3954 6148
389 248 529 316 13ῖῦ

1653 257 1967 320 LEONTII
2007 256 2379 316 BYZANTIN
2389 257 2413 316 Ι

3537 254 3687 319 1376

385 374 440 419 et
467 363 736 432 prolixam
763 363 1196 422 admonitionem
1230 373 1428 423 nactus
1453 375 1620 432 esset,
1661 384 1826 440 quam
1855 386 1884 425 a
1921 379 1971 426 te

2079 369 2300 439 μακρᾶς
2331 365 2478 420 οὕτω
2507 382 2600 418 σου
2625 365 2720 420 καὶ
2753 363 3082 434 πολυστίχου
3118 363 3406 428 νουθεσίας
3437 366 3689 437 τετύχη-

389 454 570 511 tietam
617 457 810 527 angelo
839 457 1112 512 attribuis.
1167 457 1281 514 Nec
1323 460 1472 514 enim
1512 461 1736 532 angelos
1764 462 1971 516 calum-

389 547 530 603 niari
559 564 799 612 recusas,
828 551 1048 622 quando
1078 552 1340 623 hymnum
1385 555 1564 625 angeli
1603 551 1875 623 divinum,
1915 568 1971 612 et

387 656 556 708 quem
606 641 661 694 in
724 642 942 696 laudem
982 642 1229 700 victorize
1275 645 1518 712 Christo,
1590 656 1780 718 utpote
1835 650 1971 714 Deo,

390 731 628 796 cecinit,
697 747 822 786 mox
880 747 980 803 per
1026 735 1174 790 hunc
1231 736 1634 804 admirabilem,
1683 749 1740 796 ct
1802 756 1972 812 supra

391 830 646 876 naturam
679 831 861 878 actum
895 824 1132 892 timoris,
1178 843 1308 884 vere
1345 830 1461 885 veri
1493 831 1729 899 timoris,
1774 849 1875 888 nos
1903 833 1972 888 ab

391 913 592 968 acerbo
627 923 683 970 et
706 916 914 972 crudeli
951 918 1240 974 hominum
1283 927 1516 991 tyranno
1550 933 1726 980 morte
1773 927 1975 981 libera-

389 1013 541 1072 turo,
587 1015 642 1062 tu
675 1016 930 1080 tanquam
970 1011 1162 1068 tideo
1187 1015 1426 1084 cuipiam
1460 1023 1517 1070 et
1545 1018 1879 1086 eﬂ‘eminato,
1919 1029 1976 1075 et

391 1095 614 1164 penitus
631 1099 722 1158 sui
749 1099 950 1163 amico,
995 1099 1266 1157 Salvatori
1307 1103 1375 1158 ab
1415 1106 1608 1174 angelo
1656 1107 1710 1160 in
1749 1109 1972 1164 modum

391 1188 788 1244 consolationis
811 1183 1122 1246 adhibitum
1145 1209 1266 1249 esse
1291 1195 1481 1251 insane
1518 1207 1572 1252 et
1609 1198 1783 1254 delire
1811 1200 1971 1257 dicis.

391 1275 529 1330 Illud
575 1279 766 1332 enim:
819 1280 1083 1350 Apparuit
1136 1283 1354 1354 angelus
1406 1285 1618 1340 Domini
1675 1291 1974 1359 confortans

392 1367 616 1432 eum“,
678 1375 790 1422 tum
853 1371 947 1425 alii
989 1372 1178 1429 Patres
1226 1375 1522 1443 dixerunt,
1573 1389 1686 1434 tum
1743 1381 1976 1453 Cyprius

391 1473 580 1524 senex,
616 1458 882 1530 Apparuit
903 1462 1134 1534 hymnos
1161 1482 1384 1531 canens,
1414 1477 1470 1524 et
1499 1469 1682 1526 divina
1719 1475 1972 1544 loquens.

391 1548 462 1603 Et
485 1549 554 1604 ad
587 1551 968 1620 probationem
1007 1556 1169 1626 hujus
1199 1561 1680 1630 contemplationis
1703 1565 1976 1634 produxe-

391 1648 545 1704 runt,
597 1642 742 1712 quod
781 1643 992 1716 Moyses
1020 1661 1050 1700 a
1098 1648 1208 1703 Deo
1234 1650 1490 1706 eruditus
1533 1652 1587 1706 in
1641 1671 1838 1726 magno
1883 1659 1976 1714 illo

2072 475 2194 523 κεν,
2225 459 2293 529 ἢν
2339 459 2404 511 σὺ
2458 456 2848 528 περιπλάττων
2903 455 2983 526 τῷ
3039 455 3259 527 ἀγγέλῳ
3315 458 3684 527 προσνέμεις.

2073 550 2211 604 Οὐδὲ
2241 551 2352 621 γὰρ
2386 548 2654 618 ἀγγέλους
2687 551 3051 618 συκοφαντεῖν
3083 551 3350 620 παραιτῇ,
3386 551 3552 603 ὁπότε
3584 549 3690 602 τὶν

2075 628 2391 712 θεολογικὸν
2435 642 2531 696 τοῦ
2578 642 2816 711 ἀγγέλου
2869 641 3066 712 ὕμνον,
3105 644 3202 696 καὶ
3261 643 3356 697 τὸν
3403 643 3689 696 ἐπινίκιον

2073 735 2133 788 ὃν
2161 731 2263 808 ᾖσε
2293 733 2371 805 τῷ
2402 733 2626 806 Χριστῷ
2669 727 2758 788 οἶα
2801 733 2941 802 Θεῷ,
2991 733 3116 788 ὅσον
3173 734 3393 788 οὐδέπω
3433 733 3526 786 διὰ
3573 731 3688 786 τοῦ

2076 823 2384 895 θαυμασίου
2414 823 2608 878 τούτου
2629 824 2727 876 καὶ
2754 822 3073 894 ὑπερφυοῦς
3095 825 3194 893 τῆς
3215 823 3421 887 δειλίας
3455 823 3687 894 δρᾶμα.-

2075 933 2190 980 τος,
2241 915 2507 984 ἀληθινῆς
2553 913 2725 979 ὅντως
2757 913 2963 979 δειλίας
3004 913 3100 968 τοῦ
3127 914 3271 968 κατὰ
3295 916 3385 968 τὸν
3422 914 3685 980 θάνατον,

2076 1006 2453 1078 ἐλευθεροῦντι
2505 1007 2602 1061 τοῦ
2651 1006 2852 1079 πικροῦ
2885 1007 2998 1061 τῶν
3028 1006 3335 1079 ἀνθρώπων
3363 1008 3639 1078 τυράννου
3666 1023 3682 1036 ⁸

2079 1101 2142 1153 σὺ
2173 1099 2248 1162 ὡς
2281 1099 2347 1153 ἂν
2369 1099 2530 1170 δειλῷ
2552 1118 2661 1153 τινι
2686 1099 2779 1152 καὶ
2803 1099 3056 1172 ἀνάνδρῳ
3081 1100 3177 1152 καὶ
3198 1100 3262 1153 τὸ
3285 1101 3405 1154 ὅλον
3431 1101 3691 1171 φιλαύτῳ

2075 1189 2156 1262 τῷ
2194 1192 2413 1261 Σωτῆρι
2445 1191 2551 1245 ὑπὸ
2583 1190 2682 1244 τοῦ
2725 1190 2966 1260 ἀγγέλου
3025 1191 3364 1263 γεγενῆσθαι
3417 1182 3684 1263 παραλη-

2081 1285 2214 1353 ρεῖς,
2251 1281 2615 1354 ψυχαγωγίας
2639 1283 2832 1354 τρόπῳ
2857 1283 2951 1336 καὶ
2995 1284 3366 1355 παρηγορίας.
3417 1285 3490 1338 Τὸ
3515 1284 3632 1357 γὰρ
3661 1324 3678 1352 ,

2091 1374 2316 1441 Ἑφάνη
2349 1374 2605 1444 ἄγγελος
2645 1375 2869 1444 Κυρίου
2893 1375 3201 1445 ἐνισχύων
3232 1377 3444 1438 αὑτὸν.
3486 1375 3682 1446 ὑμνῶν

2027 1485 2033 1491 ·
2077 1462 2231 1520 εἶπεν
2260 1467 2355 1520 καὶ
2401 1465 2711 1535 θεολογῶνο
2743 1466 2898 1520 ἄλλοι
2951 1466 3010 1518 τέ
3041 1483 3191 1531 τινες
3230 1467 3340 1521 τῶν
3389 1469 3679 1542 Παςςέρων,

2079 1559 2174 1611 καὶ
2216 1559 2244 1612 ὀ
2297 1558 2550 1630 Κύπριος
2571 1559 2773 1630 γέρων,
2804 1561 2832 1612 ὁ
2862 1559 3064 1628 μέγας,
3110 1560 3278 1632 φημὶ,
3327 1560 3677 1630 Ἐπιφάνιος,

2081 1651 2176 1704 καὶ
2205 1652 2284 1714 εἰς
2315 1651 2583 1705 σύστασιν
2615 1653 2716 1722 τῆς
2743 1651 2984 1722 θεωρίας
3017 1651 3227 1722 ταύτης
3258 1653 3581 1723 προήγαγον
3614 1655 3681 1708 τὸ

391 1729 608 1785 cantico
628 1731 768 1786 dixit
791 1751 804 1786 :
838 1733 908 1787 Et
929 1735 1226 1805 confortent
1254 1755 1374 1793 eum
1400 1757 1580 1796 omnes
1605 1716 1782 1813 angevli
1807 1746 1971 1802 Dei“.

2081 1743 2138 1794 ἐν
2166 1744 2233 1812 τῇ
2265 1743 2476 1815 μεγάλῃ
2507 1743 2620 1814 ᾠδῇ
2779 1716 3026 1815 θεοσόφῳ
3084 1716 3314 1814 Μωῦσῇ-
3359 1716 3676 1816 είρημένον,

391 1820 462 1876 Ut
484 1833 670 1876 autem
703 1833 758 1878 tu
794 1825 962 1895 impie
991 1826 1150 1894 diois,
1187 1844 1326 1898 opus
1358 1832 1440 1885 illi
1461 1832 1568 1887 fuit
1593 1834 1754 1906 longa
1783 1851 1980 1892 conso-

389 1911 596 1970 latione
625 1919 825 1988 angeli,
859 1919 954 1989 qui
987 1921 1226 1976 animam
1275 1923 1479 1979 Christi
1535 1927 1730 1983 timore
1783 1931 1979 1987 mortis

389 2003 703 2076 absorptam
729 2017 786 2064 et
810 2011 1032 2066 tristitia
1065 2023 1414 2082 prostratam,
1451 2018 1705 2073 celeriter
1739 2021 1979 2092 erigeret

389 2102 446 2147 et
481 2107 779 2166 recrearet,
830 2111 950 2156 erat
995 2103 1144 2158 enim
1183 2103 1237 2158 in
1269 2121 1484 2162 summo
1523 2109 1880 2181 discrimine;
1921 2124 1978 2170 et

389 2187 578 2240 omnia
606 2187 658 2241 in
703 2205 772 2244 eo
796 2202 958 2248 erant
1005 2194 1208 2266 agitata
1235 2205 1291 2252 et
1338 2211 1615 2268 quassata.
1672 2204 1828 2260 Falsa
1862 2207 1978 2264 haec

387 2291 508 2332 esse
541 2279 682 2335 dicis
705 2297 938 2354 ;magno
958 2284 1062 2340 hoc
1085 2289 1370 2354 emissem,
1396 2293 1692 2364 magnique
1709 2298 1978 2354 aestimas-

389 2382 526 2423 sem.
545 2371 704 2426 Nune
724 2383 907 2430 autem
941 2384 1110 2434 testes
1143 2389 1270 2434 sunt
1294 2384 1556 2450 praeclara
1578 2395 1635 2440 et
1653 2387 1976 2445 admiranda

390 2467 484 2516 tua
519 2467 824 2520 certamina
848 2476 1042 2524 contra
1065 2470 1499 2530 incarnationem
1527 2477 1725 2545 Verbi;
1761 2481 1974 2538 etbella

389 2553 514 2607 l’ieta
545 2554 768 2623 quidem
794 2568 850 2612 et
880 2558 1140 2616 simulata
1177 2573 1370 2618 contra
1397 2565 1688 2623 ltmretieos
1712 2571 1975 2626 adversa-

389 2641 522 2709 rios,
551 2661 680 2700 vere
703 2656 887 2703 autem
927 2660 1120 2706 contra
1156 2654 1448 2711 veritatem
1487 2671 1773 2730 suscepta;
1809 2679 1973 2732 quam

389 2749 514 2789 eum
549 2750 866 2808 Oppugnare
892 2743 1237 2812 propositum
1258 2746 1358 2800 tibi
1379 2758 1546 2814 esset,
1584 2759 1640 2806 et
1659 2764 1973 2825 susceptum

389 2825 583 2897 perﬁci
609 2843 720 2882 non
759 2845 920 2900 posse
962 2848 1342 2904 cognosceres,
1397 2840 1812 2912 inscriptionem
1843 2848 1971 2905 beili

389 2925 584 2972 contra
609 2919 899 2976 veritatem
925 2923 1287 2996 inscriptione
1312 2929 1437 2984 belli
1462 2943 1654 3002 contra
1688 2937 1974 2996 haereticos

2079 1831 2627 1900 Ἐνισχυσάτωσαν
2671 1831 2862 1886 αὑτὸν
2921 1830 3150 1900 πάντες
3202 1832 3449 1902 ἄγγελοι
3499 1835 3676 1890 Θεοῦ.

2093 1921 2180 1984 Ὡς
2205 1921 2262 1974 δὲ
2289 1921 2354 1975 σὺ
2378 1921 2622 1989 ἀσεϐεῖς,
2658 1922 2758 1992 τῆς
2797 1923 3018 1992 μακρᾶς
3061 1922 3258 1992 ἐδέησε
3308 1922 3405 1978 τοῦ
3437 1924 3677 1993 ἀγγέλου

2081 2012 2448 2084 παρηγορίας,
2481 2016 2992 2068 καταπεπτωκυῖαν
3029 2017 3095 2086 τῇ
3129 2014 3278 2088 λύπῃ
3301 2018 3397 2070 καὶ
3427 2035 3678 2074 καταπο-

2080 2107 2270 2162 θεῖσαν
2298 2107 2392 2160 τοῦ
2424 2107 2661 2179 Χριστοῦ
2711 2107 2812 2179 τὴν
2867 2107 3071 2180 ψυχὴν,
3120 2111 3187 2164 ὲκ
3237 2109 3333 2164 τοῦ
3391 2111 3534 2165 κατά
3582 2112 3680 2168 τὸν

2079 2198 2310 2253 θάνατον
2337 2199 2494 2262 δέους
2531 2201 2838 2270 ἀναστῆσαι
2875 2201 3224 2267 σπεύδοντος.
3269 2202 3533 2258 Κίνδυνον
3563 2204 3679 2276 γὰρ

2076 2287 2192 2362 εἶχε
2217 2290 2308 2344 τὸν
2339 2290 2592 2362 ἔσχατον,
2657 2291 2779 2346 τόδε
2832 2293 2895 2346 τὸ
2942 2295 3051 2348 πᾶν
3103 2295 3194 2348 ἐπ’
3254 2296 3403 2368 αὐτῷ
3451 2297 3680 2352 σαλευό-

2081 2400 2264 2454 μενον.
2294 2383 2480 2457 Ψευδῆ
2505 2383 2682 2439 ταῦτα
2714 2382 2856 2440 εἶναι
2887 2387 3000 2459 φής
3031 2404 3044 2418 ·
3078 2387 3281 2442 πολλοῦ
3319 2407 3385 2458 γε
3416 2390 3482 2464 δὴ
3527 2391 3676 2446 τοῦτ’

2075 2473 2142 2528 ἂν
2171 2475 2551 2547 ἐτιμησάμην.
2584 2475 2700 2531 Νῦν
2743 2477 2803 2532 δὲ
2833 2478 2886 2532 οἱ
2933 2477 3244 2548 θαυμαστοὶ
3286 2482 3384 2536 καὶ
3427 2481 3674 2554 λαμπροί

2078 2583 2172 2620 σου
2205 2566 2422 2635 ἀγῶνες
2451 2567 2594 2623 κατά
2620 2569 2720 2640 τῆς
2775 2569 2870 2623 τοῦ
2898 2569 3038 2624 Θεοῦ
3087 2573 3267 2642 Λόγου
3324 2574 3677 2646 ἐνανθρωπή-

2078 2675 2236 2725 σεως,
2309 2659 2406 2714 καὶ
2433 2660 2483 2714 οἱ
2515 2660 2898 2732 πεπλασμένοι
2932 2663 3034 2733 μὲν
3061 2664 3208 2718 κατά
3237 2664 3347 2718 τῶν
3379 2665 3677 2720 ἀντιθέτων

2075 2751 2376 2823 αἱρετικῶν
2421 2753 2673 2824 πόλεμοι,
2731 2755 2879 2809 κατά
2932 2755 2989 2809 δὲ
3044 2757 3146 2829 τῆς
3195 2758 3457 2829 ἀληθείας
3504 2761 3674 2824 ὅντως

2076 2845 2567 2916 στρατευσάμενοι,
2601 2845 2668 2918 ἣν
2698 2847 2892 2917 ἐπειδὴ
2946 2848 3257 2918 πολεμῆσαι
3308 2851 3671 2928 προθέμενος,

2074 2935 2374 2990 ἀδυνατοῦν
2412 2954 2496 2990 σοι
2529 2937 2836 3007 ἐγίνωσκες
2865 2939 2922 2992 τὸ
2953 2940 3283 3010 ἐγχείρημα,
3328 2941 3668 3013 ἐπίγραμμα

393 3011 768 3064 commutasti.
819 3011 936 3070 lmo
981 3013 1038 3071 e't
1074 3017 1434 3076 deliramenta
1480 3031 1573 3079 tua
1621 3037 1814 3084 contra
1862 3031 1971 3087 Ma-

2077 3027 2172 3081 τοῦ
2204 3029 2328 3082 κατ’
2360 3029 2536 3100 αὐτῆς
2577 3029 2834 3101 πολέμου,
2885 3029 2943 3082 τὸ
2997 3030 3140 3084 κατά
3193 3029 3303 3083 τῶν
3361 3032 3666 3102 αἰρετικῶν

390 3101 822 3173 ειιεαιοςμΞ-ὄὲ)
850 3104 967 3162 haec
993 3107 1308 3176 przedieant,
1332 3121 1387 3166 et
1427 3114 1652 3185 reliqum
1688 3119 1836 3174 falsae
1870 3129 1975 3177 tuae

393 3192 804 3263 Seripturarum
822 3199 1202 3257 enat-rationes
1225 3221 1238 3256 :
1257 3220 1528 3274 nusquam
1548 3209 1696 3263 enim
1718 3227 1825 3266 non
1846 3225 1976 3272 sunt

392 3285 482 3341 isti
511 3285 588 3341 tui
627 3287 940 3346 admirandi
985 3292 1204 3350 labores
1242 3299 1570 3369 pervulgati,
1608 3303 1703 3372 qui
1737 3319 1768 3358 a
1807 3307 1974 3363 Paulo

391 3376 614 3445 qui'lem
639 3378 1009 3437 Samosatensi
1051 3393 1232 3440 ortum
1262 3387 1568 3454 duxerunt,
1609 3409 1708 3463 per
1751 3395 1975 3468 interjee

391 3477 510 3522 etos
534 3485 664 3524 vero
683 3471 750 3526 ad
763 3473 1063 3530 Diodorum
1088 3491 1478 3548 pervenerunt,
1499 3485 1600 3554 qui.
1621 3487 1720 3542 tibi
1747 3487 1851 3559 [uit
1866 3507 1974 3544 ma-

391 3561 571 3616 lorum
605 3571 825 3620 tuorum
859 3567 989 3624 dux.
1015 3568 1107 3626 Sic
1133 3581 1316 3635 autem
1341 3584 1444 3630 ate
1467 3577 1735 3634 elabo’rati
1757 3589 1813 3637 et
1839 3585 1970 3640 culti

392 3664 541 3718 sunt,
573 3663 628 3710 et
663 3664 868 3713 tantam
899 3661 1336 3733 magnitudinem
1370 3666 1692 3726 incrementi
1739 3689 1973 3746 accepe-

391 3758 540 3808 runt.
575 3759 636 3804 ut.
675 3757 802 3806 tuus
843 3751 1187 3824 largissimus
1223 3756 1426 3814 ﬂuvius
1472 3761 1681 3819 fontem
1737 3767 1968 3838 impium

390 3839 624 3908 aperiat.

461 4059 747 4118 XXXVIII.
804 4065 976 4121 Rivus
1025 4067 1129 4123 fuit
1177 4085 1207 4124 a
1259 4069 1408 4126 fonte
1463 4074 1697 4141 ductus,
1733 4089 1788 4134 et
1822 4079 1967 4137 fossa

389 4161 640 4224 angusta,
677 4171 801 4225 qum
831 4172 939 4210 non
999 4159 1177 4228 potuit
1219 4177 1417 4233 capere
1455 4175 1623 4222 totam
1667 4173 1968 4240 impietatis

391 4250 497 4298 tute
529 4241 848 4309 ﬂuxiencm,
881 4246 1186 4305 Nestorius.
1220 4251 1288 4306 Et
1317 4254 1362 4307 si
1398 4256 1576 4324 potuit
1606 4273 1826 4329 capere,
1852 4279 1966 4320 non

2079 3120 2440 3191 προέγραψας
2497 3121 2856 3193 πρόγραμμα.
2926 3120 3088 3174 Ἀ).λά
3138 3122 3232 3175 καὶ
3260 3123 3329 3177 τὰ
3359 3123 3500 3178 κατά
3528 3125 3650 3178 Μα-

2076 3213 2350 3279 γουσαίων
2381 3212 2522 3284 ληρή
2535 3231 2704 3284 ματα,
2735 3212 2909 3268 ταῦτα
2935 3212 3323 3285 κηρύττουσιν,
3355 3215 3414 3268 αϊ
3444 3231 3506 3268 τε
3540 3214 3658 3268 λοι-

2077 3303 2178 3356 παὶ
2199 3303 2310 3358 τῶν
2342 3304 2580 3375 Γραφῶν
2606 3303 3020 3376 παρεξηγήσεις
3049 3319 3064 3334 ·
3101 3305 3163 3358 οὖ
3192 3303 3303 3374 γάρ
3344 3305 3492 3358 ἐστιν
3529 3306 3664 3359 ὅπου

2079 3394 2154 3466 μὴ
2176 3396 2350 3449 ταῦτα
2379 3396 2489 3450 τῶν
2515 3396 2844 3468 θαυμασίων
2873 3414 2968 3450 σου
3005 3397 3189 3452 πόνων
3225 3395 3666 3468 διατεθρύληται,

2075 3487 2184 3540 ἀπὸ
2215 3487 2312 3558 μὲν
2342 3487 2558 3542 Παύλου
2583 3487 2676 3541 τοῦ
2726 3489 3064 3558 Σαμοσάτων
3109 3487 3419 3559 ἀρξάμενα,
3477 3487 3566 3542 διὰ
3611 3488 3671 3542 δὲ

2069 3578 2180 3630 τῶν
2203 3580 2259 3632 ὲν
2297 3579 2448 3650 μέσῳ
2483 3581 2564 3642 εἰς
2585 3581 2853 3652 ᾼιόδωρον
2907 3581 3351 3650 καταντήσαντα,
3395 3579 3546 3642 ὅστις
3585 3596 3668 3633 σοι

2072 3668 2181 3720 τῶν
2213 3667 2402 3722 κακῶν
2435 3669 2640 3722 τούτων
2673 3668 2900 3738 γέγονεν
2933 3669 3162 3740 ἡγεμών
3183 3711 3196 3734 ,
3231 3669 3378 3723 οῦτω
3406 3669 3463 3722 δὲ
3491 3681 3668 3738 γεωρ-

2071 3757 2316 3828 γηθέντα
2341 3759 2494 3831 παρά
2524 3760 2642 3835 σοῦ,
2673 3760 2771 3814 καὶ
2804 3760 3066 3814 τοσοῦτον
3101 3761 3524 3832 προσλαϐόμενοι
3577 3761 3668 3830 μέν

2070 3849 2252 3918 γεθος,
2285 3851 2360 3916 ὡς
2402 3851 2743 3922 ὲπικαλύψαι
2797 3853 2898 3924 τὴν
2947 3853 3109 3907 ἄθεον
3158 3855 3363 3927 πηγὴν,
3429 3853 3520 3908 τὸν
3575 3853 3667 3908 σὺν

2068 3943 2264 4012 δαψιλῆ
2289 3944 2540 4016 ποταμόν
2551 3984 2564 3998 .

2139 4077 2268 4134 AH'.
2304 4077 2403 4140 Σὸς
2429 4077 2486 4132 δὲ
2517 4075 2743 4147 γέγονεν
2774 4077 2930 4140 ὁλκός
2959 4095 3021 4132 τε
3067 4079 3162 4132 καὶ
3223 4078 3424 4150 διώρυξ
3479 4078 3660 4149 στενὴ,

2074 4169 2170 4224 καὶ
2191 4169 2290 4240 οὐχ
2326 4169 2448 4222 ὅλον
2478 4187 2568 4223 σου
2599 4168 2894 4240 δυνηθεῖσα
2938 4169 3189 4239 χωρῆσαι
3253 4173 3354 4241 τῆς
3412 4169 3663 4236 ἀσεϐείας

2067 4261 2128 4314 τὸ
2161 4261 2364 4331 ῥεῦμα,
2397 4261 2723 4332 Νεστὸριος.
2769 4262 2830 4315 Εἰ
2881 4261 2940 4316 δὲ
2988 4263 3084 4316 καὶ
3125 4263 3374 4333 χωρῆσαι
3422 4263 3663 4334 ἴσχυσεν,

391 4341 571 4390 tamen
605 4335 832 4400 audere,
863 4346 920 4392 et
943 4338 1126 4395 fontes
1163 4348 1286 4398 tuos
1307 4345 1565 4402 omnibus
1582 4349 1962 4419 profundere;

391 4438 496 4448 ...Α-
562 4425 778 4448 ---2.I_...
843 4427 1053 4448 _2_-4:A2,_
1112 4431 1195 4448 ,,,I
1286 4441 1296 4448 .
1344 4433 1377 4448 ,ο
1675 4440 1687 4448 .
1865 4442 1876 4448 -

2077 4353 2184 4406 ἀλλ’
2216 4353 2316 4407 οὐκ
2350 4353 2450 4424 ἤδη
2487 4353 2582 4407 καὶ
2645 4353 3160 4426 παρρησιάσασθαι,
3210 4356 3306 4410 καὶ
3347 4357 3485 4409 πᾶσι
3532 4373 3666 4426 προ-

389 4438 500 4478 non
557 4425 782 4495 quidem
843 4427 1062 4498 pigritia
1109 4431 1432 4500 voluntatis,
1467 4440 1744 4495 excusabo
1787 4442 1957 4509 enim,

2067 4444 2187 4515 χέαι
2219 4445 2289 4498 τὰ
2321 4446 2388 4498 σὰ
2438 4446 2548 4498 τῶν
2605 4445 2970 4516 βλασφημιῶν
3015 4445 3262 4516 νάματα,
3318 4447 3381 4498 οὗ
3438 4445 3667 4516 γνώμης

387 4515 484 4570 sed
507 4517 636 4588 quia
660 4534 772 4573 non
807 4519 1248 4578 habebatloeum
1283 4537 1514 4596 propter
1545 4531 1958 4590 multitudinem

2077 4533 2302 4606 Βαθυμία
2330 4515 2768 4608 (ἀπολογήσομαι
2797 4515 2957 4608 γὰρ),
3019 4535 3158 4590 ἀλλά
3203 4535 3284 4607 τῷ
3346 4515 3666 4590 στενοῦσθαι

387 4607 676 4667 hominum
713 4627 824 4681 qua
855 4624 977 4669 erat
1033 4617 1404 4686 constipatus.
1437 4617 1517 4674 Tu
1538 4637 1669 4678 vero
1691 4626 1818 4694 quia
1843 4637 1964 4684 erat

2077 4631 2169 4690 τοῖς
2201 4627 2480 4698 πλήθεσιν.
2512 4607 2684 4693 Αύτος
2716 4629 2815 4700 μὲν
2831 4629 2940 4700 γὰρ
2959 4628 3084 4683 καθ’
3105 4629 3342 4699 ἡσυχίαν
3358 4631 3421 4699 τῇ
3440 4629 3598 4681 ἀσεϐε
3609 4629 3670 4701 ια

385 4701 488 4757 tibi
532 4704 754 4774 quietus
800 4721 929 4761 eum
960 4705 1244 4777 impietate
1277 4711 1592 4778 convictus,
1625 4723 1801 4772 totum
1842 4720 1963 4791 ejus

2077 4723 2472 4792 τυγγινὸμενος,
2525 4723 2646 4776 ὅλον
2679 4721 2851 4793 αὐτῆς
2909 4721 3249 4785 ὲκπέπωκας
3295 4719 3389 4774 τὸν
3453 4722 3663 4791 ὀχετόν.

385 4793 567 4849 rivum
606 4796 854 4852 ebibisti.
881 4798 976 4852 Ille
1009 4807 1197 4854 autem
1231 4811 1526 4872 postquam
1553 4823 1727 4863 unum
1767 4825 1832 4864 ex
1866 4819 1962 4867 tuo

383 4901 545 4941 coeno
560 4896 616 4942 et
633 4904 698 4942 ex
716 4889 1130 4948 tuislutulentis
1151 4891 1502 4964 dogmatibus
1523 4899 1809 4970 rejectum,
1831 4919 1960 4959 sua-

385 4976 480 5042 sit,
499 4977 604 5032 sibi
625 4979 681 5033 in
697 4995 994 5036 commune
1021 4987 1332 5054 proposuit,
1356 4998 1412 5042 et
1427 4989 1602 5044 solam
1620 5007 1811 5046 vocem
1832 4993 1960 5047 Θεο-

385 5067 562 5134 τόκον,
592 5069 646 5124 id
669 5080 754 5125 est
782 5071 1095 5143 Deiparam,
1124 5078 1436 5161 prohibuit,
1477 5081 1780 5139 artificiose
1828 5101 1972 5142 con-

457 5269 500 5302 ³⁹
535 5267 667 5326 Luc.
697 5287 830 5335 xm,
865 5273 954 5327 45.
1032 5275 1077 5308 ⁸ο
1105 5276 1266 5332 Deut.
1304 5295 1471 5346 xxx",
1507 5281 1575 5336 43
1614 5298 1727 5340 sec.
1761 5284 1926 5340 LXX.

462 5468 554 5526 (49.
585 5467 894 5545 5‘2)_Coptra
915 5470 1227 5545 Magrtsa’os.
1249 5475 1451 5532 Suidas
1483 5479 1674 5545 verbo,
1709 5480 1886 5537 Persa?
1917 5492 1966 5537 et

389 5537 600 5621 ᾔσθου,
637 5537 712 5621 ait
767 5541 968 5621 [forsas
1003 5537 1367 5621 dictos___esse
1403 5537 1741 5621 ‘lllaguszeos.
1798 5554 1966 5610 Intel-

389 5607 512 5680 ligi't
547 5607 753 5670 'autem
777 5611 1040 5672 Leontius
1063 5622 1174 5674 tres
1195 5616 1366 5676 libros
1399 5607 1676 5680 Theodori
1707 5607 1969 5699 ῐιερῖτῆς

2074 4810 2312 4878 Ἐκεῖνος
2343 4814 2399 4868 δὲ
2435 4815 2626 4887 ἐπειδὴ
2665 4815 2724 4867 ἓν
2756 4831 2812 4866 τι
2849 4814 2959 4868 τῶν
2992 4813 3102 4867 σῶν
3150 4813 3294 4883 ἄρας
3335 4813 3665 4884 ἀμαρευμά-

2065 4921 2175 4958 των
2217 4905 2505 4970 σκύϐαλον,
2565 4909 2649 4970 εἰς
2695 4906 2756 4960 τὸ
2806 4905 2986 4960 κοινὸν
3043 4905 3360 4978 προῦτεινε,
3420 4905 3514 4958 καὶ
3563 4905 3666 4975 τὴν

2070 4999 2360 5064 Θεοτόκος
2416 4997 2601 5069 φωνὴν
2659 4998 3014 5069 ἀπηγόρευσε
3079 4997 3272 5068 μόνην,
3335 4996 3661 5068 εὐμηχάνως

2070 5087 2170 5158 μὲν
2196 5089 2335 5160 πρὸς
2357 5089 2454 5154 τὰς
2482 5091 2658 5163 ἀρχὰς
2686 5091 2786 5162 τῆς
2817 5089 3078 5160 ἀληθείας
3105 5089 3414 5160 ἱστάμενος,
3461 5089 3553 5143 καὶ
3590 5090 3658 5160 τῇ

2075 5485 2132 5568 Eo
2156 5485 2374 5556 Περσίδι
2406 5490 2677 5568 μαγικῆςκ
2707 5486 2785 5568 De
2819 5485 3004 5556 Magia
3033 5487 3088 5539 in
3104 5484 3326 5540 Perside
3361 5483 3662 5568 {ipsosque

2076 5551 2269 5629 Persas
2295 5551 2505 5629 magos
2531 5551 2793 5629 nominat
2833 5551 3179 5629 magusa'osj
3215 5551 3468 5610 meminit
3497 5551 3664 5627 hujus

2078 5626 2261 5699 operis
2290 5625 2520 5687 Photius
2544 5627 2598 5684 in
2632 5643 2731 5686 sua
2756 5625 3101 5684 Bibliotheca.
3133 5625 3269 5682 Tun.
