3888 6168
294 341 449 412 1377

1299 353 1466 416 ADV.
1503 337 2215 417 INCORRUPTICOLAS
2248 357 2342 418 ET
2383 357 2703 418 NESTOR.

3473 357 3608 422 1378

290 465 518 539 πρώτῃ
556 467 666 523 τοῦ
691 469 824 523 Θεοῦ
856 467 1014 540 ἡμῶν
1065 467 1208 522 κατὰ
1261 469 1444 540 σάρκα
1495 471 1773 542 γεννήσει,
1823 473 1914 546 τὴν

2032 483 2116 530 tra
2162 477 2322 532 initia
2368 476 2620 532 veritatis
2658 475 2923 531 insistens
2947 515 2960 541 ,
2986 483 3044 531 et
3073 473 3252 544 primo
3287 475 3384 530 Dei
3426 479 3608 533 nostri

292 555 503 610 πᾶσαν
563 557 705 630 ἑξῆς
757 559 999 631 ἀναιρῶν
1051 557 1146 614 τοῦ
1210 561 1513 631 μυστηρίου
1583 562 1922 619 ἀκολουθίαν.

292 643 520 718 ’Ὅμως
548 650 602 704 δ’
633 645 729 705 οὖν
754 651 870 720 ἥλω
895 650 990 704 καὶ
1015 651 1116 722 τὴν
1148 651 1386 721 ἐσχάτην
1418 651 1564 706 ἔτισε
1595 653 1774 725 δίκην,
1821 655 1926 722 ἔξω

292 735 462 790 θείου
505 741 689 814 χοροῦ
723 741 863 813 μετά
887 741 996 796 τῶν
1025 741 1393 814 ἀσεϐημάτων
1425 735 1500 796 ὧν
1561 745 1626 797 ὲκ
1678 745 1772 806 σού
1830 761 1925 813 γε-

290 821 666 894 γεὼργηκεν
714 827 1033 893 ἀπελαθεὶς,
1063 829 1157 883 καὶ
1184 830 1285 899 τὴν
1314 829 1472 894 ἀξίαν
1497 831 1786 893 ἀντέκτισε
1815 833 1925 889 τῶν

293 913 422 966 σῶν
465 917 827 988 μαθημάτων
867 921 1082 990 ποινήν.
1157 921 1399 994 Ἀπὸχρη
1455 925 1552 978 καὶ
1605 925 1778 979 ταῦτα
1827 927 1924 998 τὴν

292 1008 510 1062 πᾶσαν
540 1011 643 1064 τοῦ
675 1011 871 1083 ἀνδρὸς
904 1015 1260 1090 παραστῆσαι
1289 1016 1572 1082 ἀσέϐειαν,
1610 1017 1670 1082 ἐξ
1714 1018 1920 1089 ὄνυχος,

292 1093 328 1171 ᾗ
356 1117 541 1169 φασι,
586 1103 985 1158 ὑποδεικνύντα
1017 1105 1110 1158 τὸν
1141 1107 1356 1164 λέοντα.
1403 1107 1464 1160 Εἰ
1491 1107 1548 1160 δέ
1585 1125 1670 1172 τις
1703 1110 1925 1162 ἀπιστεῖ

287 1191 562 1259 τούτοις,
592 1196 688 1248 καὶ
713 1195 822 1266 γὰρ
851 1195 1019 1259 ὅντως
1047 1197 1186 1250 είσὶν
1219 1197 1479 1261 ἀπιστίας
1529 1200 1678 1262 ἀξια,
1723 1200 1816 1253 καὶ
1859 1201 1920 1252 ού

297 1282 630 1355 μέμφομαι
679 1287 774 1340 τοῦ
816 1288 1023 1352 πάθους
1071 1289 1414 1343 δικαιοτάτου
1475 1308 1539 1358 γε
1584 1291 1758 1354 ὄντος.
1801 1293 1922 1344 ἐπεὶ

292 1373 365 1426 τ’)
405 1377 494 1447 μὴ
534 1378 930 1436 ἀπιστεῖν.τῶν
973 1379 1234 1433 τοιούτων
1280 1380 1469 1434 κακῶν
1509 1383 1610 1434 οὐκ
1663 1383 1895 1452 ἄμοιρον

297 1464 551 1538 ὲλέγχει
581 1470 673 1524 τὸν
709 1471 911 1542 ῥαδίως
935 1472 1322 1527 πιστεύσαντα.
1359 1473 1434 1526 Τὸ
1464 1473 1575 1545 γὰρ
1605 1475 1685 1537 εἰς
1711 1491 1920 1541 συγκα-

293 1560 559 1614 τάθεσιν
592 1563 834 1634 ἕτοιμον,
870 1566 964 1618 καὶ
992 1567 1073 1628 εἰς
1106 1568 1304 1637 πεῖραν
1348 1568 1720 1634 ἑτοιμότατον.
1780 1567 1920 1619 Ἀλλ’

295 1651 471 1722 ἡμᾶς
503 1669 576 1722 γε
605 1656 639 1725 ἡ
665 1657 852 1727 πεῖρα,
883 1657 952 1728 ἦν
981 1674 1041 1710 τε
1073 1659 1134 1710 ὲκ
1165 1657 1271 1711 τῶν
1300 1656 1500 1726 βίϐλων
1533 1657 1698 1711 αὑτοῦ
1739 1657 1920 1710 συνει-

295 1741 602 1815 λέγμεθα,
628 1747 721 1800 καὶ
745 1747 810 1820 ἢν
834 1749 899 1800 ὲκ
921 1748 1030 1802 τῶν
1053 1747 1359 1820 ζηλούντων
1383 1750 1544 1804 αὐτὸν
1569 1749 1916 1820 ἀκηκόαμεν.

295 1833 586 1892 ἀπιστεῖν
635 1840 738 1894 οὐκ
788 1842 1102 1912 ἐπιτρέπει,
1139 1841 1340 1911 καίπερ
1370 1842 1677 1907 ἐθέλοντας.
1711 1842 1834 1904 Πῶς
1863 1843 1920 1895 δὲ

1955 1813 1992 1866 Β

2029 566 2337 621 secundum
2387 582 2610 622 carnem
2641 573 2794 634 ortu,
2831 575 3002 621 totam
3050 565 3312 636 deinceps
3356 569 3605 643 mysterii

2029 657 2480 712 consecutionem
2529 657 2844 712 destruens.
2897 649 3102 727 Captus
3149 667 3335 713 tamen
3386 669 3504 726 est;
3550 669 3610 715 et

2027 761 2306 800 summum
2359 747 2696 816 supplicium
2745 747 2955 804 subivit
3001 751 3212 820 ejectus
3239 765 3306 805 ex
3343 761 3488 806 coztu
3521 750 3610 806 dio

2025 837 2156 891 vino
2178 853 2304 892 cum
2343 837 2742 907 impietatibus,
2767 841 2826 893 in
2859 839 3065 909 quibus
3085 856 3116 894 a
3149 851 3201 896 te
3225 843 3462 912 sumptis
3485 843 3607 896 cul-

2026 931 2115 978 tus
2153 925 2276 994 ejus
2329 925 2679 982 elaboravit:
2716 943 3018 998 pennasque
3053 929 3326 984 doctrinis
3377 931 3486 986 tuis
3515 931 3605 985 di-

2024 1031 2160 1084 gnas
2194 1013 2644 1085 persolvit.Satis
2677 1027 2810 1071 sunt
2839 1018 2958 1072 haec
2987 1018 3054 1073 ad
3089 1023 3602 1090 repraesentandum

2024 1107 2184 1162 istius
2219 1107 2321 1161 viri
2360 1105 2728 1177 impietatem,
2767 1123 2910 1175 qum,
2947 1117 3008 1164 ut
3050 1123 3138 1165 est
3192 1113 3248 1166 in
3282 1114 3600 1183 proverbio,

2023 1213 2088 1252 ex
2155 1199 2434 1268 unguibus
2495 1199 2714 1253 leonem
2769 1198 3175 1254 demonstrant.
3211 1201 3265 1256 Si
3304 1205 3428 1272 quis
3470 1219 3603 1259 vero

2023 1289 2142 1342 haec
2197 1304 2310 1342 non
2355 1287 2554 1351 credit,
2586 1295 2718 1341 sunt
2765 1287 2914 1340 enim
2974 1303 3166 1341 revera
3199 1288 3363 1358 digna
3402 1299 3462 1344 ut
3493 1307 3603 1344 non

2022 1378 2326 1432 credantur
2353 1397 2365 1434 :
2403 1393 2510 1433 non
2547 1379 2830 1448 vitupero,
2855 1392 3038 1447 neque
3070 1379 3464 1448 queror,quod
3497 1381 3604 1435 hoc

2022 1469 2258 1528 accidat.
2283 1469 2414 1539 quia
2445 1484 2556 1524 non
2599 1469 2782 1524 videri
2834 1469 2950 1524 haec
2984 1469 3332 1524 incredibilia
3357 1473 3604 1530 ostendit

2021 1577 2146 1616 eum
2191 1563 2286 1633 qui
2321 1562 2484 1616 facile
2511 1563 2772 1629 credidit,
2808 1577 2920 1616 non
2957 1577 3078 1618 esse
3101 1573 3384 1632 expertem
3407 1564 3602 1636 hujus-

2021 1653 2171 1707 modi
2251 1653 2550 1707 malorum.
2599 1652 2756 1719 Quod
2819 1653 2970 1708 enim
3027 1661 3112 1708 est
3147 1665 3403 1723 paratum
3439 1664 3494 1710 et
3544 1657 3600 1710 in

2021 1753 2284 1814 promptu
2315 1751 2377 1798 ut
2403 1758 2687 1798 assensum
2725 1743 2947 1807 habeat,
2983 1745 3147 1798 etiam
3198 1753 3284 1800 est
3321 1746 3602 1814 paratissi—

2023 1853 2170 1892 mum
2227 1836 2296 1891 ad
2355 1837 2774 1906 experientiam.
2805 1837 2876 1892 At
2907 1851 3007 1892 nos
3049 1838 3398 1906 experientia
3433 1855 3598 1910 quam

299 1929 410 1980 καὶ
436 1929 708 1999 ἀπιστεῖν
763 1932 1058 2005 δυναίμην,
1116 1934 1227 1988 τῶν
1265 1933 1453 1988 κακῶν
1497 1935 1598 2003 τὴν
1630 1935 1828 2004 πεῖραν
1861 1935 1914 1986 ἐν

2023 1947 2086 1986 ex
2135 1929 2297 1985 libris
2333 1932 2455 2002 ejus
2488 1931 2837 2002 collegimus,
2869 1939 2924 1985 et
2955 1947 3120 2001 quam
3154 1947 3222 1987 ex
3263 1932 3332 1987 iis
3350 1933 3446 2002 qui
3469 1949 3598 1987 eum

289 2018 558 2094 ἐμαυτῷ
587 2026 736 2094 σχεῖν
758 2025 1119 2088 κινδυνεύσας
1147 2043 1163 2093 ;

2018 2021 2266 2076 studiose
2302 2021 2500 2076 imitati
2531 2032 2680 2087 sunt,
2695 2022 3157 2087 audivimus,non
3187 2024 3461 2093 permittit
3483 2039 3598 2079 non

280 2113 560 2170 credere
589 2130 714 2170 cum
741 2116 950 2186 alioqui
981 2117 1269 2172 vellemus.
1297 2116 1588 2184 Quomodo
1623 2133 1756 2173 vero
1781 2128 2004 2189 possem
2051 2129 2162 2167 non
2215 2111 2472 2178 credere,
2530 2114 2626 2184 qui
2694 2115 2967 2170 malorum
3027 2114 3476 2184 experimentum
3537 2115 3598 2171 in

283 2222 383 2262 me
409 2208 566 2280 ipso
603 2209 810 2265 habere
839 2209 994 2266 visus
1019 2211 1186 2266 sum?

367 2342 525 2398 AG'.
555 2343 618 2396 Οί
646 2341 704 2396 δὲ
734 2340 874 2413 (οὐδὲ
903 2342 1012 2412 γάρ
1038 2345 1142 2397 εἰσι
1187 2343 1362 2412 σοφοὶ,
1418 2343 1558 2414 πλὴν
1612 2346 1774 2414 μόνου
1815 2345 1909 2398 τοῦ

293 2433 697 2504 κακοποιεῖν),
722 2435 848 2487 ἐπεὶ
877 2433 952 2506 μὴ
980 2434 1234 2488 δύνανται
1268 2435 1410 2506 ὑπὲρ
1451 2436 1656 2490 τούτων
1715 2438 1914 2491 ἀπολο-

297 2524 630 2598 γήσασθαι,
690 2525 786 2580 τὸν
833 2526 1008 2597 μέγαν
1056 2528 1189 2598 ἡμῖν
1239 2527 1588 2598 προτείνουσι
1631 2528 1913 2582 Βασίλειον

302 2620 655 2690 γεγραφότα
710 2634 769 2672 τε
818 2617 1091 2708 ΔιοδώρῳΡ
1139 2619 1235 2672 καὶ
1289 2619 1693 2690 ἀποδεξάμενον
1747 2619 1943 2674 αὑτοῦ·

306 2727 442 2764 τινα
474 2708 590 2764 τῶν
622 2710 751 2780 περὶ
777 2707 1010 2780 Τριάδος
1041 2707 1442 2780 συνταγμάτων
1478 2726 1494 2742 ο
1535 2710 1596 2762 οὐ
1621 2709 1730 2782 γὰρ
1761 2711 1918 2764 ἐναν-

311 2800 669 2872 θρωπήσεως
695 2801 870 2854 εἰπεῖν
897 2799 1332 2872 ἔχουσινθᾶλλους
1356 2801 1415 2854 τέ
1449 2819 1608 2866 τινας
1653 2801 1762 2854 τῶν
1808 2801 1920 2856 Πα-

314 2891 532 2959 τέρων,
559 2888 592 2959 ἢ
623 2888 993 2958 γεγραφότας,
1021 2889 1053 2960 ἢ
1087 2891 1476 2961 μεμνημένους
1497 2889 1660 2944 αὑτοῦ
1685 2907 1917 2960 παρεισ-

318 2979 650 3036 κυκλοῦσιν.

398 3097 496 3150 Μ’.
545 3095 650 3148 Τὸν
695 3095 752 3150 δὲ
792 3094 1077 3166 Ὠριγένην
1111 3095 1172 3148 οὐ
1211 3093 1604 3165 θαυμάζουσιν,
1633 3094 1718 3148 ὅτι
1747 3097 1775 3148 ὁ
1804 3095 1915 3148 τῶν

326 3186 632 3256 θαυμάτων
672 3185 960 3256 ἐπώνυμος
994 3185 1318 3257 Γρηγόριος,
1369 3185 1460 3238 τὸν
1491 3185 1763 3256 ὲξιτήριον
1793 3203 1917 3240 συν-

325 3277 568 3339 τάττων,
615 3274 840 3345 μυρίους
867 3275 1160 3346 ἐγκωμίων
1205 3275 1458 3340 διέξεισιν
1488 3277 1567 3338 είς
1609 3275 1770 3328 αὐτὸν
1819 3275 1919 3328 κύ-

331 3365 521 3426 κλους.
558 3366 666 3417 Καὶ
688 3366 740 3417 τί
761 3365 904 3433 λέγω
947 3365 1230 3436 Ὠριγένην
1263 3383 1277 3432 ;
1323 3365 1499 3419 Ὅπου
1527 3382 1591 3434 γε
1623 3366 1718 3418 καὶ
1760 3365 1918 3418 Ἀπο-

331 3457 604 3528 λινάριος,
667 3459 696 3510 ὁ
750 3455 894 3512 κατά
951 3457 1244 3528 διάμετρον
1292 3457 1442 3528 αὐτῷ
1502 3461 1602 3528 τῆς
1664 3458 1919 3528 ἀληθείας

332 3547 701 3617 ἀποσφαλεὶς,
735 3549 938 3618 μυρίας
1000 3549 1137 3622 πρὸς
1192 3551 1354 3606 αὑτὸν
1413 3551 1703 3614 ἐπιστολάς
1757 3563 1918 3621 γεγεέ

333 3638 535 3710 νῆσθαι
576 3639 852 3710 κομπάζει
888 3640 1210 3695 Ἀθανασίου
1261 3661 1321 3696 τε
1369 3641 1465 3698 τοῦ
1530 3643 1792 3717 μεγάλου,
1823 3645 1916 3697 καὶ

333 3731 712 3802 Σαραπίωνος,
736 3731 830 3786 καί
859 3749 922 3801 γε
965 3732 1075 3787 τῶν
1125 3733 1302 3787 ἄλλων
1334 3735 1448 3788 ὅσοι
1495 3735 1614 3787 τότε
1658 3734 1916 3804 γεγόνασι

331 3819 578 3890 λαμπρώ⁹
599 3821 908 3892 φωστῆρες,
935 3821 1033 3874 καὶ
1061 3821 1160 3892 τῆς
1187 3820 1452 3891 ἀληθείας
1499 3823 1771 3895 πρόμαχοι
1799 3837 1813 3851 ·
1867 3821 1915 3874 εί

331 3911 392 3966 δέ
419 3929 505 3974 τις
531 3911 629 3982 τὴν
659 3911 790 3982 ὅλην
813 3911 950 3981 μετά
983 3915 1170 3984 χεῖρας
1215 3911 1390 3978 λάϐοι,
1451 3914 1516 3984 ἢν
1561 3915 1591 3968 ὁ
1641 3913 1912 3985 γνώριμος

345 3997 726 4072 ’Δτὲολιναρίου
779 4002 1046 4073 Τιμόθεος
1099 4004 1562 4076 ὲκκλησιαστικὴν
1628 4007 1914 4062 συντάττει

335 4093 602 4166 ἱστορίαν,
625 4093 738 4146 οὐδ’
758 4093 920 4149 ἄλλον
945 4093 1069 4148 τινά
1097 4094 1192 4148 τοῦ
1225 4095 1484 4150 τοσούτου
1519 4097 1682 4150 πόνου
1713 4100 1914 4152 σκοπὸν

333 4185 578 4256 εὑρήσει,
619 4185 760 4256 πλὴν
805 4186 904 4256 τὴν
975 4185 1350 4256 Ἀπολιναρίου
1405 4187 1686 4253 σύστασιν,
1737 4191 1805 4260 ἦν
1849 4191 1914 4244 ἐκ

337 4277 547 4348 μυρίων
603 4279 1012 4348 συγκεκρότηκε
1069 4279 1178 4332 τῶν
1236 4277 1333 4332 ἀπ’
1382 4279 1550 4332 αὑτοῦ
1585 4297 1644 4334 τε
1680 4280 1776 4334 καὶ¹
1831 4283 1914 4343 εἰς

333 4371 495 4422 αὑτὸν
523 4370 838 4440 γραφεισῶν
864 4386 923 4424 τε
948 4370 1044 4424 καὶ
1087 4369 1530 4440 ἀντιγραφεισῶν
1564 4371 1864 4425 ἐπιστολῶν
1893 4387 1908 4402 ο

1941 3145 1984 3200 C

2083 2339 2328 2394 XXXIX.
2356 2339 2453 2396 Isti
2479 2355 2612 2396 vero
2649 2339 2781 2412 (non
2827 2340 2976 2396 enim
3004 2349 3134 2397 sunt
3159 2343 3458 2414 sapientes,
3485 2345 3594 2401 nisi

2013 2433 2081 2486 ad
2137 2433 2499 2503 nocendum),
2547 2433 2675 2502 quia
2711 2449 2822 2486 non
2863 2445 3097 2504 possunt
3119 2435 3237 2490 haec
3269 2435 3590 2502 defendere,

2013 2525 2288 2596 objiciunt
2319 2525 2482 2580 nobis
2504 2541 2763 2594 magnum
2789 2525 3184 2596 Basilium,qui
3205 2526 3275 2581 ad
3294 2527 3594 2583 Diodorum

2013 2616 2324 2686 scripserit,
2345 2627 2403 2672 et
2424 2617 2677 2686 quaedam
2701 2619 2821 2688 ejus
2853 2618 2922 2672 de
2951 2618 3221 2673 Trinitate
3258 2620 3462 2690 scripta
3492 2636 3591 2691 ap-

2015 2705 2336 2776 probaverit
2363 2726 2376 2761 :
2407 2724 2519 2762 non
2553 2709 2702 2762 enim
2735 2708 2804 2763 de
2837 2707 3220 2764 incarnatione
3249 2721 3482 2780 possunt
3505 2711 3594 2766 di-

2015 2811 2176 2864 cere;
2200 2799 2468 2868 quosdam
2499 2799 2667 2854 etiam
2709 2799 2905 2855 Patres
2923 2799 3021 2870 qui
3051 2801 3119 2856 de
3147 2815 3215 2857 eo
3248 2801 3595 2873 scripserunt

2014 2897 2113 2944 aut
2149 2890 2545 2956 meminerunt,
2577 2891 3000 2948 circumferunt.

2091 3089 2205 3144 XL.
2259 3089 2550 3160 Origenem
2603 3107 2736 3147 vero
2773 3108 2885 3149 non
2932 3095 3296 3160 admirantur,
3333 3099 3591 3168 quoniam

2020 3176 2317 3248 Gregorius
2357 3181 2448 3248 qui
2487 3196 2516 3234 a
2555 3181 2838 3237 miraculis
2867 3184 3136 3239 faciendis
3165 3197 3588 3256 cognomentum

2021 3268 2198 3334 duxit,
2225 3271 2278 3324 in
2303 3271 2552 3325 oratione
2585 3288 2748 3342 quam
2777 3273 2831 3327 in
2863 3265 3108 3330 discessu
3131 3291 3234 3331 suo
3255 3281 3588 3348 composuit,

2020 3359 2267 3416 inﬁnitas
2289 3363 2482 3418 laudes
2508 3365 2630 3434 ejus
2655 3367 3029 3436 persequitur.
3053 3367 3124 3421 Et
3152 3368 3285 3438 quid
3310 3369 3436 3425 dico
3465 3369 3593 3426 Ori--

2018 3453 2721 3526 genem?Quandoquidem
2747 3456 3140 3526 Apollinarius,
3158 3461 3251 3526 qui
3273 3462 3500 3516 omnino
3524 3479 3592 3518 ex
3615 3495 3622 3501 -

2018 3539 2255 3596 adverso
2287 3543 2400 3616 (55)
2435 3545 2486 3598 ei
2523 3560 2553 3599 a
2597 3546 2832 3602 veritate
2862 3547 3162 3608 aberravit.
3199 3551 3468 3620 gloriatur
3503 3553 3590 3608 in-

2017 3633 2393 3690 numerabiles
2439 3636 2698 3706 epistolas
2731 3637 2798 3692 ad
2828 3653 2955 3692 eum
2985 3641 3221 3708 scriptas
3253 3655 3375 3697 esse
3418 3642 3593 3698 Atha-

2015 3722 2158 3778 nasii
2195 3725 2400 3795 magni,
2435 3735 2492 3781 et
2523 3725 2864 3796 Serapionis,
2898 3740 2955 3784 et
2985 3730 3243 3796 aliorum,
3269 3732 3590 3803 quicunque

2015 3812 2244 3870 fuerunt
2273 3825 2404 3872 tunc
2437 3817 2704 3888 fulgentia
2759 3820 2963 3886 sidera,
2991 3829 3050 3876 et
3092 3824 3340 3879 veritatis
3379 3841 3588 3894 propu-
3630 3812 3636 3818 ’

2015 3915 2274 3976 gnatores
2305 3916 2399 3962 :et
2431 3909 2475 3962 si
2505 3909 2632 3978 quis
2657 3909 2714 3964 in
2741 3925 2934 3967 manus
2955 3921 3138 3966 sumat
3159 3913 3588 3968 ecclesiasticam

2015 3995 2306 4052 historiam
2342 4013 2504 4068 quam
2549 3999 2876 4056 Timotheus
2914 4000 3242 4070 Apollinarii
3275 4003 3588 4073 discipulus

2014 4089 2344 4157 composuit,
2372 4091 2585 4146 nullum
2610 4092 2780 4147 alium
2808 4091 2972 4147 linem
3000 4094 3133 4147 tanti
3155 4093 3361 4148 laboris
3387 4111 3590 4164 propo-

2013 4181 2181 4236 situm
2210 4181 2317 4251 ipsi
2353 4183 2616 4250 reperiet,
2645 4199 2807 4252 quam
2847 4183 3380 4238 commendationem
3417 4187 3588 4254 Apol-

2013 4271 2219 4334 linarii,
2269 4286 2432 4340 quam
2477 4287 2544 4325 ex
2593 4287 2660 4324 eo
2704 4271 2948 4340 collegit,
2995 4273 3146 4340 quod
3179 4273 3250 4326 ab
3291 4273 3410 4343 ipso
3437 4285 3493 4328 et
3519 4276 3588 4330 ad

2015 4361 2196 4432 ipsum
2219 4361 2448 4416 infinita!
2464 4361 2712 4432 epistolae
2737 4363 2957 4430 scriptae
2978 4371 3035 4416 et
3055 4364 3335 4433 rescriptae
3365 4376 3545 4420 essent
3571 4385 3585 4420 :

333 4463 384 4512 οί
421 4459 468 4512 δ’
497 4460 650 4512 αὐτοί
677 4478 765 4529 μοι
803 4459 1023 4515 δοκοῦσι
1053 4462 1150 4516 καὶ
1195 4462 1386 4531 Δημᾶν
1433 4461 1574 4531 τάχα
1619 4464 1912 4530 συστήσειν

2023 4451 2108 4521 qui
2159 4451 2293 4504 mihi
2344 4451 2608 4506 videntur
2663 4452 2855 4506 eadem
2904 4452 3119 4507 ratione
3151 4454 3376 4508 Demam
3426 4457 3588 4512 nobis

335 4552 490 4620 ἡμῖν,
521 4550 602 4602 ὅτι
639 4551 732 4603 καὶ
761 4551 975 4614 Παῦλος
1005 4551 1170 4604 αὑτὸν
1212 4550 1507 4620 Ῥωμαίοις
1557 4553 1912 4622 συνέστηκεν,

337 4641 430 4694 καὶ
463 4641 552 4694 τδν
589 4641 789 4696 Ἰούδαν
813 4641 1128 4696 συντάττειν
1157 4642 1236 4712 τῷ
1267 4641 1412 4712 χορῷ
1441 4641 1549 4694 τῶν
1575 4642 1912 4706 ἀποστόλων,

336 4731 599 4794 πολλάκις
627 4731 703 4802 τῷ
731 4733 949 4803 Σωτῆρι
979 4733 1366 4786 συναλισθέντα
1393 4749 1406 4762 ·
1431 4732 1546 4786 ἀλλ’
1568 4733 1916 4786 άκουέτωςαν

338 4821 432 4874 καὶ
458 4821 592 4891 πρὸς
621 4823 654 4892 ἡ
665 4820 802 4891 μῶν,
832 4821 908 4884 ὡς
938 4825 986 4876 εἰ
1023 4823 1268 4893 μέλλοιεν
1320 4822 1420 4886 τὰς
1459 4823 1595 4894 πρός
1621 4839 1776 4884 τινας
1804 4823 1913 4876 τῶν

339 4911 599 4982 ΙΙατέρων
628 4913 1023 4984 γεγραμμένας
1052 4911 1363 4979 ἐπιστολὰς,
1395 4913 1500 4984 πρὸ
1525 4911 1625 4980 τῆς
1655 4909 1914 4983 ἀληθείας

339 5000 628 5063 αἰδεῖσθαι,
661 5001 721 5053 οὐ
771 4999 1046 5068 Θεόδωρον
1083 5001 1118 5071 ἢ
1154 5001 1420 5072 Διόδωρον
1451 5001 1634 5070 μόνον,
1659 4999 1796 5052 άλλά
1822 5001 1916 5054 καὶ

340 5091 534 5155 ἄλλους
582 5093 834 5156 πολλοὺς,
873 5093 970 5146 καὶ
996 5091 1090 5155 οὒς
1115 5090 1224 5144 οὐδ’
1250 5093 1404 5146 αὐτοὶ
1431 5091 1732 5163 βούλονται,
1773 5108 1916 5162 συμ-

339 5183 748 5256 παραδέχεσθαι
772 5183 1180 5254 βιασθήσονται.

409 5260 546 5332 MA'.
573 5272 699 5330 Οἷον
719 5276 776 5330 δὲ
803 5275 986 5331 αὐτῶν
1009 5275 1232 5329 κάκεῖνο
1253 5291 1268 5304 ο
1314 5275 1430 5344 Ἐφ’
1465 5271 1546 5340 οἷς
1573 5275 1708 5348 γὰρ,
1729 5277 1916 5347 φησιν,

339 5367 595 5423 εύθύνετε
633 5368 913 5438 Θεόδωρον
953 5367 986 5438 ἢ
1041 5364 1330 5436 Διόδωρον,
1377 5366 1475 5419 καὶ
1521 5368 1650 5430 τοὺς
1695 5366 1916 5430 λοιποὺς

341 5457 594 5531 Πατέρας
649 5457 932 5522 ὑπαιτίους
983 5456 1330 5528 εὑρίσκομεν.
1385 5457 1496 5510 Καὶ
1547 5457 1914 5528 προφέρουσιν

413 5657 542 5736 (τε),
580 5659 707 5736 Qui
726 5657 941 5736 omnino
975 5672 1057 5736 ea:_
1083 5654 1324 5736 adverso.
1388 5653 1565 5736 Etiam
1600 5653 1732 5709 hinc
1755 5654 1930 5736 liquet

347 5724 644 5788 Leontium
668 5728 922 5802 Origenis
949 5734 1281 5786 sectatorem
1307 5740 1419 5782 non
1463 5724 1654 5793 fuisse,
1718 5725 1914 5781 saltem

2015 4541 2483 4606 commendaturi,
2536 4543 2666 4612 quia
2716 4543 2921 4598 Paulus
2967 4559 3096 4598 eum
3139 4544 3401 4600 [lonianis
3432 4562 3588 4602 com-

2015 4633 2328 4700 mendavit;
2362 4643 2420 4688 et
2446 4635 2642 4690 Judam
2695 4636 2866 4690 choro
2897 4637 3278 4706 apostolorum
3316 4639 3590 4695 adnume-

2015 4741 2163 4790 rare,
2186 4727 2318 4796 quia
2333 4742 2478 4796 saepe
2506 4743 2630 4782 eum
2655 4727 2940 4784 Salvatore
2961 4730 3145 4785 cibum
3173 4731 3410 4800 sumpsit
3443 4749 3458 4786 :
3489 4733 3586 4788 sed

2017 4815 2248 4871 audiant
2272 4833 2302 4872 a
2332 4817 2516 4880 nobis,
2547 4819 2694 4888 quod
2724 4819 2769 4874 si
2791 4819 3015 4888 scriptis
3045 4819 3294 4889 epistolis
3322 4823 3586 4892 majorem

2016 4911 2414 4977 reverentiam,
2465 4925 2628 4980 quam
2680 4911 2899 4965 veritati
2933 4911 3200 4966 adhibere
3231 4913 3444 4978 volunt,
3475 4931 3588 4970 non

2015 5000 2194 5056 solum
2219 5001 2572 5056 Theodorum
2603 5011 2697 5058 aut
2723 5002 3042 5068 Diodorum,
3070 5004 3168 5059 sed
3193 5012 3250 5060 et
3277 5005 3414 5060 alios
3447 5007 3592 5062 mul-

2018 5099 2124 5158 tos,
2179 5099 2263 5146 et'
2289 5107 2432 5162 quos
2476 5107 2582 5148 nec
2607 5093 2714 5163 ipsi
2757 5093 2972 5160 volunt,
3005 5094 3364 5165 comprobare
3389 5111 3591 5166 cegen-

2017 5193 2132 5238 tlll'.

2089 5274 2227 5330 XLI.
2253 5275 2424 5343 Quale
2454 5283 2720 5347 praeterea
2749 5283 2836 5332 est
2869 5276 3030 5332 illud:
3062 5277 3120 5333 ln
3150 5277 3586 5348 quibus,inquit,

2021 5367 2301 5436 corrigitis
2355 5369 2708 5425 Theodorum
2765 5377 2860 5424 aut
2905 5368 3228 5433 Diodorum,
3277 5368 3330 5422 in
3380 5367 3586 5422 eisdem

2019 5458 2188 5514 etiam
2215 5459 2462 5531 reliquos
2493 5461 2686 5516 Patres
2711 5475 2836 5516 reos
2862 5444 2984 5516 esse
3014 5459 3344 5530 reperimus.
3366 5456 3431 5509 Et
3463 5469 3588 5523 pro-

2037 5673 2164 5714 cum
2189 5660 2311 5786 h'i‘ec
2341 5658 2656 5729 scriberet;
2707 5675 2832 5716 cum
2865 5658 3156 5730 Origenem
3195 5663 3444 5708 errorum
3491 5664 3578 5704 ar-

2037 5738 2174 5786 :ttat.
2267 5747 2354 5786 ut.

2023 5738 2174 5798 gnat.
2218 5738 2354 5786 Tua.
