3954 6148
379 285 516 350 I379

1621 276 1936 340 LEONTII
1975 273 2380 337 ΒΥΖΑΝΤΙΝῙ

3559 274 3695 342 1380

374 393 564 448 ferunt
591 387 756 445 nobis
787 401 852 444 ex
888 385 1194 458 Serapione
1222 384 1456 456 quidem
1493 384 1652 450 illud,
1682 386 1832 442 Deus
1869 385 1954 440 ho-

2071 387 2202 456 ἡμῖν
2231 381 2586 454 Σαραπίωνος
2620 381 2720 454 μὲν
2747 385 2828 451 τὸ,
2868 385 2897 438 ὁ
2929 383 3062 450 Θεὸς
3102 386 3196 442 τὸν
3233 386 3560 459 ἄνθρωπον
3602 405 3701 440 πε·
3759 451 3772 464 ι

375 483 584 538 minem
605 481 822 548 induit;
851 495 919 535 ex
941 478 1144 534 Basilio
1168 486 1374 542 autem,
1401 477 1566 532 homo
1587 475 1793 543 deiter;
1817 475 1952 531 illud
1985 467 1995 483 “

374 583 678 644 utrumque
698 588 767 628 ex
791 569 1095 641 Gregoriis,
1117 585 1354 641 quorum
1381 568 1520 624 alter
1539 567 1763 640 quidem
1799 567 1958 623 dixe-

375 666 450 720 rit
479 683 492 718 :
517 665 745 719 Dicatur
790 660 938 716 Deus
968 675 1082 715 non
1110 659 1305 723 Verbi,
1333 659 1434 714 sed
1465 659 1587 730 ejus
1628 657 1725 728 qui
1761 673 1958 713 cerne-

376 753 572 819 batur;
610 753 751 807 alter
809 764 940 804 vero
994 766 1008 803 :
1049 749 1120 804 Et
1155 749 1303 804 servi
1351 748 1558 802 livores
1606 747 1754 802 circa
1791 761 1954 816 quem

377 846 672 910 Dominus;
707 851 764 899 et
795 843 1064 913 quasdam
1106 840 1452 912 reliquorum
1487 841 1712 895 Patrum
1747 839 1957 894 similes

374 937 599 992 voculas
636 935 807 991 veluti
847 934 1133 1006 unguibus
1154 931 1816 1004 corradu-nt,cujusmodi
1850 939 1954 996 est,

375 1027 632 1099 Suscepit,
663 1029 968 1098 assumpsit,
1011 1027 1205 1092 induit,
1237 1035 1295 1082 et
1335 1023 1532 1096 duplex
1582 1031 1720 1090 erat,
1751 1032 1808 1078 et
1850 1022 1956 1078 alia

375 1117 668 1190 ejusmodi,
717 1134 840 1189 quae
867 1116 1238 1173 diﬂerentiam
1270 1125 1590 1170 naturarum
1640 1113 1845 1170 Christi
1873 1129 1958 1168 se-

376 1210 620 1265 cundum
649 1209 1018 1264 substantiam
1041 1208 1320 1272 unitarum
1344 1207 1648 1262 declarant.
1667 1205 1734 1260 Et
1755 1215 1958 1275 printer

378 1313 577 1359 caetera
617 1303 822 1368 omnia,
853 1301 1042 1374 Cyrilli
1077 1303 1424 1374 hypostases,
1456 1307 1513 1356 et
1559 1299 1838 1354 hominem
1889 1313 1956 1352 ex

379 1391 569 1458 Maria,
607 1402 667 1447 et
695 1393 960 1462 templbm
990 1405 1058 1448 ex
1086 1391 1330 1462 Virgine.
1388 1389 1600 1446 Deinde
1639 1391 1956 1445 mistionem

380 1495 436 1540 et
463 1485 903 1540 commistionem
933 1493 988 1538 et
1016 1484 1324 1538 naturalem
1355 1482 1741 1548 coltzesionem,
1765 1491 1822 1536 et
1841 1480 1958 1536 dci-

380 1575 716 1642 ﬁcationcm,
742 1585 800 1631 et
819 1575 1140 1646 sanguinem
1161 1573 1282 1639 Dei,
1303 1582 1360 1628 et
1379 1589 1624 1639 crucem,
1655 1583 1712 1628 et
1744 1571 1958 1643 passio-

381 1681 540 1732 nem;
568 1674 624 1722 et
656 1665 802 1736 quod
829 1666 954 1736 plus
983 1672 1088 1732 est,
1115 1663 1418 1720 secundum
1444 1663 1610 1720 Verbi
1648 1663 1956 1719 secundum

381 1772 602 1812 carnem
661 1757 1110 1828 generationem;
1137 1772 1262 1812 cum
1301 1757 1470 1812 iidem
1513 1752 1719 1826 alioqui
1751 1756 1958 1822 dicant,

379 1861 494 1900 non
527 1857 709 1902 tamen
745 1845 834 1900 isti
863 1846 1119 1902 audiunt.
1405 1853 1414 1861 '

448 1998 516 2053 Et
537 1997 672 2068 quid
691 2011 835 2067 opus
853 2005 941 2053 est
959 1996 1149 2053 dicere
1168 1997 1240 2052 de
1265 1996 1469 2052 unione
1490 1996 1796 2053 secundum
1827 1998 1956 2054 sub-

381 2090 659 2154 stantiam,
685 2099 742 2144 et
769 2089 838 2146 de
867 2089 1150 2162 bypostasi
1189 2089 1426 2143 duarum
1457 2098 1806 2156 naturarum,
1832 2091 1958 2160 qui-

381 2182 488 2236 bus
535 2181 669 2236 nihil
719 2190 802 2237 est
857 2183 1030 2254 magis
1078 2197 1268 2246 unum,
1297 2189 1356 2236 et
1407 2183 1731 2237 naturaliter
1778 2184 1958 2239 cohae-

381 2273 634 2328 rentius?
663 2273 914 2329 Primum
964 2273 1155 2344 igitur,
1193 2273 1331 2328 illud
1386 2283 1470 2329 est
1513 2273 1956 2331 consideratione

381 2361 628 2436 dignum,
660 2365 808 2436 quod
835 2380 945 2420 non
975 2375 1060 2418 est
1089 2365 1252 2420 nobis
1281 2365 1348 2420 de
1373 2367 1603 2421 vocibus
1628 2377 1954 2422 controver-

380 2457 480 2522 sia,
519 2455 616 2511 sed
645 2455 712 2510 de
751 2455 914 2510 modo
951 2457 1120 2512 totius
1169 2457 1420 2528 mysterii
1446 2456 1671 2512 Christi.
1704 2457 1820 2514 Hoc
1857 2475 1956 2513 au-

379 2555 491 2600 tem
550 2561 660 2600 non
707 2545 1034 2615 simpliciter
1059 2563 1126 2602 ex
1157 2547 1262 2602 hac
1316 2557 1414 2602 aut
1451 2547 1544 2600 illa
1574 2564 1728 2615 voce,
1749 2561 1846 2604 aut
1886 2565 1956 2604 ex

381 2636 709 2708 quibusdam
752 2638 940 2693 verbis
985 2649 1070 2694 est
1101 2639 1518 2710 approbandum
1557 2650 1653 2696 aut
1689 2655 1960 2695 accusan-

381 2729 534 2793 dum,
587 2727 682 2782 sed
737 2744 804 2783 ex
855 2729 1052 2799 primis
1097 2730 1409 2800 principiis.
1438 2730 1598 2785 Circa
1643 2731 1758 2785 huic
1805 2733 1952 2786 enim

381 2820 562 2875 omnis
588 2819 814 2875 haeresis
837 2829 1313 2876 controversatur.
1337 2822 1465 2875 Post
1495 2822 1768 2892 principia
1803 2824 1951 2876 enim

380 2925 574 2964 omnes
606 2910 750 2965 inter
771 2924 829 2965 se
857 2909 926 2966 de
949 2909 1182 2964 vocibus
1211 2911 1574 2976 conveniunt,
1613 2911 1687 2964 ita
1723 2920 1783 2964 ut
1809 2897 1954 2981 ipsa-

382 3011 502 3050 rum
527 2997 938 3067 Scripturarum
966 3013 1132 3053 voces
1164 2998 1269 3052 sibi
1294 2999 1576 3054 vindicent
1601 3016 1696 3054 eas
1723 3000 1790 3054 ad
1821 3017 1952 3070 pro-

379 3087 563 3156 prium
603 3101 830 3158 scopum
871 3089 1374 3146 accommodantes.
1397 3091 1529 3158 Quae
1551 3108 1683 3148 vero
1699 3105 1830 3148 sunt
1854 3095 1953 3149 bo-

1985 1833 2034 1891 B

2067 473 2352 548 ριεσάλετο
2379 491 2394 505 ο
2422 473 2706 529 Βασιλείου
2737 475 2794 530 δὲ
2819 476 2900 544 τὸ,
2948 479 2978 532 ό
3025 477 3284 550 θεοφόρος
3327 479 3653 550 ἄνθρωπος
3679 496 3695 510 ·

2063 564 2198 628 Θεὸς
2219 563 2432 630 λέγοιτο
2462 563 2530 618 ἂν
2563 563 2624 617 οὐ
2647 565 2742 619 τοῦ
2777 567 2980 634 Λόγου,
3015 568 3110 622 τοῦ
3137 571 3434 640 ὁρωμένου
3471 570 3562 631 δὲ,
3599 571 3696 623 τοῦ

2064 653 2166 726 [δὲ]
2194 653 2521 730 φάσκιοντος,
2557 656 2652 709 καὶ
2675 657 2770 711 τοῦ
2796 657 2986 712 δούλου
3009 662 3135 726 τοὺς
3177 661 3506 732 μώλωπας,
3567 665 3696 733 περὶ

2061 746 2120 799 ὃν
2146 747 2176 798 ὀ
2209 745 2491 816 Δεσπότης
2519 762 2534 776 ο
2585 747 2697 802 τῶν
2746 765 2807 802 τε
2849 749 3055 806 λοιπῶν
3113 753 3382 826 Πατέρων
3454 755 3698 808 τοιαῦτα

2061 853 2183 889 τινα
2222 835 2692 908 περιονυχίξοντες
2713 840 3007 906 αποξέουσι
3065 843 3301 911 λεξείδια
3337 861 3350 874 ·
3391 841 3526 900 οἷόν
3575 848 3694 898 ἐστι

2061 926 2123 980 τό
2157 943 2217 978 τε
2247 925 2530 994 ἀνέλαϐε,
2577 931 2672 984 καὶ
2706 933 3104 1002 προσείληφε,
3156 937 3251 989 καὶ
3298 936 3692 1000 ἐνεδύσατο,

2063 1017 2157 1072 καὶ
2193 1019 2276 1085 τὸ,
2312 1018 2575 1087 διπλοῦς
2608 1021 2720 1092 γὰρ
2746 1018 2844 1093 ἦν,
2884 1025 2981 1078 καὶ
3008 1026 3111 1080 ὅσα
3140 1029 3391 1092 τοιαῦτα,
3418 1031 3534 1098 τῆς
3569 1031 3694 1082 διας

2063 1113 2236 1182 φορᾶς
2278 1109 2406 1167 ὄντα
2451 1114 2726 1185 δηλωτικὰ
2772 1115 2883 1170 τῶν
2917 1118 3196 1182 οὐσιωδῶς
3222 1119 3548 1191 ἡνωμένων
3590 1119 3690 1188 φύ-

2065 1219 2202 1256 σεων
2255 1204 2348 1257 τοῦ
2403 1205 2668 1275 Χριστοῦ.
2737 1207 2865 1260 Ἐπὶ
2927 1211 3062 1264 πᾶσι
3119 1210 3178 1263 δὲ
3229 1213 3529 1283 Κυρίλλου
3589 1213 3692 1276 τὰς

2063 1295 2414 1360 ὑποστάσεις,
2457 1299 2552 1350 καὶ
2582 1298 2673 1350 τὸν
2716 1299 2782 1352 ὲκ
2820 1301 3040 1370 Μαρίας
3076 1302 3389 1373 ἄνθρωπον,
3425 1305 3538 1358 καὶ
3593 1305 3690 1358 τὸν

2063 1383 2125 1438 ὲκ
2154 1385 2432 1458 Παρθένου
2481 1388 2628 1443 ναόν.
2681 1389 2794 1460 Τὴν
2836 1389 2893 1443 δὲ
2955 1393 3152 1463 κρᾶσιν
3207 1379 3304 1447 καὶ
3349 1397 3686 1466 ἁνάκρασιν

2065 1477 2342 1546 συμφυΐαν
2370 1495 2430 1531 τε
2455 1479 2548 1531 καὶ
2576 1480 2791 1546 θέωσιν,
2825 1475 2967 1552 αἷμά
2999 1500 3059 1536 τε
3087 1483 3244 1548 Θεοῦ,
3269 1486 3368 1539 καὶ
3399 1487 3682 1558 σταυρὸν,

2064 1569 2160 1620 καὶ
2217 1569 2408 1635 πάθος,
2466 1571 2562 1624 καὶ
2603 1570 2852 1638 θάνατον,
2883 1573 2979 1626 καὶ
3014 1574 3120 1646 πρὸ
3151 1575 3360 1630 τούτων
3391 1579 3684 1648 δευτέραν

2062 1659 2156 1713 τοῦ
2198 1661 2376 1729 Λόγου
2409 1663 2552 1716 κατὰ
2582 1665 2764 1735 σάρκα
2793 1665 3072 1740 γέννησιν,
3102 1669 3214 1725 τῶν
3245 1671 3434 1724 αὐτῶν
3470 1671 3682 1740 λεγόιν⁴

2060 1764 2163 1804 τωι
2201 1751 2300 1804 οὐκ
2322 1753 2593 1806 ἐπαΐουσι.

2131 1990 2243 2044 Καὶ
2269 1991 2323 2043 τί
2349 1991 2430 2044 δεῖ
2450 1989 2630 2060 λέγειν
2661 1993 2790 2064 περὶ
2845 1994 2948 2066 τῆς
2999 1999 3124 2052 κατ’
3175 1999 3366 2054 οὐσίαν
3414 2003 3518 2056 καὶ
3574 2001 3674 2057 οὐ·

2047 2081 2268 2144 σιώδους
2294 2079 2562 2148 ὲνώσεως,
2609 2085 2712 2154 τήν
2760 2099 2820 2136 τε
2873 2086 3004 2156 μίαν
3059 2089 3358 2144 ὑπόστασιν
3402 2092 3517 2145 τῶν
3567 2093 3673 2147 δύο

2063 2172 2299 2243 φύσεων,
2367 2166 2441 2226 ὧν
2496 2173 2648 2228 οὐδὲν
2710 2175 3040 2249 ὲνικὼτερον
3090 2179 3123 2250 ἢ
3193 2184 3666 2254 συμφυέστερονς

2061 2263 2284 2334 Πρῶτον
2309 2263 2408 2334 μὲν
2437 2260 2533 2318 οὖν
2555 2266 2734 2319 ἐκεῖνο
2768 2273 2998 2323 σκοπεῖν
3037 2269 3210 2336 ἄξιον,
3271 2271 3354 2326 δτι
3399 2273 3460 2326 οὐ
3521 2273 3668 2344 περὶ

2059 2353 2258 2420 λέξεών
2289 2356 2438 2410 ἐστιν
2477 2358 2612 2426 ἡμῖν
2659 2357 2722 2411 τδ
2750 2359 3296 2433 ἀμφισϐητούμενον,
3337 2365 3474 2418 ἀλλὰ
3517 2365 3664 2435 περὶ

2059 2445 2154 2500 τοῦ
2213 2447 2414 2518 τρόπου
2468 2449 2564 2502 τοῦ
2621 2449 2748 2503 ὅλου
2809 2453 2955 2506 κατὰ
3013 2455 3252 2524 Χριστὸν
3321 2459 3656 2526 μυστηρίου.

2021 2587 2029 2593 .
2062 2533 2232 2592 Τοῦτο
2290 2535 2346 2592 δὲ
2395 2539 2494 2610 οὐχ
2545 2540 2734 2605 ἁπλῶς
2763 2543 2830 2595 ἐκ
2857 2544 3020 2614 τῆσδε
3047 2544 3081 2616 ἦ
3106 2547 3268 2616 τῆσδε
3303 2544 3401 2620 τῆς
3427 2547 3654 2614 λέξεως,

2059 2631 2092 2701 ἢ
2134 2627 2290 2686 ἐνίων
2323 2633 2586 2702 ῥημάτων
2614 2633 2763 2688 ἐστιν
2794 2637 3094 2708 ἐγκρίνειν,
3139 2639 3175 2711 ἢ
3225 2639 3650 2714 διαγράφεσθαι,

2059 2723 2174 2775 ἀλλ’
2209 2723 2273 2774 ὲκ
2303 2724 2410 2776 τῶν
2439 2725 2670 2796 πρώτων
2701 2728 2906 2798 ἀρχῶν.
2939 2732 3078 2803 Περὶ
3114 2732 3225 2802 γὰρ
3258 2733 3461 2798 ταύτας
3494 2736 3650 2786 πᾶσα

2060 2814 2270 2886 αἵρεσις
2300 2813 2700 2884 διαστασιάζει,
2743 2818 2873 2894 ἐπεὶ
2908 2820 3048 2890 μετὰ
3087 2822 3188 2884 τὰς
3220 2823 3391 2894 ἀρχὰς
3441 2825 3646 2887 πάντες

2060 2907 2192 2958 πᾶσι
2227 2907 2373 2958 κατὰ
2409 2906 2507 2968 τὰς
2546 2906 2722 2974 λέξεις
2743 2891 3146 2980 συμφέρονται,
3193 2908 3270 2974 ὥς
3319 2914 3413 2966 καὶ
3455 2914 3640 2967 αὐτῶν

2057 2995 2165 3048 τῶν
2211 2994 2446 3065 Γραφῶν
2501 2995 2603 3060 τὰς
2665 2997 2837 3064 λέξεις
2882 2997 3314 3066 σφετερίζεσθαι,
3355 3004 3492 3070 πρὸς
3535 3002 3630 3054 τὸν

2059 3089 2259 3142 οἰκεῖον
2287 3085 2492 3150 ταύτας
2529 3089 2730 3142 σκοπὸν
2759 3087 3184 3158 ἐφαρμόζοντας.
3216 3087 3369 3152 Τίνες
3399 3089 3454 3142 δέ
3483 3091 3614 3142 εἰσιν

381 3192 501 3231 rum
517 3178 812 3248 principia?
827 3179 1024 3234 modus
1041 3181 1253 3235 scilicet
1267 3183 1490 3236 unionis
1505 3184 1812 3238 secundum
1825 3202 1885 3240 su
1895 3187 1954 3240 b-

2058 3182 2113 3233 αῐ
2141 3178 2347 3234 τούτων
2373 3181 2591 3251 ἀρχαί;
2653 3183 2682 3235 ὁ
2725 3181 2920 3252 τρόπος
2966 3180 3166 3251 δηλαδὴ
3210 3181 3309 3249 τῆς
3359 3179 3620 3246 ὲνῶσεως,

380 3269 730 3332 stantiam,et
751 3270 1059 3324 secundum
1079 3271 1462 3350 habitudinem
1491 3274 1704 3341 factus;
1728 3285 1789 3330 ut
1806 3288 1953 3332 esset

381 3360 439 3412 in
470 3359 810 3413 humanitate
832 3359 1072 3429 perfecta
1091 3359 1338 3416 Verbum
1363 3363 1512 3434 quod
1531 3365 1587 3418 in
1610 3366 1767 3420 nobis
1785 3367 1953 3421 homo

382 3449 617 3504 interior
657 3449 960 3505 secundum
1005 3451 1331 3522 Apostolum
1359 3455 1727 3525 συνυφεστὼς,
1761 3457 1816 3512 id
1845 3466 1950 3524 est,

381 3537 815 3603 consubsistens,
859 3547 917 3594 et
945 3538 1014 3594 ad
1051 3541 1220 3596 totius
1243 3542 1627 3600 deﬁnitionem
1669 3547 1955 3615 pertinens

381 3638 506 3698 post
533 3630 817 3696 unionem,
842 3631 985 3686 sicut
1007 3631 1205 3688 Patres
1223 3635 1320 3704 qui
1350 3637 1576 3692 Paulum
1607 3630 1956 3695 Samosatam-

381 3733 496 3772 sem
529 3717 860 3788 deposuere,
893 3722 1278 3778 enuntiarunt.

455 3878 564 3935 Sed
602 3893 783 3950 neque
806 3894 904 3935 eos
925 3881 1021 3950 qui
1054 3896 1086 3936 e
1106 3883 1388 3937 contrario
1409 3883 1570 3939 nobis
1593 3894 1740 3943 stant
1764 3897 1954 3946 contra

381 3968 833 4040 veritatem,qui
855 3985 1022 4050 voces
1079 3973 1208 4036 sibi,
1259 3983 1322 4028 ut
1378 3975 1740 4044 arbitrantur,
1803 3990 1955 4050 aptas

380 4057 691 4129 proferunt,
725 4075 1008 4128 curamus,
1034 4070 1298 4134 tanquam
1335 4063 1418 4120 eis
1446 4081 1550 4122 nos
1577 4075 1800 4125 utentes
1827 4085 1955 4126 cum

379 4147 534 4217 ipsis,
567 4155 664 4204 aut
710 4149 989 4206 ﬁctionem
1019 4159 1251 4222 naturae,
1281 4163 1378 4211 aut
1409 4157 1793 4214 confusionem
1822 4177 1954 4230 pro-

379 4239 654 4305 titeamur,
686 4255 868 4312 neque
909 4257 1031 4313 quae
1049 4259 1083 4300 a
1109 4243 1272 4300 nobis
1319 4245 1452 4316 ipsis
1479 4247 1804 4318 proferuntu
1816 4267 1860 4318 r,
1886 4247 1954 4307 ad

376 4329 802 4398 defendendam,
839 4348 1006 4404 quam
1047 4337 1276 4415 putatis,
1317 4337 1594 4394 ﬁctionem
1623 4339 1950 4409 divinitatis,

375 4431 471 4478 aut
493 4439 690 4479 vanam
711 4441 866 4496 spem
893 4435 1134 4483 vestram
1166 4429 1220 4484 in
1255 4430 1480 4486 homine
1501 4445 1663 4502 puro,
1691 4441 1951 4505 tanquam

2053 3271 2330 3334 ούσιωδῶς
2359 3271 2472 3324 ἀλλ’
2502 3271 2564 3324 οὐ
2614 3272 2880 3343 σχετικῶς
2930 3271 3168 3340 γεγονώς
3192 3289 3207 3304 ο
3256 3273 3331 3336 ὼς
3381 3261 3518 3326 εἶνα.
3573 3273 3630 3326 ἒν

2052 3365 2120 3434 τῇ
2149 3362 2330 3434 τελείᾳ
2356 3363 2737 3435 ἀνθρωπότητι
2775 3364 2868 3417 τὸν
2899 3355 3094 3432 Λόγον,
3141 3365 3279 3435 ὅπερ
3318 3367 3375 3418 ἐν
3419 3366 3547 3436 ἡμῖν
3605 3366 3636 3420 ὁ

2055 3453 2162 3507 ἔσω
2194 3453 2479 3524 ἄνθρωπος
2509 3454 2650 3508 κατά
2692 3453 2786 3507 τὸν
2847 3454 3170 3509 Ἀπόστολον
3220 3454 3634 3524 συνυφεστὼς,

2055 3548 2154 3601 καὶ
2175 3548 2256 3612 είς
2281 3547 2376 3601 τὸν
2405 3547 2502 3601 τοῦ
2533 3548 2656 3602 ὅλου
2681 3549 2806 3620 ὅρον
2831 3549 3103 3602 συντελῶν
3133 3551 3270 3619 μετὰ
3301 3551 3396 3618 τὴν
3422 3549 3635 3610 ἓνωσιν,

2057 3639 2202 3694 καθὰ
2233 3639 2328 3694 καὶ
2363 3640 2416 3692 οἱ
2446 3639 2538 3694 τὸν
2573 3639 2897 3710 Σαμοσατέα
2920 3640 3369 3711 στηλιτεῦσαντες
3399 3641 3636 3712 Πατέρες

2056 3726 2421 3797 ἀπεφήναντο.

2125 3886 2270 3940 Ἀλλ’
2301 3886 2426 3941 οὔτε
2451 3885 2562 3942 τῶν
2588 3888 2652 3941 ὲκ
2680 3886 2979 3959 διαμέτρου
3004 3889 3136 3958 ἡμῖν
3164 3885 3303 3959 πρὸς
3347 3890 3447 3960 τὴν
3504 3891 3635 3962 dif}-

2056 3975 2207 4030 θειαν
2225 3978 2550 4048 ἱσταμένων,
2571 3979 2693 4042 τὰς,
2713 3978 2788 4042 ὡς
2805 3977 3032 4045 οἴονται,
3051 3979 3433 4050 ἁρμοττούσας
3453 3981 3632 4043 αὐτοῖς

2055 4069 2443 4140 προφερόντων
2519 4069 2966 4142 ὲπιστρεφόμεθα
2996 4083 3013 4102 ο
3083 4068 3160 4132 ὡς
3229 4069 3478 4124 ἐντεῦθεν
3533 4070 3633 4139 τὴν

2053 4159 2276 4231 δόκησιν
2305 4163 2398 4214 καὶ
2426 4160 2526 4232 τὴν
2561 4161 2884 4231 φαντασίαν,
2915 4159 2948 4231 ἢ
2979 4161 3078 4231 τὴν
3127 4158 3340 4230 τροπὴν
3393 4160 3486 4212 καὶ
3533 4160 3633 4229 τὴν

2057 4249 2340 4321 σύγχυσιν,
2397 4252 2514 4322 μετ’
2565 4251 2747 4304 αὐτῶν
2794 4252 2942 4322 ἡμᾶς
2989 4249 3314 4320 πρεσϐεύειν
3341 4263 3358 4280 ο
3405 4247 3530 4302 οὕτε
3573 4247 3632 4300 δὲ

2054 4343 2190 4414 παρ’
2216 4341 2372 4412 ὑμῶν
2406 4341 2606 4408 αὐτῶν,
2641 4341 2718 4406 ὡς
2777 4341 2844 4395 ἂν
2907 4339 3115 4412 οἴησθε,
3173 4341 3255 4403 εἰς
3309 4339 3634 4410 συνηγορίαν

2053 4437 2154 4506 τῆς
2197 4435 2341 4490 κατὰ
2389 4435 2489 4508 τὴν
2527 4436 2758 4506 θεότητα
2806 4437 3128 4505 φαντασίας,
3163 4435 3196 4506 ἢ
3237 4437 3334 4505 τῆς
3372 4437 3511 4489 κατὰ
3539 4437 3633 4490 τὸν

374 4528 404 4568 a
427 4513 683 4568 Patribus
713 4514 954 4584 prolata,
989 4517 1365 4586 admittimus;
1399 4521 1553 4592 quia,
1585 4531 1648 4578 ut
1673 4523 1808 4592 dixi,
1839 4541 1951 4580 non

2058 4529 2211 4599 ψιλὸν
2247 4528 2554 4601 ἄνθρωπον,
2611 4528 2766 4599 ὑμῶν
2795 4527 3030 4599 ματαίας
3058 4527 3294 4592 ἐλπίδος,
3323 4529 3398 4592 ὡς
3431 4529 3495 4580 ὲκ
3521 4527 3632 4581 τῶν

373 4604 442 4660 de
471 4605 704 4662 vocibus
722 4607 886 4663 nobis
906 4617 993 4664 est
1011 4609 1361 4680 disceptatio,
1378 4612 1481 4678 sed,
1502 4611 1572 4667 de
1599 4613 1734 4684 ipsis
1754 4615 1945 4682 rebus,

371 4707 430 4752 et
471 4697 668 4754 harum
711 4700 940 4767 unione,
989 4709 1048 4758 et
1099 4703 1338 4757 naturali
1392 4704 1738 4774 eohatsione,
1781 4724 1948 4779 quam

375 4791 564 4847 Patres
591 4794 896 4850 secundum
943 4793 1310 4850 substantiam
1346 4795 1546 4852 factam
1588 4814 1710 4856 esse
1761 4815 1952 4858 sense-

373 4889 506 4935 runt
547 4899 690 4938 :vos
745 4895 930 4940 autem
983 4887 1286 4943 secundum
1336 4888 1719 4946 habitudinem
1766 4899 1823 4948 et
1849 4909 1952 4949 voc

372 4972 641 5027 luntatem
691 4991 814 5030 eam
869 4977 1222 5034 introducitis
1265 4997 1280 5034 :
1323 4988 1380 5036 et
1424 4982 1530 5038 ista
1586 4984 1790 5040 unione
1851 4999 1950 5040 an-

375 5062 794 5132 thropo-latriam
851 5083 951 5138 per
1002 5069 1115 5124 vim
1165 5071 1416 5137 munitis,
1475 5088 1587 5142 quo
1643 5069 1781 5143 quid
1825 5090 1950 5132 esse

373 5162 557 5222 potest
580 5155 749 5224 magis
775 5157 1042 5227 impium?
1064 5159 1246 5214 Solius
1265 5163 1411 5215 enim
1447 5160 1746 5232 impietatis
1767 5165 1942 5232 Pauli,

372 5245 642 5310 Marcelli,
689 5247 932 5314 Photini,
990 5250 1230 5305 Nestorii
1267 5259 1327 5307 et
1373 5250 1649 5310 Theodori
1699 5267 1821 5312 erat
1868 5258 1950 5314 sic

371 5337 602 5401 sentire,
634 5339 728 5409 qui
759 5350 952 5409 aperte
969 5340 1252 5396 Christum
1276 5343 1560 5400 hominem
1591 5355 1802 5403 tantum
1825 5365 1948 5405 esse

369 5429 708 5486 deﬁnierunt
735 5449 749 5486 :
777 5433 926 5503 quod
955 5433 1182 5505 quidem
1217 5438 1599 5510 unusquisque
1629 5441 1863 5512 private,
1891 5453 1950 5499 et

372 5518 426 5573 in
475 5539 768 5580 commune
809 5541 1003 5581 omnes
1047 5525 1508 5587 divini‘Ecclesiaa
1542 5534 1791 5604 magistri
1812 5551 1948 5591 con-

370 5613 526 5668 cordi
555 5616 830 5671 sententia
852 5627 1186 5674 accusarunt
1203 5631 1262 5676 et
1277 5622 1667 5694 exploscrunt;
1689 5641 1752 5682 ac
1775 5629 1949 5684 maxi-

2051 4619 2316 4690 Πατέρων
2348 4618 2736 4691 προφερόμενα
2767 4617 3108 4690 προσιέμεθα
3134 4633 3150 4648 ο
3203 4618 3520 4688 ἐπειδήπερ,
3555 4619 3632 4682 ὡς

2050 4710 2207 4782 ἔφην,
2242 4711 2320 4782 μὴ
2353 4712 2480 4782 περὶ
2509 4711 2709 4776 λέξεων
2734 4713 2768 4781 ἡ
2798 4711 3041 4782 διαμάχη
3079 4711 3232 4762 ἐστὶν
3281 4713 3435 4780 ἡμῖν,
3494 4710 3631 4765 ἀλλὰ

2051 4805 2178 4876 περὶ
2207 4803 2388 4858 αὐτῶν
2421 4804 2530 4858 τῶν
2551 4805 2918 4876 πραγμάτων,
2951 4807 3046 4858 καὶ
3091 4805 3192 4875 τῆς
3247 4803 3384 4874 πρὸς
3423 4803 3629 4874 ἄλληλα

2049 4898 2258 4952 τούτων
2285 4897 2537 4963 ὲνὼσεώς
2575 4915 2632 4952 τε
2667 4899 2763 4952 καὶ
2813 4896 3113 4970 συμφυΐας,
3157 4896 3226 4969 ἥν
3279 4899 3330 4950 oi
3389 4898 3628 4966 Πατέρες

2049 4988 2324 5052 οὐσιωδῶς
2355 4989 2684 5060 γεγενῆσθαι
2711 4991 3042 5062 ἐφρόνησαν,
3081 4990 3236 5060 ὑμεῖς
3280 4987 3336 5042 δὲ
3375 4992 3627 5058 σχετικὴν

2050 5091 2110 5132 τε
2141 5081 2236 5134 καὶ
2264 5081 2551 5153 γνωμικὴν
2581 5081 2788 5153 ταύτην
2813 5081 3084 5151 εἰσάγετε,
3141 5081 3236 5135 καὶ
3282 5081 3369 5134 διὰ
3425 5079 3627 5150 ταύτης

2050 5173 2150 5243 τὴν
2169 5173 2686 5248 ἁνθρωπολατρείαν
2711 5176 3001 5247 κρατύνειν
3028 5173 3280 5246 βιάζεσθε
3313 5191 3329 5206 ·
3369 5167 3430 5228 οὗ
3465 5176 3516 5228 τί
3561 5175 3626 5228 ἂν

2049 5263 2258 5330 γένοιτο
2284 5265 2644 5338 ἀσεδέστερον
2673 5284 2689 5334 ;
2717 5267 2830 5336 τῆς
2865 5269 2972 5340 γὰρ
2997 5267 3214 5321 Παύλου
3247 5267 3341 5318 καὶ
3371 5266 3626 5336 Μαρκέλ-

2048 5355 2165 5421 λου,
2208 5357 2478 5412 Φωτεινοῦ
2526 5373 2590 5412 τε
2635 5359 2730 5414 καὶ
2765 5359 3064 5431 Νεπορίου
3090 5359 3181 5412 καὶ
3203 5356 3479 5427 Θεοδώρου
3505 5357 3626 5408 δυσο

2051 5448 2266 5512 σεδεξας
2297 5450 2466 5522 μόνης
2492 5453 2560 5506 τὰ
2585 5454 2813 5508 τοιαῦτα
2869 5456 3110 5525 φρονεῖν,
3155 5451 3264 5506 τῶν
3331 5453 3486 5522 ψιλζν
3534 5451 3628 5503 αν-

2050 5539 2268 5612 Θρωπον
2321 5543 2411 5596 τὸν
2466 5545 2700 5616 Χριστὸν
2741 5545 3004 5619 ἄντικρυς
3040 5546 3457 5618 διορισαμένων,
3483 5545 3628 5613 ἅπερ

2053 5632 2160 5704 ἰδίᾳ
2191 5651 2248 5687 τε
2279 5634 2530 5705 ἕκαστος,
2557 5639 2651 5694 καί
2687 5641 2840 5712 κοινῇ
2886 5641 3092 5706 πάντες
3133 5641 3182 5694 οε
3223 5636 3478 5710 θεηγόροιι
3526 5635 3628 5706 τῆς
