3888 6168
277 313 415 381 1381
1203 314 1376 376 ADV.
1414 310 2128 376 INCORRUPTICOLAS
2165 311 2261 373 ET
2300 313 2620 377 NESTORo
2779 342 2792 364 λ
3406 311 3545 380 1382

284 429 619 499 Ὶυέκκλησίας
650 425 1026 502 μυσταγωγοὶ,
1079 427 1384 496 ὁμόφροσιν
1425 427 1734 506 ἀποφάσεσι
1780 427 1851 480 δι-

1965 441 2052 482 me
2094 437 2376 496 postrema
2434 426 2682 481 omnium
2723 427 3059 498 synodorum
3101 435 3542 498 antegressarum

271 517 527 588 ιγραψᾶν
569 536 632 572 τε
683 521 778 574 καὶ
807 514 1163 587 ἀπεκήρυξαν
1190 531 1206 548 ⁸
1235 517 1328 570 καὶ
1358 515 1592 586 μάλιστα
1620 518 1652 587 ή
1679 516 1851 570 τελευ-

1959 517 2204 590 sigillum
2233 527 2288 574 et
2305 518 2635 589 obsignatio,
2661 531 2784 588 quae
2803 526 3048 574 vestrum
3067 519 3542 590 propugnaculum

271 609 404 664 ταία
442 611 657 678 πασῶν,
709 611 804 665 καὶ
854 608 966 662 τῶν
1025 607 1134 679 πρὸ
1183 607 1358 677 αὐτῆς
1406 609 1577 676 ἁγίων
1630 607 1851 662 συνόδωι

1958 609 2261 680 impietatis
2289 609 2542 665 funditus
2587 610 2812 675 evertit,
2852 621 2909 666 et
2941 612 3249 682 symbolum
3286 612 3416 668 ﬁdei
3447 629 3542 668 ro-

275 703 520 772 σφραγὶς
543 701 812 772 γενομένη
847 699 991 754 κατὰ
1017 701 1118 770 τὴν
1145 699 1522 770 Χαλκηδονὲον
1539 739 1557 765 .
1586 700 1618 772 ἢ
1657 699 1862 754 καὶτὸν

275 793 547 862 ὑμέτερον
565 792 665 861 τῆς
691 789 942 850 ἀσεϐείας
966 787 1229 859 πρόϐολον
1247 789 1450 842 τέλεων
1473 790 1860 858 καταλέλυκεν,

269 885 337 936 τό
361 901 419 935 τε
440 884 540 954 τῆς
571 883 810 945 πίστεως
841 881 1114 951 σύμϐολον
1159 880 1458 952 κρατύνεις,
1503 882 1602 936 καὶ
1626 883 1716 936 τὸν
1757 883 1860 952 τῆς

269 973 532 1037 ἀσεϐείας
566 973 721 1042 ὑμῶν
753 971 1110 1042 καθαιρέτην,
1139 969 1419 1041 λαμπραῖς
1467 971 1860 1042 ἀνακηρὺξασα

269 1067 396 1128 ταῖς
427 1064 773 1133 εὐφημίαις-,ι
805 1064 900 1118 καὶ
951 1061 1042 1116 τὸν
1086 1061 1259 1124 ὅντως
1309 1063 1513 1116 Λέοντα
1566 1063 1709 1117 κατὰ
1760 1067 1858 1134 τῆς

269 1155 496 1226 δολερᾶς
526 1155 798 1224 Εὑτυχέος
841 1153 1128 1218 ἀλώπεκος
1179 1153 1549 1219 ἐξαναστάντα
1609 1155 1856 1216 δικαίως,

1953 697 2194 762 boravit,
2241 708 2409 768 atque
2443 706 2645 754 vestrae
2704 699 3003 768 impietatis
3034 715 3368 768 eversorem,
3412 692 3542 756 illu~

1961 789 2172 844 stribus
2226 789 2521 858 prmeoniis
2571 789 2892 859 praedicavit
2936 806 3066 846 vere
3123 791 3386 857 Leonem,
3443 793 3539 862 qui

1959 887 2152 932 contra
2186 879 2487 950 Eutychem
2511 880 2755 934 dolosam
2781 881 2998 950 vulpem
3015 883 3162 953 juste
3193 885 3454 950 surrexit,
3483 891 3541 940 et

1959 971 2204 1025 abditam
2263 971 2603 1041 impietatem
2638 973 3111 1029 confutationibus
3148 966 3440 1046 dissipavit
3480 983 3539 1032 et

1959 1063 2251 1129 exstinxit;
2283 1079 2446 1132 quem
2481 1064 2722 1134 synodus
2755 1065 3014 1119 laudibus
3043 1082 3166 1136 quae
3202 1082 3330 1122 eum
3370 1066 3537 1124 dece-

1955 1155 2112 1218 bant,
2141 1154 2462 1210 celebravit.

272 1249 368 1302 καὶ
426 1246 526 1316 τὴν
573 1247 966 1316 κρυπτομένην
1017 1244 1296 1312 ἀσέϐειαν,
1352 1249 1466 1308 τοῖς
1516 1247 1850 1314 ὲλεγκτικοῑς
1886 1245 2269 1301 διασπάσαντὰ
2325 1263 2386 1299 τε
2433 1246 2528 1299 καὶ
2583 1245 2936 1319 νεκρώσαντα
2979 1248 3176 1317 λόγοις,
3227 1251 3349 1312 ταῖς
3397 1265 3538 1321 πρε-

273 1338 503 1403 ποὺσαις
533 1339 682 1408 αὐτῷ
703 1339 1194 1400 κατεστεφάνωσαν
1223 1338 1428 1404 δόξαις.

345 1431 478 1485 MB’.
523 1430 662 1484 Ἀλλ’
695 1433 892 1484 ἐκεῖνοι
923 1436 1042 1500 μὲν,
1075 1433 1229 1500 φασὶ,
1259 1428 1698 1500 κατεκρίθησαν,
1729 1429 1853 1485 τού-

273 1541 384 1578 των
420 1523 478 1576 δὲ
528 1523 704 1584 οὐδεὶς
757 1522 1028 1590 κατέγνω.
1046 1521 1233 1586 Τοῦτο,
1259 1516 1307 1575 ὦ
1340 1518 1627 1592 βέλτιστοι,
1660 1523 1760 1576 οὑκ
1789 1524 1854 1575 ὲκ

273 1613 368 1666 τοῦ
403 1611 524 1666 καθ’
553 1613 778 1676 ἑαυτοὺς
813 1611 972 1682 ἔσχον
996 1611 1313 1683 ἀμέμπτου,
1341 1613 1456 1665 ἀλλ’
1485 1617 1549 1666 ὲκ
1579 1612 1674 1666 τοῦ
1724 1611 1853 1682 σφός

273 1706 380 1776 δρα
412 1705 472 1758 τὸ
501 1703 690 1760 λαθεῖν
721 1703 1079 1773 ἐπιτηδεῦσαι
1114 1720 1127 1733 °
1159 1705 1220 1758 οὐ
1260 1707 1368 1774 γὰρ
1398 1705 1476 1768 είς
1508 1705 1736 1766 πολλοὺς
1762 1705 1854 1756 ὲκ-

275 1795 488 1864 φαίνειν
531 1794 802 1862 ὑπέμενον
844 1793 944 1866 τὴν
988 1794 1262 1858 ἀσέϐειαν,
1325 1796 1408 1848 ὅτι
1455 1794 1580 1867 μηδ’
1614 1793 1855 1862 ἀσφαλὲς
1888 1839 1930 1894 Β

275 1889 462 1950 αὑτοῖς
509 1885 669 1940 τοῦτο
703 1886 1022 1956 ἐγίνωσκον.
1054 1889 1165 1940 Καὶ
1203 1888 1376 1950 ἄλλως
1409 1889 1441 1958 ή
1487 1887 1596 1939 τῶν
1639 1885 1853 1952 ’Δρεια-

275 1978 382 2032 νῶν
425 1979 550 2033 τότε
597 1979 1008 2050 φλεγμαίνουσα
1053 1980 1297 2050 αἵρεσις,
1326 1980 1422 2034 καὶ
1451 1980 1638 2050 ὥσπερ
1689 1978 1856 2050 ἀγρία

279 2068 412 2139 φλὸξ
439 2071 711 2142 νεμομένη
761 2073 859 2135 τὰς
895 2072 1240 2142 Ἐκκλησίας,
1276 2072 1469 2143 σχολὴν
1501 2071 1599 2142 μὲν
1628 2072 1856 2142 παρεῖχε

280 2161 516 2226 πολλοῖς,
549 2163 688 2234 ἀτὰρ
717 2162 792 2234 ,δὴ
841 2163 1228 2236 Ἀπολιναρίῳ,
1257 2165 1394 2226 τέως
1425 2159 1492 2218 αὖ
1539 2164 1636 2217 καὶ
1671 2165 1853 2216 Max:-

277 2253 436 2324 δονίῳ
474 2253 535 2306 τὸ
565 2251 948 2325 βλασφημοῦσι
975 2255 1283 2310 λανθάνειν.
1317 2257 1428 2309 Καὶ
1457 2255 1518 2308 τὸ
1550 2255 1648 2324 τῆς
1681 2257 1856 2326 ἰατρι-

278 2346 384 2415 κῆς
417 2349 532 2400 ἐστι
569 2347 750 2411 καλῶς
783 2346 1018 2402 ἐνταῦθα
1043 2347 1222 2416 λέγειν
1242 2389 1259 2412 ,
1287 2347 1362 2410 ὡς
1392 2347 1484 2400 δύο
1521 2347 1702 2400 πόνων
1733 2347 1855 2398 ἑπι-

281 2435 624 2504 κρατοὺντων
672 2436 732 2486 ὲν
769 2433 1004 2505 σώματι,
1032 2434 1060 2486 ὁ
1093 2435 1448 2504 σφοδρότερος
1482 2435 1724 2504 ἀμαυροῖ
1764 2435 1856 2488 τὸν

280 2523 554 2578 ἐλάττονα.
591 2524 780 2596 Ταύτῃ
821 2523 930 2593 γὰρ
977 2525 1073 2578 καὶ
1118 2525 1494 2596 Ἀπολινάριος
1535 2525 1726 2590 ὥσπερ
1772 2542 1856 2588 τις

281 2614 456 2686 σπλὴν
501 2615 733 2685 ηὔξανεν
765 2615 876 2688 (ἵνα
929 2616 1071 2670 κατὰ
1121 2616 1213 2669 τὸν
1265 2616 1528 2686 ὑμέτερον
1573 2617 1855 2686 ὑποφήτην

284 2706 444 2766 εἴπω,
479 2704 572 2759 καί
613 2723 668 2758 τι
697 2705 800 2759 κάν
827 2709 942 2768 τοῖς
973 2706 1215 2776 ἐλέγχοις
1246 2708 1374 2776 ὑμῖν
1400 2705 1766 2776 χαρίσωμαι),
1799 2709 1854 2761 ἐν

283 2797 348 2864 τῇ
399 2793 494 2847 τοῦ
529 2796 650 2848 ὅλου
699 2793 954 2866 σώματος
997 2797 1370 2866 κακοπραγίᾳ,
1403 2797 1466 2848 τὸ
1500 2797 1652 2866 παρὰ
1691 2797 1854 2865 φύσιν

285 2886 707 2957 προσκτώμενος
742 2886 994 2957 μέγεθος.
1029 2887 1121 2957 Τῷ
1154 2887 1303 2957 αὐτῴ
1347 2887 1412 2954 δὴ
1450 2888 1855 2958 παραδείγματι

284 2981 380 3033 καὶ
408 2979 470 3033 τὸ
501 2980 772 3051 ὑμέτερον
792 2979 1170 3051 παραϐάλλειν
1195 2979 1324 3048 ἔχω.
1369 2979 1434 3030 Ἦ
1461 2981 1568 3049 γὰρ
1598 2979 1706 3030 τῶν
1738 2981 1851 3032 Πα-

280 3072 456 3142 τέρων
479 3073 605 3142 περὶ
637 3073 706 3124 τὰ
733 3070 1160 3138 ἀναγκαιότατα,
1195 3070 1288 3122 καὶ
1334 3069 1570 3138 μάλιστα
1599 3069 1855 3120 κατεπεί-

2027 1425 2190 1480 XIJI.
2224 1425 2293 1481 At
2313 1425 2393 1479 illi
2417 1416 2658 1495 quidem,
2687 1425 2943 1495 inquiunt
2968 1426 3354 1489 isti,'damnati
3385 1439 3535 1496 sunt,

1956 1518 2156 1573 horum
2175 1532 2308 1572 vero
2338 1518 2544 1572 nullus.
2576 1519 2710 1583 Hoc,
2754 1531 2790 1571 ο
2824 1518 2952 1572 boni
2981 1517 3108 1582 viri,
3141 1533 3253 1573 non
3283 1535 3352 1574 ex
3379 1513 3539 1575 inno-

1955 1611 2137 1665 centia
2167 1616 2544 1679 reportarunt,
2573 1609 2668 1666 sed
2701 1623 2769 1663 ex
2821 1609 2998 1663 nimio
3047 1611 3234 1664 studio
3283 1613 3451 1680 quod,
3477 1621 3538 1668 ut

1955 1701 2215 1765 laterent,
2244 1701 2620 1755 adhibuerunt
2652 1718 2665 1753 :
2697 1715 2807 1754 non
2857 1701 3004 1755 enim
3051 1703 3410 1771 patiebantur
3451 1704 3536 1760 ef-

1957 1789 2093 1845 ferri
2122 1790 2177 1844 in
2207 1791 2404 1860 vulgus
2437 1789 2798 1859 impietatem,
2831 1791 2958 1858 quia
3000 1807 3178 1860 neque
3213 1792 3318 1846 sibi
3351 1800 3534 1849 tutum

1959 1897 2082 1936 esse
2142 1881 2410 1937 sciebant.
2465 1881 2733 1936 Praeterea
2759 1881 2963 1935 Ariana
3006 1891 3138 1936 tunc
3163 1881 3388 1938 hmresis
3419 1884 3534 1938 fer-

1959 1989 2117 2040 vens,
2149 1983 2204 2030 et
2237 1984 2492 2044 tanquam
2538 1974 2837 2028 vehemens
2861 1973 3078 2029 flamma
3113 1975 3396 2031 Ecclesiae
3433 1976 3536 2031 de-

1958 2081 2212 2136 pascens,
2250 2067 2439 2120 nmltis
2466 2066 2643 2119 otium
2685 2065 2840 2120 dedit
2867 2066 2931 2120 ad
2963 2066 3244 2122 latendum
3299 2068 3531 2136 interea,

1959 2167 2020 2212 ut
2063 2157 2411 2227 Apollinario
2437 2167 2493 2212 et
2535 2156 2860 2212 Macedonio
2904 2157 3108 2227 impiis.
3136 2143 3411 2214 Convenit
3443 2160 3534 2216 hic

1957 2251 2090 2304 illud
2151 2250 2206 2304 in
2259 2261 2378 2306 arte
2414 2251 2699 2306 medicinae
2751 2252 2940 2306 tritum
2976 2251 3162 2306 dicere
3196 2251 3372 2308 :Cum
3421 2253 3534 2309 duo

1957 2344 2138 2400 morbi
2189 2345 2246 2398 in
2297 2360 2531 2414 corpore
2565 2345 2906 2399 dominatum
2930 2343 3209 2410 obtinent,
3240 2347 3534 2402 vehemen-

1958 2436 2066 2489 tior
2099 2437 2364 2491 obscurat
2417 2437 2714 2491 minorem.
2740 2437 2852 2497 Ilac
2877 2438 3087 2490 ratione
3111 2445 3168 2491 et
3205 2438 3294 2490 via
3329 2438 3536 2506 Apolli-

1957 2529 2150 2582 narius
2178 2539 2434 2598 tanquam
2464 2529 2688 2597 quidam
2722 2529 2876 2598 splen
2905 2529 3080 2582 crevit
3115 2536 3198 2596 (nt
3226 2530 3532 2584 secundum

1955 2628 2202 2673 vestrum
2239 2619 2520 2674 doctorem
2568 2620 2770 2682 dicam,
2813 2629 2870 2673 et
2903 2621 3109 2690 aliquid
3160 2621 3326 2674 etiam
3359 2623 3413 2675 in
3446 2637 3535 2675 ar-

1955 2711 2174 2781 guendo
2232 2711 2392 2764 vobis
2448 2710 2693 2780 largiar),
2733 2712 2788 2764 in
2825 2712 2994 2765 totius
3017 2713 3266 2780 corporis
3305 2721 3535 2782 aegrota-

1957 2802 2105 2856 tione
2141 2802 2573 2871 magnitudinem
2619 2813 2816 2872 praater
2866 2811 3120 2856 naturam
3153 2804 3396 2872 capiens.
3427 2805 3536 2858 Eo-

1955 2891 2080 2946 dem
2139 2893 2389 2962 exemplo
2446 2907 2666 2961 possunt
2735 2900 2918 2946 vestra
2963 2893 3237 2947 conferre.
3274 2893 3532 2950 Studium

1919 2981 2178 3034 'Patrum
2209 2981 2262 3034 in
2291 2981 2524 3034 maxime
2553 2981 2882 3036 necessariis
2927 2991 2984 3036 et
3034 2983 3269 3038 maxime
3321 2999 3532 3055 urgen-

1955 3067 2108 3121 tibus
2139 3069 2304 3122 rebus
2335 3077 2685 3138 occnpatnm,
2719 3071 2870 3132 fecit,
2918 3081 2980 3124 ut
3008 3082 3202 3126 vestrm
3228 3075 3532 3143 impietatis

281 3181 447 3233 γοντα
472 3163 698 3231 σπουδὴ,
733 3161 919 3214 λαϐεῖν
941 3161 1068 3224 τοὺς
1107 3161 1404 3230 ὑμετέρους
1455 3159 1552 3228 τῆς
1598 3159 1851 3221 ἀσεϐείας

1957 3166 2210 3224 parentes
2231 3166 2286 3210 et
2316 3161 2847 3220 anetoreslatercnt,
2877 3165 3184 3230 prazsertim
3223 3179 3348 3217 eum
3377 3165 3432 3218 in
3463 3165 3533 3220 iis

281 3257 576 3325 προγόνους
597 3253 1030 3324 παρεσκεύασεν,
1064 3253 1158 3304 καὶ
1181 3251 1412 3322 μάλιστα
1453 3251 1854 3319 πλαττ-»μένους

280 3345 377 3414 τὴν
408 3345 465 3396 ὲν
503 3346 618 3407 τοῖς
672 3345 804 3414 περὶ
847 3343 1079 3414 Τριάδος
1131 3344 1228 3396 σὺν
1271 3343 1456 3404 αὑτοῖς
1486 3341 1726 3408 ἀγωνίαν
1759 3343 1856 3394 καὶ

282 3435 734 3504 ἀντιπαράταξιν,
785 3435 879 3487 καὶ
934 3433 1188 3488 ἐντεῦθεν
1243 3433 1578 3496 κλέπτοντάς
1633 3451 1694 3486 τε
1755 3434 1854 3504 τὴν

282 3522 513 3590 εὔνοιαν,
567 3525 664 3578 καὶ
705 3523 784 3594 τῷ
821 3523 924 3594 τῆς
959 3523 1340 3594 ὁμοφροσύνης
1382 3524 1736 3593 προσχήματι
1797 3523 1856 3576 τὸ

281 3613 468 3667 λαθεῖν
527 3615 908 3684 προπίνοντας.
943 3614 1305 3686 Δυσφώρατον
1357 3615 1466 3685 γὰρ
1509 3615 1543 3684 ή
1596 3615 1850 3685 πονηρία,

283 3705 501 3768 εὐνοίας
529 3706 859 3776 προσωπείῳ
885 3705 1301 3776 κεκαλυμμένη.

350 3797 485 3852 MI".
529 3797 683 3849 Ἐπεὶ
713 3798 772 3850 ὲν
799 3797 879 3870 τῷ
909 3797 1052 3851 κατὰ
1091 3797 1180 3850 τὸν
1203 3797 1633 3867 δυστυχέστατον
1663 3797 1856 3852 Νεστό-

284 3905 400 3960 ριον
432 3887 740 3958 ἀναθέματι
773 3887 1076 3958 (δυστυχὴς
1111 3889 1219 3960 γάρ
1269 3889 1416 3941 ἐστιν
1470 3889 1660 3953 ὄντως,
1697 3891 1856 3959 μόνος.

278 3980 374 4034 τοῦ
403 3981 566 4050 φόνου
593 3979 694 4051 τὴν
735 3979 894 4050 δίκην
939 3976 1214 4048 ὑποσχὼν,
1249 3979 1378 4050 παρ’
1403 3979 1596 4044 ἄλλων,
1698 3997 1850 4048 φασι,

279 4076 340 4127 τὸ
377 4073 528 4142 ξίφος
559 4071 1001 4144 κεκομισμένος)
1033 4071 1127 4124 καὶ
1173 4071 1328 4124 αὑτοὶ
1371 4071 1850 4140 συνεκϐἐὸληνται.

291 4167 378 4218 Ἐν
413 4165 524 4236 γὰρ
553 4164 630 4236 τῷ
667 4163 908 4235 μαθητῇ,
938 4161 1038 4232 τῷ,
1073 4161 1149 4225 ὡς
1175 4164 1208 4232 ή
1242 4162 1434 4232 Γραφή
1468 4179 1623 4232 φησι.
1650 4180 1854 4233 κατηρ-

275 4259 516 4328 τισμένῳ
569 4257 712 4312 κατὰ
761 4257 854 4310 τὸν
897 4254 1239 4318 διδάσκαλον,
1309 4255 1432 4318 τοὺς
1476 4253 1686 4308 ἑαυτῶν
1752 4254 1852 4307 πό-

275 4366 400 4412 νους
460 4347 769 4420 ὲδρέψαντο.
797 4347 988 4400 Καίτοι
1029 4347 1124 4400 καὶ
1177 4347 1227 4398 εἰ
1289 4345 1448 4399 τοῦτο
1495 4345 1682 4418 ζητοίη
1743 4365 1849 4410 τις,

276 4439 498 4508 εὑρήσει
523 4439 616 4490 καὶ
645 4438 866 4504 αὐτοὺς,
909 4439 983 4499 ὡς
1035 4437 1248 4507 γραφὴν
1275 4435 1430 4507 ἔσχον
1464 4438 1616 4508 παρά
1641 4455 1697 4490 τε
1733 4439 1852 4491 ἑτέ-

1955 3261 2076 3313 quae
2129 3246 2196 3298 ad
2233 3245 2558 3301 Trinitatem
2605 3250 2956 3315 pertinebant
3014 3251 3286 3320 [ingerent
3327 3267 3388 3308 se
3423 3270 3530 3310 una

1955 3351 2078 3389 cum
2121 3337 2254 3406 ipsis
2287 3339 2552 3392 adversus
2608 3341 3120 3397 hostes’Trinitatis
3168 3359 3442 3414 pugnare;
3473 3355 3531 3400 et

1954 3442 2021 3480 eo
2041 3427 2203 3482 modo
2228 3428 2665 3485 benevolentiam
2695 3431 3036 3493 simularent,
3065 3437 3249 3503 specie
3271 3452 3334 3490 ac
3355 3439 3528 3491 simu-

1954 3519 2158 3573 latione
2207 3520 2350 3574 idem
2407 3523 2679 3576 sentiendi
2716 3523 2956 3580 latebras
2991 3526 3095 3579 sibi
3137 3537 3524 3596 praeparantesz

1955 3610 2286 3666 Dillieillima
2329 3613 2478 3666 enim
2517 3629 2608 3668 res
2650 3615 2823 3668 estad
2858 3615 3382 3684 deprehendendum
3412 3635 3528 3674 ma-

1955 3699 2095 3765 litia,
2126 3701 2475 3757 simulatione
2507 3703 2906 3760 benevolentiae
2941 3715 3103 3760 tecta.

2027 3789 2210 3846 XLIII.
2240 3793 2447 3848 Verum
2473 3795 2528 3848 in
2564 3796 2911 3851 anathemate
2946 3797 3312 3853 infelicissimi
3337 3799 3532 3856 Nesto-

1907 3942 1909 3944 ,
1954 3883 2021 3936 rii
2036 3883 2186 3953 (vere
2205 3883 2352 3938 enim
2385 3884 2576 3941 infelix
2594 3895 2700 3952 est,
2723 3889 2816 3957 qui
2849 3889 3000 3943 solus
3019 3889 3182 3944 caedis
3199 3891 3531 3960 supplicium

1961 3974 2242 4036 sustinuit.
2265 3992 2390 4032 cum
2411 3979 2480 4032 ab
2512 3978 2637 4033 aliis
2661 3981 2954 4049 pugionem
2980 3981 3218 4052 tulisset)
3243 3983 3346 4052 ipsi
3367 3983 3530 4038 simul

1933 4067 2112 4138 ejecti
2144 4077 2296 4123 sunt.
2322 4070 2382 4123 In
2409 4069 2684 4140 discipulo
2709 4073 2858 4126 enim
2897 4073 3142 4142 perfecto
3167 4112 3182 4135 ,
3203 4073 3320 4142 qui,
3356 4085 3419 4129 ut
3451 4077 3532 4129 ait

1961 4159 2268 4230 Scriptura,
2289 4161 2432 4216 sicut
2462 4163 2722 4230 magister
2747 4165 2868 4234 ejus
2897 4172 3001 4228 est,
3033 4165 3248 4218 fructus
3279 4164 3529 4219 laborum

1955 4267 2184 4308 suorum
2211 4253 2624 4322 decerpserunt.
2641 4253 2878 4309 Tametsi
2903 4255 3007 4308 hoc
3035 4256 3082 4308 si
3110 4255 3237 4325 quis
3265 4256 3526 4326 inquit-at,

1959 4343 2198 4412 reperiet
2227 4359 2324 4398 eos
2351 4353 2638 4398 accusatos
2668 4359 2794 4398 cum
2821 4346 2892 4399 ab
2911 4337 3250 4402 aliis‘multi-s
3272 4347 3532 4418 frequen-

1959 4445 2062 4499 ter,
2103 4445 2218 4488 tum
2245 4435 2315 4489 ab
2337 4435 2741 4490 ardentissimis
2761 4437 3057 4506 impietatis
3076 4449 3274 4493 vestra:
3293 4440 3534 4496 insecta-

281 4545 389 4599 ρων
447 4527 677 4596 συχνῶν,
735 4527 830 4579 καὶ
874 4525 985 4578 τῶν
1043 4525 1510 4594 ζηλωτικωτάτων
1560 4527 1700 4580 κατὰ
1752 4531 1850 4598 τῆς

1958 4525 2173 4580 toribus
2195 4523 2400 4596 Cyrillo
2448 4537 2504 4580 et
2526 4527 2739 4580 Proclo.
2773 4502 3074 4597 anuibus
3107 4528 3202 4584 ille
3233 4538 3404 4586 totam
3438 4549 3531 4588 ae-

275 4618 433 4688 ήμῶν
465 4616 740 4680 ἀσεϐείας,
769 4616 1046 4686 Κυρί).λου
1075 4633 1136 4669 τε
1160 4617 1253 4670 καὶ
1277 4618 1546 4688 Πρόκλου.
1565 4613 1666 4670 Ὧν
1689 4621 1716 4672 ὀ
1749 4619 1849 4688 μὲν

276 4709 405 4777 ὃλην
439 4705 656 4774 γραφὴν
687 4707 808 4759 κατ’
836 4707 1017 4758 αὑτῶν
1048 4707 1374 4774 πεποίηκεν.
1404 4709 1468 4760 Εἰ
1509 4710 1602 4762 καὶ
1647 4710 1848 4763 ἀπολο-

275 4793 552 4866 γήσασθαί
605 4811 750 4856 τινες
798 4795 1098 4864 ὑπέμειναν
1151 4795 1446 4862 ἀπολογίαν
1483 4797 1708 4866 μείζονα
1746 4798 1849 4867 τῆς

275 4885 400 4940 κατ’
435 4885 616 4937 αὑτῶν
659 4885 1000 4954 κατηγορίας
1034 4886 1359 4954 εἰσάγουσαν
1409 4887 1701 4940 ὑπόθεσιν·
1735 4890 1762 4942 ὁ
1789 4889 1847 4942 δὲ

273 4977 371 5047 τὴν
401 4975 536 5046 πρὸς
575 4974 902 5046 Ἀρμενίους
931 4975 1214 5044 συνοδικὴν
1244 4977 1473 5047 γράφων
1509 4979 1800 5050 ἐπιστολήν
1827 5019 1842 5042 ,

271 5067 445 5138 ταύτῃ
513 5066 625 5120 τῶν
678 5065 1039 5136 βλασφημιῶν
1100 5066 1378 5140 Θεοδώρου
1441 5071 1712 5140 κεφάλαια
1759 5074 1840 5134 είς

273 5159 496 5228 ἔλεγχον
539 5155 704 5212 αὑτοῦ
747 5157 847 5226 τῆς
881 5155 1136 5218 ἁσεδείας
1176 5159 1462 5226 ὑπέταξεν.
1500 5162 1566 5214 Τί
1615 5163 1840 5232 γὰρ’δεί

273 5253 452 5320 λέγειν
507 5251 638 5322 περί
682 5248 776 5302 τοῦ
817 5249 974 5316 ἁγίου
1015 5247 1364 5318 Ῥα66οὑ).ου,
1391 5253 1486 5307 τοῦ
1537 5257 1836 5311 ἐπισκόπου

285 5341 560 5412 Ἐδέσσης,
597 5340 811 5411 ἀνδρὸς,
842 5339 916 5403 ὥς
947 5356 1101 5408 φασι,
1129 5343 1408 5411 προφήτου
1433 5359 1450 5408 ;
1483 5337 1546 5396 οὗ
1571 5347 1668 5414 τὴν
1696 5348 1838 5418 παῤ-

273 5435 469 5508 ῥησίαν
520 5434 611 5486 καὶ
643 5431 737 5485 τὸν
777 5431 999 5500 ἔλεγχον
1029 5431 1213 5502 ἐπειδὴ
1248 5433 1322 5500 μὴ
1353 5433 1590 5503 ἤνεγκαν
1627 5437 1677 5488 οἱ
1719 5439 1841 5492 τότε

269 5526 370 5595 τῆς
417 5522 738 5586 δυσσεϐείας
783 5519 1060 5592 Θεοδώρου
1109 5518 1372 5591 ζηλωταὶ,
1406 5523 1541 5593 μετὰ
1569 5527 1694 5589 τοὺς
1733 5545 1839 5598 μυ-

338 5703 553 5771 ίῦιί-Βϐ)
584 5701 845 5759 ΒΙιαίιιιίο.
873 5701 1030 5758 Hunc
1047 5701 1136 5756 alii
1159 5710 1354 5757 vocant
1383 5701 1666 5760 Rabulam.
1685 5706 1822 5765 Ten.

1955 4617 2298 4670 cusationem
2347 4623 2538 4670 contra
2571 4633 2666 4672 eos
2696 4619 2975 4674 instruxit.
3009 4619 3272 4686 Quamvis
3302 4625 3526 4693 quidmn

1953 4707 2334 4762 defensionem
2362 4711 2609 4764 scribere
2633 4711 2954 4772 voluerunt,
2989 4728 3112 4781 qum
3139 4715 3414 4784 copiosius
3443 4731 3532 4769 ar-

1951 4811 2273 4870 gumentum
2327 4804 2698 4858 accusationis
2743 4804 3030 4860 afferebat.
3078 4805 3178 4862 llic
3225 4817 3433 4874 autem,
3474 4809 3528 4863 id

1951 4903 2038 4947 est
2067 4892 2318 4958 Proclus,
2351 4895 2637 4963 epistolam
2664 4895 2732 4949 ad
2776 4895 3072 4952 Armenios
3101 4899 3345 4968 scripsit.
3387 4901 3530 4956 Huic

1953 4983 2202 5052 epistolae
2251 4985 2488 5055 subjecit
2541 4987 2720 5056 capita
2749 4986 3222 5056 blasphemiarum
3249 4990 3524 5046 Theodori

1948 5073 2014 5126 ad
2037 5075 2438 5129 ostendendum
2462 5075 2611 5130 illius
2635 5076 2994 5146 impietatem.
3011 5079 3155 5145 Quid
3179 5089 3362 5136 autem
3385 5097 3525 5152 Opus

1943 5176 2026 5222 est
2049 5169 2235 5224 dicere
2253 5169 2319 5224 de
2333 5179 2524 5226 sancto
2543 5170 2799 5226 Rhabulo
2818 5171 3048 5244 (δι-56),
3068 5175 3328 5245 episeopo
3349 5177 3522 5233 Edes-

1944 5273 2100 5323 seno,
2135 5259 2275 5322 viro,
2311 5269 2373 5315 ut
2399 5262 2573 5328 aiunt,
2618 5262 2926 5331 propheta?
2949 5265 3108 5335 cujus
3153 5264 3410 5319 ﬁduciam
3433 5274 3520 5320 at-

1943 5365 2050 5419 que
2081 5351 2512 5410 confutationem
2539 5363 2832 5426 postquam
2853 5356 2946 5426 qui
2977 5364 3108 5412 tunc
3139 5364 3299 5411 erant
3326 5356 3518 5424 impie-

1950 5441 2077 5496 tatis
2129 5442 2406 5499 Theodori
2461 5455 2784 5512 sectatores,
2848 5448 2962 5517 pati
3020 5463 3130 5501 non
3192 5451 3510 5516 potuerunt,

1945 5544 2070 5602 post
2101 5537 2272 5592 multa
2301 5539 2548 5608 pericula
2575 5539 2744 5608 illius,
2793 5539 2921 5595 dolo
2968 5537 3385 5610 aggrediuntur,
3411 5531 3511 5590 uni
