3888 6168
388 282 528 352 1383
1627 276 1943 338 LEONTII
1980 274 2385 336 BYZANTINI
3601 258 3726 326 1383

385 414 456 454 ex
481 396 551 452 iis
577 393 671 464 qui
697 391 851 449 intus
867 400 1048 459 erant,
1107 390 1332 462 negotio
1356 385 1679 444 commisso.
1715 386 1774 443 Si
1800 387 1970 460 igitur

2102 387 2224 450 πίους
2276 385 2519 448 ἐκείνους
2571 381 3051 450 κινδύνους,ὃόλῳ
3114 375 3456 452 μετῆλθον,
3499 376 3588 430 ἐνὶ
3628 378 3723 430 τῶν

391 490 500 544 hac
521 487 610 542 via
631 485 793 541 vobis
829 483 1290 554 persuaserimus,
1316 490 1372 537 et
1399 481 1620 536 tandem
1644 479 1845 536 mutari
1876 494 1974 534 vo-

2106 478 2222 532 νδον
2277 475 2339 529 τὸ
2391 475 2577 546 δρᾶμα
2623 473 3031 536 πιστεύσαντες.
3064 473 3140 527 El
3199 471 3322 542 μὲν
3387 464 3500 522 οῦν
3553 469 3719 542 ταύτῃ

389 578 633 644 lueritis,
657 577 949 632 veritatem
981 573 1156 643 magis
1186 588 1351 643 quam
1386 587 1655 642 personas
1689 572 1974 626 honoran-

2102 571 2342 641 ιείσομεν
2366 571 2529 640 ὑμᾶς,
2559 569 2654 623 καὶ
2677 569 3075 639 μεταϐάλοισθε
3105 567 3220 638 ὀψὲ
3252 566 3432 637 γοῦν,
3453 566 3717 636 ἀλήθειαν

391 674 500 734 tes,
534 665 640 720 hoc
672 664 890 730 melius,
915 663 1101 718 etDeo
1124 663 1333 734 gratias
1356 677 1615 733 agemus:
1651 663 1738 718 sin
1765 661 1973 724 minus,

2102 662 2458 734 τροτιμῶντες
2489 661 2821 732 προσώπων,
2854 661 3002 716 τοῦτ’
3029 662 3306 732 ἄμεινον,
3354 659 3466 713 καὶ
3492 660 3578 728 τῷ
3607 658 3714 728 Θεῷ

391 772 496 812 vos
525 756 754 826 quidem
791 754 1126 810 deﬂebimus
1159 754 1294 810 ﬂetu
1335 763 1392 828 εδ
1431 755 1694 810 lamentis
1747 753 1975 824 dignos;

2102 755 2273 825 [ἀριςσ
2304 756 2353 806 ει
2391 755 2437 807 δ’
2470 752 2558 817 οὔ,
2595 753 2710 808 ἀλλ’
2751 756 2897 824 ὑμᾶς
2937 771 3002 822 γε
3041 753 3466 826 δακρύσομεν,
3499 750 3713 822 θρήνων

391 865 496 904 nos
526 865 658 904 vero
687 848 980 913 faciemus,
1009 856 1070 903 ut
1127 848 1234 919 ipsi
1265 864 1333 903 es
1361 849 1476 904 Deo
1526 847 1887 918 pendeamus,
1920 853 1978 900 et

2102 849 2176 900 ιαὶ
2237 847 2493 919 ὀδυρμῶν
2535 847 2698 912 ὂντας
2752 848 2978 914 ἀξίους·
3012 849 3170 918 ἡμᾶς
3229 847 3280 900 δ’
3324 846 3559 908 αὐτοὺς
3623 844 3710 897 τοῦ

393 942 450 997 in
485 942 644 997 beata
667 957 764 1012 spe
787 941 926 1007 nixi,
953 956 1240 1011 nunquam
1262 939 1602 996 desistemus
1625 938 1698 992 ab
1719 951 1785 992 ea
1809 949 1976 1006 quam

2102 937 2216 992 θεοῦ
2254 957 2314 993 τε
2357 941 2761 1010 ἀναρτήσομεν,
2793 941 2889 992 καὶ⁵
2930 940 3041 994 τῶν
3094 939 3418 1009 μακαρίων
3467 936 3709 990 ἐλπίδων

391 1035 589 1090 Patres
613 1035 794 1090 nostri
825 1033 1170 1098 habuerunt,
1205 1043 1262 1088 et
1295 1033 1444 1088 hanc
1468 1028 1850 1108 amantissime
1877 1042 1978 1098 per

2102 1028 2352 1100 ,χόμενοι,
2381 1028 2443 1082 οὗ
2486 1045 2618 1083 ποτε
2653 1029 2890 1102 λήξομεν
2922 1023 2998 1084 ὧν
3043 1046 3103 1083 τε
3153 1029 3328 1100 ἔσχον
3355 1029 3417 1081 oi
3450 1027 3706 1095 Πατέρες

393 1141 748 1182 successores
785 1124 1110 1195 interjectos
1145 1124 1312 1180 nobis
1335 1123 1844 1178 transmiseruntet
1869 1129 1980 1175 tra-

2102 1120 2284 1192 ιμῶν,.
2303 1121 2398 1175 καὶ
2429 1123 2564 1192 ἡμῖν
2587 1120 2790 1185 ταύτας
2819 1120 3227 1192 φιλανθρώπως
3256 1121 3398 1174 λίαν
3449 1119 3554 1173 διὰ
3601 1120 3704 1172 τῶν

391 1217 662 1274 diderunt
685 1235 698 1270 :
723 1217 830 1271 hoc
858 1216 1038 1270 solum
1062 1216 1203 1272 lucri
1249 1231 1282 1272 a
1321 1215 1486 1272 nobis
1517 1222 1885 1285 reportantes,
1919 1221 1981 1268 ut

2102 1229 2138 1266 ,ν
2179 1212 2333 1283 μέσῳ
2355 1211 2730 1282 παρέπεμψαν
2755 1213 2850 1266 καὶ
2867 1211 3360 1282 μεταπαρέδοσαν,
3398 1211 3581 1265 τοῦτο
3608 1212 3702 1280 μό-

392 1309 708 1378 depositum
728 1322 922 1362 eorum
939 1308 1058 1362 sine
1075 1306 1380 1362 oﬁ‘ensione
1410 1305 1811 1371 custodiamus,
1829 1303 1977 1375 quod

2102 1320 2168 1356 νον
2225 1303 2354 1374 παρ’
2395 1304 2554 1374 ήμῶν
2615 1302 3016 1369 ἐκϐιϐάζοντες,
3071 1304 3450 1375 ἀπρόσκοπον
3515 1303 3700 1356 αὐτῶν

393 1397 639 1456 Ecclesia
691 1407 884 1454 sancta
941 1398 1064 1453 sine
1121 1397 1507 1454 immutatione
1557 1406 1616 1454 et
1661 1397 1979 1454 accessione

2102 1397 2374 1464 ρυλάττειν
2403 1396 2505 1466 τήν
2549 1395 3030 1467 παρακαταθήκην
3057 1412 3073 1426 ·
3135 1394 3430 1464 ἀμείωτόν
3484 1413 3552 1448 τε
3605 1396 3698 1448 καὶ

395 1489 678 1546 custodire
729 1495 1074 1559 perseverat,
1135 1498 1194 1545 et
1243 1487 1628 1559 perseverabit
1685 1502 1864 1558 usque
1907 1486 1978 1542 ad

395 1595 655 1651 magnum
693 1587 752 1634 et
782 1579 1054 1634 illustrem
1077 1577 1380 1633 adventum
1411 1578 1598 1648 magni
1633 1577 1730 1633 Dei
1779 1585 1838 1632 et
1859 1575 1980 1632 Sal-

2081 1488 2426 1560 ὰπλήθυντον
2457 1488 2806 1558 φυλάττουσα
2841 1489 2874 1558 ἠ
2902 1489 3033 1555 ἁγία
3059 1489 3156 1540 τοῦ
3179 1487 3323 1540 Θεοῦ
3375 1487 3694 1559 Ἐκκλησία

2079 1579 2340 1644 διατελεῖ,
2372 1581 2466 1633 καὶ
2503 1579 2806 1632 διατελέσει
2847 1577 3012 1650 μέχρι
3041 1577 3141 1648 τῆς
3190 1577 3452 1648 μεγάλης
3484 1580 3694 1647 Estqu-

395 1670 603 1726 vatoris
635 1668 814 1724 nostri
873 1668 1008 1724 Jesu
1039 1667 1272 1736 Christi,
1321 1668 1413 1724 cui
1461 1666 1636 1739 gloria
1677 1676 1736 1723 et
1797 1667 1977 1740 impe-

2102 1673 2230 1737 ιείας
2270 1673 2368 1726 τοῦ
2407 1672 2646 1743 μεγάλου
2679 1672 2818 1726 Θεοῦ
2861 1673 2957 1726 καὶ
2987 1671 3239 1742 Σωτῆρος
3279 1672 3450 1742 ἡμῶν
3496 1671 3690 1742 ,Ἰησοῦ

395 1763 540 1816 rium
570 1760 628 1814 in
660 1759 884 1815 sarcula.
926 1759 1125 1816 Amen.

397 1951 659 2025 Prologus
698 1950 1080 2025 auctoritatum
1136 1951 1393 2025 Theodori
1449 1951 1584 2023 (57),
1641 1961 1691 2006 et
1747 1951 1979 2007 aliorum

985 2023 1374 2078 hereticorum.

466 2135 548 2190 Ex
582 2133 946 2205 blasphemiis
975 2131 1258 2190 Theodori
1301 2149 1476 2204 pauca
1529 2149 1598 2189 ex
1627 2134 1821 2190 multis
1851 2149 1984 2206 pro-

397 2240 610 2298 ponere
637 2224 978 2293 studuimus,
1001 2225 1070 2281 ad
1097 2225 1504 2282 ostendendum
1523 2225 1836 2280 fatuitatem
1863 2226 1984 2296 ejus

398 2317 700 2374 absurdam
747 2319 898 2374 circa
925 2317 1144 2390 dogma,
1177 2327 1240 2373 ut
1263 2334 1332 2374 ex
1383 2317 1472 2374 his
1493 2316 1658 2372 ﬁdem
1693 2315 1983 2380 faciamus,

399 2411 539 2466 nihil
567 2425 762 2467 contra
787 2426 916 2466 eum
950 2426 1055 2468 nos
1081 2410 1328 2476 finxisse,
1367 2417 1464 2465 aut
1505 2417 1704 2464 contra
1732 2423 1831 2464 cos
1887 2407 1985 2479 qui

401 2515 530 2558 cum
559 2516 628 2556 eo
658 2501 926 2557 sentiunt.
953 2500 1012 2557 Si
1043 2503 1192 2556 enim
1224 2500 1390 2556 facile
1435 2509 1588 2556 esset
1629 2499 1837 2570 scripta
1864 2501 1986 2571 ejus

401 2593 673 2662 reperire,
721 2607 834 2648 non
859 2593 1074 2664 pigeret
1131 2609 1254 2659 nos,
1299 2593 1356 2647 in
1402 2593 1663 2648 omnibus
1711 2591 1987 2664 capitibus

405 2682 476 2739 de
505 2683 710 2754 quibus
741 2699 872 2740 eum
903 2683 1310 2749 accusavimus,
1364 2683 1548 2753 ipsum
1583 2682 1740 2736 illum
1791 2689 1985 2736 testem

2011 1749 2058 1809 Β
2085 1763 2348 1836 Χριστοῦ,
2375 1757 2422 1833 ᾧ
2455 1765 2490 1836 ή
2517 1764 2646 1829 δόξα
2678 1765 2774 1819 καὶ
2800 1765 2863 1818 τδ
2899 1764 3100 1836 κράτος
3143 1764 3226 1827 εις
3268 1764 3407 1827 τοὺς
3447 1763 3688 1827 αἰῶνας.

2097 1857 2297 1928 ’Δμὴν.
2348 1852 2364 1871 κ
2980 1913 2986 1920 ,

2082 1952 2386 2022 Πρόλογος
2426 1949 2546 2004 τῶν
2586 1951 3000 2022 exculpsi-mgf
3032 1949 3314 2020 χρήσεων
3361 1949 3685 2019 Θεοδώρου

2702 2020 3021 2088 ιιιρετικοῦ.

2171 2135 2264 2189 Ἐκ
2290 2133 2400 2188 τῶν
2429 2134 2792 2206 βλασφημιῶν
2827 2133 3105 2206 Θεοδώρου
3143 2133 3304 2204 ὀλίγα
3341 2137 3411 2189 ὲκ
3435 2137 3680 2201 πολλῶν,

2085 2229 2162 2291 εἰς
2190 2226 2416 2292 ἔνδειξιν
2433 2227 2536 2296 τῆς
2559 2227 2687 2297 ὅλης
2715 2226 2881 2281 αὐτοῦ
2904 2243 2970 2280 πε
2982 2228 3034 2298 pi.
3057 2227 3117 2280 τὸ
3145 2227 3322 2297 δόγμα
3350 2229 3682 2297 σκαιότητος

2093 2318 2436 2390 παραθέσθαι
2469 2317 2906 2387 ἐσπουδάσαμεν,
2937 2319 3024 2372 ἵνα
3063 2319 3127 2371 ὲκ
3164 2318 3372 2373 τούτων
3402 2319 3501 2372 καὶ
3548 2321 3680 2392 τιεῂ

2091 2412 2200 2466 τῶν
2229 2409 2440 2464 λοιπῶν
2470 2407 2904 2479 πιστωσώμεθα,
2927 2409 3003 2472 ὡς
3021 2409 3180 2466 οὐδὲν
3204 2408 3373 2463 αὑτοῦ
3401 2409 3681 2479 tutati/au-

2094 2502 2329 2573 σάμεθα,
2363 2501 2398 2573 ἢ
2438 2501 2547 2555 τῶν
2576 2501 2644 2554 τὰ
2681 2501 2891 2554 ἐκείνου
2919 2500 3286 2572 φρονούντων.
3327 2499 3390 2554 Ei
3425 2501 3528 2570 μὲν
3569 2501 3677 2570 γάρ

2093 2590 2207 2649 οἶόν
2236 2612 2295 2648 τε
2323 2589 2392 2664 ἦν
2431 2593 2671 2658 εὐκόλως
2713 2594 2898 2664 εὑρεῖν
2921 2593 3022 2656 τὰς
3066 2593 3249 2656 πάσας
3279 2592 3445 2646 αὐτοῦ
3479 2595 3678 2646 συντά-

2097 2690 2230 2758 ξεις,
2257 2691 2358 2746 οὐκ
2384 2690 2452 2745 ἂν
2480 2691 2811 2759 ὠκνήσαμεν
2831 2688 2960 2760 περὶ
2985 2689 3205 2742 πάντων
3225 2686 3333 2742 τῶν
3359 2685 3678 2754 κεφαλαίων

405 2775 743 2846 producere.
774 2774 914 2842 Quia
968 2791 1101 2832 vero
1132 2790 1236 2831 nos
1275 2775 1368 2830 vix
1423 2783 1480 2831 et
1521 2789 1722 2846 magno
1776 2774 1989 2840 labore,

2102 2777 2170 2837 ὧν
2235 2782 2400 2837 αὐτὸν
2459 2779 2822 2852 ὲγραψάμεθα
2848 2819 2863 2842 ,
2927 2777 3090 2832 αὑτὸν
3153 2780 3366 2832 ἐκεῖνον
3436 2775 3679 2846 ποιήσα·

405 2877 464 2922 et
495 2867 685 2923 multis
710 2866 1143 2938 cogitationibus
1176 2867 1260 2922 usi
1297 2866 1502 2922 librum
1529 2867 1651 2939 ejus
1681 2875 1875 2922 contra
1905 2866 1993 2920 in-

407 2959 790 3014 carnationem
815 2959 1062 3030 reperire
1089 2959 1408 3030 potuimus;
1452 2959 1816 3017 vehementer
1844 2957 1994 3013 enim

409 3053 730 3116 observant,
759 3061 818 3108 et
845 3059 1138 3108 caventne
1179 3052 1332 3108 illius
1374 3051 1548 3106 libros
1597 3066 1724 3107 eum
1783 3051 1855 3106 iis
1899 3050 1994 3122 qui

408 3162 519 3202 non
545 3155 676 3202 sunt
703 3147 762 3201 in
796 3147 907 3202 illis
969 3146 1236 3208 instituti,
1273 3145 1723 3212 communicent;
1753 3144 1825 3199 ob
1853 3143 1997 3198 hanc

409 3253 631 3294 causam
662 3251 729 3293 ea
759 3237 944 3292 solum
975 3252 1100 3308 quae
1155 3243 1352 3291 contra
1401 3235 1844 3290 incarnationem
1878 3232 1997 3289 Sal-

407 3329 618 3386 vatoris
643 3328 804 3395 dixit,
842 3343 993 3383 nunc
1012 3327 1276 3399 colligere
1299 3328 1627 3398 potuimus:
1660 3327 1707 3383 si
1737 3327 1864 3397 quis
1899 3340 1996 3381 ve-

411 3436 477 3476 ro
506 3435 616 3475 non
646 3420 972 3477 adhibuerit
1005 3420 1193 3488 iidem,
1222 3429 1280 3476 et
1324 3420 1378 3476 ei
1418 3428 1580 3476 vacat
1630 3428 1690 3476 et
1736 3428 1824 3474 est
1871 3417 1996 3474 ani-

412 3527 558 3577 mus,
587 3521 798 3582 quaerat
840 3528 965 3582 quae
993 3529 1134 3568 vane
1191 3513 1504 3568 elaboravit
1548 3511 1604 3566 in
1663 3510 1906 3567 Genesin
1940 3519 1997 3566 et

413 3602 471 3657 in
502 3603 710 3658 librum
733 3612 929 3659 contra
956 3603 1080 3670 Job,
1118 3613 1175 3659 et
1214 3619 1440 3674 pravam
1477 3603 1996 3674 interpretationbm

413 3693 798 3764 inEpistolam
826 3695 894 3750 ad
919 3694 1204 3759 Hebraeos,
1231 3694 1372 3749 etin
1421 3693 1724 3764 Epistolam
1776 3692 1843 3747 ad
1887 3691 1996 3748 Co-

412 3786 678 3851 rinthios,
716 3793 774 3842 et
825 3787 894 3842 ad
923 3785 1168 3850 Galatas,
1210 3794 1268 3840 et
1317 3801 1439 3855 qute
1471 3793 1666 3840 contra
1697 3784 1997 3855 Magusteos

412 3876 658 3948 scripsit,
690 3883 748 3930 et
768 3875 1303 3946 praemeditationem
1329 3882 1698 3929 escaecantem
1727 3873 1783 3926 in
1810 3887 1998 3928 sacros

416 3969 682 4033 Psalmos,
722 3976 782 4022 et
842 3981 970 4036 quae
1011 3981 1114 4036 pro
1171 3965 1444 4020 Eunomia
1481 3974 1675 4019 contra
1734 3965 1997 4019 Basiliam

2098 2874 2223 2928 σθαι
2261 2874 2542 2946 μάρτυρα.
2586 2871 2808 2943 Ἐπειδὴ
2831 2871 2890 2924 δὲ
2945 2870 3100 2941 μόλις
3143 2871 3234 2922 καὶ
3277 2867 3417 2938 μετὰ
3466 2863 3674 2920 πολλοῦ

2095 2966 2268 3020 κόπου
2303 2964 2560 3018 ἐπινοιῶν
2585 2980 2646 3016 τε
2677 2963 2892 3034 μυρίων
2920 2963 3020 3033 τὴν
3057 2960 3194 3015 κατὰ
3235 2960 3334 3029 τῆς
3383 2958 3671 3030 ἑνανθρωο

2097 3059 2316 3127 πήσεως
2365 3054 2530 3109 αὑτοῦ
2595 3053 2775 3124 βίϐλον
2829 3053 3006 3126 εὑρεῖν
3047 3049 3362 3118 δεδυνήμεθα
3400 3049 3656 3118 (σφόδρα

2095 3150 2206 3220 γὰρ
2257 3147 2852 3218 παραπεφυλαγμένως
2893 3145 2959 3200 τὰ
3001 3140 3152 3198 αὐτοῦ
3204 3143 3316 3204 τοῖς
3371 3139 3644 3210 ἀμυήτοις

2097 3241 2366 3294 ἐκδιδόναι
2425 3237 2736 3308 θαρροῦσι),
2769 3237 2963 3290 τούτου
3009 3233 3186 3287 ἕνεκεν
3235 3231 3309 3284 τὰ
3355 3228 3502 3282 κατὰ.
3553 3228 3661 3299 τῆς

2098 3332 2574 3402 ὲνανθρωπήσεως
2607 3330 2700 3384 τοῦ
2732 3330 2986 3400 Σωτῆρος
3013 3325 3154 3397 αὐτῷ
3185 3323 3451 3396 εἰρημένα
3485 3321 3625 3392 μόνα
3650 3361 3668 3384 ,

2098 3423 2156 3476 ὲν
2201 3421 2280 3492 τῷ
2328 3423 2556 3492 παρόντι
2605 3419 2967 3486 συλλέξασθαι
3009 3414 3344 3486 δεδυνήμεθα
3372 3431 3387 3444 ·
3431 3413 3478 3464 εἰ
3506 3411 3564 3464 δὲ
3590 3427 3674 3474 τις

2099 3515 2418 3585 ἀπιστήσει,
2449 3514 2573 3582 ἄγοι
2609 3513 2665 3566 δὲ
2710 3511 2849 3576 ὅλως
2895 3509 3097 3582 σχολὴν
3144 3510 3240 3562 καὶ
3293 3505 3672 3578 προθυμεῖται,

2102 3608 2400 3678 ζητησάτω
2432 3605 2600 3660 αὐτοῦ
2635 3605 2734 3669 τάς
2767 3622 2826 3657 τε
2869 3607 2950 3668 εἰς
2993 3603 3094 3671 τὴν
3134 3601 3350 3670 γένεσιν
3389 3613 3676 3669 ματαιοποισ

2098 3699 2240 3766 νίας,
2273 3701 2367 3752 καὶ
2405 3697 2506 3768 τὴν
2543 3698 2686 3752 κατὰ
2708 3696 2802 3751 τοῦ
2847 3697 2966 3750 Ἰὼϐ
3004 3695 3213 3764 βίϐλον,
3244 3695 3344 3764 τήν
3383 3709 3446 3744 τε
3481 3689 3674 3762 παρεξ-

2100 3795 2302 3866 ήγησιν
2371 3793 2440 3865 ἣν
2499 3791 2580 3855 εἰς
2640 3792 2742 3860 τὴν
2799 3789 2939 3860 πρὸς
3007 3787 3300 3856 Ἐϐραίους
3362 3783 3677 3852 Ἐπιστολὴν

2101 3884 2424 3952 πεποίηται,
2459 3882 2556 3937 καὶ
2589 3881 2696 3954 μὴν
2725 3881 2820 3935 καὶ
2851 3883 2931 3944 εἰς
2953 3881 3054 3953 τὴν
3083 3881 3222 3952 πρὸς
3247 3877 3573 3950 Κορινθίους
3593 3873 3678 3927 καὶ

2099 3977 2366 4040 Γαλάτας,
2401 3975 2472 4029 τά
2514 3993 2576 4028 τε
2610 3974 2759 4029 κατὰ
2792 3974 3164 4043 Μαγουσαίων
3207 3971 3390 4024 αὐτῶν
3451 3982 3680 4037 συγγρα-

413 4060 661 4132 scripsit.
714 4058 806 4115 Sic
847 4074 950 4130 ego
976 4073 1118 4113 voco
1157 4065 1329 4113 totam
1355 4057 1478 4130 ejns
1506 4055 1814 4128 apologiam
1841 4055 1993 4110 omni

418 4169 438 4173 _
459 4152 765 4173 --__-_.2A__
802 4150 1019 4173 _l-_-...
1041 4166 1054 4173 -
1081 4149 1210 4173 τι--.
1255 4149 1635 4173 ...ιΑ--ρι2.η.--
1668 4147 1918 4173 ι....ι,ε,1-,.
1939 4159 1990 4173 Α.

2102 4071 2293 4142 φέντα,
2319 4069 2414 4152 καὶ
2443 4067 2540 4122 τὸν
2565 4067 2706 4123 κατὰ
2745 4067 2854 4120 τῶν
2883 4067 3044 4138 ἱερῶν
3084 4064 3340 4136 Ψαλμῶν
3363 4060 3676 4132 τυφλοποιὸν

415 4152 770 4210 accusatione
802 4150 1055 4222 plenam:
1080 4149 1214 4204 item
1251 4149 1638 4206 enarrationcs
1668 4147 1920 4204 turbidas
1936 4159 1993 4202 et

413 4247 769 4317 blasphemas
827 4243 884 4298 in
932 4242 1290 4312 Evangelium
1343 4243 1607 4310 Matthaai,
1663 4242 1888 4299 Joannis
1938 4249 1995 4296 et

416 4336 600 4401 Lucae,
623 4345 678 4391 et
699 4339 946 4406 ipsorum
969 4342 1289 4390 sanctorum
1319 4335 1694 4404 apostolorum
1743 4342 1801 4388 et
1829 4346 1998 4386 cvan-

417 4426 734 4497 gelistarum
747 4426 1015 4496 superbas
1033 4439 1174 4494 quas
1188 4439 1359 4480 ausus
1377 4433 1484 4490 est,
1505 4423 1989 4495 reprehensiones,

492 4622 615 4697 (57)
633 4620 895 4697 Prologus
918 4621 1300 4697 auctoritatem
1322 4620 1522 4697 leorlo
1530 4623 1603 4697 ri._
1615 4622 1759 4676 Bene
1775 4621 1918 4676 factu
1926 4637 2000 4686 m,

419 4691 568 4765 quod
598 4691 863 4748 Leontius
885 4693 1050 4765 impii
1068 4692 1346 4746 Theodori
1371 4691 1538 4760 impia
1572 4692 1827 4765 dogmata
1848 4706 2003 4765 corn-

420 4761 855 4828 memoraturus,
879 4779 939 4818 se
963 4761 1020 4817 et
1040 4763 1304 4817 lectorem
1327 4776 1512 4832 suum
1557 4761 1870 4832 praémunit:
1913 4761 2004 4816 Si-

421 4835 571 4888 milia
601 4834 878 4888 Theodori
903 4834 1158 4902 dogmata
1179 4830 1637 4902 prodiderunt—ex
1660 4831 1797 4902 ipsis
1825 4830 2006 4902 Theo-

422 4905 543 4959 dori
567 4904 748 4967 libris,
779 4918 904 4958 cum
932 4900 1050 4968 alii,
1080 4900 1196 4956 tum
1227 4900 1481 4972 Pelagius
1510 4901 1759 4972 pontifex
1787 4901 1841 4954 in
1865 4900 1998 4969 Epi-

423 4974 567 5042 stola
591 4972 834 5026 secunda
855 4973 924 5028 ad
951 4973 1245 5042 episcopos
1273 4971 1468 5035 Istrize,
1511 4971 1608 5025 ubi
1633 4971 1778 5024 inter
1801 4979 1999 5042 caetera

424 5043 532 5098 ista
559 5041 816 5111 leguntur
843 5061 855 5096 :
885 5040 1008 5098 ch
1038 5043 1103 5096 de
1120 5040 1417 5096 innumeris
1441 5057 1610 5110 pauca
1653 5040 1998 5111 protulimus,

422 5121 482 5166 ut
505 5109 657 5180 quasi
691 5127 783 5182 per
810 5112 1050 5182 foramen
1073 5119 1378 5182 angustum,
1411 5109 1574 5179 quam
1642 5109 1864 5162 nimium
1903 5109 2001 5182 ba-

425 5179 851 5262 rathrum‘intus
893 5181 1104 5262 lateret,
1148 5179 1623 5262 'ntortstrarcmus:
1676 5194 1789 5232 ecce
1818 5179 2002 5262 quales

425 5250 710 5321 plusquam
738 5250 914 5321 decem
957 5249 1130 5304 millia
1189 5249 1348 5304 libros
1379 5247 1678 5321 Theodorus
1734 5247 2006 5320 scripsisse

426 5319 746 5392 perhibetur.
799 5320 1049 5392 Pensate,
1102 5335 1299 5390 quteso,
1351 5319 1536 5392 sinon
1587 5328 1738 5374 tanta
1793 5319 2005 5392 acriora

426 5388 690 5445 tormenta
745 5391 1054 5461 promeruit,
1111 5388 1604 5461 quantopluriora
1661 5391 1990 5461 conscripsit.

412 5461 518 5518 Sed
545 5462 656 5516 ltwc
701 5459 847 5517 illius
895 5462 1035 5515 dicta
1079 5459 1196 5531 qua;
1225 5459 1438 5531 prolata
1487 5470 1632 5524 sunt,
1683 5459 2005 5530 utrum'ejus

424 5535 553 5596 sint,
589 5531 812 5602 fortasse
844 5530 1135 5587 dubitatur.
1165 5530 1410 5597 Patrum,
1469 5533 1515 5586 si
1567 5531 2000 5602 placet,scripta

427 5601 779 5673 proferamus.
825 5602 1088 5673 Armenia:
1118 5603 1308 5673 quippe
1357 5601 1581 5673 episcopi
1623 5601 1996 5673 Procloﬁon-

427 5671 916 5748 stantinopolitanw
944 5672 1085 5728 urbis
1107 5671 1344 5746 episwpo
1375 5671 1576 5728 libellus
1617 5682 1802 5730 contra
1829 5671 1990 5726 Theo-

2101 4148 2466 4235 προθεωρίαν,
2527 4161 2596 4214 τά
2625 4178 2686 4214 τε
2735 4161 2876 4231 ὑπὲρ
2902 4158 3176 4229 Εὐνομίας)
3217 4157 3366 4212 κατὰ
3404 4154 3674 4208 Βασιλείου

2101 4257 2196 4310 τοῦ
2223 4258 2367 4310 πάνυ
2395 4256 2560 4326 (οὕτω
2582 4237 2691 4326 γὰρ
2717 4253 2827 4324 ἐγὼ
2848 4255 3000 4308 καλῶ
3019 4254 3121 4326 τὴν
3143 4255 3329 4321 πάσης
3348 4249 3677 4321 κατηγορίας

2109 4349 2312 4420 μεστὴν
2343 4348 2486 4420 ὑπὲρ
2521 4347 2686 4402 αὑτοῦ
2720 4347 3039 4417 ἀπολογίαν)
3061 4365 3076 4378 ’
3111 4347 3212 4410 τάς
3241 4363 3300 4399 τε
3329 4346 3415 4409 εὶς
3454 4344 3517 4398 τὸ
3548 4341 3678 4395 κατὰ

2101 4441 2384 4496 Ματθαϊον
2412 4441 2505 4494 καὶ
2551 4439 2808 4510 Ἰωάννην
2834 4441 2930 4494 καὶ
2955 4441 3142 4510 μέντοι
3187 4453 3254 4507 γε
3280 4439 3505 4491 Λουκᾶν
3533 4436 3678 4488 τεθο-

2310 4520 2317 4539 Ι

2109 4623 2298 4675 dorum
2336 4623 2682 4692 porrigentes,
2713 4620 2930 4692 dicunt:
2970 4639 2987 4669 ι
3010 4615 3133 4692 Fuit
3167 4627 3346 4692 autem
3377 4619 3574 4692 aliquis
3601 4635 3682 4690 ντί

2107 4694 2202 4746 stis
2237 4689 2410 4754 homo,
2444 4689 2612 4758 inagis
2633 4699 2809 4743 autem
2836 4689 2973 4761 fera,
2991 4690 3220 4761 nominis
3240 4692 3438 4746 habens
3464 4689 3684 4761 formum

2110 4761 2448 4824 diabolicam,
2506 4762 2720 4814 mentito
2746 4759 2958 4831 nomine
2996 4759 3320 4831 Theodorus,
3346 4763 3441 4831 qui
3465 4759 3685 4831 schema

2111 4843 2159 4886 et
2184 4847 2375 4886 nomen
2408 4831 2637 4902 episcopi
2675 4828 3192 4902 habuit,_in_qngulo
3215 4839 3264 4883 et
3315 4828 3537 4902 ignobili
3578 4830 3685 4883 low

2110 4903 2249 4957 orbis
2299 4898 2847 4963 terrarum'latitaus,
2879 4899 2936 4952 in
2963 4898 3355 4968 Mopsuestano'
3384 4901 3585 4956 Cilicia:
3600 4915 3686 4953 se—

2101 4973 2286 5028 cunda:
2316 4971 2416 5042 fuel
2463 4971 2697 5042 oppido,_
2731 4983 2851 5022 uere
2876 4969 3100 5042 quidem
3145 4978 3235 5042 et_
3253 4971 3627 5042 principaliter
3653 4987 3684 5021 α

2102 5043 2280 5097 Paulo
2302 5038 2650 5098 Samosatcito
2665 5038 3002 5101 descendens,
3043 5039 3164 5094 licet
3201 5038 3438 5095 Photino
3455 5050 3505 5095 et
3529 5050 3683 5094 cme-

2104 5115 2178 5168 ris
2233 5111 2590 5168 Itwrcsiarchis
2634 5112 2692 5165 in
2740 5109 2872 5162 libro
2911 5107 2990 5162 De
3037 5109 3426 5166 Incarnatione
3473 5109 3684 5165 Domini

2106 5186 2274 5238 nostri
2299 5182 2425 5236 Jesu
2455 5179 2652 5236 Christi
2671 5181 2726 5252 in
2745 5186 2854 5232 toto
2895 5195 2992 5252 suo
3031 5182 3305 5252 proposito
3343 5183 3476 5252 ipsis
3520 5180 3684 5252 verbis

2107 5255 2411 5308 inueniatur
2435 5267 2580 5305 usus.
2611 5269 2629 5301 ι
2678 5248 2804 5304 Haec
2831 5256 2888 5302 et
2925 5250 3084 5318 plura
3110 5251 3219 5304 alia
3265 5251 3321 5306 in
3348 5248 3466 5306 suis
3489 5249 3681 5305 litteris

2107 5324 2361 5394 Pelagius
2405 5320 2676 5394 pontifex,
2739 5319 3152 5394 cepsentientia
3212 5336 3344 5375 cum
3403 5322 3511 5394 his,
3567 5335 3683 5394 quae

2111 5387 2379 5454 Leontius
2406 5387 2656 5446 'adducit
2701 5404 2768 5443 ex
2799 5387 3132 5460 Theodoro,
3191 5405 3224 5444 a
3258 5407 3372 5460 quo
3403 5387 3683 5460 Nestorius

2109 5479 2264 5518 suam
2302 5462 2640 5532 impietatem
2664 5457 2844 5513 hausit
2873 5497 2888 5520 ,
2931 5457 3486 5532 Tlieodortts'aute'm
3519 5459 3682 5532 aDio-

2105 5533 2244 5588 doro
2275 5527 2564 5607 Tarsensi,
2624 5541 2922 5607 omnesque
2969 5545 3010 5607 a_
3059 5529 3238 5607 Paulo
3292 5527 3678 5607 Samosatensi,

2102 5613 2164 5683 ut
2205 5603 2490 5726 pr'pductis
2520 5599 2850 5657 testimoniis
2887 5599 3119 5667 copiose
3143 5601 3498 5660 demonstrat
3520 5601 3680 5656 Leon-

2102 5682 2228 5726 tms.
2315 5689 2404 5726 un.

2099 5673 2228 5728 tius.
2263 5673 2404 5728 Tua.
