3888 6168
233 317 367 384 i385

1133 315 1301 378 ADV.
1345 313 2054 377 INCORRUPTICOLAS
2090 314 2188 376 ET
2235 317 2548 380 NESTOR.

3329 316 3468 386 1386

225 418 475 496 λωμένας
501 423 788 495 ἐξηγήσεις
814 422 909 475 καὶ
945 421 1311 493 βλασφημίας,
1341 424 1438 478 καὶ
1467 423 1585 476 κατ’
1611 423 1793 478 αὐτῶν

1933 433 1952 480 t
1985 423 2090 478 alia
2116 423 2237 494 ejus
2273 441 2463 498 opera,
2484 443 2552 484 ne
2578 427 2795 498 singula
2829 443 3184 494 enumerem;
3211 439 3267 484 ct
3311 429 3468 485 ride-

215 518 275 571 δὲ
305 516 412 570 τῶν
434 515 603 586 ιερῶν
623 513 936 568 ἀποστόλων
963 513 1058 566 καὶ
1084 513 1485 582 εὐαγγελιστῶν
1512 515 1796 586 ὑπερηφά.

210 626 336 673 νους
387 609 484 662 καὶ
525 603 1062 675 ἀποτετολμημένας
1115 589 1382 676 μέμψεις,
1427 607 1496 660 τά
1546 623 1605 660 τε
1659 607 1793 662 ἄλλα

216 699 404 763 αὐτοῦ,
429 699 518 752 ἵνα
571 697 645 768 μὴ
671 696 733 749 τὸ
762 695 883 749 καθ’
915 690 974 749 ἓν
994 695 1159 764 λέγω,
1192 699 1570 768 συντάγματα,
1601 697 1796 767 ὄψεται

223 790 384 860 βυθὸν
415 788 680 848 ἀσεδείας
719 787 899 856 πάσης
930 788 1029 857 τῆς
1057 780 1382 860 Μαρκίωνος
1415 791 1508 844 καὶ
1541 789 1797 844 Βαλεντί-

219 896 338 940 νου.
367 881 506 950 προς
535 879 599 932 δὲ
631 879 725 932 καὶ
761 879 862 946 τῆς
892 879 1074 950 πηγῆς
1101 881 1208 933 τῶν
1243 879 1429 934 κακῶν
1455 881 1549 935 τοῦ
1581 883 1798 936 Μάνεν-

225 990 320 1036 τος
347 971 512 1040 λέγω,
547 970 972 1042 βδελυκτοτέραν
1004 988 1064 1024 τε
1097 971 1190 1024 καὶ
1236 972 1530 1043 ἀθεοτέραν
1571 971 1800 1043 γνώμην

226 1081 288 1117 τε
325 1065 418 1117 καὶ
445 1063 778 1134 ἐγχείρησιν.
826 1063 1020 1132 Ἡμεῖς
1048 1062 1124 1125 δὲ,
1161 1061 1238 1126 ὡς
1293 1063 1500 1133 ἔφαμεν
1525 1104 1542 1130 ,
1577 1063 1672 1118 τοῦ
1725 1063 1800 1136 μὴ

225 1157 378 1222 δόξαι
410 1157 587 1227 πάντη
628 1155 923 1226 ἀμάρτυρα
954 1154 1024 1208 τὰ
1054 1155 1174 1208 κατ’
1195 1153 1362 1208 αὐτοῦ
1405 1155 1673 1228 λεγόμενα
1705 1174 1804 1210 κα-

225 1242 496 1312 ταλιπεῖν,
530 1245 774 1308 πολλαῖς,
807 1245 884 1307 ὡς
911 1243 1084 1314 ἔφην,
1119 1245 1389 1309 ἐπινοίαις
1431 1264 1492 1300 τε
1533 1247 1631 1300 καὶ
1673 1246 1804 1316 μεθ-

226 1331 368 1400 tam;
393 1339 759 1410 χρησάμενοι,
781 1335 940 1406 μόνον
967 1335 1030 1388 τὸ
1058 1335 1198 1388 κατὰ
1219 1335 1318 1403 τῆς
1337 1336 1802 1408 ἐνανθρωπὴσεως

227 1429 378 1501 αὖτῷ
405 1428 705 1501 συνταχθὲν
725 1429 904 1498 εὑρεῖν
926 1427 1248 1498 ἰσχύσαμεν,
1272 1427 1366 1497 ἀφ’
1392 1419 1453 1480 οὗ
1485 1427 1579 1481 καὶ
1599 1425 1805 1490 ταύτας

227 1524 328 1586 τὰς
361 1525 592 1594 χρήσεις
640 1519 984 1592 παραθέσθαι
1028 1519 1462 1588 ἐσπουδάσαμεν.
1495 1520 1558 1573 Εἰ
1579 1519 1638 1572 δὲ
1672 1518 1805 1583 Θεὸς

229 1617 546 1687 ἐπιτρέποι,
585 1615 680 1668 καὶ
714 1615 744 1666 ό
772 1613 965 1684 χρόνος
993 1613 1143 1682 ἡμᾶς
1174 1611 1248 1682 μὴ
1283 1611 1586 1676 ἐπιλείποι,
1611 1611 1806 1680 ἑτέραν

1897 515 2336 585 bitprol‘undum
2367 518 2550 574 omnis
2593 518 2894 588 impietatis
2945 519 3238 574 Marcionis
3263 527 3320 575 et
3361 521 3466 576 Va-

1896 607 2118 672 lentini,
2156 608 2297 664 adde
2328 609 2494 666 etiam
2519 610 3028 676 exsecrabiliorem,
3071 619 3128 666 et
3159 612 3332 682 magis
3361 611 3468 666 im-

1897 702 2042 771 piam
2067 703 2420 768 sententiam,
2457 712 2516 758 et
2564 712 2882 774 susceptum
2938 705 3250 770 scelestius,
3304 719 3469 776 quam

1898 793 2207 858 Mauicbtei,
2235 793 2403 848 fontis
2426 795 2732 848 malorum:
2767 811 2868 850 nos
2900 812 3050 859 vero,
3099 803 3158 848 ut
3203 796 3468 860 diximus,

1897 898 1967 938 ne
2001 881 2342 947 videremur,
2373 898 2496 951 quae
2551 891 2742 938 contra
2774 900 2898 939 eum
2922 901 2951 939 a
2974 885 3138 940 nobis
3189 887 3470 951 dicuntur,

1901 973 2021 1027 sine
2049 971 2286 1028 testibus
2302 970 2450 1024 dicta
2482 971 2824 1041 relinquere,
2856 975 3046 1030 multis
3081 975 3188 1029 viis
3225 983 3280 1030 et
3326 975 3475 1044 cogi-

1903 1061 2206 1118 tationibus
2236 1061 2342 1124 usi,
2377 1062 2554 1116 solum
2583 1064 2731 1132 quod
2785 1072 2980 1119 contra
3036 1065 3472 1122 incarnationem

1901 1153 2231 1225 composuit,
2258 1153 2502 1224 reperire
2535 1154 2930 1223 potuimus-Si
2974 1165 3158 1211 autem
3207 1159 3476 1214 Dominus

1903 1247 2318 1318 permiserit,et
2358 1259 2574 1315 tempus
2604 1261 2706 1300 nos
2761 1261 2871 1301 non
2911 1246 3151 1312 deﬁciet,
3186 1249 3352 1302 alium
3411 1251 3480 1304 lic

1904 1339 2065 1392 brqu
2097 1345 2288 1394 contra
2311 1353 2434 1391 cum
2459 1352 2874 1406 componemus,
2909 1337 2963 1392 in
3011 1353 3122 1408 quo
3174 1355 3271 1408 per
3302 1341 3476 1395 otium
3560 1345 3577 1396 ’ἱ

1908 1443 2350 1498 unamquamque
2381 1428 2717 1498 impietatem
2741 1429 2860 1498 ejus
2879 1444 2944 1483 ex
2969 1429 3142 1499 ipsius
3183 1429 3340 1484 libris
3362 1431 3478 1484 col—
3571 1421 3578 1466 λ

1905 1515 2158 1586 iigcmus.
2185 1522 2390 1570 etcum
2416 1531 2526 1584 quo
2568 1531 2636 1570 ex
2693 1515 2968 1570 haereticis
3009 1531 3348 1585 unaqumquc
3384 1521 3480 1572 'co-
3567 1541 3576 1584 γ

1906 1608 2222 1677 gnationem
2269 1605 2486 1670 habeat,
2541 1613 2600 1661 et
2641 1605 3064 1662 auctoritatibus
3095 1601 3214 1676 ejus
3246 1607 3479 1660 demon-
3547 1593 3586 1674 3"

227 1709 352 1761 κατ’
379 1707 548 1762 αὐτοῦ
580 1705 830 1772 σύνταξιν
865 1702 1226 1774 ποιησόμεθα,
1257 1705 1314 1756 ἐν
1417 1701 1560 1757 κατά
1607 1701 1806 1774 σχολὴν

1924 1700 2222 1753 strabimus.
2248 1696 2742 1764 Quinetiamtotam
2763 1697 3214 1768 ejusamcntiam,
3241 1708 3296 1752 et
3315 1715 3478 1768 quam

229 1799 478 1868 ἑκάστην
507 1797 674 1852 αὐτοῦ
697 1797 954 1852 ἀσέϐειαν
974 1799 1040 1850 ἐκ
1071 1793 1181 1848 τῶν
1215 1794 1383 1848 αὐτοῦ
1407 1793 1581 1862 λόγων
1615 1793 1806 1847 συλλε-

1924 1787 2115 1843 habeat
2139 1797 2332 1842 contra
2355 1796 2546 1844 omnes
2567 1789 2757 1844 Patres
2786 1789 3114 1844 sententiam
3141 1779 3197 1844 in
3224 1789 3482 1844 omnibus

225 1891 482 1960 ξάμενοι,
520 1891 658 1961 πρὸς
709 1889 832 1943 τίνα
873 1905 934 1942 τε
979 1887 1088 1940 τῶν
1122 1885 1252 1958 παρ’
1283 1884 1516 1948 ἐκείνοις
1558 1885 1808 1955 χρήσεων

223 1981 500 2052 δείξομεν.
537 1981 649 2035 Καὶ
692 1980 798 2050 μὴν
833 1980 928 2033 καὶ
971 1977 1069 2049 τὴν
1115 1977 1247 2046 ὃλην
1295 1976 1459 2030 αὐτοῦ
1506 1974 1809 2048 φρενοϐλά-

225 2072 407 2134 ϐειαν,
434 2070 539 2124 καὶ
567 2069 632 2142 ἠν
659 2069 796 2140 πρὸς
835 2068 1043 2132 πάντας
1069 2068 1202 2130 τοὺς
1233 2067 1426 2136 ἁγίους
1475 2067 1588 2136 ἔχει
1635 2065 1809 2118 Πατέ-

225 2177 354 2232 ρας,
383 2159 523 2232 περὶ
564 2161 740 2215 πάντα
763 2160 1015 2214 ἐναντίαν
1043 2157 1272 2230 γνώμην
1299 2159 1363 2212 ὲκ
1413 2158 1523 2210 τῶν
1575 2157 1813 2228 ἱερωτά-

223 2267 337 2306 των
382 2251 564 2304 αὐτοῦ
611 2249 940 2319 πονημάτων
980 2247 1320 2317 ἐπιδείξομεν
1349 2264 1366 2280 ο
1397 2247 1812 2318 ἀντιρῥητικαῖς

225 2355 287 2392 τε
323 2340 465 2411 προς
513 2339 682 2393 αὐτόν
727 2341 819 2392 ἐπὶ
859 2337 1074 2402 τούτοις
1106 2337 1424 2409 χρησόμεθα
1453 2337 1806 2398 ἀπίασκευαῖς.

223 2424 300 2484 Τὸ
329 2430 388 2484 δὲ
433 2431 542 2484 νῦν
569 2429 984 2502 ἀρκεσθήσομαι
1022 2432 1086 2500 τῇ
1129 2427 1648 2498 κεφαλαιωδεστέρᾳ
1687 2426 1808 2479 κατ’

217 2521 392 2575 αὐτοῦ
445 2521 734 2594 γενομένῃ
795 2519 1114 2590 γραφῇ,ἶνα
1166 2519 1242 2590 μὴ
1295 2518 1470 2588 πάντη
1526 2516 1808 2570 λανθάνων

1913 1879 2244 1934 contrariam
2275 1879 2434 1946 eis,et
2455 1878 2833 1944 sanctissimis,
2855 1873 2974 1950 ejus
3003 1879 3266 1950 Operibus
3291 1889 3480 1935 osten-

1915 1971 2130 2026 demus.
2174 1969 2254 2025 Ad
2312 1969 2428 2025 lucc
2455 2011 2469 2036 ,
2524 1971 2998 2028 confutationibus
3045 1971 3310 2028 adversus
3353 1989 3480 2029 eum

1914 2071 2157 2117 utemur.
2219 2061 2378 2117 Nune
2423 2071 2606 2117 autem
2637 2067 2929 2120 contentus
2982 2082 3080 2121 Ci‘O
3130 2067 3485 2122 aCCUSﬂliOﬂC

1915 2151 2074 2206 brevi
2117 2159 2312 2206 contra
2366 2163 2494 2206 eum
2541 2155 2864 2224 composita,
2887 2171 2977 2219 ne,
3013 2156 3236 2225 penitus
3283 2157 3481 2222 latens,

1916 2241 2349 2312 simplicioribus
2414 2252 2645 2309 noceat;
2699 2255 3145 2316 cognoscantque
3197 2249 3293 2317 qui
3357 2263 3484 2303 eum

1913 2341 2218 2398 sectantur,
2246 2333 2394 2388 hunc
2423 2349 2480 2388 se
2502 2335 2889 2392 commendare
2929 2346 2986 2392 et
3023 2335 3342 2404 defendere,
3384 2355 3485 2394 eu-

1907 2424 2123 2508 jusncc
2152 2425 2493 2495 impietatem
2534 2424 2693 2482 facile
2721 2435 2806 2482 est
2864 2429 3107 2498 assequi,
3135 2430 3224 2486 vel
3273 2429 3318 2483 si
3360 2423 3489 2500 quis

1915 2515 2151 2570 maxime
2173 2517 2324 2570 velit.

219 2607 443 2684 βλάπτῃ
527 2611 654 2673 τούς
711 2609 1118 2679 ἁπλουστέρους
1147 2624 1160 2638 ·
1192 2606 1513 2674 γινώσκοιεν
1560 2605 1618 2659 δὲ
1657 2605 1753 2659 καὶ
1797 2605 1846 2657 ot
1892 2604 2232 2674 ἐζηλωκότες
2273 2607 2456 2672 αὐτὸν,
2521 2607 2595 2670 ὡς
2631 2608 2820 2660 τοῦτον
2864 2610 3175 2664 συνιστάναι
3221 2609 3486 2677 ἀξιοῦσιν,

222 2696 287 2756 οὐ
359 2699 515 2772 μηδὲ
572 2699 673 2768 τῆς
719 2697 976 2762 ἀσεὸείας
1028 2696 1178 2750 ἐστιν
1239 2693 1526 2764 ἐφικέσθαι
1592 2693 1793 2766 ῥᾳδίως

1924 2695 1949 2746 .l.
2022 2693 2114 2747 τδν
2168 2694 2308 2749 πάνυ
2371 2695 2843 2770 προθυμούμενονι
2894 2697 3054 2772 {AM}.
3111 2701 3236 2757 MAI.
3293 2701 3486 2775 εει-ἱρή

226 2799 335 2848 vet.
369 2787 604 2848 Collect.
635 2787 724 2855 Vl,
756 2804 811 2860 p.
849 2786 1004 2862 299.]

307 2947 514 3003 Allatis
541 2943 634 3000 hic
662 2943 951 3016 permultis
989 2942 1264 2998 Theodori
1291 2942 1663 3014 Blopsuesteni
1703 2939 2149 3005 auctoritatibus,
2188 2957 2348 3012 quas,
2375 2942 2503 3013 quia
2546 2948 2762 2999 exstant
2805 2944 2948 3000 inter
2989 2943 3168 3018 Opera
3190 2948 3491 3018 Theodori,

233 3038 414 3110 hujus
445 3032 771 3108 Patrologiw
798 3045 836 3091 t.
863 3027 1049 3101 LXVI,
1075 3035 1182 3091 col.
1205 3034 1329 3100 67%,
1368 3023 1846 3104 przetermisimus,
1887 3033 2003 3087 lucc
2038 3033 2191 3088 addit
2217 3023 2481 3089 Leontius
2509 3051 2523 3088 :

311 3177 433 3233 Καὶ
463 3175 638 3231 ταῦτα
675 3175 774 3246 μέν
801 3175 829 3227 ό
863 3172 1063 3242 ἀσεϐὴς
1079 3172 1377 3242 Θεόδωρος,
1415 3171 1558 3225 κατὰ
1591 3170 1688 3224 τοῦ
1726 3186 1815 3238 με·

1992 3169 2168 3240 Atque
2201 3169 2320 3224 haec
2344 3169 2566 3240 quidem
2599 3169 2802 3240 impius
2851 3170 3196 3240 Theodorus,-
3245 3177 3400 3234 rabie
3437 3180 3493 3236 in

237 3272 420 3340 γάλου
480 3268 616 3322 Θεοῦ
677 3268 774 3319 καὶ
822 3257 1078 3334 Σωτῆρος
1129 3263 1289 3332 ἡμῶν
1343 3261 1519 3330 Ἰησοῦ
1582 3259 1820 3332 Χριστοῦ

240 3356 526 3426 λυττὴσας
576 3345 1024 3423 ἐϐλασφήμησεν,
1090 3349 1250 3403 ἄλλον
1302 3344 1443 3402 εἶναι
1496 3349 1670 3421 λέγων
1728 3349 1825 3403 τὸν

241 3446 388 3500 Θεὸν
441 3443 636 3511 Λόγον,
670 3445 766 3496 καὶ
809 3441 968 3496 ἄλλον
1026 3430 1232 3510 Ἰησοῦν
1277 3439 1370 3494 τὸν
1419 3439 1652 3511 Χριστόν
1681 3455 1696 3471 ο
1731 3440 1825 3493 καὶ

243 3536 346 3589 τὸν
426 3534 525 3604 μὲν
589 3529 1002 3604 εὐεργετοῦντα,
1061 3533 1153 3587 τὸν
1195 3531 1253 3587 δὲ
1315 3531 1774 3604 εὐεργετούμενον
1807 3547 1822 3564 ⁸

244 3625 350 3681 καὶ
407 3623 498 3677 τὸν
556 3623 654 3695 μὲν
711 3617 976 3689 σώζοντα,
1036 3623 1128 3677 τὸν
1179 3623 1236 3676 δὲ
1287 3619 1615 3692 σωζόμενον.
1667 3621 1725 3674 '0
1771 3621 1824 3675 δὲ

243 3717 434 3772 ταῦτα
484 3715 680 3786 λέγων,
720 3713 971 3786 φανερῶς
1013 3715 1257 3785 ἀρνεῖται
1302 3715 1404 3784 τὴν
1448 3713 1539 3767 διὰ
1585 3711 1680 3767 τοῦ
1727 3715 1824 3765 Δε-

245 3815 465 3869 σπότου
511 3807 748 3882 Χριστοῦ
791 3808 1236 3876 προσγενομένην
1269 3806 1402 3874 ἡμῖν
1435 3801 1730 3874 σωτηρίαν.
1769 3800 1828 3855 '0

243 3907 367 3976 γὰρ
432 3902 562 3974 παρ’
591 3901 753 3955 ἄλλον
820 3899 1142 3968 εὐεργεσίαν
1193 3895 1542 3965 λαϐὼν,ἧτοι
1597 3892 1826 3958 σωθεὶς,

240 3998 480 4067 ἐτέρους
512 3993 630 4056 πῶς
655 3992 879 4046 δύναται
909 3995 1108 4054 σώζειν
1133 4007 1148 4056 ;
1190 3988 1254 4041 Oi
1279 3987 1457 4039 τοίνυν
1494 3984 1668 4038 ταῦτα
1695 4001 1829 4055 φρο-

241 4089 502 4149 νοῦντες.
542 4085 687 4147 τίνος
732 4084 934 4138 οἵονται
964 4080 1123 4150 σῶμα
1169 4079 1264 4133 καὶ
1292 4073 1431 4146 αἷμα
1478 4075 1804 4147 μεταλαμϐἀ

243 4197 372 4235 νειν
400 4197 416 4246 ;
453 4177 549 4231 τοῦ
593 4177 1059 4249 εὐεργετήσαντος
1086 4212 1100 4236 ,
1132 4171 1164 4242 ἢ
1201 4169 1297 4224 τοῦ
1338 4166 1830 4240 εὐεργετηθέντας,

259 4271 414 4325 Ἀλλ’
446 4271 493 4323 εί
550 4268 648 4339 μέν
685 4267 780 4322 τοῦ
824 4265 1287 4334 εὐεργετήσαντος
1325 4258 1462 4313 Θεοῦ
1490 4257 1684 4321 Λόγου,
1717 4256 1833 4319 πῶς

243 4362 422 4418 τοῦτο
463 4361 702 4429 λέγουσι,
738 4359 814 4430 μὴ
861 4355 1253 4427 ὁμολογοῦντες
1287 4351 1450 4406 αὐτὸν
1482 4347 1833 4418 σαρκωθῆναει

246 4457 358 4510 καὶ
408 4452 861 4523 ἑνανθρωπῆσαις
898 4449 960 4504 Ei
989 4448 1046 4500 δὲ
1073 4445 1169 4500 τοῦ
1216 4441 1688 4514 εὐεργετηθέντος,
1731 4454 1834 4507 μα-

1924 3275 2180 3329 magnum
2204 3261 2376 3315 Deum
2403 3271 2459 3315 et
2482 3260 2822 3316 Salvatorem
2837 3272 3090 3319 nostrum
3119 3265 3306 3321 Iesum
3335 3269 3496 3326 Chri-

1924 3359 2067 3408 stum
2097 3351 2362 3420 percitus,
2383 3351 2698 3421 blaspheme
2717 3354 2962 3422 scripsit.
2981 3354 3172 3412 dicens
3193 3357 3358 3414 alium
3377 3377 3499 3418 esse

1923 3442 2096 3497 Deum
2127 3441 2389 3506 Verbum,
2423 3451 2480 3498 et
2521 3443 2688 3498 alium
2741 3443 2931 3500 Jesum
2994 3444 3309 3504 Christum:
3343 3452 3498 3508 ill-um

1925 3530 2196 3588 beneﬁcio
2221 3532 2574 3598 aﬁicientem,
2627 3533 2779 3589 hunc
2807 3533 3082 3592 beneﬁcio
3111 3537 3400 3608 aﬁ‘ecmm;
3436 3544 3503 3598 il-

1924 3623 2038 3678 lum
2059 3623 2272 3678 salvum
2310 3624 2631 3688 facientem,
2682 3625 2832 3680 hunc
2874 3626 3088 3685 salvum
3121 3627 3349 3686 factum.
3393 3633 3499 3700 Qui

1927 3721 2110 3767 autem
2140 3713 2258 3768 haec
2286 3713 2442 3778 dicit,
2477 3714 2771 3770 manifesto
2789 3722 2952 3786 negat
2977 3717 3212 3772 salutem
3231 3735 3330 3788 per
3343 3720 3506 3777 Chri-

1926 3809 2076 3857 stum
2108 3801 2349 3858 allatam.
2375 3802 2479 3869 Qui
2520 3803 2670 3858 enim
2689 3803 2758 3858 ab
2781 3803 2890 3858 alio
2914 3805 3246 3862 beneﬁcium
3275 3811 3502 3881 accipit,

1931 3891 1984 3946 id
2015 3902 2118 3960 est,
2147 3893 2241 3964 qui
2269 3892 2449 3949 factus
2469 3902 2554 3950 est
2573 3893 2794 3961 sal'rus,
2825 3887 3104 3966 quomodo
3127 3900 3334 3971 poterit
3365 3902 3507 3958 alios

1928 3985 2112 4040 salvos
2135 3985 2354 4041 facere?
2382 3985 2485 4054 Qui
2535 3987 2656 4042 huic
2687 3987 2956 4055 sentiunt,
3009 3992 3168 4062 cujus
3199 4003 3404 4064 corpus
3447 4003 3506 4050 et
3551 3983 3560 3991 ’

1929 4075 2251 4146 διιηειιίιιεηι
2290 4091 2349 4131 se
2376 4083 2570 4146 putant
2592 4077 2648 4131 in
2669 4079 3058 4135 communione
3101 4095 3348 4148 sumere,
3381 4083 3504 4152 ejus

1929 4167 2024 4236 qui
2050 4165 2380 4222 beneﬁcium
2435 4167 2692 4233 contulit,
2736 4183 2806 4223 an
2839 4169 2935 4240 qui
2970 4169 3298 4226 beneﬁcium
3352 4187 3512 4228 acce-

1930 4257 2044 4329 pit?
2081 4259 2138 4314 Si
2159 4259 2256 4313 Dei
2275 4257 2442 4314 Verbi
2468 4259 2801 4314 beneﬁcium
2831 4261 3189 4329 conferentis,
3231 4265 3510 4334 quomodo

1932 4349 2040 4404 hoc
2067 4349 2280 4412 dicunt,
2312 4363 2424 4403 non
2459 4349 2791 4406 conﬁtentes
2822 4361 2954 4407 eum
2978 4353 3324 4410 incarnatum
3347 4357 3511 4412 esse?

1935 4440 1992 4496 Si
2017 4456 2149 4496 vero
2174 4439 2508 4496 beneﬁcium
2546 4441 2894 4510 accipientis,
2943 4443 3128 4500 inanis
3183 4453 3268 4502 est
3314 4461 3508 4505 comm

243 4507 394 4600 ταίσι
429 4507 610 4597 αὐτῶν
645 4545 679 4611 ὴ
721 4507 899 4606 ἐλπὶς,
927 4507 1444 4609 ἀνίρωπολατρείαν
1467 4507 1478 4512 ⁷
1498 4527 1815 4602 πρεσϐευόνι

1941 4546 2067 4602 spes
2095 4531 2586 4601 anthropolatriam
2613 4507 3011 4602 proﬁtentium.
3039 4535 3106 4590 Et
3127 4535 3217 4606 qui
3242 4541 3296 4595 in
3323 4538 3508 4596 homi-

245 4650 412 4689 'er'
476 4633 576 4686 καὶ
639 4633 722 4695 είς
790 4632 1082 4703 ἄνθρωπον
1148 4629 1250 4693 τὰς
1309 4625 1532 4688 ἐλπίδας
1591 4622 1834 4692 ἔχοντες,

247 4723 661 4792 ἐπικατάρατοί
684 4725 842 4788 εἰσιν,
867 4724 950 4776 ὅτι
973 4721 1354 4792 ἐσεϐάσθησαν
1376 4717 1472 4772 καὶ
1501 4714 1836 4784 ἐλάτρευσαν

246 4819 330 4887 τῇ
384 4814 560 4868 κτίσει
604 4814 755 4884 παρά
806 4815 896 4867 τὸν
939 4813 1238 4878 κτίσαντα,
1269 4811 1327 4874 ὃς
1353 4810 1499 4862 ἐστιν
1539 4801 1834 4875 εὐλογητὸς

248 4910 346 4971 εἰς
378 4907 504 4969 τούς
541 4905 762 4968 αἰῶνας.
818 4904 1016 4974 Ἀμήν.
1676 4948 1715 4977 ,

348 4998 671 5066 Ἀναγκαῖον
696 4996 754 5050 δὲ
779 4996 1099 5067 ἡγησάμην,
1134 4995 1233 5050 καὶ
1252 4993 1347 5048 τοῦ
1377 4989 1705 5063 πρωτάρχου
1736 4987 1835 5058 τῆι,

250 5089 524 5154 ἀσεϐείας
549 5087 728 5144 αὐτῶν
758 5086 1056 5156 γενομένου
1094 5085 1282 5152 ὀλίγας
1327 5082 1670 5152 παραθέσθαι
1697 5079 1836 5150 χρή-

253 5201 403 5248 σεις,
449 5184 518 5237 δι’
570 5174 646 5236 ὢν
713 5179 1240 5251 συμπεπλεγμένους
1296 5177 1495 5240 αὐτοὺς
1546 5172 1690 5228 κατά
1737 5172 1838 5241 τὴν

251 5273 525 5330 ἀσέϐειαν
549 5271 794 5325 κατιδεῖν
823 5268 1060 5334 ἔξεστιν.

254 5407 565 5480 Διοδώρου
597 5408 667 5462 ἐκ
723 5406 830 5462 τοῦ
868 5403 1018 5460 κατὰ
1039 5395 1513 5458 συνουσιαστῶν
1555 5394 1742 5462 ,λόγου
1766 5397 1838 5446 α’.

358 5543 378 5576 ι
416 5519 836 5592 ’Δσφαλίζεσθαι
863 5519 942 5581 είς
973 5515 1072 5589 τὴν
1102 5511 1392 5586 ἀκρίϐειαν
1427 5508 1535 5564 τῶν
1563 5505 1845 5592 δογμάτων

1939 4637 2010 4676 ne
2037 4635 2189 4692 spem
2213 4622 2506 4684 collocant,
2532 4623 2812 4678 maledicti
2867 4633 2998 4679 sunt
3028 4643 3042 4679 :
3075 4625 3172 4696 qui
3213 4629 3508 4685 coluerunt

1939 4713 2332 4768 etservierunt
2361 4721 2634 4770 creatura:
2675 4724 2876 4784 praeter
2896 4715 3239 4785 Creatorem,
3287 4723 3380 4790 qui
3427 4733 3512 4778 est

1941 4805 2268 4862 benedictus
2287 4806 2345 4860 in
2373 4807 2593 4864 secula.
2641 4809 2836 4864 Amen.

2015 4983 2400 5042 Necessarium
2427 4987 2762 5053 existimavi,
2811 4987 2930 5060 ejus
2965 4987 3058 5058 qui
3111 4987 3216 5043 l‘uit
3257 4987 3515 5058 princeps

1945 5085 2140 5132 auctor
2161 5077 2328 5148 hujus
2353 5078 2676 5150 impietatis,
2722 5093 2928 5150 paucas
2959 5079 3322 5134 auctoritates
3341 5092 3514 5152 appo-

1944 5182 2104 5232 nere,
2139 5183 2209 5224 ex
2240 5171 2443 5240 quibus
2462 5172 2598 5228 licet
2641 5172 2984 5242 perspicere,
3013 5185 3295 5226 connexos
3344 5168 3515 5223 fuisse

1941 5257 2096 5328 ipsos
2128 5260 2183 5316 in
2213 5261 2318 5318 hac
2350 5263 2652 5333 impietate.

2153 5394 2375 5454 Diodori
2407 5413 2470 5452 ea:
2508 5396 2639 5454 libra
2668 5413 2686 5454 ι
2712 5395 2913 5455 Contra
2941 5377 3305 5472 Synusiastas.

2023 5527 2039 5558 ι
2073 5503 2275 5564 llortor
2308 5523 2426 5573 vos,
2454 5521 2513 5566 ut
2543 5513 2740 5568 muniti
2771 5512 2892 5568 sitis
2921 5520 2979 5568 et
3009 5511 3153 5566 ﬁrmi
3183 5507 3250 5566 ad
3279 5505 3514 5574 diligenv

261 5618 420 5688 ὑμᾶς
448 5591 736 5682 ἐνάγομεν.
763 5611 984 5674 Τέλειος
1011 5607 1117 5679 πρὸ
1142 5603 1356 5660 αἰώνων
1386 5603 1413 5655 ὀ
1443 5599 1578 5688 Υἱός
1599 5591 1815 5688 Ἀτέλειο

1949 5603 2058 5651 tem
2079 5600 2451 5670 cognitionem
2508 5603 2852 5676 dogmatum.
2893 5601 3178 5660 Perfectus
3232 5605 3360 5652 ante
3415 5603 3560 5688 αξξ-ο

256 5686 364 5764 cev
390 5709 453 5762 ἐκ
484 5703 647 5760 Δασὶδ
691 5700 983 5770 ἀνείληφεν
1013 5699 1138 5763 Υἱὸς
1161 5692 1299 5750 Θεοῦ
1331 5693 1448 5746 υἱον
1477 5686 1850 5755 Δαδίδ.Ἐρεϊς

591 5795 862 5854 Parant.
907 5790 1025 5852 Ca.
1064 5784 1402 5850 LXXXVI.
1487 5868 1498 5877 ‘

1949 5687 2069 5741 cula
2098 5687 2294 5757 Filius;
2325 5693 2652 5761 perfectum,
2689 5694 2834 5764 quod
2861 5709 2928 5748 ex
2976 5689 3150 5747 Darid
3196 5678 3515 5754 assumpsit:

3027 5777 3102 5836 ιθ
