3954 6148
481 302 624 374 1387

1748 299 2060 361 LEONTII
2101 298 2510 360 BYZANTINI

3635 305 3774 372 1338

483 414 658 474 Filius
703 411 824 479 Dei,
853 412 999 470 ﬁlius
1047 395 1240 469 David.
1289 411 1449 468 Dices
1489 410 1650 478 mihi,
1708 411 1860 467 Duos
1907 413 2073 483 igitur

2185 428 2272 482 μοι
2297 427 2310 441 ι
2339 411 2446 464 Δύο
2476 411 2572 465 οὖν
2607 410 2757 476 υἱοὺς
2787 411 3120 486 κηρύττεις;
3149 415 3254 470 Δύο
3277 417 3432 482 υἱοὺς
3465 417 3572 474 τοῦ
3599 422 3777 478 Δαεὶδ

265 537 279 550 -
484 507 629 562 ﬁlios
681 505 954 576 praedicas
983 505 1006 558 ?
1036 503 1183 560 Duos
1221 503 1364 558 ﬁlios
1396 503 1568 559 David
1613 517 1723 559 non
1754 503 1880 559 dico
1909 521 1924 571 ;
1959 520 2070 559 non

360 597 378 634 ῖ
482 599 632 655 enim
661 597 774 652 dixi
794 598 967 654 Deum
1018 596 1260 652 Verbum
1292 595 1469 651 ﬁlium
1491 595 1686 652 David.
1743 595 1851 651 Sed
1889 611 2070 666 neque

366 703 373 720 ³
485 695 629 750 duos
641 694 782 749 lilios
796 692 892 748 Dei
913 691 1219 748 secundum
1243 691 1612 748 substantiam
1630 691 1758 746 dico
1775 709 1788 744 :
1808 705 1911 744 nec
1923 689 2072 744 enim

486 785 610 842 dico
635 785 774 840 duos
795 799 863 839 ex
885 783 1195 840 substantia
1213 783 1476 848 Dei,cum
1499 782 1626 838 dico
1641 783 1814 838 Deum
1830 782 2072 837 Verbum

485 883 614 930 ante
643 873 842 930 saecula
881 873 1166 930 habitasse
1188 873 1246 928 in
1279 874 1468 944 genito
1487 889 1556 930 ex
1591 875 1804 930 semine
1831 872 2022 929 David.
2047 892 2066 924 ›

907 985 1166 1056 Ejusdem
1196 999 1262 1038 ea:
1281 984 1460 1038 eodem
1493 983 1646 1038 libro.

567 1097 798 1154 «Gratia
853 1097 1029 1152 Filius
1071 1097 1240 1152 homo
1294 1109 1361 1152 ex
1405 1095 1587 1150 Maria.
1627 1103 1823 1160 natus;
1874 1107 2072 1150 natura

487 1199 676 1245 autem
709 1190 854 1244 Deus
887 1187 1164 1244 Verbum:
1215 1186 1351 1242 illud
1397 1187 1572 1258 gratia
1597 1195 1653 1241 et
1683 1203 1790 1241 non
1843 1197 2072 1253 natura;

487 1282 596 1337 hoc
625 1287 810 1336 autem
856 1286 1055 1335 natura
1103 1287 1160 1335 et
1193 1295 1304 1334 non
1328 1278 1525 1351 gratia.
1571 1277 1819 1334 Suﬁiciet
1855 1277 2072 1348 corpori

487 1387 560 1426 ex
587 1379 779 1428 nostro
808 1387 1010 1442 genere
1061 1369 1254 1425 ﬁliatio
1307 1367 1614 1425 secundum
1657 1369 1914 1440 gratiam,
1951 1369 2072 1440 glo-

489 1460 1037 1529 ria,immortalitas;
1068 1468 1124 1516 et
1167 1460 1314 1531 quod
1344 1461 1607 1531 templum
1654 1461 1751 1515 Dei
1779 1460 1944 1516 Verbi
1991 1459 2076 1514 fa-

489 1559 638 1608 ctum
685 1561 794 1618 est,
841 1568 912 1608 ne
963 1552 1218 1607 elevetur
1275 1567 1444 1622 supra
1488 1561 1772 1618 naturam;
1829 1560 1886 1606 et
1932 1552 2076 1606 Deus

487 1642 729 1699 Verbum
763 1643 887 1699 loco
928 1642 1166 1698 actionis
1215 1644 1518 1715 gratiarum
1567 1659 1732 1714 quam
1775 1643 2070 1706 debemus,

485 1749 560 1790 ne
606 1734 945 1790 contumelia
1005 1733 1278 1790 afﬁciatur
1317 1752 1330 1788 :

487 1840 825 1896 componere
861 1842 987 1882 eum
1033 1841 1159 1881 cum
1191 1841 1448 1897 corpore,
1501 1836 1558 1884 et
1601 1827 1914 1882 existimare
1933 1841 2072 1896 opus

485 1917 568 1972 illi
617 1932 740 1972 esse
793 1933 1027 1988 corpore
1084 1916 1152 1972 ad
1210 1917 1514 1988 perfectam
1564 1917 2072 1972 ﬁliationem?Nec

485 2007 634 2062 enim
661 2007 776 2078 ipse
799 2008 947 2064 Deus
974 2008 1222 2064 Verbum
1258 2009 1375 2063 vult
1401 2023 1523 2064 esse
1570 2007 1718 2062 ﬁlius
1740 2008 1933 2073 David,
1973 2007 2070 2064 sed

486 2099 772 2154 Dominus.
795 2097 1010 2170 Corpus
1051 2115 1184 2156 vero
1213 2101 1402 2156 vocari
1427 2099 1598 2155 ﬁlium
1629 2099 1800 2154 David
1823 2115 1932 2154 non
1951 2115 2070 2155 mo-

490 2192 561 2248 do
587 2207 698 2254 non
723 2191 948 2258 invidit,
969 2191 1062 2248 sed
1089 2204 1317 2264 propter
1340 2193 1448 2248 hoc
1470 2192 1638 2250 venit.
1665 2211 1684 2245 ι

556 2305 628 2360 Et
650 2311 766 2374 post
797 2304 908 2360 alia
935 2323 954 2360 :
996 2325 1015 2358 ι
1041 2305 1112 2361 Ει
1141 2305 1363 2376 quando
1395 2305 1462 2362 de
1494 2305 1953 2378 generationibus
1983 2323 2070 2364 se-

487 2397 730 2455 cundum
757 2407 1008 2455 naturam
1033 2397 1206 2454 fuerit
1239 2413 1442 2464 sermo,
1471 2414 1542 2454 ne
1580 2399 1732 2455 ﬁlius
1759 2399 1942 2454 Mariae
1964 2415 2069 2470 pu-

487 2497 639 2545 tetur
653 2491 800 2546 Deus
811 2489 1054 2547 Verbum
1071 2507 1085 2557 ;
1106 2489 1359 2544 mortalis
1375 2489 1524 2544 enim
1543 2490 1826 2545 mortalem
1845 2499 2071 2561 generat

490 2581 798 2636 secundum
829 2587 1109 2645 naturam,
1139 2586 1197 2634 et
1221 2593 1424 2648 corpus
1445 2585 1675 2649 generat
1701 2579 2070 2634 consubstan-

489 2672 642 2730 tiale.
677 2671 747 2728 Et
771 2670 911 2728 duas
942 2669 1333 2742 generationes
1360 2671 1508 2726 Deus
1532 2669 1774 2725 Verbum
1811 2685 1920 2725 non
1949 2684 2072 2724 sus-

491 2763 728 2830 tinebat,
759 2777 924 2818 unam
957 2767 1086 2816 ante
1125 2761 1360 2826 saecula,
1395 2761 1620 2818 alteram
1661 2761 2070 2832 posterioribus

493 2854 861 2926 temporibus.
901 2873 920 2906 ι

792 2966 1047 3038 Ejusdem
1071 2965 1292 3021 Diodori
1317 2981 1381 3020 ex
1408 2966 1587 3019 eodem
1612 2963 1766 3020 libro.

573 3099 592 3134 ι
621 3080 680 3138 Si
713 3079 840 3152 quis
865 3079 1106 3136 voluerit
1142 3079 1336 3134 Filium
1366 3079 1460 3134 Dei
1496 3079 1666 3134 Deum
1695 3077 1934 3134 Verbum
1962 3092 2066 3132 no-
2100 3102 2144 3162 ο

492 3173 706 3230 minare
765 3171 1255 3244 καταχρηστικῶς,
1309 3170 1364 3225 id
1420 3178 1502 3225 est
1556 3185 1657 3240 per
1729 3168 2071 3234 abusionem,

491 3265 671 3322 ﬁlium
713 3264 885 3322 David
905 3271 1132 3334 propter
1160 3263 1426 3332 templum
1462 3261 1624 3317 Verbi
1650 3261 1837 3317 Deiex
1869 3261 2062 3328 David,

492 3357 744 3414 nominet
771 3374 785 3411 :
821 3366 879 3412 et
905 3355 1151 3427 genitum
1184 3370 1253 3411 ex
1283 3354 1496 3410 semine
1541 3354 1712 3410 David
1741 3354 1943 3408 Filium
1975 3354 2072 3410 Dei

493 3449 693 3520 gratia,
724 3456 782 3504 et
826 3463 939 3503 non
970 3455 1170 3502 natura
1203 3453 1365 3502 vocet
1393 3463 1407 3501 :
1440 3461 1550 3501 non
1586 3445 1843 3517 ignorans
1885 3453 2074 3515 patres

493 3540 779 3596 naturales
803 3580 819 3606 ,
857 3554 961 3595 nee
998 3538 1251 3595 ordinem
1285 3545 1606 3608 pervertens
1631 3575 1645 3601 ,
1676 3550 1857 3605 neque
1885 3535 2075 3589 dicens

493 3631 909 3702 incorporeum,
937 3636 995 3685 et
1016 3637 1145 3684 ante
1177 3627 1378 3683 saecula
1417 3641 1539 3682 esse
1569 3641 1636 3681 ex
1663 3625 1776 3680 Deo
1793 3635 1856 3681 et
1878 3623 2072 3691 David,

495 3735 718 3792 passum
751 3729 810 3778 et
843 3719 1262 3792 impassibilem.
1304 3737 1323 3770 ι
2057 3731 2059 3734 ⁴

920 3853 1178 3926 Ejusdem
1207 3869 1272 3907 ex
1295 3852 1474 3906 eodem
1500 3851 1652 3907 libro.

475 3987 480 3993 -
577 3967 795 4024 «Filius
854 3965 953 4022 Dei
1043 3974 1274 4036 propter
1331 3965 1587 4030 nullum;
1657 3972 1851 4020 natura
1925 3964 2076 4020 enim
2131 3945 2134 3948 ﬁ

497 4053 721 4122 Filius;
779 4069 906 4110 caro
968 4053 1145 4108 Filius
1207 4060 1435 4124 propter
1518 4053 1758 4120 Filium;
1819 4062 1877 4110 et
1941 4054 2076 4125 quid

497 4147 627 4204 dico
693 4153 922 4218 propter
969 4145 1214 4202 Filium?
1258 4145 1492 4215 Propter
1542 4159 1646 4200 nos
1710 4159 1860 4201 caro.
1894 4145 1965 4200 Et
2007 4161 2078 4202 ne

495 4237 826 4295 existimetis
875 4236 1258 4308 blasphemum
1284 4229 1720 4301 esse‘verbum,
1773 4235 1942 4306 petite
1983 4235 2080 4291 de-

496 4329 948 4388 monstrationes.
1002 4327 1061 4387 Si
1107 4327 1364 4386 homines
1415 4343 1526 4384 non
1566 4335 1909 4398 peccassent,
1965 4341 2078 4381 non

498 4436 640 4492 opus
705 4420 902 4477 fuisset
947 4420 1068 4492 lege
1103 4437 1116 4474 :
1151 4418 1302 4476 Iusto
1361 4418 1579 4492 (enim)
1625 4435 1734 4473 non
1777 4425 1856 4473 est
1903 4418 2074 4489 posita
2109 4453 2150 4508 υ

502 4514 587 4570 (ea:
617 4514 684 4568 δ’.
718 4513 901 4570 Sinon
920 4513 1206 4568 auxissent
1226 4521 1512 4582 peccatum
1537 4513 1633 4582 qui
1662 4518 1821 4567 erant
1845 4511 1900 4566 in
1931 4511 2072 4580 lege,

382 4641 386 4647 -
499 4620 614 4660 non
639 4619 780 4695 opus
801 4604 826 4660 l'
827 4604 998 4660 uisset
1024 4603 1222 4674 gratia.
1246 4603 1441 4658 Nonne
1469 4603 1601 4673 quia
1619 4618 1729 4658 non
1754 4611 1970 4673 poterat
1987 4601 2076 4656 lex

497 4704 788 4768 peccatum
809 4695 1086 4760 occidere,
1105 4708 1294 4748 nonne
1312 4701 1538 4762 propter
1557 4708 1658 4748 nos
1679 4708 1900 4750 carnem
1919 4707 2076 4748 sum-

499 4789 634 4858 psit,
671 4796 732 4844 ut
753 4787 918 4842 morti
950 4793 1007 4840 et
1033 4785 1322 4840 sententia:
1353 4785 1548 4840 mortis
1572 4784 1879 4840 remedium
1913 4783 2078 4839 alter.

501 4887 590 4934 ret
613 4879 916 4936 cruciﬁxus
945 4885 1002 4934 et
1035 4885 1290 4932 mortuus
1313 4916 1327 4942 ,
1371 4891 1437 4932 ac
1482 4876 1822 4932 suscitatus?
1857 4874 1914 4930 Si
1963 4891 2073 4930 non

502 4969 727 5026 fecisset
751 4965 1102 5041 progressum
1154 4966 1404 5030 fallacia,
1455 4975 1512 5022 et
1561 4964 1835 5020 sententia
1879 4965 2077 5018 mortis

505 5066 698 5115 contra
740 5075 880 5124 nos,
934 5057 1068 5128 quid
1125 5071 1266 5126 Opus
1303 5064 1424 5111 erat
1472 5055 1574 5110 ista
1621 5051 1806 5109 crucis
1847 5067 2076 5107 reconc-

504 5149 656 5207 mia?
683 5149 825 5215 Quid
855 5165 994 5220 opus
1025 5156 1143 5205 erat
1171 5147 1404 5203 induere
1433 5161 1634 5216 corpus
1652 5145 1678 5198 Ἰ
1717 5143 1910 5199 Nonne
1949 5159 2077 5214 pro-

505 5253 631 5316 pter
658 5257 761 5296 nos
785 5255 1004 5296 carnem
1028 5239 1280 5310 accepit?
1312 5257 1330 5292 ι

575 5354 683 5410 Sed
708 5362 928 5424 tempus
947 5355 1058 5424 jam
1081 5361 1242 5408 vocat
1281 5367 1404 5416 nos,
1436 5359 1497 5408 ut
1526 5351 1765 5422 primum
1794 5359 2076 5422 parentem

505 5449 674 5520 huius
708 5445 1009 5517 impietatis
1045 5460 1076 5500 a
1105 5460 1217 5515 quo
1248 5445 1458 5501 semina
1487 5450 1836 5514 acceperunt,
1869 5442 1926 5497 in
1962 5458 2076 5497 me-

507 5541 662 5596 dium
689 5537 1003 5595 allevamus.
1033 5537 1134 5594 llic
1156 5548 1240 5595 est
1267 5537 1496 5603 Paulus,
1541 5535 1814 5592 zizanium
1869 5533 2080 5590 diaboli

578 5691 621 5724 “
659 5692 922 5782 11‘1an
954 5695 1006 5750 0.

1402 1743 1458 1790 et
1508 1751 1632 1806 quae
1695 1735 2068 1798 contumelia,
2105 1754 2147 1808 Β

2173 502 2236 554 οὐ
2291 502 2469 571 λέγωο
2505 502 2579 574 μὴ
2609 503 2718 576 γὰρ
2767 500 2920 559 εἷπον
2962 506 3056 560 τὸν
3112 507 3247 562 Θεὸν
3290 510 3468 577 Λόγον
3499 511 3627 566 υἱὸν
3655 516 3741 569 Aa

2175 593 2260 647 σιδ
2285 610 2299 626 ⁸
2341 593 2457 646 ἀλλ’
2487 593 2610 648 οὐδὲ.
2643 595 2738 649 δύο
2772 597 2924 658 υἱοὺς
2947 595 3043 652 τοῦ
3073 597 3208 652 Θεοῦ
3234 602 3354 654 κατ’
3372 602 3572 656 οὐσίαν
3595 603 3768 673 λέγειν

2179 685 2255 758 μὴ
2287 685 2396 759 γὰρ
2439 687 2532 742 δύο
2572 689 2716 760 φημὶ
2758 689 2824 743 ὲκ
2868 690 2970 756 τῆς
2997 691 3092 744 τοῦ
3121 691 3258 746 Θεοῦ
3285 694 3496 759 οὐσίας,
3523 695 3626 748 τὸν
3657 699 3757 768 αρ’

2177 779 2388 833 αξώνων
2433 778 2565 832 Θεὸν
2613 779 2786 849 Λόγον
2831 779 3006 850 λέγων
3037 785 3427 855 κατῳκηκέναι
3455 789 3512 840 ἐν
3563 787 3651 858 τῷ
3703 793 3766 842 ea

2177 869 2494 942 σπέρματος
2520 871 2706 926 Δαϐίδ.
2749 891 2768 924 ι

2464 985 2575 1042 Τοῦ
2597 987 2784 1042 αὐτοῦ
2817 987 2885 1042 ἐκ
2914 987 3022 1043 τοῦ
3046 991 3235 1046 αὐτοῦ
3266 993 3469 1061 λόγου.

2252 1116 2272 1150 ι
2308 1097 2506 1169 Χάριτι
2529 1098 2658 1163 Υἱὸς
2687 1099 2716 1151 ὁ
2749 1100 2814 1154 ἐκ
2849 1101 3073 1173 Μαρίας
3104 1103 3413 1174 ἄνθρωπος,
3443 1106 3608 1175 φύσει
3644 1109 3708 1162 δὲ
3737 1110 3768 1162 ὁ

2177 1187 2310 1252 Θεὸς
2343 1189 2513 1258 Λόγος
2537 1208 2552 1222 ο
2582 1191 2644 1244 τὸ
2675 1191 2773 1262 μὲν
2808 1192 2994 1262 χάριτι
3031 1194 3126 1248 καὶ
3153 1195 3214 1248 ού
3245 1195 3439 1264 φύσει,
3471 1198 3531 1250 τὸ
3565 1199 3628 1253 δὲ
3656 1201 3768 1269 φύ-

2179 1297 2263 1333 σει
2297 1281 2392 1334 καί⁵
2421 1282 2482 1334 ού
2511 1281 2694 1352 χάριτι
2722 1299 2736 1313 ·
2768 1283 2995 1353 ἀρκέσει
3017 1283 3095 1355 τῷ
3125 1285 3184 1351 ἐξ
3214 1287 3372 1357 ἡμῶν
3417 1288 3666 1358 σώματι,
3697 1292 3770 1346 τὸ

2177 1371 2277 1442 τῆς
2305 1373 2450 1426 κατὰ
2478 1374 2641 1446 χάριν
2672 1375 2943 1447 νεότητος,
2979 1376 3041 1430 τὸ
3069 1377 3170 1448 τῆς
3193 1377 3377 1448 δόξης,
3397 1381 3458 1434 τὸ
3487 1383 3590 1451 τῆς
3615 1383 3765 1439 ἀθα-

2177 1463 2367 1526 νασίας
2393 1479 2407 1495 ·
2441 1464 2522 1516 ὃτι
2556 1463 2683 1530 ναὸς
2703 1463 2798 1530 Ιιίοῦ
2832 1463 2970 1518 Θεοῦ
3001 1465 3174 1533 Λόγου
3207 1468 3454 1536 γέγονεν,
3491 1471 3565 1540 μὴ
3615 1473 3766 1543 ὑπὲρ

2178 1555 2338 1625 φύσιν
2381 1557 2664 1626 ἀναγέσθω
2691 1572 2706 1588 ·
2741 1556 2838 1610 καὶ
2865 1559 2894 1610 ὁ
2936 1556 3069 1621 Θεὸς
3120 1559 3294 1627 Λόγος
3337 1561 3456 1614 ἀντὶ
3491 1563 3594 1630 τῆς
3624 1566 3763 1636 παρ’

2177 1647 2335 1718 ήμῶν
2373 1647 2734 1718 ὀφειλομένης
2775 1647 3125 1720 εὐχαριστίας
3162 1649 3237 1721 μὴ
3267 1650 3607 1722 ὑϐριξέσθω.
3643 1657 3764 1709 Καὶ

2175 1737 2258 1800 τίς
2287 1739 2320 1808 ἠ
2353 1736 2512 1802 ὕϐρις
2537 1737 2632 1790 τοῦ
2666 1738 2972 1791 συντιθέναι
3002 1738 3163 1792 αὑτὸν
3195 1740 3336 1810 μετὰ
3355 1741 3448 1794 τοῦ
3477 1741 3762 1812 σώματος,

2178 1830 2270 1884 καὶ
2307 1827 2514 1882 δεῖσθαι
2544 1827 2786 1898 νομίζειν
2817 1831 2898 1892 εἰς
2927 1828 3139 1883 τελείαν
3173 1830 3398 1902 νεότητα
3427 1832 3523 1884 τοῦ
3551 1833 3761 1904 σῶμα-

2175 1937 2304 1986 τος;
2338 1919 2460 1974 οὐδὲ
2515 1920 2677 1984 αὐτὸς
2701 1921 2730 1972 ό
2776 1919 2912 1984 Θεὸς
2937 1921 3109 1989 Λόγος
3141 1920 3391 1990 βούλεται
3432 1923 3628 1976 ἑαυτὸν
3657 1923 3761 1979 τοῦ

2175 2011 2343 2066 Δασὶδ
2399 2009 2540 2066 εἶναι
2591 2010 2729 2077 υἱὸν,
2763 2011 2902 2066 ἀλλὰ
2936 2011 3166 2083 Κύριον.
3190 2009 3264 2064 Τὸ
3296 2013 3353 2066 δὲ
3383 2014 3542 2084 σῶμα
3571 2014 3759 2070 καλει-

2179 2107 2304 2160 σθαι
2333 2105 2428 2160 τοῦ
2457 2105 2624 2160 Δαὸὶδ
2653 2105 2804 2171 ram,
2829 2105 2890 2159 οὐ
2923 2107 3084 2176 μόνον
3109 2105 3210 2160 οὐκ
3245 2105 3546 2178 ἐφθόνησεν
3571 2147 3590 2174 ,
3615 2109 3758 2164 ἀλλὰ

2177 2199 2270 2253 καὶ
2296 2197 2388 2253 διὰ
2409 2197 2568 2252 τοῦτο
2593 2199 2992 2268 παραγέγονεν.
3025 2216 3044 2250 ι

2246 2310 2354 2366 Καὶ
2374 2311 2504 2381 μεθ’
2525 2309 2698 2380 ἕτερὰ
2725 2325 2740 2340 ·
2770 2327 2790 2362 ι
2823 2311 2934 2366 Καὶ
2967 2312 3228 2381 περὶτῶν
3258 2312 3404 2368 κατὰ
3438 2312 3598 2384 φύσιν
3622 2331 3752 2383 γεν-

2175 2403 2383 2473 νήσεων
2435 2403 2512 2456 ὅτ’
2541 2401 2606 2456 ἂν
2696 2401 2875 2472 λόγος,
2902 2404 2980 2474 μὴ
3009 2405 3110 2474 τῆς
3155 2405 3381 2476 Μαρίας
3413 2406 3528 2468 υἱὸς
3561 2409 3588 2458 ὁ
3617 2405 3755 2469 Θεὸς

2175 2493 2346 2562 Λόγος
2374 2491 2764 2546 ὑποπτευέσθω
2785 2507 2800 2523 °
2838 2491 3034 2563 θνητὸς
3064 2492 3172 2562 γὰρ
3200 2495 3392 2564 θνητὸν
3422 2497 3582 2566 γεννᾷ
3609 2495 3754 2549 κατὰ

2176 2583 2360 2654 φύσιν,
2394 2582 2488 2636 καὶ
2517 2581 2676 2652 σῶμα
2703 2580 2766 2634 τὸ
2807 2581 3115 2652 ὀμοούσιον.
3144 2583 3256 2636 Καὶ
3286 2585 3382 2638 δύο
3411 2587 3692 2655 γεννήσεις
3719 2586 3753 2638 ὁ

2175 2673 2308 2737 Θεὸς
2331 2674 2504 2742 Λόγος
2533 2673 2634 2742 οὐχ
2671 2672 2960 2744 ὑπέμεινε,
2985 2673 3084 2746 τὴν
3116 2673 3218 2746 μὲν
3242 2677 3351 2746 πρὸ
3387 2675 3618 2743 αἰώνων,
3653 2665 3754 2748 τὴν

2173 2765 2230 2820 δὲ
2253 2767 2310 2820 ἐν
2343 2766 2590 2836 ὑστέροις
2616 2767 2884 2834 καιροῖς.»

2286 2949 2397 3006 Τοῦ
2428 2948 2616 3004 αὑτοῦ
2645 2947 2931 3016 Διοδώρου
2960 2946 3028 3000 ἐκ
3057 2945 3167 3000 τοῦ
3195 2947 3389 3000 αὐτοῦ
3426 2947 3642 3014 λόγου.

2253 3082 2273 3116 ι
2312 3062 2382 3117 El
2423 3079 2508 3126 τις
2541 3059 2778 3131 βούλοιτο
2830 3054 3299 3128 καταχρηστικῶς,
3325 3055 3420 3108 καὶ
3465 3055 3560 3108 τὸν
3609 3055 3748 3108 Tib?

2177 3156 2273 3210 τοῦ
2318 3155 2453 3210 Θεοῦ
2501 3156 2594 3210 τὸν
2633 3154 2766 3208 Θεὸν
2819 3151 3020 3219 Λόγον,
3048 3149 3162 3202 υἱὸν
3210 3147 3376 3200 Δαϐὶδ
3419 3143 3730 3213 ὀνομάζειν,

2175 3251 2262 3305 διὰ
2295 3249 2386 3303 τὸν
2422 3249 2486 3302 ὲκ
2517 3246 2682 3300 Δαὸὶδ
2707 3243 2802 3298 τοῦ
2831 3242 2963 3297 Θεοῦ
2996 3241 3168 3307 Λόγου
3205 3237 3356 3301 ναὸν,
3389 3235 3740 3306 ὸνομάζὲτωο

2175 3344 2270 3397 καὶ
2301 3341 2394 3395 τὸν
2429 3341 2491 3392 ἑκ
2529 3339 2846 3408 σπέρματος
2879 3331 3042 3387 Δαϐὶδ
3068 3330 3200 3384 Υἱὸν
3235 3329 3332 3382 τοῦ
3367 3327 3501 3380 Θεοῦ
3557 3327 3747 3402 χάριτι

2175 3434 2270 3488 καὶ
2295 3433 2356 3486 ού
2384 3432 2544 3500 φύσει
2567 3426 3050 3502 προσαγορευέτω,
3079 3425 3204 3486 τοὺς
3221 3423 3482 3492 φυσικοὺς
3505 3419 3748 3488 πατέρας

2175 3525 2276 3578 ούκ
2331 3523 2560 3592 ἀγνοῶν,
2591 3521 2712 3574 οὐδὲ
2764 3520 2866 3590 τὴν
2911 3515 3066 3582 τάξιν
3116 3510 3612 3586 ἁνατρέπων,ὀύδὲ
3655 3511 3747 3562 τὸν

2175 3614 2466 3686 ἀσώματον
2524 3614 2700 3682 λέγων
2741 3613 2836 3665 καὶ
2882 3609 2987 3679 πρὸ
3031 3605 3244 3660 αἰώνων
3283 3607 3348 3658 ἐκ
3387 3602 3526 3657 Θεοῦ
3556 3603 3650 3656 καὶ
3681 3603 3746 3654 ὲκ

2177 3707 2363 3774 Δαϐὶδ,
2394 3707 2490 3760 καὶ
2516 3703 2822 3759 πεπονθότα
2853 3701 2948 3754 καὶ
2990 3698 3200 3768 ἀπαθῆ.
3245 3714 3265 3749 ι

2413 3841 2524 3896 Τοῦ
2551 3837 2737 3894 αὑτοῦ
2767 3836 2834 3890 ἐκ
2864 3834 2972 3888 τοῦ
3016 3829 3206 3886 αὐτοῦ
3227 3831 3418 3899 λόγου
3441 3867 3460 3883 .

2253 3972 2272 4006 ι
2315 3955 2377 4009 '0
2401 3953 2528 4016 Υἱὸς
2576 3949 2666 4003 τοῦ
2715 3945 2872 4010 Θεοῦ,
2899 3945 2968 3998 δι’
2991 3943 3216 3996 οὐδένα·
3245 3938 3408 4008 φύσει
3449 3935 3558 4006 γὰρ
3596 3933 3746 3995 ne,»

2177 4046 2211 4116 ή
2245 4043 2380 4116 σὰρξ
2433 4041 2582 4102 Υἱὸς,
2631 4037 2718 4091 διὰ
2763 4036 2853 4090 τὸν
2909 4033 3076 4086 Υἱόν·
3107 4031 3202 4084 καὶ
3251 4029 3303 4082 τί
3344 4025 3608 4116 ὶέγωᾷδιᾰ
3656 4024 3748 4076 τὸν

2177 4113 2344 4198 Tm;
2377 4129 2444 4183 δι’
2471 4129 2617 4198 ἡμᾶς
2647 4127 2680 4195 ἡ
2729 4123 2868 4192 σάρξ
2901 4138 2914 4153 ’
2949 4121 3046 4176 καὶ
3081 4119 3155 4190 μὴ
3196 4117 3461 4188 νομίσητε
3505 4113 3748 4184 βλάσφη-

2179 4241 2279 4296 μον
2302 4221 2362 4276 τὸ
2388 4221 2536 4292 ῥῆμα
2559 4235 2574 4250 ·
2595 4217 2731 4272 ἀλλὰ
2759 4214 3099 4284 ἀπαιτήσατε
3123 4211 3220 4273 τὰς
3243 4205 3566 4289 ἀποδείξεις.
3588 4205 3652 4258 Et
3677 4205 3750 4272 μὴ

2176 4314 2445 4367 ἔπταισαν
2492 4311 2540 4364 ol
2574 4308 2876 4378 ἄνθρωποι,
2917 4303 2990 4374 μὴ
3028 4302 3187 4373 χρεία
3215 4297 3283 4371 ἦν
3310 4300 3476 4367 νόμον
3496 4315 3512 4326 ·
3537 4297 3753 4360 Attalus

2178 4405 2306 4477 γὰρ,
2330 4405 2514 4472 νόμος
2533 4403 2606 4455 οὐ
2631 4399 2836 4454 κεῖται.
2861 4397 2924 4449 El
2952 4393 3025 4464 μὴ
3051 4393 3332 4445 ἐπέτειναν
3359 4389 3460 4456 τὴν
3477 4385 3751 4456 ἁμαρτίαν

2177 4474 2229 4552 οἱ
2257 4474 2315 4550 εν
2334 4496 2506 4565 νόμῳ,
2537 4493 2610 4564 μὴ
2627 4491 2785 4564 χρεία
2805 4485 2876 4560 ἦν
2895 4487 2994 4556 τῆς
3018 4485 3257 4556 χάριτος.
3285 4483 3424 4546 Οὐκ,
3447 4477 3636 4544 ἐπειδὴ
3653 4477 3753 4528 οὐκ
3777 4474 3785 4480 ’

2177 4588 2402 4643 ἐδύνατο
2433 4589 2460 4640 ό
2497 4585 2662 4654 νόμος
2697 4581 3016 4635 ἀποκτεῖναι
3043 4577 3144 4646 τὴν
3176 4567 3664 4644 ἁμαρτίαν,[ούχ“ι]
3689 4569 3752 4620 δι’

2177 4684 2324 4754 ἡμᾶς
2355 4677 2586 4754 [σάρδια]
2615 4675 2828 4738 ἔλασεν,
2860 4673 2947 4726 ἴνα
2977 4671 3070 4724 τὸν
3101 4671 3328 4724 θάνατον
3360 4665 3456 4718 καὶ
3494 4663 3597 4733 τὴν
3618 4661 3756 4754 sua

2178 4753 2344 4844 ᾀασιν
2373 4771 2468 4827 τοῦ
2529 4769 2760 4824 θανάτου
2809 4763 3242 4832 ἀνακαλέσηται,
3273 4755 3614 4827 σταυρωθεὶς
3667 4753 3756 4806 καὶ

2179 4863 2470 4942 daronth
2503 4865 2594 4916 καὶ
2618 4861 2887 4921 ἁναστόιςς
2922 4857 2983 4909 Εἰ
3007 4854 3083 4924 μὴ
3098 4853 3288 4920 ἀπάτη
3314 4847 3754 4942 προκεχιορήγέι,

2183 4959 2276 5012 καὶ
2381 4957 2652 5023 ἀπόφασις
2701 4950 2797 5004 τοῦ
2829 4947 3060 5002 θανάτου
3092 4943 3217 4998 καθ’
3243 4944 3425 5012 ἡμῶν,
3479 4939 3563 5002 τίς
3601 4939 3760 5006 χρεία

2181 5045 2250 5120 ἦν
2274 5049 2370 5118 τῆς
2387 5045 2699 5116 οἰκονομίας
2723 5041 2927 5110 ταύτης
2955 5037 3048 5092 τοῦ
3081 5035 3318 5104 σταυροῦ
3337 5051 3352 5098 ;
3373 5032 3456 5094 τίς
3488 5029 3646 5100 χρεία
3663 5028 3760 5095 τῆς

2185 5137 2630 5210 ὲνσωματώσεως
2655 5151 2673 5197 ,'
2703 5135 2765 5188 οὐ
2794 5133 2861 5188 δι’
2901 5131 3048 5211 ἡμᾶς
3078 5129 3240 5182 ελαῦε
3267 5125 3370 5197 τὴν
3405 5125 3588 5194 σάρκα
3620 5139 3637 5185 ;
3677 5137 3696 5169 ι

2253 5343 2461 5414 Καιρὸς
2525 5341 2582 5395 δὲ
2626 5341 2728 5413 ἢδη
2781 5338 2972 5401 καλεῖ,
3019 5336 3116 5389 καὶ
3161 5332 3254 5386 τὸν
3303 5328 3522 5400 πρῶτον
3581 5321 3762 5388 αὑτῶν

2185 5437 2284 5508 τῆς
2338 5435 2596 5497 ἁσεΰείας
2649 5431 2885 5503 πατέρα,
2942 5429 3073 5500 παρ’
3106 5420 3170 5480 οὗ
3222 5423 3316 5477 καὶ⁵
3358 5422 3428 5474 τὰ
3470 5417 3764 5488 σπέρματα

2187 5529 2395 5600 ταύτης
2427 5527 2712 5598 δεξάμενοι
2754 5524 2964 5596 ἔτυχον,
3001 5523 3082 5586 εἰς
3130 5517 3295 5590 μέσον
3329 5513 3406 5585 τῷ
3447 5512 3592 5581 λόγῳ
