3954 6148
459 219 592 286 1391
618 173 624 182 ’

1715 227 2030 291 LEONTII
2069 228 2382 290 ΒΥΖΑΝΤΙ
2394 229 2480 290 NI.

3611 238 3758 307 1392

456 332 610 405 quod
640 335 690 390 ei
721 332 948 390 donavit
969 335 1424 408 assumptionem.
1469 337 1786 412 Pra‘cipiens
1825 349 2036 412 aposto-

2150 340 2386 406 στερὰν,
2408 337 2506 392 καί
2531 335 2721 408 μένον
2743 339 2838 394 ἐπ’
2860 341 3070 408 αὐτὸν,
3092 342 3152 396 τὸ
3172 343 3268 416 τὴν
3292 344 3578 419 ἀνάληψιν
3599 351 3756 423 αὐτῷ

459 427 548 494 tis,
583 426 690 490 ait:
713 443 841 498 quos
871 427 1024 500 elegit
1045 444 1137 502 per
1170 427 1432 500 Spiritum
1448 443 1713 500 sanctum,
1741 442 2036 505 assumptus

2150 431 2988 503 χαρισά;ι.ενον.Ἐντειλάμενος
3001 434 3124 502 τοῖς
3136 436 3538 506 ἀποστόλοις,
3555 458 3633 512 φη
3643 444 3750 507 civ,

421 555 426 558 -
455 529 538 576 est
563 518 610 552 “
627 535 652 586 ι»
674 518 826 575 hunc
853 520 978 576 dico
1005 520 1298 591 Spiritum,
1319 525 1416 594 qui
1451 533 1659 582 tantam
1685 527 1907 584 Christo
1943 528 2036 583 lar.

2150 521 2252 588 οὓς
2279 521 2607 586 ἐξελέξατο
2636 522 2736 577 διὰ
2764 527 3116 594 Πνεύματος
3143 527 3346 596 ἁγίου,
3379 532 3752 603 ἀνελήφθηο

457 610 607 680 gitus
627 619 712 666 est
737 611 989 681 gratiam.
1025 611 1230 668 Paulus
1257 613 1396 668 dixit
1423 632 1438 668 :
1465 615 1545 672 Ne
1575 627 1762 673 autem
1783 635 1852 674 ex
1869 621 2041 676 David

459 710 682 766 unctus,
715 701 930 756 alienus
955 703 1030 757 sit
1058 717 1089 758 a
1124 706 1417 774 sapientia,
1461 723 1645 778 neque
1677 712 1951 782 sapientia
1984 713 2042 768 in

456 793 568 848 alio
595 795 677 849 sic
708 793 962 849 habitet:
993 797 1201 850 etenim
1256 798 1313 852 in
1357 801 1650 871 prophetis
1677 813 1798 858 erat
1819 847 1834 870 ,
1865 807 2042 878 magis

453 891 642 940 autem
671 883 728 939 in
754 884 903 940 Mosa
929 893 989 940 et
1013 885 1071 941 in
1103 887 1292 943 multis
1335 889 1599 957 dominis,
1641 896 1816 965 magis
1856 905 2040 953 autem

456 975 512 1029 in
537 974 762 1033 Christo
787 985 1049 1048 tanquam
1075 978 1130 1032 in
1163 982 1388 1052 templo.
1420 983 1488 1038 Et
1517 985 1651 1040 alibi
1683 987 1841 1053 dicit,
1869 992 2039 1047 alium

455 1083 578 1124 esse
598 1067 788 1125 Jesum
817 1068 1127 1135 Christum,
1155 1081 1213 1128 et
1235 1075 1405 1128 alium
1436 1077 1609 1132 Deum
1638 1079 1901 1138 Verbum.
1934 1084 2042 1139 Ne-

455 1159 669 1216 storius
725 1161 903 1228 dixit,
969 1179 1081 1218 non
1132 1179 1255 1220 esse
1312 1167 1578 1236 possibile
1627 1187 1754 1226 eum
1811 1175 1904 1243 qui
1955 1183 2041 1231 est

457 1259 588 1307 ante
639 1255 878 1320 saecula,
931 1254 1082 1310 aliud
1122 1256 1370 1327 genitum
1405 1273 1528 1315 esse
1556 1301 1570 1326 ,
1616 1262 1784 1334 idque
1839 1265 2042 1321 divini-

461 1352 592 1402 tate.
625 1363 644 1396 ι

526 1453 671 1511 Ecce
703 1463 892 1526 aperte
919 1455 1056 1512 dicit
1103 1456 1425 1518 Nestorius:
1467 1463 1588 1520 Non
1638 1475 1724 1520 est
1774 1477 1936 1526 natus
1972 1485 2039 1526 ex

457 1545 668 1612 Maria,
716 1549 810 1618 qui
844 1558 930 1605 est
993 1550 1212 1620 genitus
1247 1567 1316 1607 ex
1357 1555 1542 1610 Patre.
1589 1557 1732 1614 Ecce
1780 1563 2040 1618 convenit

457 1651 585 1692 cum
634 1637 804 1692 Paulo
849 1639 1141 1706 lueretico,
1174 1641 1270 1711 qui
1301 1644 1378 1698 ait
1411 1645 1580 1700 alium
1614 1663 1736 1704 esse
1766 1649 2032 1717 Verbum,

455 1738 515 1782 et
543 1728 712 1784 alium
747 1729 935 1786 Jesum
957 1731 1240 1789 Christum
1264 1775 1279 1800 ,
1315 1745 1372 1791 et
1422 1753 1532 1791 non
1563 1755 1760 1808 unum,
1811 1751 1872 1798 ut
1901 1742 2036 1801 ﬁdos

459 1826 609 1874 recta
636 1819 920 1890 praedicat.
951 1823 1226 1881 Hactenus
1252 1827 1654 1884 testimonium.

952 2029 1123 2086 Pauli
1139 2029 1554 2092 Samosatcnsis.

535 2161 552 2192 ι
585 2142 758 2199 llomo
778 2143 1034 2216 ungitur:
1061 2145 1305 2202 Verbum
1335 2163 1445 2203 non
1470 2153 1716 2222 ungitur.
1744 2155 2036 2213 Nazarmus

457 2230 724 2303 ungitur,
777 2231 1045 2288 Dominus
1089 2249 1201 2289 non
1247 2238 1498 2308 ungitur.
1537 2241 1756 2298 Etenim
1795 2245 2034 2302 Verbum

457 2323 635 2394 majus
665 2329 784 2378 erat
813 2321 1050 2378 Domino
1081 2323 1322 2381 Christo.
1351 2327 1606 2387 Christus
1640 2333 1788 2387 enim
1819 2349 1920 2404 per
1945 2352 2035 2392 sa-

456 2413 724 2485 pientiam
767 2429 1000 2486 magnus
1027 2414 1203 2472 factus
1232 2429 1357 2486 est;
1389 2422 1632 2479 Verbum
1659 2435 1844 2482 autem
1895 2430 2036 2484 ἄνω·

459 2505 590 2571 θεν,
644 2503 702 2559 id
750 2515 836 2560 est
885 2505 954 2562 de
1005 2511 1262 2578 supernis
1293 2529 1306 2564 :
1337 2511 1498 2570 Jesus
1564 2525 1748 2572 autem
1781 2515 2038 2578 Christus

360 2591 369 2603 ’
459 2594 628 2650 homo
665 2595 818 2651 hinc.
845 2597 1015 2652 Maria
1046 2600 1290 2656 Verbum
1323 2619 1433 2659 non
1457 2608 1694 2676 peperit,
1741 2624 1846 2664 nec
1887 2613 2036 2667 enim

457 2693 579 2742 erat
611 2695 738 2740 ante
769 2689 966 2742 saecula
998 2689 1167 2746 Maria
1196 2709 1210 2744 :
1237 2709 1350 2748 non
1375 2704 1460 2750 est
1483 2698 1668 2752 senior
1700 2699 1880 2758 Verbo
1919 2704 2034 2759 Ma-

457 2775 586 2841 ria;
633 2774 732 2830 sed
778 2775 1062 2832 hominem
1104 2779 1264 2836 nobis
1291 2784 1556 2852 aequalem
1589 2789 1845 2858 peperit,
1898 2809 2038 2863 pra:-

460 2861 787 2918 stantiorem
848 2879 981 2920 vero
1034 2865 1090 2921 in
1146 2869 1444 2940 omnibus,
1501 2874 1636 2944 quia
1696 2892 1766 2932 ex
1823 2861 2035 2952 Spiritu

458 2963 672 3012 sancto.
707 2975 728 3008 t

633 3065 890 3137 Ejusdem
929 3085 994 3125 ea:
1025 3071 1237 3144 dialogo
1266 3083 1452 3132 contra
1482 3078 1856 3138 Halchionem.

537 3176 647 3236 cUt
677 3193 782 3234 nec
797 3189 999 3238 unctus
1030 3199 1100 3240 ex
1125 3187 1297 3244 David
1326 3190 1541 3249 alienus
1571 3195 1645 3250 sit
1675 3211 1706 3252 a
1731 3197 2034 3268 sapientia;

459 3279 643 3342 neque
669 3273 942 3343 sapientia
967 3275 1024 3331 in
1057 3277 1166 3335 alio
1189 3277 1268 3332 sic
1295 3273 1520 3330 habitet.
1551 3285 1573 3320 ι

1126 3404 1402 3476 Ejusdem.

505 3525 557 3582 ,ι
585 3506 692 3576 Qui
724 3509 1018 3568 videbatur
1041 3553 1058 3580 ,
1103 3530 1216 3572 non
1249 3528 1371 3574 erat
1401 3521 1674 3592 sapientia
1706 3543 1720 3579 :
1746 3541 1856 3582 non
1887 3529 2036 3584 enim

458 3611 681 3673 poterat
721 3606 955 3676 reperiri
1005 3607 1061 3662 in
1107 3608 1321 3682 ﬁgura,
1371 3613 1490 3678 sive
1522 3615 1714 3673 habitu
1741 3657 1756 3682 .
1821 3636 1926 3677 nec
1981 3623 2040 3678 in

460 3694 804 3763 spectatione
845 3697 996 3755 viri:
1033 3701 1212 3772 major
1265 3704 1416 3761 enim
1465 3714 1552 3762 est
1607 3707 1675 3763 iis
1727 3725 1850 3780 qum
1909 3727 2038 3784 spc-

457 3791 704 3840 ctantur.
744 3804 764 3839 ι

1149 3863 1400 3922 Nestorii.

537 3985 556 4018 ι
587 3966 779 4039 Magna
810 3984 901 4025 res
937 3970 1043 4026 fuit
1079 3973 1292 4045 Virgini
1339 3975 1696 4048 Christiparze
1725 3995 1920 4053 parere
1943 3984 2039 4039 hu-

459 4058 805 4129 manitatem,
833 4061 1145 4121 divinitatis
1187 4067 1287 4122 Dei
1319 4068 1485 4126 Verbi
1518 4086 1828 4143 organum;
1889 4077 2038 4146 quod

459 4151 594 4210 satis
653 4154 707 4210 ei
754 4164 876 4212 erat
917 4157 984 4212 ad
1027 4158 1292 4218 honorem
1353 4165 1752 4236 excellentem,
1782 4171 2040 4241 genuisse

458 4246 679 4305 scilicet
710 4249 1074 4308 mediatorem
1113 4253 1369 4327 dignitati
1411 4258 1510 4314 Dei
1533 4261 1873 4330 copulatum.
1903 4281 1922 4315 ι
1967 4291 2000 4304 ι

2143 613 2301 668 τοῦτο
2320 614 2384 686 δὴ
2419 615 2479 668 τὸ
2499 615 2836 689 τηλικαύτην
2886 619 2964 688 τῷ
3004 620 3225 692 Χριστῷ
3255 627 3646 696 χαρισάμενον
3671 629 3756 683 δό-

2145 703 2264 771 ξαν.
2301 733 2369 746 —-
2399 707 2614 772 Παῦλος
2645 703 2828 763 εἶπεψ
2855 711 2976 764 Ἵνα
3005 712 3063 766 δὲ
3098 715 3239 784 μήτε
3271 717 3300 770 6
3330 718 3395 770 ὲκ
3421 718 3602 772 Δασὶδ
3628 737 3756 794 χρο-

2145 795 2315 860 σθεὶς,
2337 798 2620 871 ἀλλότριος
2707 802 2808 873 τῆς
2832 804 3045 873 σοφίας.
3076 806 3208 875 μηδὲ
3238 809 3271 878 ἡ
3301 811 3465 880 σοφία
3499 813 3569 864 ἐν
3597 813 3756 886 ἄλλῳ

2140 889 2286 974 οὔτ-ιι)
2313 893 2437 962 οἰκῇ
2460 907 2474 922 ⁸
2511 895 2605 947 καὶ
2628 897 2738 966 γὰρ
2766 897 2823 948 ἐν
2845 901 2960 961 τοῖς
2989 901 3301 970 προφήταις
3326 897 3417 970 ἦν,
3450 905 3670 974 μᾶλλον
3693 907 3754 962 δὲ

2141 983 2200 1034 ἐν
2228 966 2402 1056 Μωσῇ
2442 985 2535 1038 καὶ
2567 989 2624 1040 ὲν
2657 987 2876 1051 πολλοῖς
2907 966 3170 1058 κυρίοις,
3194 966 3397 1060 μᾶλλον
3420 966 3482 1052 at
3511 1000 3578 1050 ἐν
3601 1000 3752 1071 Χρι-

2145 1073 2256 1143 στῷ
2287 1074 2364 1138 ὡς
2395 1079 2453 1128 ἐν
2481 1075 2616 1146 ναῷ.
2677 1080 2787 1132 Καὶ
2821 1081 3060 1152 ἀλλαχοῦ
3091 1082 3243 1152 λέγει
3273 1085 3432 1143 ἄλλον
3461 1087 3616 1144 εἶναι
3645 1094 3752 1146 τὸν

2155 1166 2368 1234 Ἰησοῦν
2393 1169 2655 1240 Χριστὸν,
2691 1172 2786 1224 καὶ
2813 1172 2976 1227 ἄλλον
3001 1177 3092 1228 τὸν
3118 1177 3257 1230 Θεὸν
3278 1180 3471 1248 Λόγον.
3513 1184 3752 1240 Νεστό-

2147 1273 2261 1327 ριος
2293 1253 2448 1312 εἶπεν
2547 1262 2622 1332 μὴ
2666 1263 2936 1335 ἐγχωρεῖν
2968 1266 3062 1320 τὸν
3088 1269 3196 1338 πρὸ
3219 1271 3439 1328 πάντων
3466 1275 3582 1330 τῶν
3604 1279 3749 1331 αἰῶ-

2144 1367 2275 1416 νων,
2311 1351 2441 1406 ἄλλο
2472 1353 2620 1418 ἅπαξ
2647 1357 3004 1428 γεννηθῆναι,
3037 1361 3136 1414 καὶ
3165 1362 3339 1417 ταῦτα
3365 1365 3610 1438 θεότητι.
3636 1389 3660 1422 ι

2223 1462 2358 1517 Ἰδοὺ
2406 1463 2680 1520 δέδεικται
2723 1469 2916 1539 σαφῶς
2944 1471 3118 1540 λέγων
3150 1477 3181 1528 6
3211 1477 3577 1551 παραϐάτης,
3613 1485 3742 1538 Οὔκ

2138 1554 2338 1626 ἐτέχθη
2390 1559 2456 1612 ἐκ
2503 1559 2729 1630 Μαρίας
2773 1565 2802 1616 6
2845 1565 3135 1634 γεννηθεὶς
3185 1569 3252 1621 ὲκ
3293 1569 3528 1641 Πατρός.
3592 1574 3736 1629 Ἰδοὺ

2143 1651 2386 1701 συναινεῖ
2429 1649 2508 1720 τῷ
2551 1651 2819 1724 αἱρετικῷ
2856 1654 3056 1727 Παύλῳ
3087 1657 3304 1726 λέγοντι
3329 1699 3347 1722 ,
3396 1661 3561 1715 ἄλλον
3582 1657 3740 1718 εἶναι

2141 1741 2236 1794 τὸν
2287 1741 2491 1810 Λόγον,
2549 1743 2647 1797 καὶ
2695 1744 2858 1799 ἄλλον
2903 1747 2999 1800 τὸν
3043 1748 3288 1819 Χριστὸν
3333 1751 3579 1825 Ἰησοῦν,
3631 1759 3739 1811 καὶ

2141 1833 2266 1902 οὐχὶ
2319 1832 2440 1898 ἕνα,
2487 1833 2563 1898 ὡς
2621 1836 2654 1906 ἡ
2714 1835 2996 1905 ὀρθοδοξία
3055 1840 3360 1912 κηρύσσει.
3412 1845 3563 1908 Ἕως
3621 1843 3734 1902 ὧδε

2144 1926 2177 1995 ἡ
2207 1924 2599 1997 διαμαρτυρία.

2545 2093 2553 2098 .
2590 2043 2840 2097 Παύλου
2868 2045 3284 2114 Σαμεσατέως.

2219 2171 2237 2204 ι
2271 2154 2594 2226 Ἀνθρωπος
2627 2155 2882 2228 χρίεται,
2918 2161 2946 2212 6
2973 2158 3146 2228 Λόγος
3175 2162 3235 2214 οὐ
3264 2163 3508 2233 χρίεται·
3541 2168 3574 2221 ὁ
3604 2167 3726 2223 Na-

2143 2239 2383 2313 ζωραῖος
2429 2246 2701 2332 χρίεταιη
2731 2243 2905 2320 [οὐχ]
2951 2249 2979 2302 6
3024 2249 3234 2320 Κύριος
3260 2253 3438 2324 ήμῶν.
3475 2257 3586 2311 Καὶ
3616 2261 3730 2332 γὰρ

2143 2335 2172 2386 6
2214 2334 2388 2402 Λόγος
2441 2336 2646 2406 μείζων
2683 2331 2753 2407 ἦν
2798 2338 2893 2390 τοῦ
2921 2339 3185 2410 Χριστοῦ.
3224 2343 3462 2413 Χριστὸς
3491 2348 3603 2418 γὰρ
3635 2331 3728 2404 διὰ

2145 2428 2340 2495 σοφίας
2375 2428 2546 2498 μέγας
2575 2428 2792 2497 ἐγένετο
2812 2445 2825 2459 ·
2872 2429 3044 2498 Λόγος
3075 2433 3312 2506 μὲν,γάρ
3338 2437 3577 2504 ἄνωθεν,
3615 2439 3729 2508 Ἰη-

2145 2519 2270 2582 σοῦς
2299 2519 2356 2572 δὲ
2383 2519 2618 2590 Χριστὸς
2647 2519 2938 2592 ἄνθρωπος
2967 2523 3240 2580 ἐντεῦθεν.
3279 2529 3468 2600 Μαρία
3499 2531 3592 2584 τὸν
3617 2533 3726 2585 A6-

2142 2628 2240 2680 γον
2273 2611 2372 2664 οὐκ
2404 2611 2588 2664 ἔτεκεν
2608 2627 2624 2643 ·
2673 2611 2793 2665 οἰδὲ
2822 2613 2932 2684 γὰρ
2956 2609 3024 2686 ἦν
3053 2616 3162 2685 πρὸ
3188 2617 3400 2672 αἰώνων
3433 2622 3465 2691 ἠ
3491 2621 3681 2692 Μαρία
3699 2639 3720 2654 ο

2141 2703 2246 2756 οὐκ
2291 2701 2410 2756 εστι
2460 2703 2813 2774 πρεσϐυτέρα
2856 2705 2952 2758 τοῦ
2986 2707 3160 2775 Λόγου
3199 2710 3418 2780 Μαρία,
3459 2711 3596 2764 ἀλλὰ
3623 2713 3722 2766 ἇν-

2144 2793 2374 2881 θρωποιέ
2397 2797 2528 2866 ἡμῖν
2557 2798 2672 2850 ῖσον
2699 2796 2910 2862 ἔτεκεν,
2941 2800 3227 2870 κρείττονα
3255 2803 3312 2856 δὲ
3343 2805 3486 2858 κατὰ
3512 2806 3722 2874 πάντα,

2142 2887 2332 2959 ἐπειδὴ
2368 2889 2432 2941 ὲκ
2460 2887 2782 2960 Πνεῦματος
2809 2891 2988 2960 ἁγίου.
3013 2909 3034 2944 ο

2061 3051 2104 3110 c
2217 3078 2326 3136 Τοῦ
2351 3079 2538 3136 αὐτοῦ
2567 3081 2639 3136 ἐκ
2669 3080 2769 3137 τοῦ
2795 3080 2946 3150 πρὸς
2969 3082 3290 3152 Μαλχίωνα
3313 3081 3624 3158 διαλόγου.

2216 3210 2236 3242 ι
2268 3190 2386 3245 Ἷνα
2439 3193 2576 3263 μήτε
2619 3195 2648 3246 6
2680 3195 2745 3246 ὲκ
2769 3191 2928 3245 Δαϐιδ
2955 3191 3194 3262 “mea;
3226 3193 3505 3266 ἀλλότριος
3527 3189 3569 3269 ᾗ
3597 3193 3712 3267 τῆς

2145 3283 2360 3352 σοφίας,
2398 3283 2535 3356 μήτε
2567 3286 2600 3354 ή
2630 3285 2794 3354 σοφία
2823 3285 2882 3338 ὲν
2908 3283 3050 3355 illo.)
3077 3283 3247 3349 οὕτως
3273 3285 3418 3358 οἰκῇ.
3452 3304 3473 3339 ι

2757 3415 2870 3471 Τοῦ
2897 3415 3108 3471 αὐτοῦ.

2216 3546 2237 3580 ι
2276 3528 2338 3582 '0
2380 3528 2709 3599 φαινόμενος
2751 3528 2854 3583 οὐκ
2887 3524 2957 3601 ἦν
2993 3528 3194 3598 σοφία·
3245 3530 3312 3583 οὐ
3339 3528 3450 3602 γὰρ
3481 3529 3719 3602 ἠδύνατο

2141 3621 2200 3674 ὲν
2231 3622 2475 3692 σχήματι
2503 3621 2896 3691 εὑρίσκεσθαι,
2943 3621 3067 3676 οὐδὲ
3097 3624 3156 3676 ἐν
3187 3621 3286 3696 θέᾳ
3313 3622 3539 3692 ἁνδρὸςο
3591 3623 3714 3695 μεί-

2141 3713 2250 3780 ζων
2277 3715 2387 3784 γὰρ
2417 3712 2526 3768 τῶν
2554 3714 2854 3784 ὁρωμένων
2884 3714 3099 3769 ἐστίν.»

2749 3871 3102 3940 Νεστορίου.

2218 4007 2236 4039 ι
2275 3987 2438 4055 Μέγα
2485 3987 2551 4057 τῇ
2596 3984 2952 4057 Χριστοτόκῳ
3010 3984 3277 4056 Παρθένῳ
3317 3984 3377 4039 τὸ
3407 3987 3590 4040 τεκεῖν
3617 3985 3702 4040 ἀνι

2141 4080 2499 4152 θρωπότητα,
2533 4081 2633 4148 τῆς
2663 4075 2760 4130 τοῦ
2787 4075 2928 4129 Θεοῦ
2955 4077 3134 4144 Λόγου
3163 4077 3416 4148 θεότητος
3441 4075 3676 4147 ὄργανον
3698 4091 3713 4106 ·

2141 4171 2348 4242 ἀρκοῦν
2378 4171 2518 4242 αὐτῇ
2557 4167 2694 4240 πρὸς
2721 4166 2890 4238 τιμὴν
2924 4167 3341 4238 ὑπσραίρουσαν
3369 4168 3431 4220 τὸ
3454 4167 3717 4238 γεννῆσαι

2144 4263 2378 4336 μεσίτην
2410 4265 2480 4334 τῇ
2511 4259 2606 4314 τοῦ
2630 4257 2768 4313 Θεοῦ
2799 4258 3150 4330 συνημμένον
3180 4258 3329 4329 ἀξίᾳ.
3363 4275 3384 4310 ι

530 4361 661 4419 Haec
686 4379 789 4420 nos
818 4380 990 4435 pauca
1018 4381 1087 4423 ex
1137 4367 1330 4425 multis
1355 4373 1695 4430 contulimus
1725 4381 1783 4431 et
1811 4390 2035 4448 compa-

2213 4374 2402 4430 Ταῦτα
2433 4375 2594 4444 ἡμεῖς
2625 4373 2702 4438 ὡς
2733 4371 2894 4440 ὀλίγα
2925 4373 2990 4426 ἐκ
3019 4372 3130 4426 τῶν
3161 4372 3377 4427 πολλῶν
3407 4373 3719 4446 ἀντιπαρα-

458 4455 738 4522 ravimus,
771 4465 833 4511 ut
855 4459 1274 4517 ostenderemus
1299 4466 1722 4523 consensionem
1752 4477 1810 4524 et
1833 4485 2038 4525 conve-

459 4533 730 4602 nientiam
783 4548 986 4605 horum
1039 4567 1165 4606 cum
1215 4554 1461 4625 antiquis
1520 4556 1795 4615 brereticis
1839 4576 2033 4615 eorum

443 4639 736 4714 patribus.
765 4641 956 4698 Potest
985 4643 1081 4714 qui
1120 4645 1382 4708 voluerit.
1411 4645 1594 4718 legere
1619 4651 1908 4720 epistolam
1937 4667 2038 4708 en-

385 4720 393 4724 ’
459 4727 725 4801 cyclicain
773 4730 1038 4802 scriptam
1097 4740 1294 4788 contra
1329 4735 1558 4792 Paulum
1589 4736 2034 4798 Samosatensem

459 4833 492 4872 a
547 4829 738 4876 sancta
791 4821 1003 4894 synodo
1053 4822 1408 4894 depositum,
1457 4835 1516 4881 et
1556 4826 1833 4900 dialogum
1870 4846 2036 4901 quem

460 4919 654 4966 contra
681 4921 808 4967 cum
831 4913 1105 4970 Malchion
1141 4914 1432 4987 presbyter
1459 4916 1751 4988 disputans
1791 4921 2034 4994 scripsit.

459 4997 628 5058 Certo
655 5002 804 5058 enim
834 5016 1153 5077 cognoscet,
1177 5022 1342 5076 quam
1374 5023 1541 5066 verus
1560 5010 1710 5067 illius
1733 5011 2040 5084 discipulus

460 5093 536 5148 sit
559 5090 924 5161 Theodorus;
956 5097 1070 5154 fere
1093 5099 1242 5154 enim
1271 5101 1482 5156 eisdem
1514 5101 1702 5159 verbis
1745 5106 1943 5172 utitur,
1977 5117 2040 5162 ut

460 5182 662 5238 horum
689 5185 816 5239 libri
841 5202 952 5242 non
983 5189 1197 5259 scripti,
1226 5191 1321 5246 sed
1341 5193 1657 5263 transcripti
1703 5195 2034 5266 videantur;

459 5271 550 5328 v‘el
588 5274 776 5344 potius
801 5274 893 5330 illa
921 5276 1076 5332 Pauli
1111 5279 1374 5335 translata
1401 5295 1434 5336 a
1479 5280 1774 5342 Theodoro
1819 5286 1876 5340 in
1913 5303 2035 5344 sua.

2142 4465 2476 4536 τεθείκαμεν
2495 4505 2510 4528 ,
2560 4463 2662 4537 τὴν
2691 4465 2752 4518 ὲν
2781 4463 2860 4534 τῷ
2886 4462 3042 4533 κακῷ
3074 4464 3400 4533 συμφωνίαν
3431 4466 3571 4537 πρὸς
3593 4469 3720 4531 τοὺς

2146 4557 2414 4619 παλαιοὺς
2455 4554 2566 4610 τῶν
2599 4554 2894 4626 αίρετικῶν
2919 4554 3165 4626 πατέρας
3193 4554 3400 4608 τούτων
3433 4559 3720 4626 παραστῆ-

2145 4665 2238 4703 σαι
2293 4649 2644 4718 βουλόμενοι.
2707 4647 2936 4714 Ἔξεστι
2982 4645 3040 4700 δὲ
3094 4645 3174 4716 τῷ
3219 4645 3432 4700 Θέλοντι
3475 4648 3722 4721 ἐντυχεῖν

2142 4745 2210 4812 τῇ
2263 4741 2408 4794 κατὰ
2453 4739 2548 4794 τοῦ
2587 4739 2956 4810 Σαμοσατέως
2987 4736 3266 4811 γραφείσῃ
3295 4739 3575 4812 ἑγκυκλῖῳ
3601 4744 3720 4794 ἑπι-

2145 4833 2346 4906 στολῇ’,
2400 4835 2502 4902 τῆς
2551 4831 2715 4886 αὐτὸν
2761 4830 3103 4900 καθελούσης
3145 4829 3309 4897 ἁγίας
3347 4831 3594 4896 συνόδου,
3633 4832 3723 4886 καὶ

2147 4922 2333 4993 μέντοι
2383 4923 2478 4975 καὶ
2521 4919 2600 4990 τῷ
2645 4919 2881 4990 διαλόγῳ
2923 4918 2983 4973 ὃν
3044 4919 3182 4988 πρὸς
3231 4918 3395 4972 αὑτὸν
3423 4917 3454 4972 6
3480 4921 3725 4992 πρεσϐύ-

2145 5029 2304 5085 τερος
2330 5012 2590 5082 Μαλχῖων
2617 5012 2974 5077 ὲνεστήσατο.
3008 5009 3285 5064 Γνὼσεται
3306 5011 3415 5079 γὰρ
3441 5011 3724 5079 ἀσφαλῶς,

2145 5103 2222 5166 ὡς
2271 5107 2488 5172 γνήσιοι
2538 5100 2752 5154 ἐκείνου
2807 5099 3140 5170 τυγχάνουσι
3187 5101 3428 5170 μαθηταὶ
3484 5101 3536 5153 οῖ
3599 5103 3726 5171 περὶ

2110 5202 2124 5212 ’
2145 5196 2454 5266 Θεόδωρον·
2493 5193 2680 5264 σχεδὸν
2705 5192 2816 5264 γάρ
2839 5209 2894 5246 τι
2926 5196 3022 5245 καὶ
3049 5191 3139 5244 διὰ
3168 5189 3275 5246 τῶν
3305 5192 3489 5246 αὐτῶν
3519 5192 3728 5262 χωροῦο

2151 5303 2205 5341 σι
2230 5286 2459 5351 λέξεων·
2493 5283 2568 5348 ὡς
2604 5284 2681 5356 μὴ
2708 5283 3033 5354 συγγραφὴν
3057 5283 3240 5336 δοκεῖν
3267 5278 3406 5337 εἷναι
3431 5289 3500 5336 τὰ
3525 5285 3728 5338 τούτων

461 5366 755 5434 Quomodo
784 5376 970 5424 autem
1003 5367 1074 5425 de
1095 5369 1302 5426 unione
1333 5371 1510 5428 sancti
1535 5371 1750 5443 Patres,
1780 5383 1836 5431 ct
1859 5374 2036 5434 Eccle-

2151 5379 2509 5450 συντάγματα
2529 5417 2546 5441 ,
2593 5375 2732 5430 ἀλλὰ
2771 5378 3132 5448 μεταγραφὴν
3167 5377 3389 5447 μᾶλλον,
3419 5375 3490 5430 τὰ
3519 5379 3728 5431 ἐκεῖνον

461 5456 558 5516 sia:
581 5468 784 5515 sanctre
801 5475 940 5531 quas
967 5461 1375 5536 gubernabant,
1397 5477 1428 5519 a
1446 5463 1726 5537 principio
1743 5470 2040 5538 senserint,

531 5613 580 5652 “
603 5615 729 5673 Act.
766 5628 804 5682 ι,
832 5614 890 5670 2.

2150 5473 2232 5536 εἰς
2277 5469 2344 5525 τὰ
2387 5469 2563 5524 οἰκεῖα
2614 5466 3084 5541 μεταϐαλλόντων.
3111 5467 3303 5532 Ὅπως
3331 5466 3390 5521 δὲ
3420 5468 3730 5539 ιφρὸνησαν
