3888 6168
271 343 406 410 1303

266 461 397 532 περὶ
427 460 526 532 τῆς
550 461 820 530 ινὼσεως,
843 461 894 518 0l
925 461 1018 518 ἀπ’
1043 462 1216 536 ἀρχῆς
1241 465 1386 532 ἅγιοι
1408 465 1671 536 Πατέρες,
1689 465 1753 518 αϊ
1773 482 1832 518 τε

266 553 374 608 ὑπ’
415 554 592 609 αὐτῶν
651 556 1066 628 κυϐερνώμεναι
1122 559 1423 628 ἁγιώταται
1481 559 1834 628 Ἐκκλησίαι,

268 647 333 700 ἐκ
359 646 462 716 τῆς
501 647 644 702 κατὰ
677 647 772 702 τοῦ
799 649 1159 718 Σαμοσατέως
1189 650 1486 722 γενομένης
1511 649 1676 716 ἁγίας
1705 667 1834 702 συν-

267 733 391 790 όδου
415 777 431 800 ,
491 737 590 790 καὶ
637 737 740 809 τῆς
777 739 1072 806 ἐγκυκλίου
1109 738 1290 792 αὐτῶν
1322 737 1616 806 ἐπιστολῆς
1649 737 1834 804 σαφῶς

267 824 381 882 ἔστι
425 827 658 896 γνῶναιο
712 833 774 884 ὲν
823 827 905 894 οἷς
951 831 1090 900 πρὸς
1135 831 1249 893 τοῖς
1297 829 1480 893 ἄλλοις
1521 829 1618 882 καὶ
1658 827 1833 882 ταῦτα

1183 350 1354 414 ADV.
1392 349 2098 412 INCORRUPTICOLAS
2134 349 2230 412 ET
2268 347 2581 411 NESTOR.

3374 341 3514 408 I394

1939 480 2006 519 ex
2037 471 2224 524 saneta
2286 458 2495 532 synodo
2547 465 2738 514 contra
2799 458 3029 513 Paulum
3069 458 3512 515 Samosatenseut

1941 554 2149 618 habita,
2176 553 2324 608 clare
2383 552 2514 606 licet
2567 565 2934 620 cognoscere,
2991 550 3276 622 inquibus
3305 559 3508 622 praeter

1941 647 2068 711 alia,
2100 645 2169 699 de
2198 644 2285 699 his
2316 659 2442 699 eum
2486 651 2748 698 accusant
2777 642 2864 696 his
2899 642 3087 698 verbis
3117 661 3131 698 :
3172 663 3190 696 ι
3221 645 3314 700 Ait
3340 645 3512 716 igitur

1941 737 1996 792 in
2039 736 2456 791 commentariis
2507 735 2607 808 (de
2659 733 2832 790 Paulo
2877 735 3252 810 loquuntur),
3286 752 3512 794 servare

1939 827 2264 899 dignitatem
2303 827 2614 898 sapientiae.
2649 847 2669 880 ι

265 923 428 977 αὑτοῦ
468 926 868 996 κατηγοροῦσιν
898 925 1094 990 αὑταῖς
1119 924 1300 992 λέξεσι
1326 940 1342 956 ο
1388 943 1408 978 ι
1433 925 1572 996 Φησὶ
1600 923 1782 978 τοίνυν
1820 925 1876 978 ὲν
1903 925 2017 988 τοῖς
2045 924 2554 995 ὑπομνήμασιν,ὡς
2585 925 2713 996 περὶ
2747 923 2966 978 Παύλου
3000 923 3276 1000 λέγοντες)
3319 928 3512 998 τηρεῖν

263 1015 326 1072 τὸ
355 1016 571 1086 ἀξίωμα
598 1017 703 1086 τῆς
728 1017 946 1086 σοφίας.
995 1036 1016 1070 ι

333 1130 442 1182 Kal
464 1131 592 1194 μεθ’
616 1130 806 1200 ἔτερα·
845 1152 864 1184 ι
891 1133 957 1188 Εἰ
981 1134 1040 1188 δὲ
1063 1135 1205 1190 κατὰ
1227 1136 1327 1208 τὴν
1353 1135 1612 1191 σύστασιν
1635 1137 1730 1192 καὶ
1752 1137 1835 1208 γέ-

2015 1113 2082 1184 Εξ
2112 1139 2226 1198 post
2255 1123 2366 1187 alia
2393 1147 2411 1187 :
2443 1150 2462 1182 ι
2492 1131 2549 1188 Si
2574 1139 2760 1188 autem
2785 1133 3091 1188 secundum
3127 1131 3515 1188 formationem

263 1234 409 1271 νεσιν
454 1221 732 1290 συνῆπτο,
787 1223 864 1293 τῷ
908 1225 1185 1295 ἀνθρώπῳ
1233 1227 1395 1283 τοῦτο
1431 1229 1782 1292 συμϐαίνειν.
1815 1249 1835 1281 ι

263 1311 374 1365 Καὶ
403 1324 448 1364 π
469 1312 608 1367 illa"
649 1333 669 1366 ι
694 1315 768 1368 Οὐ
794 1317 904 1386 γὰρ
933 1319 1376 1389 συγγεγενῆσθαι
1405 1321 1484 1391 τῷ
1511 1322 1841 1394 ἀνθρωπίνῳ

261 1401 363 1473 τὴν
396 1405 618 1472 σοφίαν,
669 1405 746 1470 ὡς
788 1409 950 1479 ἡμεῖς
979 1411 1312 1486 πιστεύομεν
1337 1413 1612 1478 οὒσιωδῶς
1633 1455 1649 1480 ,
1703 1415 1842 1469 ἀλλὰ

264 1492 360 1546 καὶ
393 1495 536 1548 κατὰ
559 1496 845 1566 ποιότητα.
879 1517 900 1551 ι

335 1605 443 1658 Καὶ
469 1609 812 1680 μεθ’ἔτερα·
850 1631 870 1665 ι
905 1612 972 1668 Τί
1002 1613 1060 1668 δὲ
1099 1614 1347 1686 βούλεται
1377 1617 1476 1671 καὶ
1498 1617 1560 1670 τὸ
1591 1618 1840 1689 ἑτεροία.

265 1697 496 1780 φάσκειν
538 1699 640 1770 τὴν
689 1704 1034 1777 κατασκευὴν
1093 1705 1191 1760 τοῦ
1242 1708 1419 1776 Ἰησοῦ
1469 1709 1710 1780 Χριστοῦ
1741 1710 1838 1780 {ﬁt

263 1775 760 1863 ἧμετέραςςὴμῶν
809 1796 892 1850 ἐνὶ
947 1775 1190 1867 μεγίστῳ
1233 1775 1313 1869 δή
1341 1775 1533 1870 τούτῳ⁷
1564 1775 1842 1870 διαφέρει)

263 1885 430 1940 αὐτοῦ
479 1889 581 1956 τὴν
628 1889 890 1943 σύστασιν
914 1887 1233 1954 ἀξιούντων,
1268 1891 1331 1944 τὺ
1364 1891 1458 1946 τὸν
1498 1891 1632 1946 θεὸν
1666 1893 1840 1962 Λόγον

263 1977 324 2030 ὲν
354 1977 532 2048 ἑαυτῷ
562 1973 728 2046 εῐναι,
761 1981 896 2054 ὅπερ
929 1982 988 2036 ὲν
1019 1983 1151 2054 ἡμῖν
1181 1984 1210 2037 ὁ
1239 1981 1350 2038 ἔσω
1381 1983 1689 2056 ἄνθρωπος.
1743 2005 1764 2038 ι

333 2113 443 2166 Kal
476 2115 604 2182 μεθ’
631 2115 802 2185 ἕτερα
825 2133 839 2146 ·
872 2137 891 2170 ι
936 2119 998 2171 El
1031 2118 1092 2172 τὸ
1139 2120 1419 2192 ἐνοικῆσαι
1462 2122 1520 2175 ὲν
1557 2121 1708 2191 αὐτῷ
1745 2122 1842 2194 τὴν

266 2199 460 2266 σοφίαν
506 2201 710 2270 λέγειν,
752 2204 830 2267 ὡς
873 2207 932 2259 ὲν
984 2207 1158 2260 οὐδενὶ
1187 2209 1368 2282 ἄλλῳ*
1418 2211 1578 2266 τοῦτο
1607 2213 1718 2284 γὰρ
1751 2215 1842 2266 τὸν

267 2288 369 2356 μὲν
395 2291 596 2363 τρόπον
624 2296 723 2362 τῆς
767 2297 1098 2370 ἐνοικήσεως
1128 2301 1222 2354 τὸν
1263 2303 1427 2356 αὑτὸν
1455 2302 1623 2373 δηλοῖ,
1659 2305 1842 2378 μέτρῳ

262 2381 318 2433 δὲ
351 2385 444 2436 καὶ
476 2384 670 2452 πλήθει
698 2389 1019 2462 ὑπερφέρει,
1045 2387 1156 2446 οἷον
1183 2394 1482 2456 διπλάσιον.
1509 2394 1544 2468 ἢ
1567 2397 1664 2451 καί⁵
1692 2400 1843 2463 ὅπως

262 2473 464 2540 δήποτε
489 2477 675 2530 πλεῖον
707 2483 739 2548 ἢ
777 2479 1003 2537 ἔλασσον
1024 2485 1119 2538 τοῦ
1143 2486 1450 2554 διπλασίου,
1479 2487 1841 2556 γινώσκοντος

262 2565 428 2618 αὐτοῦ
489 2567 599 2622 ἀπὸ
657 2573 756 2640 τῆς
813 2575 1026 2641 σοφίας,
1083 2577 1198 2648 ἢοί
1241 2580 1412 2634 ἄλλοι.
1457 2581 1627 2634 Τοῦτο
1659 2581 1716 2638 δὲ
1743 2582 1842 2638 οὐκ

263 2653 508 2719 ἀξιοῦσιν
550 2659 600 2713 οί
653 2662 933 2719 καθολικοὶ
965 2668 1060 2720 καὶ
1099 2669 1548 2738 ἐκκλησιαστικοὶ
1595 2671 1840 2740 κανόνες,

1941 1229 1998 1275 et
2023 1221 2482 1292 gubernationem
2506 1223 2798 1292 copulatus
2821 1232 2961 1288 erat,
2999 1223 3213 1280 homini
3241 1225 3348 1280 hoc
3377 1225 3519 1280 acci-

1942 1311 2098 1367 dere.
2133 1331 2152 1363 ι
2178 1311 2246 1366 Et
2269 1329 2486 1368 rursus:
2522 1331 2540 1364 ι
2567 1313 2687 1367 Non
2719 1314 2866 1368 enim
2897 1328 3320 1386 congcneratam
3341 1315 3516 1374 fuisse

1942 1419 2068 1458 cum
2100 1403 2444 1460 humanitate
2472 1404 2824 1474 sapientiam,
2855 1415 2915 1460 ut
2938 1423 3039 1462 nos
3065 1409 3362 1476 credimus,
3389 1411 3520 1466 sub.

1943 1493 2300 1558 stantialiter,
2333 1495 2429 1548 sed
2465 1494 2768 1550 secundum
2794 1497 3140 1566 qualitatem.
3173 1518 3193 1550 ι

2018 1605 2084 1660 Et
2111 1615 2226 1678 post
2247 1605 2358 1662 alia
2382 1623 2401 1662 :
2438 1627 2455 1659 ι
2477 1605 2624 1674 Quid
2643 1619 2826 1664 autem
2859 1610 2978 1666 vult
3000 1611 3184 1668 dicere
3208 1613 3369 1670 aliam
3394 1633 3516 1672 esse

1941 1705 1998 1753 et
2017 1698 2290 1754 diversam
2321 1699 2709 1756 formationem
2737 1701 2944 1758 Christi
2970 1719 3001 1758 a
3025 1706 3257 1760 nostra?
3287 1707 3517 1764 volenti-

1942 1788 2048 1844 bus
2079 1789 2240 1846 nobis
2285 1791 2342 1846 in
2392 1792 2498 1848 bac
2533 1792 2770 1848 maxima
2813 1810 2920 1850 una
2968 1809 3026 1849 re
3077 1795 3298 1852 dili‘errc
3343 1797 3518 1868 ipsius

1943 1882 2394 1939 constitutionem
2425 1900 2455 1939 a
2489 1892 2703 1951 nostra,
2755 1887 2902 1956 quod
2930 1887 3142 1941 scilicet
3172 1887 3229 1941 in
3279 1885 3398 1956 ipso
3447 1890 3518 1944 sit

1943 1971 2184 2028 Verbum
2215 1974 2362 2045 quod
2389 1975 2444 2030 in
2479 1976 2643 2032 nobis
2665 1976 2832 2035 homo
2863 1977 3094 2034 interior
3119 1977 3254 2050 (60).
3279 1997 3298 2030 ι

2016 2105 2084 2161 Et
2106 2115 2323 2178 postea:
2357 2127 2375 2161 ι
2399 2108 2455 2164 Si
2477 2111 2662 2166 dicere
2686 2111 2964 2168 habitasse
2993 2111 3049 2166 in
3073 2127 3142 2166 eo
3163 2111 3514 2194 sapientiam.

1943 2197 2084 2254 sicut
2115 2199 2167 2253 in
2187 2201 2341 2256 nullo
2361 2202 2504 2269 alio;
2534 2203 2640 2258 hoc
2665 2203 2886 2258 modum
2914 2203 3139 2274 quidem
3167 2202 3518 2258 inhabitatio-

1942 2291 2030 2347 nis
2049 2293 2303 2348 eumdem
2338 2294 2601 2360 declarat,
2631 2310 2891 2352 mensura
2915 2311 3051 2352 vero
3071 2307 3128 2350 et
3159 2293 3516 2351 multitudine

1943 2383 2196 2450 excellit;
2225 2385 2378 2440 verbi
2400 2386 2592 2456 gratia,
2613 2387 2780 2458 duplo
2797 2387 2940 2458 plus,
2963 2396 3061 2444 aut
3093 2386 3516 2468 quomodocun-

1945 2489 2054 2545 que
2082 2475 2318 2546 amplius
2343 2518 2358 2543 ,
2405 2479 2494 2534 vel
2524 2477 2710 2534 minus
2761 2479 2928 2550 duplo
2965 2495 3129 2550 quam
3159 2480 3273 2544 alii,
3306 2495 3516 2551 cogno-

1946 2575 2134 2621 scente
2159 2567 2278 2638 ipso
2299 2583 2329 2622 a
2355 2568 2668 2639 sapientiau
2686 2570 2800 2625 Hoc
2825 2578 3008 2626 autem
3031 2571 3226 2626 nolunt
3254 2570 3516 2627 catholici

1941 2666 1998 2712 et
2029 2659 2390 2715 ecclesiastici
2447 2676 2688 2717 canones
2709 2705 2723 2727 ,
2773 2662 2869 2718 sed
2915 2661 3099 2732 potius
3134 2662 3258 2718 illos
3287 2660 3512 2734 quidem

265 2745 380 2798 ἀλλ’
421 2748 664 2814 ἐκείνους
708 2755 805 2821 μὲν
853 2759 1249 2829 μετεσχηκέναι
1275 2761 1470 2830 σοφίας
1500 2763 1835 2833 ὲμπνεούσης

1956 2751 2299 2822 participasse
2325 2753 2652 2823 sapientiam
2682 2753 2820 2809 foris
2847 2753 3232 2824 inspirantem,
3257 2769 3378 2824 qua:
3407 2751 3514 2808 alia

135 2857 161 2870 ι
266 2835 486 2904 ἔξωθεν,
521 2845 615 2897 καὶ
664 2845 832 2916 ἄλλης
857 2847 1024 2918 οὔσης
1047 2851 1180 2920 παρ’
1213 2853 1398 2916 αὐτοῖς
1417 2870 1432 2886 ο
1461 2855 1632 2925 αὐτὴν
1657 2854 1712 2908 δὲ
1736 2854 1835 2926 τὴν

270 2933 463 2998 σοφίαν
491 2936 560 2989 δι’
591 2939 789 3009 εαυτῆς
817 2941 1274 3014 ἐπιδεδημηκέναι
1295 2945 1570 3012 οὐσιωδῶς
1595 2949 1653 3002 ὲν
1677 2946 1756 3020 τῷ
1777 2948 1842 3004 ἐκ

269 3023 489 3094 Μαρίας
529 3027 764 3098 σώματι.
807 3051 826 3084 ι

340 3139 451 3192 Kal
477 3143 606 3210 μεθ’
633 3143 834 3209 ἕτερα·
861 3145 1054 3201 Καίτοι
1103 3148 1255 3217 φησὶ,
1291 3149 1362 3220 μὴ
1387 3150 1482 3204 δύο
1510 3151 1838 3220 ὑφίστασθαι

271 3231 442 3295 υἱούς.
476 3233 536 3286 El
575 3234 632 3286 δὲ
657 3235 786 3298 Υἱὸς
817 3238 845 3290 6
903 3238 1111 3304 Ἰησοῦς
1159 3241 1392 3312 Χριστὸς
1413 3242 1509 3296 τοῦ
1537 3242 1695 3304 Θεοῦ.
1724 3245 1840 3308 υίὸς

271 3321 328 3374 δὲ
363 3323 456 3376 καὶ
497 3324 526 3391 ἡ
579 3326 740 3393 σοφία
773 3368 789 3390 ,
818 3328 911 3381 καὶ
937 3328 1065 3384 ἄλλο
1092 3331 1189 3400 μὶν
1219 3333 1254 3402 ἡ
1284 3333 1466 3404 σοφία,
1497 3333 1626 3390 ἄλλο
1649 3334 1704 3389 δὲ
1742 3335 1844 3408 ’1η-

277 3411 404 3474 σοῦς
436 3414 690 3484 Χριστὸς,
721 3416 814 3472 δύο
839 3419 1160 3488 ὑφίστανται
1187 3424 1312 3478 υίοί.

345 3524 451 3578 Kal
469 3528 598 3594 μεθ’
623 3527 793 3594 ἔτερα
812 3544 828 3560 ο
873 3548 892 3582 ι
926 3530 1040 3600 Τὴν
1065 3531 1121 3586 δὲ
1145 3534 1440 3602 συνάφειαν
1472 3536 1674 3609 ἑτέρως
1699 3539 1837 3613 πρὸς

273 3614 374 3686 τὴν
401 3617 592 3684 σοφίαν
625 3618 760 3683 νόει,
800 3625 942 3676 κατὰ
980 3623 1216 3693 μάθησιν
1247 3628 1338 3681 καὶ
1371 3633 1682 3700 μετουσῖαν,
1715 3633 1837 3704 οὐχὶ

273 3705 464 3763 οὐσίαν
491 3711 832 3784 οὐσιωμένην
861 3715 922 3768 ἐν
957 3713 1192 3786 σώματι.
1231 3736 1252 3771 ›

342 3931 454 3984 Kal
517 3933 642 3996 μεθ’
691 3931 864 4000 ἕτερα
889 3951 906 3966 ο
971 3953 991 3987 ι
1055 3934 1193 3990 Οὔτε
1225 3937 1284 3991 δὲ
1314 3937 1425 3992 τῶν
1485 3941 1842 4011 ἀνθρωπίνων

1942 2853 2028 2900 est
2079 2844 2223 2915 apud
2273 2847 2454 2916 ipsos;
2515 2847 2691 2918 ipsam
2743 2862 2876 2903 vero
2933 2847 3258 2918 sapientiam
3304 2863 3404 2919 per
3455 2862 3515 2902 se

1945 2937 2114 3007 ipsam
2147 2937 2586 2995 substantialiter
2617 2941 2673 2994 in
2710 2955 2914 3012 corpus
2941 2955 3008 2996 ex
3027 2939 3194 2999 Maria
3223 2941 3461 3001 venisse.
3488 2958 3506 3002 ι

2013 3135 2084 3192 Et
2107 3145 2224 3208 post
2253 3137 2363 3193 alia
2384 3154 2408 3193 ς
2441 3156 2458 3190 ι
2484 3137 2563 3194 Ae
2594 3138 2820 3203 dicunt,
2875 3153 2986 3193 non
3009 3153 3129 3194 esse
3167 3137 3307 3192 duos
3349 3137 3514 3192 tilios.

1943 3223 2001 3282 Si
2036 3237 2217 3282 autem
2248 3226 2420 3284 Filius
2449 3237 2536 3283 est
2563 3228 2658 3308 Dei
2689 3229 2848 3284 Iesus
2863 3227 3135 3292 Christus,
3180 3227 3355 3282 Filius
3379 3243 3514 3282 vero

1942 3317 2106 3373 etiam
2142 3318 2454 3388 sapientia;
2501 3327 2558 3376 et
2603 3319 2752 3376 aliud
2803 3329 2884 3376 est
2925 3320 3226 3392 sapientia,
3273 3329 3332 3376 et
3363 3318 3514 3374 aliud

1941 3407 2101 3464 Jesus
2131 3409 2388 3466 Christus
2422 3429 2436 3466 :
2473 3411 2582 3467 duo
2612 3420 2743 3467 sunt
2777 3411 2896 3467 ﬁlii.
2935 3431 2954 3464 ι

2012 3522 2078 3578 Et
2097 3533 2276 3592 postea
2291 3541 2309 3577 :
2328 3541 2346 3575 ι
2367 3523 2785 3595 Copulationem
2807 3524 2916 3594 (6i)
2935 3541 3067 3582 vero
3088 3541 3212 3582 cum
3233 3527 3510 3596 sapientia

1943 3615 2101 3670 aliter
2131 3615 2372 3688 intellige
2401 3617 2704 3672 secundum
2735 3617 3086 3688 disciplinam
3116 3625 3173 3674 et
3215 3619 3513 3690 participa-

1945 3707 2149 3763 tionem
2174 3725 2189 3774 ;
2231 3723 2340 3762 non
2375 3718 2558 3764 autem
2585 3709 2886 3766 secundum
2910 3707 3272 3768 substantiam
3306 3711 3362 3766 in
3387 3725 3512 3766 cor.

1871 3779 1913 3837 (ἶ
1947 3809 2078 3866 pore
2105 3795 2417 3852 formatam.
2448 3817 2468 3848 ι

2014 3905 2086 3962 Et
2117 3915 2230 3977 post
2257 3906 2368 3962 alia
2396 3923 2415 3962 :
2455 3925 2474 3959 ι
2499 3908 2690 3980 Neque
2718 3911 2904 3984 Deus,
2957 3910 3050 3982 qui
3085 3926 3284 3982 corpus
3312 3910 3515 3964 huma-

273 4023 705 4092 προηγουμένως
753 3999 944 4086 παθῶν
979 4027 1244 4096 ἀμέτοχος
1275 4024 1342 4097 ἦν
1371 4069 1388 4091 .
1422 4031 1450 4084 ὁ
1488 3999 1728 4102 pop-socc
1747 4035 1835 4088 xui

1956 4015 2076 4053 num
2121 3999 2332 4055 ferebat
2373 4008 2429 4056 et
2463 4000 2761 4070 induerat,
2789 4004 3106 4074 passionum
3145 4003 3513 4058 humanarum

271 4114 630 4180 ἐνδυσάμενος
669 4116 732 4172 τδ
775 4117 1118 4190 ἀνθρώπινον
1155 4121 1286 4184 Θεός
1309 4139 1324 4154 ·
1372 4121 1497 4176 οὔτε
1536 4123 1646 4176 τῶν

269 4207 705 4276 προηγουμένως
741 4208 919 4280 ἔργων
959 4213 1188 4281 ἄμοιρον
1225 4213 1287 4265 τὸ
1327 4214 1667 4282 ἀνθρώπινον
1713 4217 1772 4270 ἐν
1799 4209 1844 4286 ᾧ

269 4293 358 4366 ἦνη
401 4298 499 4351 καὶ
540 4298 610 4352 δι’
662 4291 723 4353 οὗ
765 4301 938 4355 ταῦτα
957 4302 1176 4356 ἐποίει.
1235 4304 1510 4378 Ἐπλάσθη
1565 4323 1840 4377 προηγου-

275 4387 452 4456 μένως
493 4388 571 4449 ὡς
615 4389 900 4461 ἄνθρωπος
944 4393 1003 4444 ὲν
1042 4394 1278 4465 γαστρὶ,
1335 4396 1428 4449 καὶ
1471 4397 1614 4450 κατὰ
1655 4397 1840 4452 δεύτε-

277 4493 368 4544 ρον
397 4477 556 4544 λόγον
579 4480 711 4546 Θεὸς
729 4477 796 4554 ἦν
821 4485 880 4538 ὲν
913 4486 1132 4557 γαστρὶ,
1167 4490 1606 4561 συνουσιωμένος
1634 4491 1713 4563 τῷ
1743 4493 1840 4548 ἀν-

273 4567 551 4642 θρωπίνῳ.
589 4591 610 4625 ι

322 4789 418 4844 Ἐκ
440 4789 558 4845 τῶν
587 4792 717 4864 περί
753 4792 938 4846 αὑτοῦ
967 4795 1402 4859 πεπραγμένων
1439 4796 1588 4864 πρὸς
1615 4799 1806 4854 αὐτὸν

567 4861 728 4928 παρὰ
756 4865 1128 4933 Μαλχίωνος,
1159 4861 1531 4934 ἀντίρῤησις.

344 5013 363 5046 ι
401 4995 476 5046 Οὐ
508 4993 677 5048 πάλαι
718 4995 878 5048 τοῦτο
905 4996 1090 5063 ἔλεγον
1113 5037 1127 5062 ,
1153 4999 1236 5053 ὅτι
1265 4999 1325 5052 οὐ
1353 5001 1514 5063 δίδως
1540 4999 1840 5058 οὐσιῶσθαι

270 5085 329 5138 ἐν
371 5085 451 5156 τῷ
477 5087 584 5156 ὅλῳ
610 5088 825 5156 Σωτῆρι
869 5087 962 5140 τὸν
991 5089 1121 5142 Υἱδν
1161 5090 1252 5143 τον
1289 5093 1548 5164 μονογενῆ
1573 5135 1587 5159 ,
1615 5093 1705 5146 τὸν
1730 5095 1836 5164 πρὸ

271 5175 454 5248 πάσης
482 5176 715 5241 κτίσεως
741 5178 928 5241 ἀϊδίως
961 5177 1312 5248 ὑπάρχοντα;
1355 5198 1374 5230 ι

243 5430 253 5441 ’
342 5433 454 5505 (60)
477 5433 588 5490 Nos
610 5435 868 5500 dicimus,
898 5436 1044 5506 quod
1090 5436 1258 5490 homo
1296 5437 1537 5492 exterior
1583 5449 1639 5494 et
1695 5441 1836 5495 inte-

267 5507 386 5563 τίοι·
419 5513 549 5559 sunt
573 5521 680 5560 una
704 5521 970 5576 persona:
1008 5507 1088 5563 sic
1109 5506 1252 5561 Deus
1281 5506 1522 5562 Verbum
1552 5521 1609 5566 et
1637 5510 1831 5566 huma-

1685 4091 1846 4178 δείων
1946 4091 2324 4162 principaliter
2350 4108 2548 4164 expers
2571 4105 2691 4151 erat
2715 4113 2731 4162 ;
2767 4112 2948 4167 neque
2977 4111 3182 4167 corpus
3210 4097 3516 4152 humanum

1945 4179 2258 4236 divinorum
2289 4198 2520 4253 operum
2550 4186 2931 4257 principaliter
2965 4203 3165 4258 expers
3192 4196 3314 4242 erat
3360 4187 3416 4242 in
3445 4202 3515 4242 eo

1945 4271 2000 4325 in
2036 4287 2146 4341 quo
2171 4281 2310 4336 erat,
2335 4280 2392 4328 et
2419 4289 2518 4344 per
2545 4291 2708 4346 quem
2739 4277 2857 4334 haec
2881 4293 3046 4348 opera
3086 4277 3342 4334 faciebat.
3378 4277 3516 4334 For-

3581 4261 3605 4302 ιτ

1944 4371 2124 4418 matus
2151 4374 2237 4420 est
2274 4365 2654 4436 principaliter
2683 4376 2744 4423 ut
2788 4369 2954 4424 homo
2987 4370 3042 4436 in
3071 4377 3302 4436 ventre;
3347 4377 3404 4426 et
3429 4385 3516 4426 se-
3577 4371 3588 4428 ξ

1945 4455 2214 4510 cundario
2238 4456 2348 4528 (62)
2380 4457 2526 4514 Deus
2575 4471 2698 4515 erat
2739 4461 2796 4516 in
2851 4471 3044 4517 ventre
3081 4461 3515 4530 συνουσιωμένος

1884 4564 1890 4570 ·
1942 4549 2020 4619 τῷ
2049 4548 2396 4622 ἀνθρωπίνῳ,
2419 4551 2476 4606 id
2505 4561 2610 4618 est,
2635 4555 2886 4624 copulata
2909 4555 3218 4612 substantia
3239 4557 3360 4628 ejus
3385 4572 3514 4612 cum

1945 4639 2186 4695 homine.
2213 4659 2232 4692 ι

1943 4775 2244 4848 Confutatio
2271 4793 2333 4832 ea:
2373 4781 2502 4834 artis
2545 4782 2992 4906 cgttlrczl’aulum
3019 4783 3444 4840 Samosatensem
3478 4803 3513 4841 α

2626 4871 2655 4906 a
2681 4870 2708 4905 c
2745 4869 2883 4906 zone.

2626 4869 2883 4908 atcmone.

2021 5005 2038 5037 ι
2063 4985 2255 5041 Nonne
2273 4995 2401 5042 ante
2425 4985 2698 5052 dicebam,
2728 4987 2879 5059 quod
2900 5004 3008 5044 non
3035 4989 3296 5046 concedis
3311 4989 3513 5047 Filium

1945 5077 2285 5148 unigenitum
2344 5079 2440 5151 qui
2487 5087 2574 5134 est
2619 5095 2686 5135 ex
2731 5082 3041 5139 aeternitate
3089 5092 3218 5140 ante
3289 5099 3513 5139 omnem

1941 5179 2248 5226 creaturam
2279 5211 2295 5237 ,
2336 5173 2390 5228 in
2440 5181 2556 5229 toto
2587 5173 2868 5231 Salvatore
2920 5176 3252 5242 οὐσιῶσθαι,
3303 5177 3357 5233 id
3401 5187 3508 5240 est,

1944 5263 2160 5318 unitum
2193 5280 2315 5322 esse
2339 5267 2643 5323 secundum
2679 5268 3083 5326 substantiam?
3111 5290 3130 5323 ι

2007 5445 2119 5515 (61)
2143 5445 2468 5513 Συνάφειαν.
2501 5447 2900 5506 humanitatem
2935 5452 3121 5506 aiebat
3150 5451 3352 5506 Paulus
3387 5450 3513 5505 uni;

1938 5522 2046 5592 tam
2073 5531 2194 5570 esse
2219 5531 2344 5570 cum
2367 5517 2656 5592 sapientia.
2685 5518 2830 5574 sicut
2854 5521 3147 5592 disciplina
3169 5521 3360 5576 unitur
3378 5534 3516 5578 cum

267 5577 418 5654 nitas
447 5583 727 5654 assumpta
759 5583 886 5632 sunt
909 5593 1014 5633 una
1045 5591 1302 5647 persona,
1328 5577 1476 5648 quod
1513 5588 1676 5654 negat
1735 5581 1826 5638 hic
1935 5580 2188 5654 discerne
2209 5597 2302 5649 νοτ
2333 5577 2831 5654 ιδίιι’ἱί‹·1ριιιίοιι‹ειιι.
2866 5588 2945 5644 In.

269 5645 495 5708 Paulus.
535 5643 672 5706 Cui.

2005 5648 2116 5722 (62)
2149 5648 2472 5709 δέταηααιτίο
2501 5648 2660 5710 Κατὰ
2687 5655 2942 5728 δεύτερον
2967 5658 3144 5728 λόγον.
3178 5655 3324 5713 Tun.
