3954 6148
422 349 564 419 1395

1677 356 1990 418 LEONTII
2029 357 2401 419 BYZANTIN
2409 357 2434 416 Ι

3543 351 3684 418 1396

417 487 818 570 (Omitlimus
843 487 1161 570 sequentia
1199 487 1368 570 apud
1419 486 1738 570 Leontium
1773 485 2198 570 Ναιὶαηκτςηί,
2235 487 2504 570 Nysseni
2530 483 2946 570 ,_{ithqnqsii,
2997 481 3267 570 Cyl-iiii,
3313 483 3684 570 Isidorique

769 561 1098 628 Palu—sione
1131 561 1508 638 testimonia,
1545 583 1676 646 quae
1706 566 1772 626 in
1805 583 2014 625 eorum
2054 561 2360 645 Operibus
2395 585 2434 624 α
2461 563 2640 624 nobis
2674 561 2856 624 editis
2894 561 3018 642 legi
3053 561 3334 643 Qucum.)

417 684 602 746 Sancti
635 685 880 757 Eplmem
914 701 978 740 ex
1003 683 1254 759 Oratione
1295 689 1351 742 in
1399 687 1752 759 Margaritam
1803 695 1986 742 contra

2170 689 2278 743 Τοῦ
2328 690 2505 742 ὁσίου
2545 687 2788 759 Ἐφραὶμ
2829 687 2898 740 ἐκ
2936 687 3042 759 ταῦ
3069 687 3259 754 λόγου
3302 688 3407 743 τοῦ
3447 691 3538 756 εἰς
3569 690 3683 744 τίὲν

1027 755 1369 815 Marcionem.

491 865 658 932 «Quae
703 865 860 922 vides
887 871 946 922 et
974 873 1260 931 attrectas,
1301 865 1412 920 sint
1443 865 1544 921 tibi
1589 865 1985 932 testimonium,

410 963 611 1011 natura
639 956 857 1012 scilicet
879 972 1045 1027 quam
1071 957 1256 1012 nescis
1275 957 1574 1026 explicare,
1629 957 1776 1026 quod
1817 956 1988 1012 Filius

413 1047 534 1102 sine
573 1047 785 1102 semine
825 1047 1092 1112 nascitur,
1115 1059 1174 1103 et
1232 1048 1344 1103 duo
1371 1049 1648 1104 contraria
1682 1050 1988 1105 secundum

414 1138 780 1193 substantiam
829 1140 1222 1208 eonspirarunt
1299 1147 1522 1196 ostensa
1587 1141 1868 1220 hypostasi
1929 1143 1986 1205 in

412 1243 742 1298 unaquaque
774 1238 990 1284 natura.
1009 1248 1028 1282 ι

449 1361 737 1418 -Arbitr-or
769 1379 868 1434 per
892 1363 1072 1419 omnia
1109 1364 1546 1420 demonstratum
1593 1381 1734 1430 esse,
1763 1367 1980 1438 opinio-

412 1471 540 1510 nem
583 1455 856 1510 Theodori
909 1466 964 1512 et
995 1463 1331 1512 sectatorum
1388 1459 1507 1528 ejus
1560 1460 1809 1515 eamdem
1863 1475 1985 1516 esse

415 1562 537 1614 qum
566 1547 718 1602 Pauli
747 1547 1181 1616 Samosatensis;
1206 1557 1262 1604 et
1286 1564 1317 1604 a
1349 1551 1556 1606 sanctis
1591 1551 1848 1606 Patribus
1877 1551 1987 1606 dii-

414 1637 562 1693 ferre
589 1678 603 1703 ,
639 1638 829 1709 eisque
869 1623 1174 1696 adversari.
1225 1641 1471 1698 Pendeat
1507 1657 1575 1697 ex
1605 1651 1877 1712 potestate
1909 1644 1989 1699 le-

413 1729 660 1796 gentium
694 1729 978 1788 adluerere
1014 1731 1259 1800 veritati,
1311 1742 1368 1790 et
1399 1733 1530 1794 dare
1569 1733 1722 1801 huic,
1757 1743 1818 1792 ut
1846 1734 1988 1792 ferat

413 1821 698 1900 praemium
731 1823 998 1887 victoriae.

2088 759 2605 834 μαργαρίτην-(Μ’)
2625 758 2774 811 κατὰ
2804 757 3174 826 Μαρκίωνος.

2168 887 2188 921 ι
2226 868 2294 922 Ἀ
2327 867 2546 937 βλέπεις
2568 865 2664 920 καὶ
2687 865 2962 937 ψηλαφᾷς,
2997 866 3241 934 γενέσθω
3275 885 3359 921 σοι
3393 871 3676 940 μαρτυρία

2093 959 2338 1030 ἡφύσις,
2393 959 2460 1030 ἥν
2512 961 2688 1012 εἰπεῖν
2711 959 2814 1012 οὐκ
2869 959 3184 1022 ἐπίστασαι,
3228 962 3311 1015 ὅτι
3360 961 3489 1024 Υἱὸς
3538 963 3674 1018 ἄνευ

2095 1050 2304 1120 σπορᾶς
2333 1047 2541 1117 γίνεται
2567 1088 2582 1111 ,
2617 1047 2830 1102 καὶδύο
2861 1049 3162 1104 ὑπεναντία
3202 1051 3480 1116 οὐσιωδῶς
3517 1053 3658 1122 ὡμο-

2092 1141 2314 1212 νὸησαν,
2357 1140 2458 1211 τῆς
2490 1139 2843 1204 ὑποστάσεως
2884 1137 3246 1214 δεικνυμένης
3296 1143 3390 1196 ἐπὶ
3429 1145 3669 1213 ἑκάστης

2095 1249 2334 1309 φυσεως,
2369 1251 2389 1285 ι

2159 1363 2326 1439 Οἶμαι
2352 1365 2442 1422 διὰ
2474 1366 2692 1421 πάντων
2729 1365 3103 1437 ἀποδεδεῖχθαι
3136 1365 3236 1438 τὴν
3266 1365 3542 1436 Θεοδώρου
3575 1371 3672 1420 καὶ

2093 1464 2200 1518 τῶν
2243 1465 2382 1533 ἀμφ’
2412 1463 2574 1517 αὑτὸν
2613 1463 2747 1532 πρός
2777 1480 2838 1516 τε
2875 1463 2968 1517 τὸν
3009 1463 3334 1533 Baltasar“
3359 1463 3668 1533 ὁμοδοξιαν,

2095 1557 2190 1610 καὶ
2215 1555 2354 1626 πρὸς
2384 1555 2513 1619 τοὺς
2561 1553 2750 1622 ἁγίους
2786 1554 3036 1626 Πατέρας
3067 1555 3320 1610 ἐναντίαν
3352 1556 3445 1606 καὶ
3475 1554 3666 1622 διάφο-

2095 1665 2190 1718 ρον
2234 1647 2483 1719 γνώμην.
2515 1647 2628 1716 Τῆς
2675 1645 2732 1698 δὲ
2774 1645 2884 1699 τῶν
2918 1645 3366 1716 ἐντυγχανόντων
3405 1646 3672 1716 ἠρτήεθω

2093 1737 2342 1806 ἐξουσίας
2399 1739 2470 1808 τῇ
2522 1744 2583 1791 τε
2636 1735 2868 1808 ἀληθείᾳ
2919 1734 3280 1805 προσθέσθαι,
3339 1737 3436 1789 καὶ
3483 1733 3672 1788 δοῦναι

2091 1827 2268 1902 ταθτῃ
2293 1827 2436 1883 κατὰ
2458 1827 2521 1882 τὸ
2553 1825 2748 1896 ψεῦδος
2775 1825 2919 1896 ἔχειν
2944 1825 3011 1880 τὰ
3033 1826 3350 1898 νικητήρια.

481 1976 612 2051 (62°)
634 1974 916 2032 Sermonis
949 1977 1114 2050 hujus
1136 1978 1244 2034 alia
1271 1978 1382 2035 duo
1419 1979 1621 2065 Graeca
1659 1979 1962 2054 fragmenta
1996 1985 2239 2045 dedimus
2263 1997 2328 2038 ex
2367 1977 2562 2053 Script.
2589 1988 2692 2037 vel.
2722 1987 2762 2036 t.
2795 1979 2906 2046 VII,
2943 1993 2999 2050 p.
3037 1977 3108 2036 $8
3145 1987 3203 2036 et
3231 1979 3351 2036 151.

437 2175 3108 2204 _——-———-—————~————_______—_——————-————_

508 2314 1084 2463 MONI'l‘UM
1159 2369 1286 2456 IN
1359 2304 2061 2460 TRACTATU'M
2148 2367 2626 2462 CONTRA
2695 2361 3567 2459 NESTORIANOS.

371 2636 386 2646 ν
1211 2557 1366 2630 (Aac.
1395 2559 1498 2618 MAI
1523 2559 1718 2631 Script.
1754 2559 1903 2616 Veler
1935 2561 2088 2620 Noua
2122 2559 2392 2627 Collectia,
2427 2559 2602 2642 t.-lx.
2635 2575 2690 2631 p.
2721 2557 2862 2630 xm.)

487 2875 750 2936 Leontius
775 2875 952 2946 patria
978 2873 1328 2946 Byzantinus,
1359 2872 1598 2929 incolatu
1630 2880 1814 2929 autem
1854 2865 2400 2943 Hierosolymitanus,
2429 2870 2633 2941 quippe
2669 2872 2724 2926 in
2757 2870 2910 2925 laura
2935 2868 2990 2924 S.
3025 2868 3182 2924 Saba:
3211 2882 3380 2938 prope
3408 2877 3664 2924 sanctam

421 2965 614 3019 urbem
646 2963 1028 3018 mouachatum
1059 2961 1355 3032 professus,
1382 2961 1662 3031 ingenium
1694 2976 1876 3026 suum,
1905 2974 2014 3031 quo
2039 2959 2276 3030 pollebat
2313 2959 2574 3028 plurimo,
2606 2967 2797 3012 contra
2828 2955 3125 3026 praesertim
3161 2954 3568 3023 biouophysitas
3595 2971 3667 3010 ae

421 3046 795 3110 Nestorianos,
829 3045 965 3102 duas
1006 3043 1294 3101 contraria:
1339 3043 1624 3100 sententiae
1670 3051 1864 3108 sectas,
1901 3044 1996 3100 diu
2045 3046 2292 3102 exercuit
2341 3045 2542 3100 saeculo
2585 3043 2782 3100 Christi
2823 3041 3108 3097 desinente
3154 3049 3324 3106 sexto,
3358 3039 3514 3106 cujus
3548 3041 3658 3092 zeli

422 3142 587 3204 atque
610 3133 818 3188 laboris
841 3141 1008 3189 testes
1035 3139 1252 3187 exstant
1281 3131 1544 3185 nonnulla
1574 3132 1834 3200 opuscula
1860 3131 1913 3186 in
1949 3133 2192 3204 antiquis
2211 3127 2414 3189 Canisii
2445 3133 2776 3188 lectionibus
2804 3130 2982 3193 obvia,
3008 3145 3129 3200 qua:
3153 3129 3207 3182 in
3230 3127 3494 3184 Gallandii
3523 3141 3652 3185 mox

422 3221 753 3278 bibliotheca
784 3230 822 3276 t.
859 3220 976 3285 Xll,
1003 3220 1280 3275 cumulata
1307 3219 1549 3273 fuerunt.
1595 3219 1708 3288 Ego
1743 3235 1878 3275 vero
1917 3221 2073 3276 libris
2101 3221 2453 3276 orientalium
2495 3220 2862 3288 Ecclesiarum
2899 3215 3288 3287 cognoscendis
3315 3213 3522 3284 iamdiu
3554 3211 3658 3266 ad-

422 3309 625 3374 dictus,
665 3309 897 3379 ideoque
925 3308 1228 3373 erroribus,
1261 3307 1355 3377 qui
1384 3299 1452 3362 ab
1482 3307 1724 3376 antiquis
1747 3309 1988 3376 ipsarum
2021 3308 2342 3364 doctoribus
2361 3308 2552 3363 dictati
2585 3313 2733 3367 sunt,
2765 3305 3028 3376 peculiari
3062 3303 3242 3358 studio
3285 3299 3544 3355 eruendis
3577 3299 3666 3352 in.

425 3406 631 3462 tentus,
667 3396 956 3451 Leontium
984 3409 1362 3466 uepenumero
1391 3393 1586 3449 ducem
1616 3394 1882 3463 eptimum
1909 3405 2172 3467 expertus
2199 3412 2352 3462 sum;
2377 3397 2536 3468 cujus
2570 3409 2720 3450 nunc
2749 3401 3043 3449 tractatum
3075 3387 3319 3446 nondum
3348 3389 3472 3443 luce
3498 3387 3669 3441 dena-

426 3493 542 3540 tum
572 3492 764 3540 contra
789 3483 1164 3548 Nestorianos,
1186 3482 1472 3552 copiosum
1501 3489 1666 3552 atque
1692 3483 2039 3551 praclarum,
2060 3501 2160 3542 nec
2189 3496 2300 3541 tam
2325 3485 2504 3541 aliena
2529 3485 2862 3540 auctoritate
2887 3489 3250 3552 pugnantem,
3271 3492 3433 3548 quam
3459 3477 3668 3547 proprii

425 3573 700 3629 ratiocinii
727 3570 982 3629 acumine
1033 3573 1472 3634 convincentem,
1509 3571 1564 3624 in
1597 3573 1854 3642 praesenti
1898 3573 2173 3629 volumine
2218 3573 2550 3646 vulgandum
2595 3571 2834 3642 suscepi.
2876 3569 3088 3639 Nempe
3128 3568 3234 3622 hoc
3270 3581 3408 3636 opus
3441 3565 3497 3618 in
3546 3572 3669 3618 octo

427 3661 749 3716 distinctum
787 3661 960 3717 libros
996 3661 1328 3732 (quanquam
1371 3659 1598 3715 ultimus
1642 3660 1818 3728 deesl)
1857 3669 2082 3718 cunctas
2123 3663 2573 3718 Nestorianorum
2619 3661 2886 3716 adversus
2912 3656 3245 3713 catholicum
3291 3653 3488 3724 dogma
3523 3651 3670 3719 objev

429 3745 638 3800 ctiones
666 3747 1010 3816 complexum
1037 3756 1142 3810 est,
1170 3761 1294 3800 cum
1328 3741 1548 3801 invictis
1587 3745 1799 3800 Leontii
1831 3751 2004 3803 nostri
2037 3749 2482 3806 refutationibus.
2515 3749 2708 3818 Agitur
2760 3745 2908 3801 enim
2947 3760 3046 3814 per
3091 3741 3581 3797 contradictionem
3612 3745 3668 3790 et

428 3832 744 3903 Apologiam
771 3834 824 3887 in
850 3849 864 3886 ι
901 3834 1062 3898 libro,
1101 3833 1174 3887 De
1201 3831 1568 3902 coniunctione
1591 3834 1781 3888 divina:
1826 3835 1976 3890 Verbi
2001 3846 2208 3892 natura:
2235 3855 2355 3891 eum
2393 3839 2660 3900 humana;
2695 3833 2750 3888 in
2777 3851 2835 3896 ιι,
2873 3832 2951 3886 De
2979 3831 3136 3884 unica
3187 3828 3382 3884 Christi
3408 3841 3628 3896 persona
3651 3840 3671 3886 ;

431 3921 485 3974 in
516 3936 592 3984 ut,
632 3920 706 3973 De
728 3923 882 3974 unico
911 3918 1284 3974 Filio-Christo
1301 3936 1320 3984 ;
1352 3921 1408 3972 iu
1437 3935 1510 3984 tv,
1545 3919 1619 3973 De
1645 3919 1852 3989 Virgine
1883 3922 2137 3993 ἀείραι-αξ
2169 3923 2225 3978 iu
2261 3940 2316 3988 v,
2343 3921 2420 3978 De
2447 3922 2654 3979 Christo
2682 3919 2787 3974 Deo
2819 3928 2866 3972 et
2901 3917 3151 3980 homine;
3177 3915 3230 3968 in
3256 3929 3330 3976 VI,
3363 3911 3440 3965 De
3467 3909 3671 3965 Christo

431 4025 537 4061 non
561 4007 768 4061 [tamine
797 4008 1077 4077 theophoro
1110 4008 1200 4062 sed
1237 4009 1528 4061 humanalo
1558 4007 1701 4072 Deo;
1728 4007 1783 4062 in
1806 4024 1899 4071 vn,
1943 4009 2014 4064 De
2044 4011 2140 4066 illo
2163 4011 2339 4066 dicto:
2373 4031 2392 4064 ι
2431 4011 2573 4066 Unus
2607 4011 2672 4062 de
2692 4007 2749 4064 S.
2786 4006 3042 4060 Trinitate
3070 4017 3258 4074 passus
3282 4007 3359 4054 est
3381 4000 3436 4052 in
3457 4013 3664 4051 carne.»

432 4096 492 4149 lu
521 4111 633 4156 vm,
659 4093 775 4164 qui,
802 4101 862 4148 ut
896 4095 1029 4159 dixi,
1053 4094 1415 4159 desideratur,
1438 4095 1888 4150 Nestorianorum
1917 4095 2170 4167 impietas
2191 4097 2589 4168 coarguebatur
2616 4093 3012 4166 hypostaticam
3039 4089 3300 4146 unionem
3335 4085 3670 4154 negantium.

434 4183 568 4238 alias
591 4197 724 4238 vero
751 4183 942 4249 nescio
968 4199 1104 4252 quas
1130 4181 1273 4238 haud
1307 4197 1497 4252 reapse
1526 4183 1758 4238 uniones
1801 4185 2358 4246 comminiscentium,
2385 4189 2517 4253 puta
2551 4180 2809 4244 honoris,
2849 4175 3264 4239 dominationis,
3297 4172 3547 4234 allectus,
3573 4170 3674 4224 ha-

435 4269 723 4324 bitationis
743 4311 758 4335 ,
784 4269 1085 4340 quamlibet
1117 4270 1332 4328 scilicet
1381 4271 1827 4341 canjunctionem
1871 4273 2157 4335 moralem,
2189 4287 2298 4326 non
2350 4269 2747 4340 bypostaticam
2788 4276 2846 4322 et
2875 4263 3204 4320 naturalem.
3259 4259 3387 4316 Haec
3415 4259 3562 4314 enim
3591 4265 3678 4311 est

437 4355 748 4412 Nestorium
777 4358 984 4413 erroris
1008 4373 1240 4419 summa,
1272 4358 1389 4412 haec
1421 4358 1693 4412 virulenta
1721 4359 1804 4413 vis
1846 4359 2121 4414 haereseos
2154 4373 2264 4428 qua
2299 4357 2485 4412 divina
2519 4354 2824 4411 incarnatio
2851 4349 3262 4421 pessumdatur,
3295 4345 3552 4402 Christus
3580 4359 3672 4397 re-

439 4461 569 4500 vera
596 4445 800 4500 dcitate
832 4446 1100 4515 dijicitur,
1123 4455 1179 4500 et
1199 4445 1269 4500 de
1295 4445 1608 4501 beatissima
1642 4446 1808 4500 Maria
1834 4447 2005 4502 Deum
2033 4461 2154 4502 esse
2176 4453 2364 4500 natum
2395 4451 2646 4514 negatur.
2680 4442 2948 4509 Namque,
2979 4435 3312 4492 utobservat
3337 4431 3683 4488 Justinianus

443 4531 576 4600 imp.
617 4532 670 4586 in
703 4531 1010 4604 theologica
1052 4531 1283 4602 epistola
1319 4531 1482 4602 (apud
1517 4548 1617 4587 nos
1648 4539 1686 4586 t.
1729 4532 1839 4598 VII,
1873 4548 1924 4597 p.
1966 4533 1986 4586 ’Ξ

2109 4573 2118 4597 ,
2151 4532 2354 4602 impius
2396 4529 2684 4585 Nestorius
2731 4527 2916 4582 aiebat
2945 4541 2958 4592 ς
2986 4520 3237 4590 Οὑδαμοῦ
3283 4519 3464 4572 τοίνυν
3494 4519 3528 4587 ἡ
3561 4517 3682 4570 Θεία

442 4617 632 4687 ι’ραφὴ
665 4617 796 4671 Θεδν
826 4620 890 4672 ὲκ
927 4619 1025 4688 τῆς
1051 4618 1419 4686 Χριστοτόκου
1450 4619 1720 4690 παρθένου
1743 4621 1893 4692 λέγει
1931 4638 1986 4688 γε

2109 4619 2312 4690 θῆσθαι.
2337 4618 2476 4673 Tum
2507 4626 2794 4687 postquam
2827 4613 3057 4674 dixerat,
3082 4607 3255 4663 sacris
3279 4605 3463 4659 verbis
3497 4615 3681 4692 utens,

444 4703 663 4776 Moysen
726 4705 1026 4760 Pharaonis
1085 4705 1296 4768 Deum,
1356 4704 1610 4759 Israélem
1661 4706 1755 4780 Dei
1814 4707 2030 4769 lilium,
2076 4709 2296 4764 Saulem
2344 4715 2401 4762 et
2457 4704 2661 4777 Cyrum
2725 4701 3006 4780 Christos,
3067 4695 3148 4750 sic
3206 4692 3478 4780 horrende
3539 4691 3685 4780 blas-

443 4793 712 4860 phemans
749 4791 1109 4881 concludebat
1146 4809 1160 4860 :_
1209 4789 1366 4858 Οὕτω
1417 4790 1646 4872 λέγομξν
1682 4777 1776 4859 καὶ
1817 4795 1909 4861 τὸν
1935 4797 1986 4859 ᾼε

2109 4795 2214 4865 ᾔτην
2251 4793 2510 4863 Χριστὸν,
2551 4789 2649 4844 καὶ
2687 4779 2866 4853 Θεὸν,’
2891 4781 2988 4838 καὶ
3037 4781 3198 4846 Υξδν,
3231 4778 3326 4833 καὶ
3368 4777 3546 4846 ἅγιον,
3593 4777 3685 4830 καὶ

443 4881 489 4931 Χ
501 4880 702 4946 ριστόν.

519 4963 660 5018 Sane
695 4965 956 5022 intererat
986 4965 1148 5032 seire,
1187 4983 1252 5022 ex
1275 4966 1605 5038 quibusnam
1635 4967 1957 5022 nominatim
1992 4975 2155 5024 sectae
2195 4967 2484 5038 discipulis
2507 4973 2600 5022 aut
2633 4962 2979 5026 doctoribus,
3015 4968 3098 5015 tot
3128 4957 3471 5029 obiectiones
3508 4952 3685 5007 Leon-

449 5051 562 5104 tius
591 5051 872 5118 hauserit;
901 5053 996 5108 sed
1030 5056 1158 5124 quia
1188 5055 1234 5110 is
1255 5055 1478 5110 nomina
1510 5054 1723 5116 reticet,
1755 5055 2107 5124 cogitandum
2143 5065 2228 5112 est
2261 5057 2330 5114 de
2368 5055 2622 5126 plurimis
2658 5053 2768 5108 illis
2805 5048 3262 5107 Nestorianorum
3297 5041 3687 5112 scriptoribus,

450 5147 722 5208 quantum
747 5146 878 5195 :etas
904 5141 1300 5210 patitur,,quos
1329 5150 1576 5195 recenset
1613 5141 1668 5198 in
1689 5141 1945 5212 Catalogo
1972 5142 2264 5199 Chaldaeus
2298 5143 2604 5198 Ebediesus
2630 5155 2662 5197 a
2699 5155 2820 5210 cap.
2855 5139 2926 5195 59
2953 5147 3005 5192 et
3051 5135 3336 5202 deinceps,
3361 5145 3488 5186 cum
3522 5128 3689 5212 Asse.

451 5225 598 5279 mani
626 5225 929 5294 appendiee
952 5268 967 5291 ,
999 5225 1054 5280 in
1083 5242 1194 5297 quo
1224 5225 1603 5296 copiosissimo
1637 5243 1867 5284 numero
1887 5210 2214 5286 tractatores
2247 5229 2447 5300 passim
2475 5234 2799 5290 occurrunt,
2831 5223 2926 5294 qui
2960 5220 3345 5277 Nestorianum
3385 5215 3582 5283 dogma
3619 5210 3689 5265 de

453 5314 648 5370 morali
684 5313 885 5369 unione
907 5314 1220 5384 duplicique
1259 5330 1493 5385 persona
1523 5325 1891 5387 propugnant.
1922 5319 1988 5372 Et
2009 5299 2261 5388 quidem,
2287 5331 2356 5372 ne
2394 5316 2536 5375 forte
2565 5314 2833 5368 miremur
2858 5319 3066 5366 tantam
3091 5308 3147 5362 in
3177 5299 3573 5362 semibarbaris
3592 5313 3691 5388 ar-

449 5413 838 5478 gumentorum
869 5403 1250 5465 subtilitatem.
1279 5386 1744 5476 deprehendimus
1767 5407 1820 5460 in
1861 5405 2010 5462 dicto
2029 5386 2298 5476 icatalogo
2327 5403 2535 5474 logicos
2563 5412 2827 5458 tractatus
2854 5399 3057 5462 varios,
3092 5403 3149 5449 et
3195 5389 3549 5450 aristotelicze
3572 5386 3693 5478 dia:

446 5472 662 5562 lecticae
686 5491 1186 5562 interpretationes.
1213 5493 1309 5548 Est
1336 5472 1519 5548 autem
1550 5493 1618 5549 de
1649 5493 1834 5550 Persis
1864 5493 2191 5548 nominatim
2234 5472 2650 5561 locus—insignis
2691 5483 3098 5574 chronographi
3123 5472 3694 5574 _Georgiih.amar.toli

455 5559 598 5649 apud
631 5597 751 5644 nos,
775 5559 962 5652 p.375
995 5598 1008 5634 :
1036 5598 1056 5631 ι
1087 5580 1257 5638 Aiunt
1293 5581 1439 5652 ipsos
1469 5590 1626 5637 acute
1657 5581 1967 5652 intelligere
1991 5593 2309 5636 sermonum
2340 5593 2514 5632 nexus
2534 5559 2602 5631 vet
2627 5573 2873 5630 fallacias
2903 5579 2961 5628 et
2991 5569 3311 5661 involucra;
3333 5573 3392 5620 et
3427 5559 3695 5661 brevibus

458 5667 619 5733 dictis
643 5687 737 5727 eos
766 5671 986 5751 quicum
1016 5668 1314 5752 loquuntur
1345 5671 1706 5736 convincere;
1737 5651 1942 5726 etenim
1975 5679 2030 5724 et
2054 5667 2350 5740 syllogismi
2379 5674 2554 5721 artem
2586 5668 2831 5749 apprime
2865 5661 3064 5728 callere
3087 5657 3371 5728 dicuntur,
3402 5660 3460 5708 et
3487 5651 3696 5714 alienas

1873 5811 1900 5832 δ
