3954 6148
317 209 455 276 1399
1543 227 1732 291 LFON
1743 233 1852 293 ΤίΙ
1893 233 2025 294 ΒΥΖ

2001 237 2295 298 ιΛΝΤΙΝΙ
3427 247 3576 316 14ρο

1522 423 3546 454 _____________________________________________

1176 598 1404 692 ΤΟΥ
1465 601 2084 695 ΠΑΝΣΟΦΟΥ
2161 607 2719 698 ΜΟΝΑΧΟΥ

1333 869 1668 998 ΚΥΡ
1743 867 2600 1005 ΛΕΟΝΤΙΟΥ

983 1149 1318 1270 ΤΟΥ
1426 1155 2895 1282 ΙΕΡΟΣΟΛΥΜΙΤΟΥ

317 1403 504 1458 ΚΑΤΑ
537 1403 676 1460 ΤΩΝ
697 1403 828 1460 ΔΥΟ
858 1403 989 1458 ΤΑΣ
1011 1404 1438 1462 ΥΠΟΣΤΑΣΕΙΣ
1471 1408 1770 1464 ΧΡΙΣΤΟΥ
1799 1411 2350 1480 ΛΕΓΟΝΤΩΝ,ἸἨΝ
2382 1419 2463 1478 ΔΕ
2492 1419 2799 1478 ΟΙΔΝΟΥΝ
2827 1422 3170 1482 ΣΥΝΘΕΣῘΝ
3198 1427 3308 1485 EIl’
3327 1431 3568 1489 ΑΥΤΟΥ

1557 1531 1697 1586 ΟΥΧ
1731 1533 1964 1587 ΟΜΟΛΟ
1971 1533 2310 1592 ΓΟΥΝΤΩΝ.

1181 1810 2062 1929 SAPIENTISSIMI
2168 1839 2710 1932 MONACHI

717 2095 870 2220 D.
933 2097 1576 2226 LEONTII
1674 2015 3155 2236 HIEROSOLYMITANI

312 2378 712 2447 ADVERSUS
759 2381 901 2444 EOS
944 2383 1080 2457 QUI
1141 2385 1341 2448 DUAS
1385 2388 1829 2450 AFFIRMANT
1883 2390 2197 2451 CHRISTI
2251 2391 2667 2470 PERSONAS,
2721 2393 3193 2474 NULLAMQUE
3238 2399 3322 2463 IN
3383 2399 3556 2464 IPSO

1323 2502 1960 2567 CONJUNCTIONEM
1993 2506 2552 2571 CONFITENTUR.
3032 2526 3047 2537 '

415 1728 446 1750 ’ὕ

1127 2676 1286 2748 (Axs.
1307 2675 1427 2733 MAI.
1463 2675 1716 2748 Scriptor.
1747 2685 1844 2732 vet.
1874 2694 1994 2733 nov.
2025 2675 2290 2748 Collectio,
2321 2687 2362 2736 t.
2391 2679 2484 2750 IX,
2514 2697 2570 2754 p.
2605 2682 2756 2755 MO.)

1489 3009 1846 3101 LIBER
1949 3013 2243 3157 PiiiM
2269 3012 2439 3102 US.

1921 3235 1992 3256 μ

898 3370 1317 3432 PROOEMIUM.
1918 3383 1969 3442 Α

2559 3375 2968 3431 ΠΡΟΟΙΜΙΟΝ.

389 3482 493 3541 Hic
519 3485 681 3542 nobis
713 3500 833 3542 sese
853 3489 1017 3546 oﬂ‘crt
1046 3507 1246 3563 anceps
1262 3491 1448 3562 opinio
1465 3493 1548 3549 vel
1575 3493 1759 3562 potius
1790 3493 1897 3548 lin-

322 3593 428 3650 gua
457 3577 728 3644 dividens,
762 3580 918 3651 cujus
947 3597 1077 3652 pars
1116 3599 1242 3638 cum
1279 3581 1595 3638 inﬁdelibus
1630 3591 1891 3654 ponetur,

323 3684 449 3728 cum
477 3670 764 3728 advenerit
814 3673 1082 3730 Dominus
1104 3691 1169 3730 ac
1191 3675 1367 3731 Judex
1417 3676 1686 3742 omnium,
1743 3692 1894 3747 quae-

322 3779 543 3834 cunque
568 3765 834 3822 adversus
879 3768 1234 3839 semetipsum
1265 3769 1436 3831 locuti
1489 3770 1698 3826 fuerint
1740 3771 1894 3842 impii

321 3865 644 3926 peccatores
665 3857 1049 3926 damnaturus,
1095 3861 1238 3916 sicut
1281 3861 1548 3931 scriptum
1580 3865 1736 3930 est‘;
1785 3863 1894 3919 nisi

322 3947 548 4010 tandem
581 3949 747 4006 corde
792 3951 1101 4022 intelligant
1128 3960 1196 4006 ut
1224 3951 1292 4006 ad
1337 3953 1628 4008 Dominum
1661 3968 1896 4009 conver-

325 4049 550 4104 tantur,
605 4051 771 4112 atque
826 4041 1166 4118 (doctrinae)
1217 4058 1466 4099 errorem
1515 4043 1660 4100 inter
1717 4045 1896 4100 homi-

321 4148 425 4188 nes
447 4133 724 4189 fateantur
747 4152 761 4200 ;
787 4145 1083 4206 propterea
1103 4137 1252 4192 enim
1283 4153 1386 4194 nos
1429 4147 1692 4193 ceterum
1726 4155 1895 4196 accu-

322 4232 446 4278 sant
481 4225 776 4282 iueﬂ'abilis
801 4227 1110 4298 divinaeque
1139 4229 1362 4284 unionis
1391 4229 1548 4286 Verbi
1567 4231 1636 4284 ad
1674 4246 1894 4292 carnem

323 4317 594 4382 divisores,
621 4319 1026 4392 adversumque
1062 4337 1164 4378 nos
1202 4323 1578 4394 obloquuntur
1613 4327 1705 4394 qui
1749 4339 1898 4380 (eco-

322 4407 563 4462 nomiam
621 4410 796 4480 ipsius
851 4412 1056 4484 (Verbi)
1089 4413 1400 4468 detrectant
1451 4422 1764 4484 negantque
1800 4413 1896 4484 qui

327 4497 476 4568 ipsos
505 4498 760 4554 redemit.
785 4499 994 4566 Primo,
1025 4503 1286 4558 unionem
1305 4502 1508 4558 divina:
1535 4504 1897 4574 humanaeque

323 4599 536 4644 natura:
557 4605 670 4646 non
697 4600 846 4648 recte
871 4592 1106 4660 docere;
1144 4593 1410 4658 secundo,
1449 4609 1574 4649 cum
1629 4595 1741 4650 sint
1774 4596 1898 4652 dua:

323 4679 645 4752 bypostases
673 4683 902 4751 Christi,
938 4685 1242 4745 secundum
1272 4686 1609 4756 hypostasim
1636 4687 1894 4742 unionem

2077 3489 2362 3545 Ἐντεῦθεν
2389 3490 2522 3561 ἡμῖν
2561 3491 2595 3561 ἡ
2618 3488 2904 3561 διχότομος
2925 3486 3072 3554 δόξα,
3105 3485 3310 3558 μᾶλλον
3335 3485 3393 3540 δὲ
3423 3487 3458 3557 ἠ
3487 3483 3565 3540 δι-

1994 3584 2266 3656 χότμητος
2316 3582 2558 3652 γλῶσσα,
2615 3581 3108 3648 κατεξανίσταται·
3165 3573 3234 3652 ἦς
3283 3578 3345 3634 ea
3398 3579 3567 3650 μέρος

1997 3676 2136 3749 μετὰ
2159 3677 2271 3731 τῶν
2305 3675 2551 3730 ἀπίστων
2579 3675 2890 3745 τεθήσεται,
2919 3673 3144 3744 ἥκοντος
3166 3671 3260 3725 τοῦ
3293 3669 3562 3724 Δεσπότου

1994 3768 2092 3822 καὶ
2111 3767 2318 3840 Κριτοῦ
2341 3767 2448 3822 τῶν
2473 3767 2733 3822 ἁπάντων
2780 3766 3000 3834 ἐλέγξαι
3025 3766 3126 3818 ὅσα
3151 3762 3420 3832 ἐλάλησαν
3445 3757 3565 3814 κατ’

1995 3861 2162 3925 αὐτοῦ
2191 3860 2506 3932 ἁμαρτωλοὶ
2547 3859 2769 3922 ἀσεϐεῖς
2794 3898 2811 3924 ,
2839 3859 2915 3921 ὡς
2953 3857 3266 3928 γέγραπται
3291 3871 3306 3888 ·
3339 3855 3433 3908 ἐὰν
3459 3853 3569 3924 ἄρα

1997 3954 2076 4026 μὴ
2132 3953 2300 4025 νοήσῃ
2338 3954 2404 4024 τῇ
2453 3951 2653 4023 καρδίᾳ
2698 3949 3098 4020 ἐπιστραφῆναι
3143 3947 3282 4018 πρὸς
3325 3945 3564 4015 Κύριον,

1995 4045 2316 4114 ἀναγγεῖλαι
2359 4061 2418 4098 τε
2459 4046 2516 4097 ὲν
2569 4041 2882 4114 ἀνθρώποις
2924 4041 3024 4112 τὴν
3074 4039 3276 4110 ἑαυτῆς
3325 4036 3567 4109 μέμψιν·

1995 4139 2154 4191 ταυτὶ
2192 4137 2302 4209 γὰρ
2331 4137 2462 4208 ἡμῖν
2491 4135 2760 4206 ἑτέρωθεν
2797 4133 3124 4202 ἐγκαλοῦσιν
3169 4132 3223 4185 οι
3259 4131 3360 4202 τῆς
3389 4129 3575 4201 ἀφρά-

1997 4248 2126 4286 στου
2159 4231 2254 4286 καὶ
2289 4229 2635 4300 θεοπρεποῦς
2664 4227 2915 4291 ὲνώσεως
2937 4227 3032 4281 τοῦ
3078 4227 3256 4294 Λόγου
3291 4226 3425 4297 πρὸς
3467 4223 3574 4294 τὴν

1998 4327 2178 4392 σάρκα
2206 4323 2512 4390 διαιρέται,
2543 4323 2638 4376 καὶ
2669 4322 2771 4393 τῆς
2801 4320 2925 4385 καθ’
2951 4321 3104 4391 ἡμᾶς
3129 4317 3442 4388 οἰκονομίας
3468 4319 3576 4371 αύ-

1995 4411 2091 4466 τοῦ
2122 4413 2500 4482 ἁπαγορευταὶ
2523 4455 2537 4480 ,
2571 4415 2622 4468 οἱ
2655 4413 2748 4466 τὸν
2776 4412 3181 4483 ὲξαγοράζοντα
3213 4412 3408 4474 αὐτοὺς
3435 4409 3577 4468 Θεὸν

1997 4503 2386 4574 ἐξαρνούμενοι
2411 4521 2595 4572 φασιν,
2629 4503 2845 4576 πρῶτον
2877 4505 2996 4574 μὲν,
3020 4501 3218 4562 ὅτιούκ
3239 4499 3417 4569 ὀρθῶς
3443 4500 3578 4551 σύνο

1999 4591 2152 4647 θεσιν
2188 4593 2290 4662 τῆς
2324 4593 2475 4658 θείας
2508 4593 2604 4647 καὶ
2635 4592 2980 4664 ἀνθρωπείας
3009 4591 3226 4658 φύσεως
3253 4589 3579 4658 δοξάζομενρ

1997 4685 2264 4756 Δεύτερον
2284 4728 2299 4753 ,
2329 4685 2414 4740 δτι
2438 4685 2532 4740 δύο
2574 4683 2750 4739 οὐσῶν
2779 4683 2890 4738 τῶν
2917 4683 3270 4738 ὁποστάσεων
3293 4679 3535 4752 Χριστοῦ
3559 4719 3580 4746 ,

324 4772 445 4828 ﬁcri
476 4790 588 4830 non
619 4775 763 4832 bene
782 4777 988 4845 dicere,
1024 4794 1300 4848 unamque
1329 4777 1502 4848 ipsius
1558 4779 1896 4850 hypostasim
1928 4767 1970 4822 Β
1998 4795 2026 4832 ο

2001 4778 2060 4832 οὐ
2097 4776 2279 4842 καλῶς
2308 4777 2429 4830 καθ’
2466 4775 2766 4831 ὑπόστασιν
2788 4776 2982 4830 ἕνωσιν
3029 4774 3284 4844 γενέσθαι
3317 4773 3580 4843 λὲγομεν,

324 4881 656 4938 agnoscere;
699 4870 976 4940 tertioque
1024 4871 1248 4937 iterum,
1307 4885 1432 4926 cum
1481 4869 1592 4925 duo
1625 4869 1738 4924 sint
1775 4869 1894 4936 ﬁlii,

325 4959 470 5014 male
496 4975 666 5014 unum
691 4961 942 5016 conﬁteri
975 4961 1173 5017 Filium
1197 4977 1318 5018 esse
1334 4961 1649 5028 Christum;
1677 4968 1895 5030 quarto,

2000 4870 2097 4925 καὶ
2127 4871 2258 4940 μίαν
2280 4869 2446 4924 αὐτοῦ
2473 4870 2571 4941 τὴν
2599 4869 2898 4924 ὑπόστασιν
2921 4865 3286 4937 γινώσκομεν.
3319 4866 3428 4918 Καὶ
3453 4863 3583 4935 τρξε

1999 4977 2092 5014 τον
2129 4961 2314 5027 πάλιν,
2335 4963 2415 5017 ὅτι
2445 4963 2538 5016 δύο
2565 4963 2736 5018 ὄντων
2763 4963 2915 5024 υἱῶν.
2947 4961 3134 5024 κακῶς
3159 4960 3259 5015 ἕνα
3279 4957 3586 5030 ὁμολογοῦ-

323 5053 463 5108 faise
503 5063 746 5107 sanctam
814 5053 1094 5125 Virginem
1147 5054 1376 5109 Matrem
1425 5053 1520 5108 Dei
1582 5052 1895 5123 appellare;
2004 5069 2026 5123 ιλ

2004 5069 2104 5123 μεν
2133 5049 2276 5108 εἶναι
2320 5054 2446 5108 Υῑὺν
2486 5055 2577 5108 τὸν
2605 5054 2862 5126 Χριστόν.
2906 5054 3216 5126 Τέταρτον,
3241 5053 3323 5106 ὅτι
3366 5049 3588 5118 ψευδῶς

325 5145 544 5214 quinto,
575 5160 684 5200 non
716 5145 893 5200 solum
931 5161 1146 5202 merum
1199 5145 1479 5200 hominem
1513 5153 1710 5200 natura
1754 5145 1899 5200 scire
1999 5145 2026 5200 ε

2001 5145 2262 5201 Θεοτόκον
2291 5148 2392 5220 τὴν
2421 5147 2585 5217 ἁγίαν
2611 5147 2890 5218 Παρθένον
2923 5143 3586 5222 ὀνομάζομεν.Πέμπτον,

323 5237 632 5307 Christum,
687 5237 782 5294 sed
807 5239 974 5295 etiam
1007 5241 1222 5305 Deum;
1261 5247 1439 5305 sexto,
1481 5253 1593 5292 non
1621 5236 1895 5293 deiferum
2002 5241 2026 5294 ὅ

2002 5241 2086 5294 ὅτι
2124 5239 2199 5310 μὴ
2240 5239 2394 5310 ψιλὸν
2431 5239 2720 5312 ἄνθρωπον
2752 5238 2915 5312 μόνον
2937 5240 3004 5310 τῇ
3035 5237 3197 5306 φύσει
3244 5236 3405 5306 ῐσμεν
3442 5233 3590 5304 Χρι-

325 5329 635 5396 hominem,
669 5330 766 5386 sed
820 5331 994 5388 Deum
1037 5331 1385 5387 incarnatum
1425 5329 1570 5386 scire
1607 5329 1892 5397 Verbum;
2002 5347 2026 5384 τ

2002 5329 2115 5397 τὸν,
2140 5329 2277 5386 ἀλλὰ
2307 5332 2400 5386 καὶ
2419 5330 2573 5386 Θεόν.
2607 5331 2827 5394 Ἕκτον,
2857 5330 2942 5385 ὅτι
2973 5327 3050 5400 μὴ
3081 5325 3341 5398 θεοφόρον
3366 5323 3586 5396 ἀνθρω-

325 5423 583 5494 septimo,
617 5439 792 5481 unum
813 5441 884 5482 ex
905 5433 1094 5481 sancta
1125 5423 1400 5482 Trinitate
1441 5425 1646 5498 injuste
1670 5439 1894 5498 passum
2003 5439 2026 5476 τ

2003 5439 2124 5492 πον,
2171 5424 2307 5482 ἀλλὰ
2339 5423 2472 5480 Θεδν
2511 5423 3014 5498 ινανθρωπήσαντα
3051 5419 3208 5494 ῐσμεν
3263 5417 3358 5474 τὸν
3381 5415 3585 5490 Λόγον,

403 5579 421 5616 ⁸
451 5581 643 5646 Matth.
665 5595 761 5651 xu,
793 5579 883 5636 56.
