3954 6148
313 291 430 360 ΗΜ

1220 305 1618 370 ADVERSUS
1660 311 2209 377 NESTORIANOS.
2244 341 2314 350 —
2345 318 2493 378 LIB.
2534 319 2585 378 Ι.

3428 317 3568 391 1492

307 405 568 499 Ἐὕδομον
592 451 606 474 ,
633 409 718 464 ὅτι
745 409 1003 484 άθέσμως
1029 412 1122 467 τὸν
1165 411 1262 468 ενα
1292 417 1394 487 τῆς
1436 418 1604 488 ἁγίας
1650 417 1877 494 Τριᾶδος

1985 423 2158 482 fuisse
2186 441 2354 483 carne
2389 426 2721 499 praedicare;
2769 437 2965 483 octavo
3000 427 3222 483 tandem
3255 427 3344 484 isti
3381 429 3558 499 impii.

305 497 625 552 πεπονθέναι
655 501 822 571 σαρκὶ
847 502 1212 574 κηρύττομεν.
1235 505 1322 559 Ἐν
1342 506 1514 580 ὀγδόῳ
1541 509 1596 562 δὲ
1624 511 1724 580 τῆς
1745 509 1877 564 δυσ-

307 588 537 656 σεϐείας,
583 590 686 664 τὴν
745 593 868 647 καθ’
910 595 1210 652 ὑπόστασιν
1257 599 1456 653 ἕνωσιν
1503 603 1874 672 ἀρνούμενοι,

304 680 637 748 άσυστάτους
682 685 838 750 τινὰς
879 687 1076 756 ἑτέρας
1123 689 1531 760 τερατεύονται.
1577 693 1721 747 Ὅσοι
1775 694 1878 763 μὲν

301 767 390 825 οὖν
430 773 530 826 οὐκ
564 773 776 844 ἀλόγως
820 779 934 842 τοῖς
967 778 1186 848 λέγουσι
1213 781 1310 852 τὴν
1353 783 1482 854 μίαν
1510 801 1567 838 τε
1611 785 1772 855 φύσιν
1801 786 1878 851 ὡς

299 863 391 916 καὶ
445 865 742 921 ὑπόστασιν
795 870 890 923 ἐπὶ
952 872 1190 942 Χριστοῦ
1249 877 1621 948 ἀπορήσοιεν,
1672 877 1880 932 τούτων

299 955 458 1024 ἡμεῖς
495 957 594 1027 οὐχ
635 959 1244 1035 ὑπεραπολογησόμεθα
1271 984 1287 1000 ο
1335 971 1449 1033 τοῖς
1485 970 1544 1024 δὲ
1573 971 1633 1024 ἐν
1664 972 1880 1042 ἑκάστῳ

297 1048 404 1101 τῶν
427 1053 843 1121 προειρημένων
873 1057 1187 1123 κεφαλαίων
1235 1061 1328 1114 ὑπ’
1359 1063 1538 1117 αὐτῶν
1563 1064 1881 1135 λεγομένοις

299 1138 422 1192 καθ’
467 1140 626 1209 ἡμῶν
661 1142 827 1210 ἰδίως,
857 1145 968 1225 τῷν
1019 1149 1149 1218 μίαν
1185 1152 1282 1222 μὲν
1313 1154 1412 1225 τὴν
1443 1155 1760 1216 ὑπόστασιν.
1785 1155 1879 1210 δύο

293 1227 348 1280 δὲ
375 1231 474 1292 τάς
499 1230 694 1298 φύσεις
733 1218 974 1305 Χρισέοῦ
1009 1237 1102 1292 τοῦ
1133 1218 1338 1311 κυρίου
1365 1218 1523 1314 ἦμῶν
1548 1243 1876 1314 ὁμολογούν-

291 1335 422 1386 των,
449 1323 508 1374 ὲν
525 1322 755 1392 δυνάμει
787 1326 954 1380 αὐτοῦ
979 1328 1074 1382 τοῦ
1090 1331 1226 1384 Θεοῦ
1253 1335 1285 1403 ἡ
1296 1334 1412 1402 μῶν
1439 1335 1676 1403 Χριστοῦ
1709 1335 1874 1389 ὑπαν·

293 1412 586 1481 τὴσαντες,
608 1417 704 1468 καὶ
721 1417 896 1471 ταῦτα
919 1421 1346 1493 ἀνατρέψαντες,
1371 1430 1550 1482 πᾶσαν
1577 1427 1758 1482 αὐτῶν
1778 1428 1877 1499 τὴν

291 1502 389 1557 τοῦ
448 1505 721 1577 δόγματος
766 1509 1027 1566 ὑπόθεσιν
1083 1515 1456 1588 ἀσεϐεστάτην
1503 1519 1876 1590 διελέγξομεν.

303 1595 626 1666 Ἐγκαλοῦσι
655 1600 700 1654 δ’
723 1597 817 1656 οὖν
845 1605 1000 1674 ἡμῖν,
1020 1605 1096 1670 ὡς
1134 1609 1350 1680 εἴρηται
1379 1613 1718 1683 πρωτίστως,
1751 1611 1882 1682 περὶ

1986 518 2250 574 unionem
2282 519 2588 576 secundum
2641 518 2978 591 hypostasim
3028 521 3346 585 dillitcntes,
3401 537 3565 592 quas-

1987 609 2113 664 dam
2182 611 2319 666 alias
2376 627 2489 666 non
2554 611 2922 668 subsistentes
2993 612 3279 685 efﬁngunt.
3354 613 3412 668 In
3477 613 3566 670 his

1988 712 2172 757 autem
2207 718 2330 772 qua:
2381 718 2490 758 non
2518 703 2772 772 imperite
2821 705 3066 760 dixerint
3113 721 3389 775 unamque
3441 719 3564 760 esse

1987 799 2242 845 naturam
2295 792 2452 862 quasi
2489 791 2825 863 hypostasim
2860 793 2916 846 in
2959 791 3183 848 Christo
3225 808 3348 848 esse
3402 793 3564 864 igno-

1985 890 2198 946 rarent,
2227 897 2328 936 nos
2361 897 2472 937 non
2510 883 3028 952 patrocinabimur;
3056 883 3154 940 sed
3204 899 3327 954 qua:
3353 883 3422 939 ab
3452 884 3565 938 illis

1988 970 2044 1025 in
2104 971 2438 1041 supradictis
2495 973 2770 1041 capitibus
2830 974 2978 1030 dicta
3027 981 3161 1029 sunt
3213 985 3404 1029 contra
3457 988 3566 1028 nos

1988 1078 2156 1117 unam
2195 1063 2537 1134 hypostasim
2566 1065 2814 1135 duasque
2837 1074 3066 1120 naturas
3095 1065 3300 1121 Christi
3343 1065 3560 1120 Domini

1979 1155 2158 1211 nostri
2219 1156 2536 1226 singulatim
2591 1156 2957 1224 conﬁtentes,
3013 1158 3070 1212 in
3127 1159 3332 1212 virtute
3389 1159 3564 1226 ipsius

1981 1249 2080 1304 Dei
2110 1249 2285 1304 nostri
2317 1248 2526 1304 Christi
2554 1249 2960 1320 impugnantes,
3026 1260 3192 1320 atque
3217 1259 3558 1311 evertentes,

1980 1357 2144 1396 omne
2178 1357 2370 1396 eorum
2396 1341 2664 1396 doctrina:
2687 1351 2926 1412 systema
2947 1341 3333 1412 impiissimum
3365 1341 3561 1394 conlu-

1984 1429 2247 1484 tabimus.
2267 1429 2616 1499 Exprobrant
2645 1439 2829 1483 autem
2851 1429 3034 1486 nobis.
3053 1439 3114 1484 ut
3148 1429 3326 1499 primo
3350 1430 3563 1484 dictum

1983 1526 2090 1583 est,
2145 1518 2553 1572 confessionem
2605 1526 2931 1573 naturarum
2979 1519 3034 1574 in
3089 1520 3321 1575 Domino
3374 1527 3569 1574 nostro

1985 1609 2116 1666 Iesu
2147 1608 2372 1666 Christo
2392 1610 2526 1676 Deo,
2559 1609 2752 1680 sicque
2780 1611 3120 1680 loquuntur:

290 1689 393 1761 τῆς
437 1693 726 1765 ὁμολογίας
751 1698 853 1768 τῆς
891 1700 1000 1754 τῶν
1039 1701 1254 1772 φύσεων
1299 1707 1606 1774 συνθέσεως
1649 1708 1763 1762 ἐπι
1794 1705 1890 1761 τοῦ
1931 1707 2205 1762 Δεσπότου
2233 1704 2392 1778 ἡμῶν
2437 1705 2612 1776 Ἰησοῦ
2651 1705 2888 1778 Χριστοῦ
2918 1707 3012 1762 τοῦ
3037 1707 3196 1776 Θεοῦ,
3220 1709 3316 1762 καὶ
3347 1707 3584 1778 λέγουσι.

292 1782 418 1838 τάδε
449 1803 466 1820 ο

697 1929 1100 1990 ΚΕΦΔΛΛΙΟΝ
1138 1939 1440 1997 ΠΡΩΤΟΝ.
1905 1896 1952 1956 Β

365 2041 485 2137 μᾶν
516 2042 545 2096 ὅ
565 2059 618 2137 τι
651 2041 758 2137 οὖνκ
778 2049 1160 2121 συντιθέμενον
1185 2055 1378 2127 ἑτέρῳ,
1399 2057 1433 2127 ἢ
1464 2057 1584 2112 ὅλον
1615 2057 1723 2130 ὅλῳ
1751 2075 1873 2112 συν-

295 2133 526 2200 τίθεται,
569 2136 602 2208 ἢ
649 2133 814 2210 μέρος
859 2142 1040 2212 μέρει.
1076 2146 1108 2216 ἢ
1150 2147 1317 2218 μέρος
1357 2150 1496 2220 anp-
1547 2149 1727 2216 ἄλλως
1761 2151 1873 2222 γὰρ

299 2225 552 2280 σύνθεσιν
606 2228 788 2298 λέγειν
822 2234 1084 2292 ἀδύνατον
1111 2253 1126 2268 ⁸
1177 2239 1300 2294 ὅλον
1323 2241 1383 2294 δὲ
1431 2245 1526 2297 καὶ
1572 2244 1737 2314 μέρος
1778 2246 1874 2298 ἐπὶ

293 2316 392 2370 τοῦ
440 2319 824 2393 ἀπεριγράφου
876 2328 940 2380 οὐ
997 2329 1216 2398 λέγεται
1246 2347 1262 2362 ·
1287 2334 1386 2386 οὐκ
1421 2333 1530 2403 ἄρα
1558 2334 1818 2407 συνετέθη
1845 2337 1873 2391 ό

295 2409 428 2474 Θεὸς
451 2413 624 2479 Λόγος
647 2416 724 2485 τῷ
745 2416 804 2482 ἐξ
821 2419 980 2490 ήμῶν
1003 2423 1275 2496 ἀνθρώπῳ
1299 2425 1677 2499 ἀπερίγραφκ
1699 2428 1875 2498 ὑπάρ-

297 2517 443 2570 χωνο
475 2505 526 2557 ει
551 2503 608 2558 δὲ
636 2509 922 2580 συνετέθη,
951 2513 1050 2566 καὶ
1081 2515 1334 2586 ἐμμερὴς
1368 2519 1464 2571 καὶ
1497 2521 1874 2589 περιγραπτός

296 2594 447 2649 ἐστιν
470 2637 485 2662 ,
521 2597 659 2668 ὅπερ
689 2601 902 2664 ἀσεϐές.
928 2603 1152 2673 Πρῶτον
1185 2608 1284 2676 μὲν
1313 2605 1405 2662 οῦν
1447 2610 1498 2662 οἱ
1537 2611 1718 2663 πάντα
1745 2611 1872 2680 τρό-

298 2703 401 2741 πον
445 2688 557 2742 τῶν
591 2695 895 2762 γινομένων
943 2696 1049 2750 ὑπὸ
1077 2697 1212 2752 Θεοῦ
1258 2701 1566 2756 συνθέσεων
1595 2706 1660 2774 τῇ
1693 2703 1874 2774 οἰκείᾳ

297 2779 496 2846 γνώσει
549 2785 988 2854 περιορίζοντες,

299 2870 579 2947 θέμενονῆ
609 2875 684 2940 ὡς
711 2877 833 2932 ὅλον
857 2880 890 2950 ἢ
919 2882 996 2944 ὡς
1024 2883 1190 2954 μέρος
1227 2885 1570 2940 συντίθεσθαι
1605 2904 1619 2954 ;
1661 2888 1734 2942 Τδ
1764 2889 1874 2958 γὰρ

298 2965 557 3036 αἰσθητὸν
609 2969 727 3024 τόδε
781 2974 911 3036 πᾶν,
969 2973 1136 3044 ἤγουν
1185 2977 1214 3028 ὁ
1259 2978 1462 3048 κόσμος
1499 2981 1528 3033 ὁ
1557 2980 1770 3049 ὁρατὸς,
1816 2984 1875 3034 ὲν

301 3055 546 3112 συνθέσει
614 3059 732 3113 ἐστὶ
776 3059 1019 3132 δηλαδή·
1072 3064 1126 3117 τί
1185 3059 1278 3118 οὖν
1337 3084 1492 3132 φασι,
1547 3068 1606 3132 ἐξ
1655 3069 1795 3124 ὅλων
1840 3070 1872 3141 ἢ

297 3148 364 3201 ἑκ
410 3149 593 3220 μερῶν
634 3167 796 3205 τινων
839 3149 978 3207 εἶναι
1029 3157 1498 3226 προϋπαρξάντων
1530 3158 1724 3210 τούτου
1771 3159 1874 3228 τὴν

1033 2792 1150 2853 πῶς
1196 2791 1418 2860 λέγουσι
1454 2795 1562 2848 πᾶν
1610 2795 1670 2848 τὸ
1695 2813 1876 2850 συντι-
1927 2829 1936 2844 ι

2491 1930 2722 1988 CAPUT
2766 1933 3057 1990 PRIMUM.

2043 2047 2424 2119 Quodcunque
2445 2047 2749 2120 (inquiunt)
2771 2048 2940 2103 alteri
2969 2049 3186 2105 unitum
3212 2060 3322 2116 est,
3358 2055 3444 2110 vel
3479 2063 3566 2112 to-

1974 2149 2090 2197 tum
2119 2141 2218 2197 ιοιί
2251 2142 2461 2208 unitur,
2492 2143 2577 2198 vel
2610 2157 2736 2211 pars
2784 2142 2952 2213 parti,
3008 2144 3094 2199 vel
3150 2159 3275 2214 pars
3298 2146 3398 2201 toti
3418 2163 3432 2214 ;
3463 2149 3566 2204 ali-
3641 2203 3662 2225 κ

1975 2240 2060 2288 ter
2091 2231 2239 2287 enim
2265 2231 2532 2286 unionem
2583 2231 2772 2286 dicere
2825 2233 3170 2303 impossibile
3213 2245 3335 2292 est:
3382 2245 3564 2294 totum

1973 2339 2110 2379 vero
2143 2332 2200 2378 et
2227 2339 2357 2394 pars
2405 2322 2475 2378 de
2517 2323 2738 2379 inﬁnito
2794 2339 2904 2380 non
2973 2325 3217 2395 dicitur;
3284 2344 3397 2384 non
3428 2346 3564 2402 ergo

1974 2415 2123 2470 Deus
2171 2415 2438 2480 Verbum,
2480 2431 2606 2470 eum
2648 2415 2720 2471 sit
2759 2415 3035 2500 inﬁnitus,
3083 2419 3296 2475 homini
3345 2438 3412 2478 ex
3461 2437 3564 2478 uo-

1973 2501 2064 2556 bis
2118 2502 2314 2557 unitus
2370 2511 2489 2570 est;
2544 2503 2588 2558 si
2632 2519 2762 2560 vero
2817 2505 2889 2560 sit
2933 2508 3167 2573 unitus,
3221 2513 3563 2582 compositus

1975 2592 2278 2662 ﬁnitusque
2307 2601 2415 2658 est,
2451 2593 2601 2664 quod
2637 2602 2723 2650 est
2754 2595 3008 2666 impium.
3054 2598 3304 2654 Primum
3351 2609 3558 2670 autem,

1974 2685 2274 2756 quomodo,
2337 2686 2430 2756 qui
2483 2685 2718 2741 scientia
2775 2689 3002 2758 prepria
3063 2705 3284 2748 omnem
3331 2695 3558 2750 modum

1974 2776 2245 2831 uuionum
2295 2793 2325 2832 a
2365 2777 2478 2834 Deo
2507 2777 2778 2834 factarum
2829 2781 3230 2850 determinant,
3276 2789 3562 2856 quodlibet

1975 2871 2192 2926 unitum
2247 2874 2336 2929 vel
2379 2882 2441 2930 ut
2491 2882 2666 2932 totum
2719 2877 2808 2932 vel
2863 2885 2926 2933 ut
2986 2889 3200 2949 partem
3271 2882 3418 2939 uniri
3477 2885 3563 2940 di-

1975 2963 2146 3018 cunt?
2166 2962 2340 3020 Omne
2371 2966 2517 3021 enim
2551 2966 2660 3023 hoc
2685 2970 2972 3035 sensibile,
3005 2987 3101 3027 seu
3163 2975 3405 3032 mundus
3429 2977 3562 3032 visi-

1975 3053 2128 3116 bilis,
2175 3053 2234 3108 in
2283 3055 2489 3112 unione
2532 3057 2652 3112 sine
2685 3059 2856 3114 dubio
2901 3061 3192 3131 subsistit;
3238 3065 3371 3135 quid
3425 3083 3562 3139 ergo

1977 3143 2191 3210 dicunt,
2213 3161 2282 3200 ex
2318 3147 2448 3202 totis
2483 3149 2570 3202 vel
2598 3163 2664 3204 ex
2692 3151 2947 3219 partibus
2981 3153 3194 3224 aliquot
3234 3157 3390 3212 illum
3423 3175 3562 3228 prae-

301 3240 584 3306 σύνθεσινς
615 3241 648 3312 ἢ
682 3241 883 3312 μᾶλλον
939 3245 1004 3296 ὲκ
1039 3244 1114 3315 μὴ
1141 3245 1309 3298 ὅντων
1339 3246 1478 3310 ὅλως
1511 3225 1871 3318 συμπαγῆναι

1981 3235 2306 3293 cedentibus
2327 3252 2450 3294 esse
2484 3240 2780 3296 unionem?
2819 3257 2918 3298 seu
2943 3245 3132 3313 potius
3164 3263 3232 3301 ex
3267 3261 3378 3302 non
3399 3225 3560 3304 e—uti—

299 3331 461 3384 αὐτόν
485 3347 502 3398 ;
537 3331 600 3384 Et
635 3331 736 3402 μὲν
753 3333 861 3403 γὰρ
898 3332 961 3386 ἔκ
983 3351 1148 3390 τινων
1176 3337 1644 3407 προϋπαρξάντων
1674 3339 1810 3391 ὅλων
1837 3339 1870 3410 ἢ

305 3421 487 3492 μερῶν
523 3423 646 3476 κατ’
685 3423 862 3494 ἀρχὰς
891 3424 1146 3492 γενέσθαι
1189 3427 1353 3480 αὐτὸν
1377 3427 1604 3486 οἴονται,
1647 3427 1746 3498 τὴν
1791 3430 1872 3482 οἱ·

303 3513 459 3566 κείαν
485 3512 645 3580 δόξαν
673 3515 1092 3585 γνωριζέτωσαν
1120 3517 1272 3586 ἡμῖν,
1309 3517 1396 3572 ἴνα
1425 3519 1474 3572 εί
1505 3517 1680 3582 οὕτως
1707 3517 1876 3587 λέγω·

303 3621 409 3671 σιν,
465 3605 541 3669 ὡς
592 3607 731 3678 πρὸς
759 3607 1030 3676 Ἕλληνας
1071 3609 1278 3672 λοιπὸν,
1329 3609 1426 3664 καὶ
1479 3611 1541 3664 οῦ
1600 3612 1731 3684 περὶ
1779 3611 1874 3665 τοῦ

300 3697 506 3768 τρόπου
567 3698 667 3768 τῆς
713 3699 1026 3770 οῑκονομίας
1066 3701 1490 3773 διαφερομένους
1535 3704 1691 3774 μόνον
1739 3703 1876 3774 πρὸς

301 3789 474 3858 ἡμᾶς.
515 3788 914 3858 διαλεξώμεθα.
968 3793 1032 3846 Εἰ
1067 3791 1125 3846 δὲ
1155 3795 1254 3864 τῆς
1279 3794 1614 3863 φιλονεικίας
1642 3793 1876 3865 προκρί-

303 3898 495 3945 ναντες
517 3881 616 3952 τὴν
645 3882 956 3950 εὐσέϐειαν,
975 3885 1040 3937 ἐκ
1075 3885 1150 3954 μὴ
1181 3885 1350 3940 ὅντων
1394 3885 1530 3955 φασὶ
1560 3885 1652 3940 τὸν
1681 3886 1876 3941 σύνθε-

301 3990 396 4026 τον
423 3975 627 4042 κόσμον
656 3975 933 4043 γενέσθαι,
967 3975 1297 4030 ἀκούσονται
1325 3978 1408 4031 δτι
1431 3978 1493 4031 τὸ
1535 3978 1609 4050 μὴ
1643 3975 1724 4042 ὅν,
1753 3970 1876 4032 οὔτε

303 4065 424 4118 ὅλον
469 4064 591 4119 οὔτε
625 4066 788 4136 μέρος
820 4067 960 4122 ἐστί.
987 4067 1110 4130 Πῶς
1133 4064 1246 4132 οὖν,
1279 4066 1402 4122 οὔτε
1429 4068 1551 4123 ὅλου
1585 4069 1730 4132 τινος
1753 4067 1876 4122 οῦτε

308 4158 508 4228 μέρους
536 4161 986 4230 προῦπάρξαντος
1010 4203 1024 4226 ,
1062 4163 1095 4233 ἡ
1118 4161 1366 4226 σύνθεσις
1385 4161 1534 4216 τοῦδε
1559 4162 1654 4216 τοῦ
1679 4162 1878 4226 παντὸς

303 4251 496 4320 γέγονε
546 4252 789 4323 κόσμους
851 4255 1062 4316 Παντὸς
1117 4253 1370 4308 συνθέτου
1411 4256 1697 4326 γινομένου
1753 4255 1878 4309 ὅλου

303 4342 445 4396 τινὸς
469 4344 654 4416 ὅλῳ.ἢ
690 4347 887 4416 μέρους
915 4347 1089 4416 μέρει,
1122 4346 1155 4418 ἢ
1189 4347 1388 4418 μέρους
1417 4347 1523 4419 ὅλῳ
1545 4347 1673 4412 τινὶ,
1706 4349 1879 4416 ἀναγο

305 4433 476 4496 καίως
504 4435 937 4506 συντεθειμένου,
975 4435 1048 4500 ὥς
1075 4453 1233 4504 φατεο
1291 4437 1496 4509 ψευδὴς
1531 4438 1639 4511 ἄρα
1677 4440 1710 4510 ἡ
1747 4437 1912 4492 καθ-’

305 4523 428 4579 όλου
467 4526 770 4596 ὑπόφανσις
809 4527 910 4598 τῆς
941 4527 1168 4600 πρώτης
1211 4529 1372 4594 εὐθὺς
1400 4531 1735 4602 προτάσεως.

377 4701 488 4761 Καὶ
546 4701 800 4772 έτερονδ⁹
857 4697 948 4756 οῦν
988 4706 1122 4774 ἡμῖν
1171 4704 1596 4776 πυνθανομένοις
1644 4709 1880 4778 ἀποκρί-

305 4792 472 4846 νασθε
495 4810 511 4826 ’
573 4794 727 4846 Ἐπεὶ
757 4797 866 4848 πᾶν
909 4795 1072 4867 σῶμα
1113 4799 1208 4851 καὶ
1244 4801 1308 4852 ἐκ
1339 4799 1514 4854 ποιοῦ
1553 4802 1650 4854 καὶ
1681 4801 1880 4856 ποσοῦ

308 4881 632 4950 συγκεῖσθαι
677 4884 918 4952 λέγεται,
974 4887 1179 4940 τούτων
1223 4888 1297 4952 ὡς
1321 4889 1479 4949 ὅλων.
1517 4890 1550 4962 ἢ
1581 4891 1656 4954 ὡς
1694 4893 1878 4963 μερῶν

307 4971 526 5038 λέγεται
573 4970 712 5028 εἶναι
753 4977 854 5046 τὴν
892 4977 1178 5044 σῦνθεσινς
1217 4979 1276 5034 El
1317 4981 1416 5051 μὲν
1447 4981 1554 5052 γὰρ
1594 4982 1670 5046 ὡς
1713 4983 1872 5050 ὅλων,

307 5063 433 5116 ἐπεὶ
475 5067 741 5136 χωρισταὶ
763 5067 944 5120 οὐσίαι
967 5069 1140 5121 ταῦτα
1167 5069 1268 5122 οὐκ
1307 5071 1414 5123 είσὶ
1443 5069 1552 5140 πρὸ
1601 5069 1876 5140 σώματος,

308 5155 412 5208 ποῦ
445 5159 537 5210 καὶ
561 5159 674 5222 πῶς
701 5159 869 5212 ὅντων
898 5160 1065 5226 ὅλων;
1099 5156 1228 5214 Εἶτα
1253 5161 1310 5215 δὲ
1332 5161 1468 5229 πῶς,
1500 5162 1598 5233 τῆς
1629 5163 1882 5233 ὁλότητος

307 5247 404 5301 τοῦ
435 5249 610 5304 ποιοῦ
642 5250 734 5304 καὶ
785 5251 984 5306 ποσοῦ
1015 5253 1073 5306 ἐν
1099 5251 1178 5324 τῷ
1219 5253 1300 5305 ἑνὶ
1335 5252 1546 5324 σώματι
1571 5253 1650 5324 τῷ
1682 5254 1883 5326 πρώτῳ

307 5340 418 5394 τῶν
459 5343 682 5413 ἀτόμων
723 5345 1092 5416 συντεθείσης,
1149 5347 1288 5414 μετὰ
1329 5345 1392 5398 τὸ
1435 5347 1654 5415 πρῶτον
1697 5347 1880 5416 σῶμα,

308 5431 564 5505 δεύτερον
591 5433 672 5488 ἔτι
706 5435 898 5504 γέγονέ
937 5453 989 5490 τι
1027 5439 1092 5490 ἐκ
1116 5437 1292 5490 ποιοῦ
1331 5437 1426 5491 καὶ
1455 5437 1652 5492 ποσοῦ
1686 5437 1876 5508 σῶμας

309 5523 448 5578 esse
497 5525 608 5596 γὰρ
659 5521 728 5597 ἦν
765 5545 818 5580 τι
881 5527 1208 5597 ὑπολειφθὲν
1245 5525 1575 5595 ἀσύνθετον,
1624 5527 1734 5582 τῶν
1783 5527 1878 5584 τοῦ

311 5615 486 5671 ποιοῦ
531 5617 628 5670 καὶ
655 5618 852 5674 ποσοῦ
890 5618 1160 5692 όλοτήτων
1191 5619 1570 5675 συντεθεισῶν.
1621 5621 1684 5675 Ei
1720 5620 1776 5676 δὲ
1803 5621 1880 5687 ὡς

311 5709 479 5787 μέρος
519 5710 678 5784 μέρει
711 5711 964 5784 ἀλλήλοις
1003 5714 1126 5776 τάδε
1183 5713 1488 5786 σύγκειται,
1538 5713 1879 5790 πρῶτονμὲν

1971 3327 2078 3383 bus
2093 3327 2318 3384 omnino
2334 3330 2698 3400 compositum
2715 3332 2884 3389 fuisse
2901 3335 2924 3388 ?
2939 3334 3184 3406 Namque
3199 3337 3244 3393 si
3259 3355 3326 3394 ex
3349 3340 3560 3411 aliquot

1976 3419 2420 3490 praecedentibus
2453 3422 2586 3478 totis
2607 3423 2696 3478 vel
2724 3425 2978 3494 partibus
2996 3442 3028 3482 a
3055 3428 3327 3500 principio
3352 3431 3558 3489 factum

1975 3510 2129 3566 illum
2160 3509 2332 3568 fuisse
2361 3520 2578 3582 putant,
2618 3513 2780 3570 nobis
2837 3531 2996 3572 suam
3047 3518 3368 3588 opinionem
3401 3532 3560 3592 pate-

1981 3598 2204 3661 faciant,
2231 3608 2312 3662 ut,
2347 3601 2392 3654 si
2419 3600 2492 3652 ita
2518 3599 2827 3666 loquuntur.
2853 3599 2974 3653 illos
2994 3599 3105 3669 jam
3133 3603 3283 3665 quasi
3310 3600 3550 3666 Graecos,

1973 3705 2082 3745 non
2125 3689 2278 3760 quasi
2327 3689 2394 3745 de
2441 3691 2599 3744 modo
2648 3698 2856 3744 tantum
2900 3689 3218 3744 meouomia:
3270 3693 3550 3748 uobiscum

1975 3781 2384 3845 dissentientes,
2417 3780 2790 3852 alloquamur.
2824 3781 2880 3838 Si
2915 3798 3043 3836 vero
3073 3783 3410 3840 οοιιιεηιίοιιί
3443 3786 3554 3852 pie-

1979 3883 2143 3928 tatem
2211 3881 2630 3942 auteponentes,
2695 3889 2759 3928 ex
2825 3888 2930 3928 uou
2996 3875 3233 3946 entibus.
3292 3878 3554 3932 mundum

1973 3952 2190 4023 unitum
2275 3965 2484 4024 factum
2537 3967 2709 4034 fuisse
2775 3967 2986 4034 dicunt,
3063 3985 3170 4026 non
3247 3985 3371 4037 ens,
3455 3988 3556 4028 nec

1959 4066 2154 4132 .totum
2183 4075 2287 4116 nec
2316 4071 2526 4131 partem
2550 4077 2695 4126 esse,
2727 4061 2884 4120 fateri
2922 4073 3212 4135 cogentur.
3265 4066 3556 4132 Quomodo

1977 4165 2129 4222 ergo,
2161 4165 2287 4206 eum
2320 4152 2536 4206 nullum
2567 4160 2763 4214 totum,
2789 4155 3052 4225 nullaque
3086 4171 3214 4225 pars
3262 4171 3557 4224 praecesse-

1978 4239 2078 4306 rit,
2101 4241 2234 4296 unio
2287 4241 2521 4312 hujusce
2556 4242 2726 4297 totius
2773 4243 2964 4298 mundi
3016 4243 3160 4298 facta
3191 4243 3394 4298 luerit?
3417 4243 3554 4299 Cum

1979 4333 2266 4402 quodlibet
2297 4334 2533 4400 unitum,
2560 4334 2838 4404 quoddam
2867 4343 3042 4390 totum
3097 4336 3220 4396 toti,
3255 4334 3370 4390 sive
3426 4349 3555 4404 pars

1979 4425 2146 4495 parti,
2175 4424 2292 4480 sive
2335 4441 2466 4496 pars
2493 4425 2714 4481 cuidam
2761 4426 2884 4488 toti,
2936 4427 3161 4481 uniatnr
3209 4441 3437 4481 necesse
3460 4425 3554 4492 sit,

1904 4552 1954 4612 υ
1980 4526 2148 4588 prout
2177 4517 2384 4579 dicitis,
2413 4517 2548 4573 falsa
2574 4533 2709 4589 ergo
2733 4527 2816 4573 est
2843 4519 2955 4589 jam
2983 4517 3176 4589 prima:
3219 4516 3554 4588 propositio-

1977 4610 2064 4666 nis
2089 4609 2504 4666 demonstratio.

2047 4701 2212 4758 Aliud
2283 4709 2468 4756 autem
2531 4700 2910 4771 quaerentibus
2978 4699 3140 4754 nobis
3192 4699 3553 4768 respondete:
3610 4751 3613 4753 _

1975 4791 2110 4848 Cum
2138 4807 2302 4846 omne
2362 4806 2564 4862 corpus
2612 4807 2677 4845 ea:
2701 4806 2804 4862 quo
2844 4797 2902 4846 et
2953 4797 3158 4861 quanto
3188 4788 3555 4858 compositum

1975 4883 2213 4942 dicatur.
2248 4882 2549 4938 illorumne
2579 4891 2642 4937 ut
2705 4871 2948 4937 totarum
3016 4881 3102 4934 vel
3155 4879 3394 4950 partidm
3427 4879 3559 4934 unio

1979 4991 2100 5032 esse
2133 4976 2370 5031 dicitur?
2394 4975 2451 5031 Si
2481 4975 2630 5030 enim
2658 4983 2720 5029 ut
2754 4982 3018 5036 totorum,
3040 4989 3164 5027 cum
3184 4973 3286 5028 ista
3309 4988 3419 5027 non
3449 4973 3562 5027 sint

1983 5068 2306 5125 substantiae
2334 5067 2610 5122 distincta:
2643 5073 2770 5122 ante
2809 5080 3029 5134 corpus,
3056 5064 3149 5118 ubi
3191 5072 3250 5118 et
3282 5063 3560 5134 quomodo

1983 5160 2130 5226 entia
2165 5167 2278 5212 tota
2301 5159 2324 5212 ’ί
2351 5156 2561 5213 Deinde
2592 5172 2728 5210 vero
2755 5154 3055 5226 quomodo.
3111 5153 3382 5209 totalitate
3409 5154 3560 5222 cujus

1985 5262 2042 5310 et
2067 5254 2254 5323 quanti
2281 5252 2337 5306 iu
2378 5265 2490 5305 uno
2513 5263 2748 5319 corpore
2786 5249 2966 5318 primo
3025 5257 3334 5301 atomorum
3383 5245 3558 5305 unita.

1987 5352 2112 5416 post
2167 5344 2410 5415 primum
2466 5355 2690 5410 corpus,
2739 5339 3044 5394 secundum
3103 5339 3288 5392 adhuc
3338 5333 3561 5404 aliquod
3602 5347 3609 5356 '

1987 5452 2190 5507 corpus
2217 5451 2285 5491 ex
2313 5451 2415 5508 quo
2437 5441 2495 5489 et
2553 5439 2756 5504 quanto
2794 5431 3002 5486 factum
3047 5429 3188 5484 fuit?
3232 5426 3380 5482 Nihil
3413 5423 3560 5479 enim

1987 5537 2276 5602 supererat
2302 5509 2414 5584 non
2442 5525 2680 5592 unitum,
2707 5523 3078 5580 totalitatibus
3107 5521 3259 5591 cujus
3287 5525 3345 5572 et
3369 5514 3562 5587 quanti

1987 5622 2178 5679 unitis.
2219 5621 2278 5677 Si
2307 5635 2442 5676 vero
2471 5625 2681 5690 utpars
2709 5623 2868 5688 parte
2899 5615 3004 5672 alia
3040 5613 3166 5668 aliis
3210 5621 3556 5678 componun-

1988 5723 2098 5784 tur,
2131 5712 2309 5788 prima
2341 5711 2500 5785 cujus
2539 5707 2825 5768 totalitatis
2847 5722 2974 5780 pars
3020 5705 3078 5760 τὸ
3129 5701 3254 5774 quid
3285 5709 3342 5756 ut
3379 5697 3504 5772 quid
3527 5697 3560 5752 7
