3954 6148
441 262 460 324 i
481 261 578 322 £03

1668 260 1976 320 LEONTII
2015 217 2418 322 ΒΥΞΑΝΤΙΝΙ

3559 266 3709 334 1504

436 369 802 440 Simqualin'n
839 369 1171 438 sitpartiam
1208 367 1323 422 inec
1359 367 1620 426 totalitas,
1654 377 1854 437 quanto
1896 369 2012 423 hec

2115 370 2278 434 ποίας
2307 371 2560 439 ὁλότητος
2595 373 2759 446 μέρος
2799 376 2861 432 τὸ
2908 378 3087 433 ποιὸν
3113 379 3188 443 ὡς
3229 378 3452 444 ποιδν;
3487 379 3550 436 Εἰ
3597 383 3708 454 μέν

435 465 598 518 unica
625 480 750 533 pars
773 480 801 516 a
829 478 926 516 sua
956 462 1224 516 totalitate
1251 459 1458 514 ditl‘ert.
1501 459 1816 514 Secundum
1840 479 2015 532 quau-

436 565 549 610 tum
577 571 702 626 pars
751 554 918 609 etiam
943 568 1074 623 ergo
1105 561 1207 607 est.
1236 553 1406 606 Porro
1443 553 1488 606 si
1525 553 1828 606 secundum
1865 551 2013 622 quod

436 663 564 718 pars
586 655 689 713 est,
729 645 1032 700 secundum
1066 645 1198 699 illud
1229 645 1394 699 etiam
1457 645 1826 715 componitur,
1883 660 2014 713 ergo

437 737 738 794 secundum
767 746 1048 806 quantum,
1071 737 1132 788 τὸ
1162 735 1290 806 quid
1338 734 1413 805 τῷ
1435 743 1633 806 quanto
1666 735 2015 804 componitur

438 829 493 882 in
525 843 777 898 corpore.
806 825 862 881 Si
888 842 1018 881 vero
1081 826 1430 896 inaequalium
1476 827 1714 896 partium
1771 827 1842 880 sit
1898 828 2014 882 htec

437 920 698 975 totalitas.
731 935 856 974 cum
881 921 1040 974 totius
1069 929 1126 974 et
1151 921 1323 986 partis
1342 935 1448 973 non
1463 921 1534 974 sit
1559 919 1750 974 eadem
1776 919 2010 990 species,

435 1012 504 1065 de
532 1012 619 1066 his
649 1011 818 1066 totius
843 1012 1092 1082 partibus
1113 1012 1238 1082 quid
1269 1012 1416 1066 erit?
1437 1011 1609 1082 Hujus
1644 1027 1776 1065 vero
1807 1020 2013 1080 quanta

435 1119 581 1174 pars.
637 1105 722 1158 vel
771 1119 894 1174 quae
937 1104 1040 1157 alia
1070 1120 1196 1174 pars
1235 1105 1375 1158 erit?
1433 1102 1770 1173 Quandoque
1821 1118 2013 1176 rursus

436 1203 698 1264 quantum
721 1195 849 1257 erit,
878 1195 1042 1265 hujus
1069 1211 1218 1266 pars,
1242 1195 1366 1266 quid
1393 1195 1476 1249 vel
1515 1195 1665 1248 aliud
1715 1195 1846 1264 quid
1869 1195 2014 1250 erit?

435 1287 707 1355 aliterque
749 1286 818 1348 si,
843 1294 902 1340 nt
940 1287 1111 1356 partis
1140 1304 1263 1342 cum
1290 1296 1463 1358 parte,
1495 1288 1713 1341 illorum
1748 1296 1833 1342 est
1857 1289 2009 1350 unio,

441 1378 777 1448 inquirenda
809 1379 991 1434 adhuc
1015 1380 1121 1434 erit
1145 1381 1342 1434 horum
1397 1381 1832 1450 uniuscujusque
1869 1389 2012 1435 tota-

439 1468 610 1522 litatis
667 1469 820 1531 unio,
871 1485 940 1523 an
1003 1485 1070 1524 ex
1131 1471 1260 1524 totis
1313 1471 1396 1525 vel
1434 1471 1690 1539 partibus
1722 1472 1824 1530 sit.
1861 1471 2010 1540 quod

439 1561 788 1629 ignorabitur
851 1563 1164 1632 usquedum
1199 1579 1265 1618 ex
1295 1563 1554 1617 omnibus
1575 1563 1747 1618 unitis
1781 1563 1916 1632 quid
1939 1564 2012 1617 sit

438 1653 813 1721 reperiamus;
878 1653 1056 1708 solum
1102 1653 1250 1708 enim
1307 1653 1557 1708 divinum
1605 1654 1833 1708 omnino
1874 1653 2003 1707 sim-

438 1737 582 1812 jilex,
605 1759 708 1798 nec
736 1760 800 1797 ex
835 1747 964 1799 tutis
993 1760 1096 1800 nec
1123 1760 1190 1799 ex
1239 1745 1486 1814 partibus
1516 1745 1718 1798 factum
1777 1753 1884 1799 est.
1919 1743 2012 1798 Sic

435 1850 568 1905 ergo
623 1837 852 1890 omnino
881 1837 1354 1890 demonstrabitur
1391 1851 1504 1890 non
1554 1851 1716 1890 omne
1771 1829 2007 1900 unitum,

437 1933 553 1980 toto
583 1927 820 1996 quodam
855 1927 975 1988 toti,
1008 1929 1091 1981 vel
1145 1936 1302 1996 parte
1355 1927 1518 1996 parti,
1575 1928 1661 1982 vel
1716 1935 1874 1996 parte
1910 1927 2010 1982 toti

436 2015 611 2077 unita.
645 2018 921 2087 componi.
961 2019 1086 2073 llaec
1115 2033 1248 2088 ergo
1267 2026 1351 2074 cst
1399 2018 1592 2089 primze
1637 2026 1836 2073 vestra:
1881 2033 2011 2088 pro-

435 2109 724 2176 positionis
742 2109 1218 2178 inconsequentia.

507 2198 758 2254 Secunda
793 2202 1096 2271 propositio
1118 2215 1312 2256 eorum
1365 2200 1420 2255 in
1451 2217 1520 2257 eo
1568 2200 1821 2256 consistit
1863 2199 2010 2269 quod

437 2308 622 2356 omne,
661 2293 962 2348 secundum
1011 2307 1398 2363 quamcunque
1461 2293 1725 2348 unionem
1772 2292 2008 2356 unitum,

437 2385 662 2438 omnino
721 2386 1086 2455 compositum
1141 2384 1468 2454 finitumque
1527 2383 1842 2438 necessario
1896 2383 2008 2448 sit;

437 2469 779 2540 simplexque
810 2472 1052 2540 aliquod,
1097 2480 1273 2527 totum
1304 2488 1587 2542 nunquam
1611 2487 1796 2542 .posse
1843 2471 2006 2536 uniri,

439 2560 775 2628 respondere
814 2563 1276 2631 praetermittunt;
1309 2563 1544 2631 exempli
1595 2562 1742 2616 enim
1801 2561 2009 2632 gratia,

441 2657 702 2718 punctum
737 2651 1118 2706 indubitanter
1137 2652 1255 2707 sine
1270 2661 1424 2721 parte
1451 2659 1556 2715 est,
1590 2651 1802 2706 unitum
1827 2660 2011 2706 autem

438 2740 639 2794 lineam
669 2739 852 2796 eﬂicit.
885 2741 1170 2808 Quomodo
1190 2758 1320 2813 ergo
1343 2743 1560 2797 unitum
1595 2751 1682 2798 est
1713 2741 1862 2812 quod
1895 2757 2007 2797 non

438 2839 559 2885 erat
595 2833 996 2902 compositum?
1020 2832 1290 2887 Punctum
1327 2833 1496 2896 enim,
1536 2831 1700 2902 vulgo
1749 2830 2012 2901 loquendi

440 2923 626 2990 modo,
663 2923 896 2993 simplex
925 2939 1045 2979 esse
1073 2923 1332 2980 traditur.
1358 2923 1625 2978 Similiter
1674 2939 1894 2994 quoque
1931 2925 2012 2978 ul-

442 3014 575 3067 tima
597 3023 873 3068 momenta
907 3014 1192 3084 temporis,
1223 3029 1346 3084 qure
1377 3012 1551 3067 dividi
1586 3028 1696 3067 non
1747 3021 2007 3083 possunt,
2040 3041 2080 3097 ο

441 3114 658 3175 tempus
689 3120 755 3160 ex
799 3105 1002 3160 unione
1045 3104 1358 3174 perﬁciunt.
1399 3103 1536 3158 Dein
1581 3111 1762 3158 autem
1796 3103 1929 3174 quid
1956 3113 2014 3159 et

439 3195 510 3250 de
539 3195 715 3250 anima
741 3207 929 3252 nostra
952 3196 1174 3250 dicitis?
1203 3195 1286 3250 An
1315 3197 1480 3250 etiam
1528 3195 1688 3250 vobis
1734 3210 1802 3250 ex
1845 3195 2014 3265 parti-

439 3285 546 3342 bus
582 3288 892 3343 coalescere
926 3287 1169 3352 videtur,
1199 3302 1320 3357 quae
1349 3287 1568 3356 corpori
1620 3286 2014 3357 conjungitur?

439 3379 523 3434 An
563 3379 791 3448 simplex
820 3395 920 3434 nec
953 3379 1128 3442 unita,
1160 3377 1229 3432 ad
1285 3393 1486 3448 corpus
1519 3385 1726 3433 astaret
1776 3385 2009 3444 tantum,

436 3469 589 3541 juxta
618 3480 855 3526 vestram
889 3471 1257 3526 sententiam?
1289 3470 1572 3542 Siquidem
1591 3469 2014 3541 quodlibetunio

442 3571 558 3614 tum
581 3576 646 3616 ex
677 3561 930 3631 partibus
947 3560 1150 3616 factum
1172 3569 1275 3616 est.
1301 3560 1356 3615 Si
1381 3577 1512 3632 ergo
1533 3561 1676 3616 hanc
1703 3560 2012 3630 simplicem

440 3651 974 3721 atqueindelinitam,
1003 3661 1228 3723 propter
1253 3651 1399 3722 quod
1423 3667 1534 3708 non
1562 3651 1769 3707 unitam
1797 3651 1866 3706 ad
1885 3667 2013 3708 cor-

442 3758 547 3812 pus
582 3744 756 3810 scitis,
788 3761 897 3799 non
915 3743 1355 3800 diuturnissimis
1391 3744 1697 3799 ratiociniis
1712 3759 1810 3799 vos
1841 3745 2012 3799 inter-

443 3849 784 3906 rumpemus,
822 3836 916 3891 sed
957 3834 1230 3890 ﬂammam
1249 3836 1390 3906 ignis
1422 3837 1578 3891 carni
1603 3845 1818 3900 vestrae,
1843 3835 1888 3891 si
1917 3835 2013 3890 ad-

443 3925 548 3978 huc
581 3935 757 3978 tamen
787 3935 965 3978 vestra
994 3927 1222 3978 dicenda
1251 3934 1356 3990 est,
1386 3924 1761 3990 admoventes,
1796 3941 1826 3980 a
1859 3927 2010 3984 vobis

440 4014 823 4082 exquiiemus:
859 4016 937 4066 An
989 4015 1192 4081 patitur
1242 4016 1396 4081 quasi
1451 4016 1653 4084 aliquid
1685 4019 2012 4072 comburens

441 4106 623 4168 auiina
654 4115 832 4160 vestra
865 4106 933 4162 de
961 4107 1048 4161 li’s
1078 4107 1354 4162 uobiscum
1387 4107 1724 4178 colloquens,
1751 4109 1835 4162 vel
1870 4110 2008 4164 noni

445 4213 553 4258 non
581 4200 728 4254 enim
763 4201 865 4256 hoc
891 4217 919 4254 a
949 4217 1178 4271 corpore
1211 4203 1572 4271 exquirimus.
1595 4203 1653 4256 Si
1673 4213 1856 4257 autem
1879 4201 2016 4256 nihil

441 4292 678 4352 ultimam
711 4305 947 4348 vestram
979 4299 1046 4348 ah
1077 4296 1260 4363 aliquo
1308 4297 1664 4352 comburente
1713 4297 1819 4366 pati
1864 4295 2018 4351 dixe-

2116 463 2224 533 γὰρ
2271 463 2654 536 ὁμοιομεροῦς,
2697 467 2850 539 ποσῷ
2891 469 3150 540 διάφορον
3193 471 3356 540 μόνον
3395 473 3514 526 ιστὶ
3557 475 3704 544 πρὸς

2115 557 2212 626 τὴν
2233 554 2438 608 οἰκείαν
2472 555 2702 627 ὁλότητα
2727 575 2740 588 ·
2775 559 2918 614 κατά
2939 575 3002 626 γε
3019 557 3112 616 οὖν
3149 561 3370 628 ποσὸν,
3401 563 3492 615 καὶ
3525 563 3706 634 μέρος

2113 647 2280 700 ἐστίν.
2308 647 2372 700 E’.
2408 649 2464 702 δὲ
2496 649 2618 704 καθ’
2651 651 2680 703 ὓ
2715 651 2882 721 μέρος
2908 652 3049 717 ἐστὶ,
3085 652 3228 706 κατά
3256 653 3418 708 τοῦτο
3442 656 3537 708 καὶ
3567 657 3701 724 σύγ-

2114 756 2315 803 κειται,
2370 741 2510 796 κατά
2551 741 2751 796 ποσὸν
2783 743 2926 814 ἀρα,
2958 744 3055 797 καὶ
3095 745 3158 799 τὸ
3194 745 3372 800 ποιὸν
3414 745 3494 816 τῷ
3521 747 3700 814 ποσῷ

2115 831 2402 897 σύγκειται
2457 834 2516 886 ὲν
2570 831 2805 902 σώματι.
2873 835 2935 888 El
2993 835 3052 888 δὲ
3103 837 3534 907 ἀνομοιομεροῦς
3577 841 3698 894 ἐστι

2112 925 2236 978 τάδε
2265 925 2538 995 ὁλότητος,
2569 925 2803 995 ἐπείπερ
2835 926 2897 979 οὐ
2922 927 3119 981 ταυτὸν
3147 928 3228 999 τῷ
3256 945 3318 981 τε
3349 929 3471 994 ὅλῳ
3496 931 3588 984 καὶ
3615 931 3698 1000 τῷ

2106 1013 2271 1082 μέρει
2327 1009 2465 1075 εἶδός
2501 1017 2651 1068 ἐστιν
2670 1053 2686 1079 ,
2721 1015 2813 1068 ἐπὶ
2835 1014 2946 1068 τῶν
2979 1015 3200 1069 τοιῶνδε
3243 1016 3337 1069 τοῦ
3363 1016 3484 1084 ὅλου
3515 1017 3696 1072 ποιοῦ

2111 1105 2287 1168 ὄντος.
2341 1104 2545 1158 Τούτου
2575 1104 2630 1158 δὲ
2680 1103 2846 1176 μέρος
2892 1104 3080 1166 ποσὸν,
3113 1105 3146 1176 ἢ
3183 1104 3371 1176 ἕτερόν
3411 1121 3464 1157 τι
3504 1105 3692 1172 Eant;

2112 1197 2222 1250 Καὶ
2267 1195 2360 1250 τοῦ
2409 1197 2532 1250 ὅλου
2568 1195 2728 1248 πάλιν
2765 1196 2966 1251 ποσοῦ
3003 1196 3174 1260 ὄντος,
3209 1196 3269 1250 τὸ
3316 1196 3466 1249 τοῦδε
3499 1198 3690 1266 μέρος,

2110 1291 2286 1344 ποιὸν
2306 1291 2337 1360 ἢ
2361 1289 2550 1360 ἔτερόν
2575 1307 2625 1342 τι
2651 1288 2838 1354 ἑσταις
2869 1289 2966 1343 καὶ
2987 1289 3165 1352 ἄλλως
3188 1289 3270 1355 δὲ,
3306 1290 3356 1342 sl
3377 1288 3455 1352 ὡς
3483 1287 3692 1358 μέρους

2111 1381 2248 1452 πρὸς
2299 1383 2463 1453 μέρος
2501 1382 2616 1436 ἐστὶ
2645 1381 2852 1435 τούτων
2890 1383 2924 1453 ἠ
2974 1381 3256 1448 σύνθεσις,
3303 1382 3568 1451 ζητητέον
3603 1382 3690 1435 ἑτι

2109 1475 2205 1526 καὶ
2231 1474 2331 1543 τῆς
2361 1473 2568 1527 τούτων
2609 1472 2875 1544 ἑκατέρας
2900 1473 3154 1545 ὁλότητος
3181 1474 3281 1544 τὴν
3309 1472 3586 1536 σύνθεσιν,
3637 1474 3692 1526 εί

2110 1562 2169 1628 ἐξ
2193 1563 2328 1616 ὅλων
2359 1564 2390 1635 ἢ
2419 1564 2600 1635 μερῶν
2623 1567 2739 1618 ἐστι
2761 1580 2776 1629 ;
2809 1566 2903 1618 καὶ
2933 1567 3019 1617 ἐπ’
3041 1565 3270 1636 ἄπειρον
3289 1563 3466 1630 τοῦτο,
3491 1563 3597 1628 ἕως
3623 1558 3692 1618 οὗ

2111 1655 2369 1727 εὕροιμέν
2394 1675 2446 1709 τι
2465 1656 2494 1710 ὃ
2523 1655 2630 1709 τῶν
2657 1655 2871 1709 πάντων
2900 1655 3172 1710 συνθέτων
3203 1654 3265 1709 δν
3291 1655 3475 1726 (μόνον
3495 1657 3605 1726 γὰρ
3627 1654 3696 1708 τὸ

2111 1747 2266 1800 Θεῖον
2301 1747 2478 1816 πάντη
2514 1744 2770 1817 ἁπλοῦν),
2805 1745 2939 1816 μήτε
2969 1745 3029 1812 ἐξ
3065 1747 3204 1800 ὅλων
3245 1748 3382 1817 μήτε
3410 1747 3476 1800 ὲκ
3504 1745 3691 1816 μεριῖιν

2112 1838 2353 1905 γέγονεν.
2386 1837 2496 1891 Καὶ
2523 1835 2668 1890 οὕτω
2697 1837 2914 1900 πάντως
2937 1835 3306 1906 δειχθήσεται,
3332 1837 3395 1891 οὐ
3423 1839 3534 1891 πᾶν
3559 1837 3682 1890 σύν-
3771 1845 3776 1850 ”

2112 1928 2287 1990 θετον,
2309 1927 2430 1981 ὅλου
2452 1927 2597 1990 τινὸς
2623 1927 2752 1996 ὅλῳ,
2783 1925 2816 1998 ἢ
2849 1927 3050 1996 μέρους
3075 1925 3253 1998 μέρει,
3284 1926 3316 1996 ἢ
3352 1926 3554 1997 μέρους
3581 1924 3683 1996 ὅλῳ

2113 2019 2480 2082 συντεθέντος,
2510 2017 2856 2084 συγκεῖσθαι.
2871 2015 3058 2070 Ταῦτα
3089 2017 3187 2086 μὲν
3209 2011 3303 2071 οὖν
3329 2016 3430 2087 τῆς
3459 2015 3684 2087 πρώτης

2112 2108 2266 2179 ὑμῶν
2291 2108 2610 2179 προτάσεως
2643 2106 2713 2160 τὰ
2743 2107 3104 2161 ἀνακόλουθα.

2184 2199 2292 2252 Καὶ
2321 2197 2422 2266 τῆς
2461 2197 2722 2268 δευτέρας
2751 2197 2810 2251 δέ
2838 2215 2922 2261 τις
2951 2199 2984 2268 ὴ
3020 2198 3300 2266 ἀπόφασις
3326 2199 3422 2252 τοῦ
3465 2201 3580 2253 πᾶν
3627 2199 3692 2252 τὸ

2111 2291 2232 2345 καθ’
2251 2289 2467 2344 οἱανοῦν
2501 2289 2750 2344 σύνθεσιν
2784 2289 3186 2360 συντιθέμενον,
3203 2291 3421 2354 πάντως
3443 2290 3692 2362 ἐμμερὲς

2111 2380 2248 2436 εἶναι
2273 2383 2383 2435 δεῖν
2405 2383 2501 2435 καὶ
2535 2381 2912 2452 περιγραπτόν
2938 2398 2952 2414 ο
2988 2381 3084 2436 καὶ
3112 2383 3234 2452 οὐχὶ
3267 2382 3363 2436 καὶ
3397 2381 3603 2452 ἀμερές
3631 2397 3687 2434 τι

2110 2473 2230 2528 ὅλον
2261 2473 2530 2551 δύνασθαί
2565 2491 2697 2527 ποτε
2729 2473 3095 2536 συντίθεσθαι.
3143 2473 3510 2545 παρελθόντες
3553 2474 3688 2526 ἀπο-
3713 2518 3727 2523 -

2114 2565 2394 2636 κρίνεσθαι
2417 2581 2430 2596 °
2474 2565 2584 2619 ἰδοὺ
2620 2566 2728 2636 γὰρ
2756 2564 2817 2618 τὸ
2846 2567 3082 2636 σημεῖον·
3106 2566 3516 2638 ἀναντιρῤήτως
3543 2565 3680 2634 ἀμε⁹

2114 2655 2206 2726 ρές
2234 2657 2371 2718 ἐστι,
2401 2655 2782 2725 συντιθέμενον
2805 2655 2862 2709 δὲ
2899 2655 3165 2726 γραμμὴν
3207 2655 3523 2710 ἀπετέλεσε.
3558 2653 3680 2716 Πῶς

2111 2741 2204 2798 οὖν
2231 2744 2488 2815 συνετέθη
2517 2743 2578 2797 τὸ
2603 2744 2703 2797 οὐκ
2733 2744 2979 2816 ὲμμερές
3005 2761 3020 2810 ;
3059 2744 3135 2798 Τὸ
3159 2743 3269 2816 γὰρ
3295 2747 3522 2814 σημεῐον
3561 2761 3679 2796 κοι-

2113 2837 2230 2899 ναῖς
2279 2835 2594 2905 ὁμολογίαις
2635 2834 2844 2904 ἀμερὲς
2899 2834 3104 2888 δέδοται
3153 2829 3319 2889 εἶναι.
3362 2833 3588 2904 Ὁμοίως
3621 2833 3681 2886 δὲ

2113 2925 2207 2979 καὶ
2237 2925 2306 2979 τὰ
2333 2924 2538 2994 ἔσχατα
2581 2925 2744 2994 μόρια
2770 2923 2861 2977 τοῦ
2879 2923 3073 2992 χρόνου
3096 2961 3110 2984 ,
3152 2923 3332 2990 ἀμερῆ
3362 2921 3512 2983 ὄντα,
3546 2919 3680 2990 χρόα

2113 3033 2201 3070 νον
2243 3017 2306 3070 ἐκ
2333 3015 2632 3080 συνθέσεως
2665 3012 2922 3068 ἀποτελεῖ.
2953 3007 3084 3063 Εἶτα
3109 3010 3164 3062 δὲ
3194 3011 3289 3063 καὶ
3316 3011 3442 3075 περὶ
3491 3009 3680 3078 ψυχῆς

2114 3108 2244 3178 ἡμῖν
2273 3106 2327 3161 τί
2365 3121 2530 3176 φατε;
2567 3107 2637 3159 Ἦ
2663 3103 2766 3175 γὰρ
2793 3102 3032 3174 ὲμμερὴς
3067 3101 3162 3155 καὶ
3199 3099 3339 3169 αὕτη
3362 3100 3488 3169 ὑμῖν
3513 3097 3672 3151 δοκεῖ

2113 3196 2252 3252 εἶναι
2291 3199 2412 3252 ἐπεὶ
2461 3197 2742 3267 σύγκειται
2773 3196 2850 3262 τῷ
2872 3194 3149 3264 -σῶματις
3179 3193 3254 3246 Ἦ
3292 3190 3496 3262 ἀμερὴς
3521 3183 3666 3250 οὖσα.

2111 3289 2209 3344 καὶ
2239 3288 2552 3354 ἀσύνθετος,
2588 3287 2728 3359 πρὸς
2774 3285 2934 3357 σῶμα
2961 3286 3203 3356 πέφυκεν
3237 3279 3393 3345 εἶναι,
3425 3279 3562 3335 κατὰ
3599 3279 3672 3333 τδ

2115 3379 2378 3452 ὑμέτερον
2421 3379 2670 3450 ἀξίωμας
2712 3379 2870 3449 εἴπερ
2917 3379 3026 3432 πᾶν
3061 3377 3124 3448 τὸ
3162 3373 3550 3462 συντιθέμενον)
3573 3371 3684 3456 εμ-

2115 3471 2278 3542 μερές
2319 3473 2486 3525 ἐστιν.
2517 3472 2578 3524 Εἰ
2620 3470 2718 3541 μὲν
2745 3465 2839 3524 οὗν
2879 3467 3086 3539 ταύτην
3117 3465 3299 3538 ἀμερῆ
3336 3483 3397 3519 τε
3425 3465 3518 3518 καὶ
3544 3464 3684 3516 ἀπε-

2113 3560 2454 3632 ρίγραπτον,
2483 3560 2550 3614 δι’
2605 3560 2635 3614 ὃ
2687 3561 2753 3630 δὴ
2815 3559 2911 3614 καὶ
2959 3554 3252 3613 ἀσύνθετον
3289 3559 3403 3611 ίστε
3443 3553 3576 3624 πρὸς
3622 3553 3684 3606 τὸ

2114 3654 2296 3724 σῶμα,
2339 3655 2399 3706 οὐ
2444 3652 2719 3716 πλείστοις
2761 3653 2908 3722 ὑμᾶς
2945 3651 3128 3734 λόγοις
3170 3649 3510 3718 ὲγκόψομεν,
3545 3645 3684 3700 ἀλλά

2113 3745 2286 3818 πυρὸς
2315 3742 2606 3816 θρυαλλίδα
2647 3743 2714 3814 τῇ
2747 3742 2991 3813 ὑμετέρᾳ
3026 3742 3210 3814 σαρκὶ,
3241 3741 3360 3808 εἴγε
3378 3738 3566 3792 λοιπὸν
3591 3737 3681 3791 καὶ

2113 3835 2354 3906 ὑμετέρα
2371 3834 2606 3903 λέγοιτο,
2621 3829 3336 3905 προσάψαντες-,πυθώμεθα
3351 3828 3525 3900 ὑμῶν’
3539 3823 3682 3896 Ἀρά

2111 3944 2178 3996 γε
2231 3925 2420 3994 ἀλογεῖ
2476 3925 2572 3978 ἐπὶ
2650 3922 2734 3994 τῷ
2783 3923 3063 3994 καιομένῳ
3103 3923 3137 3993 ἡ
3183 3919 3679 3990 προσδιαλεγομένη

2111 4021 2244 4092 ἡμῖν
2275 4017 2422 4090 ψυχὴ
2465 4017 2622 4088 ὑμῶν
2664 4017 2798 4084 περὶ
2851 4015 3083 4083 τούτων,
3132 4015 3166 4086 ἢ
3213 4011 3366 4086 οὐχί;
3415 4012 3539 4067 οὐδὲ
3578 4011 3682 4084 γὰρ

2112 4111 2250 4184 πρὸς
2272 4112 2333 4165 τδ
2357 4111 2518 4181 σῶμα
2540 4109 2648 4181 τὴν.
2657 4108 2849 4163 πεῦσιν
2867 4105 3192 4180 ποιούμεθα.
3215 4106 3338 4160 Κᾶν
3357 4105 3460 4177 μὲν
3483 4105 3682 4160 εἴποιτε

2115 4203 2191 4276 μὴ
2224 4202 2453 4274 πάσχειν
2496 4219 2548 4256 τι
2577 4201 2676 4274 τὴν
2703 4199 2882 4271 ψυχὴν
2910 4199 3002 4253 ἐπὶ
3027 4199 3108 4269 τῷ
3133 4198 3437 4270 καιομένῳ,
3461 4198 3683 4252 ἀπελευ-

2114 4295 2321 4366 σόμεθα
2350 4293 2701 4364 σιγήσαντες,
2733 4287 2822 4346 οἷα
2842 4294 2910 4363 τῇ
2939 4290 3182 4363 ἀπαθείᾳ
3207 4291 3363 4362 ὑμῶν
3386 4290 3682 4362 ἐληλεγμέ-

443 4383 606 4449 ritis,
679 4385 904 4444 silentes
961 4388 1346 4454 discedemus,
1419 4389 1632 4444 inscitia
1701 4391 1903 4456 vestra}
1949 4388 2013 4446 de

2114 4405 2212 4453 νοι,
2260 4387 2359 4456 τὴν
2406 4386 2538 4456 περὶ
2583 4384 2792 4439 τούτων
2832 4383 3052 4452 ἄγνοιαν
3093 4383 3502 4452 ἐναργέστατα.
3541 4383 3602 4436 Εἰ
3633 4382 3686 4436 δὲ

445 4478 532 4531 b's
554 4477 624 4532 ob
648 4479 1127 4538 insensibilitatem
1158 4494 1394 4539 vestram
1423 4483 1869 4540 manifestissime
1892 4497 2018 4551 pro-

444 4569 592 4623 bala.
654 4569 710 4624 Si
770 4581 918 4628 vero'
961 4575 1124 4628 nimis
1169 4577 1524 4629 vehementer
1573 4575 1682 4642 pati
1740 4574 2013 4642 dixeritis,

441 4668 545 4708 nec
567 4653 634 4712 de
660 4655 748 4710 bis
777 4657 847 4710 ob
881 4657 1136 4712 ardorem
1167 4659 1406 4730 colloqui
1446 4662 1744 4725 sustinere,
1771 4677 1802 4717 a
1848 4663 2011 4719 nonis

445 4745 648 4810 scietis,
676 4746 945 4805 ﬂammam
967 4765 1069 4804 nos
1103 4765 1214 4806 non
1247 4751 1529 4808 ablaturos
1553 4768 1656 4810 nec
1704 4761 2014 4810 remoturos

448 4850 563 4891 esse
585 4837 763 4893 donec
787 4840 947 4896 nobis
978 4841 1097 4896 haec
1117 4842 1440 4912 sympathia:
1467 4859 1631 4900 causa
1679 4845 2012 4914 persuadeas

446 4935 552 4980 tur.
579 4927 767 4996 Magna
797 4947 826 4984 a
855 4931 1017 4987 nobis
1039 4934 1215 5005 surgit
1261 4932 1592 5001 dillicultas;
1638 4935 1766 4990 ideo
1810 4953 2014 5007 corpus

442 5033 510 5076 ex
531 5020 780 5088 partibus
834 5023 1035 5078 factum
1068 5041 1168 5082 nos
1191 5027 1573 5082 comburimus
1619 5043 1729 5083 non
1773 5044 1891 5094 vos,
1914 5046 2015 5084 seu

443 5120 678 5166 vestram
703 5113 1002 5184 simplicem
1045 5135 1147 5174 nec
1205 5119 1414 5174 unitam
1465 5119 1684 5188 corpori
1749 5121 2012 5184 animam,

443 5205 533 5262 cui
559 5206 867 5275 loquimur;
891 5211 1180 5282 eidemque
1209 5222 1392 5267 tamen
1428 5213 1750 5282 operatione
1776 5215 2014 5270 naturali

444 5298 562 5354 haec
595 5299 848 5370 impediri
881 5301 1056 5370 dicit;
1087 5306 1294 5360 etenim
1321 5305 1366 5358 si
1393 5305 1573 5359 anima
1609 5321 1739 5360 vere
1787 5307 1860 5363 sit
1886 5324 2016 5378 par-

445 5391 586 5446 tium
647 5408 864 5463 expers,
905 5411 1001 5450 seu
1048 5405 1245 5450 natura
1283 5396 1389 5450 alia
1455 5397 1663 5467 quaevis
1722 5397 1775 5452 in
1831 5399 2014 5464 nobis,

445 5483 622 5540 multo
651 5485 814 5540 modo
843 5487 909 5541 ad
935 5487 1155 5556 aliquod
1187 5487 1500 5558 subjicitur,
1531 5489 1678 5559 quod
1705 5491 2016 5548 secundum

445 5573 658 5628 nullum
689 5576 910 5629 modum
943 5575 1107 5630 alicui
1144 5577 1453 5649 subjectum
1497 5589 1620 5646 est;
1663 5580 1760 5636 sed
1796 5597 2016 5653 semper

447 5661 757 5724 absolutum
787 5680 849 5720 ac
885 5681 983 5745 per
1008 5681 1064 5721 sc
1096 5667 1420 5736 subsistens,
1457 5685 1579 5724 eum
1615 5684 1876 5746 percusso
1908 5689 2017 5732 non

2111 4480 2208 4534 καὶ
2234 4479 2374 4546 ἄγαν
2399 4475 2643 4550 σφοδρῶς
2669 4475 2959 4530 ὀδυνᾶσθαι
2997 4475 3090 4528 ἐπὶ
3119 4472 3293 4542 τούτῳ
3322 4471 3571 4540 εἴποιτε,
3601 4474 3690 4526 καλ

2115 4568 2250 4640 μηδὲ
2312 4568 2602 4638 καρτερεῖν
2638 4565 2984 4634 διαλέγεσθαι
3036 4561 3166 4632 περὶ
3213 4559 3430 4614 τούτων
3487 4561 3578 4614 διὰ
3606 4562 3694 4614 τὸν

2113 4659 2430 4730 φλογισμον,
2445 4656 2743 4713 ἀκούσεσθε
2767 4655 2897 4727 παρ’
2921 4654 3101 4727 ἡμῶν,
3119 4653 3202 4707 ὅτι
3225 4653 3328 4708 οὐκ
3351 4652 3690 4726 ἀφεξόμεθα,

2113 4750 2232 4804 οὐδὲ
2283 4751 2668 4822 ἀποστήσομεν
2715 4749 2816 4818 τὴν
2854 4746 3171 4818 θρυαλλίδα,
3213 4745 3322 4808 ἕως
3361 4744 3442 4799 ἂν
3487 4749 3520 4800 ὁ
3547 4745 3696 4812 λόγος

2115 4844 2262 4913 ἡμᾶς
2307 4843 2472 4915 πείσῃ
2523 4843 2623 4914 τὴν
2656 4841 2836 4895 αἰτίαν
2874 4840 2974 4909 τῆς
3023 4836 3399 4908 συμπαθείας.
3464 4839 3697 4909 ’Δπορον

2115 4936 2246 5006 παρ’
2300 4936 2432 5006 ἡμῖν
2482 4931 2786 4988 ἀνακύπτει
2847 4931 2994 5002 μέγα
3027 4945 3040 4959 ·
3100 4928 3237 4982 διότι
3297 4929 3478 5000 ἡμεῖς
3550 4929 3700 4999 σῶμα

2115 5026 2345 5094 καίομεν
2373 5023 2636 5095 έμμερὲς,
2661 5021 2756 5076 καὶ
2777 5021 2874 5091 οὐχ
2902 5021 3076 5091 ὑμᾶς·
3110 5020 3279 5089 ἤγουν
3296 5017 3492 5092 ψυχὴν
3519 5019 3695 5093 ἀμερῆ

2117 5119 2212 5171 καὶ
2241 5117 2531 5171 ἀσύνθετον
2573 5116 2708 5188 πρὸς
2739 5115 2902 5187 σῶμα
2928 5113 3026 5184 τὴν
3059 5113 3360 5185 ὑμετέραν,
3464 5117 3700 5187 προσλα-

2115 5209 2315 5280 λοῦμεν
2344 5225 2356 5236 ·
2382 5209 2474 5261 καὶ
2497 5209 2647 5278 ὅμως
2681 5207 2818 5276 αὐτῇ
2841 5207 2940 5276 τῆς
2967 5207 3206 5276 φυσικῆς
3237 5203 3383 5274 αὕτη
3419 5207 3700 5280 ἐνεργείας

2119 5298 2506 5372 ἐμποδίζεσθαί
2543 5315 2678 5370 φησι
2705 5314 2717 5327 ·
2753 5299 2848 5352 καὶ
2885 5297 2996 5368 γὰρ
3024 5299 3074 5351 εἰ
3107 5299 3319 5370 ἀμερὴς
3347 5298 3537 5366 ὅντως
3566 5300 3703 5354 ἐστὶν

2117 5393 2150 5464 ἡ
2189 5393 2358 5462 ψυχὴ,
2393 5391 2426 5460 ἢ
2459 5391 2622 5463 ἑτέρα
2654 5407 2738 5454 τις
2761 5388 2946 5442 οίαοῦν
2980 5389 3141 5457 φύσις
3170 5388 3294 5445 καθ’
3326 5390 3510 5461 ὑμᾶς,
3543 5392 3702 5448 οὐδενί

2117 5485 2304 5555 τρόπῳ
2347 5483 2485 5553 πρός
2509 5501 2562 5537 τι
2591 5481 2962 5551 συγκείσεται,
2990 5481 3052 5535 τὸ
3079 5481 3137 5534 δὲ
3162 5481 3303 5536 κατά
3339 5484 3570 5552 μηδένα
3593 5484 3701 5555 τρό-

2119 5592 2218 5628 πον
2243 5575 2352 5628 τινὶ
2398 5574 2754 5646 συγκείμενον
2782 5588 2796 5602 °
2847 5571 2964 5626 ἀλλ’
3006 5572 3276 5627 ἀπόλυτον
3315 5573 3415 5626 (ξι-’.λ¹
3460 5579 3562 5630 καὶ
3593 5572 3701 5630 καθ’

2121 5667 2281 5722 έαυτδ
2310 5667 2697 5738 ὑφιστάμενον,
2729 5665 2852 5722 οὔτε
2886 5664 3208 5738 τυπτομένῳ
3237 5663 3419 5737 ἑτέρῳ
3448 5669 3562 5721 τινὶ
3589 5684 3707 5744 sup.-
