3954 6148
403 301 540 370 1405

1331 293 1726 382 ADVERSUS
1763 321 2311 389 NESTORIANOS.
2351 355 2421 364 -
2459 331 2606 392 LIB.
2649 331 2700 392 Ι.

3435 289 3438 294 ’
3511 329 3648 396 nos

403 425 719 492 πλήττεται,
767 420 889 477 οὔτε
941 423 1203 496 πάσχοντι
1237 429 1824 504 συγκολαιρισθήσεται,
1849 435 1961 489 οὗτε

2077 440 2442 508 percutietur,
2477 456 2602 496 eum
2630 450 2824 496 vexato
2853 457 2962 496 non
3017 442 3326 508 vexabitur,
3387 459 3490 498 nec
3521 461 3648 500 cum

397 515 646 584 ἡδομένῳ
703 516 1154 586 συνευφραῖνεται
1195 559 1211 586 ,
1265 520 1299 590 ἢ
1365 522 1554 588 ἁπλῶς
1616 526 1724 580 τῶν
1795 529 1974 583 αὐτῶν

397 604 778 661 ἀπολαύσειεν.
839 607 974 660 Οὐδὲ
1026 611 1180 662 τουτὶ
1259 611 1428 676 πάθος
1475 613 1538 668 τὸ
1606 617 1738 670 αὐτὸ
1769 657 1784 682 ,
1851 619 1974 674 κατ’

396 694 628 764 ἀριθμὸν
688 697 796 750 τῶν
869 698 1041 770 ἑτέρῳ
1120 702 1555 774 συμϐαινόντων,
1609 710 1718 762 ’τινὶ¹
1761 727 1974 781 συμμεο

400 787 713 855 ρισθήσεται
738 803 752 818 ⁸
793 789 985 858 ἀμέλει
1017 789 1113 843 τοῦ
1157 792 1413 849 πλουσίου
1447 799 1504 850 ἐν
1547 801 1798 874 σπατάλῃ
1845 819 1974 856 κατ-

395 879 809 948 ευωχουμένου,
875 881 1125 954 Λάζαρος
1175 885 1274 938 οὐκ
1345 889 1713 959 εὐφραίνετο*
1771 887 2014 964 ὁμοίως“

395 969 451 1020 δὲ
489 969 614 1024 οὔτε
663 973 723 1023 ὲν
783 975 980 1046 γεέννῃ
1021 976 1188 1032 ’τοῦδε
1236 979 1672 1052 φλογιζομὲνου,
1723 987 1972 1057 Λάζαρος

393 1061 648 1116 ὠδυνᾶτο.
699 1064 838 1120 Ἀλλ’
879 1068 1002 1120 οὑδὲ
1035 1072 1196 1138 ἡμεῖς
1228 1071 1324 1126 νῦν
1349 1075 1479 1144 ὑμῖν
1519 1077 1818 1146 φάσκουσιν
1851 1081 1972 1134 ὀδυ-

394 1155 586 1208 νᾶσθαι
619 1157 713 1208 ἐπὶ
747 1161 810 1228 τῇ
863 1159 1160 1230 θρυαλλίδι,
1211 1167 1652 1240 συνηλγήσαμεν,
1689 1171 1969 1228 ἀσύνθετοι

394 1245 529 1312 πρὸς
561 1247 703 1314 ὑμᾶς
733 1249 1176 1318 ὁμολογουμένως
1205 1255 1565 1327 ὑπάρχοντες.

466 1339 525 1390 Ei
562 1339 618 1390 δὲ
653 1340 823 1395 ταῦτα
859 1345 1428 1423 άντιπεριτραπείσης
1469 1355 1655 1416 αὐτοῖς
1701 1355 1801 1426 τῆς
1832 1355 1968 1420 ιδίας

394 1433 752 1499 κακουργίας,
785 1433 1036 1507 αἰσθήσει
1089 1441 1393 1512 μάχεσθαι,
1430 1447 1559 1510 τοὺς
1597 1449 1738 1515 ἄγαν
1776 1465 1969 1518 φυσιο-

395 1525 576 1587 ὶογεῖν
611 1523 972 1596 βουλομένους
1005 1532 1095 1584 καὶ
1133 1535 1214 1596 εἰς
1235 1535 1304 1587 τὰ
1335 1537 1458 1591 θεῖα
1487 1539 1671 1607 σαιρῶς
1701 1540 1969 1612 παρίστη-

397 1631 470 1671 σι,
505 1617 578 1685 μή
625 1633 675 1668 τι
705 1618 812 1687 ἄρα
834 1619 895 1672 τὸ
926 1621 1112 1692 ἕτερον
1140 1627 1458 1696 αἱρήσονται
1491 1631 1680 1696 σκέλος
1711 1633 1811 1701 τῆς
1831 1632 1964 1686 διαι-

397 1705 616 1774 ρέσεως,
671 1710 796 1779 περὶ
842 1711 1020 1783 ψυχῆς
1069 1715 1269 1784 λέγειν,
1302 1719 1386 1772 ὄτι
1433 1722 1682 1792 ὲμμερής
1710 1723 1770 1775 τέ
1813 1724 1962 1776 ἔστιν

395 1796 490 1848 ἆτε
534 1799 626 1850 καὶ
663 1805 1036 1876 περιγραπτὴ,
1065 1807 1162 1859 καὶ
1189 1807 1278 1865 διὰ
1311 1807 1472 1864 τοῦτο
1504 1812 1596 1864 καὶ
1622 1812 1902 1880 σύγκειται
1931 1816 1964 1886 ἡ

391 1888 538 1959 ψυχὴ
569 1891 646 1960 τῷ
677 1893 910 1965 ὲμμερεῖ
960 1899 1054 1950 καὶ
1090 1902 1456 1974 περιγραπτῷ
1487 1903 1738 1974 σώματι;
1771 1905 1835 1960 Εἰ
1869 1904 1964 1961 οὖν

391 1980 550 2034 τοῦτο
565 1981 796 2050 λέγοιτε,
827 1986 1012 2050 πάλιν,
1038 1991 1334 2060 σκέψασθε,
1356 1995 1619 2065 φαίημεν,
1645 1995 1714 2049 τὰ
1736 1999 1964 2065 συναγό-

399 2089 558 2140 μεναο
579 2074 796 2144 πρῶτον
829 2077 928 2146 μὲν
955 2079 1059 2151 γὰρ
1090 2081 1404 2150 συναύξοιτο
1425 2086 1521 2140 καὶ
1551 2090 1965 2158 συναπομειοῖτο

393 2162 488 2216 καὶ
541 2164 984 2237 συνδιατέμνοιτο
1032 2171 1112 2242 τῷ
1162 2171 1380 2243 σώματι
1409 2191 1423 2205 ο
1471 2177 1521 2229 εἰ
1565 2176 1622 2230 δὲ
1670 2178 1746 2249 μή
1786 2195 1870 2248 γε,
1901 2179 1964 2232 τὸ

394 2253 629 2321 αὑξηθὲν
652 2258 813 2328 σῶμα
845 2261 906 2332 οὑ
941 2260 1174 2327 ζωῶσει,
1206 2264 1280 2336 μὴ
1311 2269 1644 2339 ἐγγενομένη
1668 2269 1810 2324 κατὰ
1841 2269 1966 2324 σὺνο

391 2345 540 2399 θεσιν
574 2350 668 2402 καὶ
700 2351 876 2422 αὐτῷ’
903 2355 1026 2409 οὐδὲ
1068 2357 1146 2426 τῷ
1203 2359 1490 2428 μειωθέντι
1525 2361 1842 2433 ἀρκεσθείη,
1887 2361 1963 2435 μὴ

391 2445 890 2514 συμπερισταλεῖσα
938 2449 1086 2519 αὐτῷ
1121 2469 1256 2515 πως.
1289 2447 1425 2507 Εἶτα
1461 2452 1538 2518 δὲ,
1566 2454 1620 2507 τί
1658 2455 1724 2508 ἂν
1757 2456 1960 2509 εἴποιτε

389 2533 490 2596 ἔτι,
521 2535 643 2588 ἐπεὶ
681 2537 742 2590 τὸ
780 2541 1022 2612 ὲμμερὲς
1063 2544 1157 2595 καὶ
1194 2547 1570 2616 περιγραπτδν
1595 2549 1701 2600 πᾶν
1729 2549 1786 2600 ἐν
1812 2549 1962 2620 τόπῳ

389 2623 570 2690 ἐστὶν;
606 2625 680 2680 Τὸ
707 2626 764 2680 δὲ
809 2629 866 2681 έν
899 2631 1047 2702 τόπῳ
1081 2629 1162 2700 ὃν,
1211 2632 1244 2704 ἢ
1299 2633 1480 2706 σῶμα,
1525 2636 1557 2707 ἢ
1618 2635 1962 2708 συμϐεϐηκὸς

391 2712 602 2784 σώματι
631 2719 934 2788 ἀχώριστόν
959 2722 1130 2790 ἐστιν,
1159 2724 1374 2793 ἀνάγκη
1418 2727 1452 2798 ἦ
1497 2727 1842 2798 συμϐεϐηκὸς
1865 2729 1963 2783 καὶ

385 2805 543 2859 τοῦτο
558 2808 860 2878 ἀχώριστόν
883 2831 958 2866 τι·
985 2813 1109 2868 ὅθεν
1135 2817 1254 2870 οὐδὲ
1276 2816 1545 2872 ἀθάνατον
1569 2818 1671 2885 ἔτι,
1692 2819 1726 2892 ἢ
1749 2820 1961 2876 αὑθύπ-

387 2913 621 2965 αρκτον,
650 2901 769 2954 οὑδὲ
811 2904 999 2958 οὑσξαν
1045 2905 1273 2961 οἴεσθαι·
1319 2910 1418 2980 τὴν
1465 2909 1746 2984 ψυχὴν,ἢ
1801 2912 1959 2982 σῶμα

1997 1775 2039 1830 Β

2076 532 2348 602 gaudente
2378 535 2767 604 eongaudebit,
2808 549 2906 590 seu
2963 534 3291 604 simpliciter
3315 533 3433 590 hazc
3459 538 3648 591 omnia

2076 623 2455 696 participaret.
2509 625 2700 696 Neque
2725 627 2844 681 haec
2895 626 3084 681 eadem
3110 627 3314 696 passio,
3351 628 3504 697 juxta
3539 645 3647 683 nuc

2075 732 2286 770 merum
2339 733 2530 771 eorum
2579 733 2702 787 qua:
2735 717 2894 772 alteri
2951 717 3238 782 eveniunt,
3282 733 3407 772 cum
3465 719 3650 788 aliqua

2073 809 2512 877 comparabitur;
2542 819 2695 886 certe
2715 824 2839 863 cum
2871 808 3026 862 dives
3068 809 3353 877 splendide
3392 811 3646 878 epulare~

2074 905 2185 960 tur,
2217 914 2328 951 non
2383 899 2668 953 lmtabatur
2723 899 3002 965 Lazarus;
3065 897 3321 954 similiter
3373 915 3474 954 nec
3513 900 3645 956 dum

2074 983 2128 1036 in
2159 983 2374 1039 inferno
2391 985 2606 1040 ﬂamma
2631 986 2975 1042 cruciaretur
3001 1028 3015 1052 ,
3038 987 3280 1042 Lazarus
3309 989 3644 1058 patiebatur.

2073 1073 2178 1129 Sed
2237 1091 2338 1130 nec
2387 1092 2486 1131 nos
2511 1077 2674 1131 simul
2715 1092 2842 1132 cum
2876 1077 3036 1132 vobis
3081 1095 3112 1133 a
3144 1078 3359 1133 ﬂamma
3385 1081 3494 1152 pati
3559 1083 3645 1137 di-

2071 1165 2346 1228 centibus,
2384 1167 2528 1236 passi
2563 1184 2774 1232 sumus,
2811 1167 3084 1239 siquidem
3127 1169 3430 1228 fatentibus
3469 1174 3644 1228 omni-

2070 1255 2193 1319 bus,
2214 1257 2498 1312 vobiscum
2535 1275 2640 1312 non
2672 1275 2864 1314 sumus
2893 1258 3052 1314 uniti.

2140 1359 2195 1414 Si
2225 1375 2354 1414 vero
2374 1361 2576 1416 astutia
2621 1375 2812 1415 eorum
2831 1361 3038 1417 eisdem
3068 1363 3260 1419 eadem
3289 1380 3437 1420 arma
3466 1381 3644 1436 oppo-

2069 1465 2226 1513 nens,
2263 1465 2387 1504 cum
2421 1451 2780 1506 sensibilibus
2814 1462 3042 1522 pugnat,
3071 1455 3346 1525 nimisque
3391 1456 3461 1511 de
3507 1459 3644 1528 phy-

2067 1541 2196 1594 sicis
2229 1541 2414 1596 dicere
2453 1542 2703 1597 volentes
2729 1543 2782 1597 in
2812 1543 3133 1600 coelestibus
3190 1547 3479 1602 evidenter
3511 1563 3644 1603 con-

2067 1631 2284 1698 stituit,
2338 1647 2522 1686 nonne
2591 1633 2752 1688 aliam
2811 1645 3021 1704 partem
3076 1635 3634 1715 distinctionisarri.
3694 1655 3702 1666 ·

2067 1722 2240 1790 pient,
2277 1722 2346 1778 de
2377 1723 2558 1778 anima
2586 1725 2832 1780 dicentes
2865 1726 3114 1796 partibus
3139 1743 3259 1782 eam
3281 1729 3640 1799 compositam

2066 1825 2302 1880 esseque
2335 1812 2568 1879 ﬁnitam,
2611 1813 2847 1884 ideoque
2877 1815 3116 1869 animam
3167 1833 3389 1887 quoque
3439 1818 3637 1888 subjici

2067 1904 2284 1974 corpori
2313 1905 2566 1975 partibus
2597 1907 2885 1978 coagulato
2909 1915 3075 1978 atque
3096 1909 3518 1980 circumscripto
3537 1911 3560 1964 ?
3581 1909 3639 1966 Si

2051 2003 2182 2056 ergo
2216 1988 2319 2042 boc
2347 1987 2619 2051 dixeritis,
2647 2001 2886 2052 rursum,
2911 1985 3334 2058 Consequentia,
3366 1991 3634 2060 dicemus,

2053 2087 2306 2149 pensato;
2340 2080 2573 2148 primum
2610 2078 2756 2132 enim
2809 2078 2972 2132 simul
3019 2093 3142 2134 cum
3189 2094 3420 2148 corpore
3465 2097 3634 2154 auge-

2031 2168 2226 2235 'retur,
2277 2171 2611 2224 minueretur
2653 2179 2816 2237 atque
2867 2170 3250 2238 scinderetur;
3301 2173 3386 2226 siu
3447 2173 3632 2242 aliter,

2053 2273 2274 2319 ain-tum
2321 2278 2524 2334 corpus
2573 2279 2679 2317 non
2723 2261 3045 2329 viviﬁcabit,
3110 2264 3216 2319 nisi
3271 2267 3452 2321 innata
3505 2282 3631 2323 cum

2060 2357 2152 2412 illo
2202 2358 2464 2422 uniatur;
2497 2357 2781 2412 debilitate
2826 2372 2932 2412 non
2982 2360 3370 2424 succurrisset,
3420 2361 3475 2414 ni
3527 2376 3635 2430 quo

2054 2450 2216 2505 modo
2260 2449 2336 2504 illi
2383 2453 2636 2518 adaptata
2683 2447 2894 2504 fuisset.
2946 2445 3080 2502 Dein
3127 2450 3433 2518 vero,quid
3457 2450 3635 2506 adhuc

2053 2541 2332 2604 diceretis,
2356 2555 2478 2595 cum
2503 2548 2684 2602 omne,
2710 2539 2854 2609 quod
2879 2555 2946 2593 ex
2988 2538 3236 2609 partibus
3280 2541 3630 2609 componitur

2055 2644 2118 2684 ac
2147 2631 2638 2694 circumscribitur,
2675 2631 2728 2686 in
2757 2631 2878 2686 loco
2901 2631 3007 2685 sit?
3037 2630 3205 2686 Porro
3241 2635 3383 2700 quod
3417 2632 3470 2686 in
3515 2631 3634 2690 loco

2051 2733 2158 2787 est,
2183 2738 2276 2778 seu
2299 2739 2518 2794 cerpus.
2537 2737 2634 2780 seu
2656 2723 2876 2794 corpori
2897 2725 3152 2779 accidens
3169 2724 3506 2780 individuum
3525 2737 3630 2793 est,

2049 2815 2350 2871 necessitas
2373 2815 2456 2870 vel
2479 2817 2734 2871 accidens
2759 2817 2889 2870 illud
2943 2831 3164 2887 quoque
3198 2815 3402 2886 aliquid
3427 2818 3633 2873 indivi-

2051 2905 2214 2960 duum
2233 2917 2356 2970 est;
2384 2907 2508 2962 inde
2533 2923 2630 2961 nec
2649 2907 2760 2976 jam
2784 2907 3128 2974 immortalis,
3163 2923 3260 2962 nec
3281 2923 3378 2978 per
3409 2923 3470 2964 se
3497 2911 3632 2964 sub-

385 2983 523 3041 εἷναι
563 2990 742 3058 λέγειν
779 2995 970 3066 αὑτὴν,
1005 2998 1109 3050 ὑπὸ
1159 2999 1413 3070 σώματος
1450 3003 1860 3072 περιεχόμενον.
1896 3005 1958 3058 lii

2061 2998 2274 3060 sistens,
2318 3013 2417 3052 nec
2451 2998 2759 3052 substantia
2795 2998 2976 3052 anima
3002 2999 3250 3053 habenda
3277 3010 3382 3067 est,
3410 2999 3490 3054 vel
3514 3003 3655 3071 ipsa"

383 3079 440 3134 δὲ
471 3081 683 3152 σῶμαὴ
718 3085 884 3155 ψυχὴ,
915 3088 1005 3139 διὰ
1037 3088 1286 3157 σώματος
1321 3091 1382 3144 οὐ
1424 3094 1686 3162 χωρήσει,
1719 3095 1792 3164 μὴ
1826 3095 1960 3148 διαι-

2061 3102 2254 3154 corpus
2270 3089 2496 3142 dicenda
2511 3099 2592 3142 est
2607 3089 3124 3154 corporeolwoluta.
3153 3088 3208 3144 Si
3238 3100 3416 3144 autem
3433 3107 3632 3160 corpus

388 3173 554 3241 ρίρῦσα
585 3175 761 3239 τοῦτο,
809 3177 841 3247 ἢ
895 3179 1246 3251 διαιρουμένη
1282 3183 1386 3234 ὑπὸ
1427 3182 1641 3246 τούτου,
1673 3185 1722 3236 εἰ
1761 3184 1956 3254 ἀληθὲς

383 3264 443 3314 τὸ
475 3263 631 3332 σῶμα
661 3265 750 3318 διὰ
775 3265 1026 3336 σώματος
1061 3271 1136 3340 μὴ
1169 3274 1387 3340 χωρεῖν,
1433 3271 1563 3325 ἄνευ
1593 3273 1696 3343 τῆς
1725 3275 1954 3347 θατέρου

383 3351 720 3420 διαιρέσεως.
765 3357 924 3411 Ἀλλὰ
955 3359 1050 3412 καὶ
1109 3361 1167 3413 ὲν
1210 3362 1360 3431 ὄγκῳ
1401 3363 1608 3434 μείζονι
1639 3365 1708 3418 τὰ
1737 3364 1957 3440 ἔμψυχα

386 3442 612 3510 σώματα
655 3447 806 3517 παρὰ
854 3448 922 3500 τὰ
965 3450 1134 3519 νεκρὰ
1181 3452 1410 3521 ὁρᾶσθαι
1455 3455 1768 3523 ἀναγκαῖον,
1799 3455 1956 3527 εἴπερ

387 3535 495 3586 πᾶν
539 3533 699 3604 σῶμα
739 3537 952 3607 σώματι
1005 3541 1408 3612 ὲπιγινόμενον,
1457 3545 1514 3597 ὲν
1552 3544 1702 3616 ὄγκῳ
1751 3545 1956 3616 μείζονι

383 3627 542 3682 τοῦτο
571 3630 842 3686 δείκνυσιν
867 3650 880 3663 ’
911 3633 992 3688 ἔτι
1027 3634 1125 3705 μέν
1151 3655 1231 3690 τοι
1264 3639 1359 3692 καὶ
1389 3637 1526 3709 αὕτη
1551 3639 1600 3691 εἰ
1629 3639 1790 3710 σῶμά
1809 3641 1956 3696 ἐστιν

379 3722 416 3790 ἡ
459 3723 631 3790 ψυχὴ,
667 3723 889 3792 συνεχές
917 3741 976 3777 τε
1031 3727 1196 3780 ποσὸν
1236 3727 1349 3798 ἔχει
1399 3729 1492 3782 καὶ
1537 3730 1742 3800 σχῆμα.
1787 3730 1957 3801 Σῶμα

382 3810 477 3866 οὖν
519 3814 588 3868 δι’
617 3816 746 3884 ὅλης
786 3817 956 3886 αὑτῆς
1004 3819 1062 3870 ὲν
1095 3822 1160 3888 τῇ
1209 3820 1455 3874 συνθέσει
1495 3822 1868 3894 εἰσδεξαμένη,
1898 3825 1956 3877 ὲν

381 3905 529 3974 ὄγκῳ
563 3905 772 3974 μείζονι
800 3907 894 3960 καὶ
939 3910 1078 3980 αὑτὴ
1111 3912 1585 3984 κατασταθήσεται
1605 3931 1618 3946 ·
1657 3916 1686 3969 δ
1715 3917 1826 3988 γάρ
1853 3918 1956 3986 ὲμ-

383 3996 595 4063 ποιήσει
625 3996 796 4066 ἑτέρῳ
825 3997 885 4049 τὸ
911 3997 1096 4068 ἕτερον
1122 4001 1300 4070 σῶμα,
1339 4003 1415 4064 ὼς
1455 4003 1638 4074 σῶμα,
1669 4005 1829 4060 τοῦτο
1859 4007 1954 4060 καὶ

383 4087 512 4140 αὑτό
566 4087 814 4142 πείσεται
862 4089 968 4143 ὑπὸ
1003 4091 1096 4144 τοῦ
1145 4091 1352 4163 ἑτέρου.
1391 4095 1510 4147 Ἔτι
1555 4096 1612 4150 δὲ
1643 4097 1737 4150 καὶ
1781 4097 1954 4151 ἄλλων

382 4179 597 4233 ἀτόπων
624 4181 844 4251 πλῆθος,
875 4181 904 4235 ὃ
941 4183 1028 4235 διὰ
1055 4183 1154 4256 τὴν
1192 4187 1284 4239 ἐπὶ
1323 4187 1578 4242 πλεῖστον
1614 4191 1954 4261 παρέκϐασιν

379 4271 488 4324 τῶν
515 4272 861 4342 ζητουμένων
897 4278 1240 4346 παρορατέον
1285 4281 1418 4350 ἡμῖν
1462 4281 1599 4352 πρὸς
1643 4281 1703 4334 τὸ
1755 4283 1951 4354 παρὸν,

381 4363 475 4414 καὶ
507 4363 614 4433 τῶν
640 4365 947 4435 εἰρημένων
973 4368 1300 4423 δεικνύντων
1339 4373 1439 4426 οὐκ
1483 4373 1718 4437 ἐλλιπῶς
1755 4374 1817 4427 τὸ
1861 4375 1954 4426 ἀνι

385 4450 602 4522 ισχυρον
633 4453 732 4523 τῆς
763 4455 1034 4526 ὑμετέρας
1065 4458 1376 4522 ὑποθέσεως
1395 4478 1408 4490 ·
1439 4461 1576 4517 ἀλλᾶ
1616 4465 1791 4518 ταῦτα
1831 4464 1951 4534 μὲν,
1987 4438 2032 4496 D

383 4547 474 4595 καί
503 4547 602 4614 τῆς
645 4545 906 4614 δευτέρας
939 4549 1317 4622 ἀποφαντικῆς
1353 4553 1508 4622 ὑμῶν
1539 4555 1702 4609 ἕνεκα
1748 4557 1954 4628 προτά-

382 4651 539 4697 σεως.
577 4635 846 4708 λεγούσης
902 4639 984 4692 ὃτι
1033 4640 1094 4694 τὸ
1141 4643 1532 4714 συντιθέμενον
1586 4647 1809 4710 πάντως
1863 4647 1958 4701 καὶ

381 4724 624 4796 ὲμμερὲς
669 4721 810 4778 εἶναι
851 4728 1085 4800 ἀνάγκη,
1121 4736 1217 4784 καὶ
1264 4733 1664 4804 περιγραπτὸν,
1715 4737 1774 4803 ἐξ
1807 4731 1868 4792 οὗ
1897 4736 1957 4790 τὸ

377 4818 620 4886 γενναῖον
650 4818 780 4889 ὑμῖν
807 4819 928 4872 ὅλον
963 4822 1301 4896 ἐπιχείρημα
1338 4827 1768 4886 κατεσκεύαστο.

465 4967 618 5020 Ἐπεὶ
645 4963 738 5021 οἷν
779 4969 871 5021 καὶ
899 4969 964 5024 τὰ
993 4973 1258 5041 εἰρημένα
1290 4973 1566 5044 ἀρκοῦντά
1591 4977 1706 5030 ἐστι
1747 4979 1826 5042 εἱς
1856 4996 1958 5032 κα-

377 5061 600 5115 τάλυσιν
625 5060 724 5129 τῆς
749 5059 1040 5130 ψαμμαεας
1059 5063 1212 5132 ὑμῶν
1231 5066 1542 5136 οἰκοδομῆς,
1570 5067 1659 5120 διὰ
1683 5067 1800 5122 τόδε
1829 5069 1958 5122 ἐπό-

381 5167 520 5221 μενα
539 5167 609 5220 μυ
619 5151 710 5220 pia.
728 5151 820 5204 καὶ
845 5151 980 5204 ἄλλα
1001 5153 1176 5224 ἅτοπή
1187 5173 1331 5223 ματα
1357 5159 1476 5220 ταῖς
1495 5157 1794 5228 ὑμετέραις
1821 5159 1954 5214 ὕπο-

379 5237 1018 5311 θέσεσι,παραλειψομεν,
1045 5241 1162 5310 εἴγε
1185 5244 1246 5297 τὸ
1269 5249 1452 5315 νοερὸν
1471 5247 1566 5298 καὶ
1583 5249 1956 5318 πνευματικὸν

377 5331 472 5384 καὶ
505 5331 809 5400 ἰσάγγελον.
864 5334 946 5387 ἔτι
995 5325 1104 5405 μῆν
1164 5337 1353 5391 καὶτὸ
1388 5337 1510 5392 κατ’
1553 5341 1737 5394 εἰκόνα
1791 5343 1949 5408 Θεοῦ,

377 5423 474 5477 καὶ
505 5423 810 5494 ἐμφύσημα
843 5427 942 5496 τῆς
973 5427 1132 5496 δόξης
1159 5427 1251 5482 τοῦ
1279 5429 1752 5499 Παντοκράτορος,
1795 5434 1955 5490 τοῦτο

377 5511 538 5595 ὑμεῖς
577 5513 766 5579 ἁπλῶς
793 5517 1033 5588 ὲμμερὲς
1067 5515 1208 5574 εἶναι
1239 5521 1578 5592 ὑποτίθεσθε,
1604 5526 1741 5580 διότι
1773 5529 1952 5582 συντι·

377 5603 568 5658 θεσθαι
595 5605 1166 5678 ὡμολόγηται.Ἒαται
1188 5613 1296 5682 γὰρ
1322 5613 1510 5668 τούτου
1535 5617 1801 5684 δοθέντος,
1825 5619 1948 5674 καθ’

380 5697 522 5773 ὑμᾶς
553 5699 612 5766 ἐξ
643 5701 890 5775 ἀνάγκης
911 5703 972 5777 ’ἢ
1001 5709 1094 5762 καὶ
1114 5707 1181 5761 τὰ
1217 5709 1454 5780 συγγενῆ
1486 5709 1581 5763 καὶ
1612 5711 1944 5784 πρωτότυπα

2059 3176 2144 3222 est
2187 3167 2408 3229 anima,
2451 3183 2553 3238 per
2581 3183 2784 3238 corpus
2839 3183 2951 3224 non
3002 3169 3298 3240 procedet,
3333 3171 3466 3226 illud
3521 3188 3632 3230 non

2059 3257 2330 3320 dividens.
2365 3260 2452 3315 vel
2482 3277 2592 3316 non
2623 3262 2693 3317 ab
2721 3263 2816 3318 illo
2841 3263 3038 3322 divisa.
3075 3264 3121 3319 si
3159 3279 3352 3318 verum
3399 3274 3484 3320 est
3511 3281 3637 3320 cor-

2057 3366 2161 3420 pus
2190 3367 2288 3421 per
2311 3366 2510 3421 corpus
2537 3352 2840 3422 procedere
2873 3352 3216 3422 impossibile
3253 3367 3396 3419 esse,
3427 3353 3636 3424 absque

2059 3441 2346 3511 utriusque
2374 3441 2668 3496 divisione.
2699 3441 2768 3496 At
2803 3441 2971 3497 etiam
3013 3443 3069 3500 in
3131 3444 3334 3515 majore
3375 3443 3637 3514 congerie

2047 3515 2364 3606 spiritualia
2396 3547 2629 3604 corpora
2659 3548 2784 3589 cum
2825 3532 3190 3590 cadaveribus
3209 3533 3444 3590 videnda
3479 3541 3637 3606 sunt,

2057 3603 2326 3695 siquidem
2351 3603 2513 3680 omne
2537 3639 2739 3696 corpus
2765 3625 2984 3696 corpori
3025 3625 3296 3692 additum,
3329 3623 3386 3680 in
3433 3641 3638 3697 congee

2058 3717 2138 3771 rie
2161 3717 2352 3786 majori
2387 3715 2520 3772 illud
2571 3716 3018 3784 demonstrat;si
3068 3717 3249 3772 anima
3287 3732 3490 3788 corpus
3526 3725 3639 3784 est,

2055 3807 2420 3878 quantitatem
2473 3808 2794 3862 continuam
2845 3815 2900 3863 et
2931 3806 3163 3878 ﬁguram
3197 3805 3383 3862 habet.
3417 3805 3642 3876 Corpus.

2054 3916 2185 3972 ergo
2211 3909 2497 3972 postquam
2529 3901 2584 3955 in
2603 3901 2807 3956 unione
2831 3909 2942 3956 tota
2967 3900 3254 3972 complexa
3288 3899 3380 3965 sit,
3417 3899 3472 3954 in
3491 3899 3638 3954 mole

2055 3993 2263 4064 majore
2309 3993 2501 4048 eadem
2533 3993 2702 4048 etiam
2748 3992 3152 4060 constituetur;
3197 3993 3344 4064 quod
3375 3992 3522 4048 enim
3559 3991 3638 4046 al.

2058 4082 2160 4138 teri
2191 4083 2425 4140 alterum
2459 4098 2666 4154 corpus
2698 4082 2889 4148 addet,
2921 4093 2982 4137 ut
3013 4099 3236 4154 corpus.
3261 4083 3368 4138 boe
3403 4089 3458 4138 et
3488 4080 3636 4138 idem

2055 4175 2124 4230 ab
2169 4176 2345 4230 altero
2371 4176 2632 4245 patietur.
2689 4175 2859 4232 Multa
2913 4177 3141 4246 insuper
3189 4182 3320 4230 sunt
3370 4172 3632 4238 absurda,

2055 4283 2196 4338 qute,
2233 4285 2358 4323 eum
2393 4268 2552 4324 valde
2581 4269 2809 4338 quzesita
2847 4269 3172 4340 transgressi
3225 4267 3420 4334 simus,
3477 4266 3636 4322 nobis

2057 4359 2111 4414 in
2152 4361 2408 4430 praesenti
2466 4359 2772 4414 omittenda
2823 4369 2974 4424 sunt,
3022 4375 3260 4430 cumque
3317 4358 3634 4429 supradicta

2057 4451 2404 4510 abundanter
2435 4450 2812 4508 inﬁrmitatem
2841 4452 3010 4510 vestri
3043 4451 3356 4526 systematis
3405 4451 3636 4506 demone

2057 4541 2374 4596 straverint.
2405 4541 2529 4596 lltec
2551 4549 2680 4596 sunt
2731 4541 2954 4613 quidem
3009 4559 3152 4612 qum,
3197 4540 3455 4600 secundat
3507 4555 3636 4612 pro-.-

2058 4635 2352 4706 positionis
2409 4635 2583 4704 gratia
2611 4643 2806 4690 vestrae
2840 4633 3167 4705 prtedicatte,
3217 4632 3454 4690 dicentis
3485 4631 3637 4703 quod

2059 4727 2275 4782 unitum
2308 4737 2393 4782 est
2415 4727 2730 4782 necessario
2759 4742 2826 4782 ex
2875 4726 3126 4797 partibus
3172 4726 3505 4789 coalescere,
3549 4733 3636 4779 at-
3725 4737 3733 4752 δ

2057 4835 2163 4889 que
2190 4818 2674 4889 circumscriptum
2721 4835 2864 4884 esse,
2909 4833 3104 4872 omnes
3159 4815 3331 4883 vestri
3383 4814 3633 4894 generosi

2055 4917 2286 4964 conatus
2319 4908 2444 4962 ideo
2464 4917 2944 4978 comparaverunt,

2125 4999 2262 5054 Cum
2284 5013 2414 5069 ergo
2436 4998 2752 5068 supradicta
2785 4999 2850 5054 ad
2896 4999 3334 5054 destructionem
3387 5013 3634 5054 arenosa’

2053 5097 2252 5144 vestrae
2275 5087 2656 5142 aediﬁcatiouis
2686 5087 2982 5149 sulliciant.
3015 5087 3142 5146 ideo
3189 5087 3477 5142 innumera
3505 5099 3626 5140 con-

2055 5179 2342 5248 sequentia
2365 5175 2583 5245 aliaque
2605 5175 2846 5234 absurda
2901 5181 3260 5248 systematum
3316 5179 3631 5228 vestrorum

2055 5269 2416 5338 negligemus,
2445 5267 2718 5338 siquidem
2743 5267 2889 5337 quod
2917 5264 3312 5331 intellectuale,
3347 5263 3493 5334 quod
3519 5261 3632 5330 spi-e

2054 5355 2273 5422 ritualc,
2300 5356 2447 5426 quod
2485 5357 2794 5429 angelicum
2825 5399 2840 5424 ,
2867 5357 2978 5413 imo
3019 5357 3166 5428 quod
3194 5363 3286 5412 est
3314 5354 3381 5409 ad
3435 5351 3632 5421 imagi¢

2051 5461 2178 5500 nem
2210 5447 2305 5502 Dei
2342 5447 2661 5518 amatusque
2685 5448 2870 5520 gloriae
2918 5443 3346 5516 Omnipotentis,
3404 5457 3471 5496 ex
3505 5455 3633 5511 para

2053 5537 2202 5592 tibus
2226 5539 2571 5609 coagulatum
2600 5553 2915 5608 supponere
2940 5553 3040 5593 vos
3091 5553 3203 5592 non
3247 5532 3534 5598 dubitatis,
3561 5545 3633 5592 eo

2051 5628 2197 5697 quod
2226 5628 2372 5682 uniri
2396 5629 2844 5696 eredatur.Nam,
2869 5645 2992 5684 eum
3021 5631 3095 5684 ita
3129 5627 3219 5690 sit,
3239 5625 3305 5680 ad
3329 5625 3435 5679 hoc
3459 5622 3628 5678 devo-

2051 5719 2210 5776 nistis
2243 5729 2304 5775 ut
2331 5720 2451 5778 sive
2470 5721 2780 5798 congcnita,
2808 5721 2922 5776 sive
2961 5726 3354 5790 prt)lot}pa,ac
3405 5723 3629 5780 antccce
