3954 6148
333 273 470 338 ΗἽ

1564 274 1876 335 LEONTII
1917 275 2202 334 ΒῖΖᾸΝΤ
2210 275 2324 335 1N1

3535 270 3704 334 ηαδ

316 384 516 440 dentia
565 383 716 440 Illius
763 399 858 440 seu
910 385 1124 450 animm,
1182 401 1249 440 ex
1303 384 1555 456 partibus
1607 385 1917 438 coalescere

2041 391 2097 443 αἱ
2109 383 2452 459 προαρκτικὰ
2478 382 2671 438 τούτου
2697 384 2868 457 ᾕγουν
2889 385 2990 456 τῆς
3019 385 3218 457 ψυχῆς,
3235 383 3520 458 ἐμμιρῆ
3556 372 3702 436 κατ’

332 475 779 547 reputetisjuxta
808 476 957 532 illam
983 492 1104 546 qua:
1135 477 1351 531 illorum
1386 476 1562 546 imago
1584 473 1917 530 similitudo-

333 582 441 636 que
461 567 720 630 est;sive
755 567 994 637 partium
1033 567 1280 638 expertia
1335 567 1534 621 dicatis
1562 567 1679 621 haec
1726 567 1913 620 illam-

335 669 444 724 que
478 655 642 710 simul
671 670 797 709 cum
855 654 985 720 illis,
1033 665 1219 726 partes
1289 663 1500 709 tantum
1533 665 1758 724 propter
1791 669 1917 708 cor-

341 761 473 818 pora
497 747 724 811 dantes;
757 747 1002 802 volentes
1025 747 1140 802 sive
1169 747 1422 802 nolentes
1452 748 1743 801 veritatem
1771 761 1918 815 pnes

343 839 668 903 termittitis,
701 839 756 894 in
781 841 990 896 virtute
1023 841 1228 897 Christi
1286 841 1446 895 vobis
1485 840 1632 894 illam
1683 839 1916 894 demon-

340 931 811 1002 strabimuszqua:
832 933 980 987 enim
1005 948 1034 987 a
1062 933 1223 988 nobis
1255 932 1490 987 dicenda
1529 941 1677 996 sunt,
1732 931 1816 986 vel
1849 931 1918 986 ad

340 1021 652 1078 docendum
725 1039 842 1086 vos,
871 1025 918 1078 si
949 1025 1141 1088 vultis,
1199 1024 1286 1078 vel
1317 1024 1384 1078 ad
1416 1024 1915 1078 condemnandum.

341 1109 540 1169 Totum
577 1131 710 1180 non,
742 1115 1174 1180 utexistimatis,
1234 1115 1540 1171 secundum
1587 1126 1794 1186 partes,
1832 1115 1918 1169 vel

341 1221 410 1260 ex
442 1205 712 1274 partibus.
743 1206 1046 1276 perfectum
1077 1223 1296 1276 semper
1333 1207 1609 1278 signiﬁcat
1657 1206 1924 1276 simplici-

343 1305 429 1350 ter
451 1307 507 1351 et
532 1299 797 1362 omnino;
846 1299 927 1352 sic
973 1297 1121 1353 enim
1173 1299 1358 1352 omnia
1406 1306 1595 1352 essent
1650 1297 1922 1368 simplicia

346 1389 580 1444 dicenda
609 1391 691 1444 vel
727 1390 1070 1459 imperfecta,
1103 1390 1326 1460 quando
1372 1391 1614 1461 partium
1677 1390 1922 1460 expertia

346 1489 535 1534 essent
586 1496 766 1551 neque
793 1481 1044 1550 partibus
1068 1483 1431 1552 compositam
1490 1497 1647 1537 suam
1680 1481 1922 1536 totalita-

347 1578 457 1626 tem
496 1572 794 1633 haberent;
823 1588 918 1628 seu
959 1582 1070 1628 tota
1101 1573 1456 1644 perfectaque
1482 1572 1631 1628 dicta
1673 1574 1926 1642 partibus

349 1672 537 1717 essent
566 1665 871 1730 composita
908 1680 1013 1720 nec
1039 1665 1152 1719 ullo
1200 1664 1367 1720 modo
1412 1665 1712 1734 simplicia;
1768 1663 1923 1734 quasi

348 1754 561 1808 nullum
603 1764 932 1810 creterorum
978 1757 1334 1826 simplicium,
1381 1758 1688 1827 perfectum
1744 1764 1921 1820 esset,
1957 1739 1998 1794 Β

348 1861 446 1901 seu
496 1847 816 1902 universum
856 1848 1162 1903 videretur.
1196 1848 1323 1904 llaec
1365 1863 1491 1903 cum
1530 1847 1604 1904 ita
1627 1848 1758 1912 sint,
1808 1846 1926 1916 ipsa

347 1949 532 1995 vestra
557 1951 748 1996 contra
776 1956 879 1996 nos
911 1943 1188 1996 sententia
1235 1956 1340 1996 nec
1376 1941 1581 1995 Deitati
1641 1938 1927 1994 totalitatis

348 2044 416 2086 ex
445 2031 697 2102 partibus
715 2032 926 2102 experti
955 2033 1366 2102 simplicitatem
1392 2032 1658 2087 concedet
1685 2049 1700 2096 ;
1734 2045 1927 2086 neces-

348 2136 519 2194 seque
561 2123 670 2178 erit
730 2133 812 2187 ut,
861 2123 1084 2193 aliquod
1127 2122 1495 2192 compositum
1547 2121 1798 2193 partibus
1858 2120 1926 2178 ad

349 2229 506 2268 suam
533 2214 704 2285 ipsius
733 2215 1124 2285 perfectionem
1157 2223 1215 2269 et
1241 2215 1570 2270 totalitatem
1619 2214 1926 2285 exigentes,

349 2321 418 2360 ex
455 2307 724 2362 alterutro
772 2307 998 2362 omnino
1043 2305 1284 2374 dejicere
1328 2307 1542 2378 cogaris
1583 2321 1677 2361 seu
1704 2321 1771 2360 ex
1799 2303 1930 2358 sim-

349 2398 594 2468 plicitate
625 2414 720 2454 seu
754 2416 821 2454 ex
850 2401 1192 2468 perfectione
1226 2401 1405 2470 ipsum
1445 2399 1686 2468 partium
1735 2412 1932 2468 expers

351 2489 408 2542 in
439 2491 766 2545 excellentia
809 2506 904 2544 sua
954 2501 1129 2546 totum
1163 2491 1432 2556 dicimus;
1469 2499 1525 2544 at
1552 2498 1638 2545 est
1670 2505 1800 2544 vere
1845 2497 1931 2544 to-

353 2588 490 2643 tum,
533 2579 606 2634 ita
653 2579 800 2640 dico.
850 2597 1013 2646 vere;
1073 2583 1227 2653 juxta
1277 2581 1561 2652 proprium
1619 2593 1932 2634 sermonem

356 2669 681 2738 perfectum,
735 2671 865 2727 licet
918 2673 1151 2743 simplex
1193 2673 1264 2727 sit
1312 2688 1377 2728 ac
1410 2673 1652 2743 partium
1704 2686 1930 2742 expers,

358 2760 596 2826 licetque
636 2761 708 2816 sit
758 2762 1124 2830 compositum
1171 2772 1223 2812 et
1273 2760 1929 2826 partibus.distinctutn;

357 2852 519 2910 modo
551 2865 755 2910 tantum
795 2856 1000 2926 integre
1038 2871 1194 2908 vocrs
1228 2869 1357 2909 suas
1391 2853 1592 2908 habere
1642 2853 1928 2916 vileatur;

351 2945 621 3016 quoniam
644 2948 790 3004 enim
813 2949 926 3002 haec
950 2950 1021 3003 ita
1047 2964 1103 3002 se
1126 2947 1346 3007 halwttt,
1367 2963 1468 2999 non
1497 2962 1564 2998 vo
1585 2960 1628 2999 ‘e
1655 2945 1814 2998 totius
1835 2943 1935 2998 im-

353 3034 586 3104 pediunt
635 3035 768 3106 quin
821 3035 1131 3106 subjectum
1189 3035 1263 3090 sit
1291 3033 1544 3105 simplex,
1603 3049 1733 3090 ecce
1786 3033 2005 3123 enimc

354 3124 663 3194 perfectum
727 3135 1017 3196 totumque
1071 3125 1308 3181 dicimus
1342 3123 1550 3194 aliquid
1602 3140 1745 3190 esse,
1791 3141 1935 3196 pun-

355 3224 526 3280 ctum,
563 3217 849 3282 unitatem,
875 3226 1215 3272 momentum
1249 3215 1513 3286 temporis
1555 3215 1798 3285 partium
1837 3231 1937 3270 ex-

355 3321 486 3376 pers
523 3315 686 3376 atque
707 3307 1063 3368 indivisibile.
1089 3307 1447 3362 Divinitatem
1482 3306 1780 3376 omniaque
1807 3305 1941 3360 sitn-

354 3395 691 3466 plicia;non
725 3397 872 3468 quod
900 3398 1113 3469 integre
1152 3399 1405 3468 proprias
1444 3407 1629 3468 partes
1678 3397 1936 3462 habeant,

357 3487 484 3542 ideo
510 3487 618 3544 illis
647 3489 976 3544 totalitatem
1035 3488 1562 3557 attribuimus;jam
1611 3486 1760 3541 enim
1812 3501 1940 3556 par-

359 3579 500 3634 tium
559 3581 804 3649 expertia
851 3580 969 3635 haec
1009 3581 1372 3651 agnovimus;
1437 3577 1534 3635 sed
1577 3577 1726 3648 quod
1767 3585 1938 3632 totam

358 3669 597 3740 propria:
623 3671 828 3741 speciei
859 3669 1238 3741 simplicitatis
1276 3671 1504 3733 salvam,
1551 3669 1773 3724 illaesam
1812 3683 1940 3739 per-

358 3758 674 3830 fectamque
721 3777 912 3816 vocem
956 3761 1182 3822 habent,
1236 3776 1301 3815 ac
1358 3758 1788 3828 unumquodque
1837 3757 1940 3812 ho-

362 3865 510 3912 rum.
538 3852 693 3918 juxta
727 3853 1007 3922 propriam
1031 3861 1314 3915 naturam,
1337 3850 1544 3921 speciei
1567 3850 1781 3920 signum
1807 3863 1945 3919 pra:-

361 3939 490 3996 fert.
533 3931 610 3996 De
659 3951 767 3995 toto
831 3959 966 4012 ergo
1027 3943 1228 3997 aﬁ‘erre
1255 3941 1632 4011 probationes,
1663 3939 1941 4010 quomodo

365 4040 538 4087 totum
589 4033 690 4088 toti
738 4033 882 4088 uniri
918 4034 1105 4105 aliquo
1155 4035 1321 4088 modo
1350 4032 1422 4088 sit
1471 4032 1758 4103 possibile,
1809 4031 1944 4102 quin

2017 478 2188 546 αὐτὴν
2219 475 2532 544 λογίζεσθαι
2585 478 2795 542 εἰκόνος
2832 477 3042 532 τούτων
3083 478 3249 548 οὔσης
3285 478 3416 533 καὶ
3453 474 3696 547 ὁμοιὼο

2020 587 2157 634 σεως
2183 570 2388 642 ταύτης
2415 589 2432 605 °
2461 569 2495 641 ἢ
2531 571 2718 640 ἀμερῆ
2754 572 3066 646 φάσκοντας
3116 568 3257 629 εἶναι
3309 572 3546 628 ταῦτα
3591 573 3700 625 καὶ

2017 662 2221 732 ταύτην
2252 663 2350 716 σὺν
2381 663 2614 728 ἐκείνοις
2641 664 2742 733 τῆς
2769 665 3072 736 ὲμμερείας
3099 667 3327 736 ἀφιέναι
3360 666 3494 736 τῆς
3525 661 3696 717 κατὰ

2016 753 2086 806 τὰ
2120 753 2366 824 σώματα·
2404 751 2513 808 εἴτε
2566 753 2623 808 δὲ
2677 755 2930 822 ἑκόντες,
2971 757 3083 811 εἴτε
3131 757 3410 822 ἄκοντες,
3465 772 3694 824 παρα-

2020 841 2249 895 ϐλέπετε
2280 839 2380 916 τὴν
2415 843 2696 914 ἀλήθειαν,
2744 846 2909 915 ἡμεῖς
2961 845 3090 916 ὑμῖν
3125 848 3183 900 ἐν
3212 846 3492 915 δυνάμει
3529 845 3695 914 Χρι⁹

2023 936 2152 990 στοῦ
2191 935 2399 1008 ταύτην
2439 937 2814 1008 ὑποδείξομενι
2854 939 3010 993 ἔσται
3035 938 3198 1011 γὰρῆ
3239 941 3328 1004 εἰς
3375 937 3685 1002 σύνεσιν,

2021 1029 2069 1080 εἰ
2103 1027 2434 1100 βούλεσθε,ἢ
2459 1031 2541 1092 εἰς
2573 1029 2672 1100 τὴν
2705 1030 3034 1100 κατάκρισιν
3057 1030 3214 1100 ὑμῶν
3235 1031 3306 1084 τὰ
3341 1029 3690 1098 λεγόμενα

2021 1119 2152 1190 παρ’
2193 1120 2369 1190 ἡμῶν.
2421 1121 2494 1174 Τὸ
2538 1121 2660 1176 ὅλον
2711 1123 2946 1192 οὗχ,ὼς
2996 1123 3216 1190 οἴεσθε,
3260 1123 3328 1177 τὸ
3380 1121 3564 1177 κατὰ
3601 1122 3685 1175 τὰ

2027 1212 2189 1282 μέρη,
2221 1211 2253 1282 ἢ
2287 1215 2350 1265 ἐκ
2384 1212 2587 1283 μερῶν,
2620 1211 2826 1266 τέλειον
2867 1213 2955 1268 ἀεὶ
2986 1213 3245 1284 σημαίνει
3289 1213 3528 1276 ἁπλῶς
3563 1211 3681 1264 καὶ

2025 1305 2272 1364 πέντωςο
2302 1303 2476 1368 οὕτως
2516 1305 2623 1374 γὰρ
2657 1303 2723 1356 ἂν
2755 1303 2936 1358 πάντα
2963 1304 3082 1359 δέον
3128 1300 3198 1376 ἦν
3239 1305 3308 1358 τὰ
3351 1301 3570 1366 ἁπλᾶ,
3629 1301 3670 1372 ἢ

2024 1392 2188 1462 ἀτελῆ
2219 1390 2493 1455 λέγεσθαι,
2521 1393 2704 1464 ἀμερῆ
2735 1393 2884 1458 ὄντα,
2915 1393 3010 1447 καὶ
3048 1395 3112 1448 ἐκ
3158 1394 3352 1465 μερῶν
3395 1409 3675 1462 συγκει-

2029 1486 2196 1557 μένην
2222 1487 2324 1539 οὐκ
2353 1485 2548 1556 ἔχοντα
2580 1485 2680 1556 τὴν
2706 1487 2914 1540 οἰκείαν
2944 1487 3206 1558 ὀλότητα·
3238 1487 3402 1558 nam
3443 1504 3526 1540 τε
3560 1485 3674 1540 καὶ

2025 1576 2208 1630 τέλεια
2233 1577 2526 1647 λεγόμενα,
2566 1575 2800 1631 σύνθετα
2825 1573 2967 1631 εἶναι
2997 1579 3062 1631 ὲκ
3097 1578 3306 1649 μερῶν,
3341 1580 3457 1632 καὶ
3508 1579 3662 1632 afut-

2029 1669 2108 1722 ἐτι
2133 1669 2282 1722 ἁπλᾶ
2305 1686 2318 1698 ·
2345 1667 2421 1731 ὡς
2455 1669 2624 1739 μηδὲν
2649 1667 2834 1724 λοιπὸν
2871 1667 2981 1722 τῶν
3013 1671 3070 1722 ιν
3102 1669 3372 1740 ἁπλότητι
3405 1670 3668 1725 τέλειον

2027 1758 2168 1814 εἶναι
2193 1799 2208 1824 ,
2257 1759 2290 1830 ἢ
2329 1759 2623 1830 ὁλόκληρον
2657 1759 2966 1828 φαίνεσθαι.
3007 1760 3215 1814 Τούτου
3247 1761 3306 1814 δὲ
3333 1760 3662 1825 δοθέντος,

2027 1850 2124 1905 καὶ
2159 1849 2280 1904 καθ’
2313 1850 2464 1920 ὑμῶν
2509 1849 2662 1904 ἔσται
2715 1851 2784 1904 τὰ
2838 1851 3098 1922 ὑμέτερα,
3151 1851 3291 1922 μηδὲ
3336 1850 3510 1921 αὐτῷ
3565 1850 3662 1921 τῷ

2027 1942 2167 2013 Θείῳ
2189 1943 2315 1996 ἄνευ
2341 1942 2439 2012 τῆς
2466 1942 2532 1994 ὲκ
2564 1941 2752 2012 μερῶν
2780 1941 3056 2014 ὁλότητος,
3085 1941 3500 2014 συγχωροῦντα
3531 1943 3660 2012 τὴν

2028 2032 2310 2103 ἁπλότητα
2333 2048 2348 2062 ο
2373 2032 2468 2086 καὶ
2493 2033 2602 2104 γὰρ
2631 2033 2944 2102 ἀναγκαίως
2967 2033 3174 2088 δεῖσθαι
3195 2033 3290 2086 καὶ
3321 2034 3458 2087 αὐτὸ
3498 2051 3659 2086 suv-

2031 2123 2234 2186 θέσεως
2263 2123 2356 2176 καὶ
2390 2121 2574 2194 μερῶν
2623 2125 2762 2193 πρὸς
2807 2123 3085 2178 τελείωσιν
3117 2124 3476 2194 καὶμὸλὸτητα
3521 2126 3650 2180 αὗ-

2029 2214 2123 2268 τοῦ
2144 2215 2568 2285 παριστὰνοντα,
2594 2214 2823 2286 θατέρου
2853 2215 3069 2278 πάντως
3093 2219 3350 2273 ἐκπεσεῖν
3376 2216 3460 2287 εἰη
3499 2215 3646 2286 ﬁta-

2031 2303 2256 2374 ζὸμενα,
2288 2303 2322 2374 ἢ
2348 2302 2442 2356 τοῦ
2484 2302 2656 2356 ἁπλοῦ
2693 2303 2726 2374 ἢ
2755 2303 2850 2356 τοῦ
2879 2303 3111 2370 τελείου,
3143 2304 3264 2358 τόδε
3293 2304 3355 2357 τὸ
3383 2303 3640 2375 ἀμερῶς

2033 2393 2381 2466 ὑπερτέλειον
2415 2394 2570 2448 Θεῖον
2599 2394 2719 2448 ὅλον
2743 2409 2758 2424 °
2794 2395 2911 2450 ἀλλ’
2945 2395 3092 2450 ἔστιν
3127 2395 3344 2468 ἀληθῶς
3392 2395 3539 2460 ὅλον,
3577 2388 3635 2448 ὦ

2031 2479 2204 2549 οὗτοι,
2237 2483 2462 2556 κυρίως,
2486 2484 2546 2536 τδ
2569 2482 2711 2538 κατὰ
2740 2484 2832 2538 τὸν
2860 2487 3060 2539 οἰκεῖον
3081 2485 3240 2554 λόγον
3263 2484 3629 2555 ἀπηρτισμὲ-

2032 2593 2144 2640 νον,
2195 2575 2296 2629 κᾶν
2343 2573 2548 2628 ἁπλοῦν
2582 2574 2668 2644 εἴη
2709 2576 2802 2628 καὶ
2849 2576 3076 2647 ἀμερὲς,
3123 2576 3228 2648 κᾷν
3259 2593 3320 2630 τε
3355 2575 3624 2629 σύνθετον

2035 2669 2130 2724 καὶ
2162 2666 2435 2737 ὲμμερές·
2469 2665 2632 2736 μόνον
2661 2667 2711 2718 εἰ
2743 2666 3047 2732 ἀνελλιπῶς
3079 2666 3226 2738 ἔχειν
3251 2668 3377 2730 τοὺς
3410 2664 3618 2720 ἑαυτοῦ

2034 2759 2224 2828 λόγους
2256 2757 2562 2829 θεωρηθείη
2589 2776 2602 2790 ο
2644 2759 2728 2811 ὅτι
2775 2757 2888 2830 γὰρ
2920 2757 3090 2820 ταῦτα
3121 2757 3297 2821 οὕτως
3338 2757 3448 2828 ἔχει
3468 2797 3483 2823 ,
3511 2756 3616 2811 καὶ

2034 2853 2136 2904 οὐκ
2170 2847 2452 2919 ὲμποῖίζει
2473 2849 2549 2920 τῷ
2579 2848 2722 2918 λόγῳ
2745 2849 2836 2902 τοῦ
2864 2849 3029 2912 ὅλου,
3066 2849 3126 2903 τὸ
3155 2851 3358 2920 ἀμερὲς
3379 2845 3516 2902 εἶναι
3541 2848 3611 2901 τὸ

2038 2940 2418 3009 ὑποκείμενον,
2477 2939 2587 2993 ἰδοὺ
2643 2940 2706 3012 δὴ
2760 2939 2964 2992 τέλειόν
2999 2955 3180 3008 φαμεν
3233 2937 3326 2990 καὶ
3369 2938 3490 2992 ὅλον
3543 2955 3601 2990 τι

2038 3027 2200 3096 εἶναι,
2229 3032 2322 3084 καὶ
2351 3031 2413 3084 τὸ
2453 3031 2708 3100 σημεῖον,
2749 3031 2838 3084 καὶ
2871 3029 2970 3098 τὴν
3006 3029 3209 3098 μονάδα
3235 3071 3251 3096 ,
3283 3029 3375 3081 καὶ
3406 3028 3467 3081 τὸ
3497 3027 3592 3080 νῦν

2035 3123 2127 3179 τοῦ
2156 3123 2350 3196 χρόνου
2385 3123 2446 3176 τὸ
2486 3123 2688 3196 ἀμερὲς
2735 3123 2828 3176 καὶ
2861 3123 3168 3194 ἀκαριαῖον,
3198 3123 3292 3176 καὶ
3332 3120 3392 3175 τὸ
3423 3121 3585 3184 θεῖον,

2036 3217 2131 3268 καὶ
2151 3213 2223 3267 τὰ
2250 3214 2399 3267 ἀπλᾶ
2425 3215 2622 3268 πάντα·
2648 3214 2740 3268 καὶ
2767 3213 2866 3284 οὐχ
2891 3213 2974 3266 ὅτι
3000 3213 3304 3276 ὰνελλιπῶς
3329 3213 3402 3266 τὰ
3423 3214 3602 3267 οἰκεῖα

2039 3307 2184 3377 μέρη
2234 3287 2454 3375 ἔχουσι,
2501 3305 2591 3360 διὰ
2635 3305 2796 3358 τοῦτο
2835 3303 3044 3368 τούτοις
3093 3304 3480 3374 μαρτυροῦμεν
3509 3303 3609 3372 τὴν

2035 3399 2290 3469 ὅλότηταο
2327 3398 2790 3470 προωμολόγηται
2833 3397 2940 3468 γὰρ
2989 3397 3122 3468 ἡμῖν
3154 3399 3188 3466 ἡ
3221 3394 3428 3449 τούτων
3471 3394 3613 3465 ἀμέ-

2045 3505 2187 3561 ρεια’
2218 3489 2335 3543 ἀλλ’
2381 3489 2464 3543 ὅτι
2509 3489 2630 3542 ὅλον
2679 3489 2866 3559 ἔχουσι
2915 3488 3015 3558 τῆς
3067 3489 3282 3552 οἰκείας
3321 3487 3415 3542 τοῦ
3441 3487 3614 3550 εἴδους

2045 3578 2310 3649 ἀμερείας
2343 3578 2434 3632 τὸν
2475 3578 2633 3648 λόγον
2669 3578 2807 3632 σῶόν
2839 3597 2899 3632 τε
2931 3580 3026 3632 καί⁵
3060 3578 3488 3648 ἀπαράϐλαπτον
3521 3579 3621 3632 καὶ

2043 3670 2268 3733 τέλειον,
2302 3668 2510 3722 τούτων
2538 3669 2770 3722 ἕκαστον
2789 3708 2805 3734 ,
2839 3668 2979 3723 κατὰ
3011 3667 3112 3738 τὴν
3143 3668 3281 3722 ἰδίαν
3309 3667 3492 3736 φύσιν,
3520 3667 3619 3720 τοῦ

2045 3757 2222 3822 εἴδους
2269 3759 2670 3830 γνωριστὴριον
2723 3759 2972 3830 φέρουσι.
3009 3757 3195 3812 Ταῦτα
3233 3758 3332 3828 μὲν
3384 3752 3476 3810 οὖν
3521 3755 3618 3808 καὶ

2046 3852 2174 3922 περὶ
2215 3851 2276 3904 τδ
2312 3850 2462 3906 ὅλον
2493 3849 2780 3905 δεικνύντα
2799 3891 2815 3915 ,
2857 3851 2934 3915 ὡς
2965 3851 3059 3904 καὶ
3084 3850 3208 3904 ὅλον
3237 3849 3344 3920 ὅλῳ
3373 3846 3616 3903 συντίθε-

2050 3939 2172 3993 σοαί
2200 3957 2254 3994 τι
2283 3940 2528 4006 δυνατὸν,
2563 3941 2658 3994 καὶ
2693 3940 2794 3994 οὐκ
2841 3939 3083 4011 ὲμμερὶς
3111 3934 3250 3994 εῖναι
3285 3939 3345 3994 τδ
3377 3938 3610 4009 λεγόμε-

2057 4047 2147 4084 νον
2178 4031 2347 4099 ὅλον,
2385 4033 2448 4087 ὲκ
2479 4033 2576 4103 τῆς
2609 4031 2932 4097 συνθέσεως,
2957 4032 3193 4103 ἀνάγκη.

310 4127 315 4132 ’
362 4133 530 4180 totum
549 4125 756 4182 dictum
781 4128 1028 4198 partibus
1059 4127 1127 4182 sit
1147 4126 1487 4193 distinctum,
1520 4141 1586 4181 ex
1629 4123 1895 4197 synthesi,
1951 4137 2174 4180 necesse
2201 4133 2304 4182 est.

435 4217 700 4274 Similiter
728 4235 796 4275 ex
847 4220 1179 4291 supradictis
1230 4218 1298 4275 de
1342 4218 1714 4289 simplicitate,
1773 4225 1940 4272 totum

365 4327 586 4382 quoque
616 4312 892 4367 inﬁnitum
917 4329 1039 4369 esse
1081 4314 1300 4385 dicique
1321 4321 1577 4384 oportet;
1606 4328 1742 4368 voce
1791 4311 1937 4367 enim

369 4405 525 4458 totius
546 4403 744 4473 inﬁniti
775 4421 900 4460 cum
943 4405 1380 4476 proprietatibus
1409 4405 1666 4460 omnibus
1693 4403 1936 4459 inﬁnita-
1969 4425 2012 4480 ι)

368 4493 457 4556 tis,
493 4493 807 4564 hujusmodi
833 4495 1134 4565 perfectum
1157 4503 1274 4561 est,
1323 4495 1598 4566 siquidem
1638 4495 1796 4550 aliter
1827 4511 1939 4550 non

366 4588 476 4644 erit
504 4587 802 4644 inﬁnitum.
833 4589 1078 4659 Namque
1109 4589 1176 4653 si,
1209 4591 1362 4658 juxta
1397 4597 1635 4642 vestram
1670 4587 1942 4659 hypothe-

367 4679 565 4745 sim,ex
587 4680 900 4753 integritate
923 4681 1162 4752 partium
1188 4681 1362 4736 solum
1391 4680 1714 4751 intelligitur
1743 4688 1940 4743 totum,

368 4786 492 4825 cum
523 4771 759 4840 partium
795 4787 994 4842 expers
1024 4770 1384 4840 inﬁnitusque
1429 4769 1501 4824 sit
1545 4770 1710 4836 Deus,
1770 4778 1944 4824 totum

369 4875 482 4914 nun
520 4859 777 4926 habebit;
809 4861 855 4915 si
885 4871 1071 4916 autem
1101 4868 1274 4916 totum
1321 4875 1433 4913 non
1465 4858 1694 4918 habens,
1742 4860 1945 4914 unione

372 4965 592 5020 quoque
637 4959 894 5016 eruatur,
965 4950 1400 5024 imperiectionis
1453 4949 1837 5016 accusabitur;
1899 4951 1946 5005 si

372 5056 507 5096 vero
550 5041 756 5111 aliquid
817 5049 991 5098 totum
1027 5043 1120 5100 sit.
1167 5042 1315 5097 uniri
1369 5055 1588 5112 quoque
1636 5048 1847 5110 potest;
1898 5041 1945 5098 si

373 5151 508 5206 ergo
537 5135 812 5192 inﬁnitum
837 5155 1059 5208 quoque
1111 5140 1261 5194 illius
1291 5138 1478 5198 habet.
1513 5137 1825 5208 inﬁnitique
1861 5140 1946 5194 in-

378 5231 711 5302 tegritatem,
739 5240 800 5286 ut
827 5230 1024 5285 inﬁniti
1049 5231 1296 5300 quidem,
1349 5238 1608 5299 quantum
1639 5229 1692 5284 in
1743 5231 1838 5286 illo
1863 5243 1948 5288 at-

377 5338 487 5392 que
505 5321 574 5377 de
605 5321 698 5376 illo
726 5321 989 5394 possibile
1040 5330 1208 5380 esset,
1238 5329 1302 5375 ut
1331 5320 1452 5374 vult
1487 5336 1679 5376 eorum
1729 5333 1950 5378 sentcn-

381 5412 476 5476 tia,
501 5412 690 5484 sicque
724 5411 866 5467 uniri
913 5419 1088 5466 totum
1117 5409 1325 5481 aliquid
1353 5425 1476 5475 ens,
1505 5409 1792 5468 inﬁnitatis
1819 5413 1952 5467 sim-

381 5504 752 5576 plicitatisque
774 5518 910 5560 voce
941 5503 1268 5574 perlectum.
1299 5501 1426 5557 llaec
1474 5511 1658 5558 autem
1708 5517 1738 5558 a
1789 5505 1953 5560 nobis

385 5604 611 5662 pensata
647 5603 798 5662 sunt,
834 5610 902 5651 eo
936 5592 1084 5665 quod
1114 5607 1225 5648 non
1269 5601 1419 5648 recte
1468 5601 1635 5646 totum
1685 5592 1954 5666 intelliga-

390 5683 481 5751 tis,
514 5683 650 5742 illud
681 5693 896 5744 tantum
927 5683 992 5742 de
1017 5682 1347 5756 corporibus
1371 5681 1671 5740 subsistere
1702 5699 1954 5742 asseren-

2131 4225 2365 4294 Ὁμοίως
2386 4226 2441 4280 δὲ
2464 4229 2576 4290 τοῖς
2596 4225 2908 4296 εἰρημένοις
2943 4221 3186 4296 περὶτοῦ
3207 4222 3468 4294 ἀμεροῦς,
3501 4223 3596 4276 καὶ

2045 4316 2106 4370 τὸ
2142 4316 2553 4388 ἀπερίγραπτον
2584 4316 2734 4372 ὅλον
2757 4317 2876 4370 δέον
2903 4311 3045 4368 εἶναι
3088 4317 3184 4368 καὶ
3217 4313 3503 4382 λέγεσθαι·
3529 4313 3611 4384 τῷ

2044 4407 2186 4478 λόγῳ
2201 4409 2272 4477 γίι
2280 4426 2311 4480 ρ
2335 4408 2428 4462 τοῦ
2449 4407 2892 4478 ἀπεριγρὰπτου
2915 4407 3065 4462 ὅλου
3093 4405 3234 4478 μετὰ
3255 4405 3365 4458 τῶν
3395 4404 3620 4471 ἰδιωμά-

2043 4515 2153 4552 των
2179 4499 2397 4553 πάντων
2419 4501 2518 4570 τῆς
2543 4497 2983 4571 ἀπεριγραψίας,
3009 4497 3216 4550 τέλειον
3234 4495 3434 4550 τοιόνδε
3450 4494 3618 4547 εστίν⁹

2043 4588 2164 4642 ἐπεὶ
2201 4589 2305 4642 οὐκ
2340 4587 2497 4642 ἔσται
2531 4587 2706 4652 ἄλλως
2741 4586 3183 4657 ἁπερίγραπτον.
3214 4586 3278 4640 Ei
3321 4585 3431 4656 γὰρ
3479 4583 3624 4638 κατὰ

2041 4680 2140 4752 τὴν
2169 4679 2318 4749 σφῶν
2351 4679 2610 4734 ὑπόθεσιν
2633 4680 2698 4734 ἐκ
2745 4677 2840 4732 τοῦ
2863 4677 3188 4740 ἁνελλιποῦς
3213 4675 3322 4729 τῶν
3355 4674 3534 4746 μερῶν
3561 4673 3626 4726 τὸ

2043 4771 2162 4825 ὅλον
2191 4774 2390 4824 νοεῖται
2423 4770 2622 4841 μόνως,
2655 4772 2778 4824 ἐπεὶ
2809 4769 3028 4840 ἀμερής
3059 4769 3176 4821 ἐστι
3198 4767 3294 4819 καὶ
3319 4765 3624 4837 ἀπερίγρα-

2046 4878 2178 4926 πτος
2207 4864 2235 4916 ὁ
2261 4861 2416 4926 Θεὸς,
2438 4861 2500 4914 τὸ
2515 4861 2636 4914 ὅλον
2675 4861 2773 4930 οὐχ
2793 4859 2935 4925 ἕξει·
2965 4858 3042 4929 μὴ
3065 4857 3205 4928 ἔχων
3238 4856 3294 4910 δὲ
3317 4857 3376 4909 τὸ
3398 4857 3538 4919 ὅλον,
3574 4855 3625 4906 εἰ

2047 4955 2142 5008 καὶ
2175 4953 2477 5016 συνθέσεως
2510 4953 2906 5024 ὴλευθέρωται,
2947 4950 3085 5006 ἀλλὰ
3117 4950 3466 5019 ἁτελειότητα
3493 4965 3626 5002 κατ-

2045 5045 2460 5115 ηγορηθήσεται
2480 5060 2494 5074 ο
2513 5046 2561 5096 εἰ
2589 5043 2646 5098 δὲ
2666 5043 2788 5097 ὅλον
2807 5042 2860 5096 τί
2883 5044 3024 5106 ἐστι,
3046 5041 3141 5095 καὶ
3171 5037 3514 5094 συντίθεσθαι
3533 5037 3629 5090 δύο

2046 5151 2202 5188 ναται
2226 5149 2240 5162 ·
2261 5135 2310 5186 εἰ
2336 5132 2430 5186 οὖν
2468 5134 2564 5187 καὶ
2595 5133 2656 5187 τὸ
2674 5134 3094 5204 ἀπερίγραπτον
3119 5130 3281 5184 αὐτοῦ
3306 5130 3418 5200 ἔχει
3443 5128 3539 5182 καὶ
3566 5129 3630 5182 τδ

2047 5223 2141 5278 τοῦ
2175 5224 2590 5294 ἁπεριγράπτου
2622 5225 2942 5289 ἀνελλιπῶς,
2965 5225 3040 5286 ὼς
3068 5223 3482 5292 ἁπεριγράπτου
3499 5218 3631 5288 μὲν-

2048 5333 2150 5382 τοι,
2173 5317 2384 5370 δύναιτο
2405 5315 2556 5370 ὅσον
2575 5316 2740 5386 τῷγε,
2755 5318 2846 5371 καὶ
2873 5317 2967 5370 ἐπὶ
2982 5315 3137 5386 τῷδε,
3159 5315 3235 5379 ὡς
3249 5315 3400 5368 δοκεῖ
3411 5315 3476 5383 τῇ
3497 5313 3633 5366 ἀπο-

2053 5409 2465 5479 φάνσειαὺτῶνο
2497 5411 2594 5464 καὶ.
2631 5409 2808 5473 οὕτως
2841 5409 3187 5464 συντίθεσθαι
3209 5407 3332 5460 ὅλον
3367 5425 3419 5460 τι
3447 5404 3529 5466 ὃν,
3553 5404 3634 5474 τῷ

2053 5502 2150 5571 τῆς
2175 5501 2584 5573 ἀπεριγραψίας
2607 5501 2752 5572 λόγῳ
2783 5503 2880 5555 καὶ
2897 5503 3003 5572 ὰμε
3015 5499 3166 5572 ρείας
3201 5497 3634 5569 ἀπηρτισμένον.

2057 5593 2247 5647 Ταῦτα
2276 5594 2333 5648 δὲ
2361 5597 2494 5664 ἡμῖν
2521 5592 2948 5666 κατεξὴτασται,
2969 5593 3060 5648 διὰ
3088 5592 3149 5646 τὸ
3175 5591 3256 5663 μὴ
3291 5589 3465 5662 ὀρθῶς
3496 5587 3636 5642 e15!-

2059 5703 2145 5741 ναι
2179 5685 2322 5758 ὑμᾶς
2349 5684 2408 5740 τι
2443 5683 2610 5754 Mor,
2641 5685 2758 5740 ἀλλ’
2785 5685 2877 5742 ἐπὶ
2907 5685 3177 5759 σωμάτων
3207 5683 3390 5756 μόνον,
3431 5679 3637 5754 μᾶλλον
