3954 6148
360 277 498 344 1409

1313 274 1708 336 ADVERSUS
1744 271 2296 336 NESTORIANOS.
2333 299 2402 313 --·
2431 277 2579 338 LIB.
2619 278 2670 338 Ι.

3479 275 3618 342 mo

357 400 415 455 δὲ
448 399 542 452 ἐπὶ
573 393 816 466 συνεχῶν
862 385 1072 448 ποσῶν
1109 388 1286 461 μόνων
1336 387 1641 460 παράθεσιν
1676 387 1934 454 τοπικὴν

2049 396 2136 452 tes,
2170 399 2336 460 atque
2387 389 2661 460 imprimis
2695 389 2764 466 de
2792 387 3075 446 continuis
3109 393 3326 462 quantis
3385 393 3624 463 privatis

363 491 569 563 μορίων
589 488 751 542 τινῶν
775 483 1219 554 συναπτομένων,
1247 482 1342 535 καὶ
1368 481 1516 534 θέσιν
1544 482 1778 550 ἑχόντων
1802 479 1936 551 πρὸς

321 613 327 618 ·
360 583 586 654 ἄλληλα,
623 579 782 633 τοῦτο
807 575 1175 646 λογιζομένων
1206 572 1550 627 συνεστάναι.
1587 571 1832 624 Ἐοίκατε
1855 571 1936 634 δὲ,

361 668 406 728 ὦ
437 671 713 742 γεννάδαι,
739 671 802 722 ἐκ
825 668 922 736 τῆς
954 667 1094 734 ἄγαν
1125 665 1246 718 κατ’
1271 662 1524 731 αἴσθησιν
1565 662 1940 730 σπουδαζομέ-

362 783 458 832 νης
479 766 608 832 ὑμῖν
639 758 1008 831 φυσιολογίας,
1042 757 1122 818 εἰς
1145 756 1370 825 τοσήνδε
1399 753 1501 825 τὴν
1527 752 1940 818 ἀναισθησίαν

365 851 846 920 κατασπασθῆναι.
875 849 1103 919 Ἴδωμεν
1133 849 1238 918 γὰρ
1260 847 1354 900 καὶ
1377 845 1768 917 ἀκρισέστερον
1789 844 1939 912 ὅμως

364 949 424 1000 τι
452 945 863 1012 ἀπερίγραφον
894 941 1021 1010 ύμῖν
1060 940 1177 1002 πῶς
1220 937 1543 1008 λέγεταιτῷ
1588 937 1827 1006 ὶμμερεῖ
1863 934 1938 1004 μὴ

363 1037 589 1092 δυνατὸν
620 1031 761 1088 εἶναι
793 1030 1174 1087 συντίθεσθαιο
1208 1031 1424 1100 πρῶτον
1452 1029 1548 1096 μὲν
1579 1028 1690 1098 γὰρ
1721 1026 1782 1080 τὸ
1803 1028 1940 1080 άπε-

367 1125 669 1198 ρίγραπτόν
713 1141 766 1177 τι
855 1118 1018 1180 εἶναι,
1069 1118 1517 1188 ἐπιπολαιότερον
1582 1119 1647 1170 ὲκ
1686 1114 1940 1183 τοπικῆς

364 1219 602 1288 σχέσεως
637 1216 880 1282 λέγεται*
911 1213 1020 1283 ἄρα
1043 1211 1136 1264 οὖν
1157 1212 1253 1264 καὶ
1287 1212 1353 1280 τῇ
1382 1210 1521 1264 κατᾶ
1551 1209 1719 1262 τόπον
1747 1209 1940 1259 ένώσει

363 1305 730 1378 παρεμποδὼν
767 1305 828 1357 τὸ
871 1303 1312 1372 ἀπερίγραπτον·
1345 1299 1486 1371 αὕτη
1515 1299 1571 1353 δὲ
1608 1297 1942 1368 παράθεσις

366 1399 506 1462 ἐστι,
548 1398 644 1448 καὶ
675 1395 734 1447 οὗ
760 1394 1009 1456 σύνθεσις
1027 1408 1042 1422 °
1065 1395 1114 1444 εί
1147 1393 1245 1462 μὲν
1274 1390 1367 1445 οὖν
1389 1391 1643 1460 τοιαύτην
1677 1387 1816 1442 εἶναι
1845 1389 1942 1442 καὶ

362 1485 462 1556 τὴν
501 1486 694 1538 ἕνωσιν
724 1483 820 1536 τοῦ
865 1483 1038 1551 Λόγου
1075 1483 1214 1552 πρὸς
1251 1483 1350 1551 τὴν
1387 1481 1568 1551 σάρκα
1605 1480 1784 1534 οἴεσθε
1808 1519 1823 1542 ,
1853 1480 1940 1532 ὅτι

364 1575 810 1639 ύπερεκτείνεται
830 1574 1060 1645 θατέρου
1083 1574 1144 1626 τὸ
1168 1573 1358 1644 ἕτερον
1388 1573 1770 1642 συντιθέμενον
1803 1572 1940 1624 τῶν-

361 1670 440 1734 δε,
478 1671 571 1722 καὶ
598 1669 717 1722 δέον
749 1667 825 1731 ὡς
857 1669 926 1720 τὰ
962 1665 1128 1720 διπλᾶ
1173 1666 1502 1736 καττύματα
1531 1664 1640 1717 τῶν
1679 1663 1934 1724 πεδίλων,

2040 478 2197 548 juxta
2235 479 2566 548 positionem
2609 462 2833 534 locatam
2885 482 3256 550 portiunculis
3292 462 3622 552 quibusdam

2045 569 2458 636 unitis.Adeo,o
2476 573 2580 624 viri
2601 573 2948 642 generosi,ex
2975 574 3286 629 ratiociniis
3317 575 3624 632 carissimis

2044 660 2246 715 vestris
2281 677 2404 730 quae
2435 662 2773 734 nimisjuxta
2802 679 3000 718 sensus
3019 675 3169 729 sunt,
3195 666 3254 720 in
3298 665 3504 722 hancce
3535 669 3624 722 in-

2044 751 2443 806 sensibilitatem
2482 755 2812 824 prazcipitati
2849 755 3018 809 eStisi
3073 754 3320 824 Namque
3360 766 3621 812 caeterum

2043 845 2462 899 accuratissime
2489 845 2776 901 videamus
2812 846 3088 916 quomodo
3121 846 3392 916 infinitum
3446 849 3624 916 parti--

2046 933 2150 988 bus
2179 936 2512 990 coalescenti
2545 938 2694 992 uniri
2751 951 2860 991 non
2894 953 3057 1007 posse
3097 955 3128 992 a
3173 939 3332 993 vobis
3365 939 3618 994 dicatur:

2047 1025 2285 1094 primum
2333 1026 2460 1095 quia
2511 1042 2580 1082 ex
2607 1037 2752 1082 statu
2795 1026 2954 1082 locati
2985 1028 3206 1083 tenuius
3256 1043 3378 1084 esse
3419 1029 3624 1082 dicitur

2047 1116 2344 1182 infinitum,
2379 1119 2612 1189 ideoque
2641 1120 2831 1174 unioni
2875 1121 3178 1175 secundum
3225 1121 3408 1176 locum
3451 1122 3623 1191 impe-

2047 1206 2292 1264 dimento
2324 1225 2447 1265 esse
2490 1211 2792 1275 infinitum,
2825 1212 2942 1266 haec
2961 1220 3048 1266 est
3081 1222 3264 1267 autem
3309 1215 3620 1284 juxtaposi-

2047 1297 2140 1364 tio,
2172 1317 2282 1355 non
2317 1317 2450 1357 vero
2483 1303 2642 1369 unio;
2675 1303 2722 1357 si
2754 1317 2886 1372 ergo
2939 1313 3122 1357 autem
3152 1302 3318 1357 Verbi
3343 1305 3623 1370 ,unionem

2047 1403 2172 1445 cum
2200 1406 2369 1446 carne
2400 1391 2562 1446 talem
2589 1407 2710 1446 esse
2731 1393 3040 1456 senserttis,
3073 1406 3140 1446 eo
3173 1393 3320 1461 quod
3349 1407 3518 1445 unum
3557 1408 3623 1448 ex

2047 1482 2222 1537 unitis
2243 1483 2480 1535 alterum
2509 1491 2755 1552 superat,
2799 1496 2901 1536 nec
2931 1497 3000 1536 ex
3032 1481 3250 1536 duabus
3277 1482 3624 1536 calceamen-

2049 1581 2231 1629 torum
2266 1575 2450 1638 soleis,
2487 1574 2592 1628 sibi
2640 1573 2878 1629 invicem
2917 1573 3090 1630 unitis
3140 1588 3204 1628 ac
3247 1575 3622 1645 juxtapositis,

2049 1679 2158 1719 una
2240 1665 2390 1720 solea
2480 1665 2653 1720 al:era
2685 1671 2834 1722 solea
2889 1667 3161 1720 excelsior
3185 1681 3250 1721 ac
3297 1667 3516 1738 longior
3547 1665 3626 1721 vi-

361 1763 432 1816 τά
465 1761 640 1826 οὕτως
673 1760 940 1830 ένούμενα
979 1758 1230 1829 ἀλλήλοις
1265 1758 1360 1810 καὶ
1393 1755 1823 1828 παρατιθέμενα,
1862 1755 1937 1824 μὴ

2049 1754 2158 1810 deri
2187 1755 2373 1816 debet.
2405 1765 2557 1826 patet
2615 1769 2768 1826 ergo,
2801 1755 3024 1824 hucque
3077 1756 3404 1820 devenistis,
3465 1757 3625 1813 unio-
3661 1763 3665 1773 '

363 1854 590 1924 θάτερον
611 1853 798 1922 έξέχον
830 1849 1234 1922 ἁπαιωρεϊσθαι
1280 1849 1377 1902 καὶ
1411 1845 1754 1918 περιττεύειν
1779 1842 1938 1897 θατέ-

367 1963 462 2019 ρου
489 1943 858 2014 καττύματος,
902 1941 1160 2012 πρόδηλοι
1203 1935 1296 1994 οὖν
1349 1937 1644 1994 κάντεῦθεν
1675 1935 1939 2004 γεγόνατε
1975 1959 1984 1966 -

363 2039 438 2101 ὡς
469 2038 560 2091 καὶ
608 2035 705 2108 τὴν
737 2038 934 2089 ἕνωσιν
959 2033 1056 2088 καὶ
1085 2033 1148 2087 τὸ
1174 2033 1587 2105 άπερίγραφον,
1627 2029 1688 2084 οὐ
1716 2027 1944 2098 θεοπρε-

373 2129 518 2194 πῶς,
547 2127 684 2182 ἀλλὰ
716 2126 969 2196 σώματος
1001 2125 1222 2196 μεγέθει
1256 2120 1940 2193 φαντάζεσθε,μυριόπηχύ

365 2239 420 2274 τι
463 2221 497 2290 ἢ
554 2219 743 2282 ἁπλῶς
779 2221 1147 2290 άπειρόποσον
1199 2218 1340 2271 κατὰ
1381 2216 1587 2286 μορίων
1626 2215 1748 2268 τινά
1796 2214 1943 2268 θέσιν

367 2315 503 2382 πρὸς
529 2314 717 2384 ἕτερον
747 2313 972 2366 ἔλαττόν
998 2328 1050 2364 τι
1072 2310 1234 2381 σῶμα
1257 2307 1629 2362 συνάπτεσθαι
1657 2305 1944 2376 λογιζόμε-

366 2421 468 2456 νοι.
505 2402 653 2472 Πλὴν
685 2401 808 2455 οὐδὲ
857 2401 907 2454 εἰ
935 2399 1096 2454 τοῦτο
1123 2399 1324 2462 οἴεσθε,
1356 2398 1626 2453 ἐκωλύετο
1665 2395 1732 2450 ἂν
1763 2395 1942 2448 αὐτῶν

366 2485 504 2544 εἶναι
543 2487 883 2556 παράθεσις
914 2489 1038 2542 καθ’
1061 2489 1228 2559 ὑμᾶς.
1271 2484 1546 2542 Ἐδὼκατε
1577 2489 1688 2554 γὰρ
1717 2487 1814 2540 καὶ
1849 2484 1944 2554 μέ-

367 2598 497 2654 ρους
535 2581 670 2651 πρὸς
707 2581 828 2634 ὅλον
865 2579 919 2633 τι
951 2596 1098 2642 τινος
1146 2577 1408 2648 γενέσθαι
1442 2577 1761 2642 σύνθεσιν,
1801 2577 1944 2654 ὥστε

365 2674 462 2726 καὶ
483 2671 577 2725 τοῦ
609 2671 838 2742 βραχέος
868 2669 1008 2742 πρὸς
1053 2669 1114 2724 τὸ
1161 2670 1305 2736 μέγα
1353 2671 1475 2722 ἐστὶ
1511 2667 1815 2738 παράθεσις
1839 2684 1853 2698 ·
1894 2669 1944 2721 εἰ

368 2764 425 2816 δὲ
457 2764 684 2828 εἴποιτε,
708 2764 820 2833 Ούχ
851 2763 970 2816 ὅλον
999 2762 1138 2832 πρὸς
1169 2763 1336 2832 μέρος
1367 2759 1510 2830 αὕτη
1543 2761 1662 2814 ἐστὶ
1699 2763 1730 2830 ἡ
1771 2759 1946 2830 παρά-

370 2852 518 2916 θεσις
544 2852 734 2918 ὅντως,
765 2851 878 2906 ἀλλ’
909 2854 972 2904 ὲκ
1005 2855 1206 2923 μέρους
1232 2850 1396 2904 αὑτοῦ
1427 2850 1550 2904 ὅλου
1575 2850 1716 2920 πρὸς
1737 2850 1859 2904 ὅλον
1883 2851 1945 2904 τὸ

373 2945 558 3015 μέρος,
600 2945 852 2998 σκοπεῖτε
895 2943 1044 3012 ὅμως
1094 2943 1190 2996 καὶ
1226 2942 1430 3008 οὕτως·
1479 2945 1563 2998 ὅτι
1591 2937 1668 2998 ὧν
1693 2943 1761 2996 τὰ
1799 2941 1940 3014 μέρη

2041 1861 2166 1901 nem
2184 1855 2359 1916 atque
2392 1847 2692 1914 inﬁnitum,
2724 1863 2834 1903 non
2891 1857 2952 1903 ut
2975 1849 3135 1904 decet
3156 1849 3501 1904 divinitatem
3527 1847 3623 1904 sed

2041 1940 2206 1994 modo
2229 1940 2502 2010 corporali
2551 1955 2651 1994 vos
2696 1939 3096 2011 imaginamini,
3146 1939 3358 2010 aliquid
3389 1939 3626 1994 maxime

2041 2029 2403 2100 longinquum
2437 2039 2532 2084 aut
2567 2031 2899 2100 simpliciter
2931 2032 3266 2086 immensum
3315 2031 3471 2101 juxta
3497 2045 3628 2100 par-

2045 2123 2128 2172 tes
2157 2119 2397 2188 aliquam
2426 2119 2757 2190 positionem
2787 2120 2853 2174 ad
2885 2123 3122 2176 alterum
3166 2123 3352 2177 minus
3401 2120 3628 2192 aliquod
3733 2169 3741 2176 .

2044 2225 2247 2280 corpus
2267 2211 2514 2266 additum
2546 2211 2943 2284 excogitantes.
2973 2215 3250 2280 Attamen,
3276 2214 3320 2268 si
3377 2213 3492 2270 haec
3540 2225 3628 2269 est

2045 2304 2316 2358 sententia
2350 2315 2551 2370 vestra,
2589 2305 2810 2360 illorum
2829 2306 3182 2376 juxtapositio
3225 2321 3390 2376 quam
3415 2307 3624 2371 dicitis,

2045 2409 2156 2449 non
2183 2395 2589 2464 impediretur;
2619 2397 2888 2452 docuistis
2923 2399 3070 2452 enim
3098 2408 3283 2468 partes
3303 2399 3468 2454 alicui
3527 2399 3626 2454 toti

2045 2486 2333 2558 adjunctas
2361 2489 2597 2559 alicujus
2631 2489 2889 2544 unionem
2913 2489 3052 2553 ﬁeri,
3085 2489 3160 2544 ita
3177 2491 3482 2560 utalicujus
3505 2490 3630 2546 bre-

2044 2576 2130 2630 vis
2161 2577 2228 2630 ad
2264 2577 2487 2646 aliquod
2547 2593 2803 2648 magnum
2867 2578 2962 2632 fiat
3001 2580 3374 2650 juxtapositio.
3411 2579 3468 2635 Si
3494 2595 3630 2636 vero

2045 2669 2298 2723 dixeritis
2350 2684 2460 2722 non
2523 2676 2696 2724 totum
2738 2670 2806 2724 ad
2868 2679 3078 2740 partem
3117 2671 3262 2726 hanc
3315 2685 3438 2726 esse
3495 2686 3629 2726 vero

2037 2761 2533 2832 juxtapositionem,
2569 2765 2663 2818 sed
2689 2779 2756 2818 ex
2809 2773 2964 2834 parte
2989 2764 3104 2833 ipsa
3141 2765 3309 2819 totius
3354 2763 3422 2820 ad
3458 2771 3629 2819 totam

2045 2860 2282 2920 partem,
2332 2867 2504 2906 unum
2550 2861 2608 2908 et
2657 2853 2804 2908 idem
2865 2852 3156 2924 spectatis;
3211 2854 3340 2924 quia
3389 2870 3630 2925 quorum

2046 2954 2175 2998 sunt
2201 2954 2386 3014 partes
2418 2944 2606 3009 (initae,
2639 2945 2839 2999 horum
2865 2955 2923 2999 et
2952 2955 3161 3012 totum;
3195 2946 3270 3000 ita
3305 2955 3364 3000 ut
3416 2947 3463 3002 si
3499 2948 3630 3004 huic

369 3036 741 3108 περιγραπτά,
773 3035 980 3090 τούτων
1026 3023 1234 3088 καὶ“τδ
1289 3035 1440 3090 ὅλον·
1471 3035 1613 3088 ὥστε
1655 3037 1703 3088 εἰ
1737 3035 1833 3088 καὶ
1867 3034 1940 3106 μὴ

2049 3035 2338 3105 coiitigerit
2369 3044 2430 3090 ut
2481 3037 2646 3090 alicui
2703 3037 3020 3107 particulari
3054 3053 3164 3092 non
3207 3040 3629 3110 juxtaponatur,

366 3129 504 3198 τῷδέ
539 3146 646 3183 τινι
683 3127 760 3198 τῷ
788 3130 1042 3198 ὲμμερεῖ,
1091 3127 1208 3181 ἀλλ’
1237 3127 1410 3197 ἑτέρῳ
1457 3127 1684 3196 μείζονι,
1722 3125 1834 3196 ἔχοι
1872 3125 1939 3179 ἂν

369 3222 532 3292 φύσιν
553 3219 974 3292 παρατίθεσθαι,
1009 3219 1105 3271 καὶ
1145 3219 1204 3270 τὸ
1232 3217 1327 3271 τοῦ
1353 3217 1760 3288 παρατεθέντος
1785 3217 1938 3270 θείου

373 3311 574 3381 μέρους
605 3309 746 3372 ὅλον,
797 3305 950 3360 οὐδὲν
987 3305 1098 3372 ἄρα
1131 3307 1192 3358 ἐκ
1222 3306 1322 3375 τῆς
1355 3303 1609 3374 τοπικῆς
1633 3305 1942 3377 ἁπεριγραο

369 3400 522 3470 ψίας,
553 3399 714 3470 φύσει
743 3397 1156 3470 ἀπερίγραπτον
1188 3395 1556 3468 δειχθήσεται.

453 3581 792 3654 Ἐρωτητέον
817 3582 876 3637 δὲ
909 3581 1054 3655 ὑμᾶς
1089 3581 1190 3636 ἔτι·
1222 3581 1299 3636 Τὸ
1327 3581 1710 3654 ἀπερίγραφον
1756 3581 1939 3646 τοῦτο,

370 3674 540 3745 ἤγουν
565 3675 596 3729 ό
632 3673 787 3739 Θεὸς,
821 3675 1152 3746 περιγράφει
1177 3673 1268 3728 τὸν
1300 3675 1586 3746 κόσμον,ἢ
1618 3672 1678 3727 οὔ
1703 3693 1716 3741 ς
1741 3672 1804 3726 Et
1843 3675 1942 3744 μὲν

369 3767 478 3840 γὰρ
523 3767 584 3821 ού
613 3767 971 3838 περιγράφει,
1015 3765 1140 3821 οὔτε
1186 3768 1244 3822 ὲν
1291 3765 1440 3838 αὐτῷ
1493 3767 1522 3820 ό
1575 3767 1778 3837 κόσμος
1809 3767 1940 3838 ἄρα,

369 3858 494 3913 οὔτε
531 3858 700 3922 ὄντως
729 3859 971 3912 ἐλάττων
1001 3857 1166 3912 αὐτοῦ
1209 3858 1521 3926 ἀναγκαίως
1553 3859 1902 3929 δειχθήσεται
1923 3873 1940 3890 ⁸

371 3952 466 4004 καὶ
493 3955 542 4004 τ’
568 3949 704 4004 ἄλλα
732 3949 791 4003 δὲ
819 3949 1115 4020 βλάσφημα
1140 3949 1387 4019 ἕψονται,
1423 3950 1482 4002 El
1502 3949 1558 4003 δὲ
1584 3949 1940 4022 περιγράφει,

371 4043 496 4096 ἐπεὶ
519 4042 627 4096 πᾶν
655 4041 917 4112 ὲμμὲρὲς,
955 4041 1069 4110 εἴγε
1103 4043 1531 4112 περιγράφεται,
1563 4041 1596 4112 ἢ
1635 4041 1798 4112 μέρος
1839 4041 1946 4095 ὑπὸ

375 4133 596 4204 μέρους,
625 4131 660 4202 ἢ
699 4131 775 4196 ὡς
801 4131 921 4187 ὅλον
948 4132 1053 4186 ὑπὸ
1081 4132 1227 4194 ὅλου,
1271 4131 1304 4200 ἢ
1341 4131 1417 4194 ὼς
1462 4131 1628 4202 μέρος
1661 4131 1766 4185 ὑπὸ
1797 4131 1942 4195 ὅλου,

370 4223 406 4291 ἢ
435 4223 510 4286 ὼς
538 4221 658 4276 ὅλον
680 4221 785 4275 ὕπο
817 4221 1036 4292 μέρους,
1066 4221 1488 4292 περιγράφεται·
1520 4224 1634 4286 τοῖς
1667 4223 1775 4294 γὰρ
1804 4222 1943 4293 ὑμε-

371 4313 552 4383 τέροις
581 4311 934 4384 χρησόμεθα·
968 4312 1086 4366 δέον
1133 4313 1351 4376 πάντως
1399 4314 1622 4384 ὲμμερῆ
1656 4307 1796 4368 εἶναι
1847 4315 1968 4368 καὶ·

371 4405 464 4458 τὸν
491 4403 623 4456 θεὸν
650 4403 741 4456 τὸν
774 4403 1181 4474 περιγράφοντα
1221 4403 1281 4457 τὸ
1324 4404 1800 4475 περιγραφόμενον
1842 4407 1944 4476 έμ-

377 4491 564 4563 μερές.
597 4490 786 4546 Ταῦτα
809 4491 865 4544 δὲ
890 4492 1054 4546 πάλιν
1085 4492 1201 4556 πῶς
1221 4493 1410 4562 λέγετε
1436 4493 1686 4561 γίνεσθαι
1707 4509 1722 4560 ;
1743 4494 1806 4548 Εἰ
1834 4495 1946 4567 γὰρ

373 4585 450 4648 ὡς
486 4583 649 4654 σῶμά
671 4599 724 4636 τι
755 4583 959 4654 μεῖξον,
991 4585 1050 4638 τὸ
1073 4585 1316 4647 ἔλαττον,
1353 4587 1446 4640 καὶ
1475 4585 1550 4650 ὡς
1577 4587 1627 4638 οἱ
1657 4588 1786 4650 τοὺς
1815 4604 1945 4642 καν-

375 4677 577 4748 θάρους
633 4677 714 4738 είς
763 4677 863 4738 τὰς
913 4677 1146 4746 κηρίνας
1193 4678 1432 4748 σφαίρας
1495 4678 1946 4746 κατακλείοντες,

374 4765 520 4820 οὕτω
550 4765 886 4837 περιγράφει
907 4765 1060 4834 Θεὸς,
1095 4768 1260 4830 τόπος
1289 4769 1403 4821 ἐστὶ
1445 4769 1606 4839 μόνον
1626 4769 1735 4821 τῶν
1763 4772 1822 4823 ὲν
1851 4771 1948 4824 αύ-

373 4857 474 4928 τῷ,
521 4855 616 4910 καὶ
665 4857 887 4928 συνεχές
915 4875 970 4914 τι
1001 4860 1197 4914 ποσὸν
1222 4861 1252 4912 ό
1289 4859 1441 4924 Θεὸς,
1475 4859 1638 4931 σῶμά
1666 4878 1725 4915 τε
1761 4861 1948 4932 σωμά-

374 4964 506 5010 των,
539 4947 636 5000 καὶ
665 4947 936 5020 ἐμμερὴς,
961 4951 1054 5004 καὶ
1081 4950 1354 5018 σύνθετος,
1389 4952 1482 5005 καὶ
1505 4953 1564 5005 οὐ
1601 4953 1762 5021 μόνον
1799 4954 1952 5008 έλευο

376 5038 709 5108 θερσόμενος
737 5039 1075 5104 συνθέσεως,
1115 5040 1248 5093 ἀλλὰ
1287 5043 1378 5094 καὶ
1426 5043 1742 5111 ἀναγκαίως
1777 5061 1952 5113 πεφυ·

377 5127 490 5190 κὼς
523 5127 866 5196 ἐπιδέχεσθαι
897 5127 1162 5184 σύνθεσιν.
1201 5132 1259 5183 El
1289 5132 1343 5184 δὲ
1371 5134 1545 5186 ταῦτα
1573 5136 1713 5204 μετά
1749 5137 1952 5208 πολλῆς

377 5220 479 5288 τῆς
509 5217 794 5290 βδελυρίας
837 5218 1061 5290 ἀνόητα,
1101 5219 1300 5291 ἑτέρως
1343 5219 1706 5295 περιγράφειν
1745 5227 1838 5280 τὸν
1863 5229 1947 5281 κό-

382 5328 520 5382 σμον
547 5311 748 5378 λέγοιτ’
774 5311 840 5364 ἂν
873 5313 904 5364 ό
942 5311 1098 5377 Θεὸς,
1131 5311 1162 5382 ἢ
1201 5313 1276 5376 ὡς
1313 5315 1384 5366 τὰ
1414 5314 1642 5386 σώματα
1684 5321 1954 5391 περιγράο

383 5420 567 5476 φουσι.
603 5404 692 5458 Δεῖ
723 5405 832 5476 γὰρ
865 5403 1080 5474 ἀληθῶς
1125 5407 1322 5470 εἰπεῖν,
1361 5407 1446 5460 ἴιτι
1488 5413 1822 5480 περιγράφει
1854 5413 1956 5482 μὲν

381 5513 451 5550 τα
483 5499 663 5552 πάντα
702 5496 934 5569 σώματα
970 5497 1064 5551 καὶ
1109 5495 1396 5568 ἀσώματα,
1425 5500 1522 5570 οὐχ
1562 5501 1638 5563 ὡς
1681 5501 1841 5574 σῶμα
1861 5505 1950 5558 δέ·

383 5590 762 5660 ἀπερίγραφός
783 5589 844 5666 τέ
881 5591 1050 5656 ἐστιν,
1075 5589 1173 5660 οὐχ
1203 5589 1278 5654 ὡς
1310 5589 1468 5660 σῶμα
1495 5592 1571 5664 μὴ
1601 5593 1742 5664 ἔχων
1775 5595 1864 5666 ὑφ’
1892 5591 1956 5652 οὖ

387 5680 759 5754 περιγραφείη
790 5664 1036 5754 μείζονος
1060 5680 1310 5753 σώματος
1329 5697 1343 5713 ο
1370 5684 1462 5737 καὶ
1493 5684 1568 5750 ὡς
1599 5687 1658 5740 ὲν
1685 5686 1822 5760 κενῴ
1860 5705 1960 5744 που

2045 3125 2142 3179 sed
2197 3127 2354 3180 alteri
2388 3129 2602 3198 majori,
2637 3136 2809 3182 totum
2864 3144 3085 3198 quoque
3133 3131 3482 3200 juxlapositaa
3506 3149 3636 3202 par-

2045 3213 2119 3268 tis
2167 3213 2371 3270 divina
2427 3216 2770 3286 (neutiquam
2805 3231 2950 3287 ergo
2995 3232 3064 3272 ex
3119 3219 3278 3274 locati
3337 3221 3631 3288 inﬁnitate)

2045 3306 2375 3361 naturaliter
2423 3307 2698 3362 intlnitum
2722 3307 3069 3378 probabitur.

2117 3571 2163 3626 Α
2195 3571 2352 3628 vobis
2377 3573 2780 3645 exquirendum
2807 3585 2894 3634 est
2924 3579 3109 3638 adhuc
3150 3599 3162 3636 :
3199 3581 3342 3639 Num
3373 3584 3482 3642 hoc
3507 3585 3632 3642 infl-

2047 3663 2249 3730 nitum,
2283 3681 2380 3720 seu
2416 3666 2579 3731 Deus,
2607 3669 2874 3724 mundum
2896 3669 3110 3739 definit,
3134 3677 3364 3730 annon?
3393 3677 3449 3732 Si
3479 3680 3629 3746 enim

2047 3769 2158 3812 non
2195 3757 2408 3824 deﬁnit,
2462 3775 2565 3815 nec
2596 3775 2730 3832 ergo
2777 3761 2834 3818 in
2886 3763 3008 3833 ipso
3037 3765 3311 3832 mundus,
3362 3783 3466 3824 nec
3497 3785 3630 3826 vere

2049 3851 2234 3905 minor
2261 3851 2384 3922 ipso
2449 3855 2765 3910 necessario
2822 3855 3340 3928 demonstrabitur,
3394 3863 3629 3933 aliaque

2050 3941 2411 4014 blasphemia).
2435 3956 2765 4016 sequentur.
2796 3947 2852 4006 Si
2875 3959 3061 4006 autem
3086 3951 3298 4018 definit,
3321 3971 3446 4012 eum
3480 3965 3632 4014 totus

2049 4035 2300 4106 partibus
2323 4047 2562 4104 conStet,
2581 4040 2627 4094 si
2657 4049 2836 4096 tamen
2859 4040 3143 4108 delinitur,
3168 4045 3284 4100 sive
3305 4061 3433 4115 pars
3451 4056 3629 4117 parte,

2051 4126 2168 4182 sive
2203 4129 2364 4198 quasi
2400 4138 2578 4184 totum
2625 4138 2740 4186 toto
2765 4173 2780 4197 ,
2835 4131 2952 4188 sive
2993 4135 3150 4204 quasi
3177 4151 3306 4204 pars
3336 4143 3473 4201 toto,
3513 4136 3630 4193 sive

2054 4217 2212 4286 quasi
2244 4226 2419 4274 totum
2443 4229 2622 4290 parte,
2647 4221 2948 4291 delinitur;
2974 4225 3176 4280 vestris
3194 4225 3343 4280 enim
3373 4238 3625 4297 utemur;

2053 4315 2280 4370 omnino
2327 4315 2578 4384 partibus
2625 4324 2878 4370 constare
2923 4316 3088 4372 debet
3124 4317 3308 4384 Deus,
3361 4319 3632 4375 deﬁniens

1976 4435 2022 4492 υ
2057 4406 2204 4476 quod
2233 4406 2484 4478 partibus
2515 4415 2751 4463 constat.
2786 4407 2912 4463 llaec
2956 4423 3095 4463 vero
3125 4411 3405 4478 quomodo
3436 4427 3630 4467 rursus

2055 4498 2244 4552 dicitis
2275 4497 2428 4552 fieri?
2449 4498 2504 4554 Si
2535 4499 3002 4570 quemadmodum
3034 4517 3238 4572 corpus
3269 4501 3491 4573 aliquod
3515 4519 3630 4557 ma-

2053 4603 2242 4659 gnum,
2295 4588 2518 4659 aliquod
2545 4590 2748 4654 minus,
2785 4607 2850 4646 ac
2893 4600 3150 4662 tanquam
3194 4593 3288 4664 qui
3323 4593 3632 4650 scarabaos

2053 4680 2108 4734 in
2154 4681 2330 4752 globis
2362 4682 2540 4737 cereis
2577 4683 2890 4747 includunt,
2915 4685 2995 4740 sic
3019 4685 3166 4740 Deus
3196 4686 3628 4752 circumscribit,

2050 4771 2208 4828 locus
2233 4782 2444 4829 tantum
2473 4774 2583 4829 erit
2608 4776 2696 4831 bis
2714 4791 2834 4845 quae
2860 4776 2914 4830 in
2955 4776 3076 4846 ipso
3103 4785 3254 4844 sunt,
3295 4793 3362 4832 ac
3401 4777 3628 4850 aliquod

2052 4874 2311 4934 quantum
2355 4867 2680 4922 continuum
2711 4851 2875 4934 Deus,
2894 4883 3094 4939 corpus
3113 4885 3429 4940 corporum,
3457 4871 3629 4942 parti-

2053 4955 2159 5012 bus
2194 4966 2476 5024 constans,
2501 4959 2844 5028 eompositus
2867 4999 2882 5022 ,
2914 4974 3096 5028 neque
3139 4959 3315 5013 solum
3357 4959 3630 5030 composi-

2055 5047 2222 5104 tionis
2257 5049 2539 5114 immnnis,
2581 5049 2677 5104 sed
2709 5049 2877 5104 etiam
2918 5053 3234 5106 necessario
3269 5053 3628 5124 compositio-

2053 5155 2178 5196 nem
2209 5141 2524 5197 admittens.
2587 5141 2643 5195 Si
2683 5159 2816 5197 vero
2853 5143 3021 5198 stulta
3066 5143 3182 5198 haec
3231 5125 3418 5200 multae
3444 5145 3627 5214 impu-

2053 5231 2256 5288 dentiae
2293 5235 2482 5305 juncta
2517 5235 2650 5298 sint,
2689 5235 2955 5289 mundum
2980 5235 3142 5290 aliter
3170 5236 3628 5294 circumscribere

2055 5323 2320 5379 dicendus
2368 5333 2458 5378 est
2491 5323 2636 5378 Deus
2665 5340 2829 5394 quam
2861 5325 3328 5381 circumscribunt
3356 5342 3625 5396 corpora;

2054 5429 2186 5469 vere
2211 5413 2358 5470 enim
2392 5412 2692 5468 dicendum
2726 5421 2837 5478 est,
2856 5413 3009 5468 illum
3029 5415 3254 5485 quidem
3279 5415 3626 5471 circumscri-

2056 5505 2189 5561 bere
2217 5506 2403 5562 omnia
2442 5520 2674 5576 corpora
2711 5515 2878 5576 atque
2927 5505 3314 5576 incorporalia,
3347 5521 3456 5560 non
3497 5522 3630 5564 vero

2059 5606 2121 5652 ut
2149 5611 2387 5667 corpus;
2418 5597 3036 5668 i-ncireumscriptusque
3059 5605 3166 5663 est,
3194 5611 3303 5650 non
3327 5594 3480 5666 quasi
3515 5613 3637 5652 cur-

2056 5706 2161 5764 pus
2195 5705 2308 5744 non
2344 5688 2553 5746 habens
2585 5704 2616 5744 a
2639 5704 2746 5761 quo
2779 5691 2984 5762 majore
3013 5703 3244 5760 corpore
3277 5689 3630 5748 circumscri-
