3888 6168
225 249 363 322 uti
1203 284 1208 291 ι
1308 256 1310 259 ·
1462 233 1773 305 LEONTII
1809 233 2215 300 BYZANTINI
2793 234 2805 248 ‘
3357 239 3512 308 15,13

223 373 410 436 batur,
433 378 488 428 et
514 377 772 441 umquam
793 369 850 426 in
879 369 1002 426 loco
1027 365 1267 438 quodam
1293 377 1470 420 vacuo
1497 363 1650 420 orbis
1671 360 1800 416 uni-

1911 360 2050 430 τόπῳ
2082 356 2182 412 τοῗι
2212 357 2433 423 παντὸς,
2477 355 2618 428 μέρη
2650 357 2772 411 τινὰ
2816 357 2927 412 τῶν
2957 358 3124 414 αὑτοῦ
3161 377 3510 434 rapuit»an

224 463 372 522 versi
407 463 672 533 quasdam
720 463 960 534 partium
994 470 1220 516 suarum
1253 471 1551 528 suspensas
1582 465 1796 522 tenens,

226 553 323 609 sed
356 563 614 622 tanquam
639 553 844 608 virtute
873 567 970 606 sua
991 565 1210 604 omnem
1229 557 1481 604 naturam
1505 562 1798 616 superans,

228 661 559 714 omnemque
581 645 762 700 locum
789 654 844 699 et
872 653 1086 712 tempus
1105 641 1474 707 antecedens;
1502 655 1608 694 nec
1637 639 1803 708 igitur

229 739 454 808 quidem
485 739 674 794 unitus
705 738 864 808 quasi
902 753 1104 807 corpus
1135 738 1219 792 vel
1267 736 1516 807 quaedam
1549 734 1802 790 divisibi-

229 822 299 882 iis
319 838 516 882 natura
545 829 785 892 unietur,
819 829 892 883 ita
933 837 992 881 ut
1019 827 1176 897 quasi
1213 814 1339 898 pars
1371 827 1455 881 vel
1483 835 1681 891 totum,
1711 825 1800 878 di-

227 918 466 972 visibilis
493 917 777 987 subjectus
829 927 1155 987 reputatur;
1205 917 1301 972 sed
1332 915 1800 988 quemadmodum

227 1024 336 1063 non
369 1009 684 1063 necessario
707 1009 959 1077 corporis
985 1009 1510 1078 particulariumque
1567 1007 1800 1062 verbum

229 1097 310 1152 illi
336 1097 592 1152 incubuit
617 1098 683 1152 ad
708 1098 1214 1153 Circumscribenda
1239 1111 1359 1168 qua:
1389 1098 1639 1168 partibus
1669 1114 1802 1152 con-

232 1197 398 1253 stant,
425 1189 498 1243 ita
530 1189 595 1242 ad
627 1205 685 1244 se
713 1189 1016 1244 uniendum
1049 1201 1172 1244 cum
1201 1190 1446 1253 homine,
1482 1188 1800 1260 liujusmodi

232 1280 622 1350 cogitationem
683 1279 1055 1334 adhaerentem
1099 1281 1204 1335 sibi
1237 1295 1347 1335 non
1394 1280 1580 1335 habet.
1627 1278 1802 1336 Aliter

229 1372 376 1426 enim
413 1384 516 1426 nec
545 1387 803 1442 magnum
850 1373 922 1425 ita
955 1381 1040 1426 est
1078 1373 1316 1436 inlinito,
1349 1373 1394 1428 si
1431 1388 1462 1426 a
1505 1372 1659 1427 linito
1691 1387 1800 1428 non

230 1462 754 1532 comprehenditur;
778 1462 882 1516 ho‘c
902 1463 1048 1516 enim
1074 1463 1236 1518 datur
1260 1463 1477 1532 corpori
1509 1463 1804 1518 incircums

229 1553 458 1622 scripto.
491 1552 704 1606 scilicet
740 1553 986 1620 cmicsti;
1019 1553 1117 1608 sed
1160 1555 1204 1609 si
1247 1554 1301 1607 in
1335 1555 1549 1609 minore
1581 1565 1744 1624 atque
1770 1569 1802 1609 τι

229 1658 288 1698 se
333 1643 755 1712 circumscripto
808 1643 986 1698 libere
1045 1643 1368 1714 inliniteque
1429 1654 1577 1700 totus
1629 1647 1802 1714 possit

229 1733 622 1802 comprehendi
675 1734 732 1787 in
777 1735 928 1787 nullo
975 1745 1311 1796 coarctatus.
1361 1735 1416 1790 id
1471 1735 1532 1791 ﬁt
1589 1737 1802 1791 virtute

229 1823 451 1892 quidem
472 1824 814 1878 connaturali
853 1825 1003 1879 nulla
1026 1826 1076 1879 vi
1100 1825 1374 1880 inﬁnitum
1401 1827 1804 1882 intercludente

229 1921 326 1967 aut
375 1911 862 1968 circumscﬂbente
887 1923 943 1969 ut
963 1924 1224 1985 operetur
1243 1916 1390 1986 quod
1410 1907 1667 1971 voluerit;
1692 1915 1806 1972 Hoc

229 2011 315 2058 est
339 2004 485 2058 enim
524 2005 671 2074 quod
698 2005 1022 2060 mirabiliter
1064 2006 1231 2060 nimis
1263 2006 1472 2061 dictum
1502 2014 1588 2060 est
1634 2007 1704 2060 ab
1735 2021 1805 2061 eo

230 2096 329 2165 qui
362 2096 564 2151 asserit
593 2095 661 2150 de
689 2095 911 2151 Christo
937 2097 1240 2151 secundum
1275 2113 1498 2152 carnem
1527 2116 1541 2151 :
1575 2097 1710 2163 Quia
1747 2100 1804 2152 in

230 2187 344 2256 ipso
391 2187 653 2240 inhabitat
693 2188 861 2241 omnis
896 2186 1171 2257 plenitudo
1219 2189 1510 2244 divinitatis
1548 2206 1803 2261 corpora-

233 2275 356 2330 liter
376 2277 418 2329 '.
805 2323 808 2328 .
831 2273 836 2277 ’
1463 2323 1468 2338 .

303 2367 442 2422 Male
468 2379 619 2440 ergo,
654 2382 688 2424 ο
717 2369 941 2436 miseri,
974 2363 1042 2426 de
1081 2369 1200 2440 ipso
1240 2361 1354 2426 Deo
1389 2385 1550 2426 omne
1588 2367 1803 2426 nuitum

227 2459 529 2532 judicatis,
587 2462 704 2516 sive
739 2470 799 2516 ut
845 2470 1056 2532 partem
1085 2462 1204 2516 sive
1237 2470 1298 2515 ut
1345 2469 1517 2516 totum
1556 2461 1807 2532 partibus

235 2558 498 2604 constans
538 2551 786 2620 profecto
826 2553 996 2606 uniri.
1047 2551 1368 2608 Buliiciebat
1414 2552 1582 2608 etiam
1643 2552 1808 2608 unius

236 2648 451 2694 tantum
492 2652 746 2696 errorum
793 2649 1106 2698 Vestrorum
1149 2643 1455 2698 confutatio
1485 2642 1554 2697 ad
1589 2643 1806 2698 destrux-

235 2731 474 2786 ctionem
499 2731 744 2786 omnium
769 2740 1076 2788 vestrarum
1107 2733 1498 2797 munitionum,
1531 2733 1804 2802 siquidem

237 2836 348 2876 una
390 2821 516 2876 data
542 2822 800 2888 stultitia,
855 2839 1048 2878 omnes
1086 2825 1336 2880 stultitiae
1364 2835 1694 2896 sequuntur.
1748 2824 1806 2880 Si

237 2927 370 2966 vero
403 2911 471 2967 de
497 2912 758 2968 omnibus
780 2914 982 2970 vestris
1009 2916 1484 2986 propositionibus
1503 2918 1806 2989 longiorem

1907 449 2091 522 μένος,
2123 447 2236 501 ἀλλ’
2267 448 2340 512 ὡς
2370 447 2598 518 δυνάμει
2625 450 2806 502 πᾶσαν
2836 449 2998 520 φύσιν
3031 451 3504 522 ὑπερεκπίπτων,

1902 541 2000 594 καὶ
2033 540 2234 603 παντὸς
2279 540 2446 592 τόπου
2509 543 2603 594 καὶ
2649 546 2845 612 χρόνου
2897 544 3501 614 ὑπερεξαπλούμενος·

1903 632 2027 710 οὗτε
2059 633 2189 702 γοῦν
2219 633 2328 704 ἄρα
2367 633 2748 702 συντιθέμενος
2771 635 2847 697 ὡς
2881 635 3042 705 σῶμα
3072 638 3104 708 ἢ
3135 641 3373 709 μεριστὴ
3409 649 3503 704 τις

1905 725 2070 792 φύσις
2093 725 2501 794 συντεθήσεται,
2538 726 2627 778 ἵνα
2655 725 2730 788 ὡς
2779 727 2945 796 μέρος
2986 729 3019 797 ἧ
3053 729 3197 793 ὅλον,
3225 733 3500 801 μεριστδς

1906 815 2265 884 συγκείμενος
2296 814 2681 884 λογισθήσεται
2701 833 2714 845 ·
2733 816 2850 869 ἀλλ’
2871 817 2930 871 ὅν
2961 819 3166 890 τρόπον
3188 821 3288 874 οὐκ
3317 825 3498 889 ἀναγ-

1905 907 2077 969 καίως
2117 905 2266 975 αὑτῷ
2297 908 2520 974 γέγονεν
2554 909 2582 959 ό
2623 905 2721 960 τοῦ
2757 907 3012 978 σώματος
3057 911 3216 978 λόγος
3255 915 3352 967 καὶ
3385 917 3493 984 τῆς

1903 988 2204 1068 ὲμμερείας
2255 999 2338 1062 εις
2392 998 2454 1050 τὸ
2499 994 2866 1070 περιγράφειν
2913 1001 2982 1054 τὰ
3033 1005 3274 1074 ἐμμερῆ,
3308 1005 3493 1068 οὕτως

1902 1089 2024 1141 οὐδὲ
2059 1091 2160 1152 εις,
2187 1090 2285 1160 τὴν
2323 1091 2456 1161 πρὸς
2498 1091 2786 1160 ἄνθρωπον
2828 1091 3100 1159 σύνθεσιν,
3142 1094 3240 1166 τὴν
3270 1098 3491 1152 τοιάνδε

1903 1179 2160 1235 ὑπόνοιαν
2193 1183 2534 1253 ὲπισύρεται.
2569 1184 2775 1248 Ἄλλως
2827 1186 2938 1257 γὰρ
2982 1187 3100 1239 οὐδὲ
3136 1189 3278 1256 μέγα
3307 1189 3488 1254 οὕτως

1902 1274 1980 1344 τῷ
2011 1275 2395 1347 ἀπεριγρὰφῳ,
2429 1277 2476 1328 εἰ
2521 1277 2582 1328 οὐ
2630 1281 2892 1348 χωρείται
2940 1279 3044 1332 ὑπὸ
3087 1281 3182 1334 τοῦ
3215 1299 3489 1353 περιγρα-

1903 1367 2069 1421 πτοῦ’
2106 1369 2200 1422 καὶ
2249 1368 2462 1438 σώματι
2512 1373 2623 1439 γὰρ
2673 1372 3077 1442 ἀπεριγρὰπτῳ
3107 1374 3286 1426 ἔνεστι
3333 1377 3482 1442 τόδε,

1903 1457 2070 1526 ἤγουν
2097 1458 2174 1527 τῷ
2198 1457 2455 1528 οὐρανίῳ·
2489 1459 2600 1512 ἀλλ’
2637 1460 2685 1512 ει
2721 1463 2815 1512 καὶ
2861 1463 2918 1512 ὲν
2947 1461 3027 1532 τῷ
3061 1456 3235 1532 μείονι
3267 1467 3360 1516 καὶ
3385 1482 3486 1516 πε-

1905 1546 2196 1617 ριγραπτῷ
2260 1549 2352 1600 ὑπ’
2387 1547 2554 1602 αὑτοῦ
2603 1550 2898 1614 ἀκωλύτως
2931 1546 3050 1615 ὅλος
3091 1571 3152 1606 τε
3209 1556 3304 1608 καὶ
3341 1555 3486 1608 ἀπε-δ

1832 1685 1876 1750 Β
1906 1639 2226 1711 ριγράπτως
2270 1631 2495 1694 δύναιτο
2559 1644 2810 1712 χωρῆσαι
2873 1645 2932 1697 ἐν
2995 1645 3171 1698 οὐδενὶ
3215 1662 3484 1715 στενοχω-

1919 1727 2169 1750 --_',,-_.-_
2222 1728 2369 1750 __f'_-
2417 1730 2622 1750 LNMﬂ‘A
2664 1731 2686 1750 ιι
2768 1734 2784 1750 !
2846 1749 2876 1750 κν
3150 1738 3174 1750 η
3281 1737 3293 1750 ι
3353 1739 3365 1750 θ

1909 1727 2192 1800 ροὺμενος,
2219 1728 2376 1782 τοῦτο
2410 1730 2623 1800 ἀληθῶς
2659 1731 2939 1802 δυνάμεως
2972 1738 3212 1804 φυσικῆς
3245 1737 3305 1788 τὸ
3342 1739 3474 1790 ἀπε-

1907 1818 2210 1888 ρίγραπτον
2241 1819 2418 1872 οὐδενὶ
2448 1819 2608 1890 βιαίῳ
2640 1821 3072 1892 ἁποκλειομένης
3097 1824 3190 1880 καὶ
3221 1843 3486 1896 περιγραδ

1906 1910 2148 1980 φομένης
2181 1913 2423 1982 ἐνεργεῖν
2449 1910 2478 1963 ὃ
2505 1911 2774 1981 βούλεταιι
2805 1913 2977 1967 Τοῦτο
3009 1915 3118 1984 γάρ
3151 1909 3270 1970 ἐστι
3296 1920 3388 1972 καὶ
3417 1919 3485 1972 τὸ

1905 1997 1980 2062 ὡς
2026 1999 2166 2066 ἄγαν
2218 1999 2532 2070 θαυμαστὸν
2590 2002 2880 2074 εέρημένον
2936 2005 3016 2076 τῷ
3066 2010 3303 2078 φήσαντι
3347 2011 3486 2076 περὶ

1904 2087 2143 2158 Χριστοῦ
2191 2089 2285 2142 τοῦ
2314 2092 2456 2144 κατὰ
2505 2093 2684 2162 σάρκα
2710 2127 2726 2156 ,
2769 2094 2889 2148 Ὀτι
2919 2095 2989 2149 ἐν
3015 2095 3176 2161 αὐτῷ
3219 2097 3494 2154 κατοικεῖ

1906 2177 2029 2234 πᾶν
2053 2180 2119 2235 τὸ
2149 2181 2439 2252 πλήρωμα
2459 2182 2570 2252 τῆς
2601 2187 2884 2253 θεότητος
2912 2201 3286 2257 σωματικωςε

1975 2356 2176 2424 Κακῶς
2195 2357 2309 2428 οὖν,
2341 2355 2588 2428 τάλανες,
2628 2355 2845 2430 ἀξιοῧτε
2873 2367 2972 2422 καὶ
3000 2369 3093 2424 ἐπὶ
3123 2369 3259 2426 Θεοῦ
3287 2374 3392 2425 πᾶν
3416 2373 3482 2426 rb

1908 2453 2315 2522 συντιθέμενον,
2347 2453 2380 2524 ἢ
2409 2455 2484 2518 ὡς
2521 2456 2684 2526 μέρος
2711 2457 2746 2529 ἦ
2779 2457 2854 2522 ὡς
2883 2459 3005 2514 ὅλον
3037 2463 3290 2532 μεριστὸν
3317 2464 3482 2536 δηλα-

1905 2544 1968 2612 δὴ
1996 2544 2364 2598 συντίθεσθαι.
2396 2547 2595 2616 Ἤρκει
2637 2549 2734 2616 μὲν
2763 2545 2858 2602 οὖν
2887 2552 2984 2604 καὶ
3027 2554 3156 2621 μιᾶς
3187 2553 3347 2624 μόνον
3371 2555 3481 2608 τῶν

1907 2635 2188 2708 ὑμετέρων
2229 2638 2550 2708 προτάσεων
2580 2637 2800 2708 ἔλεγχος
2834 2636 2968 2714 πρὸς
2995 2644 3318 2716 καθαίρεσιν
3343 2663 3482 2700 παν-

1905 2717 1999 2790 τὸς
2029 2719 2185 2798 ὑμῶν
2213 2727 2307 2780 τοῦ
2331 2729 2580 2800 ἐπιχειρή
2592 2740 2783 2800 ματος·
2817 2733 2980 2804 εἴπερ
3010 2733 3130 2798 ἐνὸς
3161 2737 3367 2790 ἀτόπου
3395 2738 3482 2794 δσδ

1908 2817 2114 2882 θέντος,
2142 2818 2322 2872 πάντα
2360 2821 2538 2874 ἄτοπα
2565 2821 2938 2895 ὡμολόγηται.
2984 2820 3112 2879 Ἰδοὺ
3154 2827 3210 2880 δὲ
3235 2829 3304 2882 δι’
3341 2831 3484 2884 ὅλων

1908 2902 2062 2980 ὑμῶν
2101 2907 2210 2962 τῶν
2237 2911 2578 2982 προτάσεων,
2611 2915 2658 2966 εἰ
2691 2914 2786 2968 καὶ
2811 2916 3148 2986 μακρότερον
3193 2918 3290 2972 τὸν
3321 2918 3484 2986 ἕλετο

238 3005 670 3060 confutationem
711 3007 1175 3076 protraxerimus,
1228 3008 1352 3064 ideo
1394 3010 1574 3065 omnis
1635 3011 1806 3066 vestri

1911 3019 2003 3072 χον
2051 3003 2485 3075 παρετείναμεν,
2541 3004 2893 3074 ψευδέστατον
2943 3006 3094 3076 ὑμῶν
3137 3004 3198 3060 τὸ
3257 3012 3478 3078 συμπέο

239 3097 518 3150 ratiocinii
563 3099 848 3154 conclusio
897 3099 1194 3155 l‘alsissima
1242 3101 1727 3157 demonstrabitur.
1751 3095 1810 3158 in

238 3187 417 3258 prima
437 3187 607 3254 enim,
647 3189 788 3244 male
815 3189 1174 3246 existimastis
1225 3207 1386 3247 omne
1414 3193 1630 3248 unitum
1661 3194 1812 3249 velut

228 3277 451 3348 partem
491 3287 588 3334 aut
639 3286 812 3334 totum
843 3280 1120 3338 divisibile
1163 3283 1346 3352 uniri;
1399 3285 1672 3356 siquidem
1723 3303 1812 3344 res

240 3385 352 3424 non
399 3371 474 3424 ita
501 3385 559 3425 se
593 3370 797 3426 habere
830 3372 1124 3449 probatum
1152 3373 1339 3439 fuerit,
1368 3378 1646 3443 omnibus,
1689 3393 1812 3449 qua:

241 3475 271 3514 a
299 3461 410 3516 Deo
447 3462 702 3517 ordinata
733 3473 881 3528 sunt,
926 3479 995 3519 ex
1040 3481 1150 3519 non
1187 3466 1408 3524 cutibus
1451 3469 1811 3525 subsistenti-

237 3549 363 3606 bus.
393 3551 497 3608 Sed
528 3563 584 3608 et
609 3567 838 3625 corpora
868 3570 936 3610 ex
967 3573 1068 3626 quo
1094 3566 1150 3612 et
1180 3566 1382 3626 quanto
1404 3555 1646 3629 perfecta
1684 3569 1814 3616 sunt

238 3647 672 3702 substautialiter
696 3683 712 3716 ,
764 3649 818 3703 in
857 3665 1096 3719 quorum
1147 3651 1302 3705 nullo
1354 3660 1527 3707 totum
1563 3654 1648 3708 vel
1682 3669 1812 3722 pars

238 3745 366 3792 ante
420 3738 681 3793 unionem
715 3739 960 3808 ipsorum
987 3754 1095 3795 non
1127 3749 1308 3812 potest
1336 3742 1468 3805 dici,
1502 3753 1726 3813 prapter
1745 3760 1808 3800 ea

237 3844 359 3896 qua:
384 3844 415 3883 ιι
449 3829 614 3884 nobis
662 3829 918 3900 superius
961 3829 1106 3884 dicta
1141 3839 1290 3885 sunt.
1321 3829 1575 3886 Secunda
1623 3845 1808 3889 autem

236 3930 419 3974 vestra
457 3921 764 3990 propositio
796 3930 965 3985 errat,
983 3921 1260 3978 aﬂirmans
1289 3931 1463 3978 totum
1496 3926 1564 3980 de
1597 3926 1810 3998 simpli-

236 4012 394 4066 cibus
427 4013 512 4066 vel
545 4012 778 4069 infinitis
813 4030 922 4069 non
953 4010 1064 4070 dici
1091 4027 1106 4080 ;
1141 4014 1689 4087 demonstratumque
1725 4024 1812 4075 est

236 4111 529 4172 punctum,
567 4103 860 4169 unitatem,
889 4113 1228 4160 momentum
1260 4121 1520 4176 praesens,
1548 4108 1808 4175 animam,

237 4194 420 4248 omnia
447 4194 738 4264 simplicia,
757 4202 920 4266 atque
952 4194 1324 4259 divinitatem,
1353 4199 1592 4268 propriis
1615 4199 1812 4255 distin-

245 4283 458 4354 ctisque
491 4285 718 4340 vocibus
744 4285 1024 4341 enuntiari
1115 4293 1225 4340 tota
1303 4289 1652 4360 partiumque
1687 4303 1808 4346 esse

248 4378 518 4448 expertia,
563 4375 668 4433 etsi
702 4377 1132 4450 uniuscujusque
1163 4393 1274 4434 nou
1325 4379 1398 4434 sit
1442 4379 1633 4436 eadem
1675 4381 1806 4438 sim-

245 4468 484 4539 plicitas.

313 4555 369 4610 Si
401 4571 531 4612 vero
554 4573 584 4611 a
617 4556 774 4612 vobis
805 4571 1126 4614 concessum
1175 4555 1346 4614 fuerit
1383 4561 1567 4617 omnia
1596 4562 1808 4632 simpli-

241 4648 325 4704 cia
356 4649 687 4712 necessario,
715 4648 989 4720 siquidem
1013 4652 1254 4721 partium
1279 4653 1523 4723 expertia
1549 4652 1680 4718 sint,
1706 4669 1809 4710 nec

241 4752 353 4798 tota
387 4743 498 4799 dici
533 4759 636 4798 nec
665 4735 909 4814 unquam
939 4745 996 4800 in
1019 4745 1281 4802 unionem
1303 4749 1600 4804 convenire
1626 4764 1808 4818 posse,

241 4836 482 4892 libenter
525 4853 555 4892 a
587 4837 746 4890 vobis
787 4834 1143 4908 exquire-mus
1186 4839 1462 4908 quomodo
1493 4841 1662 4910 igitur
1698 4857 1810 4897 non

241 4925 423 4978 omnia
453 4927 601 4978 entia
627 4924 778 4979 unita
803 4941 868 4981 ex
897 4925 1070 4982 unitis
1099 4925 1220 4982 ﬁeri
1251 4943 1576 4984 concessum
1609 4929 1814 4986 fuerit?

240 5006 298 5060 In
335 5004 596 5057 inﬁnitum
625 5020 840 5074 quoque
877 5007 979 5062 erit
1006 5007 1476 5078 progrediendum,
1517 5012 1560 5064 si
1600 5027 1664 5066 ex
1692 5013 1818 5066 sim-

241 5097 294 5168 pl
319 5099 388 5150 eii
413 5110 477 5150 us
512 5112 613 5150 non
648 5097 778 5152 fiant
817 5101 989 5165 unita,
1039 5099 1304 5168 siqniaiezn
1335 5103 1484 5170 juxta
1521 5116 1614 5156 vos
1637 5119 1698 5156 ex
1735 5104 1818 5158 liis

241 5206 363 5260 qum
394 5191 639 5258 partibus
665 5201 854 5245 earcnt
879 5208 982 5243 non
1021 5193 1231 5260 possint
1251 5193 1598 5261 osse,primis
1631 5197 1816 5259 nnit's,

243 5283 387 5335 unde
408 5279 572 5332 unftis
595 5278 798 5341 nescio,
826 5279 928 5332 nisi
964 5279 1198 5333 breviter
1246 5282 1400 5336 nobis
1445 5284 1818 5338 demonsttare

243 5370 545 5424 volueritis.
602 5368 706 5422 Sed
761 5379 814 5422 et
854 5370 1124 5424 inﬁnitum
1165 5373 1375 5429 ratione
1419 5375 1615 5430 infiniti
1643 5389 1694 5430 to
1724 5396 1812 5430 nni

248 5480 385 5527 esse,
431 5465 586 5532 quasi
645 5461 860 5517 [initum
911 5451 1121 5520 ratione
1175 5465 1336 5536 tiuiti,
1393 5468 1680 5540 probatum
1713 5481 1816 5536 cst,

321 5631 342 5662 ’
375 5628 594 5683 Coioss.
636 5641 694 5693 il,
722 5626 775 5682 9.

1913 3104 2099 3164 ρασμα
2123 3093 2390 3148 δέδεικται
2423 3093 2518 3148 τοῦ
2545 3095 2663 3149 ὅλου
2695 3095 3064 3166 συλλογισμοῦ.
3109 3097 3196 3149 Ἐν
3227 3098 3325 3166 μὲν
3353 3099 3468 3168 γὰρ

1909 3187 1976 3255 τῇ
2043 3183 2254 3256 πρώτῃ,
2315 3185 2502 3250 κακῶς
2548 3185 2760 3256 ἠξιοῦτε.
2809 3189 2914 3240 πᾶν
2961 3185 3341 3256 συντιθέμενον
3386 3187 3468 3250 ὥς

1913 3278 2134 3350 μέροςῆ
2167 3280 2290 3334 ὅλον
2325 3279 2582 3354 μεριστὸν
2613 3281 2985 3336 συντίθεσθαι·
3009 3281 3331 3352 ὲλήλεγκται
3361 3284 3481 3354 γὰρ

1910 3372 2008 3441 οὐχ
2045 3369 2218 3434 οὕτως
2247 3370 2438 3444 ἔχοντα
2463 3373 2528 3426 τὰ
2568 3374 2892 3445 πράγματα,
2921 3375 3076 3444 εἴπερ
3107 3375 3172 3426 ὲκ
3199 3375 3272 3445 μὴ
3307 3373 3486 3426 ὅντων

1914 3462 2201 3530 σύγκειται
2235 3465 2352 3517 τόδε
2381 3464 2443 3517 τὸ
2475 3465 2584 3518 πᾶν
2615 3465 2736 3536 θείᾳ
2771 3465 3024 3536 βουλήσει
3061 3465 3444 3536 ωναρμοσθέν
3470 3474 3486 3496 ⁸

1911 3553 2048 3606 ἀλλὰ
2083 3555 2180 3608 καὶ
2208 3555 2276 3609 τὰ
2317 3553 2548 3622 σώματα
2580 3557 2648 3609 ἐκ
2679 3556 2858 3610 ποιοῦ
2889 3565 2949 3610 τε
2979 3558 3079 3611 καὶ
3111 3557 3312 3612 ποσοῦ
3349 3575 3490 3610 κατι

1910 3645 2216 3716 ηρτισμένα
2251 3647 2400 3698 ἐστὶν
2442 3647 2738 3710 οὐσιωδῶς·
2771 3641 2846 3700 ὧν
2883 3649 2939 3701 ἐν
2973 3647 3237 3720 οὐδετέρῳ
3269 3649 3330 3702 τὸ
3363 3649 3491 3702 ὅλον

1909 3731 1944 3806 ἢ
1979 3737 2143 3806 μέρος
2173 3735 2284 3807 πρὸ
2307 3737 2405 3806 τῆς
2435 3737 2742 3801 συνθέσεως
2773 3738 2973 3802 αὐτῶν,
3006 3738 3192 3806 λέγειν
3226 3739 3490 3804 δυνατὸν,

1910 3825 1998 3880 δ;ὰ
2030 3826 2391 3896 τά.ἀνωτέρω
2421 3827 2552 3898 ἡμῖν
2588 3828 2876 3898 εἰρημέναι
2911 3829 2944 3898 ἡ
2978 3829 3036 3880 δὲ
3064 3828 3299 3899 δευτέρα
3326 3830 3489 3900 ὑμῶν

1911 3911 2173 3989 πρότασις
2212 3919 2418 3974 ἐπλάνα
2461 3921 2748 3988 φάσκουσα
2799 3919 2861 3972 τὸ
2895 3919 3016 3973 ὅλον
3051 3920 3144 3972 ἐπὶ
3179 3921 3407 3990 ἀμερῶν
3449 3915 3484 3993 ἤ

1909 4009 2311 4079 ἀπεριγράφων
2345 4008 2420 4079 μὴ
2455 4009 2714 4078 λέγεσθαι
2736 4023 2752 4038 ⁶
2802 4010 2898 4062 καὶ
2937 4009 3158 4078 ἐδείχθη
3193 4011 3257 4063 τό
3289 4027 3348 4062 τε
3387 4027 3489 4078 σηὁ

1913 4101 2081 4167 μεῖον,
2115 4101 2210 4152 καὶ
2256 4101 2288 4170 ἠ
2323 4100 2508 4170 μονὰς,
2555 4101 2653 4154 καὶ
2699 4100 2761 4154 τὸ
2807 4100 2924 4166 νῦν,
2957 4101 3053 4154 καὶ
3081 4100 3252 4170 ψυχὴ,
3286 4101 3380 4154 καὶ
3414 4103 3487 4154 τὰ

1911 4191 2062 4244 ἁπλᾶ
2092 4191 2292 4256 πάντα,
2326 4193 2422 4245 καὶ
2452 4193 2514 4246 τὸ
2544 4192 2720 4256 Θεῖον,
2758 4192 2856 4248 ὅλα
2883 4201 2943 4244 τε
2984 4190 3246 4260 λέγεσθαι
3281 4195 3339 4244 ἐν
3367 4197 3486 4254 τοῖς

1890 4282 2038 4339 ,καθ’
2073 4283 2245 4336 ἑαυτὰ
2294 4283 2494 4352 λόγοις,
2543 4283 2638 4336 καὶ
2683 4283 2862 4354 ἀμερῆ
2926 4279 3110 4348 εἶναι,
3161 4284 3208 4336 εἰ
3264 4284 3361 4337 καὶ
3407 4283 3488 4354 μὴ

1913 4375 2176 4440 ὡσαύτως
2208 4370 2442 4429 ἑκάστου
2474 4377 2624 4430 ἐστὶν
2655 4377 2689 4446 ἡ
2735 4375 2988 4447 ἀμέρειαι

1985 4549 2049 4608 Εἰ
2070 4551 2129 4608 δὲ
2159 4550 2254 4608 καὶ
2282 4549 2439 4624 ἐδόθη
2465 4555 2592 4624 ὑμῖν
2618 4553 2794 4608 πάντα
2835 4551 2904 4607 τὰ
2932 4550 3085 4606 ἀπλᾶ
3123 4544 3185 4618 ἐξ
3211 4553 3487 4624 ἀνάγκης,

1914 4649 2040 4701 ἐπεὶ
2074 4647 2260 4718 ἀμερῆ
2295 4648 2434 4712 ἐστι,
2477 4647 2616 4717 μήτε
2651 4647 2746 4700 ὅλα
2776 4645 3058 4714 λέγεσθαι,
3087 4647 3223 4714 μήτε
3248 4649 3328 4706 εἰς
3362 4646 3486 4698 σύν-

1917 4739 2067 4792 θεσιν
2106 4737 2366 4808 ἔρχεσθαι
2396 4736 2639 4802 πώποτε,
2674 4735 2844 4804 ἡδέως
2884 4737 2951 4789 ἂν
2981 4734 3262 4804 πυθοίμην
3288 4734 3447 4805 ὑμῶν
3475 4750 3486 4764 ·

1917 4825 2042 4892 Πῶς
2077 4825 2171 4881 οὖν
2221 4827 2324 4881 οὐκ
2376 4830 2440 4880 ὲκ
2488 4826 2761 4880 συνθέτων
2797 4825 3056 4894 γενέσθαι
3091 4826 3158 4880 τὰ
3201 4826 3338 4880 ὅντα
3365 4827 3496 4880 σύν-

1917 4921 2050 4974 θετα
2093 4921 2270 4974 πάντα
2307 4919 2528 4988 δοθείη;
2563 4920 2674 4972 Καὶ
2706 4917 2791 4972 ἐπ’
2819 4919 3046 4988 ἄπειρον
3090 4920 3190 4986 τὴν
3223 4920 3498 4974 ἀνάϐασιν

1917 5014 2157 5083 ποιήσει,
2191 5011 2348 5082 εἴπερ
2389 5009 2466 5080 μὴ
2509 5009 2570 5076 ἐξ
2603 5010 2788 5064 ἁπλῶν
2815 5010 2930 5063 ἐστι
2973 5012 3039 5064 τὰ
3069 5011 3324 5075 σύνθετα,
3355 5013 3500 5068 διότι

1918 5105 2018 5158 οὐκ
2051 5105 2109 5170 ἐξ
2137 5103 2360 5173 ἀμερῶν
2389 5102 2651 5156 δύνανται
2675 5098 2818 5156 εἶναι
2847 5102 2970 5156 καθ’
3002 5102 3172 5174 ὑμᾶς,
3206 5103 3316 5156 τῶν
3343 5106 3503 5176 πρὼν

1917 5215 2026 5251 των
2075 5195 2368 5260 συνθέτων,
2421 5195 2520 5248 οὐκ
2554 5190 2672 5248 οἶδα
2707 5194 2830 5248 ὅθεν
2871 5194 3261 5254 συντεθέντων,
3292 5197 3388 5250 ἐὰν
3424 5197 3504 5266 μὴ

1921 5288 2288 5358 παρελθόντες
2321 5287 2453 5356 ἡμῖν
2481 5285 2823 5356 ὑποδείξητε.
2877 5285 3041 5338 Ἀλλὰ
3073 5285 3170 5338 καὶ
3206 5283 3508 5354 “abdi-repi-

1919 5396 2126 5451 ypa‘pov
2153 5379 2230 5449 τῷ
2255 5377 2400 5448 λόγῳ
2427 5360 2523 5431 τόὖ
2549 5376 2934 5449 ἀπεριγράφου
2960 5376 3084 5432 ὅλον
3115 5373 3284 5440 εἶναι,
3312 5377 3510 5448 ὥσπερ

1921 5469 2018 5524 καὶ
2047 5471 2110 5524 τὸ
2145 5469 2526 5540 περιγραπτὸν
2558 5467 2634 5540 τῷ
2679 5467 2828 5536 λόγῳ
2859 5467 2954 5524 τοῦ
2993 5473 3395 5541 περιγραπττοῦ
3422 5469 3514 5525 δέ·

3817 34 3877 317 L
