3888 6168
279 278 420 347 Hi3

1261 273 1662 338 ADVERSUS
1703 272 2256 339 NESTORIANOS.
2287 299 2356 312 —
2381 279 2531 339 LIB.
2571 276 2624 336 Ι.

3408 275 3544 343 ιιιι

277 393 496 446 δεικται
515 405 529 422 ο
564 389 662 444 καὶ
687 386 1033 444 συντίθεσθαι
1065 381 1158 440 οὖν
1191 384 1514 456 δυνάμενον,
1557 381 1672 450 εἴγε
1693 381 1857 436 τοῦτο

1981 382 2197 454 deoque
2237 384 2386 440 uniri
2431 399 2594 456 posse
2621 423 2636 449 ,
2687 384 2942 454 quamvis
3001 387 3196 444 uniuni
3248 387 3406 446 vobis
3435 387 3548 447 hoc

280 484 418 554 ὑμῖν
451 481 604 535 δοκεῖ
642 481 948 542 συνθέσεως
986 474 1126 531 εἶναι
1167 473 1470 530 κωλυτικόν
1496 491 1509 504 ·
1539 473 1636 526 καὶ
1663 472 1746 526 ὅτι
1779 471 1857 535 ὡς

281 573 654 644 περιγράφειν
694 571 756 624 τὸ
805 569 1048 641 ἐμμερές
1083 569 1186 622 οὐκ
1241 565 1598 636 ἐμποδίζεται
1627 566 1688 618 τὸ
1717 567 1856 634 ἀμε-

284 668 401 738 ρὲς,
437 664 612 728 οὕτως
650 664 772 718 οὐδὲ
799 661 1168 725 συντίθεσθαι,
1197 662 1339 714 κατὰ
1370 659 1432 712 τὸ
1460 655 1640 727 ἐαυτῷ
1673 659 1860 728 μέντοι

282 760 506 825 οἰκεῖον,
536 757 634 810 καὶ
678 759 779 810 οὐκ
825 753 1118 826 ἐμμερῶςο
1150 751 1348 806 οὐκοῦν
1401 751 1494 804 καὶ
1546 748 1862 820 μειρακίοις

280 849 511 919 εὔδηλον
542 849 606 903 τὸ
638 847 929 918 ἀνίσχυρον
957 847 1052 900 τοῦ
1088 845 1358 916 ὑμετέρου
1391 841 1624 903 ἀσεϐοῦς
1650 858 1711 894 συ
1721 857 1863 910 μπε-

285 943 591 1014 ράσματος,
622 941 685 993 τὸ
715 939 874 1006 λέγον
895 955 909 970 ·
949 939 1066 991 Οὐκ
1095 938 1206 1008 ἀρα
1246 935 1510 1004 συνετέθη
1535 935 1562 988 6
1595 932 1728 996 Θεὸς
1757 931 1863 986 Λό-

282 1049 382 1101 γος
410 1030 489 1100 τῷ
511 1031 570 1096 ἐξ
591 1028 748 1100 ἡμῶν
770 1026 1064 1099 ἀνθρώπῳ.
1100 1025 1258 1080 Οὕτω
1293 1025 1392 1095 μὲν
1417 1019 1512 1076 οὖν
1548 1021 1680 1074 ὡσεὶ
1704 1019 1864 1090 χνοῦς

283 1119 432 1174 κατά
477 1119 774 1190 πρόσωπον
818 1117 1022 1186 ἀνέμου
1069 1114 1301 1184 ἐξεχύθη
1334 1115 1428 1172 καὶ
1469 1110 1862 1182 διεσκορπίσθη

283 1209 466 1262 ⁴πάντα
496 1207 652 1277 ὑμῶν
685 1207 752 1261 τὰ
792 1205 1129 1276 σοφίσματα,
1167 1203 1260 1257 διὰ
1295 1203 1358 1256 τὸ
1373 1205 1432 1256 ἐν
1462 1201 1693 1272 ἀπιστίᾳ
1721 1219 1864 1271 συμ-

286 1300 534 1368 παγῆναι
567 1299 660 1352 καὶ
689 1301 748 1352 ἐν
775 1295 968 1368 ἀγνοίᾳ
998 1295 1100 1364 τῆς
1129 1293 1418 1363 δυνάμεως
1450 1290 1545 1346 τοῦ
1571 1290 1717 1344 θείου
1742 1291 1866 1362 βου-

285 1392 550 1463 λήματος.
1473 1415 1479 1420 ·

370 1481 534 1548 Ἀλλ’,
561 1475 606 1536 ὧ
630 1474 799 1546 οὗτοι,
825 1480 874 1532 εἰ
903 1476 997 1532 καὶ
1029 1477 1218 1547 μηδεὶς
1241 1471 1308 1548 ἦν
1332 1477 1361 1530 6
1385 1475 1540 1543 λόγος
1569 1476 1598 1528 6
1628 1473 1866 1543 ἐλέγχων

287 1575 446 1644 ὑμῶν
473 1573 573 1643 τὴν
602 1571 856 1635 ἀτοπίαν,
881 1572 991 1641 ἀρα
1017 1587 1082 1637 γε
1113 1570 1290 1632 οὓτως
1321 1571 1524 1623 ἐννοεῖν
1557 1568 1616 1620 οὐ
1647 1568 1869 1637 φρίττο-

293 1684 416 1737 μεν,
447 1667 532 1719 ὅτι
560 1667 590 1718 6
622 1663 698 1735 μὴ
741 1663 871 1720 ὅντα
900 1661 1030 1716 τάδε
1091 1661 1163 1715 τὰ
1217 1660 1349 1714 ὅντα
1383 1663 1563 1714 πάντα
1621 1661 1716 1713 καὶ
1765 1659 1867 1722 τάς

1959 475 2182 530 obstare
2209 477 2496 542 videatur,
2541 492 2607 532 ac
2629 518 2644 541 ,
2695 479 3155 546 quemadmodum
3186 482 3327 536 nihil
3355 481 3544 539 obstat

1959 565 2094 633 quin
2115 567 2364 634 partibus
2389 574 2650 620 constans
2671 568 2922 636 partibus
2941 581 3170 624 carente
3198 572 3542 641 terminetur,

1962 655 2038 711 ita
2073 671 2177 712 nec
2209 658 2382 712 ullum
2429 659 2610 713 obstat
2637 659 2772 728 quin
2825 661 3074 728 partibus
3106 677 3302 719 carens
3348 680 3547 721 secun-

1960 747 2096 802 dum
2125 748 2272 817 quod
2301 751 2585 819 proprium
2635 757 2721 805 est
2751 749 2857 804 sibi
2883 788 2898 814 ,
2951 765 3057 804 nec
3094 753 3258 808 modo
3289 755 3546 824 partibus

1963 839 2337 893 oonstantium
2368 841 2625 907 uniatur;
2657 840 2886 895 evidens
2911 849 3144 911 estergo
3169 844 3336 898 etiam
3359 847 3518 916 junio

1962 929 2119 984 ribus
2137 930 2318 1000 impiae
2335 921 2536 986 vestra-
2553 932 2926 988 conclusionis
2943 933 3256 1006 inﬁrmitas,-
3274 935 3508 992 dicentis
3523 940 3540 992 ε

1959 1021 2080 1076 Non
2111 1037 2242 1092 ergo
2269 1023 2414 1078 Deus
2433 1023 2672 1078 Verbum
2699 1024 2910 1078 homini
2942 1025 3105 1078 alicui
3133 1041 3201 1080 ex
3229 1025 3392 1082 nobis
3424 1027 3542 1082 uni-

1965 1120 2056 1166 tus
2079 1121 2182 1167 est.
2211 1112 2303 1167 Sic
2339 1129 2472 1184 ergo
2497 1125 2559 1168 ut
2591 1115 2774 1183 pulvis
2804 1125 2932 1170 ante
2964 1115 3160 1170 faciem
3191 1117 3339 1171 venti
3381 1118 3544 1174 dissi-

1963 1213 2167 1274 pantur
2198 1219 2264 1258 ac
2291 1205 2681 1275 disperguntur
2707 1206 2892 1260 omnia
2953 1214 3137 1260 vestra
3185 1207 3558 1276 sophismata,

1964 1309 2034 1348 eo
2065 1293 2214 1362 quod
2239 1295 2293 1348 in
2323 1293 2648 1349 inﬁdelitate
2676 1296 3099 1366 ignorantiaque
3125 1297 3345 1352 virtutis
3369 1299 3542 1354 divini

1965 1385 2183 1440 consilii
2221 1386 2522 1454 composita
2556 1395 2705 1440 sunt.

2035 1476 2130 1544 At,
2156 1490 2191 1529 ο
2219 1490 2316 1529 vos
2343 1515 2358 1536 ,
2389 1477 2494 1530 etsi
2521 1477 2708 1530 nullus
2733 1485 2882 1532 esset
2911 1491 3094 1534 sermo
3132 1480 3420 1536 stultitiam
3451 1494 3538 1535 ve-

1963 1563 2134 1610 stram
2163 1555 2472 1618 confutans,
2509 1570 2686 1609 nonne
2715 1555 2787 1610 ita
2811 1559 3033 1612 credere
3058 1559 3394 1627 horreamus,
3413 1573 3537 1614 cum

1967 1645 2109 1698 Deus
2153 1661 2274 1712 qua:
2318 1659 2424 1699 non
2470 1654 2630 1699 erant
2671 1647 2857 1700 omnia
2890 1648 3211 1702 exsistentia
3241 1662 3547 1718 eorumque

287 1725 507 1810 τοιάσδε
540 1725 724 1810 αὐτων
764 1751 1048 1813 συνθέσεις
1081 1749 1320 1820 ἐξευρὼν
1355 1749 1488 1811 Θεὸς
1539 1748 1721 1810 πάσας
1773 1747 1866 1798 καὶ

1977 1751 2157 1791 omnes
2217 1735 2527 1804 hujnsmodi
2583 1738 2813 1792 uniones
2879 1739 3273 1800 adinvcnissel,
3340 1740 3543 1810 illaque

289 1849 527 1916 ποιήσας
571 1840 712 1898 εἷναί
740 1860 799 1898 τε
832 1842 996 1907 αὐτὰ,
1029 1842 1124 1897 καὶ
1151 1839 1374 1894 τοιῶσδε
1413 1836 1580 1905 εἶναι,
1605 1841 1705 1892 οὐκ
1738 1837 1866 1908 ἡδύ-ι
1900 1863 1904 1868 ·

289 1955 425 1994 νατο
467 1936 794 2008 καινοτέραν
842 1936 964 1988 τινά
1000 1935 1095 1987 καὶ
1140 1931 1577 2001 ἀναγκαιοτέραν
1615 1929 1866 1984 σύνθεσιν

289 2031 446 2103 παρὰ
485 2029 590 2092 τὰς
633 2025 984 2096 ἐγνωσμένοις
1010 2025 1143 2097 ἡμῖν
1177 2017 1272 2096 ᾖδε
1314 2021 1740 2090 προϐάλλεσθαι,
1773 2021 1867 2074 καὶ

290 2123 545 2190 ἐφευρεῖν
577 2118 776 2188 ἐαυτῷ,
815 2117 956 2187 ὑπὲρ
985 2115 1096 2169 τῶν
1137 2113 1308 2168 ὅντων
1353 2113 1546 2169 ἐαυτὸν
1583 2113 1862 2166 συνθεῖναι

288 2211 400 2266 τῶν
429 2209 600 2264 ϐντων
629 2209 740 2261 τινὶ
771 2206 1116 2278 βουλόμενος,
1143 2203 1240 2272 καὶ
1269 2207 1369 2274 τὴν
1405 2205 1574 2274 μήπω
1601 2195 1873 2273 ἐντεταγέ

294 2299 466 2370 μένην
493 2300 603 2361 τοῖς
629 2291 780 2350 οὖσιν
809 2293 1284 2365 ἐμφανίσαιςΠῶς
1313 2289 1426 2357 οὖν,
1451 2295 1503 2346 εί
1525 2294 1682 2347 τοῦτο
1705 2293 1868 2363 διαμ-

291 2389 668 2461 φιϐάλλοιμεν,
698 2388 820 2458 οὐχὶ
853 2387 949 2441 καὶ
992 2385 1063 2439 τὰ
1113 2385 1278 2440 λοιπά
1311 2385 1490 2438 πάντα
1538 2387 1648 2439 τῶν
1675 2385 1866 2449 ὄντων,

293 2482 357 2537 ἔκ
387 2497 552 2534 τινων
595 2479 1013 2552 προγεγονότων
1057 2473 1220 2540 εῖναι,
1255 2477 1484 2540 εἰκότως
1531 2475 1866 2547 δοξάσομεν;

291 2573 370 2625 Οὐ
393 2571 504 2642 γὰρ
530 2565 598 2640 ἦν
644 2569 798 2622 οὔπω
831 2583 918 2630 τις
964 2566 1284 2636 ἐγνωσμένη
1325 2566 1432 2620 τινὶ
1473 2563 1722 2628 σύνθεσις
1757 2565 1868 2618 τῶν

235 2690 250 2706 ο
289 2650 488 2715 ὅντων·
519 2661 608 2713 ὅτε
651 2659 772 2712 κατ’
807 2657 987 2730 ἀρχὰς
1029 2657 1150 2728 Θεῷ
1193 2656 1541 2728 ἐμηχανήθη.
1577 2658 1688 2711 Καὶ
1720 2657 1870 2726 ὅμως

292 2747 512 2812 οὐδενὸς
541 2748 724 2802 αὐτῶν
753 2747 946 2818 πρώην
984 2746 1160 2810 δντος,
1205 2745 1436 2817 ὕστερον
1482 2749 1732 2818 ποιήσειν
1775 2746 1869 2800 τὸν

293 2837 434 2892 Θεὸν
463 2837 534 2892 τὰ
568 2839 746 2891 πάντα
787 2836 1017 2891 σύνθετα
1055 2837 1452 2907 ὁμολογοῦμεν,
1491 2837 1632 2890 Πότε
1674 2837 1732 2891 δὲ
1777 2838 1871 2890 καὶ

296 2932 390 2983 ποῖ
417 2929 576 2992 ἄλλος
607 2929 806 2998 γέγονε
841 2927 1098 2998 κόσμοςῆ
1127 2929 1376 2998 ἐπεφάνη
1405 2929 1612 2982 τοιόσδε
1635 2928 1871 2998 Χριστὸς

1967 1841 2095 1882 esse
2161 1826 2405 1892 fecisset,
2463 1827 2666 1896 talique
2716 1829 2880 1884 modo
2937 1843 3084 1892 esse,
3139 1829 3316 1898 ipsum
3369 1829 3542 1888 fuisse

1966 1918 2325 1986 impotentem
2347 1921 2710 1974 recentiorem
2727 1921 3018 1986 quamdam
3042 1922 3326 1990 magisque
3344 1935 3540 1978 neces-

1963 2011 2166 2063 sariam
2199 2010 2452 2063 unionem
2487 2021 2682 2078 pra-ter
2715 2024 2810 2064 eas
2840 2025 2960 2079 quae
2987 2024 3020 2063 ε
3047 2011 3207 2066 nobis
3238 2019 3378 2066 notae
3412 2019 3545 2070 sunt

1965 2103 2047 2155 sic
2075 2101 2418 2165 ostendendi,
2450 2101 2666 2170 sibique
2721 2101 3127 2168 adinveniendi,
3179 2116 3345 2193 supra
3393 2104 3545 2167 entia

1970 2189 2210 2257 seipsum
2235 2193 2449 2244 cuidam
2499 2193 2706 2244 entium
2765 2194 2906 2246 uniri
2965 2189 3257 2260 volentem,
3299 2193 3546 2262 hancque

1974 2281 2235 2337 unionem
2281 2284 2460 2339 adimo
2529 2283 2832 2340 inauditam
2879 2283 3022 2340 inter
3065 2286 3213 2340 entia
3259 2285 3544 2342 revelare?

1967 2373 2256 2444 Quomodo
2289 2377 2476 2446 igitur,
2503 2375 2548 2429 si
2583 2375 2638 2428 in
2673 2375 2780 2430 hoc
2808 2375 3192 2439 immoremur,
3223 2389 3334 2428 non
3375 2375 3544 2430 etiam

1965 2467 2156 2524 omnia
2185 2467 2398 2536 reliqua
2439 2466 2688 2531 entium,
2718 2482 2786 2522 ex
2832 2466 3162 2536 quibusdam
3213 2482 3334 2523 esse
3383 2478 3549 2524 antea

1967 2556 2162 2619 factis,
2209 2557 2334 2626 jure
2365 2555 2720 2626 puta-bimus?
2767 2557 3013 2612 nondum
3055 2557 3204 2612 enim
3257 2570 3547 2627 quicquam

1969 2654 2094 2701 erat
2125 2647 2258 2700 unio
2300 2646 2511 2700 entium
2535 2645 2700 2701 alicui
2741 2655 2892 2711 nota,
2924 2647 3148 2716 quando
3181 2647 3236 2701 in
3273 2647 3551 2718 principio

1967 2736 2181 2794 creavit
2224 2737 2392 2791 Deus.
2437 2734 2688 2805 Cumque
2741 2746 2925 2792 tamen
2977 2737 3120 2794 nihil
3151 2737 3354 2794 borum
3385 2747 3550 2794 antea

1971 2835 2142 2893 esset,
2172 2836 2360 2896 postea
2388 2827 2571 2881 omnia
2596 2827 2750 2882 unita
2783 2826 3058 2882 facturum
3101 2828 3274 2882 Deum
3313 2827 3548 2884 comite;

1971 2935 2117 2974 mur.
2143 2917 2384 2985 Quando.
2397 2928 2580 2974 autem
2609 2927 2772 2988 atque
2797 2919 2891 2974 ubi
2915 2919 3060 2974 alius
3080 2919 3260 2975 factus
3281 2929 3366 2974 est
3388 2934 3553 2978 mun-

295 3017 374 3090 τῷ
411 3019 644 3089 κόσμῳ;
681 3018 852 3088 Δῆλον
887 3012 1003 3084 οὖν,
1037 3017 1119 3071 ὅτι
1163 3019 1222 3070 ἐν
1269 3019 1415 3088 ἀρχῇ
1463 3035 1524 3071 τε
1577 3019 1672 3072 καὶ
1698 3021 1762 3072 ἐκ
1796 3019 1868 3088 μὴ

1977 3010 2078 3064 dus
2107 3025 2205 3065 seu
2238 3011 2514 3066 revelatus
2547 3019 2632 3065 cst
2677 3009 2992 3080 hojusmodi
3021 3009 3278 3064 Christus
3302 3009 3554 3066 mundo?

293 3111 488 3176 ὅντων,
549 3111 694 3164 κατά
746 3109 848 3180 τὴν
898 3108 1010 3162 τῶν
1051 3109 1396 3180 Χριστιανῶν
1443 3107 1734 3161 εὐσέϐειαν
1778 3110 1873 3164 καὶ

295 3203 440 3257 κατὰ
463 3201 564 3270 τὴν
603 3199 902 3270 Ἐϐραῖκὴν
925 3197 1108 3264 δόξαν,
1140 3199 1285 3252 ποιεῖ
1307 3198 1336 3250 6
1366 3197 1502 3260 Θεὸς
1518 3197 1555 3251 ἀ
1581 3197 1831 3266 βούλεται
1853 3215 1868 3230 ο

296 3293 392 3345 καὶ
421 3291 638 3358 φύσεως
665 3289 774 3360 γὰρ
817 3287 980 3350 αὐτὸς
1011 3287 1247 3358 Ποιητής
1273 3287 1373 3349 ὢν,
1420 3287 1538 3350 πῶς
1565 3288 1628 3340 οὐ
1655 3287 1873 3342 δύναιτο

299 3377 366 3432 ἂν
393 3373 535 3430 εἶναι
558 3377 652 3430 καὶ
683 3375 792 3428 τῶν
817 3374 1067 3444 φυσικῶν
1102 3374 1392 3446 καινιστὴς
1415 3373 1764 3446 ἀθεώρητος;

915 3551 1166 3610 ΚΕΦΑΛ.
1195 3555 1273 3610 Β’.

371 3648 490 3704 Πᾶν
521 3647 618 3702 οὖν
667 3645 1050 3717 συντιθέμενον
1093 3649 1290 3719 ἑτάρῳ.
1339 3646 1716 3718 περιγραπτόν
1756 3649 1873 3702 ἐστι

301 3739 398 3794 καὶ
425 3739 690 3812 ἐμμερές,
715 3737 902 3802 καθὼς
937 3737 1187 3809 ἐδιδάχθη
1214 3737 1472 3809 ἀνωτέρω
1493 3755 1507 3770 ·
1540 3741 1650 3794 πᾶν
1679 3739 1739 3792 δέ
1771 3757 1874 3794 πε-

303 3831 604 3904 ριγραπτὸν
619 3831 715 3884 καὶ
731 3829 994 3902 ἐμμερές,
1011 3828 1350 3900 ἐτεροούσιόν
1370 3832 1486 3884 ἐστι
1501 3829 1580 3900 τῷ
1599 3830 1756 3899 ἀπλῷ
1779 3830 1874 3884 καὶ

300 3922 688 3994 ἀπεριγράφῳ.
721 3921 786 3974 Ei
812 3921 869 3974 δέ
901 3919 1082 3982 τοῦτο.
1107 3921 1170 3973 οὐ
1198 3920 1456 3992 συνετέθη
1489 3923 1518 3975 6
1536 3921 1672 3984 Θεὸς
1695 3923 1872 3990 Λόγος

299 4012 379 4085 τῷ
400 4013 458 4080 ἐξ
487 4013 644 4083 ήμῶν
689 4010 984 4082 ἀνθρώπῳ,
1012 4008 1298 4081 ὀμοούσιος
1346 4008 1422 4064 ὣν
1453 4009 1532 4081 τῷ
1561 4011 1720 4082 ἁπλῷ
1775 4011 1872 4064 καὶ

299 4105 664 4176 ἀπεριγράφῳ
683 4100 860 4172 Πατρί
877 4101 939 4172 ’ἢ
967 4099 1265 4164 συντεθεὶς,
1291 4101 1632 4171 ἐτεροούσιός
1648 4102 1766 4154 ἐστι
1796 4099 1874 4170 τῷ

300 4195 458 4266 ἀπλῷ
473 4195 566 4249 καὶ
583 4197 690 4248 ἀπε
699 4191 952 4265 ριγράφῳ
975 4192 1176 4262 Πατρὶ,
1198 4192 1336 4264 ὅπερ
1352 4191 1573 4256 ἀσεϐές.
1591 4192 1730 4246 Ἀλλ’
1751 4193 1871 4262 οὐχ,

303 4285 380 4350 ὡς
405 4285 692 4356 ἀπεφάνθη
755 4284 888 4355 παρ’
921 4281 1097 4354 ὑμῶν,
1139 4287 1248 4338 πᾶν
1276 4283 1457 4338 ὁτιοῦν
1486 4283 1874 4354 συντιθέμενον

1979 3104 2137 3159 Patet
2164 3118 2315 3174 ergo,
2351 3104 2406 3157 in
2437 3104 2708 3173 principio
2726 3117 2904 3173 eaque
2933 3119 3042 3158 non
3077 3103 3320 3167 cutibus,
3351 3118 3553 3159 secun-

1979 3194 2110 3249 dum
2131 3195 2292 3248 [idem
2315 3194 2758 3256 Christianorum
2775 3197 3194 3265 doctrinamque
3211 3197 3548 3264 hebraicam,

1979 3285 2160 3340 facere
2177 3285 2348 3339 Deum
2371 3285 2518 3354 quod
2539 3286 2826 3342 vulLCum
2853 3287 2924 3342 sit
2951 3295 3133 3341 autem
3162 3287 3276 3355 ipse
3300 3285 3549 3354 Creator,
3591 3282 3600 3288 ’

1977 3375 2257 3446 quomodo
2292 3392 2514 3445 quoque
2543 3379 2879 3432 naturalium
2918 3388 3212 3433 renovatur
3257 3377 3554 3438 invisibilis

1977 3480 2100 3522 esse
2125 3465 2426 3536 nequiret?

2273 3619 2285 3631 _
2643 3554 2798 3614 CAP.
2825 3555 2897 3614 η.

2048 3647 2220 3704 Omne
2245 3648 2412 3721 igitur
2427 3648 2576 3720 quod
2613 3649 2768 3704 alteri
2797 3651 3008 3715 unitur,
3034 3647 3246 3706 ﬁnitum
3275 3663 3556 3710 constans-

1979 3755 2086 3810 que
2145 3741 2552 3810 partibusest,
2609 3741 2763 3810 juxta
2834 3740 2980 3810 quod
3039 3742 3297 3811 superius
3341 3743 3552 3799 dictum

1978 3839 2102 3895 est;
2139 3845 2304 3886 omne
2341 3838 2523 3885 autem
2549 3829 2764 3884 [initum
2795 3830 3156 3901 partibusque
3187 3843 3448 3888 constans
3475 3835 3556 3888 al-

1980 3920 2154 3976 terius
2181 3927 2268 3976 est
2293 3921 2614 3976 substantiae
2645 3935 2712 3976 ac
2754 3921 2988 3990 simplex
3033 3931 3203 3992 atque
3237 3923 3550 3992 infinitum;

1979 4011 2027 4066 si
2058 4025 2190 4066 vero
2212 4011 2338 4076 hoc,
2369 4027 2478 4066 non
2513 4011 2702 4066 unitos
2727 4013 2977 4067 estDeus
3006 4010 3245 4069 Verbum
3285 4015 3448 4070 alicui
3485 4032 3556 4072 ex

1980 4106 2160 4170 nobis,
2197 4121 2320 4160 cum
2351 4107 2424 4161 sit
2450 4107 2942 4162 consubstantialis
2963 4107 3196 4176 simplici
3229 4109 3556 4180 inlinitoque

1981 4196 2130 4252 Patri
2160 4213 2176 4263 ;
2223 4197 2309 4252 sin
2347 4205 2537 4254 contra
2567 4199 2778 4262 unitos,
2822 4213 2930 4252 non
2965 4209 3051 4253 est
3071 4199 3556 4258 consubstantialis

1981 4289 2223 4359 simplici
2263 4289 2589 4358 inﬁnitoque
2625 4287 2796 4352 Patri,
2819 4289 2964 4357 quod
2990 4299 3073 4344 est
3097 4289 3455 4360 blasphemia.
3486 4291 3557 4346 At

305 4377 478 4446 ἑτέρῳ
504 4375 646 4430 κατά
674 4375 773 4444 τὴν
801 4375 1017 4428 atavo-3v
1043 4373 1316 4436 σύνθεσιν,
1349 4373 1729 4444 περιγραπτόν
1758 4375 1868 4426 ἐστι

1979 4395 2112 4444 non,
2139 4390 2199 4436 ut
2230 4396 2258 4434 a
2287 4380 2441 4435 vobis
2465 4379 2755 4449 probatum
2791 4388 2914 4443 est,
2962 4395 3126 4436 omne
3187 4383 3556 4453 quodcunque

303 4467 400 4520 καὶ
427 4465 691 4536 ἐμμερές,
735 4465 812 4529 ὡς
845 4464 1142 4536 ἀπεδείχθη
1195 4464 1455 4536 ἀνωτέρω
1482 4463 1703 4534 ἀληθῶς
1740 4464 1874 4535 παρ’

301 4555 480 4626 ἡμῶν,
513 4556 608 4609 καὶ
645 4557 824 4626 μάτην
861 4557 1086 4618 ἑαυτοὺς
1119 4555 1248 4626 περὶ
1275 4554 1386 4610 τῶν
1431 4553 1706 4609 ἀϐεϐαίων
1735 4554 1876 4624 πλη-

308 4649 611 4718 ροφορεϊτε.
653 4647 775 4699 Ἐπὶ
802 4647 859 4699 δὲ
892 4650 1006 4711 τοῖς
1052 4645 1499 4718 ὡμολογημένοις
1524 4645 1874 4700 κατασκευά-

305 4739 421 4804 ζειν
449 4738 615 4810 ἐτερά
655 4755 778 4792 τινα
809 4738 944 4808 πρὸς
994 4739 1268 4806 ἀπόδειξιν
1297 4737 1408 4792 τῶν
1438 4737 1728 4808 ὑμετέρων
1755 4739 1877 4790 ἐπι-

306 4830 640 4903 χειροῦντες,
695 4831 891 4883 ταυτὸν
937 4831 1244 4886 πεπόνθατε
1291 4833 1408 4894 τοῖς
1458 4829 1766 4898 οἰκοδομεῖν
1817 4831 1878 4882 ἐν

305 4919 511 4994 ἀέρι,ἥ
545 4920 784 4990 παπύρῳ
819 4921 1168 4990 στηρίζεσθαι
1199 4921 1571 4993 βουλομένοις.
1611 4921 1762 4974 Ἐπεὶ
1783 4916 1879 4974 οὖν

304 5013 372 5066 τά
401 5011 619 5066 ἐναντία
651 5011 851 5080 μᾶλλον
885 5003 961 5064 ὧν
995 5011 1266 5066 ὑπέθεσθε
1308 5010 1688 5065 ἀποδέδεικται
1721 5011 1876 5078 ἡμῖν,

303 5105 465 5175 δῆλον
499 5105 582 5158 ὃτι
621 5102 717 5156 καὶ
741 5101 811 5156 τά
838 5103 1064 5166 ἐναντία
1103 5106 1216 5166 τοῖς
1254 5104 1546 5172 ὑμετέροις
1594 5101 1880 5172 συμπεράσ-

309 5213 478 5266 σμασι
509 5195 908 5266 συναχθήσεται
930 5210 942 5223 ⁸
967 5195 1018 5247 εί
1051 5195 1158 5266 γάρ
1188 5211 1296 5247 τινι
1331 5195 1440 5248 τῶν
1463 5193 1726 5247 ἐναντίων
1749 5193 1879 5247 ἐπε-

305 5305 418 5352 ται,
449 5287 649 5359 καὶτῷ
673 5287 904 5360 ἐναντίῳ
943 5285 1098 5342 τοῦδε
1143 5283 1362 5346 πάντως
1393 5284 1456 5338 τὸ
1490 5285 1730 5340 ἐναντίον
1751 5286 1882 5355 ἕψει·

304 5395 418 5436 ται.

915 5578 1172 5633 ΚΕΦΔΛ.
1200 5577 1276 5630 I".

378 5671 494 5727 Πᾶν
531 5670 710 5726 ὁτιοῦν
760 5669 1146 5741 συντιθέμενον
1172 5667 1365 5740 ἑτέρῳ,
1401 5664 1736 5737 ἑτεροούσιόν
1762 5670 1880 5724 ἐστι
1909 5660 1915 5670 ’

1983 4472 2145 4527 alteri
2172 4471 2389 4525 unitum
2422 4471 2578 4540 juxta
2627 4471 3066 4540 qualemcunque
3103 4471 3386 4539 Imionem,
3427 4471 3556 4526 ﬁni-

1983 4571 2100 4616 tum
2131 4571 2217 4617 est
2251 4569 2620 4630 constansque
2639 4561 2910 4630 partibus,
2939 4569 3002 4615 ut
3020 4561 3307 4616 evidenter
3336 4577 3366 4616 a
3393 4563 3556 4618 nobis

1983 4651 2243 4723 superius
2263 4652 2696 4708 demonstratum
2721 4660 2826 4716 est,
2855 4653 3169 4722 frustraque
3215 4652 3553 4708 incertorum

1983 4744 2352 4813 vosmetipsos
2383 4744 2646 4800 certiores
2683 4745 2863 4800 facere
2899 4744 3570 4814 enitimini.Vosrnetipsos

1986 4837 2436 4907 comparantibus
2461 4835 2614 4892 vobis
2641 4835 2710 4889 ad
2757 4837 3050 4906 opiniones
3086 4843 3298 4890 vestras
3329 4835 3558 4890 demon—

1987 4925 2263 4990 strandas,
2299 4925 2445 4980 idem
2478 4924 2680 4980 accidit
2728 4939 2794 4980 ac
2845 4924 2899 4978 in
2950 4940 3076 4980 aere
3119 4924 3426 4987 aedificare,
3458 4935 3556 4979 seu

1987 5033 2194 5089 papyro
2221 5015 2384 5071 inniti
2413 5015 2747 5072 volentibus.
2775 5014 2911 5071 Cum
2935 5015 3103 5086 igitur
3124 5015 3397 5069 contraria
3440 5030 3556 5068 ma-

1987 5113 2071 5183 gis
2109 5111 2220 5167 illis
2244 5124 2366 5179 qua:
2390 5108 2762 5179 supposuistis
2787 5121 2816 5161 a
2843 5107 3005 5162 nobis
3025 5107 3394 5163 demonstrata
3424 5105 3556 5168 sint,

1989 5211 2140 5274 patet
2165 5201 2330 5256 etiam
2374 5199 2651 5254 contraria
2699 5199 2898 5253 vestris
2942 5195 3392 5252 conclusionibus
3435 5208 3560 5248 esse

1989 5293 2332 5367 colligenda;
2365 5293 2412 5348 si
2437 5293 2586 5348 enim
2617 5289 2836 5360 aliquod
2856 5290 3256 5345 contrariorum
3287 5285 3556 5355 sequitur,

1871 5399 1876 5405 '
1989 5386 2329 5444 contrarium
2355 5399 2574 5456 quoque
2605 5383 2836 5454 hujusce
2888 5379 3192 5437 certissime
3221 5375 3558 5434 contrarium

1987 5487 2269 5550 sequetur.
2881 5510 2890 5519 -

2656 5565 2811 5622 CAP.
2841 5565 2928 5620 111.

2061 5667 2236 5723 Omne
2293 5662 2661 5734 quodcunque
2706 5657 2865 5714 alteri
2910 5655 3124 5711 unitum
3151 5693 3166 5719 ,
3219 5645 3444 5704 alterius
3467 5659 3557 5708 est
