3954 6148
334 203 472 272 “15
1609 193 1923 258 LEONTII
1960 191 2363 256 BYZANTINI
3465 195 3612 263 ιιίε

331 309 659 370 substantiae
706 323 774 366 ac
823 308 1061 379 simplex
1114 305 1475 375 inanitusque
1501 304 1706 370 Pater;
1755 317 1919 358 omne

2029 301 2101 372 τῷ
2135 299 2295 370 ἀττλῷ
2325 299 2422 354 καὶ
2457 299 2829 372 ἀπαριγράφῳ
2877 300 3086 372 Πατρί·
3116 304 3225 356 πᾶν
3264 303 3323 358 δὲ
3347 305 3612 377 ἕτεραού-⁸

333 413 520 460 antem
548 401 780 458 alterius
817 399 1141 456 substantia:
1173 413 1240 454 ac
1267 397 1502 466 simplex
1553 393 1915 464 infinitasque

2029 409 2138 446 σιον
2166 391 2244 461 τῷ
2269 390 2428 460 ἁπλῷ
2469 393 2567 444 καὶ
2604 392 2708 444 άπε
2719 393 2972 464 ριγράφῳ
3001 395 3200 464 Πατρὶ,
3224 396 3328 450 οὐκ
3351 397 3469 451 ἔστι
3496 417 3610 452 κυ-

333 501 498 556 Pater
519 536 534 564 ,
578 513 689 552 non
722 506 807 552 est
847 494 1073 566 proprie
1101 492 1276 547 Filius
1303 489 1572 560 simplicis
1605 487 1917 558 inﬁnitique

2029 485 2154 556 ρίως
2194 485 2321 548 Υἱὸς
2343 483 2440 538 τοῦ
2470 483 2644 538 ἁπλοῦ
2678 488 2774 538 καὶ
2801 487 3186 557 ἁπεριγράφου
3216 490 3465 560 Πατρόςο
3493 494 3612 546 πᾶν

337 592 520 647 Patris
545 607 560 643 :
595 589 642 644 si
669 604 801 642 vero
829 601 993 642 omne
1015 584 1172 640 alteri
1205 583 1422 637 unitum
1452 597 1562 636 non
1583 590 1670 636 est
1695 574 1918 650 proprie

2029 578 2129 649 Ξρα
2171 577 2234 631 τὸ
2283 577 2668 648 συντιθέμενον
2701 579 2900 650 ἑτέρῳ,
2940 581 3043 634 οὑκ
3090 581 3208 634 ἔστι
3235 585 3442 653 κυρίως
3478 585 3612 648 ne;

339 681 512 736 Filius
553 677 822 746 simplicis
873 691 940 730 ac
982 673 1184 728 infiniti
1229 673 1427 736 Patris,
1467 688 1576 727 non
1607 671 1797 726 unitus
1835 681 1922 726 est

340 771 487 826 Deus
517 769 754 824 Verbum
786 766 953 822 alicui
983 781 1049 821 ex
1078 765 1260 830 nobis,
1290 779 1417 820 cum
1454 764 1529 819 sit
1561 762 1785 833 proprie
1831 760 1920 815 Fi-

339 863 449 918 lius
485 861 699 925 Patris;
743 860 828 914 sin
857 866 1051 914 contra
1077 859 1288 920 unitos,
1331 871 1442 910 non
1466 865 1552 910 est
1577 853 1799 924 proprie
1823 853 1924 907 Pa-

341 954 444 1008 tris
499 952 670 1007 Filius
722 951 869 1005 Deus
910 949 1148 1005 Verbum
1173 989 1188 1012 ,
1246 946 1392 1016 quod
1431 955 1518 1000 est
1560 943 1919 1014 blasphemia.

341 1043 678 1100 Eorumdem
709 1041 913 1096 vestris
937 1039 1365 1110 repetitionibus
1383 1037 1629 1099 adducti,
1646 1035 1924 1104 loquimur

342 1145 400 1191 et
421 1150 567 1190 nos:
603 1133 699 1188 sed
734 1147 804 1187 ne
852 1132 1012 1186 vobis
1042 1131 1352 1201 displiceat,
1404 1144 1512 1183 non
1563 1142 1727 1181 omne
1763 1125 1924 1180 alteri

345 1227 585 1288 unitum,
613 1225 844 1279 alterius
870 1233 956 1278 est
978 1223 1302 1278 substantia:
1346 1237 1414 1276 ac
1459 1220 1691 1290 simplex
1735 1217 1922 1272 infini-

347 1326 546 1386 tusque
568 1317 747 1381 Pater,
773 1330 1047 1384 omneque
1069 1323 1309 1369 vestrum
1334 1313 1548 1382 hocque
1575 1311 1923 1366 ratiocinium

349 1410 580 1470 tollitur,
599 1409 774 1478 prima
795 1409 918 1479 ejus
944 1407 1324 1478 propositione
1343 1405 1592 1469 sublata;
1621 1404 1758 1457 nihil
1777 1403 1926 1457 enim

345 1500 566 1558 adillcii
601 1500 815 1553 firmum
847 1506 1052 1563 manet,
1087 1497 1465 1552 fundamentis
1497 1496 1746 1550 funditus
1765 1510 1926 1549 ever-

349 1591 446 1646 sis.
479 1589 884 1644 Tantummodo
939 1597 1124 1644 autem
1181 1587 1328 1658 apud
1365 1587 1578 1656 seipsos
1627 1587 1924 1655 sapientes,

349 1696 491 1745 sape
521 1681 750 1734 incertis
799 1680 1012 1742 irmixi,
1065 1678 1205 1732 nihil
1262 1677 1408 1732 aliud
1457 1689 1622 1746 agere
1667 1674 1924 1728 videntur

348 1787 512 1842 quam
546 1773 601 1825 in
633 1787 772 1842 aqua
800 1771 1066 1837 scribere,
1093 1777 1364 1825 attentare
1400 1767 1602 1839 ignem,
1627 1778 1922 1835 acremque

347 1864 662 1918 verberare.

2019 669 2114 723 τοῦ
2163 669 2337 724 ἁπλοῦ
2385 672 2481 723 καὶ
2525 671 2914 742 ἀπεριγράορου
2977 674 3214 744 Πατρός.
3271 676 3333 728 Εἰ
3365 676 3438 738 ,δὲ
3494 679 3612 732 πᾶν

2023 762 2407 832 συντιθέμενον
2435 763 2612 834 ἑτέρῳ
2643 765 2744 816 οὑκ
2779 765 2896 818 ἐστι
2923 769 3130 836 κυρίως
3151 767 3277 831 Yth;
3303 769 3397 820 τοῦ
3427 769 3610 823 ἁπλοῦ

2022 853 2118 905 καὶ
2151 854 2533 923 ἁπεριγράφου
2570 855 2803 924 Πατρδς,
2828 857 2890 908 οὐ
2925 857 3184 926 συνετέθη
3217 861 3245 911 ὀ
3277 859 3408 920 Θεὸς
3431 862 3611 928 Λόγος

2022 943 2101 1014 τῷ
2131 944 2188 1010 ἐξ
2233 944 2390 1014 ἡμῶν
2443 946 2718 1016 ἀνθρώπῳ
2771 948 2980 1017 κυρίως
3036 949 3302 1021 ὑπάρχων
3350 951 3477 1016 Tib;
3505 953 3608 1008 τοῦ

2024 1035 2269 1106 Πατρός·
2301 1035 2334 1104 ἢ
2369 1036 2669 1100 συντεθεὶς,
2717 1039 2780 1092 οὐ
2816 1040 3023 1109 κυρίως
3061 1043 3301 1112 ὑπάρχει
3347 1043 3442 1096 τοῦ
3495 1048 3611 1099 Πα-

2023 1127 2152 1199 τρδς
2190 1128 2318 1192 Υἱὸς
2361 1129 2390 1182 ὁ
2424 1129 2557 1192 Θεὸς
2584 1131 2780 1198 Λόγος,
2806 1132 2949 1202 ὅπερ
2987 1134 3203 1196 ἀσεϐές.
3241 1135 3376 1196 Ταῖς
3406 1137 3608 1206 ὑμετέ-
3714 1145 3723 1153 “

2030 1235 2150 1288 ραις
2232 1218 2394 1273 πάλιν
2470 1224 2985 1292 συειπεριαγόμενοι
3054 1226 3452 1294 ταυτολογίαις,
3510 1229 3608 1280 καὶ

2025 1314 2188 1381 ἡμεῖς
2231 1328 2440 1382 φαμεν·
2485 1313 2650 1379 ’Δλλ¹,
2697 1308 2743 1368 ὦ
2789 1312 2958 1378 οῦτοι,
2990 1319 3052 1369 οὐ
3085 1319 3190 1370 πᾶν
3221 1319 3610 1389 συντιθέμενον

2027 1401 2223 1471 ἑτέρῳ,
2267 1403 2607 1472 έτεροούσιὸν
2639 1406 2758 1456 ἐστι
2797 1405 2875 1474 τῷ
2913 1405 3070 1474 ἁπλῷ
3110 1406 3205 1458 καὶ
3235 1407 3609 1478 ἀπεριγράφφ

2029 1493 2240 1560 Πατρί·
2265 1494 2362 1546 καὶ
2394 1495 2502 1558 πᾶς
2531 1495 2690 1564 ὑμῶν
2723 1497 2818 1549 καὶ
2851 1498 2880 1548 ὁ
2913 1497 3104 1568 παρὼν
3140 1499 3450 1568 ἀναιρεῖται
3480 1499 3612 1552 συλο

2028 1583 2312 1652 λογισμὸς,
2350 1587 2448 1653 τῆς
2478 1571 2706 1655 πρώτης
2733 1586 2899 1640 αὐτοῦ
2934 1588 3251 1656 προτάσεως
3277 1589 3612 1655 ἀνατραπεί-

2031 1691 2160 1745 σης·
2191 1677 2346 1730 οὐδὲν
2395 1678 2504 1748 γὰρ
2537 1680 2932 1733 ἁκατάπτωτον
2979 1681 3131 1750 μένει
3181 1681 3277 1734 τοῦ
3317 1683 3607 1754 οἰκοδομή-

2033 1784 2226 1837 ματος,
2283 1767 2394 1820 τῶν
2439 1767 2710 1839 θεμελίων
2763 1773 2828 1824 ὲκ
2879 1769 3101 1842 βάθρων
3150 1787 3500 1842 προανατετρ
3539 1787 3612 1840 μ-

2029 1857 2228 1927 μένων.
2265 1861 2326 1911 Οί
2355 1859 2413 1912 δὲ
2451 1859 2582 1931 παρ’
2614 1861 2827 1926 ἑαυτοῖς
2857 1861 2966 1915 καὶ,
2984 1862 3144 1932 μόνον
3175 1863 3449 1932 φρόνιμοι,
3480 1861 3612 1914 πολ-

348 1957 504 2021 λάκις
531 1961 645 2018 τοῖς
676 1955 955 2016 ἀϐεϐαίοις
1003 1953 1494 2025 ινιοχυριζόμενοι,
1527 1950 1682 2008 οὐδὲν
1728 1948 1918 2022 ἕτερον
1953 1949 2175 2008 δοκοῦσι
2207 1955 2407 2018 ποιεῖν,
2435 1953 2470 2026 ἢ
2499 1955 2587 2026 ἐφ’
2645 1953 2838 2021 ὓδατος
2908 1958 3164 2027 γράφειν,
3199 1959 3291 2010 καὶ
3327 1959 3470 2012 κατὰ
3499 1971 3613 2009 πυ-

349 2049 443 2120 ρὸς
471 2049 692 2114 ξαίνειν,
720 2049 813 2102 καὶ
841 2049 920 2113 εἰς
945 2046 1084 2120 ἀέρα
1109 2045 1340 2116 δαίριιν.

993 2177 1150 2238 CAP.
1198 2179 1288 2238 IV.

416 2299 594 2362 Omne
637 2297 1010 2370 quodcunque
1057 2297 1218 2352 alteri
1249 2295 1507 2360 unitum,
1561 2293 1727 2351 modo
1780 2303 1928 2351 cata-

349 2392 565 2450 chresis
597 2391 804 2446 dicitur
827 2427 842 2452 ,
904 2388 1176 2458 siquidem
1205 2386 1414 2442 dicitur
1438 2386 1612 2442 Filius
1661 2386 1926 2456 simplicis

351 2482 666 2551 inlinitique
687 2480 904 2546 Patris;
939 2495 1102 2535 omne
1151 2487 1334 2551 autem
1377 2477 1542 2532 modo
1592 2476 1928 2533 catachresis

351 2573 562 2628 dictum
585 2571 757 2626 Filius
779 2571 1048 2641 simplicis
1081 2571 1392 2640 inlinitique
1421 2569 1624 2629 Patris.
1659 2569 1926 2639 simplicis

351 2664 666 2734 inﬁnitique
688 2663 866 2718 Patris
891 2663 1112 2732 proprie
1134 2671 1393 2718 creatura
1439 2669 1544 2715 est.
1587 2658 1762 2716 Omne
1794 2673 1928 2731 ergo

350 2757 511 2814 alteri
538 2757 776 2819 unitum,
811 2755 1033 2826 praprie
1059 2763 1312 2810 creatura
1354 2762 1439 2810 est
1463 2752 1730 2823 simplicis
1750 2751 1931 2806 inﬁni-

355 2851 509 2921 tique
539 2849 752 2915 Patris;
781 2847 827 2902 si
871 2857 1054 2903 autem
1085 2847 1193 2902 hoc
1230 2846 1304 2900 ita
1349 2845 1442 2909 sit,
1477 2859 1591 2899 non
1627 2844 1819 2899 unitus
1845 2851 1932 2900 est

2647 2183 2906 2241 ΚΕΦΔΛ.
2957 2183 3034 2241 Δ’.

2103 2291 2220 2346 Πᾶν
2249 2293 2432 2348 ὁτιοῦν
2477 2296 2864 2367 συντιθέμενον
2906 2299 3103 2373 ἑτέρῳ,
3149 2302 3608 2375 καταχρηστικῶς

2031 2397 2150 2445 πως
2175 2381 2418 2450 λέγεται,
2455 2385 2616 2458 εἴπερ
2649 2389 2744 2442 καὶ
2775 2387 2994 2458 λέγεται
3020 2391 3148 2456 Υίδς
3182 2394 3279 2448 τοῦ
3309 2393 3480 2449 ἁπλοῦ
3511 2395 3608 2448 καὶ

2031 2471 2418 2546 ἀπεριγράφου
2475 2478 2724 2548 Πατρόςο
2758 2481 2866 2534 πᾶν
2920 2481 2980 2535 δὲ
3035 2483 3096 2536 τδ
3149 2485 3607 2556 κατα-χρηστικῶς

2033 2581 2150 2628 πως
2189 2565 2485 2638 λεγόμενον
2522 2568 2652 2633 Υίὸς
2702 2570 2801 2624 τοῦ
2855 2572 3030 2628 ἁπλοῦ
3089 2577 3186 2630 καὶ
3227 2578 3642 2648 ἁπεριγράφουο

2033 2657 2268 2728 Πατρδς,
2301 2659 2510 2730 κυρίως
2541 2660 2750 2732 κτίσμα
2774 2663 2868 2717 τοῦ
2899 2664 3070 2720 ἁπλοῦ
3109 2669 3207 2721 καὶ
3227 2669 3604 2741 ἀπεριγράφου

2034 2749 2247 2820 Πατρὸς
2277 2751 2537 2824 ὑπάρχει.
2569 2755 2689 2809 Πᾶν
2731 2752 2825 2810 οῦν
2860 2758 2970 2828 ἄρα
2999 2759 3386 2830 συντιθέμενον
3412 2763 3606 2834 ἑτέρῳ,

2034 2843 2244 2914 κυρίως
2274 2838 2484 2916 κτίσμα
2514 2845 2613 2899 τοῦ
2643 2847 2814 2901 ἁπλοῦ
2845 2850 2936 2903 καὶ
2967 2850 3354 2920 άπεριγράφου
3391 2853 3608 2924 Πατρδς

353 2944 502 3002 Deus
524 2942 692 2998 alicui
721 2957 788 2996 ex
815 2941 1000 3006 nobis,
1021 2955 1146 2995 cum
1169 2940 1241 2994 sit
1273 2937 1520 2994 omnium
1559 2935 1790 2993 Creator
1829 2951 1923 2992 nec

2033 2933 2289 3004 ὑπάρχει.
2327 2935 2391 2990 El
2437 2936 2496 2990 δὲ
2527 2938 2685 2992 τοῦτο
2733 2936 2787 3012 ᾖ,
2813 2939 2873 2991 οὐ
2909 2938 3172 3009 συνετέθη
3204 2942 3232 2993 ὁ
3271 2941 3407 3005 Θεὸς
3433 2943 3514 3011 τῷ
3543 2942 3607 3008 ἐξ

351 3048 605 3093 creatura
625 3035 834 3098 Patris;
859 3035 944 3090 sin
965 3043 1160 3092 contra
1185 3032 1394 3093 unitus.
1419 3039 1671 3087 creatura
1695 3038 1780 3086 est
1805 3030 1931 3087 sim-

351 3129 514 3201 plicis
550 3144 615 3184 ac
649 3126 870 3190 infiniti,
895 3142 1000 3182 nec
1018 3125 1241 3197 proprie
1265 3125 1456 3190 Filius,
1490 3122 1639 3194 quod
1660 3132 1747 3179 est
1775 3123 1930 3179 blas-

353 3221 598 3292 phemia.
629 3217 742 3272 Non
773 3219 1162 3272 demonstratis
1187 3217 1384 3272 veSIris
1401 3216 1766 3271 axiomatibus
1788 3229 1932 3270 sem-

355 3327 454 3383 per
481 3325 753 3380 opponere
779 3309 1056 3364 afﬁrmant
1084 3309 1403 3378 simpliciter
1420 3310 1658 3377 aiiquam
1681 3307 1932 3378 proposi-

357 3405 560 3462 tionem
578 3404 846 3472 ipsorum.
862 3403 1122 3458 Asserunt
1141 3413 1323 3456 autem
1351 3401 1409 3454 af
1410 3401 1794 3464 lirmationcm,
1814 3403 1936 3454 nu'-

349 3487 440 3542 lus
463 3503 595 3558 ergo
627 3488 784 3540 labor
810 3495 897 3539 est
926 3483 1348 3539 contradicenti.
1381 3481 1562 3540 Prima
1585 3487 1742 3536 erant
1767 3493 1932 3548 gene-

351 3592 474 3633 rose
491 3575 817 3647 proferenda
833 3576 1010 3641 vobis,
1028 3590 1096 3630 ne
1108 3573 1350 3629 secunda
1365 3573 1604 3644 turpiter
1619 3570 1926 3635 inferretis;

349 3683 476 3724 cum
492 3672 638 3724 cnim
657 3669 711 3722 in
729 3669 922 3738 primis
936 3666 1218 3723 sententia:
1228 3677 1426 3721 vestrae
1445 3664 1709 3721 radicitus
1722 3678 1930 3719 eversa:

349 3760 552 3825 forent,
604 3761 834 3816 stultum
881 3759 1168 3815 videretur
1199 3757 1268 3812 de
1311 3754 1572 3812 secundis
1604 3755 1927 3824 plerumque

345 3853 510 3908 vobis
560 3851 922 3921 respondere,
965 3849 1240 3918 siquidem
1285 3848 1470 3903 omnia
1514 3856 1714 3909 vestra,
1756 3845 1926 3900 etiam

348 3945 543 4008 hocce,
567 3943 858 3996 ratiocinia
889 3941 940 3994 vi
971 3940 1160 4010 prima}
1179 3949 1376 3994 vestra:
1399 3937 1626 3994 rationis
1644 3937 1921 3992 nituntur.

346 4037 622 4095 Caeterum
649 4041 834 4088 autem
865 4047 991 4088 cum
1028 4045 1172 4086 unus
1205 4037 1415 4085 tantum
1461 4029 1532 4084 sit
1569 4043 1735 4084 verus
1753 4029 1926 4084 Filius

350 4127 569 4184 infinito
599 4125 748 4182 Patri
811 4123 1040 4195 ipseque
1081 4123 1154 4178 sit
1185 4121 1396 4188 unitos,
1427 4120 1704 4192 quomodo
1735 4120 1926 4176 catho—

350 4219 470 4274 lica:
489 4218 756 4274 doctrina;
773 4212 1264 4270 demonstrandum
1289 4219 1454 4274 esset,
1481 4225 1591 4266 non
1619 4210 1762 4266 nniri
1783 4209 1923 4265 filios

347 4310 570 4381 proprie
603 4307 783 4364 dictos
809 4306 1034 4371 infiniti,
1073 4320 1172 4360 seu
1203 4303 1352 4366 fidei,
1375 4318 1594 4375 omnem
1621 4301 1818 4358 Filium
1845 4301 1923 4357 in-

349 4401 512 4466 ﬁniti,
536 4414 662 4456 cum
686 4400 758 4454 sit
787 4397 1030 4469 proprie,
1058 4412 1168 4452 non
1208 4411 1330 4451 esse
1361 4395 1618 4451 unitum?
1648 4394 1763 4450 Etsi
1793 4399 1922 4464 spe-

348 4492 530 4557 cialia,
555 4491 624 4546 de
653 4491 857 4561 quibus
885 4505 988 4544 nec
1015 4489 1231 4558 species
1257 4503 1363 4543 nec
1386 4503 1560 4558 genus
1603 4493 1708 4551 est,
1743 4487 1924 4541 σαιίιοι

349 4581 449 4638 lico
484 4581 912 4639 demonstranda
937 4581 1089 4646 sint;
1137 4579 1410 4650 siquidem
1443 4593 1605 4634 omne
1633 4593 1837 4648 corpus
1864 4578 1921 4632 in

347 4674 471 4730 loco
497 4683 602 4738 est,
635 4674 835 4729 caelum
871 4686 1092 4742 quoque
1132 4671 1300 4742 igitur
1325 4677 1412 4726 est
1451 4670 1508 4724 in
1539 4671 1683 4736 loco,
1716 4677 1774 4728 et
1814 4670 1923 4725 hoc

350 4763 407 4819 in
436 4764 730 4822 infinitum.
764 4764 900 4821 Cum
929 4763 1098 4820 etiam
1151 4762 1364 4817 nullum
1409 4771 1618 4817 astrum
1677 4761 1918 4818 interdiu

350 4855 444 4917 sit,
486 4871 590 4911 nec
618 4856 848 4914 lucifer.
883 4855 1016 4910 licet
1054 4853 1221 4910 certis
1254 4842 1596 4923 temporibus
1633 4857 1916 4921 appareat.

348 4945 486 5001 Cum
509 4946 674 5000 etiam
701 4947 911 5001 nullum
949 4955 1213 5015 punctum
1247 4959 1476 5014 usquam
1529 4942 1602 4997 sit
1630 4941 1686 4996 in
1735 4940 1919 4996 medio

348 5035 578 5097 circulo,
618 5050 720 5090 nec
759 5051 890 5104 ergo
921 5044 1192 5092 centrum.
1228 5034 1515 5100 Quomodo
1566 5046 1787 5101 quoque
1820 5045 1918 5100 ap-

348 5125 544 5198 pellari
572 5125 780 5178 vellent
803 5125 1059 5179 unionem
1084 5140 1208 5179 cum
1232 5122 1494 5177 filiationo
1527 5129 1634 5173 tam
1657 5119 1916 5181 mirabili,

347 5219 466 5274 sive
500 5217 721 5287 proprie
760 5216 928 5280 dicta,
957 5218 1072 5271 sive
1116 5215 1279 5270 modo
1311 5212 1646 5269 catachresis
1673 5214 1696 5266 ?
1719 5211 1918 5280 Quales

348 5309 498 5366 cnim
519 5307 688 5379 quali,
713 5316 771 5362 et
786 5315 1049 5377 quantum
1070 5315 1296 5378 quanto,
1315 5313 1552 5376 quantus
1569 5312 1751 5359 autem
1776 5302 1916 5374 Cyro

351 5401 560 5465 unitos,
593 5399 839 5470 lapisquc
863 5399 1034 5470 ligno.
1073 5398 1214 5454 Num
1245 5397 1503 5468 quoniam
1549 5394 1715 5450 modo
1763 5402 1915 5449 cata-

347 5491 560 5549 chresis
585 5489 756 5546 Filius
795 5500 900 5556 cst,
925 5489 1122 5548 infiniti
1150 5499 1234 5546 est
1261 5489 1452 5544 imitus
1473 5529 1490 5552 ,
1531 5488 1616 5543 vel
1655 5486 1913 5558 quoniam

346 5597 452 5639 nec
491 5583 654 5641 modo
687 5584 1039 5654 catachresis,
1068 5599 1168 5640 nec
1204 5583 1424 5654 proprio
1479 5578 1679 5636 modo?
1723 5578 1778 5635 Si
1811 5593 1912 5633 au-

2037 3025 2197 3097 ήμῶν
2237 3025 2534 3098 ἀνθρώπῳ,
2556 3029 2786 3097 Κτίστης
2813 3029 3070 3100 ὑπάρχων
3099 3029 3196 3090 τοῦ
3247 3032 3468 3097 παντὸς,
3500 3035 3596 3085 καὶ

2034 3115 2098 3169 οὐ
2145 3115 2353 3187 κτίσμα
2385 3117 2481 3172 τοῦ
2527 3120 2773 3190 Πατρός·
2816 3119 2852 3191 ἢ
2889 3119 3182 3184 συντεθεὶς,
3226 3123 3435 3192 κτίσμα
3479 3122 3600 3175 ἐστὶ

2033 3205 2132 3260 τοῦ
2159 3207 2336 3262 ἁπλοῦ
2385 3210 2480 3263 καὶ
2522 3211 2931 3282 ἀπεριγράφου.
2966 3213 3062 3265 καὶ
3087 3213 3190 3284 οὐχ
3213 3213 3343 3276 Υίδς
3372 3215 3606 3284 κυρίως,

2034 3296 2170 3368 ὅπερ
2215 3298 2432 3362 ἀσεϐές.
2485 3300 2610 3365 Τοῖς
2660 3301 3072 3366 ἀναποδείκτοις
3114 3305 3270 3374 ὑμῶν
3303 3305 3612 3375 ἀξιώμασιν

2034 3389 2124 3442 ἀεὶ
2174 3391 2506 3444 ἀντιτιθέναι
2552 3395 2970 3462 καταφάσκουσι
3008 3396 3107 3466 μὲν
3137 3397 3326 3460 ἁπλῶς
3359 3415 3480 3452 τινα
3512 3398 3612 3470 τὴν

2033 3479 2311 3551 ἀπόφασιν
2355 3483 2564 3536 αὐτῶνθ
2615 3484 3000 3554 ἀποφάσκουσι
3032 3487 3090 3541 δὲ
3128 3487 3226 3558 τὴν
3275 3492 3604 3558 κατάφασιν,

2033 3571 2206 3635 κόπος
2243 3572 2342 3642 μὶν
2373 3574 2550 3638 οὐδεὶς
2595 3574 2676 3648 τῷ
2703 3577 3061 3648 άντιλέγοντι.
3095 3581 3225 3634 Δέον
3257 3582 3313 3636 δὲ
3347 3577 3418 3654 ἢν
3441 3580 3605 3652 ὑμᾶς,

2031 3662 2103 3716 τὰ
2144 3664 2340 3734 πρῶτα
2385 3665 2654 3734 γενναίως
2697 3669 3125 3739 προϐάλλεσθαι,
3155 3672 3242 3726 ἵνα
3271 3673 3454 3744 μὴ’τὰ
3492 3673 3608 3727 δεύει

2033 3771 2167 3828 τερα
2203 3755 2416 3829 σαθρῶς
2451 3760 2749 3832 ἐπιφέρητε
2772 3777 2786 3792 ο
2814 3764 2938 3816 ἐπεὶ
2974 3762 3083 3834 γὰρ
3113 3766 3170 3817 ἐν
3215 3767 3331 3828 τοίς
3369 3765 3606 3837 πρώτοις

2031 3847 2099 3901 ὲκ
2121 3847 2288 3918 ῥιζῶν
2320 3851 2728 3922 ἀνατέτραπται
2747 3855 2818 3908 τὰ
2849 3853 3113 3925 ὑμέτερα,
3141 3855 3306 3926 λῆρος
3338 3857 3408 3911 ἂν
3435 3858 3602 3922 δόξειε

2032 3938 2164 4010 περὶ
2205 3939 2314 3992 τῶν
2361 3939 2632 4011 δευτέρων
2677 3944 2772 3996 ἐπὶ
2818 3945 3076 3999 πλεῖστον
3122 3946 3252 4016 ὑμῖν
3298 3947 3601 4018 ἀποκρίνα-

2031 4029 2176 4092 σθαι,
2217 4033 2436 4087 πάντων
2473 4033 2631 4104 ὑμῶν
2664 4034 2774 4087 τῶν
2806 4036 2970 4106 μέχρι
2994 4037 3094 4090 τοῦ
3125 4039 3392 4109 παρόντος
3417 4039 3602 4092 συλλο-

2029 4123 2268 4193 γισμῶν,
2301 4127 2368 4196 τῇ
2411 4125 2507 4179 τοῦ
2539 4126 2762 4195 πρώτου
2799 4129 2952 4198 ὑμῶν
2982 4131 3410 4202 ἐπιχειρήματος
3434 4132 3598 4188 owi-

2033 4228 2122 4280 μει
2162 4213 2694 4284 ὲπιστηριζομένωνι
2731 4217 2943 4282 Ἄλλως
2987 4219 3042 4272 δὲ
3090 4221 3208 4283 ἑνὸς
3241 4217 3392 4286 ὄντος
3438 4223 3600 4293 μόνον

1954 4282 2160 4380 Divos
2209 4282 2446 4375 ἀληθοῦς
2479 4282 2557 4374 τῷ
2593 4309 2696 4362 ἀπε
2709 4310 2963 4381 ριγράφῳ
2993 4311 3168 4384 Πατρὶ
3191 4282 3300 4366 τοῦ
3339 4282 3450 4366 καὶ.
3474 4329 3600 4368 συν-

2023 4393 2294 4458 τεθέντος.
2333 4396 2453 4460 πῶς
2490 4399 2608 4452 ἐστι
2647 4399 2734 4452 διὰ
2784 4401 3086 4469 καθολικῆς
3125 4403 3452 4472 ἀποφάσεως
3490 4403 3601 4458 δει-

2025 4485 2228 4548 κνύειν,
2249 4487 2332 4540 ὅτι
2357 4489 2419 4541 οὖ
2456 4490 2794 4545 συντίθενοάι
2827 4493 2877 4544 οί
2904 4491 3110 4564 κυρίως
3145 4495 3252 4548 υἱοὶ
3279 4495 3376 4548 τοῦ
3407 4497 3600 4566 ἀπερι-

2023 4576 2262 4647 γράφου,
2294 4579 2329 4650 ἢ
2359 4579 2447 4632 διὰ
2480 4582 2841 4650 καταφάσεως
2871 4583 2954 4636 ὃτι
2987 4585 3096 4647 πᾶς
3125 4584 3253 4648 Υἱὸς
3278 4587 3372 4639 τοῦ
3401 4589 3599 4657 ἀπερι-

2023 4666 2263 4737 γράφου,
2313 4669 2518 4740 κυρίως
2566 4669 2663 4734 dii,
2713 4673 2809 4724 καὶ
2846 4672 3142 4738 saevom;
3184 4677 3368 4741 ὲστινς
3397 4675 3460 4727 El
3487 4675 3600 4744 γὰρ

2025 4759 2122 4812 καὶ
2149 4761 2218 4813 τὰ
2257 4760 2440 4824 ἱδικῶς
2470 4761 2620 4828 ὄντα,
2647 4763 2732 4830 ἐφ’
2765 4757 2840 4818 ὧν
2871 4765 2972 4819 οὒκ
3003 4765 3158 4818 ἐστιν
3187 4761 3325 4832 εἶδος
3355 4766 3390 4838 ἢ
3417 4768 3594 4832 γένος,

2024 4849 2112 4903 διὰ
2128 4850 2238 4906 τῶν
2269 4855 2531 4908 καθόλου
2565 4853 2832 4910 δεικτέον·
2866 4856 2989 4909 trra!
3019 4859 3129 4910 πᾶν
3153 4858 3314 4927 σῶμα
3341 4861 3397 4910 ἐν
3423 4859 3592 4928 τόπῳ,

2025 4943 2121 4996 καὶ
2146 4942 2175 4995 ὀ
2204 4944 2433 5015 οὐρανὸς
2478 4945 2588 5014 ἄρα
2629 4948 2688 5000 ὲν
2733 4945 2908 5019 τόπῳ,
2937 4949 3032 5002 καὶ
3077 4947 3197 5002 τόδε
3233 4949 3321 5002 ἐπ’
3345 4951 3590 5021 ἄπειρον.

2026 5031 2138 5085 Καὶ
2169 5033 2294 5086 ἐπεὶ
2337 5033 2493 5086 οὐδὲν
2519 5035 2718 5104 ἄστρον
2748 5037 3118 5107 ήμεροφανὲς,
3143 5037 3266 5090 οὐδὲ
3304 5040 3336 5092 ὀ
3376 5039 3597 5106 φωσφό-

2027 5138 2141 5190 ρος,
2175 5121 2354 5174 καίτοι
2382 5122 2527 5177 κατὰ
2555 5125 2776 5190 πλείους
2804 5125 2959 5198 ὤφθη
3008 5129 3255 5200 καιρούς.
3308 5130 3417 5183 Καὶ
3472 5129 3594 5182 ἐπεὶ

2021 5210 2252 5281 οὐδεμία
2278 5213 2482 5282 στιγμὴ
2519 5215 2580 5280 ἐν
2617 5215 2694 5284 τῷ
2722 5233 3007 5288 μεσετατῳ
3039 5219 3218 5288 πάντη
3240 5218 3336 5273 τοῦ
3369 5220 3590 5284 κύκλου,

2022 5302 2132 5356 οὐδ’
2155 5303 2266 5372 ἄρα
2293 5303 2354 5357 τὸ
2373 5306 2598 5376 κέντρον
2616 5322 2632 5339 ο
2665 5308 2789 5361 τίνα
2831 5308 2888 5362 δὲ
2914 5311 3007 5363 καὶ
3037 5309 3244 5364 θέλοιεν
3271 5311 3416 5382 ἔχειν
3437 5314 3593 5381 λόγον

2025 5391 2278 5457 σύνθεσις
2322 5395 2464 5466 μετὰ
2511 5397 3238 5470 υἱότητοςάγχιπυστάτου,
3269 5401 3382 5456 εἴτε
3407 5402 3591 5474 κυρία.

2021 5484 2128 5537 εἴτε
2166 5490 2617 5557 καταχρηστικής
2650 5489 2803 5543 ποιδν
2833 5490 2944 5562 γὰρ
2975 5492 3137 5563 ποιῷ,
3171 5494 3266 5548 καὶ
3301 5494 3471 5548 ποσὸν
3499 5508 3590 5546 πο.

2025 5578 2122 5651 et},
2166 5581 2258 5634 καὶ
2292 5583 2320 5636 ὁ
2360 5584 2520 5648 ποσῦς
2539 5585 2708 5658 κυροῖι,
2744 5590 2838 5642 καὶ
2872 5587 3021 5657 λίθος
3067 5589 3212 5658 ξύλω
3269 5592 3595 5662 σ’δντιθὲμεο
