3954 6148
315 265 450 333 τιιτ

1253 260 1650 324 ADVERSUS
1687 257 2236 323 NESTORIANOS.
2275 285 2345 300 ο·-
2379 262 2522 322 LIB.
2552 263 2602 321 Ι.

3424 239 3566 322 ttls

315 393 420 440 mg.
455 369 607 445 'Apa
661 374 752 429 διὰ
797 373 859 426 τὸ
911 372 1370 443 καταχρηστικῶς
1414 368 1565 426 ἐἶναι
1613 373 1740 436 Υἱὸς
1783 372 1880 426 τοῦ

2005 387 2092 426 em
2118 372 2270 425 nullo
2317 388 2384 426 rx
2411 371 2498 426 his
2521 371 2701 425 modis
2723 371 2967 440 quadam
3006 371 3296 430 uniuntur.
3321 385 3421 423 nec
3449 369 3564 424 ullo

312 468 692 540 ἀπεριγράφου
740 463 1021 530 συνετέθη,
1057 463 1090 534 ἢ
1134 463 1254 516 οὐδὲ
1299 463 1390 515 διὰ
1418 463 1482 516 τὸ
1505 479 1880 534 καταχρηστιο

311 557 442 620 πῶς,
473 556 593 610 οῦδὲ
641 555 732 608 διὰ
775 554 836 607 τὸ
887 553 1125 623 κυρίω;;
1185 553 1240 604 εἰ
1287 550 1356 604 δὲ
1385 551 1453 604 δι’
1489 551 1642 604 οὐδὲν
1673 551 1880 604 τούτων

1985 478 2050 517 ex
2083 464 2172 518 his
2195 478 2306 517 non
2345 461 2498 518 unita
2531 462 2953 532 permanebunt,
2997 461 3094 516 sed
3143 460 3268 515 aliis
3317 460 3562 532 prepriis

1987 555 2424 624 necessariisque
2467 555 2658 609 unioni
2701 555 2953 609 vocibus.
3381 545 3392 558 ”

316 645 622 700 συντίθεται
654 662 796 708 τινα,
831 644 954 697 οὐδὲ
1020 643 1109 696 διά
1153 659 1204 696 τι
1241 641 1448 696 τούτων
1497 641 1768 698 ἀσύνθετα
1835 645 2081 714 μείναιέν
2155 650 2202 701 τ’
2255 647 2344 712 ἂν,
2401 646 2536 699 ἀλλά
2599 646 2666 700 δι’
2715 647 2939 716 ἑτέρους
2991 647 3227 710 οἰκείους
3297 647 3392 701 καὶ
3439 645 3568 699 ἅνα-

315 737 538 804 γκαίους
568 737 635 806 τῇ
667 734 912 788 συνθέσει
941 731 1152 799 λόγους.

907 868 1158 922 ΚΙοζΦΛΛ.
1203 867 1278 922 Et

384 1009 541 1060 Πᾶσα
567 1003 730 1057 ὀὐσία
773 1001 1154 1072 ἀπερίγραφος
1189 999 1484 1071 πανταχοῦ,
1517 1001 1612 1054 καὶ
1665 1001 1724 1054 ὲν
1756 1000 1890 1054 ἐκά-

318 1113 425 1166 στῳ
449 1097 545 1148 καὶ
573 1093 660 1163 ἐφ’
678 1095 843 1164 ἑαυτῇ
875 1091 1016 1146 κατὰ
1043 1093 1104 1144 τὸ
1135 1091 1269 1144 αὐτὸ
1301 1091 1400 1145 καὶ
1421 1092 1684 1156 ὡσαύτως
1709 1094 1890 1165 ὑπάρ-

317 1205 401 1257 χει
447 1186 823 1258 ἀπερινοήτως
867 1183 1005 1238 καθὸ
1043 1183 1220 1267 οῦσῇιι,
1257 1185 1378 1236 ἐπεὶ
1406 1183 1566 1238 τοῦτο
1595 1185 1729 1238 ῐδιον
1757 1187 1894 1238 ἀπε-

322 1280 620 1352 ριγράφου·
661 1279 770 1331 πᾶν
804 1278 863 1330 δὲ
924 1276 1066 1330 κατὰ
1097 1276 1159 1328 τὺ
1193 1276 1326 1329 αὐτὸ
1377 1276 1472 1329 καὶ
1517 1275 1783 1338 ὡσαύτως
1831 1277 1890 1328 ἐν

321 1373 487 1424 πᾶσιν
535 1369 800 1440 ὑπάρχον,
863 1367 1094 1430 ἀλλοίως
1142 1369 1238 1420 καὶ
1278 1366 1506 1430 ἀλλοίως
1547 1367 1610 1420 οὐ
1663 1367 1888 1421 δύναται

318 1457 467 1514 εἶναι
513 1461 577 1514 ἐν
625 1475 733 1513 τινι
765 1459 910 1513 καθά
944 1459 1131 1513 οὐσίαο
1170 1457 1232 1511 τὸ
1256 1457 1366 1528 γὰρ
1397 1459 1684 1525 ὡσαύτως
1729 1459 1888 1512 ἀναι-

325 1549 538 1617 ρετικὸν
568 1550 684 1600 ἐστι
712 1545 805 1600 τοῦ
833 1545 1098 1610 ἀλλοίως
1134 1545 1230 1599 καὶ
1261 1546 1544 1611 ἀλλοίως.
1586 1547 1745 1599 Πᾶσα
1783 1545 1892 1615 ἄρα

321 1639 479 1692 οὐσία
506 1637 884 1707 ἀπερίγραφος
917 1636 978 1688 οὐ
1014 1635 1238 1688 δύναται
1275 1635 1504 1700 ἀλλοίως
1544 1637 1637 1689 καὶ
1663 1635 1892 1698 ἀλλοίως

2649 867 2800 923 CAP.
2841 867 2903 922 V.

2057 1003 2252 1059 Omnis
2273 1004 2513 1059 essentia
2536 1009 2622 1056 est
2645 1000 2860 1054 inﬁnita
2887 1000 3112 1069 ubique,
3142 999 3198 1054 in
3233 1013 3568 1070 unoquoque

1995 1103 2158 1164 atque
2210 1095 2262 1148 in
2311 1094 2606 1162 semetipsa
2659 1091 2962 1148 secundum
3014 1092 3157 1146 idem
3208 1099 3264 1145 et
3312 1090 3570 1146 similiter

1997 1186 2162 1239 modo
2191 1185 2738 1254 incomprehensibili
2773 1193 2834 1238 ut
2871 1183 3131 1246 essentia,
3157 1183 3430 1252 siquidem
3466 1183 3571 1237 hoc

1995 1277 2281 1351 proprium
2320 1285 2403 1330 est
2435 1275 2657 1330 inﬁniti.
2689 1275 2862 1330 Omne
2887 1283 3068 1328 autem
3092 1273 3394 1328 secundum
3425 1275 3568 1328 idem

1996 1383 2059 1422 ac
2088 1365 2344 1421 similiter
2373 1366 2428 1420 in
2453 1365 2714 1420 omnibus
2745 1363 3035 1427 exsistens,
3086 1365 3248 1419 aliter
3303 1372 3359 1418 et
3411 1364 3572 1418 aliter

1990 1467 2114 1508 esse
2147 1453 2342 1523 nequit
2387 1453 2444 1516 in
2479 1453 2664 1522 aliquo
2706 1462 2770 1506 ut
2813 1453 3096 1517 essentia;
3129 1453 3376 1507 similiter
3421 1453 3570 1508 enim

1995 1543 2242 1607 excludit
2267 1543 2424 1597 aliter
2445 1551 2496 1596 et
2518 1543 2708 1598 aliter.
2739 1541 2932 1597 Omnis
2953 1557 3084 1612 ergo
3100 1543 3339 1597 essentia
3359 1543 3572 1598 Inﬁnita

1997 1649 2108 1689 non
2139 1642 2322 1704 potest
2349 1635 2512 1689 aliter
2536 1642 2593 1688 et
2615 1635 2778 1688 aliter
2795 1647 2916 1688 esse
2943 1633 2998 1686 in
3017 1625 3202 1702 aliquo
3225 1642 3285 1687 ut
3308 1635 3569 1689 essentia.

324 1725 459 1780 εἶναι
485 1725 542 1778 ἐν
572 1700 843 1779 τίπᾶαόδ
875 1725 1056 1778 οὐσία.
1077 1725 1214 1778 Είδὲ
1235 1723 1414 1790 τοῦτο,
1444 1722 1893 1797 ζητητέον,’Λρα

2000 1725 2056 1780 Si
2084 1740 2215 1780 vero
2245 1724 2352 1780 hoc
2381 1733 2549 1789 esset,
2593 1733 2740 1780 esset
2785 1721 3140 1794 qumrendum
3180 1739 3247 1778 an
3277 1725 3575 1780 essentiam

324 1820 423 1886 τήν
451 1816 640 1870 οὐσίαν
665 1813 761 1868 τοῦ
799 1814 937 1869 Θεοῦ
970 1815 1145 1882 Λόγου
1185 1816 1570 1887 περιγρα-πτὴν
1607 1811 1748 1870 εἶναι
1787 1833 1901 1886 τρα-

329 1926 450 1979 μεν,
481 1907 516 1978 ἢ
573 1907 984 1978 ἀπερίγραφον;
1037 1907 1148 1960 Καὶ
1177 1907 1226 1960 εἰ
1259 1907 1358 1977 μὲν
1399 1907 1786 1978 περιγραπτὴν
1817 1905 1898 1960 εε-

325 2016 546 2069 ποιμεν,
573 1999 840 2069 πρόῖηλον
864 1997 924 2050 τὸ
942 1997 1291 2073 βλάσφημον.
1325 1999 1385 2050 Εἰ
1405 1998 1462 2050 δὲ
1493 1997 1896 2068 ἀπερίγραφον,

326 2089 359 2160 ἢ
395 2091 528 2143 πᾶσι
564 2089 846 2156 σύγκειται
881 2089 914 2158 ἡ
943 2088 1100 2141 οὐσία
1129 2087 1222 2140 τοῦ
1269 2087 1405 2141 Θεοῦ
1437 2089 1635 2156 Λόγου,
1660 2088 1694 2158 ἢ
1725 2088 1900 2142 οὐδενὶ

325 2180 616 2248 σύγκειται
669 2182 702 2251 ἡ
759 2178 919 2232 οὐσία
959 2177 1056 2230 τοῦ
1103 2176 1239 2231 Θεοῦ
1287 2179 1462 2247 Λόγου
1487 2194 1501 2208 ·
1533 2177 1762 2240 ἀλλοίως
1788 2177 1901 2248 γὰρ

327 2273 420 2322 καὶ
451 2271 678 2333 ἀλλοίως
695 2269 754 2322 ἔν
780 2286 889 2323 τινι
919 2269 980 2322 οῦ
1010 2267 1230 2322 δύναται
1249 2266 1388 2323 εἶναι
1411 2267 1753 2328 καθδόὐσία.
1773 2268 1900 2320 ἐπεὶ

327 2364 423 2415 καὶ
449 2362 860 2432 ἀπερίγραφος·
888 2361 1237 2430 ὡμολόγηται
1269 2361 1326 2414 δὲ
1347 2361 1431 2414 ὅτι
1458 2362 1625 2414 πᾶσιν
1671 2361 1733 2414 οὐ
1765 2359 1900 2426 σύγ-

329 2467 539 2506 κειταιο
565 2452 688 2505 οὑδὲ
726 2451 835 2522 ἀρα
885 2452 992 2505 τινὶ
1037 2451 1352 2518 σύγκειταιο
1383 2452 1480 2504 κιύ⁵
1531 2449 1821 2504 ἀσεϐοῦσιν
1849 2449 1901 2502 οι

327 2545 578 2612 λέγοντες
611 2541 935 2610 συγκεῖσθαι
964 2541 1062 2612 τὴν
1109 2543 1299 2596 οὐσίαν
1329 2541 1423 2594 τοῦ
1453 2541 1586 2594 Θεοῦ
1614 2541 1787 2606 Λόγου

325 2633 386 2697 te
441 2632 600 2704 ἡμῶν
640 2635 721 2694 εἰς
764 2629 972 2685 οἰκείαν
1034 2630 1201 2684 αὐτοῦ
1273 2630 1580 2702 φανέρωσιν
1631 2631 1898 2704 ληνροείσῃ

327 2725 514 2795 σαρκί.
547 2725 752 2786 Ὄντως
779 2725 838 2775 ὲν
868 2721 1050 2793 ἔργοις
1075 2719 1182 2775 τῶν
1227 2722 1426 2792 χειρῶν
1471 2720 1638 2775 αὐτοῦ
1675 2722 1902 2794 συνελή-

329 2815 438 2884 φθη
467 2814 495 2866 ὁ
523 2813 867 2885 ἁμαρτωλὸς,
903 2811 996 2865 καὶ
1035 2811 1356 2880 ἐπιστρέφει
1385 2813 1413 2865 ὁ
1440 2813 1598 2874 πόνος
1628 2812 1794 2866 αὐτοῦ
1822 2813 1902 2874 εἰς

330 2903 572 2974 κεφαλὴν
605 2901 771 2956 αὐτοῦ
791 2918 806 2932 σ
834 2900 976 2955 κατὰ
1001 2899 1111 2972 γὰρ
1141 2899 1210 2954 τὰ
1238 2901 1333 2954 νῦν
1361 2901 1492 2972 παρ’
1546 2901 1700 2972 ὑμῶν
1749 2902 1902 2974 είρη-

1999 1815 2094 1870 Dei
2131 1815 2292 1871 Verbi
2321 1813 2532 1869 ﬁnitam
2557 1815 2642 1870 vel
2670 1813 2943 1868 inﬁnitam
2973 1827 3095 1868 esse
3127 1812 3418 1866 dicamus?
3442 1828 3506 1866 ac
3529 1814 3596 1872 ελ

2001 1904 2210 1959 ﬁnitam
2249 1905 2516 1971 dicimus,
2559 1903 2788 1959 evidens
2815 1911 2900 1958 est
2943 1903 3302 1973 blasphemia.
3355 1902 3410 1956 Si
3440 1919 3576 1959 vero

2000 1994 2310 2060 inﬁnitam,
2361 1995 2479 2050 sive
2528 1994 2788 2049 omnibus
2829 1994 3157 2066 subjiciatur
3206 1995 3448 2051 essentia
3476 1996 3574 2052 Dei

1999 2085 2203 2150 Verbi,
2251 2087 2368 2141 sive
2418 2087 2554 2141 nulli
2596 2087 2924 2158 subjiciatur
2955 2087 3194 2142 essentia
3238 2087 3332 2142 Dei
3375 2087 3573 2151 Verbi;

1999 2176 2161 2231 aliter
2185 2177 2334 2231 enim
2361 2187 2419 2232 et
2450 2177 2610 2231 aliter
2632 2178 2686 2230 in
2718 2177 2906 2246 aliquo
2932 2177 3126 2247 nequit
3147 2192 3268 2231 esse
3301 2185 3363 2231 ut
3387 2191 3577 2232 essrn-

2002 2266 2115 2332 tia,
2159 2266 2271 2320 imo
2315 2276 2373 2321 et
2416 2266 2669 2333 inﬁnita;
2717 2267 2957 2322 fatentur
3005 2277 3189 2323 autem
3241 2283 3434 2323 omnes
3465 2285 3577 2324 non

2001 2358 2261 2413 omnibus
2278 2359 2472 2430 subjici
2492 2376 2508 2422 ς
2530 2376 2638 2414 non
2653 2374 2791 2429 ergo
2809 2360 2971 2414 alicui
2987 2359 3305 2432 subjicitur,
3323 2361 3581 2432 blasphe-

2002 2459 2262 2519 mantqtte
2313 2450 2407 2520 qui
2458 2451 2652 2506 dicunt
2681 2453 2980 2507 essentiam
3020 2452 3118 2508 Dei
3167 2453 3329 2509 Verbi
3378 2464 3580 2509 nostra:

2002 2541 2156 2596 carni
2220 2540 2286 2594 ad
2335 2541 2421 2595 sui
2457 2543 2954 2598 manifestationem
3011 2555 3303 2614 assumptze
3356 2545 3576 2616 subjici.

2007 2632 2142 2687 Vere
2175 2631 2440 2700 operibus
2469 2632 2618 2688 illius
2640 2651 2900 2689 manuttm
2921 2635 3184 2690 allevatus
3203 2643 3290 2692 est
3317 2648 3580 2707 peccator

2003 2737 2275 2793 poenaque
2309 2723 2484 2794 ipsius
2515 2724 2570 2779 in
2606 2725 2780 2796 ipsius
2799 2736 2969 2797 caput
2997 2743 3258 2786 conversa
3284 2738 3404 2794 est;
3421 2730 3580 2800 juxta

1999 2814 2149 2867 enim
2176 2830 2300 2884 qua:
2327 2829 2428 2870 vos
2455 2831 2604 2872 nunc
2634 2817 2838 2881 dicitis,
2894 2819 2939 2873 si
2973 2819 3178 2888 ultique
3225 2835 3289 2874 ac
3345 2820 3400 2874 in
3443 2837 3582 2876 uno-

2001 2919 2246 2973 quoque,
2287 2907 2404 2961 sive
2434 2907 2492 2960 in
2524 2923 2634 2962 uno
2680 2909 2944 2979 onmique
2976 2911 3159 2976 ﬁnito,
3201 2923 3367 2982 atque
3401 2916 3454 2968 in

330 2993 490 3063 μένα,
519 2995 567 3046 εἰ
614 2991 890 3063 πανταχοῦ
918 2993 1013 3045 καὶ
1059 2993 1118 3044 ἐν
1161 2993 1396 3064 ἑκάστῳ,
1421 2992 1590 3064 ἤγουν
1611 2995 1669 3046 ὲν
1697 2995 1778 3046 ἐνὶ
1807 2994 1893 3047 καὶ

2005 2995 2238 3063 metipsa
2263 2995 2382 3050 sive
2410 2995 2467 3049 in
2499 2996 2716 3051 inﬁnito
2745 3000 3048 3052 secundum
3075 2999 3218 3054 idem
3242 3012 3298 3056 et
3327 3002 3582 3058 similiter

331 3083 496 3135 παντὶ
545 3080 930 3152 περιγραπτῷ,
981 3080 1078 3135 καὶ
1131 3081 1218 3149 ἐφ’
1269 3083 1438 3152 ἑαυτῇ
1494 3083 1662 3153 ἦγουν
1715 3085 1775 3136 ὲν
1823 3083 1904 3154 τῷ

329 3173 730 3242 ἀπεριγράπτῳ
772 3172 916 3224 κατά
945 3171 1005 3224 τὸ
1030 3171 1165 3224 αὐτὸ
1191 3172 1286 3223 καὶ
1310 3171 1572 3234 ὡσαύτως
1599 3172 1836 3242 ὑπάρχει
1867 3176 1902 3244 ἡ

331 3265 436 3315 ἀπε
445 3265 710 3333 ριγραφος
726 3261 883 3314 οὐσία
906 3277 920 3291 ”
943 3261 1217 3314 καὶτοῦτο
1244 3261 1394 3327 ἴδιον,
1423 3261 1498 3325 ὦς
1521 3279 1679 3332 φατε,
1711 3265 1906 3335 ἀπερι-

335 3353 548 3422 γρὰφου
575 3351 786 3416 οὐσίας,
823 3351 898 3422 μὴ
939 3351 1142 3422 ἑτέρως
1171 3347 1310 3404 εἶναι
1335 3352 1394 3404 ὲν
1418 3350 1496 3422 τῷ
1543 3353 1902 3424 περιγραπτῷ

335 3444 428 3494 καὶ
455 3442 658 3513 ἑτέρως
709 3443 768 3496 ἐν
810 3443 998 3512 ἑαυτῇ,
1033 3443 1201 3513 ἤγουν
1246 3444 1304 3495 ὲν
1336 3440 1414 3512 τῷ
1461 3443 1863 3515 ἀπεριγράπτῳ
1885 3461 1898 3476 ·

334 3535 428 3586 καὶ
475 3535 535 3586 οὐ
583 3533 809 3586 δύναται
849 3534 1078 3598 ἀλλοίως
1108 3531 1249 3588 εἶναι
1289 3537 1349 3589 ἐν
1391 3529 1475 3599 οἷς
1521 3538 1692 3600 ἐστιν,
1719 3539 1769 3591 εί
1808 3539 1902 3592 καὶ

333 3623 522 3676 ἀλλοἰά
544 3623 684 3675 εἰσιν
715 3624 918 3688 ἐκεῖνα,
949 3622 1130 3687 καθὼς
1150 3625 1250 3696 ήδη
1277 3623 1548 3678 ὑπέθεσοε
1567 3639 1584 3655 ⁸
1615 3623 1673 3676 εν
1702 3643 1762 3679 τε
1792 3627 1900 3698 γάρ

331 3716 443 3776 τοῖς
481 3715 881 3784 περιγραπτοίς
925 3715 1020 3766 καὶ
1049 3714 1107 3767 ἐν
1136 3715 1308 3786 ἑαυτῇ
1334 3714 1738 3786 ἀπεριγράπτῳ
1765 3715 1898 3789 οὔσῃ

329 3804 528 3873 ὁμοίως
561 3805 695 3867 ἐστὶ,
727 3804 843 3866 πῶς
867 3803 955 3857 διὰ
985 3804 1044 3856 τὸ
1076 3805 1488 3875 ἀπερίγραπτον
1527 3802 1686 3872 εἶναι,
1710 3807 1772 3860 οὐ
1809 3808 1900 3862 δυο

329 3895 487 3948 νατὸν
523 3891 662 3948 εἶναι
685 3896 856 3965 αὐτὴν
882 3895 939 3950 ἓν
972 3913 1078 3950 τινι
1103 3895 1466 3968 περιγραπτῷ
1495 3897 1690 3969 πρώην
1721 3917 1781 3952 τε
1807 3901 1900 3956 καὶ

327 3986 457 4049 νῦνς
489 3986 684 4040 Ἔσται
717 3987 826 4058 γὰρ
850 3987 992 4041 κατά
1016 3987 1078 4040 τὸ
1116 3987 1412 4042 ἀκόλουθον
1444 3991 1557 4052 τοῖς
1586 3990 1896 4062 ὑμετέροις,

325 4077 446 4129 οὐδὲ
483 4079 541 4130 ἐν
595 4079 762 4149 ἑαυτῇ
813 4079 1086 4150 δυναμένη
1138 4075 1300 4145 εἶναι,
1337 4079 1495 4151 εἴπερ
1520 4081 1724 4150 ὁμοίως
1753 4081 1810 4134 ἐν
1837 4100 1897 4134 τε

325 4169 491 4239 ἑαυτῇ
526 4171 621 4223 καὶ
663 4173 720 4222 ὲν
763 4171 876 4233 τοῖς
917 4172 1048 4241 παρ’
1076 4171 1249 4240 αὑτήν
1278 4172 1426 4223 ἐστιν
1448 4187 1462 4204 ’
1496 4172 1716 4244 ἀνάγκη
1747 4173 1804 4226 δὲ
1830 4169 1897 4244 ἦν

327 4260 554 4327 μᾶλλον,
591 4261 706 4328 εἴγε
731 4261 930 4332 ὁμοίως
961 4263 1108 4315 ἐστὶν
1134 4263 1194 4316 ἐν
1217 4262 1406 4327 πᾶσιν,
1439 4261 1517 4326 ὡς
1545 4263 1644 4316 καὶ
1679 4267 1738 4318 ὲν
1769 4265 1898 4319 ἑαυ-

323 4354 412 4419 τῇ,
451 4353 618 4421 μηδὲν
655 4353 1046 4423 ἐμποδίζεσθαι
1082 4354 1178 4407 τοῦ
1219 4351 1358 4408 εἶναι
1405 4355 1576 4426 αὐτὴν
1627 4357 1690 4410 ὲν
1737 4374 1896 4427 περι-

2005 3085 2222 3140 exsistit
2253 3086 2464 3141 inlinita
2495 3089 2734 3142 essentia
2761 3105 2775 3154 ;
2805 3089 3020 3159 hocque
3055 3093 3360 3160 proprium.
3401 3103 3464 3148 ut
3491 3095 3579 3148 tli-

2003 3172 2148 3236 citis,
2169 3173 2395 3228 inﬁnita!
2419 3177 2696 3240 essentne,
2721 3193 2830 3231 non
2851 3178 3012 3233 aliter
3029 3195 3148 3234 esse
3165 3183 3216 3234 in
3240 3181 3394 3236 linito
3410 3192 3580 3252 atque.

2003 3263 2166 3317 aliter
2201 3264 2256 3318 in
2293 3266 2588 3335 semetipsa
2616 3307 2632 3330 ,
2689 3269 2804 3322 sive
2852 3269 2905 3323 in
2955 3270 3209 3338 inﬁnito;
3265 3288 3368 3327 nec
3397 3284 3580 3344 potest

2001 3355 2164 3411 aliter
2185 3371 2308 3412 esse
2343 3357 2397 3412 in
2425 3357 2628 3427 quibus
2655 3368 2759 3424 est,
2797 3360 2900 3414 etsi
2934 3361 3106 3416 altera
3142 3363 3214 3418 sit
3241 3365 3352 3426 illa,
3387 3368 3579 3437 utjam

2002 3447 2406 3516 supposuistis;
2441 3447 2495 3502 in
2519 3449 2690 3504 ﬁnitis
2706 3450 2852 3504 enim
2879 3465 2943 3505 ac
2967 3451 3019 3505 in
3045 3455 3338 3524 semetipsa
3365 3456 3580 3514 inﬁnita

2003 3539 2260 3596 similiter
2288 3541 2531 3596 essentia
2559 3551 2677 3605 est,
2718 3544 2996 3613 quomodo
3019 3545 3092 3600 ob
3126 3561 3247 3600 esse
3282 3547 3578 3614 inﬁnitum,

2001 3646 2113 3686 non
2143 3641 2231 3686 est
2249 3631 2512 3702 possibile
2547 3633 2664 3688 heri
2694 3645 2752 3689 et
2781 3635 2945 3690 hodie
2973 3651 3094 3690 eam
3138 3653 3259 3693 esse
3299 3639 3354 3692 in
3394 3641 3581 3712 aliquo

2005 3721 2197 3778 ﬁnito?
2249 3723 2413 3778 Juxta
2461 3725 2610 3780 enim
2667 3728 3117 3797 consequentiam
3175 3731 3578 3802 principiorum

2002 3820 2311 3866 vestrorum
2349 3813 2478 3877 erit,
2506 3829 2610 3869 nec
2631 3815 2704 3869 'in
2739 3817 3032 3886 semetipsa
3063 3835 3186 3874 esse
3216 3835 3398 3890 posse,
3425 3823 3469 3876 si
3497 3836 3582 3879 est

2001 3901 2259 3956 similiter
2289 3911 2347 3957 et
2385 3905 2440 3957 in
2465 3906 2759 3976 semetipsa
2799 3916 2856 3962 et
2891 3907 2946 3962 in
2981 3908 3068 3963 his
3092 3925 3216 3980 qua:
3255 3913 3400 3983 apud
3432 3913 3578 3967 illam

1999 4003 2148 4048 sunt.
2180 3993 2417 4050 Necesse
2437 4007 2621 4051 autem
2649 4008 2768 4053 erat
2794 4000 2998 4068 potius,
3027 4001 3301 4072 siquidem
3324 4005 3581 4061 similiter

1998 4091 2084 4138 est
2118 4083 2172 4138 in
2203 4085 2482 4151 omnibus,
2514 4087 2656 4142 sicut
2689 4096 2746 4142 et
2783 4090 2837 4143 in
2885 4092 3204 4162 semetipsa,
3255 4094 3578 4164 neutiquam

1999 4176 2252 4248 impediri
2297 4180 2432 4250 quin
2505 4190 2652 4236 esset
2685 4183 2740 4236 in
2785 4183 2960 4250 linito,
2994 4186 3088 4240 sed
3147 4189 3286 4242 utin
3339 4187 3574 4256 inﬁnito,

1999 4269 2142 4324 sicut
2175 4278 2232 4325 et
2267 4273 2322 4326 in
2353 4274 2646 4342 semetipsa
2669 4275 3019 4344 simpliciter,
3044 4277 3115 4332 ita
3148 4279 3575 4353 quidem,jttxta

1996 4369 2236 4415 vestram
2307 4364 2681 4428 sententiam,
2751 4365 2822 4418 ‘in
2912 4367 3068 4422 ﬁnito
3134 4384 3355 4440 quoque
3405 4383 3573 4426 esset.

321 4441 574 4511 γραπτῷ,
601 4421 718 4496 ἀλλ’
749 4443 824 4507 ὡς
861 4445 919 4496 ὲν
969 4445 1392 4516 ἁπεριγράπτῳ,
1419 4446 1511 4498 καὶ
1531 4421 1610 4510 οὓς
1636 4447 1696 4499 ἐν
1720 4421 1888 4518 ἑαυτῇ

2000 4451 2163 4506 Aliud
2195 4468 2328 4523 ergo
2357 4469 2388 4507 a
2414 4453 2574 4509 vobis
2607 4471 2770 4525 quam
2808 4458 2976 4514 vultis
3002 4421 3442 4517 demonstratum
3468 4475 3575 4528 est,

324 4530 531 4595 ἁπλῶς,
559 4533 702 4587 οὕτω
743 4551 806 4602 γε
837 4538 978 4590 κατά
1008 4537 1076 4590 τὰ
1123 4537 1384 4607 ὑμέτερα,
1419 4537 1514 4594 καὶ
1548 4539 1604 4589 ἐν
1627 4537 1705 4607 τῷ
1733 4555 1890 4608 περι-

323 4619 552 4688 γραπτῷ
583 4617 740 4677 εἶναι.
770 4625 876 4677 Καὶ
901 4625 1212 4680 τούναντίον
1251 4627 1380 4697 ὑμῖν
1415 4627 1709 4697 ἀπεδείχθη
1744 4629 1888 4700 ἥπερ

1997 4540 2051 4594 in
2088 4541 2195 4596 hoc
2217 4551 2383 4612 atque
2415 4545 2469 4598 in
2497 4547 2942 4615 praecedentibus
2970 4551 3277 4607 ratiociniis
3299 4592 3313 4618 ,
3365 4553 3532 4610 sciliCt
3557 4566 3577 4610 t

1995 4632 2337 4702 impossibile
2368 4651 2488 4692 esse
2517 4637 2670 4692 ﬁnito
2697 4639 2978 4697 inﬁnitum
3011 4645 3182 4700 uniri.

323 4707 600 4777 βούλεσθε,
629 4713 690 4764 ὲν
726 4715 896 4784 τούτῳ
923 4734 984 4769 τε
1040 4720 1134 4772 καὶ
1197 4724 1311 4784 τοῖς
1383 4719 1750 4794 προλαϐοῦσιν
1813 4727 2227 4798 ἐπιχειρῦμασι.
2285 4730 2380 4783 τοῦ
2431 4723 2506 4792 μὴ
2550 4731 2772 4787 δυνατὸν
2815 4733 2956 4790 εἶναι
3017 4741 3362 4794 συντίθεσθαι
3419 4759 3574 4813 περι-

321 4801 552 4873 γραπτῷ
588 4804 649 4857 τὸ
685 4806 1124 4878 ἀπερίγραπτον.

392 4895 452 4948 Εἰ
478 4895 521 4946 δ’
557 4895 650 4950 οῦν
689 4897 778 4950 διά
809 4899 869 4952 τὸ
909 4901 984 4971 μὴ
1030 4902 1258 4978 ἀλλοίως
1290 4906 1386 4960 καὶ
1413 4907 1640 4972 ἀλλοίως
1681 4910 1882 4962 ἐνεῖναί

313 5003 425 5040 τισι
456 4987 717 5043 δύνασθαι
746 4991 807 5042 τὸ
838 4991 1276 5062 ἀπερίγραπτον,
1318 4995 1493 5061 οὕτως
1534 5000 1591 5050 ἐν
1639 4998 1879 5070 Χριστῷ,

310 5076 389 5138 ὡς
430 5079 522 5131 καὶ
562 5079 619 5132 ἐν
661 5081 828 5134 πᾶσιν
863 5077 1001 5134 εἶναι
1027 5085 1196 5153 αὐτὴν
1219 5085 1474 5152 βιάζεσθε
1494 5103 1509 5119 ’
1541 5088 1648 5158 ἄρα
1675 5085 1768 5143 οὖν
1795 5091 1883 5144 διὰ

310 5167 373 5222 τὸ
403 5170 688 5238 ὡσαύτως
718 5172 1104 5242 ἐμφαίνεσθαι,
1137 5175 1230 5228 καὶ
1250 5176 1340 5244 ἐφ’
1371 5177 1580 5246 ἑαυτῇ,
1613 5179 1688 5242 ὥς
1722 5197 1882 5247 φατε,

309 5260 386 5324 ὡς
429 5264 524 5316 καὶ
565 5265 623 5318 ὲν
664 5267 856 5328 πᾶσιν,
895 5265 1070 5330 οὕτως
1113 5266 1269 5320 ἔσται
1299 5269 1358 5320 ἐν
1395 5267 1570 5331 ὕδατι,
1607 5273 1698 5324 καὶ
1726 5271 1881 5343 λίθῳ,

309 5355 407 5408 καὶ
455 5355 628 5424 φυτῷ,
663 5357 754 5410 καὶ
795 5357 1069 5428 μύρμηκι,
1116 5360 1210 5412 καὶ
1262 5359 1426 5428 ίχθύῖ,
1455 5361 1548 5413 καὶ
1584 5361 1756 5430 ἵππῳ,
1791 5366 1885 5416 καὶ

305 5445 604 5518 ἀνθρώπῳ,
637 5449 732 5502 καὶ
763 5449 1004 5518 ἀγγέλῳ,
1047 5451 1140 5504 καὶ
1182 5451 1239 5503 ὲν
1265 5451 1432 5502 πᾶσιν
1458 5451 1532 5515 ὠς
1570 5453 1656 5520 ἐφ’
1691 5454 1878 5524 ἑαυτῇ.

307 5539 370 5590 El
405 5539 464 5592 at
491 5539 605 5612 οὐχ’
635 5540 840 5612 ὁμοίως
867 5541 954 5612 ἐφ’
985 5544 1151 5613 ἑαυτῇ
1189 5543 1284 5596 καὶ
1338 5545 1396 5595 ἐν
1443 5544 1693 5617 μύρμηκι
1739 5547 1876 5608 ἐστι,

299 5626 523 5682 λέλυται
575 5630 634 5683 τὸ
670 5631 984 5700 ὡσαύτως,
1032 5635 1123 5687 καὶ
1157 5635 1311 5689 ἔσται
1353 5637 1412 5687 ἒν
1466 5636 1688 5708 Χριστῷ
1729 5642 1878 5710 παρὰ

672 5725 939 5784 ΡΑΤΒΟΙ..
977 5728 1090 5786 Gn.
1137 5728 1393 5788 LXXXV
1412 5728 1458 5788 Ι.

2062 4909 2118 4965 Si
2151 4911 2314 4981 igitur
2339 4928 2406 4967 eo
2429 4915 2574 4982 quod
2602 4930 2710 4969 non
2735 4917 2894 4972 aliter
2917 4929 2968 4972 et
2987 4921 3146 4975 aliter
3165 4921 3216 4975 in
3241 4923 3568 4992 quibusdam

1991 5001 2173 5058 inesse
2201 5019 2308 5058 non
2357 5013 2538 5074 potest
2573 5005 2870 5074 inﬁnitum,
2906 5010 2981 5064 ita
3029 5011 3085 5066 in
3130 5011 3374 5079 Christo,
3425 5017 3571 5074 sicut

1989 5102 2046 5148 et
2076 5095 2132 5148 in
2160 5097 2418 5152 omnibus
2451 5113 2570 5152 eam
2603 5114 2726 5155 esse
2752 5102 3126 5168 contenditis;
3160 5120 3292 5177 ergo
3327 5116 3390 5163 ut
3417 5110 3570 5165 simi-

1992 5185 2112 5240 liter
2142 5197 2401 5257 appareat
2429 5200 2592 5260 atque
2625 5193 2681 5245 in
2708 5194 3008 5264 semetipsa,
3046 5206 3106 5251 ut
3135 5197 3340 5264 dicitis,
3379 5216 3568 5268 quem-

1991 5277 2284 5359 admodum
2356 5281 2507 5337 etin
2547 5283 2826 5347 omnibus,
2887 5286 2968 5342 sic
3021 5288 3242 5350 erit,in
3293 5305 3454 5359 aqua.
3513 5294 3570 5349 in

1991 5355 2196 5438 planta,
2248 5369 2305 5423 in
2347 5369 2592 5437 formica,
2625 5372 2681 5428 in
2714 5374 2886 5444 pisce,
2923 5375 2979 5430 in
3015 5391 3180 5447 equo,
3229 5378 3286 5433 in
3321 5355 3566 5440 homine,

1990 5459 2046 5514 in
2093 5462 2311 5532 angelo,
2351 5473 2515 5534 atque
2551 5465 2608 5519 in
2643 5467 2904 5522 omnibus
2940 5476 3002 5522 ut
3051 5469 3107 5523 in
3155 5469 3473 5539 semetipsa.
3506 5469 3572 5526 Si

1984 5567 2118 5606 vero
2145 5569 2257 5609 non
2287 5555 2549 5611 similiter
2595 5567 2679 5614 est
2709 5559 2766 5614 in
2801 5561 3097 5630 semetipsa
3127 5569 3184 5614 et
3221 5560 3278 5614 in
3307 5559 3532 5614 formica
3551 5604 3564 5620 .

1985 5643 2218 5698 solvitur
2237 5645 2500 5715 similiter,
2522 5647 2738 5718 eritque
2757 5649 2811 5703 in
2831 5647 3053 5704 Christo
3067 5663 3230 5716 supra
3256 5648 3438 5702 omnia
3460 5631 3565 5707 alia

3122 5736 3202 5801 lt5
