3954 6148
431 233 570 314 μιθ

1649 232 1958 304 LEONTII
2008 229 2436 292 BYZANTINL

3572 221 3724 290 1420

429 345 658 402 ratium.
707 347 939 414 Quando
961 347 1148 404 dicitis
1176 363 1286 403 non
1313 347 1369 404 in
1392 347 1651 404 omnibus
1675 364 1797 406 esse
1821 348 1991 415 credi,

2097 349 2226 412 τοὺς
2265 346 2462 409 ἄλλους
2510 344 2620 400 τῶν
2662 344 2834 400 ὄντων
2871 344 3102 408 πάντας.
3136 344 3282 416 Πρὸς
3309 341 3368 398 δέ
3397 341 3478 397 τὸ
3511 339 3718 411 una

425 453 532 498 nec
548 454 682 510 ergo
715 438 772 494 in
795 438 981 508 aliquo
1009 453 1130 494 esse
1161 439 1525 508 respondetur
1551 455 1565 506 ;
1597 437 1820 509 quando
1856 454 1990 495 vero

425 529 613 585 dicitis
661 529 718 584 in
747 529 1008 584 omnibus
1034 543 1158 584 esse
1185 529 1402 584 sicutet
1431 529 1489 584 in
1514 531 1833 600 semetipsa,
1861 544 1994 584 con-

427 621 655 676 trarium
707 617 978 683 audietis,
1017 633 1084 673 eo
1129 621 1278 689 quod
1317 621 1502 690 potius
1552 635 1744 676 omnes
1786 635 1992 676 conve-

425 713 588 766 niunt
666 709 740 764 inv
789 717 1084 778 semetipsa
1148 703 1312 776 esse,
1379 711 1610 766 evidens
1675 711 1844 781 igitur
1909 717 1995 764 est

423 801 591 855 etiam
619 799 676 852 in
706 797 964 853 omnibus
1008 813 1129 854 esse
1168 814 1339 866 vere;
1387 801 1558 856 verba
1609 801 1757 856 enim
1807 808 1993 856 vestra

422 891 616 946 dicunt
645 889 703 944 in
730 889 987 944 omnibus
1007 890 1258 945 similiter
1284 905 1427 955 esse,
1449 891 1594 946 sicut
1625 891 1762 946 etin
1793 900 1994 946 semet-

421 979 560 1048 ipsa.
587 977 687 1034 Vel
710 977 876 1048 igitur
901 992 1005 1032 nec
1040 977 1094 1032 in
1126 981 1418 1049 semetipsa
1449 990 1554 1046 est,
1586 981 1682 1036 sed
1709 981 1767 1036 in
1793 989 1995 1037 semet-

419 1069 539 1138 ipsa
565 1076 730 1137 atque
769 1082 801 1122 a
831 1067 1131 1137 semetipsa
1161 1067 1660 1138 distinguitur;vel
1692 1071 1747 1125 in
1784 1079 1991 1126 semet-

423 1160 541 1228 ipsa
581 1168 700 1224 est,
729 1167 894 1228 atque
951 1160 1007 1213 in
1037 1160 1222 1230 aliquo
1269 1169 1327 1216 et
1367 1161 1425 1216 in
1458 1161 1715 1216 omnibus
1755 1171 1860 1218 est.
1911 1161 1990 1216 Ita

419 1267 556 1307 vero
599 1265 670 1306 ne
706 1267 814 1306 una
844 1251 916 1306 sit
953 1253 1104 1313 unio.
1135 1259 1232 1306 aut
1279 1253 1479 1308 unicus
1525 1251 1724 1307 modus
1767 1250 1991 1308 uniouis

421 1342 756 1407 inveniatur,
792 1342 888 1398 sed
919 1351 980 1397 ut
1013 1342 1227 1398 infinito
1254 1357 1472 1398 omnem
1520 1343 1747 1398 modum
1794 1343 1994 1414 hujusé

423 1431 570 1488 modi
599 1435 905 1506 agnoscatis
935 1450 1031 1492 vos
1063 1437 1156 1505 qui
1181 1449 1438 1490 amovere
1467 1435 1637 1491 vultis
1661 1435 1828 1492 Verbi
1861 1449 1987 1490 cum

419 1541 584 1580 carne
615 1542 797 1581 veram
831 1535 887 1582 et
930 1527 1384 1597 gloriosissimam
1417 1527 1706 1582 unionem.
1807 1583 1814 1591 ,

1064 1678 1218 1736 CAP.
1249 1680 1338 1735 VI.

489 1809 662 1864 Omne
687 1808 1058 1880 quodcunque
1071 1810 1232 1866 alteri
1260 1812 1478 1866 unitum
1502 1810 1569 1867 ad
1594 1811 1988 1882 perﬁciendam

421 1915 584 1955 unam
621 1910 873 1956 naturam
929 1901 1044 1956 sive
1089 1911 1148 1958 et
1185 1902 1530 1974 hypostasim
1550 1902 1828 1958 viventem
1855 1942 1870 1968 ,
1927 1902 1991 1956 ιιι

417 2007 544 2062 pars
583 1993 746 2064 hujus
767 2002 976 2049 natura:
996 2008 1091 2049 seu
1120 1994 1466 2065 hypostasis;
1493 1995 1674 2050 omnis
1705 2010 1838 2049 vero
1863 2007 1990 2063 pars

419 2083 582 2140 unius
611 2091 820 2139 naturae
845 2100 941 2141 seu
974 2084 1286 2156 hypostasis
1319 2086 1588 2153 viventis,
1619 2087 1857 2141 naturali
1891 2101 1990 2142 ne-

415 2175 673 2232 cessitate
687 2191 806 2231 com
814 2176 1016 2246 patitur
1035 2191 1160 2232 cum
1177 2185 1332 2246 parte
1347 2193 1583 2248 quacum
1605 2177 1986 2249 hujuscemodi

415 2276 668 2322 naturam
700 2283 798 2324 seu
820 2268 987 2323 etiam
1019 2269 1356 2341 hypostusim
1385 2270 1638 2342 perfecit.
1664 2272 1778 2328 Nec
1797 2273 1988 2328 volens

417 2357 620 2424 anima,
653 2360 986 2429 compatitur
1021 2375 1146 2415 cum
1205 2375 1458 2432 corpore.
1507 2361 1987 2429 Quemadmodum

416 2458 594 2505 cessat
645 2451 897 2519 proprias
946 2451 1303 2520 operationes
1374 2461 1509 2508 tunc
1551 2467 1679 2508 cum
1737 2453 1987 2509 membra

409 2541 688 2612 corporis,
721 2542 1050 2612 quibuscum
1100 2551 1362 2612 operatur
1395 2545 1522 2598 laesa
1558 2543 1786 2609 fuerint,
1819 2545 1895 2599 ita
1931 2553 1988 2600 et

416 2645 618 2700 corpus
651 2631 885 2686 naturali
929 2632 1256 2688 necessitate
1295 2633 1476 2702 poenis
1507 2633 1881 2704 aerumnisque
1929 2649 1988 2688 a-

415 2721 582 2776 nimas
635 2721 885 2777 tabescit.
928 2722 1100 2778 Deum
1156 2732 1340 2778 autem
1389 2723 1629 2778 Verbum
1672 2725 2020 2780 necessario

417 2809 652 2878 compati
683 2825 806 2864 cum
833 2819 1024 2865 nostra
1058 2811 1296 2866 animata
1321 2826 1488 2868 carne
1511 2811 1727 2877 dicere,
1763 2827 1874 2866 non
1901 2821 1986 2868 est

411 2901 655 2970 justum;
698 2917 808 2956 non
836 2916 966 2972 ergo
997 2902 1186 2958 unitus
1215 2911 1302 2957 est
1334 2903 1478 2957 Deus
1507 2902 1752 2958 Verbum
1816 2903 1982 2958 alicui

2099 437 2268 508 ὑμᾶς,
2305 437 2426 490 ἐπεὶ
2453 435 2805 506 ὡμολόγηται
2829 437 2912 491 δτι
2955 440 3016 492 ἐν
3039 438 3206 491 πᾶσιν
3233 437 3336 490 οὑκ
3363 435 3566 498 ἐστιν,
3593 434 3714 489 οὐδ’

2099 526 2208 596 ἄρα
2239 526 2296 580 ἐν
2329 527 2436 580 τινι
2484 527 2624 590 ἐστι,
2649 527 2780 591 τοὺς
2821 528 3078 592 εἰπόντας
3115 527 3202 580 ὃτι
3231 527 3293 578 ἐν
3323 528 3512 581 πᾶσιν
3546 523 3713 578 ἐστὶν

2098 617 2176 682 ὡς
2218 619 2315 672 καὶ⁹
2355 619 2442 688 ἐφ’
2489 619 2684 689 ἑαυτῇ,
2715 619 3028 673 τούναντίον
3066 618 3400 682 ἀκούσεσθε,
3439 620 3542 674 ὅτι
3576 617 3709 670 ἐπεὶ

2103 710 2305 780 μᾶλλον
2331 710 2484 764 τοῦδε
2532 711 2882 783 ὡμολόγηται
2909 713 3078 764 πᾶσιν
3102 711 3185 765 ὅτι
3218 712 3278 764 ἐν
3319 712 3504 780 ἑαυτῇ
3551 711 3702 773 ἐστι,

2103 801 2272 870 σαφὲς
2301 800 2367 854 ἂν
2389 801 2502 872 εἴη,
2518 802 2600 856 ὅτι
2625 801 2832 856 Οὑκοῦν
2863 801 2958 856 καὶ
2981 803 3040 854 ἐν
3061 803 3228 856 πᾶσιν
3249 801 3419 866 ὅντως
3443 801 3608 856 ἐστί’
3633 801 3706 852 τά

2098 889 2208 958 γὰρ
2251 887 2312 954 ἐξ
2348 888 2504 960 ὑμῶν
2543 907 2707 968 φασιν
2742 892 2825 944 ὅτι
2865 892 2924 944 ἐν
2962 893 3132 946 πᾶσιν
3161 892 3358 962 ὁμοίως
3391 892 3585 954 ἐστὶν,
3620 890 3703 954 ὡς

2099 979 2196 1033 καὶ
2220 980 2278 1032 tv
2308 981 2496 1052 ἑαυτῇ.
2537 983 2606 1034 Ἦ
2633 977 2728 1035 οὖν
2751 982 2874 1036 οὑδὲ
2897 983 2954 1035 ἐν
2981 985 3146 1054 ἑαυτῇ
3173 985 3340 1048 ἐστιν,
3373 983 3523 1037 ἀλλὰ
3555 981 3698 1051 παρ’

2099 1069 2302 1143 ἑαυτήν
2341 1088 2400 1124 τε
2445 1072 2542 1126 καὶ
2583 1075 2784 1144 ἑαυτῆς
2836 1071 3272 1146 διακεκριμένη,
3318 1073 3352 1144 ἢ
3397 1075 3460 1127 ἐν
3505 1073 3691 1142 ἑαυτῇ

2098 1162 2216 1214 ἐστι
2263 1163 2358 1215 καὶ
2389 1161 2446 1214 ἐν
2489 1180 2594 1216 τινι
2633 1163 2732 1217 καὶ
2766 1167 2825 1217 tv
2855 1166 3023 1220 πᾶσιν
3052 1167 3234 1219 ἐστιν’
3287 1165 3362 1228 ὡς
3397 1166 3690 1234 μηδεμίαν

2097 1246 2239 1307 εἶναι
2274 1253 2306 1322 ἢ
2338 1254 2673 1310 ἐπινοεῖσθαι
2704 1255 2892 1310 λοιπὸν
2943 1258 3134 1327 μόνην,
3171 1257 3311 1310 ἀλλὰ
3353 1259 3548 1310 πᾶσαν
3605 1253 3690 1324 τῷ

2095 1343 2464 1416 ἁπεριγράφῳ
2493 1347 2892 1418 μαρτυρεῖσθαι
2926 1347 3176 1404 σῦνθεσιν
3203 1349 3336 1420 παρ’
3371 1348 3538 1417 ὑμῶν
3569 1345 3686 1400 τῶν

2098 1432 2441 1504 βουλομένων
2479 1436 2744 1507 ἀθετῆσαι
2773 1439 2874 1508 τὴν
2915 1438 3131 1510 άληθῶς
3171 1439 3266 1493 τοῦ
3293 1438 3484 1506 Λόγου
3539 1436 3685 1508 πρὸς

2094 1523 2192 1595 τὴν
2219 1526 2419 1596 σάρκα,
2443 1529 2799 1599 ὑπερένδοξον
2825 1531 3042 1586 ἐνωσιν.

2675 1683 2930 1744 ΚΕΦΔΔ.
2983 1688 3070 1753 ς’.

2161 1813 2281 1866 Πᾶν
2303 1811 2483 1866 ὁτιοῦν
2515 1815 2898 1886 συντιθέμενον
2927 1815 3100 1886 ἑτέρῳ
3132 1817 3215 1881 εἰς
3243 1815 3306 1870 τδ
3339 1815 3674 1872 ἀποτελέσει

2095 1901 2224 1972 μίαν
2251 1901 2418 1971 φύσιν
2443 1903 2477 1973 ἢ
2510 1905 2605 1956 καὶ
2633 1905 2931 1960 ὑπόστασιν
2977 1906 3176 1970 ζῶσαν,
3211 1908 3377 1980 μέρος
3419 1909 3674 1978 εὑρίσκε-

2089 2009 2180 2046 ται
2235 1993 2437 2064 ταύτης
2492 1994 2592 2064 τῆς
2647 1997 2862 2064 φύσεως
2908 1999 2942 2068 ἦ
2990 1999 3084 2053 καὶ
3125 1999 3472 2062 ὑποστάσεως
3499 2018 3518 2034 ο
3558 2003 3672 2055 πᾶν

2089 2081 2148 2136 δὲ
2181 2082 2346 2153 μέρος
2369 2085 2500 2153 μιᾶς
2537 2085 2755 2154 φύσεως
2799 2086 2832 2158 ἢ
2894 2089 2992 2142 καὶ
3047 2089 3399 2152 ὑποστάσεως
3458 2090 3669 2161 ζώσης,

2083 2173 2295 2242 φυσικῇ
2331 2173 2548 2246 ἀνάγκη
2597 2177 2910 2246 συμπάσχει
2959 2177 3034 2248 τῷ
3094 2179 3248 2248 μέρει
3299 2179 3420 2248 μεθ’
3466 2173 3532 2234 οὖ
3567 2181 3672 2251 τὴν

2087 2263 2296 2316 τοιάνδε
2351 2265 2515 2334 φύσιν
2565 2265 2597 2336 ἧ
2663 2267 2757 2320 καὶ
2793 2267 3089 2323 ὑπόστασιν
3133 2269 3315 2336 ξῶσαν
3343 2272 3665 2328 ἀπετέλεσε.

2088 2353 2182 2424 Μὴ
2211 2353 2442 2410 θέλουσα
2486 2357 2543 2410 δὲ
2593 2359 2627 2429 ὴ
2664 2357 2831 2430 ψυχὴ.
2896 2362 3208 2432 συμπάσχει
3251 2362 3342 2434 τῷ
3391 2363 3614 2433 ’σώματι
3645 2379 3662 2394 ο

2087 2443 2162 2507 ὡς
2215 2446 2312 2499 καὶ
2372 2447 2644 2502 παύεσθαι
2709 2451 2819 2504 τῶν
2899 2453 3117 2507 οἰκεῖων
3171 2455 3464 2526 ἐνεργειῶν
3509 2472 3660 2523 ποτε,

2087 2537 2196 2590 τῶν
2222 2537 2317 2590 τοῦ
2344 2537 2600 2608 σώματος
2626 2540 2834 2608 μελῶν,
2877 2543 2996 2613 μεθ’
3025 2537 3100 2597 ὧν
3140 2545 3378 2616 ἐνεργεῖ,
3424 2545 3658 2616 βλάπτοι

2089 2631 2271 2700 μένων
2303 2647 2320 2664 ο
2351 2632 2554 2702 ὁμοίως
2586 2634 2682 2686 καὶ
2711 2633 2772 2686 τὸ
2836 2635 2992 2706 σῶμα
3043 2641 3246 2708 φυσικῇ
3288 2639 3500 2710 ἀνάγκῃ
3545 2656 3653 2692 συν-

2085 2722 2308 2790 τήκεται
2337 2724 2456 2785 ταῖς
2481 2722 2679 2786 λύπαις
2713 2724 2813 2794 τῆς
2846 2725 3020 2798 φυχῆς
3045 2731 3139 2781 καὶ
3185 2732 3307 2788 ταῖς
3351 2731 3652 2801 μερῐμναις.

2087 2813 2192 2866 Τὸν
2220 2811 2277 2864 δὲ
2319 2813 2452 2866 Θεὸν
2496 2814 2670 2881 Λόγον
2720 2818 2936 2890 ἀνάγκη
2989 2819 3169 2885 λέγειν
3198 2820 3657 2889 ,συμπεπονθέναι

2085 2905 2152 2973 τῇ
2186 2903 2245 2970 ἐξ
2269 2903 2424 2974 ἡμῶν
2459 2904 2692 2976 ἐμψύχῳ
2725 2909 2908 2976 σαρκὶ,
2937 2908 2996 2960 οὑ
3029 2909 3190 2977 θέμις
3221 2925 3236 2940 ο
3263 2911 3363 2962 οὑκ
3391 2908 3499 2979 ἄρα
3532 2925 3658 2962 συνο

417 3009 449 3047 e
473 2993 636 3049 nobis
662 2993 715 3047 in
746 2993 910 3049 unius
937 3007 1147 3050 naturae
1195 3009 1290 3050 seu
1349 2995 1654 3066 hypostasis
1680 2995 1986 3052 subsisten-

2097 2992 2250 3062 ετέθη
2279 2994 2307 3046 ό
2331 2994 2464 3056 Θεὸς
2486 2995 2658 3062 Λόγος
2678 2995 2754 3064 τῷ
2777 2996 2837 3060 ἐξ
2875 2996 3028 3065 ήμῶν
3059 2995 3332 3064 ἀνθρώπῳ
3382 2999 3463 3058 εἰς
3519 3002 3656 3066 μιᾶς

419 3084 550 3139 tiam
577 3101 590 3150 ;
621 3084 667 3139 si
697 3099 829 3139 vero
865 3085 1054 3140 unitas
1079 3093 1186 3146 est.
1223 3095 1280 3140 et
1311 3086 1624 3142 necessario
1658 3102 1853 3157 passus
1879 3096 1986 3153 est,

417 3175 564 3246 quod
595 3182 681 3230 est
708 3175 1048 3246 blasphemia
1069 3217 1082 3238 ,
1131 3175 1264 3230 libet
1295 3184 1422 3232 ante
1453 3179 1639 3234 omnia
1674 3193 1774 3232 vos
1813 3178 1988 3233 inter-

415 3281 612 3338 rogare
644 3281 714 3321 an
751 3267 893 3321 idem
921 3275 1172 3322 naturam
1201 3277 1255 3322 et
1286 3268 1622 3339 hypostasim
1664 3270 1990 3326 existimetis

414 3359 582 3414 etiam
619 3374 736 3422 vos,
768 3359 924 3428 quasi
973 3367 1180 3413 naturis
1226 3359 1392 3414 unius
1439 3370 1891 3430 pmpugnatores.
1929 3360 1988 3416 Si

416 3447 566 3503 enim
593 3449 697 3504 hoc
721 3462 940 3519 quoque
973 3463 1070 3503 vos
1095 3448 1302 3513 dicitis,
1329 3465 1398 3504 en
1427 3465 1458 3504 a
1482 3450 1640 3506 vobis
1665 3451 1784 3506 sine
1810 3466 1990 3522 pugna

417 3548 670 3594 errantes
707 3537 1184 3610 deprehendimini
1208 3580 1224 3605 ,
1252 3541 1588 3612 nominaque
1621 3541 1727 3597 alia
1748 3543 1992 3612 aliasque

419 3645 584 3686 voces
614 3630 854 3700 plurium
879 3631 1306 3702 appellationum
1328 3634 1688 3702 usurpatione
1727 3634 1994 3690 dissimu-

419 3723 628 3786 lantes;
663 3739 693 3778 a
747 3723 906 3778 nobis
951 3723 1098 3778 enim
1132 3725 1243 3779 cito
1284 3725 1348 3780 in
1401 3725 1508 3780 hoc
1549 3725 1991 3780 confutabimini.

419 3814 608 3870 Primo
639 3825 823 3870 autem
855 3815 922 3871 de
949 3818 1080 3871 vocc
1107 3815 1420 3883 Trinitatis;
1456 3817 1501 3870 si
1547 3817 1694 3872 enim
1727 3817 1866 3872 idem
1897 3817 1994 3872 ad-

418 3899 642 3962 mittitis
689 3908 799 3962 hazc
835 3923 980 3972 esse,
1020 3907 1105 3962 vel
1151 3916 1264 3963 tres
1305 3909 1662 3974 substantias,
1697 3909 1784 3963 vel
1828 3923 1992 3963 unam

417 3997 742 4054 existimatis
761 3997 1002 4053 divinam
1028 3999 1384 4070 hypostasim.
1409 3998 1664 4055 Secundo
1685 4016 1837 4064 vero,
1867 4001 1996 4071 quia

417 4089 556 4146 duas
584 4099 808 4145 naturas
837 4105 940 4145 nos
965 4089 1377 4156 d.icimus,duas
1401 4108 1622 4163 quoque
1676 4093 1998 4165 hypostases

417 4181 636 4237 Domini
671 4198 774 4238 nos
803 4182 970 4238 vultis
1002 4183 1229 4250 dicere;
1271 4183 1430 4254 quasi
1461 4198 1571 4239 non
1613 4184 1745 4240 satis
1787 4185 1996 4240 dictum

416 4273 616 4331 fuisset
651 4291 752 4346 pro
782 4283 966 4332 vestra
997 4275 1248 4331 doctrina
1275 4275 1344 4331 de
1377 4285 1574 4332 natura
1621 4275 1852 4347 duplici,
1889 4276 1995 4331 nisi

2093 3079 2307 3148 φύσεως
2338 3079 2371 3152 ἢ
2401 3082 2496 3135 καὶ
2521 3083 2860 3146 ὑποστάσεως
2890 3083 3166 3137 σύστασιν.
3192 3084 3253 3136 Εἰ
3280 3084 3336 3136 δὲ
3363 3086 3644 3154 συυετέθη,

2091 3171 2186 3225 καὶ
2206 3171 2473 3226 πέπονθεν
2503 3174 2740 3246 ἀνάγκη,
2768 3174 2902 3243 ὅπερ
2925 3173 3148 3239 ἀσεϐὲς,
3195 3174 3364 3245 ἡδέως
3401 3176 3466 3228 ἂν
3488 3175 3650 3245 ’ὑμῶν

2090 3262 2368 3334 πυθοίμην
2407 3263 2514 3335 πρό
2569 3281 2633 3333 γε
2685 3265 2962 3332 ἁπάντων,
3003 3267 3056 3318 εἰ
3111 3263 3306 3318 ταυτὸν
3349 3265 3512 3332 φύσιν
3563 3277 3661 3322 καὶ

2093 3352 2390 3407 ὑπόστασιν
2411 3353 2589 3408 οἴεσθε
2613 3355 2706 3408 καὶ
2735 3356 2914 3424 ὑμεῖς,
2973 3354 3164 3426 ῶσπερ
3212 3357 3309 3409 καὶ
3353 3357 3404 3409 οἱ
3449 3355 3659 3422 φύσεως

2096 3444 2226 3513 μιᾶς
2272 3443 2748 3516 ὑπερμαχοῦντες.
2795 3445 2859 3498 Εἰ
2889 3445 2998 3514 γὰρ
3023 3444 3183 3498 τοῦτο
3209 3443 3302 3498 καὶ
3331 3444 3482 3514 ὑμεῖς
3507 3460 3658 3513 φατε.

2083 3533 2170 3588 ιῐδε
2221 3535 2448 3605 ἀκονητὶ
2507 3537 2642 3606 ἡμῖν
2699 3535 3094 3606 φωραθήσεσθε
3153 3535 3520 3604 σοφιζόμενοι,
3569 3536 3662 3588 καὶ

2091 3624 2160 3679 τὰ
2202 3626 2524 3697 ἐτερώνυμα
2569 3627 2663 3680 καὶ
2711 3627 3020 3696 ἐτερόσημα
3071 3626 3162 3680 διὰ
3211 3627 3530 3698 προλήψεως
3556 3626 3662 3678 τῶν

2088 3717 2470 3788 πολυωνὺμων
2507 3716 2894 3782 συσκιάζοντες
2918 3733 2934 3748 ·
2974 3717 3365 3788 ἐλεγχθήσεσθε
3395 3719 3504 3786 γὰρ
3527 3717 3662 3780 τέως

2094 3807 2228 3874 ἡμῖν
2273 3807 2334 3859 ἐν
2368 3805 2572 3878 τούτῳ.
2622 3806 2846 3878 Πρῶτον
2905 3807 3004 3876 μὲν
3047 3807 3187 3860 κατά
3228 3808 3319 3860 τδν
3368 3804 3663 3874 τριαδικὸν

2095 3897 2253 3966 λόγον
2283 3913 2298 3928 ·
2353 3898 2402 3950 εἰ
2447 3900 2559 3968 γὰρ
2617 3897 2677 3950 τὸ
2712 3897 2846 3952 αὑτὸ
2901 3897 3186 3966 ἐκδέχεσθε
3245 3896 3372 3952 τάδε
3422 3892 3577 3960 εἶναι,
3626 3895 3659 3967 η

2095 3990 2246 4059 τρεῖς
2275 3987 2376 4050 τὰς
2405 3987 2612 4052 οὑσίας,
2645 3987 2678 4056 ἢ
2722 3986 2854 4056 μίαν
2900 3986 3075 4039 οἴεσθε
3116 3987 3215 4057 τὴν
3248 3985 3400 4063 θείαν
3436 3986 3662 4038 ὑπόστα-

2099 4097 2204 4136 σιν.
2237 4079 2500 4152 Δεύτερον
2525 4079 2603 4141 δέ,
2630 4081 2711 4132 ὅτι
2734 4081 2828 4132 καὶ
2854 4078 3170 4146 δύο-φῦσεις
3205 4078 3362 4148 ἡμῶν
3381 4077 3660 4145 λεγόντων,

2097 4166 2458 4242 εἰσπράττετε
2483 4172 2632 4240 ἡμᾶς
2679 4169 2774 4224 δύο
2823 4170 3003 4238 λέγειν
3051 4173 3148 4224 καὶ
3197 4171 3526 4234 ὑποστάσεις
3574 4169 3663 4224 τοῦ

2101 4263 2308 4334 Κυρίου
2329 4276 2354 4294 -ο
2380 4263 2456 4324 ὡς
2485 4263 2585 4316 οὑκ
2627 4260 2852 4324 ἐντελῶς
2881 4261 3172 4330 εἰρημένον
3214 4263 3348 4332 πρός
3403 4261 3498 4331 τὴν
3538 4262 3665 4330 ὑμε-

416 4366 580 4421 ctiam
611 4366 911 4423 adderetur
939 4367 1142 4438 duplex
1171 4369 1498 4440 hypostasis.
1520 4369 1637 4423 Alia
1659 4383 1877 4438 quoque
1897 4383 1991 4422 vos

2097 4355 2262 4426 τέραν
2285 4352 2444 4418 δόξαν
2464 4352 2560 4406 τοῦ
2582 4350 2763 4406 διττοῦ
2793 4351 2895 4421 τῆς
2925 4352 3163 4420 φύσεως,
3189 4351 3282 4406 ἐὰν
3307 4355 3385 4423 μὴ
3415 4352 3668 4424 πρόσεστι

415 4457 683 4514 extollunt
707 4458 774 4514 de
803 4459 911 4514 hoc
932 4458 1082 4514 dicto
1107 4459 1160 4513 in
1191 4459 1416 4528 proprio
1436 4457 1580 4522 loco,
1611 4457 1667 4512 in
1689 4473 1800 4526 quo
1832 4457 1998 4512 simul

417 4561 518 4603 vos
543 4557 600 4602 et
625 4549 719 4618 qui
752 4563 818 4603 ex
843 4558 997 4618 parte
1036 4558 1164 4602 sunt
1201 4545 1484 4618 Eutychis,
1511 4546 1616 4601 hoc
1639 4546 1799 4602 nobis
1821 4545 1998 4600 medi-

420 4639 610 4694 tamini
641 4637 908 4696 dicentes.
935 4647 1192 4694 naturam
1217 4645 1274 4693 et
1301 4638 1636 4710 liypostasim
1664 4637 1809 4692 idem
1831 4636 1999 4708 signi-

420 4727 619 4786 ﬁcare:
651 4731 756 4784 Aut
799 4730 964 4800 igitur
998 4729 1132 4783 duas
1179 4743 1382 4798 quoque
1417 4730 1752 4801 hypostases,
1797 4735 1890 4782 aut
1931 4742 1998 4782 ne

419 4829 644 4882 natura;
675 4821 885 4892 quidem
931 4820 1106 4874 dicite.
1142 4817 1250 4874 Sed
1303 4818 1433 4874 alibi
1462 4818 1531 4874 de
1561 4818 1650 4874 his
1676 4833 1775 4874 vos
1809 4821 1866 4873 et
1913 4817 1994 4873 illi

420 4909 687 4965 eonfutati
717 4909 873 4968 estis.

492 5171 548 5228 Si
578 5187 708 5246 vero
739 5173 870 5230 illud
899 5191 1048 5232 nunc
1071 5177 1401 5235 erubescitis
1420 5179 1640 5260 dicere,
1666 5188 1845 5250 utque
1860 5181 1995 5236 alie-

421 5281 554 5319 num
587 5273 883 5337 utrumque
911 5269 1208 5340 usurpatis,
1237 5269 1346 5326 hoc
1377 5269 1526 5328 enim
1559 5269 1747 5330 dicere
1775 5271 1994 5330 videtur

417 5368 430 5400 ε
450 5349 732 5420 onjimrtiu
748 5361 797 5404 cl
819 5368 836 5418 ;
860 5349 1041 5404 dicitis
1055 5353 1202 5426 enim
1225 5371 1238 5402 τ
1255 5352 1632 5424 perﬁciendum
1647 5371 1806 5411 unum
1829 5369 1990 5412 uatu-

417 5461 536 5522 τηυξ
566 5443 672 5498 sive
703 5455 752 5497 et
775 5443 1097 5518 hypostaaim
1131 5445 1378 5502 uiuentem
1398 5461 1417 5500 :
1445 5464 1566 5503 cura
1601 5466 1708 5503 non
1736 5451 1984 5506 ulinritis

419 5555 576 5592 unam
599 5537 982 5604 ua!uram,sive
999 5538 1448 5608 hypouaaim,secl
1466 5541 1679 5596 cuidam
1695 5541 1924 5610 disjuncv
1937 5543 1978 5594 i-

421 5645 496 5684 ta.
511 5630 878 5702 conjunctioni
900 5631 1264 5700 copulativam
1292 5643 1340 5686 et
1361 5634 1698 5700 aoltlidcritis,
1719 5635 1876 5690 nobis
1897 5649 1986 5689 vo-

2103 4447 2196 4500 καὶ
2219 4445 2282 4499 τὸ
2311 4444 2531 4505 διπλοῦν
2587 4444 2687 4514 τῆς
2733 4444 3103 4508 ὑποστάσεως.
3167 4446 3277 4498 Καὶ
3324 4445 3395 4498 τὰ
3435 4445 3569 4500 ἄλλα
3615 4444 3671 4498 δὲ

2103 4539 2249 4608 ὑμᾶς
2271 4535 2633 4607 θριαμσεὺσει
2661 4533 2730 4588 τά
2777 4536 2907 4607 περὶ
2953 4539 3146 4589 τούτου
3197 4538 3254 4588 ἐν
3306 4535 3385 4606 τῷ
3443 4535 3556 4602 ἰδίῳ
3594 4538 3669 4588 εἰ-

2107 4629 2316 4700 ρημένα
2333 4626 2622 4698 κεφαλαίῳ
2649 4641 2665 4657 ·
2717 4627 2778 4680 ἐν
2818 4621 2867 4694 ᾧ
2911 4627 3105 4690 κοινῶς
3161 4627 3320 4697 ὑμεῖς
3372 4643 3431 4680 τε
3478 4627 3572 4679 καὶ
3621 4627 3670 4678 oi

2101 4722 2210 4782 ἀπὸ
2232 4720 2528 4791 Εὑτυχοὺς.
2563 4719 2720 4773 τοῦτο
2757 4721 2892 4790 ἡμῖν
2937 4720 3354 4792 ἐσκαιωρήσατε
3405 4719 3666 4788 λέγοντες,

2101 4811 2185 4865 ὅτι
2217 4809 2382 4881 φύσις
2417 4811 2512 4864 καί
2542 4808 2844 4872 ὑπόστασις
2884 4809 3082 4864 ταυτὸν
3113 4809 3365 4878 σημαίνει
3398 4827 3412 4840 ·
3456 4809 3534 4863 ’Ἡ
3563 4805 3672 4863 οὖν·

2099 4901 2210 4957 δύο
2266 4900 2366 4956 καί
2407 4902 2514 4966 τὰς
2551 4898 2942 4965 ὑποστάσεις,
3005 4899 3045 4968 ἦ
3097 4895 3254 4969 μηδὲ
3309 4901 3417 4966 τὰς
3462 4901 3674 4972 φύσεις·

2099 4993 2348 5064 λέγοιτε.
2394 4991 2536 5046 Ἀλλ’
2557 4991 2795 5062 ἑτέρωσε
2837 4991 2935 5063 μὲν
2963 4991 3088 5046 τάδε
3137 4992 3270 5062 ὑμῖν
3306 5008 3367 5046 τε
3410 4995 3674 5055 κάκείνοις

2098 5085 2436 5162 διήλεγιεται.

2169 5177 2236 5233 Εἰ
2279 5177 2336 5231 δὲ
2355 5175 2516 5231 τοῦτο
2545 5173 2645 5232 νῦν
2685 5172 2923 5232 αἰδεῖσθε
2974 5174 3178 5246 λέγειν,
3234 5176 3328 5230 καὶ
3378 5175 3456 5241 ὡς
3493 5176 3674 5246 ἓτερον

2097 5268 2405 5340 λαμϐάνετε
2473 5267 2736 5341 ἑκάτερον
2759 5281 2772 5297 ⁸
2821 5268 2982 5324 τοῦτο
3029 5268 3141 5346 γάρ
3193 5267 3342 5322 δοκεῖ
3380 5270 3673 5339 μαρτυρεῖν

2099 5365 2228 5436 ὑμῖν
2253 5367 2282 5419 ό
2309 5359 2406 5418 καὶ
2429 5363 2747 5434 σύνδεσμος,
2787 5363 3134 5430 φασκόντων,
3190 5361 3296 5430 Εἰς
3346 5361 3417 5416 τὸ
3468 5363 3673 5417 ἀποτε-

2096 5455 2276 5512 λέσαι
2309 5455 2456 5527 μίαν
2479 5457 2674 5526 φύσιν
2709 5453 2751 5523 ἢ
2779 5455 2880 5510 καί
2905 5457 3256 5535 ὑπόστασιν
3277 5453 3475 5514 ὦσαν
3498 5468 3514 5484 ⁸
3553 5453 3672 5508 ἐπεὶ

2097 5549 2197 5602 οὑκ
2249 5547 2510 5619 εἰρήκατε
2562 5547 2716 5616 μίαν
2764 5548 2958 5615 φύσιν
2977 5563 3008 5609 ,’
3057 5545 3261 5601 εἴτ-ουν
3308 5545 3670 5609 ὑπόστασιν,

2095 5635 2232 5691 ἄλλά
2259 5635 2599 5708 προσθετικῷ
2630 5652 2734 5688 τινι
2767 5635 3052 5707 συνδεσμῳ
3074 5637 3169 5691 καὶ
3198 5637 3260 5692 τὸ
3297 5636 3486 5709 ἓτερον
3538 5637 3676 5706 tm)-
