3888 6168
161 1101 172 1139 i

182 291 324 358 149.1

1126 286 1522 352 ADVERSUS
1561 284 2111 352 NESTORIANOS.
2141 315 2213 328 —
2245 288 2388 352 LIB.
2472 293 2522 351 Ι.

3313 292 3446 357 1622

179 406 414 475 γάγετε,
479 403 638 458 τοῦτο
667 402 848 472 λέγειν
905 401 1123 470 ἔχοιμεν
1174 401 1310 470 πρὸς
1368 401 1534 470 ὑμᾶς,
1597 400 1672 463 ὡς
1723 402 1770 451 εἰ

1900 400 2088 456 iiscum
2127 400 2549 470 colloquendum
2579 409 2744 462 esset,
2774 402 2930 470 quasi
2975 401 3066 456 hic
3109 401 3286 456 solum
3351 417 3448 458 vos

179 497 329 570 πρὸς
361 496 488 560 τοὺς
513 496 774 564 λέγοντας
810 495 938 564 μίαν
968 493 1132 562 φύσιν
1188 494 1252 545 ἐκ
1291 493 1391 561 τῆς
1427 491 1773 556 συνθέσεως

180 588 574 644 ἀποτελεῖσθαι
600 587 953 640 ἁπετείνεσθε
991 587 1150 654 μόνον
1183 584 1272 637 διὰ
1298 584 1487 648 τῶνδε,
1516 579 1660 654 εῖχεν
1707 583 1774 636 ἄν

182 697 244 732 τι
287 679 417 748 ὑμῖν
462 679 525 730 τὸ
564 677 922 746 ἐπιχείρημα.
975 673 1198 741 Ἐπειδὴ
1243 673 1301 727 δὲ
1332 673 1468 744 πρὸς
1492 674 1618 735 τοὺς
1648 672 1775 742 μίαν

182 770 291 840 τὴν
322 771 642 833 ὑπόστασιν,
684 769 779 822 καὶ
817 767 878 819 οὑ
909 767 1006 836 τὴν
1037 766 1219 835 φύσιν,
1247 767 1312 818 ὲκ
1334 765 1432 836 τῆς
1477 763 1776 826 συνθέσεως

180 864 219 930 ἠ
233 865 340 931 μᾶς
359 859 783 930 ὁμολογοῦντας,
809 858 866 910 τὸ
884 858 1018 910 αὑτὸ
1035 857 1285 924 ἐγκαλεῖν
1303 855 1774 926 ἀπηρυθριάσατε,

187 952 412 1022 πρῶτον
437 950 556 1019 μὲν,
582 948 698 1010 πῶς
727 947 891 1018 μέρος
933 948 1070 1016 φατὲ
1099 948 1197 1016 τῆς
1236 947 1482 1000 ὲνουσίου
1535 945 1777 998 ὑποστά-

187 1058 334 1103 σεως
370 1041 479 1092 πᾶν
507 1038 568 1091 τὸ
601 1037 982 1107 συντιθέμενον
1018 1037 1098 1092 εἰς
1135 1036 1196 1088 τὸ
1219 1034 1549 1088 ἀποτελέσαι
1583 1033 1775 1102 αὐτὴν,

185 1131 537 1202 ἀκούσωμεν·
560 1133 661 1200 τῆς
683 1131 791 1198 γάρ
815 1128 1164 1189 ὑποστάσεως
1179 1129 1213 1195 ἡ
1229 1126 1546 1197 ὑπογραφὴ,
1565 1125 1624 1189 ἐξ
1654 1125 1780 1177 ἰδιο-

182 1222 372 1292 τήτων
415 1219 576 1272 τινῶν
627 1219 780 1288 παρὰ
824 1219 891 1270 τὰ
935 1218 1197 1286 ὁμοουσία
1218 1217 1274 1268 ἕν
1298 1230 1404 1267 τινι
1433 1212 1780 1267 ὲπουσιωδῶν

186 1312 223 1384 ἦ
276 1310 646 1363 ἐπιουσιωδὶὑν
677 1311 771 1361 καὶ
800 1307 1221 1378 συμϐεϐηκότων
1249 1307 1432 1370 τινῶν,
1462 1304 1780 1374 ἁχωρίστως

187 1403 423 1473 ὖντωνῆ
456 1401 884 1470 ἐπιγενομένων,
913 1399 1253 1452 συνίσταται.
1288 1397 1426 1449 Οὔτε
1476 1396 1530 1448 δὲ
1584 1395 1642 1447 αἰ
1687 1395 1780 1447 οὑ-

195 1494 314 1546 σξαι
343 1493 454 1545 τῶν
488 1493 764 1545 συνθέτων
793 1491 936 1561 μέρη
957 1490 1066 1543 τῶν
1095 1487 1449 1542 ὑποστάσεὼν
1488 1490 1593 1541 εἰσι
1625 1503 1639 1516 ο
1673 1486 1782 1538 τῶν

193 1587 311 1653 γὰρ
341 1582 561 1642 οὐσιῶν,
593 1581 774 1633 οὐσίαι
803 1580 871 1632 τά
895 1580 1036 1650 μέρη
1064 1579 1331 1648 γίνονται,
1380 1579 1440 1630 οὑ
1479 1577 1589 1629 τῶν
1646 1576 1781 1628 ὑπο·

194 1676 469 1737 στάσεων,
509 1673 628 1725 οὐδὲ
665 1673 771 1742 μὴν
809 1669 919 1723 τῶν
949 1670 1373 1740 συμϐεϐηκότων
1403 1687 1455 1721 τι
1495 1668 1602 1722 τῶν
1634 1684 1779 1736 γινο-

1875 500 2068 546 contra
2097 507 2194 546 eos
2226 492 2321 561 qui
2355 492 2546 547 dicunt
2569 506 2734 547 unam
2759 501 3012 548 naturam
3040 494 3236 547 unione
3259 493 3448 562 perﬁci

1872 583 2292 648 contenderitis,
2326 583 2408 638 sic
2439 585 2778 654 aliquantum
2820 585 3171 640 ratiocinium
3205 593 3452 640 vestrum

1875 677 2100 731 valeret.
2115 675 2252 731 Cum
2275 684 2457 730 autem
2479 675 2770 730 adversum
2795 690 2896 730 nos
2913 691 3076 729 unam
3093 676 3450 746 hypostasim,

1877 782 1988 822 non
2021 775 2205 821 autem
2250 782 2415 820 unam
2465 775 2720 820 naturam
2773 782 2841 821 ex
2899 768 3091 821 unione
3133 765 3458 822 conﬁtentes

1877 854 2192 925 agatis,hoc
2221 853 2384 907 nobis
2409 852 2630 908 crimini
2661 861 2875 909 vertere
2901 869 3012 908 non
3040 853 3454 917 erubescentes,

1878 945 2154 1016 quomodo
2180 960 2399 1000 omnem
2429 955 2639 1016 partem
2663 961 2791 1000 cum
2824 946 2989 1000 unius
3011 945 3332 1000 substantia:
3362 946 3460 1017 by-

1879 1038 2086 1107 postasi
2124 1039 2337 1092 unitam
2365 1052 2487 1092 esse
2518 1037 2586 1091 ad
2623 1036 2769 1091 illam
2801 1037 3192 1106 perﬁciendam
3240 1036 3456 1100 dicatis,

1879 1128 2116 1197 primum
2155 1127 2476 1182 audiamus:
2505 1134 2704 1182 natura
2730 1126 2878 1182 enim
2916 1126 3224 1198 hypostasis
3248 1136 3464 1182 constat

1880 1234 1950 1273 ex
1985 1219 2420 1288 proprietatibus
2448 1217 2782 1287 quibusdam
2812 1217 3370 1272 consubstantialium
3405 1218 3465 1272 in

1881 1310 2066 1380 aliquo
2098 1309 2477 1365 essentialium
2505 1318 2603 1364 aut
2630 1309 2790 1380 quasi
2819 1307 3201 1365 essentialium
3249 1322 3314 1362 ac
3339 1309 3466 1378 qui-

1882 1398 2112 1452 busdam
2151 1397 2532 1453 accidentibus
2562 1397 3027 1467 inseparabilibus
3071 1396 3159 1450 vel
3204 1411 3468 1465 superve-

1883 1491 2186 1545 nientibus.
2237 1491 2350 1545 Nec
2387 1504 2520 1544 vero
2567 1489 2892 1545 substantiae
2943 1490 3229 1544 unitorum
3283 1495 3470 1558 partes

1882 1589 2014 1636 sunt
2051 1582 2460 1652 bypostaseon;
2497 1581 2937 1636 substantiarum
2967 1582 3116 1634 enim
3150 1579 3471 1636 substantiae

1883 1678 2068 1740 partes
2084 1669 2242 1734 fiunt,
2259 1686 2369 1724 non
2387 1670 2774 1740 hypostaseon,
2791 1684 2894 1724 nec
2907 1669 3074 1724 etiam
3091 1669 3310 1739 aliquod
3331 1668 3474 1724 acci-

198 1767 404 1838 μένων,
457 1766 626 1836 χωρὶς
671 1766 768 1834 τῆς
801 1763 891 1817 τοῦ
928 1763 1292 1832 ὑποκειμένου
1325 1760 1678 1832 άναιρέσ;ως,
1705 1758 1779 1820 ὡς

1900 1761 2133 1815 lentium
2153 1777 2273 1830 qua:
2298 1759 2455 1826 ﬁunt,
2486 1761 2638 1815 salvo
2665 1759 2932 1830 subjecto,
2957 1768 3018 1814 ut
3045 1775 3174 1828 pars
3205 1760 3258 1813 in
3289 1759 3474 1829 aliqua

197 1859 369 1929 μέρος
421 1858 478 1911 έν
532 1875 639 1911 τινι
668 1857 967 1910 ὑποστάσει
1008 1856 1246 1926 ὑπάρχει
1277 1871 1290 1886 ³
1322 1853 1439 1907 ἀλλ’
1469 1853 1592 1906 οὑδὲ
1627 1852 1790 1905 αὑταὶ

196 1953 255 2003 αἰ
287 1950 517 2016 φυσικαὶ
576 1950 860 2016 ἰδιότητες,
913 1946 988 2003 ὡς
1039 1947 1204 2016 μέρος
1239 1944 1347 1998 εἰσὶ
1402 1944 1512 1996 τῶν
1556 1943 1792 1996 ὑποστά-

200 2058 343 2094 σεων
402 2034 476 2093 ὧν
529 2041 669 2090 εἰσιν
730 2039 966 2102 οὐσιῶν,
1026 2038 1164 2091 ἀλλὰ
1209 2039 1303 2090 καὶ
1351 2038 1571 2108 μερικοὶ
1619 2036 1789 2104 λόγοι.

199 2133 266 2186 Εἰ
299 2132 409 2202 γάρ
441 2132 582 2202 μέρη
607 2132 664 2183 αἰ
714 2129 974 2198 ἰδιότητές
1010 2132 1118 2180 εἱσι
1169 2131 1268 2198 τῆς
1309 2130 1684 2190 ὑποστάσεως,
1733 2127 1794 2178 τὸ

199 2222 256 2274 δὲ
289 2223 410 2275 ὅλον
444 2221 708 2288 συγγενὲς
766 2223 880 2282 τοῖς
930 2219 1122 2272 ἑαυτοῦ
1175 2220 1364 2290 μέρεσι
1423 2218 1517 2271 καὶ
1577 2217 1791 2282 ταυτὸν,

200 2314 298 2364 καὶ
325 2311 478 2364 οὐδὲν
509 2311 664 2378 γένος
691 2310 842 2378 παρά
863 2311 1041 2362 πάντα
1069 2309 1234 2362 αὑτοῦ
1288 2309 1357 2361 τά
1419 2309 1582 2377 μέρη,
1642 2307 1794 2360 ἔσται

203 2404 303 2457 καὶ
330 2405 391 2456 τὸ
425 2403 544 2456 ὃὶον
568 2403 668 2470 τῆς
700 2402 1074 2464 ὑποστάσεως,
1123 2401 1319 2471 ἰδιότης
1364 2401 1594 2454 καθόλου
1637 2400 1796 2470 μόνον

202 2492 476 2554 ἀνοὺσιος.
536 2494 609 2544 Οὐ
663 2492 822 2560 μόνον
870 2492 927 2544 δὲ
976 2490 1156 2556 τοῦτο,
1187 2492 1321 2544 ἀλλὰ
1362 2493 1455 2544 καὶ
1489 2492 1612 2543 ἐπεὶ
1645 2492 1797 2544 πᾶσα

207 2585 411 2653 ἰδιότης
454 2583 571 2634 ἐστὶ
613 2583 674 2634 τὸ
710 2583 829 2634 ὅλον
862 2581 962 2650 τῆς
999 2581 1374 2643 ὑποστάσεως,
1407 2580 1566 2649 εἴπερ
1600 2579 1795 2648 ἰδιότης

205 2675 240 2745 ἢ
305 2674 496 2744 ἑτέρου
557 2672 703 2736 τινος
768 2673 920 2725 ἕσται
977 2671 1224 2739 ἰδιότης*
1278 2673 1370 2724 καὶ
1428 2671 1586 2723 τοῦτο
1636 2669 1798 2722 πάλιν

206 2767 298 2818 ἐπ’
348 2767 575 2838 ἄπειρον
627 2764 927 2834 ζητητέονο
971 2764 1003 2833 ἢ
1063 2765 1162 2834 οὐχ
1219 2763 1408 2835 ἐτέρου
1461 2759 1617 2824 οὖσα,
1675 2761 1796 2813 οὑδὲ

212 2859 416 2926 ἰδιότης
456 2859 635 2920 ἔσται,
679 2856 796 2907 οὐδὲ
846 2846 1146 2917 ὑπόστασις
1198 2855 1326 2926 ἄρα.
1379 2855 1492 2907 Οὑκ
1551 2854 1658 2923 ἄρα
1706 2849 1798 2906 οὖν

207 2953 333 3007 οὐδὲ
357 2956 413 3006 αἰ
443 2953 644 3016 οὐσίαι,
667 2952 788 3004 οὐδὲ
816 2951 887 3003 τά
929 2949 1339 3019 συμϐεϐηκότα,
1393 2948 1515 3002 οὐδὲ
1557 2949 1611 2999 αἰ
1671 2946 1798 2998 ἰδιό-

208 3060 374 3113 τητες
424 3045 482 3096 αἱ
526 3042 810 3104 οὑσιὼδεις
843 3042 918 3103 ὡς
953 3043 1094 3111 μέρη
1126 3043 1234 3092 εἰσί
1262 3041 1362 3110 τῆς
1390 3039 1632 3092 ἐνουσίου
1664 3039 1796 3090 ὑπο-

213 3136 460 3198 στάσεως
496 3151 508 3164 ⁶
541 3134 657 3188 ἀλλ’
688 3136 753 3185 ἐκ
783 3133 884 3201 τῆς
914 3133 1124 3194 οὐσίας,
1179 3131 1308 3199 περὶ
1367 3131 1464 3198 τὴν
1519 3129 1710 3181 οὐσίαν
1763 3129 1796 3196 ἢ

212 3228 311 3280 καὶ
347 3224 642 3294 ἀλλαχόθεν
671 3225 728 3275 ἐν
760 3223 897 3290 αὑτῇ
939 3223 1032 3274 καὶ
1079 3223 1207 3288 περί
1263 3219 1454 3288 αὐτὴν,
1512 3219 1635 3271 τινά
1685 3220 1800 3270 ἐστι

212 3318 341 3370 τάδε
371 3316 514 3377 ἰδίως
549 3317 605 3366 ὲν
636 3312 774 3382 τῷδέ
813 3329 921 3364 τινι
983 3311 1354 3381 θεωρούμενα.
1409 3310 1554 3379 Πλὴν
1609 3311 1656 3361 εἰ
1711 3311 1803 3362 καὶ

215 3406 378 3460 τοῦτο
401 3405 531 3473 ὑμῖν
574 3403 1005 3472 συγχωρήσομεν
1039 3401 1120 3469 (οὑ
1174 3401 1282 3470 γάρ
1337 3399 1625 3452 σπουδαῖον
1677 3398 1804 3468 περὶ

216 3497 407 3550 τούτου
431 3494 528 3548 νῦν
559 3492 996 3554 ἀντιτάσσεσθαι,
1030 3492 1126 3544 καὶ
1163 3491 1238 3554 ὼς
1270 3491 1438 3562 μέρος
1484 3491 1569 3559 εἰη
1629 3492 1686 3542 ὲν
1735 3491 1801 3559 τῇ

219 3587 516 3644 ὑποστάσει
575 3584 772 3638 ἑαυτοῦ
811 3585 839 3637 ό
879 3583 1011 3646 Θεὸς
1046 3582 1266 3651 Λόγος),
1295 3581 1591 3636 ἀκόλουθον
1625 3581 1801 3642 ἔσται,

223 3680 445 3749 μείζονα
495 3677 594 3747 τῆς
648 3676 839 3736 οὐσίας
893 3675 991 3743 τῆς
1024 3674 1293 3742 Θεότητος
1359 3673 1540 3743 πάσης
1571 3673 1802 3725 ἕκαστον

219 3770 325 3823 τῶν
353 3768 520 3839 τριῶν
547 3767 720 3835 άγίων
746 3765 1059 3835 προσώπων
1084 3764 1158 3828 ὡς
1191 3765 1310 3818 ὅλον
1351 3766 1446 3818 καὶ
1486 3764 1619 3819 αὐτὸ
1670 3765 1804 3815 νοεῖ-

223 3861 367 3915 σθαι.
396 3862 507 3914 Καὶ
535 3858 678 3912 οὕτω
704 3859 800 3929 μὲν
833 3857 973 3910 τόδε.

305 3950 368 4003 Ἦ
401 3949 632 4012 δευτέρα
669 3947 728 4000 δὲ
762 3947 918 4017 ὑμῶν
951 3947 1214 4017 πρότασις
1243 3945 1430 4011 πάλιν,
1461 3945 1576 4010 πῶς
1605 3944 1719 4016 ἔχει
1744 3944 1807 3997 τὸ

224 4043 481 4114 βέϐαιον,
559 4041 646 4094 ὅτι
707 4042 814 4094 πᾶν
871 4040 1033 4112 μέρος
1088 4040 1438 4101 ὑποστάσεως
1489 4037 1802 4107 λεγόμενον,

227 4135 570 4206 συμπάσχειν
615 4131 693 4202 τῷ
744 4133 917 4202 ἑτέρῳ
956 4132 1172 4198 ἀνάγκη
1201 4147 1216 4162 ·
1279 4132 1373 4183 καὶ
1415 4130 1572 4183 τοῦτο
1596 4129 1684 4183 ἀεὶ
1713 4129 1807 4182 καὶ

225 4228 363 4282 κατὰ
394 4227 572 4281 πάντα
597 4223 940 4295 ἀδιορίστως.
975 4223 1087 4293 Τῆς
1121 4225 1230 4292 γάρ
1273 4216 1373 4275 ⁵τοῦ
1426 4223 1632 4293 κόσμου
1675 4222 1806 4276 ὑπο-

228 4320 469 4379 στάσεως
519 4318 615 4370 καὶ
647 4315 883 4384 φύσεως,
920 4315 1108 4376 ἵππος,
1134 4313 1230 4365 καὶ
1255 4311 1368 4381 γύψ
1395 4329 1408 4342 ·
1434 4312 1530 4365 καὶ
1550 4313 1610 4365 οὑ
1645 4312 1804 4382 μόνον

1892 1852 2170 1924 hypostasi
2201 1851 2452 1917 exsistit;
2493 1851 2589 1906 sed
2619 1865 2721 1905 nec
2752 1851 2859 1906 illa:
2911 1851 3190 1906 naturales
3222 1852 3472 1920 proprie-

1895 1943 2220 2012 tates,quasi
2242 1958 2370 2012 pars
2393 1951 2522 1996 sunt
2539 1942 2903 2011 hypostaseon
2921 1958 3043 2011 qua
3066 1950 3196 1996 sunt
3217 1942 3476 1996 substano

1895 2034 2004 2097 tire,
2039 2033 2135 2087 sed
2163 2041 2219 2088 et
2248 2033 2604 2103 particularia
2633 2033 2802 2088 verba
2831 2049 2845 2097 ;
2881 2035 2926 2088 si
2961 2035 3108 2088 enim
3141 2043 3325 2104 partes
3352 2049 3478 2103 pro-

1899 2126 2165 2195 prietates
2183 2135 2312 2179 sunt
2333 2126 2707 2195 hypostaseos,
2725 2135 2901 2180 totum
2914 2135 3103 2180 autem
3119 2128 3477 2182 connaturale

1898 2217 2072 2286 ipsius
2125 2218 2374 2286 partibus
2419 2226 2476 2272 et
2531 2217 2700 2282 idem,
2729 2233 2798 2272 ac
2843 2217 3056 2271 nullum
3109 2233 3284 2286 genus
3331 2217 3478 2286 apud

1891 2324 2088 2364 omnes
2118 2309 2290 2379 ipsius
2315 2318 2522 2382 partes,
2547 2309 2654 2364 erit
2681 2325 2906 2379 quoque
2942 2317 3117 2364 totum
3148 2310 3478 2380 ltypostasis.

1899 2401 2210 2470 proprietas
2245 2401 2301 2455 in
2328 2416 2528 2471 genere
2557 2409 2769 2455 tantum
2796 2416 2906 2456 non
2942 2401 3336 2456 substantialis.
3361 2402 3482 2456 Non

1899 2491 2078 2544 solum
2139 2499 2324 2544 autem
2354 2491 2480 2554 hoc,
2511 2491 2610 2545 sed
2633 2501 2839 2546 etcum
2865 2492 3048 2547 omnis
3075 2492 3386 2561 proprietas
3411 2492 3483 2548 sit

1901 2591 2079 2637 totum
2130 2582 2459 2653 hypostasis,
2499 2597 2632 2652 ergo
2666 2584 2974 2652 proprietas
2998 2581 3327 2654 velalicujus
3345 2583 3485 2637 alte-

1899 2673 2016 2726 rius
2050 2673 2157 2728 erit
2201 2673 2532 2742 proprietas,
2561 2674 2776 2742 hocque
2825 2689 3046 2729 rursum
3103 2675 3158 2728 in
3209 2675 3484 2728 intluiurm

1898 2766 2008 2820 erit
2056 2764 2436 2835 quaerendum,
2482 2767 2568 2821 vel
2602 2781 2710 2820 non
2749 2766 3000 2830 alterius,
3035 2781 3139 2820 nec
3185 2775 3316 2820 tunc
3355 2781 3485 2835 pro-

1898 2861 2103 2930 prietas
2131 2861 2256 2927 erit,
2288 2875 2392 2916 nec
2417 2860 2544 2915 ideo
2574 2860 2899 2931 hypostasis.
2925 2859 3044 2915 Non
3067 2875 3202 2930 ergo
3232 2875 3332 2914 nec
3357 2859 3489 2914 sub-

1900 2952 2134 3017 stantiae,
2175 2968 2279 3008 nec
2299 2952 2624 3014 accidentia,
2656 2968 2759 3008 nec
2782 2954 3148 3024 proprietates
3168 2955 3486 3009 essentiales

1901 3039 2060 3108 quasi
2110 3049 2294 3109 partes
2340 3049 2468 3094 sunt
2506 3040 2883 3097 substantialis
2931 3043 3258 3113 hypostasis,
3290 3044 3386 3099 sed
3418 3059 3487 3100 ex

1901 3131 2228 3192 substantia.
2263 3132 2331 3186 de
2362 3131 2670 3186 substantia
2695 3133 2781 3187 vel
2828 3141 2884 3187 et
2913 3134 3137 3189 aliunde
3189 3135 3243 3188 in
3275 3135 3392 3204 ipsa
3423 3149 3486 3190 ac

1903 3220 1970 3274 de
2047 3220 2172 3283 illa,
2225 3221 2475 3290 quaedam
2519 3230 2648 3276 sunt
2690 3222 3098 3291 particular-iter
3142 3224 3198 3278 in
3247 3226 3486 3294 quodam

1902 3295 2272 3367 considerata.
2303 3311 2414 3367 Sed
2436 3311 2543 3368 etsi
2570 3312 2676 3367 hoc
2703 3314 2863 3368 vobis
2889 3316 3346 3378 concesserimus.
3375 3333 3486 3372 non

1904 3410 2090 3456 tamen
2130 3401 2503 3457 festinandum
2550 3411 2636 3458 est
2675 3415 2736 3458 ut
2784 3421 2934 3460 nunc
2983 3406 3052 3462 de
3107 3407 3212 3463 hoc
3255 3418 3484 3465 conten-

1905 3493 2090 3559 datur,
2121 3509 2248 3548 cum
2275 3494 2331 3548 in
2364 3495 2647 3564 hypostasi
2679 3497 2855 3566 ipsius
2885 3508 3034 3553 esset
3063 3507 3321 3570 tanquam
3357 3517 3487 3571 pars

1904 3587 2052 3643 Deus
2110 3589 2375 3645 Verbum.
2400 3589 2810 3660 Consequentia
2860 3594 2998 3658 erit,
3027 3595 3291 3666 majorem
3335 3598 3487 3652 omni

1905 3679 2213 3734 substantia
2287 3681 2608 3737 Divinitatis
2655 3699 3103 3756 unamquamque
3147 3687 3316 3742 trium
3364 3705 3489 3759 per-

1905 3788 2162 3828 sonarum
2191 3781 2505 3828 sanctarum
2528 3783 2589 3828 ut
2609 3783 2784 3830 totum
2813 3786 2869 3831 et
2887 3777 3064 3847 ipsum
3090 3779 3339 3852 intelligi.
3363 3781 3489 3836 Haec

1907 3873 2090 3919 autem
2126 3864 2419 3920 suﬂiciant.

1977 3955 2227 4010 Secunda
2249 3964 2434 4012 autem
2455 3965 2635 4013 vestra
2654 3961 2979 4028 propositio,
3006 3963 3284 4031 quomodo
3310 3957 3450 4020 valet
3473 4006 3488 4021 .

1907 4047 2152 4113 scilicet,
2189 4063 2408 4104 omnem
2444 4060 2681 4119 partem,
2729 4067 2852 4121 qua:
2904 4052 3108 4107 dicitur
3159 4055 3488 4124 hypostasis,

1909 4140 2224 4195 necessario
2283 4142 2523 4210 cornpati
2551 4157 2675 4196 cum
2701 4143 2896 4208 altera,
2925 4144 3140 4214 hocque
3180 4161 3399 4216 semper
3439 4156 3495 4202 ct

1911 4231 1965 4284 in
2009 4230 2267 4285 omnibus
2304 4230 2626 4285 indeﬁnite?
2660 4232 2848 4286 Mundi
2891 4249 3024 4288 vero
3057 4235 3366 4306 hypostasis
3396 4253 3495 4292 na-

1913 4328 2158 4389 turaeque
2187 4328 2316 4374 sunt
2347 4336 2527 4390 equus
2561 4331 2616 4376 et
2642 4322 2848 4388 vultur,
2863 4339 2967 4378 nec
3000 4325 3176 4379 solum
3198 4341 3323 4380 cum
3356 4343 3496 4382 una~

226 4411 282 4462 οὑ
309 4410 621 4479 συμπάσχει
650 4407 866 4476 θατέρῳ
886 4405 1115 4476 θάτερον
1141 4401 1303 4467 εἶδος,
1332 4404 1466 4457 ἀλλὰ
1499 4404 1595 4456 καὶ
1619 4402 1794 4456 εὐσθε-

1912 4426 2130 4481 quaque
2180 4426 2524 4480 unaquaeque
2560 4413 2774 4483 species
2827 4429 2939 4468 non
2985 4417 3322 4485 compalitur
3349 4460 3363 4483 ,
3397 4419 3493 4475 sed

228 4502 381 4553 νείτὸ
402 4500 654 4568 γύπειον,
708 4501 890 4556 ἵππων
948 4498 1400 4570 ἀναιρουμένων·
1442 4497 1505 4550 τὸ
1544 4497 1600 4550 δὲ
1657 4497 1806 4550 λεόν·

228 4609 364 4644 τειον
395 4590 624 4644 αὐτόθεν
648 4592 768 4644 οὐδὲ
793 4592 905 4661 ἔχει
933 4593 991 4644 τὸ
1018 4585 1179 4653 εἰναι,
1205 4593 1254 4643 εἰ
1301 4590 1378 4660 μὴ
1428 4590 1515 4644 διὰ
1557 4592 1656 4661 τῆς
1710 4590 1803 4643 τοῦ

233 4680 399 4750 βοείου
435 4681 600 4752 τυχὸν
649 4683 744 4734 καὶ
785 4683 894 4735 τῶν
945 4681 1202 4735 τοιούτων
1257 4681 1552 4751 ἐπιϐουλῆς
1596 4721 1611 4746 ,
1671 4680 1805 4743 ζωο-

234 4771 421 4842 φθόρον
436 4789 489 4824 τι
512 4770 572 4824 ὃν
603 4774 696 4826 καὶ
725 4774 1095 4842 σαρκοφάγον.
1113 4773 1178 4827 Ti
1207 4774 1261 4827 δὲ
1294 4774 1360 4828 ἂν
1375 4775 1519 4828 εἴποι
1547 4791 1632 4838 τις
1660 4775 1806 4844 ὅρνι-

234 4861 322 4925 θας
346 4863 694 4927 πεπονθέναι,
715 4865 762 4916 εἰ
800 4867 1006 4918 νοσοῖεν
1039 4868 1093 4918 αἰ
1117 4865 1320 4919 τούτων
1349 4865 1626 4920 ἐπίϐουλοι
1659 4863 1806 4917 ἀλώ-

234 4971 430 5021 πεκες;
489 4953 812 5008 Τοὺναντίον
893 4955 1000 5026 γὰρ
1079 4956 1229 5009 ἔστιν
1285 4958 1436 5022 ἰδεῖν,
1485 4958 1562 5022 ὡς
1613 4958 1804 5030 ἑτέρου

235 5048 524 5117 πάσχοντος
554 5047 756 5117 μέρους
777 5047 888 5099 τῶν
917 5047 975 5100 ὲν
996 5047 1074 5116 τῷ
1106 5049 1316 5119 κόσμῳ,
1339 5049 1526 5120 ἓτερον
1557 5051 1770 5103 εὑεκτεί
1789 5067 1801 5080 ο

236 5141 322 5191 καὶ
344 5141 532 5209 ἐτέρου
591 5138 1002 5204 εὑθαλοῦντο;,·
1031 5130 1219 5210 ἕτερον
1269 5141 1597 5213 δυσπραγεῖ.
1643 5141 1808 5195 Ἀλλά

237 5230 441 5284 καὶτοῦ
471 5230 586 5292 ἑνός
621 5247 768 5293 τινος
822 5227 1116 5301 ἀνθρώπου
1162 5231 1306 5284 κατά
1349 5247 1471 5284 τινα
1517 5231 1808 5296 διδάξαντα

239 5325 391 5392 ἡμᾶς,
426 5322 570 5374 κατὰ
591 5321 652 5374 τὸ
677 5320 782 5385 ἔξω
813 5321 1288 5392 διαφθειρομέκου.
1335 5322 1363 5372 ὀ
1408 5324 1514 5375 έσω
1559 5323 1806 5378 ἀνακαιο

238 5414 431 5470 νοῦται
462 5413 650 5484 ἡμέρᾳ
675 5414 773 5467 καί
809 5413 1018 5484 ἡμέρᾳ.
1051 5416 1161 5468 Καὶ
1211 5415 1320 5481 γὰρ
1345 5413 1438 5467 τοῦ
1471 5415 1636 5469 αὑτοῦ
1685 5418 1805 5469 κατ’

240 5508 454 5578 ἀριθμὸν
507 5507 646 5572 ἑνὸς,
700 5508 762 5560 τὸ
823 5507 922 5578 μὲν
964 5509 1206 5577 πνεῦμα,
1259 5508 1406 5561 κατὰ
1450 5509 1547 5576 τῆς
1604 5510 1806 5581 σαρκὸς

242 5599 482 5670 ἐπιθυμεῖ
513 5615 528 5630 ο
567 5601 598 5670 ἡ
644 5599 700 5654 δὲ
735 5600 894 5671 σάρξ.
949 5601 1091 5654 κατὰ
1138 5601 1232 5655 τοῦ
1291 5603 1599 5672 πνεύματος
1637 5621 1650 5633 ο
1711 5608 1804 5658 καὶ

243 5691 300 5743 τὰ
325 5692 408 5744 τοῦ
433 5693 789 5764 ὶνοςὺμοςιυῆ
826 5694 1002 5766 πάντη
1036 5695 1260 5749 πλεῖστα
1303 5696 1432 5748 ὄντα
1491 5697 1654 5767 μέρη.
1708 5701 1802 5750 ἁν-

1911 4502 2080 4556 etiam
2135 4504 2279 4556 valet
2330 4502 2632 4568 vulturina,
2673 4503 2835 4573 equis
2885 4505 3195 4562 interfectis
3229 4525 3242 4562 ι
3273 4507 3494 4565 leonina

1911 4605 2046 4646 vero
2082 4593 2229 4646 unde
2259 4591 2481 4646 exsistit
2507 4592 2612 4646 nisi
2635 4607 2703 4648 ex
2729 4593 2948 4650 bovina:
2971 4603 3138 4666 atque
3173 4597 3492 4669 ltujusmodi

1911 4682 2226 4745 venatione,
2247 4697 2374 4737 cum
2403 4683 2474 4738 sit
2496 4683 2754 4740 immanis
2776 4700 2841 4740 ac
2867 4687 3174 4743 carnivora.
3197 4689 3337 4757 Quid
3363 4708 3495 4748 vero

1912 4779 2172 4834 dicentur
2202 4778 2316 4848 pati
2343 4779 2616 4851 volucres,
2644 4780 2712 4845 si,
2743 4781 2938 4852 vulpes
2958 4783 3200 4854 ipsarum
3230 4802 3492 4858 aucupes.

1912 4872 2331 4943 agrotaveriut?
2348 4872 2702 4930 Contrarium
2727 4875 2874 4932 enim
2901 4877 3202 4936 videndum
3231 4891 3316 4939 cst
3348 4902 3361 4938 :
3387 4901 3492 4941 una

1914 4962 2082 5034 hujus
2109 4964 2300 5019 mundi
2322 4972 2476 5035 parte
2510 4965 2819 5032 laborante,
2851 4968 3026 5026 altera
3055 4971 3204 5027 valet
3229 4990 3244 5039 ;
3274 4989 3495 5047 unaque

1914 5053 2168 5118 ﬂorente,
2217 5055 2390 5111 altera
2434 5065 2663 5112 marcet.
2733 5059 2802 5114 At
2854 5076 3188 5133 unoquoque
3246 5065 3491 5130 homine.

1915 5143 2224 5199 secundum
2270 5145 2416 5214 quod
2463 5161 2565 5202 nos
2609 5141 3049 5218 experimur,'ex
3092 5154 3179 5210 his
3209 5173 3332 5227 qua:
3361 5159 3495 5214 foris

1915 5245 2046 5290 sunt
2087 5245 2372 5306 corrupta,
2405 5238 2502 5307 qui.
2554 5239 2708 5294 intus
2757 5250 2843 5296 est
2893 5255 3180 5300 renovatur
3215 5249 3279 5301 de
3310 5249 3395 5303 die
3443 5251 3496 5302 in

1915 5329 2073 5382 diem.
2108 5327 2199 5385 Sic
2223 5331 2374 5385 enim
2407 5332 2653 5403 ejusdem
2692 5334 2858 5390 unius
2890 5353 3122 5394 numero
3150 5341 3380 5410 spiritus
3413 5357 3497 5396 se-

1914 5421 2154 5476 cundum
2185 5437 2404 5477 carnem
2433 5427 2796 5495 concupiscit,
2823 5443 2952 5484 caro
2972 5439 3156 5486 autem
3193 5431 3495 5486 secundum

1915 5516 2202 5586 spiritum;
2246 5531 2311 5571 ac
2356 5518 2630 5589 pleneque
2666 5532 2850 5591 partes
2894 5524 3059 5579 unius
3093 5539 3213 5595 qua:
3246 5523 3494 5593 ejusdem

1915 5618 2126 5664 naturae
2147 5611 2373 5665 omnino
2389 5621 2536 5677 sunt,
2553 5613 2657 5668 sibi
2685 5614 2922 5670 invicem
2947 5617 3338 5680 adversantur;
3370 5630 3496 5687 per-

1915 5719 2022 5773 que
2057 5703 2381 5758 alterutrius
2411 5705 2645 5774 partium
2690 5708 3096 5774 tribulationes,
3131 5708 3301 5762 altera
3355 5709 3494 5765 bene
