3954 6148
456 315 592 380 1623

1726 320 2034 382 LEONTII
2060 321 2475 383 ’ΒΥΖΑΝΤΙΝΙ

3567 317 3720 383 1424

452 434 635 500 valet;
667 449 793 488 cum
837 449 1002 504 super
1049 433 1304 488 dextrum
1332 433 1478 490 latus
1521 434 1913 501 recnmbimns,
1945 435 2020 492 si-

2125 436 2386 489 τίκεινται
2409 433 2697 505 ἀλλήλοιςο
2735 433 2830 486 καὶ
2854 432 2942 486 διὰ
2966 431 3064 501 τῆς
3097 430 3328 502 θατέρου
3363 431 3472 486 τῶν
3523 435 3721 506 μερῶν

452 523 688 579 nistrum
749 524 1088 586 allevamus,
1137 521 1468 592 sinistraque
1515 537 1679 576 manu
1733 523 2021 578 laborante

451 613 678 668 dextera
695 613 948 682 quiescit.
967 612 1024 666 In
1049 628 1157 667 una
1179 628 1398 683 quoque
1415 613 1714 684 hypostasi,
1727 613 2022 684 liquefacta

451 704 802 774 pinguedine,
830 703 1120 758 firmantur
1139 718 1334 760 carnes
1355 704 1868 760 exercitationibus.
1885 704 2020 760 Ossa

450 809 582 849 vero
613 803 779 864 atque
818 793 1188 865 cartilagines,
1218 809 1355 849 caesa
1386 795 1547 864 pelle,
1583 795 1719 849 nihil
1751 795 2018 859 sentiunt,

449 885 580 940 licet
613 884 668 938 in
699 885 894 940 eodem
925 885 1036 940 sint
1067 899 1298 954 corpore
1329 887 1656 955 composito,
1681 901 1744 940 ac
1771 886 2020 956 quaedam

450 975 700 1044 corporis
729 983 932 1044 partes,
957 990 1078 1044 quae
1106 984 1264 1029 antea
1293 973 1512 1030 fuerant
1540 974 1870 1045 passa,aliis
1899 990 2023 1030 cor-

451 1063 601 1136 poris
623 1065 961 1134 patientibus
982 1065 1253 1134 partibus,
1272 1080 1379 1120 non
1397 1065 1573 1120 solum
1585 1078 1696 1120 non
1711 1065 2021 1134 patiuntur,

449 1155 546 1212 sed
579 1155 744 1211 etiam
777 1155 950 1224 prima
985 1155 1242 1226 passione
1270 1155 1599 1221 liberantur,
1625 1165 1688 1210 ut
1717 1155 1905 1210 videre
1937 1165 2023 1211 est

453 1245 510 1298 in
539 1244 718 1314 capite
745 1244 831 1298 vel
859 1244 1036 1299 oculis
1068 1245 1481 1315 aegrotantibus,
1511 1246 1556 1300 si
1589 1245 1825 1315 pedibus
1854 1261 2023 1316 aegro-

449 1334 846 1398 taverint,item
882 1334 938 1388 in
975 1334 1330 1389 calefaciente
1381 1349 1601 1389 manum
1632 1349 1731 1404 per
1759 1335 1872 1388 oris
1893 1349 2022 1404 psse

447 1425 657 1489 siones,
709 1425 950 1495 itemque
991 1426 1253 1482 verticem
1281 1425 1499 1480 aurium
1529 1425 1804 1495 passionis
1833 1441 2020 1481 causa.

450 1513 510 1571 Si
557 1529 686 1570 vero
727 1515 842 1570 haec
887 1515 1201 1586 hujnsmodi
1246 1515 1482 1585 quadam
1533 1515 1840 1587 sympathia
1889 1531 2019 1571 eve-

447 1605 580 1664 nian
678 1605 908 1661 alterius
945 1615 1129 1661 autem
1183 1607 1489 1676 perniciosa
1539 1607 1741 1676 passio,
1793 1607 2022 1662 alterius

449 1697 670 1752 videtur
699 1697 866 1764 salus,
898 1697 1364 1768 quemadmodum
1389 1699 1557 1752 etiam
1590 1697 1659 1752 de
1689 1699 2022 1754 animalibus

2123 526 2378 595 θλίψεως,
2448 525 2512 578 τὸ
2568 525 2754 594 ἕτερον
2813 525 3028 578 εὐεκτεῖ
3057 539 3071 551 ·
3127 522 3548 586 κατακλιθέντες
3596 524 3717 596 γὰρ

2123 619 2214 670 ἐπὶ
2235 616 2414 680 δεξιὰν
2445 615 2712 687 πλευράν,
2759 617 2857 686 τὴν
2911 613 3069 668 λαιάν
3120 613 3511 682 ἀνεπαύσαμεν
3547 628 3562 642 ·
3613 615 3719 667 καὶ

2125 707 2438 778 καμνούσης
2472 707 2574 776 τῆς
2598 707 2756 770 λαιᾶς
2793 707 2994 778 χειρὸς,
3026 707 3060 777 ἡ
3101 703 3254 770 δεξιά
3293 705 3713 760 διαναπαύεται.

2134 799 2295 853 Ἀλλὰ
2319 801 2500 853 καὶὲκ
2529 799 2660 870 μιᾶς
2700 799 3052 861 ὑποστάσεως
3109 797 3268 851 τοῦδέ
3318 814 3483 862 τινος,
3535 813 3716 867 τηκο-

2125 889 2292 960 μένης
2333 890 2588 960 πιμελῆς,
2646 889 2964 960 ἁδρύνονται
3013 891 3070 942 αἰ
3130 889 3334 959 σάρκες
3381 889 3438 941 ἐν
3489 905 3718 958 γυμνι-

2124 981 2280 1044 σίοις.
2333 981 2497 1034 Ὀστᾶ
2549 980 2606 1033 δὲ
2659 982 2753 1034 καί
2781 981 2991 1051 χόνδροι
3025 980 3424 1050 μαστιζομένου
3451 979 3548 1032 τοῦ
3575 981 3714 1051 δέρο

2126 1089 2317 1141 ματος,
2355 1071 2509 1125 οὐδὲν
2541 1072 2911 1138 αἰσθάνονται,
2958 1075 3137 1126 καίτοι
3168 1075 3227 1126 ἐν
3282 1071 3360 1141 τῷ
3398 1071 3544 1142 αὐτῷ
3573 1071 3718 1125 ὄντα

2123 1163 2204 1215 ἐνὶ
2231 1161 2470 1232 συνθέτῳ
2496 1161 2710 1234 σώματι
2749 1180 2764 1195 ο
2800 1164 2924 1217 τινὰ
2973 1165 3032 1217 δὲ
3091 1165 3258 1233 μόρια
3310 1162 3403 1217 τοῦ
3453 1163 3716 1232 σώματος

2125 1254 2318 1328 πρώην
2348 1256 2445 1308 καὶ
2473 1253 2827 1318 ἀσθενοῦντα,
2849 1255 3054 1326 ἑτέρων
3072 1254 3176 1308 ,τοῦ
3230 1254 3396 1307 αὐτοῦ
3449 1252 3714 1324 σώματος

2122 1345 2328 1415 μορίων
2365 1345 2667 1410 παθόντων,
2694 1347 2756 1398 οὐ
2807 1347 2969 1417 μόνον
3009 1347 3070 1400 οὐ
3116 1344 3518 1414 συνεπάθησαν,
3565 1343 3713 1398 ἀλλὰ

2121 1435 2218 1488 καὶ
2245 1434 2640 1504 ἀπηλλάγησαν
2673 1437 2768 1489 τοῦ
2801 1437 2992 1508 πρώην
3024 1437 3235 1499 ἐνόντος
3267 1435 3446 1496 αὐτοῖς
3473 1433 3707 1493 πάθως’

2121 1525 2198 1588 ὡς
2229 1525 2344 1578 ἐστι
2370 1525 2466 1579 ἐπὶ
2493 1525 2601 1579 τῶν
2647 1526 3134 1597 κεφαλαλγούντων
3163 1526 3196 1595 ἢ
3251 1524 3706 1595 ὀφθαλμιώντωνη

2121 1617 2172 1668 εἰ
2223 1616 2638 1689 ποδαλγήσαιεν,
2687 1618 2815 1672 ἰδεῖν
2845 1634 2860 1650 ο
2893 1619 2986 1672 καί
3019 1617 3114 1671 ἐπὶ
3140 1617 3247 1670 τῶν
3277 1617 3580 1687 καιομένων
3601 1615 3709 1685 τὴν

2055 1743 2096 1798 Β
2122 1710 2284 1778 χεῖρα
2302 1708 2391 1762 διὰ
2412 1708 2480 1762 τὰ
2511 1709 2770 1780 ἑνστόμια
2801 1709 2950 1779 πάθῃ
2979 1725 2994 1740 ·
3035 1708 3130 1762 καὶ
3161 1709 3222 1762 τὺ
3254 1708 3494 1779 βρέγμα,
3517 1707 3710 1778 λώϐης

447 1791 759 1846 carnivoris
783 1791 947 1846 modo
987 1789 1200 1845 dictum
1267 1800 1354 1846 cst
1438 1791 1588 1862 Ignis
1635 1791 1803 1846 etiam
1859 1807 2018 1862 aquae

2125 1799 2302 1868 χάριν.
2345 1799 2407 1852 Εἰ
2437 1799 2546 1871 γὰρ
2605 1799 2698 1854 καὶ
2764 1799 3078 1870 συμπαθείᾳ
3131 1800 3237 1853 τινὶ
3288 1799 3498 1866 γίνεται
3549 1798 3706 1871 τάδε.

443 1883 640 1938 -υιιίιιιε
671 1883 728 1936 in
777 1897 944 1937 unam
973 1883 1223 1952 corporis
1257 1889 1511 1936 naturam
1545 1897 1611 1938 ac
1653 1883 2016 1953 hypostasim.

449 1975 794 2045 compatiens
827 1973 985 2044 quasi
1015 1987 1161 2044 pars,
1197 1973 1450 2029 mirabile
1479 1983 1594 2040 est;
1637 1988 1745 2028 non
1787 1989 1921 2044 ergo
1955 1989 2020 2027 a-

450 2067 792 2123 bundantius
833 2065 1032 2122 disseri
1061 2063 1367 2120 adversarii
1413 2065 1726 2120 debilitatio
1774 2065 2020 2134 unioque

448 2157 648 2212 sciant.

2119 1863 2254 1942 άλλὰ
2275 1889 2336 1942 τὸ
2362 1863 2548 1962 ἑτέρου
2589 1863 2887 1962 φθαρτικόν
2945 1863 3151 1954 πάθος,
3200 1863 3392 1957 ἑτέρου
3438 1863 3710 1942 σωστῖκδν

2121 1980 2372 2048 φαίνεται
2405 1996 2420 2009 ⁸
2475 1980 2664 2054 ὥσπερ
2695 1982 2786 2034 καὶ
2833 1982 2928 2035 ἐπὶ
2957 1981 3066 2033 τῶν
3096 1981 3252 2046 ζώων
3279 1979 3389 2034 τῶν
3420 1983 3708 2052 σαρκοφάο

2123 2087 2237 2140 γων
2269 2073 2457 2142 εἴρητο
2485 2072 2710 2144 ἀρτίως.
2748 2073 2868 2144 Πῦρ
2900 2073 2956 2126 δὲ
2985 2071 3138 2126 ὕδατι
3180 2071 3436 2124 συντεθὲν
3457 2071 3538 2132 εἰς
3568 2071 3709 2142 μίαν

2125 2161 2379 2234 σώματος
2405 2163 2566 2234 φύσιν
2605 2166 2700 2218 καί⁵
2731 2165 3050 2228 ὑπόστασιν,
3086 2161 3406 2233 θαυμαστὸν
3452 2163 3502 2215 εἰ
3562 2179 3713 2232 συμ-

447 2255 646 2326 πάσχει
677 2251 944 2324 ὠςιμέρος
974 2266 990 2282 ο
1017 2251 1110 2305 καὶ
1131 2251 1190 2303 οὐ
1220 2250 1440 2321 ,μᾶλλον
1468 2248 1787 2314 πλεονάζειν
1825 2265 1888 2302 τε
1930 2252 2024 2306 καί
2060 2255 2430 2316 ἐπιτείνεσθαι
2492 2259 2726 2344 λέγεται
2757 2262 2826 2335 τῇ
2881 2258 2978 2313 τοῦ
3045 2257 3339 2313 ἀντιπάλου
3392 2257 3725 2344 ἀμϐλύτητι,

449 2351 541 2405 καὶ
573 2347 783 2400 ἑνώπι.

521 2441 580 2497 Si
609 2448 794 2496 autem
853 2453 964 2494 non
1015 2439 1353 2494 substantias
1388 2439 1574 2510 'ipsas,
1624 2437 1712 2494 vel
1757 2439 2022 2496 harumce

449 2539 654 2604 partes,
669 2532 1031 2603 liypostaseon
1042 2545 1164 2586 esse
1185 2539 1370 2601 partes
1394 2529 1597 2594 dicitis,
1618 2529 1712 2586 sed
1734 2545 1854 2600 quae
1876 2531 2022 2586 circa

453 2621 816 2678 substantiam
847 2629 998 2684 sunt,
1026 2619 1304 2690 quomodo
1331 2619 1616 2675 declivitas
1637 2635 1761 2674 cum
1786 2622 2021 2677 caeruleo

447 2712 640 2774 colore
678 2711 764 2766 vel
818 2711 1072 2766 calvities
1107 2726 1234 2766 cum
1283 2711 1456 2766 macie
1490 2713 1728 2781 compati
1783 2713 2022 2781 poterit?

449 2803 712 2872 Quamvis
723 2819 834 2858 non
853 2802 1192 2867 cavillemur,
1210 2802 1304 2858 sed
1322 2803 1662 2869 Studeamus,
1680 2803 1837 2858 valde
1860 2805 2020 2859 nobis

455 2896 626 2952 risum
649 2893 914 2951 excitatis
946 2893 1041 2963 qui
1071 2901 1186 2948 tam
1219 2891 1497 2948 terribiles
1530 2895 1662 2948 estis
1695 2894 1751 2948 in
1784 2893 2019 2949 dicendo

451 2985 656 3057 quique
699 2999 791 3041 res
831 2983 1082 3055 physicas
1129 2992 1236 3037 tam
1273 2983 1702 3054 prosequimini;
1742 2985 2020 3053 quomodo

451 3074 622 3145 igitur
644 3087 879 3130 omnem
913 3081 1126 3144 partem
1162 3071 1474 3142 hypostasis
1498 3086 1623 3126 cum
1657 3073 1826 3128 altera
1865 3088 2016 3128 com-
2048 3109 2092 3166 ο

452 3167 748 3236 patientem
771 3163 1096 3235 simpliciter
1115 3163 1413 3218 inducitis?
1438 3170 1498 3218 ut
1527 3163 1682 3219 nobis
1709 3163 2024 3219 dicentibus

452 3257 508 3310 in
541 3270 705 3309 unam
739 3253 1076 3326 hypostasim
1103 3253 1254 3308 carni
1291 3253 1506 3308 unitum
1535 3253 1704 3309 fuisse
1757 3255 2018 3318 Verbum,

449 3363 576 3403 cum
623 3345 718 3400 illa
743 3344 980 3415 compati
1005 3345 1306 3400 secundum
1335 3353 1588 3400 naturam
1621 3345 1766 3399 idem
1795 3344 2024 3400 demon—

451 3436 661 3493 stretis.
709 3433 806 3490 ills
835 3449 968 3489 vere
1005 3434 1428 3505 intelligendum
1461 3443 1583 3489 erat
1631 3435 1920 3504 passiones
1953 3452 2021 3490 ex

451 3525 686 3582 diversis
713 3524 1018 3596 composito
1044 3526 1516 3595 supervenientes,
1541 3527 1697 3597 juxta
1723 3525 1869 3595 quod
1899 3541 2024 3596 per-

452 3616 704 3676 miserint
734 3616 1032 3688 unicuique
1053 3618 1198 3688 parti
1217 3618 1411 3672 horum
1433 3618 1634 3687 quibus
1651 3617 2018 3688 componitur.

449 3715 712 3781 evenire;
743 3728 854 3768 non
904 3712 1054 3767 enim
1087 3721 1151 3767 ut
1181 3712 1324 3783 ignis
1361 3727 1556 3768 carnes
1595 3719 1822 3777 cremat,
1858 3712 1938 3767 sic
1962 3720 2022 3767 et

451 3807 710 3872 animam.
741 3803 799 3859 Si
827 3818 959 3874 ergo
979 3802 1202 3872 aliquod
1225 3803 1507 3857 unitorum
1542 3802 1698 3857 nullo
1733 3802 1898 3857 modo
1926 3801 2024 3856 ad-

449 3897 700 3951 mitteret
743 3893 1059 3964 passionem
1091 3893 1147 3946 in
1181 3891 1488 3961 composito
1521 3899 1819 3960 receptam,
1870 3899 2021 3960 patet

360 3994 364 3998 “
453 3985 736 4044 subditum
781 3983 959 4053 ipsum
991 3983 1235 4054 passibili
1267 3997 1376 4037 non
1407 3997 1526 4037 esse
1557 3996 1870 4063 passurum.
1900 3981 2021 4036 Non

449 4076 597 4131 cnim
631 4075 904 4129 amiantus
933 4073 1060 4128 feno
1088 4072 1284 4126 mistus
1333 4069 1691 4134 cremabitur,
1727 4085 1831 4125 nec
1879 4070 2022 4140 ignis

447 4187 568 4224 cum
602 4169 750 4225 ferro
781 4167 1138 4241 pcreutietnr,
1172 4182 1293 4238 quae
1333 4166 1551 4236 quidem
1598 4179 1697 4236 per
1727 4178 1920 4219 sensus
1959 4171 2016 4218 et

447 4265 502 4317 in
527 4263 878 4320 sensibilibns
903 4261 1304 4331 percipiuntur.
1334 4259 1474 4327 Quid
1497 4259 1660 4331 igitur
1682 4257 1750 4312 de
1775 4257 2016 4312 materia:

451 4357 756 4426 expertium
791 4355 1007 4425 apatliia
1039 4365 1162 4421 post
1194 4355 1447 4409 unionem
1478 4353 1756 4406 evidenter
1797 4357 2018 4404 servata

455 4458 602 4507 recte
632 4447 954 4503 dixerimus.
983 4443 1248 4516 iudicate.
1279 4440 1479 4505 Sicque
1511 4432 1847 4500 huiusmodi.

517 4527 679 4584 Aliud
718 4536 903 4583 autem
947 4542 1046 4582 vos
1083 4526 1231 4580 omni
1293 4525 1421 4579 dolo
1461 4525 1653 4593 plenos
1698 4539 1810 4578 non
1836 4523 2017 4580 latuit.

446 4619 842 4677 Nesciebamus
873 4619 1019 4674 enim
1070 4617 1216 4672 unde
1249 4617 1618 4687 paravissetis,
1653 4617 1759 4672 nisi
1800 4631 2020 4671 omnem

452 4715 676 4770 invitam
735 4727 861 4768 esse
883 4708 1246 4784 sympathiam
1283 4709 1607 4764 alterutrius
1636 4708 1806 4778 partis
1839 4707 1908 4763 ad
1937 4709 2020 4762 al-

452 4813 724 4860 terutrum
773 4802 1058 4857 unitorum
1107 4798 1409 4864 dixissetis,
1449 4797 1600 4870 quod
1643 4813 1712 4852 ex
1757 4805 2017 4852 contextu

453 4895 880 4963 praecedentium
923 4891 1360 4964 propositionum
1395 4901 1705 4946 vestrarum
1755 4891 2020 4946 mentitur

449 4985 720 5040 catholico
771 4984 963 5039 verbo.
995 4983 1245 5054 Namque
1280 4997 1511 5052 corpore
1537 4981 1753 5036 deliciis
1782 4980 2024 5036 sensibi-

451 5075 831 5143 lium-passive
857 5075 1129 5145 subjecto,
1159 5073 1343 5129 anima
1367 5071 1679 5127 voluntarie
1701 5070 2019 5141 hujusmodi

449 5164 737 5236 passiones
765 5180 892 5220 cum
919 5179 1152 5234 corpore
1201 5163 1428 5233 patitur.
1463 5161 1619 5218 Unde
1655 5161 2019 5231 concupiscit,

451 5255 676 5312 festinat
695 5253 993 5323 omniaque
1023 5254 1134 5324 agit
1161 5252 1229 5307 ad
1251 5251 1358 5306 sibi
1387 5250 1785 5321 comparandas
1820 5252 2018 5321 volup-

454 5345 582 5404 tatis
621 5359 784 5401 causa
816 5342 1133 5398 lasciviores
1167 5340 1471 5413 passiones.
1504 5340 1684 5409 Quare
1711 5356 1842 5414 ergo
1872 5352 2022 5414 post-

451 5454 616 5512 quam
665 5435 1065 5501 necessarium,
1102 5434 1186 5490 vel
1222 5432 1404 5500 facile,
1441 5434 1524 5489 vel
1567 5449 1720 5489 mere
1753 5434 2020 5505 possibile

447 5552 517 5590 cx
547 5533 876 5589 necessitate
904 5529 1117 5585 solvere
1145 5527 1544 5592 concluseritis,
1576 5528 1749 5582 Deum
1780 5527 2018 5584 Verbum

453 5644 578 5683 cum
605 5643 769 5683 carne
795 5633 983 5682 nostra
1015 5623 1256 5678 animata
1285 5636 1630 5690 compassum
1655 5621 1824 5676 fuisse
1858 5621 2022 5676 nobis

449 5718 922 5783 demonstraliitis,
965 5715 1113 5792 quod
1137 5712 1471 5772 concludere
1495 5714 1598 5768 visi
1627 5712 1845 5768 fuistis?
1868 5712 2021 5769 Licet

2195 2443 2261 2496 Εἰ
2293 2443 2350 2498 δὲ
2378 2444 2439 2498 οὐ
2469 2443 2566 2508 τὰς
2617 2443 2804 2508 οὒσίας
2851 2443 3044 2509 αὐτὰς,
3098 2442 3134 2514 ἢ
3193 2442 3265 2497 τὰ
3313 2443 3459 2513 μέρη
3506 2441 3706 2508 τῶνδε,

2127 2534 2316 2604 λέγετε
2349 2535 2489 2608 μέρη
2525 2536 2634 2589 τῶν
2686 2537 3058 2600 ὑποστάσεων,
3110 2533 3248 2588 ἀλλὰ
3298 2535 3369 2587 τὰ
3417 2534 3547 2604 περὶ
3599 2534 3704 2602 τὴν

2125 2624 2332 2691 οὐσίαν,
2391 2623 2510 2688 πῶς
2556 2619 2668 2678 οἷον
2720 2625 2804 2678 ὅτι
2841 2623 3070 2694 σιμότης
3099 2622 3430 2694 γλαυκότητι
3465 2622 3500 2693 ἢ
3530 2621 3694 2690 φαλα-

2125 2715 2328 2786 κρότης
2363 2715 2638 2786 ἰσχνότητι
2688 2715 3048 2786 συμπέπονθε
3075 2729 3090 2779 ;
3141 2714 3389 2767 πλεῖστον
3416 2717 3548 2783 ἡμῖν
3579 2712 3695 2766 καίο

2125 2823 2207 2859 τοι
2255 2806 2316 2859 οὐ
2351 2805 2674 2872 παίζουσιν,
2700 2805 3256 2868 ἁλλὰ-σπουδάζουσιν
3274 2801 3578 2871 ἑεεγερεῖτε
3611 2803 3706 2870 γέ-

2125 2895 2270 2950 λωτα
2305 2897 2356 2950 οἰ
2406 2897 2569 2950 δεινοὶ
2604 2897 2735 2968 περὶ
2772 2897 2830 2949 τὸ
2864 2895 3046 2962 λέγειν
3073 2895 3302 2954 καὶτοῖς
3328 2897 3583 2961 φυσικοῖς
3611 2893 3710 2946 ἀεὶ

2126 2987 2445 3056 πράγμασιν
2508 2987 2803 3057 ἑπόμενοιο
2865 2984 2980 3046 πῶς
3043 2978 3136 3035 οὖν
3189 2981 3536 3050 συμπάσχειν
3585 2985 3707 3036 πᾶν

2128 3079 2292 3148 μέρος
2323 3077 2667 3139 ὑποστάσεως
2713 3075 2788 3144 τῷ
2830 3075 2999 3144 ἑτέρῳ
3059 3071 3402 3137 συνεισάγετε
3453 3071 3698 3137 ἁπλῶςς

2153 3167 2243 3220 ἵνα
2277 3165 2719 3236 λεγόντωνήμῶν
2750 3167 2828 3228 εἰς
2877 3164 3003 3234 μίαν
3061 3163 3355 3217 ὑπόστασιν
3395 3162 3693 3231 συνεληλυ-

2125 3259 2276 3312 θέναι
2328 3259 2420 3312 τὸν
2447 3260 2638 3326 ,Λόγον
2687 3259 2753 3329 τῇ
2800 3257 2984 3327 σαρκὶ,
3035 3255 3130 3309 καὶ
3178 3254 3522 3326 συμπάσχειν
3549 3255 3705 3324 αὐτῇ

2122 3349 2310 3402 τοῦτον
2341 3349 2488 3402 κατὰ
2512 3349 2682 3420 ,φύσιν
2705 3347 3048 3414 ἀποδείξητε.
3098 3345 3207 3409 Οὓς
3261 3346 3427 3417 ἑχρῆν
3482 3345 3705 3415 ἀληθῶς

2124 3443 2289 3506 νοεῖν,
2331 3440 2406 3504 ὡς
2459 3439 2528 3493 τὰ
2577 3439 2940 3510 ἐπιγινόμενα
2987 3437 3136 3506 πάθη
3190 3435 3268 3507 τῷ
3327 3439 3391 3490 ἑκ
3431 3437 3696 3508 διαφόρων

2124 3531 2384 3603 συνθὲτῳ,
2437 3531 2512 3593 ὡς
2561 3529 2766 3599 ἀνῆκεν
2818 3530 3039 3598 ἑκάστῳ
3096 3528 3251 3599 μέρει
3291 3529 3401 3581 τιῖιν
3437 3529 3495 3580 ἑν
3531 3528 3701 3599 αὐτῷ,

2124 3623 2398 3692 ἑγγίνεται
2427 3641 2442 3655 ·
2479 3623 2540 3676 οὐ
2570 3623 2680 3693 γὰρ
2707 3622 2784 3684 ὡς
2811 3622 2968 3692 τήκει
3011 3619 3072 3673 τὸ
3119 3618 3230 3686 πῦρ
3277 3619 3507 3691 σάρκας,
3559 3617 3703 3672 οὕτω

2123 3711 2218 3764 καὶ
2249 3711 2447 3782 ψυχήν.
2482 3713 2545 3764 Εἰ
2585 3707 2679 3763 οὖν
2737 3711 2824 3780 εἴη
2885 3709 2996 3763 τῶν
3053 3709 3417 3763 συντεθέντων
3478 3727 3552 3774 τι,
3607 3709 3704 3763 καὶ

2123 3800 2299 3872 πάντη
2333 3801 2714 3873 ἁπαράδεκτον
2743 3799 2837 3853 τοῦ
2867 3800 3010 3854 κατὰ
3041 3798 3134 3852 τοῦ
3167 3800 3424 3853 συνθέτου
3475 3799 3704 3871 φερομέρ

2123 3909 2217 3946 νου
2247 3892 2472 3956 πάθους,
2505 3893 2664 3962 δῆλον
2703 3892 2780 3955 ὡς
2818 3893 2914 3946 καὶ
2941 3891 3305 3960 συγκείμενον
3333 3890 3412 3961 τῷ
3447 3889 3696 3960 παθητῷ,

2121 3987 2182 4039 οὐ
2236 3985 2614 4054 συμπείσεται.
2679 3985 2754 4038 Οὐ
2805 3985 2912 4055 γᾴρ
2962 3985 3058 4038 καὶ
3109 3983 3170 4037 τὸ
3205 3983 3466 4053 ἀμίαντον
3519 3983 3700 4052 χόρτῳ

2124 4077 2430 4146 συμφυρὲν,
2473 4077 2567 4130 καί
2593 4075 2931 4145 καυθήσεται
2965 4091 2978 4105 ·
3009 4075 3130 4128 οὐδὲ
3150 4075 3212 4129 τὸ
3240 4075 3355 4146 πῦρ
3387 4074 3464 4143 τῷ
3496 4072 3698 4143 σιδήρῳ

2123 4165 2596 4236 συντυπτήσεται·
2667 4167 2807 4234 ἂπερ
2849 4163 2945 4216 καὶ
2997 4163 3065 4216 δι’
3114 4163 3438 4232 αἰσθήσεως,
3489 4163 3579 4215 καὶ
3638 4163 3699 4214 ἐν

2122 4257 2402 4328 αἰσθητοῖς
2445 4259 2664 4329 ὁρᾶται.
2701 4257 2766 4309 'l‘t'
2800 4253 2894 4310 οὖν
2918 4257 3172 4328 εἴποιμεν
3199 4258 3424 4320 εἰκότως
3453 4257 3702 4326 περὶτῆς

2119 4349 2229 4402 τῶν
2256 4349 2560 4418 ἁῡλοτέρων
2598 4350 2691 4402 καὶ
2721 4335 2860 4419 μετά
2915 4348 3236 4418 συμπλοκὴν
3289 4347 3704 4416 φυλαττομένης

2035 4433 2090 4488 ’1)
2112 4440 2321 4508 σαφοῦς
2351 4440 2639 4506 ἀπαθείας,
2660 4439 2955 4509 ,λογίσασθε
2984 4439 3110 4494 ’καὶ
3139 4439 3280 4492 οὕτω
3313 4439 3412 4508 μὲν
3438 4438 3583 4492 τάδε.

2197 4531 2272 4582 Τὸ
2319 4530 2374 4583 δὲ
2405 4529 2616 4601 ἕτερον,
2662 4530 3138 4600 πανουργήοαντες
3171 4530 3270 4582 οὐκ
3303 4529 3521 4582 ὲλάθετε
3553 4546 3567 4558 ·
3599 4532 3705 4583 οὐκ

2125 4621 2350 4690 οἴδαμεν
2391 4621 2499 4691 γὰρ
2537 4621 2662 4674 ὃθεν
2698 4621 2815 4673 τόδε
2864 4621 3391 4684 κατασκευάσαντες,
3421 4619 3560 4691 πλὴν
3596 4622 3704 4674 πᾶ-

2128 4729 2228 4764 σαν
2257 4711 2510 4765 ἀκούσιον
2544 4707 2682 4764 εῖναι
2719 4709 2818 4782 τὴν
2847 4710 3190 4780 συμπάθειαν
3220 4710 3448 4782 θατέρου
3497 4713 3704 4782 μέρους

2128 4803 2262 4874 πρὸς
2307 4803 2533 4875 θάτερον
2569 4803 2680 4856 τῶν
2721 4802 3120 4874 συντιθεμένων
3153 4803 3321 4873 ἑφητε
3353 4819 3368 4833 ⁸
3407 4805 3544 4874 ὅπερ
3577 4804 3702 4858 καθ’

2125 4895 2318 4964 εἰρμδν
2375 4898 2497 4959 ταῖς
2538 4894 2939 4966 προλαϐοῦσαις
2991 4895 3108 4966 ἃμα
3169 4897 3496 4967 προτάσεσιν
3545 4897 3702 4964 ὑμῶν

2118 4985 2480 5055 curiositatem
2530 4983 2835 5048 καθολικῶς
2864 4983 3178 5055 λεγόμενον.
3227 4985 3357 5038 Ἰδοὺ
3380 4987 3490 5056 γάρ
3524 4985 3702 5056 παθη-

2102 5075 2292 5138 ,τικῶς
2323 5073 2415 5128 τοῦ
2445 5075 2694 5144 σώματος
2723 5075 2836 5136 τοῖς
2867 5073 3054 5144 ἦδουσι
3089 5072 3198 5126 τῶν
3253 5071 3528 5142 αἰσθητῶν
3571 5075 3701 5127 61:0-

2127 5164 2404 5234 κειμένου,
2465 5163 2500 5235 ἡ
2555 5161 2704 5234 ψυχὴ
2739 5162 3004 5225 ἑκουσίως
3043 5162 3450 5233 συμπάσχειτά
3479 5163 3702 5218 τοιαῦτα

2129 5256 2272 5328 πάθη
2304 5255 2380 5326 τῷ
2410 5254 2624 5327 σώματι
2657 5271 2672 5286 ⁸
2702 5255 2824 5308 ὅθεν
2871 5255 2964 5308 καὶ
3008 5253 3218 5323 ἐφίεται
3271 5255 3364 5308 καὶ
3421 5255 3700 5326 ἐπιτρέχει

2129 5348 2224 5402 καὶ
2251 5347 2428 5402 πάντα
2459 5350 2606 5400 ποιεῖ
2636 5346 2773 5418 πρὸς
2797 5343 2976 5409 τεῦξιν
3005 5344 3116 5398 τῶν
3142 5345 3261 5398 καθ’
3294 5344 3488 5416 ἡδονὴν
3510 5345 3701 5398 παθῶν

2128 5441 2185 5493 ἑν
2207 5441 2320 5503 τοῖς
2349 5437 2785 5507 ἀσελγεστέροις.
2819 5435 2885 5488 Τί
2919 5431 3014 5488 οὖν
3045 5436 3342 5504 ἀναγκαῖον
3389 5435 3424 5505 ἢ
3474 5433 3700 5488 πιθανὸν

2129 5531 2161 5602 ἢ
2191 5533 2361 5602 ψιλῶς
2386 5532 2734 5603 ἐνδεχόμενον
2759 5531 3157 5600 συναγαγόντες
3180 5530 3241 5596 ἐξ
3263 5529 3506 5599 ἀνάγκης
3528 5528 3698 5595 λύειν,

2131 5622 2570 5693 συμπεπονθέναι
2613 5622 2707 5676 τὸν
2760 5621 2894 5676 Θεὸν
2939 5621 3113 5690 Λόγον
3165 5625 3230 5693 τῇ
3285 5620 3344 5686 ἐξ
3384 5623 3541 5692 ἡμων
3597 5623 3704 5692 ἐμω

2127 5715 2284 5786 ψύχῳ
2328 5715 2489 5787 σαρκί
2538 5715 2684 5786 ἡμᾶς
2729 5712 3064 5780 άποδιίξετε,
3117 5715 3254 5784 ὅπερ
3293 5713 3543 5783 συ·.άγειν
3589 5712 3705 5766 ἑόἐ⁴
