3888 6168
211 278 358 344 1425·

1178 270 1576 333 ADVERSUS
1612 265 2158 330 NESTORIANOS;
2185 293 2253 304 -
2289 267 2437 331 LIB.
2478 267 2529 329 I.

3323 269 3461 335 W26

208 395 360 461 ista;
385 389 602 454 Ἔξεστι
624 386 730 458 γὰρ
757 386 886 457 ὑμῖν
914 386 1026 448 τοῖς
1049 382 1339 454 ὑμετέροις
1366 384 1781 441 ἐπισκέπτουσι,

1892 380 2034 434 enim
2067 380 2223 436 vobis
2264 380 2468 435 vestris
2495 378 2915 450 providentibus
2959 389 3259 451 nostraque
3309 380 3457 438 dicta

207 483 302 537 καὶ
331 483 411 545 εἰς
428 480 497 534 τὰ
529 477 624 533 νῦν
649 468 785 546 mp"
811 474 969 546 ἡμῶν
1012 473 1279 544 εἰρημένα
1311 472 1590 541 βλέπουσι,
1655 485 1783 523 συν-

205 570 561 627 αρισθάνεσθαι
588 570 687 638 τῆς
731 565 1013 637 ἀληθείας,
1071 564 1168 616 καὶ
1215 563 1412 616 εἰδέναι
1468 563 1549 616 ὅτι
1602 560 1785 629 πάσης

210 662 309 733 μὲν
366 658 719 718 ὑποστάσεως
769 655 829 706 οὑ
892 652 1324 723 περιττευούσης
1377 651 1593 721 φύσεσι,
1648 648 1785 703 ἀλλὰ

205 753 348 809 κατά
400 752 531 821 μίαν
586 750 708 802 τινα
763 744 1016 799 σύνθετον
1084 743 1247 813 φύσιν
1304 743 1655 815 ὑπαρχούσης
1720 742 1785 794 ἐκ

204 844 476 914 διαφόρων
502 839 808 909 δυνάμεων,
843 837 877 907 ἡ
904 835 1107 905 φυσικὴ
1157 834 1406 898 σύνθεσις
1451 830 1588 887 οὖσα
1645 831 1786 886 κατὰ

205 937 403 998 πάντα,
441 930 834 1001 συμπάσχοντα
881 927 950 979 τά
993 925 1200 995 φυσικὰ
1251 926 1421 994 αὐτῆς
1476 925 1615 996 μέρη
1680 922 1788 977 δεί-

206 1042 393 1082 κνυσιν
414 1042 428 1056 ο
461 1024 511 1076 εί
531 1022 589 1075 δὲ
619 1024 684 1074 ὲκ
708 1018 968 1073 πλειόνων
996 1015 1083 1088 εἴη
1114 1017 1327 1084 φύσεων
1351 1017 1384 1087 ἢ
1412 1015 1784 1079 ὑποστάσεων,

206 1115 349 1170 κατά
380 1112 674 1181 ἀναλογίαν
709 1112 809 1181 τῆς
840 1109 1159 1181 ὁμοιότητος
1187 1108 1367 1162 αὑτῶν
1394 1107 1529 1179 πρὸς
1551 1106 1788 1176 ἀλλήλας

138 1200 151 1207 )
206 1205 347 1262 εἶναι
371 1207 588 1275 ἀνάγκη
642 1203 737 1256 καὶ
781 1202 880 1264 τὰς
935 1199 1284 1271 συμπαθείας
1330 1200 1496 1253 τῶνδε
1546 1200 1604 1252 ὲν
1650 1199 1786 1267 αὑτῇ

209 1299 370 1370 μόνον
404 1312 417 1325 ’
452 1293 677 1364 καὶγὰρ
708 1291 850 1345 οὕτω
899 1292 993 1345 καὶ
1038 1290 1137 1353 τὰς
1186 1288 1409 1353 ἑνώσεις
1462 1288 1641 1342 αὐτῶν
1691 1286 1790 1350 τὰς

211 1390 448 1460 φυσικὰς
497 1387 609 1456 ἔχει
637 1402 651 1418 ο
711 1383 866 1438 οὐδὲν
891 1382 1001 1452 γὰρ
1035 1383 1215 1453 πάντη
1247 1380 1376 1437 ἄνευ
1405 1380 1549 1443 τινδς
1576 1380 1790 1433 ταυτόι·

210 1495 389 1547 τητος
411 1476 507 1529 καὶ
522 1474 901 1544 συγγενείας,
922 1471 1255 1526 συνάπτεται
1283 1470 1477 1541 ἑτέρῳ,
1503 1468 1622 1522 οὐδὲ
1651 1485 1713 1520 συ
1721 1485 1793 1537 μ-

212 1569 412 1639 πάσχει
442 1567 571 1638 ἄρα,
604 1565 728 1619 οὐδὲ
765 1565 859 1619 ἐπὶ
904 1563 1014 1617 τῶν
1067 1562 1312 1632 ἀψύχων.
1339 1561 1560 1632 ’Λμέλει
1613 1559 1792 1614 τοίνυν

210 1660 282 1713 τὰ
309 1658 462 1712 ἁπλᾶ
483 1659 724 1727 στοιχεῖα
751 1655 1047 1725 λεγόμενα,
1088 1654 1267 1706 είτουν
1300 1654 1355 1705 αἱ
1391 1653 1607 1723 πρῶται
1641 1649 1805 1703 ποιά--

211 1768 375 1824 τητες
425 1749 516 1803 διὰ
564 1748 727 1802 τοῦτο
786 1748 887 1800 οὑκ
943 1746 1082 1799 εἰσὶν
1112 1746 1170 1798 ὲν
1211 1744 1465 1815 ὑπάρξει,
1494 1742 1617 1797 καθ’
1652 1741 1790 1795 αὑτὰ

212 1838 500 1911 ὑφεστῶτα
533 1854 549 1872 ο
603 1838 701 1890 ὅτι
734 1836 833 1891 καὶ
885 1837 933 1888 εί
980 1831 1144 1906 ἦσαν,
1208 1833 1458 1903 ἀχρηστα
1507 1830 1573 1884 ἂν
1610 1825 1676 1900 ἦν
1708 1832 1790 1894 είς

207 1930 308 2001 τὴν
337 1927 610 1998 κοσμικὴν
641 1924 752 1979 τῶν
784 1924 1056 1994 σωμάτων
1118 1920 1369 1975 σύνθεσιν
1403 1937 1417 1951 ·
1455 1922 1516 1974 οὑ
1564 1920 1676 1990 γάρ
1721 1915 1790 1991 ἦν

209 2023 395 2084 αὐτοῖς
418 2019 596 2089 πάντη
623 2015 972 2087 διαφέρουσιν
993 2013 1242 2085 ἀλλήλων
1261 2013 1379 2076 πῶς
1400 2010 1786 2067 συνάπτεσθαν

211 2112 465 2182 καθάπερ
488 2108 567 2180 τῷ
587 2126 658 2162 πυ
669 2109 722 2179 pi
750 2108 842 2160 καὶ
864 2104 1035 2172 ὕδατι,
1063 2105 1157 2159 καὶ
1176 2107 1247 2175 γῇ
1283 2103 1377 2157 καὶ
1397 2101 1642 2174 ἀέρι,διὰ
1661 2103 1792 2173 μιᾶς

209 2200 320 2253 τῶν
356 2202 415 2253 ὲν
444 2201 627 2262 αὑτοῖς
662 2197 964 2265 ποιοτήτων
997 2194 1249 2264 ἀλλήλοις
1294 2193 1658 2263 κιρναμένων,
1702 2193 1790 2246 ὅτε

210 2291 340 2359 δέοι,
358 2291 453 2345 καὶ
475 2290 562 2344 διὰ
580 2289 680 2359 τῆς
697 2288 913 2357 ἑτέρας,
932 2288 983 2338 εί
1004 2286 1136 2350 δέοι,
1155 2283 1608 2355 διακρινομένων.
1625 2283 1790 2337 Ὅθεν

210 2382 332 2436 οὐδὲ
383 2379 498 2450 πῦρ
550 2379 728 2443 ὕδατι,
760 2379 878 2431 οὑδὲ
906 2378 976 2446 γῆ
1004 2376 1148 2443 ἀέρι,
1175 2374 1396 2444 ἁμέσως
1459 2373 1801 2429 συντίθεται.·

287 2471 528 2544 Ὁμοίως
569 2470 627 2524 δὲ
658 2471 754 2523 καὶ
802 2469 982 2539 ψυχῆς
1036 2469 1132 2521 καὶ
1179 2466 1429 2535 σώματος
1477 2464 1623 2517 ἐστιν
1664 2465 1790 2518 ἰδεῖν

210 2565 309 2619 καὶ
335 2564 554 2618 πάντων
582 2561 680 2624 τὰς
708 2559 953 2625 ένώσεις,
982 2559 1088 2611 ὑπὸ
1114 2557 1210 2611 τοῦ
1241 2556 1584 2628 δημιουργοῦ.
1614 2556 1788 2625 Λόγου

210 2653 555 2724 τεταγμένας
583 2669 599 2684 ο
635 2650 752 2704 ἐστι
778 2650 887 2720 γάρ
935 2666 1021 2712 τις
1069 2648 1230 2720 αὑτῷ
1270 2648 1492 2708 πάντως
1547 2648 1786 2719 γνωστὴ,

213 2747 365 2816 ἡμᾶς
383 2745 440 2798 δὲ
470 2743 732 2806 πολλάκις
756 2740 1118 2806 λανθάνουσα,
1147 2742 1209 2793 ὲν
1228 2741 1362 2794 πᾶσι
1386 2742 1499 2803 τοῖς
1528 2742 1788 2808 κτιστοῖς,

212 2833 476 2905 ὁμοίωσις
509 2849 572 2886 τε
609 2833 704 2887 καὶ
732 2832 987 2902 διαφορά.
1016 2831 1172 2884 Ἐπεὶ
1222 2829 1316 2884 οὖν
1372 2830 1473 2882 οὐκ
1499 2830 1557 2896 ἐξ
1586 2828 1790 2901 ὁμοιώ-

214 2946 351 2992 σεως
380 2928 475 2981 καὶ
519 2924 844 2995 συγγενείας
871 2925 1125 2994 φυσικῆς,
1168 2922 1301 2986 Θεὸς
1331 2922 1500 2994 σαρκὶ
1543 2923 1790 2993 φυσικῶς

213 3018 419 3091 ἥνωται
445 3058 461 3083 ,
525 3016 646 3071 οὐδὲ
707 3014 1024 3086 συμπάσχει
1072 3014 1309 3085 ἀνάγκῃ,
1362 3016 1427 3068 ὲκ
1482 3014 1793 3086 βουλήσεως

213 3111 272 3164 δὲ
295 3110 505 3180 ἀγαθῆς
535 3109 628 3162 καὶ
655 3106 1034 3178 εὑεργετικῆς,
1079 3106 1200 3159 κατ’
1252 3104 1501 3159 εὐδοκίαν
1557 3106 1795 3177 προσλα-

216 3202 445 3273 ϐόμενος
502 3199 699 3269 αὑτήν.
742 3199 861 3251 Ἰνα
898 3213 958 3249 τε
991 3195 1077 3267 εῑη
1102 3194 1191 3250 διά
1211 3196 1313 3267 τῆς
1333 3195 1666 3266 ὁμοιώσεως,
1701 3197 1795 3267 βε-

217 3292 348 3344 ϐαία
376 3291 411 3359 ἡ
440 3289 635 3350 ’ένωσις
684 3282 852 3340 αὑτοῦ
900 3285 1037 3356 πρὸς
1079 3285 1271 3356 αὑτὴν,
1328 3287 1422 3339 καὶ
1476 3288 1510 3357 ἡ
1559 3286 1648 3340 διὰ
1692 3287 1795 3357 τῆς

217 3381 463 3442 ἑνώσεως
487 3380 618 3449 ἡμῖν
646 3378 952 3448 εὐεργεσία,
985 3377 1177 3430 ἑαυτὸν
1216 3376 1413 3448 τρέψαι
1457 3378 1576 3430 κατ’
1625 3375 1794 3449 αὑτὴν

215 3475 278 3526 οὑ
304 3472 603 3542 δυνάμενος
637 3485 652 3501 ο
680 3469 804 3523 οὐδὲ
856 3470 963 3540 μὴν
1014 3468 1153 3539 πρὸς
1206 3467 1299 3521 τὸν
1344 3469 1540 3522 ἑαυτοῦ
1592 3467 1795 3523 σκοπὸν

216 3566 422 3619 οὑτωσὶ
445 3562 898 3636 χρησιμουργῶν,
938 3550 1249 3615 τούναντίον
1291 3560 1651 3625 συναπαθίζει
1692 3560 1794 3614 αὑ·

215 3657 317 3728 τὴν
338 3655 538 3725 ἑαυτῷ,
564 3653 661 3708 καὶ
682 3652 917 3726 τρεπτδν
942 3652 1105 3721 φύσει
1155 3652 1300 3706 κατὰ
1353 3650 1466 3721 τὴν·
1508 3650 1795 3722 κρείττονα

217 3747 426 3819 τροπὴν
453 3747 551 3800 καὶ
582 3745 743 3814 φύσιν
762 3743 1011 3812 ἐφάπαξ,
1048 3743 1217 3813 ἧγουν
1238 3742 1320 3806 είς
1339 3741 1438 3812 τὴν
1470 3740 1607 3794 ἰδίαν
1626 3737 1793 3793 αὑτοῦ

214 3838 502 3909 ἀτρεψίαν.
537 3835 639 3891 ’οὑ
691 3835 1029 3906 τρεπόμενος
1081 3835 1116 3888 ὁ
1169 3833 1438 3903 ἄτρεπτος
1491 3834 1571 3903 τῇ
1608 3831 1793 3900 φύσει,

215 3933 295 3995 είς
325 3931 425 4001 τὴν
448 3926 852 4000 χείροναφύσιν
877 3924 1196 3996 ὲξωμοιώθη
1219 3925 1356 3996 αὑτῇ
1381 3939 1396 3955 ο
1420 3924 1515 3978 καὶ
1543 3922 1791 3977 σύνθεσιν

215 4022 457 4093 φυσικὴν
506 4020 692 4084 ὰῖδίως
746 4018 925 4089 ἑαυτῷ
983 4017 1393 4088 μεμηχάνηται,
1455 4014 1633 4086 ἀρχῆς
1694 4013 1793 4085 μὲν

212 4114 388 4187 τῆσδε.
412 4113 716 4184 γενομένης
749 4110 847 4182 τῆς
882 4108 1127 4171 ένώσεως
1163 4108 1264 4178 τῆς
1301 4106 1396 4161 τοῦ
1427 4105 1633 4175 ἀγαθοῦ
1667 4104 1793 4176 βου-

211 4209 311 4277 λῆς
339 4208 437 4261 καὶ
464 4204 715 4268 εὐδοκίας
745 4221 758 4235 ·
796 4202 1031 4274 πέρατος
1073 4201 1132 4254 δὲ
1178 4199 1275 4254 καὶ
1327 4197 1788 4268 ἀποτελέσματος,

213 4300 311 4353 καὶ
334 4297 676 4369 βεϐαιώσεως
696 4295 799 4365 τῆς
833 4291 1226 4364 άφομοιώσεως
1274 4290 1375 4361 τῆς
1417 4289 1554 4362 πρὸς
1603 4289 1813 4353 αὑτὸν,”

1886 473 2331 543 inspicientibus,
2378 473 2652 528 assentire
2710 471 2968 538 veritati,
3006 474 3262 543 scireque
3309 475 3459 528 oumi

1885 564 2107 636 quidem
2132 564 2410 636 hypostasi
2430 579 2540 618 non
2568 563 2784 618 naturis
2805 563 3172 629 redundante,
3191 564 3288 619 sed
3308 565 3460 635 juxta

1885 657 2181 727 quamdam
2232 671 2397 710 unam
2443 665 2697 710 naturam
2741 655 2955 709 unitam
3003 654 3343 711 subsistente
3393 671 3457 710 ex

1883 749 2188 803 virtutibus
2218 747 2478 810 diversis,
2502 747 2809 802 naturalem
2840 748 3125 812 unionem,
3157 764 3280 818 quae
3306 749 3461 820 juxta

1886 840 2073 895 omnia
2108 848 2212 904 est,
2246 853 2442 893 omnes
2482 839 2761 894 naturales
2798 838 2974 909 ipsius
3007 849 3195 909 partes
3234 855 3463 909 compa-

1890 931 2090 985 tientes
2139 929 2433 995 exhibere;
2469 928 2516 983 si
2546 944 2678 983 vero
2708 945 2774 984 ex
2805 930 3058 999 pluribus
3087 931 3300 985 naturis
3328 946 3463 985 con-

1889 1029 2060 1076 staret
2091 1020 2177 1074 vel
2222 1019 2636 1089 bypostasibus,
2665 1035 2764 1089 pro
2795 1021 3047 1091 analogia
3078 1021 3464 1076 similitudinis

1888 1127 2079 1166 earum
2116 1111 2260 1165 inter
2292 1126 2371 1175 se,
2403 1110 2741 1182 sympathias
2772 1126 2962 1165 earum
3008 1111 3065 1164 in
3098 1111 3215 1180 ipsa
3253 1120 3462 1178 tantum

1889 1203 2236 1258 necessarias
2286 1217 2448 1267 esse;
2501 1201 2708 1255 etenim
2754 1200 2837 1255 sic
2881 1208 2938 1255 et
2990 1202 3223 1257 uniones
3273 1219 3469 1258 earum

1891 1297 2175 1352 naturales
2213 1295 2400 1349 habet.
2432 1293 2581 1349 Nihil
2619 1294 2769 1349 enim
2800 1292 2913 1347 ullo
2948 1293 3112 1347 modo
3146 1295 3265 1370 sine
3313 1295 3471 1347 iden-

1891 1389 2058 1442 ditate
2086 1402 2151 1442 ac
2177 1383 2625 1440 connaturalitate
2651 1383 2814 1438 alteri
2847 1391 3064 1453 aptatur
3090 1399 3193 1440 nec
3219 1399 3346 1439 cum
3374 1383 3473 1438 illo

1893 1479 2247 1547 compatitur,
2270 1492 2375 1532 nec
2392 1491 2527 1531 cum
2552 1476 2621 1531 de
2646 1475 2964 1531 inanimatis
2986 1476 3189 1547 agitur.
3214 1475 3475 1531 Profecto

1894 1570 2062 1640 igitur
2086 1568 2362 1638 simplicia
2389 1568 2613 1622 nomine
2632 1567 2927 1622 elementa
2957 1566 3073 1622 sive
3107 1568 3300 1637 primae
3328 1582 3476 1636 qua-

1893 1661 2078 1716 litates
2107 1661 2231 1715 ideo
2268 1674 2379 1713 non
2410 1667 2538 1714 sunt
2568 1658 2624 1712 in
2654 1658 2895 1714 essentia
2935 1660 3092 1728 juxta
3123 1660 3242 1729 ipsa
3262 1675 3467 1730 suppo-

1892 1748 2021 1813 sita,
2048 1747 2196 1819 quod
2238 1746 2283 1802 si
2322 1755 2527 1811 essent,
2560 1746 2703 1801 nihil
2734 1747 3069 1802 inservirent
3114 1747 3306 1802 mundi
3342 1764 3468 1803 cor-

1891 1850 2088 1912 porum
2119 1839 2312 1894 unioni
2333 1836 2700 1904 ;'nihil-enim
2731 1837 2814 1915 eis
2845 1846 2992 1893 esset
3028 1837 3175 1893 inter
3214 1854 3273 1894 se
3309 1838 3473 1895 diffe-

1891 1932 2164 1997 rentibus,
2203 1929 2350 1985 unde
2375 1930 2750 1985 coalescerent
2780 1947 2796 1984 :
2832 1929 3296 1999 quemadmodum
3331 1931 3471 2000 igni.

1890 2038 2066 2092 aquae,
2104 2031 2263 2078 terra:
2289 2020 2536 2091 aerique,
2569 2019 2643 2074 ob
2672 2034 2838 2075 unam
2866 2019 3112 2090 ipsorum
3143 2021 3473 2091 qualitatem.

1891 2115 1937 2170 si
1959 2114 2262 2186 iungenda,
2293 2113 2475 2182 obque
2512 2112 2752 2167 alteram
2789 2112 2834 2167 si
2864 2112 3230 2185 disjungenda
3260 2114 3485 2172 forent,

1888 2206 2046 2263 Unde
2108 2222 2212 2262 nec
2266 2204 2409 2277 ignis
2438 2219 2616 2276 aquae,
2658 2216 2762 2260 nec
2802 2206 2914 2261 aeri
2952 2214 3097 2262 terra
3154 2206 3477 2264 immediate

1890 2297 2178 2352 uniantur.

1962 2466 2114 2521 Idem
2159 2474 2344 2521 autem
2397 2464 2695 2522 dicendum
2732 2466 2801 2522 de
2852 2465 3071 2533 auium,
3115 2466 3184 2523 de
3222 2465 3474 2538 corporis

1890 2555 2070 2626 deque
2085 2556 2331 2612 omnium
2352 2557 2648 2613 unionibus
2662 2573 2695 2612 a
2715 2557 2896 2613 Verbo
2912 2566 3163 2614 creatore
3178 2557 3471 2625 ordinatis;

1893 2646 1998 2718 ipsi
2025 2648 2177 2703 enim
2203 2658 2290 2704 est
2317 2647 2565 2719 perfecte
2590 2648 2896 2719 cognitum,
2920 2648 3071 2719 quod
3099 2663 3202 2705 nos
3223 2648 3471 2719 plerum-

1888 2754 1997 2809 que
2025 2740 2177 2806 latet,
2208 2740 2440 2807 scilicet,
2471 2740 2528 2796 in
2556 2740 2816 2797 omnibus
2844 2741 3137 2807 creaturis,
3166 2740 3475 2796 similitudo

1890 2829 2054 2885 simul
2077 2846 2142 2887 ac
2159 2830 2497 2888 diﬂerentia.
2522 2832 2661 2888 Cum
2677 2833 2849 2905 igitur
2872 2847 2983 2887 non
3008 2847 3078 2886 ex
3102 2831 3470 2888 similitudine

1891 2924 2358 2995 generationeque
2408 2925 2686 2990 naturali,
2733 2925 2879 2981 Deus
2927 2924 3082 2980 carni
3136 2924 3472 2980 naturaliter

1820 3043 1866 3104 ε
1895 3017 2084 3073 unitus
2113 3018 2206 3082 sit,
2236 3033 2341 3073 nec
2366 3019 2682 3075 necessario
2711 3019 3068 3088 compatitur,
3093 3019 3369 3089 siquidem
3402 3035 3471 3075 es

1894 3105 2038 3161 bona
2053 3106 2411 3177 beneﬁcaque
2428 3108 2710 3163 voluntate
2735 3107 3039 3163 secundum
3061 3107 3473 3179 beneplacitum

1895 3210 2019 3249 eam
2065 3196 2447 3266 assumpserit.
2479 3196 2659 3266 thue
2703 3212 2804 3267 per
2853 3197 3300 3264 similitudinem,
3341 3214 3469 3253 cum

1895 3284 1990 3340 illa
2022 3287 2154 3341 unio
2199 3287 2375 3357 ipsius
2401 3287 2558 3342 ﬁrma
2590 3287 2750 3353 foret,
2786 3303 2993 3358 perque
3024 3289 3173 3344 illam
3207 3290 3471 3346 unionem

1895 3377 2058 3433 nobis
2100 3377 2496 3445 beneﬁcentia;
2529 3394 2653 3434 cum
2681 3380 3040 3452 juxta-ipsam
3067 3384 3311 3454 seipsum
3338 3401 3472 3441 con-

1894 3473 2115 3521 vertere
2156 3469 2432 3537 nequiret.
2469 3484 2575 3523 nec
2627 3469 2709 3524 sic
2749 3470 2976 3539 quidem
3026 3488 3259 3543 scopum
3307 3491 3469 3532 suum

1894 3557 2191 3614 elﬁcaciter
2222 3561 2537 3631 attingeret,
2569 3575 2601 3616 e
2634 3562 2916 3617 contrario
2947 3562 3096 3619 illam
3126 3565 3193 3620 ad
3225 3568 3468 3637 seipsum

1895 3652 2127 3705 assumit
2163 3649 2367 3720 (littera
2414 3668 2427 3704 :
2468 3665 2655 3707 secum
2708 3667 2829 3707 eam
2891 3652 3024 3710 fecit
3053 3656 3470 3727 impassibilem,

1894 3741 2100 3797 oblatus
2126 3751 2200 3796 est
2233 3744 2360 3814 quia
2383 3743 2495 3814 ipse
2524 3743 2688 3797 voluit
2709 3744 2775 3814 ³),
2805 3746 3244 3818 mutabilemque
3272 3761 3468 3806 natura

1889 3834 2046 3904 juxta
2073 3835 2359 3890 meliorem
2395 3836 2621 3891 modum
2659 3845 2716 3892 et
2746 3844 2998 3892 naturam
3047 3842 3215 3896 semel
3269 3849 3326 3896 et
3370 3858 3471 3912 pro

1896 3938 2135 3995 semper,
2165 3939 2263 3981 seu
2305 3926 2362 3980 in
2406 3927 2688 3997 propriam
2730 3926 2903 3996 ipsius
2936 3927 3468 3987 immutabilitatem.

1894 4016 2016 4073 Non
2061 4033 2401 4086 conversus,
2435 4027 2633 4075 natura
2680 4020 3066 4088 immutabilis,
3120 4023 3175 4077 in
3223 4025 3469 4095 pejorem

1893 4117 2149 4165 naturam
2171 4109 2273 4180 ipsi
2301 4109 3140 4183 assimilatusest,unionemque
3163 4115 3467 4170 naturalem

1893 4200 2223 4270 sibimetipsi
2256 4200 2314 4254 in
2345 4209 2674 4270 perpetuum
2703 4202 3005 4269 adinvenit,
3039 4204 3316 4275 principio
3347 4208 3472 4276 qui-

1894 4291 2020 4348 dem
2047 4291 2360 4363 bujusmodi
2378 4291 2601 4346 unionis
2621 4303 3011 4350 consummatae
3041 4294 3277 4351 consilio
3301 4296 3472 4353 bene-

128 4388 137 4395 ’
214 4393 315 4461 τῆς
357 4387 708 4457 συντεθείσης
749 4383 968 4453 φύσεως
1021 4384 1119 4436 σὺν
1152 4381 1320 4452 αὐτῷ.
1350 4381 1430 4452 Τῇ
1458 4380 1569 4463 γάρ
1591 4382 1656 4433 ὲκ
1687 4396 1789 4448 φυ-

1892 4384 2197 4454 placitoque
2245 4383 2376 4437 boni
2425 4382 2607 4453 (Dei);
2642 4382 2746 4439 ﬁne
2798 4393 2981 4440 autem
3034 4401 3100 4441 ac
3121 4402 3470 4444 consumma-

218 4477 378 4547 σικῆς
409 4476 748 4545 ἀγαθότητος
775 4473 992 4544 εὐδοκία
1026 4473 1124 4527 καὶ
1172 4474 1287 4536 τοῖς
1331 4472 1433 4542 τὴν
1471 4470 1634 4537 φύσιν
1692 4470 1792 4524 ἀν-

215 4568 422 4639 ομοίοις
450 4568 570 4620 ὂλον
592 4565 784 4620 ἑαυτὸν
811 4567 957 4638 ἂκρα
985 4566 1051 4635 τῇ
1086 4565 1385 4634 ἀγαθότητι
1410 4562 1788 4643 χαριζόμενος,

215 4659 432 4713 ἑνοῦται
461 4656 557 4712 νῦν
603 4658 632 4709 ὁ
671 4657 794 4710 κατ’
843 4656 1016 4726 ἀρχὰς
1063 4657 1165 4726 τῆς
1217 4656 1451 4715 κτίσεως
1498 4653 1592 4706 καὶ
1641 4652 1809 4722 αὑτῷ

211 4751 290 4822 τῷ
345 4752 521 4819 πάντη
582 4746 981 4816 ἀντικειμένως
1034 4745 1213 4815 ἔχοντι
1280 4745 1417 4816 πρὸς
1465 4744 1649 4806 αὑτὸν,
1696 4743 1790 4796 τὸν

212 4845 342 4898 ὅντα
365 4840 444 4912 τῷ
471 4840 546 4912 μὴ
565 4840 683 4893 δντι
704 4838 897 4892 ἑαυτόν
923 4855 1060 4905 πως,
1080 4838 1159 4901 ὡς
1176 4838 1337 4900 αὑτὸς
1356 4832 1488 4899 ollas,
1519 4834 1783 4906 συνάψας.

212 4934 322 4988 Καὶ
342 4933 411 4986 τά
441 4930 561 4994 πῶς
597 4930 758 4992 ὄντα,
791 4929 887 4983 καὶ
910 4930 1041 4983 πότε
1072 4931 1252 4985 πάντα
1281 4928 1463 4998 ἑαυτῷ
1502 4928 1787 4998 παραστή-

212 5043 334 5091 σας,
357 5022 452 5077 νῦν
477 5022 535 5077 δὲ
561 5019 903 5093 προϐιϐάσας
934 5021 1036 5091 ἤδη
1068 5021 1149 5083 είς
1184 5023 1245 5073 τὸ
1271 5018 1431 5084 εἶναι,
1462 5018 1557 5073 καὶ
1609 5020 1691 5082 είς
1728 5017 1790 5071 τὸ

208 5116 539 5188 ὑψηλότερον
590 5109 729 5167 εἶναι
777 5112 917 5166 αὐτὰ
964 5111 1138 5181 ἄγων,
1183 5111 1360 5182 ἑαυτῷ
1405 5111 1739 5180 ὲνυπέστησε
1770 5127 1785 5141 ·

208 5210 391 5264 πάντα
420 5203 892 5274 ὲγκολπισάμενος
920 5203 1015 5256 καὶ
1045 5202 1391 5272 περιπράξας
1422 5203 1450 5254 ὁ
1476 5201 1549 5255 ὢν
1581 5200 1805 5272 ἑαυτῷ,

206 5304 296 5357 ἵνα
320 5300 485 5371 μηδὲν
535 5296 618 5350 ἔτι
650 5296 760 5349 τῶν
807 5294 954 5348 ίδίων
1006 5294 1095 5347 διὰ
1138 5293 1240 5363 τῆς
1291 5294 1515 5364 φθορᾶς,
1581 5295 1660 5357 είς
1720 5292 1801 5346 ’ξδ’

208 5394 283 5465 μὴ
317 5391 378 5444 ὃν
411 5388 575 5442 πάλιν
608 5384 954 5457 ἀνακάμψῃ·
1003 5383 1154 5455 μένοι
1182 5383 1240 5437 δὲ
1295 5383 1364 5436 τὰ
1410 5383 1508 5436 ὅλα
1555 5381 1652 5435 σὺν
1703 5381 1782 5453 τῷ

203 5482 478 5555 ἀφθάρτῳ
517 5478 796 5550 ἄφθαρτα,
825 5475 1031 5547 πάσης
1071 5474 1184 5545 τῆς
1240 5475 1491 5541 κτίσεως
1543 5474 1782 5531 ἐλευθε-

274 5658 297 5693 ι
326 5656 428 5712 lsa.
466 5671 579 5722 Lm,
614 5657 666 5710 7.

1004 5768 1117 5785 ,ρι’-η

1889 4482 2039 4531 tione
2061 4473 2590 4544 conﬁrmationeque
2612 4475 3025 4533 assimilationis
3042 4479 3164 4550 ejus
3177 4480 3245 4535 ad
3263 4480 3464 4551 ipsum,

1889 4564 2045 4620 unita
2076 4571 2278 4617 natura
2305 4578 2432 4617 cum
2477 4563 2617 4633 ipso.
2650 4562 3074 4635 Beneplacentia
3118 4569 3269 4624 enim
3302 4579 3467 4626 natu-

1887 4654 2327 4711 ralisebonitatis
2376 4654 2804 4727 diversitateque
2854 4659 3159 4715 secundum
3208 4669 3465 4716 naturam

1887 4747 2130 4815 seipsum
2185 4753 2362 4800 totum
2408 4761 2621 4801 summa
2667 4747 2911 4804 bonitate
2958 4749 3195 4815 donans,
3238 4752 3332 4821 qui
3382 4763 3466 4810 est

1894 4838 2228 4909 principium
2261 4846 2548 4904 creaturae,
2577 4840 2635 4894 in
2666 4848 2914 4911 tempore
2944 4844 3135 4898 unitur
3161 4846 3327 4900 etiam
3360 4848 3463 4917 ipsi

1893 4930 1988 4999 qui
2035 4929 2198 4999 plane
2240 4929 2570 5000 sibimetipsi
2600 4929 2946 5000 adversatur,
2978 4936 3334 5006 semetipsum
3367 4940 3462 5009 qui

1894 5028 1979 5076 est
2006 5036 2132 5074 cum
2165 5034 2233 5075 eo
2266 5020 2362 5091 qui
2390 5035 2503 5076 non
2544 5031 2630 5077 est
2674 5021 2836 5078 modo
2865 5038 2976 5093 quo
3023 5024 3142 5096 ipse
3187 5026 3290 5082 scit
3326 5043 3463 5084 con-

1889 5112 2145 5183 jungens.
2189 5111 2322 5178 Quae
2345 5120 2527 5166 autem
2569 5113 2754 5182 aliquo
2799 5115 2971 5171 modo”
3008 5128 3169 5182 sunt,
3210 5118 3462 5189 aliquan-

1890 5201 2069 5273 doque
2098 5201 2282 5257 omnia
2309 5201 2377 5256 ad
2402 5217 2462 5257 se
2493 5201 2787 5270 advocans,
2815 5220 2963 5261 nunc
3009 5207 3230 5263 tandem
3268 5208 3326 5264 in
3353 5225 3464 5263 esse

1888 5308 2218 5364 promovens
2245 5302 2411 5364 atque
2441 5294 2509 5349 ad
2539 5295 2705 5351 altius
2729 5313 2838 5352 esse
2864 5299 3155 5367 extollens,
3178 5300 3296 5370 ipsa
3328 5299 3462 5358 sibi-

1888 5385 2109 5456 metipsi
2144 5385 2492 5456 suppositum
2539 5388 2690 5443 fecit.
2722 5388 2826 5456 Qui
2875 5406 2904 5446 a
2943 5407 3004 5448 se
3030 5394 3248 5450 exsistit
3274 5394 3457 5450 omnia

1889 5476 1946 5531 in
1974 5477 2097 5532 sinu
2125 5492 2228 5533 suo
2257 5477 2456 5549 recipit
2485 5486 2650 5550 atque
2686 5482 3038 5552 amplectitur
3062 5500 3131 5541 ne
3156 5483 3462 5554 quidquam
