3954 6148
426 312 561 379 1427

1673 315 1983 376 LEONTII
2023 313 2427 375 ΒΥΖΑΝΤΙΝΙ

3538 313 3685 379 1528

423 422 706 493 preprium
753 421 1128 493 corruptionis
1174 434 1340 477 causa
1388 419 1569 475 adhuc
1620 421 1679 475 in
1730 437 1841 476 non
1893 433 1995 475 ens

2101 421 2387 487 ρωθείσης
2409 417 2529 472 ἀπὸ
2551 416 2670 487 τῆς
2691 415 2975 484 δουλείας
3005 414 3118 487 τῆς
3162 420 3391 489 φθορᾶς
3430 421 3502 476 ἐν
3542 425 3687 494 χρι-

422 527 617 567 rursus
645 521 972 576 revertatur,
1002 520 1062 566 ut
1095 526 1230 566 vero
1264 510 1451 565 omnia
1489 524 1616 565 cum
1663 509 1990 580 incorrupto

421 603 742 674 incorrupta
783 612 1057 669 maneant,
1087 603 1233 657 omni
1261 610 1513 658 creatura
1560 602 1784 658 liberata
1816 620 1849 658 a
1875 619 1992 657 ser-

419 693 582 745 uitute
598 693 947 762 corruptionis
963 692 1022 746 in
1044 689 1250 748 Christo
1273 692 1317 746 ‘.
1352 691 1569 748 Etenim
1597 708 1627 748 a
1649 692 1990 763 principio...

419 795 544 853 qua
562 782 855 853 speciebus
869 782 1071 838 similia
1090 792 1252 838 erant
1266 784 1562 855 principio,
1586 784 1716 839 dein
1740 799 1862 853 quae
1885 784 1996 838 illis

418 875 603 930 omnia
653 875 1031 929 connaturalia
1083 884 1242 931 erant
1297 876 1615 945 speciesque
1693 874 1851 931 facta:
1923 875 1991 929 ad

411 966 620 1036 justam
652 962 899 1018 laetitiam
941 963 998 1018 in
1040 965 1234 1035 primis
1264 966 1647 1030 liberatarum,
1684 967 1798 1021 Deo
1840 966 1993 1021 locu-

415 1054 582 1124 pletia
621 1062 771 1121 sunt,
805 1057 1009 1125 eritque
1041 1054 1182 1109 Deus
1218 1059 1398 1111 omnia
1427 1058 1485 1110 in
1519 1057 1779 1111 omnibus.

1048 1144 1200 1202 CAP.
1250 1148 1364 1202 VII.

486 1236 662 1292 Omne
700 1234 1072 1305 quodcunque
1129 1234 1291 1290 alteri
1323 1235 1540 1289 unitum
1575 1234 1645 1288 ad
1691 1235 1859 1290 unius
1899 1248 1995 1289 na-

417 1339 558 1385 turae
579 1336 747 1398 atque
777 1327 1091 1399 hypostasis
1114 1326 1352 1381 viventis
1375 1325 1847 1389 constitutionem,
1869 1341 1995 1395 pars

428 1431 505 1477 9st
556 1420 846 1476 evidenter
887 1417 1147 1489 perfectae
1181 1424 1391 1472 naturae
1427 1417 1514 1471 vel
1543 1425 1602 1472 et
1648 1416 1990 1489 bypostasis;

422 1510 607 1566 omnia
663 1518 847 1565 autem
890 1507 1036 1579 parti
1077 1516 1293 1562 natura:
1339 1507 1426 1563 vel
1469 1516 1527 1562 et
1565 1508 1877 1580 hypostasis
1911 1509 1995 1561 vi-

423 1603 626 1667 ventis,
659 1615 802 1671 opus
849 1610 934 1655 est
975 1600 1202 1655 omnino
1246 1607 1406 1669 parte
1454 1600 1548 1654 cui
1592 1600 1748 1655 unita
1783 1610 1890 1666 est,
1926 1600 1993 1654 ad

419 1694 701 1764 propriam
732 1691 1109 1762 operationem
1142 1689 1558 1760 perﬁciendam.
1606 1690 1817 1745 Animae
1845 1689 1994 1745 enim

420 1799 669 1854 corpore,
709 1781 1042 1852 corporique
1073 1780 1259 1835 anima
1288 1793 1433 1850 opus
1473 1790 1559 1835 est
1606 1778 1673 1834 ad
1716 1779 1994 1849 propriam

417 1874 853 1945 uniuscujusque
914 1871 1291 1942 operationem
1363 1869 1755 1940 perﬁciendam
1809 1887 1824 1937 ;
1878 1870 1995 1926 haec

417 1967 641 2037 quidem
679 1965 751 2020 ad
791 1963 1049 2019 mandata
1100 1963 1290 2018 divina
1334 1961 1718 2033 cognoscenda
1774 1962 1994 2032 Deoque

417 2054 892 2126 complacendum,
913 2052 1051 2107 illud
1074 2067 1226 2114 vero,
1245 2060 1307 2106 ut
1329 2053 1441 2107 vita
1458 2067 1582 2107 cum
1603 2053 1719 2123 ipsa
1745 2065 1998 2109 servetur

418 2146 782 2215 omniumque
808 2144 1112 2200 visibilium
1140 2143 1427 2199 meliorem
1453 2144 1872 2199 aestimationem
1897 2145 1997 2198 ha-

419 2239 569 2303 beat,
609 2236 988 2292 necessarium
1031 2243 1138 2290 est.
1199 2235 1312 2289 Deo
1351 2243 1538 2290 autem
1582 2235 1765 2290 Verbo
1809 2235 1996 2305 aliquo

419 2329 491 2385 ad
541 2330 820 2401 propriam
872 2329 1250 2398 operationem
1302 2340 1443 2395 opus
1489 2341 1611 2382 esse
1656 2326 1993 2392 existimare,

421 2435 534 2475 non
567 2426 782 2475 rectum
834 2426 959 2483 est;
1010 2416 1159 2472 haud
1210 2432 1341 2488 ergo
1375 2416 1563 2472 unitus
1604 2426 1689 2472 est
1722 2417 1887 2472 alicui
1928 2434 1998 2473 ex

419 2512 585 2566 nobis
640 2510 698 2565 in
754 2509 921 2564 unius
966 2519 1179 2563 natura:
1231 2507 1317 2562 vel
1376 2506 1685 2578 bypostasis
1757 2507 1998 2563 viventis

421 2601 902 2659 constitutionem.
947 2597 1006 2652 Si
1040 2612 1174 2652 vero
1225 2596 1417 2653 unitus
1464 2606 1571 2659 est,
1601 2595 1673 2653 illi
1689 2594 1852 2650 etiam
1877 2597 1999 2666 ipso

421 2695 491 2749 ad
557 2692 841 2763 propriam
894 2689 1275 2758 operationem
1333 2702 1476 2757 opus
1524 2696 1646 2751 est,
1708 2686 1856 2757 quod
1913 2692 1999 2743 est

422 2778 795 2850 blasphemia,
827 2790 955 2833 cum
1008 2775 1181 2845 ipsius
1232 2776 1514 2845 potentiae,
1565 2776 1752 2845 potius
1812 2785 1997 2830 autem

423 2870 780 2943 impotentiae,
800 2867 1049 2939 praedicti
1075 2882 1107 2922 a
1131 2867 1290 2922 vobis
1322 2866 1597 2921 ratiocinii
1620 2867 1831 2935 ,potius
1867 2881 2000 2921 vero

422 2961 779 3025 irratiocinii,
823 2973 1066 3029 praesens
1112 2957 1185 3013 sit
1223 2968 1632 3028 argumentum:
1666 2964 1817 3024 patet
1862 2953 1999 3009 illud

422 3054 678 3111 similiter
708 3066 831 3107 esse
875 3050 1152 3105 ruiturum
1187 3066 1202 3116 ;
1234 3048 1340 3104 etsi
1365 3048 1586 3103 selectis
1610 3047 1821 3117 aliquot
1846 3047 2000 3101 loeu-
2024 3082 2068 3137 ο

422 3146 671 3204 tionibus
697 3160 766 3200 ex
812 3143 901 3197 bis
943 3157 1066 3212 quae
1110 3141 1288 3210 prima
1322 3139 1716 3209 sequebantur,
1752 3137 1993 3192 secunda

421 3234 772 3300 induxeritis,
806 3230 1224 3287 multitudinem
1256 3230 1424 3285 nobis
1447 3229 1879 3297 facilitatemque
1907 3242 1997 3281 ar-

421 3333 806 3397 gumentorum
857 3321 1254 3389 ostendentes;
1319 3319 1469 3389 quod
1534 3318 1683 3373 enim
1740 3316 2001 3373 omnibus

421 3415 864 3473 fatentibuseum
895 3414 1073 3470 altero
1099 3413 1455 3483 compatitur,
1476 3425 1603 3465 cum
1636 3410 1756 3480 ipso
1777 3425 1997 3480 quoque

423 3507 732 3565 secundum
758 3505 895 3577 quid
940 3504 1171 3561 omnino
1213 3504 1565 3575 congaudet:
1616 3505 1696 3560 illi
1725 3520 1857 3576 ergo
1893 3504 1998 3559 hoc

422 3613 563 3669 opus
596 3606 685 3652 est
713 3596 785 3652 ob
822 3595 1086 3666 gaudium
1128 3595 1440 3664 prOprium.
1483 3594 1541 3650 Si
1586 3595 1754 3664 igitur
1800 3595 1996 3665 hujus-

420 3689 569 3745 modi
597 3687 859 3759 gaudium
889 3693 1153 3755 tanquam
1186 3684 1375 3753 aliqua
1403 3685 1661 3754 operatio
1695 3684 1995 3755 gaudentis

421 3781 675 3845 habetur,
715 3777 861 3834 idem
890 3776 1055 3832 nobis
1097 3784 1155 3831 et
1182 3791 1252 3830 ex
1290 3776 1598 3847 sympathia
1627 3775 1992 3845 praecedente,

421 3885 677 3941 nuncque
692 3884 758 3925 ex
778 3866 1100 3938 operatione
1112 3865 1385 3922 ambobus
1397 3864 1703 3921 ratiociniis
1721 3864 1995 3921 incertum

421 3960 648 4015 fecistis.
664 3957 774 4012 Sed
794 3956 852 4009 in
865 3953 1301 4025 praecedentibus
1314 3968 1419 4007 nec
1435 3960 1619 4022 partes
1633 3968 1754 4009 esse
1770 3953 1999 4009 omnino

422 4048 704 4105 naturales
741 4059 865 4116 qua:
905 4053 1037 4099 sunt
1074 4043 1247 4099 unita
1287 4043 1344 4098 in
1384 4042 1723 4114 bypostasim
1762 4044 1996 4100 demon-

422 4148 654 4196 stratum
700 4145 806 4203 est,
855 4149 963 4191 nec
1014 4133 1202 4191 unitas
1234 4134 1465 4190 omnino
1515 4133 1683 4189 etiam
1725 4136 1999 4206 compati;

421 4247 526 4287 nec
554 4230 975 4300 compatientes,
998 4225 1227 4282 omnino
1253 4238 1474 4296 quoque
1501 4227 1816 4282 necessario
1842 4242 1997 4284 com-

376 4363 384 4370 .
422 4320 550 4392 pati.
612 4317 747 4383 Quoi
790 4317 962 4389 igitur
997 4324 1320 4372 remanente
1348 4331 1452 4371 nec
1475 4315 1720 4371 resoluto
1738 4315 1794 4371 in
1816 4318 2000 4388 primo

428 4425 606 4472 vestro
626 4420 972 4485 argumento,
993 4409 1062 4465 ad
1078 4411 1406 4465 alterutrum
1429 4408 1619 4465 venire
1643 4409 1763 4464 ausi
1793 4409 1994 4476 fuistis,
2029 4405 2074 4459 D

309 4548 325 4564 .
421 4509 630 4564 clarum
660 4519 775 4561 non
806 4511 913 4559 est.

490 4595 780 4665 Quomodo
797 4591 1113 4663 exemplum
1134 4589 1203 4645 ad
1226 4588 1606 4660 cognoscenda
1622 4597 1895 4659 praecepta
1917 4589 2003 4643 di-

421 4691 550 4747 vina
575 4690 798 4758 Deoque
819 4681 1278 4755 complacendum
1306 4679 1503 4735 anima:
1538 4694 1679 4750 opus
1721 4694 1845 4735 esse
1871 4694 1999 4733 cor-

422 4795 556 4850 pore
590 4795 623 4835 a
649 4777 813 4833 vobis
842 4774 1068 4830 allatum
1109 4771 1231 4827 est?
1273 4769 1388 4824 Hoc
1427 4769 1597 4835 enim,
1629 4769 1762 4825 licet
1788 4768 2002 4839 aliquo-

423 4869 588 4925 modo
627 4868 736 4923 dici
787 4864 980 4936 possit,
1049 4861 1288 4918 feliciter
1336 4859 1489 4915 haud
1530 4859 1833 4926 attulistis;
1886 4873 2001 4914 non

423 4960 604 5015 solum
629 4958 777 5013 enim
799 4956 867 5011 ad
899 4970 1029 5010 vera
1049 4953 1348 5022 divinaque
1382 4949 1831 5021 cognoscendum
1863 4949 2000 5004 illud

426 5058 512 5104 εει
534 5048 647 5102 dux
669 5054 835 5117 atque
863 5046 1245 5116 adiumentum
1279 5042 1498 5104 animae,
1529 5040 1626 5095 sed
1676 5040 1842 5095 etiam
1871 5056 2001 5097 eum

424 5138 661 5196 maxime
706 5135 1293 5206 nocet,spiritualium
1346 5133 1692 5204 spiritualem
1752 5143 2004 5188 contem-

427 5230 726 5304 plationem
755 5228 1106 5284 sensibilium
1130 5225 1524 5296 imaginatione
1541 5224 1901 5292 obnubilans;
1929 5241 1998 5281 ex

424 5339 534 5397 qua
554 5321 807 5393 passione
835 5318 1036 5389 sapius
1054 5331 1277 5388 quoque
1299 5315 1629 5382 oﬂ’endistis,
1656 5316 1904 5386 quaedam
1926 5330 1995 5371 ex

426 5412 704 5489 mysteriis
747 5409 950 5467 divinis
980 5416 1427 5480 perscrutantes;
1470 5422 1539 5463 eo
1570 5407 1721 5479 quod
1752 5406 1996 5471 rudium,

427 5505 795 5579 corporalium
826 5513 993 5572 atque
1016 5499 1334 5573 huiusmodi
1370 5499 1716 5558 sensibilium
1739 5499 1999 5556 scientia-

504 5690 523 5719 ⁵
554 5689 711 5743 Rom.
753 5700 866 5741 vui.
897 5682 986 5736 2i.

2093 510 2240 577 στῷ.
2272 511 2372 565 Διὰ
2394 509 2505 581 γὰρ
2529 505 2627 580 τῆς
2651 511 2744 564 ἀπ’
2766 510 2941 582 ἀρχῆς
2985 511 3117 565 εὐθυ
3158 549 3175 567 .
3217 552 3236 570 .
3278 552 3294 567 .
3334 516 3404 567 τὰ
3453 516 3683 589 ὁμοειδῆ

2090 604 2158 674 τῇ
2184 603 2430 673 ἀπαρχῇ,
2491 596 2615 654 εἷτα
2664 601 2760 655 καὶ
2813 600 2884 655 τὰ
2938 602 3179 670 συγγενῆ
3238 603 3452 668 τούτοις
3496 605 3685 659 πάντα

2093 693 2355 765 καὶπρὸς
2401 694 2503 764 τὴν
2544 692 2738 765 χρείαν
2780 695 2882 764 τῆς
2938 693 3281 766 καταλλήλου
3335 696 3687 769 εὐφροσύνης

2090 783 2201 837 τῶν
2226 783 2706 855 ἐλευθερωθέντων
2733 783 2969 854 πρώτως
2990 786 3261 856 γενόμενα
3292 788 3430 858 εἴδη,
3454 789 3688 844 πλουτεῖ

2091 874 2353 939 ﬂammai
2381 875 2548 930 ἔσται
2569 876 2603 928 ὁ
2632 874 2777 939 Θεὸς
2798 875 2871 929 τὰ
2897 874 3095 930 πάντα
3122 876 3193 931 ἐν
3222 875 3392 936 πᾶσι.

2687 1144 2943 1199 ΚΕΦᾹΛ.
2988 1146 3064 1201 Z'.

2164 1237 2279 1289 Πᾶν
2300 1235 2478 1289 ὁτιοῦν
2501 1235 2886 1307 συντιθέμενον
2912 1239 3086 1309 ἑτέρῳ
3114 1239 3251 1309 πρὸς
3297 1241 3427 1310 μιᾶς
3455 1241 3681 1310 φύσεως

2094 1328 2190 1382 καὶ
2227 1320 2579 1392 ὑποστάσεως
2632 1326 2818 1399 ζώσης
2871 1328 3152 1394 σύστασιν,
3196 1330 3363 1400 μέρος
3399 1331 3678 1385 δείκνυται

2094 1420 2195 1488 τῆς
2222 1418 2682 1489 ἀποτελεσθείσης
2710 1419 2928 1488 φύσεως
2959 1421 2992 1491 ἢ
3030 1423 3124 1474 καί
3149 1422 3529 1487 ὑποστάσεως⁸
3560 1425 3678 1477 πᾶν

2091 1510 2150 1563 δὲ
2182 1510 2350 1580 μέρος
2383 1508 2598 1578 φύσεως
2629 1509 2663 1580 ἢ
2707 1510 2802 1563 καὶ
2852 1510 3206 1575 ὑποστάσεως
3255 1510 3456 1583 ζώσης,
3489 1512 3674 1566 δέεται

2096 1600 2318 1663 πάντως
2366 1599 2462 1652 τοῦ
2591 1598 2848 1670 συνετέθη
2904 1601 3127 1673 μέρους,
3159 1602 3298 1673 πρὸς
3347 1604 3678 1675 εὐεργεσίαν

2098 1691 2255 1753 ἰδίαν.
2280 1692 2474 1747 Δέεται
2502 1692 2613 1763 γὰρ
2636 1692 2670 1763 ἡ
2696 1692 2843 1763 ψυχὴ
2868 1682 2979 1746 τοῦ
3003 1693 3278 1764 σώματος,
3305 1696 3402 1749 καὶ
3428 1696 3489 1749 τὸ
3510 1696 3676 1767 σῶμα

2028 1762 2067 1816 Β
2094 1785 2195 1854 τῆς
2227 1783 2403 1854 ψυχῆς
2428 1824 2441 1847 ,
2468 1762 2694 1853 θάτερον
2727 1762 2957 1854 θατέρου
2987 1762 3198 1837 οἰκείαν
3231 1786 3551 1857 εὐεργεσίαν
3583 1762 3606 1818 ’-
3637 1791 3674 1859 ἡ

2097 1874 2197 1945 μὲν
2222 1874 2359 1943 πρὸς
2392 1872 2630 1944 μάθησιν
2656 1872 2763 1926 τῶν
2793 1872 2957 1926 θείων
2993 1873 3222 1928 ἐντολῶν
3253 1876 3346 1929 καὶ
3374 1876 3677 1949 εὐαρέστη-

2097 1979 2181 2020 σιν
2215 1965 2399 2028 θείαν,
2431 1964 2492 2018 τὸ
2521 1965 2577 2019 δὲ
2604 1965 2742 2035 πρὸς
2769 1965 2868 2037 τὴν
2895 1964 3042 2037 ζωὴν
3076 1968 3194 2037 μετ’
3223 1967 3399 2038 αὐτῆς
3436 1971 3535 2040 τῆς
3575 1972 3677 2025 καὶ

2093 2055 2202 2108 τῶν
2228 2053 2524 2126 ὁρωμένων
2564 2055 2823 2109 ἁπάντων
2861 2057 3146 2127 κρείττονα
3178 2058 3344 2129 τιμὴν
3375 2058 3539 2131 ἔχειν.
3568 2062 3678 2116 Τὸν

2094 2147 2153 2201 δὲ
2181 2146 2315 2201 Θεὸν
2343 2146 2517 2215 Λόγον
2550 2145 2959 2215 ὑπολαμϐάνειν
3001 2147 3222 2202 δέεσθαί
3252 2166 3399 2212 τινος
3428 2150 3567 2219 πρὸς
3592 2156 3679 2206 οἰ-

2094 2238 2252 2292 κείαν
2282 2237 2622 2306 εὐεργεσίαν,
2659 2237 2719 2289 οὐ
2752 2236 2911 2307 θέμις
2937 2253 2952 2269 ο
2985 2238 3088 2292 οὐκ
3133 2239 3240 2307 ἄρα
3289 2240 3547 2310 συνετέθη
3594 2242 3679 2313 τῷ

2095 2324 2155 2391 ἐξ
2198 2325 2355 2396 ἡμῶν
2382 2325 2656 2396 ἀνθρώπῳ
2701 2326 2783 2388 εἰς
2826 2327 2957 2396 μιᾶς
3000 2326 3219 2395 φύσεως
3253 2328 3286 2398 ἢ
3323 2330 3678 2395 ὑποστάσεως

2097 2414 2278 2485 ζώσης
2309 2415 2595 2471 σύστασιν.
2622 2415 2686 2469 Εἰ
2722 2414 2779 2467 δὲ
2824 2416 3118 2488 συνετέθη,
3151 2418 3247 2472 καὶ
3295 2412 3473 2473 δέεται
3505 2421 3672 2475 αὐτοῦ

2096 2507 2235 2577 πρὸς
2283 2507 2492 2562 οἰκείαν
2543 2506 2888 2576 εὐεργεσίαν,
2921 2507 3058 2578 ὅπερ
3109 2509 3346 2579 ἀσεϐές,
3402 2512 3523 2564 ἐπεὶ
3571 2511 3674 2582 τῆς

2097 2597 2270 2667 αὐτῆς
2312 2598 2617 2666 δυνάμεως,
2653 2598 2857 2669 μᾶλλον
2894 2598 2952 2653 δὲ
2983 2600 3316 2671 ἀδυναμίας,
3349 2601 3442 2655 τοῦ
3484 2620 3667 2674 προει-

2099 2708 2169 2763 ρη
2178 2689 2340 2760 μένου
2365 2690 2493 2760 ὑμῖν
2516 2689 2904 2760 συλλογισμοῦ,
2923 2691 3126 2762 μᾶλλον
3152 2692 3210 2745 δὲ
3233 2692 3669 2764 παραλογισμοῦ,

2098 2776 2283 2829 καὶτὸ
2314 2779 2489 2847 παρὸν
2540 2776 2880 2848 ἐπιχείρημα
2931 2781 3070 2842 ἐστι,
3101 2779 3262 2851 δῆλον
3310 2783 3393 2834 ὅτι
3441 2783 3537 2836 καὶ
3569 2783 3675 2854 τῆς

2098 2868 2292 2937 ὁμοίας
2329 2868 2490 2937 ἔλαχε
2520 2868 2961 2931 καταπτώσεως·
2994 2870 3044 2922 εἰ
3078 2871 3169 2923 καὶ
3208 2872 3346 2940 μετά
3373 2889 3521 2936 τινος
3542 2875 3676 2927 ἀντ-

2100 2958 2336 3028 εκλογῆς
2389 2958 2609 3024 λέξεων,
2632 2960 2694 3013 ἐκ
2719 2958 2825 3012 τῶν
2847 2959 3133 3028 ἑπομένων
3161 2963 3274 3023 τοῖς
3301 2961 3562 3032 πρώτοις,
3598 2966 3674 3020 τὰ

2099 3048 2331 3121 δεύτερα
2387 3049 2725 3125 εἰσηγργετε,
2786 3047 2990 3117 πλῆθος
3045 3050 3179 3121 ἡμῖν
3235 3051 3329 3104 καὶ
3388 3053 3671 3123 εὐπορίαν

2101 3141 2550 3212 ἐπιχειρημάτων
2599 3138 3003 3210 ἐμφανίζοντες.
3049 3142 3124 3194 Τδ
3174 3143 3281 3215 γὰρ
3328 3144 3661 3215 συμπάσχον

2096 3234 2206 3286 τινὶ
2268 3232 2740 3303 ὁμολογουμένως,
2774 3231 2946 3300 τούτῳ
3001 3233 3144 3286 κατά
3198 3252 3251 3286 τι
3301 3234 3514 3297 πάντως
3557 3236 3670 3290 καὶ

2099 3324 2429 3394 συνήδεται·
2466 3322 2626 3376 τοῦτο
2686 3322 2794 3392 ἄρα
2841 3322 2935 3377 καὶ
2976 3323 3149 3376 δεῖται
3213 3323 3376 3379 αὐτοῦ
3430 3325 3521 3378 διὰ
3570 3326 3677 3396 τὴν

2096 3416 2307 3470 οἰκείαν
2334 3415 2549 3486 ἡδονήν.
2574 3414 2747 3485 Είπερ
2783 3410 2877 3468 οὖν
2903 3416 2937 3486 ἡ
2971 3414 3155 3480 τεῦξις
3179 3415 3278 3485 τῆς
3306 3417 3515 3471 τοιάσδε
3545 3417 3663 3487 ἡδο-

2097 3506 2195 3576 νῆς
2232 3505 2525 3577 εὐεργεσία
2557 3522 2645 3569 τις
2684 3504 2763 3573 τῷ
2796 3504 3046 3575 ἡδομένῳ
3086 3505 3417 3573 λελόγισται,
3448 3507 3511 3560 τὸ
3541 3506 3673 3559 αὐτὸ

2098 3598 2229 3669 ἡμῖν
2257 3597 2321 3650 ἐκ
2346 3615 2407 3652 τε
2445 3597 2547 3667 τῆς
2577 3595 2926 3667 συμπαθείας
2958 3595 3171 3667 πρώην,
3198 3596 3293 3650 καὶ
3319 3596 3414 3651 νῦν
3460 3598 3523 3649 ὲκ
3570 3597 3673 3666 τῆς

2098 3687 2421 3757 εὐεργεσίας
2450 3686 2523 3740 δι’
2553 3686 2884 3758 ἀμφοτέρων
2906 3686 3017 3739 τῶν
3043 3688 3490 3758 ἐπιχειρημάτων
3528 3689 3672 3757 ἠπο-

2101 3777 2323 3849 ρήσατε.
2366 3776 2508 3831 Ἀλλ’
2534 3779 2593 3831 ὲν
2625 3776 2723 3847 μὲν
2756 3764 2868 3839 τοῖς
2904 3775 3198 3845 φθάσασιν,
3238 3777 3345 3831 ἰδοὺ
3373 3776 3494 3831 οὔτε
3526 3778 3669 3848 μέρη

2097 3863 2240 3924 εἶναι
2288 3868 2505 3933 πάντως
2534 3867 2739 3939 φυσικὰ
2765 3867 2833 3922 τὰ
2868 3868 3228 3937 συντιθέμενα
3262 3870 3344 3932 εἰς
3373 3870 3676 3923 ὑπόστασιν

2097 3960 2391 4025 ἐδείκνυτο,
2414 3959 2536 4015 οὔτε
2569 3959 2896 4013 συντεθέντα
2928 3959 3149 4024 πάντως
3179 3960 3272 4014 καὶ
3303 3959 3668 4030 συμπάσχειν⁸

2098 4050 2223 4105 οὔτε
2278 4051 2692 4122 συμπάσχοντα,
2722 4051 2941 4114 πάντως
2986 4052 3080 4104 καὶ
3112 4051 3390 4115 ἀκουσίως
3450 4052 3671 4121 συμπά-

2101 4160 2273 4214 σχειν.
2309 4144 2467 4207 Τίνος
2521 4142 2616 4197 οὖν
2666 4142 3008 4196 ἀκαταλύτου
3059 4143 3423 4213 φυλαχθέντος
3480 4146 3537 4196 ἐν
3589 4142 3677 4212 τῷ

2100 4235 2308 4306 πρώτῳ
2328 4234 2486 4305 ὐμῶν
2514 4235 2932 4305 ἐπιχειρήματι,
2963 4233 3102 4305 πρὸς
3142 4233 3202 4288 τὸ
3228 4233 3454 4304 θάτερον
3494 4233 3675 4286 ὲλθεῐν

2101 4324 2460 4396 ἐτολμήσατε,
2483 4325 2542 4378 οὐ
2566 4324 2821 4396 φανερόν.

2170 4585 2244 4639 Τὸ
2284 4586 2341 4639 δὲ
2392 4585 2749 4658 παράδειγμα
2793 4583 2912 4638 τόδε
2957 4583 3018 4636 τὸ
3063 4581 3194 4654 παρ’
3221 4580 3377 4652 ὑμῶν
3412 4580 3493 4634 δτι
3536 4578 3679 4649 πρὸς

2104 4679 2342 4750 μάθησιν
2374 4676 2484 4731 τῶν
2514 4676 2677 4730 θείων
2702 4674 2933 4728 ἐντολῶν
2970 4674 3066 4728 καὶ
3100 4674 3459 4743 εὐαρέστησιν
3501 4671 3677 4724 δεῖται

2100 4769 2196 4824 τοῦ
2231 4768 2484 4839 σώματος
2516 4770 2549 4838 ἡ
2577 4765 2724 4837 ψυχὴ
2746 4806 2760 4830 ,
2792 4766 2910 4830 πῶς
2945 4766 3053 4836 ἄρα
3082 4767 3211 4836 ὑμῖν
3244 4766 3457 4836 εἴρηται
3484 4780 3499 4829 ;
3537 4762 3679 4816 Οὐδὲ

2102 4861 2213 4934 γὰρ
2250 4860 2432 4927 τοῦτο,
2490 4860 2671 4914 καίτοι
2711 4875 2830 4921 πως
2854 4857 3113 4925 λέγεσθαι
3146 4856 3461 4926 δυνάμενον,
3492 4855 3679 4919 καλῶς

2104 4953 2263 5020 ὑμεῖς
2309 4950 2658 5023 προηγάγετε
2687 4964 2700 4979 ο
2734 4950 2831 5001 καὶ
2882 4948 2992 5016 γὰρ
3047 4948 3108 5000 οὐ
3163 4947 3297 5016 πρὸς
3345 4947 3444 5016 τὴν
3497 4945 3679 5016 μάθη-

2106 5062 2190 5098 σιν
2236 5043 2346 5097 τῶν
2386 5040 2606 5114 ἀληθῶν
2641 5041 2738 5094 καὶ
2787 5039 2969 5103 θείων,
2999 5037 3159 5093 τοῦτὸ
3208 5041 3327 5091 ἐστι
3364 5037 3426 5090 τὸ
3450 5036 3681 5107 ὁδηγῶν

2104 5134 2200 5187 καί⁹
2256 5132 2646 5203 συναιρόμενον
2692 5132 2758 5200 τῇ
2800 5129 2949 5199 ψυχῇ
2974 5144 2990 5161 ο
3022 5127 3138 5182 ἀλλ’
3170 5126 3318 5179 ἐστιν
3359 5127 3447 5179 ὅτε
3488 5128 3581 5179 καὶ
3610 5126 3681 5180 τὰ

2109 5225 2345 5292 μέγιστα
2371 5221 2777 5291 παραϐλάπτει.
2806 5221 2904 5291 τὴν
2930 5218 3038 5272 τῶν
3068 5217 3274 5286 νοητῶν
3309 5216 3507 5285 νοητὴν
3551 5218 3681 5268 ἐπι-

2110 5313 2335 5378 σκιάζον
2362 5312 2598 5383 θεωρίαν
2627 5311 2718 5366 διὰ
2742 5312 2842 5381 τῆς
2882 5309 2988 5364 τῶν
3018 5308 3295 5379 αἰσθητῶν
3334 5305 3640 5376 φαντασίας
3667 5321 3682 5337 ’

2106 5401 2259 5477 ᾧπερ
2290 5406 2384 5460 καὶ
2413 5406 2754 5477 ωχνοτέρως
2779 5406 3149 5474 προσπταίετε
3183 5399 3348 5455 πάθει
3398 5414 3462 5452 πι
3475 5398 3529 5467 pl
3572 5397 3689 5451 τῶν

2108 5496 2430 5569 θεοπρεπῶν
2450 5496 2780 5569 ὲρευνῶντές
2800 5512 2923 5551 τινα
2949 5493 3265 5566 μυστηρίων
3284 5506 3299 5522 ο
3330 5489 3414 5544 ὅτι
3438 5488 3551 5560 γὰρ
3573 5486 3688 5543 τῶν
