3888 6168
198 309 333 386 ιιΞι)

1132 330 1526 412 ADVERSUS
1564 320 2199 390 NESTORIANOS.—
2231 333 2377 394 LIB.
2420 331 2470 392 Ι.

3307 282 3443 392 uso

196 436 398 491 ὑλικῶν
435 437 530 492 καὶ
579 442 907 510 σωματικῶν
934 440 1026 493 καὶ
1058 441 1161 493 τῶν
1188 447 1308 497 κατ’
1338 440 1594 512 αἰσθησιν
1648 459 1754 514 μα-

1883 451 1984 498 ἰιιιὶ
2034 445 2295 525 lapides,
2320 446 2504 519 ligna,
2542 447 2800 502 animalia
2826 448 3087 513 ,coelum,
3137 445 3256 514 sol,
3305 464 3446 516 aqua

195 529 407 600 θήσεων
453 528 592 585 λίθοι
648 531 742 585 καὶ
794 531 927 599 ξύλα
968 534 1062 587 καὶ
1097 532 1212 598 ζῶα
1259 536 1353 589 καὶ
1391 536 1622 608 οὐρανὸς
1668 536 1762 590 καὶ

193 618 343 691 ἣλιος
372 619 467 674 καὶ
501 619 643 692 ὕδωρ
668 622 762 675 καὶ
796 621 906 693 πῦρ
936 623 1106 688 ἐστιν,
1129 625 1188 677 ἐν
1209 621 1291 689 οἷς
1323 626 1352 678 ὁ
1394 625 1609 691 δλισθος
1651 625 1762 681 τῶν

194 709 409 764 ασεόὦν
463 712 558 764 καὶ
605 712 1038 784 είδωλολατρῶν,
1063 714 1171 767 τῶν
1221 716 1387 787 μηδὲν
1441 716 1604 771 πλέον
1653 717 1763 771 τῶν

191 803 487 874 ὁρωμένων
512 802 850 868 δοξασάντων
882 807 964 869 είς
990 804 1328 872 θεοσέὃειαν,
1357 807 1585 877 γέγονεν
1606 806 1765 874 εὑδη-

191 894 285 955 λος
307 895 483 948 ἆπασι
515 911 531 929 ο
559 896 652 949 καὶ
685 897 768 951 ὄτι
791 900 824 968 ή
852 896 1001 968 ψυχὴ
1024 898 1084 951 οὑ
1118 897 1414 970 πειθομένη
1454 902 1520 971 τῇ
1550 899 1639 954 διὰ
1669 898 1764 954 τοῦ

194 985 450 1056 σώματος
475 987 724 1058 αίσθήσει
745 989 881 1061 μόνῃ
903 988 1048 1061 λόγῳ
1077 982 1227 1064 εὗρε,
1245 991 1340 1044 καὶ
1368 991 1428 1045 οὑ
1462 991 1532 1045 δι’
1556 990 1769 1057 αισθή-

193 1093 348 1144 σεως
391 1078 483 1131 τὸν
531 1078 762 1150 ἀόρατον
818 1079 975 1134 τοῦδε
1020 1080 1116 1136 τοῦ
1165 1080 1365 1145 παντὸς
1394 1084 1765 1155 Δημιουργδν,

194 1168 372 1224 καίτοι
421 1170 497 1242 μὴ
529 1170 763 1239 ὀφθέντα
808 1174 1063 1245 αἰσθήσει
1093 1176 1396 1249 πώποτε,ἢ
1435 1158 1769 1247 σωματικῶς

191 1261 340 1323 ὄντα.
369 1261 507 1324 ὅλως
540 1263 804 1331 γνωστὸν,
836 1267 958 1320 οὑδὲ
982 1268 1127 1339 ὑμᾶς
1160 1267 1314 1341 οἶμαι
1333 1267 1767 1341 διαμφιϐάλλειν.

190 1352 317 1415 Πῶς
377 1351 431 1404 δὲ
484 1352 579 1405 καὶ
628 1354 690 1406 τὸ
729 1355 1034 1426 ἐπιθυμοῦν
1091 1359 1233 1414 κατὰ
1286 1358 1383 1413 τοῦ
1432 1358 1768 1429 πνεύματος,

193 1446 329 1514 πρὸς
358 1444 596 1516 μάθησιν
624 1446 735 1499 τῶν
775 1447 940 1503 θείων
980 1452 1211 1505 ἐντολῶν
1257 1455 1352 1507 καὶ
1381 1452 1768 1524 εὐαρέστησιν.

192 1536 602 1606 συμϐάλλεσθαι
637 1538 785 1611 αὑτῷ
806 1542 1012 1596 εἴποιτε
1037 1542 1103 1596 ἂν
1132 1543 1329 1613 ὀρθῶς,
1356 1546 1404 1598 εί
1453 1545 1529 1615 μή
1563 1561 1618 1597 τι
1662 1543 1772 1613 ἄρα

190 1632 304 1694 τοῖς
335 1629 542 1685 τούτων
568 1633 834 1697 ἐναντίοις
872 1633 934 1687 τὸ
963 1635 1189 1705 Πνεῦμα
1221 1634 1578 1706 συναίρεσθαι
1609 1634 1772 1706 νομίο

192 1722 337 1789 ζετε,
370 1722 591 1795 ἄδηλον.
633 1725 691 1779 ’0
719 1724 775 1779 δὲ
814 1724 1014 1795 λέγων,
1054 1728 1148 1793 Τίς
1174 1745 1250 1797 με
1274 1728 1528 1796 ῥύσεται
1556 1727 1627 1782 ἐκ
1664 1725 1771 1780 τοῦ

192 1814 471 1884 σώματος
497 1815 605 1870 τοῦ
631 1821 892 1873 θανάτου
932 1820 1168 1884 τούτου,
1203 1813 1314 1890 ἄρα
1355 1818 1453 1872 τοῦ
1493 1818 1628 1890 πρὸς
1670 1817 1776 1888 μά-

195 1905 355 1976 θησιν
375 1905 484 1959 τῶν
513 1906 676 1961 θείων
708 1909 937 1962 ἐντολῶν
962 1910 1058 1963 καὶ
1084 1911 1450 1983 εὐαρέστησιν
1479 1908 1774 1983 χρειὼδους

197 1996 463 2068 ρυσθῆναι
489 1999 770 2068 δυσωπεί;
806 2001 919 2056 Καὶ
956 2001 1075 2065 πῶς
1104 2003 1162 2054 ἐν
1190 2001 1362 2066 ὁσίοις
1399 1999 1495 2054 καὶ
1533 1999 1775 2053 θεοδιδά-

195 2102 350 2150 κτοις
382 2086 476 2140 καὶ
512 2088 781 2155 φιλοθέοις
803 2083 958 2154 οὗτος
980 2090 1285 2163 ὲπίσημος;
1319 2084 1383 2144 Τί
1413 2089 1470 2144 δὲ
1508 2089 1576 2153 ἂν
1604 2090 1779 2142 εἴποι-

199 2194 301 2247 μεν
329 2180 392 2232 ὲκ
426 2179 521 2250 τῆς
565 2179 894 2253 καθημέραν
919 2183 1048 2253 περὶ
1080 2182 1182 2246 τὰς
1229 2181 1549 2253 σωματικάς
1578 2181 1775 2250 ἐπιμε-

195 2268 348 2334 λείας
397 2271 556 2341 ήμῶν
599 2273 992 2342 πνευματικῶν
1037 2273 1331 2344 μαθήσεων
1379 2273 1470 2328 καὶ
1521 2270 1778 2343 πράξεων

197 2362 330 2432 ἡμῖν
385 2363 855 2435 ἀμϐλυνομένωνς
897 2365 1039 2419 Ἀλλ’
1068 2367 1215 2419 ἐστιν
1280 2363 1498 2436 ἀληθῶς
1550 2364 1677 2417 ίδείν
1712 2363 1775 2416 τὸ

193 2453 458 2507 ἐναντίον.
498 2455 570 2507 Ἦ
607 2454 868 2525 βούλεσθε
898 2456 1068 2522 δεῖξαι
1104 2456 1505 2528 κερδαίνουσαν
1533 2456 1634 2525 τὴν
1674 2454 1778 2525 ψυ-

195 2546 300 2617 xiv
331 2545 419 2600 διὰ
454 2534 743 2616 σώμὰτος;
772 2548 850 2617 Τῇ
878 2548 989 2621 γὰρ
1021 2542 1159 2620 πρὸς
1190 2549 1351 2603 τοῦτο
1381 2550 1532 2620 μάχῃ
1573 2548 1667 2602 καὶ
1708 2549 1776 2617 τῇ

195 2636 389 2690 τούτου
443 2638 686 2711 παιδείᾳ,
724 2639 918 2710 μισθὸν
962 2641 1134 2711 ἑαυτῇ
1188 2642 1576 2711 περιποιεῖται,
1613 2639 1779 2708 μέχρι

201 2729 361 2800 μόνον
388 2730 543 2784 τοῦδε
569 2735 670 2803 τῆς
696 2732 818 2786 κατ’
845 2732 978 2787 αὑτὸ
1008 2732 1287 2803 φροντίδος
1315 2731 1648 2802 ἀντεχομένη
1682 2727 1777 2782 τοῦ

201 2822 278 2895 μὴ
303 2821 523 2877 ὀδυνοῦν
552 2825 747 2897 αὐτὴν,
781 2824 892 2877 τῶν
931 2824 1077 2878 ἰδίων
1109 2824 1405 2895 ἐνεργειῶν
1434 2821 1785 2892 ἐμποδίζειν»

221 2917 255 2987 ἢ
313 2914 549 2986 θνῆσκον
592 2915 684 2970 διὰ
726 2916 788 2971 τὸ
825 2916 914 2971 ὑπ’
940 2918 1111 2988 αὑτῆς
1158 2916 1523 2988 ἀπρονόητον,
1557 2915 1780 2968 αὐτονο-

202 3004 334 3075 μίαν
360 3006 459 3076 τῆς
485 3005 694 3070 λύσεως
726 3007 821 3061 τοῦ
855 3008 994 3079 πρὸς
1025 3010 1157 3062 αὑτο
1184 3005 1387 3077 δεσμοῦ
1422 3006 1779 3077 κατηγορεῖν.

1867 536 2119 607 ignisque
2151 544 2255 603 est,
2289 535 2344 592 in
2377 528 2581 609 quibus
2611 554 2772 595 casus
2800 540 3096 610 impiorum
3128 553 3194 594 ac
3224 525 3450 593 idolola-

1870 635 2104 693 trarum,
2142 628 2283 683 nihil
2319 630 2497 701 majus
2539 646 2702 701 quam
2735 630 3021 686 sensibilia
3058 629 3444 685 arbitrantium

1868 716 1936 771 ad
1968 718 2252 786 pietatem,
2277 722 2537 777 omnibus
2564 722 2794 777 evidens
2816 723 2993 778 factus
3037 732 3155 789 est;
3189 721 3446 793 quodque

1869 811 2053 865 anima
2100 812 2318 867 ratione
2365 813 2577 868 invenit
2634 831 2744 869 non
2799 816 2915 871 sola
2959 815 3228 885 corporali
3262 829 3448 885 perec-

1868 912 2076 968 ptinnn,
2102 920 2210 961 nec
2248 921 2348 975 per
2367 907 2726 960 aensationem
2768 905 3109 961 invisibilem
3144 905 3311 972 hujus
3338 902 3453 958 uni-

1876 987 2020 1043 versi
2046 986 2385 1053 Creatorem,
2420 989 2546 1044 licet
2580 1003 2687 1044 non
2715 984 3028 1060 perceptum
3057 1007 3290 1062 unquam
3321 1008 3447 1047 sen-
3534 984 3541 991 ’

1878 1081 2048 1146 sibus,
2072 1086 2166 1134 aut
2205 1080 2564 1150 corporaliter
2601 1081 2978 1147 cxsistentem,
3004 1084 3226 1138 omnino
3261 1085 3449 1159 cogni-

1881 1177 2015 1236 tum,
2048 1183 2151 1226 nec
2213 1185 2309 1227 vos
2366 1170 2512 1241 ipsos
2560 1169 2810 1227 dubitare
2856 1171 3130 1227 existimo.
3167 1171 3448 1239 Quomodo

1871 1270 2055 1325 autem
2086 1273 2484 1341 concupiscere
2506 1271 2811 1326 secundum
2846 1269 3123 1339 spiritum,
3159 1265 3226 1319 ad
3250 1279 3453 1333 cogno-

1871 1360 2077 1418 scenda
2120 1361 2304 1417 divina
2336 1362 2593 1418 mandata
2625 1360 3190 1431 complacendumque
3231 1356 3362 1419 Deo,
3388 1355 3452 1408 ad

1820 1466 1831 1475 '
1874 1455 2054 1526 ipsum
2100 1454 2296 1510 referri
2344 1465 2492 1510 recte
2535 1453 2754 1519 dicetis,
2792 1455 2895 1509 nisi
2941 1453 3083 1509 forte
3138 1454 3193 1507 in
3233 1452 3454 1507 illorum

1874 1547 2171 1603 contrariis
2188 1548 2445 1618 spiritum
2469 1547 2731 1617 adjuvare
2782 1545 3132 1610 existimetis,
3155 1560 3264 1599 non
3285 1550 3454 1613 patet.

1874 1635 1979 1703 Qui
2011 1650 2151 1691 vero
2177 1636 2313 1691 dicit
2342 1653 2356 1689 :
2383 1634 2508 1701 Quis
2536 1652 2618 1689 me
2653 1624 2893 1689 liberabit
2927 1635 2989 1687 de
3033 1649 3252 1702 corpore
3275 1632 3457 1686 mortis

1876 1728 2033 1799 hujus
2074 1728 2131 1784 ‘l
2183 1744 2315 1782 num
2350 1743 2421 1782 ne
2469 1727 2538 1782 de
2595 1728 2716 1782 utili
2774 1725 3155 1796 cognoscendo
3202 1724 3462 1779 mandata

1879 1817 2066 1873 divina
2097 1819 2319 1889 Deoque
2358 1818 2753 1889 complacendo
2784 1817 3054 1872 liberetur
3085 1816 3286 1872 timet?
3310 1815 3464 1882 Quo-

1878 1908 2177 1983 modoque,
2202 1909 2258 1964 in
2297 1909 2506 1965 sanctis
2556 1910 2655 1964 Dei
2687 1907 3020 1964 docibilibus
3048 1915 3214 1978 atque
3249 1906 3465 1963 devotis

1878 2000 1969 2055 hic
2021 2002 2333 2072 praecipuus
2383 2001 2529 2056 fuit?
2575 1999 2718 2067 Quid
2748 2000 3072 2071 nosmetipsi
3118 2000 3368 2056 dicemus
3396 1999 3466 2054 de

1878 2092 2221 2162 quotidianis
2264 2093 2473 2150 nostris
2519 2094 2667 2148 circa
2716 2092 3037 2163 corporales
3084 2108 3250 2149 curas
3301 2091 3465 2163 spiri-

1879 2182 2123 2238 tualibus
2159 2183 2510 2239 documentis
2545 2184 2968 2256 actionibusque
3017 2202 3048 2239 a
3091 2185 3254 2240 nobis
3286 2184 3463 2255 negli-

1879 2281 2074 2343 genter
2102 2274 2310 2351 gestis?
2339 2273 2449 2330 Sed
2474 2276 2822 2331 contrarium
2861 2291 2993 2331 vere
3021 2275 3322 2332 videndum
3355 2282 3462 2330 εει.

1879 2361 1989 2416 Aut
2022 2361 2190 2417 vultis
2212 2361 2591 2433 proﬁcientem
2614 2380 2684 2419 ex
2701 2380 2936 2435 corpore
2971 2364 3211 2419 animam
3237 2364 3467 2433 demon-
3540 2370 3547 2374 ’

1881 2449 2096 2504 strare?
2134 2449 2417 2505 Adversus
2474 2452 2621 2507 enim
2674 2452 2811 2506 illud
2855 2451 3156 2524 pugnando
3216 2451 3467 2520 illudque

1881 2540 2200 2611 castigando
2238 2541 2553 2597 mercedem
2598 2542 2706 2597 sibi
2734 2552 3036 2619 comparat,
3062 2551 3254 2599 contra
3284 2542 3465 2614 ipsum

1881 2629 2262 2685 tantummodo
2299 2631 2572 2688 meditans
2609 2649 2687 2689 ne
2729 2634 2846 2704 ipsa
2901 2634 2995 2689 det
3048 2650 3261 2705 pinnas,
3296 2645 3469 2705 utque

1881 2723 2296 2792 operationibus
2341 2722 2490 2779 illius
2524 2725 2812 2780 obstacula
2856 2726 3074 2782 afferat.
3110 2726 3270 2795 Quod
3300 2726 3467 2783 etiam

1880 2822 2111 2869 vocatur
2149 2815 2393 2870 moriens
2433 2830 2503 2870 eo
2545 2817 2695 2887 quod
2726 2817 2819 2872 illa
2849 2833 2961 2873 non
2991 2819 3330 2890 praeviderit,
3362 2835 3464 2874 no-

1881 2921 2007 2962 men
2057 2907 2349 2963 solutionis
2400 2923 2431 2961 a
2469 2908 2692 2964 vinculo
2744 2912 2995 2980 corporis
3046 2911 3309 2967 obtinuit.
3338 2911 3467 2966 ideo

1881 2998 2107 3068 quidem
2154 3008 2211 3053 et
2250 3015 2353 3054 nos
2402 2999 2457 3053 in
2509 3015 2677 3055 carne
2724 3001 2993 3068 viventes,
3022 3020 3132 3058 non
3163 3003 3466 3059 secundum

202 3096 293 3149 Arb
317 3096 382 3167 δὴ
410 3098 506 3152 καὶ
547 3098 606 3150 ὲν
647 3100 814 3170 σαρκὶ
839 3098 1064 3164 ζῶντες,
1100 3099 1175 3170 μὴ
1220 3096 1363 3152 κατὰ
1403 3097 1582 3169 σάρκα
1623 3113 1777 3169 περι-

1883 3105 2106 3145 carnem
2152 3090 2432 3145 ambulare
2477 3092 2715 3155 ordinati
2760 3108 2972 3147 sumus.

204 3192 391 3242 πατεῖν
429 3190 915 3261 προστετάγμεθα.

796 3324 1048 3383 ΚΕΦΑΔ.
1106 3322 1183 3385 H'.

274 3459 390 3515 Πᾶν
411 3460 590 3515 ὁτιοῦν
612 3462 993 3534 συντιθέμενον
1018 3464 1190 3535 ἑτέρῳ
1213 3466 1537 3537 ἐτεροουσίῳ
1553 3467 1634 3531 εἰς
1653 3467 1782 3538 μίαν

205 3546 417 3618 φύσεως
447 3550 480 3621 ἢ
517 3552 870 3618 ὑποστάσεως
894 3553 1179 3619 σύστασιν,
1201 3556 1367 3627 μέρος
1390 3558 1489 3626 τῆς
1518 3558 1783 3612 ἀποτελε-

206 3638 433 3709 σθείσης
475 3637 535 3706 ἐξ
570 3640 753 3695 αὐτῶν
785 3643 1000 3710 φύσεως
1036 3644 1348 3700 δείκνυται·
1385 3646 1494 3700 πᾶν
1523 3645 1582 3699 δὲ
1615 3646 1785 3724 μέρος

202 3730 544 3803 ιτεροούσιον
570 3734 701 3804 μιᾶς
728 3733 946 3804 φύσεως
972 3735 1005 3806 ἢ
1033 3736 1409 3803 ὑποστάσεως,
1437 3738 1501 3792 οὑ
1533 3738 1785 3794 καλεῖται

184 3822 280 3899 τῷ
328 3822 556 3894 ὀνόματι
602 3825 817 3879 ἐκείνου
867 3818 1020 3897 ᾧπερ
1068 3826 1396 3895 σύγκειται*
1427 3830 1526 3883 καὶ
1553 3828 1647 3882 ἐπὶ
1686 3829 1783 3882 τοῦ

202 3913 492 3986 ἀνθρώπου
521 3915 653 3984 γὰρ,
684 3918 734 3971 εί
762 3918 859 3971 καὶ
889 3917 957 3971 τὰ
1010 3917 1155 3989 μέρη
1199 3918 1364 3973 αὑτοῦ
1409 3920 1659 3974 καλεῖται
1706 3919 1785 3991 τῷ

201 4007 298 4063 τοῦ
325 4009 447 4063 ὅλου
475 4009 702 4079 ὀνόματι
736 4011 878 4078 μετὰ
912 4011 1231 4083 προσθήκης
1256 4012 1401 4075 τινὸς
1426 4012 1520 4066 τοῦ
1546 4012 1655 4067 ἔσω
1689 4013 1785 4067 καὶ

201 4100 329 4167 ἔξω,
374 4101 401 4171 η
435 4102 538 4155 οὑκ
584 4101 718 4157 ἄνευ
755 4102 1073 4174 προσθήκης
1114 4104 1366 4158 τοιᾶσδεο
1397 4107 1447 4158 εί
1485 4105 1545 4159 δὲ
1589 4106 1684 4160 καὶ⁵
1723 4107 1785 4160 τὸ

200 4189 325 4246 ὅλον
366 4191 478 4246 ἀπὸ
530 4192 731 4263 μέρους
770 4193 904 4246 ποτὲ
942 4190 1294 4265 σημαίνεται,
1327 4195 1443 4249 ἀλλ’
1466 4191 1559 4250 οὖν
1599 4213 1665 4266 γε
1712 4196 1784 4251 τὰ

209 4280 351 4352 μέρη
378 4279 488 4334 τῶν
509 4280 714 4352 ἐτέρων
742 4279 925 4351 μερῶν
953 4282 1056 4336 οὑκ
1072 4280 1302 4352 ἠξίωται
1328 4283 1440 4337 τῶν
1472 4284 1777 4355 ὀνομάτων·

202 4370 328 4424 οὔτε
357 4370 470 4442 γὰρ
498 4371 646 4443 ψυχὴ
676 4371 815 4443 σὰρξ
843 4371 1114 4440 καλεῖται,
1145 4371 1269 4427 οὔτε
1300 4374 1442 4447 σὰρξ
1464 4374 1631 4448 ψυχή.
1665 4377 1782 4431 Πᾶν

204 4463 313 4533 ἄρα
342 4441 724 4533 συντιθέμενον
747 4441 922 4536 έτέρῳ
945 4466 1274 4537 έτεροουσίῳ
1299 4441 1385 4531 είς
1412 4441 1783 4537 praecidam);
1815 4441 1862 4500 ί)

204 4553 239 4622 ἢ
275 4551 371 4606 καὶ
401 4552 751 4616 ὑποστάσεως
779 4554 1068 4623 σύστασιν,
1098 4557 1200 4611 οὐκ
1220 4555 1451 4628 ἠξίωται
1476 4558 1570 4624 τοῦ
1593 4559 1799 4630 ἐτέρου.

209 4645 410 4717 μέρους
447 4646 542 4698 τοῦ
574 4645 860 4716 ὀνόματος.
893 4647 975 4723 Et.
989 4648 1046 4701 δὲ
1083 4647 1277 4716 τοῦτο,
1304 4649 1338 4720 ἢ
1370 4649 1432 4704 οὑ
1468 4650 1725 4722 συνετέθη
1757 4652 1787 4703 ὁ

204 4738 338 4802 θεὸς
367 4737 541 4805 Λόγος
589 4736 668 4807 τῷ
715 4736 777 4802 ἐξ
822 4738 981 4810 ἡμῶν
1007 4738 1304 4812 ἀνθρώπῳ,
1331 4740 1460 4803 Υἱὸς
1489 4740 1784 4810 ἀνθρώπου

203 4830 497 4902 λεγόμενος
518 4829 595 4901 ,ἦ
653 4829 953 4899 συντεθεὶς,
983 4829 1109 4886 οὔτε
1164 4832 1328 4896 αὑτὸς
1381 4832 1598 4901 λέγεται
1655 4832 1786 4898 Υἱὸς

203 4919 493 4993 ἀνθρώπου
519 4961 534 4988 ,
586 4919 708 4974 οὑδὲ
762 4920 827 4974 τὸ
883 4922 942 4987 ἐξ
1002 4912 1192 4994 ἡμῶν,
1248 4923 1376 4988 Υἱὸς
1427 4923 1588 4993 Θεοῦ,
1646 4925 1785 4997 ὅπερ

203 5012 422 5080 ἀσεϐές.

273 5195 390 5251 Νῦν
449 5196 639 5267 ὥσπερ
681 5198 1060 5270 ἀμελήσαντες
1120 5200 1253 5271 περὶ
1289 5200 1399 5255 τῶν
1433 5202 1780 5273 πραγμάτων

207 5285 411 5352 ζητεῖν,
440 5288 521 5350 είς
550 5288 651 5357 τὴν
690 5290 820 5359 περὶ
845 5288 954 5342 τῶν
984 5288 1234 5361 κλήσεων
1276 5289 1502 5360 ἔρευναν
1538 5308 1781 5363 μετεχω-

208 5374 434 5449 ρήσατε,
465 5381 559 5434 καὶ
582 5379 898 5452 θαυμαστόν
935 5398 987 5435 τι
1013 5382 1161 5452 ἡμᾶς
1200 5379 1481 5446 ὲδιδάξατε
1526 5382 1618 5437 διὰ
1647 5401 1784 5439 παν-

202 5470 296 5533 τὸς
342 5471 499 5526 τοῦδε
540 5472 636 5527 τοῦ
683 5475 1118 5546 ἐπιχειρήματος
1146 5472 1323 5544 ὑμῶν,
1354 5472 1431 5538 ὠς
1481 5475 1684 5545 μᾶλλον
1714 5477 1784 5531 ἂν

203 5562 418 5630 λέγοιτο
454 5563 536 5636 τῷ
578 5565 675 5619 τοῦ
711 5567 901 5639 ἑτέρου
930 5566 1158 5638 ὀνόματι
1188 5565 1250 5619 τὸ
1279 5563 1456 5638 πάντη
1496 5566 1660 5624 αὑτοῦ
1690 5587 1779 5625 κε-

193 5828 202 5836 .
236 5720 239 5723 Α
279 5746 297 5774 ⁸
334 5745 493 5801 Rom.
530 5761 620 5811 vn.
654 5747 745 5801 24.

2516 3317 2667 3372 CAP.
2706 3317 2840 3372 Vill.

1954 3451 2127 3507 Omne
2148 3428 2520 3523 quodcunque
2545 3452 2761 3508 unitum
2784 3452 2944 3511 alteri
2961 3452 3194 3508 alterius
3208 3452 3468 3508 substan—

1886 3547 1974 3602 tiae
2004 3545 2058 3600 in
2084 3560 2251 3600 unam
2272 3552 2486 3600 natura:
2512 3543 2600 3599 vel
2636 3542 2947 3615 bypostasis
2979 3540 3466 3603 constitutionem.

1886 3636 2143 3708 perfectas
2164 3652 2231 3691 ex
2253 3634 2391 3705 ipsis
2411 3643 2627 3690 natura:
2647 3650 2778 3705 pars
2796 3634 3038 3689 videtur.
3063 3631 3255 3688 Omnis
3282 3641 3467 3686 autem

1885 3744 2012 3798 pars
2057 3726 2289 3783 alterius
2328 3726 2658 3782 substantia:
2690 3734 2901 3781 naturae
2941 3725 3108 3779 unius
3149 3723 3323 3779 velet
3371 3723 3470 3794 hy-

1885 3818 2144 3890 postasis,
2190 3833 2302 3874 non
2338 3818 2565 3873 nomine
2621 3826 2855 3872 vocatur
2917 3816 3068 3872 illius
3114 3816 3205 3870 cui
3250 3815 3467 3879 unitur;

1885 3913 2065 3984 deque
2101 3911 2252 3967 enim
2306 3910 2553 3975 homine,
2620 3910 2724 3965 etsi
2766 3918 2956 3981 partes
3009 3909 3159 3964 illius
3201 3915 3472 3963 vocentur

1885 4005 2108 4061 nomine
2146 4006 2318 4062 totius
2353 4012 2482 4077 post
2509 4006 2948 4062 additamentum
2983 4004 3261 4075 quoddam
3298 4004 3471 4059 inter-

1884 4113 2016 4153 num
2058 4106 2224 4168 atque
2254 4106 2570 4163 externum,
2602 4098 2689 4154 vel
2716 4099 2835 4154 sine
2875 4099 2987 4153 ullo
3021 4095 3339 4168 huiusmodi
3375 4094 3473 4148 ad-

1884 4191 2215 4256 ditamento,
2270 4189 2378 4245 etsi
2429 4205 2563 4244 vero
2611 4197 2790 4244 totum
2842 4204 2913 4244 ex
2956 4197 3115 4259 parte
3173 4185 3470 4256 aliquando

1884 4283 2251 4356 signiﬁcetur,
2296 4283 2393 4339 sed
2444 4283 2692 4354 profecto
2728 4294 2914 4354 partes
2943 4284 3187 4354 partium
3236 4281 3470 4336 aliarum

1884 4391 1999 4431 non
2034 4375 2357 4430 nominibus
2380 4374 2560 4446 digna:
2585 4375 3080 4447 judicantur;.non
3109 4375 3258 4429 enim
3286 4374 3467 4429 anima

1888 4482 2020 4523 caro
2060 4474 2292 4521 vocatur
2347 4470 2627 4522 nec'caro
2665 4465 2868 4521 anima.
2917 4463 3091 4520 Omne
3142 4480 3272 4535 ergo
3306 4452 3471 4519 alteri

1888 4559 2120 4614 alterius
2176 4558 2503 4614 substantiae
2547 4558 2765 4613 unitum
2809 4558 2864 4613 in
2925 4558 3094 4614 unius
3125 4565 3336 4613 natura:
3384 4558 3470 4611 vel

1887 4662 1945 4705 et
1995 4649 2307 4721 hypostasis
2346 4648 2824 4713 constitutionem,
2856 4664 2967 4704 non
2990 4648 3217 4720 dignum
3243 4647 3471 4703 alterius

1889 4742 2065 4812 partis
2119 4740 2345 4795 nomine
2370 4739 2672 4810 iudicatur.
2707 4738 2765 4795 Si
2795 4746 2979 4793 autem
3021 4738 3096 4793 ita
3122 4739 3217 4801 sit,
3243 4736 3329 4792 vel
3358 4752 3468 4791 non

1890 4836 2080 4890 unitus
2116 4841 2202 4889 est
2244 4832 2412 4888 alicui
2445 4848 2515 4888 ex
2559 4831 2722 4887 nobis
2761 4831 2908 4886 Deus
2939 4830 3205 4895 Verbum,
3246 4828 3342 4899 qui
3380 4829 3470 4884 Fi—

1885 4926 1998 4981 lius
2034 4924 2277 4980 hominis
2309 4923 2536 4989 dicitur,
2577 4923 2666 4978 vel
2714 4922 2904 4977 unitus
2948 4930 3056 4986 est,
3089 4937 3192 4995 nec
3233 4922 3348 4991 ipse
3379 4922 3468 4978 di-

1886 5017 2033 5072 citur
2061 5014 2239 5070 Filius
2260 5013 2524 5078 hominis,
2548 5028 2656 5069 nec
2672 5012 2821 5083 quod
2865 5026 2934 5067 ex
2967 5011 3130 5066 nobis
3158 5019 3262 5076 est,
3298 5010 3468 5068 Filius

1884 5109 2005 5171 Dei,
2034 5107 2185 5179 quod
2211 5115 2301 5163 est
2337 5106 2570 5177 impium
2602 5147 2618 5162 .

1954 5200 2115 5256 Nunc
2136 5199 2295 5269 quasi
2315 5201 2384 5256 de
2409 5199 2578 5255 rebus
2598 5198 2945 5270 inquirendis
2966 5210 3162 5271 parum
3187 5205 3466 5260 curantes.

1890 5293 1947 5348 in
1973 5292 2404 5364 appellationum
2450 5292 2868 5364 inquisitionem
2910 5291 3206 5354 transistis,
3252 5290 3470 5358 hocque

1889 5385 2040 5441 omni
2071 5394 2256 5441 vestro
2293 5396 2620 5458 argumento
2648 5386 2927 5457 quoddam
2955 5385 3210 5441 mirabile
3231 5396 3334 5439 nos
3365 5378 3466 5434 do-

1890 5478 2106 5546 cuistis,
2134 5479 2294 5550 quasi
2339 5479 2548 5550 aliquid
2589 5480 2765 5552 magis
2809 5479 3090 5535 diceretur
3128 5474 3352 5531 nomine
3384 5470 3465 5524 al-

1889 5570 2063 5628 terius
2093 5587 2122 5628 a
2150 5584 2258 5640 quo
2289 5573 2517 5630 omnino
2546 5573 2786 5629 alienum
2815 5582 2919 5638 est,
2945 5584 3109 5642 quam
3136 5564 3282 5635 quod
3308 5563 3465 5631 juxta
