3954 6148
454 243 596 349 ’1431

1703 295 2015 357 LEONTII
2047 296 2452 359 BYZANTINI

3570 296 3724 364 ΗΞ

463 394 766 466 quidquam
814 397 976 454 alteri
1027 398 1243 453 unitum
1285 408 1389 455 est.
1434 397 1696 466 Quamvis
1742 417 1845 458 nos
1891 403 2014 458 haut

2139 405 2503 475 χωρισμένον,
2525 404 2560 475 ἢ
2588 402 2648 457 τὸ
2679 403 2820 458 κατά
2841 422 2894 457 τι
2926 403 3076 476 αὑτῷ
3107 411 3485 476 συγκείμενον.
3515 406 3725 466 Καίτοι

462 487 710 542 dicamus
733 489 926 544 eodem
967 489 1130 543 modo
1164 490 1369 556 vocari,
1418 490 1667 562 licetque.
1701 492 1915 547 dicatur
1956 495 2036 548 al-

464 590 674 637 terutra
705 600 832 654 pars
869 585 1157 654 compositi
1193 587 1423 641 alterius
1465 589 1714 656 nomine,
1747 605 2038 658 argumen-

465 675 726 729 tationem
744 684 980 730 vestram
1018 677 1313 732 ordinatim
1333 678 1634 734 videamus.
1652 680 1844 735 Dicitis
1857 681 2002 734 enim
2019 698 2032 735 :

461 764 627 819 Omne
663 765 1009 836 quodcunque
1049 771 1260 823 unitum
1285 769 1443 825 alteri
1477 771 1696 825 alterius
1727 772 2036 827 substantia:

461 856 514 908 in
556 873 718 910 unam
770 867 978 913 natura:
1033 859 1114 912 vel
1155 870 1204 913 et
1257 861 1550 932 hypostasis
1587 864 2031 928 constitutionem,

459 947 687 1016 perfecto
710 963 774 1001 ea:
802 949 930 1018 ipsis
951 957 1160 1004 natura:
1187 967 1313 1019 pars
1337 952 1561 1004 videtur.
1595 950 1640 1004 Α
1670 951 1828 1007 nobis
1850 961 2032 1008 autem

453 1038 564 1108 jam
609 1037 819 1093 dictum
851 1050 936 1094 est
976 1041 1028 1095 in
1073 1043 1476 1111 superioribus,
1523 1059 1684 1113 quam
1721 1051 1869 1098 recte
1911 1060 2033 1113 quae

2139 495 2298 564 ἡμῶν
2352 495 2488 567 μηδὲ
2540 493 2698 549 τοῦτο
2751 495 3040 564 λεγόντων,
3105 497 3181 561 ὡς
3223 497 3425 568 ὁμοίως
3465 499 3713 568 λέγεται,

2139 587 2188 638 εί
2245 587 2339 640 καὶ
2382 587 2591 656 λέγοιτο
2621 587 2848 658 θάτερον
2889 589 3056 658 μέρος
3085 587 3178 641 τοῦ
3213 589 3469 643 συνθέτου
3500 589 3580 660 τῷ
3613 591 3716 646 τοῦ

2138 681 2327 750 ἑτέρου
2373 680 2596 750 ὀνόματι
2622 697 2638 712 ο
2673 679 2871 748 ἴδωμεν
2907 679 2965 733 δὲ
3017 679 3252 750 καθεξῆς
3294 679 3394 750 τὴν
3435 680 3711 752 ὑμετέραν

2137 771 2510 841 κατασκευήν.
2543 769 2748 838 Λέγετε
2779 769 2888 840 γάρ
2908 787 2921 800 ·
2955 769 3086 826 Πᾶν
3111 770 3322 824 ὁτιοῦν
3349 772 3709 839 συντιθέμε-

2133 877 2247 914 νον
2307 861 2489 930 ἑτέρῳ
2537 862 2894 930 ἐτεροουσίφ
2947 864 3036 927 είς
3073 862 3224 930 μίαν
3267 863 3508 930 φύσεως
3534 862 3572 931 ἣ
3603 865 3703 918 καὶ

2134 951 2529 1018 ὑποστάσεως
2553 953 2882 1018 σύστασιν,
2907 951 3092 1020 μέρος
3135 949 3244 1020 τῆς
3278 953 3707 1008 ἀποτελεσθεί-

2133 1053 2251 1106 σης
2279 1039 2350 1105 ἐξ
2381 1040 2582 1094 αὐτῶν
2605 1041 2846 1110 φύσεως
2870 1039 3193 1095 δείκνυται.
3221 1040 3447 1112 Εἴρηται
3478 1043 3581 1112 μὲν
3605 1042 3704 1096 οὖν

2133 1131 2264 1196 ἡμῖν
2318 1131 2418 1202 ἤδη
2468 1132 2526 1185 ὲν
2581 1134 2696 1195 τοῖς
2738 1130 3049 1202 ἔμπροσθεν
3077 1131 3153 1194 ὼς
3182 1130 3251 1184 τὰ
3293 1133 3360 1184 ἐκ
3399 1132 3702 1197 συνθέσεως

2135 1220 2266 1291 μίαν
2292 1221 2454 1290 φύσιν
2484 1222 2761 1286 ποιοῦντα,
2791 1221 2889 1292 οὐχ
2933 1222 3086 1292 ἡμῖν,
3115 1223 3227 1284 τοῖς
3267 1221 3325 1273 δὲ
3378 1222 3505 1291 μίαν
3539 1223 3702 1291 φύσιν

2129 1314 2225 1368 τοῦ
2271 1315 2478 1385 Κυρίου
2517 1314 2761 1384 λέγουσι,
2793 1313 3201 1384 προσαγάγοιτε
3231 1312 3298 1367 ἂν
3339 1315 3583 1387 εἰκότως.
3615 1315 3702 1369 Τὰ

457 1145 524 1184 ex
555 1131 759 1186 unione
805 1148 968 1187 unam
1010 1144 1264 1188 naturam
1308 1135 1540 1200 faciunt,
1583 1150 1692 1189 non
1725 1135 1906 1198 nobis,
1936 1136 2032 1190 sed

459 1220 548 1275 his
569 1220 662 1291 qui
696 1230 948 1276 naturam
968 1222 1184 1278 Domini
1211 1239 1377 1278 unam
1403 1239 1523 1278 esse
1561 1223 1776 1288 dicunt,
1801 1224 2027 1280 aﬂ'ertis.

455 1310 589 1378 Qua:
614 1321 800 1367 autem
821 1329 886 1368 ex
921 1314 1146 1378 unione,
1172 1330 1334 1368 unam
1363 1329 1485 1370 esse
1507 1315 1841 1388 hypostasim
1870 1317 2030 1371 unice

457 1402 846 1458 subsistentem
879 1403 1254 1460 demonstrata
1289 1414 1440 1470 sunt,
1468 1407 1623 1476 quasi
1663 1421 1773 1462 non
1807 1405 2014 1478 proprie

2128 1405 2186 1460 δὲ
2217 1407 2282 1459 ὲκ
2338 1405 2661 1468 συνθέσεως,
2701 1405 2830 1477 μίαν
2865 1400 3006 1459 εῖναι
3049 1405 3149 1474 τὴν
3200 1406 3500 1460 ὑπόστασιν
3536 1405 3699 1476 μόνον

454 1493 657 1562 aliquis
701 1493 914 1549 diceret
935 1501 1120 1564 partes
1144 1496 1453 1567 hypostasis
1481 1497 1744 1566 quasdam
1775 1495 2014 1566 proprie-

2130 1496 2532 1566 παριστάνοντα
2569 1496 2859 1558 δέδεικται,
2883 1495 2958 1558 ὡς
2989 1495 3052 1548 οὐ
3079 1495 3284 1565 κυρίως
3332 1496 3396 1549 ἄν
3430 1511 3513 1557 τις
3551 1494 3696 1548 εἴποι

456 1591 596 1638 tates
624 1585 1078 1650 substantiarum,
1099 1583 1203 1640 etsi
1236 1599 1344 1639 non
1368 1585 1484 1640 sine
1510 1584 1745 1654 propriis
1770 1584 2014 1639 substan-

2130 1586 2272 1658 μέρη
2299 1586 2649 1649 ὑποστάσεως
2682 1587 2950 1654 ίδιώματά
2983 1603 3105 1640 τινα
3133 1585 3330 1640 οὐσιῶν
3349 1629 3365 1650 ,
3404 1588 3454 1639 εί
3485 1585 3582 1638 καὶ
3617 1585 3700 1658 μὴ

453 1675 547 1730 tiis
564 1676 682 1731 haec
693 1675 1150 1742 considerentur;
1170 1677 1388 1732 illarum
1412 1676 1560 1731 enim
1585 1675 1838 1730 collectio
1863 1689 2014 1729 unam

2127 1677 2256 1732 ἄνευ
2303 1676 2410 1730 τῶν
2467 1677 2612 1730 ίδίων
2657 1675 2856 1730 οὐσιῶν
2904 1675 3076 1730 ταῦτα
3118 1675 3404 1747 θεωρεῖται
3435 1693 3450 1708 ·
3486 1675 3702 1730 τούτων

453 1765 793 1834 liypostasim
824 1739 1146 1828 constituit,
1165 1781 1288 1835 quae
1313 1781 1410 1835 per
1451 1766 1599 1835 ipsas
1627 1765 1835 1836 absque
1863 1775 2014 1820 natu-

2125 1767 2234 1840 γὰρ
2281 1770 2315 1839 η
2372 1767 2636 1839 ἄθροισις.
2672 1766 2799 1838 μίαν
2847 1765 3161 1836 παρέστησε
3219 1739 3319 1838 τὴν
3371 1766 3698 1828 ὑπόστασιν,

450 1853 549 1918 ris,
599 1868 706 1908 nec
749 1869 881 1910 esse
909 1870 1014 1910 nec
1059 1854 1164 1910 sibi
1209 1854 1444 1910 invicem
1487 1855 1742 1926 conjungi
1791 1863 2014 1924 queunt.

2125 1857 2250 1912 καθ’
2278 1858 2420 1912 αὐτὰ
2479 1857 2648 1929 χωρὶς
2693 1857 2804 1910 τῶν
2859 1855 3094 1925 φύσεων,
3164 1853 3290 1908 οὔτε
3342 1851 3504 1918 εἶναι,
3564 1853 3692 1908 οὗτε

446 1941 689 2010 Quarum
711 1951 892 1998 autem
923 1944 1164 2000 essentia
1188 1945 1273 1999 vel
1296 1946 1608 2016 conjunctio
1633 1945 1887 2014 specialis
1911 1959 2014 1999 non

2123 1947 2376 2018 ἀλλήλοις
2431 1947 2705 2000 συνελθεῖν
2762 1945 3094 2016 δυναμένων.
3123 1936 3226 1998 Ὧν
3279 1945 3338 1999 δὲ
3395 1942 3629 2014 ὑπαρξις
3654 1944 3700 2013 ἦ

443 2041 551 2095 cst,
589 2041 650 2087 ut
695 2047 755 2088 se
785 2033 1018 2088 invicem
1051 2034 1456 2099 comitantium,
1497 2035 1772 2104 quomodo
1803 2033 2014 2088 illarum

2123 2038 2439 2100 συνέλευσις
2471 2036 2614 2108 ίδικὴ
2638 2037 2738 2090 οὐκ
2774 2035 2920 2089 ἔστιν
2939 2075 2954 2098 ,
2983 2035 3080 2088 ἅτε
3108 2034 3288 2098 ἄλλοις
3316 2050 3692 2103 παραπεμπο-

447 2123 673 2192 propria
718 2124 958 2178 totalit‘as
997 2124 1379 2196 intelligetur?
1417 2124 1740 2194 Quibusque
1773 2125 2014 2184 mutatis.

2123 2128 2320 2200 μένων,
2350 2127 2470 2192 πῶς
2517 2127 2584 2181 ἂν
2634 2126 2841 2181 τούτων
2882 2127 2988 2180 ίδία
3033 2126 3221 2196 όλότης
3258 2128 3550 2192 έπινοοίτος
3587 2118 3692 2178 Ὧν

444 2222 790 2269 non‘autem
847 2216 1106 2272 omnibus
1157 2215 1321 2270 simul
1375 2215 1431 2270 in
1507 2215 1748 2282 atomis,
1824 2215 2014 2270 eadem

2119 2220 2212 2273 καὶ
2255 2217 2656 2288 ἀμειϐομένων,
2687 2217 2785 2288 οὑχ
2821 2217 2938 2286 ἅμα
2979 2216 3038 2269 δὲ
3089 2217 3302 2271 πάντων
3335 2217 3394 2269 ὲν
3421 2219 3533 2277 τοῖς
3558 2217 3690 2270 ἀτό-

440 2305 600 2373 juxta
633 2306 1168 2361 mimorumdicetur
1216 2321 1337 2362 esse
1360 2305 1697 2378 hypostasis;
1735 2321 2014 2376 nunquam

2122 2325 2262 2380 μοις,
2295 2310 2328 2378 ὴ
2357 2309 2494 2378 αὐτὴ
2519 2309 2639 2362 κατ’
2667 2307 2900 2378 ἀριθμὸν
2921 2307 3142 2376 λέγεται
3176 2303 3317 2360 εῖναι
3347 2307 3644 2370 ὑπόστασις
3668 2324 3686 2341 ·

440 2412 576 2452 vero
604 2397 749 2451 idem
768 2399 922 2469 juxta
955 2413 1268 2463 numerum,
1303 2406 1512 2454 mutato
1527 2399 1711 2468 aliquo
1736 2398 1820 2454 sui
1846 2398 2014 2468 ipsius

2118 2399 2372 2456 οὐδέποτε
2401 2399 2460 2452 δὲ
2498 2399 2562 2452 τὸ
2595 2399 2728 2453 αὐτὸ
2759 2399 2878 2452 κατ’
2908 2397 3146 2469 ἀριθμὸν
3177 2399 3297 2452 ὅλον
3323 2396 3688 2468 ἁμειφθέντος

441 2488 529 2542 vel
580 2487 794 2556 aliquot
838 2488 1109 2558 partibus.
1146 2497 1321 2544 totum
1365 2489 1730 2558 reputabitur.

2118 2491 2260 2553 τινὸς
2289 2487 2458 2544 αὐτοῦ
2492 2489 2527 2560 ἦ
2556 2507 2722 2544 τινων
2757 2489 2940 2560 μερῶν
2973 2488 3330 2562 ὑποληπτέον.

511 2576 568 2633 Si
601 2586 783 2633 autem
818 2588 1004 2648 partes
1033 2580 1341 2651 hypostasis
1360 2590 1588 2635 naturas
1617 2580 2017 2650 proprietatum

439 2667 616 2738 ipsius
661 2667 866 2732 dicitis,
917 2667 1003 2722 vel
1036 2677 1092 2723 et
1127 2677 1379 2723 naturam
1409 2685 1530 2739 qua:
1565 2670 1637 2724 sit
1688 2677 1859 2724 totum
1898 2683 2016 2723 om-

439 2757 609 2814 nibus
639 2758 892 2828 partibus
920 2766 1182 2814 constans
1225 2760 1465 2814 scientes
1495 2774 1618 2814 esse
1649 2774 1869 2814 omnem
1907 2757 2010 2830 hy-

439 2849 730 2920 postasim,
781 2857 1037 2905 naturam
1070 2851 1366 2919 quamdam
1416 2848 1626 2921 (dicite)
1661 2850 1818 2922 juxta
1864 2864 2012 2904 com-

440 2942 757 2997 mistionem
799 2943 1084 2998 unitorum
1132 2943 1342 2999 scilicet
1399 2951 1746 3005 naturarum,
1791 2941 2012 3011 imoque

2118 2944 2235 2997 Emi.
2285 2944 2540 3014 γέννησιν
2583 2943 2772 3011 ἑτέρας
2819 2941 2968 3011 παρὰ
3015 2941 3114 3002 τὰς
3158 2941 3218 2992 έν
3263 2941 3328 3009 τῇ
3375 2939 3680 2992 ὑποστάσει

438 3034 813 3090 accessionem
829 3035 1061 3090 alterius
1085 3049 1210 3090 cum
1259 3033 1345 3089 his
1364 3048 1494 3104 quae
1507 3032 1843 3104 hypostasim
1864 3047 2014 3087 com-

2118 3031 2478 3096 συνελθούσας
2497 3047 2510 3062 ·
2547 3031 2580 3104 ἢ
2610 3031 2704 3084 οὐκ
2735 3031 2934 3099 ὁμοίως
2959 3028 3073 3090 τοῖς
3107 3025 3332 3096 μέρεσιν
3351 3022 3573 3086 ἑαυτοῦ,
3608 3024 3675 3076 τὸ

436 3131 686 3197 ponunt;
733 3125 820 3180 vel
863 3125 1175 3196 hypostasis
1211 3133 1383 3180 totum
1423 3140 1534 3179 non
1566 3139 1689 3180 esse
1740 3140 1865 3179 cum
1897 3124 2011 3179 suis

2118 3125 2232 3179 ὅλον
2259 3125 2362 3196 τῆς
2392 3123 2739 3184 ὑποστάσεως
2768 3116 2904 3172 εἶναι
2939 3117 3146 3186 λέγετε,
3173 3115 3332 3186 εἴπερ
3361 3113 3550 3177 οὐσίας
3591 3113 3666 3166 τὰ

438 3216 692 3287 partibus
719 3216 907 3281 dicite,
943 3217 1214 3288 siquidem
1257 3216 1579 3272 substantia:
1611 3226 1815 3286 partes,
1847 3216 2009 3286 quid-

2118 3215 2280 3286 μέρή,
2319 3213 2568 3269 άνοὺσιον
2595 3213 2715 3266 τόδε
2753 3229 2807 3265 τι
2831 3206 2968 3265 εἶναι
2999 3209 3270 3280 νομίζετε,
3302 3207 3397 3261 καὶ
3446 3206 3511 3258 ἐκ
3539 3221 3668 3256 συν-

438 3309 562 3362 dam
593 3323 713 3362 esse
741 3307 1066 3364 substantiae
1089 3323 1288 3378 expers
1321 3307 1566 3373 creditis,
1605 3322 1782 3378 exque
1807 3307 2010 3362 unione

2118 3305 2314 3368 θέσεως
2333 3305 2444 3358 τῶν
2486 3305 2848 3376 ὲνυπάρκτων
2895 3299 3158 3370 συνάγετέ
3197 3316 3254 3352 τι
3281 3297 3630 3367 ἁνὺπαρκτσν
3657 3311 3674 3327 ο

437 3399 854 3454 stibsistentium
879 3399 1140 3470 quiddam
1170 3415 1281 3454 non
1309 3399 1620 3457 subsistens
1642 3397 2006 3463 concluditis;

2118 3397 2277 3468 μέσον
2313 3396 2422 3467 γάρ
2456 3413 2508 3451 τι
2535 3395 2736 3450 οὐσιῶν
2765 3395 2862 3448 καὶ
2894 3391 3164 3448 ἀνουσίων
3216 3390 3317 3444 οὐκ
3354 3387 3494 3442 ἔστι.
3530 3385 3596 3438 Et
3622 3385 3674 3438 δέ

437 3491 584 3544 inter
615 3489 950 3546 substantias
983 3491 1135 3546 enim
1167 3499 1226 3546 et
1258 3491 1736 3546 non-substantias
1767 3489 2007 3544 medium

2118 3489 2252 3559 μέρη
2287 3487 2391 3558 τῆς
2414 3487 2785 3552 ὑποστάσεως,
2815 3485 2916 3549 τάς
2951 3501 3013 3538 τε
3046 3482 3236 3546 οὐσίας
3256 3481 3353 3534 καὶ
3378 3478 3448 3532 τὰ
3462 3477 3676 3530 ὲνοὺσια

435 3595 548 3634 non
587 3587 690 3636 est.
713 3580 769 3637 Si
807 3597 942 3636 vero
990 3581 1174 3636 dicitis
1208 3589 1389 3650 partes
1420 3580 1728 3652 hypostasis
1755 3579 2009 3634 substan-

2118 3579 2380 3650 ἰδιώματα
2409 3579 2580 3648 αὐτῆς
2610 3577 2823 3645 λέγετε,
2869 3575 2965 3630 καί⁵
3010 3572 3155 3628 οὕτω
3185 3571 3348 3626 πάλιν
3389 3570 3513 3623 ἐπεὶ
3562 3566 3676 3635 ἅμα

437 3671 543 3726 tias
571 3672 1045 3742 pr0prietatesque
1069 3672 1190 3742 ejus
1217 3687 1338 3728 esse
1373 3671 1781 3736 substantiales,
1819 3669 2006 3740 sicque

2118 3671 2200 3723 καὶ
2229 3671 2286 3723 ἐν
2318 3669 2502 3740 ταυτῷ
2531 3668 2766 3738 οὑσιώδη
2803 3684 2864 3721 τε
2909 3662 3048 3720 εἶναι
3098 3662 3270 3735 αὐτὴν
3299 3661 3392 3716 καὶ
3429 3658 3674 3714 ἀνοὺσιον

437 3778 632 3818 rursus
662 3763 772 3818 imo
804 3762 969 3818 simul
997 3775 1054 3817 et:
1083 3764 1136 3817 in
1166 3763 1368 3818 eodem
1392 3761 1564 3832 ipsam
1599 3777 1721 3817 esse
1750 3761 2006 3817 substan-

2118 3762 2202 3814 rbx
2248 3761 2384 3828 ἐστι,
2417 3761 2635 3832 θατέρῳ
2663 3759 2776 3813 τῶν
2806 3757 2992 3831 μερῶν
3030 3757 3226 3811 ἑαυτοῦ
3257 3754 3418 3824 μόνον
3446 3753 3508 3804 τὺ
3553 3749 3674 3804 ὅλον

439 3851 644 3916 tialem,
685 3868 796 3908 non
845 3861 932 3908 est
979 3869 1124 3923 ergo.
1154 3853 1389 3909 dicenda
1445 3867 1555 3908 non
1607 3853 2003 3918 substantialis,

2118 3853 2276 3923 ιύτῆς
2303 3851 2706 3923 ὁμοιωθήσεται
2751 3849 3001 3915 εἰκότως,
3032 3848 3127 3900 καὶ
3167 3845 3248 3915 τῷ
3295 3843 3470 3913 ἑτέρῳ
3503 3839 3674 3894 διενέ-

434 3941 690 3996 alterutri
729 3941 968 4010 partium
1027 3942 1200 4012 ipsius
1247 3941 1594 3998 solummodo
1647 3949 1821 3996 totum
1885 3943 2006 4012 ejus

2118 3945 2276 4010 Ξεται,
2307 3943 2402 3998 καὶ
2425 3944 2581 3996 ἔσται
2605 3941 2781 4004 οὕτως
2807 3941 3002 4012 πρῶτα
3031 3939 3132 4010 μὲν
3152 3937 3341 4008 ἕτερον
3373 3932 3673 4003 ἀριθμητὸν

435 4039 586 4086 recte
617 4030 1046 4101 comparabitur,
1075 4038 1240 4102 atque
1266 4027 1336 4087 ab
1361 4032 1530 4087 altera
1553 4031 1792 4097 diﬂ'eret,
1815 4033 2004 4104 sicque

2118 4037 2163 4102 ἐξ
2215 4037 2404 4100 οὐσίας
2446 4052 2506 4090 τε
2544 4035 2652 4090 ἀπὺ
2717 4033 2917 4104 μέρους
2967 4029 3048 4094 ὂν,
3087 4027 3208 4092 πῶς
3263 4025 3512 4080 ἀνοὺσιον
3559 4023 3672 4092 εἴη,

433 4121 671 4189 primum
709 4121 820 4178 erit
865 4121 1124 4192 equidem
1160 4123 1392 4178 alterum
1446 4122 1790 4178 numerabile
1837 4132 1894 4180 et
1934 4140 2002 4180 ex

2118 4129 2340 4199 ἱπορον⁸
2375 4126 2407 4198 ἢ
2447 4127 2510 4179 ὲκ
2562 4123 2972 4195 συμϐεϐηκότος
3022 4119 3134 4174 ἀπὸ
3183 4118 3382 4190 μέρους
3419 4113 3480 4168 ὃν
3505 4152 3522 4180 ,
3552 4113 3676 4178 πῶς

430 4211 738 4268 substantia
767 4212 1015 4283 partibus
1041 4222 1321 4280 constans,
1351 4215 1628 4284 quomodo
1655 4213 1863 4284 aliquid
1890 4231 2001 4272 non

2118 4218 2256 4272 ›ὑσία
2289 4235 2374 4282 τις
2402 4217 2510 4286 εἴη,
2545 4215 2760 4286 ἄδηλον.
2796 4212 2940 4284 Πρὸς
2972 4211 3052 4280 τῷ
3081 4209 3200 4272 καὶ,
3239 4210 3287 4262 εί
3333 4206 3403 4260 τὰ
3425 4205 3676 4269 ὲνοὺσια,

429 4303 794 4359 substantiale
841 4311 1010 4369 esset,
1055 4305 1427 4376 impossibile;
1474 4305 1560 4361 vel
1594 4321 1662 4362 ex
1716 4305 2000 4362 accidente

2118 4311 2291 4381 ὖσπερ
2320 4310 2415 4364 καὶ
2445 4309 2501 4362 at
2523 4309 2724 4372 οὐσίαι,
2764 4307 2905 4377 μέρη
2939 4304 3035 4357 καὶ⁵
3065 4302 3206 4357 αὐτὰ
3229 4300 3323 4356 τοῦ
3357 4293 3480 4353 δλδυ
3521 4299 3684 4353 ἐστὶν

429 4403 691 4452 constans
716 4395 984 4466 partibus,
1009 4397 1284 4466 quomodo
1301 4397 1484 4468 aliqua
1505 4405 1653 4453 esset
1669 4397 1996 4465 substantia,

2118 4404 2165 4454 ὲν
2191 4403 2316 4465 ταῖς
2337 4400 2570 4465 οὐσίαις,
2597 4398 2667 4454 τὰ
2697 4398 2839 4468 μέρη
2867 4396 2962 4450 τοῦ
2985 4395 3108 4448 ὅλου
3137 4395 3195 4448 ὲν
3239 4395 3460 4466 μέρεσιν
3505 4389 3680 4445 αὑτοῦ

401 4475 539 4542 ἰιοη
567 4493 735 4555 patet.
764 4485 1036 4540 Praeterea
1068 4485 1114 4540 si
1142 4501 1362 4556 quoque
1405 4487 1783 4543 substantialia
1807 4503 2001 4558 quem-

2118 4493 2371 4564 Βπάρχειν
2421 4493 2512 4544 ἐπ’
2537 4491 2786 4560 ἄπειρον,
2812 4488 2908 4542 καὶ
2955 4489 3055 4542 οὐκ
3108 4489 3168 4540 ὲν
3210 4485 3290 4557 τῷ
3331 4487 3440 4555 ὅλῳ
3484 4482 3684 4546 ἁπλῶς

426 4576 722 4632 admodum
742 4576 1062 4640 substantiae
1086 4583 1217 4631 sunt
1241 4585 1298 4630 et
1319 4577 1438 4646 ipsa
1466 4579 1636 4633 totius
1667 4577 1722 4632 in
1751 4579 2002 4634 substan-

2118 4581 2581 4654 δεωρεῖσθαιοέτι
2639 4580 2748 4652 μὴν
2805 4579 2902 4633 καὶ
2958 4578 3195 4649 θατέρου
3251 4577 3472 4648 μέρους,
3504 4574 3682 4645 ἤγουν

2100 4672 2201 4742 τῆς
2252 4672 2445 4736 οὐσίας
2483 4672 2803 4744 φθαρέντος,
2849 4671 2908 4722 ἐν
2946 4669 3024 4740 τῷ
3072 4668 3180 4738 ὅλῳ
3238 4663 3682 4738 συμφθείρεσθαι

2101 4762 2284 4817 καὶτὰ
2302 4763 2466 4835 ἔτερα
2493 4763 2920 4832 ἀνάγκηηῆγουν
2936 4761 3006 4815 τὰ
3021 4761 3241 4814 ὲνούσια
3265 4757 3407 4829 μέρη
3435 4758 3503 4811 τὰ
3529 4773 3685 4826 συμ-

2102 4855 2373 4928 ϐεϐηκότα
2411 4854 2608 4908 πάντα’
2626 4851 2821 4906 οὐκοῦν
2856 4853 2952 4907 καὶ
2991 4851 3052 4904 τὸ
3080 4849 3201 4904 ὅλον
3235 4848 3682 4920 συναναιρεῖσθαι

2100 4946 2232 5016 τῷδε
2252 4945 2330 5016 τῷ
2351 4945 2431 4998 ἑνὶ
2451 4945 2561 4998 τῶν
2584 4945 2729 4998 ἰδίων
2754 4945 2958 5016 μερῶν.
2975 4944 3070 5008 Τίς
3101 4943 3166 4998 ἃν
3192 4943 3427 5012 εὐλόγως
3449 4944 3598 4997 sinos
3621 4943 3683 4997 τὺ

2101 5037 2318 5090 πάντων
2331 5037 2692 5106 ἁτοπότερον;
2721 5034 2894 5106 Εἴπερ
2910 5035 3018 5108 γὰρ
3041 5036 3076 5105 ἡ
3099 5034 3259 5088 οὐσία
3279 5033 3463 5104 μέρος,
3487 5033 3584 5086 καὶ
3605 5033 3682 5087 τὰ

2101 5124 2490 5196 συμϐεϐηκότα
2519 5125 2587 5194 μέ
2597 5142 2687 5194 ρος
2707 5140 2726 5158 ο
2759 5125 2969 5179 τούτων
2995 5123 3054 5178 δὲ
3072 5124 3226 5178 οὐδὲν
3250 5123 3434 5176 πλεῖόν
3455 5125 3573 5175 ἐστι
3595 5122 3680 5194 τῷ

2096 5217 2222 5285 ὅλῳ,
2245 5215 2464 5271 ὲνοὺσια
2481 5217 2540 5271 δὲ
2571 5216 2964 5288 συμϐεϐηκότα
2986 5256 3002 5280 ,
3024 5217 3420 5286 ἀναιρουμένης
3454 5215 3557 5286 τῆς
3585 5217 3675 5270 οὐ·

2096 5306 2220 5369 σίας
2243 5346 2258 5369 ,
2282 5305 2450 5376 ἦγουν
2505 5305 2602 5359 τοῦ
2633 5305 2753 5368 ἑνὸς
2788 5305 2992 5376 μέρους
3047 5303 3144 5358 τοῦ
3165 5304 3308 5369 ὅλου,
3335 5303 3513 5357 πάντα
3535 5317 3678 5358 συν-

2095 5401 2403 5468 αναιρεῖται
2435 5397 2504 5452 τὰ
2539 5397 2677 5454 ἄλλα
2719 5401 2882 5470 μέρη,
2921 5399 3016 5452 καὶ
3062 5397 3126 5451 τὸ
3154 5397 3277 5450 ὅλον
3311 5397 3418 5468 ἄρα
3449 5394 3510 5460 ἐξ
3548 5395 3676 5462 ἑνὸς

420 5498 696 5562 superest,
720 5489 1218 5560 substantialiaque
1257 5489 1743 5558 suntaccidentia;
1774 5491 1988 5548 sublata

2118 5491 2293 5561 ιέρους
2322 5490 2430 5543 τῶν
2457 5489 2653 5545 ἑαυτοῦ
2683 5490 3001 5544 ἀπόλλυται.
3037 5490 3174 5543 Ποία
3205 5483 3298 5542 οὖν
3323 5486 3493 5542 ταῦτα
3525 5487 3672 5559 μέρη

419 5580 590 5651 igitur
608 5581 937 5647 substantia,
970 5579 1087 5636 sive
1110 5595 1216 5635 una
1247 5587 1403 5650 parte
1429 5581 1617 5648 totius,
1651 5596 1842 5637 omnes
1870 5581 1990 5635 aliae

2118 5579 2281 5634 εαλεῐν
2314 5579 2584 5650 ἠξιώσατε
2610 5581 2964 5644 ὑποστάσεως
2994 5580 3132 5652 πρὸς
3165 5580 3333 5652 ἡμᾶς,
3359 5579 3520 5649 είπερ
3557 5596 3671 5650 μη-

420 5682 602 5742 partes
634 5673 980 5740 auferuntur,
1029 5679 1316 5744 totumque
1345 5687 1474 5743 ergo
1515 5690 1578 5730 ex
1611 5690 1717 5728 una
1748 5672 1985 5744 partium

2118 5675 2146 5726 ὲ
2179 5673 2232 5726 αἱ
2262 5673 2462 5744 οὐσίαι,
2501 5674 2636 5746 μηδὲ
2670 5673 2738 5729 τὰ
2777 5673 2984 5744 φυσικὰ
3033 5671 3294 5744 ίδιώματα
3322 5671 3354 5743 ἢ
3385 5669 3667 5743 συμϐεϐη-

2149 2581 2248 2634 ιΕί
2275 2581 2335 2634 δὲ
2384 2579 2524 2651 μέρη
2573 2581 2676 2650 τῆς
2710 2581 3061 2643 ὑποστάσεως
3083 2581 3184 2645 τὰς
3218 2579 3324 2634 τῶν
3360 2578 3482 2634 κατ’
3510 2576 3684 2648 αὐτὴν

2117 2671 2421 2742 ἰδιωμάτων
2451 2671 2648 2741 φύσεις
2685 2671 2900 2741 λέγετε,
2928 2673 2961 2744 ἢ
2995 2672 3173 2726 καὶτὸ
3195 2673 3318 2726 ὅλον
3338 2670 3536 2741 ὁμοίως
3567 2671 3684 2733 τοῖς

2115 2762 2310 2833 μέρεσι
2355 2762 2516 2832 φύσιν
2557 2763 2762 2826 εἰδότες
2785 2765 2966 2818 πᾶσαν
3009 2763 3330 2825 ὑπόστασιν,
3355 2761 3517 2829 φύσιν
3559 2758 3690 2813 τινὰ

2113 2853 2254 2907 κατὰ
2289 2853 2553 2924 σύγχυσιν
2581 2852 2692 2907 τῶν
2725 2852 3134 2925 συν[τε]θεισῶν
3159 2852 3278 2904 ἴστε
3307 2851 3542 2917 φύσεων,
3584 2851 3680 2903 καὶ

429 4665 522 4721 liis
550 4676 756 4738 partes,
797 4674 982 4736 partes
1021 4665 1196 4722 totius
1225 4667 1282 4721 in
1308 4669 1558 4737 partibus
1586 4669 1760 4739 ipsius
1787 4670 1844 4725 in
1869 4670 1998 4725 inii-

427 4759 629 4828 nitum,
653 4776 755 4816 nec
779 4761 834 4814 in
866 4770 983 4816 toto
997 4758 1326 4830 simpliciter
1343 4761 1610 4816 exsistere
1634 4761 1994 4830 videbuntur;

425 4853 692 4908 alterutra
739 4852 904 4907 etiam
932 4852 1253 4921 partehsive
1283 4849 1589 4908 'substantia
1621 4864 1910 4922 pereunte,
1941 4855 1998 4908 in

427 4949 547 4998 toto
575 4950 770 4996 caetera
808 4957 1028 5012 quoque
1049 4943 1231 5012 perire
1261 4957 1486 4998 necesse
1513 4944 1640 5007 erit,
1670 4943 1786 4997 sive
1816 4953 2000 5013 partes

423 5031 750 5088 essentiales
784 5047 906 5101 qua:
945 5031 1253 5088 accidentia
1289 5048 1481 5087 omnes
1501 5041 1696 5097 erunt;
1722 5033 1797 5087 ita
1821 5041 1882 5087 ut
1910 5042 1996 5088 to-

424 5132 543 5177 tum
589 5137 810 5192 quoque
835 5123 1231 5193 disperiturum
1254 5133 1402 5178 esset
1429 5123 1594 5178 simul
1623 5138 1747 5178 cum
1781 5140 1889 5180 una
1928 5140 1995 5179 ex

423 5213 678 5286 partibus
731 5213 868 5268 suis.
923 5213 1058 5280 Quis
1103 5214 1210 5270 hoc
1243 5214 1490 5268 omnium
1535 5215 1992 5272 absurdissimum

422 5320 670 5364 asserere
693 5305 908 5377 posset?
930 5304 1215 5376 Siquidem
1241 5304 1388 5361 enim
1414 5306 1720 5362 substantia
1743 5323 1870 5378 pars
1886 5317 1990 5372 est,

421 5381 839 5468 accidantiaque
869 5411 1016 5468 pars.
1050 5396 1199 5452 Nihil
1226 5404 1407 5454 autem
1454 5399 1562 5455 illis
1604 5400 1842 5470 amplius
1890 5400 1990 5456 toti
