3888 6168
279 279 418 348 1423

1253 292 1650 356 ADVERSUS
1688 293 2230 355 NESTORIA‘NOS:
2253 321 2322 330 ο·-
2352 299 2496 358 LIB.
2537 299 2594 366 Ι,

3400 299 3547 365 Πζςτὲ

277 404 416 450 κότα
455 396 531 461 ὼς
564 397 706 467 μέρη
735 398 874 452 εἰσὶν
906 397 965 451 ιν
1007 402 1072 470 τῇ
1107 401 1408 456 ὑποστάσει
1433 420 1448 470 ;
1477 403 1538 456 οὐ
1570 401 1678 473 γὰρ
1705 402 1766 455 τὺ
1798 402 1856 455 ἐν

1965 403 2135 472 ipsius
2173 403 2428 473 disperit.
2459 404 2606 472 Quas
2645 421 2778 476 ergo
2807 417 2996 478 partes
3030 408 3226 480 dignas
3259 410 3538 482 hypostasi

276 503 407 550 τινι,
442 487 661 551 πάντως
699 488 794 542 καὶ
822 488 898 549 ὡς
943 489 1110 560 μέρος
1153 493 1302 546 ἐστὶν
1338 495 1396 547 ὲν
1433 492 1581 564 αὕτῷ
1605 509 1620 525 ·
1657 492 1856 546 πολλα-

276 575 390 647 χῶς
413 577 526 646 γὰρ
562 575 631 631 τὰ
657 575 715 630 έν
734 595 861 632 τινι.
1563 570 1572 576 ’

1961 494 2104 563 apud
2133 511 2230 550 vos
2248 495 2578 566 iudicastis?
2612 498 2668 554 Si
2709 514 2813 554 nec
2841 501 3182 566 substantiae,
3226 517 3331 557 nec
3371 511 3541 556 natu-

1965 586 2111 642 rales
2153 589 2523 659 proprietates
2558 591 2645 646 vel
2673 593 2986 649 accidentia
3013 596 3170 664 quasi
3199 604 3382 665 partes
3428 593 3548 648 sint-

275 669 336 725 .‘n
377 669 693 742 hypostasi;
743 685 854 726 non
897 669 1046 725 enim
1077 687 1239 730 omne
1265 675 1412 730 nuod
1445 683 1531 730 est
1561 673 1616 730 in
1651 675 1854 746 aliquo,
1893 680 2118 735 omnino
2140 697 2361 752 quoque
2387 690 2500 748 ,εει
2530 685 2687 752 quasi
2713 701 2842 754 pars
2901 688 2957 740 in
2983 686 3110 754 illo;
3147 687 3362 742 diverse
3389 685 3553 740 enim

279 771 412 818 sunt
450 779 574 832 qua:
604 763 660 818 in
692 763 877 834 aliquo
909 773 1062 820 sunt.

355 854 479 909 Ἔτι
507 853 612 926 μὴν
645 856 696 908 εἰ
728 855 864 926 πρὸς
890 855 1205 927 ἡμᾶςιτοὺς
1245 858 1327 922 εἰς
1362 859 1490 928 μιᾶς
1510 859 1862 920 ὑποστάσεως

278 945 474 1000 ἕνωσιν
519 945 680 1017 μόνον
719 945 1080 1012 πιστεύοντας
1129 943 1271 1003 εἰναι
1329 951 1429 1021 τὴν
1475 950 1726 1004 σύνθεσιν
1753 951 1862 1002 τῶν

279 1035 497 1104 φύσεων
537 1036 922 1109 ἀντειρήκατε,
951 1036 1187 1102 πῶς,ὡς
1211 1040 1416 1108 οῖεσθε,
1452 1041 1669 1112 εὐφυῶς
1715 1042 1863 1112 ἡμᾶς

279 1125 758 1199 παρακρουόμενοι
782 1167 798 1192 ,
833 1127 1052 1198 φύσεως
1087 1129 1227 1185 εἰναι
1265 1131 1406 1204 μέρη
1441 1134 1509 1186 τά
1535 1131 1862 1186 συντεθέντα

277 1220 360 1281 εἰς
391 1219 690 1274 ὑπόστασιν
744 1220 1134 1292 άπεφήνασθε;
1165 1224 1227 1276 Εἰ
1263 1223 1363 1296 μὲν
1411 1227 1518 1296 γὰρ
1545 1225 1620 1288 ὼς
1660 1227 1860 1278 ταυτὸν

239 1354 251 1360 -
277 1307 482 1371 εἰδότες
505 1305 670 1376 φύσιν
696 1324 756 1361 τε
788 1309 884 1362 καὶ
911 1308 1212 1364 ὑπόστασιν
1241 1311 1401 1364 τοῦτό
1420 1328 1595 1380 φατε,
1620 1310 1722 1380 ἤδη
1769 1310 1860 1364 διὰ

278 1398 392 1453 τῶν
435 1399 657 1462 οἰκείως
704 1399 842 1472 πρὸς
901 1401 1063 1456 τοῦτο
1118 1404 1452 1474 εἰρημένων,
1481 1403 1652 1476 ἢγουν
1689 1405 1748 1458 τὸ
1785 1403 1860 1476 μὴ

278 1489 479 1546 ταυτὸν
516 1491 646 1546 τάδε
677 1487 839 1559 εἰναι,
869 1493 1305 1564 καταϐέϐλησθε.
1333 1497 1396 1548 Εἰ
1423 1496 1480 1550 δὲ
1523 1496 1712 1568 ἕτερον
1755 1495 1862 1549 οἰό-

285 1599 440 1652 μενοι
494 1582 678 1652 φύσιν,
713 1583 810 1637 καὶ
861 1583 1050 1654 ἕτερον
1087 1585 1408 1651 ὑπόστασιν,
1440 1587 1590 1656 ὅμως
1641 1587 1750 1639 πᾶν
1799 1576 1860 1638 τδ

2035 856 2332 924 Praeterea,
2365 859 2412 914 si
2455 861 2618 917 nobis
2658 863 2714 919 in
2745 865 2909 920 unius
2939 865 3246 937 hypostasis
3273 865 3544 921 unitatem

1965 958 2177 1010 tantum
2207 952 2564 1007 credentibus
2596 955 2856 1010 unionem
2884 973 3006 1012 esse
3036 967 3356 1013 naturarum
3381 958 3539 1013 dixe-

1963 1040 2110 1106 ritis,
2139 1042 2438 1112 quomodo,
2471 1044 2567 1112 qui
2600 1053 2711 1098 tam
2731 1046 2966 1102 solerter
2989 1063 3092 1102 nos
3114 1047 3400 1118 decepisse
3425 1063 3545 1118 spe-

1965 1130 2124 1192 ratis,
2157 1139 2369 1185 natura:
2403 1141 2586 1201 partes
2611 1147 2734 1188 esse
2757 1134 2940 1188 unitas
2965 1137 3021 1190 in
3049 1136 3383 1205 liypostasim
3410 1152 3544 1206 pro-

1967 1221 2183 1276 hastis?
2219 1222 2277 1277 Si
2305 1223 2476 1288 enim,
2512 1224 2664 1278 velut
2703 1224 2848 1279 idem
2877 1225 3144 1280 habentes
3170 1235 3425 1280 naturam
3452 1237 3546 1282 ιιι-ν

1965 1329 2072 1384 que
2107 1315 2464 1386 hypostasim,
2491 1315 2596 1370 hoc
2617 1315 2888 1383 dixeritis,
2907 1317 3020 1388 jam
3047 1332 3169 1386 quae
3197 1319 3266 1372 de
3296 1319 3402 1375 hoe
3438 1335 3542 1390 op-

1965 1407 2142 1476 posite
2169 1406 2316 1461 dicta
2363 1417 2514 1472 sunt,
2567 1408 2780 1464 scilicet
2805 1424 2915 1463 non
2946 1409 3093 1464 idem
3123 1425 3246 1464 esse
3287 1410 3408 1466 haec
3437 1410 3544 1466 hu-

1959 1498 2225 1570 iusmodi,
2273 1514 2376 1555 vos
2423 1499 2825 1571 confregerunt.
2865 1500 2923 1557 Si
2954 1517 3086 1557 vero
3113 1497 3260 1556 aliud
3379 1509 3542 1556 natu-

1967 1605 2107 1655 ram,
2131 1581 2287 1646 aliud'
2385 1591 2720 1662 hypostasim
2743 1593 3140 1657 existimantes,
3165 1607 3328 1648 omne
3353 1602 3546 1648 tamer

283 1676 667 1747 συντιθέμενον
697 1678 807 1732 εἴτε
840 1680 920 1743 εἰς
941 1679 1159 1748 φύσεως
1182 1681 1434 1752 όλότητα,
1473 1683 1582 1736 εἰτε
1613 1682 1694 1744 εἰς
1724 1681 1858 1734 ὑπο-

1966 1681 2206 1746 unitum,
2234 1683 2352 1736 sive
2377 1681 2435 1735 in
2492 1690 2704 1736 naturae
2735 1683 3058 1738 totalitatem
3127 1683 3244 1738 sive
3281 1683 3338 1738 in
3363 1684 3542 1756 hypo-

281 1768 528 1834 στάσεως
565 1769 743 1839 Λόγου
766 1770 1028 1826 σύστασιν
1063 1771 1144 1845 (οὐ
1169 1773 1280 1844 γάρ
1305 1774 1456 1826 πᾶσα
1484 1771 1733 1836 σύνθεσις
1759 1771 1858 1825 καὶ

281 1862 574 1934 συναγωγὴ
602 1862 842 1932 φυσικῆς
889 1862 1140 1936 όλότητός
1171 1865 1311 1930 ἐστι,
1343 1861 1509 1936 μέρος
1545 1862 1858 1919 δείκνυσθαι

239 2019 243 2028 ,
280 1953 500 2026 φύσεώς
534 1971 673 2024 φατε
705 1993 720 2019 ,
743 1954 903 2024 δῆλον
929 1955 1013 2009 ὅτι
1050 1955 1192 2027 μέρη
1217 1955 1432 2024 φύσεως
1453 1949 1623 2028 τυχὺν
1652 1954 1859 2023 ἀνθρω-

279 2047 441 2110 πείας
471 2045 584 2100 ῐστε
611 2047 708 2100 καὶ
733 2045 1036 2117 ξανθότητα
1071 2047 1170 2100 καὶ
1207 2046 1513 2119 λευκότητα
1556 2049 1650 2100 καὶ
1694 2046 1860 2116 γλαυ-

281 2140 487 2209 κότητα
511 2155 524 2170 ’
557 2137 654 2192 καὶ
697 2136 870 2193 ταῦτα
912 2137 1024 2209 γὰρ
1061 2138 1434 2204 ὑποστάσεως,
1467 2139 1517 2192 εἰ
1565 2137 1662 2192 καί
1714 2136 1856 2208 μέρη

279 2229 508 2301 φυσικὰ,
542 2229 679 2284 ἀλλὰ
707 2229 926 2302 μερικοὶ
953 2230 1103 2300 λόγοι
1129 2230 1238 2286 τῶν
1269 2231 1328 2284 ὲν
1363 2230 1501 2300 αὑτῇ
1529 2245 1544 2260 σ
1577 2229 1734 2283 ἔσται
1765 2221 1858 2282 οὖν

279 2321 423 2376 κατὰ
465 2321 630 2390 φύσιν
677 2321 972 2394 συγγενὴς,
997 2322 1033 2394 ἦ
1060 2339 1121 2376 τε
1155 2320 1332 2392 γύψος
1379 2321 1476 2375 καὶ
1527 2321 1727 2391 χρυσὸς
1763 2319 1861 2373 καὶ

217 2419 221 2424 '
280 2413 529 2468 θάλασσα
554 2411 632 2484 τῷ
665 2413 993 2485 ἀνθρωπείῳ
1019 2413 1152 2468 εῖδει
1179 2413 1301 2466 κατ’
1325 2411 1535 2477 οὐσίαν,
1564 2411 1630 2465 ὲκ
1657 2409 1860 2482 μέρους

277 2507 475 2578 ἔχοντα
525 2504 662 2577 πρὸς
706 2505 872 2560 αὑτὸν
917 2505 1018 2576 τὴν
1059 2505 1319 2576 τοιαύτην
1349 2507 1408 2559 ἐν
1445 2507 1558 2569 τοῖς
1599 2503 1858 2566 τοιούτοις

277 2594 512 2668 οὐσιώδη
533 2594 851 2668 ὁμοιότητα.
883 2596 1036 2668 Πλὴν
1059 2597 1160 2651 οὐκ
1195 2599 1254 2652 ὲν
1276 2595 1492 2660 τούτοις
1541 2596 1702 2668 μόνον
1731 2594 1860 2665 ὑμῖν

277 2685 340 2740 τὸ
384 2685 605 2752 ἄτοπον,
664 2684 780 2740 ἀλλ’
813 2686 896 2740 ὅτι
943 2687 1040 2742 καὶ
1085 2686 1288 2742 εἴπατε
1330 2685 1554 2750 ἁπλῶς,
1585 2685 1656 2739 τὰ
1713 2685 1858 2756 μέρη

277 2775 376 2830 τοῦ
413 2777 563 2843 ὅλου,
586 2778 697 2831 τῶν
725 2777 930 2850 ἑτέρων
964 2777 1148 2850 μερῶν
1183 2779 1292 2833 τῶν
1331 2778 1430 2833 σὺν
1461 2779 1644 2839 αὐτοῖς
1677 2777 1735 2830 ὲν
1780 2773 1859 2844 τῷ

280 2867 390 2939 ὅλῳ
426 2868 500 2940 μὴ
531 2867 784 2934 ἀξιούσθε
827 2869 935 2924 τῶν
962 2868 1244 2939 ὀνομάτων
1271 2885 1288 2900 '
1333 2865 1456 2922 οὔτε
1501 2867 1611 2938 γὰρ
1646 2866 1796 2937 ψυχὴ
1825 2865 1859 2936 ή

1957 1771 2122 1828 stasis
2166 1771 2334 1827 Verbi
2363 1772 2980 1846 constitutionem)non
3011 1773 3161 1828 enim
3196 1774 3378 1828 omnis
3407 1775 3542 1829 unio

1957 1873 2125 1934 atque
2175 1863 2530 1936 congregatio
2575 1864 2848 1920 naturalis
2891 1873 2978 1920 est
3009 1865 3542 1935 totalitatis).patem

1957 1965 2169 2009 naturae
2196 1953 2630 2010 demonstratum
2666 1955 2834 2011 fuisse
2857 1954 3130 2020 dixeritis,
3175 1954 3405 2011 evidens
3457 1963 3542 2008 est

1958 2057 2143 2117 partes
2169 2054 2400 2112 naturae,
2441 2047 2672 2104 forsitan
2726 2047 3015 2113 humanae,
3064 2047 3278 2104 futuras
3329 2046 3543 2102 scilicet

1946 2139 2302 2218 'llavissimas,
2339 2139 2761 2196 candidissimas
2831 2141 3178 2210 maximeque
3240 2139 3536 2204 caeruleas;

1957 2231 2161 2286 etenim
2211 2232 2329 2288 haec
2371 2248 2495 2303 quae
2551 2243 2682 2288 sunt
2719 2233 3064 2304 hypostasis,
3101 2233 3208 2288 etsi
3257 2231 3542 2286 naturales

1957 2335 2162 2396 partes,
2189 2327 2550 2396 particulares
2574 2343 2702 2382 vero
2725 2343 2886 2384 voces
2910 2339 3039 2384 sunt
3060 2328 3116 2382 in
3141 2327 3258 2397 ipsa
3273 2327 3543 2381 exsisten-

1960 2415 2138 2482 tium;
2179 2416 2286 2472 erit
2333 2417 2482 2471 enim
2509 2427 2709 2472 natura
2735 2417 2935 2484 allinis,
2965 2417 3080 2472 sive
3121 2432 3374 2488 gypsum,
3425 2415 3542 2469 sive

1959 2521 2176 2572 aurum,
2219 2506 2336 2563 sive
2381 2522 2532 2562 mare
2582 2509 2672 2573 sit,
2705 2508 2961 2564 humana!
2989 2510 3195 2578 speciei
3219 2510 3373 2580 juxta
3405 2506 3540 2562 sub-

1959 2593 2216 2648 stantiam
2247 2609 2370 2664 quae
2399 2610 2466 2650 ex
2510 2605 2668 2666 parte
2719 2611 2846 2651 cum
2878 2595 2998 2664 ipsa
3031 2595 3194 2650 talem
3247 2595 3302 2649 in
3339 2593 3542 2648 talibus

1960 2685 2381 2740 substantialem
2415 2685 2837 2741 similitudinem
2875 2685 3124 2740 habebit.
3149 2686 3404 2738 Attamen
3429 2697 3540 2737 non

1959 2793 2024 2834 ex
2060 2778 2166 2834 hoc
2215 2778 2394 2834 solum
2455 2777 2767 2834 absurditas
2810 2777 2972 2831 vobis
3014 2775 3417 2846 exprobratur,
3442 2771 3540 2828 sed

1961 2873 2129 2932 etiam
2175 2873 2323 2943 quod
2374 2872 2701 2942 simpliciter
2755 2869 3073 2926 asseruistis
3123 2870 3297 2924 totius
3335 2873 3542 2936 partes,

282 2958 423 3032 σὰρξ
446 2959 714 3024 καλεῖται,
743 2957 868 3014 οὔτε
899 2961 934 3031 ἠ
967 2959 1114 3032 ψυχὴ
1142 2959 1301 3031 σάρξ.
1328 2961 1439 3014 Καὶ
1495 2959 1602 3032 μὴν
1631 2959 1695 3012 τὸ
1736 2959 1858 3012 ὅλον

1965 2963 2196 3018 aliarum
2235 2961 2500 3033 partium,
2533 2977 2657 3030 qua:
2697 2975 2822 3015 cum
2859 2959 2994 3030 ipsis
3026 2965 3155 3014 sunt
3179 2959 3236 3012 in
3270 2963 3406 3020 toto,
3439 2968 3542 3008 no-

281 3056 316 3124 ὴ
345 3053 479 3122 ἁγία
505 3051 696 3124 Γραφὴ
729 3051 954 3106 ἐκάλεσε
992 3051 1171 3122 σάρκα
1207 3051 1447 3120 λέγουσα
1477 3067 1492 3082 ·
1523 3053 1605 3106 Οὐ
1629 3050 1718 3120 μὴ
1755 3067 1855 3104 κα-

281 3145 528 3214 ταμείνῃ
553 3144 618 3198 τὸ
643 3140 880 3210 πνεῦμά
897 3159 1020 3211 μου
1043 3141 1115 3195 ἐν
1137 3141 1263 3208 τοῖς
1297 3141 1632 3210 ἀνθρώποις
1658 3182 1675 3208 ,
1705 3141 1856 3196 διότι

281 3237 398 3292 εἰσι
433 3233 684 3303 σάρκες.
725 3234 816 3288 Ἐν
859 3233 916 3288 δὲ
955 3231 1034 3304 τῷ
1065 3233 1199 3304 ὅλῳ,
1232 3233 1400 3304 ἤγουν
1441 3232 1521 3302 τῷ
1563 3231 1856 3305 ἀνθρώπῳ,

283 3328 360 3394 ὡς
404 3328 571 3398 μέρος
615 3324 856 3396 δηλονότι
891 3325 931 3396 ή
969 3323 1114 3396 ψυχή
1145 3324 1288 3390 ἐστι,
1331 3321 1572 3393 μάλιστά
1615 3340 1676 3376 τε
1721 3321 1860 3393 αὐτὴ

283 3417 381 3473 νῦν
410 3419 796 3489 κατηγορεῖται
817 3415 1076 3485 γενέσθαι
1119 3415 1276 3486 σάρξ.
1315 3415 1379 3469 Ἡ
1409 3415 1516 3486 γὰρ
1547 3415 1684 3487 σὰρξ
1737 3415 1860 3470 οὐδὲ

285 3513 350 3566 ἐκ
399 3507 696 3572 κακώσεως
730 3507 932 3579 ἑαυτῆς
977 3507 1172 3576 γέγονε
1225 3505 1386 3578 σὰρξ,
1415 3507 1535 3562 οὐδὲ
1577 3507 1862 3578 ἑγκαλοῖτο

285 3605 352 3660 ἂν
377 3605 484 3658 ὑπὸ
515 3602 656 3658 Θεοῦ
681 3605 763 3658 ὅτι
788 3603 983 3674 γέγονε
1010 3603 1148 3675 σάρξ
1182 3603 1357 3670 οὕτως
1391 3603 1484 3658 ὑπ’
1510 3604 1677 3660 αὐτοῦ
1710 3621 1864 3674 γενο-

286 3693 454 3764 ιιένπτι⁸

352 3827 478 3930 Πῶς
506 3861 600 3920 οὖν
628 3865 729 3921 ούκ
767 3865 995 3938 ἠξίωται
1023 3867 1117 3922 τού
1143 3867 1336 3940 ἑτέρου
1370 3868 1574 3940 μέρους
1610 3869 1704 3924 τοῦ
1743 3870 1865 3925 ὀνό-

287 3976 474 4030 ματος,
503 3959 564 4014 τὸ
611 3959 801 4032 ἕτερον
829 3977 846 4028 ;
879 3959 976 4013 καὶ
1025 3959 1184 4015 τοῦτο
1212 3959 1348 4015 Θεοῦ
1383 3961 1570 4015 καλεῖν
1609 3962 1864 4028 εἰωθότος

281 4052 428 4107 τάδε.
455 4053 570 4106 Καὶ
596 4046 664 4123 ἦν
697 4051 804 4122 μὲν
837 4053 1014 4106 εἰπεῖν
1047 4051 1131 4106 ὅτι
1177 4053 1274 4123 οὑχ
1313 4053 1516 4123 ὁμοίως
1553 4054 1674 4108 οὐδὲ
1705 4054 1889 4124 φύσει,

280 4139 521 4209 λέγεται,
546 4139 662 4210 εἴγε
686 4140 862 4213 ὀρθῶς
879 4139 1155 4206 ἐξετάζειν
1175 4140 1490 4212 ὴϐούλεσθε·
1513 4145 1609 4196 καὶ
1631 4147 1866 4216 συνεφή-

282 4249 452 4304 σαμεν
470 4231 539 4287 ἂν
561 4233 656 4286 καὶ
679 4233 840 4301 ἡμεῖς
852 4231 1010 4286 τοῦτο
1027 4233 1176 4304 ὑμῖν·
1191 4233 1312 4287 οὐδὲ
1331 4235 1441 4306 γάρ
1467 4251 1648 4306 φαμεν
1669 4235 1870 4308 ὁμοίως

1963 3053 2114 3106 mina
2140 3067 2252 3106 non
2301 3051 2676 3106 admittentes.
2728 3049 2850 3105 Non
2896 3049 3046 3104 enim
3093 3047 3276 3103 anima
3311 3053 3545 3102 vocatur

1957 3156 2108 3216 caro,
2144 3156 2248 3196 nec
2291 3155 2422 3194 caro
2469 3139 2672 3194 anima.
2713 3137 2784 3193 At
2815 3138 3061 3208 profecto
3112 3145 3280 3192 totum
3327 3136 3546 3193 vocavit

1959 3247 2181 3289 carnem
2229 3231 2516 3301 Scriptura
2558 3245 2713 3286 sacra
2751 3229 2944 3284 dicens
2985 3247 2998 3282 :
3056 3228 3176 3284 Non
3223 3229 3544 3300 permanebit

1959 3323 2176 3392 spiritus
2209 3337 2352 3376 meus
2398 3323 2456 3376 in
2499 3319 2818 3384 hominibus,
2859 3321 2986 3390 quia
3015 3335 3202 3374 carnes
3235 3327 3358 3374 sunt
3385 3320 3430 3375 ⁸.
3485 3319 3544 3374 In

1962 3421 2071 3468 toto
2103 3420 2289 3469 autem
2344 3412 2463 3468 sive
2515 3411 2574 3467 in
2622 3411 2848 3475 homine
2875 3411 3058 3466 anima
3101 3419 3360 3480 tanquam
3414 3425 3545 3480 pars
3610 3483 3616 3488 ι

1960 3505 2247 3562 evidenter
2294 3512 2400 3570 est,
2447 3503 2794 3573 maximeque
2837 3501 2926 3558 hic
2963 3502 3082 3572 ipsa
3123 3502 3373 3573 arguitur
3416 3516 3546 3557 caro

1961 3594 2082 3651 fieri
2109 3611 2124 3650 :
2157 3611 2290 3652 caro
2314 3595 2466 3651 enim
2495 3609 2606 3650 non
2636 3609 2706 3650 ex
2739 3591 2949 3648 malitia
2999 3593 3172 3663 ipsius
3222 3607 3350 3648 caro
3402 3592 3545 3647 facta

1962 3695 2067 3750 est,
2107 3700 2210 3741 nec
2239 3683 2310 3738 ita
2328 3683 2575 3754 arguitur
2600 3701 2632 3740 a
2654 3684 2769 3739 Deo
2797 3683 3059 3754 quoniam
3102 3696 3232 3737 caro
3266 3682 3410 3736 facta
3435 3690 3542 3747 est,

1964 3791 2090 3830 cum
2123 3775 2192 3830 ab
2227 3774 2346 3846 ipso
2368 3775 2445 3830 ita
2475 3774 2620 3831 facta
2648 3774 2739 3830 sit.

2035 3867 2322 3935 Quomodo
2345 3869 2513 3941 igitur
2539 3868 2765 3924 nomine
2795 3866 3023 3923 alterius
3050 3865 3225 3937 partis
3245 3880 3357 3920 non
3383 3864 3546 3936 digna

1960 3959 2206 4031 iudicata
2233 3969 2320 4016 est
2339 3960 2552 4016 altera?
2579 3961 2728 4016 Deus
2769 3966 2855 4014 est
2898 3958 2995 4028 qui
3034 3959 3107 4012 ita
3135 3972 3334 4012 vocare
3382 3955 3544 4012 solet.

1966 4051 2380 4123 Dieendumque
2417 4052 2640 4123 quidem
2690 4061 2838 4108 esset
2869 4067 2973 4108 nec
3017 4051 3273 4107 similiter
3301 4065 3404 4106 nec
3441 4065 3544 4104 na-

1968 4143 2225 4200 turaliter
2253 4145 2462 4210 vocari,
2499 4143 2546 4199 si
2575 4151 2757 4199 tamen
2798 4143 3037 4199 ﬁdeliter
3069 4140 3390 4212 perquirere
3419 4139 3544 4193 nol-

1969 4236 2095 4294 letis
2115 4254 2131 4304 ;
2155 4237 2373 4306 hocque
2401 4235 2560 4290 vobis
2585 4251 2686 4290 nos
2717 4235 3204 4290 concessissemus.
3246 4231 3366 4286 Non
3395 4231 3546 4286 enim

282 4323 506 4396 Πατέρα
541 4323 635 4378 τοῦ
668 4323 848 4394 Λόγου
896 4326 993 4379 καὶ
1020 4325 1122 4395 τῆς
1157 4325 1360 4395 σαρκὸς
1391 4327 1534 4380 κατὰ
1565 4327 1728 4395 φύσιν
1759 4328 1854 4381 τὸν

1967 4329 2224 4385 similiter
2251 4327 2489 4382 dicimus
2513 4327 2731 4382 Patrem
2754 4325 2944 4390 Verbi,
2969 4324 3335 4394 eumdemque
3363 4321 3548 4376 carnis

281 4415 446 4470 αὐτόν
469 4433 484 4448 ο
521 4415 560 4487 ἢ
592 4416 792 4486 ὁμοίως
825 4416 1037 4488 μητέρα
1074 4415 1167 4470 τοῦ
1195 4416 1372 4486 Λόγου
1401 4418 1497 4472 καὶ
1525 4417 1624 4489 τῆς
1655 4418 1860 4490 σαρκὸς

283 4506 422 4561 κατὰ
479 4505 640 4574 φύσιν
675 4501 816 4562 εἶναι
867 4509 968 4578 τὴν
1019 4507 1213 4578 αὐτὴν,
1243 4508 1368 4562 ὅσον
1425 4510 1569 4564 κατὰ
1617 4509 1710 4564 τὸν
1760 4511 1860 4582 τῆς

283 4596 496 4667 φύσεως
525 4598 728 4668 τρόπον
760 4601 854 4652 καὶ
884 4598 1064 4668 λόγον.
1106 4599 1248 4653 Ἀλλ’
1284 4599 1444 4670 ἴσμεν
1491 4601 1575 4654 ὅτι
1620 4601 1715 4654 τοῦ
1763 4603 1862 4671 μὲν

281 4687 388 4740 τῶν
425 4687 628 4758 μερῶν,
671 4688 747 4752 ὡς
775 4690 976 4754 εἰπεῖν,
1009 4691 1068 4742 ὲν
1100 4689 1350 4760 Χριστῷ,
1385 4690 1528 4744 κατά
1558 4690 1746 4760 φύσιν⁸
1767 4691 1861 4744 τοῦ

282 4779 338 4832 δὲ
365 4779 506 4834 κατὰ
530 4779 692 4850 χάριν
715 4783 812 4850 τὴν
831 4781 918 4834 διὰ
946 4784 1045 4852 τῆς
1075 4781 1322 4847 ένὼσεως
1347 4783 1445 4852 τῆς
1473 4783 1608 4856 πρὸς
1629 4783 1690 4836 τὺ
1717 4785 1860 4838 κατὰ

285 4872 465 4942 φύσιν,
499 4873 528 4924 ό
557 4871 718 4936 αὐτὸς
753 4869 834 4937 εἷς
857 4875 1048 4946 Πατήρ
1072 4877 1188 4929 ἐστι
1216 4892 1230 4907 ο
1261 4877 1358 4930 καὶ
1394 4878 1600 4948 ἑτέρως
1631 4876 1727 4930 τοῦ
1760 4877 1861 4948 μὲν

283 4963 424 5018 κατὰ
459 4963 640 5033 φύσιν,
668 4963 762 5018 τοῦ
797 4965 855 5019 δὲ
884 4965 1028 5020 κατὰ
1049 4967 1208 5038 χάριν
1236 4967 1326 5022 διὰ
1351 4969 1450 5038 τῆς
1479 4968 1614 5039 πρὸς
1637 4967 1698 5020 τὺ
1721 4969 1865 5022 κατὰ

284 5053 444 5123 φύσιν
499 5054 780 5122 ἐνὼσεως,
813 5059 846 5128 ἠ
877 5057 1016 5128 αὑτὴ
1075 5059 1173 5129 μία
1221 5061 1402 5132 μήτηρ
1451 5059 1589 5114 ἐστί..
1621 5059 1765 5131 Πλὴν
1805 5061 1866 5114 τὸ

283 5145 657 5218 συμπέρασμα
677 5148 737 5202 τὸ
754 5147 1023 5220 ὑμέτερον
1054 5149 1283 5216 φάσκον,
1313 5152 1394 5205 ὅτι
1437 5152 1508 5206 Ἦ
1528 5147 1623 5206 οὖν
1651 5151 1713 5204 οὐ
1743 5169 1867 5204 συν-

281 5238 442 5310 ετέθη
478 5241 508 5293 ό
541 5239 672 5304 Θεὸς
719 5240 892 5309 Λόγος
923 5239 1002 5311 τῷ
1045 5241 1106 5306 ἐξ
1148 5241 1326 5312 ἡμῶν,
1363 5245 1494 5310 Υἱὸς
1543 5244 1861 5313 ἀνθρώπου

282 5330 670 5401 λεγόμενος,ὼς
699 5332 798 5402 τῆς
831 5331 1130 5398 συνθέσεως
1159 5335 1611 5407 καταργουμένης
1633 5335 1740 5390 ὑπὸ
1764 5335 1863 5406 τῆς

284 5423 560 5493 κλήσεωςο
591 5425 624 5496 ἦ
651 5427 958 5490 συντεθεὶς,
989 5425 1112 5481 οὔτε
1139 5427 1306 5492 αὐτὸς
1334 5427 1552 5497 λέγεται
1591 5428 1722 5496 υίὸς
1754 5429 1860 5484 ἀν-

287 5514 540 5584 θρώπου,
569 5517 691 5572 οὐδὲ
719 5518 780 5570 τὸ
833 5519 890 5585 ἐξ
933 5517 1262 5590 ὑμῶν’Υἰὸι-
1298 5518 1482 5588 Θεοῦ,
1521 5520 1757 5593 μάλιστά
1798 5538 1860 5590 γε

359 5698 378 5729 ⁸
401 5701 539 5756 (Sen.
582 5716 659 5760 νι.
687 5657 741 5756 ὃ..

1965 4422 2269 4480 secundum
2301 4431 2590 4486 naturam;
2639 4428 2734 4475 aut
2773 4419 3026 4475 similiter
3072 4425 3302 4472 matrem
3357 4415 3546 4477 Verbi,

1965 4513 2328 4582 eanulemque
2385 4525 2508 4566 esse
2558 4509 2744 4564 carnis
2795 4507 3100 4564 secundum
3140 4514 3426 4571 naturam;
3477 4503 3546 4556 ad

1966 4587 2182 4662 natura:
2203 4603 2427 4658 modum
2458 4601 2600 4657 sicut
2627 4611 2683 4658 et
2706 4601 2775 4655 ad
2799 4615 2986 4656 vocem
3019 4597 3414 4656 attendendum
3439 4605 3546 4651 est.

1968 4695 2074 4750 Sed
2127 4693 2334 4748 scimus
2364 4692 2620 4748 eumdem
2653 4707 2824 4746 unum
2856 4705 2980 4747 esse
3011 4691 3232 4745 Patrem
3287 4687 3451 4742 unius
3479 4703 3547 4742 ex

1969 4784 2058 4840 liis
2081 4785 2356 4854 partibus,
2387 4799 2510 4854 quae
2543 4783 2600 4837 in
2624 4781 2846 4838 Christo
2875 4790 3024 4846 sunt,
3057 4779 3359 4837 secundum
3390 4786 3550 4833 natu-

1967 4896 2110 4943 ram,
2135 4885 2303 4948 atque
2330 4877 2563 4933 alterius
2597 4874 2905 4931 secundum
2931 4873 3162 4944 gratiam
3187 4887 3255 4926 ex
3277 4885 3384 4941 qua
3415 4869 3546 4923 unio

1967 4969 2037 5026 ad
2071 4969 2243 5034 illam,
2277 4983 2400 5038 quae
2437 4975 2522 5022 est
2540 4967 2698 5038 juxta
2725 4972 2998 5029 naturam,
3034 4962 3176 5018 facta
3223 4969 3340 5028 est;
3376 4961 3547 5017 vicis-

1967 5061 2182 5131 simque
2207 5060 2404 5116 eadem
2435 5075 2546 5114 una
2583 5068 2670 5113 est
2695 5068 2870 5112 mater
2898 5055 3047 5111 illius
3078 5071 3200 5124 qua:
3241 5053 3546 5109 secundum

1969 5162 2225 5208 naturam
2255 5158 2358 5216 est,
2392 5159 2449 5207 et
2473 5151 2624 5205 illius
2649 5164 2770 5219 qua:
2797 5147 3100 5203 secundum
3133 5143 3386 5216 gratiam,
3425 5155 3548 5210 quae

1967 5245 2034 5300 ad
2057 5261 2201 5306 eam,
2233 5259 2356 5314 quae
2391 5250 2478 5298 est
2501 5240 2804 5298 secundum
2828 5246 3104 5304 naturam,
3130 5237 3391 5292 unionem
3418 5246 3550 5301 ope-
3643 5271 3660 5282 .

1969 5346 2086 5392 rata
2115 5343 2222 5392 est.
2257 5335 2512 5390 Attamen
2534 5342 2718 5390 vestra
2742 5331 3024 5389 conclusio
3051 5330 3240 5385 dicens
3265 5325 3351 5380 vel
3379 5323 3549 5393 igitur

1967 5430 2142 5485 Deum
2175 5428 2418 5482 Verbum
2459 5427 2675 5482 unitum
2711 5441 2823 5480 non
2856 5423 3027 5479 fuisse
3079 5419 3243 5476 alicui
3269 5431 3337 5470 ex
3363 5411 3546 5473 nobis,

1969 5521 2178 5578 dictum
2203 5517 2379 5591 ﬁlium
2409 5518 2656 5582 hominis,
2688 5515 2844 5588 quasi
2873 5511 3236 5586 appellatione
3264 5503 3395 5561 unio
3415 5515 3550 5557 eva-
