3932 6152
364 271 502 339 1535

1598 279 1907 342 LEONTII
1947 257 2352 347 BYZ'ANTINI

3493 296 3638 365 H36

367 399 621 446 aesceret
639 404 664 457 ;‘
689 391 776 446 vel
805 394 1044 454 unitum,
1073 404 1176 445 nec
1207 389 1316 445 dici
1348 387 1546 446 Filium
1588 393 1816 448 hominis
1839 409 1940 450 nec

2049 396 2194 466 ὑμᾶς
2227 398 2456 470 πλείστῃ
2493 399 2893 470 περιπεσόντας
2935 401 3236 474 ἀπροσεξιᾳ
3271 407 3380 460 τῶν
3413 409 3652 468 οἰκείων

365 482 675 538 secundum
701 483 908 552 aliquid
933 498 1000 536 ex
1027 482 1188 536 nobis
1218 481 1414 536 Filium
1443 481 1561 548 Dei,
1602 484 1658 538 in
1700 485 1938 541 maxima

365 582 676 629 vestrorum
703 574 916 629 incuria
945 589 1044 628 vos
1067 574 1379 628 miserrime
1407 574 1714 630 constituit.
1741 576 1936 631 Mirum

363 674 450 719 est
475 667 622 719 enim
663 666 708 720 si
760 681 858 720 vos
886 663 1077 719 Filium
1110 667 1333 721 hominis
1378 667 1633 722 eumdem
1665 684 1729 724 ac
1769 669 1938 723 Deum

373 755 590 811 Verbum
619 757 834 816 dicatis.
883 758 1140 828 quodque
1181 760 1383 814 iterum
1415 775 1482 815 ex
1509 760 1672 815 nobis
1699 762 1950 827 exsistit,

364 845 559 902 Filium
603 848 696 902 Dei
723 848 892 918 (quod
923 865 990 905 ne
1018 849 1228 920 opinari
1265 850 1486 920 quidem
1517 851 1747 921 impium
1789 868 1940 908 nunc

365 937 760 1006 pradicaretis,
802 939 846 994 si
893 941 1194 994 commodis
1222 941 1466 1010 propriis
1503 942 1794 998 consulere
1821 943 1938 998 vel-

363 1030 532 1100 letis),
569 1046 1010 1102 unamquamque
1045 1047 1110 1086 ac
1157 1033 1408 1088 eamdem
1457 1033 1756 1105 unicuique
1809 1051 1936 1104 par-

365 1121 500 1176 tium
535 1123 954 1192 appellationem
991 1123 1295 1179 tribuentes
1324 1139 1450 1179 cum
1483 1141 1713 1182 summa;
1743 1143 1938 1197 super-

365 1215 469 1270 bim
505 1215 728 1280 astutia,
775 1231 886 1270 non
923 1231 1058 1271 vero
1089 1231 1216 1271 cum
1252 1214 1397 1270 ﬁdeli
1453 1215 1784 1286 prudentia;
1841 1217 1936 1272 sed

363 1317 428 1362 ut
454 1307 665 1362 scilicet
681 1320 748 1360 ex
775 1305 881 1360 hac
908 1305 1267 1360 attributione
1285 1305 1526 1361 nominis
1553 1306 1802 1376 probetis
1825 1323 1938 1363 non

365 1397 422 1450 in
449 1395 706 1450 unionem
741 1403 1000 1464 tanquam
1039 1394 1212 1449 totius
1239 1396 1538 1452 convenire
1576 1411 1699 1466 quae
1721 1405 1781 1452 ut
1807 1413 1936 1467 par-

287 1481 295 1489 ’
365 1493 448 1538 tes
479 1478 814 1538 conveniunt
857 1483 1011 1554 juxta
1037 1483 1437 1553 praecedentem
1467 1493 1706 1540 vestram
1739 1487 1936 1542 absur-

363 1574 646 1629 dissimum
693 1573 1127 1642 propositionem
1177 1589 1191 1627 :
1231 1571 1588 1644 Quodcunque
1637 1577 1846 1631 unitum
1880 1578 1936 1632 in

361 1681 524 1720 uuam
552 1666 896 1735 hypostasim.
931 1681 1034 1717 non
1062 1665 1341 1718 admittere
1368 1665 1781 1735 appellationem
1820 1684 1936 1738 qua:

2047 487 2362 558 παρίστησι.
2383 489 2704 559 Θαυμαστὸν
2727 491 2838 564 γὰρ
2866 495 2916 546 εἰ
2947 493 3128 564 ὑμεῖς,
3160 497 3300 551 Υιὸν
3312 499 3637 571 ἀνθρώπω)

2045 579 2136 633 τὸν
2185 581 2350 634 αὑτὸν
2399 582 2494 636 καὶ
2527 583 2680 636 Θεὸν
2720 585 2918 653 Λόγον
2953 585 3091 654 φατὲ
3116 602 3131 616 ·
3160 589 3254 640 καὶ
3280 588 3344 643 τὸ
3387 589 3446 656 ἐξ
3471 593 3636 664 ἡμῶν

2047 669 2210 724 πάλιν
2261 671 2525 744 ὑπάρχον,
2551 675 2686 726 Υιύν
2712 673 2862 729 Θεοῦ
2896 673 3056 747 (ὅπερ
3111 677 3208 730 καὶ
3247 677 3324 750 μὴ
3356 679 3630 750 δοξάζειν,

2046 761 2241 826 ἀσεϐὲς
2287 762 2383 816 νῦν
2431 763 2760 834 ὲκηρύξατε,
2814 767 2864 819 εί
2911 767 3020 820 τῶν
3077 768 3362 840 ὑμετέρων
3415 773 3634 830 ἐπαΐειν

2045 851 2326 922 ἐθέλοιτε),
2354 853 2451 924 τὴν
2499 853 2668 926 αὐτὴν
2723 856 2992 928 ἑκατέραν
3044 858 3348 930 ὀνομασίαν
3381 865 3634 937 ἐκατέρῳ

2045 945 2154 998 τῶν
2179 945 2364 1015 μερῶν
2393 945 2794 1016 προσάψαντες.
2813 948 2912 1001 σὺν
2941 948 3222 1022 ἀκροτάτῃ
3259 952 3465 1024 ματαίᾳ
3492 971 3636 1008 παν-

2043 1038 2243 1108 ουργίᾳ
2293 1038 2383 1090 καὶ
2421 1038 2522 1090 οὐκ
2551 1037 2687 1108 όρθῇ
2726 1040 2794 1110 τῇ
2833 1041 3078 1112 διανοίᾳ·
3112 1041 3345 1096 ἀλλ’ἵνα
3389 1046 3522 1114 φησὶ
3557 1047 3632 1100 ἐκ

2044 1127 2142 1198 τῆς
2172 1127 2492 1190 ἀντιδόσεως
2514 1127 2607 1180 τοῦ
2637 1128 2900 1198 ὀνόματος
2938 1129 3152 1201 δείξητε
3198 1131 3273 1204 μὴ
3313 1135 3393 1197 είς
3436 1135 3632 1188 σύνθε-

2047 1236 2130 1272 σιν
2153 1219 2227 1280 ὼς
2261 1219 2382 1274 ὅλου
2406 1221 2562 1290 ἥκειν
2596 1221 2723 1274 τάδε
2755 1222 2824 1275 τὰ
2853 1221 2925 1284 ὼς
2961 1225 3104 1295 μέρη
3137 1225 3457 1282 συνελθόντα
3481 1229 3630 1284 κατὰ

2042 1311 2142 1382 τὴν
2203 1310 2622 1382 προεκτεθεῖσαν
2681 1313 2810 1382 ύμῖν
2862 1313 3145 1380 ἀλόγιστον
3191 1317 3487 1387 ἀπόφασιν,
3539 1319 3627 1374 ὅτι

2051 1405 2120 1458 Τύ
2150 1403 2584 1473 συντιθέμενον
2611 1407 2698 1470 εις
2727 1405 2880 1473 μίαν
2905 1407 3272 1467 ὑπόστασιν.
3299 1412 3410 1464 οὐκ
3441 1409 3594 1478 ἠείω
3611 1440 3628 1452 -

2045 1513 2138 1550 ται
2167 1493 2277 1564 τῆς
2328 1497 2608 1564 κλήσεως
2667 1497 2774 1550 τοῦ
2817 1500 3120 1565 συνόντος
3161 1501 3324 1566 αὐτῷ
3349 1501 3572 1571 μέρους
3605 1519 3625 1537 ο

2043 1587 2298 1654 ἠξίωται·
2323 1588 2392 1641 δὲ
2433 1587 2544 1656 τῆς
2581 1605 2646 1643 τε
2688 1588 2794 1643 τοῦ
2843 1591 3040 1658 Λόγου
3089 1589 3128 1658 ἠ
3174 1591 3471 1661 σὰρε,κιιι
3514 1593 3625 1649 τοῦ

2043 1677 2180 1731 Ποῦ
2209 1677 2316 1733 τοῦ
2347 1679 2496 1732 Θεοῦ
2543 1680 2578 1731 ό
2611 1677 2746 1744 Υἱὸς
2774 1679 2881 1732 τοῦ
2909 1679 3245 1746 ἀνθρώπου.
3280 1682 3344 1734 El
3378 1683 3478 1752 μὲν
3509 1683 3624 1755 γὰρ

363 1772 484 1809 eum
509 1755 620 1825 ipso
646 1756 834 1809 unitur
870 1754 1075 1824 partis;
1117 1753 1268 1808 Verbi
1305 1762 1484 1808 autem
1527 1755 1940 1826 appellationem

2046 1767 2280 1836 άληθῶς.
2311 1762 2356 1821 ὦ
2387 1765 2556 1828 οὗτοι,
2583 1768 2812 1838 ἠξίωται
2837 1768 2930 1822 τοῦ
2959 1769 3224 1839 ὀνόματος
3244 1811 3259 1835 ,
3287 1751 3406 1825 οὐδὲ
3436 1751 3622 1840 ζητεῖν

365 1847 645 1902 admittere
697 1861 931 1907 carnem.
960 1845 1186 1916 Filiique
1218 1845 1316 1900 Dei
1358 1845 1556 1902 Filium
1579 1849 1823 1904 hominis.
1873 1849 1944 1904 At

361 1940 408 1994 si
440 1953 588 2004 vere,
635 1954 669 1994 o
710 1953 825 1996 vos.
856 1953 1055 1993 nomen
1093 1938 1422 2003 admittitur,
1471 1939 1840 2010 nequidquam
1874 1941 1942 1996 de

363 2028 567 2084 unione
595 2027 955 2098 quaerendum
977 2036 1096 2094 est;
1134 2044 1231 2098 per
1252 2028 1398 2082 illam
1421 2029 1568 2083 enim
1600 2045 1942 2101 unaquaeque

364 2123 540 2193 (pars)
599 2121 903 2176 secundum
961 2130 1216 2176 naturam
1259 2137 1386 2178 cum
1437 2123 1612 2178 altera
1671 2126 1944 2180 naturalia

359 2211 585 2266 nomina
619 2210 808 2266 intime
847 2211 1176 2280 participat;
1223 2211 1268 2265 si
1307 2220 1490 2266 autem
1521 2227 1631 2266 non
1667 2229 1798 2270 vere
1837 2231 1941 2270 no-

364 2304 626 2364 minatur,
643 2318 747 2359 nec
770 2318 915 2372 vere,
927 2304 1082 2376 juxta
1115 2318 1210 2358 vos
1229 2303 1362 2372 quin
1385 2303 1452 2358 ad
1479 2303 1718 2360 invicem
1742 2305 1943 2361 unian-

363 2403 454 2450 tur
488 2395 746 2465 impedita
789 2404 934 2450 sunt.
1640 2385 1651 2400 ’

433 2483 490 2540 Si
546 2484 622 2540 ita
671 2495 778 2540 tam
828 2485 1070 2554 perfecte
1113 2497 1510 2557 compuugcrct
1552 2503 1650 2542 vos
1698 2489 1840 2544 Deus
1883 2497 1943 2544 ut

363 2574 770 2634 conﬁterem'mi
797 2577 1052 2632 eumdem
1083 2577 1281 2632 Filium
1309 2577 1403 2633 Dei
1438 2585 1495 2633 et
1520 2577 1718 2632 Filium
1761 2579 1944 2634 homi-

363 2671 451 2726 nis
490 2669 698 2730 vocari,
748 2683 860 2724 non
909 2670 1021 2740 jam
1053 2669 1210 2725 vobis
1244 2669 1684 2732 adversabimur,
1739 2673 1833 2727 sed
1884 2681 1944 2729 ut

360 2762 568 2818 amicos
593 2771 650 2818 et
697 2761 890 2816 fratres
924 2776 1019 2817 vos
1051 2763 1520 2831 complcctemur;
1568 2762 1614 2818 si
1656 2771 1850 2820 contra
1877 2781 1944 2820 co

361 2855 509 2926 quod
544 2853 691 2909 Deus
720 2853 967 2910 Verbum
991 2868 1101 2909 non
1133 2853 1340 2908 homini
1383 2854 1655 2914 uniretur.
1693 2854 1820 2908 ideo
1861 2855 1946 2910 di-

364 2944 492 3001 citis
519 2959 618 3000 vos
666 2945 842 3000 libere
887 2958 1044 3014 posse
1085 2944 1405 2998 alterutram
1461 2952 1670 3014 partem
1724 2946 1946 3002 nomine

361 3035 690 3091 alterutrius
718 3050 936 3101 vocare,
988 3035 1134 3104 quod
1180 3051 1293 3090 nun
1337 3035 1598 3090 nniantur
1633 3051 1696 3091 ac
1743 3035 1944 3090 distin-

361 3136 635 3198 guantur;
679 3127 722 3182 si
779 3127 927 3182 enim
961 3127 1130 3182 unitae
1179 3135 1386 3189 essent,
1421 3137 1480 3181 ut
1513 3127 1690 3182 ambae
1727 3143 1933 3183 conve-

361 3219 583 3276 nientes
607 3218 925 3290 huiusmodi
955 3219 1458 3276 communicatione
1511 3218 1942 3291 appellationum

362 3311 734 3373 ﬁrmarentur,
763 3310 992 3366 evidens
1013 3317 1160 3366 esset
1180 3311 1326 3380 quod
1349 3312 1702 3381 concluditis,
1731 3313 1946 3368 scilicet

361 3402 548 3456 omnia
581 3417 704 3472 quae
759 3401 1124 3458 totalitatibus
1179 3402 1427 3473 ipsorum
1473 3403 1735 3459 distincta
1791 3413 1941 3470 sunt,

360 3493 482 3550 fore
514 3503 576 3549 ut
604 3511 715 3566 quo
742 3495 866 3565 plus
883 3495 952 3550 ab
983 3495 1220 3552 invicem
1253 3495 1549 3561 distarent,
1565 3511 1634 3551 eo
1654 3496 1778 3564 plus
1826 3497 1944 3554 suis

363 3585 682 3642 nominibus
728 3586 964 3642 invicem
993 3587 1257 3658 appellari
1283 3596 1545 3657 possent;
1587 3603 1710 3659 quae
1757 3597 1942 3644 autem

360 3679 700 3734 conveniunt
773 3689 938 3750 atque
1020 3679 1292 3738 uniuntur
1365 3681 1581 3736 naturis
1630 3681 1698 3736 in
1775 3695 1950 3736 unam

361 3771 686 3826 totalitatem
708 3811 722 3836 ,
766 3771 1086 3828 nominibus
1133 3787 1241 3828 non
1276 3771 1533 3844 conjungi
1567 3772 1947 3828 necessarium

357 3875 502 3916 esse.
551 3861 693 3928 Quid
734 3861 840 3916 hoc
885 3861 1000 3917 risu
1031 3862 1250 3933 dignius
1277 3871 1465 3928 esset,
1518 3863 1564 3918 si
1594 3863 1720 3932 quis
1753 3877 1939 3918 rerum

358 3954 700 4010 existimaret
727 3954 990 4010 unionem
1021 3954 1140 4010 ﬁeri
1167 3955 1471 4010 secundum
1500 3947 1734 4010 suorum
1761 3955 1939 4010 nomi-

359 4062 491 4102 num
521 4045 956 4108 distinctionem.
1001 4045 1414 4104 distinctionem
1464 4063 1599 4104 vero
1633 4064 1818 4104 rerqu
1847 4065 1936 4106 se-

358 4139 603 4194 cundum
634 4139 919 4196 nominum
943 4153 1169 4194 suorum
1195 4139 1489 4194 unionem?
1506 4139 1782 4205 Attamen,
1807 4155 1937 4196 con-

359 4229 532 4286 traria
605 4231 786 4286 videre
913 4241 994 4285 est
1041 4248 1056 4286 :
1109 4245 1235 4287 cum
1281 4231 1428 4286 enim
1461 4231 1616 4287 sidus
1643 4247 1933 4288 accensum

358 4322 469 4392 igni
509 4323 718 4388 unitur,
755 4330 885 4378 tunc
915 4339 1134 4394 quoque
1191 4323 1334 4394 ignis
1382 4331 1649 4391 vocatur;
1707 4340 1832 4380 cum
1866 4341 1934 4380 ex

2043 1857 2124 1911 δεῖ
2151 1876 2202 1912 τι
2229 1859 2356 1928 περὶ
2391 1860 2493 1929 τῆς
2521 1859 2825 1924 συνθέσεως
2847 1876 2862 1892 ο
2897 1861 3178 1914 οἰκειωθὲν
3210 1863 3324 1934 γὰρ
3357 1863 3427 1916 δι’
3450 1865 3626 1937 αὐτῆς

2043 1948 2272 2016 θάτερον
2301 1950 2516 2023 θατέρῳ
2548 1952 2688 2004 κατά
2719 1951 2904 2020 φύσιν,
2932 1952 3163 2022 μετέσχε
3197 1955 3291 2006 καὶ
3323 1954 3432 2008 τῶν
3460 1973 3626 2024 φυσι-

2043 2039 2155 2093 κῶν
2189 2041 2507 2110 ὀνομάτων·
2543 2041 2676 2094 εἰδὲ
2720 2042 2822 2094 οὐκ
2858 2041 3074 2110 ἀληθῶς
3122 2045 3471 2114 ὀνομάζεται,
3499 2047 3626 2102 οῦδὲ

2041 2129 2284 2200 ἀληθῶς,
2311 2133 2453 2186 κατά
2471 2149 2534 2202 ’τε
2554 2133 2720 2204 ὑμᾶς,
2741 2131 3050 2187 κεκώλυται
3072 2135 3170 2206 τῆς
3199 2136 3498 2202 συνθέσεως
3521 2137 3624 2209 τῆς

2043 2225 2179 2296 πρὸς
2206 2225 2434 2296 ἄλληλα.

2112 2491 2288 2546 Τοῦτο
2333 2489 2468 2559 γοῦν
2503 2489 2639 2546 αὖτδ
2680 2491 2728 2546 εί
2758 2491 2898 2557 ὅλως
2927 2493 3073 2563 ὑμᾶς
3109 2494 3138 2548 6
3167 2489 3299 2556 Θεὸς
3337 2493 3626 2564 ὁμολογεῖν

2043 2584 2423 2650 κατανύξειεν.
2461 2583 2537 2648 ὡς
2573 2585 2600 2635 ό
2634 2585 2800 2648 αὐτὸς
2830 2583 2956 2648 Υἱός
2989 2603 3047 2638 τε
3074 2585 3212 2640 θεοῦ
3235 2586 3326 2640 καὶ
3359 2586 3489 2645 Tib:
3522 2587 3622 2640 άν-

2045 2670 2266 2746 θρώπου
2317 2675 2532 2746 ἀληθῶς
2593 2676 2951 2746 ὀνομάζεται,
3021 2679 3280 2748 οὐδεμίαν
3336 2678 3418 2732 ἔτι
3477 2679 3618 2750 πρὸς

2042 2769 2189 2837 ὑμᾶς
2239 2767 2558 2822 ἀντίστασιν
2615 2769 2940 2838 ποιούμεθα.
3005 2769 3126 2822 ἀλλ’
3157 2770 3234 2832 ὡς
3287 2771 3476 2838 φίλους
3526 2771 3624 2824 καὶ

2043 2861 2309 2930 ἀδελφοὺς
2334 2861 2719 2930 άσπασὸμεθα·
2749 2864 2796 2914 εἰ
2828 2861 2928 2930 μέν
2963 2878 3042 2912 τοι
3072 2861 3132 2912 ἐν
3167 2861 3243 2929 τῷ
3282 2860 3358 2930 μὴ
3394 2863 3622 2926 συγκεῖ-

2046 2953 2168 3010 σθαι
2207 2953 2300 3008 τὸν
2333 2954 2468 3008 θεὸν
2501 2955 2672 3020 Λόγον
2702 2951 2777 3022 τῷ
2823 2949 3114 3020 ἀνθρώπῳ,
3152 2953 3217 3005 ἐκ
3251 2951 3438 3004 τούτου
3464 2953 3620 3022 ὑμᾶς

2047 3045 2192 3116 ἔχειν
2221 3039 2516 3106 ἀκωλύτως
2564 3041 2694 3112 φατὲ
2737 3040 2798 3094 τὸ
2830 3040 3058 3109 θάτερον
3106 3039 3402 3110 ὀνομάζειν
3433 3041 3611 3110 μέρος

2049 3135 2126 3204 τῷ
2155 3134 2380 3204 θατέρου
2425 3133 2674 3201 ὀνόματι,
2710 3133 2818 3186 τῶν
2859 3131 3164 3185 ἀσυνθέτων
3203 3131 3297 3186 καὶ
3323 3130 3607 3198 διακεκρι-

2049 3225 2227 3296 μένων
2249 3241 2260 3254 ·
2294 3225 2342 3277 εί
2371 3225 2683 3280 συντεθεῖεν
2706 3223 2838 3292 γάρ,
2867 3221 2964 3290 τῆς
2987 3221 3242 3292 τοιαύτής
3275 3219 3617 3290 μεταδόσεως

2043 3315 2154 3368 τῶν
2194 3315 2480 3383 ὀνομάτων
2528 3313 2700 3383 ἄμφω
2749 3318 2818 3366 τὰ
2871 3311 3195 3366 συνελθόντα
3238 3309 3624 3379 στηρίζεσθαι,

2040 3405 2203 3474 δῆλον
2236 3405 2315 3469 ὡς
2353 3402 2520 3458 τοῦτο
2557 3403 2866 3472 συνάγοιτε,
2903 3402 2986 3456 ὅτι
3033 3401 3102 3454 τὰ
3137 3400 3313 3454 πάντα
3337 3398 3627 3468 διακεκριο

2045 3499 2183 3568 μένα
2229 3499 2348 3560 ταῖς
2389 3491 2641 3564 ὁλότησιν
2675 3493 2880 3557 αὐτῶν,
2932 3491 3056 3546 καθ’
3101 3492 3226 3545 ὅσον
3273 3490 3342 3544 ἂν
3375 3487 3623 3559 ἀλλήλων

2042 3591 2367 3658 ἀφίστανται
2386 3630 2401 3650 ,
2434 3587 2692 3642 τοσοῦτον
2723 3585 2926 3658 μᾶλλον
2954 3583 3191 3638 δύναιντ’
3227 3582 3294 3637 ἂν
3326 3577 3627 3650 συνονομά-

2041 3684 2232 3748 ζεσθαι
2254 3683 2368 3746 τοῖς
2390 3679 2642 3752 ἀλλήλων
2665 3679 2897 3747 ὀνόμασι
2916 3695 2931 3710 ο
2972 3661 3120 3730 τὰδὲ
3153 3673 3482 3728 συνελθόντα
3525 3672 3625 3726 καὶ

2041 3776 2378 3847 συγκείμενα
2409 3777 2532 3840 ταῖς
2558 3773 2790 3844 φύσεσιν
2815 3773 2898 3834 εἰς
2925 3771 3055 3842 μίαν
3088 3771 3320 3840 όλότητα
3355 3769 3470 3830 τοῖς
3495 3763 3613 3818 6V6-

2043 3885 2211 3938 μασιν
2247 3868 2548 3938 ἀναγκαῖον
2579 3864 2654 3937 μὴ
2696 3863 3088 3920 συνάπτεσθαι.
3138 3857 3214 3918 Οὔ
3239 3861 3291 3916 τί
3325 3860 3391 3916 ἂν
3419 3859 3504 3929 εἴη
3532 3874 3623 3926 γε·

2037 3959 2314 4033 λοιότερον
2336 4001 2359 4028 ,.
2396 3957 2452 4012 ετ
2475 3975 2560 4023 τις
2590 3957 2698 4011 τῶν
2725 3955 3070 4029 πραγμάτων
3120 3954 3334 4024 νομίζοι
3367 3950 3468 4022 τὴν
3496 3965 3620 4003 συν-

2037 4053 2250 4106 έλευσιν
2285 4049 2562 4105 ποιεῖσθαι
2594 4049 2696 4120 τὴν
2719 4049 2830 4102 τῶν
2859 4048 2984 4102 κατ’
3010 4045 3151 4100 αύτά
3188 4042 3472 4114 ὀνομάτων
3498 4041 3614 4096 διά-

2035 4161 2220 4215 κρισιν
2239 4160 2253 4174 ⁸
2281 4145 2380 4215 τὴν
2413 4143 2470 4198 δὲ
2507 4143 2784 4213 διάκρισιν
2809 4141 2922 4194 τῶν
2971 4136 3349 4211 πραγμάτιον,
3383 4135 3482 4208 τὴν
3509 4133 3620 4187 τῶν

2035 4239 2156 4294 κατ’
2187 4236 2328 4291 αὐτά
2369 4236 2650 4306 ὀνομάτων
2674 4233 2989 4286 συνέλευσιν
3051 4229 3246 4282 Καίτοι
3303 4226 3371 4280 τὰ
3404 4225 3624 4279 ἐναντία

2035 4329 2275 4400 ὁρῶμεν.
2319 4327 2454 4380 Ὅτε
2490 4325 2600 4396 γάρ
2629 4325 2764 4390 πυρὶ
2797 4321 3074 4393 πυρωθεὶς
3105 4319 3135 4372 ό
3175 4319 3394 4389 σίδηρος
3424 4313 3624 4384 ἑνωθῇ.

357 4427 498 4470 auro
523 4427 650 4468 arca
680 4413 820 4468 facta
842 4422 946 4477 est,
979 4429 1148 4470 aurea
1169 4423 1289 4480 est;
1343 4413 1424 4469 sic
1457 4415 1513 4469 in
1546 4415 1758 4471 caeteris
1781 4417 1935 4472 vide-

2046 4421 2160 4476 τότε
2195 4418 2290 4472 καὶ
2323 4416 2434 4490 πῦρ
2462 4416 2794 4484 ὀνομάζεται
2813 4431 2828 4447 ⁸
2865 4414 2960 4467 καὶ
2985 4413 3074 4466 ὅτε
3104 4407 3294 4482 χρυσῷ
3323 4408 3356 4478 ἡ
3393 4403 3626 4464 κιϐωτὸς

359 4519 504 4568 mus,
539 4505 634 4574 qui
667 4503 722 4560 in
753 4505 878 4560 albo
910 4505 1069 4560 albus
1096 4511 1200 4560 est.
1231 4505 1392 4560 Juxta
1427 4521 1549 4572 vos,
1581 4521 1706 4562 cum
1734 4507 1942 4579 aliquid

357 4605 656 4662 crematur,
709 4612 850 4666 aqua
887 4596 1058 4667 magis
1087 4595 1231 4651 foret
1257 4601 1589 4662 vocandum,
1645 4614 1771 4654 cum
1799 4601 1944 4670 sapit

355 4689 605 4761 quidam,
651 4689 918 4762 insipiens
959 4689 1260 4756 dicendus;
1293 4705 1530 4762 cumque
1577 4690 1766 4762 inique
1809 4693 1940 4764 agit,

351 4784 568 4854 justus;
595 4793 728 4840 tunc
755 4783 902 4838 enim
933 4783 1052 4838 haec
1078 4782 1458 4854 hujuscemodi
1486 4783 1722 4839 multum
1749 4801 1780 4841 a
1806 4799 1942 4840 con-

355 4875 542 4930 trariis
579 4874 698 4930 suis
725 4875 966 4940 distant;
1002 4873 1104 4929 etsi
1145 4887 1308 4929 omne
1338 4873 1650 4930 derivatum
1671 4914 1685 4940 ,
1729 4890 1797 4930 ex
1827 4889 1943 4928 Ine-

357 4965 553 5036 talepsi
581 4975 746 5036 atque
795 4967 1000 5022 unione
1038 4966 1119 5021 rei
1161 4965 1363 5022 habeat
1389 4967 1554 5022 etiam
1599 4979 1824 5020 nomen.
1872 4963 1942 5020 At

355 5069 486 5110 vere
516 5055 753 5110 maxime
788 5057 1174 5128 tegrotantium
1209 5055 1464 5111 delirium
1506 5055 1618 5126 pati
1652 5053 1938 5120 videmini,

356 5161 483 5201 cum
547 5145 848 5215 saepissime
913 5147 1384 5218 vehementerque
1432 5145 1768 5216 ﬂagellantes
1812 5146 1941 5202 vus-

355 5237 619 5308 metipsos
643 5251 751 5290 non
773 5234 1045 5291 sentiatis.

1000 5485 1154 5541 CAP.
1197 5482 1290 5538 IK.

424 5616 598 5674 Olnue
632 5619 1002 5691 quodcunque
1049 5615 1264 5670 unitum
1311 5613 1469 5670 alteri
1529 5613 1596 5668 ad
1647 5613 1940 5682 perlicien-

363 5707 491 5763 dum
524 5727 686 5765 unam
741 5719 991 5766 naturam
1028 5709 1110 5763 vel
1139 5718 1195 5763 et
1247 5706 1604 5778 hypostasim,
1654 5721 1784 5777 pars
1839 5705 1933 5761 de-

2047 4510 2430 4584 προσπλασθῇ,
2464 4509 2643 4582 χρυσῆ
2665 4524 2682 4541 ο
2717 4507 2807 4562 καὶ
2837 4508 2894 4559 ἐν
2923 4507 3036 4567 τοῖς
3066 4503 3280 4566 λοιποῖς
3313 4500 3370 4555 δὲ
3403 4497 3623 4570 ὁρῶμεν

2043 4606 2126 4660 ὅτι
2175 4607 2204 4659 ό
2239 4607 2299 4658 ὲν
2347 4603 2428 4676 τῷ
2455 4601 2634 4672 λευκῷ
2671 4599 2887 4664 λευκός.
2927 4596 3067 4652 Καθ’
3099 4595 3244 4664 ὑμᾶς
3285 4593 3343 4647 δὲ
3367 4592 3489 4658 ἔδει,
3531 4587 3614 4644 ὅτε

2045 4695 2316 4768 πυροῦταί
2366 4713 2438 4758 τι,
2489 4693 2634 4764 ὕδωρ
2689 4690 2889 4763 μᾶλλον
2931 4685 3211 4742 καλεῖσθαι
3240 4703 3254 4718 ·
3287 4684 3383 4738 καὶ
3415 4685 3504 4736 ὅτε
3537 4697 3617 4744 τις

2047 4790 2338 4860 σωφρονεῖ,
2369 4786 2490 4842 τότε
2511 4784 2811 4846 ἀκόλαστος
2842 4781 3143 4850 λέγεσθαι·
3175 4777 3270 4831 καὶ
3297 4776 3386 4830 ὅτε
3424 4773 3622 4835 ἀδικεῖ,

2044 4883 2253 4945 δίκαιος
2278 4899 2292 4912 ο
2333 4880 2455 4934 τότε
2499 4877 2614 4950 γὰρ
2647 4875 2847 4948 μᾶλλον
2879 4873 3134 4942 διέστηκε
3172 4869 3297 4923 τάδε
3331 4866 3440 4920 τῶν
3470 4865 3625 4918 ἐναν-

2043 4975 2174 5027 τίων
2223 4974 2406 5036 αὐτοῖς
2431 4989 2446 5004 ο
2497 4971 2676 5024 καίτοι
2717 4969 2825 5023 πᾶν
2883 4963 3238 5034 παρώνυμον.
3271 4963 3334 5014 ὲκ
3386 4956 3625 5030 μεταλή-

2041 5065 2189 5137 ψεως
2213 5065 2308 5118 καὶ
2333 5064 2581 5126 ἑνώσεως
2605 5062 2700 5116 τοῦ
2723 5061 3072 5134 πράγματος,
3102 5056 3228 5128 ἔσχε
3251 5054 3346 5108 καὶ
3366 5050 3622 5120 τοῦνομα.

2056 5159 2200 5212 ’Δλλ⁹
2232 5157 2401 5220 ὅντως
2434 5157 2654 5211 ἐοίκατε
2686 5155 2750 5208 τὸ
2775 5153 2886 5208 τῶν
2913 5150 3159 5222 ἐσχάτως
3192 5145 3493 5202 νοσούντων
3524 5142 3626 5211 τὴν

2047 5249 2478 5321 παραφροσύνην
2503 5247 2836 5302 πεπονθέναι
2856 5242 2944 5309 ,οἳ
2974 5242 3238 5305 πολλάκις
3276 5237 3501 5301 ἑαυτοὺς
3531 5237 3626 5290 καὶ

2045 5343 2294 5414 σφοδρῶς
2327 5343 2584 5407 παίοντες
2605 5343 2706 5396 οὐκ
2730 5339 3102 5394 αἰσθάνονται.

2645 5476 2902 5531 ΚΕΦΑΛ.
2935 5473 3011 5527 Θ’,

2114 5617 2229 5671 Πᾶν
2261 5614 2440 5670 ὁτιοῦν
2486 5612 2866 5683 συντιθέμενον
2891 5609 3066 5681 ἑτέρῳ
3101 5610 3181 5672 είς
3207 5606 3266 5660 τδ
3292 5602 3622 5660 ἀποτελέσαι

2069 5709 2176 5762 ιίαν
2203 5709 2362 5779 φύσιν
2401 5708 2434 5780 ἢ
2470 5707 2561 5762 καὶ
2619 5705 2922 5760 ὑπόστασιν
2947 5745 2960 5771 ,
3005 5702 3172 5775 μέρος
3218 5699 3495 5754 δείκνυται
3525 5697 3626 5768 τῆς
