3932 6152
396 310 534 376 H37

1385 318 1781 379 ADVERSUS
1818 317 2363 378 NESTORIANOS.
2406 345 2469 354 -
2495 321 2641 380 LIB.
2684 321 2738 382 Ι.-

3491 315 3630 389 ms

391 425 450 477 ὶν
480 422 629 494 αὐτῷ
658 424 1105 496 ἀποτελουμένης
1137 428 1268 496 μιᾶς
1296 427 1509 497 φύσεως
1530 428 1564 498 ἢ
1592 429 1688 482 καὶ
1718 429 1950 482 ὑποστά-

2058 435 2394 481 monstratur
2442 429 2698 497 perfectae
2749 429 2804 482 in
2848 429 2966 499 ipso
3013 430 3176 484 unius
3225 440 3435 487 naturae
3466 435 3641 491 τεΙ·‹›ι⁸

393 531 532 576 σεως
555 532 570 547 σ
595 516 704 570 πᾶν
725 516 782 570 δὲ
807 518 971 587 μέρος
1002 519 1132 586 μιᾶς
1161 517 1429 590 φύσεωςῆ
1460 521 1556 573 καὶ
1586 520 1955 584 ὑποστάσεως,

390 605 489 660 οὐκ
521 602 628 660 οἶδε
661 607 799 672 πῶς,
832 608 866 679 ἢ
897 608 1025 674 ποῦ,
1055 608 1089 679 ἢ
1117 609 1247 662 πότε
1278 611 1536 679 συνετέθη
1563 610 1640 680 τῷ
1661 603 1814 681 ᾧπερ
1837 627 1961 663 συν-

392 697 572 766 ετέθη,
623 698 753 768 μήτι
794 715 857 766 γε
911 700 1052 770 μετά
1098 701 1274 756 ταῦτα
1311 701 1572 773 ἀμυδρῶς
1616 719 1733 765 πως
1775 701 1955 771 μάθοι.

390 779 507 840 Πᾶν
535 788 643 859 ἀρα
666 790 1047 861 συντιθέμενον
1063 792 1253 863 ἑτέρῳ,
1276 795 1357 856 εἰς
1378 793 1440 846 τὸ
1472 794 1796 846 ἀποτελέσαι
1831 793 1959 863 μίαν

392 877 555 947 φύσιν
585 879 619 948 ἦ
653 882 749 933 καὶ⁵
777 882 1073 937 ὑπόστασιν
1092 926 1108 950 ,
1142 885 1243 937 οὐκ
1268 881 1376 939 οἶδε
1404 885 1522 948 πῶς
1556 885 1589 955 ἢ
1620 885 1723 938 ποῦ
1758 885 1790 955 ἢ
1824 885 1957 938 πότε

391 972 648 1042 συνετέθη
686 973 763 1042 τῷ
807 966 961 1045 ᾧπερ
1011 975 1270 1047 συνετέθη
1296 1018 1311 1042 ,
1349 980 1478 1048 μήτι
1509 993 1572 1045 γε
1608 977 1749 1047 μετὰ
1782 975 1958 1030 ταῦτα

390 1062 650 1132 ἀμυδρῶς
690 1080 808 1127 πως
838 1065 1002 1135 μάθοι
1023 1080 1037 1095 ο
1069 1068 1118 1119 εί
1157 1066 1214 1119 δὲ
1242 1064 1427 1132 τοῦτο,
1531 1067 1591 1120 οὐ
1636 1066 1897 1135 συνετέθη
1926 1067 1955 1118 6

388 1151 520 1215 Θεὸς
546 1152 719 1220 Λόγος
746 1152 823 1223 τῷ
872 1154 932 1220 ἐξ
965 1156 1120 1223 ἡμῶν
1154 1156 1422 1227 ἀνθρώπῳ
1457 1144 1629 1211 πάντα
1654 1156 1955 1226 ἐπιστάμε-

388 1261 498 1308 νος,
544 1245 640 1298 καὶ
684 1245 954 1316 μηδέποτε
1002 1248 1167 1317 μηδὲν
1226 1247 1532 1317 μανθάνων,
1580 1248 1614 1319 ἢ
1656 1242 1953 1311 συντεθεὶς,

386 1336 486 1388 οὐκ
509 1333 616 1389 οἶδε
656 1336 774 1399 πῶς
815 1336 997 1407 ἠνώθη
1021 1337 1098 1406 τῷ
1126 1339 1284 1409 ἡμῶν
1312 1339 1585 1410 ἀνθρώπῳ
1604 1380 1618 1403 ,
1649 1340 1787 1409 ὅπερ
1828 1340 1956 1392 ἀσε-

386 1425 502 1489 ϐές.
547 1427 610 1479 Ἦ
661 1426 762 1496 μὲν
799 1426 989 1499 πρώτη
1038 1429 1192 1498 ὑμῶν
1223 1431 1325 1484 κάν
1349 1431 1524 1501 τούτῳ
1560 1430 1638 1501 τῷ
1670 1431 1955 1501 ἐπιχειρήο

390 1531 522 1582 ματι
554 1515 821 1586 πρότασις
846 1555 859 1580 ,
887 1512 976 1571 οἷά
1008 1537 1090 1582 τις
1114 1516 1248 1573 οὖσα
1285 1521 1474 1591 τρόπις
1510 1522 1605 1575 καὶ
1632 1522 1725 1574 τοῦ
1764 1519 1954 1591 πρώην

385 1605 481 1660 καὶ
506 1604 602 1659 τοῦ
627 1606 897 1676 παρόντος
939 1608 1298 1679 συλλογισμοῦ
1329 1612 1429 1682 ἤδη
1463 1611 1869 1682 προκατέακται
1896 1611 1953 1663 ὲν

380 1698 503 1758 ταίς
535 1695 933 1767 προλαὸούσαις
974 1699 1132 1769 ἡμῶν
1163 1701 1518 1771 ὑπαντήσεσι.
1538 1684 1697 1773 ’Πλὴν
1723 1699 1953 1754 δεδόσθω

384 1786 479 1839 καὶ
505 1785 678 1849 οὕτως
712 1787 857 1857 ἔχειν
882 1789 1006 1841 καθ’
1040 1789 1316 1855 ὑπόθεσιν,
1342 1792 1424 1844 ὅτι
1448 1793 1540 1844 καὶ
1572 1793 1712 1863 μέρη
1735 1791 1845 1844 εἰσὶ
1881 1790 1952 1845 τά

382 1876 482 1947 τῆς
540 1878 889 1943 ὑποστάσεως
926 1882 1259 1954 συστατικὰ,
1306 1884 1401 1936 καὶ
1442 1883 1544 1937 οὐκ
1584 1886 1731 1938 ἴσασι
1774 1880 1947 1955 πῶςῆ

384 1966 490 2020 ποῦ
530 1967 563 2037 ἢ
594 1970 722 2022 πότε
766 1971 1158 2041 συνετέθησανο
1190 1973 1307 2028 ἀλλ’
1335 1967 1380 2028 ὧ
1411 1968 1584 2035 οὗτοι.
1635 1975 1755 2029 ὅλον
1792 1975 1950 2029 τοῦτο

381 2059 445 2113 οὐ
504 2061 716 2131 νοήσειέ
762 2076 849 2125 τις
899 2062 988 2128 ἀν,
1034 2065 1139 2119 κᾶν
1172 2068 1220 2119 εἰ
1253 2067 1449 2140 μικρὸν
1474 2067 1693 2138 μετέχοι
1726 2066 1951 2137 λογικῆς

386 2147 600 2217 φύσεως
650 2149 1016 2221 ὲμπὺρευμα,
1077 2156 1159 2208 ὅτι
1223 2158 1399 2210 ταῦτα
1452 2158 1575 2211 τότε
1633 2157 1950 2227 συμϐαίνειν

383 2239 616 2309 ἀνάγκη.
655 2240 848 2295 Ἦνίκα
879 2242 936 2295 δὶ
965 2242 1312 2317 ὡμολόγηται
1351 2248 1434 2301 ὃτι
1465 2250 1493 2302 6
1520 2249 1680 2311 αὐτός
1709 2251 1825 2301 ἐστι
1850 2250 1950 2318 τῆς

385 2329 688 2393 συνθέσεως
711 2333 942 2405 ποιητὴς
963 2337 992 2388 ό
1019 2338 1396 2407 συγκείμενος,
1428 2339 1546 2402 πῶς
1569 2340 1636 2394 ἂν
1661 2341 1949 2411 ἀγνοήσεις

381 2418 484 2490 τὴν
515 2419 712 2474 ἑαυτοῦ
778 2422 1058 2488 σύνθεσιν,
1085 2425 1144 2489 δς
1171 2427 1266 2480 καὶ
1295 2429 1476 2499 πάσης
1499 2429 1800 2493 συνθέσεώς
1833 2432 1948 2483 ἐστι

382 2510 652 2579 ποιητής;
706 2511 917 2577 ⁸’Δλλως
951 2515 1008 2568 δὲ
1038 2517 1200 2571 πάλιν
1242 2512 1414 2573 εἰπεῖν
1448 2523 1556 2575 πᾶν
1590 2523 1756 2592 μέρος
1797 2522 1825 2575 ὅ
1857 2523 1949 2575 τέ-

380 2601 524 2653 λειον
550 2601 785 2672 ὑπάρχει
819 2605 960 2659 κατά
999 2607 1221 2674 γνῶσιν,
1258 2614 1606 2684 προῦπάρχει
1644 2632 1705 2667 τε
1734 2615 1836 2684 τῆς
1869 2618 1950 2669 οἰ-

383 2690 535 2754 κείας
566 2693 866 2757 συνθέσεως
887 2735 903 2760 ,
937 2694 1042 2750 κᾶν
1071 2699 1119 2750 εἰ
1152 2699 1241 2768 ὑφ’
1270 2701 1464 2771 ἑτέρου
1491 2703 1836 2758 συντίθεσθαι
1859 2705 1950 2758 λέ-

382 2799 552 2848 γοιτο,
597 2783 720 2837 δέον
768 2785 864 2839 καὶ
920 2787 1051 2840 αὑτὸ
1097 2790 1314 2854 πάντως
1365 2793 1584 2858 εἰδέναι,
1619 2794 1722 2848 ποῦ
1753 2812 1813 2849 τε
1854 2798 1947 2850 καὶ

384 2873 523 2937 πῶς,
544 2875 640 2928 καὶ
669 2875 798 2928 πότε
824 2878 1105 2947 συνετέθη,
1136 2883 1250 2950 ετγε
1277 2881 1352 2953 μὴ
1381 2884 1480 2955 τῆς
1506 2885 1715 2949 οἰκείας
1737 2886 1950 2952 τελείας

382 2964 655 3032 γνώσεως,
687 2966 720 3038 ἢ
748 2968 890 3037 μετά
922 2968 1021 3040 τὴν
1065 2971 1313 3027 σύνθεσιν
1345 2975 1561 3046 ἐξέστη,
1593 2978 1627 3049 ἢ
1667 2978 1775 3047 πρὸ
1819 2996 1949 3034 συν-

2063 516 2407 588 bypostasis;
2437 518 2618 573 omnis
2660 527 2843 573 autem
2871 535 2999 589 pars
3033 530 3243 577 naturae
3266 523 3430 577 unius
3464 525 3548 579 vel
3576 535 3643 581 et‘

2058 611 2386 682 hypostasis,
2432 615 2610 668 nescit
2652 614 2948 683 quomodo,
3002 617 3087 670 vel
3123 617 3239 679 ubi,
3296 609 3380 672 vel
3411 617 3631 687 quando

2058 702 2206 755 unita
2232 701 2304 754 sit
2324 701 2628 771 cuicunque
2643 711 2789 754 unua
2806 710 2888 755 est
2909 717 2924 765 ;
2945 701 3220 766 nmltoque
3244 705 3421 754 minus
3438 701 3617 767 aliquo

2058 791 2219 845 modo
2259 798 2441 860 postea
2482 791 2737 845 disceret.
2771 791 2943 845 Omne
2972 805 3100 859 ergo
3128 791 3282 844 alteri
3313 791 3520 845 unitum
3552 791 3616 841 ad

2058 879 2446 948 perficiendum
2467 895 2625 934 unam
2650 889 2897 934 naturam
2916 880 3000 934 vel
3018 892 3068 936 et
3091 879 3422 950 hypostasim
3440 879 3619 933 nescit

2057 971 2350 1041 quomodo,
2382 970 2461 1025 vel
2514 971 2624 1035 ubi,
2647 972 2732 1024 vel
2787 970 2999 1041 quando
3046 973 3254 1024 unitum
3298 972 3369 1024 sit
3397 971 3627 1023 cnicnn~

2059 1078 2169 1133 que
2191 1063 2401 1117 unitum
2427 1070 2534 1128 est,
2559 1063 2834 1128 multoque
2862 1062 3042 1116 minus
3067 1073 3255 1128 postea
3286 1076 3352 1115 ne
3392 1063 3627 1114 obscure

2062 1154 2279 1223 quidem
2319 1153 2576 1207 disceret.
2624 1153 2678 1205 Si
2715 1158 2892 1207 autem
2936 1152 3008 1206 ita
3043 1153 3134 1215 sil,
3168 1153 3254 1207 vel
3283 1169 3386 1206 non
3439 1153 3622 1206 unitus

2063 1252 2145 1298 est
2177 1243 2320 1297 Deus
2370 1242 2608 1298 Verbum
2657 1243 2818 1297 alicui
2866 1244 3070 1297 homini
3124 1259 3188 1299 ex
3236 1246 3394 1298 nobis
3440 1244 3621 1297 omnia

2063 1349 2423 1405 cognoscens,
2451 1336 2701 1404 nihilque
2753 1351 2992 1405 unquam
3029 1336 3264 1399 discens,
3301 1335 3383 1389 vel
3420 1336 3624 1395 nnitns,

2064 1428 2298 1483 nescivit
2322 1428 2595 1493 quomodo
2613 1429 2772 1483 alieni
2794 1443 2857 1482 ex
2884 1428 3044 1481 nobis
3066 1428 3250 1481 unitus
3275 1426 3459 1490 fuerit,
3481 1426 3622 1492 qum!

2069 1520 2296 1584 impium
2332 1527 2438 1574 est.
2473 1517 2652 1574 Prima
2690 1529 2870 1575 autem
2899 1529 3078 1573 vestra
3114 1522 3273 1572 etiam
3306 1519 3358 1571 in
3397 1519 3498 1570 hoc
3533 1532 3626 1569 ιιι-ς

2064 1620 2324 1684 gumento
2383 1612 2703 1681 propositio,
2763 1613 2914 1680 quasi
2964 1613 3211 1678 quaedam
3274 1610 3424 1665 basis
3469 1619 3624 1663 ante-

2053 1700 2218 1755 rioris
2256 1699 2654 1770 praesentisque
2685 1699 2955 1754 ratiocinii
2991 1700 3102 1770 jam
3146 1698 3233 1751 his
3266 1712 3386 1766 quae
3423 1711 3629 1765 praeve-

2055 1790 2272 1845 nientes
2319 1789 2558 1845 diximus
2602 1790 2817 1861 dejecta
2847 1799 2950 1845 est.
2994 1790 3062 1844 At
3089 1789 3250 1844 detur
3287 1788 3448 1842 nobis
3472 1789 3629 1858 juxta

2051 1881 2422 1953 hypothesim,
2470 1890 2656 1952 partes
2706 1897 2826 1937 esse
2870 1883 3178 1955 hypostasis
3223 1881 3627 1947 constitutivas,

2050 1985 2153 2024 nec
2176 1971 2314 2025 scire
2340 1971 2638 2041 quomodo,
2666 1972 2753 2025 vel
2779 1970 2893 2035 ubi,
2918 1968 3004 2024 vel
3028 1968 3252 2039 quando
3280 1969 3444 2022 unita)
3463 1976 3627 2034 sunt;

2051 2064 2169 2130 sed,
2201 2079 2236 2118 ο
2276 2079 2394 2127 vos,
2428 2079 2590 2119 nemo
2620 2065 2724 2119 hoc
2759 2074 2929 2119 totum
2956 2064 3303 2135 intelligeret,
3337 2070 3628 2132 quantum-

2049 2153 2135 2207 vis
2156 2167 2347 2222 parum
2376 2153 2448 2208 sit
2471 2153 2528 2207 in
2555 2152 2649 2207 illo
2673 2152 2954 2208 rationalis
2975 2160 3203 2211 naturae.
3227 2166 3295 2205 eo
3323 2149 3469 2220 quod
3496 2159 3627 2204 tunc

2051 2242 2152 2299 hos
2196 2244 2516 2314 contingere
2574 2259 2797 2299 necesse
2854 2244 2944 2297 sit.
3000 2243 3134 2298 Cum
3185 2252 3364 2297 autem
3414 2248 3628 2294 constat

2050 2332 2307 2387 eumdem
2337 2347 2458 2386 esse
2488 2331 2862 2402 [actoremque
2890 2332 3110 2386 unionis
3139 2338 3195 2386 et
3225 2332 3459 2392 unitum,
3491 2344 3629 2398 quo-

2048 2421 2214 2475 modo
2246 2435 2401 2475 suam
2434 2421 2697 2475 unionem
2740 2422 3039 2491 ignoraret,
3095 2420 3189 2490 qui
3230 2420 3394 2475 etiam
3447 2418 3626 2472 omnis

2050 2510 2273 2564 unionis
2304 2520 2497 2565 auctor
2529 2511 2655 2565 est?
2695 2510 2966 2565 Caeterum
3005 2510 3403 2565 nobisrursus
3439 2508 3624 2562 dicen-

2049 2603 2180 2654 dum
2210 2609 2294 2655 est
2317 2616 2533 2655 omnem
2566 2610 2777 2670 partem
2810 2600 3104 2669 perfectam
3141 2600 3406 2655 exsistere
3428 2613 3624 2653 secun-

2049 2690 2179 2744 dum
2199 2691 2587 2762 cognitionem,
2606 2693 3020 2762 praecedereque
3044 2691 3317 2761 propriam
3342 2691 3620 2753 unionem,

2048 2779 2180 2835 licet
2209 2780 2279 2834 ab
2310 2780 2481 2836 altera
2510 2782 2656 2835 uuiri
2697 2781 2934 2848 dicatur,
2971 2782 3112 2836 scire
3150 2795 3369 2849 quoque
3397 2779 3623 2833 omnino

2048 2869 2213 2924 debet
2242 2871 2358 2937 ubi,
2387 2872 2663 2941 quomodo
2692 2873 3026 2942 quandoque
3059 2872 3209 2926 unita
3232 2872 3323 2933 sit,
3352 2869 3455 2927 nisi
3494 2885 3625 2939 pro-

2048 2961 2169 3030 pria
2197 2962 2508 3032 cognitione
2557 2963 2832 3032 perfecta,
2884 2964 3000 3019 sive
3032 2972 3156 3032 post
3198 2962 3453 3016 unionem
3527 2974 3626 3013 ex-

383 3054 585 3119 θέσεως
611 3057 1018 3112 ἀπολέλειπται.
1061 3062 1131 3113 Ἢ
1159 3059 1252 3114 οὖν
1280 3064 1343 3116 οὑ
1383 3065 1587 3130 τέλειος
1610 3046 1711 3137 τὴν
1742 3068 1946 3136 γνῶσιν

2054 3046 2253 3113 :iderit,
2292 3052 2407 3105 sive
2451 3060 2579 3106 ante
2614 3053 2874 3108 unionem
2907 3052 3190 3107 defecerit.
3219 3052 3314 3106 Vel
3353 3066 3484 3120 ergo
3514 3065 3623 3103 non

381 3145 411 3197 6
435 3144 563 3208 Θεὸς
589 3146 779 3213 Λόγος,
812 3147 845 3218 ἢ
871 3148 930 3200 οὑ
962 3151 1333 3221 προϋπάρχων
1366 3156 1465 3223 τῆς
1493 3156 1796 3220 συνθέσεως
1824 3161 1949 3212 ἑαυ-

381 3234 473 3288 τοῦ
526 3238 655 3290 καθ’
686 3237 834 3305 ὑμᾶς
891 3238 1064 3301 ἔσται,
1093 3240 1126 3310 ἢ
1158 3242 1375 3305 πάντως
1406 3243 1505 3314 τὴν
1533 3246 1671 3299 ἰδίαν
1702 3247 1950 3303 σύνθεσιν

382 3323 607 3378 εἵσεται.
659 3324 725 3377 Τί
785 3320 878 3378 οὖν
940 3327 1073 3396 ἡμῖν
1113 3329 1146 3397 ἡ
1200 3331 1449 3400 ἀχυρμιά
1491 3332 1600 3387 τῶν
1645 3314 1950 3406 εἰρημένων

383 3414 677 3480 ἀναγκαῖον
730 3413 996 3481 ἐπάγεται
1018 3457 1032 3481 ,
1074 3418 1157 3480 εἰς
1185 3417 1349 3484 δεῖξιν
1380 3420 1594 3492 ἀσφαλῆ
1632 3423 1724 3477 τοῦ
1749 3425 1947 3494 λέγειν,

383 3501 458 3562 ὡς
501 3501 552 3554 εἰ
596 3503 851 3575 συνετέθη
890 3506 917 3558 ό
954 3505 1089 3569 Θεὸς
1118 3508 1288 3577 Λόγος
1310 3552 1325 3576 ,
1356 3510 1457 3567 οὐκ
1492 3511 1601 3569 οῐδε
1637 3516 1810 3590 πῶςῆ
1845 3518 1949 3572 ποῦ

383 3593 561 3667 ήνώθη
590 3595 666 3667 τῷ
693 3595 752 3664 ἐξ
783 3598 813 3667 ἡ
823 3597 938 3667 μῶν
967 3599 1281 3672 ἀνθρώπως

973 3818 1226 3874 ΚΕΦΛΛ.
1282 3823 1344 3877 ι’.

454 3946 517 4002 Εἰ
548 3946 803 4011 σύνθετος
829 3948 859 4001 6
884 3949 1164 4021 Δεσπότης
1210 3953 1463 4024 Χριστὸς,
1494 3955 1640 4010 καθά
1668 3973 1822 4025 φασι,
1846 3954 1951 4026 ’μέ-

384 4055 474 4109 ρος
491 4041 520 4093 6
548 4039 681 4102 Θεὸς
721 4040 1071 4108 Λόγος,καθά
1105 4041 1354 4112 βούλεται
1374 4045 1483 4098 τῶν
1515 4047 1782 4103 συνθέτων
1808 4052 1838 4103 6
1863 4051 1950 4103 νό-

383 4147 505 4200 μος·
535 4134 643 4184 πᾶν
669 4131 728 4185 δὲ
771 4132 940 4202 μέρος
962 4170 978 4196 ,
1016 4132 1236 4188 ἔλαττον
1265 4137 1407 4191 κατά
1433 4154 1485 4191 τι
1516 4138 1824 4210 καθέστηκε
1853 4140 1948 4194 τοῦ

386 4218 515 4273 ἰδίου
538 4218 664 4272 ὅλου
685 4234 699 4248 '
724 4220 961 4275 ἐλάττων
989 4221 1099 4291 ἀρα
1119 4223 1261 4288 τινὸς
1278 4227 1419 4279 κατά
1449 4243 1503 4280 τι
1533 4229 1561 4280 6
1581 4227 1712 4292 Θεὸς
1740 4230 1913 4297 Λόγος
1931 4247 1945 4263 ³

379 4307 480 4362 οὐκ
499 4307 565 4361 ἂν
588 4310 700 4379 γάρ
727 4309 811 4379 εἰη
845 4310 1035 4379 μέρος,
1059 4312 1133 4383 μὴ
1166 4314 1403 4368 ἐλάττων
1425 4313 1500 4369 ὢν
1514 4316 1607 4371 τοῦ
1638 4318 1782 4373 ὅλου.
1810 4320 1872 4372 Εἰ
1892 4321 1948 4374 δὲ

2050 3140 2328 3208 perfectus
2352 3143 2458 3196 erit
2478 3143 2778 3197 secundum
2802 3143 3171 3214 cognitionem
3196 3143 3339 3195 Dens
3363 3142 3621 3200 Verbum,

2049 3228 2134 3281 vel
2172 3229 2327 3297 juxta
2372 3243 2473 3283 vos
2522 3243 2633 3284 non
2672 3246 2827 3285 suam
2872 3233 3131 3285 unionem
3188 3231 3478 3299 praecedet,
3534 3232 3622 3286 vel

2050 3318 2273 3373 omnino
2320 3319 2595 3388 propriam
2628 3321 2884 3375 unionem
2921 3321 3078 3377 sciet.
3113 3321 3254 3388 Quid
3301 3334 3431 3392 ergo
3468 3322 3622 3391 palea

2050 3407 2320 3463 dictorum
2353 3425 2385 3463 a
2412 3410 2571 3464 nobis
2602 3413 2914 3466 necessario
2950 3414 3245 3483 spargitur,
3287 3414 3355 3467 ad
3394 3413 3621 3467 modum

2050 3499 2357 3555 docendum
2387 3510 2566 3556 tutum
2609 3502 2850 3567 dicendi,
2875 3504 3054 3572 quasi,
3113 3505 3158 3559 si
3212 3506 3401 3559 unitus
3454 3505 3620 3561 fuerit

2049 3591 2196 3647 Deus
2219 3591 2481 3656 Verbum,
2512 3608 2622 3648 non
2660 3593 2826 3649 sciret
2848 3594 3145 3665 quomodo,
3175 3597 3263 3650 vel
3306 3596 3396 3651 ubi
3431 3597 3625 3652 unitus

2051 3678 2219 3735 fuerit
2239 3680 2404 3734 alicui
2431 3696 2499 3736 ex
2521 3682 2703 3737 nobis.

2714 3816 2869 3873 CAP.
2906 3816 2976 3873 Χ.

2122 3951 2200 4016 Si,
2235 3961 2297 4007 ut
2333 3952 2509 4017 aiunt,
2544 3952 2734 4008 unitus
2773 3954 2846 4009 sit
2872 3954 3126 4010 Christus
3152 3955 3454 4022 Dominus,
3489 3971 3615 4027 pars

2048 4051 2135 4096 est
2152 4042 2296 4097 Deus
2319 4043 2580 4104 Verbum,
2603 4052 2664 4097 ut
2695 4045 2812 4099 vult
2851 4044 2938 4099 lex
2969 4046 3248 4100 uuitorum
3273 4063 3288 4110 ;
3314 4047 3493 4101 omnis
3518 4063 3616 4101 au-

2049 4137 2159 4184 tem
2187 4146 2334 4201 pars,
2367 4133 2670 4188 secundum
2697 4134 2828 4203 quid
2857 4135 3038 4189 minor
3055 4150 3154 4190 suo
3185 4146 3299 4191 toto
3325 4137 3616 4192 constitui-

2053 4230 2175 4289 tur;
2210 4224 2357 4277 Deus
2385 4223 2624 4278 Verbum
2668 4225 2850 4280 minor
2890 4226 3056 4295 igitur
3082 4237 3167 4281 est
3194 4225 3378 4296 aliquo
3412 4242 3614 4282 secun-

2050 4312 2181 4367 dum
2228 4312 2396 4383 quid;
2443 4328 2552 4366 non
2586 4313 2734 4368 enim
2775 4324 2923 4369 esset
2960 4329 3108 4384 pars,
3155 4318 3263 4371 nisi
3313 4325 3429 4371 toto
3474 4317 3615 4372 foret

380 4397 561 4466 τοῦτο,
612 4399 732 4452 οὐδὲ
783 4401 915 4464 Θεὸς
957 4402 1206 4474 ἀληθινὸς
1233 4406 1262 4458 6
1288 4405 1420 4469 Θεὸς
1458 4408 1665 4476 Λόγοςο
1708 4409 1831 4463 ἐπεὶ
1862 4412 1949 4465 τὸν

2054 4405 2250 4459 minor.
2283 4404 2339 4458 Si
2385 4414 2568 4459 autem
2597 4405 2704 4459 hoc
2754 4406 2829 4460 ita
2877 4405 2969 4471 sit,
3011 4423 3119 4461 non
3146 4423 3313 4464 verus
3336 4420 3422 4463 est
3447 4410 3611 4474 Deus,

382 4488 634 4558 ἀληθινὸν
686 4490 840 4557 Θεὸν,
895 4493 1108 4554 οὐδενὸς
1149 4495 1408 4550 ἐλάττονα
1458 4498 1640 4567 λέγειν
1680 4500 1943 4556 δυνατόν⁹

380 4579 709 4653 ἀσύγκριτος
751 4582 861 4654 γὰρ
905 4586 934 4638 6
965 4585 1097 4649 Θεὸς
1136 4588 1370 4658 πάμπαν
1407 4590 1502 4644 καὶ
1540 4592 1944 4663 άπαράϐλητος.

386 4671 457 4724 Ἣ
490 4671 621 4740 γοῦν
649 4673 1080 4743 ὁμολογείτωσαν
1103 4679 1349 4750 φανερῶς
1374 4680 1472 4751 τὴν
1496 4681 1630 4752 πρὸς
1657 4685 1783 4747 τοὺς
1813 4685 1949 4757 ἀλη-

382 4761 529 4818 θινὸν
572 4762 704 4817 Θεὸν
747 4765 956 4830 εἰδότας
997 4768 1088 4822 τὸν
1115 4769 1247 4823 Θεὸν
1288 4772 1462 4840 Λόγον
1505 4773 1880 4846 ἐναντιότητα,
1912 4776 1946 4848 ἢ

383 4855 785 4909 παυσάσθωσαν
812 4856 1064 4912 σύνθετον
1095 4860 1227 4930 ἡμῖν
1254 4862 1566 4930 εἰσάγοντες
1595 4864 1783 4918 οὐσίαν
1806 4865 1871 4920 ἐκ
1889 4882 1950 4920 τε

381 4945 478 4999 τοῦ
515 4945 649 4999 Θεοῦ
677 4948 852 5017 Λόγου
894 4950 988 5002 καὶ
1013 4951 1115 5019 τῆς
1138 4953 1296 5023 ἡμῶν
1344 4954 1547 5025 σαρκὸς
1583 4954 1850 5026 ἐμψύχου.
1882 4957 1952 5009 At

384 5036 669 5091 καθολικαὶ
690 5038 844 5107 ὑμῶν
874 5041 1226 5109 καταφάσεις,
1278 5044 1372 5096 καὶ
1410 5047 1465 5098 αἰ
1488 5045 1554 5098 ἐκ
1589 5046 1791 5099 τούτων
1816 5048 1952 5101 ἀπο-

384 5127 597 5195 δείξεις,
626 5129 877 5198 ἀνόνητοι
905 5131 1031 5200 ὑμϊν
1062 5130 1279 5201 ἀληθῶς
1304 5133 1401 5187 νῦν
1425 5135 1906 5206 ἀποδειχθήσονται
1933 5153 1947 5166 ο

387 5220 453 5275 δι’
481 5213 556 5274 ὧν
598 5220 709 5291 γὰρ
755 5222 957 5292 ἰσχύειν
997 5224 1297 5293 ἡγήσασθε,
1321 5226 1409 5278 διὰ
1432 5227 1656 5292 τούτων,
1680 5245 1951 5299 προφητι-

387 5311 498 5377 κῶς
514 5329 694 5382 φαμεν
715 5314 864 5382 ὑμῖν,
887 5314 1257 5384 ἡττηθήσεσθε
1276 5334 1290 5348 ·
1304 5316 1367 5369 τὸ
1390 5316 1498 5387 γὰρ
1518 5320 1732 5393 καίριον
1755 5321 1954 5392 ἡγνοής

386 5420 516 5458 σατε
545 5403 675 5472 περὶ
705 5404 828 5457 ὅτου
855 5406 884 5457 6
904 5403 1063 5473 λόγος
1084 5444 1103 5471 ,
1136 5406 1237 5460 οὐκ
1269 5407 1661 5476 ὲπισκέψαντες
1692 5409 1857 5464 αὑτοῦ
1886 5414 1950 5482 τῇ

387 5494 568 5563 φύσει.
600 5494 675 5548 06
710 5495 820 5566 γὰρ
859 5495 1046 5567 ἐπειδὴ
1091 5500 1201 5551 πᾶν
1254 5498 1419 5569 μέρος
1457 5499 1676 5555 ἔλαττον
1707 5502 1800 5555 τοῦ
1828 5501 1950 5557 ὅλου

389 5585 710 5657 καθέστηκε,
747 5586 836 5641 διὰ
875 5586 1034 5642 τοῦτο
1066 5589 1160 5642 καὶ
1188 5591 1215 5643 6
1247 5589 1381 5655 Θεὸς
1421 5592 1496 5655 ὡς
1522 5592 1685 5664 μέρος
1710 5593 1950 5664 θεωρού-

388 5691 547 5748 μενος
595 5674 690 5731 τοῦ
736 5676 908 5746 Λόγου
960 5677 1057 5733 καὶ
1095 5678 1192 5750 τῆς
1222 5681 1495 5753 σημασίας
1531 5680 1625 5736 τοῦ
1664 5683 1810 5743 ὅλου.
1852 5684 1950 5754 τῆς

2046 4496 2193 4551 Deus
2220 4495 2461 4550 Verbum
2488 4535 2502 4560 ,
2552 4496 2824 4565 siquidem
2863 4513 3031 4552 verus
3056 4498 3202 4552 Deus
3243 4499 3394 4552 nullo
3434 4499 3614 4555 minor

2048 4588 2157 4643 dici
2204 4598 2404 4657 queat;
2456 4603 2581 4643 cum
2615 4589 2770 4643 nullo
2808 4589 2955 4643 enim
3003 4590 3207 4659 azquari
3249 4592 3612 4660 componique

2049 4679 2161 4733 ullo
2182 4678 2345 4733 modo
2372 4687 2554 4748 potest
2574 4680 2740 4735 Deus.
2764 4679 2873 4734 Aut
2897 4680 3064 4750 igitur
3095 4688 3283 4749 aperte
3308 4681 3612 4737 confitean-

2047 4778 2140 4826 tur
2182 4787 2242 4826 se
2272 4772 2550 4826 adversari
2585 4772 2673 4828 his
2716 4772 2812 4842 qui
2846 4787 3036 4827 verum
3066 4772 3237 4827 Deum
3272 4772 3460 4827 sciunt
3489 4788 3610 4829 esse

2051 4854 2223 4909 Deum
2256 4853 2512 4922 Verbum,
2545 4867 2634 4911 aut
2661 4859 2772 4929 jam
2832 4861 3085 4916 desinant
3139 4863 3298 4919 nobis
3355 4864 3617 4923 inducere

2051 4946 2410 5002 substantiam
2478 4962 2544 5003 ex
2609 4950 2716 5006 Deo
2770 4952 2950 5008 Verbo
2997 4969 3172 5024 exque
3220 4970 3389 5012 carne
3429 4969 3613 5014 nostra

2052 5040 2311 5093 animata.
2348 5039 2621 5107 Principia
2662 5053 2840 5098 vestra
2875 5047 3147 5114 generalia
3195 5058 3358 5119 atque
3404 5067 3470 5106 ex
3505 5052 3614 5107 ilEis

2057 5133 2427 5200 probationes,
2472 5134 2706 5190 absurda
2761 5152 2903 5192 nunc
2934 5140 3086 5194 vobis
3116 5154 3244 5195 vere
3275 5143 3619 5199 demonstra-

2053 5223 2303 5290 buntur;
2334 5241 2365 5280 e
2413 5226 2612 5295 quibus
2660 5229 2806 5284 enim
2837 5246 2932 5286 vos
2980 5233 3160 5289 valere
3197 5235 3491 5301 conﬁditis,
3549 5252 3614 5289 cx

2053 5315 2158 5369 illis
2207 5316 2534 5374 inﬁrmiores
2569 5336 2664 5376 vos
2720 5337 2983 5379 evasuros
3037 5327 3427 5394 [rt-edicimus;
3468 5330 3613 5396 quod

2055 5412 2204 5467 enim
2240 5412 2401 5470 decet
2431 5416 2568 5475 illud
2603 5419 2672 5474 de
2700 5437 2811 5491 quo
2844 5438 3026 5478 sermo
3055 5430 3140 5480 est
3179 5425 3479 5496 ignoratis;
3518 5440 3617 5480 na-

2056 5511 2178 5557 tura
2202 5503 2350 5571 illius
2368 5521 2479 5561 non
2500 5509 2869 5567 considerata.
2888 5514 3135 5584 Namque
3157 5530 3223 5570 co
3243 5514 3388 5584 quod
3407 5522 3615 5583 partem

2055 5607 2157 5649 suo
2184 5602 2299 5649 toto
2343 5596 2613 5654 minorem
2656 5616 2776 5657 esse
2803 5612 3040 5668 constat,
3063 5619 3171 5658 non
3205 5604 3328 5659 ideo
3355 5604 3521 5667 Deus,
3560 5620 3620 5661 ut

2033 5701 2183 5757 pars
2210 5686 2373 5743 Verbi
2420 5691 2735 5760 speculatus
2781 5694 3056 5766 totiusque
3089 5695 3264 5766 signi,
3316 5696 3383 5751 ad
3439 5697 3606 5767 ipsum
