  <div class='ocr_page' id='page_1' title='image "/cluster/home/n/w/nwhite01/storage/ocr_20150623/86 pt.1/mdp.39015028803867/727.png"; bbox 0 0 3932 6152; ppageno 0'>
   <div class='ocr_carea' id='block_1_1' title="bbox 356 206 510 272">
    <p class='ocr_par' dir='ltr' id='par_1_1' title="bbox 356 206 510 272">
     <span class='ocr_line' id='line_1_1' title="bbox 356 206 510 272; baseline 0 0"><span class='ocrx_word' id='word_1_1' title='bbox 356 206 510 272; x_wconf 65' lang='grc' dir='ltr'><strong>ΠΒΕΓ</strong></span> 
     </span>
    </p>
   </div>
   <div class='ocr_carea' id='block_1_2' title="bbox 1592 216 2350 284">
    <p class='ocr_par' dir='ltr' id='par_1_2' title="bbox 1592 216 2350 284">
     <span class='ocr_line' id='line_1_2' title="bbox 1592 216 2350 284; baseline 0.005 -4"><span class='ocrx_word' id='word_1_2' title='bbox 1592 219 1904 281; x_wconf 83' lang='lat' dir='ltr'><strong>LEONTII</strong></span> <span class='ocrx_word' id='word_1_3' title='bbox 1943 216 2350 284; x_wconf 77' lang='grc' dir='ltr'><strong>ΒΥΖΑΝΤΙΝῘ</strong></span> 
     </span>
    </p>
   </div>
   <div class='ocr_carea' id='block_1_3' title="bbox 3483 235 3634 299">
    <p class='ocr_par' dir='ltr' id='par_1_3' title="bbox 3483 235 3634 299">
     <span class='ocr_line' id='line_1_3' title="bbox 3483 235 3634 299; baseline 0.007 -1"><span class='ocrx_word' id='word_1_4' title='bbox 3483 235 3634 299; x_wconf 58' lang='grc'><strong>1440</strong></span> 
     </span>
    </p>
   </div>
   <div class='ocr_carea' id='block_1_4' title="bbox 349 319 1921 418">
    <p class='ocr_par' dir='ltr' id='par_1_4' title="bbox 349 319 1921 400">
     <span class='ocr_line' id='line_1_4' title="bbox 349 319 1921 400; baseline 0.005 -22"><span class='ocrx_word' id='word_1_5' title='bbox 349 321 591 381; x_wconf 72' lang='lat' dir='ltr'><strong>unionis.</strong></span> <span class='ocrx_word' id='word_1_6' title='bbox 615 319 801 380; x_wconf 88' lang='lat' dir='ltr'><strong>minor</strong></span> <span class='ocrx_word' id='word_1_7' title='bbox 851 335 984 396; x_wconf 88' lang='lat' dir='ltr'><strong>toto,</strong></span> <span class='ocrx_word' id='word_1_8' title='bbox 1019 325 1100 386; x_wconf 81' lang='lat' dir='ltr'><strong>sic</strong></span> <span class='ocrx_word' id='word_1_9' title='bbox 1127 325 1297 395; x_wconf 86' lang='lat' dir='ltr'><strong>dicto,</strong></span> <span class='ocrx_word' id='word_1_10' title='bbox 1327 329 1394 384; x_wconf 84' lang='lat' dir='ltr'><strong>ad</strong></span> <span class='ocrx_word' id='word_1_11' title='bbox 1429 330 1606 400; x_wconf 85' lang='lat' dir='ltr'><strong>ipsum</strong></span> <span class='ocrx_word' id='word_1_12' title='bbox 1637 333 1794 386; x_wconf 91' lang='lat' dir='ltr'><strong>unito</strong></span> <span class='ocrx_word' id='word_1_13' title='bbox 1827 331 1921 386; x_wconf 86' lang='lat' dir='ltr'><strong>ha-</strong></span> 
     </span>
    </p>
   </div>
   <div class='ocr_carea' id='block_1_5' title="bbox 2027 319 3627 418">
    <p class='ocr_par' dir='ltr' id='par_1_5' title="bbox 2034 332 3627 418">
     <span class='ocr_line' id='line_1_5' title="bbox 2034 332 3627 418; baseline 0.011 -35"><span class='ocrx_word' id='word_1_14' title='bbox 2034 332 2154 384; x_wconf 75' lang='grc' dir='ltr'>κατ’</span> <span class='ocrx_word' id='word_1_15' title='bbox 2184 333 2350 387; x_wconf 68' lang='grc' dir='ltr'>αὐτὸν</span> <span class='ocrx_word' id='word_1_16' title='bbox 2386 335 2706 404; x_wconf 60' lang='grc' dir='ltr'>συνθέσεωι,</span> <span class='ocrx_word' id='word_1_17' title='bbox 2732 341 2973 418; x_wconf 76' lang='grc' dir='ltr'>ἐλάττων</span> <span class='ocrx_word' id='word_1_18' title='bbox 2997 341 3092 398; x_wconf 81' lang='grc' dir='ltr'><strong>τοῦ</strong></span> <span class='ocrx_word' id='word_1_19' title='bbox 3130 342 3203 408; x_wconf 80' lang='grc' dir='ltr'>ὡς</span> <span class='ocrx_word' id='word_1_20' title='bbox 3234 345 3627 418; x_wconf 64' lang='grc' dir='ltr'>ὅλοινλεγομέ-</span> 
     </span>
    </p>
   </div>
   <div class='ocr_carea' id='block_1_6' title="bbox 343 414 1930 478">
    <p class='ocr_par' dir='ltr' id='par_1_6' title="bbox 343 414 1930 478">
     <span class='ocr_line' id='line_1_6' title="bbox 343 414 1930 478; baseline 0.004 -6"><span class='ocrx_word' id='word_1_21' title='bbox 343 414 590 472; x_wconf 79' lang='lat' dir='ltr'><strong>bebitur.</strong></span> <span class='ocrx_word' id='word_1_22' title='bbox 615 417 964 476; x_wconf 80' lang='lat' dir='ltr'><strong>Contrarium</strong></span> <span class='ocrx_word' id='word_1_23' title='bbox 990 431 1174 477; x_wconf 87' lang='lat' dir='ltr'><strong>autem</strong></span> <span class='ocrx_word' id='word_1_24' title='bbox 1202 431 1287 478; x_wconf 88' lang='lat' dir='ltr'><strong>est</strong></span> <span class='ocrx_word' id='word_1_25' title='bbox 1311 421 1380 475; x_wconf 90' lang='lat' dir='ltr'><strong>de</strong></span> <span class='ocrx_word' id='word_1_26' title='bbox 1410 422 1672 478; x_wconf 86' lang='lat' dir='ltr'><strong>omnibus</strong></span> <span class='ocrx_word' id='word_1_27' title='bbox 1705 424 1930 478; x_wconf 89' lang='lat' dir='ltr'><strong>cutibus</strong></span> 
     </span>
    </p>
   </div>
   <div class='ocr_carea' id='block_1_7' title="bbox 343 509 1930 588">
    <p class='ocr_par' dir='ltr' id='par_1_7' title="bbox 343 509 1930 588">
     <span class='ocr_line' id='line_1_7' title="bbox 343 509 1930 588; baseline 0.006 -26"><span class='ocrx_word' id='word_1_28' title='bbox 343 509 560 564; x_wconf 63' lang='lat' dir='ltr'><strong>caeteris</strong></span> <span class='ocrx_word' id='word_1_29' title='bbox 579 526 722 580; x_wconf 69' lang='lat' dir='ltr'><strong>quae,</strong></span> <span class='ocrx_word' id='word_1_30' title='bbox 745 527 871 566; x_wconf 92' lang='lat' dir='ltr'><strong>cum</strong></span> <span class='ocrx_word' id='word_1_31' title='bbox 903 514 1013 568; x_wconf 89' lang='lat' dir='ltr'><strong>sint</strong></span> <span class='ocrx_word' id='word_1_32' title='bbox 1037 514 1122 568; x_wconf 90' lang='lat' dir='ltr'><strong>sui</strong></span> <span class='ocrx_word' id='word_1_33' title='bbox 1145 516 1313 572; x_wconf 90' lang='lat' dir='ltr'><strong>totius</strong></span> <span class='ocrx_word' id='word_1_34' title='bbox 1337 527 1542 588; x_wconf 85' lang='lat' dir='ltr'><strong>partes,</strong></span> <span class='ocrx_word' id='word_1_35' title='bbox 1570 517 1689 586; x_wconf 90' lang='lat' dir='ltr'><strong>ipso</strong></span> <span class='ocrx_word' id='word_1_36' title='bbox 1713 517 1930 571; x_wconf 90' lang='lat' dir='ltr'><strong>minora</strong></span> 
     </span>
    </p>
   </div>
   <div class='ocr_carea' id='block_1_8' title="bbox 345 599 1928 672">
    <p class='ocr_par' dir='ltr' id='par_1_8' title="bbox 345 599 1928 672">
     <span class='ocr_line' id='line_1_8' title="bbox 345 599 1928 672; baseline 0.006 -19"><span class='ocrx_word' id='word_1_37' title='bbox 345 599 622 655; x_wconf 85' lang='lat' dir='ltr'><strong>videntur.</strong></span> <span class='ocrx_word' id='word_1_38' title='bbox 653 603 798 658; x_wconf 86' lang='lat' dir='ltr'><strong>Deus</strong></span> <span class='ocrx_word' id='word_1_39' title='bbox 833 619 964 659; x_wconf 90' lang='lat' dir='ltr'><strong>vero</strong></span> <span class='ocrx_word' id='word_1_40' title='bbox 996 619 1104 660; x_wconf 91' lang='lat' dir='ltr'><strong>non</strong></span> <span class='ocrx_word' id='word_1_41' title='bbox 1140 619 1224 663; x_wconf 87' lang='lat' dir='ltr'><strong>est</strong></span> <span class='ocrx_word' id='word_1_42' title='bbox 1261 625 1403 664; x_wconf 90' lang='lat' dir='ltr'><strong>unus</strong></span> <span class='ocrx_word' id='word_1_43' title='bbox 1431 609 1701 672; x_wconf 89' lang='lat' dir='ltr'><strong>omnium,</strong></span> <span class='ocrx_word' id='word_1_44' title='bbox 1740 609 1834 663; x_wconf 91' lang='lat' dir='ltr'><strong>sed</strong></span> <span class='ocrx_word' id='word_1_45' title='bbox 1873 609 1928 662; x_wconf 89' lang='lat' dir='ltr'><strong>in</strong></span> 
     </span>
    </p>
   </div>
   <div class='ocr_carea' id='block_1_9' title="bbox 343 679 1930 766">
    <p class='ocr_par' dir='ltr' id='par_1_9' title="bbox 343 679 1930 766">
     <span class='ocr_line' id='line_1_9' title="bbox 343 679 1930 766; baseline 0.006 -21"><span class='ocrx_word' id='word_1_46' title='bbox 343 693 605 748; x_wconf 86' lang='lat' dir='ltr'><strong>omnibus</strong></span> <span class='ocrx_word' id='word_1_47' title='bbox 633 702 689 748; x_wconf 89' lang='lat' dir='ltr'><strong>et</strong></span> <span class='ocrx_word' id='word_1_48' title='bbox 721 679 889 766; x_wconf 76' lang='lat' dir='ltr'><strong>super</strong></span> <span class='ocrx_word' id='word_1_49' title='bbox 928 698 1112 753; x_wconf 86' lang='lat' dir='ltr'><strong>omnia</strong></span> <span class='ocrx_word' id='word_1_50' title='bbox 1146 699 1458 756; x_wconf 86' lang='lat' dir='ltr'><strong>eminenter</strong></span> <span class='ocrx_word' id='word_1_51' title='bbox 1486 716 1544 756; x_wconf 91' lang='lat' dir='ltr'><strong>se</strong></span> <span class='ocrx_word' id='word_1_52' title='bbox 1569 701 1758 756; x_wconf 89' lang='lat' dir='ltr'><strong>habet.</strong></span> <span class='ocrx_word' id='word_1_53' title='bbox 1785 701 1930 755; x_wconf 86' lang='lat' dir='ltr'><strong>Con-</strong></span> 
     </span>
    </p>
   </div>
   <div class='ocr_carea' id='block_1_10' title="bbox 357 781 1947 851">
    <p class='ocr_par' dir='ltr' id='par_1_10' title="bbox 357 781 1947 851">
     <span class='ocr_line' id='line_1_10' title="bbox 357 781 1947 851; baseline 0.011 -21"><span class='ocrx_word' id='word_1_54' title='bbox 357 789 651 846; x_wconf 77' lang='lat' dir='ltr'><strong>sequenter</strong></span> <span class='ocrx_word' id='word_1_55' title='bbox 709 794 811 831; x_wconf 85' lang='lat' dir='ltr'><strong>nou</strong></span> <span class='ocrx_word' id='word_1_56' title='bbox 864 781 1050 834; x_wconf 84' lang='lat' dir='ltr'><strong>eodem</strong></span> <span class='ocrx_word' id='word_1_57' title='bbox 1104 783 1267 836; x_wconf 86' lang='lat' dir='ltr'><strong>modo</strong></span> <span class='ocrx_word' id='word_1_58' title='bbox 1318 799 1424 851; x_wconf 89' lang='lat' dir='ltr'><strong>quo</strong></span> <span class='ocrx_word' id='word_1_59' title='bbox 1489 791 1670 842; x_wconf 83' lang='lat' dir='ltr'><strong>omnia</strong></span> <span class='ocrx_word' id='word_1_60' title='bbox 1732 799 1947 849; x_wconf 44' lang='lat' dir='ltr'><strong>caetera!</strong></span> 
     </span>
    </p>
   </div>
   <div class='ocr_carea' id='block_1_11' title="bbox 361 871 1928 953">
    <p class='ocr_par' dir='ltr' id='par_1_11' title="bbox 361 871 1928 953">
     <span class='ocr_line' id='line_1_11' title="bbox 361 871 1928 953; baseline 0.013 -31"><span class='ocrx_word' id='word_1_61' title='bbox 361 877 545 934; x_wconf 80' lang='lat' dir='ltr'><strong>posset</strong></span> <span class='ocrx_word' id='word_1_62' title='bbox 573 871 740 935; x_wconf 87' lang='lat' dir='ltr'><strong>uniri,</strong></span> <span class='ocrx_word' id='word_1_63' title='bbox 772 871 854 924; x_wconf 86' lang='lat' dir='ltr'><strong>vel</strong></span> <span class='ocrx_word' id='word_1_64' title='bbox 891 882 950 926; x_wconf 92' lang='lat' dir='ltr'><strong>ut</strong></span> <span class='ocrx_word' id='word_1_65' title='bbox 981 889 1106 944; x_wconf 84' lang='lat' dir='ltr'><strong>pars</strong></span> <span class='ocrx_word' id='word_1_66' title='bbox 1159 873 1392 945; x_wconf 83' lang='lat' dir='ltr'><strong>alicujus</strong></span> <span class='ocrx_word' id='word_1_67' title='bbox 1425 879 1595 936; x_wconf 82' lang='lat' dir='ltr'><strong>tutius</strong></span> <span class='ocrx_word' id='word_1_68' title='bbox 1651 886 1928 953; x_wconf 73' lang='lat' dir='ltr'><strong>reputabi-</strong></span> 
     </span>
    </p>
   </div>
   <div class='ocr_carea' id='block_1_12' title="bbox 283 959 470 1013">
    <p class='ocr_par' dir='ltr' id='par_1_12' title="bbox 283 959 470 1013">
     <span class='ocr_line' id='line_1_12' title="bbox 283 959 470 1013; baseline 0.016 -3"><span class='ocrx_word' id='word_1_69' title='bbox 283 959 307 972; x_wconf 79' lang='grc'><em>“</em></span> <span class='ocrx_word' id='word_1_70' title='bbox 367 971 470 1013; x_wconf 67' lang='grc' dir='ltr'><strong>ΑΠ’.</strong></span> 
     </span>
    </p>
   </div>
   <div class='ocr_carea' id='block_1_13' title="bbox 411 1046 1926 1125">
    <p class='ocr_par' dir='ltr' id='par_1_13' title="bbox 411 1046 1926 1125">
     <span class='ocr_line' id='line_1_13' title="bbox 411 1046 1926 1125; baseline 0.005 -22"><span class='ocrx_word' id='word_1_71' title='bbox 411 1046 890 1106; x_wconf 86' lang='lat' dir='ltr'><strong>Considerandum</strong></span> <span class='ocrx_word' id='word_1_72' title='bbox 915 1060 1002 1108; x_wconf 90' lang='lat' dir='ltr'><strong>est</strong></span> <span class='ocrx_word' id='word_1_73' title='bbox 1028 1050 1178 1108; x_wconf 89' lang='lat' dir='ltr'><strong>enim</strong></span> <span class='ocrx_word' id='word_1_74' title='bbox 1209 1053 1388 1120; x_wconf 87' lang='lat' dir='ltr'><strong>vobis,</strong></span> <span class='ocrx_word' id='word_1_75' title='bbox 1421 1069 1623 1110; x_wconf 86' lang='lat' dir='ltr'><strong>omnes</strong></span> <span class='ocrx_word' id='word_1_76' title='bbox 1639 1049 1926 1125; x_wconf 76' lang='lat' dir='ltr'><strong>generales</strong></span> 
     </span>
    </p>
   </div>
   <div class='ocr_carea' id='block_1_14' title="bbox 341 1125 1927 1215">
    <p class='ocr_par' dir='ltr' id='par_1_14' title="bbox 341 1125 1927 1215">
     <span class='ocr_line' id='line_1_14' title="bbox 341 1125 1927 1215; baseline 0.006 -24"><span class='ocrx_word' id='word_1_77' title='bbox 341 1140 785 1210; x_wconf 76' lang='lat' dir='ltr'><strong>propositionum</strong></span> <span class='ocrx_word' id='word_1_78' title='bbox 823 1143 1232 1200; x_wconf 88' lang='lat' dir='ltr'><strong>declarationes</strong></span> <span class='ocrx_word' id='word_1_79' title='bbox 1264 1154 1395 1200; x_wconf 92' lang='lat' dir='ltr'><strong>tunc</strong></span> <span class='ocrx_word' id='word_1_80' title='bbox 1419 1125 1777 1215; x_wconf 67' lang='lat' dir='ltr'><strong>exponendas</strong></span> <span class='ocrx_word' id='word_1_81' title='bbox 1803 1161 1927 1201; x_wconf 87' lang='lat' dir='ltr'><strong>esse</strong></span> 
     </span>
    </p>
   </div>
   <div class='ocr_carea' id='block_1_15' title="bbox 340 1232 1926 1308">
    <p class='ocr_par' dir='ltr' id='par_1_15' title="bbox 340 1232 1926 1308">
     <span class='ocr_line' id='line_1_15' title="bbox 340 1232 1926 1308; baseline 0.004 -22"><span class='ocrx_word' id='word_1_82' title='bbox 340 1247 467 1286; x_wconf 90' lang='lat' dir='ltr'><strong>cum</strong></span> <span class='ocrx_word' id='word_1_83' title='bbox 503 1232 736 1303; x_wconf 83' lang='lat' dir='ltr'><strong>alicujus</strong></span> <span class='ocrx_word' id='word_1_84' title='bbox 764 1235 1012 1305; x_wconf 86' lang='lat' dir='ltr'><strong>ejusdem</strong></span> <span class='ocrx_word' id='word_1_85' title='bbox 1056 1238 1275 1307; x_wconf 80' lang='lat' dir='ltr'><strong>generis</strong></span> <span class='ocrx_word' id='word_1_86' title='bbox 1318 1236 1676 1308; x_wconf 80' lang='lat' dir='ltr'><strong>ejusdemque</strong></span> <span class='ocrx_word' id='word_1_87' title='bbox 1721 1237 1926 1306; x_wconf 88' lang='lat' dir='ltr'><strong>speciei</strong></span> 
     </span>
    </p>
   </div>
   <div class='ocr_carea' id='block_1_16' title="bbox 338 1327 1923 1398">
    <p class='ocr_par' dir='ltr' id='par_1_16' title="bbox 338 1327 1923 1398">
     <span class='ocr_line' id='line_1_16' title="bbox 338 1327 1923 1398; baseline 0.003 -19"><span class='ocrx_word' id='word_1_88' title='bbox 338 1340 533 1379; x_wconf 85' lang='lat' dir='ltr'><strong>eorum</strong></span> <span class='ocrx_word' id='word_1_89' title='bbox 565 1341 687 1396; x_wconf 68' lang='lat' dir='ltr'><strong>quae</strong></span> <span class='ocrx_word' id='word_1_90' title='bbox 728 1327 1147 1384; x_wconf 86' lang='lat' dir='ltr'><strong>determinanda</strong></span> <span class='ocrx_word' id='word_1_91' title='bbox 1181 1337 1309 1384; x_wconf 90' lang='lat' dir='ltr'><strong>sunt</strong></span> <span class='ocrx_word' id='word_1_92' title='bbox 1341 1327 1548 1382; x_wconf 89' lang='lat' dir='ltr'><strong>veritas</strong></span> <span class='ocrx_word' id='word_1_93' title='bbox 1590 1329 1923 1398; x_wconf 78' lang='lat' dir='ltr'><strong>exquiritur.</strong></span> 
     </span>
    </p>
   </div>
   <div class='ocr_carea' id='block_1_17' title="bbox 340 1411 1926 1491">
    <p class='ocr_par' dir='ltr' id='par_1_17' title="bbox 340 1411 1926 1491">
     <span class='ocr_line' id='line_1_17' title="bbox 340 1411 1926 1491; baseline 0.004 -22"><span class='ocrx_word' id='word_1_94' title='bbox 340 1411 588 1486; x_wconf 79' lang='lat' dir='ltr'><strong>Namque</strong></span> <span class='ocrx_word' id='word_1_95' title='bbox 640 1418 708 1472; x_wconf 93' lang='lat' dir='ltr'><strong>ad</strong></span> <span class='ocrx_word' id='word_1_96' title='bbox 751 1419 1206 1476; x_wconf 87' lang='lat' dir='ltr'><strong>manil‘cstandam</strong></span> <span class='ocrx_word' id='word_1_97' title='bbox 1257 1428 1513 1475; x_wconf 91' lang='lat' dir='ltr'><strong>naturam</strong></span> <span class='ocrx_word' id='word_1_98' title='bbox 1564 1435 1759 1475; x_wconf 90' lang='lat' dir='ltr'><strong>eorum</strong></span> <span class='ocrx_word' id='word_1_99' title='bbox 1804 1437 1926 1491; x_wconf 69' lang='lat' dir='ltr'><strong>qua:</strong></span> 
     </span>
    </p>
   </div>
   <div class='ocr_carea' id='block_1_18' title="bbox 340 1509 1928 1585">
    <p class='ocr_par' dir='ltr' id='par_1_18' title="bbox 340 1509 1928 1585">
     <span class='ocr_line' id='line_1_18' title="bbox 340 1509 1928 1585; baseline 0.004 -23"><span class='ocrx_word' id='word_1_100' title='bbox 340 1509 572 1564; x_wconf 88' lang='lat' dir='ltr'><strong>alterius</strong></span> <span class='ocrx_word' id='word_1_101' title='bbox 595 1521 724 1566; x_wconf 88' lang='lat' dir='ltr'><strong>sunt</strong></span> <span class='ocrx_word' id='word_1_102' title='bbox 751 1513 953 1582; x_wconf 89' lang='lat' dir='ltr'><strong>speciei</strong></span> <span class='ocrx_word' id='word_1_103' title='bbox 994 1513 1082 1568; x_wconf 87' lang='lat' dir='ltr'><strong>vel</strong></span> <span class='ocrx_word' id='word_1_104' title='bbox 1129 1514 1363 1570; x_wconf 81' lang='lat' dir='ltr'><strong>alterius</strong></span> <span class='ocrx_word' id='word_1_105' title='bbox 1391 1514 1610 1585; x_wconf 77' lang='lat' dir='ltr'><strong>generis</strong></span> <span class='ocrx_word' id='word_1_106' title='bbox 1659 1514 1800 1568; x_wconf 84' lang='lat' dir='ltr'><strong>nihil</strong></span> <span class='ocrx_word' id='word_1_107' title='bbox 1840 1513 1928 1568; x_wconf 89' lang='lat' dir='ltr'><strong>in-</strong></span> 
     </span>
    </p>
   </div>
   <div class='ocr_carea' id='block_1_19' title="bbox 339 1597 1925 1671">
    <p class='ocr_par' dir='ltr' id='par_1_19' title="bbox 339 1597 1925 1671">
     <span class='ocr_line' id='line_1_19' title="bbox 339 1597 1925 1671; baseline 0.001 -20"><span class='ocrx_word' id='word_1_108' title='bbox 339 1597 612 1654; x_wconf 82' lang='lat' dir='ltr'><strong>servirent</strong></span> <span class='ocrx_word' id='word_1_109' title='bbox 639 1615 739 1656; x_wconf 92' lang='lat' dir='ltr'><strong>nec</strong></span> <span class='ocrx_word' id='word_1_110' title='bbox 769 1601 1056 1671; x_wconf 76' lang='lat' dir='ltr'><strong>generales</strong></span> <span class='ocrx_word' id='word_1_111' title='bbox 1083 1600 1481 1671; x_wconf 77' lang='lat' dir='ltr'><strong>expositiones,</strong></span> <span class='ocrx_word' id='word_1_112' title='bbox 1514 1600 1621 1655; x_wconf 90' lang='lat' dir='ltr'><strong>nisi</strong></span> <span class='ocrx_word' id='word_1_113' title='bbox 1665 1607 1925 1670; x_wconf 81' lang='lat' dir='ltr'><strong>tanquam</strong></span> 
     </span>
    </p>
   </div>
   <div class='ocr_carea' id='block_1_20' title="bbox 2037 417 3628 506">
    <p class='ocr_par' dir='ltr' id='par_1_20' title="bbox 2037 417 3628 506">
     <span class='ocr_line' id='line_1_20' title="bbox 2037 417 3628 506; baseline 0.012 -31"><span class='ocrx_word' id='word_1_114' title='bbox 2037 440 2128 475; x_wconf 81' lang='grc' dir='ltr'><strong>νου</strong></span> <span class='ocrx_word' id='word_1_115' title='bbox 2167 425 2290 478; x_wconf 79' lang='grc' dir='ltr'>κατ’</span> <span class='ocrx_word' id='word_1_116' title='bbox 2335 425 2499 480; x_wconf 80' lang='grc' dir='ltr'>αὑτὸν</span> <span class='ocrx_word' id='word_1_117' title='bbox 2551 429 2813 503; x_wconf 64' lang='grc' dir='ltr'>συνθέτου</span> <span class='ocrx_word' id='word_1_118' title='bbox 2849 417 3267 506; x_wconf 79' lang='grc' dir='ltr'>νομισθήσεται.</span> <span class='ocrx_word' id='word_1_119' title='bbox 3297 417 3628 494; x_wconf 87' lang='grc' dir='ltr'>Τουναντίον</span> 
     </span>
    </p>
   </div>
   <div class='ocr_carea' id='block_1_21' title="bbox 2035 513 3625 585">
    <p class='ocr_par' dir='ltr' id='par_1_21' title="bbox 2035 513 3625 585">
     <span class='ocr_line' id='line_1_21' title="bbox 2035 513 3625 585; baseline 0.013 -20"><span class='ocrx_word' id='word_1_120' title='bbox 2035 513 2138 582; x_wconf 83' lang='grc' dir='ltr'>μὲν</span> <span class='ocrx_word' id='word_1_121' title='bbox 2182 513 2278 569; x_wconf 84' lang='grc' dir='ltr'><strong>οῦν</strong></span> <span class='ocrx_word' id='word_1_122' title='bbox 2301 555 2316 580; x_wconf 88' lang='grc'><strong>,</strong></span> <span class='ocrx_word' id='word_1_123' title='bbox 2352 517 2475 570; x_wconf 75' lang='grc' dir='ltr'>ἐπεὶ</span> <span class='ocrx_word' id='word_1_124' title='bbox 2514 519 2695 573; x_wconf 88' lang='grc' dir='ltr'>πάντα</span> <span class='ocrx_word' id='word_1_125' title='bbox 2737 521 2804 575; x_wconf 72' lang='grc' dir='ltr'><strong>τὰ</strong></span> <span class='ocrx_word' id='word_1_126' title='bbox 2857 523 2995 578; x_wconf 82' lang='grc' dir='ltr'>ἄλλα</span> <span class='ocrx_word' id='word_1_127' title='bbox 3028 526 3137 579; x_wconf 90' lang='grc' dir='ltr'><strong>τῶν</strong></span> <span class='ocrx_word' id='word_1_128' title='bbox 3171 527 3344 582; x_wconf 78' lang='grc' dir='ltr'>ὅντων</span> <span class='ocrx_word' id='word_1_129' title='bbox 3375 529 3625 585; x_wconf 81' lang='grc' dir='ltr'>συντιθέ-</span> 
     </span>
    </p>
   </div>
   <div class='ocr_carea' id='block_1_22' title="bbox 2035 608 3626 680">
    <p class='ocr_par' dir='ltr' id='par_1_22' title="bbox 2035 608 3626 680">
     <span class='ocr_line' id='line_1_22' title="bbox 2035 608 3626 680; baseline 0.012 -24"><span class='ocrx_word' id='word_1_130' title='bbox 2035 622 2176 675; x_wconf 81' lang='grc' dir='ltr'>μενα</span> <span class='ocrx_word' id='word_1_131' title='bbox 2217 608 2294 670; x_wconf 83' lang='grc' dir='ltr'>ὡς</span> <span class='ocrx_word' id='word_1_132' title='bbox 2327 609 2472 680; x_wconf 83' lang='grc' dir='ltr'>μέρη</span> <span class='ocrx_word' id='word_1_133' title='bbox 2503 627 2561 663; x_wconf 85' lang='grc' dir='ltr'><strong>τε</strong></span> <span class='ocrx_word' id='word_1_134' title='bbox 2591 611 2691 664; x_wconf 75' lang='grc' dir='ltr'><strong>καὶ</strong></span> <span class='ocrx_word' id='word_1_135' title='bbox 2723 611 2990 668; x_wconf 81' lang='grc' dir='ltr'>ἐλάττονα</span> <span class='ocrx_word' id='word_1_136' title='bbox 3027 615 3124 670; x_wconf 89' lang='grc' dir='ltr'><strong>τοῦ</strong></span> <span class='ocrx_word' id='word_1_137' title='bbox 3149 619 3353 672; x_wconf 72' lang='grc' dir='ltr'>οἰκείου</span> <span class='ocrx_word' id='word_1_138' title='bbox 3381 620 3506 673; x_wconf 85' lang='grc' dir='ltr'><strong>ὅλου</strong></span> <span class='ocrx_word' id='word_1_139' title='bbox 3531 638 3626 674; x_wconf 80' lang='grc' dir='ltr'>τεο</span> 
     </span>
    </p>
   </div>
   <div class='ocr_carea' id='block_1_23' title="bbox 2032 693 3624 782">
    <p class='ocr_par' dir='ltr' id='par_1_23' title="bbox 2032 693 3624 782">
     <span class='ocr_line' id='line_1_23' title="bbox 2032 693 3624 782; baseline 0.013 -36"><span class='ocrx_word' id='word_1_140' title='bbox 2032 693 2310 766; x_wconf 83' lang='grc' dir='ltr'>θεώρηται</span> <span class='ocrx_word' id='word_1_141' title='bbox 2331 713 2347 730; x_wconf 74' lang='grc' dir='ltr'><strong>ο</strong></span> <span class='ocrx_word' id='word_1_142' title='bbox 2376 697 2511 763; x_wconf 84' lang='grc' dir='ltr'><strong>Θεὸς</strong></span> <span class='ocrx_word' id='word_1_143' title='bbox 2549 699 2605 754; x_wconf 85' lang='grc' dir='ltr'>δὲ</span> <span class='ocrx_word' id='word_1_144' title='bbox 2633 702 2732 772; x_wconf 82' lang='grc' dir='ltr'><strong>οὐχ</strong></span> <span class='ocrx_word' id='word_1_145' title='bbox 2763 697 2844 768; x_wconf 72' lang='grc' dir='ltr'>εἷς</span> <span class='ocrx_word' id='word_1_146' title='bbox 2885 705 2996 760; x_wconf 85' lang='grc' dir='ltr'><strong>τῶν</strong></span> <span class='ocrx_word' id='word_1_147' title='bbox 3032 707 3254 762; x_wconf 87' lang='grc' dir='ltr'>πάντων</span> <span class='ocrx_word' id='word_1_148' title='bbox 3279 748 3296 774; x_wconf 97' lang='grc'><strong>,</strong></span> <span class='ocrx_word' id='word_1_149' title='bbox 3326 710 3624 782; x_wconf 76' lang='grc' dir='ltr'>ἁλλὰ⁶περὶ</span> 
     </span>
    </p>
   </div>
   <div class='ocr_carea' id='block_1_24' title="bbox 2031 787 3624 872">
    <p class='ocr_par' dir='ltr' id='par_1_24' title="bbox 2031 787 3624 872">
     <span class='ocr_line' id='line_1_24' title="bbox 2031 787 3624 872; baseline 0.013 -34"><span class='ocrx_word' id='word_1_150' title='bbox 2031 787 2232 854; x_wconf 86' lang='grc' dir='ltr'>πάντα,</span> <span class='ocrx_word' id='word_1_151' title='bbox 2266 791 2362 843; x_wconf 79' lang='grc' dir='ltr'>καὶ</span> <span class='ocrx_word' id='word_1_152' title='bbox 2402 791 2544 864; x_wconf 83' lang='grc' dir='ltr'>ὑπὲρ</span> <span class='ocrx_word' id='word_1_153' title='bbox 2588 795 2767 849; x_wconf 88' lang='grc' dir='ltr'>πάντα</span> <span class='ocrx_word' id='word_1_154' title='bbox 2809 796 3159 870; x_wconf 86' lang='grc' dir='ltr'>ύπεροχικῶς</span> <span class='ocrx_word' id='word_1_155' title='bbox 3185 800 3302 872; x_wconf 78' lang='grc' dir='ltr'>ἔχει</span> <span class='ocrx_word' id='word_1_156' title='bbox 3337 819 3351 833; x_wconf 78' lang='grc' dir='ltr'><strong>ο</strong></span> <span class='ocrx_word' id='word_1_157' title='bbox 3392 803 3624 858; x_wconf 73' lang='grc' dir='ltr'>ἀκολούο</span> 
     </span>
    </p>
   </div>
   <div class='ocr_carea' id='block_1_25' title="bbox 2032 879 3618 968">
    <p class='ocr_par' dir='ltr' id='par_1_25' title="bbox 2032 879 3618 968">
     <span class='ocr_line' id='line_1_25' title="bbox 2032 879 3618 968; baseline 0.013 -36"><span class='ocrx_word' id='word_1_158' title='bbox 2032 879 2141 944; x_wconf 83' lang='grc' dir='ltr'><strong>θως</strong></span> <span class='ocrx_word' id='word_1_159' title='bbox 2175 882 2295 936; x_wconf 79' lang='grc' dir='ltr'>οὐδὲ</span> <span class='ocrx_word' id='word_1_160' title='bbox 2329 886 2472 939; x_wconf 78' lang='grc' dir='ltr'>κατὰ</span> <span class='ocrx_word' id='word_1_161' title='bbox 2499 887 2676 940; x_wconf 87' lang='grc' dir='ltr'>πάντα</span> <span class='ocrx_word' id='word_1_162' title='bbox 2699 888 2769 942; x_wconf 83' lang='grc' dir='ltr'><strong>τὰ</strong></span> <span class='ocrx_word' id='word_1_163' title='bbox 2791 889 2930 944; x_wconf 74' lang='grc' dir='ltr'>ἄλλα</span> <span class='ocrx_word' id='word_1_164' title='bbox 2967 892 3062 945; x_wconf 83' lang='grc' dir='ltr'>τὸν</span> <span class='ocrx_word' id='word_1_165' title='bbox 3085 892 3245 963; x_wconf 88' lang='grc' dir='ltr'>λόγον</span> <span class='ocrx_word' id='word_1_166' title='bbox 3273 895 3388 968; x_wconf 68' lang='grc' dir='ltr'>ἔχοι</span> <span class='ocrx_word' id='word_1_167' title='bbox 3420 913 3618 951; x_wconf 85' lang='grc' dir='ltr'>συντε-</span> 
     </span>
    </p>
   </div>
   <div class='ocr_carea' id='block_1_26' title="bbox 2031 971 3330 1050">
    <p class='ocr_par' dir='ltr' id='par_1_26' title="bbox 2031 971 3330 1050">
     <span class='ocr_line' id='line_1_26' title="bbox 2031 971 3330 1050; baseline 0.012 -26"><span class='ocrx_word' id='word_1_168' title='bbox 2031 971 2144 1034; x_wconf 87' lang='grc' dir='ltr'>θείς</span> <span class='ocrx_word' id='word_1_169' title='bbox 2165 989 2179 1005; x_wconf 80' lang='grc' dir='ltr'><strong>ο</strong></span> <span class='ocrx_word' id='word_1_170' title='bbox 2215 973 2247 1042; x_wconf 81' lang='grc' dir='ltr'>ἢ</span> <span class='ocrx_word' id='word_1_171' title='bbox 2283 973 2360 1038; x_wconf 86' lang='grc' dir='ltr'>ὡς</span> <span class='ocrx_word' id='word_1_172' title='bbox 2391 975 2560 1046; x_wconf 83' lang='grc' dir='ltr'><strong>μέρος</strong></span> <span class='ocrx_word' id='word_1_173' title='bbox 2586 977 2974 1050; x_wconf 84' lang='grc' dir='ltr'><strong>λογισθήσεται</strong></span> <span class='ocrx_word' id='word_1_174' title='bbox 2997 981 3121 1036; x_wconf 83' lang='grc' dir='ltr'><strong>ὅλου</strong></span> <span class='ocrx_word' id='word_1_175' title='bbox 3161 985 3330 1047; x_wconf 81' lang='grc' dir='ltr'>τινός.</span> 
     </span>
    </p>
   </div>
   <div class='ocr_carea' id='block_1_27' title="bbox 2105 1063 3617 1138">
    <p class='ocr_par' dir='ltr' id='par_1_27' title="bbox 2105 1063 3617 1138">
     <span class='ocr_line' id='line_1_27' title="bbox 2105 1063 3617 1138; baseline 0.01 -23"><span class='ocrx_word' id='word_1_176' title='bbox 2105 1063 2264 1117; x_wconf 87' lang='grc' dir='ltr'>Ἔστι</span> <span class='ocrx_word' id='word_1_177' title='bbox 2295 1067 2402 1138; x_wconf 85' lang='grc' dir='ltr'>γὰρ</span> <span class='ocrx_word' id='word_1_178' title='bbox 2451 1067 2596 1138; x_wconf 80' lang='grc' dir='ltr'>ὑμᾶς</span> <span class='ocrx_word' id='word_1_179' title='bbox 2633 1071 3014 1138; x_wconf 75' lang='grc' dir='ltr'>ἔπισκέπτειν,</span> <span class='ocrx_word' id='word_1_180' title='bbox 3050 1073 3128 1137; x_wconf 85' lang='grc' dir='ltr'><strong>ὡς</strong></span> <span class='ocrx_word' id='word_1_181' title='bbox 3158 1077 3332 1128; x_wconf 78' lang='grc' dir='ltr'>πᾶσαι</span> <span class='ocrx_word' id='word_1_182' title='bbox 3362 1076 3420 1128; x_wconf 80' lang='lat' dir='ltr'><strong>ai</strong></span> <span class='ocrx_word' id='word_1_183' title='bbox 3475 1075 3617 1130; x_wconf 70' lang='grc' dir='ltr'>καθα</span> 
     </span>
    </p>
   </div>
   <div class='ocr_carea' id='block_1_28' title="bbox 2029 1152 3617 1234">
    <p class='ocr_par' dir='ltr' id='par_1_28' title="bbox 2029 1152 3617 1234">
     <span class='ocr_line' id='line_1_28' title="bbox 2029 1152 3617 1234; baseline 0.009 -28"><span class='ocrx_word' id='word_1_184' title='bbox 2029 1152 2166 1208; x_wconf 64' lang='grc' dir='ltr'>όλουρ</span> <span class='ocrx_word' id='word_1_185' title='bbox 2213 1154 2322 1209; x_wconf 89' lang='grc' dir='ltr'><strong>τῶν</strong></span> <span class='ocrx_word' id='word_1_186' title='bbox 2397 1159 2714 1228; x_wconf 74' lang='grc' dir='ltr'><strong>προτάσεων</strong></span> <span class='ocrx_word' id='word_1_187' title='bbox 2770 1162 3108 1231; x_wconf 81' lang='grc' dir='ltr'><strong>ἀποφάνσεις</strong></span> <span class='ocrx_word' id='word_1_188' title='bbox 3141 1166 3266 1218; x_wconf 81' lang='grc' dir='ltr'>τότε</span> <span class='ocrx_word' id='word_1_189' title='bbox 3313 1165 3498 1234; x_wconf 70' lang='grc' dir='ltr'>ἔχουσι</span> <span class='ocrx_word' id='word_1_190' title='bbox 3548 1167 3617 1220; x_wconf 83' lang='grc' dir='ltr'><strong>τὺ</strong></span> 
     </span>
    </p>
   </div>
   <div class='ocr_carea' id='block_1_29' title="bbox 2029 1245 3609 1328">
    <p class='ocr_par' dir='ltr' id='par_1_29' title="bbox 2029 1245 3609 1328">
     <span class='ocr_line' id='line_1_29' title="bbox 2029 1245 3609 1328; baseline 0.011 -31"><span class='ocrx_word' id='word_1_191' title='bbox 2029 1245 2326 1314; x_wconf 76' lang='grc' dir='ltr'>ἀναγκαῖον</span> <span class='ocrx_word' id='word_1_192' title='bbox 2355 1249 2434 1312; x_wconf 85' lang='grc' dir='ltr'><strong>είς</strong></span> <span class='ocrx_word' id='word_1_193' title='bbox 2473 1250 2773 1319; x_wconf 76' lang='grc' dir='ltr'>ἀπόδειξιν,</span> <span class='ocrx_word' id='word_1_194' title='bbox 2808 1254 2974 1325; x_wconf 74' lang='grc' dir='ltr'>ἡνίκα</span> <span class='ocrx_word' id='word_1_195' title='bbox 3003 1256 3148 1320; x_wconf 82' lang='grc' dir='ltr'>τινὸς</span> <span class='ocrx_word' id='word_1_196' title='bbox 3178 1259 3538 1325; x_wconf 85' lang='grc' dir='ltr'>ταυτογενοῦς</span> <span class='ocrx_word' id='word_1_197' title='bbox 3571 1257 3609 1328; x_wconf 76' lang='grc' dir='ltr'>ἢ</span> 
     </span>
    </p>
   </div>
   <div class='ocr_carea' id='block_1_30' title="bbox 2027 1339 3608 1420">
    <p class='ocr_par' dir='ltr' id='par_1_30' title="bbox 2027 1339 3608 1420">
     <span class='ocr_line' id='line_1_30' title="bbox 2027 1339 3608 1420; baseline 0.009 -30"><span class='ocrx_word' id='word_1_198' title='bbox 2027 1339 2372 1404; x_wconf 83' lang='grc' dir='ltr'>ταυτοειὸοῦς</span> <span class='ocrx_word' id='word_1_199' title='bbox 2395 1342 2506 1396; x_wconf 90' lang='grc' dir='ltr'><strong>τῶν</strong></span> <span class='ocrx_word' id='word_1_200' title='bbox 2549 1343 2656 1396; x_wconf 80' lang='grc' dir='ltr'>ὑπὸ</span> <span class='ocrx_word' id='word_1_201' title='bbox 2683 1345 2777 1396; x_wconf 83' lang='grc' dir='ltr'>τὸν</span> <span class='ocrx_word' id='word_1_202' title='bbox 2819 1346 3243 1418; x_wconf 72' lang='grc' dir='ltr'>προσδιορωμὸν</span> <span class='ocrx_word' id='word_1_203' title='bbox 3265 1351 3294 1403; x_wconf 90' lang='grc' dir='ltr'><strong>ὁ</strong></span> <span class='ocrx_word' id='word_1_204' title='bbox 3322 1348 3477 1418; x_wconf 76' lang='grc' dir='ltr'>λόγος</span> <span class='ocrx_word' id='word_1_205' title='bbox 3508 1348 3608 1420; x_wconf 79' lang='grc' dir='ltr'><strong>ζη-</strong></span> 
     </span>
    </p>
   </div>
   <div class='ocr_carea' id='block_1_31' title="bbox 2027 1430 3612 1512">
    <p class='ocr_par' dir='ltr' id='par_1_31' title="bbox 2027 1430 3612 1512">
     <span class='ocr_line' id='line_1_31' title="bbox 2027 1430 3612 1512; baseline 0.008 -31"><span class='ocrx_word' id='word_1_206' title='bbox 2027 1430 2222 1485; x_wconf 80' lang='grc' dir='ltr'>τεῖται.</span> <span class='ocrx_word' id='word_1_207' title='bbox 2263 1433 2358 1496; x_wconf 84' lang='lat' dir='ltr'><strong>El;</strong></span> <span class='ocrx_word' id='word_1_208' title='bbox 2398 1434 2508 1506; x_wconf 85' lang='grc' dir='ltr'><strong>γὰρ</strong></span> <span class='ocrx_word' id='word_1_209' title='bbox 2543 1435 2644 1504; x_wconf 82' lang='grc' dir='ltr'>τὴν</span> <span class='ocrx_word' id='word_1_210' title='bbox 2681 1437 2791 1490; x_wconf 88' lang='grc' dir='ltr'><strong>τῶν</strong></span> <span class='ocrx_word' id='word_1_211' title='bbox 2832 1439 3154 1509; x_wconf 75' lang='grc' dir='ltr'>ἑτεροειδῶν</span> <span class='ocrx_word' id='word_1_212' title='bbox 3191 1440 3226 1512; x_wconf 81' lang='grc' dir='ltr'>ἢ</span> <span class='ocrx_word' id='word_1_213' title='bbox 3280 1441 3612 1512; x_wconf 78' lang='grc' dir='ltr'><strong>ἑτερογενῶν</strong></span> 
     </span>
    </p>
   </div>
   <div class='ocr_carea' id='block_1_32' title="bbox 2029 1521 3612 1596">
    <p class='ocr_par' dir='ltr' id='par_1_32' title="bbox 2029 1521 3612 1596">
     <span class='ocr_line' id='line_1_32' title="bbox 2029 1521 3612 1596; baseline 0.008 -23"><span class='ocrx_word' id='word_1_214' title='bbox 2029 1521 2216 1589; x_wconf 87' lang='grc' dir='ltr'>φύσιν,</span> <span class='ocrx_word' id='word_1_215' title='bbox 2263 1523 2415 1577; x_wconf 82' lang='grc' dir='ltr'>οὐδὲν</span> <span class='ocrx_word' id='word_1_216' title='bbox 2455 1524 2572 1596; x_wconf 80' lang='grc' dir='ltr'>ἔχοι</span> <span class='ocrx_word' id='word_1_217' title='bbox 2615 1525 2691 1580; x_wconf 83' lang='grc' dir='ltr'>ἂν</span> <span class='ocrx_word' id='word_1_218' title='bbox 2710 1527 3026 1582; x_wconf 82' lang='grc' dir='ltr'>λυσιτελοῦν</span> <span class='ocrx_word' id='word_1_219' title='bbox 3056 1530 3137 1592; x_wconf 83' lang='grc' dir='ltr'><strong>είς</strong></span> <span class='ocrx_word' id='word_1_220' title='bbox 3174 1529 3452 1595; x_wconf 81' lang='grc' dir='ltr'>ἀπόδειξιν</span> <span class='ocrx_word' id='word_1_221' title='bbox 3486 1531 3612 1585; x_wconf 65' lang='grc' dir='ltr'><strong>οὐδὲ</strong></span> 
     </span>
    </p>
   </div>
   <div class='ocr_carea' id='block_1_33' title="bbox 2027 1612 3612 1694">
    <p class='ocr_par' dir='ltr' id='par_1_33' title="bbox 2027 1612 3612 1694">
     <span class='ocr_line' id='line_1_33' title="bbox 2027 1612 3612 1694; baseline 0.008 -28"><span class='ocrx_word' id='word_1_222' title='bbox 2027 1612 2098 1666; x_wconf 77' lang='grc' dir='ltr'>τὰ</span> <span class='ocrx_word' id='word_1_223' title='bbox 2125 1613 2356 1668; x_wconf 84' lang='grc' dir='ltr'><strong>καθόλου</strong></span> <span class='ocrx_word' id='word_1_224' title='bbox 2379 1617 2730 1686; x_wconf 80' lang='grc' dir='ltr'>ἀποφαντικὰ</span> <span class='ocrx_word' id='word_1_225' title='bbox 2749 1661 2762 1685; x_wconf 91' lang='grc'><strong>,</strong></span> <span class='ocrx_word' id='word_1_226' title='bbox 2791 1621 2953 1691; x_wconf 74' lang='grc' dir='ltr'>εἴπερ</span> <span class='ocrx_word' id='word_1_227' title='bbox 2991 1621 3067 1692; x_wconf 84' lang='grc' dir='ltr'>μὴ</span> <span class='ocrx_word' id='word_1_228' title='bbox 3094 1623 3612 1694; x_wconf 74' lang='grc' dir='ltr'>συμπεριλαμϐάνοι</span> 
     </span>
    </p>
   </div>
   <div class='ocr_carea' id='block_1_34' title="bbox 339 1686 1921 1784">
    <p class='ocr_par' dir='ltr' id='par_1_34' title="bbox 339 1690 1921 1764">
     <span class='ocr_line' id='line_1_34' title="bbox 339 1690 1921 1764; baseline 0.003 -20"><span class='ocrx_word' id='word_1_229' title='bbox 339 1690 546 1760; x_wconf 89' lang='lat' dir='ltr'><strong>speciei</strong></span> <span class='ocrx_word' id='word_1_230' title='bbox 567 1692 816 1762; x_wconf 87' lang='lat' dir='ltr'><strong>ejusdem</strong></span> <span class='ocrx_word' id='word_1_231' title='bbox 850 1693 1144 1764; x_wconf 66' lang='lat' dir='ltr'><strong>quaesitum</strong></span> <span class='ocrx_word' id='word_1_232' title='bbox 1169 1693 1746 1763; x_wconf 83' lang='lat' dir='ltr'><strong>comprehenderent;</strong></span> <span class='ocrx_word' id='word_1_233' title='bbox 1773 1693 1921 1764; x_wconf 89' lang='lat' dir='ltr'><strong>quod</strong></span> 
     </span>
    </p>
   </div>
   <div class='ocr_carea' id='block_1_35' title="bbox 2027 1686 3612 1784">
    <p class='ocr_par' dir='ltr' id='par_1_35' title="bbox 2027 1686 3612 1784">
     <span class='ocr_line' id='line_1_35' title="bbox 2027 1686 3612 1784; baseline 0.009 -28"><span class='ocrx_word' id='word_1_234' title='bbox 2027 1703 2101 1768; x_wconf 87' lang='grc' dir='ltr'><strong>ὡς</strong></span> <span class='ocrx_word' id='word_1_235' title='bbox 2127 1704 2372 1774; x_wconf 80' lang='grc' dir='ltr'>ὁμοειδὲς</span> <span class='ocrx_word' id='word_1_236' title='bbox 2397 1707 2458 1760; x_wconf 81' lang='grc' dir='ltr'>τὸ</span> <span class='ocrx_word' id='word_1_237' title='bbox 2489 1707 2823 1781; x_wconf 79' lang='grc' dir='ltr'>ζητούμενον</span> <span class='ocrx_word' id='word_1_238' title='bbox 2844 1727 2859 1742; x_wconf 88' lang='grc'><strong>·</strong></span> <span class='ocrx_word' id='word_1_239' title='bbox 2891 1686 3298 1766; x_wconf 28' lang='grc' dir='ltr'>καὶνδείκνυσιν</span> <span class='ocrx_word' id='word_1_240' title='bbox 3322 1713 3356 1784; x_wconf 73' lang='grc' dir='ltr'><strong>ἢ</strong></span> <span class='ocrx_word' id='word_1_241' title='bbox 3385 1686 3612 1769; x_wconf 73' lang='grc' dir='ltr'>ὑποκεί-</span> 
     </span>
    </p>
   </div>
   <div class='ocr_carea' id='block_1_36' title="bbox 339 1779 1924 1857">
    <p class='ocr_par' dir='ltr' id='par_1_36' title="bbox 339 1779 1924 1857">
     <span class='ocr_line' id='line_1_36' title="bbox 339 1779 1924 1857; baseline 0.002 -20"><span class='ocrx_word' id='word_1_242' title='bbox 339 1779 752 1839; x_wconf 76' lang='lat' dir='ltr'><strong>t&#39;unc‘ostcndit</strong></span> <span class='ocrx_word' id='word_1_243' title='bbox 787 1780 904 1840; x_wconf 81' lang='lat' dir='ltr'><strong>sive</strong></span> <span class='ocrx_word' id='word_1_244' title='bbox 939 1785 1273 1857; x_wconf 88' lang='lat' dir='ltr'><strong>subjectum,</strong></span> <span class='ocrx_word' id='word_1_245' title='bbox 1310 1785 1427 1842; x_wconf 88' lang='lat' dir='ltr'><strong>sive</strong></span> <span class='ocrx_word' id='word_1_246' title='bbox 1459 1787 1736 1842; x_wconf 78' lang='lat' dir='ltr'><strong>excedens</strong></span> <span class='ocrx_word' id='word_1_247' title='bbox 1777 1786 1924 1840; x_wconf 82' lang='lat' dir='ltr'><strong>veri-</strong></span> 
     </span>
    </p>
   </div>
   <div class='ocr_carea' id='block_1_37' title="bbox 339 1875 1922 1946">
    <p class='ocr_par' dir='ltr' id='par_1_37' title="bbox 339 1875 1922 1946">
     <span class='ocr_line' id='line_1_37' title="bbox 339 1875 1922 1946; baseline 0.003 -20"><span class='ocrx_word' id='word_1_248' title='bbox 339 1879 504 1928; x_wconf 81' lang='lat' dir='ltr'><strong>tatem</strong></span> <span class='ocrx_word' id='word_1_249' title='bbox 535 1875 980 1930; x_wconf 89' lang='lat' dir='ltr'><strong>connaturalium</strong></span> <span class='ocrx_word' id='word_1_250' title='bbox 1017 1875 1212 1946; x_wconf 88' lang='lat' dir='ltr'><strong>ipsius.</strong></span> <span class='ocrx_word' id='word_1_251' title='bbox 1243 1875 1479 1932; x_wconf 87' lang='lat' dir='ltr'><strong>Perinde</strong></span> <span class='ocrx_word' id='word_1_252' title='bbox 1505 1891 1570 1932; x_wconf 90' lang='lat' dir='ltr'><strong>ac</strong></span> <span class='ocrx_word' id='word_1_253' title='bbox 1591 1877 1635 1932; x_wconf 91' lang='lat' dir='ltr'><strong>si</strong></span> <span class='ocrx_word' id='word_1_254' title='bbox 1661 1875 1729 1930; x_wconf 93' lang='lat' dir='ltr'><strong>de</strong></span> <span class='ocrx_word' id='word_1_255' title='bbox 1750 1876 1922 1931; x_wconf 90' lang='lat' dir='ltr'><strong>Paulo</strong></span> 
     </span>
    </p>
   </div>
   <div class='ocr_carea' id='block_1_38' title="bbox 337 1958 1924 2040">
    <p class='ocr_par' dir='ltr' id='par_1_38' title="bbox 337 1958 1924 2040">
     <span class='ocr_line' id='line_1_38' title="bbox 337 1958 1924 2040; baseline 0.002 -22"><span class='ocrx_word' id='word_1_256' title='bbox 337 1958 563 2021; x_wconf 71' lang='lat' dir='ltr'><strong>homine</strong></span> <span class='ocrx_word' id='word_1_257' title='bbox 597 1967 924 2036; x_wconf 76' lang='lat' dir='ltr'><strong>exquiratur</strong></span> <span class='ocrx_word' id='word_1_258' title='bbox 957 1985 1026 2023; x_wconf 93' lang='lat' dir='ltr'><strong>an</strong></span> <span class='ocrx_word' id='word_1_259' title='bbox 1053 1969 1126 2024; x_wconf 90' lang='lat' dir='ltr'><strong>sit</strong></span> <span class='ocrx_word' id='word_1_260' title='bbox 1155 1969 1399 2036; x_wconf 89' lang='lat' dir='ltr'><strong>animal;</strong></span> <span class='ocrx_word' id='word_1_261' title='bbox 1461 1969 1736 2040; x_wconf 81' lang='lat' dir='ltr'><strong>generalis</strong></span> <span class='ocrx_word' id='word_1_262' title='bbox 1778 1966 1924 2022; x_wconf 73' lang='lat' dir='ltr'><strong>auir-</strong></span> 
     </span>
    </p>
   </div>
   <div class='ocr_carea' id='block_1_39' title="bbox 337 2058 1922 2129">
    <p class='ocr_par' dir='ltr' id='par_1_39' title="bbox 337 2058 1922 2129">
     <span class='ocr_line' id='line_1_39' title="bbox 337 2058 1922 2129; baseline 0.002 -17"><span class='ocrx_word' id='word_1_263' title='bbox 337 2059 506 2114; x_wconf 88' lang='lat' dir='ltr'><strong>malio</strong></span> <span class='ocrx_word' id='word_1_264' title='bbox 539 2059 741 2129; x_wconf 89' lang='lat' dir='ltr'><strong>speciei</strong></span> <span class='ocrx_word' id='word_1_265' title='bbox 775 2075 993 2116; x_wconf 89' lang='lat' dir='ltr'><strong>omnem</strong></span> <span class='ocrx_word' id='word_1_266' title='bbox 1019 2061 1300 2115; x_wconf 90' lang='lat' dir='ltr'><strong>hominem</strong></span> <span class='ocrx_word' id='word_1_267' title='bbox 1338 2059 1537 2114; x_wconf 86' lang='lat' dir='ltr'><strong>animal</strong></span> <span class='ocrx_word' id='word_1_268' title='bbox 1577 2073 1699 2114; x_wconf 76' lang='lat' dir='ltr'><strong>esse</strong></span> <span class='ocrx_word' id='word_1_269' title='bbox 1730 2058 1922 2115; x_wconf 84' lang='lat' dir='ltr'><strong>dicens</strong></span> 
     </span>
    </p>
   </div>
   <div class='ocr_carea' id='block_1_40' title="bbox 335 2149 1918 2222">
    <p class='ocr_par' dir='ltr' id='par_1_40' title="bbox 335 2149 1918 2222">
     <span class='ocr_line' id='line_1_40' title="bbox 335 2149 1918 2222; baseline 0 -18"><span class='ocrx_word' id='word_1_270' title='bbox 335 2150 404 2204; x_wconf 79' lang='lat' dir='ltr'><strong>ad</strong></span> <span class='ocrx_word' id='word_1_271' title='bbox 436 2151 818 2220; x_wconf 88' lang='lat' dir='ltr'><strong>probationem</strong></span> <span class='ocrx_word' id='word_1_272' title='bbox 843 2150 1059 2222; x_wconf 67' lang='lat' dir='ltr'><strong>quaesiti</strong></span> <span class='ocrx_word' id='word_1_273' title='bbox 1092 2149 1409 2206; x_wconf 87' lang='lat' dir='ltr'><strong>inserviret.</strong></span> <span class='ocrx_word' id='word_1_274' title='bbox 1436 2149 1700 2206; x_wconf 89' lang='lat' dir='ltr'><strong>Similiter</strong></span> <span class='ocrx_word' id='word_1_275' title='bbox 1735 2160 1918 2206; x_wconf 88' lang='lat' dir='ltr'><strong>autem</strong></span> 
     </span>
    </p>
   </div>
   <div class='ocr_carea' id='block_1_41' title="bbox 335 2242 1919 2314">
    <p class='ocr_par' dir='ltr' id='par_1_41' title="bbox 335 2242 1919 2314">
     <span class='ocr_line' id='line_1_41' title="bbox 335 2242 1919 2314; baseline 0.001 -18"><span class='ocrx_word' id='word_1_276' title='bbox 335 2259 460 2296; x_wconf 90' lang='lat' dir='ltr'><strong>cum</strong></span> <span class='ocrx_word' id='word_1_277' title='bbox 493 2257 522 2297; x_wconf 86' lang='lat' dir='ltr'><strong>a</strong></span> <span class='ocrx_word' id='word_1_278' title='bbox 557 2242 721 2299; x_wconf 88' lang='lat' dir='ltr'><strong>nobis</strong></span> <span class='ocrx_word' id='word_1_279' title='bbox 753 2242 1020 2314; x_wconf 64' lang='lat' dir='ltr'><strong>q’uanitur</strong></span> <span class='ocrx_word' id='word_1_280' title='bbox 1071 2258 1138 2298; x_wconf 87' lang='lat' dir='ltr'><strong>an</strong></span> <span class='ocrx_word' id='word_1_281' title='bbox 1176 2242 1268 2298; x_wconf 90' lang='lat' dir='ltr'><strong>hic</strong></span> <span class='ocrx_word' id='word_1_282' title='bbox 1296 2242 1500 2298; x_wconf 85' lang='lat' dir='ltr'><strong>Paulus</strong></span> <span class='ocrx_word' id='word_1_283' title='bbox 1544 2242 1746 2296; x_wconf 88' lang='lat' dir='ltr'><strong>animal</strong></span> <span class='ocrx_word' id='word_1_284' title='bbox 1782 2242 1919 2297; x_wconf 87' lang='lat' dir='ltr'><strong>sub-</strong></span> 
     </span>
    </p>
   </div>
   <div class='ocr_carea' id='block_1_42' title="bbox 335 2332 1920 2406">
    <p class='ocr_par' dir='ltr' id='par_1_42' title="bbox 335 2332 1920 2406">
     <span class='ocr_line' id='line_1_42' title="bbox 335 2332 1920 2406; baseline 0.001 -18"><span class='ocrx_word' id='word_1_285' title='bbox 335 2334 538 2390; x_wconf 80' lang='lat' dir='ltr'><strong>stantia</strong></span> <span class='ocrx_word' id='word_1_286' title='bbox 591 2335 700 2400; x_wconf 85' lang='lat' dir='ltr'><strong>sit,</strong></span> <span class='ocrx_word' id='word_1_287' title='bbox 763 2343 1076 2406; x_wconf 91' lang='lat' dir='ltr'><strong>opportuna</strong></span> <span class='ocrx_word' id='word_1_288' title='bbox 1121 2343 1270 2390; x_wconf 86' lang='lat' dir='ltr'><strong>esset</strong></span> <span class='ocrx_word' id='word_1_289' title='bbox 1324 2332 1619 2388; x_wconf 81' lang='lat' dir='ltr'><strong>aﬂirmatio</strong></span> <span class='ocrx_word' id='word_1_290' title='bbox 1647 2334 1920 2404; x_wconf 77' lang='lat' dir='ltr'><strong>generalis</strong></span> 
     </span>
    </p>
   </div>
   <div class='ocr_carea' id='block_1_43' title="bbox 335 2424 1920 2482">
    <p class='ocr_par' dir='ltr' id='par_1_43' title="bbox 335 2424 1920 2482">
     <span class='ocr_line' id='line_1_43' title="bbox 335 2424 1920 2482; baseline 0.002 -3"><span class='ocrx_word' id='word_1_291' title='bbox 335 2441 500 2481; x_wconf 89' lang='lat' dir='ltr'><strong>omne</strong></span> <span class='ocrx_word' id='word_1_292' title='bbox 530 2425 733 2480; x_wconf 88' lang='lat' dir='ltr'><strong>animal</strong></span> <span class='ocrx_word' id='word_1_293' title='bbox 765 2426 1130 2481; x_wconf 84' lang='lat' dir='ltr'><strong>substantiam</strong></span> <span class='ocrx_word' id='word_1_294' title='bbox 1161 2439 1283 2482; x_wconf 90' lang='lat' dir='ltr'><strong>esse</strong></span> <span class='ocrx_word' id='word_1_295' title='bbox 1315 2424 1528 2480; x_wconf 90' lang='lat' dir='ltr'><strong>dicens.</strong></span> <span class='ocrx_word' id='word_1_296' title='bbox 1573 2424 1630 2480; x_wconf 91' lang='lat' dir='ltr'><strong>Si</strong></span> <span class='ocrx_word' id='word_1_297' title='bbox 1672 2441 1806 2480; x_wconf 88' lang='lat' dir='ltr'><strong>vero</strong></span> <span class='ocrx_word' id='word_1_298' title='bbox 1850 2427 1920 2482; x_wconf 91' lang='lat' dir='ltr'><strong>de</strong></span> 
     </span>
    </p>
   </div>
   <div class='ocr_carea' id='block_1_44' title="bbox 334 2515 1916 2588">
    <p class='ocr_par' dir='ltr' id='par_1_44' title="bbox 334 2515 1916 2588">
     <span class='ocr_line' id='line_1_44' title="bbox 334 2515 1916 2588; baseline -0.001 -17"><span class='ocrx_word' id='word_1_299' title='bbox 334 2517 521 2588; x_wconf 85' lang='lat' dir='ltr'><strong>aliquo</strong></span> <span class='ocrx_word' id='word_1_300' title='bbox 551 2517 780 2572; x_wconf 87' lang='lat' dir='ltr'><strong>alterius</strong></span> <span class='ocrx_word' id='word_1_301' title='bbox 813 2517 1033 2588; x_wconf 89' lang='lat' dir='ltr'><strong>generis</strong></span> <span class='ocrx_word' id='word_1_302' title='bbox 1065 2517 1150 2572; x_wconf 91' lang='lat' dir='ltr'><strong>vel</strong></span> <span class='ocrx_word' id='word_1_303' title='bbox 1205 2515 1410 2587; x_wconf 89' lang='lat' dir='ltr'><strong>speciei</strong></span> <span class='ocrx_word' id='word_1_304' title='bbox 1449 2517 1683 2586; x_wconf 64' lang='lat' dir='ltr'><strong>quaestio</strong></span> <span class='ocrx_word' id='word_1_305' title='bbox 1707 2516 1916 2586; x_wconf 86' lang='lat' dir='ltr'><strong>agitur,</strong></span> 
     </span>
    </p>
   </div>
   <div class='ocr_carea' id='block_1_45' title="bbox 337 2607 1918 2682">
    <p class='ocr_par' dir='ltr' id='par_1_45' title="bbox 337 2607 1918 2682">
     <span class='ocr_line' id='line_1_45' title="bbox 337 2607 1918 2682; baseline -0.001 -16"><span class='ocrx_word' id='word_1_306' title='bbox 337 2627 532 2668; x_wconf 87' lang='lat' dir='ltr'><strong>omnes</strong></span> <span class='ocrx_word' id='word_1_307' title='bbox 564 2611 958 2668; x_wconf 81' lang='lat' dir='ltr'><strong>aliirmationes</strong></span> <span class='ocrx_word' id='word_1_308' title='bbox 990 2625 1055 2666; x_wconf 91' lang='lat' dir='ltr'><strong>ac</strong></span> <span class='ocrx_word' id='word_1_309' title='bbox 1086 2609 1481 2682; x_wconf 88' lang='lat' dir='ltr'><strong>denegationes</strong></span> <span class='ocrx_word' id='word_1_310' title='bbox 1501 2651 1516 2676; x_wconf 94' lang='lat'><strong>,</strong></span> <span class='ocrx_word' id='word_1_311' title='bbox 1539 2625 1662 2680; x_wconf 74' lang='lat' dir='ltr'><strong>qua:</strong></span> <span class='ocrx_word' id='word_1_312' title='bbox 1695 2607 1918 2678; x_wconf 85' lang='lat' dir='ltr'><strong>aliquod</strong></span> 
     </span>
    </p>
   </div>
   <div class='ocr_carea' id='block_1_46' title="bbox 339 2699 1919 2774">
    <p class='ocr_par' dir='ltr' id='par_1_46' title="bbox 339 2699 1919 2774">
     <span class='ocr_line' id='line_1_46' title="bbox 339 2699 1919 2774; baseline -0.001 -16"><span class='ocrx_word' id='word_1_313' title='bbox 339 2703 654 2774; x_wconf 89' lang='lat' dir='ltr'><strong>hujusmodi</strong></span> <span class='ocrx_word' id='word_1_314' title='bbox 682 2702 750 2758; x_wconf 91' lang='lat' dir='ltr'><strong>de</strong></span> <span class='ocrx_word' id='word_1_315' title='bbox 781 2703 868 2759; x_wconf 89' lang='lat' dir='ltr'><strong>his</strong></span> <span class='ocrx_word' id='word_1_316' title='bbox 892 2719 1014 2773; x_wconf 61' lang='lat' dir='ltr'><strong>quae</strong></span> <span class='ocrx_word' id='word_1_317' title='bbox 1049 2718 1158 2757; x_wconf 91' lang='lat' dir='ltr'><strong>non</strong></span> <span class='ocrx_word' id='word_1_318' title='bbox 1195 2702 1441 2774; x_wconf 85' lang='lat' dir='ltr'><strong>ejusdem</strong></span> <span class='ocrx_word' id='word_1_319' title='bbox 1471 2700 1676 2770; x_wconf 80' lang='lat' dir='ltr'><strong>speciei</strong></span> <span class='ocrx_word' id='word_1_320' title='bbox 1709 2699 1796 2756; x_wconf 87' lang='lat' dir='ltr'><strong>vel</strong></span> <span class='ocrx_word' id='word_1_321' title='bbox 1824 2716 1919 2771; x_wconf 62' lang='grc' dir='ltr'>εει</span> 
     </span>
    </p>
   </div>
   <div class='ocr_carea' id='block_1_47' title="bbox 337 2792 1918 2864">
    <p class='ocr_par' dir='ltr' id='par_1_47' title="bbox 337 2792 1918 2864">
     <span class='ocr_line' id='line_1_47' title="bbox 337 2792 1918 2864; baseline -0.001 -16"><span class='ocrx_word' id='word_1_322' title='bbox 337 2795 489 2864; x_wconf 70' lang='lat' dir='ltr'><strong>neris</strong></span> <span class='ocrx_word' id='word_1_323' title='bbox 505 2803 635 2850; x_wconf 87' lang='lat' dir='ltr'><strong>sunt</strong></span> <span class='ocrx_word' id='word_1_324' title='bbox 649 2794 836 2850; x_wconf 90' lang='lat' dir='ltr'><strong>dicere</strong></span> <span class='ocrx_word' id='word_1_325' title='bbox 857 2795 1204 2860; x_wconf 88' lang='lat' dir='ltr'><strong>viderentur,</strong></span> <span class='ocrx_word' id='word_1_326' title='bbox 1221 2793 1412 2848; x_wconf 68' lang='lat' dir='ltr'><strong>otiosa:</strong></span> <span class='ocrx_word' id='word_1_327' title='bbox 1430 2792 1790 2862; x_wconf 63' lang='lat' dir='ltr'><strong>absurdeque</strong></span> <span class='ocrx_word' id='word_1_328' title='bbox 1816 2807 1918 2862; x_wconf 90' lang='lat' dir='ltr'><strong>pro</strong></span> 
     </span>
    </p>
   </div>
   <div class='ocr_carea' id='block_1_48' title="bbox 336 2881 1916 2953">
    <p class='ocr_par' dir='ltr' id='par_1_48' title="bbox 336 2881 1916 2953">
     <span class='ocr_line' id='line_1_48' title="bbox 336 2881 1916 2953; baseline -0.001 -15"><span class='ocrx_word' id='word_1_329' title='bbox 336 2883 569 2953; x_wconf 83' lang='lat' dir='ltr'><strong>quaesito</strong></span> <span class='ocrx_word' id='word_1_330' title='bbox 595 2883 890 2939; x_wconf 88' lang='lat' dir='ltr'><strong>habentur.</strong></span> <span class='ocrx_word' id='word_1_331' title='bbox 926 2883 1165 2940; x_wconf 90' lang='lat' dir='ltr'><strong>Perinde</strong></span> <span class='ocrx_word' id='word_1_332' title='bbox 1193 2897 1256 2938; x_wconf 88' lang='lat' dir='ltr'><strong>ac</strong></span> <span class='ocrx_word' id='word_1_333' title='bbox 1299 2882 1356 2938; x_wconf 90' lang='lat' dir='ltr'><strong>&#39;si</strong></span> <span class='ocrx_word' id='word_1_334' title='bbox 1396 2881 1628 2952; x_wconf 66' lang='lat' dir='ltr'><strong>quaesito</strong></span> <span class='ocrx_word' id='word_1_335' title='bbox 1681 2898 1752 2936; x_wconf 92' lang='lat' dir='ltr'><strong>an</strong></span> <span class='ocrx_word' id='word_1_336' title='bbox 1804 2898 1916 2938; x_wconf 86' lang='lat' dir='ltr'><strong>non</strong></span> 
     </span>
    </p>
   </div>
   <div class='ocr_carea' id='block_1_49' title="bbox 338 2973 1986 3082">
    <p class='ocr_par' dir='ltr' id='par_1_49' title="bbox 338 2973 1986 3082">
     <span class='ocr_line' id='line_1_49' title="bbox 338 2973 1986 3082; baseline -0.002 -52"><span class='ocrx_word' id='word_1_337' title='bbox 338 2974 630 3030; x_wconf 80' lang='lat' dir='ltr'><strong>rationalis</strong></span> <span class='ocrx_word' id='word_1_338' title='bbox 651 2976 970 3039; x_wconf 85' lang='lat' dir='ltr'><strong>sit~Paulus,</strong></span> <span class='ocrx_word' id='word_1_339' title='bbox 1002 2975 1108 3031; x_wconf 90' lang='lat' dir='ltr'><strong>hoc</strong></span> <span class='ocrx_word' id='word_1_340' title='bbox 1139 2975 1362 3046; x_wconf 91' lang='lat' dir='ltr'><strong>quidam</strong></span> <span class='ocrx_word' id='word_1_341' title='bbox 1394 2973 1662 3030; x_wconf 82' lang='lat' dir='ltr'><strong>festinans</strong></span> <span class='ocrx_word' id='word_1_342' title='bbox 1682 2974 1912 3028; x_wconf 89' lang='lat' dir='ltr'><strong>demon-</strong></span> <span class='ocrx_word' id='word_1_343' title='bbox 1942 3022 1986 3082; x_wconf 62' lang='grc' dir='ltr'>α</span> 
     </span>
    </p>
   </div>
   <div class='ocr_carea' id='block_1_50' title="bbox 338 3063 1913 3132">
    <p class='ocr_par' dir='ltr' id='par_1_50' title="bbox 338 3063 1913 3132">
     <span class='ocr_line' id='line_1_50' title="bbox 338 3063 1913 3132; baseline 0 -11"><span class='ocrx_word' id='word_1_344' title='bbox 338 3077 515 3122; x_wconf 81' lang='lat' dir='ltr'><strong>strare</strong></span> <span class='ocrx_word' id='word_1_345' title='bbox 549 3063 1006 3124; x_wconf 85' lang='lat' dir='ltr'><strong>scilicetnoncsse</strong></span> <span class='ocrx_word' id='word_1_346' title='bbox 1027 3069 1350 3124; x_wconf 89' lang='lat' dir='ltr'><strong>rationalem</strong></span> <span class='ocrx_word' id='word_1_347' title='bbox 1374 3109 1390 3132; x_wconf 90' lang='lat'><strong>,</strong></span> <span class='ocrx_word' id='word_1_348' title='bbox 1439 3067 1651 3122; x_wconf 89' lang='lat' dir='ltr'><strong>diceret</strong></span> <span class='ocrx_word' id='word_1_349' title='bbox 1693 3081 1913 3122; x_wconf 91' lang='lat' dir='ltr'><strong>omnem</strong></span> 
     </span>
    </p>
   </div>
   <div class='ocr_carea' id='block_1_51' title="bbox 339 3157 1914 3232">
    <p class='ocr_par' dir='ltr' id='par_1_51' title="bbox 339 3157 1914 3232">
     <span class='ocr_line' id='line_1_51' title="bbox 339 3157 1914 3232; baseline 0 -17"><span class='ocrx_word' id='word_1_350' title='bbox 339 3157 578 3229; x_wconf 72' lang='lat' dir='ltr'><strong>lapidem</strong></span> <span class='ocrx_word' id='word_1_351' title='bbox 609 3175 937 3231; x_wconf 81' lang='lat' dir='ltr'><strong>omnemque</strong></span> <span class='ocrx_word' id='word_1_352' title='bbox 984 3160 1379 3232; x_wconf 79' lang='lat' dir='ltr'><strong>nigritudinem</strong></span> <span class='ocrx_word' id='word_1_353' title='bbox 1431 3174 1544 3215; x_wconf 90' lang='lat' dir='ltr'><strong>non</strong></span> <span class='ocrx_word' id='word_1_354' title='bbox 1579 3175 1702 3216; x_wconf 89' lang='lat' dir='ltr'><strong>esse</strong></span> <span class='ocrx_word' id='word_1_355' title='bbox 1743 3160 1914 3216; x_wconf 88' lang='lat' dir='ltr'><strong>ratio-</strong></span> 
     </span>
    </p>
   </div>
   <div class='ocr_carea' id='block_1_52' title="bbox 243 3251 1916 3324">
    <p class='ocr_par' dir='ltr' id='par_1_52' title="bbox 243 3251 1916 3324">
     <span class='ocr_line' id='line_1_52' title="bbox 243 3251 1916 3324; baseline 0.002 -18"><span class='ocrx_word' id='word_1_356' title='bbox 243 3268 248 3274; x_wconf 84' lang='lat'>&#39;</span> <span class='ocrx_word' id='word_1_357' title='bbox 335 3251 506 3317; x_wconf 81' lang='lat' dir='ltr'><strong>nalia,</strong></span> <span class='ocrx_word' id='word_1_358' title='bbox 549 3252 688 3307; x_wconf 88' lang='lat' dir='ltr'><strong>nihil</strong></span> <span class='ocrx_word' id='word_1_359' title='bbox 729 3253 856 3308; x_wconf 81' lang='lat' dir='ltr'><strong>ullo</strong></span> <span class='ocrx_word' id='word_1_360' title='bbox 889 3253 1054 3308; x_wconf 86' lang='lat' dir='ltr'><strong>modo</strong></span> <span class='ocrx_word' id='word_1_361' title='bbox 1081 3253 1366 3324; x_wconf 87' lang='lat' dir='ltr'><strong>proposito</strong></span> <span class='ocrx_word' id='word_1_362' title='bbox 1413 3251 1734 3324; x_wconf 86' lang='lat' dir='ltr'><strong>prodesset;</strong></span> <span class='ocrx_word' id='word_1_363' title='bbox 1791 3253 1916 3324; x_wconf 89' lang='lat' dir='ltr'><strong>jure</strong></span> 
     </span>
    </p>
   </div>
   <div class='ocr_carea' id='block_1_53' title="bbox 335 3344 1914 3416">
    <p class='ocr_par' dir='ltr' id='par_1_53' title="bbox 335 3344 1914 3416">
     <span class='ocr_line' id='line_1_53' title="bbox 335 3344 1914 3416; baseline -0.001 -16"><span class='ocrx_word' id='word_1_364' title='bbox 335 3360 470 3416; x_wconf 88' lang='lat' dir='ltr'><strong>ergo</strong></span> <span class='ocrx_word' id='word_1_365' title='bbox 521 3344 590 3400; x_wconf 88' lang='lat' dir='ltr'><strong>de</strong></span> <span class='ocrx_word' id='word_1_366' title='bbox 639 3345 746 3402; x_wconf 87' lang='lat' dir='ltr'><strong>hoc</strong></span> <span class='ocrx_word' id='word_1_367' title='bbox 805 3345 1116 3410; x_wconf 84' lang='lat' dir='ltr'><strong>rideretur,</strong></span> <span class='ocrx_word' id='word_1_368' title='bbox 1164 3361 1290 3401; x_wconf 88' lang='lat' dir='ltr'><strong>cum</strong></span> <span class='ocrx_word' id='word_1_369' title='bbox 1344 3345 1646 3416; x_wconf 87' lang='lat' dir='ltr'><strong>generatim</strong></span> <span class='ocrx_word' id='word_1_370' title='bbox 1689 3345 1914 3415; x_wconf 86' lang='lat' dir='ltr'><strong>quidem</strong></span> 
     </span>
    </p>
   </div>
   <div class='ocr_carea' id='block_1_54' title="bbox 325 3433 1916 3508">
    <p class='ocr_par' dir='ltr' id='par_1_54' title="bbox 325 3433 1916 3508">
     <span class='ocr_line' id='line_1_54' title="bbox 325 3433 1916 3508; baseline 0.001 -17"><span class='ocrx_word' id='word_1_371' title='bbox 325 3433 582 3497; x_wconf 64' lang='lat' dir='ltr'><strong>,alﬁrmet-</strong></span> <span class='ocrx_word' id='word_1_372' title='bbox 603 3437 898 3508; x_wconf 88' lang='lat' dir='ltr'><strong>quemdam</strong></span> <span class='ocrx_word' id='word_1_373' title='bbox 949 3452 1062 3492; x_wconf 88' lang='lat' dir='ltr'><strong>non</strong></span> <span class='ocrx_word' id='word_1_374' title='bbox 1115 3454 1238 3495; x_wconf 89' lang='lat' dir='ltr'><strong>esse</strong></span> <span class='ocrx_word' id='word_1_375' title='bbox 1290 3437 1616 3495; x_wconf 81' lang='lat' dir='ltr'><strong>rationalem</strong></span> <span class='ocrx_word' id='word_1_376' title='bbox 1657 3438 1752 3493; x_wconf 88' lang='lat' dir='ltr'><strong>sed</strong></span> <span class='ocrx_word' id='word_1_377' title='bbox 1804 3453 1916 3493; x_wconf 90' lang='lat' dir='ltr'><strong>non</strong></span> 
     </span>
    </p>
   </div>
   <div class='ocr_carea' id='block_1_55' title="bbox 336 3526 841 3600">
    <p class='ocr_par' dir='ltr' id='par_1_55' title="bbox 336 3526 841 3600">
     <span class='ocr_line' id='line_1_55' title="bbox 336 3526 841 3600; baseline 0.006 -18"><span class='ocrx_word' id='word_1_378' title='bbox 336 3526 589 3599; x_wconf 85' lang='lat' dir='ltr'><strong>ejusdem</strong></span> <span class='ocrx_word' id='word_1_379' title='bbox 613 3529 841 3600; x_wconf 84' lang='lat' dir='ltr'><strong>speciei.</strong></span> 
     </span>
    </p>
   </div>
   <div class='ocr_carea' id='block_1_56' title="bbox 406 3619 1922 3695">
    <p class='ocr_par' dir='ltr' id='par_1_56' title="bbox 406 3619 1922 3695">
     <span class='ocr_line' id='line_1_56' title="bbox 406 3619 1922 3695; baseline 0.005 -22"><span class='ocrx_word' id='word_1_380' title='bbox 406 3619 654 3676; x_wconf 89' lang='lat' dir='ltr'><strong>Dicimus</strong></span> <span class='ocrx_word' id='word_1_381' title='bbox 677 3622 842 3693; x_wconf 88' lang='lat' dir='ltr'><strong>igitur</strong></span> <span class='ocrx_word' id='word_1_382' title='bbox 863 3639 1086 3694; x_wconf 90' lang='lat' dir='ltr'><strong>quoque</strong></span> <span class='ocrx_word' id='word_1_383' title='bbox 1110 3623 1554 3695; x_wconf 86' lang='lat' dir='ltr'><strong>nobismetipsis:</strong></span> <span class='ocrx_word' id='word_1_384' title='bbox 1577 3623 1769 3680; x_wconf 81' lang='lat' dir='ltr'><strong>Omnis</strong></span> <span class='ocrx_word' id='word_1_385' title='bbox 1791 3635 1922 3694; x_wconf 80' lang='lat' dir='ltr'><strong>pars</strong></span> 
     </span>
    </p>
   </div>
   <div class='ocr_carea' id='block_1_57' title="bbox 335 3715 1918 3788">
    <p class='ocr_par' dir='ltr' id='par_1_57' title="bbox 335 3715 1918 3788">
     <span class='ocr_line' id='line_1_57' title="bbox 335 3715 1918 3788; baseline 0.003 -20"><span class='ocrx_word' id='word_1_386' title='bbox 335 3729 438 3769; x_wconf 87' lang='lat' dir='ltr'><strong>suo</strong></span> <span class='ocrx_word' id='word_1_387' title='bbox 456 3723 571 3771; x_wconf 89' lang='lat' dir='ltr'><strong>toto</strong></span> <span class='ocrx_word' id='word_1_388' title='bbox 589 3715 772 3771; x_wconf 89' lang='lat' dir='ltr'><strong>minor</strong></span> <span class='ocrx_word' id='word_1_389' title='bbox 793 3724 912 3782; x_wconf 88' lang='lat' dir='ltr'><strong>est;</strong></span> <span class='ocrx_word' id='word_1_390' title='bbox 946 3717 992 3772; x_wconf 90' lang='lat' dir='ltr'><strong>si</strong></span> <span class='ocrx_word' id='word_1_391' title='bbox 1019 3726 1204 3773; x_wconf 88' lang='lat' dir='ltr'><strong>autem</strong></span> <span class='ocrx_word' id='word_1_392' title='bbox 1234 3717 1494 3772; x_wconf 86' lang='lat' dir='ltr'><strong>omnibus</strong></span> <span class='ocrx_word' id='word_1_393' title='bbox 1514 3717 1765 3788; x_wconf 82' lang='lat' dir='ltr'><strong>partibus</strong></span> <span class='ocrx_word' id='word_1_394' title='bbox 1795 3732 1918 3786; x_wconf 71' lang='lat' dir='ltr'><strong>qua:</strong></span> 
     </span>
    </p>
   </div>
   <div class='ocr_carea' id='block_1_58' title="bbox 337 3805 1916 3880">
    <p class='ocr_par' dir='ltr' id='par_1_58' title="bbox 337 3805 1916 3880">
     <span class='ocr_line' id='line_1_58' title="bbox 337 3805 1916 3880; baseline 0.001 -20"><span class='ocrx_word' id='word_1_395' title='bbox 337 3805 608 3862; x_wconf 89' lang='lat' dir='ltr'><strong>uniuntur</strong></span> <span class='ocrx_word' id='word_1_396' title='bbox 651 3809 828 3879; x_wconf 90' lang='lat' dir='ltr'><strong>majus</strong></span> <span class='ocrx_word' id='word_1_397' title='bbox 879 3817 1054 3863; x_wconf 90' lang='lat' dir='ltr'><strong>totum</strong></span> <span class='ocrx_word' id='word_1_398' title='bbox 1089 3809 1447 3880; x_wconf 82' lang='lat' dir='ltr'><strong>agnoscitur,</strong></span> <span class='ocrx_word' id='word_1_399' title='bbox 1511 3809 1726 3879; x_wconf 89' lang='lat' dir='ltr'><strong>hocque</strong></span> <span class='ocrx_word' id='word_1_400' title='bbox 1769 3809 1916 3879; x_wconf 91' lang='lat' dir='ltr'><strong>quod</strong></span> 
     </span>
    </p>
   </div>
   <div class='ocr_carea' id='block_1_59' title="bbox 333 3898 1916 3970">
    <p class='ocr_par' dir='ltr' id='par_1_59' title="bbox 333 3898 1916 3970">
     <span class='ocr_line' id='line_1_59' title="bbox 333 3898 1916 3970; baseline 0.002 -20"><span class='ocrx_word' id='word_1_401' title='bbox 333 3898 580 3968; x_wconf 79' lang='lat' dir='ltr'><strong>ejusdem</strong></span> <span class='ocrx_word' id='word_1_402' title='bbox 617 3899 839 3969; x_wconf 90' lang='lat' dir='ltr'><strong>generis</strong></span> <span class='ocrx_word' id='word_1_403' title='bbox 892 3900 1207 3970; x_wconf 88' lang='lat' dir='ltr'><strong>specieique</strong></span> <span class='ocrx_word' id='word_1_404' title='bbox 1245 3915 1310 3954; x_wconf 89' lang='lat' dir='ltr'><strong>ac</strong></span> <span class='ocrx_word' id='word_1_405' title='bbox 1367 3900 1472 3954; x_wconf 71' lang='lat' dir='ltr'><strong>illas</strong></span> <span class='ocrx_word' id='word_1_406' title='bbox 1519 3901 1703 3955; x_wconf 83' lang='lat' dir='ltr'><strong>dicitis</strong></span> <span class='ocrx_word' id='word_1_407' title='bbox 1744 3901 1916 3956; x_wconf 89' lang='lat' dir='ltr'><strong>Deum</strong></span> 
     </span>
    </p>
   </div>
   <div class='ocr_carea' id='block_1_60' title="bbox 335 3990 1916 4063">
    <p class='ocr_par' dir='ltr' id='par_1_60' title="bbox 335 3990 1916 4063">
     <span class='ocr_line' id='line_1_60' title="bbox 335 3990 1916 4063; baseline 0.001 -19"><span class='ocrx_word' id='word_1_408' title='bbox 335 3990 577 4045; x_wconf 82' lang='lat' dir='ltr'><strong>Verbum</strong></span> <span class='ocrx_word' id='word_1_409' title='bbox 608 4007 752 4054; x_wconf 88' lang='lat' dir='ltr'><strong>esse,</strong></span> <span class='ocrx_word' id='word_1_410' title='bbox 784 3993 983 4048; x_wconf 87' lang='lat' dir='ltr'><strong>merito</strong></span> <span class='ocrx_word' id='word_1_411' title='bbox 1022 4007 1092 4047; x_wconf 76' lang='lat' dir='ltr'><strong>ex</strong></span> <span class='ocrx_word' id='word_1_412' title='bbox 1141 3991 1385 4062; x_wconf 89' lang='lat' dir='ltr'><strong>generali</strong></span> <span class='ocrx_word' id='word_1_413' title='bbox 1420 3991 1780 4047; x_wconf 79' lang='lat' dir='ltr'><strong>aliirmatiouc</strong></span> <span class='ocrx_word' id='word_1_414' title='bbox 1811 3993 1916 4063; x_wconf 89' lang='lat' dir='ltr'><strong>ipsi</strong></span> 
     </span>
    </p>
   </div>
   <div class='ocr_carea' id='block_1_61' title="bbox 335 4081 1917 4154">
    <p class='ocr_par' dir='ltr' id='par_1_61' title="bbox 335 4081 1917 4154">
     <span class='ocr_line' id='line_1_61' title="bbox 335 4081 1917 4154; baseline 0.001 -18"><span class='ocrx_word' id='word_1_415' title='bbox 335 4082 585 4137; x_wconf 88' lang='lat' dir='ltr'><strong>eamdem</strong></span> <span class='ocrx_word' id='word_1_416' title='bbox 625 4083 1033 4138; x_wconf 83' lang='lat' dir='ltr'><strong>accusationem</strong></span> <span class='ocrx_word' id='word_1_417' title='bbox 1066 4082 1382 4154; x_wconf 81' lang='lat' dir='ltr'><strong>imputatis,</strong></span> <span class='ocrx_word' id='word_1_418' title='bbox 1417 4081 1495 4137; x_wconf 88' lang='lat' dir='ltr'><strong>ita</strong></span> <span class='ocrx_word' id='word_1_419' title='bbox 1542 4092 1602 4139; x_wconf 91' lang='lat' dir='ltr'><strong>ut</strong></span> <span class='ocrx_word' id='word_1_420' title='bbox 1657 4090 1917 4152; x_wconf 85' lang='lat' dir='ltr'><strong>tanquam</strong></span> 
     </span>
    </p>
   </div>
   <div class='ocr_carea' id='block_1_62' title="bbox 337 4174 1918 4246">
    <p class='ocr_par' dir='ltr' id='par_1_62' title="bbox 337 4174 1918 4246">
     <span class='ocr_line' id='line_1_62' title="bbox 337 4174 1918 4246; baseline 0.003 -18"><span class='ocrx_word' id='word_1_421' title='bbox 337 4175 524 4230; x_wconf 84' lang='lat' dir='ltr'><strong>omnia</strong></span> <span class='ocrx_word' id='word_1_422' title='bbox 555 4175 806 4246; x_wconf 88' lang='lat' dir='ltr'><strong>ejusdem</strong></span> <span class='ocrx_word' id='word_1_423' title='bbox 843 4175 1066 4246; x_wconf 86' lang='lat' dir='ltr'><strong>generis</strong></span> <span class='ocrx_word' id='word_1_424' title='bbox 1110 4191 1176 4231; x_wconf 86' lang='lat' dir='ltr'><strong>ac</strong></span> <span class='ocrx_word' id='word_1_425' title='bbox 1213 4174 1420 4245; x_wconf 89' lang='lat' dir='ltr'><strong>speciei</strong></span> <span class='ocrx_word' id='word_1_426' title='bbox 1447 4190 1578 4245; x_wconf 88' lang='lat' dir='ltr'><strong>pars</strong></span> <span class='ocrx_word' id='word_1_427' title='bbox 1612 4174 1810 4242; x_wconf 82' lang='lat' dir='ltr'><strong>factus,</strong></span> <span class='ocrx_word' id='word_1_428' title='bbox 1843 4177 1918 4232; x_wconf 81' lang='lat' dir='ltr'><strong>si-</strong></span> 
     </span>
    </p>
   </div>
   <div class='ocr_carea' id='block_1_63' title="bbox 338 4267 1919 4340">
    <p class='ocr_par' dir='ltr' id='par_1_63' title="bbox 338 4267 1919 4340">
     <span class='ocr_line' id='line_1_63' title="bbox 338 4267 1919 4340; baseline 0.003 -20"><span class='ocrx_word' id='word_1_429' title='bbox 338 4267 546 4322; x_wconf 89' lang='lat' dir='ltr'><strong>militer</strong></span> <span class='ocrx_word' id='word_1_430' title='bbox 593 4269 953 4340; x_wconf 83' lang='lat' dir='ltr'><strong>semetipsum</strong></span> <span class='ocrx_word' id='word_1_431' title='bbox 987 4269 1196 4325; x_wconf 91' lang='lat' dir='ltr'><strong>habere</strong></span> <span class='ocrx_word' id='word_1_432' title='bbox 1228 4267 1384 4339; x_wconf 87' lang='lat' dir='ltr'><strong>apud</strong></span> <span class='ocrx_word' id='word_1_433' title='bbox 1406 4282 1578 4325; x_wconf 87' lang='lat' dir='ltr'><strong>suum</strong></span> <span class='ocrx_word' id='word_1_434' title='bbox 1617 4276 1790 4323; x_wconf 89' lang='lat' dir='ltr'><strong>totum</strong></span> <span class='ocrx_word' id='word_1_435' title='bbox 1826 4281 1919 4324; x_wconf 83' lang='lat' dir='ltr'><strong>re-</strong></span> 
     </span>
    </p>
   </div>
   <div class='ocr_carea' id='block_1_64' title="bbox 2027 1793 3606 1876">
    <p class='ocr_par' dir='ltr' id='par_1_64' title="bbox 2027 1793 3606 1876">
     <span class='ocr_line' id='line_1_64' title="bbox 2027 1793 3606 1876; baseline 0.008 -28"><span class='ocrx_word' id='word_1_436' title='bbox 2027 1811 2191 1864; x_wconf 85' lang='grc' dir='ltr'>μενον</span> <span class='ocrx_word' id='word_1_437' title='bbox 2301 1798 2763 1869; x_wconf 71' lang='grc' dir='ltr'>παραϐαἴνονοτὺν</span> <span class='ocrx_word' id='word_1_438' title='bbox 2793 1801 2954 1871; x_wconf 89' lang='grc' dir='ltr'>λόγον</span> <span class='ocrx_word' id='word_1_439' title='bbox 2994 1803 3388 1876; x_wconf 66' lang='grc' dir='ltr'>τῶνιὸμοφυῶν</span> <span class='ocrx_word' id='word_1_440' title='bbox 3416 1805 3606 1862; x_wconf 82' lang='grc' dir='ltr'>αὑτοῦ.</span> 
     </span>
    </p>
   </div>
   <div class='ocr_carea' id='block_1_65' title="bbox 2024 1880 3612 1964">
    <p class='ocr_par' dir='ltr' id='par_1_65' title="bbox 2024 1880 3612 1964">
     <span class='ocr_line' id='line_1_65' title="bbox 2024 1880 3612 1964; baseline 0.009 -26"><span class='ocrx_word' id='word_1_441' title='bbox 2024 1880 2152 1940; x_wconf 74' lang='grc' dir='ltr'>Οῒον</span> <span class='ocrx_word' id='word_1_442' title='bbox 2179 1889 2228 1940; x_wconf 79' lang='grc' dir='ltr'>εἰ</span> <span class='ocrx_word' id='word_1_443' title='bbox 2259 1889 2388 1960; x_wconf 78' lang='grc' dir='ltr'>περὶ</span> <span class='ocrx_word' id='word_1_444' title='bbox 2424 1889 2642 1945; x_wconf 84' lang='grc' dir='ltr'>Παύλου</span> <span class='ocrx_word' id='word_1_445' title='bbox 2670 1891 2766 1946; x_wconf 89' lang='grc' dir='ltr'><strong>τοῦ</strong></span> <span class='ocrx_word' id='word_1_446' title='bbox 2793 1892 3088 1959; x_wconf 82' lang='grc' dir='ltr'>ἀνθρώπου</span> <span class='ocrx_word' id='word_1_447' title='bbox 3126 1895 3347 1964; x_wconf 72' lang='grc' dir='ltr'>ζητοίτο</span> <span class='ocrx_word' id='word_1_448' title='bbox 3388 1896 3440 1949; x_wconf 82' lang='grc' dir='ltr'><strong>εί</strong></span> <span class='ocrx_word' id='word_1_449' title='bbox 3467 1895 3612 1960; x_wconf 77' lang='grc' dir='ltr'>ζῶόν</span> 
     </span>
    </p>
   </div>
   <div class='ocr_carea' id='block_1_66' title="bbox 2021 1979 3612 2056">
    <p class='ocr_par' dir='ltr' id='par_1_66' title="bbox 2021 1979 3612 2056">
     <span class='ocr_line' id='line_1_66' title="bbox 2021 1979 3612 2056; baseline 0.008 -25"><span class='ocrx_word' id='word_1_450' title='bbox 2021 1979 2262 2052; x_wconf 74' lang='grc' dir='ltr'>ὲστιν,ἡ</span> <span class='ocrx_word' id='word_1_451' title='bbox 2311 1981 2434 2034; x_wconf 72' lang='grc' dir='ltr'>καθ’</span> <span class='ocrx_word' id='word_1_452' title='bbox 2463 1983 2587 2036; x_wconf 84' lang='grc' dir='ltr'>ὅλου</span> <span class='ocrx_word' id='word_1_453' title='bbox 2618 1985 2928 2053; x_wconf 77' lang='grc' dir='ltr'>κατάφασις</span> <span class='ocrx_word' id='word_1_454' title='bbox 2967 1984 3062 2038; x_wconf 90' lang='grc' dir='ltr'><strong>τοῦ</strong></span> <span class='ocrx_word' id='word_1_455' title='bbox 3098 1986 3275 2050; x_wconf 75' lang='grc' dir='ltr'>εἴδους</span> <span class='ocrx_word' id='word_1_456' title='bbox 3317 1988 3612 2056; x_wconf 76' lang='grc' dir='ltr'>φάσκουσα</span> 
     </span>
    </p>
   </div>
   <div class='ocr_carea' id='block_1_67' title="bbox 2021 2071 3608 2152">
    <p class='ocr_par' dir='ltr' id='par_1_67' title="bbox 2021 2071 3608 2152">
     <span class='ocr_line' id='line_1_67' title="bbox 2021 2071 3608 2152; baseline 0.006 -27"><span class='ocrx_word' id='word_1_457' title='bbox 2021 2073 2199 2127; x_wconf 86' lang='grc' dir='ltr'>πάντα</span> <span class='ocrx_word' id='word_1_458' title='bbox 2225 2071 2514 2144; x_wconf 79' lang='grc' dir='ltr'>ἄνθρωπον</span> <span class='ocrx_word' id='word_1_459' title='bbox 2537 2074 2674 2140; x_wconf 80' lang='grc' dir='ltr'>ζῶον</span> <span class='ocrx_word' id='word_1_460' title='bbox 2703 2073 2846 2130; x_wconf 79' lang='grc' dir='ltr'>εἶναι</span> <span class='ocrx_word' id='word_1_461' title='bbox 2875 2079 3237 2148; x_wconf 84' lang='grc' dir='ltr'>χρησιμεύσοι</span> <span class='ocrx_word' id='word_1_462' title='bbox 3258 2078 3324 2132; x_wconf 78' lang='grc' dir='ltr'>ἂν</span> <span class='ocrx_word' id='word_1_463' title='bbox 3346 2079 3481 2150; x_wconf 67' lang='grc' dir='ltr'>πρὸς</span> <span class='ocrx_word' id='word_1_464' title='bbox 3505 2079 3608 2152; x_wconf 80' lang='grc' dir='ltr'>τὴν</span> 
     </span>
    </p>
   </div>
   <div class='ocr_carea' id='block_1_68' title="bbox 2021 2161 3678 2244">
    <p class='ocr_par' dir='ltr' id='par_1_68' title="bbox 2021 2161 3678 2244">
     <span class='ocr_line' id='line_1_68' title="bbox 2021 2161 3678 2244; baseline 0.005 -23"><span class='ocrx_word' id='word_1_465' title='bbox 2021 2168 2372 2239; x_wconf 83' lang='grc' dir='ltr'>κατασκευὴν</span> <span class='ocrx_word' id='word_1_466' title='bbox 2407 2167 2504 2223; x_wconf 80' lang='grc' dir='ltr'><strong>τοῦ</strong></span> <span class='ocrx_word' id='word_1_467' title='bbox 2535 2169 2894 2242; x_wconf 78' lang='grc' dir='ltr'>ζητουμένου.</span> <span class='ocrx_word' id='word_1_468' title='bbox 2916 2171 3180 2244; x_wconf 84' lang='grc' dir='ltr'>,Ὁμοίως</span> <span class='ocrx_word' id='word_1_469' title='bbox 3205 2173 3263 2227; x_wconf 73' lang='grc' dir='ltr'><strong>δὲ</strong></span> <span class='ocrx_word' id='word_1_470' title='bbox 3300 2174 3394 2228; x_wconf 78' lang='grc' dir='ltr'>καὶ</span> <span class='ocrx_word' id='word_1_471' title='bbox 3422 2175 3610 2241; x_wconf 81' lang='grc' dir='ltr'>ὲξετα-</span> <span class='ocrx_word' id='word_1_472' title='bbox 3669 2161 3678 2170; x_wconf 64' lang='grc'><strong>’</strong></span> 
     </span>
    </p>
   </div>
   <div class='ocr_carea' id='block_1_69' title="bbox 2021 2257 3604 2335">
    <p class='ocr_par' dir='ltr' id='par_1_69' title="bbox 2021 2257 3604 2335">
     <span class='ocr_line' id='line_1_69' title="bbox 2021 2257 3604 2335; baseline 0.005 -23"><span class='ocrx_word' id='word_1_473' title='bbox 2021 2259 2251 2328; x_wconf 84' lang='grc' dir='ltr'>ζομένου</span> <span class='ocrx_word' id='word_1_474' title='bbox 2292 2261 2426 2332; x_wconf 79' lang='grc' dir='ltr'>ἡμῖν</span> <span class='ocrx_word' id='word_1_475' title='bbox 2464 2263 2514 2314; x_wconf 82' lang='grc' dir='ltr'><strong>ει</strong></span> <span class='ocrx_word' id='word_1_476' title='bbox 2559 2261 2776 2327; x_wconf 82' lang='grc' dir='ltr'>Παῦλος</span> <span class='ocrx_word' id='word_1_477' title='bbox 2813 2257 2969 2328; x_wconf 72' lang='grc' dir='ltr'>οὗτος</span> <span class='ocrx_word' id='word_1_478' title='bbox 2997 2263 3060 2317; x_wconf 82' lang='grc' dir='ltr'>τὸ</span> <span class='ocrx_word' id='word_1_479' title='bbox 3086 2263 3227 2329; x_wconf 77' lang='grc' dir='ltr'>ζῶον</span> <span class='ocrx_word' id='word_1_480' title='bbox 3269 2266 3430 2320; x_wconf 80' lang='grc' dir='ltr'>οὐσία</span> <span class='ocrx_word' id='word_1_481' title='bbox 3465 2268 3604 2335; x_wconf 74' lang='grc' dir='ltr'>ἐστὶ,</span> 
     </span>
    </p>
   </div>
   <div class='ocr_carea' id='block_1_70' title="bbox 2019 2351 3601 2426">
    <p class='ocr_par' dir='ltr' id='par_1_70' title="bbox 2019 2351 3601 2426">
     <span class='ocr_line' id='line_1_70' title="bbox 2019 2351 3601 2426; baseline 0.006 -22"><span class='ocrx_word' id='word_1_482' title='bbox 2019 2351 2330 2422; x_wconf 83' lang='grc' dir='ltr'>πρόσφορος</span> <span class='ocrx_word' id='word_1_483' title='bbox 2368 2351 2458 2423; x_wconf 72' lang='grc' dir='ltr'><strong>εἴη</strong></span> <span class='ocrx_word' id='word_1_484' title='bbox 2505 2351 2573 2407; x_wconf 79' lang='grc' dir='ltr'>ἂν</span> <span class='ocrx_word' id='word_1_485' title='bbox 2619 2355 2652 2424; x_wconf 85' lang='grc' dir='ltr'><strong>ή</strong></span> <span class='ocrx_word' id='word_1_486' title='bbox 2700 2354 2932 2409; x_wconf 85' lang='grc' dir='ltr'>καθόλου</span> <span class='ocrx_word' id='word_1_487' title='bbox 2971 2356 3277 2424; x_wconf 86' lang='grc' dir='ltr'>κατάφασις</span> <span class='ocrx_word' id='word_1_488' title='bbox 3299 2358 3601 2426; x_wconf 83' lang='grc' dir='ltr'>φάσκουσαο</span> 
     </span>
    </p>
   </div>
   <div class='ocr_carea' id='block_1_71' title="bbox 2019 2443 3605 2522">
    <p class='ocr_par' dir='ltr' id='par_1_71' title="bbox 2019 2443 3605 2522">
     <span class='ocr_line' id='line_1_71' title="bbox 2019 2443 3605 2522; baseline 0.005 -24"><span class='ocrx_word' id='word_1_489' title='bbox 2019 2444 2138 2498; x_wconf 78' lang='grc' dir='ltr'><strong>Πᾶν</strong></span> <span class='ocrx_word' id='word_1_490' title='bbox 2169 2443 2308 2508; x_wconf 84' lang='grc' dir='ltr'>ζῶον</span> <span class='ocrx_word' id='word_1_491' title='bbox 2346 2445 2523 2500; x_wconf 81' lang='grc' dir='ltr'>ούσία,</span> <span class='ocrx_word' id='word_1_492' title='bbox 2559 2445 2621 2499; x_wconf 83' lang='grc' dir='ltr'><strong>Εἰ</strong></span> <span class='ocrx_word' id='word_1_493' title='bbox 2653 2445 2712 2498; x_wconf 84' lang='grc' dir='ltr'><strong>δὲ</strong></span> <span class='ocrx_word' id='word_1_494' title='bbox 2743 2447 3098 2516; x_wconf 78' lang='grc' dir='ltr'>ἑτερογενοῦς</span> <span class='ocrx_word' id='word_1_495' title='bbox 3119 2465 3264 2512; x_wconf 87' lang='grc' dir='ltr'>τινος</span> <span class='ocrx_word' id='word_1_496' title='bbox 3294 2449 3328 2519; x_wconf 80' lang='grc' dir='ltr'>ἢ</span> <span class='ocrx_word' id='word_1_497' title='bbox 3371 2451 3605 2522; x_wconf 80' lang='grc' dir='ltr'>ἑτεροει-</span> 
     </span>
    </p>
   </div>
   <div class='ocr_carea' id='block_1_72' title="bbox 2017 2532 3604 2608">
    <p class='ocr_par' dir='ltr' id='par_1_72' title="bbox 2017 2532 3604 2608">
     <span class='ocr_line' id='line_1_72' title="bbox 2017 2532 3604 2608; baseline 0.006 -21"><span class='ocrx_word' id='word_1_498' title='bbox 2017 2532 2142 2596; x_wconf 86' lang='grc' dir='ltr'>δοῦς</span> <span class='ocrx_word' id='word_1_499' title='bbox 2189 2533 2425 2606; x_wconf 81' lang='grc' dir='ltr'>ζήτησις</span> <span class='ocrx_word' id='word_1_500' title='bbox 2465 2535 2776 2607; x_wconf 85' lang='grc' dir='ltr'>πρόκειται,</span> <span class='ocrx_word' id='word_1_501' title='bbox 2825 2539 2997 2591; x_wconf 77' lang='grc' dir='ltr'>πᾶσαι</span> <span class='ocrx_word' id='word_1_502' title='bbox 3021 2539 3082 2590; x_wconf 76' lang='grc' dir='ltr'>αἱ</span> <span class='ocrx_word' id='word_1_503' title='bbox 3123 2539 3468 2608; x_wconf 85' lang='grc' dir='ltr'>καταφάσεις</span> <span class='ocrx_word' id='word_1_504' title='bbox 3509 2542 3604 2596; x_wconf 74' lang='grc' dir='ltr'>καὶ</span> 
     </span>
    </p>
   </div>
   <div class='ocr_carea' id='block_1_73' title="bbox 2018 2625 3600 2706">
    <p class='ocr_par' dir='ltr' id='par_1_73' title="bbox 2018 2625 3600 2706">
     <span class='ocr_line' id='line_1_73' title="bbox 2018 2625 3600 2706; baseline 0.004 -25"><span class='ocrx_word' id='word_1_505' title='bbox 2018 2627 2360 2697; x_wconf 84' lang='grc' dir='ltr'>ἀποφάσεις,</span> <span class='ocrx_word' id='word_1_506' title='bbox 2392 2628 2514 2682; x_wconf 83' lang='grc' dir='ltr'>ὅσαι</span> <span class='ocrx_word' id='word_1_507' title='bbox 2567 2627 2634 2682; x_wconf 81' lang='grc' dir='ltr'>ἂν</span> <span class='ocrx_word' id='word_1_508' title='bbox 2678 2625 2792 2684; x_wconf 77' lang='grc' dir='ltr'>εἶεν</span> <span class='ocrx_word' id='word_1_509' title='bbox 2837 2631 2914 2700; x_wconf 83' lang='grc' dir='ltr'>μὴ</span> <span class='ocrx_word' id='word_1_510' title='bbox 2948 2632 3082 2700; x_wconf 74' lang='grc' dir='ltr'>περὶ</span> <span class='ocrx_word' id='word_1_511' title='bbox 3122 2632 3232 2686; x_wconf 90' lang='grc' dir='ltr'><strong>τῶν</strong></span> <span class='ocrx_word' id='word_1_512' title='bbox 3272 2633 3531 2704; x_wconf 82' lang='grc' dir='ltr'>ὁμοειδῶν</span> <span class='ocrx_word' id='word_1_513' title='bbox 3567 2634 3600 2706; x_wconf 81' lang='grc' dir='ltr'><strong>ἢ</strong></span> 
     </span>
    </p>
   </div>
   <div class='ocr_carea' id='block_1_74' title="bbox 2017 2719 3605 2795">
    <p class='ocr_par' dir='ltr' id='par_1_74' title="bbox 2017 2719 3605 2795">
     <span class='ocr_line' id='line_1_74' title="bbox 2017 2719 3605 2795; baseline 0.004 -22"><span class='ocrx_word' id='word_1_514' title='bbox 2017 2719 2300 2791; x_wconf 79' lang='grc' dir='ltr'>ὁμογενῶν</span> <span class='ocrx_word' id='word_1_515' title='bbox 2331 2720 2448 2774; x_wconf 85' lang='grc' dir='ltr'>τόδε</span> <span class='ocrx_word' id='word_1_516' title='bbox 2483 2737 2536 2774; x_wconf 88' lang='grc' dir='ltr'><strong>τι</strong></span> <span class='ocrx_word' id='word_1_517' title='bbox 2581 2720 2867 2790; x_wconf 82' lang='grc' dir='ltr'>λέγουσαι,</span> <span class='ocrx_word' id='word_1_518' title='bbox 2889 2723 3057 2793; x_wconf 78' lang='grc' dir='ltr'>ἀργαὶ</span> <span class='ocrx_word' id='word_1_519' title='bbox 3079 2723 3176 2777; x_wconf 73' lang='grc' dir='ltr'>καὶ</span> <span class='ocrx_word' id='word_1_520' title='bbox 3203 2723 3452 2795; x_wconf 82' lang='grc' dir='ltr'>ἀνόνητοι</span> <span class='ocrx_word' id='word_1_521' title='bbox 3473 2725 3605 2780; x_wconf 77' lang='grc' dir='ltr'>καθ-</span> 
     </span>
    </p>
   </div>
   <div class='ocr_carea' id='block_1_75' title="bbox 2017 2809 3600 2882">
    <p class='ocr_par' dir='ltr' id='par_1_75' title="bbox 2017 2809 3600 2882">
     <span class='ocr_line' id='line_1_75' title="bbox 2017 2809 3600 2882; baseline 0.003 -19"><span class='ocrx_word' id='word_1_522' title='bbox 2017 2811 2284 2881; x_wconf 85' lang='grc' dir='ltr'>εστὴκασι</span> <span class='ocrx_word' id='word_1_523' title='bbox 2307 2811 2444 2882; x_wconf 84' lang='grc' dir='ltr'>πρὸς</span> <span class='ocrx_word' id='word_1_524' title='bbox 2468 2810 2530 2864; x_wconf 82' lang='grc' dir='ltr'>τὸ</span> <span class='ocrx_word' id='word_1_525' title='bbox 2566 2810 2918 2882; x_wconf 79' lang='grc' dir='ltr'>ζητούμενον.</span> <span class='ocrx_word' id='word_1_526' title='bbox 2944 2809 3071 2865; x_wconf 81' lang='grc' dir='ltr'>Οῒον</span> <span class='ocrx_word' id='word_1_527' title='bbox 3092 2812 3427 2882; x_wconf 79' lang='grc' dir='ltr'>ζητουμένου</span> <span class='ocrx_word' id='word_1_528' title='bbox 3467 2816 3515 2868; x_wconf 82' lang='grc' dir='ltr'><strong>εί</strong></span> <span class='ocrx_word' id='word_1_529' title='bbox 3539 2816 3600 2869; x_wconf 81' lang='grc' dir='ltr'><strong>ού</strong></span> 
     </span>
    </p>
   </div>
   <div class='ocr_carea' id='block_1_76' title="bbox 2018 2901 3598 2972">
    <p class='ocr_par' dir='ltr' id='par_1_76' title="bbox 2018 2901 3598 2972">
     <span class='ocr_line' id='line_1_76' title="bbox 2018 2901 3598 2972; baseline 0.002 -16"><span class='ocrx_word' id='word_1_530' title='bbox 2018 2902 2234 2972; x_wconf 76' lang='grc' dir='ltr'>λογικὸς</span> <span class='ocrx_word' id='word_1_531' title='bbox 2249 2905 2278 2956; x_wconf 86' lang='grc' dir='ltr'><strong>ὁ</strong></span> <span class='ocrx_word' id='word_1_532' title='bbox 2307 2902 2539 2966; x_wconf 80' lang='grc' dir='ltr'>Παῦλος,</span> <span class='ocrx_word' id='word_1_533' title='bbox 2557 2901 2718 2957; x_wconf 88' lang='grc' dir='ltr'>τοῦτό</span> <span class='ocrx_word' id='word_1_534' title='bbox 2734 2921 2817 2966; x_wconf 87' lang='grc' dir='ltr'><strong>τις</strong></span> <span class='ocrx_word' id='word_1_535' title='bbox 2844 2903 3162 2965; x_wconf 77' lang='grc' dir='ltr'>σπουδάζων</span> <span class='ocrx_word' id='word_1_536' title='bbox 3187 2905 3598 2968; x_wconf 81' lang='grc' dir='ltr'>ἀποδεικνύειν,</span> 
     </span>
    </p>
   </div>
   <div class='ocr_carea' id='block_1_77' title="bbox 2019 2993 3593 3065">
    <p class='ocr_par' dir='ltr' id='par_1_77' title="bbox 2019 2993 3593 3065">
     <span class='ocr_line' id='line_1_77' title="bbox 2019 2993 3593 3065; baseline 0 -18"><span class='ocrx_word' id='word_1_537' title='bbox 2019 2994 2186 3065; x_wconf 73' lang='grc' dir='ltr'>ἤγουν</span> <span class='ocrx_word' id='word_1_538' title='bbox 2237 2994 2320 3046; x_wconf 87' lang='grc' dir='ltr'><strong>ὅτι</strong></span> <span class='ocrx_word' id='word_1_539' title='bbox 2359 2994 2461 3048; x_wconf 84' lang='grc' dir='ltr'>οὐκ</span> <span class='ocrx_word' id='word_1_540' title='bbox 2515 2993 2632 3048; x_wconf 72' lang='grc' dir='ltr'>ἐστι</span> <span class='ocrx_word' id='word_1_541' title='bbox 2668 2993 2902 3062; x_wconf 68' lang='grc' dir='ltr'>λογικὸς,</span> <span class='ocrx_word' id='word_1_542' title='bbox 2933 2993 3106 3060; x_wconf 82' lang='grc' dir='ltr'>λέγοι,</span> <span class='ocrx_word' id='word_1_543' title='bbox 3154 2994 3268 3055; x_wconf 79' lang='grc' dir='ltr'>Πᾶς</span> <span class='ocrx_word' id='word_1_544' title='bbox 3310 2993 3461 3056; x_wconf 86' lang='grc' dir='ltr'>λίθος</span> <span class='ocrx_word' id='word_1_545' title='bbox 3495 2997 3593 3048; x_wconf 71' lang='grc' dir='ltr'>καὶ</span> 
     </span>
    </p>
   </div>
   <div class='ocr_carea' id='block_1_78' title="bbox 2021 3083 3588 3157">
    <p class='ocr_par' dir='ltr' id='par_1_78' title="bbox 2021 3083 3588 3157">
     <span class='ocr_line' id='line_1_78' title="bbox 2021 3083 3588 3157; baseline 0 -19"><span class='ocrx_word' id='word_1_546' title='bbox 2021 3087 2171 3141; x_wconf 79' lang='grc' dir='ltr'>πᾶσα</span> <span class='ocrx_word' id='word_1_547' title='bbox 2198 3085 2458 3157; x_wconf 84' lang='grc' dir='ltr'>μέλανσις</span> <span class='ocrx_word' id='word_1_548' title='bbox 2480 3086 2690 3156; x_wconf 75' lang='grc' dir='ltr'>ἄλογος,</span> <span class='ocrx_word' id='word_1_549' title='bbox 2712 3085 2862 3139; x_wconf 66' lang='grc' dir='ltr'>ούδὶν</span> <span class='ocrx_word' id='word_1_550' title='bbox 2883 3084 3113 3149; x_wconf 81' lang='grc' dir='ltr'>ούὸόλως</span> <span class='ocrx_word' id='word_1_551' title='bbox 3139 3083 3218 3156; x_wconf 80' lang='grc' dir='ltr'><strong>τῷ</strong></span> <span class='ocrx_word' id='word_1_552' title='bbox 3240 3085 3588 3156; x_wconf 67' lang='grc' dir='ltr'>προκειμένῳ</span> 
     </span>
    </p>
   </div>
   <div class='ocr_carea' id='block_1_79' title="bbox 2019 3169 3585 3245">
    <p class='ocr_par' dir='ltr' id='par_1_79' title="bbox 2019 3169 3585 3245">
     <span class='ocr_line' id='line_1_79' title="bbox 2019 3169 3585 3245; baseline -0.001 -17"><span class='ocrx_word' id='word_1_553' title='bbox 2019 3177 2326 3245; x_wconf 78' lang='grc' dir='ltr'>συνήγαγεν</span> <span class='ocrx_word' id='word_1_554' title='bbox 2346 3193 2362 3208; x_wconf 79' lang='grc' dir='ltr'>ο</span> <span class='ocrx_word' id='word_1_555' title='bbox 2407 3175 2632 3240; x_wconf 82' lang='grc' dir='ltr'>εἰκότως</span> <span class='ocrx_word' id='word_1_556' title='bbox 2669 3169 2764 3230; x_wconf 83' lang='grc' dir='ltr'><strong>οῦν</strong></span> <span class='ocrx_word' id='word_1_557' title='bbox 2810 3174 2904 3229; x_wconf 70' lang='grc' dir='ltr'><strong>ἐπὶ</strong></span> <span class='ocrx_word' id='word_1_558' title='bbox 2943 3173 3120 3244; x_wconf 85' lang='grc' dir='ltr'>τούτῳ</span> <span class='ocrx_word' id='word_1_559' title='bbox 3146 3173 3542 3243; x_wconf 73' lang='grc' dir='ltr'>γελασθήσεται</span> <span class='ocrx_word' id='word_1_560' title='bbox 3569 3191 3585 3206; x_wconf 87' lang='grc'><strong>·</strong></span> 
     </span>
    </p>
   </div>
   <div class='ocr_carea' id='block_1_80' title="bbox 2017 3255 3616 3340">
    <p class='ocr_par' dir='ltr' id='par_1_80' title="bbox 2017 3255 3616 3340">
     <span class='ocr_line' id='line_1_80' title="bbox 2017 3255 3616 3340; baseline -0.004 -16"><span class='ocrx_word' id='word_1_561' title='bbox 2017 3267 2142 3324; x_wconf 86' lang='grc' dir='ltr'>καθ’</span> <span class='ocrx_word' id='word_1_562' title='bbox 2163 3267 2288 3323; x_wconf 85' lang='grc' dir='ltr'>ὅλου</span> <span class='ocrx_word' id='word_1_563' title='bbox 2347 3267 2447 3340; x_wconf 85' lang='grc' dir='ltr'>μὲν</span> <span class='ocrx_word' id='word_1_564' title='bbox 2491 3268 2867 3338; x_wconf 74' lang='grc' dir='ltr'>καταφάσκων</span> <span class='ocrx_word' id='word_1_565' title='bbox 2917 3265 3063 3331; x_wconf 74' lang='grc' dir='ltr'>τινος</span> <span class='ocrx_word' id='word_1_566' title='bbox 3107 3265 3170 3320; x_wconf 78' lang='grc' dir='ltr'><strong>τὸ</strong></span> <span class='ocrx_word' id='word_1_567' title='bbox 3221 3265 3436 3335; x_wconf 83' lang='grc' dir='ltr'>άλογον,</span> <span class='ocrx_word' id='word_1_568' title='bbox 3481 3255 3616 3320; x_wconf 71' lang='grc' dir='ltr'>ἀλλ’</span> 
     </span>
    </p>
   </div>
   <div class='ocr_carea' id='block_1_81' title="bbox 2018 3359 2394 3432">
    <p class='ocr_par' dir='ltr' id='par_1_81' title="bbox 2018 3359 2394 3432">
     <span class='ocr_line' id='line_1_81' title="bbox 2018 3359 2394 3432; baseline 0.003 -17"><span class='ocrx_word' id='word_1_569' title='bbox 2018 3359 2394 3432; x_wconf 82' lang='grc' dir='ltr'>άνομοειδοῦς.</span> 
     </span>
    </p>
   </div>
   <div class='ocr_carea' id='block_1_82' title="bbox 2088 3617 3604 3703">
    <p class='ocr_par' dir='ltr' id='par_1_82' title="bbox 2088 3617 3604 3703">
     <span class='ocr_line' id='line_1_82' title="bbox 2088 3617 3604 3703; baseline -0.003 -25"><span class='ocrx_word' id='word_1_570' title='bbox 2088 3617 2396 3690; x_wconf 79' lang='grc' dir='ltr'>Φάσκοντες</span> <span class='ocrx_word' id='word_1_571' title='bbox 2430 3621 2522 3680; x_wconf 85' lang='grc' dir='ltr'><strong>οῦν</strong></span> <span class='ocrx_word' id='word_1_572' title='bbox 2551 3625 2646 3680; x_wconf 73' lang='grc' dir='ltr'>καὶ</span> <span class='ocrx_word' id='word_1_573' title='bbox 2683 3627 2867 3696; x_wconf 82' lang='grc' dir='ltr'>ἡμεῖς,</span> <span class='ocrx_word' id='word_1_574' title='bbox 2895 3626 3014 3680; x_wconf 79' lang='grc' dir='ltr'>Πᾶν</span> <span class='ocrx_word' id='word_1_575' title='bbox 3047 3624 3231 3703; x_wconf 86' lang='grc' dir='ltr'>μέρος,</span> <span class='ocrx_word' id='word_1_576' title='bbox 3259 3623 3482 3677; x_wconf 74' lang='grc' dir='ltr'>ἔλαττον</span> <span class='ocrx_word' id='word_1_577' title='bbox 3506 3619 3604 3675; x_wconf 86' lang='grc' dir='ltr'><strong>τοῦ</strong></span> 
     </span>
    </p>
   </div>
   <div class='ocr_carea' id='block_1_83' title="bbox 2018 3703 3600 3787">
    <p class='ocr_par' dir='ltr' id='par_1_83' title="bbox 2018 3703 3600 3787">
     <span class='ocr_line' id='line_1_83' title="bbox 2018 3703 3600 3787; baseline -0.002 -18"><span class='ocrx_word' id='word_1_578' title='bbox 2018 3715 2222 3769; x_wconf 77' lang='grc' dir='ltr'>οξκείου</span> <span class='ocrx_word' id='word_1_579' title='bbox 2245 3715 2390 3768; x_wconf 85' lang='grc' dir='ltr'>ὅλου·</span> <span class='ocrx_word' id='word_1_580' title='bbox 2420 3716 2468 3768; x_wconf 84' lang='grc' dir='ltr'><strong>εί</strong></span> <span class='ocrx_word' id='word_1_581' title='bbox 2499 3715 2602 3785; x_wconf 79' lang='grc' dir='ltr'>μὲν</span> <span class='ocrx_word' id='word_1_582' title='bbox 2631 3703 2850 3770; x_wconf 77' lang='grc' dir='ltr'>πάντων</span> <span class='ocrx_word' id='word_1_583' title='bbox 2895 3715 3005 3769; x_wconf 91' lang='grc' dir='ltr'><strong>τῶν</strong></span> <span class='ocrx_word' id='word_1_584' title='bbox 3038 3715 3224 3787; x_wconf 83' lang='grc' dir='ltr'>μερῶν</span> <span class='ocrx_word' id='word_1_585' title='bbox 3251 3707 3327 3769; x_wconf 83' lang='grc' dir='ltr'>ὧν</span> <span class='ocrx_word' id='word_1_586' title='bbox 3357 3713 3600 3768; x_wconf 80' lang='grc' dir='ltr'>συντιθε-</span> 
     </span>
    </p>
   </div>
   <div class='ocr_carea' id='block_1_84' title="bbox 2023 3805 3603 3877">
    <p class='ocr_par' dir='ltr' id='par_1_84' title="bbox 2023 3805 3603 3877">
     <span class='ocr_line' id='line_1_84' title="bbox 2023 3805 3603 3877; baseline -0.002 -17"><span class='ocrx_word' id='word_1_587' title='bbox 2023 3805 2203 3876; x_wconf 81' lang='grc' dir='ltr'>μένων</span> <span class='ocrx_word' id='word_1_588' title='bbox 2239 3807 2428 3877; x_wconf 77' lang='grc' dir='ltr'>μεϊζον</span> <span class='ocrx_word' id='word_1_589' title='bbox 2451 3806 2512 3860; x_wconf 83' lang='grc' dir='ltr'><strong>τὸ</strong></span> <span class='ocrx_word' id='word_1_590' title='bbox 2540 3807 2662 3860; x_wconf 86' lang='grc' dir='ltr'>ὅλον</span> <span class='ocrx_word' id='word_1_591' title='bbox 2691 3807 3046 3876; x_wconf 82' lang='grc' dir='ltr'>γινώσκεται,</span> <span class='ocrx_word' id='word_1_592' title='bbox 3079 3807 3174 3860; x_wconf 75' lang='grc' dir='ltr'>καὶ</span> <span class='ocrx_word' id='word_1_593' title='bbox 3203 3805 3366 3860; x_wconf 87' lang='grc' dir='ltr'>τοῦτο</span> <span class='ocrx_word' id='word_1_594' title='bbox 3393 3806 3603 3868; x_wconf 81' lang='grc' dir='ltr'>τούτοις</span> 
     </span>
    </p>
   </div>
   <div class='ocr_carea' id='block_1_85' title="bbox 2017 3895 3597 3970">
    <p class='ocr_par' dir='ltr' id='par_1_85' title="bbox 2017 3895 3597 3970">
     <span class='ocr_line' id='line_1_85' title="bbox 2017 3895 3597 3970; baseline 0 -19"><span class='ocrx_word' id='word_1_595' title='bbox 2017 3897 2280 3966; x_wconf 71' lang='grc' dir='ltr'>ὁμογενὲς</span> <span class='ocrx_word' id='word_1_596' title='bbox 2314 3899 2408 3952; x_wconf 81' lang='grc' dir='ltr'>καὶ</span> <span class='ocrx_word' id='word_1_597' title='bbox 2451 3899 2696 3970; x_wconf 75' lang='grc' dir='ltr'>ὁμοειδές</span> <span class='ocrx_word' id='word_1_598' title='bbox 2741 3913 2881 3968; x_wconf 77' lang='grc' dir='ltr'>φατε</span> <span class='ocrx_word' id='word_1_599' title='bbox 2927 3895 3070 3954; x_wconf 71' lang='grc' dir='ltr'>εἶναι</span> <span class='ocrx_word' id='word_1_600' title='bbox 3106 3899 3196 3954; x_wconf 77' lang='grc' dir='ltr'><strong>τον</strong></span> <span class='ocrx_word' id='word_1_601' title='bbox 3226 3899 3361 3954; x_wconf 80' lang='grc' dir='ltr'>Θεὸν</span> <span class='ocrx_word' id='word_1_602' title='bbox 3404 3899 3597 3967; x_wconf 81' lang='grc' dir='ltr'>Λόγον,</span> 
     </span>
    </p>
   </div>
   <div class='ocr_carea' id='block_1_86' title="bbox 2021 3990 3599 4062">
    <p class='ocr_par' dir='ltr' id='par_1_86' title="bbox 2021 3990 3599 4062">
     <span class='ocr_line' id='line_1_86' title="bbox 2021 3990 3599 4062; baseline 0.003 -20"><span class='ocrx_word' id='word_1_603' title='bbox 2021 3990 2203 4054; x_wconf 83' lang='grc' dir='ltr'>καλῶς</span> <span class='ocrx_word' id='word_1_604' title='bbox 2228 3990 2329 4062; x_wconf 79' lang='grc' dir='ltr'>τὴν</span> <span class='ocrx_word' id='word_1_605' title='bbox 2357 3991 2420 4044; x_wconf 82' lang='grc' dir='ltr'>ἐκ</span> <span class='ocrx_word' id='word_1_606' title='bbox 2443 3991 2543 4061; x_wconf 79' lang='grc' dir='ltr'><strong>τῆς</strong></span> <span class='ocrx_word' id='word_1_607' title='bbox 2575 3990 2807 4044; x_wconf 75' lang='grc' dir='ltr'>καθόλου</span> <span class='ocrx_word' id='word_1_608' title='bbox 2841 3991 3208 4061; x_wconf 78' lang='grc' dir='ltr'>καταφάσεως</span> <span class='ocrx_word' id='word_1_609' title='bbox 3228 3992 3422 4062; x_wconf 87' lang='grc' dir='ltr'>ὁμοίαν</span> <span class='ocrx_word' id='word_1_610' title='bbox 3452 3991 3599 4061; x_wconf 80' lang='grc' dir='ltr'>αὐτῷ</span> 
     </span>
    </p>
   </div>
   <div class='ocr_carea' id='block_1_87' title="bbox 2019 4083 3598 4156">
    <p class='ocr_par' dir='ltr' id='par_1_87' title="bbox 2019 4083 3598 4156">
     <span class='ocr_line' id='line_1_87' title="bbox 2019 4083 3598 4156; baseline 0 -18"><span class='ocrx_word' id='word_1_611' title='bbox 2019 4083 2359 4155; x_wconf 85' lang='grc' dir='ltr'>κατηγορίαν</span> <span class='ocrx_word' id='word_1_612' title='bbox 2401 4083 2670 4152; x_wconf 80' lang='grc' dir='ltr'>ὲπάγετε,</span> <span class='ocrx_word' id='word_1_613' title='bbox 2703 4083 2790 4139; x_wconf 77' lang='grc' dir='ltr'>ἵνα</span> <span class='ocrx_word' id='word_1_614' title='bbox 2817 4083 2896 4147; x_wconf 82' lang='grc' dir='ltr'><strong>ὡς</strong></span> <span class='ocrx_word' id='word_1_615' title='bbox 2935 4083 3113 4139; x_wconf 86' lang='grc' dir='ltr'>πάντα</span> <span class='ocrx_word' id='word_1_616' title='bbox 3141 4085 3209 4138; x_wconf 84' lang='grc' dir='ltr'><strong>τὰ</strong></span> <span class='ocrx_word' id='word_1_617' title='bbox 3235 4086 3470 4156; x_wconf 85' lang='grc' dir='ltr'>ὁμογενῆ</span> <span class='ocrx_word' id='word_1_618' title='bbox 3505 4085 3598 4138; x_wconf 81' lang='grc' dir='ltr'>καὶ</span> 
     </span>
    </p>
   </div>
   <div class='ocr_carea' id='block_1_88' title="bbox 2020 4174 3600 4247">
    <p class='ocr_par' dir='ltr' id='par_1_88' title="bbox 2020 4174 3600 4247">
     <span class='ocr_line' id='line_1_88' title="bbox 2020 4174 3600 4247; baseline -0.001 -19"><span class='ocrx_word' id='word_1_619' title='bbox 2020 4175 2240 4244; x_wconf 81' lang='grc' dir='ltr'>ὁμοειδῆ</span> <span class='ocrx_word' id='word_1_620' title='bbox 2291 4176 2456 4247; x_wconf 75' lang='grc' dir='ltr'>μέρος</span> <span class='ocrx_word' id='word_1_621' title='bbox 2495 4175 2812 4246; x_wconf 68' lang='grc' dir='ltr'>γενόμενος,</span> <span class='ocrx_word' id='word_1_622' title='bbox 2853 4174 3059 4244; x_wconf 84' lang='grc' dir='ltr'>ὁμοίως</span> <span class='ocrx_word' id='word_1_623' title='bbox 3103 4175 3250 4245; x_wconf 75' lang='grc' dir='ltr'>ἔχειν</span> <span class='ocrx_word' id='word_1_624' title='bbox 3301 4176 3394 4231; x_wconf 71' lang='grc' dir='ltr'><strong>καὶ</strong></span> <span class='ocrx_word' id='word_1_625' title='bbox 3438 4175 3600 4238; x_wconf 70' lang='grc' dir='ltr'>αὐτὸς</span> 
     </span>
    </p>
   </div>
   <div class='ocr_carea' id='block_1_89' title="bbox 2021 4265 3598 4338">
    <p class='ocr_par' dir='ltr' id='par_1_89' title="bbox 2021 4265 3598 4338">
     <span class='ocr_line' id='line_1_89' title="bbox 2021 4265 3598 4338; baseline 0.001 -20"><span class='ocrx_word' id='word_1_626' title='bbox 2021 4265 2159 4338; x_wconf 79' lang='grc' dir='ltr'>πρὸς</span> <span class='ocrx_word' id='word_1_627' title='bbox 2181 4267 2240 4320; x_wconf 88' lang='grc' dir='ltr'>τὸ</span> <span class='ocrx_word' id='word_1_628' title='bbox 2281 4267 2480 4320; x_wconf 80' lang='grc' dir='ltr'>οἰκεῖον</span> <span class='ocrx_word' id='word_1_629' title='bbox 2521 4267 2642 4321; x_wconf 86' lang='grc' dir='ltr'>ὅλον</span> <span class='ocrx_word' id='word_1_630' title='bbox 2680 4265 3088 4336; x_wconf 82' lang='grc' dir='ltr'>λογισθήσεται.</span> <span class='ocrx_word' id='word_1_631' title='bbox 3141 4267 3205 4320; x_wconf 80' lang='lat' dir='ltr'><strong>El</strong></span> <span class='ocrx_word' id='word_1_632' title='bbox 3244 4267 3303 4321; x_wconf 80' lang='grc' dir='ltr'><strong>δέ</strong></span> <span class='ocrx_word' id='word_1_633' title='bbox 3350 4266 3509 4322; x_wconf 89' lang='grc' dir='ltr'>τοῦτο</span> <span class='ocrx_word' id='word_1_634' title='bbox 3536 4266 3598 4320; x_wconf 85' lang='grc' dir='ltr'>οὐ</span> 
     </span>
    </p>
   </div>
   <div class='ocr_carea' id='block_1_90' title="bbox 337 4357 1921 4431">
    <p class='ocr_par' dir='ltr' id='par_1_90' title="bbox 337 4359 1914 4431">
     <span class='ocr_line' id='line_1_90' title="bbox 337 4359 1914 4431; baseline 0.001 -17"><span class='ocrx_word' id='word_1_635' title='bbox 337 4367 582 4430; x_wconf 84' lang='lat' dir='ltr'><strong>putetur.</strong></span> <span class='ocrx_word' id='word_1_636' title='bbox 617 4361 673 4418; x_wconf 90' lang='lat' dir='ltr'><strong>Si</strong></span> <span class='ocrx_word' id='word_1_637' title='bbox 708 4377 842 4418; x_wconf 91' lang='lat' dir='ltr'><strong>vero</strong></span> <span class='ocrx_word' id='word_1_638' title='bbox 878 4361 1024 4418; x_wconf 87' lang='lat' dir='ltr'><strong>hanc</strong></span> <span class='ocrx_word' id='word_1_639' title='bbox 1045 4361 1449 4431; x_wconf 86' lang='lat' dir='ltr'><strong>blasphemiam</strong></span> <span class='ocrx_word' id='word_1_640' title='bbox 1481 4376 1592 4416; x_wconf 90' lang='lat' dir='ltr'><strong>non</strong></span> <span class='ocrx_word' id='word_1_641' title='bbox 1629 4360 1750 4416; x_wconf 90' lang='lat' dir='ltr'><strong>ausi</strong></span> <span class='ocrx_word' id='word_1_642' title='bbox 1789 4359 1914 4416; x_wconf 83' lang='lat' dir='ltr'><strong>fue-</strong></span> 
     </span>
    </p>
   </div>
   <div class='ocr_carea' id='block_1_91' title="bbox 2027 4357 3600 4431">
    <p class='ocr_par' dir='ltr' id='par_1_91' title="bbox 2027 4357 3600 4431">
     <span class='ocr_line' id='line_1_91' title="bbox 2027 4357 3600 4431; baseline 0 -21"><span class='ocrx_word' id='word_1_643' title='bbox 2027 4358 2324 4428; x_wconf 81' lang='grc' dir='ltr'>τολμήσετε</span> <span class='ocrx_word' id='word_1_644' title='bbox 2348 4357 2410 4410; x_wconf 82' lang='grc' dir='ltr'>τὸ</span> <span class='ocrx_word' id='word_1_645' title='bbox 2447 4358 2606 4412; x_wconf 78' lang='grc' dir='ltr'>ἄθεον</span> <span class='ocrx_word' id='word_1_646' title='bbox 2637 4358 3067 4430; x_wconf 79' lang='grc' dir='ltr'>ἁπερεύξασθαι,</span> <span class='ocrx_word' id='word_1_647' title='bbox 3090 4358 3180 4412; x_wconf 84' lang='grc' dir='ltr'><strong>διὰ</strong></span> <span class='ocrx_word' id='word_1_648' title='bbox 3208 4359 3270 4412; x_wconf 80' lang='grc' dir='ltr'><strong>τὸ</strong></span> <span class='ocrx_word' id='word_1_649' title='bbox 3305 4358 3381 4431; x_wconf 84' lang='grc' dir='ltr'>μὴ</span> <span class='ocrx_word' id='word_1_650' title='bbox 3410 4360 3600 4429; x_wconf 82' lang='grc' dir='ltr'>φέρειν</span> 
     </span>
    </p>
   </div>
   <div class='ocr_carea' id='block_1_92' title="bbox 339 4451 1920 4524">
    <p class='ocr_par' dir='ltr' id='par_1_92' title="bbox 339 4451 1920 4524">
     <span class='ocr_line' id='line_1_92' title="bbox 339 4451 1920 4524; baseline 0 -18"><span class='ocrx_word' id='word_1_651' title='bbox 339 4451 482 4519; x_wconf 87' lang='lat' dir='ltr'><strong>ritis,</strong></span> <span class='ocrx_word' id='word_1_652' title='bbox 511 4453 583 4507; x_wconf 87' lang='lat' dir='ltr'><strong>ob</strong></span> <span class='ocrx_word' id='word_1_653' title='bbox 613 4454 924 4524; x_wconf 76' lang='lat' dir='ltr'><strong>reprobatis</strong></span> <span class='ocrx_word' id='word_1_654' title='bbox 953 4469 1054 4510; x_wconf 90' lang='lat' dir='ltr'><strong>vos</strong></span> <span class='ocrx_word' id='word_1_655' title='bbox 1079 4463 1470 4524; x_wconf 88' lang='lat' dir='ltr'><strong>argumentum</strong></span> <span class='ocrx_word' id='word_1_656' title='bbox 1523 4453 1825 4523; x_wconf 89' lang='lat' dir='ltr'><strong>impietatis</strong></span> <span class='ocrx_word' id='word_1_657' title='bbox 1861 4453 1920 4507; x_wconf 81' lang='lat' dir='ltr'><strong>in</strong></span> 
     </span>
    </p>
   </div>
   <div class='ocr_carea' id='block_1_93' title="bbox 337 4543 1918 4614">
    <p class='ocr_par' dir='ltr' id='par_1_93' title="bbox 337 4543 1918 4614">
     <span class='ocr_line' id='line_1_93' title="bbox 337 4543 1918 4614; baseline 0.002 -17"><span class='ocrx_word' id='word_1_658' title='bbox 337 4559 435 4598; x_wconf 89' lang='lat' dir='ltr'><strong>vos</strong></span> <span class='ocrx_word' id='word_1_659' title='bbox 469 4553 696 4614; x_wconf 89' lang='lat' dir='ltr'><strong>repente</strong></span> <span class='ocrx_word' id='word_1_660' title='bbox 720 4544 961 4611; x_wconf 87' lang='lat' dir='ltr'><strong>irruens,</strong></span> <span class='ocrx_word' id='word_1_661' title='bbox 993 4545 1142 4600; x_wconf 86' lang='lat' dir='ltr'><strong>haud</strong></span> <span class='ocrx_word' id='word_1_662' title='bbox 1172 4552 1324 4600; x_wconf 91' lang='lat' dir='ltr'><strong>recta</strong></span> <span class='ocrx_word' id='word_1_663' title='bbox 1346 4543 1562 4601; x_wconf 87' lang='lat' dir='ltr'><strong>ratione</strong></span> <span class='ocrx_word' id='word_1_664' title='bbox 1589 4558 1685 4600; x_wconf 89' lang='lat' dir='ltr'><strong>vos</strong></span> <span class='ocrx_word' id='word_1_665' title='bbox 1713 4544 1918 4600; x_wconf 81' lang='lat' dir='ltr'><strong>dixisse</strong></span> 
     </span>
    </p>
   </div>
   <div class='ocr_carea' id='block_1_94' title="bbox 339 4635 1917 4708">
    <p class='ocr_par' dir='ltr' id='par_1_94' title="bbox 339 4635 1917 4708">
     <span class='ocr_line' id='line_1_94' title="bbox 339 4635 1917 4708; baseline 0 -18"><span class='ocrx_word' id='word_1_666' title='bbox 339 4645 493 4706; x_wconf 88' lang='lat' dir='ltr'><strong>patet</strong></span> <span class='ocrx_word' id='word_1_667' title='bbox 518 4653 534 4704; x_wconf 93' lang='lat'><strong>;</strong></span> <span class='ocrx_word' id='word_1_668' title='bbox 573 4637 846 4708; x_wconf 90' lang='lat' dir='ltr'><strong>siquidem</strong></span> <span class='ocrx_word' id='word_1_669' title='bbox 891 4637 945 4692; x_wconf 92' lang='lat' dir='ltr'><strong>in</strong></span> <span class='ocrx_word' id='word_1_670' title='bbox 980 4636 1194 4692; x_wconf 67' lang='lat' dir='ltr'><strong>caeteris</strong></span> <span class='ocrx_word' id='word_1_671' title='bbox 1223 4635 1571 4690; x_wconf 88' lang='lat' dir='ltr'><strong>naturalibus</strong></span> <span class='ocrx_word' id='word_1_672' title='bbox 1595 4635 1702 4693; x_wconf 89' lang='lat' dir='ltr'><strong>hoc</strong></span> <span class='ocrx_word' id='word_1_673' title='bbox 1725 4636 1917 4690; x_wconf 85' lang='lat' dir='ltr'><strong>catho-</strong></span> 
     </span>
    </p>
   </div>
   <div class='ocr_carea' id='block_1_95' title="bbox 337 4723 1921 4796">
    <p class='ocr_par' dir='ltr' id='par_1_95' title="bbox 337 4723 1921 4796">
     <span class='ocr_line' id='line_1_95' title="bbox 337 4723 1921 4796; baseline 0.002 -19"><span class='ocrx_word' id='word_1_674' title='bbox 337 4723 446 4779; x_wconf 88' lang='lat' dir='ltr'><strong>lice</strong></span> <span class='ocrx_word' id='word_1_675' title='bbox 484 4724 724 4790; x_wconf 90' lang='lat' dir='ltr'><strong>sentitis,</strong></span> <span class='ocrx_word' id='word_1_676' title='bbox 747 4726 1105 4796; x_wconf 87' lang='lat' dir='ltr'><strong>Verbumque</strong></span> <span class='ocrx_word' id='word_1_677' title='bbox 1141 4725 1197 4779; x_wconf 94' lang='lat' dir='ltr'><strong>in</strong></span> <span class='ocrx_word' id='word_1_678' title='bbox 1233 4724 1403 4779; x_wconf 70' lang='lat' dir='ltr'><strong>verbo</strong></span> <span class='ocrx_word' id='word_1_679' title='bbox 1436 4724 1586 4794; x_wconf 93' lang='lat' dir='ltr'><strong>quod</strong></span> <span class='ocrx_word' id='word_1_680' title='bbox 1628 4739 1796 4794; x_wconf 90' lang='lat' dir='ltr'><strong>supra</strong></span> <span class='ocrx_word' id='word_1_681' title='bbox 1823 4740 1921 4780; x_wconf 87' lang='lat' dir='ltr'><strong>na-</strong></span> 
     </span>
    </p>
   </div>
   <div class='ocr_carea' id='block_1_96' title="bbox 339 4816 1915 4888">
    <p class='ocr_par' dir='ltr' id='par_1_96' title="bbox 339 4816 1915 4888">
     <span class='ocr_line' id='line_1_96' title="bbox 339 4816 1915 4888; baseline 0.001 -20"><span class='ocrx_word' id='word_1_682' title='bbox 339 4823 520 4870; x_wconf 88' lang='lat' dir='ltr'><strong>turam</strong></span> <span class='ocrx_word' id='word_1_683' title='bbox 574 4833 854 4888; x_wconf 90' lang='lat' dir='ltr'><strong>supraque</strong></span> <span class='ocrx_word' id='word_1_684' title='bbox 902 4817 1008 4872; x_wconf 84' lang='lat' dir='ltr'><strong>alia</strong></span> <span class='ocrx_word' id='word_1_685' title='bbox 1058 4817 1267 4874; x_wconf 87' lang='lat' dir='ltr'><strong>eminet</strong></span> <span class='ocrx_word' id='word_1_686' title='bbox 1311 4823 1458 4872; x_wconf 87' lang='lat' dir='ltr'><strong>recte</strong></span> <span class='ocrx_word' id='word_1_687' title='bbox 1504 4816 1915 4872; x_wconf 88' lang='lat' dir='ltr'><strong>demonstratis.</strong></span> 
     </span>
    </p>
   </div>
   <div class='ocr_carea' id='block_1_97' title="bbox 339 4907 1921 4966">
    <p class='ocr_par' dir='ltr' id='par_1_97' title="bbox 339 4907 1921 4966">
     <span class='ocr_line' id='line_1_97' title="bbox 339 4907 1921 4966; baseline 0 -5"><span class='ocrx_word' id='word_1_688' title='bbox 339 4907 470 4962; x_wconf 91' lang='lat' dir='ltr'><strong>Inde</strong></span> <span class='ocrx_word' id='word_1_689' title='bbox 506 4917 691 4963; x_wconf 89' lang='lat' dir='ltr'><strong>autem</strong></span> <span class='ocrx_word' id='word_1_690' title='bbox 719 4910 790 4963; x_wconf 93' lang='lat' dir='ltr'><strong>ob</strong></span> <span class='ocrx_word' id='word_1_691' title='bbox 815 4909 1184 4965; x_wconf 88' lang='lat' dir='ltr'><strong>reverentiam</strong></span> <span class='ocrx_word' id='word_1_692' title='bbox 1231 4909 1436 4966; x_wconf 90' lang='lat' dir='ltr'><strong>unione</strong></span> <span class='ocrx_word' id='word_1_693' title='bbox 1465 4908 1825 4964; x_wconf 84' lang='lat' dir='ltr'><strong>Divinitatem</strong></span> <span class='ocrx_word' id='word_1_694' title='bbox 1853 4907 1921 4962; x_wconf 90' lang='lat' dir='ltr'><strong>li-</strong></span> 
     </span>
    </p>
   </div>
   <div class='ocr_carea' id='block_1_98' title="bbox 338 4999 1917 5074">
    <p class='ocr_par' dir='ltr' id='par_1_98' title="bbox 338 4999 1917 5074">
     <span class='ocr_line' id='line_1_98' title="bbox 338 4999 1917 5074; baseline -0.003 -18"><span class='ocrx_word' id='word_1_695' title='bbox 338 5001 534 5056; x_wconf 84' lang='lat' dir='ltr'><strong>berare</strong></span> <span class='ocrx_word' id='word_1_696' title='bbox 572 5001 922 5068; x_wconf 90' lang='lat' dir='ltr'><strong>simulantes,</strong></span> <span class='ocrx_word' id='word_1_697' title='bbox 949 5003 1062 5073; x_wconf 88' lang='lat' dir='ltr'><strong>jam</strong></span> <span class='ocrx_word' id='word_1_698' title='bbox 1103 5004 1361 5074; x_wconf 86' lang='lat' dir='ltr'><strong>injustius</strong></span> <span class='ocrx_word' id='word_1_699' title='bbox 1404 5004 1549 5057; x_wconf 89' lang='lat' dir='ltr'><strong>hanc</strong></span> <span class='ocrx_word' id='word_1_700' title='bbox 1581 4999 1917 5069; x_wconf 88' lang='lat' dir='ltr'><strong>contempsi-</strong></span> 
     </span>
    </p>
   </div>
   <div class='ocr_carea' id='block_1_99' title="bbox 339 5090 1919 5164">
    <p class='ocr_par' dir='ltr' id='par_1_99' title="bbox 339 5090 1919 5164">
     <span class='ocr_line' id='line_1_99' title="bbox 339 5090 1919 5164; baseline -0.001 -18"><span class='ocrx_word' id='word_1_701' title='bbox 339 5091 478 5156; x_wconf 86' lang='lat' dir='ltr'><strong>slis,</strong></span> <span class='ocrx_word' id='word_1_702' title='bbox 526 5106 654 5146; x_wconf 91' lang='lat' dir='ltr'><strong>cum</strong></span> <span class='ocrx_word' id='word_1_703' title='bbox 709 5090 849 5146; x_wconf 90' lang='lat' dir='ltr'><strong>nihil</strong></span> <span class='ocrx_word' id='word_1_704' title='bbox 904 5108 1070 5164; x_wconf 90' lang='lat' dir='ltr'><strong>supra</strong></span> <span class='ocrx_word' id='word_1_705' title='bbox 1103 5094 1320 5163; x_wconf 89' lang='lat' dir='ltr'><strong>reliqua</strong></span> <span class='ocrx_word' id='word_1_706' title='bbox 1374 5093 1600 5162; x_wconf 85' lang='lat' dir='ltr'><strong>cognita</strong></span> <span class='ocrx_word' id='word_1_707' title='bbox 1637 5091 1919 5160; x_wconf 88' lang='lat' dir='ltr'><strong>peculiare</strong></span> 
     </span>
    </p>
   </div>
   <div class='ocr_carea' id='block_1_100' title="bbox 341 5181 1921 5253">
    <p class='ocr_par' dir='ltr' id='par_1_100' title="bbox 341 5181 1921 5253">
     <span class='ocr_line' id='line_1_100' title="bbox 341 5181 1921 5253; baseline 0.001 -17"><span class='ocrx_word' id='word_1_708' title='bbox 341 5192 598 5238; x_wconf 89' lang='lat' dir='ltr'><strong>naturam</strong></span> <span class='ocrx_word' id='word_1_709' title='bbox 632 5181 786 5238; x_wconf 90' lang='lat' dir='ltr'><strong>illius</strong></span> <span class='ocrx_word' id='word_1_710' title='bbox 814 5182 1022 5241; x_wconf 90' lang='lat' dir='ltr'><strong>habere</strong></span> <span class='ocrx_word' id='word_1_711' title='bbox 1047 5182 1437 5247; x_wconf 89' lang='lat' dir='ltr'><strong>credideritis;</strong></span> <span class='ocrx_word' id='word_1_712' title='bbox 1479 5181 1606 5237; x_wconf 92' lang='lat' dir='ltr'><strong>ideo</strong></span> <span class='ocrx_word' id='word_1_713' title='bbox 1632 5182 1786 5253; x_wconf 77' lang='lat' dir='ltr'><strong>juxta</strong></span> <span class='ocrx_word' id='word_1_714' title='bbox 1820 5198 1921 5238; x_wconf 92' lang='lat' dir='ltr'><strong>vos</strong></span> 
     </span>
    </p>
   </div>
   <div class='ocr_carea' id='block_1_101' title="bbox 339 5273 1918 5346">
    <p class='ocr_par' dir='ltr' id='par_1_101' title="bbox 339 5273 1918 5346">
     <span class='ocr_line' id='line_1_101' title="bbox 339 5273 1918 5346; baseline 0.002 -17"><span class='ocrx_word' id='word_1_715' title='bbox 339 5275 456 5345; x_wconf 77' lang='lat' dir='ltr'><strong>ipse</strong></span> <span class='ocrx_word' id='word_1_716' title='bbox 484 5289 728 5346; x_wconf 88' lang='lat' dir='ltr'><strong>quoque,</strong></span> <span class='ocrx_word' id='word_1_717' title='bbox 756 5275 949 5332; x_wconf 89' lang='lat' dir='ltr'><strong>eadem</strong></span> <span class='ocrx_word' id='word_1_718' title='bbox 998 5275 1170 5330; x_wconf 87' lang='lat' dir='ltr'><strong>verba</strong></span> <span class='ocrx_word' id='word_1_719' title='bbox 1203 5273 1464 5330; x_wconf 85' lang='lat' dir='ltr'><strong>omnibus</strong></span> <span class='ocrx_word' id='word_1_720' title='bbox 1494 5275 1809 5345; x_wconf 91' lang='lat' dir='ltr'><strong>imponens,</strong></span> <span class='ocrx_word' id='word_1_721' title='bbox 1849 5275 1918 5332; x_wconf 87' lang='lat' dir='ltr'><strong>ad</strong></span> 
     </span>
    </p>
   </div>
   <div class='ocr_carea' id='block_1_102' title="bbox 337 5365 1494 5438">
    <p class='ocr_par' dir='ltr' id='par_1_102' title="bbox 337 5365 1494 5438">
     <span class='ocr_line' id='line_1_102' title="bbox 337 5365 1494 5438; baseline 0.003 -19"><span class='ocrx_word' id='word_1_722' title='bbox 337 5366 600 5426; x_wconf 85' lang='lat' dir='ltr'><strong>unionem</strong></span> <span class='ocrx_word' id='word_1_723' title='bbox 625 5384 752 5424; x_wconf 87' lang='lat' dir='ltr'><strong>cum</strong></span> <span class='ocrx_word' id='word_1_724' title='bbox 781 5368 959 5423; x_wconf 90' lang='lat' dir='ltr'><strong>altero</strong></span> <span class='ocrx_word' id='word_1_725' title='bbox 991 5365 1257 5422; x_wconf 88' lang='lat' dir='ltr'><strong>accedere</strong></span> <span class='ocrx_word' id='word_1_726' title='bbox 1287 5379 1494 5438; x_wconf 87' lang='lat' dir='ltr'><strong>posset.</strong></span> 
     </span>
    </p>
   </div>
   <div class='ocr_carea' id='block_1_103' title="bbox 407 5459 1922 5534">
    <p class='ocr_par' dir='ltr' id='par_1_103' title="bbox 407 5459 1922 5534">
     <span class='ocr_line' id='line_1_103' title="bbox 407 5459 1922 5534; baseline 0.001 -17"><span class='ocrx_word' id='word_1_727' title='bbox 407 5460 513 5517; x_wconf 85' lang='lat' dir='ltr'><strong>Ubi</strong></span> <span class='ocrx_word' id='word_1_728' title='bbox 529 5477 754 5532; x_wconf 88' lang='lat' dir='ltr'><strong>quoque</strong></span> <span class='ocrx_word' id='word_1_729' title='bbox 775 5469 906 5516; x_wconf 90' lang='lat' dir='ltr'><strong>sunt</strong></span> <span class='ocrx_word' id='word_1_730' title='bbox 934 5459 1139 5530; x_wconf 89' lang='lat' dir='ltr'><strong>quibus</strong></span> <span class='ocrx_word' id='word_1_731' title='bbox 1169 5459 1250 5514; x_wconf 90' lang='lat' dir='ltr'><strong>illi</strong></span> <span class='ocrx_word' id='word_1_732' title='bbox 1281 5459 1541 5517; x_wconf 90' lang='lat' dir='ltr'><strong>unionem</strong></span> <span class='ocrx_word' id='word_1_733' title='bbox 1564 5461 1922 5534; x_wconf 89' lang='lat' dir='ltr'><strong>denegabatis</strong></span> 
     </span>
    </p>
   </div>
   <div class='ocr_carea' id='block_1_104' title="bbox 338 5547 1919 5624">
    <p class='ocr_par' dir='ltr' id='par_1_104' title="bbox 338 5547 1919 5624">
     <span class='ocr_line' id='line_1_104' title="bbox 338 5547 1919 5624; baseline 0.004 -22"><span class='ocrx_word' id='word_1_734' title='bbox 338 5547 413 5603; x_wconf 83' lang='lat' dir='ltr'><strong>ob</strong></span> <span class='ocrx_word' id='word_1_735' title='bbox 445 5548 620 5618; x_wconf 88' lang='lat' dir='ltr'><strong>ipsius</strong></span> <span class='ocrx_word' id='word_1_736' title='bbox 665 5558 921 5604; x_wconf 88' lang='lat' dir='ltr'><strong>naturam</strong></span> <span class='ocrx_word' id='word_1_737' title='bbox 961 5549 1270 5608; x_wconf 87' lang='lat' dir='ltr'><strong>absimilem</strong></span> <span class='ocrx_word' id='word_1_738' title='bbox 1323 5560 1489 5622; x_wconf 89' lang='lat' dir='ltr'><strong>atque</strong></span> <span class='ocrx_word' id='word_1_739' title='bbox 1533 5569 1702 5624; x_wconf 91' lang='lat' dir='ltr'><strong>supra</strong></span> <span class='ocrx_word' id='word_1_740' title='bbox 1734 5554 1919 5609; x_wconf 87' lang='lat' dir='ltr'><strong>omnia</strong></span> 
     </span>
    </p>
   </div>
   <div class='ocr_carea' id='block_1_105' title="bbox 339 5637 1920 5715">
    <p class='ocr_par' dir='ltr' id='par_1_105' title="bbox 339 5637 1920 5715">
     <span class='ocr_line' id='line_1_105' title="bbox 339 5637 1920 5715; baseline 0.004 -22"><span class='ocrx_word' id='word_1_741' title='bbox 339 5637 877 5710; x_wconf 75' lang='lat' dir='ltr'><strong>incomparabilem?</strong></span> <span class='ocrx_word' id='word_1_742' title='bbox 907 5641 1014 5700; x_wconf 88' lang='lat' dir='ltr'><strong>Sed</strong></span> <span class='ocrx_word' id='word_1_743' title='bbox 1046 5650 1218 5715; x_wconf 82' lang='lat' dir='ltr'><strong>patet,</strong></span> <span class='ocrx_word' id='word_1_744' title='bbox 1256 5643 1310 5700; x_wconf 91' lang='lat' dir='ltr'><strong>in</strong></span> <span class='ocrx_word' id='word_1_745' title='bbox 1343 5645 1549 5715; x_wconf 86' lang='lat' dir='ltr'><strong>quibus</strong></span> <span class='ocrx_word' id='word_1_746' title='bbox 1592 5646 1796 5702; x_wconf 89' lang='lat' dir='ltr'><strong>dicitur</strong></span> <span class='ocrx_word' id='word_1_747' title='bbox 1837 5646 1920 5700; x_wconf 84' lang='lat' dir='ltr'><strong>fa-</strong></span> 
     </span>
    </p>
   </div>
   <div class='ocr_carea' id='block_1_106' title="bbox 2019 4447 3600 4522">
    <p class='ocr_par' dir='ltr' id='par_1_106' title="bbox 2019 4447 3600 4522">
     <span class='ocr_line' id='line_1_106' title="bbox 2019 4447 3600 4522; baseline 0.003 -21"><span class='ocrx_word' id='word_1_748' title='bbox 2019 4449 2111 4502; x_wconf 73' lang='grc' dir='ltr'><strong>τὸν</strong></span> <span class='ocrx_word' id='word_1_749' title='bbox 2141 4447 2426 4518; x_wconf 83' lang='grc' dir='ltr'>λικμῶντα</span> <span class='ocrx_word' id='word_1_750' title='bbox 2459 4450 2606 4520; x_wconf 79' lang='grc' dir='ltr'>ὑμᾶς</span> <span class='ocrx_word' id='word_1_751' title='bbox 2639 4449 2861 4520; x_wconf 76' lang='grc' dir='ltr'>ἔλεγχον</span> <span class='ocrx_word' id='word_1_752' title='bbox 2881 4450 2982 4520; x_wconf 81' lang='grc' dir='ltr'>τῆς</span> <span class='ocrx_word' id='word_1_753' title='bbox 3015 4450 3272 4514; x_wconf 68' lang='grc' dir='ltr'>ἀσεϐείας</span> <span class='ocrx_word' id='word_1_754' title='bbox 3305 4449 3600 4522; x_wconf 80' lang='grc' dir='ltr'>παραχρῆ-</span> 
     </span>
    </p>
   </div>
   <div class='ocr_carea' id='block_1_107' title="bbox 2024 4541 3604 4614">
    <p class='ocr_par' dir='ltr' id='par_1_107' title="bbox 2024 4541 3604 4614">
     <span class='ocr_line' id='line_1_107' title="bbox 2024 4541 3604 4614; baseline -0.001 -18"><span class='ocrx_word' id='word_1_755' title='bbox 2024 4559 2102 4613; x_wconf 88' lang='grc' dir='ltr'><strong>μα</strong></span> <span class='ocrx_word' id='word_1_756' title='bbox 2123 4542 2255 4612; x_wconf 80' lang='grc' dir='ltr'>ὑμῖν</span> <span class='ocrx_word' id='word_1_757' title='bbox 2287 4543 2730 4614; x_wconf 79' lang='grc' dir='ltr'>ὲπισκήπτοντα,</span> <span class='ocrx_word' id='word_1_758' title='bbox 2754 4543 2916 4612; x_wconf 75' lang='grc' dir='ltr'>δῆλον</span> <span class='ocrx_word' id='word_1_759' title='bbox 2943 4544 3026 4597; x_wconf 87' lang='grc' dir='ltr'><strong>ὅτι</strong></span> <span class='ocrx_word' id='word_1_760' title='bbox 3049 4543 3151 4598; x_wconf 83' lang='grc' dir='ltr'>οὐκ</span> <span class='ocrx_word' id='word_1_761' title='bbox 3175 4543 3415 4612; x_wconf 71' lang='grc' dir='ltr'>εὐλόγως</span> <span class='ocrx_word' id='word_1_762' title='bbox 3435 4559 3448 4572; x_wconf 81' lang='grc'><strong><em>⁸</em></strong></span> <span class='ocrx_word' id='word_1_763' title='bbox 3480 4541 3604 4595; x_wconf 73' lang='grc' dir='ltr'>ἐπεὶ</span> 
     </span>
    </p>
   </div>
   <div class='ocr_carea' id='block_1_108' title="bbox 2019 4632 3603 4706">
    <p class='ocr_par' dir='ltr' id='par_1_108' title="bbox 2019 4632 3603 4706">
     <span class='ocr_line' id='line_1_108' title="bbox 2019 4632 3603 4706; baseline 0 -20"><span class='ocrx_word' id='word_1_764' title='bbox 2019 4635 2078 4686; x_wconf 77' lang='grc' dir='ltr'>ὲν</span> <span class='ocrx_word' id='word_1_765' title='bbox 2123 4635 2240 4698; x_wconf 81' lang='grc' dir='ltr'>τοῖς</span> <span class='ocrx_word' id='word_1_766' title='bbox 2273 4633 2458 4698; x_wconf 79' lang='grc' dir='ltr'>ἄλλοις</span> <span class='ocrx_word' id='word_1_767' title='bbox 2497 4634 2786 4706; x_wconf 87' lang='grc' dir='ltr'>πράγμασι</span> <span class='ocrx_word' id='word_1_768' title='bbox 2829 4637 3114 4704; x_wconf 77' lang='grc' dir='ltr'>φυσικοῖς,</span> <span class='ocrx_word' id='word_1_769' title='bbox 3158 4632 3319 4686; x_wconf 82' lang='grc' dir='ltr'>τοῦτο</span> <span class='ocrx_word' id='word_1_770' title='bbox 3379 4633 3603 4704; x_wconf 86' lang='grc' dir='ltr'>βλέπετε</span> 
     </span>
    </p>
   </div>
   <div class='ocr_carea' id='block_1_109' title="bbox 2021 4725 3606 4798">
    <p class='ocr_par' dir='ltr' id='par_1_109' title="bbox 2021 4725 3606 4798">
     <span class='ocr_line' id='line_1_109' title="bbox 2021 4725 3606 4798; baseline -0.002 -17"><span class='ocrx_word' id='word_1_771' title='bbox 2021 4725 2348 4791; x_wconf 84' lang='grc' dir='ltr'>καθολικῶς,</span> <span class='ocrx_word' id='word_1_772' title='bbox 2383 4728 2479 4784; x_wconf 65' lang='grc' dir='ltr'><strong>καὶ</strong></span> <span class='ocrx_word' id='word_1_773' title='bbox 2507 4729 2566 4780; x_wconf 81' lang='grc' dir='ltr'><strong>έν</strong></span> <span class='ocrx_word' id='word_1_774' title='bbox 2594 4727 2672 4797; x_wconf 84' lang='grc' dir='ltr'><strong>τῷ</strong></span> <span class='ocrx_word' id='word_1_775' title='bbox 2699 4726 2844 4798; x_wconf 77' lang='grc' dir='ltr'>ὑπὲρ</span> <span class='ocrx_word' id='word_1_776' title='bbox 2873 4727 3036 4794; x_wconf 85' lang='grc' dir='ltr'>φύσιν</span> <span class='ocrx_word' id='word_1_777' title='bbox 3065 4727 3161 4780; x_wconf 69' lang='grc' dir='ltr'>καὶ</span> <span class='ocrx_word' id='word_1_778' title='bbox 3193 4725 3349 4796; x_wconf 79' lang='grc' dir='ltr'>παρὰ</span> <span class='ocrx_word' id='word_1_779' title='bbox 3373 4725 3442 4779; x_wconf 81' lang='grc' dir='ltr'><strong>τὰ</strong></span> <span class='ocrx_word' id='word_1_780' title='bbox 3469 4725 3606 4780; x_wconf 80' lang='grc' dir='ltr'>ἄλλα</span> 
     </span>
    </p>
   </div>
   <div class='ocr_carea' id='block_1_110' title="bbox 2020 4815 3607 4889">
    <p class='ocr_par' dir='ltr' id='par_1_110' title="bbox 2020 4815 3607 4889">
     <span class='ocr_line' id='line_1_110' title="bbox 2020 4815 3607 4889; baseline -0.002 -17"><span class='ocrx_word' id='word_1_781' title='bbox 2020 4819 2133 4872; x_wconf 80' lang='grc' dir='ltr'>ὅντι</span> <span class='ocrx_word' id='word_1_782' title='bbox 2160 4819 2250 4873; x_wconf 74' lang='grc' dir='ltr'>τὸν</span> <span class='ocrx_word' id='word_1_783' title='bbox 2273 4818 2432 4889; x_wconf 84' lang='grc' dir='ltr'>λόγον</span> <span class='ocrx_word' id='word_1_784' title='bbox 2460 4821 2640 4889; x_wconf 82' lang='grc' dir='ltr'>Λόγῳ,</span> <span class='ocrx_word' id='word_1_785' title='bbox 2667 4817 2828 4872; x_wconf 82' lang='grc' dir='ltr'>τοῦτο</span> <span class='ocrx_word' id='word_1_786' title='bbox 2847 4818 3027 4888; x_wconf 81' lang='grc' dir='ltr'>ὀρθῶς</span> <span class='ocrx_word' id='word_1_787' title='bbox 3061 4815 3336 4888; x_wconf 79' lang='grc' dir='ltr'>φαίνεσθε.</span> <span class='ocrx_word' id='word_1_788' title='bbox 3369 4815 3607 4870; x_wconf 72' lang='grc' dir='ltr'>Λύτόθεν</span> 
     </span>
    </p>
   </div>
   <div class='ocr_carea' id='block_1_111' title="bbox 2021 4907 3608 4984">
    <p class='ocr_par' dir='ltr' id='par_1_111' title="bbox 2021 4907 3608 4984">
     <span class='ocr_line' id='line_1_111' title="bbox 2021 4907 3608 4984; baseline -0.003 -20"><span class='ocrx_word' id='word_1_789' title='bbox 2021 4909 2078 4964; x_wconf 83' lang='grc' dir='ltr'><strong>δὲ</strong></span> <span class='ocrx_word' id='word_1_790' title='bbox 2102 4913 2151 4965; x_wconf 88' lang='grc' dir='ltr'><strong>οί</strong></span> <span class='ocrx_word' id='word_1_791' title='bbox 2179 4911 2268 4966; x_wconf 84' lang='grc' dir='ltr'><strong>διὰ</strong></span> <span class='ocrx_word' id='word_1_792' title='bbox 2292 4912 2462 4984; x_wconf 82' lang='grc' dir='ltr'>τιμὴν</span> <span class='ocrx_word' id='word_1_793' title='bbox 2487 4909 2967 4983; x_wconf 84' lang='grc' dir='ltr'>προσποιούμενοι,</span> <span class='ocrx_word' id='word_1_794' title='bbox 2993 4910 3094 4979; x_wconf 72' lang='grc' dir='ltr'>τῆς</span> <span class='ocrx_word' id='word_1_795' title='bbox 3125 4907 3425 4972; x_wconf 81' lang='grc' dir='ltr'>συνθέσεως</span> <span class='ocrx_word' id='word_1_796' title='bbox 3453 4907 3608 4960; x_wconf 79' lang='grc' dir='ltr'>ἐλευ-</span> 
     </span>
    </p>
   </div>
   <div class='ocr_carea' id='block_1_112' title="bbox 2024 4999 3604 5076">
    <p class='ocr_par' dir='ltr' id='par_1_112' title="bbox 2024 4999 3604 5076">
     <span class='ocr_line' id='line_1_112' title="bbox 2024 4999 3604 5076; baseline -0.004 -18"><span class='ocrx_word' id='word_1_797' title='bbox 2024 5003 2218 5076; x_wconf 91' lang='grc' dir='ltr'>θεροῦν</span> <span class='ocrx_word' id='word_1_798' title='bbox 2247 5004 2308 5057; x_wconf 80' lang='grc' dir='ltr'>τὸ</span> <span class='ocrx_word' id='word_1_799' title='bbox 2341 5003 2520 5067; x_wconf 84' lang='grc' dir='ltr'>Θεῖον,</span> <span class='ocrx_word' id='word_1_800' title='bbox 2540 5003 2644 5075; x_wconf 64' lang='grc' dir='ltr'><strong>ἤδη</strong></span> <span class='ocrx_word' id='word_1_801' title='bbox 2677 5001 2800 5056; x_wconf 86' lang='grc' dir='ltr'>λίαν</span> <span class='ocrx_word' id='word_1_802' title='bbox 2825 5002 3082 5071; x_wconf 83' lang='grc' dir='ltr'>ἁθέσμως</span> <span class='ocrx_word' id='word_1_803' title='bbox 3121 5001 3252 5054; x_wconf 85' lang='grc' dir='ltr'>αύτὺ</span> <span class='ocrx_word' id='word_1_804' title='bbox 3277 4999 3604 5070; x_wconf 79' lang='grc' dir='ltr'>ἠτιμάσατε,</span> 
     </span>
    </p>
   </div>
   <div class='ocr_carea' id='block_1_113' title="bbox 2021 5089 3610 5164">
    <p class='ocr_par' dir='ltr' id='par_1_113' title="bbox 2021 5089 3610 5164">
     <span class='ocr_line' id='line_1_113' title="bbox 2021 5089 3610 5164; baseline -0.003 -18"><span class='ocrx_word' id='word_1_805' title='bbox 2021 5094 2259 5163; x_wconf 78' lang='grc' dir='ltr'>οἰόμενοι</span> <span class='ocrx_word' id='word_1_806' title='bbox 2289 5093 2455 5164; x_wconf 79' lang='grc' dir='ltr'>μηδὲν</span> <span class='ocrx_word' id='word_1_807' title='bbox 2483 5091 2628 5164; x_wconf 78' lang='grc' dir='ltr'>ἔχειν</span> <span class='ocrx_word' id='word_1_808' title='bbox 2653 5094 2756 5162; x_wconf 82' lang='grc' dir='ltr'>τὴν</span> <span class='ocrx_word' id='word_1_809' title='bbox 2777 5089 2944 5146; x_wconf 84' lang='grc' dir='ltr'>αὐτοῦ</span> <span class='ocrx_word' id='word_1_810' title='bbox 2968 5090 3132 5160; x_wconf 84' lang='grc' dir='ltr'>φύσιν</span> <span class='ocrx_word' id='word_1_811' title='bbox 3161 5089 3436 5161; x_wconf 79' lang='grc' dir='ltr'>ἐξαίρετον</span> <span class='ocrx_word' id='word_1_812' title='bbox 3457 5089 3610 5158; x_wconf 73' lang='grc' dir='ltr'>παρὰ</span> 
     </span>
    </p>
   </div>
   <div class='ocr_carea' id='block_1_114' title="bbox 2019 5181 3610 5255">
    <p class='ocr_par' dir='ltr' id='par_1_114' title="bbox 2019 5181 3610 5255">
     <span class='ocr_line' id='line_1_114' title="bbox 2019 5181 3610 5255; baseline -0.003 -17"><span class='ocrx_word' id='word_1_813' title='bbox 2019 5186 2089 5238; x_wconf 72' lang='grc' dir='ltr'><strong>τὰ</strong></span> <span class='ocrx_word' id='word_1_814' title='bbox 2117 5184 2282 5239; x_wconf 81' lang='grc' dir='ltr'>λοιπὰ</span> <span class='ocrx_word' id='word_1_815' title='bbox 2311 5185 2531 5255; x_wconf 87' lang='grc' dir='ltr'>γνωστά</span> <span class='ocrx_word' id='word_1_816' title='bbox 2549 5202 2562 5216; x_wconf 91' lang='grc'><strong>·</strong></span> <span class='ocrx_word' id='word_1_817' title='bbox 2590 5185 2671 5239; x_wconf 87' lang='grc' dir='ltr'>δίδ</span> <span class='ocrx_word' id='word_1_818' title='bbox 2691 5185 2909 5238; x_wconf 87' lang='grc' dir='ltr'>δύναιτο</span> <span class='ocrx_word' id='word_1_819' title='bbox 2937 5182 3003 5236; x_wconf 73' lang='grc' dir='ltr'>ἄν</span> <span class='ocrx_word' id='word_1_820' title='bbox 3035 5183 3158 5236; x_wconf 77' lang='grc' dir='ltr'>καθ’</span> <span class='ocrx_word' id='word_1_821' title='bbox 3191 5183 3359 5252; x_wconf 72' lang='grc' dir='ltr'>ὑμᾶς,</span> <span class='ocrx_word' id='word_1_822' title='bbox 3390 5181 3610 5251; x_wconf 81' lang='grc' dir='ltr'>ὁμοίους</span> 
     </span>
    </p>
   </div>
   <div class='ocr_carea' id='block_1_115' title="bbox 2022 5272 3610 5350">
    <p class='ocr_par' dir='ltr' id='par_1_115' title="bbox 2022 5272 3610 5350">
     <span class='ocr_line' id='line_1_115' title="bbox 2022 5272 3610 5350; baseline -0.002 -22"><span class='ocrx_word' id='word_1_823' title='bbox 2022 5276 2218 5346; x_wconf 85' lang='grc' dir='ltr'>λόγους</span> <span class='ocrx_word' id='word_1_824' title='bbox 2245 5280 2360 5342; x_wconf 82' lang='grc' dir='ltr'>τοῖς</span> <span class='ocrx_word' id='word_1_825' title='bbox 2384 5280 2552 5332; x_wconf 81' lang='grc' dir='ltr'>πᾶσιν</span> <span class='ocrx_word' id='word_1_826' title='bbox 2581 5277 3050 5350; x_wconf 88' lang='grc' dir='ltr'>είσπραττόμενος</span> <span class='ocrx_word' id='word_1_827' title='bbox 3114 5275 3210 5328; x_wconf 72' lang='grc' dir='ltr'>καὶ</span> <span class='ocrx_word' id='word_1_828' title='bbox 3239 5272 3377 5346; x_wconf 76' lang='grc' dir='ltr'>πρὸς</span> <span class='ocrx_word' id='word_1_829' title='bbox 3419 5273 3610 5326; x_wconf 81' lang='grc' dir='ltr'>σύνθε-</span> 
     </span>
    </p>
   </div>
   <div class='ocr_carea' id='block_1_116' title="bbox 2025 5367 2971 5440">
    <p class='ocr_par' dir='ltr' id='par_1_116' title="bbox 2025 5367 2971 5440">
     <span class='ocr_line' id='line_1_116' title="bbox 2025 5367 2971 5440; baseline -0.002 -17"><span class='ocrx_word' id='word_1_830' title='bbox 2025 5387 2108 5423; x_wconf 91' lang='grc' dir='ltr'><strong>σιν</strong></span> <span class='ocrx_word' id='word_1_831' title='bbox 2135 5369 2292 5440; x_wconf 74' lang='grc' dir='ltr'>ἥκειν</span> <span class='ocrx_word' id='word_1_832' title='bbox 2329 5370 2425 5424; x_wconf 72' lang='grc' dir='ltr'>καὶ</span> <span class='ocrx_word' id='word_1_833' title='bbox 2456 5369 2616 5434; x_wconf 76' lang='grc' dir='ltr'>αὐτὸς</span> <span class='ocrx_word' id='word_1_834' title='bbox 2647 5369 2748 5422; x_wconf 81' lang='grc' dir='ltr'><strong>σὺν</strong></span> <span class='ocrx_word' id='word_1_835' title='bbox 2777 5367 2971 5438; x_wconf 79' lang='grc' dir='ltr'>ἑτέρῳ.</span> 
     </span>
    </p>
   </div>
   <div class='ocr_carea' id='block_1_117' title="bbox 2091 5455 3618 5534">
    <p class='ocr_par' dir='ltr' id='par_1_117' title="bbox 2091 5455 3618 5534">
     <span class='ocr_line' id='line_1_117' title="bbox 2091 5455 3618 5534; baseline -0.004 -18"><span class='ocrx_word' id='word_1_836' title='bbox 2091 5463 2206 5516; x_wconf 78' lang='grc' dir='ltr'><strong>Καὶ</strong></span> <span class='ocrx_word' id='word_1_837' title='bbox 2236 5461 2342 5517; x_wconf 89' lang='grc' dir='ltr'><strong>ποῦ</strong></span> <span class='ocrx_word' id='word_1_838' title='bbox 2373 5462 2528 5534; x_wconf 83' lang='grc' dir='ltr'>ὑμῶν</span> <span class='ocrx_word' id='word_1_839' title='bbox 2546 5463 2604 5517; x_wconf 88' lang='grc' dir='ltr'><strong>αί</strong></span> <span class='ocrx_word' id='word_1_840' title='bbox 2625 5460 2993 5532; x_wconf 85' lang='grc' dir='ltr'>προκείμεναι</span> <span class='ocrx_word' id='word_1_841' title='bbox 3014 5455 3419 5528; x_wconf 83' lang='grc' dir='ltr'>ἀπαγορεύσεις</span> <span class='ocrx_word' id='word_1_842' title='bbox 3445 5455 3618 5510; x_wconf 82' lang='grc' dir='ltr'>αὐτοῦ</span> 
     </span>
    </p>
   </div>
   <div class='ocr_carea' id='block_1_118' title="bbox 2021 5547 3622 5625">
    <p class='ocr_par' dir='ltr' id='par_1_118' title="bbox 2021 5547 3622 5625">
     <span class='ocr_line' id='line_1_118' title="bbox 2021 5547 3622 5625; baseline -0.001 -19"><span class='ocrx_word' id='word_1_843' title='bbox 2021 5555 2120 5625; x_wconf 78' lang='grc' dir='ltr'>τῆς</span> <span class='ocrx_word' id='word_1_844' title='bbox 2153 5554 2496 5621; x_wconf 82' lang='grc' dir='ltr'>συνθέσεως,</span> <span class='ocrx_word' id='word_1_845' title='bbox 2525 5553 2615 5608; x_wconf 77' lang='grc' dir='ltr'><strong>διὰ</strong></span> <span class='ocrx_word' id='word_1_846' title='bbox 2639 5553 2701 5606; x_wconf 79' lang='grc' dir='ltr'>τὸ</span> <span class='ocrx_word' id='word_1_847' title='bbox 2729 5551 3066 5622; x_wconf 81' lang='grc' dir='ltr'>ἀσύγκριτον</span> <span class='ocrx_word' id='word_1_848' title='bbox 3098 5549 3195 5604; x_wconf 75' lang='grc' dir='ltr'><strong>καὶ</strong></span> <span class='ocrx_word' id='word_1_849' title='bbox 3225 5547 3622 5618; x_wconf 75' lang='grc' dir='ltr'>άπαράὸλητον</span> 
     </span>
    </p>
   </div>
   <div class='ocr_carea' id='block_1_119' title="bbox 2023 5638 3615 5719">
    <p class='ocr_par' dir='ltr' id='par_1_119' title="bbox 2023 5638 3615 5719">
     <span class='ocr_line' id='line_1_119' title="bbox 2023 5638 3615 5719; baseline -0.006 -18"><span class='ocrx_word' id='word_1_850' title='bbox 2023 5645 2189 5701; x_wconf 71' lang='grc' dir='ltr'>αὐτοῦ</span> <span class='ocrx_word' id='word_1_851' title='bbox 2223 5646 2320 5719; x_wconf 76' lang='grc' dir='ltr'>τῆς</span> <span class='ocrx_word' id='word_1_852' title='bbox 2375 5647 2590 5718; x_wconf 75' lang='grc' dir='ltr'>φύσεως</span> <span class='ocrx_word' id='word_1_853' title='bbox 2640 5643 2794 5716; x_wconf 75' lang='grc' dir='ltr'>παρὰ</span> <span class='ocrx_word' id='word_1_854' title='bbox 2831 5641 3051 5710; x_wconf 74' lang='grc' dir='ltr'>πάντας</span> <span class='ocrx_word' id='word_1_855' title='bbox 3095 5640 3259 5695; x_wconf 79' lang='grc' dir='ltr'><strong>Ἀλλὰ</strong></span> <span class='ocrx_word' id='word_1_856' title='bbox 3306 5638 3465 5712; x_wconf 77' lang='grc' dir='ltr'>δῆλον</span> <span class='ocrx_word' id='word_1_857' title='bbox 3487 5676 3506 5706; x_wconf 84' lang='grc'><strong>,</strong></span> <span class='ocrx_word' id='word_1_858' title='bbox 3536 5642 3615 5708; x_wconf 85' lang='grc' dir='ltr'><strong>ὡς</strong></span> 
     </span>
    </p>
   </div>
  </div>
