3888 6168
331 300 459 368 ιιιι

1300 301 1694 365 ADVERSUS
1732 303 2260 368 NESTORIANOS
2309 335 2378 343 —
2404 308 2550 368 LIB.
2593 307 2641 370 Ι.

3414 303 3568 371 ΤΗΞ

328 415 420 470 καὶ
449 413 534 483 ἐφ’
562 402 639 467 ὧν
671 409 886 481 λέγοιτό
911 427 964 464 τι
1008 409 1242 479 ποιιϊνῆ
1273 409 1500 480 πάσχειν
1534 411 1666 475 Θεὸς
1695 412 1724 464 ὁ
1756 406 1868 483 ὑπὲῖ

1997 430 2122 472 cere
2153 417 2239 471 vel
2268 417 2382 486 pati
2410 416 2554 471 Deus
2580 415 2676 485 qui
2701 430 2866 485 supra
2895 430 2998 470 nos
3019 395 3124 480 est,
3149 431 3260 471 non
3284 417 3430 472 sicut
3463 433 3566 474 nos

324 506 492 576 ἡμᾶς,
519 506 617 576 οὐχ
661 503 862 574 ὁμοίως
895 504 1027 572 ἡμῖν
1054 502 1110 554 ὲν
1135 501 1313 554 τοῖσδε
1363 499 1673 572 θεωρεῖται,
1705 503 1755 556 εί
1798 503 1893 556 καὶ

318 598 432 658 τοῖς
460 595 642 658 αὐτοῖς
671 596 802 665 ἡμῖν
827 591 1151 646 ὑποϐάλοιτο
1178 591 1379 660 λόγοις,
1410 592 1570 645 τινῶν
1584 593 1892 664 γινομένων

319 687 439 740 κατ’
467 685 779 755 οἰκονομίαν
809 682 976 738 αὐτοῦ
995 723 1010 747 ,
1041 683 1120 746 είς
1149 681 1428 752 σωτηρίαν
1450 681 1891 753 ήμῶν-διαφόρῳ

317 776 426 848 γὰρ
451 777 638 846 τρόπῳ
684 774 932 843 ἀναλόγῳ
977 773 1078 842 τῆς
1115 773 1251 836 ἰδίας
1273 772 1507 842 φύσεως.
1539 773 1752 844 ’Ὠσπερ
1781 773 1890 843 γὰρ

315 870 412 922 καὶ
437 869 653 937 ιγεννᾷν
694 864 898 935 ὁμοίως
931 865 1064 934 ἡμῖν
1112 863 1408 933 λεγόμενος
1449 863 1544 916 καὶ⁵
1572 862 1885 930 γεννᾶσθαι,

315 962 412 1031 οὔχ
446 960 766 1032 ὁμοτρόπως
793 957 1014 1025 -πάντη,
1046 955 1184 1010 ἀλλά
1225 956 1318 1010 καὶ
1345 956 1487 1028 ὑπὲρ
1527 956 1679 1026 ἡμᾶς
1699 971 1716 986 ·
1745 953 1889 1009 οὕτω

313 1048 408 1102 καὶ
439 1046 841 1117 συντιθέμενος,
871 1048 930 1099 ὲν
963 1045 1235 1116 κρείττονι
1257 1045 1402 1115 λόγῳ
1431 1045 1541 1098 τῶν
1571 1043 1694 1098 καθ’
1717 1045 1881 1115 ἡμᾶς.

315 1138 451 1194 Οὐδὲ
477 1139 581 1210 γὰρ
609 1140 665 1191 ἐν
694 1139 805 1200 τοῖς
824 1137 1104 1207 φθαρτοῖς,
1127 1138 1174 1190 εί
1200 1137 1291 1190 καὶ⁸
1315 1137 1526 1204 λέγοιτο
1551 1136 1645 1189 ἐπὶ
1669 1135 1887 1188 πάντων

313 1228 594 1294 σύνθεσις,
618 1231 646 1282 ὁ
672 1227 834 1290 αὐτὸς
878 1226 1035 1294 λόγος
1067 1227 1161 1280 καὶ
1188 1227 1390 1298 τρόπος
1428 1226 1522 1280 ἐπὶ
1551 1226 1732 1296 πάσης
1765 1242 1887 1277 συν-

313 1317 534 1382 θέσεως,
593 1317 710 1370 ἀλλ’
767 1317 982 1380 οἰκείως
1040 1317 1156 1388 ἔχει
1206 1317 1301 1371 ἐπὶ
1357 1318 1594 1388 ἑκάστης
1649 1315 1884 1386 φύσεως.

322 1407 511 1476 ’Υμεῖδς
538 1407 596 1461 δὲ
621 1407 716 1462 νῦν
742 1409 818 1470 ὼς
851 1408 952 1478 τῆς
978 1408 1150 1478 αὐτῆς
1175 1409 1306 1462 ὄντα
1337 1408 1430 1462 τὸν
1461 1407 1594 1462 Θεὸν
1630 1410 1744 1470 τοῖς
1771 1423 1887 1460 κτι-

303 1501 457 1562 σστοῐς
473 1499 690 1562 οὐσίας,
723 1498 827 1551 ὑπὸ
851 1497 960 1552 τῶν
989 1499 1168 1552 αὐτῶν
1191 1499 1258 1552 τά
1286 1500 1379 1552 καὶ
1407 1498 1617 1562 τούτοις
1648 1497 1883 1568 συμϐαί-

227 1621 256 1645 ο
285 1606 492 1654 τνοντα,
529 1589 624 1642 καὶ
653 1589 803 1658 αὐτῷ
829 1588 1058 1641 ἕπεσθαι
1083 1587 1354 1658 νομίζετε.
1391 1589 1577 1660 Μόνην
1601 1584 1695 1643 οὖν
1730 1587 1884 1642 ἔσται

293 1683 448 1735 νοεῖν
499 1679 622 1733 καθ’
655 1679 814 1748 ’ὑμᾶς
857 1678 1085 1748 φύσεως
1135 1677 1288 1742 θείας
1341 1679 1740 1750 μακαριότητα,
1785 1676 1884 1748 τὴν

282 1770 553 1826 ’ῑκκλισίν
594 1787 654 1824 τε
697 1770 792 1824 καὶ
829 1769 1156 1840 παραίτησιν
1179 1769 1350 1841 αὐτῆς
1380 1771 1480 1840 τὴν
1503 1770 1622 1824 ἀπὺ
1653 1769 1762 1824 τῶν
1789 1769 1880 1822 δο-

287 1863 547 1917 .κούντων
576 1861 974 1932 εὐτελεστέρων
993 1863 1090 1915 καὶ
1114 1861 1608 1934 ταλαιπωροτὲρων
1639 1861 1736 1915 καὶ
1763 1863 1883 1914 ἀτι-

309 1957 556 2028 μοτέρων
599 1954 894 2010 διαθέσεων
917 1995 931 2020 ,
985 1955 1047 2008 οὐ
1075 1953 1173 2026 τὴν
1205 1954 1348 2008 κατά
1389 1954 1552 2024 φύσιν
1589 1954 1684 2008 καὶ
1727 1953 1880 2024 ἰσχὺν

305 2047 535 2118 οὐσιώδη
573 2047 680 2100 τῶν
704 2044 962 2100 τοιούτων
993 2045 1278 2116 ’ὑπεροχὴν
1304 2045 1397 2098 καὶ
1419 2043 1604 2098 ὲλευθε
1617 2045 1754 2115 ρίαν,
1787 2043 1882 2096 καὶΙ

217 2205 222 2208 _
309 2139 374 2192 τὸ
395 2139 530 2211 πρδς
554 2140 652 2204 τάς
697 2137 955 2202 τοιαύτας
995 2138 1355 2202 ταπεινώσεις
1389 2139 1662 2202 οὐσιωδῶς
1707 2139 1880 2210 ἀμέθ-

279 2245 463 2286 -ίκτον
488 2229 583 2285 καὶ
601 2230 992 2300 ἀνυπόϐλητον.
1009 2227 1167 2284 οὕτω
1193 2229 1238 2283 δ’
1265 2225 1357 2284 οὖν
1377 2229 1504 2299 ’ὥρα
1527 2231 1671 2300 ὑμᾶς
1697 2231 1794 2284 καὶ
1817 2229 1880 2284 τὸ

283 2322 538 2393 .ἀόρατον
565 2321 752 2387 αὐτοῦ,
789 2322 869 2392 μὴ
894 2321 958 2374 ὲκ
996 2319 1232 2390 φύσεως,
1265 2321 1382 2374 ἀλλ’
1412 2322 1470 2389 ἐξ
1513 2321 1880 2394 ἀποκρύψεῶς

299 2430 448 2478 τινος
522 2414 976 2484 ἀντιφράττοντος
1050 2412 1198 2483 αὐτῷ
1275 2413 1414 2484 πρὸς
1493 2415 1678 2468 πᾶσαν
1753 2413 1878 2484 ww

299 2506 632 2560 θποπτεύειν
651 2525 662 2536 ·
683 2507 780 2560 καὶ
811 2509 872 2562 τὸ
901 2508 1178 2580 ἇςθαρτον
1209 2507 1528 2580 ἀρατοῦδε,
1559 2507 1636 2577 τῷ
1669 2507 1744 2578 μὴ
1768 2525 1876 2562 πα-

283 2597 615 2668 ρεμϐαλεῖν,
639 2599 756 2652 ἀλλ’
781 2599 1146 2670 ἀφεστηκέναι
1173 2598 1286 2652 τῶν
1326 2601 1458 2670 παρ’
1483 2601 1618 2670 ἡμῖν
1649 2599 1876 2670 φθαρτι-

301 2687 414 2740 κῶν
445 2688 643 2753 τόπων,
672 2689 770 2742 καὶ
815 2689 984 2744 ποιῶν
1029 2689 1218 2742 παθῶν
1250 2706 1308 2743 τε
1342 2690 1436 2742 καὶ
1463 2689 1754 2760 ἐνεργειῶν
1781 2674 1876 2742 καὶ

291 2777 490 2841 ’ἁπλῶς
544 2779 724 2849 πάσης
777 2781 877 2848 τῆς
908 2779 1030 2833 κατ’
1086 2778 1252 2833 αὐτοῦ
1321 2778 1658 2850 ὲπιόουλῆςο
1714 2778 1875 2832 τοῦτο

285 2865 394 2922 -οῦν
442 2869 560 2924 δέον
592 2871 708 2924 ἐστὶ
744 2873 884 2925 νοεῖν
911 2871 1086 2942 ὑμᾶς,
1143 2870 1205 2924 τὺ
1239 2871 1334 2924 καὶ
1377 2871 1683 2942 μειρακίοις
1715 2871 1875 2941 εὔδη-

300 2957 411 3018 λον,
463 2960 538 3023 ὡς
595 2953 672 3014 ὧν
724 2964 778 3014 αἱ
830 2961 1023 3030 φύσεις
1081 2961 1348 3030 διάφοροι,
1417 2960 1620 3015 τούτων
1674 2963 1766 3016 καὶ
1813 2965 1870 3016 αἱ

291 3050 574 3113 ,συνθέσεις
599 3067 613 3082 ·
653 3051 748 3103 καὶ
773 3051 841 3105 τὰ
871 3050 1096 3114 ταύταις
1119 3050 1499 3121 παρεπόμενα,
1525 3051 1784 3121 διάφορα.

371 3140 494 3203 Πῶς
515 3136 680 3202 οῦν,εί
702 3141 762 3193 τὸ
781 3141 1039 3211 διάφορον
1059 3141 1158 3210 τῆς
1181 3141 1330 3204 θείας
1351 3141 1570 3210 φΰσεως
1595 3141 1671 3213 μὴ
1693 3144 1874 3213 ἀρνεῖ-

301 3229 398 3283 σθε
428 3231 566 3299 πρὸς
592 3231 762 3300 ἡμᾶς,
805 3230 864 3283 τὸ
889 3231 1077 3300 ὅμοιον
1105 3231 1204 3300 τῆς
1233 3231 1536 3295 συνθέσεως
1563 3233 1734 3302 αὐτῆς
1762 3235 1872 3286 ἁπ-

300 3321 504 3374 αιτεῖτε
558 3318 684 3374 καθ’
725 3321 908 3390 ἡμᾶςς
967 3321 1107 3374 Ἀλλ’
1143 3321 1314 3384 ὅντως
1345 3320 1407 3375 τὸ
1435 3321 1610 3386 οὕτως
1645 3322 1870 3376 εῦκο).ον

299 3409 454 3479 ὑμῶν
509 3410 590 3472 εἰς
635 3409 895 3463 ἀσέσειαν
943 3411 1273 3482 φρίξαντες,
1349 3411 1461 3465 δεῖν
1526 3414 1673 3484 ὑμᾶς
1734 3415 1869 3468 ὑπο.

278 3489 630 3569 ’,μιμνήσκειν
677 3492 1004 3569 νομίζομεν”,
1055 3501 1139 3555 δτι
1177 3507 1587 3574 γραμματικοῖς
1623 3505 1727 3575 μὲν
1761 3506 1868 3574 φά-

289 3604 490 3641 σκουσι
525 3588 936 3660 σεσημειῶσθαί
965 3608 1087 3644 τινα
1113 3591 1262 3659 λέξιν
1291 3595 1349 3646 ὲν
1374 3597 1492 3657 τοῖς
1549 3593 1702 3659 ἰδίοις
1730 3597 1868 3650 καθ-

288 3679 500 3742 ολικοῖς
547 3681 758 3748 κανόσι,
781 3681 1223 3754 παραχωροῦμεν
1266 3684 1362 3737 καὶ
1396 3685 1740 3757 ἀνεχόμεθα,
1792 3688 1867 3758 μὴ

293 3769 650 3841 προτιθέντες
679 3773 778 3842 τῆς
804 3773 1055 3844 χρήσεως
1083 3773 1174 3826 τ’δν
1199 3775 1404 3829 κανόνα
1426 3795 1438 3809 ·
1488 3777 1730 3848 προτέρα
1757 3778 1867 3848 γὰρ

295 3861 436 3932 αὕτη
453 3879 466 3894 ·
513 3863 608 3916 καὶ
636 3863 746 3936 γὰρ
777 3867 804 3918 ὁ
827 3866 1008 3919 κανὼν
1035 3869 1131 3938 τῆς
1159 3869 1476 3938 ἀναλογίας,
1512 3873 1577 3926 ὲκ
1603 3875 1703 3942 τῆς
1729 3877 1867 3946 χρή-

294 3973 434 4019 σεως
460 3953 690 4026 εὕρηται
717 3955 901 4020 αὐτοῖς
918 3971 932 3986 ’
966 3958 1060 4010 καὶ
1083 3958 1181 4028 οὐχ
1207 3961 1240 4030 ἢ
1263 3961 1483 4031 χρῆσις,
1506 3965 1570 4016 ὲκ
1589 3963 1682 4018 τοῦ
1707 3965 1866 4019 κανό-

291 4063 382 4110 νος
407 4043 696 4118 είληπταιο
727 4047 822 4100 καὶ
851 4046 1065 4118 βασιλεῖ
1087 4050 1216 4114 τοὺς
1239 4051 1436 4121 νόμους
1464 4053 1860 4126 ὑποτάττομεν,

291 4137 351 4190 οὐ
381 4139 494 4200 τοῖς
523 4138 709 4208 νόμοις
743 4137 834 4190 τδν
862 4137 1110 4209 βασιλέα.
1141 4140 1246 4193 Τὸν
1271 4141 1328 4196 δὲ
1352 4142 1485 4197 Θεὸν
1514 4144 1606 4198 τὸν
1630 4147 1737 4216 πρὸ
1759 4148 1863 4202 πά-

291 4243 391 4296 σης
433 4245 493 4281 τε
519 4228 817 4296 ,κτίσεως,
877 4229 970 4282 καὶ
1025 4230 1209 4302 πάσης
1253 4233 1556 4299 συνθέσεως
1601 4238 1856 4311 εὑρετὴν,

287 4316 458 4381 οὕτως
487 4319 749 4388 ἀξιοῦμεν
785 4320 860 4390 μὴ
891 4318 1153 4375 δύνασθαι
1188 4324 1339 4394 παρά
1370 4327 1496 4390 τοὺς
1526 4328 1695 4384 πάλαι
1725 4331 1858 4385 ταύ-

1995 507 2050 562 ἰη
2083 507 2325 564 his-eum
2354 507 2556 570 videri,
2593 505 2694 561 etsi
2728 507 2816 560 his
2859 507 3044 562 verbis
3084 521 3114 560 a
3155 507 3318 562 nobis
3356 523 3566 577 suppo-

1993 607 2174 664 natur,
2205 614 2330 653 cum
2355 599 2605 669 quadam
2623 612 2790 652 causa
2813 606 3015 652 nostra:
3035 598 3229 652 salutis
3244 599 3400 669 juxta
3418 610 3568 653 meo-

1990 688 2231 742 nomiam
2267 688 2442 758 ipsius
2476 688 2646 754 fiunt;
2687 685 2800 757 agit
2833 687 2981 741 enim
3006 686 3228 742 diverso
3257 687 3441 752 modo,
3466 686 3565 741 sed

1990 787 2362 834 consentaneo
2379 779 2615 849 propriae
2631 787 2864 832 naturae.
2883 778 3131 847 Namque
3152 777 3298 832 sicut
3317 777 3565 848 genitum

1987 877 2291 940 natumque
2318 869 2487 923 fuisse
2517 868 2722 922 dicitur
2757 866 2950 922 eodem
2996 866 3161 922 modo
3198 880 3262 921 ac
3299 881 3422 930 nos,
3451 881 3564 920 non

1991 969 2171 1015 tamen
2202 960 2430 1014 omnino
2461 959 2681 1024 eodem,
2713 960 2810 1015 sed
2844 973 2901 1014 et
2927 975 3097 1030 supra
3130 975 3233 1015 nos
3256 1000 3272 1023 ,
3319 958 3402 1014 sic
3427 972 3567 1029 quo-

1977 1067 2094 1122 que
2142 1055 2349 1119 unitas,
2413 1057 2464 1110 in
2523 1055 2746 1114 meliore
2793 1071 2942 1116 sorte
2969 1078 3130 1132 quam
3177 1082 3281 1124 nos
3317 1069 3555 1132 dicitur.

1990 1139 2100 1194 Nec
2136 1140 2280 1194 enim
2323 1143 2375 1195 in
2403 1142 2536 1210 ipsis
2579 1147 3050 1216 corruptibilibus,
3101 1155 3203 1208 etsi
3253 1157 3321 1210 de
3373 1161 3554 1215 omni-

1990 1225 2093 1282 bus
2147 1228 2285 1281 facta
2325 1229 2491 1284 fuisse
2545 1231 2757 1286 dicatur
2814 1234 2983 1304 unio,
3048 1241 3242 1296 eadem
3300 1246 3437 1302 ratio
3498 1257 3555 1304 et

1977 1313 2130 1369 ‘idetu
2184 1317 2373 1372 modus
2445 1319 2664 1374 unionis
2737 1333 3070 1390 servantur,
3145 1330 3240 1382 sed
3299 1330 3351 1384 in
3419 1349 3556 1388 una-

1990 1417 2209 1470 quaque
2258 1405 2471 1474 [natnra
2533 1407 2752 1476 proprie
2821 1424 2883 1465 se
2945 1412 3168 1470 habent.
3237 1415 3351 1470 'Vos
3421 1435 3550 1476 vero

1977 1503 2137 1544 nunc
2198 1489 2364 1546 Deum
2427 1492 2665 1562 ejusdem
2746 1499 3061 1555 substantias
3135 1517 3200 1557 ac
3270 1518 3553 1562 creaturas

1991 1593 2148 1646 esse,
2203 1595 2380 1652 exque
2448 1583 2636 1640 iisdem
2707 1588 2790 1642 his
2833 1597 2889 1644 et
2953 1591 3026 1644 illi
3081 1595 3380 1650 accidentia
3429 1613 3556 1653 eve-

1998 1671 2117 1728 nire
2171 1673 2514 1730 existimatis.
2565 1675 2724 1733 Juxta
2771 1693 2864 1735 vos
2905 1681 3182 1740 beatitudo
3211 1686 3388 1741 divina
3415 1689 3552 1744 nihl

1991 1763 2135 1818 aliud
2165 1765 2270 1819 erit
2313 1781 2476 1836 quam
2529 1769 2759 1836 privatio
2806 1779 2860 1825 et
2941 1775 3130 1830 vitatio
3179 1790 3364 1832 eorum
3434 1797 3552 1850 qua:

1987 1857 2246 1914 videntur
2325 1859 2564 1928 viliora,
2635 1862 2923 1918 humiliora
2987 1876 3148 1940 atque
3199 1871 3551 1938 ignobiliora;

1991 1965 2102 2005 non
2169 1960 2351 2006 sulem
2405 1966 2468 2006 ea
2511 1967 2628 2022 quae
2679 1955 2842 2010 habet
2895 1966 3185 2022 naturam,
3251 1962 3544 2029 potentiam

1991 2040 2362 2096 essentialiter
2410 2057 2530 2111 qua:
2565 2043 2870 2110 hujusmodi
2909 2055 3036 2099 sunt
3063 2059 3430 2117 superantem,
3482 2049 3550 2102 li-

1987 2125 2290 2192 bertatem,
2324 2128 2581 2198 quodque
2631 2144 2752 2184 cum
2786 2132 3092 2201 huiusmodi
3123 2137 3417 2192 humilibus
3445 2153 3548 2192 nec

1979 2213 2256 2268 «nstitui
2282 2227 2386 2270 nec
2412 2216 2644 2287 supponi
2671 2229 2870 2287 potest.
2898 2219 2978 2274 Its
3005 2235 3151 2277 nunc
3166 2223 3338 2294 igitur
3363 2225 3552 2280 invisi-

1981 2324 2248 2380 bilitatem
2279 2324 2454 2395 ipsius
2481 2339 2592 2378 non
2639 2339 2707 2378 ex
2749 2335 2946 2378 natura
2993 2336 3139 2386 esse,
3166 2320 3263 2376 sed
3301 2335 3368 2375 ex
3409 2318 3555 2374 facto
3651 2358 3663 2370 .

1979 2415 2263 2486 cujusdam
2295 2415 2654 2486 semetipsum
2693 2414 2844 2470 omni
2889 2419 3116 2484 aspectu
3170 2409 3556 2467 subtrahentis

1978 2506 2368 2576 suspicamini;
2393 2506 2776 2576 munditiaque
2792 2503 2976 2574 ipsius
3002 2519 3113 2558 non
3130 2510 3276 2558 esset
3296 2517 3362 2556 ex
3381 2501 3552 2560 intus.

1977 2598 2072 2652 sed
2101 2614 2168 2652 ex
2198 2598 2506 2653 remotione
2539 2614 2568 2654 a
2600 2599 2738 2654 locis
2766 2613 2870 2652 nos
2909 2595 3313 2666 polluentibus,
3338 2593 3553 2664 passio-

1975 2686 2178 2751 nibus,
2241 2687 2660 2757 operationibus
2706 2687 3146 2757 simpliciterque
3192 2683 3262 2738 ab
3293 2671 3556 2738 omnibus

1975 2788 2168 2833 contra
2194 2779 2374 2850 ipsum
2404 2780 2613 2850 paratis
2642 2779 2880 2835 insidiis.
2935 2777 3050 2832 Hoc
3076 2785 3162 2832 est
3201 2776 3372 2847 igitur
3403 2774 3554 2846 quod

1973 2870 2284 2942 intelligere
2313 2872 2550 2935 debetis,
2589 2871 2846 2942 quodque
2865 2869 3032 2926 etiam
3059 2869 3308 2940 parvulis
3322 2867 3556 2924 evidens

1972 2973 2076 3029 est,
2106 2980 2341 3035 quorum
2370 2971 2584 3018 naturae
2610 2963 2878 3018 diﬂ‘erunt
2905 2963 3106 3018 horum
3146 2975 3368 3033 quoque
3394 2958 3555 3015 unio-

1897 3079 1940 3138 ο
1973 3070 2104 3121 nes;
2135 3070 2365 3124 quaeque
2383 3054 2510 3114 illas
2527 3061 2960 3124 consequuntur.

2043 3142 2332 3209 Quomodo
2362 3141 2614 3213 igitur,si
2669 3142 3040 3197 diﬁ‘erentiam
3087 3149 3302 3196 natura:
3350 3139 3552 3195 divium

1971 3245 2084 3284 non
2115 3229 2329 3301 negatis
2360 3229 2558 3294 nobis,
2610 3228 3034 3285 similitudinem
3070 3227 3296 3282 unionis
3319 3227 3440 3298 ejus
3467 3226 3553 3280 in-

1971 3320 2180 3374 vocatis
2204 3327 2398 3374 contra
2429 3318 2568 3374 nos?
2599 3317 2705 3373 Sed
2733 3333 2863 3373 vere
2886 3333 2956 3372 ne
2983 3315 3099 3371 cito
3124 3317 3181 3370 in
3207 3315 3550 3386 impietatem

1971 3411 2324 3482 abripiamini
2363 3411 2639 3476 timentes,
2667 3426 2766 3466 vos
2805 3410 3086 3465 recordari
3113 3409 3391 3472 volumus.
3411 3407 3552 3463 scri-

1970 3502 2221 3572 ptoribus
2273 3502 2514 3572 aliquam
2565 3501 2861 3557 lectionem
2918 3500 2975 3554 in
3028 3499 3147 3554 suis
3198 3497 3550 3569 generalibus

1970 3590 2175 3662 regulis
2201 3589 2502 3662 signiﬁcari
2555 3589 2957 3654 asserentibus,
3017 3605 3120 3644 nos
3148 3588 3348 3644 cedere
3381 3595 3549 3656 atque

1970 3681 2258 3753 indulgere
2283 3723 2298 3747 ,
2340 3698 2408 3738 eo
2435 3682 2581 3753 quod
2617 3681 2933 3736 auctoritati
2999 3681 3242 3752 regulam
3271 3693 3382 3734 non
3407 3687 3548 3741 pra:-

1970 3775 2276 3844 posuimus.
2301 3775 2396 3828 llla
2418 3773 2566 3829 enim
2591 3774 2745 3843 prior
2775 3781 2880 3828 est.
2913 3771 3163 3842 Namque
3191 3770 3378 3842 regula
3410 3784 3546 3824 ana-

1967 3864 2124 3936 logia:
2153 3865 2239 3920 his
2269 3882 2334 3921 ex
2359 3865 2686 3922 auctoritate
2710 3865 3027 3930 invenitur;
3061 3878 3173 3918 non
3196 3876 3329 3918 vero
3353 3868 3547 3916 aucto-

1968 3957 2103 4011 ritas
2129 3972 2194 4010 ex
2217 3958 2402 4027 regula
2421 3957 2679 4011 sumitur.
2715 3955 2808 4011 Sic
2829 3953 2943 4026 regi
2962 3955 3110 4026 leges
3137 3953 3544 4025 postponimus,

1965 4063 2076 4102 non
2106 4048 2323 4119 legibus
2353 4064 2559 4119 regem.
2590 4049 2763 4103 Deum
2787 4057 2969 4102 autem
2997 4055 3126 4102 ante
3149 4061 3371 4102 omnem
3392 4059 3548 4100 crea-

1965 4138 2174 4193 tionem
2215 4149 2383 4210 atque
2418 4140 2680 4194 unionem
2725 4138 3094 4204 inventorem,
3122 4145 3325 4208 praeter
3355 4137 3547 4191 solitas

1963 4231 2084 4301 ejus
2105 4231 2276 4302 leges,
2301 4246 2426 4286 cum
2451 4223 2713 4295 voluerit,
2750 4231 2901 4285 uniri
2941 4245 3050 4284 non
3076 4243 3238 4300 posse
3264 4227 3546 4283 existima-
3599 4287 3611 4296 η

1962 4321 2127 4376 mus?
2153 4322 2249 4378 Vel
2270 4321 2480 4392 aliquid
2503 4323 2783 4378 recentius
2809 4338 2873 4377 ac
2903 4320 3322 4377 convenientius
3349 4317 3542 4374 unioni

287 4424 386 4477 της
409 4409 605 4478 νόμους
632 4409 968 4480 βουληθέντα
992 4411 1370 4482 συντίθεσθαι,
1430 4415 1787 4491 ἢκαινότερόν
1802 4441 1855 4476 τι

1975 4422 2149 4468 :ontra
2178 4413 2788 4482 ipsum'pratscribere?
2816 4412 3106 4480 Quomodo
3157 4427 3379 4482 quoque
3420 4410 3542 4466 hac

286 4496 382 4549 καὶ
415 4496 748 4570 ἰδικώτερον,
782 4503 849 4571 τῇ
882 4501 1003 4554 κατ’
1025 4502 1191 4555 αὐτὸν
1224 4505 1474 4559 συνθέσει
1505 4510 1852 4580 νομοθετεῖν;

287 4587 398 4640 Καὶ
448 4586 565 4650 πῶς
608 4587 784 4642 ταῦτα
830 4587 994 4642 πάλιν
1040 4591 1142 4644 οὐκ
1189 4593 1269 4656 εἰς
1306 4594 1407 4664 τὴν
1445 4599 1853 4669 προειρημένην

285 4676 430 4746 ὑμᾶς
477 4676 862 4732 ἀποκλείουσιν
911 4679 1133 4747 ἀθεΐανς
1199 4681 1307 4735 Τοῦ
1359 4684 1496 4755 μηδὲ
1540 4688 1604 4740 ἐκ
1665 4689 1738 4759 μὴ
1767 4691 1855 4742 ὀν-

283 4766 485 4821 τωνοῦν
515 4769 748 4839 ποιητὴν
776 4763 918 4822 εἶναι
948 4770 1194 4836 δοξάζειν
1223 4774 1315 4827 τὸν
1341 4774 1434 4828 τοῦ
1461 4778 1664 4842 παντὸς
1687 4781 1855 4851 Δημι-

281 4860 479 4929 nupbe
533 4857 624 4910 τὸν
675 4859 769 4912 καὶ
813 4861 1170 4930 σαρκωθέντα
1211 4865 1384 4934 Λόγον
1428 4867 1852 4938 ἀκαταλήπτως.

281 4949 346 5011 Τί
376 4948 434 5002 δὲ
479 4947 576 5001 καὶ
617 4949 764 5020 μόνῳ
797 4949 974 5022 τούτῳ
1017 4953 1116 5023 τῆς
1157 4952 1498 5026 θεοπρεποῦς
1547 4958 1854 5026 συνθέσεως

281 5039 612 5111 ὲνεσκέψατε
641 5039 718 5111 τῷ
747 5041 1050 5113 θαυμαστῷ
1069 5087 1086 5111 ,
1132 5047 1182 5097 εἰ
1212 5047 1322 5115 ἄρα
1353 5049 1547 5118 μηδενὶ
1575 5050 1684 5104 τῶν
1709 5053 1852 5124 ὑπὲρ

281 5130 438 5198 λόγον
489 5130 586 5184 καὶ
635 5129 798 5199 φύσιν
843 5131 1124 5203 ἡμετέραν
1179 5138 1510 5207 πιστεύετε;
1575 5141 1689 5195 Καὶ
1739 5143 1852 5212 γὰρ

282 5223 373 5276 καὶ
398 5220 592 5286 ἀλλους
625 5221 756 5293 ὑμῖν
786 5221 981 5290 λόγους
1009 5224 1476 5300 παραδοξοτέρους
1504 5233 1850 5302 κηρύττομεν

281 5313 416 5368 κατά
435 5315 595 5382 τήνδε
621 5313 716 5368 καὶ
741 5314 868 5384 περὶ
889 5315 1052 5384 τῆσδε
1073 5315 1174 5387 τῆς
1199 5317 1338 5389 ὑπὲρ
1361 5319 1524 5388 φύσιν
1547 5321 1700 5389 θείας
1721 5325 1848 5379 ἐνώ-

281 5422 448 5470 σεως·
502 5407 598 5460 καὶ
641 5406 753 5477 γὰρ
803 5407 898 5460 καὶ
947 5407 1189 5478 ἄσπορον
1221 5409 1488 5482 σύλληψίν
1527 5421 1708 5484 φαμεν
1749 5418 1843 5472 τοῦ

231 5561 239 5570 ι
280 5497 409 5552 Θεοῦ
437 5497 592 5569 ἡμῶν
626 5499 802 5572 Ἰησοῦ
829 5499 1068 5570 Χριστοῦ
1087 5517 1101 5530 ⁸
1124 5500 1184 5555 ὃν
1216 5505 1265 5556 εἰ
1294 5506 1389 5558 καὶ
1420 5505 1705 5578 ἄνθρωπον
1729 5509 1842 5564 οἶε-

281 5590 368 5642 σθε
397 5585 537 5643 εῖναι
594 5589 780 5658 ψιλὸν,
819 5589 1001 5660 πολλῷ
1033 5590 1236 5661 μᾶλλον
1264 5593 1618 5669 ἀπιστότερον
1645 5598 1796 5654 ἔσται
1820 5617 1835 5632 ο

1963 4493 2186 4551 riirsum
2221 4508 2322 4552 vos
2356 4495 2410 4551 in
2441 4496 2768 4553 athcismum
2789 4516 2950 4570 quem
2975 4516 3136 4571 supra
3163 4505 3400 4562 diximus
3422 4522 3528 4561 non

1915 4588 2227 4656 -'dejiciunt
2286 4603 2392 4642 non
2445 4589 2627 4644 omnia
2665 4606 2728 4644 ex
2779 4592 2948 4646 nihilo
2992 4593 3189 4650 fecisse
3245 4597 3528 4652 credentes

1963 4679 2210 4729 omnium
2247 4675 2565 4732 Creatorem
2597 4694 2869 4750 supraque
2903 4684 3046 4750 quod
3095 4685 3306 4752 concipi
3351 4695 3528 4752 potest

1962 4761 2310 4817 incarnatum
2341 4764 2509 4820 fuisse
2539 4762 2801 4822 Verbum.
2838 4767 2949 4822 Cur
2997 4785 3124 4822 vero
3179 4772 3232 4824 in
3270 4771 3370 4827 hac
3407 4773 3524 4828 sola

1959 4851 2143 4907 divina
2169 4854 2369 4910 unione
2393 4855 2637 4910 miranda
2664 4861 2972 4924 moramini,
2991 4864 3035 4914 si
3061 4862 3200 4914 forte
3223 4863 3350 4916 uttlli
3378 4867 3520 4932 quod

1963 4941 2035 4997 sit
2098 4957 2264 5012 supra
2337 4945 2605 5000 rationem
2672 4956 3033 5016 naturamque
3097 4961 3339 5007 nostram
3407 4969 3525 5007 cre-

1959 5053 2143 5108 datis?
2199 5052 2418 5106 Etenim
2461 5053 2599 5107 alias
2644 5068 2866 5123 quoque
2931 5053 3193 5109 veritates
3257 5052 3533 5108 mirabiles

1961 5143 2264 5200 secundum
2297 5144 2612 5215 huiusmodi
2640 5160 2804 5215 supra
2833 5152 3084 5200 naturam
3111 5147 3371 5200 unionem
3398 5144 3528 5199 divi-

1955 5253 2081 5291 nam
2122 5235 2301 5306 deque
2335 5236 2504 5292 haece
2535 5235 2710 5292 vobis
2764 5239 3126 5309 praedicamus
3175 5256 3191 5293 :
3233 5240 3352 5294 sine
3381 5237 3531 5292 enim

1955 5326 2164 5382 semine
2192 5327 2610 5396 conceptionem
2637 5327 2733 5382 Dei
2767 5328 2941 5384 nostri
2987 5328 3119 5384 Jesu
3147 5323 3350 5382 Christi
3389 5322 3529 5376 dici-

1951 5433 2113 5485 mus;
2149 5433 2313 5488 quem
2339 5417 2386 5473 si
2409 5433 2620 5474 nterum
2641 5418 2926 5475 hominem
2947 5433 3070 5475 esse
3098 5415 3322 5488 putatis,
3351 5413 3526 5466 multo

1947 5508 2336 5565 incredibilior
2364 5509 2618 5580 eveniet;
2669 5511 2999 5566 naturaliter
3036 5509 3186 5562 enim
3218 5499 3521 5572 loquendo,

1945 5603 2072 5674 quis
2095 5617 2336 5674 unquam
2363 5602 2652 5658 hominum
2685 5604 2804 5659 sine
2835 5602 3046 5659 semine
3083 5602 3380 5664 conceptus
3407 5593 3520 5650 siti

283 5677 490 5750 ςυσικῷ
519 5678 630 5751 γὰρ
657 5677 802 5750 λόγῳ
821 5717 836 5744 ,
872 5678 958 5744 τίς
987 5679 1294 5753 ἀνθρώπων
1323 5684 1580 5758 ἀσπόρως
1611 5690 1924 5764 συνελήῳθη
1960 5693 2216 5761 πώποτε;
