3932 6152
326 251 468 317 1M3

1572 253 1883 315 LEONTII
1920 251 2324 312 BYZANTINI

3441 241 3589 306 MM

397 364 539 432 Quid
565 379 698 436 ergo
739 359 1034 424 diceretis?
1071 363 1358 434 Siquidem
1405 363 1735 419 naturaliter
1783 377 1894 418 non

2069 361 2136 415 Τί
2174 359 2270 414 οῦν
2315 360 2560 424 sinam;
2611 357 2772 412 Ἐπεὶ
2826 356 2902 428 μὴ
2951 357 3112 426 φῦσει
3159 354 3282 412 τόδε
3324 355 3582 418 δυνατὸν,

329 456 404 512 εἰι
433 455 830 526 possibile,nec
854 472 886 510 a
912 456 1023 512 Deo
1045 455 1164 511 ﬁeri
1196 455 1400 526 possit?
1424 454 1518 510 Vel
1551 470 1620 510 ne
1666 455 1755 524 pie
1778 469 1896 508 cre-

331 547 574 602 dendum
601 555 768 610 esset,
801 547 847 601 si
889 561 997 614 qua
1030 545 1299 601 naturalia
1328 543 1473 600 facta
1500 545 1632 612 sint,
1667 560 1769 603 nec.
1796 543 1897 599 Dei

331 655 453 693 esse
477 654 642 708 opera
675 638 770 693 sed
807 647 1018 692 natura:
1045 646 1209 706 atque
1257 653 1326 693 ex
1381 638 1474 693 illa
1517 637 1722 692 factum
1775 652 1898 692 esse

321 729 700 796 quodcunque
727 727 928 782 factum
953 725 1158 782 fuerit?
1196 726 1335 782 Cum
1362 742 1495 782 vero
1525 729 1772 798 potentia
1800 742 1900 782 na-

333 827 473 873 turas
507 817 708 872 divinae
745 816 1060 872 immediate
1108 817 1168 872 ﬁt
1199 818 1570 888 quodcunque
1632 817 1733 883 ﬁt,
1786 833 1898 873 non

321 925 399 966 ex
435 909 846 980 praeexsistente
882 908 978 964 sed
1005 925 1073 964 ex
1095 923 1206 963 non
1237 917 1387 973 ente,
1422 909 1724 965 novissime
1755 909 1901 963 inter

323 1002 480 1056 entia
523 1008 922 1054 annumeratur
972 1007 1136 1068 atque
1173 999 1511 1070 agnoscitur.
1547 999 1658 1054 Nec
1697 1015 1766 1054 ex
1812 981 1900 1056 his

323 1107 454 1161 quae
476 1093 587 1162 jam
620 1081 749 1144 neta
779 1099 944 1154 sunt,
979 1104 1144 1144 voces
1185 1099 1242 1144 et.
1282 1089 1611 1160 signiﬁcatio
1646 1104 1898 1143 errorum

323 1177 628 1247 quaerenda
654 1185 804 1238 sunt,
829 1192 860 1230 a
894 1176 1052 1230 vobis
1077 1176 1172 1246 qui
1207 1177 1583 1246 quodcunque
1627 1193 1660 1230 a
1689 1177 1802 1231 Deo
1839 1177 1902 1232 ﬁt

333 1285 576 1324 errorem
611 1283 734 1324 esse
761 1267 985 1322 omnino
1013 1269 1295 1334 asseritis;
1330 1269 1478 1338 leges
1513 1267 1662 1323 enim
1693 1277 1903 1324 natura:

327 1360 493 1414 facile
523 1375 552 1412 a
575 1357 894 1426 lcgislatore
917 1357 976 1410 in
1009 1365 1256 1426 tempore
1295 1357 1607 1412 solvuntur.
1655 1357 1901 1426 Namque

327 1449 442 1503 ,ιιἱεί
470 1451 584 1503 haec
613 1449 687 1502 ita
714 1447 1067 1511 admiseritis,
1099 1447 1213 1518 jam
1253 1461 1369 1500 non
1389 1463 1459 1502 ex
1481 1456 1646 1504 utero
1673 1447 1902 1518 virginis

327 1539 560 1610 aliquod
592 1553 792 1608 corpus
820 1537 1019 1594 cxiisse
1049 1537 1474 1602 confiteremiui,
1497 1537 1648 1602 licet,
1688 1547 1751 1592 ut
1777 1539 1902 1592 vul-

331 1633 431 1690 tis.
463 1644 674 1684 merum
697 1628 977 1682 hominem
1001 1643 1069 1682 ex
1091 1627 1180 1684 illa
1210 1635 1402 1686 natum
1430 1642 1553 1684 esse
1583 1627 1786 1698 aliquis
1813 1627 1902 1682 di-

330 1731 447 1777 .cat.
480 1720 653 1776 Omne
677 1719 832 1774 enim
859 1733 1060 1786 corpus
1102 1733 1200 1787 per
1239 1733 1443 1790 corpus
1489 1719 1700 1784 exiens,
1743 1719 1908 1775 alter-
1937 1701 1979 1756 Β

339 1825 525 1868 utrum
553 1813 793 1868 divisum
825 1809 1092 1866 ostendit.
1125 1809 1234 1868 Sed
1258 1825 1363 1865 nec
1391 1811 1542 1869 sicco
1572 1811 1714 1882 pede
1739 1826 1906 1883 supra

335 1931 489 1972 mare
522 1915 833 1971 ambulandi
863 1914 1091 1968 mortale
1129 1929 1326 1984 corpus
1370 1915 1758 1984 proprietatem
1809 1915 1904 1968 ha-

343 2006 565 2072 buisset,
597 2007 706 2061 into
760 2021 828 2060 ne
869 2005 1178 2059 naturalem
1223 2004 1438 2072 quidem
1471 2004 1900 2060 verisimilitudi-

341 2114 508 2166 uem;
539 2098 737 2152 leviora
759 2097 911 2152 enini
939 2094 1306 2164 gravioribus,
1333 2109 1437 2152 non
1463 2096 1708 2162 graviora
1734 2096 1900 2150 levio-

341 2191 493 2245 r.bus
533 2189 786 2245 innatant
819 2187 1163 2256 corporibus.
1193 2185 1303 2241 Nec
1347 2187 1512 2241 etiam
1567 2201 1630 2240 ex
1685 2185 1799 2240 luto
1848 2195 1908 2240 et

343 2293 502 2350 sputo
531 2280 672 2336 oculi
703 2293 946 2348 unquam
965 2277 1198 2332 fuissent
1229 2276 1400 2338 uncti,
1428 2291 1527 2330 nec
1553 2275 1734 2330 statim
1762 2275 1909 2328 visus

345 2387 491 2427 caeco
514 2387 580 2426 ex
617 2369 908 2425 nativilate
945 2369 1191 2426 redditus
1217 2367 1432 2430 fuisset,
1465 2379 1561 2420 uec
1587 2381 1618 2418 e
1659 2363 1908 2432 sepulcro

347 2462 544 2516 mortui
570 2460 1019 2522 resurrexisseut,
1040 2472 1141 2512 nec
1165 2457 1220 2512 in
1237 2455 1356 2510 aliis
1369 2454 1641 2510 similibus
1667 2455 1908 2506 miracu-

346 2551 414 2605 lis
436 2550 611 2604 virtus
636 2547 838 2602 Christi
863 2549 945 2600 vel
972 2558 1286 2600 sanctorum
1317 2543 1462 2598 foret
1481 2540 1817 2606 cettlitenda,
1840 2538 1912 2594 εἰς

347 2643 568 2710 quidem
605 2639 912 2692 rationibus
938 2639 1277 2692 naturalibus
1308 2634 1658 2706 praecognitis
1693 2633 1912 2701 probari

347 2733 658 2801 nequirent.
723 2727 842 2784 Jatn
905 2730 1072 2799 igitur
1134 2743 1243 2784 non
1309 2731 1378 2782 ob
1440 2741 1595 2782 suam
1659 2726 1911 2782 unionem

350 2835 558 2894 partem
589 2822 964 2895 imperfectam
996 2821 1347 2890 perfectionis
1374 2819 1572 2874 divina:
1587 2817 1714 2889 jure
1736 2829 1919 2886 repre-

351 2913 650 2977 hendetis;
687 2912 831 2964 Deus
858 2911 1006 2966 enim
1033 2923 1088 2964 ut
1123 2925 1246 2979 pars
1279 2908 1459 2964 dictus
1479 2907 1706 2974 hujusce
1753 2905 1918 2960 totius

1997 451 2119 506 οὐδὲ
2149 449 2254 504 ὑπὸ
2283 447 2418 504 Θεοῦ
2449 449 2732 516 γεγονέναι
2755 447 3012 514 δύναται;
3047 447 3118 505 Ἦ
3151 448 3236 500 δεῖ
3262 447 3584 500 τούναντίον

1999 541 2238 604 εὐσεὸὦς
2270 541 2634 609 ὲννοήσαντας
2664 539 2794 594 ἰδεῖν
2814 579 2830 603 ,
2887 541 3002 602 ὅτι,
3041 539 3092 592 εί
3125 537 3238 591 τῶν
3269 537 3583 608 γινομένων

1999 633 2161 701 φύσει
2189 627 2258 702 ἦν
2277 668 2293 696 ,
2337 631 2444 684 οὐδ’
2487 631 2553 684 ἂν
2596 629 2732 684 Θεοῦ
2761 628 3035 700 ἐνέργεια,
3073 628 3212 682 ἀλλά
3240 627 3459 696 φύσεως
3483 623 3577 700 ἦν,

1999 726 2095 779 καὶ
2121 727 2186 778 ἐκ
2207 723 2410 794 ταύτης
2433 723 2676 792 ἐγεγόνει
2696 723 2756 774 τδ
2775 706 3091 792 γινόμενον;
3125 722 3320 774 Ἢνίκα
3343 721 3402 774 δὲ
3426 721 3585 784 θείας

2000 815 2221 886 ἀμέσως
2270 814 2488 883 φύσεως
2530 811 2746 881 γένοιτο
2787 813 3004 884 ἐπινοίᾳ
3039 812 3102 866 τὸ
3139 812 3445 882 γινόμενον,
3479 812 3580 865 οὐκ

2001 909 2066 962 ὲκ
2090 905 2514 978 προϋπάρξεως,
2547 905 2665 959 ἀλλ’
2692 905 2757 958 ὲκ
2793 904 2867 974 μὴ
2892 903 3086 970 ὄντος,
3119 903 3316 957 νεωστὶ
3345 906 3456 967 τοῖς
3483 899 3582 956 οὖ-

2003 1016 2056 1053 σι
2111 997 2469 1050 συντάττεται
2525 995 2622 1048 καὶ
2665 995 3136 1064 συνομολογεϊται.
3192 995 3306 1049 Καὶ
3351 993 3414 1046 οὐ
3457 993 3581 1047 δέον

2001 1091 2066 1144 ὲκ
2095 1089 2204 1142 τῶν
2235 1088 2404 1141 πάλαι
2431 1075 2822 1156 ἐγνωσμένων,
2866 1085 2996 1148 τοὺς
3022 1085 3216 1152 λόγους
3247 1083 3340 1138 καὶ
3365 1083 3463 1154 τὴν
3490 1085 3581 1137 δό-

2003 1179 2100 1244 ξαν
2133 1179 2317 1248 ζητεῖν
2351 1176 2462 1229 τῶν
2496 1173 2820 1244 παραδόξων
2843 1213 2860 1238 ,
2917 1171 3068 1237 ἅπαξ
3104 1172 3182 1244 μὴ
3212 1173 3580 1244 ἀρνουμένους

2001 1271 2084 1324 ὅτι
2131 1269 2246 1322 ἐστι
2285 1285 2340 1322 τι
2390 1269 2486 1322 καὶ
2527 1265 2835 1336 παράδοξον
2863 1263 3114 1334 γίνεσθαι
3143 1263 3250 1318 ὑπὸ
3276 1263 3442 1318 Θεοῦο
3485 1265 3577 1317 νό-

2007 1378 2096 1432 μοι
2127 1360 2238 1430 γὰρ
2273 1358 2490 1429 φύσεως
2537 1355 2906 1412 καταλύονται
2960 1355 3136 1427 ῥᾷστα
3182 1353 3264 1424 τῷ
3310 1353 3578 1424 νομοθέτῃ

1999 1453 2060 1506 έν
2094 1448 2304 1522 καιρῷ.
2361 1449 2425 1502 Ei
2458 1447 2568 1517 γὰρ
2613 1446 2688 1516 μὴ
2724 1442 2900 1506 οῦτως
2951 1444 3128 1498 ταῦτα
3173 1441 3575 1512 καταδέχεσθε,

2009 1543 2134 1614 ὥρα
2157 1543 2324 1612 ὑμᾶς,
2352 1538 2488 1610 μηδὲ
2510 1539 2610 1608 τὴν
2630 1538 2698 1590 ἐκ
2721 1535 2992 1606 παρθένου
3019 1536 3233 1606 μήτρας
3257 1534 3579 1603 προέλευσιν

2007 1633 2333 1708 προσίεσθαι
2377 1628 2692 1685 οὑτινοσοῦν
2733 1625 3024 1698 σώματος,
3081 1626 3186 1680 κᾶν
3213 1625 3290 1688 ὡς
3322 1625 3581 1694 βούλεσθε

2007 1725 2301 1800 ἀνθρώπου
2348 1721 2510 1794 ψιλοῦ
2563 1737 2650 1784 τις
2689 1714 2833 1773 εἶναι
2871 1719 3024 1786 λέγοι
3057 1719 3160 1786 τὴν
3190 1717 3445 1787 γέννησιν
3480 1715 3581 1784 τὴν

2008 1820 2104 1874 ἀπ’
2134 1817 2326 1886 αὐτῆς.
2362 1815 2480 1868 Πᾶν
2507 1812 2620 1882 γὰρ
2646 1811 2804 1880 σῶμα
2833 1808 2922 1864 διὰ
2950 1805 3202 1878 σώματος
3227 1804 3467 1877 χωροῦν,
3487 1803 3586 1858 θά·

2007 1926 2166 1979 τερον
2188 1907 2351 1971 δείξει
2374 1901 2678 1974 διαιρεθὲν·
2709 1899 2824 1954 ἀλλ’
2880 1889 3004 1954 οῦδὲ
3062 1897 3281 1969 ἀϐρόχῳ
3315 1894 3439 1947 ποδῖ¹
3485 1911 3586 1947 πε-

2009 2000 2196 2070 ζεύειν
2226 1997 2322 2052 ἐπὶ
2343 1996 2620 2064 θαλάσσης
2644 1992 2889 2063 ἀνδρεῖον
2923 1991 3084 2061 σῶμα
3113 1987 3225 2058 ἔχοι
3257 1981 3439 2054 λόγον,
3460 1987 3586 2038 ἐπεὶ

2011 2089 2152 2162 μηδὲ
2185 2084 2424 2157 φυσικὴν
2456 2081 2826 2150 πιθανότητα·
2888 2080 2957 2134 τὰ
2991 2077 3100 2152 γὰρ
3135 2077 3441 2145 κουφότερα
3472 2075 3587 2136 τοῖς

2013 2179 2361 2250 βαρυτέροις,
2390 2175 2452 2229 οὐ
2477 2173 2548 2227 τά
2576 2170 2858 2242 βαρύτερα
2881 2173 2994 2232 τοῖς
3019 2167 3377 2238 κουφοτέροις
3398 2165 3590 2233 ἐπινή-

2011 2288 2168 2342 χεται
2217 2267 2488 2338 σώμασιν.
2552 2263 2694 2318 Ἀλλ’
2731 2263 2854 2317 οὐδὲ
2884 2262 2992 2316 ὑπὸ
3021 2261 3197 2332 πηλοῦ
3229 2259 3324 2312 καὶ
3353 2255 3586 2310 πτυέλου

2012 2361 2327 2432 ὀφθαλμοὺς
2357 2355 2762 2413 διαπεπλάσθαι
2793 2355 2949 2416 ποτὲ,
2984 2353 3083 2407 καὶ
3115 2353 3250 2422 πρὸς
3277 2351 3376 2418 τὴν
3406 2364 3587 2419 παραο

2013 2455 2206 2526 χρῆμα
2232 2448 2494 2522 ὁρατικὴν
2522 2449 2810 2517 ένέργειαν
2835 2444 3238 2516 ἀπαρτίζεσθαι
3263 2439 3358 2494 τοῦ
3383 2440 3449 2492 ὲκ
3496 2453 3591 2504 γε-

2026 2546 2184 2616 νετῆς
2217 2541 2420 2612 τυφλοῦ
2440 2579 2456 2605 ,
2504 2537 2626 2593 οὐδὲ
2671 2539 2903 2608 νεκροὺς
2947 2539 3012 2590 ὲκ
3045 2536 3216 2604 τάφου
3245 2529 3588 2590 ἀνίστασθαι.

2015 2637 2139 2691 οῦτε
2175 2635 2234 2689 δέ
2267 2650 2390 2688 τινα
2417 2631 2526 2685 τῶν
2559 2630 2736 2686 ἄλλων
2769 2628 2974 2699 ὁμοίων
3005 2623 3463 2694 θαυμαωυργιῶν
3494 2619 3591 2673 δύο

2015 2745 2180 2798 ναμιν
2234 2725 2329 2778 τοῦ
2373 2722 2614 2796 Χριστοῦ
2667 2720 2702 2792 ἢ
2750 2719 2858 2773 τῶν
2893 2718 3066 2786 ἁγίων
3101 2715 3385 2786 ὁμολογεῖν
3419 2713 3591 2774 ἐστιν,

2017 2817 2139 2872 ἐπεὶ
2179 2815 2255 2886 μὴ
2283 2817 2398 2876 τοῖς
2424 2813 2679 2882 φυσικοῖς
2706 2809 2892 2876 λόγοις
2919 2804 3382 2875 προεγνωσμένην
3407 2803 3591 2871 ἔχουσι

2017 2907 2116 2976 τῆς
2149 2903 2332 2966 αἰτίας
2363 2901 2460 2970 τὴν
2491 2898 2790 2962 ἀπόδειξιν.
2849 2893 3082 2971 ρὺκοῦν,
3113 2893 3214 2944 οὐκ
3243 2892 3310 2942 έκ
3337 2889 3431 2942 τοῦ
3463 2905 3591 2941 συν-

353 3002 487 3054 uniti
517 2998 1094 3060 omniuointellectus,
1141 2997 1214 3049 ita
1245 3004 1424 3050 totum
1474 2994 1698 3064 aliquod
1742 2991 1916 3062 majus

2019 2997 2240 3067 τεθῆναι
2299 2993 2400 3065 ήδη
2463 2989 2697 3057 εὐλόγως
2745 2987 2844 3056 τῆς
2893 2982 3044 3044 θείας
3085 2979 3431 3077 τελειότητος
3477 2995 3586 3077 με-

351 3091 532 3156 seipso
566 3099 624 3142 ιιι
669 3100 824 3157 parte
879 3087 1082 3142 habere
1113 3100 1222 3140 non
1275 3083 1626 3154 intelligetur,
1659 3082 1748 3137 his
1799 3097 1922 3150 quae

359 3188 606 3232 naturam
637 3178 828 3246 ipsius,
846 3191 968 3246 qua:
991 3176 1245 3229 unionem
1265 3181 1674 3243 consequuntur
1697 3173 1921 3226 vincen-

355 3265 517 3319 tibus.
565 3263 624 3316 Si
661 3264 808 3317 enim
859 3261 1055 3316 divinae
1108 3261 1325 3315 unionis
1352 3259 1497 3314 ratio
1550 3267 1720 3312 totum
1761 3271 1922 3313 suum

356 3353 530 3424 majus
557 3366 680 3406 esse
710 3364 807 3404 sua
841 3359 994 3418 parte
1022 3347 1155 3411 vult,
1193 3335 1246 3400 at
1297 3352 1506 3402 natura:
1532 3344 1732 3398 divina:
1781 3343 1928 3398 ratio

355 3439 494 3498 nihil
525 3443 641 3508 ipsa
669 3437 844 3506 majus
873 3439 987 3490 vult
1015 3435 1166 3506 tingi.
1197 3433 1330 3502 Qua
1357 3449 1486 3504 ergo
1516 3447 1583 3490 ex
1604 3433 1690 3488 his
1709 3432 1922 3488 duobus

365 3529 667 3584 rationibus
709 3525 952 3582 adversis
985 3527 1164 3596 potius
1195 3539 1358 3594 quam
1397 3521 1927 3595 alteraJrangetut-t

349 3638 410 3704 Si
442 3653 574 3691 vero
605 3636 774 3708 Igitur
807 3645 1003 3690 natura
1029 3635 1269 3690 vincitur
1297 3633 1428 3689 unio
1447 3673 1462 3697 ,
1507 3647 1618 3686 non
1643 3645 1778 3687 vero
1797 3632 1922 3686 vin-

352 3729 449 3790 cit.
476 3729 753 3799 quomodo
783 3737 995 3784 natura:
1027 3743 1137 3782 non
1179 3725 1716 3786 condonandaesset
1748 3723 1924 3779 unio?

353 3818 413 3874 Si
438 3828 618 3874 autem
645 3820 718 3874 ita
753 3833 863 3872 non
902 3833 960 3874 se
988 3817 1174 3878 habet,
1199 3814 1447 3884 profecto
1467 3828 1598 3884 ergo
1621 3828 1790 3882 supra
1823 3828 1924 3866 na-

356 3918 538 3991 turam
573 3908 807 3964 tenenda
835 3917 922 3962 est
947 3908 1100 3960 unio.
1134 3907 1290 3960 Patet
1339 3904 1508 3974 igitur
1557 3919 1626 3958 ex
1675 3903 1926 3973 probatis

352 3986 636 4062 omnibus,
673 4007 732 4053 ut
761 4007 975 4068 partem
1005 3997 1114 4053 dici
1149 3987 1567 4062 Verbumfnon
1597 4009 1723 4050 cum
1751 3993 1927 4064 parti-

354 4091 526 4146 culari
559 4089 1013 4162 imperfectione;
1067 4089 1394 4156 unitumque
1416 4125 1432 4150 ,
1463 4101 1599 4153 non,
1627 4093 1689 4140 ut
1720 4085 1924 4151 dicitis,

355 4181 463 4252 legi
489 4180 922 4237 substantiarum
960 4179 1104 4234 inter
1156 4193 1215 4240 se
1269 4177 1548 4232 unitarum
1601 4173 1926 4246 subjicitur;

359 4290 464 4330 nec
487 4275 671 4331 minus
697 4281 782 4329 est
807 4287 874 4328 co
903 4271 1052 4342 quod
1078 4271 1282 4326 dicitur
1303 4278 1502 4334 totum,
1529 4268 1684 4338 juxta
1707 4264 1928 4322 modum

2021 3088 2179 3157 ρικὴν
2203 3083 2450 3137 ἀτέλειαν
2477 3077 2879 3150 κατηγορήσετε
2895 3091 2910 3106 ο
2943 3075 2974 3127 ό
3001 3075 3108 3143 γὰρ
3131 3071 3206 3135 ὡς
3235 3070 3397 3140 μέρος
3414 3068 3572 3135 λεγό-

2021 3156 2178 3249 μενος
2223 3173 2382 3228 τοῦδε
2435 3171 2532 3224 τοῦ
2582 3169 2706 3222 ὅλου
2757 3164 3016 3220 συνθέτου
3057 3162 3189 3225 Θεὸς
3239 3159 3386 3224 ἅπαξ
3423 3156 3572 3212 νοοῦ-

2025 3285 2220 3340 μενος,
2269 3265 2346 3327 ὡς
2391 3262 2511 3316 ὅλον
2550 3277 2604 3313 τι
2645 3255 2830 3330 μεῖζον
2860 3255 3007 3325 ἔχειν
3037 3249 3229 3307 ἑαυτοῦ
3259 3249 3334 3313 ὡς
3365 3249 3589 3319 μέρους,

2021 3335 2082 3412 οὐ
2127 3354 2456 3426 νοηθήσεται
2480 3367 2492 3379 ·
2552 3348 2662 3403 τῶν
2703 3347 2805 3414 τῆς
2843 3343 3061 3415 φύσεως
3091 3339 3254 3396 αὐτοῦ
3289 3335 3598 3392 ἀκολούθων

2021 3449 2196 3516 λόγων
2243 3442 2552 3506 νικώντων,
2609 3439 2708 3492 xa‘t
2755 3437 2886 3500 τοὺς
2934 3436 3034 3505 τῆς
3077 3431 3382 3493 συνθέσεως
3412 3426 3598 3482 αὐτοῦ.

2026 3541 2086 3592 Ei
2134 3537 2244 3608 γὰρ
2296 3534 2392 3588 καὶ
2435 3533 2534 3600 τῆς
2577 3529 2882 3591 συνθέσεως
2923 3527 3025 3594 τῆς
3063 3525 3216 3586 θείας
3243 3523 3272 3574 ό
3305 3518 3466 3588 λόγος
3495 3520 3602 3570 ὰπ-

2025 3631 2186 3692 αιτεϊ,
2228 3624 2416 3696 μεῖζον
2455 3619 2598 3676 εἶναι
2641 3619 2736 3672 τοῦ
2778 3619 2983 3688 μέρους
3025 3615 3086 3668 τὸ
3119 3613 3250 3666 ἴδιον
3281 3612 3426 3672 ὅλον,
3464 3609 3601 3662 ἀλλά

2025 3720 2124 3790 τῆς
2149 3717 2364 3786 φύσεως
2397 3713 2500 3782 τῆς
2529 3711 2682 3774 θείας
2716 3707 2946 3762 ἀπαιτεῖ
2979 3703 3142 3772 λόγος
3165 3743 3182 3765 ,
3233 3701 3414 3790 μηδὲν
3431 3698 3603 3790 αὐτῆς

2028 3789 2212 3881 μεῖζον
2260 3801 2633 3860 ἐπινοεῖσθαι·
2689 3797 2798 3853 τῶν
2840 3795 2936 3850 δύο
2975 3791 3073 3848 οὖν
3115 3791 3378 3846 ἐναντίων
3405 3789 3600 3858 λόγων,

2023 3873 2110 3962 τίς
2158 3895 2360 3968 μᾶλλον
2408 3891 2488 3962 τῷ
2529 3891 2704 3962 ἑτέρῳ
2746 3887 3232 3957 ἀνατραπήσεται;
3286 3877 3350 3934 Ei
3385 3879 3484 3950 μὲν
3510 3873 3602 3931 οὖν

2024 3993 2093 4061 τῇ
2119 3987 2282 4058 φύσει
2313 3983 2720 4052 συναναιρεῖται
2745 3979 2779 4049 ή
2809 3973 3162 4039 σύνθεσις,οὒ
3193 3972 3504 4040 συναναιρεῖ
3519 3969 3597 4030 δὲ.

2029 4081 2148 4144 πῶς
2195 4078 2258 4132 οὗ
2303 4076 2422 4130 δέον
2473 4076 2542 4145 τῇ
2591 4071 2753 4142 φύσει
2799 4066 3159 4139 παραχωρεῖν
3188 4061 3287 4134 τὴν
3317 4061 3598 4124 σύνθεσινς

2030 4169 2094 4224 Ei
2128 4170 2184 4224 δὲ
2223 4168 2298 4238 μὴ
2327 4165 2504 4228 οὕτως
2528 4164 2642 4234 ἔχει
2666 4202 2682 4227 ,
2742 4159 2900 4231 δῆλον
2955 4159 3030 4222 ὠς
3064 4156 3186 4209 δέον
3217 4148 3604 4226 κρατεῖν’ὐπὲρ

2031 4263 2132 4332 τὴν
2161 4261 2322 4330 φύσιν
2353 4258 2454 4328 τὴν
2481 4254 2755 4310 σύνθεσιν.
2791 4249 3032 4318 Φανερδν
3061 4241 3156 4300 οὖν
3188 4247 3252 4298 ὲκ
3276 4243 3384 4298 τῶν
3409 4241 3604 4296 ἀποδε-

360 4367 652 4437 quemdam
683 4329 974 4434 compositi
1015 4361 1470 4433 significationis;
1507 4329 1916 4431 putsecundunr

2035 4329 2334 4422 δείγμένων
2363 4347 2606 4410 πάντων,
2639 4344 2716 4404 ὡς
2745 4341 2840 4397 καὶ
2873 4340 3038 4412 μέρος
3067 4337 3098 4393 ό
3177 4335 3338 4437 όγρς,
3375 4333 3436 4386 οὐ
3471 4329 3608 4437 μετά

361 4466 739 4514 creaturarum
771 4455 1208 4512 mediocritatem
1244 4460 1300 4509 et
1323 4451 1572 4506 habitum
1605 4449 1932 4512 naturalem,

361 4565 518 4606 suam
553 4551 855 4606 increatam
899 4546 1264 4603 substantiam
1297 4544 1654 4616 perfectionis
1709 4542 1936 4600 inﬁnitae

368 4629 598 4696 revelat.
625 4641 746 4696 Non
779 4655 913 4710 ergo
944 4638 1128 4694 minor
1163 4645 1250 4692 est
1277 4636 1464 4706 aliquo
1496 4643 1592 4690 aut
1631 4633 1934 4692 secundum

361 4733 495 4804 quid
525 4732 672 4787 Deus
700 4729 965 4794 Verbum,
1016 4727 1102 4782 vel
1141 4725 1334 4794 unitus
1354 4764 1370 4788 ,
1422 4723 1510 4779 vel
1556 4737 1668 4778 non
1701 4723 1930 4788 unitus;

365 4831 812 4891 evanescuntque
865 4818 1030 4874 modo
1081 4817 1217 4872 fumi
1269 4815 1551 4878 resoluta,
1617 4813 1936 4872 insolubilia

367 4921 572 4978 vestra,
599 4921 659 4967 ιιι
683 4911 888 4974 dicitis,
913 4919 1080 4980 atque
1101 4907 1546 4979 inexpugnabilia
1575 4905 1932 4976 sephismata.

369 5005 467 5059 His
501 5019 632 5072 ergo
674 5017 732 5056 se
778 5001 1114 5056 habentibus
1141 5039 1158 5066 ,
1211 5013 1315 5054 nos
1350 4997 1592 5052 Verbum
1631 4993 1933 5048 secundum

367 5094 542 5164 ipsius
567 5093 928 5149 substantiam
959 5091 1027 5146 ad
1049 5098 1294 5145 nostram
1319 5085 1684 5142 substantiam
1721 5083 1935 5164 unitum

366 5185 624 5248 dicimus,
652 5193 821 5250 utque
851 5191 1060 5252 partem
1107 5181 1278 5236 t0tius
1311 5177 1642 5248 compositi,
1681 5175 1827 5246 quod
1851 5185 1940 5230 est

366 5278 644 5342 Christus,
679 5275 1091 5345 distingttimus,
1119 5270 1485 5341 compositum
1511 5283 1642 5323 vero
1663 5283 1786 5322 esse
1817 5266 1937 5320 uni-

368 5387 490 5426 cam
523 5367 908 5430 substantiam,
948 5380 1014 5430 ex
1066 5374 1253 5420 nostra
1289 5361 1605 5432 ipsiusque,
1653 5374 1936 5430 nttnquam

369 5457 629 5517 diximus.
666 5455 811 5511 absit
839 5455 851 5508 ί

2041 4418 2273 4516 μερικῆς
2321 4437 2571 4501 ἀτελείας
2615 4434 2835 4502 λέγεται
2861 4446 2876 4461 ·
2935 4429 3032 4482 καὶ
3081 4423 3498 4516 συντιθέμενος,
3543 4418 3606 4516 οὐ

2037 4509 2240 4594 ἐωθὼς
2277 4547 2414 4598 φατε
2463 4527 2541 4598 τῷ
2581 4525 2734 4595 νόμῳ
2781 4522 2892 4576 τῶν
2943 4517 3218 4573 συνθέτων
3261 4513 3456 4569 οὐσιῶν
3501 4509 3613 4564 τῶν

2039 4627 2170 4698 παρ’
2202 4621 2383 4678 αὐτῶν
2413 4617 2776 4674 ὑποϐάλλεται
2797 4629 2814 4645 ο
2862 4611 2988 4666 οὔτε
3013 4609 3233 4663 ἔλαττον
3260 4603 3355 4660 τοῦ
3381 4599 3613 4671 λεγομέ-

2041 4693 2133 4773 νου
2161 4716 2306 4778 ὅλου,
2341 4712 2484 4766 κατά
2509 4726 2632 4762 τινα
2656 4705 2861 4776 τρόπον
2893 4701 3169 4773 σημασίας
3197 4696 3292 4750 τοῦ
3323 4693 3607 4749 συνθέτου·

2041 4809 2074 4882 ῆ
2115 4807 2258 4860 κατά
2281 4803 2382 4874 τὴν
2407 4800 2517 4856 τῶν
2544 4797 2778 4854 κτιστῶν
2810 4791 3151 4865 σμικρότητα
3181 4789 3278 4842 καὶ
3303 4785 3487 4857 σχέσιν
3511 4799 3614 4851 φυ-

2043 4873 2245 4967 σικὴν,
2315 4873 2413 4966 τὴν
2474 4889 2672 4946 ἑαυτοῦ
2721 4888 2978 4943 ἄκτιστον
3026 4880 3257 4952 οὐσιὼδη
3298 4873 3610 4942 τελειότητα

2041 4964 2436 5044 ἐπιδείκνυται.
2495 4983 2610 5036 Οὐκ
2639 4981 2862 5034 ἔλαττον
2891 4971 2986 5030 οῦν
3011 4974 3120 5044 ἄρα
3148 4969 3290 5032 τινὸς
3322 4967 3356 5038 ἢ
3391 4964 3532 5020 κατά
3555 4979 3614 5015 τι

2042 5085 2071 5137 ὁ
2095 5082 2229 5144 Θεὸς
2255 5078 2430 5146 Λόγος
2448 5113 2464 5136 .
2522 5073 2647 5128 οὐδὲ
2693 5065 3102 5136 συντιθέμενος,
3136 5061 3259 5115 οὐδὲ
3287 5057 3574 5146 ἀσόνθετος
3591 5069 3610 5083 °

2040 5174 2136 5228 καὶ
2161 5143 2366 5242 οἴχεται
2384 5165 2539 5238 ὑμῶν
2565 5161 2778 5218 καπνοῦ
2807 5159 2964 5228 δίκην
2989 5155 3308 5211 διαλυθέντα
3332 5143 3399 5205 τΞὶ
3421 5149 3612 5242 ἄλυτα,

2042 5263 2117 5326 ὡς
2161 5259 2361 5325 οἴεσθε,
2388 5257 2484 5310 καὶ
2530 5251 3022 5318 δυσκαταγιῦνιστα
3072 5245 3402 5315 σοφίσματα.
3469 5237 3616 5306 Πλὴν

2040 5355 2137 5408 καὶ
2183 5351 2392 5405 τούτων
2442 5347 2615 5409 οῦτως
2665 5342 2942 5414 ἐχόντων,
2997 5339 3164 5408 ἡμεῖς
3221 5331 3474 5386 σύνθετον
3521 5327 3618 5398 μὲν

2041 5445 2160 5498 κατ’
2187 5441 2378 5496 οὐσίαν
2429 5437 2528 5508 τὴν
2571 5431 2741 5488 αὐτοῦ
2796 5430 2932 5498 πρὸς
2973 5429 3074 5495 τὴν
3115 5425 3394 5496 ἡμετέραν
3430 5417 3622 5508 οὐσίαν

373 5547 552 5616 φαμὲν
580 5545 672 5600 τὸν
702 5545 871 5612 Λόγον
892 5560 906 5574 ·
963 5543 1056 5598 καὶ
1088 5541 1161 5605 ὡς
1201 5540 1366 5612 μέρος
1401 5539 1494 5592 τοῦ
1526 5535 1783 5592 συνθέτου
1811 5538 1934 5591 ὅλου
1973 5531 2212 5604 Χριστοῦ
2244 5529 2666 5599 διαστέλλομενο
2707 5519 2962 5576 σύνθετον
3026 5517 3084 5571 δέ
3143 5514 3352 5580 οὐσίαν,
3386 5509 3493 5565 ἀπὸ
3519 5506 3620 5576 τῆς

378 5638 541 5691 αὐτοῦ
567 5657 624 5693 τε
657 5640 748 5693 καὶ
779 5637 876 5707 τῆς
908 5635 1184 5707 ἡμετέρας
1209 5673 1222 5696 ,

1687 5727 1692 5734 υ

1265 5631 1326 5686 οῦ
1364 5633 1547 5701 φαμέν
1577 5649 1726 5692 ποτε.
1763 5632 1836 5700 μὴ
1865 5628 2094 5697 γένοιτο.
