3888 6168
245 256 386 335 1445
750 338 757 353 ι
1210 259 1606 322 ADVERSUS
1637 260 1780 322 NES

1949 260 2183 324 lANOS.
2212 286 2285 297 —
2319 263 2467 323 LIB.
2507 262 2560 323 Ῑ.
3347 262 3484 329 Ῑίίὸ

826 369 1088 431 ΚΕΦΑΛ.
1120 366 1223 423 1Δ’.
1850 379 1896 433 Α

1850 379 1896 433 Δ
2564 368 2717 425 CAP.
2748 369 2844 426 XI.

309 460 469 514 Πᾶσα
523 456 623 530 μία
664 457 830 527 φύσις
895 458 930 530 ἢ
982 456 1078 511 καὶ
1129 455 1433 521 ὑπόστασις
1480 455 1822 527 συγκειμένη

1993 456 2187 515 Omnis
2215 473 2324 512 una
2352 467 2551 513 natura
2580 459 2667 514 vel
2705 467 2762 514 et
2808 458 3121 529 hypostasis
3145 474 3213 514 ex
3242 462 3492 531 partibus

242 554 307 605 ἐκ
357 549 543 620 μερῶν
587 548 985 618 ἐτεροουσίων,
1058 547 1174 618 ἔχει
1219 546 1377 610 τινὰς
1418 544 1777 617 ἐνεργείας,ε

1960 549 2151 604 lterius
2184 548 2404 619 generis
2435 548 2741 618 composita
2768 589 2784 614 ,
2826 550 3090 618 quasdam
3142 552 3495 621 operationes

241 640 352 695 οὐδ’
384 636 684 709 ὁπότερον,
701 637 762 703 ἐξ
787 630 863 691 ὧν
892 635 1217 706 συνέστηκε,
1252 635 1481 690 δύναται
1510 626 1637 688 καθ’*
1662 635 1776 686 ἐαυπ

1957 638 2095 694 labet
2121 678 2136 703 ,
2182 654 2321 708 quas
2346 646 2543 693 neutra
2578 652 2647 693 ex
2688 638 2777 693 bis
2807 655 2839 694 e
2881 641 3084 709 quibus
3112 641 3492 705 constituitur,

243 733 340 785 καὶ
387 732 557 802 χωρὶς
603 729 705 800 τῆς
740 727 836 782 τοῦ
867 726 1061 795 ἐτέρου
1092 727 1378 798 ἐνεργείας
1404 724 1689 779 ἐκτελέσαι
1717 740 1778 775 τιε

1961 730 2230 786 ecundum
2276 730 2421 784 idem
2468 730 2700 801 sineque
2728 732 2959 788 alterius
3010 734 3334 803 operatione
3379 735 3496 791 ullo

242 825 430 895 τρόπῳ
459 821 606 875 ποτέ.
658 817 784 874 Οἷον
811 819 959 891 ψυχὴ
998 820 1094 874 καὶ
1132 818 1314 890 σῶμα,
1340 818 1555 872 δέονται
1581 814 1777 885 ἀλλήλο

1961 821 2098 875 nodo
2122 836 2359 890 unquam
2383 820 2644 889 perlicere
2668 830 2865 891 potest.
2886 824 2966 879 Ita
2991 826 3182 881 anima:
3206 837 3261 881 et
3281 829 3496 896 corpori

244 919 324 979 είς
357 915 418 968 τὸ
448 912 776 984 καταρτίσαι
804 912 1012 973 πλεῖον,
1041 910 1403 981 οἰκοδομῆσαι
1428 906 1599 970 οἷκον,
1623 907 1779 977 ὑφᾶνι

1958 926 2054 968 ese
2103 914 2334 969 invicem
2378 928 2519 983 opus
2566 925 2649 968 est
2697 917 2762 969 ad
2811 932 2998 972 narem
3051 919 3493 984 cuustruendam,

243 1005 467 1077 χιτῶνα,
492 1005 587 1059 καὶ
609 1004 729 1057 είτι
758 1002 1039 1056 τοιοῦτον*
1063 1004 1221 1073 ὅπερ,
1242 1002 1320 1064 ὡς
1346 998 1522 1065 εἶπον,
1555 998 1778 1053 ἀδύνατι

1960 1003 2564 1066 :diticandamdomum.
2596 1006 2839 1061 tunicam
2866 1007 3178 1072 texendam,
3211 1023 3276 1063 ac
3298 1011 3342 1063 si
3366 1011 3495 1078 quid

244 1101 326 1155 ἐνί
363 1098 545 1153 αὐτῶν
588 1099 759 1168 χωρὶς
794 1100 895 1167 τῆς
927 1096 1160 1167 θατέρου
1189 1096 1486 1168 συνεργίας
1516 1094 1779 1147 ἐκτελέσα

1970 1092 2279 1162 ujusmodi;
2309 1094 2458 1163 quod
2490 1095 2646 1150 nullo
2678 1111 2921 1166 unquam
2953 1098 3117 1151 modo
3166 1099 3262 1152 uni
3309 1114 3377 1153 ex
3412 1099 3502 1154 his

251 1187 319 1241 δι’
359 1186 627 1256 οὑδήποτε
671 1184 898 1254 τρόπου..
952 1184 1021 1238 Et
1066 1183 1248 1237 τοίνυν
1302 1184 1401 1253 μία
1441 1180 1623 1251 φύσις,
1659 1182 1692 1253 ἢ
1728 1181 1786 1252 μί

1964 1181 2049 1236 ine
2065 1182 2388 1239 alterutrius
2401 1185 2726 1253 Operatione
2738 1186 2991 1256 perfecta
3020 1187 3281 1256 possibile
3297 1188 3499 1243 dicam.

252 1276 554 1337 ὑπόστασις
589 1272 930 1344 ἀπετελέσθη
965 1275 1030 1326 ἐκ
1058 1271 1383 1339 συνθέσεως,
1426 1271 1504 1336 ῶς
1535 1289 1691 1340 φασι,
1727 1272 1787 1341 τί

1966 1274 1987 1327 »ἱ
2017 1282 2198 1328 tamen
2227 1290 2338 1329 una
2368 1283 2588 1338 natura,
2619 1276 2706 1331 vel
2739 1292 2849 1331 una
2892 1277 3205 1347 hypostasis
3258 1280 3501 1348 perfecta

244 1368 341 1422 τοῦ
372 1367 512 1421 Θεοῦ
538 1365 714 1435 Λόγου
769 1365 907 1436 πρὸς
947 1365 1043 1418 τὸν
1087 1363 1149 1430 ἐξ
1182 1364 1344 1435 ἡμῶν
1373 1363 1686 1435 ἄνθρωπον,
1723 1367 1779 1417 εἰη

1967 1366 2006 1420 it
2033 1381 2102 1422 ex
2126 1367 2356 1432 unione,
2378 1375 2446 1422 ut
2466 1369 2648 1433 aiunt,
2690 1369 2787 1424 Dei
2818 1370 2985 1425 Verbi
3012 1370 3086 1424 .ad
3116 1378 3369 1425 naturam
3399 1387 3502 1427 no—

244 1476 396 1521 τινες
421 1458 705 1528 ἐνέργειαι
734 1456 832 1526 τῆς
853 1456 1069 1510 τοιᾶσδε
1092 1455 1311 1526 φύσεως
1336 1457 1432 1510 καὶ
1447 1456 1776 1511 ὖποστάσεω

1966 1466 2125 1522 tram,
2146 1466 2278 1513 sunt
2305 1459 2557 1528 quaedam
2585 1460 3267 1531 operationeshujusmodi
3291 1472 3501 1521 natura

246 1546 314 1610 ἀς
359 1546 388 1598 ό
417 1544 551 1606 Θεὸς
574 1545 749 1614 Λόγος
778 1544 902 1598 καθ’
930 1545 1124 1599 ἑαυτὸν
1154 1546 1256 1599 οὐκ
1281 1545 1516 1615 ὴδΰνατο
1543 1544 1781 1618 πληρῶσε

1968 1558 2096 1618 tque
2126 1548 2453 1620 hypostasis,
2494 1565 2637 1620 quas
2667 1551 2812 1606 Deus
2837 1551 3079 1606 Verbum
3122 1568 3221 1624 per
3261 1554 3503 1623 seipsum

249 1654 354 1692 τινι
382 1637 569 1708 τρόπῳ
597 1637 678 1708 (τὸ
700 1637 757 1690 δὲ
779 1637 867 1706 μὴ
895 1637 1218 1703 δύνασθαι,
1240 1635 1413 1707 διχῶς
1437 1636 1657 1704 λέγεται
1680 1654 1784 1707 παρ

1968 1640 2214 1709 omplere
2239 1640 2354 1697 ullo
2385 1641 2552 1695 modo
2588 1641 2786 1712 nequit
2827 1642 3069 1714 (nequire
3087 1653 3270 1700 autem
3298 1645 3503 1716 duplici

250 1722 319 1798 τῇ
350 1705 474 1801 θείᾳ
501 1705 693 1799 Γραφῇ
727 1705 823 1781 καὶ
850 1730 908 1782 ὲν
936 1731 1004 1798 τῇ
1031 1729 1184 1799 κοινῇ
1217 1705 1506 1798 συνηθείᾳ⁴
1536 1727 1569 1797 ἢ
1598 1728 1673 1786 ὡς
1700 1705 1785 1781 ἀδίι

1980 1730 2096 1787 ιοᾶο
2123 1731 2331 1787 dicitur
2369 1732 2424 1787 in
2458 1732 2741 1803 Scriptum
2775 1735 2930 1789 sacr‘a
2951 1746 3328 1805 consuetaque
3353 1705 3515 1792 lbcu.

254 1837 411 1873 νατον
457 1820 550 1873 τὸν
593 1819 727 1873 Θεὸν
774 1818 1119 1888 ψεύσασθαι,
1172 1817 1262 1871 διὰ
1292 1819 1354 1871 τὸ
1379 1818 1789 1888 ἀπερίγραπτον

1979 1837 2117 1876 one:
2141 1822 2310 1877 velut
2331 1823 2673 1892 impossibile
2697 1832 2784 1879 est
2804 1825 2977 1880 Deum
3003 1827 3250 1892 mentiri,
3283 1836 3507 1896 pr0pter

251 1912 286 1983 ἢ
334 1911 411 1973 ὡς
445 1910 595 1982 δῶρά
621 1928 680 1963 τε
711 1913 805 1964 καὶ
835 1909 997 1965 θυσία
1043 1908 1118 1981 μὴ
1143 1908 1426 1979 δυνάμενα
1481 1909 1625 1962 κατά
1657 1926 1786 1962 συνεξ

1972 1916 2305 1983 ilinitatem;
2333 1918 2420 1973 vel
2456 1928 2517 1973 ut
2547 1917 2691 1974 dona
2723 1928 2781 1974 et
2827 1919 3022 1976 hostiae
3062 1936 3186 1990 qua:
3226 1930 3507 1991 nequeunt

251 2003 409 2070 δησιν
440 2000 728 2055 τελειῶσαι
760 2000 852 2055 τὸν
880 1999 1239 2070 λατρεύοντα,
1273 1998 1362 2053 διὰ
1393 2000 1457 2051 τὸ
1488 1999 1711 2062 ἀσθενὲς
1740 2016 1786 2053 κι

1970 2015 2082 2062 txta
2113 2009 2509 2064 conscientiam
2535 2010 2860 2066 oﬂ‘erentem
2898 2013 3202 2080 perfectum
3249 2012 3430 2067 facere
3460 2017 3505 2078 ',

253 2096 545 2162 ἀνέφικτον
592 2091 815 2147 οἱασοῦν
854 2092 1166 2163 ἐνεργείας,
1203 2094 1252 2145 εἰ
1281 2089 1617 2161 δώσουσιν),
1665 2091 1733 2155 ἀς
1772 2109 1788 2145 ι

1975 2105 2162 2167 ropter
2176 2098 2627 2155 inﬁrmitatemet
2642 2100 2891 2156 umbram
2908 2104 3267 2172 operationis,
3290 2104 3509 2173 quando

240 2186 551 2254 «δυνάμενος
600 2186 629 2238 ό
672 2183 807 2248 Θεὸς
850 2184 1027 2253 Λόγος
1071 2182 1362 2254 πληρῶσαι
1396 2184 1521 2236 καθ’
1545 2182 1730 2250 αὑτὸν,
1767 2200 1775 2218 ·

1973 2187 2444 2260 ﬂ‘eruntur),quas
2459 2191 2854 2248 DeusVerbum
2881 2195 3158 2263 complere
3182 2212 3291 2249 non
3315 2204 3508 2265 potens

240 2277 348 2331 ’τοῦ
374 2275 666 2347 ἀνθρώπου
691 2276 945 2347 ἐνεργείᾳ
970 2273 1378 2349 siet-eleuet?
1400 2273 1604 2343 ἀσθενῆ
1624 2274 1773 2327 δεικν

1973 2294 2036 2334 er
2064 2279 2330 2349 seipsum,
2365 2288 2575 2336 naturae
2610 2282 2864 2337 humana:
2889 2284 3207 2353 Operatione
3254 2285 3506 2354 perfecit.

237 2381 373 2418 σουσι
405 2365 497 2417 τὸν
512 2365 656 2417 -Θεὸν
684 2366 881 2433 Λόγον,
918 2362 952 2435 ἢ
987 2363 1316 2435 πεπραχότα
1345 2363 1415 2416 τά
1438 2363 1690 2433 ἀπρεπῆ.
1724 2365 1772 2416 Κ

1974 2369 2035 2424 'el
2066 2369 2344 2424 inﬁrmum
2375 2371 2549 2425 Deum
2584 2372 2825 2427 Verbum
2869 2374 3172 2428 ostendunt
3196 2415 3210 2438 ,
3245 2377 3332 2430 vel
3386 2393 3509 2445 quae

239 2457 304 2510 ,εί
337 2456 435 2527 μὲν
465 2454 528 2508 τὸ
552 2456 804 2526 πρῶτον,
851 2455 930 2510 ἔτι
963 2457 1057 2509 καὶ⁵
1082 2454 1178 2509 νῦν
1207 2455 1237 2507 ό
1268 2454 1454 2525 Πατὴρ
1482 2456 1668 2507 ἀτονεῖ
1699 2470 1774 2525 πρ

1977 2473 2046 2513 on
2086 2458 2287 2514 decent
2316 2460 2634 2515 facientem.
2669 2461 2724 2517 Si
2762 2463 3003 2532 primum
3026 2504 3041 2528 ,
3074 2465 3376 2519 etiamnum
3411 2466 3512 2521 Pa-

242 2550 352 2622 -τὴν
373 2549 768 2619 ἀποπλήρωσιν
792 2550 899 2602 τῶν
925 2548 1147 2603 τοιῶνδε
1172 2548 1491 2619 ἐνεργειῶν,
1520 2547 1594 2619 μὴ
1619 2564 1777 2617 συγκε

1976 2565 2042 2614 3r,
2075 2551 2169 2620 qui
2194 2551 2449 2607 humanae
2481 2562 2694 2608 natura:
2724 2569 2834 2607 non
2861 2555 3113 2625 subjacet
3142 2594 3158 2618 ,
3210 2556 3278 2610 ad
3319 2556 3511 2626 hujus—

246 2657 422 2711 άμενος
454 2640 531 2710 τῷ
562 2639 623 2704 ἐξ
649 2640 807 2710 ἡμῶν
834 2638 1143 2710 ἀνθρώπῳ·
1195 2639 1293 2693 καὶ
1322 2639 1464 2693 κατὰ
1490 2638 1680 2703 τοῦτο,
1720 2656 1781 2708 με

1976 2637 2086 2692 ιοιίἰ
2120 2640 2476 2708 operationes
2507 2642 2867 2711 complendas
2899 2644 3174 2714 impotens
3192 2655 3311 2710 est;
3346 2654 3511 2714 atque

258 2731 368 2797 ζων
395 2734 424 2785 ὁ
452 2732 580 2795 Υἱὸς
609 2731 703 2785 τοῦ
732 2730 969 2801 Πατρὸς,
1012 2732 1151 2802 ὅπερ
1182 2731 1379 2794 ἀσεϐές
1404 2748 1417 2762 ·
1468 2732 1517 2784 εί
1545 2730 1602 2784 δὲ
1631 2731 1693 2784 τὸ
1717 2730 1793 2782 δει

1977 2729 2242 2785 ecundum
2277 2731 2422 2799 hoc,
2462 2734 2637 2804 major
2661 2734 2822 2788 Patre
2856 2734 3029 2790 Filius
3069 2744 3157 2790 est
3183 2777 3197 2799 ,
3243 2737 3389 2806 quod
3428 2746 3512 2792 est

255 2840 439 2894 τερον,
476 2822 743 2894 πρόδηλον
771 2822 833 2875 τὸ
866 2822 1192 2893 βλάσφημον
1213 2837 1228 2852 ’
1281 2823 1312 2875 ό
1362 2822 1497 2885 Θεὸς
1527 2821 1638 2892 γὰρ
1683 2822 1790 2874 οὑδί

2008 2822 2168 2891 ιρὶιιιῐι
2192 2840 2206 2876 :
2231 2822 2278 2877 si
2297 2839 2429 2879 vero
2446 2825 2772 2889 secundum,
2791 2824 3019 2881 evidens
3038 2835 3121 2881 est
3137 2827 3511 2896 blasphemia;
3540 2872 3543 2876 Α

259 2908 367 2970 τῶν
397 2920 662 2988 ἀπρεπῶν
694 2919 1110 2989 διαπράττεται,
1146 2916 1272 2971 οὔτε
1306 2917 1431 2971 καθ’
1462 2917 1678 2980 ἐαυτὸν,
1711 2916 1794 2970 οὕτ

1979 2930 2179 2984 amque
2206 2916 2352 2970 Deus
2382 2916 2525 2970 nihil
2551 2915 2845 2986 quodnon
2874 2916 3067 2971 deceat
3098 2916 3247 2979 facit,
3278 2933 3384 2972 nec
3415 2932 3514 2987 per

262 3008 385 3076 μεθ’
407 3010 624 3079 ἐτέρου.
667 3012 730 3064 Εἰ
759 3009 816 3062 δὲ
846 3009 1129 3082 οὐδέτερον
1155 3008 1346 3063 δοῦναι
1374 3010 1542 3070 ὅσιον,
1576 3008 1699 3061 οὺδέ
1726 3007 1797 3077 ἄρ

1982 2996 2200 3066 Bipsum,
2250 3021 2356 3061 nec
2399 3021 2528 3060 cum
2558 3006 2755 3061 altero.
2797 3006 2855 3062 Si
2888 3022 3022 3061 vero
3048 3016 3309 3062 neutrum
3337 3006 3517 3062 dicere

260 3099 385 3153 οὐδὲ
436 3102 469 3170 ή
507 3100 760 3163 σύνθεσις
789 3100 1088 3171 γεγένηται
1117 3100 1212 3153 τοῦ
1240 3099 1379 3153 Θεοῦ
1404 3099 1583 3166 Λόγου
1619 3098 1714 3151 καὶ
1739 3114 1795 3151 το

1972 3089 2158 3144 iamest
2190 3133 2205 3158 ,
2240 3112 2350 3151 non
2392 3111 2552 3167 ergo,
2603 3112 2715 3152 non
2748 3098 2883 3153 unio
2917 3097 3061 3153 facta
3097 3107 3182 3153 est
3211 3100 3308 3154 Dei
3342 3099 3507 3154 Verbi

262 3191 320 3257 ἐξ
351 3193 384 3262 ἡ
392 3192 509 3259 μῶν
537 3189 851 3261 ἀνθρώπου.
1765 3185 1774 3195 ’

1765 3185 1774 3195 ’
1939 3193 2261 3255 naturaeque
2295 3186 2571 3241 humanae.

334 3280 561 3349 Ὄμοιόν
599 3296 653 3332 τι
700 3279 1028 3333 πεπονθέναι
1070 3280 1202 3350 ἡμῖν
1238 3278 1449 3348 boni/1:3
1492 3283 1606 3341 τοῖς
1649 3278 1839 3347 ἀφυῶς

2009 3273 2234 3341 Aliquid
2260 3272 2441 3328 simile
2477 3273 2614 3328 mihi
2638 3290 2801 3345 agere
2848 3274 3110 3330 videmini
3135 3275 3321 3345 inepte
3348 3292 3513 3346 snpe-

264 3371 322 3422 ἐν
349 3372 473 3431 ταῖς
516 3369 748 3432 τοξείαις
789 3369 898 3422 τῶν
936 3369 1154 3422 σκοπῶν
1200 3367 1709 3439 ὑπερακοντίζουσι,
1745 3384 1799 3421 κε

1980 3361 2196 3417 antibus
2217 3376 2444 3432 scopum
2499 3363 2605 3418 tela
2632 3351 2915 3433 iaciendo,
2957 3364 3288 3435 imperitiam
3331 3367 3515 3435 potius

263 3461 519 3531 ἀτεχνίαν
541 3460 740 3531 μᾶλλον
761 3461 906 3532 ἢπερ
934 3460 1222 3531 εὐστοχίαν
1246 3460 1740 3530 ἐπιδεικνυμένοις,
1764 3478 1798 3512 τε

1974 3468 2106 3522 quam
2134 3453 2413 3508 solertiam
2436 3455 2884 3519 ostendentibus,
2908 3454 2983 3509 ita
3013 3464 3074 3509 ut
3104 3455 3355 3510 nesciant
3378 3471 3509 3525 quo.

264 3551 343 3622 μὴ
373 3551 572 3604 εἰδέναι
628 3551 748 3604 καθ’
797 3546 858 3607 οὗ
885 3568 946 3604 τε
974 3553 1071 3604 καὶ
1101 3553 1228 3605 ὅσον
1267 3550 1365 3613 καὶ
1432 3551 1583 3613 ὅπως
1611 3551 1678 3603 τὰ
1711 3550 1799 3620 es)

1981 3551 2210 3596 uantum
2243 3542 2636 3613 quomodoque
2674 3544 2781 3598 tela
2815 3543 3068 3613 jacienda
3101 3543 3213 3599 sint
3236 3562 3250 3598 :
3277 3560 3513 3615 namque

263 3643 385 3696 δέον
424 3644 889 3714 ἀποπέμπεσθαι·
925 3641 1160 3713 καὶγὰρ
1194 3643 1289 3695 καὶ
1328 3643 1388 3695 ἐν
1422 3640 1598 3711 τούτῳ
1640 3642 1798 3711 μᾶλλ(

1980 3648 2067 3688 um
2095 3634 2150 3688 in
2174 3635 2282 3689 hoc
2302 3635 2487 3704 potius
2513 3634 2890 3689 asserentibus
2910 3650 3073 3689 unam
3103 3645 3356 3689 naturam
3381 3651 3515 3691 con-

265 3734 404 3804 πρὸς
431 3735 556 3796 τοὺς
587 3733 715 3804 μίαν
743 3733 843 3805 τὴν
872 3733 1038 3804 φύσιν
1072 3733 1335 3801 λέγοντας
1362 3733 1668 3801 ἀντιλέγειν
1704 3735 1800 3788 ὸνει

1979 3725 2215 3784 radieere
2248 3726 2722 3791 somniavissetis,
2776 3727 3008 3798 perinde
3067 3742 3133 3784 ac
3165 3730 3514 3798 praecedente

266 3823 702 3894 ροπολήσαντες,
732 3823 922 3894 ὥσπερ
969 3823 1071 3876 κάν
1102 3820 1182 3892 τῷ
1218 3821 1326 3892 πρὸ
1354 3820 1511 3874 τοῦδε
1555 3823 1801 3895 ἐπιχειρῆ

1980 3832 2287 3895 rgumento,
2306 3826 2388 3881 sic
2411 3835 2469 3881 et
2495 3841 2647 3881 nunc
2669 3825 2947 3880 mediante
2970 3826 3344 3882 contentionis
3367 3827 3515 3883 desi-

267 3932 420 3985 ματι,
447 3913 544 3967 νῦν
573 3912 764 3986 ὥσπερ
792 3917 856 3985 τῇ
887 3913 1037 3986 ῥύμῃ
1059 3913 1157 3983 τῆς
1190 3913 1326 3984 πρὸς
1357 3913 1693 3983 φιλονεικίαν
1742 3917 1802 3984 ἐφ

1982 3917 2121 3983 erio,
2156 3917 2450 3973 adversum
2480 3933 2583 3973 nos
2613 3932 2834 3988 quoque
2858 3933 3023 3972 unam
3051 3918 3392 3990 hypostasim
3412 3932 3517 3974 nec

265 4024 454 4070 εσεως,
481 4009 577 4061 καὶ
626 4006 761 4078 πρὸς
790 4007 938 4077 ἡμᾶς
977 4007 1105 4069 τοὺς
1135 4006 1264 4077 μίαν
1295 4006 1554 4076 λέγοντας
1582 4008 1680 4080 τὴν
1709 4011 1800 4063 but

1984 4015 2198 4063 aturam
2223 4018 2535 4064 asserentes
2569 4008 2624 4063 in
2655 4007 2888 4063 Domino
2921 4020 3115 4063 nostro
3137 4009 3265 4064 Jesu
3296 4007 3517 4064 Christo

268 4115 454 4154 στασιν
484 4097 580 4152 καὶ
612 4097 735 4169 ορχὶ
759 4097 856 4169 τὴν
884 4097 1069 4167 φύσιν,
1092 4099 1186 4151 ἐπὶ
1212 4097 1307 4151 τοῦ
1330 4099 1538 4163 Κυρίου
1560 4100 1718 4169 ἡμῶν
1745 4102 1803 4155 Ἰτ

1982 4100 2243 4156 rruimini.
2299 4099 2406 4156 Sed
2446 4114 2551 4154 nos
2598 4107 2933 4153 structuram
2968 4106 3208 4152 vestram
3265 4097 3517 4151 breviter

269 4190 363 4244 σοῦ
392 4188 632 4262 Χριστοῦ
666 4188 1050 4260 ἀντιφέρεσθε.
1098 4188 1241 4242 Ἀλλ’
1272 4190 1433 4259 ἡμεῖς
1461 4205 1526 4258 γε
1560 4192 1804 4261 συντόμω

1983 4202 2316 4249 estruemus.
2346 4190 2538 4247 Omnis
2565 4190 2715 4245 enim
2743 4189 2994 4258 operatio
3023 4203 3090 4243 ex
3120 4187 3366 4257 potentia
3392 4194 3514 4252 est;

270 4282 425 4351 ὑμῶν
469 4283 570 4352 τὴν
627 4280 979 4351 κατασκευὴν
1029 4281 1503 4350 ἀνασκευάσομεν.
1529 4282 1690 4337 Πᾶσα
1734 4284 1805 4352 γὰ

1983 4284 2128 4339 mnis
2150 4293 2337 4338 autem
2367 4282 2618 4352 potentia
2645 4280 2953 4343 unitorum,
2999 4278 3115 4333 sive
3163 4293 3229 4333 ex
3267 4277 3518 4346 partibus

272 4373 545 4442 ἐνέργεια,
580 4374 646 4426 ἐκ
671 4370 951 4442 δυνάμεώς
988 4372 1133 4424 ἐστι’
1166 4372 1318 4424 πᾶσα
1367 4370 1424 4423 δὲ
1470 4370 1704 4441 δύναμις
1733 4374 1807 4427 τῶ

1981 4384 2093 4431 nter
2124 4390 2205 4439 se,
2244 4374 2362 4429 sive
2387 4386 2456 4427 ex
2496 4371 2614 4440 ipsa
2649 4368 2856 4424 unione
2887 4367 2945 4421 in
2975 4367 3110 4437 ipsis
3157 4367 3427 4422 subsistit.
3459 4366 3516 4422 Si

274 4460 564 4523 συνθέτων,
592 4459 626 4530 ἢ
658 4464 722 4514 ἐκ
744 4461 854 4514 τῶν
883 4458 1005 4514 κατ’
1032 4459 1171 4513 αὺτά
1195 4459 1398 4531 μερῶν,
1429 4461 1463 4531 ἢ
1499 4462 1564 4515 ἐκ
1591 4461 1693 4530 τῆς
1715 4479 1809 4517 συν

1983 4481 2079 4537 rgo
2127 4472 2184 4518 et
2222 4478 2351 4533 pars
2399 4477 2510 4517 una
2556 4460 2724 4516 unita:
2759 4457 3069 4531 hypostasis
3108 4457 3180 4512 sit
3217 4457 3334 4527 ipse
3375 4458 3518 4512 Deus

271 4548 476 4611 θέσεως
506 4551 677 4620 αὐτῆς
705 4550 1009 4622 ἐνυπῆρξεν
1058 4551 1264 4613 αὐτοῖς.
1310 4551 1482 4623 Είπερ
1523 4546 1617 4605 οὖν
1652 4551 1714 4606 τὸ
1742 4552 1806 4624 μὲ

1982 4556 2190 4612 'erbum
2221 4596 2237 4622 ,
2303 4554 2643 4623 alteriusque
2699 4552 2876 4622 partis
2933 4549 3289 4614 comitantis,
3355 4559 3517 4618 atque

269 4640 328 4694 ἒν
355 4641 517 4710 μέρος
543 4640 704 4710 τῆσδε
726 4642 828 4710 τῆς
850 4641 1107 4695 συνθέτου
1138 4641 1494 4706 ὑποστάσεως
1508 4643 1674 4708 αὑτός
1695 4644 1804 4697 ἐστι

1984 4644 2032 4700 ui
2053 4644 2230 4714 ipsius
2247 4641 2474 4698 unionis
2495 4656 2620 4696 cum
2649 4640 2742 4695 illa
2766 4639 2885 4710 ipse
2901 4648 2986 4694 est
3012 4652 3196 4704 causa;
3219 4637 3400 4691 omnis
3420 4653 3519 4691 au-

269 4732 298 4783 ὀ
328 4730 459 4793 Θεὸς
491 4731 685 4798 Λόγος,
714 4731 810 4784 τοῦ
837 4731 895 4784 δέ
923 4733 1114 4804 ἐτέρου
1150 4733 1350 4803 μέρους
1380 4732 1477 4787 τοῦ
1519 4734 1618 4787 σὺν
1668 4733 1804 4805 αὐτᾷ

1983 4749 2054 4791 3m
2081 4749 2250 4791 causa
2293 4747 2420 4790 cum
2461 4733 2534 4788 sit
2558 4733 2733 4803 major
2751 4730 2999 4802 potentia
3027 4738 3084 4785 et
3107 4728 3518 4799 operationibus

271 4821 485 4891 καὶτῆς
519 4821 715 4874 ἐαυτοῦ
735 4821 793 4875 δὲ
807 4821 946 4893 πρὸς
975 4825 1154 4877 ἐκεῖνο
1178 4823 1483 4887 συνθέσεως
1506 4825 1670 4888 αὐτός
1697 4826 1806 4877 ἐστι

1986 4827 2184 4883 ausatis
2209 4825 2345 4889 suis,
2369 4823 2650 4895 quomodo
2662 4821 2940 4887 Christus,
2954 4820 2999 4876 si
3018 4820 3145 4891 quis
3165 4834 3293 4875 eum
3318 4818 3521 4874 dixerit

270 4912 466 4976 αἴτιος,
498 4913 609 4966 πᾶν
628 4912 684 4966 δέ
705 4912 895 4974 αἴτιον,
935 4914 1119 4983 μεῖζον
1140 4916 1240 4985 τήν
1271 4931 1332 4967 τε
1363 4914 1597 4985 δύναμιν
1623 4916 1720 4970 καὶ
1747 4917 1805 4969 τὰ

1984 4918 2202 4984 nilum,
2256 4918 2526 4988 majorem
2563 4913 2797 4970 habebit
2843 4913 3085 4983 aliquam
3142 4912 3519 4983 operationem

270 5008 553 5079 ἐνεργείας
590 5009 731 5080 ὑπὲρ
771 5007 840 5062 τά
873 5006 983 5062 ίδια
1012 5010 1255 5062 αίτιατά·
1289 5009 1409 5074 πῶς
1442 5010 1504 5064 τὸ
1533 5011 1679 5064 κατὰ
1709 5012 1805 5082 Χρι

1994 5025 2107 5065 nam
2139 5024 2271 5081 pars
2357 5023 2483 5079 quae
2521 5016 2611 5063 est
2634 5007 2693 5061 in
2726 5005 3107 5076 ipso,quaaque
3140 5003 3340 5059 iterum
3362 5003 3529 5071 panis

271 5098 396 5153 στὸν
440 5100 470 5152 ὃ
499 5116 553 5152 τι
592 5098 659 5153 ἀν
711 5115 798 5164 τις
826 5100 972 5153 εῐποι
1002 5100 1225 5168 γεγονὸς
1273 5100 1560 5167 σύνθετον,
1615 5103 1804 5172 μείζον

1985 5111 2029 5158 st
2053 5116 2243 5166 causa,
2272 5100 2390 5157 sive
2420 5098 2593 5156 Verbi
2625 5096 2840 5153 divini?
2886 5099 2955 5152 At
2981 5095 3254 5167 siquidem
3286 5093 3520 5150 stultitia

270 5192 384 5258 ἐξει
414 5192 540 5247 τινά
568 5194 852 5264 ἐνέργειαν
893 5191 989 5246 τοῦ
1039 5192 1098 5246 ἐν
1153 5193 1302 5263 αὐτῷ
1335 5194 1455 5264 μὲν,
1485 5196 1660 5250 αἰτίου
1677 5196 1735 5250 δὲ
1774 5214 1805 5249 α

1984 5191 2318 5247 bsurdorum
2349 5199 2663 5247 vestrorum
2691 5203 2907 5245 summa
2947 5186 3016 5243 de
3051 5186 3376 5244 substantiis
3403 5199 3519 5239 ser-

268 5284 363 5338 τοῦ
407 5285 629 5358 μέρους,
655 5286 824 5357 ἧγουν
843 5284 936 5338 τοῦ
968 5283 1117 5338 θείου
1152 5285 1358 5352 Λόγους
1404 5286 1543 5340 Ἀλλ’
1564 5289 1686 5342 ἐπεὶ
1714 5304 1803 5361 πει

1982 5299 2173 5340 nonem
2202 5283 2432 5339 adduxit
2451 5324 2466 5348 ,
2516 5283 2820 5349 et'mnnum
2849 5280 2939 5336 his
2969 5280 3047 5335 ita
3078 5295 3139 5335 se
3169 5274 3517 5337 habentibus,

271 5376 468 5431 οὐσιῶν
490 5378 622 5447 ἡμῖν
651 5377 893 5448 παρέσχε
916 5375 1026 5430 τῶν
1046 5376 1332 5447 ὑμετέρων
1349 5378 1592 5432 ἀτοπιῶν
1620 5381 1654 5451 ἡ
1680 5379 1806 5451 ὓπερ

1986 5377 2108 5433 obis
2143 5386 2324 5432 tamen
2353 5375 2460 5430 hoc
2492 5390 2715 5446 quoque
2740 5373 3035 5430 dicendum
3070 5381 3186 5436 est,
3225 5368 3271 5425 si
3306 5364 3521 5422 intelle-

273 5464 542 5529 S).6Couca
592 5465 805 5534 ἀλογία,
837 5467 917 5520 ἐτι
958 5466 1055 5520 καὶ
1102 5465 1312 5519 το-Στων
1367 5467 1540 5531 οὕτως
1589 5471 1808 5540 ἐχόντων

1984 5468 2283 5524 tuabilibus
2333 5468 2511 5525 oculis
2568 5465 2908 5531 intendatis,
2968 5479 3067 5519 vos
3122 5460 3281 5518 facile
3331 5453 3519 5508 videre

344 5642 365 5675 τ
389 5640 537 5696 llehr
559 5657 648 5707 ιἰι,
686 5646 761 5702 l9.
854 5702 859 5709 ,
