  <div class='ocr_page' id='page_1' title='image "/cluster/home/n/w/nwhite01/storage/ocr_20150623/86 pt.1/mdp.39015028803867/733.png"; bbox 0 0 3932 6152; ppageno 0'>
   <div class='ocr_carea' id='block_1_1' title="bbox 381 224 515 297">
    <p class='ocr_par' dir='ltr' id='par_1_1' title="bbox 381 224 515 297">
     <span class='ocr_line' id='line_1_1' title="bbox 381 224 515 297; baseline 0 -2"><span class='ocrx_word' id='word_1_1' title='bbox 381 229 413 295; x_wconf 74' lang='grc' dir='ltr'><em>Ἰ</em></span> <span class='ocrx_word' id='word_1_2' title='bbox 426 224 515 297; x_wconf 57' lang='grc' dir='ltr'><strong>ξδ’]</strong></span> 
     </span>
    </p>
   </div>
   <div class='ocr_carea' id='block_1_2' title="bbox 1633 220 2386 307">
    <p class='ocr_par' dir='ltr' id='par_1_2' title="bbox 1633 220 2386 307">
     <span class='ocr_line' id='line_1_2' title="bbox 1633 220 2386 307; baseline -0.003 -2"><span class='ocrx_word' id='word_1_3' title='bbox 1633 238 1952 307; x_wconf 81' lang='lat' dir='ltr'><strong>‘LEeNTn</strong></span> <span class='ocrx_word' id='word_1_4' title='bbox 1990 220 2386 306; x_wconf 78' lang='lat' dir='ltr'><strong>BYZANTINI</strong></span> 
     </span>
    </p>
   </div>
   <div class='ocr_carea' id='block_1_3' title="bbox 3496 232 3659 309">
    <p class='ocr_par' dir='ltr' id='par_1_3' title="bbox 3496 232 3659 309">
     <span class='ocr_line' id='line_1_3' title="bbox 3496 232 3659 309; baseline 0 -2"><span class='ocrx_word' id='word_1_5' title='bbox 3496 232 3659 309; x_wconf 62' lang='lat'><strong>115?.</strong></span> 
     </span>
    </p>
   </div>
   <div class='ocr_carea' id='block_1_4' title="bbox 386 328 1961 427">
    <p class='ocr_par' dir='ltr' id='par_1_4' title="bbox 386 344 1961 423">
     <span class='ocr_line' id='line_1_4' title="bbox 386 344 1961 423; baseline 0.005 -24"><span class='ocrx_word' id='word_1_6' title='bbox 386 362 497 400; x_wconf 86' lang='lat' dir='ltr'><strong>non</strong></span> <span class='ocrx_word' id='word_1_7' title='bbox 542 355 746 401; x_wconf 84' lang='lat' dir='ltr'><strong>manet.</strong></span> <span class='ocrx_word' id='word_1_8' title='bbox 791 344 906 404; x_wconf 84' lang='lat' dir='ltr'><strong>Nec</strong></span> <span class='ocrx_word' id='word_1_9' title='bbox 935 349 1159 419; x_wconf 87' lang='lat' dir='ltr'><strong>quidem</strong></span> <span class='ocrx_word' id='word_1_10' title='bbox 1192 360 1379 407; x_wconf 85' lang='lat' dir='ltr'><strong>manet</strong></span> <span class='ocrx_word' id='word_1_11' title='bbox 1406 352 1648 422; x_wconf 76' lang='lat' dir='ltr'><strong>qualiter</strong></span> <span class='ocrx_word' id='word_1_12' title='bbox 1668 363 1855 423; x_wconf 91' lang='lat' dir='ltr'><strong>partes</strong></span> <span class='ocrx_word' id='word_1_13' title='bbox 1883 354 1961 407; x_wconf 89' lang='lat' dir='ltr'><strong>ir-</strong></span> 
     </span>
    </p>
   </div>
   <div class='ocr_carea' id='block_1_5' title="bbox 2065 328 3655 427">
    <p class='ocr_par' dir='ltr' id='par_1_5' title="bbox 2069 328 3655 427">
     <span class='ocr_line' id='line_1_5' title="bbox 2069 328 3655 427; baseline 0.004 -22"><span class='ocrx_word' id='word_1_14' title='bbox 2069 369 2170 405; x_wconf 91' lang='grc' dir='ltr'>νει.</span> <span class='ocrx_word' id='word_1_15' title='bbox 2202 352 2313 404; x_wconf 80' lang='grc' dir='ltr'><strong>Καὶ</strong></span> <span class='ocrx_word' id='word_1_16' title='bbox 2341 351 2403 403; x_wconf 82' lang='grc' dir='ltr'><strong>οὐ</strong></span> <span class='ocrx_word' id='word_1_17' title='bbox 2451 349 2603 419; x_wconf 82' lang='grc' dir='ltr'>μένει</span> <span class='ocrx_word' id='word_1_18' title='bbox 2655 328 2772 420; x_wconf 81' lang='grc' dir='ltr'>μὲν,</span> <span class='ocrx_word' id='word_1_19' title='bbox 2825 346 2938 404; x_wconf 72' lang='grc' dir='ltr'>οἷον</span> <span class='ocrx_word' id='word_1_20' title='bbox 2978 351 3045 406; x_wconf 86' lang='grc' dir='ltr'><strong>τά</strong></span> <span class='ocrx_word' id='word_1_21' title='bbox 3080 343 3226 425; x_wconf 80' lang='grc' dir='ltr'>μέρη</span> <span class='ocrx_word' id='word_1_22' title='bbox 3270 353 3383 409; x_wconf 68' lang='grc' dir='ltr'>τῶν</span> <span class='ocrx_word' id='word_1_23' title='bbox 3420 357 3655 427; x_wconf 82' lang='grc' dir='ltr'>ἀλόγων</span> 
     </span>
    </p>
   </div>
   <div class='ocr_carea' id='block_1_6' title="bbox 386 440 1965 517">
    <p class='ocr_par' dir='ltr' id='par_1_6' title="bbox 386 440 1965 517">
     <span class='ocr_line' id='line_1_6' title="bbox 386 440 1965 517; baseline 0.005 -23"><span class='ocrx_word' id='word_1_24' title='bbox 386 440 797 495; x_wconf 87' lang='lat' dir='ltr'><strong>rationabilium</strong></span> <span class='ocrx_word' id='word_1_25' title='bbox 825 441 1165 508; x_wconf 87' lang='lat' dir='ltr'><strong>animalium,</strong></span> <span class='ocrx_word' id='word_1_26' title='bbox 1210 452 1395 499; x_wconf 88' lang='lat' dir='ltr'><strong>manet</strong></span> <span class='ocrx_word' id='word_1_27' title='bbox 1419 460 1553 500; x_wconf 87' lang='lat' dir='ltr'><strong>vero</strong></span> <span class='ocrx_word' id='word_1_28' title='bbox 1573 446 1812 517; x_wconf 83' lang='lat' dir='ltr'><strong>qualiter</strong></span> <span class='ocrx_word' id='word_1_29' title='bbox 1840 462 1965 517; x_wconf 88' lang='lat' dir='ltr'><strong>par-</strong></span> 
     </span>
    </p>
   </div>
   <div class='ocr_carea' id='block_1_7' title="bbox 387 531 1960 602">
    <p class='ocr_par' dir='ltr' id='par_1_7' title="bbox 387 531 1960 602">
     <span class='ocr_line' id='line_1_7' title="bbox 387 531 1960 602; baseline 0.006 -17"><span class='ocrx_word' id='word_1_30' title='bbox 387 538 472 586; x_wconf 90' lang='lat' dir='ltr'><strong>tes</strong></span> <span class='ocrx_word' id='word_1_31' title='bbox 527 531 837 597; x_wconf 87' lang='lat' dir='ltr'><strong>hominum,</strong></span> <span class='ocrx_word' id='word_1_32' title='bbox 889 541 1013 602; x_wconf 92' lang='lat' dir='ltr'><strong>post</strong></span> <span class='ocrx_word' id='word_1_33' title='bbox 1064 535 1530 591; x_wconf 70' lang='lat' dir='ltr'><strong>resurrectionem</strong></span> <span class='ocrx_word' id='word_1_34' title='bbox 1587 553 1655 592; x_wconf 81' lang='lat' dir='ltr'><strong>ex</strong></span> <span class='ocrx_word' id='word_1_35' title='bbox 1705 540 1960 594; x_wconf 90' lang='lat' dir='ltr'><strong>mortuis.</strong></span> 
     </span>
    </p>
   </div>
   <div class='ocr_carea' id='block_1_8' title="bbox 385 618 1961 699">
    <p class='ocr_par' dir='ltr' id='par_1_8' title="bbox 385 618 1961 699">
     <span class='ocr_line' id='line_1_8' title="bbox 385 618 1961 699; baseline 0.006 -24"><span class='ocrx_word' id='word_1_36' title='bbox 385 618 561 676; x_wconf 90' lang='lat' dir='ltr'><strong>Omne</strong></span> <span class='ocrx_word' id='word_1_37' title='bbox 580 629 762 675; x_wconf 88' lang='lat' dir='ltr'><strong>autem</strong></span> <span class='ocrx_word' id='word_1_38' title='bbox 793 621 940 690; x_wconf 90' lang='lat' dir='ltr'><strong>quod</strong></span> <span class='ocrx_word' id='word_1_39' title='bbox 970 621 1440 680; x_wconf 90' lang='lat' dir='ltr'><strong>indissolubiliter</strong></span> <span class='ocrx_word' id='word_1_40' title='bbox 1468 635 1674 691; x_wconf 89' lang='lat' dir='ltr'><strong>manet,</strong></span> <span class='ocrx_word' id='word_1_41' title='bbox 1704 630 1791 683; x_wconf 91' lang='lat' dir='ltr'><strong>vel</strong></span> <span class='ocrx_word' id='word_1_42' title='bbox 1814 629 1961 699; x_wconf 90' lang='lat' dir='ltr'><strong>quod</strong></span> 
     </span>
    </p>
   </div>
   <div class='ocr_carea' id='block_1_9' title="bbox 384 709 1963 772">
    <p class='ocr_par' dir='ltr' id='par_1_9' title="bbox 384 709 1963 772">
     <span class='ocr_line' id='line_1_9' title="bbox 384 709 1963 772; baseline 0.006 -9"><span class='ocrx_word' id='word_1_43' title='bbox 384 709 553 763; x_wconf 89' lang='lat' dir='ltr'><strong>etiam</strong></span> <span class='ocrx_word' id='word_1_44' title='bbox 582 724 693 763; x_wconf 91' lang='lat' dir='ltr'><strong>non</strong></span> <span class='ocrx_word' id='word_1_45' title='bbox 730 718 941 772; x_wconf 88' lang='lat' dir='ltr'><strong>manet,</strong></span> <span class='ocrx_word' id='word_1_46' title='bbox 988 709 1044 764; x_wconf 91' lang='lat' dir='ltr'><strong>in</strong></span> <span class='ocrx_word' id='word_1_47' title='bbox 1075 710 1282 767; x_wconf 89' lang='lat' dir='ltr'><strong>unione</strong></span> <span class='ocrx_word' id='word_1_48' title='bbox 1337 713 1405 768; x_wconf 90' lang='lat' dir='ltr'><strong>ad</strong></span> <span class='ocrx_word' id='word_1_49' title='bbox 1446 714 1580 769; x_wconf 90' lang='lat' dir='ltr'><strong>illud</strong></span> <span class='ocrx_word' id='word_1_50' title='bbox 1619 716 1709 770; x_wconf 90' lang='lat' dir='ltr'><strong>cui</strong></span> <span class='ocrx_word' id='word_1_51' title='bbox 1746 719 1963 772; x_wconf 92' lang='lat' dir='ltr'><strong>unitum</strong></span> 
     </span>
    </p>
   </div>
   <div class='ocr_carea' id='block_1_10' title="bbox 377 798 1962 872">
    <p class='ocr_par' dir='ltr' id='par_1_10' title="bbox 377 798 1962 872">
     <span class='ocr_line' id='line_1_10' title="bbox 377 798 1962 872; baseline 0.006 -22"><span class='ocrx_word' id='word_1_52' title='bbox 377 805 489 861; x_wconf 77' lang='lat' dir='ltr'><strong>est,</strong></span> <span class='ocrx_word' id='word_1_53' title='bbox 519 812 622 851; x_wconf 88' lang='lat' dir='ltr'><strong>nec</strong></span> <span class='ocrx_word' id='word_1_54' title='bbox 662 812 726 851; x_wconf 75' lang='lat' dir='ltr'><strong>ex</strong></span> <span class='ocrx_word' id='word_1_55' title='bbox 779 798 1079 868; x_wconf 88' lang='lat' dir='ltr'><strong>semetipso</strong></span> <span class='ocrx_word' id='word_1_56' title='bbox 1106 810 1314 865; x_wconf 90' lang='lat' dir='ltr'><strong>manet,</strong></span> <span class='ocrx_word' id='word_1_57' title='bbox 1344 801 1438 856; x_wconf 90' lang='lat' dir='ltr'><strong>sed</strong></span> <span class='ocrx_word' id='word_1_58' title='bbox 1461 810 1708 872; x_wconf 89' lang='lat' dir='ltr'><strong>tempore</strong></span> <span class='ocrx_word' id='word_1_59' title='bbox 1743 804 1962 861; x_wconf 85' lang='lat' dir='ltr'><strong>aCrea-</strong></span> 
     </span>
    </p>
   </div>
   <div class='ocr_carea' id='block_1_11' title="bbox 384 887 1966 963">
    <p class='ocr_par' dir='ltr' id='par_1_11' title="bbox 384 887 1966 963">
     <span class='ocr_line' id='line_1_11' title="bbox 384 887 1966 963; baseline 0.003 -21"><span class='ocrx_word' id='word_1_60' title='bbox 384 895 505 942; x_wconf 90' lang='lat' dir='ltr'><strong>tere</strong></span> <span class='ocrx_word' id='word_1_61' title='bbox 534 887 796 957; x_wconf 81' lang='lat' dir='ltr'><strong>imposito</strong></span> <span class='ocrx_word' id='word_1_62' title='bbox 840 896 1054 944; x_wconf 75' lang='lat' dir='ltr'><strong>naturae</strong></span> <span class='ocrx_word' id='word_1_63' title='bbox 1090 889 1431 957; x_wconf 84' lang='lat' dir='ltr'><strong>dissolvitur,</strong></span> <span class='ocrx_word' id='word_1_64' title='bbox 1468 907 1571 946; x_wconf 92' lang='lat' dir='ltr'><strong>nec</strong></span> <span class='ocrx_word' id='word_1_65' title='bbox 1596 893 1819 963; x_wconf 86' lang='lat' dir='ltr'><strong>propria</strong></span> <span class='ocrx_word' id='word_1_66' title='bbox 1852 894 1966 948; x_wconf 92' lang='lat' dir='ltr'><strong>vir-</strong></span> 
     </span>
    </p>
   </div>
   <div class='ocr_carea' id='block_1_12' title="bbox 385 972 1964 1054">
    <p class='ocr_par' dir='ltr' id='par_1_12' title="bbox 385 972 1964 1054">
     <span class='ocr_line' id='line_1_12' title="bbox 385 972 1964 1054; baseline 0.004 -22"><span class='ocrx_word' id='word_1_67' title='bbox 385 987 504 1034; x_wconf 84' lang='lat' dir='ltr'><strong>tute</strong></span> <span class='ocrx_word' id='word_1_68' title='bbox 540 988 728 1034; x_wconf 90' lang='lat' dir='ltr'><strong>manet</strong></span> <span class='ocrx_word' id='word_1_69' title='bbox 756 979 853 1034; x_wconf 88' lang='lat' dir='ltr'><strong>sed</strong></span> <span class='ocrx_word' id='word_1_70' title='bbox 892 972 1099 1035; x_wconf 85' lang='lat' dir='ltr'><strong>virtute</strong></span> <span class='ocrx_word' id='word_1_71' title='bbox 1135 982 1389 1037; x_wconf 83' lang='lat' dir='ltr'><strong>melioris</strong></span> <span class='ocrx_word' id='word_1_72' title='bbox 1415 983 1699 1054; x_wconf 81' lang='lat' dir='ltr'><strong>cujusdam</strong></span> <span class='ocrx_word' id='word_1_73' title='bbox 1729 999 1793 1038; x_wconf 89' lang='lat' dir='ltr'><strong>ac</strong></span> <span class='ocrx_word' id='word_1_74' title='bbox 1826 1000 1964 1054; x_wconf 66' lang='lat' dir='ltr'><strong>pra:-</strong></span> 
     </span>
    </p>
   </div>
   <div class='ocr_carea' id='block_1_13' title="bbox 385 1069 1964 1140">
    <p class='ocr_par' dir='ltr' id='par_1_13' title="bbox 385 1069 1964 1140">
     <span class='ocr_line' id='line_1_13' title="bbox 385 1069 1964 1140; baseline 0.003 -16"><span class='ocrx_word' id='word_1_75' title='bbox 385 1070 689 1124; x_wconf 87' lang='lat' dir='ltr'><strong>stantieris.</strong></span> <span class='ocrx_word' id='word_1_76' title='bbox 711 1069 1015 1140; x_wconf 84' lang='lat' dir='ltr'><strong>Quamdam</strong></span> <span class='ocrx_word' id='word_1_77' title='bbox 1040 1079 1171 1126; x_wconf 81' lang='lat' dir='ltr'><strong>vero</strong></span> <span class='ocrx_word' id='word_1_78' title='bbox 1190 1074 1486 1128; x_wconf 79' lang='lat' dir='ltr'><strong>meliorem</strong></span> <span class='ocrx_word' id='word_1_79' title='bbox 1511 1076 1622 1129; x_wconf 91' lang='lat' dir='ltr'><strong>Dee</strong></span> <span class='ocrx_word' id='word_1_80' title='bbox 1638 1074 1818 1129; x_wconf 89' lang='lat' dir='ltr'><strong>Verbo</strong></span> <span class='ocrx_word' id='word_1_81' title='bbox 1843 1089 1964 1130; x_wconf 86' lang='lat' dir='ltr'><strong>esse</strong></span> 
     </span>
    </p>
   </div>
   <div class='ocr_carea' id='block_1_14' title="bbox 381 1164 1965 1236">
    <p class='ocr_par' dir='ltr' id='par_1_14' title="bbox 381 1164 1965 1236">
     <span class='ocr_line' id='line_1_14' title="bbox 381 1164 1965 1236; baseline 0.003 -20"><span class='ocrx_word' id='word_1_82' title='bbox 381 1164 646 1218; x_wconf 78' lang='lat' dir='ltr'><strong>virtutem</strong></span> <span class='ocrx_word' id='word_1_83' title='bbox 675 1178 948 1223; x_wconf 88' lang='lat' dir='ltr'><strong>asserere.</strong></span> <span class='ocrx_word' id='word_1_84' title='bbox 984 1179 1094 1218; x_wconf 91' lang='lat' dir='ltr'><strong>non</strong></span> <span class='ocrx_word' id='word_1_85' title='bbox 1114 1165 1326 1234; x_wconf 87' lang='lat' dir='ltr'><strong>justum</strong></span> <span class='ocrx_word' id='word_1_86' title='bbox 1371 1170 1483 1231; x_wconf 70' lang='lat' dir='ltr'><strong>est&quot;;</strong></span> <span class='ocrx_word' id='word_1_87' title='bbox 1520 1181 1631 1220; x_wconf 92' lang='lat' dir='ltr'><strong>non</strong></span> <span class='ocrx_word' id='word_1_88' title='bbox 1676 1181 1807 1236; x_wconf 78' lang='lat' dir='ltr'><strong>ergo</strong></span> <span class='ocrx_word' id='word_1_89' title='bbox 1842 1166 1965 1220; x_wconf 87' lang='lat' dir='ltr'><strong>uni-</strong></span> 
     </span>
    </p>
   </div>
   <div class='ocr_carea' id='block_1_15' title="bbox 383 1252 1962 1311">
    <p class='ocr_par' dir='ltr' id='par_1_15' title="bbox 383 1252 1962 1311">
     <span class='ocr_line' id='line_1_15' title="bbox 383 1252 1962 1311; baseline 0.001 -3"><span class='ocrx_word' id='word_1_90' title='bbox 383 1263 474 1308; x_wconf 88' lang='lat' dir='ltr'><strong>tus</strong></span> <span class='ocrx_word' id='word_1_91' title='bbox 503 1262 590 1309; x_wconf 88' lang='lat' dir='ltr'><strong>est</strong></span> <span class='ocrx_word' id='word_1_92' title='bbox 623 1255 771 1309; x_wconf 91' lang='lat' dir='ltr'><strong>Deus</strong></span> <span class='ocrx_word' id='word_1_93' title='bbox 801 1252 1038 1309; x_wconf 79' lang='lat' dir='ltr'><strong>Verbum</strong></span> <span class='ocrx_word' id='word_1_94' title='bbox 1071 1255 1237 1309; x_wconf 88' lang='lat' dir='ltr'><strong>alicui</strong></span> <span class='ocrx_word' id='word_1_95' title='bbox 1271 1270 1338 1310; x_wconf 77' lang='lat' dir='ltr'><strong>ex</strong></span> <span class='ocrx_word' id='word_1_96' title='bbox 1366 1256 1546 1310; x_wconf 87' lang='lat' dir='ltr'><strong>nobis.</strong></span> <span class='ocrx_word' id='word_1_97' title='bbox 1580 1256 1639 1311; x_wconf 91' lang='lat' dir='ltr'><strong>Si</strong></span> <span class='ocrx_word' id='word_1_98' title='bbox 1668 1272 1803 1310; x_wconf 89' lang='lat' dir='ltr'><strong>vero</strong></span> <span class='ocrx_word' id='word_1_99' title='bbox 1838 1256 1962 1309; x_wconf 53' lang='lat' dir='ltr'><strong>unis-</strong></span> 
     </span>
    </p>
   </div>
   <div class='ocr_carea' id='block_1_16' title="bbox 377 1345 1964 1410">
    <p class='ocr_par' dir='ltr' id='par_1_16' title="bbox 377 1345 1964 1410">
     <span class='ocr_line' id='line_1_16' title="bbox 377 1345 1964 1410; baseline 0.003 -14"><span class='ocrx_word' id='word_1_100' title='bbox 377 1353 477 1399; x_wconf 48' lang='grc' dir='ltr'>’ωε</span> <span class='ocrx_word' id='word_1_101' title='bbox 508 1351 613 1410; x_wconf 92' lang='lat' dir='ltr'><strong>est,</strong></span> <span class='ocrx_word' id='word_1_102' title='bbox 644 1345 735 1400; x_wconf 86' lang='lat' dir='ltr'><strong>vel</strong></span> <span class='ocrx_word' id='word_1_103' title='bbox 768 1359 878 1399; x_wconf 91' lang='lat' dir='ltr'><strong>non</strong></span> <span class='ocrx_word' id='word_1_104' title='bbox 914 1353 1099 1400; x_wconf 87' lang='lat' dir='ltr'><strong>manet</strong></span> <span class='ocrx_word' id='word_1_105' title='bbox 1154 1346 1611 1400; x_wconf 85' lang='lat' dir='ltr'><strong>indissolubiliter</strong></span> <span class='ocrx_word' id='word_1_106' title='bbox 1655 1347 1709 1400; x_wconf 92' lang='lat' dir='ltr'><strong>in</strong></span> <span class='ocrx_word' id='word_1_107' title='bbox 1744 1347 1964 1407; x_wconf 44' lang='lat' dir='ltr'><strong>\unione</strong></span> 
     </span>
    </p>
   </div>
   <div class='ocr_carea' id='block_1_17' title="bbox 386 1435 1963 1507">
    <p class='ocr_par' dir='ltr' id='par_1_17' title="bbox 386 1435 1963 1507">
     <span class='ocr_line' id='line_1_17' title="bbox 386 1435 1963 1507; baseline 0 -19"><span class='ocrx_word' id='word_1_108' title='bbox 386 1436 451 1488; x_wconf 90' lang='lat' dir='ltr'><strong>ad</strong></span> <span class='ocrx_word' id='word_1_109' title='bbox 482 1435 659 1501; x_wconf 78' lang='lat' dir='ltr'><strong>illum,</strong></span> <span class='ocrx_word' id='word_1_110' title='bbox 706 1435 795 1490; x_wconf 87' lang='lat' dir='ltr'><strong>vel</strong></span> <span class='ocrx_word' id='word_1_111' title='bbox 829 1451 1080 1500; x_wconf 89' lang='lat' dir='ltr'><strong>manens,</strong></span> <span class='ocrx_word' id='word_1_112' title='bbox 1133 1435 1339 1491; x_wconf 87' lang='lat' dir='ltr'><strong>virtute</strong></span> <span class='ocrx_word' id='word_1_113' title='bbox 1385 1438 1670 1507; x_wconf 78' lang='lat' dir='ltr'><strong>cujusdam</strong></span> <span class='ocrx_word' id='word_1_114' title='bbox 1718 1437 1963 1491; x_wconf 87' lang='lat' dir='ltr'><strong>melioris</strong></span> 
     </span>
    </p>
   </div>
   <div class='ocr_carea' id='block_1_18' title="bbox 386 1527 1183 1597">
    <p class='ocr_par' dir='ltr' id='par_1_18' title="bbox 386 1527 1183 1597">
     <span class='ocr_line' id='line_1_18' title="bbox 386 1527 1183 1597; baseline 0.001 -16"><span class='ocrx_word' id='word_1_115' title='bbox 386 1536 594 1593; x_wconf 86' lang='lat' dir='ltr'><strong>manet,</strong></span> <span class='ocrx_word' id='word_1_116' title='bbox 633 1527 780 1596; x_wconf 86' lang='lat' dir='ltr'><strong>quod</strong></span> <span class='ocrx_word' id='word_1_117' title='bbox 814 1528 1045 1597; x_wconf 89' lang='lat' dir='ltr'><strong>impium</strong></span> <span class='ocrx_word' id='word_1_118' title='bbox 1078 1537 1183 1583; x_wconf 88' lang='lat' dir='ltr'><strong>est.</strong></span> 
     </span>
    </p>
   </div>
   <div class='ocr_carea' id='block_1_19' title="bbox 459 1618 1962 1689">
    <p class='ocr_par' dir='ltr' id='par_1_19' title="bbox 459 1618 1962 1689">
     <span class='ocr_line' id='line_1_19' title="bbox 459 1618 1962 1689; baseline 0.001 -17"><span class='ocrx_word' id='word_1_119' title='bbox 459 1618 816 1688; x_wconf 81' lang='lat' dir='ltr'><strong>Lequaeitate</strong></span> <span class='ocrx_word' id='word_1_120' title='bbox 836 1627 1018 1673; x_wconf 89' lang='lat' dir='ltr'><strong>vestra</strong></span> <span class='ocrx_word' id='word_1_121' title='bbox 1036 1619 1446 1682; x_wconf 87' lang='lat' dir='ltr'><strong>bebetescente,</strong></span> <span class='ocrx_word' id='word_1_122' title='bbox 1473 1625 1688 1689; x_wconf 92' lang='lat' dir='ltr'><strong>tempus</strong></span> <span class='ocrx_word' id='word_1_123' title='bbox 1703 1628 1785 1673; x_wconf 90' lang='lat' dir='ltr'><strong>cst</strong></span> <span class='ocrx_word' id='word_1_124' title='bbox 1806 1620 1962 1675; x_wconf 85' lang='lat' dir='ltr'><strong>nobis</strong></span> 
     </span>
    </p>
   </div>
   <div class='ocr_carea' id='block_1_20' title="bbox 2065 435 3653 522">
    <p class='ocr_par' dir='ltr' id='par_1_20' title="bbox 2065 435 3653 522">
     <span class='ocr_line' id='line_1_20' title="bbox 2065 435 3653 522; baseline 0.006 -28"><span class='ocrx_word' id='word_1_125' title='bbox 2065 441 2220 505; x_wconf 79' lang='grc' dir='ltr'>ζώων</span> <span class='ocrx_word' id='word_1_126' title='bbox 2244 458 2256 470; x_wconf 90' lang='grc'><strong>·</strong></span> <span class='ocrx_word' id='word_1_127' title='bbox 2287 441 2443 510; x_wconf 86' lang='grc' dir='ltr'>μένει</span> <span class='ocrx_word' id='word_1_128' title='bbox 2475 440 2554 502; x_wconf 84' lang='grc' dir='ltr'>δὲ,</span> <span class='ocrx_word' id='word_1_129' title='bbox 2583 435 2695 493; x_wconf 75' lang='grc' dir='ltr'>οἷον</span> <span class='ocrx_word' id='word_1_130' title='bbox 2738 441 2809 494; x_wconf 88' lang='grc' dir='ltr'><strong>τά</strong></span> <span class='ocrx_word' id='word_1_131' title='bbox 2849 442 2958 495; x_wconf 86' lang='grc' dir='ltr'>τῶν</span> <span class='ocrx_word' id='word_1_132' title='bbox 3002 443 3330 514; x_wconf 82' lang='grc' dir='ltr'>ἀνθρώπων,</span> <span class='ocrx_word' id='word_1_133' title='bbox 3366 448 3513 517; x_wconf 76' lang='grc' dir='ltr'>μετὰ</span> <span class='ocrx_word' id='word_1_134' title='bbox 3544 451 3653 522; x_wconf 77' lang='grc' dir='ltr'>τὴν</span> 
     </span>
    </p>
   </div>
   <div class='ocr_carea' id='block_1_21' title="bbox 2063 531 3648 612">
    <p class='ocr_par' dir='ltr' id='par_1_21' title="bbox 2063 531 3648 612">
     <span class='ocr_line' id='line_1_21' title="bbox 2063 531 3648 612; baseline 0.003 -26"><span class='ocrx_word' id='word_1_135' title='bbox 2063 534 2128 586; x_wconf 79' lang='grc' dir='ltr'>ἐκ</span> <span class='ocrx_word' id='word_1_136' title='bbox 2155 531 2364 601; x_wconf 82' lang='grc' dir='ltr'>νεκρῶν</span> <span class='ocrx_word' id='word_1_137' title='bbox 2392 533 2711 585; x_wconf 76' lang='grc' dir='ltr'><strong>ἀνάστασιν.</strong></span> <span class='ocrx_word' id='word_1_138' title='bbox 2741 532 2858 584; x_wconf 81' lang='grc' dir='ltr'><strong>Πᾶν</strong></span> <span class='ocrx_word' id='word_1_139' title='bbox 2882 532 2939 585; x_wconf 80' lang='grc' dir='ltr'>δὲ</span> <span class='ocrx_word' id='word_1_140' title='bbox 2970 534 3034 586; x_wconf 84' lang='grc' dir='ltr'>τὸ</span> <span class='ocrx_word' id='word_1_141' title='bbox 3064 534 3226 604; x_wconf 84' lang='grc' dir='ltr'>μένον</span> <span class='ocrx_word' id='word_1_142' title='bbox 3251 535 3585 604; x_wconf 82' lang='grc' dir='ltr'>ἀδιαλύτως,</span> <span class='ocrx_word' id='word_1_143' title='bbox 3607 539 3648 612; x_wconf 65' lang='grc' dir='ltr'><strong>ἢ</strong></span> 
     </span>
    </p>
   </div>
   <div class='ocr_carea' id='block_1_22' title="bbox 2064 618 3641 698">
    <p class='ocr_par' dir='ltr' id='par_1_22' title="bbox 2064 618 3641 698">
     <span class='ocr_line' id='line_1_22' title="bbox 2064 618 3641 698; baseline 0.005 -22"><span class='ocrx_word' id='word_1_144' title='bbox 2064 624 2157 676; x_wconf 77' lang='grc' dir='ltr'>καὶ</span> <span class='ocrx_word' id='word_1_145' title='bbox 2186 624 2260 693; x_wconf 84' lang='grc' dir='ltr'>μὴ</span> <span class='ocrx_word' id='word_1_146' title='bbox 2294 622 2474 691; x_wconf 81' lang='grc' dir='ltr'>μένον,</span> <span class='ocrx_word' id='word_1_147' title='bbox 2505 624 2564 676; x_wconf 77' lang='grc' dir='ltr'>ὲν</span> <span class='ocrx_word' id='word_1_148' title='bbox 2592 624 2658 691; x_wconf 83' lang='grc' dir='ltr'>τῇ</span> <span class='ocrx_word' id='word_1_149' title='bbox 2690 623 2825 693; x_wconf 77' lang='grc' dir='ltr'>πρὸς</span> <span class='ocrx_word' id='word_1_150' title='bbox 2855 623 2946 677; x_wconf 77' lang='grc' dir='ltr'>τὸν</span> <span class='ocrx_word' id='word_1_151' title='bbox 2981 618 3027 693; x_wconf 79' lang='grc' dir='ltr'>ᾧ</span> <span class='ocrx_word' id='word_1_152' title='bbox 3053 626 3311 698; x_wconf 78' lang='grc' dir='ltr'><strong>συνετέθη</strong></span> <span class='ocrx_word' id='word_1_153' title='bbox 3349 630 3641 697; x_wconf 76' lang='grc' dir='ltr'><strong>συνθέσει,</strong></span> 
     </span>
    </p>
   </div>
   <div class='ocr_carea' id='block_1_23' title="bbox 2062 713 3639 794">
    <p class='ocr_par' dir='ltr' id='par_1_23' title="bbox 2062 713 3639 794">
     <span class='ocr_line' id='line_1_23' title="bbox 2062 713 3639 794; baseline 0.006 -28"><span class='ocrx_word' id='word_1_154' title='bbox 2062 713 2189 766; x_wconf 76' lang='grc' dir='ltr'>οὔτε</span> <span class='ocrx_word' id='word_1_155' title='bbox 2210 714 2304 782; x_wconf 82' lang='grc' dir='ltr'><strong>ἀφ’</strong></span> <span class='ocrx_word' id='word_1_156' title='bbox 2335 713 2529 766; x_wconf 79' lang='grc' dir='ltr'>ἑαυτοῦ</span> <span class='ocrx_word' id='word_1_157' title='bbox 2571 714 2724 782; x_wconf 86' lang='grc' dir='ltr'>μένει</span> <span class='ocrx_word' id='word_1_158' title='bbox 2745 753 2759 774; x_wconf 83' lang='grc'><strong>,</strong></span> <span class='ocrx_word' id='word_1_159' title='bbox 2795 714 2930 769; x_wconf 88' lang='grc' dir='ltr'><strong>ἀλλά</strong></span> <span class='ocrx_word' id='word_1_160' title='bbox 2973 716 3117 769; x_wconf 84' lang='grc' dir='ltr'><strong>κατά</strong></span> <span class='ocrx_word' id='word_1_161' title='bbox 3144 717 3235 771; x_wconf 81' lang='grc' dir='ltr'><strong>τὸν</strong></span> <span class='ocrx_word' id='word_1_162' title='bbox 3260 720 3548 775; x_wconf 71' lang='grc' dir='ltr'><strong>ἐντεθέντα</strong></span> <span class='ocrx_word' id='word_1_163' title='bbox 3570 727 3639 794; x_wconf 83' lang='grc' dir='ltr'>τῇ</span> 
     </span>
    </p>
   </div>
   <div class='ocr_carea' id='block_1_24' title="bbox 2064 806 3638 884">
    <p class='ocr_par' dir='ltr' id='par_1_24' title="bbox 2064 806 3638 884">
     <span class='ocr_line' id='line_1_24' title="bbox 2064 806 3638 884; baseline 0.004 -24"><span class='ocrx_word' id='word_1_164' title='bbox 2064 808 2225 877; x_wconf 77' lang='grc' dir='ltr'>φύσει</span> <span class='ocrx_word' id='word_1_165' title='bbox 2256 809 2381 876; x_wconf 81' lang='grc' dir='ltr'>ὅρον</span> <span class='ocrx_word' id='word_1_166' title='bbox 2420 806 2524 859; x_wconf 75' lang='grc' dir='ltr'><strong>ὑπὸ</strong></span> <span class='ocrx_word' id='word_1_167' title='bbox 2551 806 2646 858; x_wconf 83' lang='grc' dir='ltr'>τοῦ</span> <span class='ocrx_word' id='word_1_168' title='bbox 2678 807 3025 876; x_wconf 81' lang='grc' dir='ltr'>Δημιουργοῦ</span> <span class='ocrx_word' id='word_1_169' title='bbox 3054 808 3371 873; x_wconf 77' lang='grc' dir='ltr'>διαλύεται,</span> <span class='ocrx_word' id='word_1_170' title='bbox 3409 811 3538 866; x_wconf 72' lang='grc' dir='ltr'>οὔτε</span> <span class='ocrx_word' id='word_1_171' title='bbox 3568 818 3638 884; x_wconf 77' lang='grc' dir='ltr'>τῇ</span> 
     </span>
    </p>
   </div>
   <div class='ocr_carea' id='block_1_25' title="bbox 2062 897 3637 970">
    <p class='ocr_par' dir='ltr' id='par_1_25' title="bbox 2062 897 3637 970">
     <span class='ocr_line' id='line_1_25' title="bbox 2062 897 3637 970; baseline 0.004 -19"><span class='ocrx_word' id='word_1_172' title='bbox 2062 898 2241 969; x_wconf 71' lang='grc' dir='ltr'>οἰκείᾳ</span> <span class='ocrx_word' id='word_1_173' title='bbox 2273 897 2502 966; x_wconf 84' lang='grc' dir='ltr'>δυνάμει</span> <span class='ocrx_word' id='word_1_174' title='bbox 2535 897 2708 967; x_wconf 85' lang='grc' dir='ltr'>μένει.</span> <span class='ocrx_word' id='word_1_175' title='bbox 2739 897 2878 951; x_wconf 83' lang='grc' dir='ltr'><strong>ἀλλά</strong></span> <span class='ocrx_word' id='word_1_176' title='bbox 2916 901 2980 969; x_wconf 80' lang='grc' dir='ltr'>τῇ</span> <span class='ocrx_word' id='word_1_177' title='bbox 3018 898 3332 970; x_wconf 81' lang='grc' dir='ltr'>κρείττονός</span> <span class='ocrx_word' id='word_1_178' title='bbox 3358 918 3504 967; x_wconf 80' lang='grc' dir='ltr'>τινος</span> <span class='ocrx_word' id='word_1_179' title='bbox 3540 907 3637 958; x_wconf 76' lang='grc' dir='ltr'><strong>καὶ</strong></span> 
     </span>
    </p>
   </div>
   <div class='ocr_carea' id='block_1_26' title="bbox 2064 986 3639 1065">
    <p class='ocr_par' dir='ltr' id='par_1_26' title="bbox 2064 986 3639 1065">
     <span class='ocr_line' id='line_1_26' title="bbox 2064 986 3639 1065; baseline 0.004 -23"><span class='ocrx_word' id='word_1_180' title='bbox 2064 988 2525 1059; x_wconf 74' lang='grc' dir='ltr'>ὑπερϐεϐηκότος·</span> <span class='ocrx_word' id='word_1_181' title='bbox 2548 987 2641 1040; x_wconf 81' lang='grc' dir='ltr'>τοῦ</span> <span class='ocrx_word' id='word_1_182' title='bbox 2666 989 2723 1042; x_wconf 75' lang='grc' dir='ltr'>δὲ</span> <span class='ocrx_word' id='word_1_183' title='bbox 2756 988 2895 1042; x_wconf 80' lang='grc' dir='ltr'>Θεοῦ</span> <span class='ocrx_word' id='word_1_184' title='bbox 2926 989 3100 1057; x_wconf 84' lang='grc' dir='ltr'><strong>Λόγου</strong></span> <span class='ocrx_word' id='word_1_185' title='bbox 3128 986 3270 1046; x_wconf 75' lang='grc' dir='ltr'>εἶναι</span> <span class='ocrx_word' id='word_1_186' title='bbox 3293 1010 3417 1047; x_wconf 89' lang='grc' dir='ltr'>τινα</span> <span class='ocrx_word' id='word_1_187' title='bbox 3442 1000 3639 1065; x_wconf 72' lang='grc' dir='ltr'>κρείτο</span> 
     </span>
    </p>
   </div>
   <div class='ocr_carea' id='block_1_27' title="bbox 2062 1076 3631 1157">
    <p class='ocr_par' dir='ltr' id='par_1_27' title="bbox 2062 1076 3631 1157">
     <span class='ocr_line' id='line_1_27' title="bbox 2062 1076 3631 1157; baseline 0.004 -24"><span class='ocrx_word' id='word_1_188' title='bbox 2062 1096 2190 1134; x_wconf 82' lang='grc' dir='ltr'>τονα</span> <span class='ocrx_word' id='word_1_189' title='bbox 2221 1076 2484 1146; x_wconf 76' lang='grc' dir='ltr'>δύναμιν,</span> <span class='ocrx_word' id='word_1_190' title='bbox 2541 1079 2603 1131; x_wconf 78' lang='grc' dir='ltr'><strong>οὐ</strong></span> <span class='ocrx_word' id='word_1_191' title='bbox 2640 1080 2802 1148; x_wconf 80' lang='grc' dir='ltr'>θέμις</span> <span class='ocrx_word' id='word_1_192' title='bbox 2836 1080 3011 1133; x_wconf 81' lang='grc' dir='ltr'>εἰπεῖν</span> <span class='ocrx_word' id='word_1_193' title='bbox 3034 1097 3048 1111; x_wconf 89' lang='grc'><strong>·</strong></span> <span class='ocrx_word' id='word_1_194' title='bbox 3085 1083 3188 1136; x_wconf 83' lang='grc' dir='ltr'><strong>οὐκ</strong></span> <span class='ocrx_word' id='word_1_195' title='bbox 3217 1083 3326 1155; x_wconf 85' lang='grc' dir='ltr'><strong>ἀρα</strong></span> <span class='ocrx_word' id='word_1_196' title='bbox 3366 1087 3631 1157; x_wconf 79' lang='grc' dir='ltr'>συνετέθη</span> 
     </span>
    </p>
   </div>
   <div class='ocr_carea' id='block_1_28' title="bbox 2060 1168 3633 1248">
    <p class='ocr_par' dir='ltr' id='par_1_28' title="bbox 2060 1168 3633 1248">
     <span class='ocr_line' id='line_1_28' title="bbox 2060 1168 3633 1248; baseline 0.005 -25"><span class='ocrx_word' id='word_1_197' title='bbox 2060 1171 2090 1223; x_wconf 85' lang='grc' dir='ltr'><strong>ὀ</strong></span> <span class='ocrx_word' id='word_1_198' title='bbox 2118 1171 2250 1233; x_wconf 75' lang='grc' dir='ltr'>Θεὸς</span> <span class='ocrx_word' id='word_1_199' title='bbox 2275 1172 2446 1238; x_wconf 81' lang='grc' dir='ltr'><strong>Λόγος</strong></span> <span class='ocrx_word' id='word_1_200' title='bbox 2471 1168 2548 1239; x_wconf 84' lang='grc' dir='ltr'>τῷ</span> <span class='ocrx_word' id='word_1_201' title='bbox 2569 1169 2626 1236; x_wconf 79' lang='grc' dir='ltr'>ἐξ</span> <span class='ocrx_word' id='word_1_202' title='bbox 2653 1171 2685 1240; x_wconf 83' lang='grc' dir='ltr'><strong>ἡ</strong></span> <span class='ocrx_word' id='word_1_203' title='bbox 2695 1170 2810 1239; x_wconf 84' lang='grc' dir='ltr'><strong>μῶν</strong></span> <span class='ocrx_word' id='word_1_204' title='bbox 2835 1171 3129 1244; x_wconf 79' lang='grc' dir='ltr'>ἀνθρώπῳ.</span> <span class='ocrx_word' id='word_1_205' title='bbox 3154 1173 3217 1228; x_wconf 75' lang='lat' dir='ltr'><strong>Et</strong></span> <span class='ocrx_word' id='word_1_206' title='bbox 3246 1175 3304 1229; x_wconf 87' lang='grc' dir='ltr'>δὲ</span> <span class='ocrx_word' id='word_1_207' title='bbox 3337 1176 3633 1248; x_wconf 78' lang='grc' dir='ltr'>συνετέθη,</span> 
     </span>
    </p>
   </div>
   <div class='ocr_carea' id='block_1_29' title="bbox 2068 1262 3628 1340">
    <p class='ocr_par' dir='ltr' id='par_1_29' title="bbox 2068 1262 3628 1340">
     <span class='ocr_line' id='line_1_29' title="bbox 2068 1262 3628 1340; baseline 0.004 -23"><span class='ocrx_word' id='word_1_208' title='bbox 2068 1262 2101 1333; x_wconf 84' lang='grc' dir='ltr'><strong>ἥ</strong></span> <span class='ocrx_word' id='word_1_209' title='bbox 2127 1265 2189 1322; x_wconf 79' lang='grc' dir='ltr'><strong>οὐ</strong></span> <span class='ocrx_word' id='word_1_210' title='bbox 2235 1263 2380 1334; x_wconf 84' lang='grc' dir='ltr'>μένει</span> <span class='ocrx_word' id='word_1_211' title='bbox 2412 1262 2711 1325; x_wconf 78' lang='grc' dir='ltr'>ἀδιαλὺτως</span> <span class='ocrx_word' id='word_1_212' title='bbox 2745 1265 2802 1315; x_wconf 80' lang='grc' dir='ltr'><strong>έν</strong></span> <span class='ocrx_word' id='word_1_213' title='bbox 2832 1265 2896 1332; x_wconf 82' lang='grc' dir='ltr'>τῇ</span> <span class='ocrx_word' id='word_1_214' title='bbox 2930 1265 3064 1335; x_wconf 84' lang='grc' dir='ltr'>πρὸς</span> <span class='ocrx_word' id='word_1_215' title='bbox 3095 1266 3259 1322; x_wconf 80' lang='grc' dir='ltr'>αὐτὸν</span> <span class='ocrx_word' id='word_1_216' title='bbox 3287 1268 3557 1332; x_wconf 81' lang='grc' dir='ltr'>συνθέσει,</span> <span class='ocrx_word' id='word_1_217' title='bbox 3591 1270 3628 1340; x_wconf 77' lang='grc' dir='ltr'><strong>ἢ</strong></span> 
     </span>
    </p>
   </div>
   <div class='ocr_carea' id='block_1_30' title="bbox 2065 1352 3628 1429">
    <p class='ocr_par' dir='ltr' id='par_1_30' title="bbox 2065 1352 3628 1429">
     <span class='ocr_line' id='line_1_30' title="bbox 2065 1352 3628 1429; baseline 0.007 -25"><span class='ocrx_word' id='word_1_218' title='bbox 2065 1359 2262 1422; x_wconf 83' lang='grc' dir='ltr'>μένων,</span> <span class='ocrx_word' id='word_1_219' title='bbox 2287 1352 2590 1422; x_wconf 80' lang='grc' dir='ltr'>κρείττονός</span> <span class='ocrx_word' id='word_1_220' title='bbox 2618 1370 2760 1416; x_wconf 82' lang='grc' dir='ltr'>τινος</span> <span class='ocrx_word' id='word_1_221' title='bbox 2778 1353 3005 1423; x_wconf 79' lang='grc' dir='ltr'>δυνάμει</span> <span class='ocrx_word' id='word_1_222' title='bbox 3038 1354 3212 1426; x_wconf 86' lang='grc' dir='ltr'>μένει,</span> <span class='ocrx_word' id='word_1_223' title='bbox 3242 1358 3380 1429; x_wconf 82' lang='grc' dir='ltr'>ὅπερ</span> <span class='ocrx_word' id='word_1_224' title='bbox 3407 1358 3628 1422; x_wconf 75' lang='grc' dir='ltr'>ἀσεϐές.</span> 
     </span>
    </p>
   </div>
   <div class='ocr_carea' id='block_1_31' title="bbox 2132 1608 3629 1690">
    <p class='ocr_par' dir='ltr' id='par_1_31' title="bbox 2132 1608 3629 1690">
     <span class='ocr_line' id='line_1_31' title="bbox 2132 1608 3629 1690; baseline 0.007 -26"><span class='ocrx_word' id='word_1_225' title='bbox 2132 1608 2335 1680; x_wconf 74' lang='grc' dir='ltr'>Καιρδς</span> <span class='ocrx_word' id='word_1_226' title='bbox 2368 1610 2496 1679; x_wconf 74' lang='grc' dir='ltr'>ἡμῖν</span> <span class='ocrx_word' id='word_1_227' title='bbox 2515 1611 2611 1679; x_wconf 86' lang='grc' dir='ltr'>τῆς</span> <span class='ocrx_word' id='word_1_228' title='bbox 2640 1611 2907 1682; x_wconf 75' lang='grc' dir='ltr'><strong>ὑμετέρας</strong></span> <span class='ocrx_word' id='word_1_229' title='bbox 2933 1609 3301 1684; x_wconf 77' lang='grc' dir='ltr'>θρασυλογίας</span> <span class='ocrx_word' id='word_1_230' title='bbox 3330 1631 3629 1690; x_wconf 79' lang='grc' dir='ltr'>παρακμα-</span> 
     </span>
    </p>
   </div>
   <div class='ocr_carea' id='block_1_32' title="bbox 386 1700 1961 1781">
    <p class='ocr_par' dir='ltr' id='par_1_32' title="bbox 386 1708 1955 1781">
     <span class='ocr_line' id='line_1_32' title="bbox 386 1708 1955 1781; baseline -0.001 -16"><span class='ocrx_word' id='word_1_231' title='bbox 386 1727 511 1766; x_wconf 90' lang='lat' dir='ltr'><strong>cum</strong></span> <span class='ocrx_word' id='word_1_232' title='bbox 545 1709 751 1764; x_wconf 84' lang='lat' dir='ltr'><strong>Davide</strong></span> <span class='ocrx_word' id='word_1_233' title='bbox 790 1709 1048 1764; x_wconf 87' lang='lat' dir='ltr'><strong>dicendi:</strong></span> <span class='ocrx_word' id='word_1_234' title='bbox 1096 1708 1306 1764; x_wconf 75' lang='lat' dir='ltr'><strong>Inimici</strong></span> <span class='ocrx_word' id='word_1_235' title='bbox 1336 1710 1637 1781; x_wconf 79' lang='lat' dir='ltr'><strong>defecerunt</strong></span> <span class='ocrx_word' id='word_1_236' title='bbox 1665 1711 1955 1780; x_wconf 68' lang='lat' dir='ltr'><strong>frameae“;</strong></span> 
     </span>
    </p>
   </div>
   <div class='ocr_carea' id='block_1_33' title="bbox 2065 1700 3632 1781">
    <p class='ocr_par' dir='ltr' id='par_1_33' title="bbox 2065 1700 3632 1778">
     <span class='ocr_line' id='line_1_33' title="bbox 2065 1700 3632 1778; baseline 0.008 -26"><span class='ocrx_word' id='word_1_237' title='bbox 2065 1700 2611 1770; x_wconf 79' lang='grc' dir='ltr'>ζούσης,’Δαυῖτικῶς</span> <span class='ocrx_word' id='word_1_238' title='bbox 2651 1703 3105 1771; x_wconf 81' lang='grc' dir='ltr'><strong>ἐπιφθέγγεσθαι·</strong></span> <span class='ocrx_word' id='word_1_239' title='bbox 3144 1708 3257 1761; x_wconf 87' lang='grc' dir='ltr'><strong>Τοῦ</strong></span> <span class='ocrx_word' id='word_1_240' title='bbox 3284 1709 3499 1778; x_wconf 79' lang='grc' dir='ltr'><strong>ἐχθροῦ</strong></span> <span class='ocrx_word' id='word_1_241' title='bbox 3526 1710 3632 1776; x_wconf 60' lang='grc' dir='ltr'><strong>ἐξά</strong></span> 
     </span>
    </p>
   </div>
   <div class='ocr_carea' id='block_1_34' title="bbox 389 1800 1960 1871">
    <p class='ocr_par' dir='ltr' id='par_1_34' title="bbox 389 1800 1960 1871">
     <span class='ocr_line' id='line_1_34' title="bbox 389 1800 1960 1871; baseline -0.001 -16"><span class='ocrx_word' id='word_1_242' title='bbox 389 1802 524 1871; x_wconf 90' lang='lat' dir='ltr'><strong>quid</strong></span> <span class='ocrx_word' id='word_1_243' title='bbox 573 1801 722 1856; x_wconf 89' lang='lat' dir='ltr'><strong>enim</strong></span> <span class='ocrx_word' id='word_1_244' title='bbox 771 1808 954 1870; x_wconf 88' lang='lat' dir='ltr'><strong>potest</strong></span> <span class='ocrx_word' id='word_1_245' title='bbox 999 1800 1158 1855; x_wconf 88' lang='lat' dir='ltr'><strong>vobis</strong></span> <span class='ocrx_word' id='word_1_246' title='bbox 1192 1816 1259 1855; x_wconf 83' lang='lat' dir='ltr'><strong>ex</strong></span> <span class='ocrx_word' id='word_1_247' title='bbox 1295 1801 1636 1855; x_wconf 88' lang='lat' dir='ltr'><strong>absurditate</strong></span> <span class='ocrx_word' id='word_1_248' title='bbox 1667 1801 1960 1856; x_wconf 77' lang='lat' dir='ltr'><strong>defensio?</strong></span> 
     </span>
    </p>
   </div>
   <div class='ocr_carea' id='block_1_35' title="bbox 388 1891 1959 1961">
    <p class='ocr_par' dir='ltr' id='par_1_35' title="bbox 388 1891 1959 1961">
     <span class='ocr_line' id='line_1_35' title="bbox 388 1891 1959 1961; baseline 0 -15"><span class='ocrx_word' id='word_1_249' title='bbox 388 1893 625 1946; x_wconf 85' lang='lat' dir='ltr'><strong>Ecentra</strong></span> <span class='ocrx_word' id='word_1_250' title='bbox 659 1891 806 1946; x_wconf 82' lang='lat' dir='ltr'><strong>enim</strong></span> <span class='ocrx_word' id='word_1_251' title='bbox 830 1905 932 1946; x_wconf 90' lang='lat' dir='ltr'><strong>nos</strong></span> <span class='ocrx_word' id='word_1_252' title='bbox 953 1891 1578 1961; x_wconf 77' lang='lat' dir='ltr'><strong>diceremuszsiquidem</strong></span> <span class='ocrx_word' id='word_1_253' title='bbox 1600 1894 1782 1947; x_wconf 90' lang='lat' dir='ltr'><strong>omnia</strong></span> <span class='ocrx_word' id='word_1_254' title='bbox 1809 1892 1959 1946; x_wconf 82' lang='lat' dir='ltr'><strong>unita</strong></span> 
     </span>
    </p>
   </div>
   <div class='ocr_carea' id='block_1_36' title="bbox 386 1982 1959 2053">
    <p class='ocr_par' dir='ltr' id='par_1_36' title="bbox 386 1982 1959 2053">
     <span class='ocr_line' id='line_1_36' title="bbox 386 1982 1959 2053; baseline -0.001 -15"><span class='ocrx_word' id='word_1_255' title='bbox 386 1985 677 2053; x_wconf 84' lang='lat' dir='ltr'><strong>aquedam</strong></span> <span class='ocrx_word' id='word_1_256' title='bbox 735 1982 954 2052; x_wconf 88' lang='lat' dir='ltr'><strong>petiere</strong></span> <span class='ocrx_word' id='word_1_257' title='bbox 992 1991 1306 2048; x_wconf 86' lang='lat' dir='ltr'><strong>servantur,</strong></span> <span class='ocrx_word' id='word_1_258' title='bbox 1341 1984 1428 2038; x_wconf 89' lang='lat' dir='ltr'><strong>vel</strong></span> <span class='ocrx_word' id='word_1_259' title='bbox 1466 1992 1709 2053; x_wconf 86' lang='lat' dir='ltr'><strong>tempore</strong></span> <span class='ocrx_word' id='word_1_260' title='bbox 1757 1984 1959 2038; x_wconf 86' lang='lat' dir='ltr'><strong>dissol-</strong></span> 
     </span>
    </p>
   </div>
   <div class='ocr_carea' id='block_1_37' title="bbox 386 2073 1961 2143">
    <p class='ocr_par' dir='ltr' id='par_1_37' title="bbox 386 2073 1961 2143">
     <span class='ocr_line' id='line_1_37' title="bbox 386 2073 1961 2143; baseline 0.001 -16"><span class='ocrx_word' id='word_1_261' title='bbox 386 2084 611 2139; x_wconf 89' lang='lat' dir='ltr'><strong>vuntur,</strong></span> <span class='ocrx_word' id='word_1_262' title='bbox 644 2073 714 2127; x_wconf 87' lang='lat' dir='ltr'><strong>ab</strong></span> <span class='ocrx_word' id='word_1_263' title='bbox 756 2073 845 2128; x_wconf 87' lang='lat' dir='ltr'><strong>his</strong></span> <span class='ocrx_word' id='word_1_264' title='bbox 869 2073 964 2142; x_wconf 83' lang='lat' dir='ltr'><strong>qui</strong></span> <span class='ocrx_word' id='word_1_265' title='bbox 1010 2073 1160 2127; x_wconf 86' lang='lat' dir='ltr'><strong>haud</strong></span> <span class='ocrx_word' id='word_1_266' title='bbox 1205 2073 1373 2129; x_wconf 86' lang='lat' dir='ltr'><strong>dubie</strong></span> <span class='ocrx_word' id='word_1_267' title='bbox 1403 2074 1740 2143; x_wconf 86' lang='lat' dir='ltr'><strong>perscrutari</strong></span> <span class='ocrx_word' id='word_1_268' title='bbox 1766 2076 1961 2129; x_wconf 89' lang='lat' dir='ltr'><strong>volunt</strong></span> 
     </span>
    </p>
   </div>
   <div class='ocr_carea' id='block_1_38' title="bbox 387 2162 1962 2233">
    <p class='ocr_par' dir='ltr' id='par_1_38' title="bbox 387 2162 1962 2233">
     <span class='ocr_line' id='line_1_38' title="bbox 387 2162 1962 2233; baseline -0.001 -15"><span class='ocrx_word' id='word_1_269' title='bbox 387 2166 623 2218; x_wconf 82' lang='lat' dir='ltr'><strong>maxime</strong></span> <span class='ocrx_word' id='word_1_270' title='bbox 664 2164 769 2218; x_wconf 84' lang='lat' dir='ltr'><strong>hoc</strong></span> <span class='ocrx_word' id='word_1_271' title='bbox 796 2162 1186 2232; x_wconf 89' lang='lat' dir='ltr'><strong>inquirendum</strong></span> <span class='ocrx_word' id='word_1_272' title='bbox 1214 2171 1299 2218; x_wconf 89' lang='lat' dir='ltr'><strong>est</strong></span> <span class='ocrx_word' id='word_1_273' title='bbox 1328 2163 1462 2233; x_wconf 89' lang='lat' dir='ltr'><strong>quid</strong></span> <span class='ocrx_word' id='word_1_274' title='bbox 1485 2164 1668 2218; x_wconf 89' lang='lat' dir='ltr'><strong>omnia</strong></span> <span class='ocrx_word' id='word_1_275' title='bbox 1706 2163 1858 2218; x_wconf 86' lang='lat' dir='ltr'><strong>unita</strong></span> <span class='ocrx_word' id='word_1_276' title='bbox 1891 2164 1962 2217; x_wconf 90' lang='lat' dir='ltr'><strong>sit</strong></span> 
     </span>
    </p>
   </div>
   <div class='ocr_carea' id='block_1_39' title="bbox 387 2253 1958 2324">
    <p class='ocr_par' dir='ltr' id='par_1_39' title="bbox 387 2253 1958 2324">
     <span class='ocr_line' id='line_1_39' title="bbox 387 2253 1958 2324; baseline -0.001 -15"><span class='ocrx_word' id='word_1_277' title='bbox 387 2263 755 2309; x_wconf 84' lang='lat' dir='ltr'><strong>servaturum.</strong></span> <span class='ocrx_word' id='word_1_278' title='bbox 789 2253 845 2308; x_wconf 91' lang='lat' dir='ltr'><strong>Si</strong></span> <span class='ocrx_word' id='word_1_279' title='bbox 872 2261 1057 2309; x_wconf 89' lang='lat' dir='ltr'><strong>autem</strong></span> <span class='ocrx_word' id='word_1_280' title='bbox 1101 2254 1288 2324; x_wconf 90' lang='lat' dir='ltr'><strong>alique</strong></span> <span class='ocrx_word' id='word_1_281' title='bbox 1313 2255 1478 2309; x_wconf 90' lang='lat' dir='ltr'><strong>modo</strong></span> <span class='ocrx_word' id='word_1_282' title='bbox 1511 2255 1644 2309; x_wconf 89' lang='lat' dir='ltr'><strong>illud</strong></span> <span class='ocrx_word' id='word_1_283' title='bbox 1675 2253 1737 2309; x_wconf 87' lang='lat' dir='ltr'><strong>ﬁt</strong></span> <span class='ocrx_word' id='word_1_284' title='bbox 1764 2255 1958 2309; x_wconf 91' lang='lat' dir='ltr'><strong>imme-</strong></span> 
     </span>
    </p>
   </div>
   <div class='ocr_carea' id='block_1_40' title="bbox 386 2344 1958 2417">
    <p class='ocr_par' dir='ltr' id='par_1_40' title="bbox 386 2344 1958 2417">
     <span class='ocr_line' id='line_1_40' title="bbox 386 2344 1958 2417; baseline 0.002 -20"><span class='ocrx_word' id='word_1_285' title='bbox 386 2344 533 2399; x_wconf 88' lang='lat' dir='ltr'><strong>diate</strong></span> <span class='ocrx_word' id='word_1_286' title='bbox 557 2345 803 2415; x_wconf 87' lang='lat' dir='ltr'><strong>quidem,</strong></span> <span class='ocrx_word' id='word_1_287' title='bbox 832 2345 941 2399; x_wconf 90' lang='lat' dir='ltr'><strong>alio</strong></span> <span class='ocrx_word' id='word_1_288' title='bbox 958 2345 1123 2401; x_wconf 89' lang='lat' dir='ltr'><strong>mede</strong></span> <span class='ocrx_word' id='word_1_289' title='bbox 1142 2361 1275 2401; x_wconf 89' lang='lat' dir='ltr'><strong>vero</strong></span> <span class='ocrx_word' id='word_1_290' title='bbox 1299 2346 1558 2413; x_wconf 87' lang='lat' dir='ltr'><strong>mediate,</strong></span> <span class='ocrx_word' id='word_1_291' title='bbox 1586 2362 1686 2417; x_wconf 88' lang='lat' dir='ltr'><strong>per</strong></span> <span class='ocrx_word' id='word_1_292' title='bbox 1709 2355 1958 2402; x_wconf 86' lang='lat' dir='ltr'><strong>naturam</strong></span> 
     </span>
    </p>
   </div>
   <div class='ocr_carea' id='block_1_41' title="bbox 389 2434 1957 2505">
    <p class='ocr_par' dir='ltr' id='par_1_41' title="bbox 389 2434 1957 2505">
     <span class='ocr_line' id='line_1_41' title="bbox 389 2434 1957 2505; baseline 0.001 -18"><span class='ocrx_word' id='word_1_293' title='bbox 389 2434 621 2497; x_wconf 86' lang='lat' dir='ltr'><strong>scilicet,</strong></span> <span class='ocrx_word' id='word_1_294' title='bbox 648 2441 709 2488; x_wconf 92' lang='lat' dir='ltr'><strong>ut</strong></span> <span class='ocrx_word' id='word_1_295' title='bbox 734 2434 955 2504; x_wconf 90' lang='lat' dir='ltr'><strong>quidam</strong></span> <span class='ocrx_word' id='word_1_296' title='bbox 985 2434 1196 2499; x_wconf 90' lang='lat' dir='ltr'><strong>dicunt,</strong></span> <span class='ocrx_word' id='word_1_297' title='bbox 1242 2435 1325 2490; x_wconf 89' lang='lat' dir='ltr'><strong>vel</strong></span> <span class='ocrx_word' id='word_1_298' title='bbox 1359 2451 1456 2505; x_wconf 91' lang='lat' dir='ltr'><strong>per</strong></span> <span class='ocrx_word' id='word_1_299' title='bbox 1485 2435 1648 2490; x_wconf 88' lang='lat' dir='ltr'><strong>aliam</strong></span> <span class='ocrx_word' id='word_1_300' title='bbox 1673 2436 1957 2499; x_wconf 84' lang='lat' dir='ltr'><strong>virtutem,</strong></span> 
     </span>
    </p>
   </div>
   <div class='ocr_carea' id='block_1_42' title="bbox 388 2523 1958 2588">
    <p class='ocr_par' dir='ltr' id='par_1_42' title="bbox 388 2523 1958 2588">
     <span class='ocr_line' id='line_1_42' title="bbox 388 2523 1958 2588; baseline 0 -11"><span class='ocrx_word' id='word_1_301' title='bbox 388 2523 635 2577; x_wconf 86' lang='lat' dir='ltr'><strong>omnium</strong></span> <span class='ocrx_word' id='word_1_302' title='bbox 689 2532 870 2577; x_wconf 90' lang='lat' dir='ltr'><strong>tamen</strong></span> <span class='ocrx_word' id='word_1_303' title='bbox 905 2539 1076 2577; x_wconf 91' lang='lat' dir='ltr'><strong>unum</strong></span> <span class='ocrx_word' id='word_1_304' title='bbox 1110 2525 1361 2579; x_wconf 89' lang='lat' dir='ltr'><strong>divinum</strong></span> <span class='ocrx_word' id='word_1_305' title='bbox 1401 2525 1642 2580; x_wconf 81' lang='lat' dir='ltr'><strong>Verbum</strong></span> <span class='ocrx_word' id='word_1_306' title='bbox 1690 2534 1958 2588; x_wconf 79' lang='lat' dir='ltr'><strong>servator,</strong></span> 
     </span>
    </p>
   </div>
   <div class='ocr_carea' id='block_1_43' title="bbox 388 2613 1959 2684">
    <p class='ocr_par' dir='ltr' id='par_1_43' title="bbox 388 2613 1959 2684">
     <span class='ocr_line' id='line_1_43' title="bbox 388 2613 1959 2684; baseline 0.003 -19"><span class='ocrx_word' id='word_1_307' title='bbox 388 2613 814 2682; x_wconf 75' lang='lat' dir='ltr'><strong>mederaterque</strong></span> <span class='ocrx_word' id='word_1_308' title='bbox 862 2622 967 2677; x_wconf 88' lang='lat' dir='ltr'><strong>est,</strong></span> <span class='ocrx_word' id='word_1_309' title='bbox 998 2613 1272 2682; x_wconf 88' lang='lat' dir='ltr'><strong>siquidem</strong></span> <span class='ocrx_word' id='word_1_310' title='bbox 1313 2630 1378 2669; x_wconf 87' lang='lat' dir='ltr'><strong>ac</strong></span> <span class='ocrx_word' id='word_1_311' title='bbox 1407 2622 1694 2684; x_wconf 88' lang='lat' dir='ltr'><strong>premetor</strong></span> <span class='ocrx_word' id='word_1_312' title='bbox 1722 2622 1841 2681; x_wconf 91' lang='lat' dir='ltr'><strong>est;</strong></span> <span class='ocrx_word' id='word_1_313' title='bbox 1884 2615 1959 2669; x_wconf 89' lang='lat' dir='ltr'><strong>ita</strong></span> 
     </span>
    </p>
   </div>
   <div class='ocr_carea' id='block_1_44' title="bbox 389 2704 1957 2774">
    <p class='ocr_par' dir='ltr' id='par_1_44' title="bbox 389 2704 1957 2774">
     <span class='ocr_line' id='line_1_44' title="bbox 389 2704 1957 2774; baseline 0.003 -17"><span class='ocrx_word' id='word_1_314' title='bbox 389 2714 451 2759; x_wconf 85' lang='lat' dir='ltr'><strong>ut</strong></span> <span class='ocrx_word' id='word_1_315' title='bbox 477 2713 533 2759; x_wconf 89' lang='lat' dir='ltr'><strong>et</strong></span> <span class='ocrx_word' id='word_1_316' title='bbox 560 2704 740 2758; x_wconf 87' lang='lat' dir='ltr'><strong>media</strong></span> <span class='ocrx_word' id='word_1_317' title='bbox 758 2705 1061 2774; x_wconf 84' lang='lat' dir='ltr'><strong>junctaque</strong></span> <span class='ocrx_word' id='word_1_318' title='bbox 1094 2705 1290 2760; x_wconf 91' lang='lat' dir='ltr'><strong>mediis</strong></span> <span class='ocrx_word' id='word_1_319' title='bbox 1318 2707 1404 2760; x_wconf 87' lang='lat' dir='ltr'><strong>vel</strong></span> <span class='ocrx_word' id='word_1_320' title='bbox 1438 2706 1700 2761; x_wconf 86' lang='lat' dir='ltr'><strong>distincta</strong></span> <span class='ocrx_word' id='word_1_321' title='bbox 1730 2706 1957 2762; x_wconf 89' lang='lat' dir='ltr'><strong>ordina-</strong></span> 
     </span>
    </p>
   </div>
   <div class='ocr_carea' id='block_1_45' title="bbox 388 2796 1961 2868">
    <p class='ocr_par' dir='ltr' id='par_1_45' title="bbox 388 2796 1961 2868">
     <span class='ocr_line' id='line_1_45' title="bbox 388 2796 1961 2868; baseline 0.001 -17"><span class='ocrx_word' id='word_1_322' title='bbox 388 2799 537 2852; x_wconf 84' lang='lat' dir='ltr'><strong>tione</strong></span> <span class='ocrx_word' id='word_1_323' title='bbox 569 2796 1054 2866; x_wconf 87' lang='lat' dir='ltr'><strong>moderatieneque</strong></span> <span class='ocrx_word' id='word_1_324' title='bbox 1072 2797 1246 2867; x_wconf 86' lang='lat' dir='ltr'><strong>ipsius</strong></span> <span class='ocrx_word' id='word_1_325' title='bbox 1273 2802 1565 2852; x_wconf 84' lang='lat' dir='ltr'><strong>serventur</strong></span> <span class='ocrx_word' id='word_1_326' title='bbox 1582 2807 1745 2868; x_wconf 90' lang='lat' dir='ltr'><strong>atque</strong></span> <span class='ocrx_word' id='word_1_327' title='bbox 1766 2799 1961 2853; x_wconf 83' lang='lat' dir='ltr'><strong>unian-</strong></span> 
     </span>
    </p>
   </div>
   <div class='ocr_carea' id='block_1_46' title="bbox 388 2884 1960 2955">
    <p class='ocr_par' dir='ltr' id='par_1_46' title="bbox 388 2884 1960 2955">
     <span class='ocr_line' id='line_1_46' title="bbox 388 2884 1960 2955; baseline 0.001 -15"><span class='ocrx_word' id='word_1_328' title='bbox 388 2884 800 2952; x_wconf 77' lang='lat' dir='ltr'><strong>tur.Quomedo</strong></span> <span class='ocrx_word' id='word_1_329' title='bbox 828 2885 999 2955; x_wconf 78' lang='lat' dir='ltr'><strong>igitur</strong></span> <span class='ocrx_word' id='word_1_330' title='bbox 1042 2886 1149 2941; x_wconf 89' lang='lat' dir='ltr'><strong>hoc</strong></span> <span class='ocrx_word' id='word_1_331' title='bbox 1176 2887 1412 2941; x_wconf 89' lang='lat' dir='ltr'><strong>stultitia</strong></span> <span class='ocrx_word' id='word_1_332' title='bbox 1440 2887 1682 2942; x_wconf 89' lang='lat' dir='ltr'><strong>alienum</strong></span> <span class='ocrx_word' id='word_1_333' title='bbox 1710 2888 1960 2943; x_wconf 87' lang='lat' dir='ltr'><strong>modera-</strong></span> 
     </span>
    </p>
   </div>
   <div class='ocr_carea' id='block_1_47' title="bbox 390 2977 1958 3049">
    <p class='ocr_par' dir='ltr' id='par_1_47' title="bbox 390 2977 1958 3049">
     <span class='ocr_line' id='line_1_47' title="bbox 390 2977 1958 3049; baseline 0.002 -17"><span class='ocrx_word' id='word_1_334' title='bbox 390 2988 566 3032; x_wconf 88' lang='lat' dir='ltr'><strong>torem</strong></span> <span class='ocrx_word' id='word_1_335' title='bbox 615 2978 685 3033; x_wconf 88' lang='lat' dir='ltr'><strong>de</strong></span> <span class='ocrx_word' id='word_1_336' title='bbox 735 2977 910 3049; x_wconf 83' lang='lat' dir='ltr'><strong>ipsius</strong></span> <span class='ocrx_word' id='word_1_337' title='bbox 948 2979 1155 3033; x_wconf 86' lang='lat' dir='ltr'><strong>unione</strong></span> <span class='ocrx_word' id='word_1_338' title='bbox 1193 2982 1488 3049; x_wconf 73' lang='lat' dir='ltr'><strong>quaerere?</strong></span> <span class='ocrx_word' id='word_1_339' title='bbox 1536 2981 1619 3035; x_wconf 83' lang='lat' dir='ltr'><strong>An</strong></span> <span class='ocrx_word' id='word_1_340' title='bbox 1654 2980 1819 3035; x_wconf 88' lang='lat' dir='ltr'><strong>etiam</strong></span> <span class='ocrx_word' id='word_1_341' title='bbox 1854 2982 1958 3035; x_wconf 91' lang='lat' dir='ltr'><strong>hec</strong></span> 
     </span>
    </p>
   </div>
   <div class='ocr_carea' id='block_1_48' title="bbox 388 3046 2031 3142">
    <p class='ocr_par' dir='ltr' id='par_1_48' title="bbox 388 3046 2031 3142">
     <span class='ocr_line' id='line_1_48' title="bbox 388 3046 2031 3142; baseline 0.001 -19"><span class='ocrx_word' id='word_1_342' title='bbox 388 3069 606 3125; x_wconf 88' lang='lat' dir='ltr'><strong>audetis</strong></span> <span class='ocrx_word' id='word_1_343' title='bbox 633 3046 842 3134; x_wconf 73' lang='lat' dir='ltr'><strong>dicere,</strong></span> <span class='ocrx_word' id='word_1_344' title='bbox 878 3071 973 3140; x_wconf 91' lang='lat' dir='ltr'><strong>qui</strong></span> <span class='ocrx_word' id='word_1_345' title='bbox 1007 3086 1072 3125; x_wconf 88' lang='lat' dir='ltr'><strong>ea</strong></span> <span class='ocrx_word' id='word_1_346' title='bbox 1101 3046 1226 3139; x_wconf 77' lang='lat' dir='ltr'><strong>quae</strong></span> <span class='ocrx_word' id='word_1_347' title='bbox 1254 3071 1472 3141; x_wconf 79' lang='lat' dir='ltr'><strong>longius</strong></span> <span class='ocrx_word' id='word_1_348' title='bbox 1511 3087 1541 3125; x_wconf 89' lang='lat' dir='ltr'><strong>a</strong></span> <span class='ocrx_word' id='word_1_349' title='bbox 1568 3082 1762 3126; x_wconf 88' lang='lat' dir='ltr'><strong>natura</strong></span> <span class='ocrx_word' id='word_1_350' title='bbox 1790 3073 1964 3142; x_wconf 85' lang='lat' dir='ltr'><strong>ipsius</strong></span> <span class='ocrx_word' id='word_1_351' title='bbox 1989 3046 2031 3103; x_wconf 66' lang='grc' dir='ltr'><strong>θ</strong></span> 
     </span>
    </p>
   </div>
   <div class='ocr_carea' id='block_1_49' title="bbox 388 3163 1962 3232">
    <p class='ocr_par' dir='ltr' id='par_1_49' title="bbox 388 3163 1962 3232">
     <span class='ocr_line' id='line_1_49' title="bbox 388 3163 1962 3232; baseline 0.001 -17"><span class='ocrx_word' id='word_1_352' title='bbox 388 3170 519 3215; x_wconf 87' lang='lat' dir='ltr'><strong>sunt</strong></span> <span class='ocrx_word' id='word_1_353' title='bbox 550 3176 769 3216; x_wconf 87' lang='lat' dir='ltr'><strong>servare</strong></span> <span class='ocrx_word' id='word_1_354' title='bbox 790 3170 992 3231; x_wconf 88' lang='lat' dir='ltr'><strong>potest,</strong></span> <span class='ocrx_word' id='word_1_355' title='bbox 1025 3177 1153 3217; x_wconf 90' lang='lat' dir='ltr'><strong>eum</strong></span> <span class='ocrx_word' id='word_1_356' title='bbox 1180 3163 1327 3231; x_wconf 88' lang='lat' dir='ltr'><strong>quod</strong></span> <span class='ocrx_word' id='word_1_357' title='bbox 1371 3163 1609 3232; x_wconf 75' lang='lat' dir='ltr'><strong>propriae</strong></span> <span class='ocrx_word' id='word_1_358' title='bbox 1634 3171 1845 3220; x_wconf 69' lang='lat' dir='ltr'><strong>naturae</strong></span> <span class='ocrx_word' id='word_1_359' title='bbox 1882 3163 1962 3232; x_wconf 82' lang='lat' dir='ltr'><strong>ip-</strong></span> 
     </span>
    </p>
   </div>
   <div class='ocr_carea' id='block_1_50' title="bbox 387 3253 1964 3325">
    <p class='ocr_par' dir='ltr' id='par_1_50' title="bbox 387 3253 1964 3325">
     <span class='ocr_line' id='line_1_50' title="bbox 387 3253 1964 3325; baseline 0 -18"><span class='ocrx_word' id='word_1_360' title='bbox 387 3255 508 3308; x_wconf 86' lang='lat' dir='ltr'><strong>sius</strong></span> <span class='ocrx_word' id='word_1_361' title='bbox 550 3253 769 3308; x_wconf 88' lang='lat' dir='ltr'><strong>unitum</strong></span> <span class='ocrx_word' id='word_1_362' title='bbox 799 3263 886 3309; x_wconf 89' lang='lat' dir='ltr'><strong>est</strong></span> <span class='ocrx_word' id='word_1_363' title='bbox 919 3255 1208 3308; x_wconf 90' lang='lat' dir='ltr'><strong>continere</strong></span> <span class='ocrx_word' id='word_1_364' title='bbox 1251 3270 1362 3308; x_wconf 91' lang='lat' dir='ltr'><strong>non</strong></span> <span class='ocrx_word' id='word_1_365' title='bbox 1396 3255 1600 3324; x_wconf 85' lang='lat' dir='ltr'><strong>posse?</strong></span> <span class='ocrx_word' id='word_1_366' title='bbox 1648 3254 1788 3320; x_wconf 80' lang='lat' dir='ltr'><strong>Quid</strong></span> <span class='ocrx_word' id='word_1_367' title='bbox 1833 3270 1964 3325; x_wconf 80' lang='lat' dir='ltr'><strong>ergo</strong></span> 
     </span>
    </p>
   </div>
   <div class='ocr_carea' id='block_1_51' title="bbox 377 3343 1964 3414">
    <p class='ocr_par' dir='ltr' id='par_1_51' title="bbox 377 3343 1964 3414">
     <span class='ocr_line' id='line_1_51' title="bbox 377 3343 1964 3414; baseline 0.001 -17"><span class='ocrx_word' id='word_1_368' title='bbox 377 3344 495 3397; x_wconf 46' lang='lat' dir='ltr'><strong>lbec</strong></span> <span class='ocrx_word' id='word_1_369' title='bbox 544 3344 767 3399; x_wconf 73' lang='lat' dir='ltr'><strong>stultius</strong></span> <span class='ocrx_word' id='word_1_370' title='bbox 806 3344 992 3399; x_wconf 80' lang='lat' dir='ltr'><strong>esset?</strong></span> <span class='ocrx_word' id='word_1_371' title='bbox 1048 3343 1104 3398; x_wconf 92' lang='lat' dir='ltr'><strong>Si</strong></span> <span class='ocrx_word' id='word_1_372' title='bbox 1136 3358 1267 3398; x_wconf 91' lang='lat' dir='ltr'><strong>vero</strong></span> <span class='ocrx_word' id='word_1_373' title='bbox 1322 3352 1612 3413; x_wconf 85' lang='lat' dir='ltr'><strong>propterea</strong></span> <span class='ocrx_word' id='word_1_374' title='bbox 1663 3345 1808 3414; x_wconf 89' lang='lat' dir='ltr'><strong>quod</strong></span> <span class='ocrx_word' id='word_1_375' title='bbox 1852 3360 1964 3399; x_wconf 89' lang='lat' dir='ltr'><strong>non</strong></span> 
     </span>
    </p>
   </div>
   <div class='ocr_carea' id='block_1_52' title="bbox 378 3434 1963 3505">
    <p class='ocr_par' dir='ltr' id='par_1_52' title="bbox 378 3434 1963 3505">
     <span class='ocr_line' id='line_1_52' title="bbox 378 3434 1963 3505; baseline 0.001 -19"><span class='ocrx_word' id='word_1_376' title='bbox 378 3434 461 3487; x_wconf 80' lang='lat' dir='ltr'><strong>ab</strong></span> <span class='ocrx_word' id='word_1_377' title='bbox 491 3435 600 3488; x_wconf 90' lang='lat' dir='ltr'><strong>alio</strong></span> <span class='ocrx_word' id='word_1_378' title='bbox 622 3434 838 3503; x_wconf 90' lang='lat' dir='ltr'><strong>potiore</strong></span> <span class='ocrx_word' id='word_1_379' title='bbox 861 3442 1133 3499; x_wconf 87' lang='lat' dir='ltr'><strong>servatur,</strong></span> <span class='ocrx_word' id='word_1_380' title='bbox 1167 3434 1290 3489; x_wconf 92' lang='lat' dir='ltr'><strong>ideo</strong></span> <span class='ocrx_word' id='word_1_381' title='bbox 1310 3451 1418 3489; x_wconf 90' lang='lat' dir='ltr'><strong>non</strong></span> <span class='ocrx_word' id='word_1_382' title='bbox 1447 3451 1477 3488; x_wconf 91' lang='lat' dir='ltr'><strong>a</strong></span> <span class='ocrx_word' id='word_1_383' title='bbox 1499 3435 1679 3505; x_wconf 88' lang='lat' dir='ltr'><strong>seipse</strong></span> <span class='ocrx_word' id='word_1_384' title='bbox 1706 3436 1963 3489; x_wconf 86' lang='lat' dir='ltr'><strong>unionem</strong></span> 
     </span>
    </p>
   </div>
   <div class='ocr_carea' id='block_1_53' title="bbox 392 3522 1961 3592">
    <p class='ocr_par' dir='ltr' id='par_1_53' title="bbox 392 3522 1961 3592">
     <span class='ocr_line' id='line_1_53' title="bbox 392 3522 1961 3592; baseline 0.004 -17"><span class='ocrx_word' id='word_1_385' title='bbox 392 3522 565 3591; x_wconf 90' lang='lat' dir='ltr'><strong>ipsius</strong></span> <span class='ocrx_word' id='word_1_386' title='bbox 617 3524 730 3578; x_wconf 92' lang='lat' dir='ltr'><strong>ullo</strong></span> <span class='ocrx_word' id='word_1_387' title='bbox 775 3522 942 3578; x_wconf 70' lang='lat' dir='ltr'><strong>modo</strong></span> <span class='ocrx_word' id='word_1_388' title='bbox 983 3523 1440 3579; x_wconf 86' lang='lat' dir='ltr'><strong>indissolubiliter</strong></span> <span class='ocrx_word' id='word_1_389' title='bbox 1461 3526 1671 3580; x_wconf 83' lang='lat' dir='ltr'><strong>servari</strong></span> <span class='ocrx_word' id='word_1_390' title='bbox 1715 3526 1961 3592; x_wconf 85' lang='lat' dir='ltr'><strong>creditis,</strong></span> 
     </span>
    </p>
   </div>
   <div class='ocr_carea' id='block_1_54' title="bbox 391 3612 1961 3684">
    <p class='ocr_par' dir='ltr' id='par_1_54' title="bbox 391 3612 1961 3684">
     <span class='ocr_line' id='line_1_54' title="bbox 391 3612 1961 3684; baseline 0.003 -18"><span class='ocrx_word' id='word_1_391' title='bbox 391 3612 519 3669; x_wconf 91' lang='lat' dir='ltr'><strong>ideo</strong></span> <span class='ocrx_word' id='word_1_392' title='bbox 562 3612 818 3669; x_wconf 84' lang='lat' dir='ltr'><strong>similiter</strong></span> <span class='ocrx_word' id='word_1_393' title='bbox 863 3628 967 3668; x_wconf 91' lang='lat' dir='ltr'><strong>nec</strong></span> <span class='ocrx_word' id='word_1_394' title='bbox 1004 3614 1074 3669; x_wconf 87' lang='lat' dir='ltr'><strong>ab</strong></span> <span class='ocrx_word' id='word_1_395' title='bbox 1109 3615 1219 3669; x_wconf 87' lang='lat' dir='ltr'><strong>alio</strong></span> <span class='ocrx_word' id='word_1_396' title='bbox 1251 3615 1462 3684; x_wconf 84' lang='lat' dir='ltr'><strong>petiere</strong></span> <span class='ocrx_word' id='word_1_397' title='bbox 1510 3616 1711 3671; x_wconf 81' lang='lat' dir='ltr'><strong>factum</strong></span> <span class='ocrx_word' id='word_1_398' title='bbox 1753 3616 1961 3682; x_wconf 82' lang='lat' dir='ltr'><strong>fuerit;</strong></span> 
     </span>
    </p>
   </div>
   <div class='ocr_carea' id='block_1_55' title="bbox 390 3702 1964 3773">
    <p class='ocr_par' dir='ltr' id='par_1_55' title="bbox 390 3702 1964 3773">
     <span class='ocr_line' id='line_1_55' title="bbox 390 3702 1964 3773; baseline 0.001 -14"><span class='ocrx_word' id='word_1_399' title='bbox 390 3718 554 3759; x_wconf 91' lang='lat' dir='ltr'><strong>omne</strong></span> <span class='ocrx_word' id='word_1_400' title='bbox 586 3702 734 3759; x_wconf 86' lang='lat' dir='ltr'><strong>enim</strong></span> <span class='ocrx_word' id='word_1_401' title='bbox 762 3717 863 3757; x_wconf 90' lang='lat' dir='ltr'><strong>ens</strong></span> <span class='ocrx_word' id='word_1_402' title='bbox 899 3703 967 3757; x_wconf 83' lang='lat' dir='ltr'><strong>ab</strong></span> <span class='ocrx_word' id='word_1_403' title='bbox 995 3704 1179 3772; x_wconf 85' lang='lat' dir='ltr'><strong>aliquo</strong></span> <span class='ocrx_word' id='word_1_404' title='bbox 1207 3704 1420 3773; x_wconf 89' lang='lat' dir='ltr'><strong>petiere</strong></span> <span class='ocrx_word' id='word_1_405' title='bbox 1450 3706 1657 3760; x_wconf 80' lang='lat' dir='ltr'><strong>factum</strong></span> <span class='ocrx_word' id='word_1_406' title='bbox 1686 3714 1799 3772; x_wconf 87' lang='lat' dir='ltr'><strong>est;</strong></span> <span class='ocrx_word' id='word_1_407' title='bbox 1853 3721 1964 3762; x_wconf 91' lang='lat' dir='ltr'><strong>non</strong></span> 
     </span>
    </p>
   </div>
   <div class='ocr_carea' id='block_1_56' title="bbox 388 3794 1965 3866">
    <p class='ocr_par' dir='ltr' id='par_1_56' title="bbox 388 3794 1965 3866">
     <span class='ocr_line' id='line_1_56' title="bbox 388 3794 1965 3866; baseline 0 -15"><span class='ocrx_word' id='word_1_408' title='bbox 388 3811 520 3866; x_wconf 76' lang='lat' dir='ltr'><strong>ergo</strong></span> <span class='ocrx_word' id='word_1_409' title='bbox 547 3794 702 3848; x_wconf 87' lang='lat' dir='ltr'><strong>illum</strong></span> <span class='ocrx_word' id='word_1_410' title='bbox 727 3809 851 3849; x_wconf 88' lang='lat' dir='ltr'><strong>esse</strong></span> <span class='ocrx_word' id='word_1_411' title='bbox 880 3794 1285 3849; x_wconf 85' lang='lat' dir='ltr'><strong>cenﬁteremini</strong></span> <span class='ocrx_word' id='word_1_412' title='bbox 1315 3812 1331 3862; x_wconf 88' lang='lat'><strong>;</strong></span> <span class='ocrx_word' id='word_1_413' title='bbox 1364 3796 1503 3850; x_wconf 89' lang='lat' dir='ltr'><strong>nihil</strong></span> <span class='ocrx_word' id='word_1_414' title='bbox 1531 3797 1680 3851; x_wconf 90' lang='lat' dir='ltr'><strong>enim</strong></span> <span class='ocrx_word' id='word_1_415' title='bbox 1721 3796 1833 3851; x_wconf 91' lang='lat' dir='ltr'><strong>Dee</strong></span> <span class='ocrx_word' id='word_1_416' title='bbox 1867 3811 1965 3851; x_wconf 75' lang='lat' dir='ltr'><strong>ex-</strong></span> 
     </span>
    </p>
   </div>
   <div class='ocr_carea' id='block_1_57' title="bbox 388 3885 1963 3957">
    <p class='ocr_par' dir='ltr' id='par_1_57' title="bbox 388 3885 1963 3957">
     <span class='ocr_line' id='line_1_57' title="bbox 388 3885 1963 3957; baseline 0 -15"><span class='ocrx_word' id='word_1_417' title='bbox 388 3886 710 3947; x_wconf 85' lang='lat' dir='ltr'><strong>cellentius;</strong></span> <span class='ocrx_word' id='word_1_418' title='bbox 727 3898 831 3938; x_wconf 91' lang='lat' dir='ltr'><strong>nec</strong></span> <span class='ocrx_word' id='word_1_419' title='bbox 849 3885 1167 3940; x_wconf 85' lang='lat' dir='ltr'><strong>necessario</strong></span> <span class='ocrx_word' id='word_1_420' title='bbox 1189 3886 1360 3940; x_wconf 91' lang='lat' dir='ltr'><strong>Deum</strong></span> <span class='ocrx_word' id='word_1_421' title='bbox 1385 3886 1670 3951; x_wconf 88' lang='lat' dir='ltr'><strong>exsistere,</strong></span> <span class='ocrx_word' id='word_1_422' title='bbox 1692 3887 1963 3957; x_wconf 89' lang='lat' dir='ltr'><strong>siquidem</strong></span> 
     </span>
    </p>
   </div>
   <div class='ocr_carea' id='block_1_58' title="bbox 390 3969 1963 4043">
    <p class='ocr_par' dir='ltr' id='par_1_58' title="bbox 390 3969 1963 4043">
     <span class='ocr_line' id='line_1_58' title="bbox 390 3969 1963 4043; baseline 0.008 -21"><span class='ocrx_word' id='word_1_423' title='bbox 390 3982 501 4023; x_wconf 87' lang='lat' dir='ltr'><strong>non</strong></span> <span class='ocrx_word' id='word_1_424' title='bbox 553 3969 901 4037; x_wconf 73' lang='lat' dir='ltr'><strong>praestantius</strong></span> <span class='ocrx_word' id='word_1_425' title='bbox 951 3986 981 4024; x_wconf 86' lang='lat' dir='ltr'><strong>a</strong></span> <span class='ocrx_word' id='word_1_426' title='bbox 1028 3986 1144 4042; x_wconf 85' lang='lat' dir='ltr'><strong>quo</strong></span> <span class='ocrx_word' id='word_1_427' title='bbox 1196 3972 1351 4029; x_wconf 80' lang='lat' dir='ltr'><strong>ﬁeret</strong></span> <span class='ocrx_word' id='word_1_428' title='bbox 1394 3973 1669 4043; x_wconf 87' lang='lat' dir='ltr'><strong>habebat;</strong></span> <span class='ocrx_word' id='word_1_429' title='bbox 1726 3976 1813 4033; x_wconf 84' lang='lat' dir='ltr'><strong>vel</strong></span> <span class='ocrx_word' id='word_1_430' title='bbox 1847 3979 1963 4034; x_wconf 81' lang='lat' dir='ltr'><strong>exi-</strong></span> 
     </span>
    </p>
   </div>
   <div class='ocr_carea' id='block_1_59' title="bbox 380 4061 1965 4140">
    <p class='ocr_par' dir='ltr' id='par_1_59' title="bbox 380 4061 1965 4140">
     <span class='ocr_line' id='line_1_59' title="bbox 380 4061 1965 4140; baseline 0.009 -26"><span class='ocrx_word' id='word_1_431' title='bbox 380 4069 548 4116; x_wconf 50' lang='lat' dir='ltr'><strong>utens</strong></span> <span class='ocrx_word' id='word_1_432' title='bbox 565 4061 718 4131; x_wconf 83' lang='lat' dir='ltr'><strong>juxta</strong></span> <span class='ocrx_word' id='word_1_433' title='bbox 754 4074 997 4119; x_wconf 84' lang='lat' dir='ltr'><strong>vestram</strong></span> <span class='ocrx_word' id='word_1_434' title='bbox 1046 4065 1368 4133; x_wconf 82' lang='lat' dir='ltr'><strong>sapientiam</strong></span> <span class='ocrx_word' id='word_1_435' title='bbox 1412 4070 1479 4122; x_wconf 85' lang='lat' dir='ltr'><strong>ab</strong></span> <span class='ocrx_word' id='word_1_436' title='bbox 1528 4070 1712 4140; x_wconf 85' lang='lat' dir='ltr'><strong>alique</strong></span> <span class='ocrx_word' id='word_1_437' title='bbox 1752 4073 1965 4140; x_wconf 79' lang='lat' dir='ltr'><strong>petiere</strong></span> 
     </span>
    </p>
   </div>
   <div class='ocr_carea' id='block_1_60' title="bbox 388 4155 1965 4218">
    <p class='ocr_par' dir='ltr' id='par_1_60' title="bbox 388 4155 1965 4218">
     <span class='ocr_line' id='line_1_60' title="bbox 388 4155 1965 4218; baseline 0.007 -11"><span class='ocrx_word' id='word_1_438' title='bbox 388 4155 703 4211; x_wconf 83' lang='lat' dir='ltr'><strong>necessarie</strong></span> <span class='ocrx_word' id='word_1_439' title='bbox 781 4156 961 4213; x_wconf 80' lang='lat' dir='ltr'><strong>factus</strong></span> <span class='ocrx_word' id='word_1_440' title='bbox 1047 4159 1215 4214; x_wconf 79' lang='lat' dir='ltr'><strong>fuisse</strong></span> <span class='ocrx_word' id='word_1_441' title='bbox 1295 4159 1589 4216; x_wconf 86' lang='lat' dir='ltr'><strong>videbitur.</strong></span> <span class='ocrx_word' id='word_1_442' title='bbox 1692 4160 1965 4218; x_wconf 82' lang='lat' dir='ltr'><strong>Herumce</strong></span> 
     </span>
    </p>
   </div>
   <div class='ocr_carea' id='block_1_61' title="bbox 389 4248 1954 4325">
    <p class='ocr_par' dir='ltr' id='par_1_61' title="bbox 389 4248 1954 4325">
     <span class='ocr_line' id='line_1_61' title="bbox 389 4248 1954 4325; baseline 0.006 -25"><span class='ocrx_word' id='word_1_443' title='bbox 389 4261 606 4302; x_wconf 86' lang='lat' dir='ltr'><strong>omnem</strong></span> <span class='ocrx_word' id='word_1_444' title='bbox 645 4248 976 4319; x_wconf 74' lang='lat' dir='ltr'><strong>impietatem</strong></span> <span class='ocrx_word' id='word_1_445' title='bbox 1029 4253 1208 4307; x_wconf 87' lang='lat' dir='ltr'><strong>metiri</strong></span> <span class='ocrx_word' id='word_1_446' title='bbox 1243 4255 1394 4309; x_wconf 76' lang='lat' dir='ltr'><strong>vobis</strong></span> <span class='ocrx_word' id='word_1_447' title='bbox 1452 4254 1954 4325; x_wconf 76' lang='lat' dir='ltr'><strong>expergisceutibus</strong></span> 
     </span>
    </p>
   </div>
   <div class='ocr_carea' id='block_1_62' title="bbox 386 4326 2034 4414">
    <p class='ocr_par' dir='ltr' id='par_1_62' title="bbox 386 4326 2034 4414">
     <span class='ocr_line' id='line_1_62' title="bbox 386 4326 2034 4414; baseline 0.004 -27"><span class='ocrx_word' id='word_1_448' title='bbox 386 4334 859 4403; x_wconf 83' lang='lat' dir='ltr'><strong>derelinquemus.</strong></span> <span class='ocrx_word' id='word_1_449' title='bbox 899 4332 1008 4387; x_wconf 85' lang='lat' dir='ltr'><strong>Sed</strong></span> <span class='ocrx_word' id='word_1_450' title='bbox 1039 4326 1468 4391; x_wconf 47' lang='lat' dir='ltr'><strong>haec&#39;suﬂiciant.</strong></span> <span class='ocrx_word' id='word_1_451' title='bbox 1512 4338 1572 4392; x_wconf 85' lang='lat' dir='ltr'><strong>In</strong></span> <span class='ocrx_word' id='word_1_452' title='bbox 1603 4338 1957 4393; x_wconf 91' lang='lat' dir='ltr'><strong>conclusione</strong></span> <span class='ocrx_word' id='word_1_453' title='bbox 1993 4361 2034 4414; x_wconf 79' lang='grc' dir='ltr'>ο</span> 
     </span>
    </p>
   </div>
   <div class='ocr_carea' id='block_1_63' title="bbox 385 4424 1960 4498">
    <p class='ocr_par' dir='ltr' id='par_1_63' title="bbox 385 4424 1960 4498">
     <span class='ocr_line' id='line_1_63' title="bbox 385 4424 1960 4498; baseline 0.004 -21"><span class='ocrx_word' id='word_1_454' title='bbox 385 4439 538 4488; x_wconf 88' lang='lat' dir='ltr'><strong>vero,</strong></span> <span class='ocrx_word' id='word_1_455' title='bbox 583 4424 860 4493; x_wconf 86' lang='lat' dir='ltr'><strong>quomodo</strong></span> <span class='ocrx_word' id='word_1_456' title='bbox 910 4424 1321 4481; x_wconf 84' lang='lat' dir='ltr'><strong>distinctionem</strong></span> <span class='ocrx_word' id='word_1_457' title='bbox 1355 4428 1523 4481; x_wconf 80' lang='lat' dir='ltr'><strong>Verbi</strong></span> <span class='ocrx_word' id='word_1_458' title='bbox 1572 4428 1641 4487; x_wconf 84' lang='lat' dir='ltr'><strong>ab</strong></span> <span class='ocrx_word' id='word_1_459' title='bbox 1695 4429 1790 4483; x_wconf 83' lang='lat' dir='ltr'><strong>illo</strong></span> <span class='ocrx_word' id='word_1_460' title='bbox 1812 4429 1960 4498; x_wconf 84' lang='lat' dir='ltr'><strong>quod</strong></span> 
     </span>
    </p>
   </div>
   <div class='ocr_carea' id='block_1_64' title="bbox 387 4514 1962 4587">
    <p class='ocr_par' dir='ltr' id='par_1_64' title="bbox 387 4514 1962 4587">
     <span class='ocr_line' id='line_1_64' title="bbox 387 4514 1962 4587; baseline 0 -16"><span class='ocrx_word' id='word_1_461' title='bbox 387 4515 492 4585; x_wconf 90' lang='lat' dir='ltr'><strong>ipsi</strong></span> <span class='ocrx_word' id='word_1_462' title='bbox 535 4514 725 4569; x_wconf 89' lang='lat' dir='ltr'><strong>unitur</strong></span> <span class='ocrx_word' id='word_1_463' title='bbox 773 4515 1180 4577; x_wconf 89' lang='lat' dir='ltr'><strong>concesseritis,</strong></span> <span class='ocrx_word' id='word_1_464' title='bbox 1242 4516 1611 4586; x_wconf 90' lang='lat' dir='ltr'><strong>unionemque</strong></span> <span class='ocrx_word' id='word_1_465' title='bbox 1650 4532 1682 4571; x_wconf 89' lang='lat' dir='ltr'><strong>a</strong></span> <span class='ocrx_word' id='word_1_466' title='bbox 1746 4518 1962 4587; x_wconf 89' lang='lat' dir='ltr'><strong>petiere</strong></span> 
     </span>
    </p>
   </div>
   <div class='ocr_carea' id='block_1_65' title="bbox 387 4604 1959 4674">
    <p class='ocr_par' dir='ltr' id='par_1_65' title="bbox 387 4604 1959 4674">
     <span class='ocr_line' id='line_1_65' title="bbox 387 4604 1959 4674; baseline 0.004 -16"><span class='ocrx_word' id='word_1_467' title='bbox 387 4604 509 4660; x_wconf 80' lang='lat' dir='ltr'><strong>tieri</strong></span> <span class='ocrx_word' id='word_1_468' title='bbox 538 4605 815 4674; x_wconf 86' lang='lat' dir='ltr'><strong>quomodo</strong></span> <span class='ocrx_word' id='word_1_469' title='bbox 862 4605 1209 4671; x_wconf 79' lang='lat' dir='ltr'><strong>induxeritis,</strong></span> <span class='ocrx_word' id='word_1_470' title='bbox 1246 4607 1544 4662; x_wconf 85' lang='lat' dir='ltr'><strong>nescimus.</strong></span> <span class='ocrx_word' id='word_1_471' title='bbox 1599 4609 1763 4663; x_wconf 91' lang='lat' dir='ltr'><strong>Initio</strong></span> <span class='ocrx_word' id='word_1_472' title='bbox 1811 4611 1959 4665; x_wconf 90' lang='lat' dir='ltr'><strong>enim</strong></span> 
     </span>
    </p>
   </div>
   <div class='ocr_carea' id='block_1_66' title="bbox 386 4696 1960 4766">
    <p class='ocr_par' dir='ltr' id='par_1_66' title="bbox 386 4696 1960 4766">
     <span class='ocr_line' id='line_1_66' title="bbox 386 4696 1960 4766; baseline 0.002 -16"><span class='ocrx_word' id='word_1_473' title='bbox 386 4696 880 4766; x_wconf 81' lang='lat' dir='ltr'><strong>argumentationis</strong></span> <span class='ocrx_word' id='word_1_474' title='bbox 931 4702 1148 4759; x_wconf 72' lang='lat' dir='ltr'><strong>vestrae,</strong></span> <span class='ocrx_word' id='word_1_475' title='bbox 1195 4709 1356 4750; x_wconf 86' lang='lat' dir='ltr'><strong>omne</strong></span> <span class='ocrx_word' id='word_1_476' title='bbox 1402 4712 1514 4751; x_wconf 88' lang='lat' dir='ltr'><strong>non</strong></span> <span class='ocrx_word' id='word_1_477' title='bbox 1566 4712 1816 4763; x_wconf 88' lang='lat' dir='ltr'><strong>manens,</strong></span> <span class='ocrx_word' id='word_1_478' title='bbox 1872 4698 1960 4753; x_wconf 92' lang='lat' dir='ltr'><strong>vel</strong></span> 
     </span>
    </p>
   </div>
   <div class='ocr_carea' id='block_1_67' title="bbox 388 4787 1960 4858">
    <p class='ocr_par' dir='ltr' id='par_1_67' title="bbox 388 4787 1960 4858">
     <span class='ocr_line' id='line_1_67' title="bbox 388 4787 1960 4858; baseline 0.004 -16"><span class='ocrx_word' id='word_1_479' title='bbox 388 4804 616 4842; x_wconf 87' lang='lat' dir='ltr'><strong>manens</strong></span> <span class='ocrx_word' id='word_1_480' title='bbox 649 4787 703 4842; x_wconf 90' lang='lat' dir='ltr'><strong>in</strong></span> <span class='ocrx_word' id='word_1_481' title='bbox 743 4788 966 4851; x_wconf 88' lang='lat' dir='ltr'><strong>unione,</strong></span> <span class='ocrx_word' id='word_1_482' title='bbox 1008 4802 1110 4843; x_wconf 82' lang='lat' dir='ltr'><strong>nec</strong></span> <span class='ocrx_word' id='word_1_483' title='bbox 1138 4804 1207 4844; x_wconf 82' lang='lat' dir='ltr'><strong>ex</strong></span> <span class='ocrx_word' id='word_1_484' title='bbox 1228 4789 1408 4858; x_wconf 89' lang='lat' dir='ltr'><strong>seipse</strong></span> <span class='ocrx_word' id='word_1_485' title='bbox 1456 4805 1702 4855; x_wconf 87' lang='lat' dir='ltr'><strong>manere,</strong></span> <span class='ocrx_word' id='word_1_486' title='bbox 1751 4805 1857 4845; x_wconf 91' lang='lat' dir='ltr'><strong>nec</strong></span> <span class='ocrx_word' id='word_1_487' title='bbox 1893 4805 1960 4849; x_wconf 80' lang='lat' dir='ltr'><strong>ex</strong></span> 
     </span>
    </p>
   </div>
   <div class='ocr_carea' id='block_1_68' title="bbox 387 4878 1956 4951">
    <p class='ocr_par' dir='ltr' id='par_1_68' title="bbox 387 4878 1956 4951">
     <span class='ocr_line' id='line_1_68' title="bbox 387 4878 1956 4951; baseline 0.001 -19"><span class='ocrx_word' id='word_1_488' title='bbox 387 4879 568 4948; x_wconf 89' lang='lat' dir='ltr'><strong>seipse</strong></span> <span class='ocrx_word' id='word_1_489' title='bbox 598 4878 845 4942; x_wconf 88' lang='lat' dir='ltr'><strong>dissolvi,</strong></span> <span class='ocrx_word' id='word_1_490' title='bbox 869 4894 901 4932; x_wconf 97' lang='lat' dir='ltr'><strong>e</strong></span> <span class='ocrx_word' id='word_1_491' title='bbox 926 4879 1196 4934; x_wconf 88' lang='lat' dir='ltr'><strong>ratiocinii</strong></span> <span class='ocrx_word' id='word_1_492' title='bbox 1223 4878 1566 4951; x_wconf 82' lang='lat' dir='ltr'><strong>peritissimi,</strong></span> <span class='ocrx_word' id='word_1_493' title='bbox 1603 4880 1956 4936; x_wconf 78' lang='lat' dir='ltr'><strong>asserebatis.</strong></span> 
     </span>
    </p>
   </div>
   <div class='ocr_carea' id='block_1_69' title="bbox 1008 5092 1333 5148">
    <p class='ocr_par' dir='ltr' id='par_1_69' title="bbox 1008 5092 1333 5148">
     <span class='ocr_line' id='line_1_69' title="bbox 1008 5092 1333 5148; baseline 0 -1"><span class='ocrx_word' id='word_1_494' title='bbox 1008 5092 1157 5147; x_wconf 75' lang='lat' dir='ltr'><strong>CAP.</strong></span> <span class='ocrx_word' id='word_1_495' title='bbox 1198 5094 1333 5148; x_wconf 75' lang='lat' dir='ltr'><strong>XIV.</strong></span> 
     </span>
    </p>
   </div>
   <div class='ocr_carea' id='block_1_70' title="bbox 342 5200 1962 5290">
    <p class='ocr_par' dir='ltr' id='par_1_70' title="bbox 342 5200 1962 5290">
     <span class='ocr_line' id='line_1_70' title="bbox 342 5200 1962 5290; baseline 0.006 -9"><span class='ocrx_word' id='word_1_496' title='bbox 342 5200 349 5234; x_wconf 54' lang='grc'>³</span> <span class='ocrx_word' id='word_1_497' title='bbox 460 5226 516 5282; x_wconf 92' lang='lat' dir='ltr'><strong>Si</strong></span> <span class='ocrx_word' id='word_1_498' title='bbox 550 5226 694 5280; x_wconf 88' lang='lat' dir='ltr'><strong>Deus</strong></span> <span class='ocrx_word' id='word_1_499' title='bbox 730 5225 972 5280; x_wconf 86' lang='lat' dir='ltr'><strong>Verbum</strong></span> <span class='ocrx_word' id='word_1_500' title='bbox 1003 5238 1213 5284; x_wconf 70' lang='lat' dir='ltr'><strong>natura:</strong></span> <span class='ocrx_word' id='word_1_501' title='bbox 1244 5237 1445 5286; x_wconf 72' lang='lat' dir='ltr'><strong>nostra:</strong></span> <span class='ocrx_word' id='word_1_502' title='bbox 1480 5231 1732 5287; x_wconf 86' lang='lat' dir='ltr'><strong>rationali</strong></span> <span class='ocrx_word' id='word_1_503' title='bbox 1771 5235 1962 5290; x_wconf 92' lang='lat' dir='ltr'><strong>unitur</strong></span> 
     </span>
    </p>
   </div>
   <div class='ocr_carea' id='block_1_71' title="bbox 388 5320 1976 5392">
    <p class='ocr_par' dir='ltr' id='par_1_71' title="bbox 388 5320 1976 5392">
     <span class='ocr_line' id='line_1_71' title="bbox 388 5320 1976 5392; baseline 0.005 -20"><span class='ocrx_word' id='word_1_504' title='bbox 388 5326 648 5388; x_wconf 85' lang='lat' dir='ltr'><strong>tanquam</strong></span> <span class='ocrx_word' id='word_1_505' title='bbox 698 5326 886 5371; x_wconf 89' lang='lat' dir='ltr'><strong>nostro</strong></span> <span class='ocrx_word' id='word_1_506' title='bbox 930 5321 1146 5388; x_wconf 89' lang='lat' dir='ltr'><strong>corpori</strong></span> <span class='ocrx_word' id='word_1_507' title='bbox 1200 5320 1393 5374; x_wconf 89' lang='lat' dir='ltr'><strong>unitur</strong></span> <span class='ocrx_word' id='word_1_508' title='bbox 1423 5321 1605 5377; x_wconf 87' lang='lat' dir='ltr'><strong>anima</strong></span> <span class='ocrx_word' id='word_1_509' title='bbox 1655 5325 1976 5392; x_wconf 86' lang='lat' dir='ltr'><strong>rationalis._</strong></span> 
     </span>
    </p>
   </div>
   <div class='ocr_carea' id='block_1_72' title="bbox 386 5409 1962 5487">
    <p class='ocr_par' dir='ltr' id='par_1_72' title="bbox 386 5409 1962 5487">
     <span class='ocr_line' id='line_1_72' title="bbox 386 5409 1962 5487; baseline 0.004 -21"><span class='ocrx_word' id='word_1_510' title='bbox 386 5409 610 5482; x_wconf 89' lang='lat' dir='ltr'><strong>quando</strong></span> <span class='ocrx_word' id='word_1_511' title='bbox 639 5419 850 5465; x_wconf 80' lang='lat' dir='ltr'><strong>naturae</strong></span> <span class='ocrx_word' id='word_1_512' title='bbox 881 5412 1083 5466; x_wconf 78' lang='lat' dir='ltr'><strong>nostrae</strong></span> <span class='ocrx_word' id='word_1_513' title='bbox 1122 5412 1375 5467; x_wconf 85' lang='lat' dir='ltr'><strong>rationali</strong></span> <span class='ocrx_word' id='word_1_514' title='bbox 1432 5413 1730 5482; x_wconf 83' lang='lat' dir='ltr'><strong>videbitur,</strong></span> <span class='ocrx_word' id='word_1_515' title='bbox 1762 5431 1962 5487; x_wconf 87' lang='lat' dir='ltr'><strong>opera-</strong></span> 
     </span>
    </p>
   </div>
   <div class='ocr_carea' id='block_1_73' title="bbox 470 5598 858 5686">
    <p class='ocr_par' dir='ltr' id='par_1_73' title="bbox 470 5598 858 5686">
     <span class='ocr_line' id='line_1_73' title="bbox 470 5598 858 5686; baseline 0.003 -34"><span class='ocrx_word' id='word_1_516' title='bbox 470 5599 492 5630; x_wconf 67' lang='grc' dir='ltr'><strong>θ</strong></span> <span class='ocrx_word' id='word_1_517' title='bbox 520 5598 673 5686; x_wconf 38' lang='grc' dir='ltr'>Ρεειιί</span> <span class='ocrx_word' id='word_1_518' title='bbox 697 5614 767 5666; x_wconf 77' lang='lat' dir='ltr'><strong>ir,</strong></span> <span class='ocrx_word' id='word_1_519' title='bbox 809 5600 858 5653; x_wconf 87' lang='lat'><strong>7.</strong></span> 
     </span>
    </p>
   </div>
   <div class='ocr_carea' id='block_1_74' title="bbox 2058 1793 3629 1871">
    <p class='ocr_par' dir='ltr' id='par_1_74' title="bbox 2058 1793 3629 1871">
     <span class='ocr_line' id='line_1_74' title="bbox 2058 1793 3629 1871; baseline -0.002 -24"><span class='ocrx_word' id='word_1_520' title='bbox 2058 1793 2274 1847; x_wconf 74' lang='grc' dir='ltr'>ἐλιπον</span> <span class='ocrx_word' id='word_1_521' title='bbox 2313 1796 2371 1846; x_wconf 80' lang='grc' dir='ltr'>αἱ</span> <span class='ocrx_word' id='word_1_522' title='bbox 2404 1793 2724 1859; x_wconf 67' lang='grc' dir='ltr'>ρομφηῖαι·</span> <span class='ocrx_word' id='word_1_523' title='bbox 2768 1794 2821 1845; x_wconf 83' lang='grc' dir='ltr'>τι</span> <span class='ocrx_word' id='word_1_524' title='bbox 2862 1796 2970 1866; x_wconf 84' lang='grc' dir='ltr'><strong>γὰρ</strong></span> <span class='ocrx_word' id='word_1_525' title='bbox 3015 1796 3080 1868; x_wconf 84' lang='grc' dir='ltr'>δὴ</span> <span class='ocrx_word' id='word_1_526' title='bbox 3129 1797 3292 1852; x_wconf 85' lang='grc' dir='ltr'>τοῦτο</span> <span class='ocrx_word' id='word_1_527' title='bbox 3322 1801 3450 1870; x_wconf 82' lang='grc' dir='ltr'>ὑμῖν</span> <span class='ocrx_word' id='word_1_528' title='bbox 3499 1801 3629 1871; x_wconf 69' lang='grc' dir='ltr'><strong>βούῦ</strong></span> 
     </span>
    </p>
   </div>
   <div class='ocr_carea' id='block_1_75' title="bbox 2059 1883 3631 1961">
    <p class='ocr_par' dir='ltr' id='par_1_75' title="bbox 2059 1883 3631 1961">
     <span class='ocr_line' id='line_1_75' title="bbox 2059 1883 3631 1961; baseline 0.006 -26"><span class='ocrx_word' id='word_1_529' title='bbox 2059 1884 2207 1935; x_wconf 82' lang='grc' dir='ltr'>λεται</span> <span class='ocrx_word' id='word_1_530' title='bbox 2264 1883 2326 1934; x_wconf 83' lang='grc' dir='ltr'><strong>τὸ</strong></span> <span class='ocrx_word' id='word_1_531' title='bbox 2377 1884 2434 1948; x_wconf 76' lang='grc' dir='ltr'>ἐξ</span> <span class='ocrx_word' id='word_1_532' title='bbox 2492 1884 2725 1953; x_wconf 72' lang='grc' dir='ltr'>ἀπορίας</span> <span class='ocrx_word' id='word_1_533' title='bbox 2764 1884 3097 1959; x_wconf 78' lang='grc' dir='ltr'>πρόϐλημα;</span> <span class='ocrx_word' id='word_1_534' title='bbox 3150 1889 3468 1944; x_wconf 81' lang='grc' dir='ltr'>Τούναντίον</span> <span class='ocrx_word' id='word_1_535' title='bbox 3514 1893 3631 1961; x_wconf 80' lang='grc' dir='ltr'><strong>γὰρ</strong></span> 
     </span>
    </p>
   </div>
   <div class='ocr_carea' id='block_1_76' title="bbox 2058 1973 3630 2051">
    <p class='ocr_par' dir='ltr' id='par_1_76' title="bbox 2058 1973 3630 2051">
     <span class='ocr_line' id='line_1_76' title="bbox 2058 1973 3630 2051; baseline 0.007 -26"><span class='ocrx_word' id='word_1_536' title='bbox 2058 1977 2219 2046; x_wconf 75' lang='grc' dir='ltr'>ήμεῑς</span> <span class='ocrx_word' id='word_1_537' title='bbox 2265 1975 2512 2043; x_wconf 72' lang='grc' dir='ltr'>εἴποιμεν</span> <span class='ocrx_word' id='word_1_538' title='bbox 2541 1973 2627 2038; x_wconf 85' lang='grc' dir='ltr'><strong>ἂν,</strong></span> <span class='ocrx_word' id='word_1_539' title='bbox 2664 1976 2789 2027; x_wconf 78' lang='grc' dir='ltr'>ἐπεὶ</span> <span class='ocrx_word' id='word_1_540' title='bbox 2826 1977 3005 2030; x_wconf 80' lang='grc' dir='ltr'>πάντα</span> <span class='ocrx_word' id='word_1_541' title='bbox 3037 1979 3109 2031; x_wconf 88' lang='grc' dir='ltr'><strong>τά</strong></span> <span class='ocrx_word' id='word_1_542' title='bbox 3137 1980 3497 2051; x_wconf 77' lang='grc' dir='ltr'>συντιθέμενα</span> <span class='ocrx_word' id='word_1_543' title='bbox 3520 1983 3630 2036; x_wconf 70' lang='grc' dir='ltr'><strong>ὑπό</strong></span> 
     </span>
    </p>
   </div>
   <div class='ocr_carea' id='block_1_77' title="bbox 2057 2065 3630 2141">
    <p class='ocr_par' dir='ltr' id='par_1_77' title="bbox 2057 2065 3630 2141">
     <span class='ocr_line' id='line_1_77' title="bbox 2057 2065 3630 2141; baseline 0.006 -23"><span class='ocrx_word' id='word_1_544' title='bbox 2057 2082 2201 2128; x_wconf 89' lang='grc' dir='ltr'>τινος</span> <span class='ocrx_word' id='word_1_545' title='bbox 2234 2065 2478 2134; x_wconf 79' lang='grc' dir='ltr'>μείζονος</span> <span class='ocrx_word' id='word_1_546' title='bbox 2503 2065 2844 2136; x_wconf 63' lang='grc' dir='ltr'>διατηρεὴαι</span> <span class='ocrx_word' id='word_1_547' title='bbox 2869 2067 2901 2136; x_wconf 77' lang='grc' dir='ltr'>ἢ</span> <span class='ocrx_word' id='word_1_548' title='bbox 2927 2068 3070 2122; x_wconf 83' lang='grc' dir='ltr'><strong>κατά</strong></span> <span class='ocrx_word' id='word_1_549' title='bbox 3103 2070 3298 2141; x_wconf 77' lang='grc' dir='ltr'>καιρὸν</span> <span class='ocrx_word' id='word_1_550' title='bbox 3326 2071 3630 2127; x_wconf 74' lang='grc' dir='ltr'>διαλύεταιδ</span> 
     </span>
    </p>
   </div>
   <div class='ocr_carea' id='block_1_78' title="bbox 2059 2155 3631 2233">
    <p class='ocr_par' dir='ltr' id='par_1_78' title="bbox 2059 2155 3631 2233">
     <span class='ocr_line' id='line_1_78' title="bbox 2059 2155 3631 2233; baseline 0.005 -26"><span class='ocrx_word' id='word_1_551' title='bbox 2059 2156 2216 2209; x_wconf 76' lang='grc' dir='ltr'>τοῦτο</span> <span class='ocrx_word' id='word_1_552' title='bbox 2249 2156 2379 2208; x_wconf 78' lang='grc' dir='ltr'>αὐτὸ</span> <span class='ocrx_word' id='word_1_553' title='bbox 2411 2155 2645 2225; x_wconf 81' lang='grc' dir='ltr'>μάλιστα</span> <span class='ocrx_word' id='word_1_554' title='bbox 2681 2155 2942 2228; x_wconf 74' lang='grc' dir='ltr'><strong>ζητητέον</strong></span> <span class='ocrx_word' id='word_1_555' title='bbox 2974 2161 3088 2224; x_wconf 81' lang='grc' dir='ltr'>τοῖς</span> <span class='ocrx_word' id='word_1_556' title='bbox 3113 2156 3370 2229; x_wconf 76' lang='grc' dir='ltr'><strong>ἀσφαλῶς</strong></span> <span class='ocrx_word' id='word_1_557' title='bbox 3399 2163 3631 2233; x_wconf 78' lang='grc' dir='ltr'>ὲρευνᾷν</span> 
     </span>
    </p>
   </div>
   <div class='ocr_carea' id='block_1_79' title="bbox 2062 2247 3629 2323">
    <p class='ocr_par' dir='ltr' id='par_1_79' title="bbox 2062 2247 3629 2323">
     <span class='ocr_line' id='line_1_79' title="bbox 2062 2247 3629 2323; baseline 0.005 -23"><span class='ocrx_word' id='word_1_558' title='bbox 2062 2247 2403 2318; x_wconf 81' lang='grc' dir='ltr'>βουλομένοις</span> <span class='ocrx_word' id='word_1_559' title='bbox 2423 2248 2481 2300; x_wconf 79' lang='grc' dir='ltr'>τί</span> <span class='ocrx_word' id='word_1_560' title='bbox 2502 2247 2563 2300; x_wconf 81' lang='grc' dir='ltr'><strong>τὸ</strong></span> <span class='ocrx_word' id='word_1_561' title='bbox 2594 2248 2811 2302; x_wconf 85' lang='grc' dir='ltr'>πάντων</span> <span class='ocrx_word' id='word_1_562' title='bbox 2830 2249 3215 2323; x_wconf 81' lang='grc' dir='ltr'>διατηρητικὸν</span> <span class='ocrx_word' id='word_1_563' title='bbox 3241 2252 3350 2306; x_wconf 85' lang='grc' dir='ltr'>τῶν</span> <span class='ocrx_word' id='word_1_564' title='bbox 3384 2254 3629 2308; x_wconf 85' lang='grc' dir='ltr'>συντιθε-</span> 
     </span>
    </p>
   </div>
   <div class='ocr_carea' id='block_1_80' title="bbox 2062 2338 3629 2414">
    <p class='ocr_par' dir='ltr' id='par_1_80' title="bbox 2062 2338 3629 2414">
     <span class='ocr_line' id='line_1_80' title="bbox 2062 2338 3629 2414; baseline 0.004 -23"><span class='ocrx_word' id='word_1_565' title='bbox 2062 2339 2239 2409; x_wconf 88' lang='grc' dir='ltr'>μένων</span> <span class='ocrx_word' id='word_1_566' title='bbox 2260 2338 2425 2392; x_wconf 78' lang='grc' dir='ltr'>ἐστίν.</span> <span class='ocrx_word' id='word_1_567' title='bbox 2455 2338 2517 2391; x_wconf 82' lang='grc' dir='ltr'><strong>Εἰ</strong></span> <span class='ocrx_word' id='word_1_568' title='bbox 2548 2338 2607 2391; x_wconf 82' lang='grc' dir='ltr'>δὲ</span> <span class='ocrx_word' id='word_1_569' title='bbox 2628 2342 2704 2411; x_wconf 83' lang='grc' dir='ltr'><strong>πῆ</strong></span> <span class='ocrx_word' id='word_1_570' title='bbox 2728 2340 2826 2409; x_wconf 81' lang='grc' dir='ltr'>μὲν</span> <span class='ocrx_word' id='word_1_571' title='bbox 2843 2341 3084 2410; x_wconf 85' lang='grc' dir='ltr'>ἀμέσως,</span> <span class='ocrx_word' id='word_1_572' title='bbox 3115 2342 3189 2411; x_wconf 82' lang='grc' dir='ltr'><strong>πῆ</strong></span> <span class='ocrx_word' id='word_1_573' title='bbox 3220 2342 3278 2394; x_wconf 80' lang='grc' dir='ltr'>δὲ</span> <span class='ocrx_word' id='word_1_574' title='bbox 3303 2342 3393 2396; x_wconf 81' lang='grc' dir='ltr'>διὰ</span> <span class='ocrx_word' id='word_1_575' title='bbox 3422 2342 3629 2414; x_wconf 69' lang='grc' dir='ltr'>μέσωνι</span> 
     </span>
    </p>
   </div>
   <div class='ocr_carea' id='block_1_81' title="bbox 2059 2429 3627 2506">
    <p class='ocr_par' dir='ltr' id='par_1_81' title="bbox 2059 2429 3627 2506">
     <span class='ocr_line' id='line_1_81' title="bbox 2059 2429 3627 2506; baseline 0.004 -23"><span class='ocrx_word' id='word_1_576' title='bbox 2059 2430 2136 2493; x_wconf 86' lang='grc' dir='ltr'>ὥς</span> <span class='ocrx_word' id='word_1_577' title='bbox 2181 2431 2493 2499; x_wconf 80' lang='grc' dir='ltr'>τινέςφασι,</span> <span class='ocrx_word' id='word_1_578' title='bbox 2523 2431 2739 2498; x_wconf 84' lang='grc' dir='ltr'>φύσεως</span> <span class='ocrx_word' id='word_1_579' title='bbox 2784 2433 2945 2503; x_wconf 79' lang='grc' dir='ltr'>τυχὸν</span> <span class='ocrx_word' id='word_1_580' title='bbox 2994 2433 3029 2505; x_wconf 75' lang='grc' dir='ltr'>ἢ</span> <span class='ocrx_word' id='word_1_581' title='bbox 3086 2433 3278 2505; x_wconf 71' lang='grc' dir='ltr'>ἑτέρας</span> <span class='ocrx_word' id='word_1_582' title='bbox 3320 2429 3627 2506; x_wconf 75' lang='grc' dir='ltr'>δυνάμεως,</span> 
     </span>
    </p>
   </div>
   <div class='ocr_carea' id='block_1_82' title="bbox 2062 2520 3628 2599">
    <p class='ocr_par' dir='ltr' id='par_1_82' title="bbox 2062 2520 3628 2599">
     <span class='ocr_line' id='line_1_82' title="bbox 2062 2520 3628 2599; baseline 0.004 -27"><span class='ocrx_word' id='word_1_583' title='bbox 2062 2522 2278 2573; x_wconf 76' lang='grc' dir='ltr'>πάντων</span> <span class='ocrx_word' id='word_1_584' title='bbox 2310 2522 2457 2589; x_wconf 83' lang='grc' dir='ltr'>ὅμως</span> <span class='ocrx_word' id='word_1_585' title='bbox 2505 2522 2534 2573; x_wconf 84' lang='grc' dir='ltr'>ὁ</span> <span class='ocrx_word' id='word_1_586' title='bbox 2578 2520 2720 2585; x_wconf 79' lang='grc' dir='ltr'>θεῖος</span> <span class='ocrx_word' id='word_1_587' title='bbox 2755 2524 2914 2592; x_wconf 83' lang='grc' dir='ltr'>μόνος</span> <span class='ocrx_word' id='word_1_588' title='bbox 2955 2525 3129 2592; x_wconf 83' lang='grc' dir='ltr'><strong>Λόγος</strong></span> <span class='ocrx_word' id='word_1_589' title='bbox 3153 2526 3537 2599; x_wconf 51' lang='lat' dir='ltr'><strong>Summano;</strong></span> <span class='ocrx_word' id='word_1_590' title='bbox 3561 2543 3628 2579; x_wconf 77' lang='grc' dir='ltr'><strong>τε</strong></span> 
     </span>
    </p>
   </div>
   <div class='ocr_carea' id='block_1_83' title="bbox 2061 2611 3629 2686">
    <p class='ocr_par' dir='ltr' id='par_1_83' title="bbox 2061 2611 3629 2686">
     <span class='ocr_line' id='line_1_83' title="bbox 2061 2611 3629 2686; baseline 0.003 -22"><span class='ocrx_word' id='word_1_591' title='bbox 2061 2611 2154 2665; x_wconf 72' lang='grc' dir='ltr'>καὶ</span> <span class='ocrx_word' id='word_1_592' title='bbox 2183 2611 2504 2682; x_wconf 81' lang='grc' dir='ltr'>διοριστικός</span> <span class='ocrx_word' id='word_1_593' title='bbox 2545 2613 2712 2679; x_wconf 78' lang='grc' dir='ltr'>ἐστιν,</span> <span class='ocrx_word' id='word_1_594' title='bbox 2749 2616 2870 2667; x_wconf 73' lang='grc' dir='ltr'>ἐπεὶ</span> <span class='ocrx_word' id='word_1_595' title='bbox 2903 2616 2997 2668; x_wconf 77' lang='grc' dir='ltr'>καὶ</span> <span class='ocrx_word' id='word_1_596' title='bbox 3020 2618 3386 2686; x_wconf 77' lang='grc' dir='ltr'>προακτικόςο</span> <span class='ocrx_word' id='word_1_597' title='bbox 3416 2617 3492 2680; x_wconf 84' lang='grc' dir='ltr'>ὡς</span> <span class='ocrx_word' id='word_1_598' title='bbox 3528 2620 3629 2670; x_wconf 78' lang='grc' dir='ltr'>καὶ</span> 
     </span>
    </p>
   </div>
   <div class='ocr_carea' id='block_1_84' title="bbox 2060 2701 3630 2776">
    <p class='ocr_par' dir='ltr' id='par_1_84' title="bbox 2060 2701 3630 2776">
     <span class='ocr_line' id='line_1_84' title="bbox 2060 2701 3630 2776; baseline 0.002 -22"><span class='ocrx_word' id='word_1_599' title='bbox 2060 2701 2129 2754; x_wconf 87' lang='grc' dir='ltr'>τὰ</span> <span class='ocrx_word' id='word_1_600' title='bbox 2154 2702 2296 2772; x_wconf 84' lang='grc' dir='ltr'>μέσα</span> <span class='ocrx_word' id='word_1_601' title='bbox 2322 2702 2414 2754; x_wconf 76' lang='grc' dir='ltr'><strong>καὶ</strong></span> <span class='ocrx_word' id='word_1_602' title='bbox 2437 2704 2506 2754; x_wconf 77' lang='grc' dir='ltr'>τὰ</span> <span class='ocrx_word' id='word_1_603' title='bbox 2529 2701 2616 2754; x_wconf 85' lang='grc' dir='ltr'>διὰ</span> <span class='ocrx_word' id='word_1_604' title='bbox 2658 2703 2767 2754; x_wconf 84' lang='grc' dir='ltr'><strong>τῶν</strong></span> <span class='ocrx_word' id='word_1_605' title='bbox 2797 2702 2978 2772; x_wconf 80' lang='grc' dir='ltr'>μέσων</span> <span class='ocrx_word' id='word_1_606' title='bbox 2998 2705 3412 2775; x_wconf 80' lang='grc' dir='ltr'>συσφιγγόμενα</span> <span class='ocrx_word' id='word_1_607' title='bbox 3442 2705 3477 2776; x_wconf 73' lang='grc' dir='ltr'>ἢ</span> <span class='ocrx_word' id='word_1_608' title='bbox 3506 2706 3630 2759; x_wconf 58' lang='grc' dir='ltr'>διαδ</span> 
     </span>
    </p>
   </div>
   <div class='ocr_carea' id='block_1_85' title="bbox 2061 2791 3626 2868">
    <p class='ocr_par' dir='ltr' id='par_1_85' title="bbox 2061 2791 3626 2868">
     <span class='ocr_line' id='line_1_85' title="bbox 2061 2791 3626 2868; baseline 0.004 -23"><span class='ocrx_word' id='word_1_609' title='bbox 2061 2792 2356 2863; x_wconf 86' lang='grc' dir='ltr'>κρινόμενα</span> <span class='ocrx_word' id='word_1_610' title='bbox 2388 2794 2453 2863; x_wconf 77' lang='grc' dir='ltr'>τῇ</span> <span class='ocrx_word' id='word_1_611' title='bbox 2480 2791 2645 2845; x_wconf 79' lang='grc' dir='ltr'>αὐτοῦ</span> <span class='ocrx_word' id='word_1_612' title='bbox 2675 2793 2899 2864; x_wconf 81' lang='grc' dir='ltr'>διαταγῇ</span> <span class='ocrx_word' id='word_1_613' title='bbox 2924 2811 2981 2846; x_wconf 86' lang='grc' dir='ltr'><strong>τε</strong></span> <span class='ocrx_word' id='word_1_614' title='bbox 3014 2796 3109 2848; x_wconf 75' lang='grc' dir='ltr'><strong>καὶ</strong></span> <span class='ocrx_word' id='word_1_615' title='bbox 3140 2800 3360 2868; x_wconf 80' lang='grc' dir='ltr'>συνοχῇ.</span> <span class='ocrx_word' id='word_1_616' title='bbox 3392 2800 3487 2852; x_wconf 80' lang='grc' dir='ltr'><strong>καὶ</strong></span> <span class='ocrx_word' id='word_1_617' title='bbox 3507 2799 3626 2852; x_wconf 86' lang='grc' dir='ltr'>δια-</span> 
     </span>
    </p>
   </div>
   <div class='ocr_carea' id='block_1_86' title="bbox 2059 2882 3626 2956">
    <p class='ocr_par' dir='ltr' id='par_1_86' title="bbox 2059 2882 3626 2956">
     <span class='ocr_line' id='line_1_86' title="bbox 2059 2882 3626 2956; baseline 0.002 -18"><span class='ocrx_word' id='word_1_618' title='bbox 2059 2885 2346 2955; x_wconf 76' lang='grc' dir='ltr'>τηρεῖσθαί</span> <span class='ocrx_word' id='word_1_619' title='bbox 2381 2901 2439 2937; x_wconf 88' lang='grc' dir='ltr'><strong>τε</strong></span> <span class='ocrx_word' id='word_1_620' title='bbox 2477 2885 2573 2937; x_wconf 67' lang='grc' dir='ltr'>καὶ</span> <span class='ocrx_word' id='word_1_621' title='bbox 2616 2882 2967 2936; x_wconf 77' lang='grc' dir='ltr'>συντίθεσθαι.</span> <span class='ocrx_word' id='word_1_622' title='bbox 3003 2884 3130 2947; x_wconf 85' lang='grc' dir='ltr'><strong>Πῶς</strong></span> <span class='ocrx_word' id='word_1_623' title='bbox 3155 2886 3257 2938; x_wconf 84' lang='grc' dir='ltr'><strong>οὐκ</strong></span> <span class='ocrx_word' id='word_1_624' title='bbox 3284 2887 3494 2956; x_wconf 72' lang='grc' dir='ltr'>ἠλίθιον</span> <span class='ocrx_word' id='word_1_625' title='bbox 3520 2890 3626 2941; x_wconf 69' lang='lat' dir='ltr'><strong>a6-</strong></span> 
     </span>
    </p>
   </div>
   <div class='ocr_carea' id='block_1_87' title="bbox 2060 2970 3624 3044">
    <p class='ocr_par' dir='ltr' id='par_1_87' title="bbox 2060 2970 3624 3044">
     <span class='ocr_line' id='line_1_87' title="bbox 2060 2970 3624 3044; baseline 0.003 -17"><span class='ocrx_word' id='word_1_626' title='bbox 2060 2976 2155 3028; x_wconf 83' lang='grc' dir='ltr'>τοῦ</span> <span class='ocrx_word' id='word_1_627' title='bbox 2184 2975 2472 3043; x_wconf 86' lang='grc' dir='ltr'>παρόντος,</span> <span class='ocrx_word' id='word_1_628' title='bbox 2503 2974 2681 3044; x_wconf 78' lang='grc' dir='ltr'>ἓτερον</span> <span class='ocrx_word' id='word_1_629' title='bbox 2719 2970 2897 3040; x_wconf 79' lang='grc' dir='ltr'>ζητεῖν</span> <span class='ocrx_word' id='word_1_630' title='bbox 2938 2972 3170 3043; x_wconf 83' lang='grc' dir='ltr'>συνοχέα</span> <span class='ocrx_word' id='word_1_631' title='bbox 3201 2973 3297 3029; x_wconf 73' lang='grc' dir='ltr'><strong>ἐπὶ</strong></span> <span class='ocrx_word' id='word_1_632' title='bbox 3320 2976 3423 3044; x_wconf 87' lang='grc' dir='ltr'>τῆς</span> <span class='ocrx_word' id='word_1_633' title='bbox 3445 2977 3624 3033; x_wconf 70' lang='grc' dir='ltr'>αὐτοῦ</span> 
     </span>
    </p>
   </div>
   <div class='ocr_carea' id='block_1_88' title="bbox 2065 3058 3617 3137">
    <p class='ocr_par' dir='ltr' id='par_1_88' title="bbox 2065 3058 3617 3137">
     <span class='ocr_line' id='line_1_88' title="bbox 2065 3058 3617 3137; baseline 0.001 -18"><span class='ocrx_word' id='word_1_634' title='bbox 2065 3067 2403 3130; x_wconf 86' lang='grc' dir='ltr'>συνθέσεως;</span> <span class='ocrx_word' id='word_1_635' title='bbox 2442 3067 2591 3136; x_wconf 84' lang='grc' dir='ltr'><strong>Μήτι</strong></span> <span class='ocrx_word' id='word_1_636' title='bbox 2641 3064 2697 3116; x_wconf 71' lang='grc' dir='ltr'>δὲ</span> <span class='ocrx_word' id='word_1_637' title='bbox 2731 3058 2841 3133; x_wconf 84' lang='grc' dir='ltr'><strong>ἆρα</strong></span> <span class='ocrx_word' id='word_1_638' title='bbox 2882 3061 3043 3116; x_wconf 76' lang='grc' dir='ltr'>τοῦτό</span> <span class='ocrx_word' id='word_1_639' title='bbox 3080 3076 3241 3132; x_wconf 74' lang='grc' dir='ltr'>φατε,</span> <span class='ocrx_word' id='word_1_640' title='bbox 3284 3064 3369 3119; x_wconf 81' lang='grc' dir='ltr'>ὅτι</span> <span class='ocrx_word' id='word_1_641' title='bbox 3399 3066 3468 3118; x_wconf 83' lang='grc' dir='ltr'>τὰ</span> <span class='ocrx_word' id='word_1_642' title='bbox 3509 3068 3617 3137; x_wconf 67' lang='grc' dir='ltr'>μὲν</span> 
     </span>
    </p>
   </div>
   <div class='ocr_carea' id='block_1_89' title="bbox 2065 3150 3617 3229">
    <p class='ocr_par' dir='ltr' id='par_1_89' title="bbox 2065 3150 3617 3229">
     <span class='ocr_line' id='line_1_89' title="bbox 2065 3150 3617 3229; baseline -0.003 -17"><span class='ocrx_word' id='word_1_643' title='bbox 2065 3158 2398 3229; x_wconf 78' lang='grc' dir='ltr'>πορῤωτέρω</span> <span class='ocrx_word' id='word_1_644' title='bbox 2423 3173 2526 3208; x_wconf 87' lang='grc' dir='ltr'><strong>που</strong></span> <span class='ocrx_word' id='word_1_645' title='bbox 2568 3155 2666 3226; x_wconf 84' lang='grc' dir='ltr'>τῆς</span> <span class='ocrx_word' id='word_1_646' title='bbox 2694 3153 2857 3206; x_wconf 78' lang='grc' dir='ltr'>αὐτοῦ</span> <span class='ocrx_word' id='word_1_647' title='bbox 2884 3153 3092 3221; x_wconf 77' lang='grc' dir='ltr'>φύσεως</span> <span class='ocrx_word' id='word_1_648' title='bbox 3116 3155 3389 3224; x_wconf 72' lang='grc' dir='ltr'>διατηρεῖν</span> <span class='ocrx_word' id='word_1_649' title='bbox 3411 3150 3523 3219; x_wconf 73' lang='grc' dir='ltr'>οἷός</span> <span class='ocrx_word' id='word_1_650' title='bbox 3550 3173 3617 3208; x_wconf 85' lang='grc' dir='ltr'><strong>τε</strong></span> 
     </span>
    </p>
   </div>
   <div class='ocr_carea' id='block_1_90' title="bbox 2064 3242 3637 3313">
    <p class='ocr_par' dir='ltr' id='par_1_90' title="bbox 2064 3242 3637 3313">
     <span class='ocr_line' id='line_1_90' title="bbox 2064 3242 3637 3313; baseline -0.001 -14"><span class='ocrx_word' id='word_1_651' title='bbox 2064 3246 2130 3299; x_wconf 85' lang='grc' dir='ltr'>ἂν</span> <span class='ocrx_word' id='word_1_652' title='bbox 2159 3246 2281 3313; x_wconf 80' lang='grc' dir='ltr'>εἴη,</span> <span class='ocrx_word' id='word_1_653' title='bbox 2316 3245 2474 3299; x_wconf 82' lang='grc' dir='ltr'>τὸδὲ</span> <span class='ocrx_word' id='word_1_654' title='bbox 2516 3245 2582 3313; x_wconf 78' lang='grc' dir='ltr'>τῇ</span> <span class='ocrx_word' id='word_1_655' title='bbox 2615 3244 2777 3310; x_wconf 73' lang='grc' dir='ltr'>φύσει</span> <span class='ocrx_word' id='word_1_656' title='bbox 2824 3242 2970 3304; x_wconf 76' lang='grc' dir='ltr'>ἰδίως</span> <span class='ocrx_word' id='word_1_657' title='bbox 3018 3245 3084 3312; x_wconf 74' lang='grc' dir='ltr'>τῇ</span> <span class='ocrx_word' id='word_1_658' title='bbox 3129 3243 3293 3296; x_wconf 69' lang='grc' dir='ltr'>αὐτοῦ</span> <span class='ocrx_word' id='word_1_659' title='bbox 3337 3242 3637 3313; x_wconf 64' lang='grc' dir='ltr'>ἑνούμενον</span> 
     </span>
    </p>
   </div>
   <div class='ocr_carea' id='block_1_91' title="bbox 2065 3332 3643 3405">
    <p class='ocr_par' dir='ltr' id='par_1_91' title="bbox 2065 3332 3643 3405">
     <span class='ocr_line' id='line_1_91' title="bbox 2065 3332 3643 3405; baseline -0.001 -17"><span class='ocrx_word' id='word_1_660' title='bbox 2065 3336 2311 3405; x_wconf 88' lang='grc' dir='ltr'>συνέχειν</span> <span class='ocrx_word' id='word_1_661' title='bbox 2347 3334 2408 3387; x_wconf 81' lang='grc' dir='ltr'><strong>οὐ</strong></span> <span class='ocrx_word' id='word_1_662' title='bbox 2438 3333 2694 3398; x_wconf 86' lang='grc' dir='ltr'>δύναται;</span> <span class='ocrx_word' id='word_1_663' title='bbox 2726 3332 2836 3386; x_wconf 80' lang='grc' dir='ltr'><strong>Καὶ</strong></span> <span class='ocrx_word' id='word_1_664' title='bbox 2862 3332 2916 3385; x_wconf 83' lang='grc' dir='ltr'>τί</span> <span class='ocrx_word' id='word_1_665' title='bbox 2940 3332 3127 3386; x_wconf 84' lang='grc' dir='ltr'>τούτου</span> <span class='ocrx_word' id='word_1_666' title='bbox 3168 3332 3234 3386; x_wconf 78' lang='grc' dir='ltr'><strong>ἂν</strong></span> <span class='ocrx_word' id='word_1_667' title='bbox 3276 3333 3359 3403; x_wconf 71' lang='grc' dir='ltr'>εἴη</span> <span class='ocrx_word' id='word_1_668' title='bbox 3389 3333 3643 3404; x_wconf 60' lang='grc' dir='ltr'>ληρωδές</span> 
     </span>
    </p>
   </div>
   <div class='ocr_carea' id='block_1_92' title="bbox 2064 3423 3640 3496">
    <p class='ocr_par' dir='ltr' id='par_1_92' title="bbox 2064 3423 3640 3496">
     <span class='ocr_line' id='line_1_92' title="bbox 2064 3423 3640 3496; baseline 0 -18"><span class='ocrx_word' id='word_1_669' title='bbox 2064 3442 2290 3496; x_wconf 87' lang='grc' dir='ltr'>στερον;</span> <span class='ocrx_word' id='word_1_670' title='bbox 2318 3426 2383 3478; x_wconf 79' lang='grc' dir='ltr'><strong>Εἰ</strong></span> <span class='ocrx_word' id='word_1_671' title='bbox 2410 3425 2467 3479; x_wconf 81' lang='grc' dir='ltr'><strong>δὲ</strong></span> <span class='ocrx_word' id='word_1_672' title='bbox 2494 3424 2631 3479; x_wconf 86' lang='grc' dir='ltr'>διότι</span> <span class='ocrx_word' id='word_1_673' title='bbox 2660 3423 2737 3494; x_wconf 81' lang='grc' dir='ltr'><strong>μὴ</strong></span> <span class='ocrx_word' id='word_1_674' title='bbox 2766 3423 2858 3477; x_wconf 76' lang='grc' dir='ltr'><strong>ὑπ’</strong></span> <span class='ocrx_word' id='word_1_675' title='bbox 2882 3423 3046 3477; x_wconf 69' lang='lat' dir='ltr'><strong>mw</strong></span> <span class='ocrx_word' id='word_1_676' title='bbox 3082 3424 3420 3496; x_wconf 82' lang='grc' dir='ltr'>διατηρεῖται</span> <span class='ocrx_word' id='word_1_677' title='bbox 3452 3425 3640 3496; x_wconf 80' lang='grc' dir='ltr'>κρειτ-</span> 
     </span>
    </p>
   </div>
   <div class='ocr_carea' id='block_1_93' title="bbox 2062 3514 3639 3585">
    <p class='ocr_par' dir='ltr' id='par_1_93' title="bbox 2062 3514 3639 3585">
     <span class='ocr_line' id='line_1_93' title="bbox 2062 3514 3639 3585; baseline -0.001 -15"><span class='ocrx_word' id='word_1_678' title='bbox 2062 3514 2350 3579; x_wconf 72' lang='grc' dir='ltr'>τονος,,διά</span> <span class='ocrx_word' id='word_1_679' title='bbox 2377 3514 2535 3569; x_wconf 83' lang='grc' dir='ltr'>τοῦτο</span> <span class='ocrx_word' id='word_1_680' title='bbox 2599 3515 2736 3585; x_wconf 86' lang='grc' dir='ltr'>μηδὲ</span> <span class='ocrx_word' id='word_1_681' title='bbox 2783 3515 2876 3582; x_wconf 80' lang='grc' dir='ltr'><strong>ὑφ’</strong></span> <span class='ocrx_word' id='word_1_682' title='bbox 2922 3516 3141 3581; x_wconf 81' lang='grc' dir='ltr'>ἑαυτοῦ,</span> <span class='ocrx_word' id='word_1_683' title='bbox 3184 3514 3324 3585; x_wconf 81' lang='grc' dir='ltr'>μηδὲ</span> <span class='ocrx_word' id='word_1_684' title='bbox 3355 3514 3492 3579; x_wconf 85' lang='grc' dir='ltr'>ὅλως</span> <span class='ocrx_word' id='word_1_685' title='bbox 3517 3516 3639 3568; x_wconf 86' lang='grc' dir='ltr'>δια-</span> 
     </span>
    </p>
   </div>
   <div class='ocr_carea' id='block_1_94' title="bbox 2061 3603 3633 3676">
    <p class='ocr_par' dir='ltr' id='par_1_94' title="bbox 2061 3603 3633 3676">
     <span class='ocr_line' id='line_1_94' title="bbox 2061 3603 3633 3676; baseline -0.002 -16"><span class='ocrx_word' id='word_1_686' title='bbox 2061 3604 2345 3675; x_wconf 84' lang='grc' dir='ltr'>τηρεϊσθαι</span> <span class='ocrx_word' id='word_1_687' title='bbox 2390 3603 2489 3675; x_wconf 80' lang='grc' dir='ltr'><strong>τὴν</strong></span> <span class='ocrx_word' id='word_1_688' title='bbox 2534 3604 2704 3659; x_wconf 80' lang='grc' dir='ltr'>αὐτοῦ</span> <span class='ocrx_word' id='word_1_689' title='bbox 2739 3603 2990 3659; x_wconf 84' lang='grc' dir='ltr'>σύνθεσιν</span> <span class='ocrx_word' id='word_1_690' title='bbox 3026 3606 3325 3669; x_wconf 83' lang='grc' dir='ltr'>ἀδιαλύτως</span> <span class='ocrx_word' id='word_1_691' title='bbox 3359 3605 3633 3676; x_wconf 65' lang='grc' dir='ltr'>νομίζετε,</span> 
     </span>
    </p>
   </div>
   <div class='ocr_carea' id='block_1_95' title="bbox 2061 3692 3631 3767">
    <p class='ocr_par' dir='ltr' id='par_1_95' title="bbox 2061 3692 3631 3767">
     <span class='ocr_line' id='line_1_95' title="bbox 2061 3692 3631 3767; baseline 0 -19"><span class='ocrx_word' id='word_1_692' title='bbox 2061 3694 2263 3765; x_wconf 73' lang='grc' dir='ltr'>ὁμοίως</span> <span class='ocrx_word' id='word_1_693' title='bbox 2291 3692 2359 3747; x_wconf 82' lang='grc' dir='ltr'><strong>ἀν</strong></span> <span class='ocrx_word' id='word_1_694' title='bbox 2388 3693 2525 3747; x_wconf 87' lang='grc' dir='ltr'>διότι</span> <span class='ocrx_word' id='word_1_695' title='bbox 2556 3694 2695 3764; x_wconf 75' lang='grc' dir='ltr'>μηδὲ</span> <span class='ocrx_word' id='word_1_696' title='bbox 2743 3694 2838 3747; x_wconf 76' lang='grc' dir='ltr'><strong>ὑπ’</strong></span> <span class='ocrx_word' id='word_1_697' title='bbox 2862 3694 3024 3749; x_wconf 79' lang='grc' dir='ltr'>ἀλλον</span> <span class='ocrx_word' id='word_1_698' title='bbox 3055 3695 3252 3765; x_wconf 88' lang='grc' dir='ltr'>γέγονε</span> <span class='ocrx_word' id='word_1_699' title='bbox 3282 3695 3594 3767; x_wconf 80' lang='grc' dir='ltr'>κρείττονος</span> <span class='ocrx_word' id='word_1_700' title='bbox 3613 3708 3631 3725; x_wconf 71' lang='grc' dir='ltr'><strong><em>ο</em></strong></span> 
     </span>
    </p>
   </div>
   <div class='ocr_carea' id='block_1_96' title="bbox 2063 3785 3634 3860">
    <p class='ocr_par' dir='ltr' id='par_1_96' title="bbox 2063 3785 3634 3860">
     <span class='ocr_line' id='line_1_96' title="bbox 2063 3785 3634 3860; baseline 0.001 -19"><span class='ocrx_word' id='word_1_701' title='bbox 2063 3790 2172 3841; x_wconf 81' lang='grc' dir='ltr'>πᾶν</span> <span class='ocrx_word' id='word_1_702' title='bbox 2211 3788 2320 3857; x_wconf 85' lang='grc' dir='ltr'><strong>γάρ</strong></span> <span class='ocrx_word' id='word_1_703' title='bbox 2347 3785 2406 3840; x_wconf 75' lang='grc' dir='ltr'>ὃν</span> <span class='ocrx_word' id='word_1_704' title='bbox 2436 3787 2539 3840; x_wconf 85' lang='grc' dir='ltr'><strong>ὑπό</strong></span> <span class='ocrx_word' id='word_1_705' title='bbox 2574 3803 2719 3850; x_wconf 83' lang='grc' dir='ltr'>τινος</span> <span class='ocrx_word' id='word_1_706' title='bbox 2763 3787 3075 3859; x_wconf 80' lang='grc' dir='ltr'>κρείττονος</span> <span class='ocrx_word' id='word_1_707' title='bbox 3115 3790 3441 3859; x_wconf 86' lang='grc' dir='ltr'>γεγένηται,</span> <span class='ocrx_word' id='word_1_708' title='bbox 3496 3789 3634 3860; x_wconf 69' lang='grc' dir='ltr'>μηδὲ</span> 
     </span>
    </p>
   </div>
   <div class='ocr_carea' id='block_1_97' title="bbox 2062 3861 3633 3953">
    <p class='ocr_par' dir='ltr' id='par_1_97' title="bbox 2062 3861 3633 3953">
     <span class='ocr_line' id='line_1_97' title="bbox 2062 3861 3633 3953; baseline -0.001 -20"><span class='ocrx_word' id='word_1_709' title='bbox 2062 3874 2201 3933; x_wconf 75' lang='grc' dir='ltr'>εἶναι</span> <span class='ocrx_word' id='word_1_710' title='bbox 2229 3861 2390 3932; x_wconf 74' lang='grc' dir='ltr'>αὐτὸν</span> <span class='ocrx_word' id='word_1_711' title='bbox 2410 3877 2793 3950; x_wconf 84' lang='grc' dir='ltr'>ὁμολογήσοιτε</span> <span class='ocrx_word' id='word_1_712' title='bbox 2824 3880 2930 3949; x_wconf 83' lang='grc' dir='ltr'>ἀν;</span> <span class='ocrx_word' id='word_1_713' title='bbox 2958 3879 3096 3935; x_wconf 83' lang='grc' dir='ltr'>Θεοῦ</span> <span class='ocrx_word' id='word_1_714' title='bbox 3129 3881 3240 3952; x_wconf 87' lang='grc' dir='ltr'>γάρ</span> <span class='ocrx_word' id='word_1_715' title='bbox 3264 3880 3416 3936; x_wconf 78' lang='grc' dir='ltr'>οὐδὲν</span> <span class='ocrx_word' id='word_1_716' title='bbox 3443 3882 3633 3953; x_wconf 75' lang='grc' dir='ltr'>κρεῖσ-</span> 
     </span>
    </p>
   </div>
   <div class='ocr_carea' id='block_1_98' title="bbox 2064 3967 3632 4041">
    <p class='ocr_par' dir='ltr' id='par_1_98' title="bbox 2064 3967 3632 4041">
     <span class='ocr_line' id='line_1_98' title="bbox 2064 3967 3632 4041; baseline -0.002 -18"><span class='ocrx_word' id='word_1_717' title='bbox 2064 3985 2175 4024; x_wconf 86' lang='grc' dir='ltr'>σον·</span> <span class='ocrx_word' id='word_1_718' title='bbox 2207 3969 2304 4023; x_wconf 77' lang='grc' dir='ltr'>καὶ</span> <span class='ocrx_word' id='word_1_719' title='bbox 2326 3969 2547 4040; x_wconf 83' lang='grc' dir='ltr'>ἀνάγκη</span> <span class='ocrx_word' id='word_1_720' title='bbox 2578 3968 2713 4041; x_wconf 78' lang='grc' dir='ltr'>μηδὲ</span> <span class='ocrx_word' id='word_1_721' title='bbox 2732 3967 2891 4029; x_wconf 74' lang='grc' dir='ltr'>,εἶναι</span> <span class='ocrx_word' id='word_1_722' title='bbox 2949 3971 3103 4038; x_wconf 82' lang='grc' dir='ltr'>Θεὸν,</span> <span class='ocrx_word' id='word_1_723' title='bbox 3132 3971 3258 4024; x_wconf 66' lang='grc' dir='ltr'>ἐπεὶ</span> <span class='ocrx_word' id='word_1_724' title='bbox 3309 3970 3443 4041; x_wconf 72' lang='grc' dir='ltr'>μηδὲ</span> <span class='ocrx_word' id='word_1_725' title='bbox 3470 3970 3632 4039; x_wconf 71' lang='grc' dir='ltr'>ἔσχεν</span> 
     </span>
    </p>
   </div>
   <div class='ocr_carea' id='block_1_99' title="bbox 2062 4050 3631 4133">
    <p class='ocr_par' dir='ltr' id='par_1_99' title="bbox 2062 4050 3631 4133">
     <span class='ocr_line' id='line_1_99' title="bbox 2062 4050 3631 4133; baseline -0.001 -17"><span class='ocrx_word' id='word_1_726' title='bbox 2062 4050 2333 4132; x_wconf 66' lang='grc' dir='ltr'><strong>¹ὅφόδτου</strong></span> <span class='ocrx_word' id='word_1_727' title='bbox 2371 4061 2677 4133; x_wconf 79' lang='grc' dir='ltr'>κρείττονος</span> <span class='ocrx_word' id='word_1_728' title='bbox 2720 4063 3033 4133; x_wconf 82' lang='grc' dir='ltr'>γεγένηται·</span> <span class='ocrx_word' id='word_1_729' title='bbox 3083 4060 3118 4130; x_wconf 79' lang='grc' dir='ltr'><strong>ἢ</strong></span> <span class='ocrx_word' id='word_1_730' title='bbox 3165 4063 3297 4117; x_wconf 70' lang='grc' dir='ltr'>ὄντα</span> <span class='ocrx_word' id='word_1_731' title='bbox 3341 4064 3481 4116; x_wconf 85' lang='grc' dir='ltr'><strong>κατά</strong></span> <span class='ocrx_word' id='word_1_732' title='bbox 3526 4061 3631 4133; x_wconf 80' lang='grc' dir='ltr'>τὴν</span> 
     </span>
    </p>
   </div>
   <div class='ocr_carea' id='block_1_100' title="bbox 2063 4148 3628 4226">
    <p class='ocr_par' dir='ltr' id='par_1_100' title="bbox 2063 4148 3628 4226">
     <span class='ocr_line' id='line_1_100' title="bbox 2063 4148 3628 4226; baseline -0.001 -19"><span class='ocrx_word' id='word_1_733' title='bbox 2063 4148 2338 4224; x_wconf 72' lang='grc' dir='ltr'>ὑμετέραν</span> <span class='ocrx_word' id='word_1_734' title='bbox 2369 4148 2590 4224; x_wconf 76' lang='grc' dir='ltr'>δοκήσει</span> <span class='ocrx_word' id='word_1_735' title='bbox 2617 4153 2835 4224; x_wconf 80' lang='grc' dir='ltr'>σοφίαν,</span> <span class='ocrx_word' id='word_1_736' title='bbox 2875 4154 2981 4225; x_wconf 65' lang='grc' dir='ltr'>ὑπό</span> <span class='ocrx_word' id='word_1_737' title='bbox 3011 4172 3157 4216; x_wconf 79' lang='grc' dir='ltr'>τινος</span> <span class='ocrx_word' id='word_1_738' title='bbox 3197 4155 3507 4226; x_wconf 78' lang='grc' dir='ltr'>κρείττονος</span> <span class='ocrx_word' id='word_1_739' title='bbox 3527 4169 3594 4222; x_wconf 88' lang='grc' dir='ltr'><strong>γε</strong></span> <span class='ocrx_word' id='word_1_740' title='bbox 3613 4182 3628 4193; x_wconf 91' lang='lat'><strong>-</strong></span> 
     </span>
    </p>
   </div>
   <div class='ocr_carea' id='block_1_101' title="bbox 2063 4243 3630 4315">
    <p class='ocr_par' dir='ltr' id='par_1_101' title="bbox 2063 4243 3630 4315">
     <span class='ocr_line' id='line_1_101' title="bbox 2063 4243 3630 4315; baseline 0.002 -20"><span class='ocrx_word' id='word_1_741' title='bbox 2063 4243 2324 4312; x_wconf 80' lang='grc' dir='ltr'>γενῆσθαι</span> <span class='ocrx_word' id='word_1_742' title='bbox 2345 4243 2579 4314; x_wconf 82' lang='grc' dir='ltr'>ἀνάγκη.</span> <span class='ocrx_word' id='word_1_743' title='bbox 2609 4244 2828 4298; x_wconf 74' lang='grc' dir='ltr'>Τούτων</span> <span class='ocrx_word' id='word_1_744' title='bbox 2856 4243 2912 4297; x_wconf 77' lang='grc' dir='ltr'>δὲ</span> <span class='ocrx_word' id='word_1_745' title='bbox 2937 4244 3034 4310; x_wconf 85' lang='grc' dir='ltr'>τὴν</span> <span class='ocrx_word' id='word_1_746' title='bbox 3058 4244 3321 4298; x_wconf 74' lang='grc' dir='ltr'>ἀσέϐειαν</span> <span class='ocrx_word' id='word_1_747' title='bbox 3348 4244 3470 4315; x_wconf 73' lang='grc' dir='ltr'>ὅση,</span> <span class='ocrx_word' id='word_1_748' title='bbox 3498 4244 3630 4313; x_wconf 80' lang='grc' dir='ltr'>ὑμῖν</span> 
     </span>
    </p>
   </div>
   <div class='ocr_carea' id='block_1_102' title="bbox 2063 4331 3629 4406">
    <p class='ocr_par' dir='ltr' id='par_1_102' title="bbox 2063 4331 3629 4406">
     <span class='ocr_line' id='line_1_102' title="bbox 2063 4331 3629 4406; baseline -0.001 -19"><span class='ocrx_word' id='word_1_749' title='bbox 2063 4334 2463 4403; x_wconf 74' lang='grc' dir='ltr'>καταλείψομεν</span> <span class='ocrx_word' id='word_1_750' title='bbox 2493 4335 2832 4404; x_wconf 84' lang='grc' dir='ltr'>ἀφυπνοῦσιν</span> <span class='ocrx_word' id='word_1_751' title='bbox 2859 4334 3327 4406; x_wconf 81' lang='grc' dir='ltr'>ὲκμετρήσασθαι.</span> <span class='ocrx_word' id='word_1_752' title='bbox 3371 4334 3511 4388; x_wconf 78' lang='grc' dir='ltr'>Ἀλλ’</span> <span class='ocrx_word' id='word_1_753' title='bbox 3531 4331 3629 4386; x_wconf 76' lang='grc' dir='ltr'><strong>οὖ-</strong></span> 
     </span>
    </p>
   </div>
   <div class='ocr_carea' id='block_1_103' title="bbox 2064 4420 3634 4495">
    <p class='ocr_par' dir='ltr' id='par_1_103' title="bbox 2064 4420 3634 4495">
     <span class='ocr_line' id='line_1_103' title="bbox 2064 4420 3634 4495; baseline -0.003 -17"><span class='ocrx_word' id='word_1_754' title='bbox 2064 4442 2173 4487; x_wconf 87' lang='grc' dir='ltr'><strong>τως</strong></span> <span class='ocrx_word' id='word_1_755' title='bbox 2213 4424 2312 4495; x_wconf 72' lang='grc' dir='ltr'>μὲν</span> <span class='ocrx_word' id='word_1_756' title='bbox 2340 4423 2486 4479; x_wconf 84' lang='grc' dir='ltr'>τάδε.</span> <span class='ocrx_word' id='word_1_757' title='bbox 2544 4425 2633 4478; x_wconf 86' lang='grc' dir='ltr'>Ἐν</span> <span class='ocrx_word' id='word_1_758' title='bbox 2681 4424 2739 4477; x_wconf 86' lang='grc' dir='ltr'>δὲ</span> <span class='ocrx_word' id='word_1_759' title='bbox 2787 4424 2863 4495; x_wconf 80' lang='grc' dir='ltr'>τῷ</span> <span class='ocrx_word' id='word_1_760' title='bbox 2903 4427 3353 4495; x_wconf 81' lang='grc' dir='ltr'>συμπεράσματι,</span> <span class='ocrx_word' id='word_1_761' title='bbox 3385 4420 3504 4487; x_wconf 81' lang='grc' dir='ltr'>πῶς</span> <span class='ocrx_word' id='word_1_762' title='bbox 3530 4420 3634 4490; x_wconf 78' lang='grc' dir='ltr'><strong>τὴν</strong></span> 
     </span>
    </p>
   </div>
   <div class='ocr_carea' id='block_1_104' title="bbox 2063 4512 3635 4584">
    <p class='ocr_par' dir='ltr' id='par_1_104' title="bbox 2063 4512 3635 4584">
     <span class='ocr_line' id='line_1_104' title="bbox 2063 4512 3635 4584; baseline -0.001 -18"><span class='ocrx_word' id='word_1_763' title='bbox 2063 4513 2336 4582; x_wconf 84' lang='grc' dir='ltr'>διάκρισιν</span> <span class='ocrx_word' id='word_1_764' title='bbox 2356 4512 2448 4566; x_wconf 82' lang='grc' dir='ltr'>τοῦ</span> <span class='ocrx_word' id='word_1_765' title='bbox 2464 4513 2640 4581; x_wconf 84' lang='grc' dir='ltr'>Λόγου</span> <span class='ocrx_word' id='word_1_766' title='bbox 2670 4513 2778 4567; x_wconf 86' lang='grc' dir='ltr'>ἀπὸ</span> <span class='ocrx_word' id='word_1_767' title='bbox 2803 4512 2898 4567; x_wconf 82' lang='grc' dir='ltr'>τοῦ</span> <span class='ocrx_word' id='word_1_768' title='bbox 2927 4515 3288 4584; x_wconf 80' lang='grc' dir='ltr'>συγκειμένου</span> <span class='ocrx_word' id='word_1_769' title='bbox 3317 4512 3467 4583; x_wconf 82' lang='grc' dir='ltr'>αὐτῷ</span> <span class='ocrx_word' id='word_1_770' title='bbox 3494 4526 3635 4580; x_wconf 86' lang='grc' dir='ltr'><strong>παρ-</strong></span> 
     </span>
    </p>
   </div>
   <div class='ocr_carea' id='block_1_105' title="bbox 2066 4598 3632 4675">
    <p class='ocr_par' dir='ltr' id='par_1_105' title="bbox 2066 4598 3632 4675">
     <span class='ocr_line' id='line_1_105' title="bbox 2066 4598 3632 4675; baseline -0.001 -20"><span class='ocrx_word' id='word_1_771' title='bbox 2066 4606 2416 4673; x_wconf 79' lang='grc' dir='ltr'>εχωρήσατε,</span> <span class='ocrx_word' id='word_1_772' title='bbox 2457 4601 2559 4672; x_wconf 80' lang='grc' dir='ltr'>τὴν</span> <span class='ocrx_word' id='word_1_773' title='bbox 2599 4604 2660 4656; x_wconf 74' lang='grc' dir='ltr'>δὲ</span> <span class='ocrx_word' id='word_1_774' title='bbox 2700 4603 2931 4674; x_wconf 79' lang='grc' dir='ltr'>συνοχὴν</span> <span class='ocrx_word' id='word_1_775' title='bbox 3000 4604 3107 4658; x_wconf 76' lang='grc' dir='ltr'><strong>ὑπὸ</strong></span> <span class='ocrx_word' id='word_1_776' title='bbox 3137 4603 3449 4675; x_wconf 74' lang='grc' dir='ltr'>κρείττονος</span> <span class='ocrx_word' id='word_1_777' title='bbox 3491 4598 3632 4655; x_wconf 74' lang='grc' dir='ltr'>εἶναι</span> 
     </span>
    </p>
   </div>
   <div class='ocr_carea' id='block_1_106' title="bbox 2069 4694 3634 4766">
    <p class='ocr_par' dir='ltr' id='par_1_106' title="bbox 2069 4694 3634 4766">
     <span class='ocr_line' id='line_1_106' title="bbox 2069 4694 3634 4766; baseline -0.001 -21"><span class='ocrx_word' id='word_1_778' title='bbox 2069 4695 2420 4762; x_wconf 85' lang='grc' dir='ltr'>συνεισάγετε</span> <span class='ocrx_word' id='word_1_779' title='bbox 2441 4734 2457 4759; x_wconf 94' lang='grc'><strong>,</strong></span> <span class='ocrx_word' id='word_1_780' title='bbox 2506 4696 2609 4749; x_wconf 80' lang='grc' dir='ltr'><strong>οὐκ</strong></span> <span class='ocrx_word' id='word_1_781' title='bbox 2644 4694 2826 4765; x_wconf 74' lang='grc' dir='ltr'>ἴσμεν.</span> <span class='ocrx_word' id='word_1_782' title='bbox 2871 4695 2961 4748; x_wconf 85' lang='grc' dir='ltr'>Ἐν</span> <span class='ocrx_word' id='word_1_783' title='bbox 2995 4694 3135 4765; x_wconf 77' lang='grc' dir='ltr'>ἀρχῇ</span> <span class='ocrx_word' id='word_1_784' title='bbox 3171 4696 3280 4766; x_wconf 82' lang='grc' dir='ltr'>γὰρ</span> <span class='ocrx_word' id='word_1_785' title='bbox 3327 4694 3431 4763; x_wconf 82' lang='grc' dir='ltr'>τῆς</span> <span class='ocrx_word' id='word_1_786' title='bbox 3454 4707 3634 4746; x_wconf 77' lang='grc' dir='ltr'>κατα-</span> 
     </span>
    </p>
   </div>
   <div class='ocr_carea' id='block_1_107' title="bbox 2067 4786 3635 4858">
    <p class='ocr_par' dir='ltr' id='par_1_107' title="bbox 2067 4786 3635 4858">
     <span class='ocr_line' id='line_1_107' title="bbox 2067 4786 3635 4858; baseline -0.002 -20"><span class='ocrx_word' id='word_1_787' title='bbox 2067 4786 2268 4856; x_wconf 83' lang='grc' dir='ltr'>σκευῆς</span> <span class='ocrx_word' id='word_1_788' title='bbox 2297 4786 2471 4856; x_wconf 81' lang='grc' dir='ltr'>ὑμῶν,</span> <span class='ocrx_word' id='word_1_789' title='bbox 2504 4787 2612 4841; x_wconf 81' lang='grc' dir='ltr'><strong>πᾶν</strong></span> <span class='ocrx_word' id='word_1_790' title='bbox 2641 4786 2702 4839; x_wconf 79' lang='grc' dir='ltr'>τὸ</span> <span class='ocrx_word' id='word_1_791' title='bbox 2727 4787 2805 4858; x_wconf 83' lang='grc' dir='ltr'>μὴ</span> <span class='ocrx_word' id='word_1_792' title='bbox 2842 4786 3025 4856; x_wconf 85' lang='grc' dir='ltr'>μένον,</span> <span class='ocrx_word' id='word_1_793' title='bbox 3048 4787 3082 4857; x_wconf 83' lang='grc' dir='ltr'>ἢ</span> <span class='ocrx_word' id='word_1_794' title='bbox 3121 4786 3280 4858; x_wconf 86' lang='grc' dir='ltr'>μένον</span> <span class='ocrx_word' id='word_1_795' title='bbox 3314 4787 3372 4837; x_wconf 76' lang='grc' dir='ltr'>ἐν</span> <span class='ocrx_word' id='word_1_796' title='bbox 3398 4786 3464 4855; x_wconf 77' lang='grc' dir='ltr'>τῇ</span> <span class='ocrx_word' id='word_1_797' title='bbox 3504 4798 3635 4835; x_wconf 76' lang='grc' dir='ltr'>συν-</span> 
     </span>
    </p>
   </div>
   <div class='ocr_carea' id='block_1_108' title="bbox 2064 4870 3636 4949">
    <p class='ocr_par' dir='ltr' id='par_1_108' title="bbox 2064 4870 3636 4949">
     <span class='ocr_line' id='line_1_108' title="bbox 2064 4870 3636 4949; baseline -0.003 -20"><span class='ocrx_word' id='word_1_798' title='bbox 2064 4876 2233 4942; x_wconf 81' lang='grc' dir='ltr'>θέσει,</span> <span class='ocrx_word' id='word_1_799' title='bbox 2258 4870 2382 4930; x_wconf 72' lang='grc' dir='ltr'>οὔτε</span> <span class='ocrx_word' id='word_1_800' title='bbox 2414 4877 2511 4946; x_wconf 85' lang='grc' dir='ltr'><strong>ἀφ’</strong></span> <span class='ocrx_word' id='word_1_801' title='bbox 2543 4877 2739 4931; x_wconf 79' lang='grc' dir='ltr'>ἑαυτοῦ</span> <span class='ocrx_word' id='word_1_802' title='bbox 2781 4879 2986 4949; x_wconf 84' lang='grc' dir='ltr'>μένειν,</span> <span class='ocrx_word' id='word_1_803' title='bbox 3016 4878 3142 4930; x_wconf 75' lang='grc' dir='ltr'>οὔτε</span> <span class='ocrx_word' id='word_1_804' title='bbox 3175 4877 3270 4946; x_wconf 83' lang='grc' dir='ltr'><strong>ἀφ’</strong></span> <span class='ocrx_word' id='word_1_805' title='bbox 3296 4873 3489 4930; x_wconf 77' lang='grc' dir='ltr'>ἑαυτοῦ</span> <span class='ocrx_word' id='word_1_806' title='bbox 3515 4874 3636 4927; x_wconf 78' lang='grc' dir='ltr'>δια.</span> 
     </span>
    </p>
   </div>
   <div class='ocr_carea' id='block_1_109' title="bbox 2064 4966 3180 5038">
    <p class='ocr_par' dir='ltr' id='par_1_109' title="bbox 2064 4966 3180 5038">
     <span class='ocr_line' id='line_1_109' title="bbox 2064 4966 3180 5038; baseline 0 -17"><span class='ocrx_word' id='word_1_807' title='bbox 2064 4967 2286 5023; x_wconf 86' lang='grc' dir='ltr'>λύεσθαι</span> <span class='ocrx_word' id='word_1_808' title='bbox 2317 4966 2535 5037; x_wconf 78' lang='grc' dir='ltr'>ἐλέγετε</span> <span class='ocrx_word' id='word_1_809' title='bbox 2564 4967 3131 5038; x_wconf 83' lang='grc' dir='ltr'>συλλογιστικώτατοι.</span> <span class='ocrx_word' id='word_1_810' title='bbox 3151 5003 3180 5029; x_wconf 87' lang='grc'><strong>.</strong></span> 
     </span>
    </p>
   </div>
   <div class='ocr_carea' id='block_1_110' title="bbox 2641 5098 3052 5156">
    <p class='ocr_par' dir='ltr' id='par_1_110' title="bbox 2641 5098 3052 5156">
     <span class='ocr_line' id='line_1_110' title="bbox 2641 5098 3052 5156; baseline -0.005 0"><span class='ocrx_word' id='word_1_811' title='bbox 2641 5100 2897 5156; x_wconf 79' lang='grc' dir='ltr'>ΚΕΦΑΔ.</span> <span class='ocrx_word' id='word_1_812' title='bbox 2950 5098 3052 5154; x_wconf 85' lang='grc' dir='ltr'><strong>ΙΔ’.</strong></span> 
     </span>
    </p>
   </div>
   <div class='ocr_carea' id='block_1_111' title="bbox 2138 5227 3641 5308">
    <p class='ocr_par' dir='ltr' id='par_1_111' title="bbox 2138 5227 3641 5308">
     <span class='ocr_line' id='line_1_111' title="bbox 2138 5227 3641 5308; baseline 0.009 -18"><span class='ocrx_word' id='word_1_813' title='bbox 2138 5239 2203 5290; x_wconf 81' lang='lat' dir='ltr'><strong>Et</strong></span> <span class='ocrx_word' id='word_1_814' title='bbox 2238 5236 2518 5306; x_wconf 80' lang='grc' dir='ltr'>σύγκειται</span> <span class='ocrx_word' id='word_1_815' title='bbox 2558 5237 2588 5290; x_wconf 85' lang='grc' dir='ltr'>ὁ</span> <span class='ocrx_word' id='word_1_816' title='bbox 2627 5236 2760 5302; x_wconf 78' lang='grc' dir='ltr'>Θεὸς</span> <span class='ocrx_word' id='word_1_817' title='bbox 2791 5236 2967 5305; x_wconf 87' lang='grc' dir='ltr'>Λόγος</span> <span class='ocrx_word' id='word_1_818' title='bbox 3117 5235 3178 5300; x_wconf 72' lang='grc' dir='ltr'><strong>ἐξ</strong></span> <span class='ocrx_word' id='word_1_819' title='bbox 3218 5234 3374 5306; x_wconf 81' lang='grc' dir='ltr'>ἡμῶν</span> <span class='ocrx_word' id='word_1_820' title='bbox 3404 5231 3641 5302; x_wconf 68' lang='grc' dir='ltr'>ἐμψύχῳ</span> 
     </span>
    </p>
   </div>
   <div class='ocr_carea' id='block_1_112' title="bbox 2071 5320 3643 5399">
    <p class='ocr_par' dir='ltr' id='par_1_112' title="bbox 2071 5320 3643 5399">
     <span class='ocr_line' id='line_1_112' title="bbox 2071 5320 3643 5399; baseline -0.006 -18"><span class='ocrx_word' id='word_1_821' title='bbox 2071 5327 2260 5399; x_wconf 74' lang='grc' dir='ltr'>σαρκὶ,</span> <span class='ocrx_word' id='word_1_822' title='bbox 2288 5326 2364 5391; x_wconf 83' lang='grc' dir='ltr'>ὡς</span> <span class='ocrx_word' id='word_1_823' title='bbox 2401 5325 2689 5396; x_wconf 78' lang='grc' dir='ltr'>σύγκειται</span> <span class='ocrx_word' id='word_1_824' title='bbox 2735 5325 3004 5397; x_wconf 66' lang='grc' dir='ltr'>ήελογικὴ</span> <span class='ocrx_word' id='word_1_825' title='bbox 3053 5323 3201 5395; x_wconf 78' lang='grc' dir='ltr'>ψυχὴ</span> <span class='ocrx_word' id='word_1_826' title='bbox 3244 5321 3322 5392; x_wconf 83' lang='grc' dir='ltr'><strong>τῷ</strong></span> <span class='ocrx_word' id='word_1_827' title='bbox 3357 5320 3643 5392; x_wconf 79' lang='grc' dir='ltr'>.ήμετέρῳ</span> 
     </span>
    </p>
   </div>
   <div class='ocr_carea' id='block_1_113' title="bbox 2072 5411 3644 5493">
    <p class='ocr_par' dir='ltr' id='par_1_113' title="bbox 2072 5411 3644 5493">
     <span class='ocr_line' id='line_1_113' title="bbox 2072 5411 3644 5493; baseline -0.006 -20"><span class='ocrx_word' id='word_1_828' title='bbox 2072 5420 2305 5491; x_wconf 84' lang='grc' dir='ltr'>σώματι,</span> <span class='ocrx_word' id='word_1_829' title='bbox 2331 5422 2431 5493; x_wconf 82' lang='grc' dir='ltr'><strong>τῆς</strong></span> <span class='ocrx_word' id='word_1_830' title='bbox 2460 5420 2522 5486; x_wconf 80' lang='grc' dir='ltr'>ὲξ</span> <span class='ocrx_word' id='word_1_831' title='bbox 2557 5419 2716 5491; x_wconf 75' lang='grc' dir='ltr'>ἡμῶν</span> <span class='ocrx_word' id='word_1_832' title='bbox 2752 5417 3001 5490; x_wconf 77' lang='grc' dir='ltr'>ἐμψύχου</span> <span class='ocrx_word' id='word_1_833' title='bbox 3041 5416 3246 5488; x_wconf 74' lang='grc' dir='ltr'>σαρκὸς</span> <span class='ocrx_word' id='word_1_834' title='bbox 3278 5411 3644 5469; x_wconf 58' lang='grc' dir='ltr'>καθευδωιοῶ</span> 
     </span>
    </p>
   </div>
  </div>
