3932 6152
414 335 556 403 MSS

1695 331 2010 400 LEONTII
2045 329 2458 400 ΒΥΖΑΝΤΙΝΙ

3567 334 3721 407 3455

411 459 570 520 dum,
599 450 816 508 scilicet
847 447 1085 504 multum
1131 441 1569 517 imaginationis,
1609 443 1706 500 sed
1751 453 1810 499 et
1857 459 1989 515 saepe

2104 444 2526 538 πολλάκιςρέτι
2575 444 2634 538 δέ
2675 446 2770 500 καὶ
2810 446 2915 518 τῆς
2961 449 3156 520 νοερᾶς
3185 439 3286 523 τῆς
3311 450 3494 525 ψυχῆς
3528 453 3712 513 δννά-

414 535 742 610 mcmorize,
797 543 980 598 adhuc
1046 547 1232 596 autem
1279 545 1338 592 et
1375 535 1766 592 intellectualis
1799 535 1994 593 anima

415 638 638 696 virtutis
699 648 895 706 magna
953 627 1204 702 operatio
1263 626 1320 681 in
1381 624 1592 681 somnis
1645 625 1992 696 producitur.

413 735 610 790 Testes
638 737 770 786 sunt
802 727 1093 782 innumera
1108 720 1325 776 somnia
1343 719 1571 790 quidem
1595 735 1719 790 quae
1743 720 1993 791 quotidie

415 825 686 887 videmus,
733 829 971 889 quorum
1006 827 1176 868 causa
1218 811 1307 868 vel
1367 809 1565 866 modus
1609 809 1871 874 vivendi,
1905 809 1992 865 vel

414 913 722 978 meditatio,
753 909 840 966 vel
871 905 1209 970 sollicitudo,
1229 903 1318 960 vel
1343 901 1546 974 aliquis
1569 917 1746 969 error,
1776 902 1863 958 vel
1888 901 1994 956 alia

411 1020 518 1066 est.
551 1008 610 1065 Si
645 1021 771 1061 rara
798 1017 932 1059 vero
952 1001 1082 1056 sunt
1109 1011 1395 1068 paucaque
1427 1009 1662 1050 numero
1683 1035 1698 1054 .
1748 1003 1992 1049 attamen

410 1111 559 1158 nota:
580 1095 956 1172 apparitiones
979 1089 1208 1153 sanctis,
1237 1087 1552 1144 futurorum
1581 1085 1989 1156 praedictiones,

411 1193 734 1251 sanationes
749 1187 1045 1254 multaeque
1068 1181 1310 1238 rationes
1326 1177 1693 1235 Providentiae
1713 1177 1994 1232 dormien-

413 1288 565 1344 tibus
587 1283 746 1338 ﬁunt.
772 1279 886 1336 Cur
906 1291 1039 1348 ergo
1055 1274 1136 1329 sic
1157 1287 1258 1328 nec
1280 1287 1348 1327 ex
1362 1269 1782 1340 investigatione
1805 1279 1996 1323 actuo-

410 1395 552 1445 sam,
591 1376 812 1444 hocque
839 1387 910 1426 ex
939 1366 1278 1425 necessitate
1303 1404 1318 1430 ,
1380 1363 1436 1418 in
1491 1361 1702 1418 somnis
1753 1360 1991 1416 animam

411 1463 850 1528 demonstratis?
933 1459 1088 1527 Quod
1167 1457 1314 1514 enim
1339 1471 1450 1510 non
1479 1469 1674 1510 omnes
1709 1469 1838 1516 suas
1860 1469 1995 1524 ope-

411 1565 654 1621 rationes
675 1561 733 1616 in
764 1556 979 1614 somnis
1005 1569 1112 1610 nec
1140 1567 1360 1622 semper
1393 1549 1840 1614 revelat,.verum
1883 1555 1988 1612 est,

407 1657 624 1714 scilicet
645 1651 999 1726 vegetativam
1019 1656 1077 1704 et
1109 1647 1334 1702 localem
1367 1643 1667 1698 motionem
1685 1681 1700 1706 ,
1728 1641 1994 1696 sensibili-

409 1758 575 1806 tatem
598 1757 654 1803 et
683 1741 1145 1814 imaginationem,
1193 1735 1510 1790 memoriam
1535 1741 1592 1788 et
1627 1729 1989 1804 spiritualita—

2105 553 2274 607 μεως,
2307 537 2480 607 πολλὴ
2511 537 2767 608 ἐνέργεια
2793 540 2936 594 κατὰ
2963 542 3092 606 τοὺς
3126 541 3334 610 ὕπνους
3356 548 3704 619 προάγεται.

2103 629 2216 682 Καὶ
2250 631 2530 701 μάρτυρες
2585 632 2893 704 διμέτρητοι
2946 635 3046 706 μὲν
3100 638 3158 690 αί
3195 639 3308 692 τῶν
3357 641 3710 717 καθημέρας

2099 721 2329 792 ὀνείρων
2358 724 2617 793 ἐποψίαι,
2649 725 2760 778 εἴτε
2794 725 3032 794 δίαιταν,
3087 728 3202 784 εἴτε
3255 732 3542 803 φροντίδα,
3577 735 3703 790 εἴτε

2103 813 2362 885 μελέτην,
2392 815 2505 870 εἴτε
2547 817 2760 890 πλάνην
2791 817 2936 886 τινὰ,
2969 820 3002 892 ἢ
3043 819 3240 894 ἑτέραν
3275 823 3452 895 έχοιεν
3475 827 3698 884 αἰτίαν.

2100 905 2165 958 Εἰ
2199 905 2256 958 δὲ
2295 907 2390 960 καὶ
2426 906 2644 962 σπάνιοι
2677 909 2777 964 καὶ
2805 911 3192 986 εὐαρίθμητοι,
3224 915 3366 988 πλὴν
3385 917 3701 991 ,ὡμολογηο

2103 995 2264 1067 μέναι
2310 1000 2429 1063 τοῖς
2478 999 2654 1066 ἀξίοις
2711 1003 2808 1057 καὶ
2859 1003 3197 1073 θεοφάνειαι,
3239 1009 3336 1063 καὶ
3375 1010 3699 1080 μελλόντων

2099 1089 2382 1145 ἐκδάσεων
2413 1093 2772 1164 προρρήσεις,
2799 1094 2896 1150 καὶ
2917 1095 3282 1168 ίατρεῖαι,καὶ
3309 1099 3555 1156 ποικίλαι
3583 1101 3700 1169 τῆς

2099 1179 2366 1250 Προνοίας
2407 1181 2728 1252 κηδεμονίαι
2766 1183 3013 1252 γίνονται
3052 1189 3168 1251 τοῖς
3205 1188 3456 1247 ὑπνοῦσι.
3486 1191 3556 1244 Τί
3587 1181 3696 1247 οὖν

2099 1268 2245 1324 οὕτω
2270 1271 2338 1342 δὴ
2365 1271 2748 1361 ἀϐασανίστως
2777 1275 2977 1348 ἀργὴν,
3008 1277 3104 1331 καὶ
3139 1279 3300 1333 τοῦτο
3324 1279 3384 1347 ἐξ
3411 1280 3691 1352 ἀνάγκης,

2099 1361 2159 1416 ἐν
2188 1364 2304 1426 τοῖς
2327 1361 2520 1428 ὕπνοις
2546 1365 2646 1436 τὴν
2667 1367 2846 1438 ψυχὴν
2871 1369 3264 1440 ἀπεφήνασθες
3292 1371 3416 1426 Ὀτι
3446 1372 3550 1444 μὲν
3569 1373 3692 1445 γὰρ

2098 1452 2162 1504 οὐ
2207 1452 2389 1518 πάσας
2434 1453 2606 1524 αὐτῆς
2635 1457 2740 1520 τὰς
2771 1459 3054 1532 ἐνεργείας
3085 1461 3144 1514 ἐν
3173 1463 3288 1526 τοῖς
3333 1459 3524 1524 ὕπνοις
3557 1466 3691 1519 ἐπι-

2098 1542 2378 1600 δείκνυται
2407 1547 2504 1600 καὶ
2537 1547 2790 1613 πάντοτε,
2829 1549 3036 1620 ἀληθές
3065 1554 3186 1606 ἐστι
3209 1562 3228 1584 ⁵
3257 1555 3524 1624 φυτικὴν
3547 1557 3691 1631 φέρε

2099 1637 2196 1690 καὶ
2217 1637 2480 1706 τοπικὴν
2511 1639 2729 1712 κίνησιν
2751 1681 2768 1706 ,
2803 1645 3170 1712 αἰσθητικήν
3205 1665 3267 1701 τε
3311 1649 3408 1702 καὶ
3455 1662 3690 1719 φανταο

2101 1729 2348 1798 στικὴν,
2375 1731 2764 1802 μνημονικήν
2805 1750 2866 1786 τε
2897 1734 2991 1788 καὶ
3030 1737 3348 1805 γοητικὴν,
3371 1741 3466 1793 καὶ
3502 1741 3690 1810 ἀμφοδ

409 1851 538 1908 tem,
563 1854 628 1895 ac
649 1847 946 1905 utramque
973 1826 1561 1902 eoncupiscibilitatem.
1595 1824 1702 1881 Sed
1732 1825 1849 1879 haec
1887 1839 1989 1878 nec

2094 1821 2260 1892 τέραν
2288 1821 2627 1890 ὀρεκτικήν.
2671 1823 2834 1878 Ἀλλὰ
2864 1825 3036 1880 ταῦτα
3063 1829 3186 1882 οὐδὲ
3213 1831 3272 1883 ἐν
3307 1831 3688 1904 ἐγρηγορήσει

407 1932 573 2000 simul
613 1932 670 1986 in
712 1929 896 2000 vigilia
930 1923 1071 1981 edici
1103 1937 1207 1978 nec
1239 1935 1460 1990 semper
1499 1915 1804 1973 secundum
1845 1913 1992 1970 idem

407 2007 738 2100 probantur.
765 2023 888 2078 Non
916 2019 1066 2076 enim
1097 2029 1318 2086 semper
1345 2027 1452 2068 nec
1484 2025 1682 2067 omnes
1714 2023 1840 2065 suas
1863 2022 1994 2078 ope-

409 2121 654 2176 rationes
700 2114 951 2187 proferre
1002 2117 1226 2182 potest,
1282 2120 1408 2164 cum
1451 2103 1680 2159 omnino
1725 2100 1994 2171 simplicis

407 2221 621 2267 naturae
642 2223 752 2263 non
778 2205 872 2271 sit,
897 2204 973 2258 ita
999 2209 1062 2256 ut
1081 2215 1151 2256 ex
1172 2213 1280 2254 una
1298 2201 1418 2267 ipsa
1437 2209 1655 2264 unaque
1670 2191 1992 2263 operatione

405 2303 591 2358 omnia
614 2299 1024 2372 producantur;
1053 2291 1151 2350 sed
1177 2289 1408 2355 alicubi,
1427 2285 1725 2357 aliquando
1749 2283 1992 2352 aliquas-

405 2411 514 2466 que
531 2389 887 2465 operationes
905 2385 1038 2458 agit.
1061 2381 1161 2442 Dei
1198 2381 1374 2438 solius
1398 2387 1482 2435 est
1503 2378 1668 2433 simul
1696 2384 1754 2432 et
1771 2388 1991 2429 omnem

406 2487 616 2558 absque
663 2493 914 2553 tempore
954 2474 1237 2550 propriam
1273 2471 1650 2544 Operationem
1681 2484 1746 2524 ac
1785 2467 1991 2536 ubique

406 2577 724 2635 ostendere.

477 2667 768 2738 Quomodo
791 2665 960 2736 igitur
985 2660 1269 2731 exemplar
1301 2665 1450 2712 recte
1483 2653 1830 2724 sumpsistis?
1866 2651 1988 2708 llis-

407 2779 516 2836 que
545 2764 640 2833 qui
664 2761 860 2815 dicunt
895 2757 1093 2811 animae
1125 2753 1383 2805 unionem
1419 2749 1488 2802 ad
1511 2762 1714 2816 corpus
1737 2745 1988 2800 eamdem

407 2871 531 2912 esse
581 2869 647 2908 ac
705 2849 965 2906 unionem
1001 2843 1166 2902 Verbi
1211 2841 1278 2897 ad
1309 2840 1632 2905 hominem,
1683 2837 1987 2894 secundum

407 2946 540 3018 quid
572 2943 740 3014 igitur
780 2953 1005 3012 quoque
1060 2932 1421 3005 supervenire
1452 2931 1690 2986 similem
1745 2939 1988 2984 sanctam

410 3039 670 3094 unionem
683 3037 840 3108 juxta
861 3044 1115 3088 somnum
1139 3028 1252 3082 Deo
1275 3024 1457 3082 Verbo
1481 3021 1729 3078 additis?
1755 3021 1988 3087 Quando

407 3131 633 3203 quidem
660 3127 967 3183 assumitur
992 3119 1358 3192 comparatio,
1397 3133 1498 3190 per
1521 3115 1671 3171 aliud
1699 3113 1987 3184 inquiren-
2014 3163 2055 3218 ο

411 3221 560 3276 tibus
583 3216 882 3275 elucidatio
906 3213 1056 3270 baud
1086 3212 1384 3284 praebetur,
1414 3209 1501 3264 vel
1539 3225 1638 3280 per
1670 3207 1849 3262 solatur
1874 3206 1984 3262 ele-

407 3315 648 3370 ctionem
677 3310 910 3366 aliorum
937 3305 1281 3378 cognitorum
1301 3301 1543 3366 unionis,
1590 3300 1728 3354 meri
1756 3298 1989 3354 forsitan-

407 3407 656 3468 babitus,
691 3403 780 3457 vel
808 3397 1106 3472 positionis
1136 3394 1347 3460 localis,
1378 3393 1463 3448 vel
1492 3400 1697 3446 mutuae
1740 3389 1985 3454 unionis,

291 3517 294 3520 ’
408 3499 496 3554 vel
533 3497 716 3552 mixtae
751 3489 1240 3568 (signiﬁcationem
1269 3485 1416 3542 enim
1453 3493 1664 3538 tantum
1704 3481 1786 3538 rei
1822 3492 1987 3536 natu-

407 3590 602 3648 raliter
631 3604 742 3644 non
793 3585 964 3640 unitae
1008 3597 1133 3654 quae
1183 3577 1527 3634 mixta'l‘acta
1554 3583 1639 3632 est
1687 3574 1988 3630 immobilis

405 3685 756 3740 diversarum
803 3675 1238 3739 substantiarum
1279 3671 1413 3726 unio
1447 3687 1514 3724 ex
1549 3669 1656 3724 hoc
1687 3667 1989 3723 constitue-

415 3769 606 3841 runt);
660 3782 765 3823 non
819 3765 980 3833 igitur
1017 3779 1116 3833 per
1165 3763 1290 3828 hoc,
1345 3761 1528 3815 omnia
1573 3774 1692 3830 qua:
1738 3757 1992 3814 dicuntur

417 3863 486 3919 de
519 3861 686 3915 unitis
713 3859 764 3912 in
793 3859 884 3912 tali
927 3857 1149 3920 unione,
1185 3856 1254 3910 de
1279 3852 1456 3910 Verbo
1483 3853 1649 3908 etiam
1677 3850 1858 3906 dicere
1888 3860 1989 3901 nos

422 3952 648 4022 cngeiis.
676 3949 924 4019 Namque
963 3949 1043 4004 sic
1074 3961 1238 4002 carne
1282 3945 1520 4014 patiente
1551 3941 1814 3997 doluisset
1843 3935 1979 3994 Ver-

421 4045 799 4110 bum,erescen
811 4051 881 4108 te,
897 4040 1159 4095 crevisset
1176 4029 1988 4105 aliquomodo,operationibus—

405 4158 514 4212 que
545 4141 696 4196 illius
728 4137 925 4192 fuisset
971 4141 1257 4197 extensus,
1299 4131 1586 4186 debilitata
1615 4139 1823 4196 autem,
1879 4129 1986 4184 im-

407 4231 656 4286 minutus
681 4227 877 4284 fuisset
923 4234 1090 4294 atque
1135 4222 1436 4292 impeditus
1461 4261 1475 4284 ,
1527 4229 1588 4275 ut
1617 4221 1670 4274 in
1706 4221 1890 4275 anima
1921 4235 1987 4276 ac

405 4336 639 4392 corpore
681 4317 972 4389 contingit.
1009 4312 1282 4370 Diceretis
1307 4327 1528 4383 quoque
1561 4313 1632 4366 ab
1669 4311 1844 4366 altero
1871 4327 1986 4366 non

404 4430 436 4468 a
459 4411 761 4482 semetipso
781 4411 1000 4464 unitum
1019 4407 1214 4469 fuisse,
1233 4403 1580 4473 invitumque
1603 4403 1986 4474 participasse,

2092 1910 2208 1981 ἅμα
2229 1913 2498 1983 ἐνεργεῖν,
2544 1915 2641 1968 καὶ
2673 1916 2850 1989 πάντη
2885 1917 3025 1972 κατὰ
3049 1919 3112 1972 τὸ
3149 1919 3284 1973 αὐτὸ
3319 1932 3684 1992 προσμαρτυ-

2095 2006 2293 2075 ρεῖται.
2327 2005 2472 2060 Οὐδὲ
2498 2007 2608 2078 γὰρ
2643 2009 2858 2080 πέφυκε
2904 2011 3141 2066 πάντοτε
3192 2015 3290 2069 καὶ
3343 2015 3528 2080 πάσας
3578 2017 3688 2080 τὰς

2090 2096 2294 2168 ἑαυτῆς
2323 2098 2688 2170 προΐσχεσθαι
2722 2101 3040 2173 ἐνεργείας·
3073 2104 3308 2177 ἐπείπερ
3339 2106 3464 2160 οὺδέ
3497 2107 3680 2178 ἁπλῆς

2097 2189 2214 2242 ἐστι
2247 2189 2424 2260 πάντη
2461 2191 2702 2260 φύσεως·
2739 2193 2828 2245 ῐνα
2873 2193 2970 2248 καὶ
3016 2197 3148 2264 μιᾶς
3175 2197 3262 2267 είη
3301 2195 3374 2250 τὰ
3415 2196 3476 2262 ἐξ
3506 2199 3682 2266 αὐτῆς

2092 2280 2293 2344 πάντα,
2340 2281 2434 2335 καὶ
2475 2281 2610 2350 ὐφὲν
2653 2283 2960 2354 ἐνεργείας·
2993 2285 3133 2340 ἀλλά
3171 2303 3247 2359 πη
3279 2286 3372 2341 καί
3404 2305 3537 2342 ποτε
3580 2286 3680 2342 καί

2088 2387 2241 2434 τινας
2269 2373 2502 2443 ἐνεργεῖ.
2530 2373 2667 2442 Θεοῦ
2689 2374 2745 2428 δὲ
2777 2375 2946 2446 μόνου
2973 2376 3122 2433 ἐστὶν
3145 2377 3263 2448 ἅμα
3283 2397 3342 2434 τε
3369 2383 3465 2434 καὶ
3493 2381 3684 2435 πᾶσαν

2089 2463 2184 2516 καὶ
2235 2463 2483 2534 ἀχρὸνως
2521 2467 2720 2522 ἐαυτοῦ
2766 2469 3055 2541 ἐνέργειαν
3115 2473 3212 2526 καὶ
3260 2472 3496 2528 πάντοτε
3538 2490 3682 2545 προ-

2093 2555 2380 2626 τσχεσθαι.

2097 2643 2107 2650 ’
2162 2648 2288 2713 Πῶς
2315 2643 2410 2704 οὖν
2440 2651 2682 2720 εὐλόγως
2705 2654 2802 2708 τοῦ
2835 2656 3280 2728 παραδείγματος
3301 2659 3636 2715 ἐπελάσεσθε
3657 2677 3683 2726 ς

2090 2741 2186 2794 καὶ
2215 2745 2326 2804 τοῖς
2353 2743 2603 2812 λέγουσιν
2633 2746 2826 2816 ὁμοίαν
2859 2747 3037 2818 ψυχῆς
3062 2749 3200 2820 πρὸς
3229 2751 3391 2821 σῶμα
3414 2752 3676 2820 γενέσθαι

2087 2833 2188 2904 τὴν
2212 2831 2466 2888 σύνθεσιν
2499 2833 2593 2889 τοῦ
2623 2837 2796 2906 Λόγου
2825 2839 2959 2910 πρὸς
2987 2841 3080 2896 τὸν
3101 2841 3410 2912 ἄνθρωπον,
3447 2845 3592 2898 κατά
3619 2862 3677 2899 τι

2087 2924 2284 2995 ὁμοίαν
2308 2925 2510 2980 οὐκοῦν
2541 2929 2860 3000 συμϐαίνειν
2892 2931 2986 2984 καὶ
3013 2930 3115 3002 τήν
3153 2932 3315 3000 ἁγίαν
3346 2935 3472 2988 καθ’
3499 2935 3682 2990 ὕπνον

2087 3014 2166 3086 τῷ
2193 3015 2312 3086 Θεῷ
2351 3017 2511 3089 Λόγῳ
2547 3021 2802 3088 ἐπάγει-ες
2831 3021 3006 3074 Ὅπου
3027 3035 3092 3090 γε
3129 3026 3222 3076 καὶ
3251 3023 3282 3092 ἡ
3306 3018 3672 3094 παρᾶσλησις

2088 3105 2186 3174 τῆς
2213 3105 2553 3176 ὁμοιώσεως,
2577 3109 2638 3162 οὐ
2667 3109 2732 3162 δι’
2760 3109 2948 3180 ἐτερόν
2979 3127 3036 3163 τι
3063 3113 3173 3174 τοῖς¹
3201 3113 3480 3183 εἰρηκόσιν
3509 3113 3662 3176 ἐξει-
3767 3129 3770 3143 ι

2089 3195 2286 3268 ληπτο,
2319 3198 2352 3272 ἦ
2382 3199 2469 3253 διὰ
2499 3196 2667 3271 μόνην
2695 3202 2970 3273 ἀναίρεσιν
3000 3202 3108 3256 τῶν
3150 3204 3507 3274 ἐγνωσμένων
3532 3201 3656 3258 ἐτέ-

2091 3307 2201 3361 ρων
2230 3293 2554 3357 συνθέσεως,
2589 3295 2832 3364 σχέσεως
2859 3294 3023 3367 τυχὸν
3046 3295 3227 3366 ψιλῆς,
3246 3296 3283 3368 ἢ
3303 3295 3670 3366 παραθέσεως

2087 3384 2343 3454 τοπικῆς,
2369 3385 2401 3456 ἢ
2426 3385 2791 3458 ἀλλοιωτικῆς
2819 3385 3089 3455 ἐνὼσεως,
3112 3384 3146 3460 ἢ
3176 3387 3506 3459 συτχυτικῆς
3531 3387 3675 3458 κράνη

2090 3490 2228 3538 σεως
2257 3472 2560 3546 (σημασίαν
2601 3476 2712 3548 γὰρ
2753 3478 2918 3548 μόνον
2955 3479 3195 3551 φυσικῆς
3220 3474 3534 3550 ἀσυγχύτου
3575 3495 3674 3548 γεσε

2089 3567 2324 3636 νομένης
2357 3567 2716 3639 συγκράσεως
2741 3569 2839 3622 καὶ
2864 3569 3141 3641 ἁτρέπτου
3165 3571 3277 3624 τῶν
3299 3571 3674 3642 διαφερόντων

2087 3658 2287 3712 οὐσιῶν
2309 3659 2557 3722 ἐνώσεως
2592 3661 2656 3714 ἐκ
2683 3659 2842 3714 τοῦδε
2867 3661 3268 3734 παρέστησαν)·
3292 3665 3354 3716 οὐ
3391 3663 3482 3716 διὰ
3511 3662 3674 3716 τοῦτο

2086 3745 2202 3816 οὖν,
2235 3751 2331 3804 καὶ
2365 3752 2543 3806 πάντα
2569 3752 2636 3804 τὰ
2663 3753 2919 3824 ἡνωμένα
2938 3757 3050 3818 τοῖς
3075 3754 3170 3808 ἐπὶ
3192 3757 3258 3825 τῇ
3281 3754 3459 3826 τοιᾷδε
3477 3753 3668 3807 ἐνὼσει

2090 3841 2498 3912 συγκειμένοις,
2524 3844 2620 3896 καὶ
2645 3843 2740 3897 ἐπὶ
2760 3844 2854 3897 τοῦ
2867 3843 3040 3913 Λόγου
3070 3844 3250 3912 λέγειν
3273 3845 3422 3916 ἡμᾶς
3450 3845 3672 3916 είσπράο

2089 3931 2206 3996 ξετε
2231 3949 2247 3964 ο
2280 3933 2424 3988 οὕτω
2456 3934 2567 4004 γὰρ
2593 3934 2659 3988 ἂν
2688 3934 2782 3988 καὶ
2813 3935 3134 4006 πασχούσης
3160 3935 3260 4006 τῆς
3293 3935 3538 4006 σαρκὸς“,
3575 3937 3671 3988 τὸν

2087 4023 2264 4093 Λόγον
2295 4023 2620 4092 ὀδυνᾶσθαι,
2671 4025 2767 4079 καὶ
2808 4025 3190 4098 αὐξανομένης
3235 4024 3669 4092 συναυξάνεσθαι

2087 4131 2229 4182 πως,
2265 4117 2362 4170 καὶ
2407 4119 2528 4181 ταῖς
2575 4117 2886 4187 ἐνεργείαις
2926 4117 3063 4189 αὐτῇ
3105 4115 3673 4190 συμπαρατείνεσθαι,

2087 4208 2186 4261 καὶ
2202 4207 2680 4280 παρακμαζούσης
2709 4207 3100 4262 συστέλλεσθαι
3126 4209 3223 4264 καὶ
3253 4207 3668 4280 ἐμποδίζεσθαι·

2087 4299 2280 4372 ὥσπερ
2315 4302 2408 4354 ἐπὶ
2441 4300 2626 4372 ψυχῆς
2655 4299 2950 4373 συμϐαίνει
2991 4300 3088 4356 καὶ
3129 4298 3404 4372 σώματος.
3447 4299 3670 4372 Είποιςε

2089 4393 2157 4447 ἂν
2188 4394 2284 4447 καὶ
2314 4394 2404 4464 ὑφ’
2432 4394 2624 4464 ἐτέρου
2669 4393 2765 4447 καὶ
2797 4393 2898 4464 οὐχ
2931 4391 3130 4446 ἑαυτοῦ
3177 4391 3527 4461 συντεθῆναι,
3570 4393 3684 4444 καὶ

407 4514 470 4560 ut
495 4505 706 4576 justum
730 4510 836 4570 est,
863 4511 1230 4572 quaecumque
1279 4502 1409 4549 sunt
1454 4495 1637 4548 carnis
1673 4509 1770 4550 seu
1796 4509 1988 4550 neces-

2093 4487 2292 4541 !xov'ta
2319 4488 2612 4557 μετασχεῖν
2648 4485 2774 4540 καθ’
2798 4486 2922 4540 ὅσον
2963 4482 3122 4556 θέμις
3155 4482 3268 4536 τῶν
3303 4484 3368 4537 ἐκ
3403 4482 3502 4552 τῆς
3536 4498 3676 4552 σαρ-

405 4596 569 4651 sitate
599 4635 614 4660 ,
660 4610 759 4648 seu
808 4589 1112 4673 mercede;
1161 4587 1278 4642 luce
1315 4585 1464 4639 enim
1495 4585 1560 4641 ad
1593 4585 1836 4642 animam
1863 4602 1988 4643 cor-

402 4703 620 4760 pusque
659 4685 958 4758 pertinent.

477 4777 576 4836 Bis
595 4777 822 4849 quidem
859 4773 996 4830 illud
1026 4787 1058 4828 a
1083 4771 1244 4828 nobis
1269 4771 1523 4842 superius
1541 4769 1988 4826 demonstratum

407 4881 512 4937 est,
543 4879 806 4942 tanquam
832 4884 945 4925 non
967 4867 1150 4924 simile
1177 4865 1484 4923 secundum
1513 4863 1670 4934 quid,
1705 4876 1810 4916 nec
1829 4862 1988 4931 juxta

405 4961 593 5016 omnia
609 4961 1001 5015 necessarium.
1024 4957 1081 5014 Si
1105 4965 1291 5014 autem
1309 4956 1518 5011 hancce
1537 4951 1800 5008 unionem
1817 4950 1985 5006 Verbi

402 5050 588 5106 omnia
619 5057 1042 5120 consequuntur
1069 5065 1195 5120 qua:
1217 5047 1456 5103 animam
1485 5041 1706 5112 corpori
1747 5040 1986 5105 unitam,

402 5157 473 5200 ne
495 5141 644 5198 uniri
665 5141 1044 5212 quidemillud
1065 5141 1254 5196 dicere
1274 5125 1592 5211 admittitis,
1619 5133 1715 5190 sed
1733 5133 1984 5204 postula-

404 5238 476 5296 tis
504 5245 568 5294 ut
595 5236 681 5291 vel
718 5237 874 5308 juxta
926 5233 1114 5288 omnia
1159 5231 1362 5288 similis
1407 5228 1622 5284 dicatur
1653 5226 1805 5282 illius
1831 5227 1988 5292 unio,

397 5329 510 5396 vel,
541 5326 791 5401 quaedam
826 5326 934 5380 alia
955 5325 1113 5396 juxta
1142 5338 1310 5395 quam
1355 5320 1566 5393 pariter
1604 5318 1993 5374 demonstrare

399 5420 558 5478 vobis
585 5417 722 5476 unio
750 5415 920 5474 Verbi
969 5413 1212 5486 videtur,
1243 5410 1524 5468 credenda
1549 5423 1660 5466 non
1690 5423 1834 5473 esse,
1873 5423 1990 5462 non

398 5531 522 5585 quae
543 5529 613 5570 ex
635 5507 1002 5569 similitudine
1034 5513 1478 5578 consequuntur,
1505 5502 1602 5560 sed
1631 5518 1756 5574 qua:
1782 5502 1837 5557 in
1861 5515 1994 5572 pro-

397 5607 517 5680 pria
545 5619 680 5660 voce
717 5611 1062 5675 spectantur.
1096 5600 1342 5656 Primum
1377 5597 1602 5668 quidem
1637 5593 1798 5650 vobis
1830 5593 1990 5648 dice-

398 5715 522 5754 mus
554 5715 568 5752 :
601 5697 736 5752 Date
771 5696 935 5751 nobis
969 5694 1213 5765 aliquam
1243 5701 1497 5747 naturam
1529 5689 1676 5744 inter
1697 5687 1866 5750 entia,
1893 5686 1984 5740 cui

404 5789 558 5857 iuxta
577 5789 764 5844 omnia
805 5789 967 5845 Verbi
1005 5787 1182 5841 divini
1224 5795 1422 5840 natura
1459 5781 1532 5836 sit
1578 5779 1797 5842 similis,
1825 5776 1984 5832 dabi-

2088 4577 2204 4644 κὸς,
2237 4577 2272 4648 ἢ
2303 4576 2410 4631 διὰ
2441 4577 2724 4649 ἀνάγκην,
2757 4576 2792 4648 ἣ
2820 4574 2911 4631 διὰ
2946 4573 3139 4644 μισθόν
3163 4589 3176 4604 ’
3207 4572 3384 4628 ταῦτα
3423 4573 3532 4644 γὰρ
3570 4574 3680 4626 ἐπὶ

2085 4668 2268 4741 ψυχῆς
2295 4671 2392 4724 καὶ
2428 4671 2682 4740 σώματος
2715 4667 3028 4739 συμϐαίνει.

2158 4761 2260 4816 Διὰ
2291 4761 2466 4816 ταῦτα
2519 4760 2650 4830 γοῦν
2703 4760 2824 4814 τόδε
2859 4761 2995 4832 ἡμῖν
3043 4758 3550 4830 προαποδέδεικται.
3589 4757 3679 4820 ὡς

2086 4852 2150 4908 οὔ
2187 4854 2249 4907 τδ
2295 4854 2440 4908 κατὰ
2469 4871 2522 4907 τι
2564 4855 2773 4922 ὅμοιον,
2805 4853 2904 4907 καὶ
2933 4850 3078 4906 κατὰ
3107 4852 3216 4904 πᾶν
3253 4845 3392 4903 εἶναι
3434 4851 3495 4902 τδ
3535 4849 3680 4902 αΰτδ

2088 4945 2406 5010 ἀναγκαῖον.
2445 4943 2510 4998 Ei
2552 4945 2611 4998 δὲ
2653 4947 2836 4998 πάντα
2871 4945 3062 5014 ἕψεται
3095 4945 3166 5014 τῇ
3199 4942 3378 5011 τοιᾷδε
3420 4939 3687 4993 συνθέσει

2086 5035 2183 5090 τοῦ
2209 5037 2385 5106 Λόγου
2410 5037 2511 5091 ὃσα
2536 5035 2630 5092 καὶ
2658 5038 2726 5108 τῇ
2755 5037 2904 5108 ψυχῇ
2939 5034 3300 5106 συντιθεμένῃ
3326 5033 3405 5103 τῷ
3434 5030 3678 5102 σώματι,

2092 5130 2226 5202 μηδὲ
2265 5129 2585 5199 συγκεῖσθαι
2639 5129 2804 5184 αὐτὸν
2865 5128 3048 5198 λέγειν
3097 5121 3462 5195 καταδέχεσθε
3501 5138 3518 5152 ο
3552 5123 3682 5176 ἀλλ’

2088 5223 2370 5278 ἀπαιτεῖτε
2401 5221 2436 5294 ἢ
2483 5221 2630 5276 κατὰ
2681 5221 2860 5292 πάντη
2883 5219 3081 5292 ὁμοίαν
3103 5218 3286 5288 λέγειν
3323 5218 3427 5284 τὴν
3453 5214 3675 5274 ἕνωσιν,

2087 5314 2122 5385 ἢ
2154 5312 2350 5386 ἐτέραν
2384 5311 2512 5368 τινὰ
2558 5313 2684 5368 καθ’
2711 5313 2777 5384 ἢν
2804 5309 3247 5382 ἀπαραλλάκτως
3274 5306 3455 5360 ἔοικεν
3503 5305 3538 5375 ἠ
3574 5305 3678 5360 ταῦ

2087 5406 2265 5476 Λόγου
2295 5403 2546 5470 σύνθεσις
2583 5403 2965 5460 ὑποδεικνύειν
3003 5401 3133 5471 ὑμῖν
3179 5399 3256 5464 ὼς
3287 5399 3391 5452 οὐκ
3429 5397 3680 5466 εὐπαρα-

2087 5499 2297 5555 δέκτων
2314 5501 2396 5564 είς
2417 5500 2602 5552 πίστιν
2625 5497 2736 5552 τῶν
2765 5497 2868 5551 οὑκ
2891 5494 2956 5560 ἐξ
2981 5493 3283 5563 ἐπαγωγῆς
3315 5489 3429 5544 τῶν
3449 5488 3677 5559 ὁμοίων.

2088 5591 2208 5646 ἀλλ’
2237 5593 2296 5644 ἐν
2353 5592 2612 5657 ίδιάζοντι
2662 5589 2810 5662 λόγῳ
2841 5584 3268 5660 θεωρουμένων.
3300 5581 3530 5654 Πρῶτον
3574 5578 3676 5649 μὲν

2090 5684 2253 5738 πάλιν
2301 5683 2540 5755 ἐροῦμεν
2569 5683 2708 5754 ὑμῖν
2727 5698 2747 5712 ο
2772 5680 2906 5734 Δότε
2935 5680 3072 5750 ἡμῖν
3120 5683 3244 5730 τινα
3275 5673 3442 5745 φύσιν
3475 5675 3532 5725 ἐν
3561 5673 3670 5734 τοῖς

2088 5771 2240 5830 οὖσιν
2335 5773 2478 5828 κατὰ
2505 5773 2685 5828 πάντα
2710 5771 2858 5826 ἐστὶν
2885 5773 2919 5832 ἡ
2942 5769 3042 5824 τοῦ
3063 5769 3240 5841 Λόγου
3261 5763 3356 5820 τοῦ
3389 5761 3536 5820 θείου
3569 5761 3673 5832 φῖλ-
