3932 6152
325 272 461 340 1457

1270 271 1670 333 ADVERSUS
1709 267 2260 354 NESTORIANOS.
2304 289 2376 303 -
2414 267 2562 328 LIB.
2604 265 2653 327 Ι.

3445 255 3582 326 1453

323 405 406 450 at;
433 385 618 456 ὁμοία,
649 384 745 440 καὶ
781 383 1028 454 δώσομεν
1078 384 1181 450 καὶ¹
1213 384 1377 454 ἡμεῖς
1407 381 1661 435 σύνθεσιν
1690 380 1726 453 ἢ
1759 379 1900 434 κατὰ

2030 395 2238 450 nusque
2267 387 2326 434 et
2359 367 2480 434 nos.
2511 375 2772 432 unionem
2819 389 2944 445 quae
2971 372 3182 428 unioni'
3211 370 3388 442 ipsius
3428 371 3583 441 juxta

325 478 500 532 πάντα
535 476 652 530 ἐστὶ
683 477 749 547 τῇ
778 473 900 529 κατ’
927 472 1091 528 αὐτὸν
1127 471 1376 526 συνθέσει
1425 471 1605 542 ὁμοία.
1642 471 1705 524 Ei
1736 471 1794 524 δὲ
1826 471 1902 542 μή

325 571 443 621 ἐστι
477 566 642 633 φύσις
687 565 820 638 τῷδε
849 565 1034 636 ὁμοία,
1067 564 1227 633 δῆλον
1264 564 1339 627 ὡς
1369 563 1492 617 ούδέ
1525 561 1774 626 σύνθεσις
1805 578 1905 630 φυ-

327 660 454 730 σικὴ
483 659 646 730 ὁμοία
673 659 740 730 τῇ
769 656 946 712 τοῦδε.
993 651 1068 710 υὺ
1115 656 1227 728 γὰρ
1265 657 1366 710 οὐκ
1409 655 1558 710 ἐστιν
1595 655 1784 722 ὅμοιον
1809 653 1906 726 όρ-

329 766 488 818 γανον
531 748 794 819 μουσικὸν
821 749 881 802 ἐν
904 749 1018 811 τοῖς
1046 741 1220 811 οῦσιν,
1245 748 1460 818 ἀνάγκη
1501 745 1712 800 καὶτὸν
1739 743 1914 815 φθόγ-

325 859 422 906 γον
452 841 670 895 πάντων
698 839 806 894 τῶν
843 839 1012 894 όντων
1037 839 1463 910 παραλλάσσειν.
1490 840 1630 910 Ὥρα
1651 839 1708 894 δέ
1739 838 1906 910 ὑμᾶς,

326 935 452 990 ἐπεὶ
489 935 564 1005 μὴ
603 931 951 1004 εὐποροῦμεν
989 931 1183 1004 ⁴ἔτερόν
1219 949 1344 986 τινα
1371 933 1544 1000 δεῖξαι
1573 930 1908 1004 δημιουργὸν

328 1029 392 1082 ἐκ
445 1027 524 1097 pii
566 1025 737 1080 όντων
789 1025 1105 1096 προάγοντα
1137 1023 1210 1079 τά
1235 1025 1522 1096 γινόμενα,
1575 1043 1652 1097 μη
1687 1024 1749 1079 δὲ
1788 1023 1910 1078 τόδε

328 1115 456 1184 περὶ
485 1112 624 1166 Θεοῦ
667 1113 1098 1183 καταδέχεσθαι·
1138 1113 1254 1168 ἀλλ’
1281 1114 1404 1168 οὐδέ
1437 1113 1659 1186 Πατέρα
1685 1112 1910 1169 τοιῶσδε

329 1206 606 1275 γεννῶντα
660 1205 815 1285 Θεὸν,
857 1205 887 1275 ἢ
932 1206 1062 1260 Υἱδν
1107 1205 1330 1261 τοιῶσδε
1360 1207 1726 1285 γεννώμενον,
1774 1205 1912 1260 Θεὸν

331 1293 634 1348 πιστεύεινο
663 1291 789 1348 οῦτε
819 1294 876 1348 δέ
916 1295 1151 1349 Χοιστὸν
1181 1287 1344 1349 αῦτόν
1378 1311 1442 1362 γε
1480 1284 1573 1350 τὸν
1607 1293 1731 1350 καθ’
1763 1296 1913 1367 ἡμᾶς

329 1387 503 1450 ὅντως
543 1387 824 1456 γενέσθαι·
853 1387 974 1440 ἀλλ’
1005 1388 1127 1442 οὐδὲ
1161 1389 1255 1442 τὸν
1286 1389 1411 1443 καθ’
1437 1389 1586 1459 ὑμᾶς
1609 1388 1914 1460 διαγραφό-

336 1493 520 1550 μενον·
554 1477 682 1532 ἐπεὶ
723 1479 938 1549 μήποτε
964 1477 1170 1532 τοιόνδε
1199 1477 1322 1534 τινὰ
1349 1477 1510 1534 ἄλλον
1555 1477 1756 1549 ἔχομεν
1783 1477 1912 1549 ύμῖν

307 1571 732 1638 ’ἐπιδείξασθαι,
765 1571 797 1641 ἢ
843 1571 1002 1643 ὑμεῖς
1041 1573 1202 1641 ἡμῖν’
1235 1573 1282 1626 εἱ
1312 1571 1389 1642 μὴ
1415 1557 1522 1642 ἄρά
1553 1573 1665 1633 τοῖς
1691 1570 1916 1643 προφή-

2005 471 2192 528 omnia
2223 471 2298 528 sit
2329 470 2546 526 similis.
2583 468 2640 524 Si
2678 475 2862 523 autem
2891 480 3003 520 non
3046 474 3131 520 est
3164 470 3360 518 natura
3392 468 3588 517 nutcce

2006 564 2228 630 similis,
2259 579 2364 620 nec
2398 565 2661 619 unionem
2693 558 3002 616 naturalem
3035 557 3226 612 unioni
3260 555 3407 610 illius
3430 553 3589 608 simi-

2005 657 2114 714 lem
2141 673 2263 714 esse
2292 664 2461 728 patet.
2489 655 2612 711 Non
2639 653 2789 710 enim
2829 659 2915 708 est
2943 651 3001 707 in
3037 649 3264 707 cutibus
3285 646 3586 719 quidquam

2007 751 2441 806 instrumentum
2496 747 2769 802 musicum
2817 743 2997 800 simile
3032 783 3048 810 ,
3101 753 3443 810 necesseque
3505 745 3590 791 est

2008 852 2204 900 tonum
2227 841 2716 899 omnium-entium
2743 838 2992 895 diﬂ‘erre.
3022 836 3266 906 Tempus
3299 841 3384 888 est
3403 841 3588 886 autem

2008 949 2128 999 vos,
2154 931 2430 1004 siquidem
2455 931 2709 1001 aliquem.
2739 928 2924 984 alium.
2957 923 3251 982 ostendere
3283 931 3591 978 creatorem

2007 1031 2352 1098 nequeamus
2394 1039 2460 1079 ex
2506 1038 2618 1078 non
2659 1019 2902 1077 entibus.
2929 1026 3116 1074 creata
3176 1013 3590 1084 producentem,

2011 1119 2160 1176 haud
2188 1117 2438 1190 proiecto
2476 1114 2617 1170 illud
2651 1129 2680 1168 a
2721 1114 2837 1168 Deo
2861 1119 3206 1182 exspectare,
3233 1107 3329 1164 sed
3359 1122 3462 1162 nec
3485 1105 3593 1161 Pa-

2013 1223 2158 1270 trem
2186 1213 2262 1268 ita
2290 1215 2649 1283 generantem
2671 1207 2869 1270 Deum,
2898 1218 3004 1261 nec
3027 1203 3230 1258 Filium
3261 1200 3337 1256 ita
3367 1213 3598 1270 genera-

2013 1315 2153 1371 tum,
2189 1303 2363 1359 Deum
2393 1300 2646 1367 credere,
2687 1311 2795 1353 nec
2825 1294 3111 1354 Christum
3155 1293 3339 1364 ipsum
3367 1289 3596 1362 quidem

2010 1390 2165 1463 iuxta
2195 1409 2300 1450 nos
2326 1393 2573 1457 factum,
2627 1389 2726 1446 sed
2763 1403 2868 1445 nec
2909 1387 3067 1460 juxta
3115 1401 3216 1441 vos
3265 1383 3594 1449 definitum;

2013 1507 2140 1548 cum
2171 1503 2457 1558 nunquam
2491 1483 2786 1556 quemdam
2833 1483 3070 1538 alterum
3097 1476 3416 1551 huiusmodi
3441 1477 3600 1533 vobis

2016 1580 2426 1640 ostendendum
2455 1593 2562 1634 nos
2586 1575 2974 1640 habuerimus,
2997 1587 3102 1629 nec
3142 1587 3243 1628 vos
3265 1570 3462 1634 nobis;
3491 1569 3595 1623 nisi

333 1677 460 1724 ταις
505 1662 670 1714 αὑτὸν
715 1659 828 1715 ἴσον
871 1661 1048 1734 πάντη
1076 1660 1268 1730 λέγετε
1299 1660 1444 1716 κατά
1475 1662 1574 1734 τὴν
1615 1661 1710 1717 νῦν
1744 1657 1912 1716 οὖσαν

2030 1676 2123 1738 iam
2155 1670 2444 1742 prophetis
2472 1669 2704 1725 omnino
2739 1667 2976 1724 similem
3014 1665 3196 1735 ipsum
3233 1661 3597 1732 dicatisjuxta

349 1750 650 1823 Ἰουδαῖκὴν
699 1751 944 1823 γνώμην.
982 1751 1093 1805 Καὶ
1137 1751 1323 1815 ἁπλῶς
1357 1753 1534 1806 πάντα
1588 1753 1657 1808 τὰ
1707 1746 1914 1808 σπάνια

2030 1737 2482 1834 praesens-dogma
2510 1759 2849 1817 Iudaeorum.
2881 1755 3078 1812 Omnia
3117 1769 3340 1825 quoque
3391 1750 3602 1820 simpli-

339 1849 432 1901 καὶ
463 1844 807 1916 ὑπερέχοντα
855 1845 956 1915 τὴν
989 1843 1153 1914 φύσιν
1193 1845 1289 1898 καὶ
1314 1845 1385 1900 τὰ
1413 1845 1674 1916 θαύματα
1716 1847 1812 1900 καὶ
1843 1839 1918 1900 ὧν

339 1939 442 1992 οὐκ
477 1939 536 1991 ἐν
580 1937 746 1990 πᾶσιν
774 1937 805 2007 ἡ
831 1935 1034 2006 γνῶσίς
1073 1936 1244 2002 ἐστιν,
1273 1929 1350 1991 ὧν
1395 1955 1456 1991 τε
1486 1936 1565 2010 μὴ
1608 1937 1796 1992 κανὼν
1821 1940 1922 1993 καὶ

339 2026 540 2096 τέχνης
583 2023 742 2093 λόγος
787 2025 1124 2097 περιγράφει
1167 2025 1268 2098 τὴν
1307 2027 1644 2100 ἐπιστήμην,
1679 2029 1712 2100 ἢ
1761 2023 1842 2091 οἷς
1887 2029 1920 2100 ἡ

342 2119 508 2188 πεῖρα
541 2117 616 2188 μὴ
650 2119 939 2188 μαρτυρεῖ,
976 2119 1198 2173 πάντων
1240 2121 1274 2190 ἡ
1305 2119 1586 2192 ἀναίρεσις
1611 2121 1736 2174 καθ’
1775 2121 1922 2191 ὑμᾶς

345 2211 520 2276 ἔσται,
551 2209 584 2281 ἢ
611 2211 687 2275 ὡς
713 2211 892 2265 εἰπεῖν
916 2212 984 2266 δι’
1005 2211 1172 2285 ὑμᾶς.
1202 2213 1316 2266 Καὶ
1343 2212 1396 2266 τί
1421 2213 1628 2268 τούτων
1663 2215 1790 2286 ὑμῖν
1815 2218 1926 2286 χετ-

349 2317 442 2374 ρον
475 2302 542 2357 ἀν
575 2319 661 2366 τις
694 2303 1076 2372 ἐγκαλέσειεν;
1119 2305 1182 2359 Et
1228 2305 1286 2358 δὲ
1322 2305 1388 2378 δὴ
1420 2307 1558 2370 ὅλως
1589 2307 1685 2360 τοῦ
1719 2323 1922 2379 γραφι-

348 2395 446 2450 κοῦ
473 2395 635 2465 λόγου
661 2398 1153 2466 τῆςκδιδασκαλίας
1185 2397 1521 2470 ἀξιούμενοι,
1551 2401 1926 2469 κατανύγεσθε

348 2487 665 2558 πεισθῆναι,
701 2489 884 2554 καθὼς
915 2491 1010 2544 νῦν
1053 2493 1187 2563 ἡμῖν
1235 2491 1562 2564 ὑπέσχεσθε,
1607 2493 1699 2547 καὶ
1735 2493 1834 2566 τὴν
1863 2498 1928 2550 ἐκ

349 2580 460 2636 τῶν
505 2581 882 2637 θεοπνεύστων
912 2583 1113 2652 λογίων
1153 2586 1468 2657 μαρτυρίαν
1514 2587 1926 2657 παραδέχεσθε,

349 2673 450 2742 ὸψέ
473 2672 604 2742 γοῦν
635 2674 992 2744 διεγνωκότες
1033 2677 1118 2730 ὅτι
1149 2677 1438 2749 ἐμώρανεν
1475 2681 1504 2732 ὁ
1539 2679 1671 2742 Θεὸς
1713 2678 1814 2748 τὴν
1842 2696 1931 2733 σο-

351 2763 484 2832 ςείαν
515 2763 608 2816 τοῦ
638 2765 848 2836 κόσμου
876 2766 1093 2834 τούτου,
1132 2769 1359 2840 μυρίαις
1403 2769 1471 2824 ἂν
1513 2771 1660 2840 ὑμᾶς
1703 2768 1930 2842 ἔχοιμεν

351 2857 675 2928 δυσωπῆσαι
705 2860 828 2934 ταῖς
857 2859 1119 2931 χρήσεσιν
1139 2876 1152 2891 ⁸
1192 2861 1270 2924 ὡς
1313 2861 1450 2915 Θεοῦ
1481 2862 1740 2934 .άληθοῦς
1790 2865 1932 2935 πρὸς

351 2949 641 3024 ἄνθρωπον
675 2952 852 3026 ἀληθῆ
891 2955 1118 3025 γέγονεν
1159 2955 1383 3028 ἀληθῶς
1415 2961 1450 3028 ἡ
1486 2959 1692 3028 φυσικὴ
1741 2959 1930 3012 σύνθε-

2019 1857 2160 1912 citer
2212 1869 2376 1920 rara,
2424 1861 2677 1908 naturam
2717 1847 3150 1911 antecellentis,
3209 1843 3460 1916 prodigia
3509 1841 3602 1896 illa

2019 1963 2260 2020 quorum
2291 1962 2404 2004 non
2427 1945 2588 2017 plana
2615 1943 2860 2016 cognitio
2883 1951 2988 2008 est,
3015 1955 3366 2012 quorumque
3395 1939 3484 1994 lex
3515 1937 3602 1990 vel

2025 2044 2279 2100 technica
2308 2056 2414 2097 vox
2442 2055 2554 2096 non
2589 2038 2877 2095 scientiam
2915 2034 3131 2101 deﬁnit,
3178 2033 3266 2091 vel
3313 2047 3441 2103 qua:
3491 2045 3603 2086 non

2023 2139 2222 2210 probat
2251 2135 2614 2207 experientia.
2666 2133 2939 2191 tolluntur
2985 2144 3018 2185 e
3060 2128 3245 2184 medio
3274 2127 3431 2197 juxta
3483 2139 3600 2187 vos,

2023 2229 2110 2284 vel
2145 2229 2306 2284 aliter
2357 2243 2460 2299 per
2508 2242 2629 2283 vos.
2681 2223 2824 2292 Quid
2873 2223 3029 2294 pejus
3077 2219 3238 2277 vobis
3278 2215 3603 2288 exprobrari

2025 2319 2250 2390 posset?
2285 2318 2342 2374 Si
2367 2327 2575 2382 autem,
2605 2325 2897 2388 postquam
2929 2311 3165 2372 verbum
3195 2311 3471 2380 scriptum
3502 2306 3604 2362 do-

2026 2411 2221 2469 ctrinae
2241 2411 2400 2481 plane
2429 2407 2773 2480 receperitis,
2800 2409 2998 2476 parere
3028 2400 3348 2464 renueritis,
3375 2410 3435 2456 ut
3457 2413 3605 2452 nunc

2027 2501 2192 2556 nobis
2231 2499 2561 2565 ostenditis,
2607 2512 2786 2568 exque
2820 2495 3026 2551 divinis
3063 2493 3308 2550 oraculis
3350 2491 3605 2546 testimo-

2029 2593 2185 2646 nium
2223 2591 2490 2661 recipitis,
2525 2600 2678 2646 certe
2731 2597 3020 2658 postquam
3063 2599 3189 2640 sero
3234 2581 3606 2654 cognoveritis

2030 2683 2202 2738 Deum
2219 2681 2545 2752 sapientiam
2573 2680 2740 2750 hujus
2761 2678 2952 2734 mundi
2975 2675 3200 2733 stultam
3229 2673 3434 2729 facere.
3457 2671 3608 2728 mille

2029 2773 2272 2828 oraculis
2327 2785 2426 2826 vos
2477 2769 2810 2826 convincere
2871 2767 3216 2838 poterimus,
3265 2765 3362 2820 Dei
3393 2763 3509 2818 veri
3539 2762 3606 2816 ad

2032 2865 2314 2920 limnincm
2330 2879 2522 2918 verum
2542 2873 2674 2918 vere
2699 2860 2898 2917 factum
2926 2858 3097 2915 fuisse
3119 2857 3426 2912 naturalem
3452 2854 3612 2910 unin-

2032 2972 2160 3012 ncm
2193 2955 2413 3010 Domini
2460 2952 2636 3009 nostri
2683 2953 2815 3010 Jesu
2861 2950 3110 3018 Christi,
3161 2949 3364 3004 unione
3407 2955 3611 3002 sanctae

355 3059 442 3136 σις
471 3041 566 3097 τοῦ
610 3042 886 3098 Δεσπότου
925 3045 1086 3116 ἡμῶν
1135 3045 1313 3116 Ἰησοῦ
1351 3047 1590 3116 Χριστοῦ
1615 3065 1631 3082 ο
1675 3051 1737 3102 ού
1797 3067 1927 3118 προ-

2033 3045 2217 3100 carnis
2237 3044 2412 3114 ipsius
2433 3043 2498 3098 ad
2517 3042 2764 3099 Verbum
2785 3057 2895 3097 non
2921 3030 3358 3111 praeexsistente,
3392 3035 3486 3093 sed
3515 3052 3614 3091 na-

355 3133 670 3204 οποπάσης
695 3136 798 3201 τῆς
825 3133 963 3206 πρὸς
1006 3135 1100 3188 τδν
1140 3136 1314 3203 Λόγον
1353 3137 1600 3200 ἐνώσεως
1635 3139 1735 3206 τῆς
1769 3139 1927 3206 ἁγίας

2038 3144 2160 3189 tura
2193 3133 2724 3204 participationeque
2757 3140 2973 3188 naturae
2997 3133 3052 3186 in
3087 3145 3156 3188 eo
3183 3131 3278 3200 qui
3309 3144 3478 3200 supra
3508 3143 3612 3182 na~

352 3221 521 3278 αὑτοῦ
553 3221 780 3293 σαρκὸς,
810 3223 927 3277 ἀλλ’
955 3222 1074 3296 ἅμα
1095 3240 1156 3277 τε
1187 3223 1350 3293 φύσις
1387 3225 1480 3278 καὶ
1513 3225 1826 3297 συμφύησις
1855 3224 1934 3296 τῷ

355 3311 652 3382 ὑπερφυεῖ.

427 3401 702 3456 Σκεπτέον
739 3403 798 3456 δέ
827 3403 924 3459 καὶ
959 3403 1134 3469 οὕτως
1165 3403 1250 3458 ἐτι
1285 3407 1418 3478 περὶ
1463 3407 1657 3462 τούτου
1701 3408 1771 3463 τὰ
1803 3408 1932 3478 παρ’

357 3495 519 3566 ἡμῶν
540 3511 558 3530 σ
593 3495 678 3550 ὅτι
709 3496 832 3550 τινὰ
875 3495 1146 3568 ὀργανικὰ
1182 3497 1350 3572 μόρια
1383 3503 1442 3554 ἐν
1481 3501 1614 3572 ἡμῖν
1637 3499 1746 3554 τῶν
1779 3518 1936 3572 φυσι-

357 3587 472 3643 κῶν
509 3605 572 3642 τε
616 3588 712 3642 καὶ
769 3589 1107 3644 ἰδικωτάτων
1149 3591 1445 3662 ἐνεργειῶν
1496 3595 1606 3648 εισι
1631 3610 1645 3624 ·
1687 3595 1784 3648 καὶ
1835 3594 1934 3666 οὐχ

357 3679 508 3740 ἁπλᾶ
553 3679 762 3752 όργανα
810 3679 886 3744 ὡς
926 3679 1128 3746 ἔξωθεν
1165 3683 1541 3754 ἐνεργούμενα
1597 3685 1803 3738 νοοῖντο
1842 3683 1929 3750 ἂν,

356 3771 497 3826 ἀλλὰ
524 3774 622 3827 καὶ
651 3773 1019 3842 συνεργοῦντα
1055 3776 1170 3838 τοῖς
1195 3775 1255 3828 ἐν
1303 3775 1490 3840 αὐτοῖς
1524 3792 1586 3830 τε
1617 3775 1712 3830 καὶ⁹
1738 3775 1806 3830 δι’
1833 3777 1936 3829 αῦ-

353 3865 468 3920 τῶν
495 3865 789 3938 ἐνεργοῦσι
821 3865 966 3918 κατὰ
1001 3865 1187 3935 φύσιν,
1222 3867 1320 3921 καὶ
1367 3868 1487 3938 μετ’
1517 3867 1699 3922 αὐτῶν
1723 3885 1776 3921 τι
1805 3883 1939 3940 προ-

358 3957 618 4024 ιὶγουσιν⁹
653 3953 846 4026 ὥσπερ
881 3954 1158 4027 ἀνθρώπῳ
1193 3957 1412 4026 γλῶττα
1461 3959 1557 4012 καὶ
1581 3957 1809 4031 ὑπερῷα
1843 3959 1937 4014 καὶ

355 4052 426 4102 τὰ
455 4045 623 4102 λοιπά
665 4046 954 4119 φωνητικά
989 4065 1050 4101 τε
1093 4048 1191 4102 καὶ
1227 4049 1544 4104 διαλεκτικὰ
1587 4049 1622 4121 ἢ
1653 4049 1748 4104 καὶ
1775 4050 1939 4118 γελα-

361 4139 527 4193 στικὰ
559 4139 746 4211 μόρια.
794 4138 948 4192 Ἐπεὶ
975 4133 1069 4194 οὖν
1104 4140 1397 4212 ιδικωτάτη
1421 4143 1523 4212 τῆς
1539 4139 1688 4205 θείας
1719 4140 1938 4210 φύσεως

288 4284 298 4294 κ
359 4231 616 4303 ἐνέργεια
666 4230 1018 4304 ὡμολόγηται
1050 4233 1084 4303 ἡ
1115 4231 1228 4286 τῶν
1260 4233 1500 4304 μηδέπω·
1522 4232 1658 4305 μηδέ
1708 4232 1938 4304 δυνάμει

358 4321 548 4388 ὅντων,
605 4321 722 4378 ἀλλ’
773 4323 920 4378 ἄνευ.
945 4322 1167 4394 φύσεώς
1210 4342 1359 4389 τινος
1401 4325 1626 4396 ἀμέσως
1667 4322 1928 4392 ἐξαύτοῦ

2036 3237 2214 3283 turam
2239 3233 2318 3280 est
2339 3225 2690 3281 consociatis.

2109 3407 2280 3462 Nobis
2307 3412 2490 3460 autem
2517 3404 2719 3464 adhuc
2742 3403 2811 3458 de
2853 3402 2958 3456 hoc
2985 3397 3456 3456 considerandum
3503 3405 3610 3458 est,

2038 3503 2093 3556 in
2125 3499 2295 3556 nobis
2309 3513 2432 3554 esse
2464 3497 2730 3568 quasdam
2752 3502 2938 3567 partes
2961 3493 3248 3566 organicas
3273 3487 3614 3546 naturalium

2035 3593 2473 3666 specialiumque
2517 3590 2942 3661 operationum;
2976 3601 3080 3643 nec
3105 3585 3379 3656 simplicia
3409 3597 3615 3653 organa

2037 3694 2299 3756 tanquam
2336 3683 2585 3740 exterius
2613 3679 3164 3754 operantia~intelllgi
3197 3684 3461 3749 possent,
3517 3675 3628 3731 sed

2037 3787 2299 3848 tanquam
2328 3774 2686 3846 cooperantia
2715 3787 2840 3828 cum
2874 3772 2984 3828 illis
3015 3785 3144 3841 quae,
3169 3769 3224 3824 in
3257 3767 3394 3837 ipsis
3435 3775 3620 3836 et-per

2037 3872 2156 3944 ipsa
2182 3872 2340 3943 juxta
2359 3877 2616 3925 naturam
2641 3875 2966 3937 operantur,
2992 3877 3232 3932 cumque
3267 3859 3376 3914 illis
3405 3857 3615 3928 aliquid

2038 3965 2372 4038 producunt,
2401 3972 2464 4019 ut
2487 3962 2543 4016 in
2561 3959 2786 4015 homine
2811 3959 3018 4028 lingua,
3043 3955 3288 4026 palatum
3306 3959 3617 4022 creteraque

2038 4058 2106 4115 ad
2141 4072 2363 4123 sonum,
2397 4053 2709 4112 vocem'vel
2742 4051 2914 4108 risum
2947 4046 3456 4120 spectantia..Cum
3483 4057 3618 4114 ergo

2038 4149 2273 4206 maxime
2314 4157 2529 4204 naturae
2574 4145 2781 4202 divinae
2815 4143 3038 4214 propria
3067 4148 3399 4212 agnoscatur
3423 4151 3618 4191 eorum

2037 4258 2162 4316 quae
2189 4241 2446 4298 nondum‘
2468 4255 2576 4294 nec
2608 4237 2856 4308 potentia
2880 4243 3011 4290 sunt
3033 4232 3287 4304 operatio
3307 4272 3322 4294 ,
3373 4229 3469 4288 sed
3498 4230 3618 4286 sine

2039 4333 2154 4390 ulla
2177 4338 2375 4386 natura
2398 4327 2716 4385 immediate
2743 4341 2813 4382 ex
2852 4325 2974 4396 ipso
2995 4321 3438 4394 provenientium
3467 4334 3612 4375 crea-

363 4412 758 4484 προσγομένων
786 4413 1032 4485 ποίησις,
1063 4415 1154 4470 οἵα
1183 4416 1332 4470 ἐστὶν
1359 4418 1395 4488 ἡ
1421 4416 1532 4470 ἀπὸ
1565 4417 1674 4486 γῆς
1703 4416 1802 4488 τῆς
1839 4416 1927 4471 ἀν-

2045 4423 2144 4491 ιίο,
2175 4431 2344 4493 prout
2371 4427 2456 4478 est
2497 4434 2564 4474 ex
2609 4425 2758 4472 terra
2811 4415 2994 4470 carnis
3035 4411 3399 4468 humanae-ad
3447 4411 3616 4466 vitam

363 4499 648 4572 θρωπίνης
695 4502 898 4572 σαρκὸς
951 4503 1089 4574 πρὸς
1137 4502 1530 4578 ζωὴν-πλάσις
1568 4504 1798 4577 (ταύτην
1821 4505 1878 4558 δὲ
1909 4507 1939 4558 ὁ

363 4593 644 4664 Δεσπότης
675 4593 834 4664 ήμῶν
862 4595 958 4648 καὶ
989 4594 1124 4660 Θεὸς
1158 4594 1372 4668 Ἰησοῦς
1405 4599 1434 4651 ὁ
1463 4597 1700 4669 Χριστὸς
1729 4596 1942 4652 ἐπεδεί-

364 4679 494 4744 ξατο
521 4679 622 4734 ἐπὶ
647 4681 745 4734 τοῦ
779 4681 844 4735 ἐκ
881 4683 1112 4754 γενετῆς
1145 4683 1378 4754 τυφλοῦ,
1412 4686 1510 4739 καὶ
1562 4685 1654 4740 διὰ
1687 4685 1940 4756 σώματος

362 4769 570 4823 οἰκείου
602 4769 811 4842 ταύτην
842 4771 1140 4844 ἐνήργησε,
1174 4772 1468 4838 δακτύλοις
1498 4774 1814 4845 πηλοποιῶν
1847 4776 1942 4830 καλ⁵

361 4861 708 4918 διαπλάττων
732 4863 900 4918 αὐτοῦ
917 4867 1044 4928 τοὺς
1059 4866 1396 4938 ὀφθαλμοὺς,
1419 4866 1597 4922 καίτοι
1618 4865 1762 4936 λόγῳ
1795 4866 1942 4938 μόνῳ

361 4955 490 5008 τάδε
520 4957 703 5010 ποιεῖν,
725 4955 1058 5026 δυνάμενος)
1082 4973 1096 4986 ’
1125 4957 1285 5024 δῆλον
1335 4959 1411 5024 ὡς
1461 4959 1606 5013 κατά
1643 4958 1806 5030 φύσιν
1842 4959 1942 5032 τὴν

363 5047 544 5117 σάρκα
582 5046 751 5101 αὐτοῦ
803 5048 1094 5121 παριστῶν
1121 5049 1272 5122 αὐτῷ
1307 5050 1655 5119 συγκεῖσθαι,
1700 5051 1828 5106 τάδε
1858 5051 1943 5106 οὔ·

361 5155 470 5203 τως
505 5142 682 5192 ποιεῖ·
719 5138 856 5200 διότι
888 5140 958 5194 τὰ
991 5141 1326 5206 ίδικωτάτως
1365 5141 1532 5196 αὐτοῦ
1577 5143 1680 5216 τῆς
1723 5143 1942 5212 φύσεως

361 5229 514 5293 ὄντα,
546 5231 638 5284 διὰ
678 5231 774 5284 τοῦ
813 5230 1088 5304 σώματος,
1117 5234 1480 5306 ἀνθρωπίνως
1511 5236 1756 5308 ἐνεργῶν
1795 5253 1935 5306 προ-

363 5321 644 5376 ϐάλλεται.
677 5324 895 5395 Ὥσπερ
931 5320 1026 5378 οὖν
1067 5343 1152 5390 τις
1200 5326 1322 5380 οὐδὲ
1353 5326 1592 5396 θελήσας
1617 5325 1842 5382 δύναιτο
1873 5326 1942 5382 ἂν

363 5415 432 5470 δι’
460 5417 696 5487 ὀργάνου
739 5419 884 5482 τινὸς
914 5419 1208 5474 ἀσυνθέτου
1247 5421 1384 5494 πρὸς
1411 5421 1578 5476 αὐτὸν
1611 5421 1766 5486 όντος
1799 5421 1943 5476 κατά

365 5507 551 5575 φύσιν,
589 5507 752 5573 αὐτὸς
781 5509 968 5565 λαλεῖν
1015 5513 1048 5583 ἢ
1080 5511 1246 5584 γελᾷν
1291 5513 1390 5568 καὶ
1420 5514 1939 5585 προσδιαλέγεσθαι,

365 5595 542 5662 οῦτως
569 5597 692 5652 οὐδὲ
722 5599 854 5662 Θεδς
889 5602 962 5672 μὴ
1002 5603 1144 5657 κατὰ
1176 5603 1340 5673 φύσιν
1372 5607 1439 5675 τῇ
1477 5605 1583 5676 ίδίᾳ
1606 5605 1776 5678 σαρκὶ
1809 5623 1942 5675 συγ-

369 5690 642 5762 κείμενος,
675 5693 771 5757 τᾶς
805 5693 1130 5760 ἰδικωτάτας
1160 5697 1296 5752 Θεοῦ
1341 5699 1620 5769 ἐνεργείας
1669 5699 1758 5754 διὰ
1806 5717 1940 5772 σαρ-

2043 4511 2252 4584 plasma
2281 4511 2456 4580 (hanc
2485 4517 2668 4563 autem
2698 4505 2968 4561 Dominus
2993 4512 3186 4559 noster
3205 4511 3264 4558 et
3295 4503 3440 4558 Deus
3457 4502 3619 4559 Jesus

2040 4601 2298 4659 Christus
2319 4598 2566 4656 ostendit
2587 4598 2644 4653 in
2661 4611 2728 4652 eo
2747 4595 2842 4667 qui
2873 4611 2941 4651 ex
2959 4593 3248 4650 nativitate
3271 4601 3390 4648 erat
3414 4607 3617 4654 aecus,

2041 4709 2106 4748 ac
2133 4706 2234 4763 per
2259 4705 2430 4746 suum
2445 4701 2650 4758 corpus
2680 4686 2964 4751 exercuit,
2995 4683 3185 4754 digitis
3208 4683 3388 4737 lutum
3417 4681 3621 4740 faciens

2041 4783 2357 4852 liniensque
2385 4779 2578 4836 oculos
2601 4779 2744 4850 ejus,
2769 4777 2878 4832 etsi
2921 4777 3098 4832 verbo
3125 4775 3259 4832 solo-
3278 4776 3398 4830 haec
3439 4773 3620 4829 facere

2042 4873 2369 4946 potuisset);
2393 4878 2456 4926 ut
2475 4887 2701 4928 carnem
2724 4885 2880 4928 suam
2899 4871 3055 4940 juxta
3079 4877 3338 4924 naturam
3369 4865 3636 4921 sibimetv

2043 4964 2148 5037 ipsi
2181 4962 2331 5020 ιιιῐὶτί
2357 4960 2698 5028 ostenderet,
2717 4962 2800 5016 sic
2819 4974 2886 5014 ea
2917 4958 3096 5014 facere
3123 4967 3306 5030 patet;
3328 4965 3622 5028 propterea

2043 5059 2322 5128 quaesunt
2347 5055 2583 5110 maxime
2603 5052 2832 5125 propria
2855 5050 3032 5122 ipsius
3048 5057 3261 5105 naturae
3279 5089 3294 5110 ,
3330 5063 3428 5119 per
3459 5064 3618 5104 suum

2043 5163 2270 5220 corpus,
2303 5147 2546 5203 humano
2576 5145 2742 5200 modo
2765 5159 2933 5214 agens
2959 5143 3229 5214 propalat.
3248 5141 3619 5210 Quemadmo-

2043 5239 2176 5294 dum
2206 5255 2338 5310 ergo
2373 5237 2594 5309 aliquis,
2618 5238 2724 5294 etsi
2747 5238 2936 5302 vellet,
2975 5252 3074 5308 per
3093 5251 3361 5308 organum
3396 5231 3618 5302 aliquod

2043 5347 2154 5386 non
2181 5330 2248 5386 ad
2279 5331 2459 5400 ipsum
2485 5329 2700 5384 unitum
2723 5329 2880 5400 juxta
2903 5337 3178 5392 naturam,
3209 5327 3362 5398 loqui
3411 5323 3495 5378 vel
3549 5322 3615 5376 ri-

2044 5421 2177 5478 dére
2208 5423 2294 5477 vel
2325 5420 2583 5476 confer-re
2622 5421 2920 5490 nequiret,
2968 5418 3045 5473 ita
3092 5432 3198 5474 nec
3237 5416 3421 5478 Deus,
3466 5411 3619 5482 juxta

2043 5523 2296 5570 naturam
2339 5513 2578 5584 propriae
2633 5512 2788 5567 carni
2836 5527 2946 5565 non
2995 5509 3220 5572 unitus,
3271 5505 3624 5574 operatione-5

2044 5606 2282 5660 maxime
2305 5605 2416 5660 Deo
2445 5601 2700 5674 proprias
2741 5617 2842 5673 per
2889 5616 3112 5679 carnem
3155 5613 3264 5654 non
3311 5594 3624 5651 exhiberet.

2045 5698 2114 5755 At
2139 5714 2268 5756 vere
2304 5697 2418 5753 sola
2445 5705 2689 5768 potestas
2721 5693 2908 5750 divina
2941 5693 3218 5748 mediante
3239 5689 3465 5762 proprio
3503 5703 3614 5744 cor-
