3932 6152
394 316 529 382 1467

389 444 610 508 poterat
643 433 879 490 transire
909 434 967 489 in
997 433 1178 504 ipsum
1219 443 1274 488 et
1315 450 1417 488 nos
1445 435 1650 504 absque
1683 437 1961 490 essentiali
1994 445 2035 498 Α

389 527 460 584 ad
495 538 756 596 utrosque
795 525 1032 580 invicem
1085 525 1258 595 ipsius
1305 527 1530 580 unione.
1563 526 1620 580 Si
1660 543 1791 582 vero
1821 527 1961 581 nihil

389 619 685 676 dicendum
715 619 922 674 habent
965 616 1291 690 (suﬂiciebat
1312 617 1460 672 enim
1498 618 1829 672 intercessus
1860 620 1960 671 ho-

386 707 550 761 minis
571 721 635 760 ex
667 707 819 760 nobis
841 706 1102 772 assumpti
1128 713 1182 756 et
1210 704 1608 774 beueplacitum
1639 703 1731 758 Dei
1759 701 1960 770 Verbi,

372 797 548 851 etiam
600 795 806 864 absque
855 793 1430 864 tn.ione-hujusmodi,
1471 804 1529 848 ut
1583 792 1739 849 nobis
1771 792 1951 850 omni!

380 888 754 958 cujuscunque
817 886 1070 942 beneﬁcii
1135 901 1299 941 causa
1361 897 1592 951 essent,
1662 885 1954 956 ipsumque

372 979 726 1034 ostenderent
781 993 974 1035 rursus
1019 977 1293 1048 Optimum
1344 978 1736 1048 Dominumque
1770 977 1952 1034 omnis

372 1082 660 1136 creaturae,
701 1073 756 1128 iu
789 1088 1076 1142 personam
1113 1073 1206 1128 Dei
1241 1071 1432 1138 Verbi,
1471 1088 1582 1144 quo
1609 1073 1744 1128 nihil
1779 1085 1948 1127 vene-

383 1164 610 1220 rabilius
639 1163 782 1234 quod
827 1165 879 1218 iu
930 1175 1180 1220 naturam
1218 1177 1457 1220 creatam
1485 1167 1692 1221 intrare
1735 1162 1948 1234 possit),

371 1257 646 1327 quomodo
676 1255 948 1325 superﬂua
977 1265 1032 1310 et
1059 1270 1196 1310 vana
1233 1271 1338 1310 non
1396 1257 1502 1310 erit
1547 1257 1643 1313 Dei
1681 1256 1844 1318 Verbi
1877 1266 1946 1322 ad

377 1357 626 1402 naturam
675 1358 914 1402 nostram
975 1348 1102 1403 unio
1159 1347 1486 1416 praedicata?
1538 1348 1644 1405 Sed
1702 1355 1748 1406 si
1807 1358 1939 1413 nihil

377 1438 572 1494 inutile
604 1451 704 1492 nec
727 1452 922 1492 vanum
973 1442 1084 1508 agit
1111 1437 1272 1494 Deus,
1299 1453 1406 1492 nou
1435 1454 1566 1506 ergo
1612 1441 1752 1496 Deus
1802 1443 1942 1502 Ver.

372 1531 499 1584 bum
531 1540 738 1584 natura:
766 1538 968 1584 nostra:
997 1529 1184 1584 unitus
1213 1541 1318 1586 est.

441 1719 557 1772 Prm
586 1717 1008 1786 cogitationibus
1035 1711 1308 1780 angustati
1345 1747 1360 1774 ,
1388 1709 1568 1764 omnia
1597 1724 1825 1776 qumque
1857 1709 1942 1762 lila

377 1811 532 1864 nul-is
591 1806 918 1868 volveratis,
951 1804 1244 1872 phrasibus
1304 1817 1448 1857 nunc
1495 1801 1764 1856 evolvitis.
1826 1802 1948 1854 Ideo
1995 1813 2030 1864 Β

376 1899 506 1952 illud
531 1895 857 1952 tncneamini
891 1911 906 1947 :
945 1891 1011 1947 In
1043 1892 1380 1962 multiloquia
1418 1908 1522 1945 mm
1558 1891 1726 1944 deerit
1755 1904 1948 1958 pecca-

377 2000 487 2044 tum
520 1989 582 2042 ³⁰.
617 1985 754 2054 Qua:
803 1986 948 2042 enim
1005 1983 1188 2048 vobis,
1247 1983 1431 2046 dicite,
1471 1982 1631 2050 hujus
1689 1979 1950 2048 multipli-

379 2082 460 2135 cis
486 2078 775 2133 divisionis
813 2083 931 2130 et-ut
963 2076 1206 2140 utilitas;
1256 2074 1365 2137 cui,
1389 2075 1589 2142 quibus
1629 2081 1683 2126 et
1738 2071 1824 2126 cui
1863 2071 1956 2125 be-

378 2169 710 2240 neplacitum
749 2167 1072 2223 (nconomia:
1133 2165 1328 2224 divina:
1382 2163 1628 2234 profuit?
1676 2177 1802 2218 cum
1850 2176 1954 2216 nos

379 2273 566 2329 aperte
593 2271 757 2332 atque
809 2260 1073 2315 audenter
1103 2259 1205 2312 hoc
1249 2258 1401 2312 vobis
1451 2255 1775 2324 simpliciter
1836 2253 1946 2308 cla-

380 2369 616 2418 mamus,
658 2367 764 2408 non
795 2365 1018 2423 propter
1057 2350 1274 2419 aliquod.
1329 2349 1398 2404 ad
1456 2348 1625 2418 ipsum
1675 2345 1958 2416 pertinens

379 2447 711 2503 beneﬁcium
745 2446 988 2501 divinam
1050 2456 1300 2499 naturam
1331 2455 1529 2498 nostra:
1596 2441 1741 2496 uuiri
1784 2440 1958 2495 luisse

380 2541 828 2611 diguaIam;boc
877 2540 1022 2593 enim
1071 2540 1252 2593 dicere
1299 2539 1382 2594 vel
1442 2538 1678 2608 cogitare
1725 2535 1875 2590 absit
1925 2549 1958 2588 a

379 2644 707 2699 quocunque
756 2630 980 2684 homine
1035 2629 1160 2700 pio!
1213 2628 1322 2685 Sed
1375 2639 1602 2700 propter
1659 2629 1954 2684 maximam

383 2722 559 2778 solum
617 2721 1054 2778 benevolentiam
1129 2722 1300 2791 ipsius
1351 2723 1404 2776 in
1467 2737 1584 2787 nos,
1649 2721 1954 2780 incarnatio

384 2815 560 2885 ipsius
614 2813 758 2869 facta
817 2825 944 2882 est;
999 2815 1073 2868 ita
1161 2825 1218 2868 ut
1286 2815 1426 2870 facta
1499 2815 1668 2870 luerit
1749 2817 1958 2872 homini

385 2895 674 2952 Dominico
703 2900 964 2962 tanquam
987 2888 1312 2946 delibationi
1333 2887 1586 2946 humana:
1613 2901 1824 2952 massae,
1855 2887 1970 2955 pri-

385 2985 668 3057 mogenita
723 2985 1026 3040 multorum
1069 2981 1306 3036 fratrum
1370 2979 1650 3049 capitique
1713 2977 1967 3048 corporis

385 3077 669 3142 Ecclesiae,
720 3073 988 3146 primario
1057 3071 1322 3143 primaria
1373 3069 1752 3138 assumptione
1799 3077 1968 3137 atque

386 3145 739 3232 immediate,
764 3165 970 3220 unione
1021 3164 1400 3233 omnipotente
1455 3161 1632 3232 ipsius
1684 3161 1754 3215 ad
1810 3159 1960 3213 illam
1989 3145 2034 3202 (ἶ

384 3274 486 3332 per
504 3255 841 3328 hypostasim
867 3257 925 3310 in
954 3263 1208 3310 naturam
1230 3252 1852 3324 propriam,secundum
1879 3252 1960 3305 di-

385 3350 552 3406 vitias
576 3347 896 3418 apotheosis
921 3342 1359 3418 [deilicationis],
1377 3359 1478 3414 pro
1495 3343 1700 3397 unione
1718 3341 1866 3396 illius
1887 3341 1957 3395 ad

386 3445 592 3508 Deum;
621 3449 680 3496 ut
717 3441 776 3496 in
821 3448 1078 3496 catteram
1102 3439 1398 3492 humanam
1427 3451 1664 3490 massam
1697 3443 1958 3488 caeteros-

385 3550 495 3606 que
527 3534 726 3589 fratres
765 3546 832 3587 ex
867 3530 1078 3586 semine
1105 3529 1415 3597 Abraham,
1457 3537 1622 3598 atque
1661 3527 1715 3580 in
1753 3541 1957 3594 corpus

387 3625 684 3688 Ecclesiae,
741 3620 1110 3688 secundario,§
1146 3615 1565 3689 participatione
1608 3615 1956 3680 mediateque

387 3716 651 3772 transiret
668 3711 973 3770 secundum
1027 3709 1330 3780 potentiam
1387 3709 1510 3780 ejus
1551 3723 1652 3778 per
1696 3707 1956 3760 unionem

382 3814 538 3884 juxta
573 3819 826 3864 naturam
862 3805 932 3861 ad
982 3804 1223 3876 primum
1283 3811 1625 3871 assumptum
1677 3814 1744 3854 ex
1795 3796 1956 3852 nobis

387 3901 667 3957 hominem
714 3897 1085 3962 Dominicum,
1137 3902 1399 3963 tanquam
1447 3906 1512 3946 ex
1560 3891 1733 3962 ipsius
1753 3903 1951 3950 massa,

383 3993 486 4048 etsi
505 3989 918 4053 delibationem,
935 3995 1190 4056 tanquam
1206 3983 1431 4039 fratrem
1455 3981 1824 4052 unigenitum,
1849 3977 1956 4033 etsi

386 4083 810 4156 primogenitum
847 4079 1131 4148 ipsiusque
1169 4076 1442 4146 corporis,
1471 4075 1573 4128 etsi
1601 4081 1765 4142 caput
1793 4071 1955 4126 nobis

385 4173 658 4237 dividens,
704 4185 874 4224 unum
922 4167 1127 4222 factum
1161 4165 1518 4220 mediatorem
1549 4162 1646 4216 Dei
1677 4169 1734 4216 et
1778 4160 1957 4215 humi..-

384 4281 540 4332 num,
565 4261 844 4318 hominem
867 4259 1143 4316 Christum
1161 4258 1344 4314 Jesum
1364 4255 1656 4310 Dominum
1680 4260 1955 4320 nostrum.

454 4549 513 4604 Si
536 4548 718 4602 adhuc
744 4543 1016 4609 dixeritis,
1035 4551 1232 4597 natura
1253 4547 1554 4607 assumpta,
1581 4537 1793 4592 nullum
1814 4551 1954 4606 Opus
1985 4487 2030 4542 Β

385 4638 552 4694 fuisse
601 4637 714 4692 Deo
761 4635 848 4691 cui
903 4650 972 4689 ex
1019 4633 1114 4686 illa
1161 4630 1301 4685 nihil
1341 4629 1631 4700 profuerit,
1675 4636 1838 4698 atque
1886 4643 1955 4682 ex

382 4733 480 4788 illo
508 4729 718 4802 aliquid
756 4725 1047 4783 dedecoris
1093 4730 1150 4780 et
1177 4720 1540 4792 turpitudinis
1568 4721 1622 4774 in
1655 4720 1832 4790 ipsum
1865 4735 1954 4775 re-

383 4823 654 4888 dundare,
679 4821 838 4876 vobis
869 4819 1122 4874 dicemus
1149 4834 1164 4872 :
1204 4814 1330 4871 Haec
1351 4823 1436 4870 est
1463 4825 1674 4868 natura:
1701 4813 1955 4867 humanae

382 4915 680 4980 deificatio,
725 4928 826 4984 per
875 4925 1041 4982 quam
1075 4905 1388 4980 hujusmodi
1421 4904 1722 4960 bonitatem
1749 4901 1952 4958 libera-

381 5006 600 5074 lemque
647 5001 947 5072 potentiam
981 5000 1225 5070 seipsum
1275 4996 1481 5052 habere
1521 4992 1726 5048 mundo
1768 4999 1953 5046 osten-

385 5107 529 5158 tans,
567 5093 739 5164 magis
769 5107 834 5146 ac
858 5092 1032 5162 magis
1062 5089 1399 5162 glorificatur
1425 5093 1480 5140 et
1501 5091 1714 5138 amatur
1741 5083 1810 5136 ab
1835 5097 1952 5136 om-

381 5182 549 5238 nibus
575 5181 671 5250 qui
693 5179 858 5234 nohis
873 5187 1098 5249 propter
1117 5193 1220 5232 nos
1252 5175 1441 5230 unitus
1459 5182 1545 5228 est
1573 5173 1716 5228 Deus
1727 5180 1948 5239 noster;

383 5275 608 5339 haecque
650 5282 736 5326 est
765 5279 947 5324 tamen
987 5283 1152 5324 causa
1177 5268 1333 5339 juxta
1365 5265 1652 5320 stultitiam
1687 5262 1948 5328 vestram,

379 5382 482 5422 cur
509 5380 612 5420 nec
641 5378 741 5434 per
768 5360 1008 5432 seipsum
1041 5367 1288 5429 tempore
1318 5356 1509 5427 prima:
1545 5355 1838 5410 creationis
1867 5355 1950 5425 ip-

379 5474 502 5514 sum
537 5454 816 5512 hominem
857 5458 1147 5508 creaturus
1173 5449 1390 5504 fuisset.
1443 5447 1549 5503 Sed
1597 5445 1951 5517 quemadmo-

378 5548 509 5604 dum
546 5564 578 5604 e
608 5557 755 5602 terra
783 5544 867 5600 vel
898 5542 1058 5612 aquis
1085 5541 1320 5596 educere
1361 5546 1551 5596 Statuit
1587 5539 1798 5610 plantas
1824 5537 1951 5593 her-

445 5727 490 5761 "
520 5731 682 5788 Prov.
711 5752 766 5800 τ,
820 5730 900 5786 19.

1547 277 1568 297 ί
1672 323 1974 384 LEONTII
2015 325 2418 406 nrzitN'rth

2070 439 2144 530 pii)
2179 439 2412 530 ἡδύνατο
2439 443 2740 500 διαϐαίνειν
2769 449 2850 512 si”;
2891 467 2950 504 τε
2989 453 3151 510 αὐτὸν
3185 457 3280 510 καὶ
3313 459 3532 530 ἡμᾶς,
3577 461 3722 515 ἄνευ

2065 525 2482 596 τῆςούσιώδους
2519 533 2688 586 αὐτοῦ
2728 537 2865 606 πρὸς
2911 540 3182 614 ἀλλήλους
3225 525 3612 612 συνθέσεως.
3645 551 3719 604 Εἰ

2065 617 2120 671 δὲ
2153 619 2302 672 οὐδὲν
2327 619 2543 690 ἔχουσιν
2572 627 2747 679 εἰπεῖν
2789 629 2974 700 (ἤρκει
3005 633 3114 706 γὰρ
3138 637 3171 705 ἡ
3199 653 3394 707 μεσιτε
3407 640 3478 692 fa
3507 641 3624 694 τοῦ
3649 643 3711 705 ἐξ

2065 711 2222 782 ἡμῶν
2243 713 2537 800 ἀνθρώπου
2579 719 2615 789 ἦ
2648 737 2708 772 τε
2741 721 2961 777 εὐδοκία
2995 725 3088 779 τοῦ
3133 728 3269 784 Θεοῦ
3307 732 3549 802 Λόγου,
3603 736 3704 788 καὶ

2061 804 2161 872 τῆς
2184 805 2399 858 τοιᾶσδε
2439 807 2742 874 συνθέσεως
2768 811 2890 884 δίχα
2909 855 2924 878 ,
2955 817 3050 870 καὶ
3080 820 3212 888 ἡμῖν
3237 824 3571 893 παραίτιον
3603 842 3704 894 γε·

2061 894 2251 949 νέσθαι
2279 899 2484 962 παντὸς
2510 902 2822 960 οὑτινοσοῦν
2861 909 3330 983 εὐεργετήματος,
3361 917 3478 970 καὶ
3513 917 3702 971 αὐτὸν

2062 987 2343 1054 ἀποδεῖξαι
2407 990 2572 1046 πάλιν
2613 995 2902 1066 κρείττονα
2949 1003 3044 1056 καὶ
3093 1007 3372 1078 Δεσπότην
3431 1009 3692 1080 ἁπάσης

2059 1080 2194 1169 ὁμοῦ
2235 1082 2338 1150 τῆς
2377 1083 2631 1150 κτίσεως,
2688 1077 2770 1152 είς
2796 1091 3094 1162 πρόσωπον
3127 1096 3220 1150 τοῦ
3269 1098 3412 1152 Θεοῦ
3449 1077 3682 1169 Λόγου,

2060 1167 2232 1244 οὗπερ
2269 1175 2422 1226 οὐδὲν
2453 1177 2780 1250 τιμιώτερον
2804 1221 2821 1247 ,
2854 1185 2936 1248 είς
2961 1189 3190 1258 κτιστὴν
3227 1191 3394 1260 φύσιν
3433 1167 3672 1246 6:164:1-

2060 1283 2172 1320 νειν
2202 1266 2542 1338 δυνάμενον),
2582 1269 2700 1334 πῶς
2733 1273 2836 1326 οὐκ
2879 1273 3032 1330 ἔσται
3065 1281 3298 1352 περιττὴ
3326 1285 3424 1336 καὶ
3463 1283 3676 1338 είκαία

2059 1357 2153 1410 τοῦ
2193 1357 2328 1411 Θεοῦ
2357 1360 2534 1429 Λόγου
2561 1363 2697 1433 πρὸς
2717 1365 2810 1420 τὸν
2839 1367 2900 1432 ἐξ
2929 1369 3084 1438 ἡμῶν
3114 1373 3424 1443 ἄνθρωπον,
3461 1377 3501 1446 ἡ
3533 1379 3668 1431 ἐπι-

2062 1448 2412 1522 φημιζομένη
2455 1451 2742 1519 σύνθεσιςς
2783 1456 2926 1512 Ἀλλ’
2971 1462 3021 1512 εί
3065 1463 3245 1532 μάτην
3277 1482 3334 1517 τε
3367 1468 3470 1518 καὶ
3525 1470 3662 1538 εἰκῆ

2062 1543 2210 1593 ποιεῖ
2235 1541 2263 1594 ὁ
2297 1541 2430 1606 Θεὸς
2453 1543 2611 1598 οὐδὲν
2634 1585 2648 1610 ,
2679 1547 2790 1602 οὐδ’
2817 1548 2926 1620 ἄρα
2958 1552 3223 1625 συνετέθη
3246 1557 3276 1608 ὁ
3303 1555 3440 1620 Θεὸς
3475 1558 3668 1628 Λόγος

2061 1629 2138 1700 τῷ
2168 1631 2228 1696 ἐξ
2249 1633 2404 1702 ἡμῶν
2427 1633 2724 1706 ἀνθρώπῳ.
3497 1657 3511 1662 ⁸

2135 1722 2260 1786 Τοῖς
2283 1724 2551 1794 νοήμασιν
2581 1726 3055 1794 ἀποστενωθέντες
3081 1725 3170 1787 οἷά
3199 1750 3320 1788 τινα
3343 1736 3518 1808 ἐρίων
3549 1757 3662 1808 μη⁹

2060 1813 2127 1880 Δού
2135 1831 2278 1884 ματα
2306 1815 2726 1882 καταξαίνοντες
2747 1821 2904 1890 ἡμῖν,
2923 1822 3044 1876 νυνὶ
3063 1826 3184 1888 ταῖς
3205 1824 3412 1891 λέξεσιν
3436 1830 3665 1900 ἐμπλα-

2061 1906 2306 1960 τύνεσθε.
2347 1909 2438 1962 Διὸ
2484 1909 2576 1971 τὸ,
2641 1911 2737 1965 Ἐκ
2774 1917 3150 1985 πολυλογίας
3195 1921 3307 1974 οὐκ
3371 1921 3658 1992 ἐκφεύξῃ

2061 1992 2375 2081 ἁμαρτίαν,
2407 1997 2673 2053 ἐπαῖοιτε.
2693 1999 2758 2050 Τί
2781 2000 2890 2072 γὰρ
2913 2001 2976 2073 δὴ
2999 2003 3150 2074 ὑμῖν,
3183 2008 3397 2073 εἴπατε,
3430 2011 3658 2081 ταύτης

2061 2081 2220 2152 χρεία
2267 2078 2336 2154 ἦν
2359 2085 2462 2154 τῆς
2497 2085 2852 2160 πολυηιδοῦς
2899 2089 3248 2163 διαιρέσεως,
3284 2095 3380 2162 Ei;
3425 2099 3556 2152 τίνα
3590 2078 3656 2154 τε

2062 2175 2157 2228 καὶ
2194 2174 2346 2239 τίνας
2381 2178 2475 2230 καὶ
2519 2179 2646 2232 τίνα
2678 2181 2872 2248 γέγονε
2923 2183 2994 2236 τὲ
3023 2185 3124 2254 τῆς
3172 2186 3495 2258 εὐεργεσίας
3541 2193 3654 2259 τῆς

2063 2266 2216 2330 θείας
2247 2269 2592 2339 οἰκονομίαςς
2661 2271 2821 2342 ἡμῶν
2857 2275 3206 2341 εὐσυνόπτως
3233 2279 3326 2332 καὶ¹
3353 2283 3650 2353 παρρησίᾳ

2061 2357 2218 2411 τοῦτο
2247 2359 2376 2428 ὑμῖν
2421 2361 2608 2426 ἀτελῶς
2643 2361 2916 2434 βοώντων,
2945 2367 3028 2422 ὅτι
3067 2369 3129 2422 οὐ
3167 2369 3256 2424 διά
3283 2388 3408 2425 τινα
3441 2373 3522 2436 είς
3547 2374 3647 2426 αὐ-

2061 2450 2161 2520 τὴν
2189 2453 2568 2508 συντείνουσαν
2618 2456 2942 2526 εὐεργεσίαν
2975 2462 3008 2532 ἡ
3039 2459 3156 2516 Θεία
3203 2463 3366 2532 φύσις
3406 2467 3474 2534 τῇ
3505 2465 3642 2534 ἠμε-

2062 2542 2196 2614 τέρᾳ
2242 2543 2558 2614 συντεθῆναι
2603 2548 2970 2616 κατεδέξατο·
3021 2551 3182 2606 τοῦτο
3228 2553 3338 2624 γὰρ
3373 2553 3556 2622 λέγειν
3599 2556 3634 2624 ἦ

2063 2634 2204 2684 νοεῖν
2231 2634 2306 2704 μὴ
2348 2633 2558 2702 γένοιτό
2619 2655 2729 2690 τινι
2759 2639 2868 2692 τῶν
2894 2640 3162 2696 θεοσεϐὤν
3183 2659 3198 2676 ο
3233 2643 3368 2698 ἀλλά
3404 2645 3507 2699 διὰ.
3535 2645 3632 2714 τὴν

2065 2722 2122 2790 ἐξ
2141 2724 2312 2794 αὐτῆς
2345 2726 2422 2787 εἰς
2451 2727 2598 2796 ἡμᾶς
2625 2729 2787 2798 μόνον
2848 2730 3115 2802 μεγίστην
3142 2735 3490 2805 εὐεργεσίαν,
3542 2738 3628 2803 γέο

2063 2831 2219 2882 γονεν
2235 2815 2406 2884 αὐτῆς
2439 2817 2473 2886 ἡ
2495 2818 2936 2890 ὲνανθρώπησιςο
2977 2823 3119 2876 ὥστε
3155 2826 3406 2892 γενέσθαι
3431 2827 3510 2898 τῷ
3535 2829 3629 2899 μὲν

2067 2905 2333 2977 Κυριακῷ
2355 2906 2625 2979 ἀνθρώπῳ
2651 2909 2723 2972 ὡς
2749 2911 2968 2980 ἀπαρχῇ
2997 2909 3091 2963 τοῦ
3115 2913 3464 2982 ἀνθρωπίνου
3531 2935 3627 2988 φυ-

2067 2995 2310 3066 ράματος
2351 2998 2447 3050 καὶ
2497 2996 2816 3068 πρωτοτόκῳ
2847 2999 2957 3052 τῶν
2985 2999 3196 3054 πολλῶν
3229 3004 3478 3072 ἀδελφῶν
3533 3008 3623 3060 καὶ

2065 3086 2272 3155 κεφαλῇ
2310 3086 2406 3140 τοῦ
2436 3087 2537 3158 τῆς
2584 3087 2899 3157 Ἐκκλησίας
2938 3088 3206 3160 σώματος,
3247 3091 3484 3162 πρώτως
3524 3097 3618 3150 καὶ

2064 3177 2419 3248 πρωτοδὸχως
2448 3181 2542 3233 καὶ
2597 3179 2814 3250 ἀμέσως
2870 3179 2956 3233 διὰ
2991 3179 3109 3235 καθ’
3157 3181 3450 3236 ὑπόστασιν
3478 3185 3612 3254 πρὸς

2062 3269 2225 3323 αὐτὸν
2251 3271 2728 3342 συνανακρατικῆς
2750 3269 2994 3333 ἑνώσεως
3022 3272 3212 3342 αὐτῆς,
3247 3273 3323 3336 εἰς
3376 3273 3474 3345 τὴν
3513 3274 3608 3329 ιδι-

2063 3360 2164 3431 κὴν
2205 3361 2366 3430 φύσιν
2418 3361 2606 3426 αὐτοῦ,
2645 3362 2738 3416 τὸν
2768 3361 2996 3415 πλοῦτον
3037 3362 3134 3432 τῆς
3193 3363 3518 3426 ἒκθεὼσεως,
3555 3367 3616 3416 ὲκ

2061 3453 2160 3516 τῆς
2201 3454 2338 3522 πρὸς
2367 3451 2499 3506 Θεὸν
2529 3453 2842 3521 συμφυΐαςο
2869 3454 2947 3515 είς
2979 3451 3038 3504 δὲ
3066 3451 3126 3504 τὸ
3162 3451 3346 3504 λοιπὸν
3401 3454 3497 3522 τῆς
3536 3454 3620 3505 ἁν-

2063 3543 2412 3614 θρωπότητος
2435 3543 2664 3615 φύραμα
2696 3545 2791 3596 καὶ
2822 3543 2950 3608 τούς
2979 3543 3202 3608 λοιποὺς
3233 3543 3492 3612 ἀδελφοὺς
3505 3545 3622 3606 τοὺς

2062 3637 2126 3686 ἐκ
2156 3635 2468 3705 σπέρματος
2499 3635 2770 3706 Ἀδραὰμ,
2823 3636 2919 3688 καὶ
2956 3634 3018 3688 τὸ
3068 3635 3228 3705 σῶμα
3263 3635 3362 3705 τῆς
3403 3634 3621 3703 Ἐκκλη-

2063 3726 2211 3789 σίας,·
2233 3725 2504 3796 δευτέρως
2525 3725 2619 3778 καὶ
2653 3725 3076 3796 μεταληπτικῶς
3107 3729 3202 3778 καὶ
3229 3725 3486 3796 ἑμμέσως
3508 3727 3617 3780 δια-

2060 3815 2218 3886 ϐῆναι
2243 3816 2312 3869 τὰ
2339 3816 2439 3882 τῆς
2482 3815 2816 3886 ὐπεργεσίας
2849 3815 2937 3870 διὰ
2965 3816 3070 3886 τῆς
3129 3817 3270 3870 κατά
3302 3815 3466 3884 φύσιν
3497 3814 3617 3869 ένώο

2061 3925 2218 3972 σεως,
2245 3907 2346 3976 τῆς
2375 3907 2512 3978 πρὸς
2538 3909 2629 3960 τὸν
2659 3905 2876 3976 πρῶτον
2911 3888 3344 3986 εὐεργετηθέντα
3389 3907 3448 3975 ἐξ
3471 3907 3616 3978 ἡμῶν

2059 3999 2338 4072 κυριακὸν
2353 3998 2656 4068 ἄνθρωπον,
2691 3999 2764 4063 ὡς
2803 4000 2868 4052 ὲκ
2895 3999 2990 4051 τοῦ
3016 3998 3180 4052 αὐτοῦ
3231 3999 3545 4070 φυράματος
3568 4002 3613 4052 εἰ

2058 4093 2154 4146 καὶ
2169 4091 2445 4163 ἀπαρχὴν,
2477 4091 2572 4144 καὶ
2601 4091 2676 4148 ὡς
2709 4089 2938 4159 ἀδελφὸν
2985 4089 3250 4160 μονογενῆ
3279 4091 3328 4142 εί
3356 4093 3451 4144 καὶ
3479 4107 3610 4162 πρω-

2057 4183 2297 4246 τότοκον,
2359 4182 2454 4235 καὶ
2490 4181 2582 4234 τοῦ
2621 4181 2788 4234 αὐτοῦ
2844 4180 3097 4250 σώματος
3155 4181 3205 4233 εί
3239 4181 3334 4234 καὶ
3387 4180 3610 4250 κεφαλὴν

2057 4273 2186 4327 ὄντα
2205 4273 2296 4326 τὸν
2322 4274 2722 4342 μεσιτεύσαντα
2749 4273 2904 4343 ἡμῖν,
2930 4271 3026 4324 ἕνα
3053 4271 3279 4341 μεσίτην
3294 4271 3610 4340 τυγχάνοντα

2057 4361 2194 4416 Θεοῦ
2227 4365 2318 4416 καὶ
2347 4363 2670 4436 ἀνθρώπων,
2702 4363 2986 4432 ἄνθρωπον
3029 4362 3264 4434 Χριστὸν
3301 4361 3504 4432 Ἰησοῦν
3527 4362 3610 4416 τὸν

2058 4455 2262 4524 Κύριον
2296 4456 2473 4526 ἡμῶν.

2131 4543 2200 4596 Εἴ
2223 4561 2287 4616 γε
2308 4541 2400 4598 οὖν
2427 4561 2586 4612 φατε,
2630 4546 2712 4598 ὅτι
2741 4545 2837 4608 Τίς
2872 4541 2964 4598 οὖν
2995 4544 3152 4614 χρεία
3204 4539 3274 4614 ἦν
3309 4543 3606 4612 συντεθῆναι

2059 4635 2150 4689 τὸν
2206 4635 2372 4708 μηδὲν
2419 4637 2848 4709 εὐεργετηθέντα
2899 4635 3031 4689 Θεὸν
3077 4637 3146 4705 τῇ
3205 4633 3608 4704 εὐεργετηθείσῃ

2061 4723 2243 4794 φύσει,
2267 4725 2364 4778 καὶ
2392 4727 2456 4778 ὲκ
2481 4725 2670 4779 τούτου
2707 4723 2912 4789 ἀδοξεῖν
2930 4724 3022 4777 καὶ
3052 4722 3416 4793 ἀτιμάζεσθαι
3432 4737 3452 4790 ;
3471 4721 3610 4792 ἐροῦ-

2065 4829 2164 4884 μεν
2193 4815 2325 4884 ὐμῐν
2343 4852 2360 4880 ,
2379 4813 2456 4878 ὥς
2495 4815 2560 4866 Ἢ
2591 4813 2700 4866 τῶν
2725 4813 3198 4882 εὐεργετουμένων
3237 4809 3457 4874 θέωσις,
3477 4805 3609 4884 δι’ἦς

2055 4903 2322 4975 τοσαύτην
2347 4903 2660 4974 ἀγαθότητα
2697 4905 2794 4957 καὶ
2842 4902 3071 4972 δύναμιν
3098 4901 3454 4972 εὐεργετικὴν
3479 4901 3608 4970 ἔχειν

2056 4993 2249 5048 ἑαυτὸν
2278 4993 2650 5066 θριαμϐεύσας
2683 4992 2762 5063 τῷ
2793 4994 3006 5064 κόσμῳ,
3038 4991 3245 5063 μᾶλλον
3285 4991 3384 5046 καὶ
3429 4991 3606 5062 μᾶλλον

2055 5083 2337 5148 δοξάζεταί
2371 5101 2434 5138 τε
2483 5083 2578 5138 καὶ
2613 5084 2896 5154 ἀγαπᾶται
2927 5085 3079 5155 παρὰ
3122 5085 3342 5138 πάντων
3370 5085 3402 5136 ὁ
3445 5096 3608 5135 συντε-

2057 5175 2168 5239 θεὶς
2192 5177 2322 5246 ἡμῖν
2349 5174 2419 5227 δι’
2439 5176 2588 5246 ἡμᾶς
2609 5175 2744 5238 Θεὸς
2761 5176 2917 5246 ἡμῶν
2937 5192 2951 5208 ο
2981 5176 3076 5230 καὶ
3097 5175 3235 5246 αὕτη
3265 5175 3366 5246 μὲν
3388 5177 3422 5247 ἠ
3455 5175 3603 5240 αἰτία,

2054 5267 2203 5338 ὅμως
2225 5266 2366 5320 κατὰ
2385 5267 2592 5338 ταύτην
2621 5267 2652 5322 ὐ
2660 5267 2777 5338 μῶν
2795 5269 2902 5340 τὴν·
2917 5269 3198 5333 ἀπόνοιαν,
3222 5267 3347 5322 οὔτε
3365 5269 3608 5338 δημιουρ-

2057 5361 2174 5427 γεῖν
2207 5358 2312 5413 ἔδει
2345 5358 2506 5412 αὐτὸν
2525 5359 2602 5412 δι’
2651 5359 2848 5413 ἑαυτοῦ
2876 5361 3015 5414 κατά
3044 5361 3142 5431 τὴν
3193 5358 3418 5432 πρώτην
3454 5359 3608 5412 κτίσιν

2053 5450 2144 5504 τὸν
2165 5449 2449 5520 ἄνθρωπον
2467 5467 2482 5482 ο
2515 5451 2631 5505 ἀλλ’
2656 5450 2846 5524 ὥσπερ
2870 5453 2936 5522 τῇ
2961 5453 3032 5522 γῇ
3058 5452 3091 5522 ἢ
3135 5453 3250 5514 τοῖς
3279 5450 3435 5505 ὕδασι
3460 5466 3608 5520 προσ-

2056 5543 2274 5595 έταττεν
2330 5542 2621 5614 ἐξαγαγεῖν
2653 5543 2797 5614 φυτὰ
2841 5545 2938 5598 καὶ
2967 5543 3198 5614 βοτάνην
3223 5543 3442 5615 χόρτου,
3477 5544 3608 5594 ansi-
