3888 6168
206 319 372 384 1469

1181 329 1576 391 ADVERSUS
1612 331 2160 394 NESTORIANOS.
2195 357 2269 371 -·
2298 335 2444 395 LIB.
2475 335 2504 395 I

3353 342 3492 410 1470

205 447 314 500 ρον
341 429 744 523 σπέρμα-κατα
769 431 945 498 γένος,
982 433 1074 486 καὶ
1103 433 1283 505 ψυχὰς
1327 436 1574 507 ἑρπετῶν
1597 439 1806 504 ζωσῶν,

1929 459 2148 514 iamque
2210 445 2322 499 feni
2372 443 2638 501 facientes
2683 463 2872 504 semen
2899 451 3053 520 juxta
3084 465 3261 523 genus
3303 459 3508 521 suum;

195 523 309 576 καὶ
338 521 414 575 τὰ
439 521 603 576 λοιπά
624 535 638 552 ⁸
670 520 841 586 οὓτως
864 523 970 576 ἔδει
1033 525 1126 578 καὶ
1160 525 1256 580 νῦν
1305 527 1479 598 ἑτέρῳ
1513 529 1662 600 μέσῳ
1712 532 1811 600 τὴν

195 611 586 682 δημιουργίαν
603 612 992 683 ἐπιτρέψαντα,
1025 616 1100 686 μὴ
1129 616 1323 670 ἑαυτὸν
1349 617 1440 671 διὰ
1460 619 1560 688 τῆς
1583 621 1812 691 αὐτουρο

198 704 350 770 γίας
387 703 484 772 τῆς
525 701 880 773 ἀνθρωπίνης
915 706 1188 776 ποιήσεως
1219 707 1606 778 καθυϐρίζειν·
1633 709 1714 764 ἐτι
1753 711 1810 764 δὲ

207 794 366 864 μηδὲ
399 796 519 847 κατ’
566 795 750 870 εἰκόνα
781 795 920 849 ἰδίαν
947 799 1043 850 καὶ
1073 799 1334 868 ὁμοίωσιν
1353 799 1542 854 τοῦτον
1568 819 1813 872 προαγα-

205 887 368 953 γεῖν,
405 886 498 938 καὶ
523 886 615 938 τὸν
649 884 780 938 ίδιον
801 889 1132 958 χαρακτῆρα
1160 892 1218 944 ὲν
1245 889 1326 962 τῷ
1379 891 1550 962 χοῖκῷ
1582 892 1812 946 καταϐι-

202 974 414 1040 ϐάζειν
447 975 728 1046 φυράματι
751 991 769 1010 ο
824 977 906 1030 ἔτι
941 978 1000 1031 δὲ
1036 980 1274 1046 μάλιστα
1305 982 1442 1051 μηδὲ
1477 981 1656 1052 ψυχὴν
1705 983 1812 1045 ζῶ-

203 1082 319 1118 σαν
357 1066 454 1118 καὶ
505 1065 680 1136 πνοὴν
735 1066 880 1138 ζωῆς
935 1067 1018 1139 τῷ
1067 1068 1182 1141 ἰδίῳ
1231 1072 1810 1143 ὲμφυσήματιὲνιέναι

202 1155 393 1226 αὐτῷ.
425 1156 520 1212 καὶ
547 1157 839 1222 ὲνοικίζειν
870 1159 1062 1212 ἑαυτὸν
1091 1160 1151 1226 ἐξ
1191 1162 1369 1232 ἀρχῆς
1399 1163 1477 1234 τῷ
1501 1164 1678 1234 πηλῷ,
1715 1165 1812 1218 καὶ

203 1247 732 1320 ὥσπεράρραὸῶνα
757 1249 857 1318 τῆς
888 1251 1024 1321 πρὸς
1062 1252 1226 1306 αὐτὸν
1288 1253 1596 1319 συνθέσεως
1643 1273 1812 1309 κατα-

189 1341 514 1402 βάλλεσθαι
546 1345 610 1396 ἐκ
649 1343 751 1412 τῆς
781 1345 988 1408 οἰκείας
1012 1344 1227 1413 φύσεως
1255 1347 1388 1420 πρὸς
1423 1349 1524 1418 τὴν
1567 1347 1678 1402 ἀπὸ
1707 1351 1812 1420 γῆς

209 1436 408 1504 σᾶρκα
445 1451 458 1463 ·
496 1435 559 1488 οὗ
583 1435 692 1504 γὰρ
711 1437 778 1506 δὴ
805 1435 896 1494 διά
927 1455 1046 1490 τινα
1079 1438 1288 1492 οἰκείαν
1326 1440 1812 1510 εὐεργεσίαν,ούδὲ

200 1526 348 1580 ’τάδε
383 1525 700 1598 πέπρακεν·
752 1529 801 1580 εἰ
851 1527 908 1581 δὲ
957 1529 1152 1595 ταῦτα,
1184 1529 1382 1602 ἑτέραν
1436 1531 1535 1602 μὲν
1581 1529 1811 1600 δυνάμει

213 1613 546 1687 μείζοναιῖψ
584 1615 676 1670 τοῦ
697 1618 874 1671 ποιεῖν
893 1633 907 1649 ο
943 1619 1005 1672 οὐ
1035 1619 1142 1691 γὰρ
1172 1618 1236 1690 δή
1257 1637 1312 1672 τι
1331 1619 1504 1682 οὕτως
1527 1618 1678 1682 θείας
1712 1620 1813 1690 φύ-

212 1726 366 1774 σεως
399 1712 898 1782 χαρακτηριστικόν
957 1715 1130 1775 ἐστιν,
1190 1714 1266 1778 ὡς
1321 1715 1381 1767 τὸ
1423 1715 1531 1768 τῶν
1578 1715 1813 1780 λογικῶν

210 1801 381 1868 ζώων
413 1802 830 1874 δημιουργικὸν,
867 1803 991 1857 καθ’
1019 1803 1048 1856 ὃ
1072 1805 1290 1860 πάντων
1318 1804 1429 1858 τῶν
1459 1805 1697 1859 κτιστῶν
1721 1807 1816 1858 καί

213 1893 436 1964 νοερῶν
457 1893 487 1946 ὁ
520 1893 680 1964 μόνος
715 1894 962 1966 Κτίστης
993 1895 1103 1950 τῶν
1130 1896 1340 1966 νοητῶν
1371 1913 1434 1950 τε
1461 1897 1556 1950 καὶ⁵
1581 1896 1816 1965 λογικῶν

216 1982 452 2039 πάντων
477 1982 853 2038 διαστέλλεται
871 1999 886 2014 °
923 1985 978 2038 τί
1005 1985 1137 2055 ὑμῖν
1162 1986 1506 2056 ἀπεμφαῐνον
1529 1987 1707 2054 ἔδοξεν
1735 1989 1816 2049 είς

215 2075 293 2128 τὰ
314 2073 420 2144 τῆς
449 2073 684 2138 κτίσεως
698 2073 794 2128 τοῦ
819 2073 1114 2146 ἀνθρώπου
1141 2075 1333 2148 μηδενὶ
1351 2077 1526 2148 ἑτέρῳ
1547 2078 1654 2132 τῶν
1685 2079 1818 2147 παρ’

216 2166 394 2232 αὐτὸν
431 2167 526 2220 καὶ
558 2167 647 2220 ὑπ’
679 2167 844 2221 αὐτὸν
877 2167 1046 2231 ὅντως
1092 2153 1564 2239 ἐγχειρισάμενος,
1605 2169 1700 2224 καὶ
1724 2169 1819 2222 νῦν

215 2258 294 2313 τὰ
320 2261 422 2330 τῆς
442 2259 782 2322 ἀνακτίσεως
818 2257 985 2313 αὐτοῦ
1016 2259 1398 2330 αύτουργικῶς
1425 2261 1587 2324 αὐτὸς
1617 2259 1818 2313 ὑπεδύ-

221 2366 403 2417 σατο;
437 2349 520 2404 ἔτι
543 2351 602 2405 δὲ
631 2351 686 2404 τί
729 2349 797 2405 ἂν
832 2351 1042 2405 εἴποιτε
1083 2352 1364 2414 Μωῦσέως
1411 2352 1643 2422 ἄγγελον
1700 2369 1820 2406 συν-

219 2441 518 2510 οδοιπόρον
551 2442 646 2495 καὶ
679 2442 876 2512 ὁδηγὸν
917 2443 1056 2514 πρὸς
1099 2441 1196 2513 τὴν
1219 2442 1326 2512 γῆν
1356 2443 1458 2512 τῆς
1479 2441 1822 2510 ἐπαγγελίας

219 2532 290 2599 ἐξ
309 2531 594 2601 Αἰγύπτου
649 2532 726 2602 μὴ
777 2533 1216 2604 καταδεχομένου
1261 2533 1452 2588 λαϐεῖν
1482 2572 1498 2598 ,
1549 2533 1644 2588 τοῦ
1681 2533 1818 2587 Θεοῦ

215 2623 390 2679 τοῦτο
419 2623 800 2697 προτείνοντος
831 2623 1185 2696 αὐτῷ;’Δλλ’
1210 2627 1260 2679 εί
1289 2626 1390 2696 μὲν
1418 2625 1580 2688 αὐτὸς
1607 2641 1822 2695 συμπο-

223 2715 405 2790 ρεύσῃ
431 2715 552 2786 μεθ’
581 2715 762 2787 ἡμῶν,
806 2717 1101 2786 φήσαντος,
1163 2716 1370 2770 ἑπείτοι
1395 2733 1458 2785 γε
1489 2716 1591 2769 οὐκ
1613 2714 1824 2786 ἀναδη-

223 2810 477 2880 σὸμεθαο
535 2811 632 2864 καὶ
685 2811 783 2880 τῆς
829 2811 1173 2882 θεοπρεποῦς
1239 2809 1660 2882 φιλανθρωπίας
1715 2806 1822 2862 τοῦ

227 2897 447 2968 ἀγαθοῦ
473 2899 693 2952 πάντων
711 2899 941 2969 Κυρίου,
969 2900 1064 2952 καὶ
1089 2896 1253 2952 τοῦτο
1299 2897 1622 2966 διακονῆσαι
1680 2895 1824 2950 κατὰ

229 2991 340 3060 τὴν
363 2987 460 3044 τοῦ
497 2989 630 3044 ἰδίου
659 2989 993 3060 θεράποντος
1019 2989 1298 3058 ἀπόφασιν
1336 2985 1784 3056 καταδεξαμένης
1805 3004 1821 3018 ·

233 3081 372 3136 καὶὸ
389 3081 568 3152 φήσας
592 3080 652 3134 δὲ
673 3081 982 3150 προφήτης
1001 3081 1124 3133 οὐκ
1141 3079 1417 3148 ἄγγελος,
1436 3077 1575 3132 ἀλλ’
1594 3075 1778 3140 αὐτὸς
1793 3077 1826 3129 ὀ

1919 534 2132 590 animas
2184 551 2408 606 quoque
2471 536 2777 591 viventium
2836 540 3122 610 reptilium
3151 551 3210 598 et
3256 555 3492 612 caetera;

1919 625 2000 680 sic
2038 641 2148 680 non
2181 625 2236 680 in
2269 627 2448 696 ipsum
2475 627 2542 682 ad
2577 629 2810 684 alterum
2865 631 3106 687 medium
3155 633 3493 692 creationem

1917 725 2332 772 convertentem
2367 727 2594 788 prepter
2629 735 2770 789 opus
2796 735 2959 782 suum
2990 722 3217 780 factum
3242 725 3495 781 humanae

1918 803 2356 860 redundaturum
2405 818 2527 861 erat
2573 807 2856 875 dedecus;
2907 825 3011 866 nec
3055 812 3223 867 etiam
3269 829 3392 868 cum
3423 815 3499 870 ad

1918 894 2212 966 imaginem
2267 911 2424 950 suam
2475 913 2540 951 ac
2583 897 3006 956 similitudinem
3051 901 3207 957 illum
3263 903 3492 968 faceret,

1918 986 2374 1056 imprimeretque
2401 987 2778 1043 characterem
2808 1005 2969 1046 suum
2998 992 3056 1047 in
3108 993 3283 1048 intimi
3318 1011 3495 1052 massa

1917 1077 2053 1143 luti;
2087 1090 2190 1132 nec
2210 1077 2264 1130 in
2287 1077 2480 1146 primis
2502 1093 2628 1132 cum
2656 1079 2895 1134 animam
2912 1083 3188 1139 viventem
3213 1086 3498 1155 spiritum-

1917 1182 2025 1237 que
2055 1167 2182 1222 vita:
2219 1183 2320 1222 suo
2370 1167 2554 1222 alllatu
2594 1168 2650 1222 in
2708 1184 2838 1224 eum
2885 1171 3187 1241 inspiraret
3231 1191 3400 1244 seque
3427 1191 3497 1230 ex

1917 1257 2194 1328 principio
2225 1258 2341 1312 luto
2369 1257 2728 1323 immisceret,
2759 1261 2917 1330 quasi
2948 1261 3170 1317 unionis
3222 1263 3292 1318 ad
3341 1265 3496 1319 illum

1917 1365 1984 1406 ex
2032 1351 2254 1420 propria
2299 1361 2495 1406 natura
2528 1351 2596 1406 ad
2647 1367 2870 1408 carnem
2903 1368 2973 1408 ex
3023 1363 3166 1410 terra
3222 1347 3495 1424 sumptam

1947 1447 2309 1501 arrhabonem
2343 1446 2560 1499 tradens
2594 1460 2610 1511 ;
2669 1457 2776 1497 non
2813 1443 2958 1498 enim
3017 1451 3240 1511 propter
3284 1443 3503 1511 aliquod

1938 1555 2100 1594 suum
2125 1537 2470 1593 commodum
2494 1551 2596 1592 nec
2624 1537 2752 1590 ta'ia
2777 1535 3374 1604 hujusmodi‘operatus
3397 1545 3504 1592 est.

1940 1630 1998 1686 Si
2030 1647 2160 1686 vero
2212 1631 2328 1686 haec
2357 1631 2430 1685 ita
2466 1645 2526 1685 se
2561 1630 2828 1692 habeant.
2861 1629 2994 1682 alias
3023 1627 3239 1696 quidem
3301 1627 3506 1692 iuraiura
3541 1611 3546 1623 ί

1945 1731 2074 1779 sunt
2105 1724 2310 1777 virtute
2363 1736 2524 1789 quam
2553 1735 2750 1789 opere;
2789 1719 2936 1774 nulla
2976 1720 3122 1774 enim
3171 1727 3256 1774 est
3309 1719 3509 1772 divina:

1851 1803 1890 1856 Β
1947 1822 2300 1869 naturcnota
2319 1813 2644 1876 evidentior,
2675 1826 2836 1878 quam
2857 1809 3109 1862 animalia
3136 1809 3343 1860 ratione
3365 1824 3506 1872 pra-.-

1917 1895 2034 1950 dita
2067 1909 2280 1960 creare,
2311 1909 2438 1950 cum
2481 1895 2550 1949 ab
2595 1895 2854 1951 omnibus
2886 1895 3273 1966 corporalibus
3301 1911 3364 1950 ac
3390 1895 3502 1966 spi—

1919 1983 2217 2038 ritualibus
2238 1983 2392 2038 solus
2419 1982 2649 2039 Creator
2678 1983 3131 2040 intellectualium
3169 2000 3234 2040 ac
3261 1985 3504 2040 rationa-

1918 2073 2112 2129 bilium
2134 2073 2512 2144 dignoscatur.
2535 2073 2679 2141 Quid
2703 2075 2862 2130 vobis
2881 2091 2991 2130 non
3019 2075 3322 2132 verisimile
3350 2075 3505 2131 vide-

1920 2173 2014 2219 tur
2045 2164 2101 2219 in
2149 2164 2393 2221 hominis
2442 2167 2722 2222 creatione
2771 2167 2818 2222 si
2869 2167 3006 2221 nulli
3059 2167 3220 2222 alteri
3251 2181 3420 2236 supra
3447 2175 3506 2222 et

1921 2255 2066 2312 inira
2091 2256 2246 2310 illum
2281 2255 2493 2322 favens,
2526 2273 2678 2313 nunc
2716 2257 3164 2314 reformationem
3211 2259 3360 2314 illius
3389 2259 3506 2326 ipse

1919 2347 2276 2418 susceperit?
2307 2348 2450 2415 Quid
2507 2349 2688 2404 adhuc
2717 2349 2999 2413 diceretis,
3039 2349 3223 2421 Moyse
3251 2349 3506 2419 angelum

1921 2441 2182 2496 comitem
2226 2440 2536 2509 ducemque
2561 2440 2776 2496 itineris
2801 2441 2871 2496 ad
2897 2449 3098 2496 terram
3123 2438 3508 2510 promissionis

1921 2545 2048 2586 cum
2073 2545 2140 2586 ex
2183 2529 2419 2602 Egypto
2441 2532 2617 2586 exiret
2656 2531 2812 2601 sequi
2859 2532 3104 2598 nolente,
3143 2532 3366 2602 quando
3403 2531 3508 2584 hoc
3607 2576 3614 2591 ,

1921 2622 2304 2693 adjumentum
2347 2618 2458 2692 ipsi
2501 2621 2758 2676 mittebat
2783 2622 2970 2677 Deus?
2999 2623 3106 2677 Sed
3157 2623 3202 2676 si
3243 2622 3360 2693 ipse
3385 2620 3510 2689 qui-

1919 2715 2047 2770 dem
2073 2714 2362 2770 nobiscum
2391 2713 2782 2778 ambulaverit,
2814 2715 2934 2782 ipso
2951 2713 3116 2769 etiam
3141 2722 3508 2778 contestante,

1925 2821 2112 2862 nonne
2156 2805 2567 2862 ascendemus?
2601 2805 2833 2872 Quando
2864 2799 3049 2860 divina
3080 2806 3326 2861 oharitas
3376 2806 3510 2862 boni

1923 2897 2174 2952 omnium
2205 2897 2304 2952 Dei
2333 2898 2500 2952 etiam
2523 2897 2628 2952 hoc
2662 2896 2977 2952 ministrare
3003 2897 3178 2952 invito
3209 2913 3311 2952 suo
3346 2914 3512 2953 servo

1925 2989 2184 3060 dignatus
2214 2987 2400 3044 fuerit.
2433 2988 2572 3044 Cum
2613 2988 2818 3043 dixerit
2845 2977 3116 3058 propheta
3143 3007 3158 3042 :
3204 2989 3321 3043 Non
3349 3004 3512 3060 ange-

1929 3079 2034 3143 lus,
2068 3081 2160 3135 sed
2181 3081 2298 3150 ipse
2319 3079 2574 3134 Dominus
2596 3079 2823 3134 saluauit
2847 3097 2940 3134 nos
2963 3081 3004 3112 ¹¹
3033 3097 3048 3146 ;
3093 3080 3370 3148 quomodo
3397 3097 3511 3135 non

233 3171 452 3240 Κύριος
479 3172 716 3226 ἔσωσεν
745 3168 928 3240 ἡμᾶς,
961 3169 1078 3232 πῶς
1109 3169 1172 3222 ού
1196 3167 1318 3222 καθ’
1350 3167 1496 3238 ὑμᾶς
1509 3166 1691 3220 ταῦτα
1719 3166 1822 3237 ἥδη

1929 3169 2084 3238 juxta
2128 3171 2252 3222 vos'
2280 3168 2399 3223 haec
2450 3167 2876 3238 dedignaturum
2914 3169 3027 3238 jam
3083 3167 3330 3234 duxisse,
3361 3169 3511 3223 hunc

232 3263 505 3330 ἀπαξιοῦν
529 3263 860 3336 ἡγούμενος,
895 3262 990 3315 τὸν
1049 3261 1217 3332 μηδὲν
1267 3259 1353 3321 εἰς
1407 3258 1620 3312 οἰκείαν
1665 3255 1828 3327 φύσιν

237 3355 572 3426 ὠνούμενον,
599 3355 700 3423 τὴν
759 3353 1036 3424 ἡμετέραν
1095 3349 1368 3422 σωτηρίαν
1401 3351 1472 3404 δι’
1492 3346 1688 3404 ἑαυτοῦ
1737 3348 1834 3402 ἀν-

251 3447 632 3519 επαισχύντως
659 3443 1012 3519 ἐργάζεσθαι,
1031 3443 1147 3499 ἀλλ’
1195 3443 1256 3496 ού
1275 3445 1443 3514 μέσῳ
1468 3442 1578 3497 τινὶ
1599 3441 1832 3510 διακόνῳ

242 3537 546 3610 κεχρῆσθαι
570 3539 650 3601 εἰς
685 3537 786 3608 τὴν
816 3536 940 3590 καθ’
963 3535 1111 3607 ἡμᾶς
1133 3535 1266 3606 παρ’
1286 3532 1452 3588 αὐτοῦ
1481 3533 1828 3604 εὐεργεσίαν,

243 3630 324 3700 πῆ
353 3629 463 3684 τῶν
490 3627 690 3696 λογίων
717 3626 1118 3700 διεμαρτύρετο
1139 3629 1197 3694 ;δ
1220 3628 1330 3697 γὰρ
1355 3623 1624 3695 αἰσχύνης
1657 3639 1833 3677 καταε-

245 3721 528 3793 φρονὴσας
548 3719 783 3775 θανάτου
811 3718 1072 3790 σταυροῦ,
1096 3718 1259 3780 αὐτὸς
1287 3713 1441 3780 οὗτος
1461 3711 1555 3788 ἦν,
1580 3714 1723 3769 κατὰ
1741 3715 1832 3767 τὸν

258 3812 583 3868 ’Δπόστολον
599 3811 692 3865 τὸν
720 3809 1084 3875 θεοδίδακτον,
1108 3809 1180 3865 ἐκ
1201 3807 1409 3880 μορφῇ
1441 3806 1592 3866 Θεοῦ
1638 3805 1827 3874 ὑπάρ-

248 3919 377 3976 χων
397 3901 498 3957 καὶ
526 3901 746 3956 ἑαυτὸν
774 3905 874 3970 οὐχ
893 3899 982 3954 Ere
993 3915 1084 3969 ρον
1115 3897 1380 3962 κενώσας.

248 4023 252 4027 -
319 3993 383 4048 Εἰ
411 3992 472 4050 δὲ
523 3990 672 4050 ἐστιν
731 3991 878 4063 ὑμᾶς
931 3988 1174 4054 εὐσεϐῶς
1206 3987 1532 4052 ἀνοίξαντας
1589 3989 1664 4041 τὰ
1716 3979 1830 4041 ὦτα

247 4086 626 4156 ἁνοιγομὲνοις
641 4084 882 4156 χείλεσιν
905 4081 1257 4137 ὑποτίθεσθαι
1291 4082 1388 4136 καὶ
1450 4081 1658 4151 ἑτέρως
1683 4097 1742 4134 τι
1769 4079 1832 4134 τὺ

247 4178 683 4252 προσγενόμενον
738 4176 1090 4249 εὐεργέτημα
1117 4177 1274 4246 ἡμῖν,
1307 4174 1405 4228 καὶ
1433 4173 1512 4244 τῷ
1565 4170 1832 4252 Κυριακῷ

253 4269 548 4342 ἀνθρώπῳ,
575 4270 677 4324 οὐκ
701 4269 832 4324 ἄνευ
889 4267 992 4339 τῆς
1027 4267 1166 4339 πρὸς
1193 4265 1286 4319 τὸν
1323 4264 1482 4333 λόγον
1527 4264 1832 4327 συνθέσεως

253 4363 440 4425 αὑτοῦ,
471 4363 574 4416 οὐκ
601 4361 832 4433 ἠδύνατο
887 4359 1184 4414 διαϐαίνειν
1229 4359 1310 4422 είς
1346 4359 1520 4430 ἡμᾶς,
1584 4357 1685 4411 σὺν
1710 4354 1860 4426 Θεῷς

252 4451 332 4524 τῷ
356 4453 570 4524 Σωτῆρι
607 4453 764 4526 ἡμῶν
811 4449 1298 4524 ἀποκρινούμεθα·
1331 4449 1426 4504 καὶ
1469 4448 1662 4521 χρείαν
1690 4443 1833 4501 εἶναι

255 4545 472 4609 πάντως
501 4545 764 4615 φήσομεν,
799 4547 897 4600 καὶ
942 4543 1260 4612 ἀναγκαίως
1304 4541 1564 4610 γενέσθαι
1591 4539 1682 4594 διὰ
1730 4538 1830 4610 τῆς

256 4633 393 4706 πρὸς
436 4634 600 4688 αὑτὸν
651 4635 956 4700 συνθέσεως
1012 4635 1111 4706 τὴν
1167 4634 1448 4705 ἡμετέραν
1497 4632 1830 4687 ἀνανέωσιν

258 4724 446 4796 ὥσπερ
471 4724 581 4796 γὰρ
616 4724 672 4778 εί
695 4741 778 4789 τις
806 4725 869 4780 ἐκ
899 4743 1042 4790 τινος
1077 4725 1364 4779 δακτυλίου
1409 4723 1683 4794 σφραγῖδα
1706 4725 1836 4776 ἀνα-

257 4815 648 4887 τυπωσάμενος
677 4817 736 4870 ὲν
764 4817 926 4886 φύσει
950 4816 1118 4886 ἁγνοῦ
1145 4814 1343 4886 κηροῦ,
1377 4815 1584 4884 ταύτην
1609 4814 1666 4868 δὲ
1697 4813 1834 4867 κατὰ

259 4907 362 4976 γῆς
377 4903 652 4960 πεσοῦσαν
676 4906 774 4960 καὶ
799 4907 946 4961 κόνει
973 4905 1460 4978 προσπλασθείσαν
1509 4906 1723 4969 λοιπὸν,
1785 4906 1835 4960 εἰ

244 4997 598 5070 θεασάμενος
619 4997 774 5070 εὖροι
801 4998 891 5052 διὰ
930 4998 1024 5053 τδν
1057 4999 1449 5068 ὲμπλασθέντα
1480 4997 1612 5070 χοῦν
1647 5000 1712 5050 ὲκ
1737 4998 1836 5066 τῆς

262 5093 365 5162 γῆς
387 5091 766 5162 ἀμαυρότατω
809 5087 914 5160 ἥδη
940 5089 1235 5160 γενόμενον
1260 5091 1356 5144 καὶ
1405 5089 1746 5161 ἀγνώριστον
1774 5087 1838 5140 τὸ

263 5183 486 5256 ἔναγχος
509 5180 720 5236 ἔνδοθὲν
740 5180 822 5252 τῷ
843 5179 1002 5252 κηρῷ
1017 5182 1317 5252 ἐκμαγεῖον
1346 5182 1442 5244 τοῦ
1489 5180 1840 5253 χαρακτῆρος

263 5274 355 5330 τοῦ
401 5271 716 5337 δακτυλίου,
749 5272 1076 5344 βουλόμενος
1125 5272 1183 5326 δὲ
1217 5273 1494 5343 τρανῶσαι
1533 5273 1698 5326 πάλιν
1749 5271 1842 5325 καὶ

265 5363 674 5436 ἁνανεῶσαιτὴν
707 5363 900 5434 πρώην
923 5362 1268 5417 τυπωθεῖσαν
1294 5363 1564 5434 σφραγῖδα
1587 5364 1689 5432 τὴν
1711 5379 1843 5431 συγ-

269 5455 631 5526 καλυφθεῐσαν
647 5455 740 5508 ἐπὶ
777 5458 842 5526 τῇ
869 5453 1274 5526 συναναφύρσει
1303 5453 1400 5508 τοῦ
1434 5454 1556 5526 χοὸς
1579 5457 1648 5526 τῇ
1679 5471 1835 5522 γενο-

273 5549 404 5623 μένῃ
431 5547 572 5618 πρὸς
606 5545 806 5618 κήρὸνζ⁹
831 5545 924 5600 τὸν
976 5545 1265 5600 δακτύλιον
1298 5545 1464 5601 πάλιν
1497 5547 1685 5623 αὐτὸν,
1734 5547 1828 5636 ἀεῖ

337 5726 373 5757 ⁸⁸
413 5723 519 5778 lsa.
549 5739 693 5788 ut",
725 5723 778 5778 9.
859 5724 900 5756 "
932 5723 1170 5793 Philipp.
1203 5739 1263 5790 ιι,
1293 5723 1346 5779 7.

1930 3273 2042 3314 non
2070 3259 2128 3314 in
2148 3274 2249 3314 sua
2274 3270 2473 3314 natura
2493 3259 2860 3330 redemptum,
2891 3269 3135 3315 nostram
3155 3260 3387 3315 salutem
3411 3276 3512 3330 per

1931 3348 2172 3418 seipsum
2213 3364 2317 3404 nec
2347 3349 2768 3406 erubescentem
2804 3349 3044 3418 operari,
3081 3350 3177 3405 sed
3211 3351 3364 3405 nullo
3395 3367 3512 3405 ine-

1932 3437 2146 3496 diatore
2175 3441 2426 3508 ministro
2449 3460 2604 3499 usum
2631 3461 2752 3500 esse
2789 3447 2841 3500 in
2869 3449 3150 3504 henetacto
3177 3439 3320 3516 quod
3341 3455 3500 3509 nouis

1930 3531 2000 3584 ab
2049 3530 2143 3585 illo
2195 3547 2516 3589 concessum
2571 3547 2678 3602 est,
2734 3539 2980 3606 quaedam
3014 3541 3234 3596 oracula
3298 3554 3497 3599 testata

1930 3635 2063 3677 sunt
2087 3623 2111 3678 ?
2137 3623 2354 3679 Etenim
2389 3629 2772 3695 turpitudinem
2825 3633 3018 3685 mortis
3045 3634 3224 3686 crucis
3255 3645 3500 3690 contem-
3597 3675 3602 3678 -

1935 3727 2094 3778 nens,
2122 3716 2209 3770 hic
2259 3717 2376 3784 ipse
2406 3731 2524 3772 erat
2558 3721 2707 3788 juxSa
2765 3723 3038 3776 doctorem
3079 3725 3394 3792 Apostolum
3442 3727 3500 3781 in

1932 3804 2105 3874 forma
2139 3809 2231 3858 Dei
2258 3810 2510 3877 scipmm,
2543 3826 2650 3864 non
2692 3813 2926 3868 alterum
2960 3817 3278 3873 exinauieus
3307 3819 3368 3872 ".

1987 3981 2063 4046 ‘Si
2114 4004 2209 4047 vos
2241 3991 2330 4062 pie
2379 3992 2444 4047 ad
2491 3991 2658 4048 labla'
2689 4001 2875 4048 nostra
2927 4001 3114 4062 aperta
3161 4001 3371 4046 vestras
3436 4000 3497 4046 et

1929 4098 2092 4140 aures
2141 4085 2487 4154 aperueritis,
2533 4067 2694 4141 aliter
2745 4101 2962 4156 quoque
3014 4085 3341 4155 quaesieritis
3395 4099 3497 4138 cur

1932 4176 2107 4244 gratia
2141 4179 2300 4232 nobis
2348 4193 2634 4240 concessa.
2666 4179 2984 4248 hominique
3029 4178 3338 4243 Dominico,
3391 4191 3497 4232 non

1928 4269 2051 4325 sine
2078 4269 2252 4338 ipsius
2292 4271 2493 4326 unione
2523 4273 2590 4326 ad
2622 4268 2879 4333 Verbum,
2915 4256 3060 4326 nullo
3092 4271 3254 4325 modo
3304 4271 3358 4324 iu
3406 4285 3502 4327 nos

1929 4361 2169 4414 transire
2185 4361 2446 4430 potuerit,
2473 4377 2598 4416 cum
2627 4359 2738 4417 Deo
2758 4373 2952 4417 nostro
2969 4361 3252 4417 Salvatore
3276 4375 3500 4428 respon~

1936 4448 2288 4523 debimus,_et
2315 4451 2768 4506 restaurationem
2796 4460 3034 4506 nostram
3056 4460 3111 4506 et
3138 4444 3500 4505 necessariam

1933 4538 2162 4594 omnino
2191 4552 2334 4599 esse,
2355 4535 2778 4603 necessarioque
2805 4533 2924 4589 fieri
2952 4549 3052 4605 per
3085 4535 3345 4588 unionem
3368 4533 3434 4588 ad
3451 4534 3520 4588 il-

1931 4631 2048 4686 lum
2096 4628 2370 4684 dicemus.
2421 4615 2898 4694 Quemadmodum
2933 4625 3080 4680 enim
3109 4625 3153 4680 si
3177 4626 3304 4694 quis
3335 4625 3521 4694 aliquo

1934 4721 2140 4777 annulo
2173 4718 2412 4790 sigillum
2446 4718 2504 4772 in
2539 4733 2676 4786 pura
2731 4732 2860 4772 cera
2905 4717 3269 4786 impresserit.
3307 4715 3521 4784 hocque

1933 4809 1992 4864 in
2039 4817 2243 4864 terram
2307 4807 2512 4862 cadens
2558 4805 2759 4861 deinde
2813 4805 3038 4875 pulvere
3101 4803 3524 4874 superindutum

1934 4899 2136 4965 fuerit;
2160 4899 2207 4954 si
2224 4899 2337 4969 jam
2361 4897 2434 4952 ob
2467 4904 2843 4968 tegumentum
2891 4896 3100 4951 sordidi
3131 4894 3375 4966 pulveris
3427 4894 3528 4950 ob-

1935 4998 2210 5048 scuratam
2283 5006 2388 5045 nec
2425 4991 2538 5058 jam
2624 4987 3026 5059 agnoscendam
3081 4988 3222 5042 hanc
3273 4987 3328 5041 in
3383 4987 3528 5042 inte—

1935 5085 2086 5140 riore
2136 5099 2266 5140 cera
2312 5083 2735 5154 impressionem
2784 5081 2946 5153 sigilli
2991 5081 3184 5136 annuli
3213 5081 3529 5142 invenerit;

1947 5188 2083 5232 tunc
2124 5175 2318 5230 volens
2373 5188 2638 5244 apparere
2677 5172 2876 5228 iterum
2919 5171 3329 5250 restaurarique
3376 5169 3534 5238 prius

1946 5269 2094 5340 quod
2117 5268 2448 5338 impressum
2471 5266 2652 5321 fuerat
2676 5264 2942 5336 sigillum,
2963 5264 3060 5320 sed
3079 5263 3227 5334 quod
3249 5262 3530 5319 obtectqu

1943 5360 2052 5416 fuit
2081 5367 2400 5431 legumento
2423 5356 2670 5429 pulveris
2692 5372 2833 5412 certe
2855 5355 3052 5423 additi,
3087 5355 3352 5412 annulum
3383 5353 3532 5404 hunc

1942 5453 2150 5509 iterum
2202 5465 2317 5522 quo
2362 5451 2632 5522 impressa
2678 5447 2848 5504 fuerit
2885 5449 3041 5520 prior
3082 5448 3282 5516 imago,
3313 5443 3369 5496 in
3403 5455 3528 5494 cera

1933 5545 2258 5618 superponit
2293 5552 2350 5600 et
2371 5545 2749 5602 accommodat
2767 5543 3116 5612 validiusque
3141 5533 3318 5604 inﬁgit
3332 5531 3532 5586 iterum
