3932 6152
447 250 574 313 1471

1710 263 2016 323 ιεοΝΤιι
2055 263 2460 324 ΒΥΖΑΝΤΙΝΙ

3613 265 3764 330 liii

440 382 492 419 tn
547 367 648 420 hac
676 383 800 420 cera
832 369 936 422 hoc
970 369 1228 439 sigillum,
1269 369 1551 434 nitidiore,
1583 371 1924 426 accuratiore
1949 389 2009 428 ac

2111 367 2174 433 οὒ
2200 372 2480 426 τετύπωτο
2505 372 2598 426 καὶ
2631 371 2822 443 πρώην
2845 374 2878 444 ἡ
2905 357 3097 437 εἰκὼν,
3119 375 3178 427 ὲν
3206 373 3284 444 τῷ
3321 375 3517 446 κηρῷ
3554 375 3753 440 ἐνθεὶς

438 455 764 524 perfectiora
815 459 1174 527 impressione
1207 459 1340 514 ferri
1365 459 1420 514 in
1467 475 1579 530 quo
1603 461 1818 532 signum
1847 463 2006 518 caela-

441 555 550 610 tur,
577 555 743 616 atque
779 548 832 601 in
863 549 965 602 hac
994 549 1214 603 sordida
1239 565 1387 613 cera,
1417 565 1525 605 non
1558 551 1786 608 alterius
1820 553 2008 609 fortnas

435 638 646 706 capaci,
689 639 842 707 prior
872 647 1052 693 tamen
1083 640 1258 694 forma
1311 656 1506 696 rursus
1539 641 1894 710 imprimitur:
1935 641 2005 700 ita

435 743 657 798 quoque
704 729 848 784 Deus
901 739 1153 785 naturam
1207 731 1502 787 humanam
1549 732 1618 786 ad
1663 748 1818 788 suam
1867 733 2004 790 ima-

433 820 614 888 ginem
644 828 906 886 creatam,
937 821 1033 876 sed
1062 839 1185 892 qum
1207 823 1561 878 terrestribus
1589 824 1754 879 rebus
1779 824 2007 879 obvolu-

436 921 510 972 ta.
557 911 810 982 imaginis
850 912 1052 968 divina:
1087 913 1556 983 pulchritudinem
1589 913 2003 977 obscurnverat,

432 999 766 1056 stndiosiore
785 999 1200 1071 elllcacioreque
1234 1003 1407 1073 gratia
1429 1019 1528 1058 sua
1554 1005 1856 1058 secundum
1888 1003 2003 1073 pri-

433 1087 632 1142 stinam
681 1089 803 1159 ejus
845 1091 1314 1160 pulchritudinem
1351 1107 1474 1162 qua:
1525 1102 1606 1147 est
1641 1093 1828 1147 divina
1857 1094 2010 1148 simi-

432 1179 632 1245 litudo,
655 1198 849 1238 rursus
878 1183 1216 1248 reformavit,
1241 1185 1489 1239 divinum
1516 1186 1688 1255 ipsius
1715 1185 2010 1239 indumen-

432 1279 549 1324 tum
594 1274 840 1327 terrestri
883 1282 1032 1330 veste
1085 1275 1461 1344 superindutis
1487 1276 1719 1339 donans,
1747 1277 2010 1345 spiritua-

432 1361 650 1433 lemque
701 1380 827 1420 cum
875 1365 996 1436 ipso
1046 1367 1309 1422 unionem
1359 1367 1414 1422 in
1475 1367 1562 1422 his
1599 1367 1694 1437 qui
1748 1368 1801 1422 in
1844 1383 2009 1422 carne

432 1455 626 1510 vivunt
667 1471 926 1526 operans.

2115 463 2208 517 καὶ
2255 462 2498 530 συνάψας
2557 461 2914 532 σφοδρότερον
2963 463 3143 532 ἐνίησι
3189 464 3268 536 τῷ
3322 465 3502 536 αὐτῷ
3565 467 3749 520 πάλιν

2113 549 2268 621 κηρῷ
2297 549 2388 602 τὸν
2417 549 2642 618 ἔναγχος
2673 551 3000 622 χαρακτῆρα
3032 548 3174 622 μετὰ
3219 553 3604 624 τρανοτέρας
3638 557 3747 625 τῆς

2113 639 2468 710 παραθέσεως
2497 641 2592 692 καὶ
2625 639 3017 710 προσενὼσεως
3051 641 3147 694 καὶ
3178 634 3610 712 ἐμϐατεύσεως
3636 645 3741 713 τῆς

2109 728 2506 795 διαπλαστικῆς
2535 728 2750 798 φύσεως
2793 727 2889 782 τοῦ
2920 729 3139 800 σιδήρου
3193 731 3314 784 καθ’
3355 733 3417 786 ὃν
3455 734 3496 786 ὁ
3541 749 3736 804 χαραο

2111 818 2252 890 κτὴρ
2283 818 2548 886 ἔγκειται,
2571 817 2665 870 καὶ
2696 817 2959 886 γεωθέντι
2990 818 3066 888 τῷ
3113 819 3269 890 κηρῷ
3302 821 3398 882 καὶ
3467 823 3596 876 οὐκ
3634 821 3733 879 εὑο

2111 911 2436 981 παραδέκτῳ
2457 909 2726 980 γινομένῳ
2750 909 2850 978 τῆς
2879 911 3380 981 μεταμορφώσεως,
3419 915 3604 984 ὅμως
3628 914 3731 984 τὴν

2111 1003 2384 1072 προτέραν
2435 997 2588 1063 αὖθις
2631 1001 2845 1072 μορφὴν
2893 1001 3332 1058 διατυπώσεταιε
3381 1003 3551 1058 οὕτω
3627 1008 3728 1058 καὶ

2111 1093 2244 1157 Θεὸς
2268 1093 2366 1165 τὴν
2397 1091 2519 1146 κατ’
2571 1093 2755 1145 είκόνα
2814 1092 3011 1146 ἑαυτοῦ
3045 1094 3357 1151 κτισθείσαν
3401 1095 3700 1168 ἀνθρωπό

2111 1202 2271 1254 τητα,
2305 1186 2398 1238 καὶ
2444 1187 2504 1254 τῇ
2529 1183 2638 1236 τῶν
2665 1183 2870 1253 γηΐνων
2901 1184 3232 1256 περιπλοκῇ,
3275 1187 3339 1240 τὸ
3385 1188 3492 1256 τῆς
3555 1187 3720 1250 θείας

2112 1277 2322 1338 εἰκόνος
2353 1274 2546 1338 κάλλος
2574 1274 3006 1345 ἀμαυρώσασαν,
3039 1275 3129 1331 διὰ
3176 1278 3274 1345 τῆς
3300 1278 3506 1332 ἑαυτοῦ
3538 1278 3723 1332 πάλιν.

2113 1365 2372 1428 ἐνδόσεως
2391 1365 2780 1435 ὲκτενεστέρας
2805 1367 2898 1418 καὶ
2929 1365 3372 1438 δραστικωτέρας
3431 1370 3593 1438 ⁷πρὸς
3649 1369 3716 1421 τὸ

2113 1459 2342 1529 ἀρχαῖον
2368 1457 2538 1526 αὐτῆς
2569 1459 2664 1510 ἀπ’
2687 1457 2852 1511 αὐτοῦ
2873 1459 3091 1522 κάλλος,
3122 1459 3151 1512 ὅ
3179 1461 3374 1514 ὲστιτὺ
3401 1463 3504 1531 τῆς
3540 1461 3712 1523 Θείας

429 1547 744 1614 ὁμοιώσεως
771 1549 1179 1615 ἀνετυπώσατο,
1203 1551 1300 1620 τὴν
1328 1549 1514 1621 θεῖκήν
1547 1551 1742 1603 ἑαυτοῦ
1804 1551 2172 1620 χαρισάμενος
2241 1547 2560 1619 συμπλοκὴν
2626 1551 2740 1611 τοῖς
2785 1550 2850 1619 τῇ
2920 1549 3083 1620 γηΐνῃ
3137 1551 3711 1622 προσπεπλασμένας

431 1640 612 1711 στολῇ,
637 1643 734 1696 καὶ
760 1645 856 1716 τὴν
883 1644 1077 1698 ἕνωσιν
1109 1643 1274 1698 αὐτοῦ
1326 1645 1424 1714 τὴν
1470 1646 1844 1715 πνευματικὴν
1875 1647 1990 1706 τοῖς
2027 1643 2130 1712 τὴν
2157 1644 2428 1714 σαρκικὴν
2495 1643 2804 1713 σύμφυρσιν
2871 1643 3135 1697 παθοῦσιν
3164 1647 3466 1715 ἐνεργήσας
3490 1663 3506 1678 ο

3556 1659 3707 1703 πα-ι-

428 1734 717 1805 τοδυνάμῳ
755 1736 862 1807 γὰρ
893 1736 1214 1806 ἀγαθότητι,
1248 1738 1410 1802 αὐτὸς
1439 1741 1516 1802 είς
1547 1739 1740 1792 ἑαυτὸν
1767 1741 1894 1802 τοὺς
1923 1738 2176 1806 λογικοὺς
2196 1735 2408 1805 όΛόγος
2442 1737 2834 1792 ἀνεκαλέσατο.

1037 1871 1189 1926 CAP.
1246 1872 1391 1927 XIX.

506 1981 714 2052 Corpus
745 1984 942 2040 animae
977 1986 1350 2040 essentialiter
1394 1987 1633 2052 unitum,
1661 1987 1730 2041 ab
1777 1987 1894 2055 ipsa
1925 1985 2004 2038 vi-

429 2086 538 2130 tam
572 2075 1071 2148 sensibilitatemque
1101 2084 1408 2144 mutuatur;
1455 2093 1656 2148 corpus
1682 2087 1864 2132 autem
1897 2077 2005 2132 Do-

431 2164 564 2218 mini
603 2165 973 2220 essentialiter
1029 2166 1246 2220 unitum
1298 2169 1450 2238 juxta
1485 2183 1600 2228 vos.
1655 2168 1786 2238 quid
1820 2167 2004 2223 dicitis

431 2257 808 2327 acquisivisse,
863 2259 1262 2314 sensibilitatem
1305 2261 1394 2316 vel
1442 2261 1695 2316 motum?
1753 2260 1859 2316 Sed
1888 2261 2005 2315 haec

429 2365 500 2404 ex
551 2351 733 2405 anima
762 2350 947 2406 habet.
986 2351 1556 2422 lmpassibilitatemne
1579 2361 1744 2423 atque
1777 2351 2003 2406 immor-

433 2441 739 2498 talitatem?
779 2441 888 2499 Sed
940 2444 1045 2498 hoc
1075 2459 1142 2498 ex
1177 2445 1584 2501 resurrectione
1623 2445 1879 2500 habuisse
1908 2459 2005 2500 vos

432 2533 636 2598 dicitis,
670 2534 1135 2604 quemadmodum
1183 2549 1374 2591 omnes
1407 2537 1659 2591 homines
1690 2545 1818 2590 sunt
1846 2535 2003 2588 habi-

439 2615 569 2668 turi.
596 2615 878 2679 Quomodo
915 2612 1078 2682 igitur
1109 2612 1413 2666 substantia
1438 2608 1530 2664 Dei
1567 2624 1674 2664 non
1695 2615 1843 2664 esset
1871 2609 2012 2665 inie-

439 2708 551 2760 rior
574 2706 769 2760 anima:
797 2705 1121 2762 substantiae
1152 2719 1284 2759 cum
1314 2719 1420 2758 una
1451 2703 1616 2757 multa
1650 2702 1727 2757 illi
1767 2716 2010 2758 commu-

439 2799 604 2862 nicet,
631 2797 935 2866 nullinsque
975 2797 1244 2852 sitaltera
1294 2807 1434 2850 nota:
1480 2794 1767 2849 melioris?
1808 2792 2005 2849 Annon

439 2903 567 2943 vero
607 2889 790 2942 dicitis
825 2889 948 2943 sine
977 2891 1188 2942 semine
1223 2889 1391 2942 fuisse
1421 2885 1874 2942 lonnauumlSed
1907 2888 2008 2941 hoc

435 2984 535 3036 iuit
558 2984 774 3052 signum
805 2980 1026 3034 virtutis
1053 2979 1292 3048 Spiritus
1322 2980 1518 3043 sancti,
1538 2993 1642 3032 non
1671 2979 2008 3034 substantiao

434 3078 502 3130 Iis
521 3074 740 3130 unionis
761 3070 921 3127 Verbi
939 3073 1342 3126 demonstraui».
1357 3071 1649 3141 Antequam
1666 3073 1804 3126 enim
1825 3087 2010 3127 conse-

432 3169 850 3233 nirent,insenta
873 3167 1020 3220 estin
1039 3166 1390 3218 uterohabens
1409 3165 1473 3218 de
1486 3163 1697 3234 Spiritu
1731 3175 1913 3218 sancto
1937 3165 2003 3220 “.

433 3262 540 3315 Sed
575 3260 815 3330 prodigia
851 3267 1014 3327 atque
1065 3257 1335 3312 virtutes?
1381 3257 1490 3310 Sed
1541 3265 1598 3311 et
1647 3257 1734 3313 bis
1789 3258 1999 3324 majora

433 3353 680 3406 fecerunt
709 3349 963 3418 apostoli,
991 3348 1152 3416 juxta
1205 3348 1379 3418 ipsius
1420 3349 1637 3402 Domini
1669 3349 1876 3404 dictum
1934 3351 2002 3404 ad

435 3447 604 3514 ipsos.
639 3443 746 3498 Sed
776 3443 1118 3513 dignitatem.
1144 3443 1572 3497 dominationem
1596 3458 1886 3513 nomenque
1905 3458 1992 3498 su-

435 3554 528 3606 per
551 3549 702 3589 omne
736 3548 925 3586 nomen
955 3531 1022 3564 ⁸³·
1058 3531 1133 3586 illi
1161 3530 1390 3587 datum!
1417 3531 1654 3588 Cuinam
1689 3533 1794 3587 hoc
1814 3533 2002 3588 datum

438 3626 524 3667 est
565 3614 639 3668 ob
687 3613 1034 3670 essentialem
1079 3617 1340 3671 unionem
1396 3631 1522 3671 cum
1572 3617 1687 3672 Deo
1739 3617 1914 3673 Verbo
1942 3617 2010 3672 ad

441 3705 674 3760 melius?
719 3705 918 3775 cuique
959 3706 1175 3762 meliori
1215 3707 1428 3761 unitum
1466 3716 1552 3762 est
1589 3707 1870 3762 Verbum?
1903 3706 2010 3762 Sed

439 3797 594 3853 carni
647 3811 746 3852 seu
793 3807 1004 3853 natura:
1047 3808 1270 3854 nostrae.
1307 3799 1548 3854 Primum
1593 3799 1760 3869 igitur
1789 3798 2011 3868 quidem

438 3901 508 3940 ex
547 3883 666 3956 quo
718 3888 1010 3944 audivistis
1059 3888 1248 3942 datum
1295 3889 1397 3958 ipsi
1451 3889 1736 3959 dignitatis
1787 3905 2009 3955 nomen,

441 3985 696 4031 naturam
730 3977 1095 4043 substituitis;
1143 3979 1390 4034 secundo
1419 3995 1548 4035 vero
1575 3980 1663 4034 his
1696 3979 1790 4049 qui
1821 3979 2014 4035 dicunt

440 4067 762 4136 dignitatem
809 4067 1184 4124 indistinctam
1245 4085 1368 4125 esse
1419 4069 1678 4126 unionem
1727 4085 1795 4126 ex
1845 4086 2012 4126 carne

443 4169 627 4214 nostra
663 4155 744 4214 ad
787 4159 958 4214 Deum
1007 4161 1272 4222 Verbum,
1325 4175 1434 4215 non
1469 4171 1652 4215 autem
1705 4160 2010 4214 naturalem

417 4252 904 4320 coniunctionem,
925 4252 1290 4326 adversamini
1308 4271 1322 4320 ;
1342 4253 1509 4308 tertio
1525 4252 1572 4307 si
1591 4252 1827 4324 dignitas
1846 4261 2012 4321 atque

440 4342 747 4398 dominatio
787 4344 1028 4400 hominis
1077 4360 1146 4399 ex
1195 4343 1357 4400 nobis
1400 4345 1666 4414 assumpti
1710 4359 1818 4399 non
1856 4345 2013 4399 adest

2034 3222 2077 3278 C

443 4434 521 4490 illi
575 4450 640 4488 ex
689 4437 923 4505 proprize
971 4437 1294 4492 substantiae
1346 4436 1651 4500 voluntate,
1699 4435 2014 4492 dilectionis

2038 1861 2079 1912 Β

2691 1871 2941 1923 ΚΕΦΑΛ.
2981 1871 3083 1924 19'.

2177 1983 2252 2036 Τὸ
2276 1984 2436 2053 σῶμα
2461 1983 2585 2036 κατ’
2609 1982 2798 2035 οὐσίαν
2828 1981 3186 2050 συγκείμενον
3229 1984 3298 2052 τῇ
3339 1981 3514 2053 ψυχῇ,
3556 2001 3700 2054 κερσε

2106 2072 2276 2126 δαίνει
2301 2074 2366 2126 ὲκ
2392 2071 2598 2142 ταύτης
2621 2072 2683 2125 τὺ
2711 2071 2810 2143 ζῇν
2847 2072 2942 2124 καὶ
2971 2072 3031 2124 τδ
3053 2069 3464 2126 αισθὰνεσθαι·
3515 2073 3588 2125 τὸ
3634 2071 3695 2125 δδ

2109 2164 2270 2233 σῶμα
2318 2164 2412 2218 τοῦ
2465 2163 2670 2232 Κυρίου
2703 2162 2958 2216 συντεθὲν
3006 2163 3278 2225 οὐσιωδῶς
3327 2163 3449 2216 καθ’
3511 2164 3688 2232 ὑμᾶς,

2107 2257 2296 2308 εῐπατε
2315 2255 2368 2307 τί
2391 2256 2822 2325 προσεκτήσατο,
2852 2253 3164 2320 αἴσθησιν,
3189 2252 3220 2323 ἢ
3243 2253 3485 2323 κίνησιν;
3517 2254 3688 2305 Ἀλλά

2107 2345 2281 2400 ταῦτα
2309 2343 2454 2415 elusit
2474 2345 2540 2398 ὲκ
2559 2344 2660 2414 τῆς
2688 2343 2868 2414 ψυχῆς
2885 2359 2901 2374 ·
2929 2343 3046 2396 ἀλλ’
3069 2341 3336 2396 ἀπάθειαν
3351 2345 3445 2397 καὶ
3473 2343 3687 2412 ἀφθαρ-

2109 2436 2266 2502 σίαν;
2296 2434 2432 2488 ἀλλὰ
2483 2431 2644 2486 τοῦτο
2695 2431 2756 2497 ἐξ
2794 2432 3148 2496 ἀναστάσεως
3181 2433 3475 2504 ἐσχηκέναι
3519 2430 3678 2500 φατὲ,

2109 2526 2252 2582 καθὰ
2283 2526 2379 2580 καὶ
2413 2526 2613 2588 πάντες
2634 2523 2922 2594 μέλλουσιν
2944 2523 3090 2594 ἔχειν
3123 2526 3173 2577 oi
3206 2524 3484 2593 ἄνθρωποι
3507 2538 3522 2552 ’
3559 2521 3680 2582 πῶς

2107 2617 2201 2674 οὖν
2229 2619 2290 2672 οὐ
2321 2617 2566 2688 χείρωνὴ
2591 2615 2752 2670 οὐσία
2776 2614 2870 2668 τοῦ
2899 2614 3035 2668 Θεοῦ
3060 2615 3159 2683 τῆς
3187 2615 3452 2686 ψυχικῆς,
3497 2612 3611 2680 εῐγε
3637 2613 3672 2679 ἡ

2112 2711 2211 2782 μὲν
2239 2709 2447 2762 πολλῶν
2471 2705 2622 2777 αὑτῷ
2648 2707 3023 2776 μεταδίδωσιν,
3060 2708 3094 2776 ἡ
3135 2705 3192 2758 δὲ
3224 2705 3436 2768 οὐδενος
3491 2703 3672 2774 κρείτ-

2108 2817 2260 2862 τονος
2283 2798 2698 2870 γνωρίσματοςς
2734 2793 2842 2868 ἄρα
2873 2797 2930 2850 δὲ
2967 2797 3042 2865 μὴ
3067 2797 3128 2849 τὸ
3168 2797 3300 2850 ἀνευ
3325 2795 3534 2863 σπορᾶς
3560 2794 3672 2846 δια-

2109 2889 2418 2946 πεπλάσθαι
2447 2887 2583 2957 φατέ
2605 2903 2620 2954 ;
2643 2887 2805 2942 Ἀλλά
2825 2885 2976 2939 τοῦτο
2995 2887 3280 2955 ἐνεργείας
3299 2884 3568 2954 σύμϐολον
3582 2881 3672 2937 τοῦ

2108 2983 2266 3050 ἁγίου
2298 2979 2435 3037 [Isz
2443 2997 2634 3050 ματος,
2647 2980 2740 3032 οὐκ
2753 2976 3036 3038 οὐσιώδους
3051 2977 3376 3045 συμπλοκῆς
3386 2977 3482 3028 τοῦ
3494 2977 3668 3042 Λόγου

2109 3073 2430 3144 τεκμήριον.
2469 3071 2618 3139 Πρὶν
2645 3068 2682 3138 ἢ
2705 3067 2810 3138 γὰρ
2841 3065 3156 3120 συνελθεῖν
3185 3065 3431 3128 αὐτοὺς,
3451 3065 3666 3131 εὑρέθη

2108 3166 2182 3220 ἐν
2208 3162 2423 3232 γαστρί
2449 3161 2682 3231 ἔχουσα
2700 3160 2770 3213 ἐκ
2807 3157 3137 3226 Πνεύματος
3167 3155 3338 3225 ἁγίου
3357 3171 3371 3186 ·
3395 3153 3534 3208 ἀλλά
3565 3171 3663 3223 ση-

2111 3257 2240 3326 μεϊα
2269 3251 2366 3306 καὶ
2394 3251 2688 3320 δυνάμεις;
2717 3247 2854 3303 ἀλλά
2886 3247 2980 3301 καὶ
3002 3246 3204 3300 τούτων
3228 3243 3444 3315 μείζονα
3471 3243 3650 3315 εποίη-

2110 3362 2208 3398 σαν
2233 3345 2284 3397 οἱ
2321 3341 2632 3407 ἀπόστολοι,
2661 3339 2806 3394 κατὰ
2848 3340 2948 3408 τὴν
2974 3337 3137 3391 αὑτοῦ
3169 3335 3262 3390 τοῦ
3288 3335 3494 3406 κυρίου
3527 3333 3657 3404 πρὸς

2109 3437 2306 3500 αὐτοὺς
2321 3433 2656 3502 ἀπαγγελίαν
2675 3447 2691 3463 ο
2723 3431 2841 3486 ἀλλ’
2870 3430 3026 3494 ἀξίαν
3067 3429 3163 3484 καὶ
3195 3425 3530 3488 δεσποτείαν,
3576 3423 3667 3478 καὶ

2111 3529 2299 3598 ὄνομα
2312 3527 2378 3582 τὸ
2393 3525 2546 3596 ὑπὲρ
2569 3523 2694 3580 πᾶν
2707 3524 2900 3593 ὄνομα
2914 3521 3066 3575 δοθὲν
3083 3519 3264 3589 αὐτῷ;
3281 3518 3377 3572 καὶ
3395 3516 3502 3570 τίνι
3519 3513 3669 3582 ἐδόθη

2107 3621 2372 3676 τοῦτοδιά
2401 3619 2502 3690 τῆς
2521 3619 2660 3689 πρὸς
2691 3615 2753 3669 τὸ
2796 3616 3043 3684 κρεῖττον
3091 3609 3388 3672 οὑσιὼδους
3437 3605 3670 3668 ὲνώσεως

2109 3712 2230 3784 Θεῷ
2257 3712 2449 3782 Λόγῳ;
2481 3709 2576 3764 καὶ⁵
2604 3709 2715 3762 τίνι
2742 3705 3011 3778 κρείττονι
3033 3700 3218 3774 ήνώθη
3257 3701 3286 3753 ό
3314 3698 3513 3766 Δόγοςς
3545 3694 3670 3750 ἀλλά

2113 3804 2278 3874 σαρκὶ
2308 3803 2477 3873 ἧγουν
2509 3797 2782 3871 ἀνθρώπῳ
2807 3795 2886 3866 τῷ
2917 3796 2977 3861 ἐξ
3009 3791 3168 3865 ἡμῶν
3186 3807 3202 3823 ’
3223 3788 3420 3844 οὐκοῦν
3467 3785 3668 3858 πρῶτον

2115 3893 2213 3965 μὲν
2245 3891 2356 3946 ίδοὺ
2384 3890 2448 3944 τὸ
2479 3889 2579 3959 τῆς
2609 3887 2766 3953 ἀξίας
2791 3884 3083 3946 ἀκούοντες
3129 3881 3302 3952 ὄνομα
3329 3879 3480 3933 δοθὲν
3507 3875 3661 3945 αὐτῷ,

2109 3983 2210 4053 τὴν
2256 3980 2420 4050 φύσιν
2449 3978 2830 4046 ἀντεισάγετε·
2860 3973 3114 4044 δεύτερον
3162 3972 3220 4026 δὲ
3263 3973 3380 4034 τοῖς
3433 3969 3664 4036 λέγωσιν

2110 4073 2269 4140 ἀξίαν
2297 4071 2628 4142 ἀσύγκριτον
2655 4065 2796 4123 εἶναι
2819 4067 2917 4140 τὴν
2939 4065 3135 4120 ινωσιν
3153 4064 3255 4134 τῆς
3275 4062 3336 4126 ἐξ
3361 4059 3514 4130 ἡμῶν
3543 4073 3663 4128 σαρ-

2111 4165 2206 4227 κὸς
2226 4163 2363 4236 πρὸς
2397 4161 2488 4215 τδν
2518 4161 2652 4214 Θεὸν
2677 4159 2873 4240 Λόγῳ,
2905 4157 3002 4212 καὶ
3056 4156 3116 4210 οὐ
3151 4151 3390 4224 φυσικὴν
3409 4149 3658 4240 σύνθεσιν.

2111 4255 2270 4324 ὑμεῖς
2297 4251 2655 4323 ἀντιφέρεσθε
2682 4267 2698 4282 ·
2731 4239 2912 4322 τρίτον
2939 4248 3042 4317 sit]
3097 4245 3226 4313 ἀξία
3263 4245 3359 4297 καὶ
3394 4239 3662 4296 δεσποτεία

2109 4345 2203 4400 τοῦ
2230 4344 2288 4410 ἐξ
2315 4344 2473 4414 ήμῶν
2503 4340 2816 4412 ἀνθρώπου,
2862 4340 2964 4393 οὐκ
2996 4341 3062 4392 ὲκ
3097 4337 3196 4407 τῆς
3235 4333 3442 4396 οἰκείας
3491 4328 3660 4392 οὐσίας

2111 4435 2402 4506 πρόσεστιν
2423 4432 2574 4502 αὐτῷ
2605 4431 2901 4502 θελήσεως,
2929 4429 3150 4498 ἀγάπης
3178 4425 3287 4497 ἀρα
3310 4425 3406 4478 καὶ
3430 4420 3661 4482 εὐδοκίας

438 4541 570 4597 οι·εο
597 4527 1102 4596 benevolentia-que
1132 4528 1336 4582 donum
1355 4543 1476 4583 esse
1498 4527 1641 4583 hanc
1656 4543 1882 4584 necesse
1904 4535 2008 4592 est,

2111 4527 2358 4598 χάρισμα
2367 4519 2506 4578 εἶναι
2535 4522 2708 4592 αὐτὴν
2727 4519 2964 4589 ἀνάγκη,
2989 4518 3088 4572 οὐκ
3101 4514 3396 4577 οὐσιώδους
3415 4509 3640 4605 ἑνώσεως

440 4633 552 4672 non
594 4619 900 4673 essentialis
935 4620 1156 4674 unionis
1187 4619 1427 4685 donum;
1458 4620 1732 4690 siquidem
1773 4619 1910 4674 nihil
1941 4635 2010 4674 ex

443 4709 613 4763 uultis
645 4710 799 4780 juxta
835 4710 1201 4766 substantiam
1231 4711 1551 4782 dignitatem
1589 4711 1880 4782 quamdam
1921 4711 2008 4765 vel

438 4799 872 4860 dominationem
915 4801 991 4854 illi
1049 4801 1220 4856 donat
1257 4801 1347 4856 cui
1399 4802 1612 4856 unitur.
1673 4801 1781 4856 Sed
1827 4815 2010 4856 nonne

441 4891 926 4960 impeccubtlitutem
969 4891 1211 4948 hominis
1256 4893 1532 4949 Dominici
1563 4892 1759 4948 dicunt
1807 4890 2011 4960 proba-

442 4985 648 5037 t‘oucm
687 4997 809 5038 esse
849 4984 1162 5040 essentialis
1197 4985 1266 5040 ad
1303 4985 1545 5040 Verbum
1577 4983 1842 5038 unionis?
1864 4981 2012 5048 Quo-

401 5091 409 5102 -
444 5070 608 5124 modo
637 5087 768 5140 ergo
807 5073 877 5127 ad
921 5074 1182 5143 Spiritum
1219 5083 1471 5130 sanctum
1506 5073 1613 5127 hoc
1657 5071 1826 5128 refert
1853 5086 2010 5127 sacra

443 5162 728 5233 Seniptura
759 5165 982 5221 dicens:
1003 5165 1106 5232 Qui
1138 5184 1230 5238 per
1258 5166 1516 5237 Spiritum
1545 5173 1801 5219 (etet-num
1830 5165 2013 5234 (aliter

442 5252 703 5321 sanctum)
727 5255 1058 5323 semetipsum
1091 5254 1278 5309 obtulit
1319 5251 1724 5308 immaculatum
1759 5253 1910 5308 Deo?
1937 5254 2014 5310 Αε

441 5344 658 5413 spiritus
699 5345 812 5415 (sic)
855 5344 982 5400 Iesu
1026 5346 1330 5400 emundabit
1361 5346 1732 5400 conscientiam
1775 5355 2013 5399 nostram

442 5437 509 5491 ab
538 5435 778 5507 operibus
798 5439 1019 5492 mortuis
1055 5437 1118 5490 ν’.
1157 5438 1222 5492 Ει
1259 5434 1392 5490 alibi
1425 5454 1438 5490 :
1467 5435 1823 5505 Justiﬁeatum
1854 5445 1930 5490 est
1956 5437 2011 5489 in

2110 4615 2366 4687 δώρημα’
2402 4614 2526 4669 ἐπεὶ
2586 4613 2752 4682 μηδὲν
2791 4611 2902 4664 τῶν
2950 4607 3072 4662 κατ’
3119 4605 3309 4660 οὐσίαν
3363 4600 3661 4675 ὴνωμόνων,

2111 4707 2270 4774 ἀξίαν
2292 4706 2415 4759 τινὰ
2436 4703 2532 4758 καὶ
2563 4700 2881 4756 δεσποτείαν
2905 4697 3162 4769 δωρεῖται
3185 4689 3340 4766 ᾧπερ
3363 4693 3428 4748 ἀν
3445 4693 3659 4764 ἥνωται·

2109 4799 2226 4854 ἀλλ’
2255 4794 2366 4869 ἆρα
2393 4795 2471 4870 μὴ
2497 4794 2557 4849 τὸ
2592 4791 3014 4862 ἀναμάρτητον
3037 4787 3134 4841 τοῦ
3166 4783 3446 4857 Κυριακοῦ
3470 4781 3664 4851 ἀνθρὼ-

2117 4908 2220 4945 που
2243 4890 2464 4958 λέγουσι
2477 4885 2780 4954 τεκμήριον
2795 4881 2897 4950 τῆς
2927 4878 3216 4942 οὑσιὼδους
3249 4875 3487 4949 πρδςτδν
3507 4873 3664 4940 Λόγον

2114 4981 2361 5042 ἑνώσεως
2384 4996 2399 5044 ;
2427 4975 2668 5046 καὶπῶς
2689 4975 2784 5028 ἐπὶ
2811 4973 2874 5026 τὸ
2903 4971 3128 5040 Πνεῦμα
3153 4969 3214 5022 τὸ
3245 4969 3398 5036 ἀγιον
3424 4965 3666 5034 ἀναφέρει

2113 5073 2316 5144 τοῦτοή
2336 5071 2456 5126 θεία
2472 5069 2664 5142 Γραφὴ
2682 5067 2940 5136 λέγουσα,
2961 5066 3067 5129 ⁸ος
3087 5061 3184 5116 διὰ
3203 5057 3668 5153 Destinat/oculus:

2111 5164 2247 5226 νίου
2257 5161 2478 5217 ἑαυτὸν
2501 5157 2919 5234 προσήνεγκεν
2937 5155 3182 5224 ἄμωμον
3205 5151 3283 5218 τῷ
3311 5150 3433 5216 Θεῷ
3456 5191 3470 5213 ,
3487 5147 3575 5202 καὶ
3599 5147 3666 5201 τὸ

2113 5252 2357 5322 Πνεῦμα
2387 5251 2594 5320 Ἰησοῦ
2631 5247 2905 5318 καθαριεῖ
2941 5246 3056 5314 τὴν
3103 5241 3462 5308 συνείδησιν
3519 5237 3668 5307 ήμῶν

2111 5344 2232 5399 ἀπὸ
2279 5341 2510 5414 νεκρῶν
2557 5342 2793 5412 ἕρτων;
2829 5339 2924 5394 καὶ
2964 5335 3223 5406 ἀλλαχοῦ,
3251 5330 3580 5400 Ἐδικαιώθη
3601 5331 3670 5384 ἐν·
3775 5365 3781 5370 -

2115 5437 2452 5506 Πνεύματι;
2482 5434 2678 5492 οὐκοῦν
2705 5433 2784 5512 τῷ
2817 5429 3098 5507 Πνεῦματι
3123 5429 3182 5488 ὲν
3233 5421 3278 5496 ᾧ
3323 5425 3668 5490 δεδικαίωται,

514 5633 564 5666 ⁸³
588 5632 775 5714 Matth.
810 5649 847 5697 l,
891 5631 972 5685 l8.
1051 5631 1115 5663 ⁸³⁸
1150 5630 1384 5703 Philipp.
1415 5650 1470 5694 ιι.
1499 5632 1550 5688 9.
1635 5634 1674 5667 ³³
1709 5634 1874 5690 llebr.
1915 5651 1987 5698 Ix,
2027 5635 2110 5686 Η.
