3932 6152
175 400 179 404 .
291 336 428 404 “73

1248 334 1643 405 AIWERSUS
1682 335 2229 409 NESTORIANOS.
2262 374 2327 384 -ν
2359 341 2501 409 LIB.
2542 348 2593 407 Ῐ.

3413 337 3522 401 1471

290 455 382 505 καὶ
416 451 476 502 οὐ
514 446 589 519 τῷ
602 447 761 518 Λόγῳ
787 449 846 501 ἐν
868 441 912 516 ᾧ
943 440 1005 502 τὸ
1034 450 1155 501 κατ’
1182 448 1368 502 οὐσίαν
1390 466 1405 480 ⁶
1435 450 1591 503 ἔσται
1622 452 1676 504 δὲ
1700 451 1870 514 οὕτως

1976 448 2173 526 Spiritu
2218 458 2283 509 ".
2317 455 2523 526 Spiritu
2550 468 2680 522 ergo
2707 423 3039 518 iustificatus
3066 455 3170 515 est,
3216 458 3327 503 non
3361 446 3536 507 Verba

290 543 382 595 καὶ
406 541 467 593 οὐ
518 540 924 613 προαιρετικὸν,
952 540 1067 592 ἀλλ’
1105 539 1364 603 οὐσιῶδες
1403 542 1463 593 τὸ
1510 541 1865 613 κατόρθωμα.

362 719 575 790 ’Ὠσπερ
617 719 667 771 οί
704 706 802 783 τὰς
851 719 1094 789 μεγάλας
1144 721 1420 790 πυρκαϊὰς
1468 722 1724 787 ἐξάπτειν
1747 724 1865 777 ἐθέ-

292 812 492 874 λοντες,
523 810 720 884 καὶτῷ
753 813 1038 882 παμφάγον
1069 815 1201 883 πυρὶ
1231 814 1547 885 νικώμενοι,
1584 818 1722 883 μετᾶ
1768 819 1870 889 τὴν

290 901 390 970 τῆς
436 901 731 972 ἁδροτέρας
760 902 893 969 ὕλης
922 904 1169 973 δαπάνην
1206 904 1603 975 μαραγγιῶσαν
1635 906 1738 977 ήδη
1774 909 1870 961 αὐ-

290 996 404 1057 τοῖς
430 994 530 1063 τὴν
569 992 743 1061 φλόγα
793 992 1080 1062 θεώμενοι,
1141 994 1344 1064 καὶμὴ
1388 996 1718 1067 διαρκοῦσαν
1770 997 1871 1068 τὴν

293 1084 424 1154 ὓλην
463 1085 541 1148 είς
568 1084 891 1155 παραμονὴν
915 1083 1010 1137 τοῦ
1039 1085 1483 1155 σπουδαζομένου
1513 1087 1866 1157 κεκτημένοι,

294 1176 683 1245 καρφολογίαις
738 1176 850 1228 τισὶ
900 1176 1107 1244 ταύτην
1160 1174 1220 1242 ἐξ
1267 1178 1502 1248 ἀπορίας
1550 1178 1870 1249 ἐπιτρέφειν

293 1265 709 1331 σπουδάζουσιν,
739 1264 827 1319 ἵνα
864 1266 938 1336 μὴ
961 1264 1183 1329 τελείως
1209 1266 1392 1329 αὐτοῖς
1421 1269 1455 1337 ἠ
1484 1266 1709 1338 λαμπὰς
1737 1269 1869 1321 ἀπο·

293 1357 580 1411 σϐέννυται
602 1374 616 1388 ο
652 1356 796 1410 οὕτω
821 1355 887 1427 δὴ
923 1358 1016 1410 καὶ
1053 1357 1213 1427 ὑμεῖς
1250 1357 1345 1410 νῦν
1368 1356 1467 1427 τῆς
1521 1354 1632 1411 τῶν
1662 1356 1868 1427 προτά-

293 1460 433 1500 σεων
476 1446 629 1516 ὑμῶν
659 1445 1094 1512 δξαναλωθείσης
1124 1445 1304 1515 πάσης
1347 1443 1676 1514 ὑλαιοτάτης
1733 1456 1867 1512 σσυρ-

293 1538 612 1606 φετολογίας
660 1537 738 1607 τῷ
778 1537 873 1591 τοῦ
936 1536 1167 1606 ψεύδους
1210 1535 1529 1607 ἀναλωτικῷ
1584 1536 1720 1606 πυρὶ
1770 1536 1870 1605 τῆς

292 1627 575 1698 ἀληθείας,
608 1626 982 1696 βαττολογίαις
1013 1628 1124 1680 τισὶ
1177 1626 1337 1697 μόνον
1362 1625 1463 1697 τὴν
1507 1625 1868 1679 ἐκκαυθεῖσαν

293 1720 421 1789 ὑμῖν
473 1719 610 1789 ἔριν.
666 1718 804 1790 πρὸς
853 1720 997 1789 ὑμᾶς
1053 1719 1481 1790 παρυφάπτετε·
1546 1717 1708 1771 ποίαν
1759 1718 1869 1789 γὰρ

289 1811 424 1880 ἡμῖν
479 1811 728 1881 ἀνάγκην
761 1809 950 1875 ἐπάξει
985 1809 1281 1880 καθολικῆς
1308 1812 1628 1881 ὁμοιότητος
1661 1811 1695 1881 ἡ
1728 1811 1867 1880 πρός

291 1915 344 1955 τι
376 1900 473 1955 τοῦ
525 1899 967 1971 παραδείγματος
992 1902 1092 1971 τῆς
1122 1900 1301 1971 ψυχῆς
1341 1903 1436 1955 καὶ
1464 1901 1558 1955 τοῦ
1615 1900 1867 1970 σώματος

293 1990 355 2055 ἐξ
382 1990 537 2060 ὑμῶν
553 1990 819 2062 εἰρημένη
862 1987 1365 2062 παράθεσις;⁷Αρα
1390 1991 1499 2061 γάρ
1529 1990 1694 2043 πάλιν
1722 1990 1869 2060 ὑμᾶς

292 2076 786 2154 ὕπομνήσομεν,ὠς
816 2081 976 2136 τοῦτο
1003 2083 1332 2153 ὴγνοήσατε,
1356 2076 1403 2137 ὧ
1434 2080 1757 2153 σοφώτατοι,
1785 2084 1868 2136 ὅτι

291 2175 352 2227 οὐ
388 2175 607 2239 πάντως
640 2167 717 2229 ὧν
740 2172 798 2227 αἱ
823 2172 1106 2239 συνθέσεις
1128 2175 1185 2228 αί
1210 2174 1372 2228 abeat
1403 2174 1546 2228 κατά
1574 2173 1870 2238 τι,τούτων

293 2269 388 2321 καὶ
411 2271 465 2322 αἱ
493 2268 768 2339 ἐνέργειαι
818 2268 875 2321 αἱ
906 2267 1071 2321 αὑταὶ
1123 2269 1318 2331 πᾶσαι,
1354 2267 1389 2339 ἢ
1435 2266 1506 2320 τά
1549 2266 1724 2329 ἄλλως
1749 2266 1872 2319 ἐπό-

296 2374 469 2425 μενα;
497 2357 611 2410 ἀλλ’
641 2358 745 2411 οὐκ
768 2355 922 2426 οἶμαι
946 2354 1107 2410 τοῦτο
1152 2356 1299 2427 ὑμᾶς
1333 2356 1456 2410 ὅλον
1504 2354 1866 2425 ἡγνοηκέναι’

293 2446 433 2519 ἀνὴρ
452 2446 562 2517 γάρ
582 2446 737 2518 ἀνδρὶ
761 2447 1080 2504 κατάτόπον
1107 2447 1315 2518 ἥνωται
1341 2446 1433 2501 τὸν
1456 2447 1515 2500 ἐν
1549 2445 1870 2516 Ἐκκλησία*

294 2536 391 2591 καὶ
438 2537 613 2607 ψηφὶς
657 2536 856 2608 ψηφῖδι
884 2536 1088 2606 ὁμοίως
1139 2538 1283 2592 κατά
1327 2538 1495 2592 τόπον
1550 2537 1759 2608 ἥνωται
1813 2539 1871 2590 ἐν

294 2628 432 2697 αὑτῇ
453 2644 468 2658 ·
502 2627 597 2681 καὶ
624 2627 705 2698 τῷ
736 2628 833 2698 μὲν
861 2627 896 2699 ἡ
929 2626 1182 2688 σύνθεσις
1210 2629 1243 2698 ἢ
1277 2628 1607 2700 παράθεσις,
1653 2628 1872 2697 ὁμιλίαν

295 2732 354 2770 τε
386 2718 482 2770 καὶ
511 2718 720 2789 θέρμην
753 2716 852 2788 τὴν
874 2718 932 2785 ἐξ
957 2717 1204 2787 ἀλλήλων
1230 2718 1327 2772 καὶ
1352 2719 1419 2771 τὰ
1436 2719 1600 2773 λοιπά
1632 2717 1874 2789 ἀμφοτέ-

297 2825 412 2877 ροις
438 2809 754 2880 χαρίζεταιο
806 2807 917 2863 τῶν
970 2807 1029 2861 δὲ
1078 2810 1113 2880 ἡ
1158 2807 1408 2873 σύνθεσις
1444 2809 1600 2862 οὐδὲν
1628 2807 1872 2872 τοιοῦτον

295 2898 843 2953 ἐπιδείκνυταιοδέον
887 2899 948 2952 δὲ
980 2899 1126 2969 ὑμᾶς
1173 2894 1247 2971 ἦν
1291 2898 1453 2953 τοῦτο
1494 2898 1870 2965 ἐπισκέπτειν,

293 2993 371 3056 ὡς
391 2984 467 3045 ὧν
492 2992 547 3045 ai.
574 2991 767 3061 φύσεις
796 2991 895 3060 οὐχ
948 2991 1005 3043 ai.
1040 2990 1226 3052 αὑταὶ,
1255 2991 1376 3044 οὐδὲ
1413 2992 1466 3043 αἱ
1515 2990 1830 3060 μεταδόσεις
1855 3005 1869 3020 ⁸

1973 550 2028 601 in
2076 554 2186 618 quo
2220 548 2521 602 secundum
2571 543 2936 600 substantiam
2985 542 3182 596 inerat.
3219 540 3312 597 Sic
3356 548 3541 596 autem

1970 638 2077 692 erit
2110 654 2219 691 non
2268 637 2438 691 libera
2494 633 2590 690 scd
2623 633 2933 689 cssontialis
2972 631 3269 687 rectitude.

2040 728 2508 795 Quemadmodum
2542 728 2575 782 ii
2608 727 2701 797 qui
2727 726 3003 796 ingentem
3025 724 3212 795 ignem
3231 722 3543 779 accendere

1970 820 2183 884 volunt,
2239 835 2389 884 cum,
2436 825 2760 887 consumpta
2806 816 2958 871 omni
3003 814 3260 881 materia,
3282 814 3390 870 sibi
3429 816 3538 886 iam

1969 910 2413 978 languescentem
2451 907 2723 962 ﬂammam
2780 905 3047 972 videant,
3087 905 3403 961 devorantis
3488 904 3539 954 i-

1966 997 2389 1073 gnisvoracitate
2406 999 2671 1070 superati,
2696 999 2955 1068 quoniam
2986 997 3055 1052 ad
3078 997 3337 1052 alendum
3357 999 3541 1064 ignem

1970 1104 2081 1142 non
2124 1090 2368 1158 suppetit
2399 1103 2500 1159 par
2531 1088 2821 1153 materies,
2856 1086 3181 1156 colligendis
3213 1086 3437 1154 stipulis
3470 1085 3541 1139 ob

1972 1177 2209 1247 inopiam
2240 1175 2374 1230 dant
2410 1191 2633 1247 operam
2672 1176 2878 1246 quibus
2924 1174 3143 1230 ﬂamma
3167 1177 3447 1230 nutriatur
3473 1190 3544 1230 ne

1969 1269 2195 1323 omnino
2244 1268 2432 1322 lumen
2455 1267 2871 1338 exstinguatnr:
2910 1266 2984 1320 ita
3016 1274 3073 1319 et
3115 1280 3216 1320 vos
3240 1305 3254 1328 ,
3291 1281 3359 1320 eo
3395 1265 3542 1335 quod

1970 1358 2224 1414 immanis
2253 1367 2561 1414 vestrorum
2605 1365 3059 1427 argumentorum
3101 1371 3268 1427 agger
3298 1356 3546 1411 veritatis

1970 1450 2096 1521 igne
2144 1448 2559 1505 mendaciorum
2611 1447 2783 1504 edace
2826 1447 3048 1519 penitus
3087 1447 3414 1518 absumptus
3438 1456 3542 1509 est,

1971 1540 2175 1610 ineptis
2219 1548 2431 1595 tantum
2488 1538 2934 1594 cavillationibus
2993 1536 3235 1609 iurgium
3283 1537 3548 1593 adversus

1969 1632 2072 1688 no's
2096 1632 2398 1703 inemptum
2424 1630 2571 1686 alitis
2597 1649 2610 1685 :
2636 1630 2914 1701 quomodo
2939 1630 3145 1685 etenim
3177 1629 3544 1685 universalem

1971 1724 2391 1780 similitudinem
2440 1723 2668 1779 inducet
2710 1723 2804 1778 illa
2841 1723 3181 1793 comparatio
3215 1721 3464 1791 corporis
3491 1730 3548 1777 et

1969 1817 2165 1872 animae
2192 1815 2397 1871 avobis
2417 1815 2472 1868 in
2499 1814 2722 1870 modum
2749 1814 2986 1883 exempli
3017 1813 3215 1869 allata?
3240 1811 3378 1867 illud
3396 1811 3546 1865 enim

1965 1907 2124 1962 vobis
2147 1906 2202 1962 in
2227 1906 2549 1962 memoriam
2572 1904 2956 1961 revocabimus
3005 1903 3163 1976 quasi
3197 1901 3544 1974 ignoraretis,
3626 1910 3643 1931 ⁶

1966 1996 2381 2068 sapientissimi,
2430 2010 2542 2050 non
2579 1994 2808 2049 omnino
2841 1993 3057 2050 scilicet
3098 1992 3521 2064 coniunctiones

1968 2090 2211 2156 illarum,
2243 2105 2366 2160 quae
2406 2086 2711 2144 secundum
2752 2084 2884 2155 quid
2912 2084 3124 2140 similes
3153 2092 3301 2148 sunt,
3323 2098 3445 2139 esse
3468 2081 3547 2138 si-

1968 2179 2128 2234 miles
2147 2187 2270 2233 actu
2300 2185 2395 2233 aut
2415 2191 2606 2231 earum
2627 2185 2823 2230 caetera
2848 2172 3223 2229 consectaria?
3238 2173 3346 2228 Vos
3363 2180 3547 2226 autem

1971 2270 2195 2324 minime
2216 2283 2417 2324 censeo
2441 2268 2557 2323 haec
2580 2266 2764 2321 omnia
2797 2264 3117 2337 ignorasse:
3145 2263 3232 2318 vir
3254 2263 3401 2319 enim
3427 2262 3556 2318 viro

1969 2360 2274 2417 secundum
2321 2359 2506 2414 locum
2547 2357 2605 2411 in
2644 2357 2888 2412 Ecclesia
2922 2353 3278 2425 coniungitur
3318 2362 3375 2409 et
3409 2353 3556 2422 lapis

1968 2451 2136 2521 lapidi
2162 2468 2175 2505 :
2206 2451 2311 2519 viri
2336 2459 2518 2505 autem
2543 2448 2860 2521 coniunctio
2880 2488 2895 2512 ,
2930 2462 3026 2501 seu
3063 2444 3422 2518 iuxtapositio
3472 2444 3553 2499 fa-

1970 2543 2345 2597 miliaritatem
2397 2556 2492 2596 seu
2533 2540 2861 2596 charitatcm
2928 2546 3179 2593 mutuam
3237 2545 3294 2591 et
3351 2545 3553 2591 caetera

1970 2629 2290 2702 huiusmodi
2345 2630 2403 2683 in
2453 2629 2689 2682 alterum
2742 2626 2937 2697 gignit,
2978 2624 3223 2694 lapidum
3255 2638 3389 2678 vero
3415 2638 3552 2677 con-

1965 2720 2183 2793 iunctio
2223 2720 2363 2774 nihil
2396 2719 2576 2774 simile
2610 2717 2787 2788 parit;
2833 2715 2970 2769 illud
3011 2724 3196 2769 autem
3242 2713 3404 2769 vobis
3434 2719 3555 2767 erat

1970 2810 2334 2882 spectandum
2354 2820 2591 2880 quorum
2621 2824 2732 2863 non
2760 2808 2966 2863 eaedem
2998 2815 3207 2860 natura:
3243 2819 3431 2859 eorum
3459 2819 3557 2857 nc-

1971 2917 2080 2973 quc
2121 2902 2341 2957 easdem
2372 2915 2495 2956 esse
2532 2900 3112 2962 communicationes;
3147 2895 3417 2967 siquidem
3461 2910 3557 2951 nc-

1969 3010 2077 3066 que
2100 3004 2229 3049 sunt
2259 2992 2460 3049 eaedem
2484 2991 2877 3063 proprietates,
2910 3005 3015 3045 nec
3032 2991 3236 3065 eaedem
3265 2986 3559 3042 facultates

296 3083 420 3136 ἐπεὶ
454 3082 587 3153 μηδὲ
620 3083 677 3135 αἱ
714 3080 999 3152 ποιότητες
1037 3080 1094 3133 αί
1123 3081 1285 3133 αὐταί
1321 3082 1459 3133 εἰσιν
1485 3120 1499 3144 ,
1538 3081 1673 3151 μηδὲ
1697 3082 1753 3133 αἱ
1773 3081 1866 3133 δυ-

1976 3097 2069 3140 aut
2106 3086 2387 3157 potentiae,
2417 3087 2632 3142 etiamsi
2661 3085 3082 3158 coniunctiones
3108 3083 3315 3139 eaedem
3346 3098 3556 3152 suppoc

294 3174 486 3243 νάμεις
504 3172 539 3243 ἢ
566 3174 623 3225 αἱ
654 3171 926 3241 ἐνέργειαι
950 3170 1192 3239 γένοιντο
1208 3168 1275 3221 ἂν
1308 3171 1366 3222 αἱ
1392 3170 1579 3232 αὐταὶ,
1611 3171 1660 3222 εἰ
1691 3172 1785 3223 καὶ
1807 3172 1863 3224 αἱ

1976 3185 2214 3231 nantur:
2249 3187 2586 3248 quapropter
2607 3180 2953 3250 postulamus
2969 3185 3030 3231 ut
3052 3176 3215 3231 nobis
3231 3172 3559 3229 ostendatur

296 3264 574 3327 συνθέσεις
602 3261 713 3316 εἶεν
765 3266 821 3316 at
865 3262 1028 3315 αὐταί
1062 3278 1179 3324 πως
1214 3260 1530 3331 νοούμεναι⁸
1558 3260 1732 3314 ταῦτα
1776 3256 1869 3315 οὖν

296 3356 434 3427 πρὸς
461 3355 524 3407 τδ
556 3356 807 3408 ἀπαιτεῖν
835 3355 983 3424 ἡμᾶς
1011 3352 1243 3424 φυτικὴν
1279 3353 1426 3422 ζωὴν
1464 3352 1560 3406 καὶ
1611 3353 1866 3423 αἴσθησιν

293 3447 524 3517 τοπικὴν
569 3448 633 3499 ἐκ
661 3445 755 3499 τοῦ
775 3440 948 3515 Λόγου
990 3444 1161 3508 δεῖξαι
1205 3446 1271 3515 τῇ
1322 3445 1486 3513 σαρκὶ
1538 3444 1863 3514 γενομένην,

1974 3269 2142 3323 vitam
2171 3270 2559 3338 vegetativam,
2604 3285 2829 3325 sensum
2876 3275 2933 3324 et
2970 3268 3204 3324 localem
3253 3265 3555 3320 motionem

1973 3375 2042 3414 ex
2092 3359 2274 3415 Verbo
2338 3360 2492 3414 carni
2543 3361 2860 3431 provenire,
2898 3360 3029 3431 quia
3095 3360 3215 3413 lucc
3253 3356 3440 3411 omnia
3487 3372 3555 3412 ex

1972 3449 2156 3503 anima
2188 3450 2410 3520 corpori
2449 3453 2745 3523 conjuncta
2790 3451 3070 3506 eveniant.

291 3536 429 3590 διότι
451 3534 624 3588 ταῦτα
653 3535 717 3587 ἐκ
746 3532 924 3604 ψυχῆς
955 3532 1165 3602 πέφυκε
1211 3530 1454 3601 γίνεσθαι
1481 3531 1869 3606 συντιθεμένης
1904 3534 1980 3606 τῷ
2008 3536 2242 3608 σώματι.

376 3622 596 3695 Ἐπειδὴ
648 3624 705 3677 δὲ
731 3626 779 3677 εί
834 3624 928 3678 καὶ
983 3623 1059 3695 μὴ
1089 3622 1156 3676 τά
1186 3624 1284 3695 τῆς
1305 3622 1509 3695 ψυχῆς,
1552 3620 1665 3677 ἀλλ’
1719 3626 1869 3697 ὅμως

293 3715 399 3771 κᾶν
417 3716 607 3787 ἔτερόν
630 3733 683 3770 τι
727 3715 859 3769 ίδεῖν
894 3715 1002 3768 τῶν
1040 3717 1193 3785 παρά
1253 3713 1349 3768 τοῦ
1383 3710 1554 3782 Λόγου
1582 3716 1648 3785 τῇ
1703 3715 1872 3785 σαρκὶ

292 3806 727 3879 κερδαινομένων
756 3807 901 3875 ἡμᾶς
925 3806 1305 3872 είσπράττετε,
1327 3806 1464 3873 εἴγε,
1499 3807 1573 3869 ὥς
1597 3821 1758 3873 φατε,
1794 3805 1869 3876 μὴ

299 3898 483 3970 μέλλοι
510 3898 688 3969 πάντη
718 3898 979 3966 ἀνόνητος
1009 3895 1187 3966 ταύτῃ
1218 3891 1358 3949 εἶναι
1390 3896 1490 3963 τῆς
1512 3895 1665 3958 θείας
1688 3893 1872 3948 συνθέ⁸

297 4008 436 4056 σεως
470 3992 497 4045 6
514 3992 737 4063 τρόπος,
780 3990 946 4063 μηδέν
974 4008 1029 4045 τι
1054 3990 1160 4043 τῶν
1186 3990 1286 4061 τῆς
1308 3990 1488 4061 ψυχῆς
1520 3991 1553 4060 ἡ
1580 3991 1719 4061 ὑπὲρ
1740 3988 1871 4043 ταύ-

293 4099 396 4155 την
426 4084 564 4155 αὐτῇ
596 4083 940 4157 δωρούμενος
962 4098 979 4115 ο
1028 4083 1188 4136 τοῦτο
1209 4083 1330 4153 ζγάρ
1358 4081 1605 4150 βούλεται
1651 4082 1807 4153 ὑμῶν
1838 4083 1871 4154 ἡ

295 4176 457 4244 ῥῆσις
479 4175 782 4243 φάσκουσα,
813 4174 898 4226 δτι
927 4173 989 4227 El
1022 4174 1290 4227 ἀπάθειαν
1336 4173 1433 4227 καὶ
1464 4172 1772 4244 ἀφθαρσίαν
1804 4175 1872 4244 τῇ

295 4265 541 4321 συνθέσει
574 4269 1049 4339 μαρτυρήσοιμεν,
1091 4265 1434 4337 ψευδόμεθα·
1470 4264 1628 4320 τοῦτο
1671 4265 1781 4336 γὰρ
1815 4265 1873 4332 ἐξ

293 4359 647 4423 ἀναστάσεως
677 4359 971 4430 ἐσχηκέναι
993 4361 1022 4413 ό
1050 4359 1332 4431 Κυριακος
1353 4358 1640 4432 ἄνθρωπος
1663 4376 1877 4432 μεμαρ-

293 4447 529 4520 τύρηται
547 4466 565 4481 ·
592 4450 895 4505 ἀκούσεσθε
918 4449 1048 4523 παρ’
1080 4451 1240 4522 ἡμῶν
1266 4452 1360 4504 καὶ
1392 4453 1518 4523 περὶ
1540 4451 1693 4506 τοῦδε
1722 4452 1869 4518 τάδε,

293 4541 345 4594 οἱ
383 4540 491 4594 τῶν
522 4540 681 4595 θείων
709 4542 927 4613 δωρεῶν
960 4544 1472 4610 ἀνεπίσκγεπτοιβτι
1504 4544 1614 4597 Καὶ
1648 4543 1877 4598 πλεῖστά

294 4632 402 4685 τίσι
433 4631 503 4686 τὰ
531 4634 596 4686 ἐκ
625 4632 721 4686 τοῦ
758 4634 938 4702 Λόγου
982 4637 1050 4705 τῇ
1092 4636 1257 4706 σαρκὶ
1282 4635 1587 4705 δωρήματα
1632 4635 1726 4688 καὶ
1784 4635 1877 4706 μέ-

2044 3629 2183 3685 Cum
2215 3641 2399 3687 autem
2436 3647 2470 3687 a
2506 3630 2669 3686 nobis
2706 3629 2941 3702 exigatis
2980 3640 3075 3696 ut,
3122 3629 3230 3685 nisi
3273 3645 3396 3700 qua:
3428 3639 3559 3685 sunt

1973 3720 2170 3776 animae
2200 3762 2214 3787 ,
2254 3721 2406 3776 aliud
2451 3730 2633 3777 tamen
2683 3721 2837 3792 quid.
2875 3735 3237 3792 agnoscamus
3293 3734 3325 3775 a
3374 3719 3564 3775 Verbo

1973 3826 2195 3866 carnem
2225 3814 2540 3883 accepisse,
2588 3829 2659 3869 ne
2690 3812 2919 3868 omnino
2944 3853 2965 3879 ,
3011 3822 3072 3867 ut
3124 3810 3312 3866 dicitis
3339 3851 3354 3877 ,
3400 3810 3453 3866 ei
3486 3810 3561 3865 sit

1972 3903 2185 3959 inutilis
2219 3904 2406 3959 divina
2435 3906 2589 3973 unio,
2622 3906 2668 3962 si
2700 3922 2883 3976 neque
2921 3921 2986 3961 ea
3018 3920 3143 3976 quae
3176 3904 3376 3960 animae
3406 3912 3559 3969 sunt,

1973 4009 2156 4064 neque
2184 3996 2291 4051 alia
2319 4012 2443 4068 quae
2478 4012 2647 4068 super
2672 4012 2793 4052 eam
2815 4040 2829 4064 ,
2859 3996 2987 4052 inde
3018 3996 3173 4051 carni
3211 4003 3508 4065 suppetant
3544 4012 3561 4046 :

1975 4086 2111 4143 illud
2141 4090 2289 4145 enim
2336 4089 2441 4145 sibi
2487 4089 2609 4144 vult
2636 4088 2691 4143 id
2722 4088 2869 4160 quod
2906 4088 3123 4153 dicitis,
3168 4101 3274 4141 nos
3294 4084 3565 4148 ‘mentiri,

1976 4177 2472 4248 impassibilitatem
2536 4186 2594 4233 et
2675 4177 3262 4249 incorruptibilitatem
3338 4173 3562 4228 unionis

1979 4279 2239 4341 tanquam
2279 4286 2461 4325 causze
2494 4269 2805 4324 tribuentes
2828 4309 2844 4335 ,
2890 4283 3016 4323 cum
3049 4284 3116 4322 ex
3148 4264 3565 4321 resurrectione

1976 4361 2095 4416 hac
2113 4360 2378 4415 habuisse
2407 4359 2687 4413 hominem
2718 4360 3067 4414 Dominicum
3102 4358 3264 4429 plane
3289 4365 3504 4411 constet
3544 4372 3564 4409 ι

1977 4469 2009 4508 a
2043 4453 2205 4508 nobis
2237 4453 2496 4519 audietis,
2532 4468 2566 4507 ο
2586 4452 2858 4507 donorum
2882 4451 2979 4506 Dei
3008 4449 3206 4521 ignari,
3241 4450 3413 4503 multa
3438 4463 3568 4503 esse

1980 4555 2039 4600 et
2083 4545 2541 4615 praestantissima
2578 4543 2723 4599 dona
2757 4559 2785 4598 a
2823 4543 3000 4599 Verbo
3039 4543 3192 4598 carni
3239 4543 3436 4597 collata
3467 4559 3480 4595 :
3514 4543 3566 4596 si

1977 4639 2182 4695 etenim
2214 4646 2270 4692 et
2292 4637 2790 4707 impassibilitatem
2813 4645 2869 4691 et
2894 4634 3476 4705 incorruptibilitatem
3497 4650 3565 4689 ex

295 4737 493 4789 γιστα⁶
527 4725 576 4777 εἰ
600 4723 711 4793 γάρ
749 4725 846 4778 καὶ
872 4724 971 4796 τὴν
1009 4726 1282 4780 ἀπάθειαν
1308 4728 1403 4779 καὶ
1436 4726 1541 4796 τὴν
1563 4725 1870 4797 ἀφθαρσίαν

1981 4731 2390 4786 resurrectione
2429 4730 2660 4799 habuit,
2699 4744 2806 4784 non
2835 4730 2992 4784 aliter
3017 4744 3082 4784 ac
3114 4743 3309 4783 omnes
3337 4744 3437 4782 nos
3467 4727 3572 4780 ho~
3618 4720 3623 4728 “

296 4816 358 4882 ἐξ
412 4817 763 4883 ἀναστάσεως
816 4820 1128 4887 ἐπεδέξατο,
1155 4822 1300 4875 καθά
1349 4822 1550 4886 πάντες
1606 4822 1876 4893 μέλλομεν

294 4908 441 4981 ἔχειν
478 4911 528 4964 oi
562 4909 862 4982 ἂνθρωποι,
892 4911 1029 4964 ἀλλά
1059 4914 1155 4966 καὶ
1182 4913 1293 4984 πρὸ
1334 4914 1709 4978 ἀναστάσεως,
1740 4915 1878 4968 πᾶσι

294 5002 409 5063 τοῖς
441 5003 656 5064 πιστοῖς
685 5001 755 5055 τά
799 5002 940 5074 ὑπὲρ
971 5001 1283 5074 ἄνθρωπον,
1320 5004 1489 5077 ἤγουν
1528 5005 1876 5077 θαυματουρ-

296 5090 430 5161 γικά
465 5090 767 5165 δεδώρηται
784 5094 1104 5164 χαρίσματα
1123 5111 1137 5125 °
1172 5095 1269 5150 καὶ
1285 5097 1671 5169 ἀναμαρτησία
1695 5097 1751 5150 δὲ
1782 5088 1877 5151 κάἱ

298 5183 517 5251 ἐξουσία
545 5184 712 5256 πολλή
746 5200 805 5238 τε
837 5186 931 5238 καὶ
966 5185 1226 5249 ποικίλως
1256 5188 1674 5259 μαρτυρηθέντα
1712 5188 1877 5259 αὐτῇ,

299 5271 464 5331 πόθεν
492 5277 977 5348 προσγενέσθαιτῇ
1006 5279 1170 5349 σαρκὶ
1191 5278 1441 5349 εἴποιμεν
1466 5280 1602 5351 αὐτῇ
1627 5298 1642 5345 ;
1676 5280 1737 5332 οὐ
1765 5280 1878 5348 γὰρ

298 5365 366 5419 ἀν
411 5365 604 5431 ἁπλῶς
641 5385 727 5432 τις
757 5369 903 5422 εἴποι
957 5369 1088 5423 αὐτὸ
1117 5368 1282 5423 τοῦτο
1337 5371 1397 5423 τὸ
1429 5372 1486 5423 ἐν
1530 5371 1874 5443 ὑποκειμένῳ

296 5450 669 5530 θεωρούμενον
704 5463 958 5532 πρᾶγμα,
1004 5464 1097 5515 καὶ
1128 5462 1202 5533 μὴ
1266 5462 1399 5516 αὐτὸ
1434 5462 1667 5533 βεϐηκὸς
1719 5464 1872 5518 voci)-

299 5567 484 5619 μενον,
513 5552 680 5623 ἤγουν
701 5556 801 5623 τὴν
840 5555 1159 5620 ἀνάστασιν,
1190 5555 1351 5625 φύσιν
1384 5554 1523 5609 εἷναί
1543 5573 1666 5609 τινα
1722 5558 1876 5627 ἐνερ-

299 5644 532 5714 γητικὴν
561 5646 835 5717 ἐτέρσεως
858 5650 951 5701 καὶ
984 5648 1252 5712 ἀπαθείας
1291 5651 1386 5703 καὶ
1411 5647 1722 5721 ἀφθαρσίας
1769 5647 1874 5704 σώ-

373 5763 415 5796 ⁸⁸
448 5764 470 5817 ι
503 5763 647 5819 Tim.
684 5781 762 5831 ιιι,
812 5767 900 5822 16.

1975 4824 2163 4898 mines
2187 4839 2379 4879 sumus
2408 4823 2677 4888 habituri,
2702 4829 2945 4877 attamen
2971 4828 3028 4877 et
3058 4827 3187 4875 ante
3206 4820 3573 4875 resurrectio-

1982 4930 2109 4970 nem
2145 4914 2403 4970 omnibus
2460 4914 2719 4970 ﬁdelibus
2777 4929 2842 4969 ea
2889 4928 3010 4983 quae
3068 4926 3237 4982 super
3285 4911 3566 4967 hominem

1982 5017 2133 5073 sunt,
2166 5008 2283 5063 sive
2313 5007 2752 5078 tbaumaturgica
2791 5005 2934 5061 dona
2961 5004 3188 5075 largitus
3216 5013 3335 5067 est,
3363 5003 3577 5074 imper-

1982 5098 2237 5154 cabilitas
2263 5098 2484 5168 quoque
2509 5107 2565 5152 et
2602 5112 2797 5168 magna
2831 5096 3075 5166 potentia
3114 5093 3265 5147 varie
3329 5092 3518 5147 manifi
3540 5115 3567 5128 ο

1984 5199 2126 5245 stata
2154 5230 2169 5255 ,
2214 5188 2361 5244 unde
2401 5189 2554 5243 carni
2604 5190 2714 5242 huc
2747 5187 3047 5243 accessisse
3097 5183 3381 5239 dicemus?
3447 5183 3565 5237 Non
3652 5222 3661 5231 .

1980 5282 2130 5337 enim
2175 5280 2507 5352 insipienter
2552 5280 2836 5337 diceretur
2880 5278 3014 5333 illud
3043 5287 3255 5332 tantum
3296 5273 3443 5346 quod
3483 5284 3569 5328 cst

1980 5372 2355 5430 essentialiter
2378 5372 2434 5426 in
2460 5371 2711 5441 subiecto
2736 5413 2752 5438 ,
2795 5387 2907 5425 non
2936 5378 3122 5425 autem
3157 5368 3306 5440 quod
3345 5379 3403 5421 et
3434 5382 3563 5433 sup—

1982 5472 2284 5535 poneretur
2321 5479 2423 5534 per
2453 5462 2714 5519 accidens
2740 5462 3026 5527 accedere,
3058 5460 3241 5531 qualis
3269 5467 3353 5513 cst
3383 5470 3568 5510 resur-

1984 5559 2157 5613 rectio
2174 5597 2188 5622 ,
2219 5558 2331 5611 vim
2366 5556 2659 5627 quamdam
2686 5570 2811 5611 esse
2839 5554 3180 5619 elfectricem
3202 5547 3569 5606 resurrectio-

1983 5648 2070 5704 nis
2088 5689 2107 5714 ,
2132 5648 2590 5720 impassibilitatis
2610 5656 2667 5702 et
2684 5644 3119 5717 incorruptionis
3138 5641 3387 5713 corporis
3403 5638 3570 5696 Chri-
