3932 6152
346 333 350 336 -
404 293 542 358 Ῑ4Ἶ5

1657 285 1964 352 LEONTII
2005 278 2404 350 BYZANTINI
2473 259 2478 273 ’

3510 289 3668 353 1476

391 404 498 468 sti;
523 418 630 458 non
661 401 812 456 enim
845 399 1018 455 nisiin
1037 399 1362 455 substantiis
1393 399 1675 455 invenitur
1697 399 1965 470 quidquid

2074 415 2238 468 ματος
2291 395 2546 467 Χριστοῦ·
2599 394 2757 464 μόνον
2797 393 2905 464 γὰρ
2937 397 3058 460 ταῖς
3095 395 3308 462 οὖσίαις
3339 397 3662 469 ὲνθεωροιὶ-

393 493 712 557 (οςεειιιίοιρ,
769 491 1075 548 accidentia
1115 499 1294 546 autem
1327 491 1382 546 in
1409 506 1597 552 carne,
1629 499 1842 562 utsunt
1873 491 1959 544 in-

393 582 714 645 earccratio,
750 579 1002 642 elevatio,
1025 578 1338 634 humiliatio
1355 586 1410 634 et
1427 579 1662 645 similia;
1687 594 1808 650 qua:
1833 579 1964 634 facit

395 671 700 728 substantia
731 679 786 724 et
809 670 865 724 in
896 669 1201 725 substantia
1236 668 1354 724 fieri
1380 678 1630 736 possunt,
1657 686 1760 724 nec
1778 679 1963 725 tamen

395 762 602 830 scripta
648 759 830 815 facere
874 766 970 814 aut
1012 759 1282 830 quidquid
1331 760 1476 815 alius
1523 775 1592 814 ex
1669 759 1864 826 seipsis
1905 759 1963 814 in

394 852 720 907 substantiis
765 867 1005 921 unquam
1041 859 1303 922 poterunt
1337 869 1352 906 :
1385 868 1510 906 nam
1540 843 1962 922 neque‘Lazari,

396 958 588 1014 aequae
609 943 736 998 ﬁliae
783 943 941 1008 Jairi,
981 952 1078 998 aut
1109 955 1433 1000 caeterorum
1483 945 1820 1000 resurrectio
1861 946 1964 1000 ali-

395 1033 526 1102 quid
558 1033 614 1087 in
645 1033 727 1088 eis
755 1049 822 1088 ex
855 1049 914 1088 se
953 1033 1157 1088 eﬂ‘ecit.

464 1123 751 1189 Quomodo
775 1139 906 1193 ergo
937 1123 1124 1178 dicitis
1153 1123 1270 1178 haec
1312 1139 1380 1178 ex
1421 1125 1827 1181 resurrectione
1863 1125 1965 1180 ha-

395 1211 582 1268 buisse
606 1213 884 1267 hominem
909 1211 1252 1267 Dominicum
1271 1211 1295 1265 ?
1310 1213 1364 1267 Si
1384 1213 1530 1266 enim
1561 1228 1591 1266 a
1614 1228 1676 1270 re
1693 1230 1802 1270 non
1819 1215 1966 1270 exsi—

396 1302 564 1356 stenti
613 1303 842 1368 habuit,
870 1303 982 1372 jam
1026 1318 1136 1357 non
1174 1303 1524 1371 reputabitur
1551 1318 1744 1358 eorum
1767 1310 1823 1358 et
1859 1303 1966 1359 sibi

392 1403 452 1446 et
484 1393 644 1448 nobis
675 1393 843 1448 fuisse
865 1409 1049 1460 causa,
1084 1393 1178 1463 qui
1209 1403 1327 1448 erat
1353 1402 1408 1448 et
1441 1394 1586 1448 Deus
1605 1401 1757 1459 erat,
1787 1409 1966 1464 neque

394 1485 544 1540 Deus
566 1500 694 1540 eum
743 1486 1129 1552 resuscitasse;
1154 1486 1200 1540 si
1226 1494 1409 1540 autem
1431 1487 1704 1541 exsistens
1732 1485 1964 1556 aliquid,

399 1575 504 1632 hoc
547 1585 669 1632 erat
716 1586 774 1632 et
817 1577 1066 1648 quaedam
1107 1577 1190 1632 vis
1215 1593 1405 1632 eorum
1437 1577 1687 1634 effectrix
1708 1588 1765 1649 et
1803 1593 1966 1632 causa

398 1667 855 1736 impassibilitatis
875 1675 930 1724 ct
949 1669 1513 1739 incorruptibilitatis,
1538 1671 1667 1740 quia
1693 1669 1838 1724 nulla
1862 1669 1967 1724 alia

2067 487 2226 557 μενόν
2241 485 2293 540 τί
2313 489 2448 546 ἐστι,
2461 485 2554 538 καὶ
2569 481 2962 552 ὲπισυμόαἰνον
2977 486 3142 557 αὐτῇ,
3167 485 3361 557 ὥσπερ
3376 488 3470 540 καὶ
3489 491 3526 558 ή
3549 507 3662 541 κα-

2065 577 2338 639 τάκλεισις
2359 577 2452 630 καὶ
2483 575 2691 644 ὖψωσις
2718 575 2814 628 καὶ
2833 575 3161 640 ταπείνωσις
3184 579 3278 632 καὶ
3298 579 3364 632 τά
3392 579 3652 634 τοιαῦτα·

2063 667 2236 720 ταῦτα
2269 666 2375 736 γὰρ
2407 665 2563 719 οὐσία
2601 664 2698 733 μέν
2731 681 2814 727 τις
2841 667 3153 740 ὲνεργήσοι,
3209 668 3307 722 καὶ
3334 670 3414 732 είς
3449 669 3654 723 οὐσίαν

2065 757 2382 828 ένεργηθείη
2408 758 2472 812 ἄν
2497 775 2510 789 ο
2539 757 2680 812 αὐτά
2700 760 2883 828 μέντοι
2937 760 3064 816 οὔτε
3083 763 3275 826 ἑαυτὰ,
3299 761 3424 816 οὔτε
3452 765 3656 836 ἕτερόν

2065 866 2120 902 τι
2161 849 2220 914 ἐξ
2256 848 2462 902 ἑαυτῶν
2509 851 2564 902 ἐν
2604 849 2812 913 οὐσίαις
2884 853 3175 924 ἑνεργήσοι
3217 853 3473 909 πώποτε·
3519 857 3653 910 οὐδὲ

2065 941 2172 1011 γὰρ
2200 941 2232 1009 ή
2265 940 2516 1011 Λαζάρου
2541 940 2661 992 οὐδὲ
2682 941 2782 1010 τῆς
2807 943 2999 1007 παιδὸς
3013 945 3243 1014 Ἰαείρου
3283 945 3441 1016 quin:
3462 945 3652 999 ἀλλων

2066 1029 2364 1093 ἀνάστασίς
2380 1046 2432 1082 τι
2455 1029 2754 1099 πεποίηκεν
2781 1033 2862 1094 είς
2878 1034 3078 1097 αὐτοὺς
3093 1035 3230 1104 αὕτη
3246 1035 3647 1107 αὐτουργικῶς.

2136 1119 2262 1181 Πῶς
2312 1116 2408 1174 οὖν
2455 1120 2514 1186 ἐξ
2577 1120 2925 1187 ἀναστάσεως
2980 1125 3154 1179 ταῦτα
3206 1126 3500 1196 ἐσχηκέναι
3547 1126 3647 1178 τον

2065 1212 2344 1283 Κυριακὺν
2373 1210 2656 1280 ἄνθρωπόν
2691 1229 2863 1280 φατες
2901 1215 2951 1266 εἰ
2985 1215 3094 1286 γὰρ
3149 1217 3214 1268 ὲκ
3248 1214 3342 1268 τοῦ
3390 1215 3646 1284 ἀνυπάρυ

2067 1317 2200 1356 κτου
2229 1301 2556 1371 πράγματος
2583 1301 2758 1354 ταῦτα
2789 1303 3013 1371 γέγονεν
3046 1305 3218 1374 αὐτῷ,
3245 1305 3345 1375 οὐχ
3391 1307 3420 1359 6
3464 1304 3649 1374 unde.

2067 1409 2177 1464 κων
2209 1393 2303 1446 καὶ
2354 1390 2428 1444 ὢν
2475 1391 2608 1456 Θεὸς
2659 1393 2866 1447 τούτων
2909 1395 3084 1457 αἴτιος
3116 1397 3246 1465 ἡμῖν
3277 1413 3336 1449 τε
3366 1397 3459 1449 καὶ
3488 1395 3643 1466 αὐτῷ

2065 1481 2471 1553 λογισθήσεται,
2533 1482 2658 1536 οὐδὲ
2712 1485 2740 1536 δ
2791 1482 2924 1546 Θεὸς
2971 1485 3133 1538 αὐτὸν
3187 1485 3422 1554 ἔγειρεν·
3501 1486 3552 1536 εί
3581 1485 3640 1536 δὲ

2068 1573 2314 1644 ὑπάρχον
2343 1573 2397 1627 τί
2423 1575 2562 1640 ἐστι,
2605 1573 2699 1628 καὶ
2725 1573 2886 1643 φύσις
2914 1573 3062 1628 ἐστὶν
3097 1578 3132 1646 ή
3155 1575 3330 1628 ταῦτα
3364 1575 3641 1645 ποιήσασα

2068 1666 2163 1720 καὶ
2194 1665 2462 1737 λεγομένη
2507 1666 2779 1731 ἀπαθείας
2814 1666 2909 1720 καὶ
2957 1667 3266 1738 ἀφθαρσίας
3297 1664 3438 1722 εἶναι
3467 1687 3644 1747 κχαριο

397 1767 593 1814 natura
636 1774 758 1814 esse
809 1769 990 1830 potest
1037 1760 1232 1816 horum
1265 1762 1515 1816 eﬂ‘ectrix
1547 1773 1748 1832 praeter
1793 1763 1964 1818 Deum

2073 1757 2226 1826 στική
2251 1772 2266 1786 ’
2309 1753 2435 1808 ἐπεὶ
2473 1753 2572 1826 οὐχ
2620 1755 2781 1826 ἑτέρα
2811 1755 2974 1824 φύσις
3015 1756 3172 1810 ἔσται
3193 1757 3398 1812 τούτων
3428 1777 3642 1830 παρεκ-

327 1905 336 1920 ,
399 1852 529 1919 (ηοη
559 1851 707 1906 enim
732 1851 976 1906 hominis
996 1859 1102 1918 est,
1130 1852 1274 1907 sicut
1303 1853 1511 1908 dictum
1535 1855 1640 1925 est)
1673 1871 1686 1906 :
1725 1853 1850 1923 quis
1881 1862 1966 1909 est

397 1942 563 1997 homo
591 1943 686 2012 qui
715 1941 864 1998 vivet
893 1951 950 1998 et
973 1959 1083 1998 non
1107 1943 1318 2000 videbit
1337 1953 1591 2011 mortem,
1618 1945 1819 2016 eripiet
1844 1945 1964 1999 ani-

397 2049 542 2086 mam
577 2029 740 2088 suam'
770 2033 838 2088 de
868 2048 1034 2088 manu
1072 2033 1273 2090 inferi?
1317 2035 1462 2090 Deus
1502 2051 1669 2092 verus
1715 2037 1822 2091 erit
1869 2037 1963 2106 qui

396 2123 516 2178 haec
541 2125 724 2178 omnia
753 2123 913 2190 facit;
945 2133 1001 2178 et
1031 2124 1160 2178 inde
1188 2125 1348 2180 vobis
1367 2125 1476 2180 erit
1501 2125 1802 2196 intelligere
1837 2141 1965 2180 eum

393 2211 568 2268 fuisse
589 2229 784 2268 eorum
830 2229 1054 2270 causam
1079 2223 1137 2269 et
1160 2225 1441 2270 auctorem
1463 2257 1478 2281 ,
1511 2215 1966 2286 impassibilitatis

399 2305 607 2361 scilicet
653 2313 710 2362 et
764 2306 1329 2377 incorruptibilitatis,
1365 2307 1514 2378 quod
1547 2324 1678 2363 vere
1725 2309 1968 2378 scipsum

399 2395 693 2450 suscitasse
725 2395 963 2461 dicatur,
998 2397 1093 2467 qui
1128 2411 1327 2466 nempe
1355 2397 1496 2452 dixit
1524 2416 1536 2451 :
1572 2399 1686 2469 Ego
1713 2415 1832 2454 sum
1857 2401 1968 2454 vita

397 2493 448 2535 et
477 2485 790 2538 resurrectio
812 2485 884 2546 ι’,
907 2486 1054 2556 quod
1085 2486 1316 2540 verbum
1344 2501 1442 2542 vos
1466 2483 1857 2544 maxime'estis
1877 2505 1965 2544 as-

399 2577 652 2644 pernati;
699 2591 802 2648 ego
827 2586 1008 2633 tamen
1050 2577 1150 2631 tibi
1183 2577 1311 2634 dico
1339 2579 1472 2648 quid
1508 2581 1915 2637 ostendendum
1953 2600 1966 2636 :

397 2669 495 2724 sed
538 2669 722 2725 edocti
771 2686 800 2725 a
859 2673 1032 2728 verbo
1074 2672 1488 2728 accidentaliter
1520 2674 1810 2739 sensibili,
1861 2691 1970 2731 una

399 2773 524 2812 cum
575 2773 769 2814 sorore
813 2758 1031 2824 Lazari,
1087 2759 1336 2814 sensibili
1385 2761 1632 2830 corporis
1659 2761 1970 2816 voluntarie

399 2849 554 2904 surdi
579 2851 714 2906 estis
739 2867 752 2904 :
779 2853 946 2916 Sicut,
977 2851 1054 2905 ait
1076 2884 1092 2911 ν
1123 2851 1291 2906 Pater
1331 2853 1553 2906 suscitat
1581 2861 1816 2908 mortuos
1841 2892 1856 2917 ,
1895 2855 1971 2908 sic

402 2938 544 2993 Filio
594 2948 904 3011 potestatem
937 2941 1078 2994 dedit
1115 2951 1344 2997 mortuos
1377 2943 1633 2998 suscitare
1664 2945 1725 2997 ³⁷.
1768 2943 1824 3000 Si
1841 2960 1972 3017 ergo

401 3025 520 3081 haec
551 3027 709 3082 vobis
738 3027 806 3082 ad
829 3025 1167 3084 credendum
1201 3030 1338 3086 satis
1372 3039 1522 3095 sunt,
1555 3040 1753 3088 caetera
1775 3034 1972 3090 saltem

400 3115 640 3173 audietis
669 3131 865 3174 eorum
901 3134 1024 3190 quae
1070 3137 1100 3174 a
1145 3121 1306 3176 vobis
1333 3132 1463 3178 sunt
1493 3123 1639 3178 dicta
1669 3143 1684 3178 :
1716 3125 1762 3179 si
1799 3125 1970 3194 enim,

399 3207 860 3275 quemadmodum
892 3224 1085 3265 omnes
1113 3208 1366 3268 homines
1404 3215 1766 3270 resurrectUri
1801 3225 1930 3271 sunt
1954 3257 1970 3282 ,

399 3299 482 3352 sic
505 3301 810 3354 resurrexit
828 3300 1112 3364 Dominus,
1147 3319 1248 3357 cur
1276 3319 1504 3360 necesse
1547 3303 1652 3359 fuit
1671 3321 1796 3360 eum
1819 3305 1973 3376 prius

400 3389 729 3462 resurgere?
767 3392 822 3448 Si
855 3393 1005 3448 enim
1048 3401 1108 3448 ut
1140 3409 1242 3450 nos
1278 3398 1622 3460 resurrexit,
1657 3403 1714 3451 et
1741 3412 1842 3452 nos
1869 3397 1972 3467 ipsi

399 3489 464 3536 ut
509 3483 602 3537 ille
658 3498 1029 3555 resurgemus,
1091 3486 1223 3556 quid
1269 3501 1410 3557 opus
1462 3487 1568 3544 fuit
1615 3489 1737 3559 ejus
1767 3503 1974 3558 praece-

401 3575 540 3630 eisse
571 3577 1064 3633 resurrectionem?
1079 3577 1135 3632 Si
1161 3587 1340 3633 tamen
1360 3595 1472 3634 non
1497 3589 1723 3650 propter
1736 3596 1856 3636 eam
1873 3597 1974 3638 nos

402 3663 506 3733 ipsi
539 3667 876 3736 resurgimus
898 3676 954 3722 et
979 3681 1045 3721 eo
1079 3667 1226 3737 quod
1263 3667 1378 3739 ipsa
1408 3669 1723 3740 praecessit;
1761 3670 1857 3725 illo
1886 3678 1973 3726 et-

401 3753 551 3811 enim
579 3771 690 3811 non
721 3766 1042 3829 resurgente
1067 3799 1082 3824 ,
1132 3751 1226 3828 qui
1261 3774 1388 3814 eum
1430 3769 1490 3814 ut
1518 3775 1619 3816 nos
1648 3761 1970 3826 suscitavit,

403 3863 505 3904 nos
547 3862 768 3918 quoque
799 3847 1092 3904 suscitaret
1121 3859 1182 3904 ut
1231 3865 1382 3914 eum.
1415 3865 1482 3906 ex
1514 3851 1567 3904 vi
1605 3851 1976 3908 communiter

403 3941 458 3994 in
483 3939 740 3994 omnibus
763 3940 1064 3996 exsistente
1089 3949 1146 3996 et
1182 3941 1330 3997 illius
1359 3941 1560 4010 simili;
1587 3942 1665 3998 ita
1689 3943 1860 4016 igitur
1889 3943 1976 4016 ip-

403 4047 526 4086 sum
549 4045 618 4087 ex
640 4031 940 4102 semetipso
966 4034 1336 4090 resurrexisse
1369 4043 1650 4090 ostensum
1669 4044 1755 4092 est
1789 4044 1846 4092 et
1875 4051 1980 4093 nos

402 4140 471 4179 ex
503 4124 708 4181 unione
733 4125 919 4180 carnis
945 4131 1002 4180 et
1033 4125 1201 4181 Verbi
1232 4138 1542 4196 resurgere.

2064 1847 2190 1916 τικὴ
2233 1845 2370 1917 πλὴν
2415 1847 2551 1901 Θεοῦ
2585 1865 2598 1878 ~
2643 1845 2766 1900 οὔτε
2808 1847 2916 1916 γὰρ
2960 1847 3248 1919 ἀνθρώπου
3279 1850 3422 1916 τόδε,
3459 1851 3640 1916 καθὼς

2065 1939 2312 2008 εἴρηται·
2345 1937 2428 2000 τίς
2463 1939 2612 1991 ἐστιν
2653 1937 2939 2010 ἄνθρωπος
2987 1938 3048 2002 ὃς
3104 1938 3332 2009 ζήσεται
3393 1943 3487 1996 καὶ
3536 1943 3639 1995 οὐκ

2065 2029 2254 2098 ὗψεται
2283 2029 2533 2096 θάνατον,
2561 2027 2785 2099 ῥύσεται
2829 2030 2926 2100 τὴν
2973 2030 3345 2102 ψυχὴν-αὐτοῦ
3373 2034 3436 2086 ἐκ
3456 2033 3638 2104 χειρὸς

2066 2119 2193 2192 ᾅδου
2219 2136 2235 2184 ;
2265 2119 2396 2183 Θεὸς
2424 2118 2678 2190 ἀληθινὸς
2708 2119 2862 2174 ἔσται
2913 2121 2973 2174 τὸ
3019 2121 3189 2174 τῶνδε
3227 2125 3510 2192 ποιητικὸν
3545 2125 3632 2178 αἶα

2065 2228 2178 2264 τιον
2201 2225 2214 2240 ·
2247 2209 2342 2264 καὶ
2375 2209 2528 2262 έστᾶι
2557 2209 2772 2280 ἀληθῶς
2803 2211 3053 2264 ἐντεῦθεν
3098 2211 3228 2264 ίδείν
3257 2213 3402 2282 ὑμᾶς
3437 2213 3512 2276 ὡς
3539 2215 3634 2266 αὖ·

2065 2301 2158 2364 τὸς
2197 2296 2266 2372 ἦν
2311 2303 2338 2354 ὁ
2379 2299 2549 2353 τῶνδε
2603 2299 2798 2366 αἴτιος,
2831 2301 2928 2354 καὶ
2961 2300 3087 2355 τάδε
3125 2301 3320 2368 ποιῶν,
3343 2302 3512 2371 ήγουν
3536 2303 3637 2373 τὴν

2066 2393 2334 2450 ἀπάθειαν
2361 2392 2456 2446 καὶ
2481 2391 2793 2462 ἀφθαρσίαν
2813 2408 2825 2422 ’
2863 2393 3022 2464 εἴπερ
3051 2393 3212 2458 αὐτὸς
3243 2388 3436 2450 έαυτδν
3467 2395 3637 2456 ὅντως

2067 2485 2373 2553 ἀναστῆσαι
2416 2483 2656 2552 λέγεται,
2685 2485 2716 2538 6
2748 2485 2844 2542 καὶ
2886 2487 3098 2556 φήσας·
3141 2487 3284 2557 Ἐγώ
3310 2490 3426 2558 ειμι
3456 2489 3496 2556 ἡ
3524 2486 3636 2556 ζωὴ

2068 2575 2168 2632 καὶ
2200 2578 2238 2644 ἡ
2273 2575 2614 2642 ἀνάστασις
2639 2616 2654 2639 ,
2691 2571 2762 2648 ἧς
2814 2577 3013 2648 μῶλον
3064 2578 3223 2648 ὑμεῖς
3269 2578 3452 2648 φωνῆς
3502 2595 3639 2646 παρ-

2069 2667 2588 2738 ηκούσατεοκαίτοι,
2609 2666 2754 2737 Ἐγώ
2804 2671 2918 2738 ειμι
2946 2671 2975 2721 ό
3009 2669 3186 2723 λαλῶν
3225 2687 3334 2733 σοι.
3373 2669 3642 2724 δεικτικὸν

2069 2759 2128 2813 ὃν
2151 2776 2166 2790 ·
2201 2760 2296 2812 καὶ
2325 2760 2390 2811 ὲκ
2414 2757 2511 2810 τοῦ
2546 2761 2694 2811 κατὰ
2717 2757 2819 2830 τὴν
2841 2759 3160 2830 προσφορὰν
3191 2759 3452 2830 αἰσθητοῦ
3484 2759 3645 2828 λόγου

2072 2849 2430 2920 ὲνηχούμενοι
2483 2847 2624 2918 μετὰ
2664 2850 2764 2920 τῆς
2818 2849 3051 2919 ἀδελφῆς
3093 2849 3351 2920 Λαζάρου
3401 2850 3646 2920 αίσθητῷ

2074 2941 2287 3011 σώματι
2335 2939 2514 2994 ἑκοντὶ
2563 2939 2836 3010 κωφεύετε
2858 2940 3294 3011 ·”Ωσπερ,φησὶ,
3366 2942 3406 2992 ό
3431 2941 3640 3009 Πατὴρ

2073 3032 2286 3103 ἐγείρει
2323 3032 2466 3098 τοὺς
2493 3029 2761 3100 νεκροὺς,
2795 3029 2894 3082 καὶ
2917 3027 3106 3094 οὕτως
3145 3027 3244 3082 καὶ
3273 3027 3356 3093 τῷ
3391 3028 3504 3092 Υιῷ
3536 3030 3639 3082 δέ·

2073 3124 2263 3178 δωκεν
2306 3121 2600 3188 ἐξουσίαν
2642 3120 2890 3190 ἐγείρειν
2929 3118 3066 3185 τοὺς
3115 3119 3391 3185 νεκρούς.
3424 3117 3487 3172 Et
3526 3119 3634 3188 μὲν

2071 3211 2164 3270 οὖν
2197 3215 2361 3285 ἀρκεί
2396 3213 2570 3268 ταῦτα
2599 3213 2728 3285 ὑμῖν
2754 3213 2832 3275 είς
2869 3211 3147 3274 πίστωσιν,
3180 3207 3303 3263 ἐπεί
3325 3208 3411 3261 τοί
3439 3225 3501 3278 γε
3529 3209 3628 3260 καὶ

2071 3307 2274 3378 ἑτέρων
2329 3303 2631 3360 ἀκούσεσθε
2679 3303 2990 3372 λεγομένων
3029 3301 3178 3370 ὑμῖν·
3230 3301 3280 3353 εί
3327 3300 3436 3370 γὰρ
3487 3297 3632 3353 καθὰ.

2072 3399 2274 3462 πάντες
2329 3397 2613 3467 μέλλουσιν
2670 3393 2818 3465 ἔχειν
2863 3394 2914 3446 οι
2957 3393 3254 3464 ἄνθρωποι,
3301 3390 3427 3461 ἔσχε
3472 3388 3568 3444 καὶ
3613 3391 3644 3441 ὁ

2071 3489 2279 3561 Κύριος
2309 3487 2410 3559 τὴν
2444 3485 2769 3546 ἀνάστασιν,
2796 3483 2882 3547 τίς
2925 3485 2958 3554 ή
3001 3481 3161 3554 χρεία
3193 3480 3290 3534 τοῦ
3321 3481 3485 3535 αὐτὸν
3517 3479 3650 3532 ἀνα·-

2074 3581 2270 3652 στῆσαι
2296 3577 2512 3650 πρῶτον
2533 3593 2548 3641 ;
2569 3577 2618 3630 εἰ
2641 3575 2750 3647 γὰρ
2779 3575 2874 3628 καὶ
2903 3574 3067 3637 αὐτὸς
3091 3573 3216 3627 καθ’
3243 3573 3396 3644 ἡμᾶς
3425 3570 3646 3640 ἀνέστη,

2071 3672 2166 3726 καὶ⁵
2204 3671 2368 3742 ἡμεῖς
2402 3667 2522 3722 κατ’
2560 3665 2723 3720 αὑτὸν
2760 3664 3124 3735 ἀνιστάμεθα,
3154 3664 3241 3728 τίς
3269 3665 3312 3736 ’ή
3363 3662 3527 3734 χρεία
3555 3661 3650 3715 τοῦ

2074 3758 2440 3832 προγενέσθαι
2473 3756 2642 3812 αὑτοῦ
2683 3755 2782 3828 τὴν
2827 3756 3164 3823 ἀνάστασιν;
3197 3753 3357 3826 εἴπερ
3379 3755 3542 3826 ήμεῑς
3573 3753 3650 3824 μή

2073 3852 2140 3906 δι’
2167 3851 2336 3920 αὐτῆς
2365 3847 2737 3924 ἀνιστάμεθα⁹
2777 3845 2874 3900 καὶ
2920 3845 2998 3918 τῷ
3047 3845 3411 3916 προγενέσθαι
3441 3845 3610 3913 αὐτήν
3631 3859 3647 3874 ο

2077 3943 2172 3999 καὶ
2205 3939 2371 3998 αὐτοῦ
2399 3941 2510 4010 γὰρ
2553 3939 2630 4010 μὴ
2665 3937 3022 4002 ἀναστάντος,
3061 3938 3090 3990 ὁ
3134 3936 3449 4007 ἀναστήσας
3483 3931 3648 3988 αὑτὸν

2079 4034 2200 4090 καθ’
2231 4035 2400 4104 ἡμᾶς,
2439 4032 2635 4104 ἁνιστᾷ
2667 4031 2734 4086 ἂν
2761 4032 2910 4103 sua;
2942 4028 3066 4084 κατ’
3089 4029 3254 4082 αὐτὸν
3289 4027 3380 4080 διὰ
3407 4026 3508 4095 τῆς
3531 4041 3650 4078 κοιο

2079 4125 2188 4188 νῶς
2237 4125 2296 4177 ὲν
2339 4123 2510 4177 ἀπασι
2568 4121 2863 4194 γινομένης
2904 4119 3002 4175 καὶ⁵
3049 4117 3244 4190 ὁμοίας
3298 4115 3463 4171 αὑτοῦ
3495 4116 3650 4185 ἐνερ-

402 4215 557 4283 γείας
580 4232 594 4246 ο
617 4213 762 4268 οὕτω
797 4215 896 4284 μὲν
926 4208 1018 4267 οὖν
1055 4213 1321 4268 δέδεικται
1355 4215 1522 4268 αὐτοῦ
1563 4231 1626 4268 τε
1657 4217 1690 4286 ἡ
1724 4215 2024 4280 ἀνάστασις
2057 4212 2450 4284 αὑτοενέργεια
2511 4207 2678 4278 εἶναι,
2706 4211 2804 4266 καὶ
2831 4210 2990 4282 ήμῶν
3057 4211 3123 4262 ἐκ
3187 4205 3491 4270 συνθέσεως
3549 4205 3649 4276 τῆς

404 4311 542 4379 πρὸς
569 4308 658 4362 τδν
681 4307 854 4374 Λόγον
885 4308 985 4378 τῆς
1013 4304 1214 4378 σαρκὸς
1237 4306 1556 4371 ἀνάστασις.

471 4403 634 4458 Nunc
671 4400 1135 4457 considerandum
1157 4400 1308 4456 aliud
1329 4417 1361 4456 a
1389 4401 1549 4457 vobis
1575 4401 1782 4457 dictum
1803 4443 1818 4470 ,
1848 4418 1971 4458 nam

2150 4399 2460 4473 Σκοπητέον
2488 4398 2547 4453 δὲ
2573 4397 2762 4452 λοιπὺν
2799 4395 2894 4451 καὶ⁵
2935 4393 2997 4449 τὺ
3032 4392 3224 4462 ἕτερον
3249 4391 3313 4445 τδ
3338 4389 3468 4460 παρ’
3495 4387 3652 4458 ὑμῶν

404 4495 556 4566 quod
587 4502 674 4550 est
693 4493 947 4552 mirabile
973 4493 1029 4548 in
1053 4491 1241 4548 divina
1270 4493 1390 4564 ejus
1418 4493 1729 4557 nativitate,
1751 4493 1819 4548 ad
1847 4491 1976 4564 Spi-

406 4587 574 4641 ritum
591 4592 838 4642 sanctum
853 4583 1068 4638 refertis
1083 4593 1142 4638 et
1167 4584 1288 4656 ejus
1302 4583 1518 4656 signum
1542 4599 1664 4640 esse
1687 4585 1930 4641 censetis
1953 4601 1970 4652 ;

406 4695 516 4734 non
550 4687 733 4738 autem
766 4677 964 4748 pignus
994 4676 1372 4733 substantialis
1400 4677 1622 4733 unionis
1655 4675 1820 4734 Verbi
1849 4695 1864 4745 ;
1897 4677 1982 4732 di-

405 4771 515 4826 cite
543 4768 708 4841 igitur
741 4785 860 4833 vos,
920 4785 1020 4824 cur
1055 4767 1276 4824 tandem
1303 4768 1359 4823 in
1387 4767 1501 4823 sola
1533 4768 1654 4838 ejus
1699 4768 1984 4824 nativitate

407 4861 544 4915 illud
583 4861 656 4916 sit
675 4860 909 4921 factum,
955 4875 1062 4930 qua
1093 4859 1161 4914 de
1187 4875 1373 4924 causa,
1409 4859 1723 4914 istiusmodi
1761 4859 1980 4930 signum

408 4952 551 5007 banc
581 4952 752 5006 solam
782 4949 1128 5005 nativitatem
1157 4965 1278 5006 esse
1312 4951 1572 5013 voluerit,
1617 4947 1892 5018 siquidem
1913 4963 1981 5003 ex

408 5043 611 5099 vestris
633 5041 923 5112 principiis
981 5040 1290 5106 habemus,
1339 5055 1574 5110 quorum
1632 5037 1982 5093 insociabiles

411 5142 641 5198 naturae,
703 5133 796 5187 illa
845 5147 956 5186 non
1011 5145 1172 5200 posse
1221 5131 1474 5186 eamdem
1525 5129 1980 5199 compositionem

410 5221 677 5292 recipere.
714 5220 873 5274 Nunc
920 5218 1118 5289 igitur,
1181 5233 1252 5272 ex
1295 5225 1482 5272 vestro
1541 5233 1722 5287 nuper
1771 5217 1982 5288 prolato

412 5309 720 5385 principio,
753 5308 862 5364 hoc
885 5309 1100 5362 axioma
1143 5315 1334 5362 contra
1363 5307 1524 5364 linem
1551 5325 1584 5364 a
1610 5309 1767 5364 vobis
1797 5309 1985 5364 inten-

415 5414 532 5460 tum
560 5415 831 5474 ponemus
875 5416 891 5454 :
926 5412 1164 5468 quorum
1209 5412 1409 5469 nempe
1484 5396 1984 5467 incomparabiliter

413 5494 642 5551 diversae
692 5499 822 5548 sunt
871 5489 1219 5558 nativitates,
1247 5505 1440 5547 eorum
1471 5507 1752 5564 nunquam
1777 5492 1982 5548 eaedem

490 5675 533 5708 “
556 5673 714 5728 Joan.
735 5672 910 5730 “.25.
988 5671 1029 5704 "
1055 5671 1214 5728 Joan.
1251 5686 1306 5738 v,
1334 5669 1424 5724 21.

2079 4491 2369 4565 εἰρημένον
2387 4505 2403 4521 ο
2437 4489 2500 4543 τὸ
2529 4489 2638 4560 γὰρ
2668 4485 2972 4558 παράδοξον
3001 4484 3098 4554 τῆς
3121 4479 3459 4552 θεοπρεποῦς
3487 4474 3653 4565 αὐτοῦ

2077 4562 2406 4655 γεννήσεως,
2445 4583 2538 4636 ὲπὶ
2559 4581 2622 4634 τὸ
2651 4581 2808 4648 ἅγιον
2843 4577 3068 4647 Πνεῦμα
3100 4575 3355 4643 ἀνάγετε,
3387 4571 3482 4626 καὶ
3513 4562 3653 4640 σύμ-

2082 4675 2238 4729 ϐολον
2271 4671 2413 4727 εἶναι
2449 4671 2656 4742 ταύτην
2683 4669 2877 4724 τούτου
2898 4667 3178 4738 νομίζετε,
3208 4665 3307 4717 καὶ
3338 4663 3439 4716 οὐκ
3463 4657 3656 4714 οὐσιῶ-

2083 4767 2208 4830 δους
2241 4764 2561 4836 συμπλοκῆς
2611 4761 2707 4816 τοῦ
2747 4761 2925 4828 Λόγου
2963 4757 3268 4828 τεκμήριον
3291 4770 3304 4783 ’
3334 4753 3528 4807 εἴπατε
3556 4749 3654 4805 οὖν

2087 4859 2220 4930 ἡμῖν
2249 4857 2438 4920 ὅντως,
2475 4851 2520 4909 ὧ
2547 4845 2718 4916 οὗτοι,
2748 4851 2836 4904 διὰ
2875 4849 2928 4903 τί
2951 4849 3044 4902 ἐπὶ
3071 4847 3171 4916 τῆς
3199 4844 3392 4899 τούτου
3420 4845 3517 4896 καὶ
3563 4840 3656 4930 μδ-

2085 4928 2176 5000 νου
2228 4945 2538 5014 γεννήσεως
2585 4939 2746 4994 τοῦτο
2790 4937 3132 5011 γεγένηταις
3182 4933 3277 4987 καὶ
3301 4931 3394 4985 eis
3414 4930 3465 4984 τί
3497 4928 3654 5014 τήνδε

2083 5035 2182 5107 τὴν
2232 5033 2392 5088 αὑτοῦ
2449 5031 2707 5100 τοιαύτην
2735 5030 3013 5099 γέννησιν,
3041 5025 3102 5078 ab
3129 5021 3334 5077 τοιόνδε
3388 5017 3654 5092 σύμϐολον

2085 5126 2456 5198 κατηρτίσατο
2486 5125 2683 5196 μόνον;
2713 5121 2810 5176 καὶ
2840 5121 2952 5190 γὰρ
2974 5120 3038 5171 ὲκ
3063 5115 3176 5169 τῶν
3205 5113 3487 5183 ὑμετέρων
3511 5110 3656 5198 λημξ

2088 5197 2274 5290 μάτων
2311 5217 2531 5288 ἔχομεν,
2560 5218 2643 5270 ὅτι
2697 5206 2774 5268 ὧν
2822 5210 3172 5281 ἀσυγκρίτως
3218 5204 3570 5274 διαφέρουσιν
3597 5197 3656 5253 αι

2087 5311 2301 5381 φύσεις,
2331 5309 2542 5372 τούτοις
2579 5309 2641 5362 οὐ
2669 5303 2897 5362 δυνατὸν
2917 5301 3017 5373 τὴν
3051 5299 3222 5370 αὐτὴν
3255 5295 3504 5350 σύνθεσιν
3533 5296 3658 5381 επι-

2086 5380 2442 5472 συμϐαίνεινο
2481 5389 2578 5454 νύν
2606 5391 2701 5452 οὖν
2756 5391 2888 5466 ὑμῖν
2935 5390 3026 5444 διὰ
3058 5388 3120 5442 τὸ
3148 5387 3414 5472 ὑμέτερον
3457 5380 3660 5472 ἀρτίως

2087 5467 2252 5564 θέμα,
2285 5492 2545 5554 ἐναντίως
2586 5489 2686 5560 μὲν
2737 5477 2818 5559 τῷ
2871 5479 3059 5553 σκοπῷ
3105 5478 3225 5533 τόδε
3270 5470 3401 5530 αὐτὸ
3444 5467 3666 5542 ἀξίωμα
