3932 6152
389 314 528 378 1Πὲ

382 433 565 486 erant,
611 414 910 472 haberent?
944 412 1038 467 ille
1085 409 1232 465 enim
1262 405 1590 462 auctoritate
1627 413 1683 457 et
1711 409 1984 472 potestate
2015 407 2059 461 Α

385 508 868 588 propria,propria
888 518 1110 575 quoque
1147 500 1398 572 jussione
1433 497 1610 551 dixit:
1641 495 1791 557 Volo,
1828 510 1983 546 mun-

386 583 516 663 dare
547 606 607 669 ⁸;
650 600 728 656 illi
765 607 949 652 autem
985 613 999 647 :
1040 593 1103 647 In
1140 592 1352 646 nomine
1374 589 1499 643 Iesu
1544 586 1743 642 Christi
1797 583 1978 639 Naza—

390 700 528 761 reni,
560 693 851 756 dicebant,
904 702 1060 758 surge
1089 694 1138 739 et
1171 681 1455 747 ambula’;
1509 695 1640 735 ecce
1691 675 1983 732 manifeste

389 788 798 846 conﬁtebantur
831 783 953 853 ejus
998 793 1124 834 esse
1156 774 1482 847 potentiam,
1519 771 1605 827 sui
1648 778 1833 825 autem
1877 767 1985 821 mi-

381 876 715 934 nisterium:
766 869 910 943 quod
935 869 1086 924 enim
1111 882 1211 937 per
1246 863 1521 919 mirabilia
1564 858 1986 919 ministrabant,

395 970 501 1023 hoc
546 981 615 1021 ex
670 962 778 1018 ﬁde
838 961 894 1016 in
933 972 1095 1014 suum
1144 956 1462 1019 Dominum,
1499 952 1609 1007 hoc
1635 950 1782 1005 enim
1811 949 1988 1004 solum

392 1055 754 1127 satagebant;
804 1049 940 1120 quin
976 1048 1089 1101 imo
1118 1046 1355 1099 ubinam
1405 1041 1699 1112 proprium
1721 1039 1820 1094 Dei
1854 1037 1987 1093 cha-

395 1125 808 1203 racteristicum
832 1181 846 1204 ,
900 1136 1241 1192 creationem
1286 1133 1544 1196 scilicet,
1593 1130 1743 1184 sicut
1782 1128 1900 1198 ipse
1933 1125 1988 1180 in

394 1252 603 1296 caecum
626 1250 658 1289 a
689 1232 983 1287 nativitate
1009 1269 1024 1292 ,
1065 1227 1143 1281 illi
1185 1239 1407 1294 quoque
1436 1219 1831 1292 protulerunt?
1885 1217 1995 1284 Qui

395 1325 547 1380 enim
573 1321 833 1377 vitaliora
863 1327 921 1373 et
952 1318 1115 1387 plura
1169 1312 1419 1382 corporis
1468 1311 1694 1364 humani
1746 1309 1995 1363 membra

397 1431 430 1469 e
456 1417 575 1470 luto
608 1411 789 1476 ﬁnxit,
818 1408 867 1463 is
915 1422 1013 1477 per
1054 1419 1226 1458 unum
1261 1402 1572 1456 membrum
1604 1399 1891 1464 ostendit,
1936 1413 1998 1453 se

409 1507 641 1562 finxisse
705 1518 776 1557 ex
834 1500 953 1554 luto
1016 1495 1261 1551 hominis
1319 1508 1525 1564 corpus
1579 1508 1612 1547 a
1673 1491 1997 1565 principio;

292 1610 301 1617 ‘
388 1598 530 1669 quis
593 1594 811 1652 amicus
871 1587 1249 1661 apostolorum
1309 1594 1406 1639 aut
1439 1584 1834 1655 pr0phetarum
1874 1597 2003 1651 pro—

405 1689 534 1743 tulit
575 1679 736 1749 alfos,
787 1696 856 1735 ne
908 1678 1089 1733 dicam
1116 1676 1401 1745 seipsum,
1442 1689 1474 1728 a
1527 1672 1761 1727 mortuis
1821 1670 1997 1726 susci«

405 1779 569 1835 tare?
596 1776 900 1846 Cujusnam
928 1772 1073 1826 inter
1110 1783 1210 1824 eos
1244 1767 1340 1838 qui
1376 1781 1545 1837 super
1576 1774 1779 1819 terram
1823 1770 1992 1826 sunt,
2029 1735 2070 1791 Β

402 1885 610 1941 corpus
652 1869 713 1923 in
749 1865 1007 1935 sepulcro
1041 1863 1427 1929 incorruptum
1470 1855 1824 1928 permansit?
1862 1853 1998 1920 Quis

407 1959 736 2016 manifestus
765 1955 869 2011 l‘uit
886 1963 1143 2023 tanquam
1162 1956 1489 2022 potestatem
1509 1948 1719 2003 habens
1756 1943 1997 2015 ponendi

406 2053 646 2109 animam
693 2063 850 2104 suam
910 2054 1008 2101 aut
1050 2047 1253 2099 iterum
1289 2057 1411 2097 eam
1465 2039 1758 2097 sumendi?
1805 2038 1999 2093 Nonne

409 2145 654 2211 tandem,
680 2157 807 2198 sero
840 2139 1031 2215 saltem
1057 2176 1073 2202 ,
1119 2135 1359 2191 audietis
1404 2133 1682 2188 dicentem
1717 2150 1729 2184 :
1761 2132 1891 2196 Qui:
1921 2138 2000 2184 est

409 2238 565 2292 homo
587 2235 678 2306 qui
707 2235 841 2288 vivet
869 2241 919 2284 et
963 2245 1070 2283 non
1097 2227 1292 2281 videbit
1317 2234 1562 2289 mortem,
1589 2231 1734 2278 eruet
1764 2223 2001 2275 animam

411 2344 566 2383 suam
628 2324 695 2378 de
743 2337 907 2377 manu
960 2319 1118 2390 inferi
1149 2318 1175 2372 .9
1231 2316 1495 2383 Quisnam
1550 2328 1745 2367 eorum
1818 2311 2003 2367 dictus

411 2428 498 2476 est
537 2417 797 2473 habuisse
846 2420 1171 2483 potestatem
1221 2407 1532 2484 imperandi
1579 2403 2000 2478 Spiritibusim-

414 2507 659 2573 mundis,
706 2512 804 2559 aut
831 2501 1016 2557 ventis
1050 2509 1107 2555 et
1136 2498 1317 2554 mari?
1365 2498 1478 2552 Aut
1514 2496 1801 2566 cujusnam
1834 2490 2003 2547 verba

378 2636 393 2671 η
416 2597 766 2653 mirabantur
791 2605 984 2646 omnes
1007 2598 1270 2658 tanquam
1301 2602 1369 2642 ex
1405 2594 1679 2657 potestate
1701 2581 2002 2652 loquentis,

340 2737 343 2740 ἠ
419 2704 532 2744 non
558 2694 621 2741 ut
642 2683 828 2740 ceteri
861 2678 1276 2751 loquebantur?
1318 2677 1418 2732 Vel
1453 2677 1705 2747 quisnam
1745 2674 1848 2728 fuit
1873 2686 2007 2742 apo-

420 2780 691 2835 stolorum
723 2781 818 2829 aut
846 2771 1245 2844 prophetarum
1296 2784 1409 2840 quo
1452 2766 1746 2830 moriente,
1805 2764 2009 2820 cmlum

420 2881 481 2928 et
514 2879 685 2933 terra,
707 2867 876 2923 solet
928 2864 1080 2929 luna,
1131 2861 1255 2916 dies
1292 2869 1350 2915 et
1398 2874 1529 2924 nox,
1577 2857 1690 2911 vivi
1716 2863 1774 2910 et
1804 2851 2010 2909 mortui

418 2960 684 3019 commoti
717 2966 848 3015 sunt
862 2966 922 3012 et
936 2970 1002 3011 ex
1018 2952 1258 3035 propriis
1286 2951 1491 3007 ﬁnibus
1511 2961 1570 3005 et
1597 2948 1737 3005 locis
1767 2960 2011 3002 recesse-

1660 291 1963 354 LEONTII
2004 277 2412 352 BYZANTINI

3590 262 3747 337 uso

2085 398 2285 469 ὁμοίως
2314 395 2467 466 αύτῷ
2511 396 2569 447 ὲν
2611 395 2726 454 τοῖς
2771 389 2913 457 ὑπὲρ
2948 387 3238 458 ἄνθρωπον
3266 389 3733 458 ὲγνωρίζοντο;

2082 490 2111 541 ὁ
2152 487 2252 556 μὲν
2301 486 2411 556 γὰρ
2468 481 2730 552 αὐθεντίᾳ.
2776 482 2870 532 καὶ
2916 478 3137 548 ἐξουσίᾳ
3185 477 3295 548 ἰδίᾳ
3340 481 3451 532 καὶ
3510 478 3736 546 οἰκείῳ

2094 579 2501 649 προστάγματι,
2532 574 2708 642 ἔλεγε·
2739 573 2921 637 Θέλω,
2942 570 3369 639 καθαρίσθητι’
3401 564 3585 624 οὗτοι
3617 569 3685 623 δέ
3713 585 3727 599 ·

2097 673 2200 725 Ἐν
2218 669 2298 734 τῷ
2329 670 2575 734 ὀνόματι
2608 664 2802 732 Ἰησοῦ
2851 661 3108 730 Χριστοῦ
3146 663 3252 717 τοῦ
3309 661 3724 730 Ναζωραίου.

2089 761 2314 831 ἐγείραι
2336 760 2433 813 καὶ
2477 755 2807 825 περιπάτει,
2838 755 3123 823 λέγοντες·
3157 754 3267 808 ἰδοὺ
3300 754 3511 823 σαφῶς
3565 752 3725 806 Exsis-

2088 871 2184 906 νου
2230 848 2370 905 εἶναι
2416 850 2514 922 τὴν
2557 850 2862 920 ἐνέργειαν,
2907 847 3091 901 αὐτῶν
3118 846 3178 900 δὲ
3215 847 3317 914 τὴν
3364 845 3720 916 ὑπουργίαν

2094 946 2328 1018 μάλιστα
2357 943 2678 1013 ὡμολόγουν
2698 956 2711 970 ·
2754 940 2849 993 καὶ
2877 939 3014 992 αὐτὸ
3043 939 3154 1010 γὰρ
3183 937 3320 999 ὅλως
3350 937 3415 988 τὸ
3444 935 3564 989 ὑπ’
3604 936 3719 988 αύ-

2089 1038 2198 1093 τῶν
2229 1034 2659 1105 διακονούμενον
2693 1031 2784 1086 διὰ
2813 1030 2923 1083 τῶν
2950 1029 3248 1098 θαυμάτων
3272 1029 3307 1099 ἡ
3346 1031 3425 1091 είς
3456 1027 3572 1080 τὸν
3604 1028 3713 1079 Δε-

2094 1130 2301 1197 σπότην
2323 1125 2502 1180 αὐτῶν
2527 1126 2711 1187 πίστις
2730 1119 2819 1193 ἦν,
2841 1122 2869 1175 ὃ
2885 1121 2980 1175 καὶ
3013 1121 3175 1190 μόνον
3196 1118 3584 1183 ἐσπουδάζετο
3602 1117 3713 1169 αὐέ-

2092 1222 2236 1282 τοίς·
2264 1217 2347 1270 ἔτι
2375 1215 2502 1286 μὴν,
2530 1214 2633 1268 ποῦ
2663 1214 2726 1266 τὸ
2760 1212 2906 1275 ίδίως
2931 1210 3070 1264 Θεοῦ
3096 1207 3708 1281 χαρακτηριστικὺν,τδ

2094 1307 2490 1381 δημιουργικὸν
2507 1304 2668 1373 λέγω.
2694 1302 2885 1373 ὥσπερ
2905 1302 3069 1364 αὐτὸς
3086 1299 3248 1354 τοῦτο
3264 1302 3344 1363 είς
3363 1298 3453 1352 τὸν
3482 1300 3559 1352 ἑκ
3597 1312 3702 1363 γε·

2092 1421 2154 1457 νε
2166 1403 2262 1472 τῆς
2291 1398 2510 1469 τυφλὸν,
2532 1396 2629 1449 καὶ
2649 1389 2797 1449 οὗτοι
2815 1392 3197 1458 ὲπεδείξαντο;
3223 1390 3252 1442 ὁ
3271 1389 3379 1459 γάρ
3400 1390 3466 1443 ἐκ
3508 1384 3702 1457 πηλοῦ

2094 1494 2157 1548 τὸ
2182 1510 2274 1546 και
2282 1490 2439 1563 ριὼτε
2447 1506 2540 1561 ρον
2559 1488 2652 1540 καὶ
2670 1483 3057 1553 ποικιλώτερον
3075 1483 3243 1554 μέρος
3263 1480 3371 1535 τῶν
3396 1481 3456 1533 ἐν
3474 1480 3706 1548 ἀνθρω·

2098 1585 2236 1655 πείῳ
2270 1581 2490 1652 σώματι
2525 1578 2763 1640 πλάσας,
2808 1576 2875 1629 δι’
2916 1574 3034 1638 ἑνὸς
3077 1574 3268 1644 μορίου
3308 1571 3701 1643 παρέστησεν.

2096 1676 2174 1738 ὼς
2205 1672 2370 1737 αὐτὸς
2394 1668 2464 1742 ἦν
2483 1671 2579 1723 καὶ
2604 1671 2633 1721 ὁ
2659 1666 2839 1721 λαϐὼν
2863 1665 2994 1737 χοῦν
3023 1664 3134 1719 ἀπὸ
3160 1664 3263 1734 τῆς
3289 1666 3392 1735 γῆς
3422 1664 3485 1730 ἐξ
3510 1660 3702 1732 ἀρχῆς

2097 1766 2194 1820 καὶ
2224 1764 2436 1826 πλάσας
2472 1762 2565 1814 τὸν
2605 1758 2894 1830 ἄνθρωπον
2918 1773 2935 1788 ο
2965 1757 3051 1820 τίς
3089 1756 3149 1812 δὲ
3181 1756 3365 1811 αὐτῶν
3394 1754 3430 1826 ἢ
3461 1769 3700 1825 προφη-

2097 1855 2206 1909 τῶν
2232 1856 2475 1926 ἐτέρους,
2506 1850 2626 1904 ἀλλ’
2665 1851 2817 1920 ὅμως
2850 1850 3067 1917 ἑαυτὸν,
3103 1849 3171 1902 ἐκ
3194 1846 3406 1918 νεκρῶν
3443 1844 3700 1914 ἀναστῆ-

2099 1965 2189 2002 σαι
2233 1944 2473 2018 ἠδυνήθη
2500 1961 2516 2010 ;
2559 1942 2592 2013 ἦ
2625 1942 2774 2005 τινος
2807 1941 3135 2010 ἀδιάφθορον
3159 1939 3222 1993 τδ
3252 1938 3413 2010 σῶμα
3449 1939 3570 1992 τῶν
3596 1937 3698 1990 ἐπὶ

2097 2040 2196 2108 τῆς
2227 2038 2334 2107 γῆς
2365 2038 2424 2089 ὲν
2461 2036 2619 2105 τάφῳ
2647 2026 2871 2102 γέγονεν
2900 2049 2917 2098 ;
2947 2032 2980 2103 ἢ
3023 2031 3110 2096 τίς
3134 2030 3279 2102 ἔχειν
3306 2029 3562 2095 ἐξουσίαν
3588 2029 3697 2098 τῆς

2099 2130 2414 2190 ἀποθέσεως
2442 2128 2541 2195 τῆς
2569 2124 2767 2179 ἑαυτοῦ
2803 2123 2985 2193 ψυχῆς
3027 2123 3126 2176 καὶ
3155 2122 3436 2193 ἀπολαϐῆς
3467 2136 3694 2192 μεμαρ-

2098 2221 2163 2274 τύ
2173 2236 2330 2293 ρηται
2353 2237 2370 2286 ;
2399 2219 2519 2273 οὐδὲ
2538 2216 2837 2272 ἀκούσεσθε
2853 2214 2953 2285 ὀψὲ
2983 2213 3117 2285 γοῦν
3136 2213 3268 2270 πότε
3293 2211 3390 2267 τοῦ
3413 2212 3690 2280 λέγοντος,

2105 2312 2206 2379 Τίς
2224 2313 2358 2366 ἐστι
2377 2310 2688 2379 ἅνθρωπος
2704 2307 2772 2373 ὃς
2787 2306 3051 2373 ζήσεται,
3081 2306 3183 2361 καί
3210 2305 3325 2360 οὐκ
3346 2305 3559 2374 ὄψεται
3584 2300 3694 2357 θά-

2101 2420 2312 2467 νανον,
2323 2403 2575 2471 ῥύσεται
2596 2401 2713 2468 τὴν
2735 2400 2954 2469 ψυχὴν
2974 2398 3166 2455 αὑτοῦ
3185 2400 3256 2454 ἐκ
3272 2398 3471 2469 χειρὸς
3499 2395 3649 2465 ᾅδου
3667 2410 3690 2452 ι’

2103 2496 2186 2560 τίς
2215 2495 2273 2548 δὲ
2305 2494 2492 2548 αὐτῶν
2519 2492 2606 2546 ἐπ’
2637 2490 2885 2556 ἔξουσίας
2928 2491 3244 2545 ἐπιτάσσειν
3270 2492 3383 2554 τοῖς
3411 2487 3687 2558 πνεύμασι

2105 2589 2219 2652 τοῖς
2245 2578 2600 2657 ἀκαθάρτοις,
2625 2584 2659 2654 ἢ
2693 2583 2783 2637 ἐπ’
2813 2582 3067 2648 ἐξουσίας
3115 2583 3378 2654 ἐπιτιμᾷν
3414 2582 3525 2643 τοῖς
3560 2577 3685 2634 ἀνέπ-

2110 2696 2232 2751 μοις
2264 2679 2361 2731 καὶ
2388 2679 2455 2747 τῇ
2494 2675 2746 2749 θαλάσσῃ
2775 2676 3032 2748 εἴρηται;
3069 2676 3102 2748 ἢ
3135 2677 3283 2741 τίνος
3309 2675 3498 2747 ἑτέρου
3524 2674 3682 2728 ὲθαυά

2112 2769 2294 2843 μάσθη
2334 2770 2364 2823 δ
2417 2767 2575 2837 λόγος
2625 2769 2708 2822 ὃτι
2758 2770 2849 2821 ἐπ’
2880 2764 3234 2839 ὲξουσίαςῆν,
3266 2769 3361 2822 καὶ
3395 2768 3494 2837 οὐχ
3532 2766 3608 2829 ὡς
3637 2762 3682 2818 ei

2108 2862 2218 2917 τῶν
2257 2859 2497 2925 λοιπῶν;
2532 2859 2677 2924 τίνος
2722 2859 2780 2913 δὲ
2820 2859 2928 2913 τῶν
2972 2859 3289 2912 ἀποστόλων
3331 2855 3681 2928 ῆπροφητῶν

2112 2950 2551 3022 ἀποθνήσκοντος
2593 2948 2818 3017 οὐρανὸς
2863 2948 2954 3000 καὶ
2996 2949 3095 3016 γῆ,
3130 2945 3284 3015 ἥλιος
3333 2947 3428 2998 καὶ
3465 2945 3678 3016 σελήνης

425 3053 591 3112 runt?
619 3052 868 3120 Quonam
925 3053 1190 3102 nascente
1232 3044 1386 3100 risus
1414 3051 1500 3098 est
1528 3049 1720 3113 partus
1768 3039 1888 3094 sine
1928 3052 2014 3092 se-

2118 3044 2299 3116 ήμέρα
2346 3043 2440 3096 καὶ
2488 3040 2607 3107 νὺξ,
2636 3038 2814 3110 νεκροὶ
2860 3039 2954 3092 καὶ
3000 3036 3204 3102 ζῶντες
3229 3036 3677 3106 συνεσείσθησαν,

426 3149 598 3212 mine,
637 3143 809 3201 stella:
848 3140 952 3197 sub
981 3139 1121 3195 coelo
1149 3152 1366 3199 cursus,
1421 3132 1738 3189 canentium
1788 3129 2012 3200 angelo-

428 3250 554 3294 rum
583 3233 819 3293 chorus?
863 3230 1132 3298 Quisnam
1186 3240 1381 3282 eorum
1424 3224 1483 3278 in
1516 3220 1727 3276 carnali
1779 3233 2014 3290 corpore

426 3347 495 3388 ea
525 3344 647 3401 quae
681 3326 979 3397 spirituum
1009 3329 1142 3376 sunt
1174 3316 1423 3374 ostendit
1445 3355 1461 3380 ,
1512 3313 1745 3384 virginis
1783 3310 2016 3382 integri-

430 3431 600 3478 tatem
635 3416 914 3473 nascendo
967 3429 1079 3467 non
1134 3411 1386 3465 minuens
1429 3416 1487 3463 et
1530 3421 1698 3477 super
1756 3402 2019 3459 ﬂuctibus

434 3511 824 3585 perambulans
848 3548 862 3571 ,
885 3507 942 3561 in
968 3518 1202 3575 corpore
1229 3510 1420 3556 autem
1464 3495 1762 3570 spirituali,
1802 3503 1860 3549 et
1898 3507 2020 3563 quae

432 3613 567 3661 sunt
595 3600 781 3658 carnis
804 3596 1058 3669 protulit,
1100 3594 1360 3648 manibus
1415 3589 1757 3646 sensibiliter
1801 3593 2020 3640 contre-

435 3701 640 3755 ctatus,
687 3704 872 3745 escam
904 3701 1127 3756 quoque
1176 3694 1303 3755 ροει
1354 3679 1821 3738 resurrectionem
1865 3690 2022 3732 suam

429 3783 724 3855 postulans
753 3789 811 3835 et
831 3778 1191 3842 manducans,
1216 3775 1322 3830 etsi
1342 3789 1453 3828 non
1474 3771 1802 3827 nutritionis
1824 3783 2019 3825 causa:

440 3889 540 3944 per
580 3872 696 3926 haec
724 3868 910 3924 omnia
937 3866 1326 3921 demonstrans
1357 3878 1416 3918 se
1444 3863 1733 3935 utriusque
1787 3867 2022 3925 naturae,

376 4033 383 4039 δ
439 3958 750 4029 corporalis
778 3970 978 4025 nempe
1009 3962 1067 4009 et
1095 3953 1425 4023 spiritualis,
1451 3967 1577 4007 esse
1600 3957 1906 4016 auctorem,
1930 3947 2025 4019 qui

442 4048 631 4104 omnia
658 4048 791 4103 facit
818 4054 877 4102 et
913 4050 1266 4108 transmutat,
1309 4055 1529 4110 semper
1552 4038 1779 4094 creandi
1806 4047 2026 4108 potens,

445 4140 505 4194 in
522 4136 671 4195 omni
696 4145 843 4192 statu
883 4131 1160 4189 naturali:
1194 4130 1272 4185 illi
1297 4137 1510 4183 tantum
1537 4129 1632 4199 qui
1665 4127 1873 4198 aliquid
1897 4125 2030 4181 fecit

447 4231 582 4287 illud
617 4238 837 4284 mutare
872 4225 1036 4282 facile
1069 4231 1158 4279 est
1184 4240 1200 4290 ;
1228 4223 1354 4292 quis
1374 4229 1557 4277 autem
1582 4235 1778 4276 eorum
1806 4219 1902 4290 qui
1927 4219 2032 4273 hu-

449 4337 626 4377 mana:
663 4327 880 4375 tantum
930 4325 1096 4373 erant
1138 4318 1383 4379 natum,
1421 4312 1627 4368 dicitur
1655 4311 1807 4367 solus
1838 4310 1894 4364 in
1922 4325 2033 4365 cm-

2114 3136 2210 3187 xa‘t
2252 3131 2362 3186 τῶν
2404 3131 2622 3187 οἰκείων
2664 3131 2803 3200 ὅρων
2833 3129 2928 3183 καὶ
2950 3127 3127 3181 τόπων
3160 3124 3460 3195 ἐξέστησαν
3486 3143 3502 3186 ;
3531 3125 3678 3188 τινος

2115 3227 2174 3280 δὲ
2191 3229 2248 3280 ὲν
2264 3229 2330 3297 τῇ
2351 3225 2607 3294 γεννήσει
2645 3223 2885 3294 ἄσπορος
2917 3219 3104 3295 ὼράθη
3138 3219 3310 3282 τόκος,
3329 3217 3554 3289 ἀστέρος
3579 3215 3671 3271 ἀπ’

2115 3317 2347 3390 ούρανοῦ
2390 3316 2619 3389 δρόμος,
2649 3313 2901 3384 ἀγγέλων
2944 3311 3231 3381 ὐμνολόγος
3254 3309 3451 3380 χορόςς
3493 3308 3575 3372 τίς
3618 3306 3674 3360 δὶ

2116 3411 2295 3465 αὐτῶν
2326 3411 2383 3462 ὲν
2404 3409 2502 3480 μὲν
2519 3406 2595 3477 τῷ
2615 3404 2863 3478 σαρκικῷ
2893 3403 3110 3475 σώματι
3130 3403 3199 3457 τὰ.
3240 3399 3577 3470 πνευματικά
3592 3400 3682 3451 επα-

2127 3498 2396 3565 εδείξατο,
2438 3498 2638 3569 ὑμένος
2673 3496 2834 3550 τοῦτο
2854 3493 3185 3558 διαϐιϐάζων
3228 3482 3576 3562 παρθενικοῦ,
3606 3488 3692 3542 καὶ

2121 3592 2330 3647 ὑδάτων
2384 3589 2773 3656 ὲπιπολάζων;
2802 3590 2863 3641 ὲν
2886 3587 2947 3642 δὲ
2975 3586 3056 3657 τῷ
3083 3584 3438 3657 πνευματικῷ
3467 3581 3689 3653 σώματι,

2120 3682 2190 3736 τά
2223 3679 2462 3752 σαρκικὰ
2511 3679 2870 3752 προεϐάλετο,
2899 3679 3088 3751 χερσὶν
3132 3676 3417 3746 αἰσθηταῖς
3444 3673 3695 3746 ψηλαφώ-

2126 3787 2323 3843 μενος;
2351 3771 2448 3824 καὶ⁵
2481 3758 2663 3841 βρωτά
2694 3769 2835 3840 μετά
2867 3768 2971 3840 τὴν
3000 3768 3299 3822 ἀνάστασιν
3327 3766 3434 3819 ὑπὸ
3455 3763 3565 3819 τῶν
3596 3779 3690 3833 μα-

2124 3861 2303 3932 θητῶν
2335 3860 2717 3932 προσιέμενος,
2759 3861 2855 3914 καὶ
2899 3859 3119 3924 ἐσθίων,
3154 3860 3205 3912 εί
3242 3857 3342 3911 καὶ
3377 3855 3454 3926 μὴ
3503 3853 3689 3923 τρεφό-

2129 3971 2288 4024 μενος
2314 3972 2331 4021 ;
2356 3955 2574 4016 δεικνὺς
2608 3953 2700 4007 διὰ
2728 3952 2958 4017 τούτων,
2984 3953 3071 4007 ὅτι
3096 3952 3197 4020 τῆς
3229 3949 3500 4023 σαρκικῆς
3529 3962 3584 4000 τε
3604 3945 3691 4000 καὶ

2133 4045 2515 4117 πνευματικῆς
2553 4043 2770 4114 φύσεως
2803 4044 2970 4107 αὐτός
2997 4045 3147 4096 ἐστιν
3197 4043 3226 4095 ὁ
3262 4040 3489 4111 ποιητής
3519 4054 3575 4090 τε
3602 4036 3690 4090 καὶ

2129 4136 2607 4205 κατασκευαστὴς,
2657 4136 2755 4189 καὶ
2803 4135 2975 4189 ποιῶν
3019 4134 3198 4188 πάντα
3244 4132 3342 4186 καὶ
3371 4127 3690 4200 μετασκευά-

2132 4231 2262 4296 ζων,
2313 4231 2409 4283 καὶ
2454 4229 2896 4299 θαυματουργείν
2943 4226 3033 4280 ἀεὶ
3074 4224 3398 4293 δυνάμενος,
3438 4221 3495 4272 ὲν
3533 4216 3689 4271 ἅπασι

2133 4325 2244 4386 τοῖς
2287 4322 2537 4390 φυσικοῖς
2581 4319 3005 4388 καταστήμασιο
3056 4313 3136 4385 τῷ
3180 4312 3290 4384 γὰρ
3341 4305 3577 4363 ποιοῦντί
3619 4320 3687 4363 τι,

448 4416 566 4470 lum
592 4404 913 4470 ascendisse
948 4419 1048 4464 aut
1077 4425 1109 4465 e
1143 4409 1286 4465 coelo
1317 4405 1715 4462 descendisse?
1759 4403 1906 4458 unde
1932 4416 2015 4457 no

2133 4411 2309 4481 τούτῳ
2355 4412 2502 4481 μόνῳ
2537 4409 2634 4463 καὶ
2684 4409 2749 4462 τὸ
2796 4404 3229 4479 μετασκευάζειν
3266 4400 3418 4465 αὐτὸ,
3459 4396 3689 4452 εὔκολον*

450 4507 541 4562 bis
567 4506 623 4560 in
647 4512 889 4560 mentem
919 4517 1033 4556 non
1055 4501 1256 4556 incidit
1279 4498 1332 4554 id
1355 4498 1523 4569 impie
1543 4504 1813 4562 statuere,
1831 4508 2032 4564 nempe

449 4596 706 4655 eamdem
744 4610 865 4652 esse
896 4602 953 4649 et
990 4592 1279 4648 hominum
1305 4599 1364 4645 et
1392 4588 1790 4658 omnipotentis
1814 4585 2033 4641 Domini

452 4688 800 4749 edendorum
832 4685 1227 4742 miraculorum
1257 4689 1607 4753 potestatem.

2137 4501 2223 4565 τίς
2266 4500 2325 4555 δὲ
2368 4503 2448 4564 εἰς
2495 4500 2726 4572 οὐρανὸν
2769 4498 3132 4566 ἀναϐέϐηκεν,
3178 4494 3213 4564 ἢ
3248 4494 3313 4545 ὲκ
3346 4489 3442 4545 τοῦ
3482 4482 3689 4558 οὐρανοῦ

2140 4591 2583 4661 καταϐεϐηκὲναι
2660 4592 2819 4662 μόνος
2899 4588 3322 4659 μεμαρτύρηται
3354 4623 3369 4648 ,
3441 4580 3545 4633 τῶν
3604 4576 3693 4646 τῆς

2139 4683 2490 4754 ἀνθρωπίνης
2512 4683 2681 4754 μόνης
2713 4682 2882 4747 ὄντων
2920 4679 3137 4749 φύσεως
3160 4693 3175 4742 ;
3200 4673 3397 4729 οὐκοῦν
3422 4666 3697 4726 οὐδὲτοῦτο

459 4787 588 4858 ὑμῖν
639 4784 700 4837 τὸ
739 4781 931 4844 ἀσεϐὲς
971 4779 1324 4851 παραστῆσαι
1361 4776 1505 4831 κατά
1556 4769 1781 4847 γνῶμην
1807 4773 2135 4847 ἐκϐέϐηκεν,
2166 4776 2241 4842 ὡς
2296 4780 2332 4849 ἡ
2373 4776 2514 4849 αὐτη
2565 4777 2674 4831 τῶν
2712 4793 2773 4830 τε
2814 4775 2977 4830 ὁσίων
3044 4770 3272 4843 ἀνδρῶν,
3309 4771 3406 4823 καὶ
3466 4768 3560 4836 τῆς
3604 4766 3693 4818 Δια

461 4880 725 4949 σποτικῆς
759 4877 1008 4943 ἐξουσίας
1034 4877 1068 4946 ἡ
1097 4873 1514 4947 θαυματουργία
1550 4872 1690 4926 ἐστὶ.

534 4976 653 5032 Hoc
685 4972 833 5029 aliud
867 4973 1051 5029 dicitis
1071 4971 1220 5043 quod
1251 4970 1598 5042 dignitatem,
1617 4967 2049 5024 dominationem

463 5078 525 5126 et
559 5080 763 5123 nomen
795 5080 963 5136 super
995 5080 1160 5137 omne
1185 5078 1385 5119 nomen
1423 5072 1591 5131 atque
1625 5068 1828 5114 caetera
1855 5058 2043 5114 omnia

468 5176 502 5215 ιι
529 5156 715 5214 Verbo
747 5157 867 5228 ipsa
890 5156 1108 5211 meliori
1129 5153 1288 5211 carni
1314 5152 1520 5206 fuerint
1550 5150 1709 5216 data,
1755 5163 1860 5205 nec
1895 5164 2036 5220 opus

472 5250 546 5306 sit
571 5263 638 5304 ea
686 5247 880 5303 unioni
923 5247 1201 5302 ascribere
1222 5285 1238 5308 ,
1287 5243 1508 5299 sincere
1533 5241 1759 5314 quidem
1789 5258 1893 5298 nos
1924 5257 2050 5313 pro-

474 5341 697 5399 ﬁtemur
724 5341 844 5397 haec
868 5339 1055 5395 omnia
1095 5352 1125 5392 a
1154 5335 1338 5393 Verbo
1368 5351 1491 5392 esse
1521 5335 1649 5391 data
1685 5353 1699 5390 :
1743 5349 1841 5390 vos
1866 5343 2048 5389 tamen

475 5437 585 5493 hoc
608 5430 1114 5503 inter-rogabimus:
1163 5444 1284 5499 quae
1313 5429 1370 5484 in
1407 5429 1588 5484 altero
1628 5436 1826 5483 natura
1866 5427 2058 5482 insunt

476 5536 536 5585 et
570 5523 731 5581 alteri
764 5520 1267 5587 communicantur,
1291 5536 1423 5575 num
1483 5528 1616 5576 tunc
1643 5519 1725 5575 sic
1753 5517 2060 5589 communi:

2221 4968 2296 5023 Τὸ
2330 4968 2388 5023 δὲ
2416 4968 2604 5040 ἕτερον
2630 4961 2706 5022 ὧν
2745 4966 2880 5036 φατέ
2926 4965 3066 5026 εστι,
3098 4962 3161 5015 τὸ
3203 4961 3303 5033 τὴν
3340 4957 3495 5023 ἀξίαν
3522 4956 3602 5011 καὶ
3624 4955 3696 5006 δε-

2152 5060 2409 5115 σποτείαν
2452 5060 2548 5113 καὶ
2575 5059 2749 5129 δνομα
2775 5058 2837 5111 τὸ
2871 5056 3013 5126 ὑπὲρ
3050 5056 3158 5108 πᾶν
3186 5053 3376 5121 δνομα,
3406 5048 3506 5102 καὶ
3529 5046 3589 5100 τὰ
3604 5045 3698 5097 λοι-

2142 5151 2219 5204 πά
2242 5151 2311 5221 τῇ
2340 5150 2504 5220 σαρκὶ
2534 5148 2641 5202 ὑπὸ
2672 5147 2766 5201 τοῦ
2796 5144 3107 5217 κρείττονος
3143 5141 3315 5213 αὐτῆς
3349 5138 3522 5206 Λόγου
3559 5134 3698 5203 δοθῆ-

2156 5246 2265 5307 ναι,
2303 5240 2398 5294 καὶ
2435 5239 2512 5311 μὴ
2546 5239 2666 5294 δέον
2714 5234 2855 5292 εἶναι
2890 5234 3138 5290 συνθέσει
3165 5231 3341 5286 ταῦτα
3376 5225 3698 5300 προσλογίζε-

2161 5334 2308 5389 σθαι.
2373 5332 2615 5405 ’Δληθῶς
2670 5332 2767 5403 μὲν
2800 5326 2898 5384 οὖν
2944 5330 3011 5381 ὲκ
3062 5325 3155 5380 τοῦ
3184 5323 3367 5391 Λόγου
3398 5316 3704 5374 δίδοσθαιτὰ

2162 5421 2429 5493 εἰρημένα
2461 5418 2820 5490 συντιθέμεθα
2842 5435 2856 5449 ·
2896 5416 3036 5487 πλὴν
3064 5412 3226 5469 τοῦτο
3265 5411 3412 5482 ὑμᾶς
3460 5408 3707 5482 ips-Mico-

2169 5524 2299 5586 μενδ
2326 5513 2467 5570 Τάδε
2491 5512 2563 5568 τὰ.
2584 5511 2720 5567 δντα
2751 5510 2874 5567 τινὰ
2903 5511 2963 5564 ιν
2992 5506 3127 5585 τῷδέ
3151 5521 3258 5559 τινι
3306 5500 3547 5572 φυσικῶς
3575 5513 3707 5556 ποτε.

554 5703 576 5734 ⁸
608 5705 801 5760 Matth.
824 5718 944 5760 vm.
972 5703 1006 5757 3
1100 5704 1121 5735 ⁹
1160 5700 1273 5758 Act.
1306 5716 1386 5767 Ill,
1414 5697 1466 5753 6.
1542 5699 1587 5733 "
1620 5695 1760 5752 Psal.
1794 5695 2153 5762 ικκκιίιιΛθ.
