3888 6168
200 345 346 423 1481

1195 346 1592 413 ADVERSUS
1631 343 2182 409 NESTORIANOS.
2207 371 2269 381 -
2303 347 2451 410 LIB.
2493 348 2543 412 Ι.

3328 345 3470 412 1482

195 472 306 526 καὶ
360 466 437 536 ττι
483 467 540 520 δέ
585 483 689 519 τινι
742 459 1137 534 μεταδίδονται,
1163 461 1252 513 ὅτε
1303 457 1613 521 ἀσυνθέτως
1669 455 1784 526 ἔχει

1900 465 2086 511 cantur
2114 471 2240 512 cum
2273 456 2365 511 ille
2399 457 2494 527 qui
2521 457 2590 512 iis
2617 466 2768 514 caret
2791 469 3081 530 separatur
3107 459 3176 516 ab
3199 475 3266 516 eo
3289 462 3382 531 qui
3405 476 3473 517 ea

197 561 348 632 πρὸς
373 559 464 612 τὸν
494 557 708 628 ἔχοντα,
732 558 760 608 ὁ
800 554 874 625 μὴ
899 555 1040 623 ἔχων
1080 551 1219 605 αὐτὰ
1247 551 1390 604 κατὰ
1417 549 1600 620 φύσιν,
1631 549 1665 620 ἦ
1695 549 1784 602 ὅτε

197 651 344 723 πρὸς
385 649 534 703 τόνδε
569 645 824 715 συνετέθη
849 662 863 708 ;
888 642 954 696 Τί
990 643 1189 714 δήποτε
1223 636 1338 707 οὖν,
1371 639 1584 695 πολλῶν
1616 640 1787 693 ὄντων

196 744 320 796 τῶν
365 739 680 794 ἀσυνθέτων
724 736 860 808 πρὸς
887 735 980 787 τὸν
1019 733 1212 804 ἔχοντα
1249 733 1376 788 τάδε
1407 731 1674 802 φυσικῶς,
1707 731 1787 785 ἑνὶ

205 835 364 906 μόνῳ
389 831 524 902 τῷδε
555 829 828 895 δέδονταις
869 826 978 880 ἰδοὺ
1005 826 1114 895 γάρ
1143 827 1201 878 ὲν
1230 825 1638 896 παραδείγματι
1663 822 1788 894 βλέ-

198 941 406 994 πομεν,
444 923 519 985 ὡς
568 921 732 992 ἡνίκα
785 919 926 972 κατὰ
972 917 1140 994 φύσιν
1177 917 1404 988 συντεθῇ
1461 915 1524 968 τὸ
1554 915 1664 986 πῦρ
1711 913 1790 982 τῷ

198 1023 437 1090 σιδήρῳ,
483 1016 608 1070 τότε
657 1012 1056 1084 πεπυρωμένος
1101 1011 1319 1077 λέγεται
1365 1011 1394 1063 ὁ
1444 1009 1682 1079 σίδηρος,
1727 1007 1790 1081 το

191 1112 380 1180 ὃνομα
420 1111 514 1162 καὶ
562 1107 661 1178 τὴν
701 1107 775 1169 ὡς
827 1105 894 1159 ἄν
936 1121 1022 1167 τις
1053 1103 1198 1157 εἴποι
1239 1101 1395 1168 ἀξίαν
1429 1099 1667 1170 φυσικὴν
1694 1096 1788 1150 τοῦ

198 1205 404 1276 πυρὸς,
437 1206 500 1256 ἐκ
537 1203 638 1272 τῆς
670 1199 973 1260 συνθέσεως
1007 1196 1496 1268 προσκτησάμενος
1524 1211 1538 1224 ο
1578 1195 1674 1248 καί⁹
1701 1193 1790 1246 ὅτε

199 1299 324 1370 φῶς
359 1297 438 1367 τῷ
469 1295 623 1349 ὕδατι
651 1292 940 1364 είσκραθὲν
973 1291 1132 1344 τοῦτο
1164 1289 1394 1358 φωτίσει
1445 1287 1587 1342 κατὰ
1610 1285 1793 1340 σύνθεο

201 1409 314 1450 σιν.
343 1385 755 1458 πεφωτισμένον
779 1383 1120 1453 ὀνομάζεται
1147 1381 1292 1453 ὓδωρ
1313 1397 1326 1410 ·
1361 1381 1458 1434 καὶ
1483 1381 1574 1433 ὅτε
1604 1375 1793 1449 χρυσῷ

201 1479 594 1550 ὲπιχριόμενος
641 1475 841 1545 ένωθῇ,
871 1473 994 1526 τότε
1048 1471 1278 1544 χρύσεος
1318 1469 1574 1540 ἀνδριάς*
1601 1468 1690 1522 ὅτε
1735 1465 1792 1520 δὲ

201 1573 287 1641 τῷ
322 1571 614 1639 σκεπάρνῳ
640 1569 720 1631 εἰς
748 1565 1032 1635 ἐνέργειαν
1065 1564 1227 1630 μόνον
1257 1563 1462 1634 χρῆται
1497 1561 1526 1614 ὁ
1559 1561 1790 1623 τέκτων,

201 1663 266 1714 οὐ
289 1661 434 1714 κατὰ
465 1657 716 1710 σύνθεσιν
744 1655 984 1724 φυσικὴν
1011 1652 1162 1724 αὐτῷ
1195 1653 1498 1724 ἡνωμένος,
1529 1651 1649 1704 τότε
1671 1649 1793 1702 οὐδὲ

204 1753 268 1806 τὸ
309 1753 484 1822 ὄνομα
527 1750 648 1804 οὐδὲ
690 1749 789 1820 τὴν
835 1747 995 1814 ἀξίαν
1035 1745 1202 1800 αὑτοῦ
1243 1745 1567 1816 μεταδίδωσι
1599 1741 1676 1814 τῷ
1703 1743 1795 1813 όρ-

1888 548 2222 602 naturaliter
2253 547 2445 612 habet,
2491 563 2562 604 an
2617 564 2745 604 eum
2801 551 2851 606 ei
2891 551 3284 623 coniungitur?
3321 552 3474 620 Quo-

1889 641 2056 696 modo
2085 651 2294 707 autem,
2319 656 2446 696 cum
2475 651 2556 698 tot
2577 642 2689 698 sint
2709 645 2948 714 separati
2979 647 3048 702 ab
3073 663 3140 702 eo
3161 647 3256 718 qui
3285 662 3351 702 ea
3365 661 3474 708 m-

1879 733 2145 788 -turaliter
2160 735 2442 798 babet,illi
2465 735 2568 790 soli
2594 735 2721 790 data
2751 735 2986 792 fuissent
3005 737 3193 804 ἴουοά
3225 738 3280 792 in
3297 751 3478 796 exem-

1889 823 1998 894 plis
2031 823 2312 878 videmus:
2333 840 2460 880 eum
2484 841 2683 898 nempe
2709 829 2852 900 ignis
2877 831 3182 887 secundum
3220 841 3474 887 naturam

1889 915 2042 970 ferro
2097 917 2489 988 conjungitur,
2523 927 2656 975 tunc
2706 922 2936 992 ignitum
2994 925 3202 980 dicitur
3235 926 3475 994 ferrum,

1891 1007 2118 1062 nomine
2146 1015 2242 1075 et,
2280 1017 2341 1063 ut
2365 1009 2438 1064 ita
2469 1010 2649 1066 dicam
2677 1051 2690 1076 ,
2743 1015 2984 1070 naturali
3021 1016 3289 1088 dignitate
3335 1018 3478 1088 ignis

1893 1111 2118 1170 accepta
2143 1100 2197 1154 vi
2225 1101 2673 1172 conjunctionis;
2721 1103 2977 1161 similiter
3011 1123 3140 1163 eum
3182 1096 3277 1164 lux
3321 1105 3478 1180 aqua:

1896 1190 2142 1248 immista
2166 1207 2289 1248 eam
2324 1193 2602 1249 illuminat
2627 1195 2680 1250 vi
2709 1197 3138 1266 coniunctionis,
3169 1201 3478 1258 illuminata

1893 1282 2100 1340 dicitur
2129 1297 2303 1355 aqua;
2335 1300 2555 1341 necnon
2599 1295 2656 1343 et
2684 1302 2810 1343 cum
2843 1299 3022 1345 statua
3057 1307 3192 1347 auro
3219 1289 3476 1363 illinitur,

1895 1383 2029 1429 tunc
2070 1383 2261 1430 aurata
2286 1375 2522 1445 dicitur;
2555 1393 2680 1433 cum
2714 1389 2899 1436 autem
2941 1383 3090 1438 ascia
3122 1383 3477 1443 instrumenti

1897 1469 2110 1521 tantum
2145 1467 2200 1522 in
2239 1468 2464 1523 modum
2506 1470 2682 1524 utitur
2707 1470 2868 1528 faber
2890 1514 2904 1539 ,
2939 1489 3050 1528 non
3091 1477 3142 1530 ei
3173 1477 3480 1534 secundum

1895 1569 2153 1612 naturam
2185 1559 2516 1630 coniunctus
2538 1602 2552 1624 ,
2591 1571 2722 1617 tunc
2745 1579 2926 1634 neque
2958 1580 3160 1621 nomen
3187 1583 3348 1624 suum
3375 1585 3478 1625 ne-

1895 1660 2004 1716 que
2055 1645 2380 1717 dignitatem
2432 1649 2805 1706 instrumento
2853 1654 3264 1722 communicat,
3299 1672 3480 1728 neque

1895 1737 1966 1792 ab
1995 1738 2370 1794 instrumento
2401 1741 2606 1811 accipit
2635 1743 2978 1800 artifex.Sed
3009 1761 3192 1818 neque
3225 1764 3318 1806 rex
3345 1791 3359 1815 ,
3383 1759 3482 1808 aut

205 1821 416 1912 γάνῳ,
447 1841 481 1910 ἢ
526 1838 655 1908 παρ’
698 1836 864 1891 αὐτοῦ
927 1835 1299 1907 μεταλήψεται
1339 1836 1368 1888 ὁ
1409 1832 1794 1905 ἐργαζόμενος.

1900 1829 2286 1886 nobilissimus
2314 1832 2552 1903 quisque
2571 1874 2584 1901 ,
2621 1835 2665 1890 si
2693 1849 2864 1891 unum
2893 1853 2923 1892 c
2950 1841 3066 1896 suis
3095 1840 3270 1896 servis
3308 1859 3484 1914 quan-

219 1933 366 1989 Ἀλλ’
383 1932 493 1984 οὐδ’
525 1933 554 1985 ὁ
577 1929 864 2000 βασιλεὺς,
899 1929 933 1999 ἢ
975 1927 1206 1998 εὐγενής
1253 1943 1338 1991 τις
1366 1923 1644 1980 ὁντιναοῦν
1681 1922 1793 1977 τῶν

205 2025 431 2081 οἰκείων
487 2023 836 2094 θεραπόντων
889 2022 936 2074 εί
987 2018 1371 2091 προσλάϐοιτο,
1403 2019 1498 2071 καὶ
1554 2013 1793 2070 οίαισοῦν

207 2115 388 2184 ἀξίαις
417 2116 661 2186 τιμήσει,
688 2111 831 2167 κατὰ
867 2111 1030 2181 φύσιν
1063 2111 1120 2164 δὲ
1145 2109 1295 2180 αὐτῴ
1327 2109 1402 2182 μὴ
1495 2107 1793 2177 συγκείμε-

207 2227 324 2276 νος,
356 2208 477 2262 οὔτε
511 2208 570 2262 τὸ
615 2207 807 2276 ὄνομα,
855 2202 980 2258 οὔτε
1027 2204 1126 2274 τὴν
1164 2204 1321 2268 ἀξίαν
1351 2204 1448 2256 καὶ
1473 2199 1794 2254 δεσποτείαν

209 2303 312 2372 τὴν
350 2303 658 2374 βασιλικὴν,
688 2299 814 2354 οῦτε
847 2298 946 2370 τὴν
972 2297 1256 2367 εὐγένειαν
1285 2295 1452 2350 αὐτοῦ
1481 2295 1618 2364 τῷδε
1656 2308 1793 2360 συγ·-

209 2397 552 2468 χωρήσειεν·
582 2392 704 2444 οὐδὲ
740 2391 848 2460 γάρ
881 2389 1105 2442 δυνατόν
1129 2390 1278 2441 ἐστιν
1293 2385 1416 2439 οὐδὲ
1443 2385 1492 2438 εί
1527 2383 1791 2454 βούλοιτο,

207 2486 407 2556 ὥσπερ
455 2482 550 2537 οὗν
598 2481 976 2549 ὑποδείξομεν,
1007 2481 1133 2533 ὅσον
1165 2477 1234 2532 ἂν
1284 2475 1622 2530 καλλωπίσοι
1667 2473 1792 2526 τινὰ

211 2578 324 2635 τῶν
354 2577 502 2630 ἰδίων
527 2575 732 2638 ἵππων,
759 2573 1045 2644 ἄνθρωπον
1081 2569 1242 2623 αὑτὸν
1263 2567 1550 2638 ὀνομάζειν
1576 2564 1794 2636 ἀληθῶς

211 2669 353 2724 εἶναι
393 2664 819 2738 ὡμολογημένον
854 2663 1140 2734 ὀνόματος,
1176 2661 1269 2715 καὶ
1303 2661 1363 2714 οὐ
1389 2660 1484 2714 δύο
1515 2659 1624 2712 τῶν
1655 2657 1794 2728 ὑπὲρ

215 2767 396 2820 πάντα
423 2764 492 2816 τὰ
525 2761 728 2830 φυσικὰ
759 2759 998 2830 ὀνόματα
1021 2777 1034 2790 ·
1071 2759 1202 2830 τρία
1231 2757 1342 2828 γὰρ
1373 2756 1468 2810 καὶ
1502 2755 1601 2826 οὐχ
1649 2752 1707 2806 ἓν
1743 2754 1793 2806 εί

216 2857 282 2908 τὰ
324 2850 665 2906 ὑποστατικὰ
709 2849 830 2902 θεῖα
883 2849 980 2902 καὶ
1019 2847 1356 2919 ὑπερέχοντα
1393 2846 1464 2916 φῇ
1497 2861 1601 2907 τις,
1644 2843 1694 2896 τί
1727 2842 1794 2896 ἂν

213 2948 345 3002 ἄλλο
367 2947 524 3001 τοῦτο
553 2945 706 2998 ἔσται
735 2943 769 3014 ἢ
799 2943 829 2994 ό
861 2941 992 3005 Θεὸς
1014 2943 1109 2995 καὶ
1132 2941 1334 3012 Κύριος
1364 2941 1392 2993 ὁ
1416 2937 1610 3008 φύσεις
1641 2937 1670 2991 ὃ
1708 2936 1797 2990 θέο

219 3045 302 3092 σει
331 3038 438 3108 γὰρ
475 3034 599 3088 οῦτε
651 3033 798 3104 μόνῳ
842 3031 992 3102 αὑτῷ
1034 3029 1298 3102 χαρισθὲν
1345 3029 1470 3082 οὔτε
1513 3029 1653 3099 ὑπὲρ
1687 3029 1796 3082 πᾶν

215 3127 393 3196 τινομά
425 3129 574 3180 ἐστι’
609 3123 822 3177 πολλῶν
853 3123 1020 3174 ὅντων
1053 3121 1194 3174 κατά
1228 3138 1283 3174 τι
1316 3119 1630 3188 λεγομένων
1658 3117 1796 3171 θεῶν

216 3235 274 3274 τε
305 3223 396 3274 καὶ
426 3219 632 3288 κυρίων
677 3218 736 3268 ὲν
773 3213 986 3284 οὐρανῷ
1017 3230 1078 3283 τε
1121 3213 1213 3266 καὶ
1244 3215 1336 3282 γῇ.
1384 3211 1444 3265 Ei
1487 3207 1579 3264 οὖν
1611 3209 1799 3278 ἕτερος

216 3311 377 3367 τοῦτο
427 3309 584 3362 λάϐοι
623 3307 774 3379 παρὰ
814 3307 906 3358 τὸν
945 3305 1114 3365 ὅντως
1163 3303 1324 3370 φύσει
1368 3301 1524 3361 Θεὸν,
1579 3301 1796 3369 ἀνάγκη

219 3405 370 3460 ἐστὶν
401 3403 434 3474 ἢ
459 3402 739 3472 ἀνώνυμον
775 3401 954 3470 μεῖναι
975 3399 1065 3450 τὸν
1093 3397 1272 3462 δόντα,
1292 3397 1327 3469 ἢ
1361 3399 1418 3448 ἐν
1464 3394 1676 3465 θατέρῳ
1705 3393 1803 3446 αῦ-

217 3497 327 3550 τῶν
358 3493 568 3565 ψευδῶς
599 3489 962 3562 ὀνομάζεσθαι
990 3489 1176 3543 λοιπὸν
1203 3487 1402 3543 τοῦτο’
1427 3487 1462 3560 ἢ
1487 3487 1598 3559 γὰρ
1619 3489 1682 3540 ὲκ
1707 3485 1801 3538 τοῦ

222 3587 554 3658 προσφάτως
583 3583 715 3638 αὐτὸ
735 3581 1104 3652 λαμϐάνοντος
1129 3580 1470 3650 ὲτεροουσίου
1499 3578 1670 3659 ὄντος,
1705 3577 1802 3631 καὶ

221 3679 282 3733 οὑ
321 3676 528 3748 κυρίως
579 3673 713 3730 αὐτὸ
763 3672 1132 3742 κτησαμένου,
1179 3670 1390 3741 ψευδῶς
1441 3668 1800 3741 κέκληται·ἢ

220 3772 312 3824 ἐπὶ
349 3767 443 3822 τοῦ
495 3765 686 3840 πρώην
730 3765 948 3835 ἔχοντος
1005 3763 1158 3829 αὐτὸ,
1190 3764 1291 3816 οὐκ
1335 3762 1553 3832 ἀληθῶς
1579 3761 1800 3830 λέγεται

219 3861 426 3927 λοιπὸν,
445 3858 522 3923 ὡς
548 3859 742 3911 νεωστὶ
761 3855 1243 3927 άποκτησαμένου,
1267 3855 1363 3908 καὶ
1391 3855 1464 3924 μὴ
1494 3853 1798 3924 μείναντες,

225 3951 360 4024 μηδὲ
413 3951 470 4002 ὲν
503 3950 571 4020 τῇ
607 3947 714 4020 ἰδίᾳ
745 3947 906 4016 φύσει
957 3944 1052 3998 τοῦ
1090 3945 1374 4016 ὀνόματος.
1418 3945 1534 3998 Πᾶν
1562 3943 1671 4014 γὰρ
1701 3959 1804 4012 φυ-

223 4045 372 4099 σικὸν
406 4041 594 4111 κύριον
642 4039 834 4110 όνομα,
874 4039 1005 4108 μιᾶς
1055 4039 1150 4092 καὶ
1191 4039 1253 4092 οὐ
1292 4035 1386 4092 δύο
1437 4037 1654 4108 φύσεων
1683 4037 1800 4090 δια-

222 4139 402 4210 φόρων
453 4135 637 4190 ἐστίν·
683 4135 716 4207 ἢ
757 4129 852 4187 οῦν
894 4133 956 4186 οὐ
993 4132 1202 4202 κυρίως
1247 4133 1342 4186 καὶ
1384 4128 1601 4203 ἀληθῶς
1645 4128 1803 4182 τοῦτο

220 4229 465 4284 δεδόσθαι
486 4227 708 4296 λέγεταί
739 4238 870 4291 τινι,
903 4223 938 4298 ἢ
965 4226 1014 4278 εί
1045 4223 1294 4293 ἀψευδῶς
1323 4223 1553 4287 δέδοται,
1586 4225 1651 4276 ἐκ
1673 4237 1800 4275 συν-

223 4321 422 4384 θέσεως
469 4319 637 4374 αῦτοῦ
669 4318 763 4372 τοῦ
803 4317 998 4372 τούτου
1029 4317 1195 4387 μόνου
1227 4314 1442 4384 άληθῶς
1470 4313 1804 4386 ὀνομαζομέο

225 4429 316 4465 νου
350 4413 470 4465 κατ’
499 4412 631 4465 αὐτὸ
668 4413 762 4465 καὶ
809 4411 946 4482 πρὸς
972 4410 1033 4463 τὸ
1067 4409 1271 4480 ἑτέρως
1297 4407 1578 4480 μετεδὸθη.
1609 4407 1798 4472 Οὕτως

1901 1921 2197 1993 tiscunque
2236 1923 2546 1983 honoribus
2594 1930 2985 1996 cumulaverit,
3032 1948 3136 1988 nec
3185 1943 3366 1991 tamen
3399 1937 3480 1994 illi

1901 2014 2290 2086 coniungatur,
2318 2032 2558 2086 nomen,
2585 2029 2682 2075 aut
2726 2021 3078 2092 dignitatem,
3131 2034 3228 2082 aut
3273 2029 3480 2099 regiam

1900 2112 2228 2174 potestatem
2257 2149 2270 2174 ,
2303 2117 2401 2164 aut
2428 2111 2778 2167 nobilitatem
2811 2113 2889 2168 illi
2917 2115 3204 2184 impertire
3237 2133 3480 2190 unquam

1900 2205 2122 2264 posset;
2174 2213 2284 2254 non
2332 2201 2480 2255 enim
2521 2201 2784 2272 possibile
2815 2213 2922 2269 est,
2953 2206 3057 2260 etsi
3087 2207 3242 2273 velit,
3271 2210 3350 2264 uti
3385 2226 3480 2265 os-

1903 2285 2216 2355 tendemus,
2265 2293 2674 2360 quantumlibet
2700 2311 2873 2349 unum
2903 2310 2935 2350 e
2959 2297 3077 2352 suis
3103 2301 3264 2369 cquis
3309 2300 3479 2357 deco—

1901 2383 2007 2441 ret,
2037 2377 2192 2432 illum
2221 2395 2421 2436 vocare
2451 2382 2734 2438 hominem
2764 2399 2980 2449 verum,
3012 2387 3283 2458 siquidem
3309 2405 3479 2447 unum

1900 2469 2248 2542 solummodo
2299 2489 2504 2530 nomen
2536 2487 2856 2548 receptum,
2887 2495 3000 2534 non
3029 2491 3213 2538 autem
3239 2483 3350 2552 duo
3379 2501 3483 2554 pro

1901 2559 1990 2616 his
2018 2578 2142 2632 qua:
2167 2574 2298 2620 sunt
2316 2582 2485 2638 super
2507 2569 2692 2624 omnia
2715 2573 2989 2628 naturalia
3011 2575 3236 2630 nomina
3253 2589 3266 2643 ς
3285 2577 3330 2632 si
3356 2577 3483 2648 quis

1898 2653 2046 2710 enim
2067 2663 2318 2724 tres,non
2350 2667 2534 2716 autem
2566 2675 2731 2718 unam
2767 2680 3056 2736 personam
3089 2672 3484 2738 praestantissio

1900 2760 2043 2803 mam
2071 2748 2127 2802 in
2155 2749 2360 2806 divinis
2397 2753 2563 2819 dicat,
2599 2755 2730 2825 quid
2756 2757 2864 2812 nisi
2891 2757 2985 2828 qui
3012 2769 3211 2815 natura
3235 2757 3382 2820 Deus
3399 2773 3486 2819 est

1899 2849 1957 2893 et
1994 2837 2304 2896 Dominus?
2331 2841 2488 2908 Quod
2521 2843 2836 2915 adeptionis
2864 2855 2968 2914 est,
3004 2864 3184 2921 neque
3215 2853 3316 2908 soli
3347 2869 3484 2909 con-

1900 2931 2072 2996 venit,
2129 2948 2311 3004 neque
2367 2944 2453 2991 est
2501 2951 2670 3006 super
2719 2947 2884 2994 omne
2935 2955 3162 3010 nomen,
3215 2959 3340 3000 cum
3374 2945 3488 3002 sint

1908 3022 2071 3076 nnilti
2101 3023 2158 3078 in
2184 3025 2341 3080 ccelis
2369 3033 2424 3080 et
2455 3027 2508 3081 in
2546 3037 2696 3084 terra
2723 3031 3028 3086 secundum
3059 3034 3192 3104 quid
3223 3035 3356 3092 dicti
3393 3037 3484 3094 dei

1902 3123 1960 3169 et
1975 3115 2218 3184 domini;
2241 3118 2286 3172 si
2305 3117 2474 3189 igitur
2493 3135 2696 3177 nomen
2722 3122 2858 3178 illud
2883 3125 3274 3194 quilibetalius
3287 3139 3488 3200 praeter

1902 3221 2096 3262 verum
2109 3207 2281 3262 Deum
2296 3225 2396 3264 usu
2405 3219 2778 3279 rpet,necesse
2791 3223 2876 3268 est
2889 3215 2975 3270 vel
2994 3212 3112 3272 sine
3125 3219 3347 3276 nomine
3361 3233 3486 3279 esse

1901 3311 2028 3351 eum
2053 3299 2145 3367 qui
2169 3297 2343 3365 dedit,
2369 3301 2453 3356 vel
2481 3301 2538 3356 in
2581 3302 2850 3360 alterutro
2882 3305 3116 3364 mendax
3135 3325 3256 3366 esse
3282 3329 3484 3371 nomen

1900 3387 2036 3444 illud
2062 3402 2077 3454 ;
2105 3390 2378 3460 siquidem
2408 3405 2502 3448 aut
2533 3393 2581 3449 is
2619 3394 2714 3465 qui
2749 3411 2942 3454 recens
2969 3402 3211 3472 accepit,
3239 3419 3364 3461 cum
3415 3410 3489 3463 sit

1907 3481 2142 3538 diversae
2195 3491 2430 3552 naturae,
2483 3501 2586 3542 nec
2639 3487 2863 3558 proprie
2900 3488 3088 3560 habet,
3141 3496 3488 3554 mendaciter

1901 3574 2237 3637 nominatur;
2263 3576 2357 3646 qui
2384 3585 2564 3634 autem
2595 3579 2904 3651 antiquitus
2931 3581 3346 3658 habuerat,jam
3374 3605 3485 3645 non

1897 3677 2031 3719 vere
2081 3666 2420 3732 nominatur,
2470 3667 2676 3738 quippe
2705 3669 2802 3739 qui
2845 3685 3028 3742 nuper
3058 3673 3340 3743 alienavit,
3383 3695 3487 3736 nec

1901 3754 1955 3810 in
1987 3757 2208 3825 propria
2244 3759 2486 3814 nominis
2520 3770 2717 3816 natura
2752 3763 3079 3832 permansit.
3134 3765 3308 3824 Omne
3334 3771 3482 3826 enim

1900 3847 2182 3916 pr0prium
2207 3836 2541 3905 et'naturale
2570 3866 2794 3919 nomen,
2829 3852 2996 3910 unius
3029 3864 3238 3912 tantum
3271 3870 3484 3917 naturae

1900 3953 2102 3994 nomen
2143 3946 2256 4006 est,
2290 3955 2404 3996 non
2448 3951 2634 3997 autem
2679 3943 2915 4000 duarum
2942 3946 3285 4006 diversarum
3316 3962 3481 4008 natu-

1901 4046 2124 4099 rarum;
2161 4031 2309 4088 unde
2356 4033 2442 4088 vel
2484 4044 2596 4090 nOn
2649 4045 2836 4107 potest
2866 4037 2974 4094 dici
3008 4041 3232 4113 proprie
3264 4053 3321 4100 et
3352 4061 3484 4101 vere

1901 4123 2067 4178 alicui
2097 4139 2219 4180 esse
2257 4125 2478 4192 datum,
2504 4128 2593 4182 vel
2627 4128 2683 4202 si
2707 4131 2932 4199 proprie
2961 4130 3149 4188 datum
3189 4144 3306 4202 est,
3345 4135 3485 4196 non;

1901 4212 2008 4270 nisi
2039 4230 2106 4270 ex
2139 4216 2531 4288 conjunctione
2563 4201 2714 4274 illius
2745 4222 2838 4290 qui
2873 4222 3024 4277 solus
3050 4239 3178 4279 vere
3206 4241 3276 4281 eo
3297 4229 3480 4286 nomi-

1901 4315 2084 4375 natur,
2109 4323 2234 4364 cum
2265 4309 2376 4364 alio
2405 4310 2649 4377 diverso,
2683 4312 2874 4368 datum
2897 4324 3001 4370 est.
3039 4317 3132 4372 Sic
3161 4319 3308 4375 enim
3342 4332 3399 4378 et
3425 4321 3480 4380 in

1901 4398 2098 4453 eodem
2141 4399 2365 4471 proprio
2399 4401 2624 4456 nomine
2667 4409 2724 4458 et
2749 4403 2914 4459 simul
2959 4407 3013 4460 in
3048 4407 3157 4463 alio
3188 4409 3314 4477 erit,
3348 4429 3481 4483 pro-

227 4505 332 4574 γὰρ
364 4503 458 4556 καὶ
485 4502 564 4556 ἔτι
589 4501 668 4571 τῷ
696 4502 846 4573 αὐτῷ
876 4503 1240 4572 ἐνυπάρχοντι
1261 4499 1484 4571 ὀνόματι
1507 4502 1604 4554 καὶ
1633 4502 1690 4554 ὲν
1721 4501 1796 4572 τῷ

1903 4499 2028 4561 pter
2081 4503 2208 4546 eum
2258 4491 2353 4562 qui
2399 4491 2457 4548 in
2510 4493 2630 4564 ipso
2659 4493 2836 4551 factus
2865 4505 2951 4552 est
2991 4513 3142 4556 :non
3173 4502 3318 4558 enim
3353 4521 3484 4570 vero

227 4595 394 4660 ἑτέρῃ
439 4593 616 4657 ἔσται,
661 4593 752 4646 διὰ
793 4595 886 4648 τὸν
935 4593 1232 4661 γενόμενον
1276 4593 1335 4646 ἐν
1383 4591 1569 4662 αὐτῷ·
1600 4591 1660 4645 οῦ
1691 4595 1801 4662 γάρ

228 4685 342 4739 ὲστί
397 4701 452 4736 τι
501 4683 600 4753 τῆς
647 4682 863 4754 φύσεως
932 4683 1102 4754 δνομα
1169 4683 1386 4754 ἀληθῶς
1442 4683 1802 4751 ὀνομάζεσθαι

227 4773 543 4844 ἀποχωροῦν
590 4775 682 4828 τοῦ
743 4774 874 4826 ἰδίου
902 4775 1264 4843 ὑποκειμένου
1285 4787 1300 4804 ⁸
1334 4774 1538 4845 ὁμοίως
1569 4772 1624 4828 δὲ
1658 4776 1748 4828 καὶ
1775 4771 1804 4828 ὀ

226 4865 318 4934 τῆς
353 4864 506 4930 ἀξίας
533 4863 629 4917 καὶ
653 4863 970 4926 δεσποτείας
1001 4863 1160 4934 λόγος
1211 4865 1307 4920 καλ
1341 4865 1407 4919 τὰ
1445 4866 1606 4922 λοιπὰ
1627 4866 1803 4920 πάντα

226 4962 441 5014 νοεῖται.

306 5051 458 5104 Ἐπεὶ
491 5043 585 5104 οὖν
609 5049 696 5102 διὰ
722 5049 1055 5118 ratirati;va
1092 5049 1192 5120 μὲν
1217 5051 1280 5106 ἐκ
1309 5046 1412 5120 τῆς
1451 5050 1666 5120 φύσεως
1713 5050 1801 5104 δοο

229 5144 386 5211 θῆναι
437 5142 625 5223 καὶςιὸ
669 5143 770 5207 τῆς
800 5141 956 5208 ἀξίας
1001 5141 1194 5210 ὄνομα,
1229 5145 1323 5196 καὶ
1346 5143 1507 5211 φύσιν
1533 5137 1671 5196 εἶναι
1703 5143 1804 5206 τὴν

229 5233 382 5298 ἀξίαν
411 5231 502 5285 ἐπὶ
556 5230 715 5292 Θεοῦ,
750 5231 814 5284 οὐ
854 5231 964 5303 γὰρ
1003 5230 1296 5300 ἐπίκτητον
1336 5244 1459 5285 τινα
1485 5231 1801 5303 περιϐολὴν,

231 5329 355 5398 ὑμῖν
388 5327 446 5381 δὲ
479 5326 554 5390 ὡς
584 5325 780 5385 ἔοικεν,
807 5324 931 5394 οὐχὶ
953 5323 1130 5377 ταῦτα
1157 5320 1332 5385 οὕτως
1357 5321 1500 5392 ἔχειν
1530 5325 1798 5392 φαίνεται,

229 5419 412 5472 εἴπατε
447 5415 502 5467 τί
561 5414 797 5484 μάλιστα
845 5411 1102 5483 βούλεσθε
1169 5412 1320 5482 ἡμᾶς
1370 5414 1510 5466 νοεῖν
1538 5455 1550 5476 ,
1585 5412 1801 5486 ἀληθῶς

227 5505 388 5562 οὖσαν
419 5505 518 5574 τὴν
541 5503 684 5557 κατά
711 5502 949 5574 Χριστδν
971 5501 1132 5568 ἀξίαν
1153 5499 1250 5555 καὶ
1277 5501 1598 5557 δεσποτείαν
1628 5504 1800 5557 καὶτὸ

227 5597 396 5666 ονομα
429 5613 441 5624 ο
487 5595 581 5646 καὶ
613 5593 850 5664 εἰδῶμεν
875 5594 924 5646 εί
959 5592 1034 5662 μὴ
1067 5591 1285 5655 πάντως
1315 5593 1436 5646 ὅσον
1462 5590 1528 5646 ἂν
1666 5596 1804 5665 μᾶλ-

229 5688 310 5742 λον
337 5685 596 5756 ὑπερέχοι
621 5685 690 5738 τὰ
721 5684 842 5738 καθ’
869 5684 1039 5754 ἡμᾶς,
1066 5683 1126 5736 τὸ
1145 5682 1444 5754 λεγόμενον
1465 5685 1596 5756 παρ’*
1623 5687 1796 5757 ὑμῶν,

232 5779 344 5832 ἐπεὶ
381 5775 516 5841 εἶδος
547 5775 706 5830 τοῦτο
733 5777 836 5830 οὐκ
867 5775 1210 5842 ἐξαλλάσσει.
1278 5775 1385 5828 Καὶ
1420 5777 1526 5848 γὰρ
1562 5777 1798 5834 ὀὕτω

545 5868 812 5927 [δι’-πηοί..
861 5867 978 5926 Gn.
1018 5867 1355 5930 LXXXVI.

1906 4583 2015 4638 dici
2049 4583 2102 4636 id
2135 4592 2316 4652 potest
2358 4600 2561 4641 nomen
2613 4596 2824 4643 natura:
2853 4591 3001 4660 quod
3030 4607 3060 4648 a
3091 4597 3316 4666 proprio
3352 4601 3486 4656 sub-

1899 4674 2051 4744 jecto
2105 4674 2384 4742 discedit;
2439 4677 2699 4734 similiter
2757 4689 2941 4736 autem
3001 4682 3360 4755 iudicandum
3413 4691 3482 4750 de

1907 4763 2169 4834 dignitate
2193 4773 2247 4820 et
2267 4775 2536 4837 potestate
2565 4779 2729 4838 atque
2763 4771 2991 4840 paribus
3027 4777 3260 4833 caeteris.

1975 5038 2112 5094 Cum
2134 5021 2300 5106 igitur
2321 5032 2482 5093 nobis
2501 5035 2752 5094 videatur
2768 5053 2830 5094 ex
2857 5050 3046 5097 natura
3073 5045 3192 5104 dari
3215 5055 3272 5102 et
3293 5044 3474 5117 ipsum

1905 5127 2192 5198 dignitatis
2237 5143 2462 5193 nomen,
2516 5127 2838 5200 dignitatem
2889 5143 3073 5191 autem
3117 5153 3149 5192 a
3205 5143 3316 5196 Duo
3363 5157 3487 5200 esse

1904 5232 2192 5289 naturam;
2214 5235 2321 5277 non
2345 5220 2493 5276 enim
2518 5221 2852 5294 acquisitmn
2879 5229 3171 5298 quemdam
3189 5233 3486 5292 amictum:
3557 5297 3562 5303 _

1905 5316 2065 5371 vobis
2092 5329 2224 5370 vero
2252 5328 2361 5369 non
2407 5312 2502 5378 ita,
2530 5322 2593 5368 ut
2642 5313 2838 5386 liquet,
2866 5317 3086 5382 videtur
3112 5334 3125 5374 :
3152 5322 3319 5390 dicite
3354 5339 3490 5392 ergo

1903 5405 2036 5480 quid
2080 5407 2300 5466 tandem
2332 5421 2435 5464 nos
2465 5406 2650 5464 velitis
2680 5394 2908 5466 cens-ere
2929 5411 3002 5466 dc
3025 5427 3154 5468 vera
3173 5411 3376 5469 Christi
3401 5411 3484 5468 dio

1903 5502 2110 5572 gnitate
2157 5510 2216 5557 et
2265 5510 2576 5572 potestate,
2620 5501 2754 5574 quid
2805 5502 2872 5582 de
2932 5518 3066 5560 vero
3107 5503 3327 5558 nomine
3386 5511 3484 5557 ιρι

1904 5595 2146 5650 sciamus
2177 5609 2246 5650 an
2298 5609 2408 5665 non
2458 5595 2868 5666 quummaxime
2927 5601 3148 5666 pnestet
3199 5591 3347 5664 quod
3385 5608 3488 5650 nos

1903 5685 2144 5742 dicimus
2167 5684 2429 5742 onmihus
2457 5700 2578 5756 quae
2614 5700 2646 5740 a
2685 5683 2844 5740 vobis
2889 5685 3172 5748 dicuntur,
3212 5681 3486 5753 siquidem

1906 5779 2114 5850 species
2153 5776 2244 5832 illa
2271 5793 2380 5832 non
2415 5785 2680 5832 mutatur.
2717 5774 2808 5831 Sic
2834 5775 2981 5829 enim
3015 5772 3194 5829 omnis
3218 5773 3386 5830 homo
3412 5777 3482 5831 ab

2989 5865 3066 5924 1ιῖ
