3932 6152
479 271 611 340 1487
1722 267 2036 330 LEONTII
2069 266 2084 327 l

2187 267 2475 328 EANTINI
2597 331 2609 342 ,
3282 328 3285 331 _
3559 319 3580 334 .
3626 259 3782 332 1488

429 375 814 446 ῖέστιιαιίοηὶε
836 378 1010 436 'Verbi
1046 377 1232 434 omnia
1257 356 1578 448 argumenta
1607 384 2052 448 perscrutantur,
2079 429 2084 436 ,

2187 393 2240 428 λιν
2295 374 2394 443 τῆς
2445 373 2774 445 σαρκώσεως
2817 375 2911 428 τοῦ
2946 375 3094 430 θείου
3125 375 3298 444 Λόγου
3336 377 3775 452 διερευνῶντες.

431 523 440 534 .
473 474 746 534 nimirum
803 485 968 528 omne
1001 476 1177 540 totum
1201 483 1270 524 ex
1311 466 1550 522 diversis
1577 467 1830 538 partibus
1872 467 2056 523 coale-

2187 485 2240 521 ιτι
2277 468 2384 521 πᾶν
2421 466 2483 520 τδ
2524 467 2589 520 ὲκ
2618 465 2895 538 διαφόρων
2944 467 3130 540 μερῶν
3180 470 3546 542 συγκείμενον
3612 471 3772 537 ὅλον,

2161 555 2348 627 ἔτερόν
2375 574 2434 610 τε
2472 559 2690 629 ὁρᾶται,
2731 559 2826 611 καὶ
2880 559 3088 630 ἑτέρως
3139 561 3464 632 ὀνομάζεται
3495 564 3662 634 παρά
3697 565 3776 620 τὰ

2161 646 2223 712 ἐξ
2253 640 2328 701 ὧν
2361 647 2534 702 ἐστιν.
2567 643 2744 702 Είοῦν
2771 651 2836 704 ὲκ
2877 649 3015 704 Θεοῦ
3047 653 3144 705 καὶ
3178 653 3465 725 ἀνθρώπου
3497 655 3776 723 σύνθετος

2163 739 2191 793 6
2213 737 2469 809 Χριστὸς,
2497 735 2621 792 οὔτε
2656 738 2792 802 Θεὸς
2820 739 3057 810 ἀληθῶς,
3089 741 3214 796 οὔτε
3246 743 3560 814 ἄνθρωπος.
3585 747 3772 818 Πρῶ-

437 607 444 611 -
479 583 640 626 scena
673 565 823 622 aliud
846 569 1092 634 apparet,
1125 559 1277 616 aliud
1303 575 1526 632 quoque
1555 559 1868 630 concipitur
1898 559 1968 614 ab
1993 560 2062 614 iis

429 695 442 704 -
477 655 782 728 exquibus
825 661 1071 710 constat.
1129 651 1188 708 Si
1247 651 1416 723 igitur
1465 666 1533 708 ex
1580 651 1812 706 homine
1862 659 1918 706 et
1947 651 2062 706 Deo

437 795 447 810 .
475 747 759 814 Christus,
781 760 886 802 nec
915 759 1082 800 verus
1107 744 1278 810 Deus,
1303 758 1409 799 nec
1431 757 1597 798 verus
1626 742 1794 798 homo
1815 751 1899 797 est
1923 759 1936 796 :
1962 741 2061 796 sed

433 889 448 900 .
471 841 722 912 primum
762 837 880 908 ipsa
919 834 1230 908 argumenti
1255 835 1420 906 hujus
1447 835 1584 890 falsa
1617 842 1701 890 est
1717 833 2060 906 suppositio:

435 957 450 988 ε
474 933 682 990 accidit
703 931 852 988 enim
879 938 944 986 ut
974 937 1150 984 totum
1181 944 1212 984 e
1233 927 1482 983 'diversis
1512 937 1797 991 constans,
1837 943 1941 982 nec
1973 925 2062 982 di-

479 1027 629 1083 citur
673 1040 781 1082 nec
824 1022 1136 1092 concipitur
1195 1018 1346 1076 aliud
1389 1019 1461 1073 ab
1507 1032 1835 1088 unaquaque
1881 1025 2060 1088 parte,

439 1162 448 1172 .
479 1120 568 1177 vel
607 1127 836 1190 propter
859 1111 1272 1187 praevalentiam
1299 1111 1586 1182 cujusdam
1612 1109 1784 1180 partis
1825 1108 1883 1163 in
1915 1125 2064 1163 com-

481 1211 776 1284 positione,
801 1209 945 1264 sicut
980 1205 1220 1262 dicimus
1244 1203 1369 1260 olus
1393 1212 1523 1258 ante
1551 1200 1857 1257 coctiouem
1887 1209 1944 1256 et
1985 1199 2066 1256 si-

481 1303 690 1361 militer
716 1301 840 1357 olus
887 1306 1180 1370 postquam
1239 1311 1364 1352 cum
1406 1294 1660 1365 pluribus
1697 1293 2068 1349 condimentis

443 1457 458 1476 ,
483 1373 706 1453 coetum
759 1399 864 1458 est,
923 1398 982 1445 et
1012 1388 1225 1460 pariter
1271 1387 1508 1442 similam
1549 1397 1607 1442 et
1650 1385 1948 1456 legumina,
1977 1384 2066 1439 vel

442 1469 457 1476 Ὺ
485 1487 614 1559 quia
641 1499 750 1542 non
781 1482 1010 1540 omnino
1035 1479 1242 1536 diversi
1289 1477 1510 1550 generis
1538 1477 1746 1532 factum
1769 1486 1855 1532 est
1889 1485 2064 1532 totum

483 1587 744 1634 constans
791 1573 1045 1646 partibus
1095 1571 1332 1626 diversas
1382 1569 1606 1641 quidem
1669 1568 1896 1639 speciei,
1953 1583 2068 1623 non

484 1651 669 1728 autem
695 1666 902 1724 diversi
934 1663 1176 1738 generis.
1207 1662 1300 1719 Sic
1349 1679 1450 1734 par
1505 1675 1768 1717 numerus
1795 1669 1852 1716 et
1888 1661 2066 1732 impar

2163 845 2255 882 τον
2293 827 2393 898 μὲν
2419 824 2515 900 οὖν
2548 830 2644 884 καὶ
2663 830 2823 884 τοῦδε
2847 829 3050 902 ψευδὴς
3081 833 3114 902 ἡ
3145 833 3455 902 ἀπόφασις·
3498 837 3626 892 ἐστι
3653 840 3772 910 γὰρ

2167 919 2254 990 ἐφ’
2277 912 2353 974 ὧν
2380 920 2654 992 διαφόρων
2713 924 2900 994 μερῶν
2943 926 3134 998 όλότης
3161 927 3454 998 γενομένη,
3484 930 3588 984 οὐκ
3622 931 3770 1000 ἄλλη

2169 1013 2300 1084 παρ’
2328 1013 2572 1084 ἑκάτερα
2627 1013 2696 1067 τὰ
2745 1016 2888 1088 μέρη
2931 1019 3106 1088 αὐτῆς
3137 1023 3342 1074 νοεῖται
3370 1020 3403 1092 ἥ
3433 1021 3694 1089 λέγεται,
3731 1023 3770 1094 ἢ

2165 1105 2235 1158 δι’
2259 1106 2616 1178 ἐπικράτειαν
2659 1107 2891 1182 θατέρου
2916 1110 3026 1164 τῶν
3055 1112 3240 1184 μερῶν
3267 1117 3326 1168 tv
3353 1117 3423 1186 τῇ
3454 1115 3720 1170 συνθέσει
3750 1131 3768 1147 ·

2167 1200 2357 1271 ὥσπερ
2413 1199 2600 1270 φαμὲν
2637 1201 2702 1253 τό
2743 1218 2802 1254 τε
2831 1203 3071 1272 άνεφθον
3106 1204 3360 1276 λάχανον,
3391 1209 3487 1260 καὶ
3517 1207 3580 1260 τὸ
3609 1209 3771 1279 μετὰ

2171 1287 2323 1360 μίξιν
2373 1288 2674 1360 καρυκείας
2705 1289 2972 1346 πλειόνων
3033 1291 3237 1364 ἑψηθέν
3271 1295 3472 1364 ὁμοίως
3517 1296 3774 1365 λάχανον

2168 1381 2263 1434 καὶ
2321 1381 2605 1452 σεμίδαλιν
2654 1382 2748 1436 καὶ
2801 1383 2872 1436 τὰ
2909 1383 3149 1454 ὄσπριαο
3183 1385 3214 1454 ἢ
3249 1385 3339 1440 διὰ
3389 1385 3556 1458 τὸμὴ
3611 1385 3772 1443 εἶναι

2168 1473 2304 1536 ὅλως
2331 1473 2522 1544 ἔτερόν
2545 1489 2596 1528 τι
2618 1467 2759 1537 εἶδος
2788 1475 3074 1546 γινόμενον
3107 1477 3172 1530 ἐκ
3192 1477 3302 1531 τῶν
3341 1479 3629 1548 ὁμογενῶν
3662 1483 3766 1534 τοῦ

2173 1565 2430 1619 συνθέτου
2466 1566 2650 1638 μερῶν
2673 1569 2780 1620 τῶν
2803 1569 3206 1638 ἀνομοιοειδῶν.
3233 1571 3332 1624 Διά
3352 1588 3436 1625 τοι
3467 1573 3576 1643 γὰρ
3595 1572 3776 1627 τοῦτο

2171 1658 2268 1713 καὶ
2294 1655 2482 1728 ἄρτιον
2513 1658 2682 1730 μέρος
2717 1658 2978 1732 ἀριθμοῦ,
3001 1662 3098 1714 καὶ
3143 1661 3402 1734 περιττὸν
3430 1663 3774 1719 συντεθέντα

449 1765 544 1830 ,ἱη
585 1778 757 1819 unum
819 1730 997 1816 totum
1027 1730 1426 1821 coalescentlas,
1473 1763 1706 1825 septem,
1739 1753 1899 1808 verbi
1942 1730 2067 1822 gra-

2187 1752 2249 1814 al;
2285 1749 2412 1822 μίαν
2463 1730 2772 1822 όλότητα,ό
2825 1752 2966 1806 ἑπτὰ
3013 1753 3178 1824 τυχὸν
3220 1730 3332 1808 *καὶ
3357 1756 3386 1808 ό
3439 1754 3620 1823 ὀκτὼ,
3663 1757 3776 1828 οὐχ

485 1856 583 1922 tia,
607 1864 664 1911 et
695 1862 839 1918 octo,
871 1867 982 1908 non
1013 1849 1282 1922 praebent,
1313 1847 1369 1902 in
1402 1845 1742 1918 quindecim,
1773 1859 2066 1900 numerum

485 1947 768 2002 diversum
823 1942 894 2000 ab
962 1941 1158 2012 impari
1206 1939 1371 1996 simul
1431 1947 1488 1994 et
1540 1937 1700 2008 pari,
1748 1938 1845 1992 sed
1892 1937 2070 2006 impar

457 2039 690 2107 .dicitur
721 2051 832 2093 non
861 2049 1022 2091 secus
1044 2049 1110 2089 ac
1149 2033 1318 2088 altera
1360 2045 1426 2086 ex
1459 2029 1576 2086 suis
1603 2028 1856 2100 partibus
1881 2045 1895 2082 :
1925 2027 2072 2100 unde

487 2132 567 2186 nil
601 2131 658 2186 in
690 2144 779 2194 eo,
822 2126 1054 2198 perinde
1096 2140 1162 2180 ac
1195 2138 1301 2179 nec
1340 2123 1396 2177 in
1429 2131 1664 2193 septem,
1698 2121 1924 2191 imparis
1970 2136 2073 2174 nu-

489 2221 631 2280 meri
676 2219 816 2276 ﬁnes
840 2217 1078 2274 excedit.
1103 2215 1342 2272 Evidens
1382 2215 1551 2286 igitur
1598 2221 1703 2280 est,
1759 2213 1815 2268 in
1869 2213 2073 2283 quibus

463 2320 692 2384 praeter
765 2309 1144 2365 diversitatem
1213 2305 1496 2378 partium,
1551 2311 1781 2375 apparet
1837 2304 1895 2358 in
1957 2310 2072 2358 toto

491 2405 632 2460 ratio
664 2401 870 2458 diversi
929 2399 1186 2472 generis,
1247 2395 1568 2453 necessario
1641 2393 1902 2450 mutanda
1951 2407 2074 2449 esse

488 2497 743 2553 notiones
768 2503 825 2549 et
849 2491 1202 2549 deﬁnitiones
1225 2500 1283 2544 et
1309 2489 1534 2545 nomina
1555 2528 1571 2552 ,
1631 2486 1779 2558 quod
1811 2502 1841 2541 a
1871 2485 2077 2558 princi-

491 2589 582 2660 pio
637 2603 734 2644 eos
781 2585 966 2642 latuit.
990 2585 1135 2640 Vere
1191 2582 1360 2654 igitur
1409 2581 1843 2665 dicitur.impar
1898 2587 2077 2634 totum

489 2679 880 2750 compositum,
934 2674 1250 2746 quindecim
1306 2671 1519 2729 scilicet
1551 2671 1696 2726 sicut
1751 2679 1808 2726 et
1846 2679 2080 2740 septem,

491 2780 550 2826 et
580 2771 634 2824 in
663 2784 762 2824 sua
784 2767 1054 2824 totalitate
1073 2773 1270 2834 septem
1300 2763 1480 2832 impar
1499 2776 1631 2816 vere
1659 2759 2085 2831 comprehendit

493 2878 602 2917 non
647 2859 1046 2916 adulteratum.
1076 2854 1284 2912 Eodem
1315 2852 1482 2909 modo
1532 2867 1682 2908 nunc
1727 2852 1863 2908 mihi
1902 2852 2080 2923 cogita

493 2953 738 3008 Verbum
805 2966 936 3006 vere
994 2949 1166 3004 Deum
1222 2962 1346 3003 esse
1375 2987 1390 3012 ,
1444 2954 1502 3002 et
1546 2960 1766 3001 carnem
1823 2960 1953 3000 vere
1984 2945 2086 3000 ho-

2169 1845 2359 1915 ἕτερον
2388 1837 2531 1907 εἶδος
2557 1842 2799 1915 ἀριθμοῦ
2827 1844 2982 1916 παρά
3010 1861 3072 1899 τε
3115 1848 3206 1901 τὸν
3235 1847 3422 1919 ἄρτιον
3449 1849 3543 1902 καὶ
3567 1866 3776 1920 περιτο

2168 1936 2261 1989 τὸν
2315 1934 2578 2003 ἐποίησαν
2632 1937 2692 1988 tv
2745 1935 3087 1991 δεκαπέντε·
3115 1938 3230 1992 ἀλλ’
3280 1939 3486 2010 ὁμοίως
3542 1940 3774 2012 θατέρῳ

2170 2025 2282 2080 τῶν
2299 2025 2494 2080 ἑαυτοῦ
2519 2043 2588 2098 με
2597 2025 2704 2096 ρῶν
2719 2025 3012 2100 λεγόμενον
3028 2031 3304 2100 περιττόν·
3327 2031 3632 2086 διότιούδὲν
3658 2051 3774 2088 πα-

2175 2117 2246 2190 ρὰ
2267 2117 2360 2175 τὰν
2388 2119 2516 2189 ὅρον
2539 2117 2634 2172 τοῦ
2669 2119 2929 2190 περιττοῦ
2951 2120 3073 2174 οὐδὲ
3099 2121 3158 2174 tv
3181 2121 3331 2190 αύτῷ
3372 2121 3552 2192 ὤφθη,
3570 2121 3774 2192 ῶσπερ

2173 2209 2296 2264 οὐδὲ
2324 2211 2382 2262 ὲν
2405 2209 2484 2281 τῷ
2506 2209 2741 2282 ἑϐδόμῳ.
2760 2211 2927 2282 Δῆλον
2954 2207 3046 2266 οὖν
3072 2212 3148 2276 ὡς
3164 2206 3250 2283 έὲρ⁹
3274 2206 3349 2267 ὧν
3372 2213 3508 2283 πρδς
3531 2213 3612 2284 τῷ
3639 2214 3773 2268 δια-

2177 2302 2331 2374 φόρῳ
2350 2301 2460 2355 τῶν
2483 2302 2852 2358 συνελθόντων
2877 2304 3061 2374 μερῶν
3087 2305 3184 2360 καὶ
3207 2305 3396 2378 ἕτερος
3415 2305 3587 2368 εἴδους
3602 2305 3774 2376 λόγος

2148 2435 2153 2440 .
2178 2396 2237 2449 tv
2271 2393 2350 2465 τῷ
2368 2395 2474 2465 ὅλῳ
2497 2397 2669 2466 φανῇ,
2693 2395 2816 2450 τότε
2849 2396 3202 2461 ἐξαλλάσσειν
3227 2398 3440 2469 ἀνάγκη
3463 2397 3593 2452 τάτε
3656 2400 3779 2482 δρι-

2183 2485 2284 2540 στὰ
2347 2485 2443 2540 καὶ
2489 2486 2615 2551 τοὺς
2665 2487 2933 2558 ὁρισμοὺς
2968 2487 3064 2542 καὶ
3115 2488 3185 2542 τὰ
3215 2488 3459 2556 ὀνόματα
3481 2527 3498 2553 ,
3531 2489 3672 2560 ὅπερ
3707 2488 3775 2555 ἐξ

2183 2575 2360 2646 ἀρχῆς
2399 2573 2703 2645 ⁴ἠγνόησαν.
2739 2576 2973 2645 Λέγεται
3003 2572 3096 2632 οὖν
3129 2580 3386 2649 περιττὸς
3425 2577 3640 2651 άληθῶς
3669 2579 3774 2635 καὶ

2183 2669 2212 2720 6
2233 2667 2532 2722 δεκαπέντε
2559 2667 2814 2733 σύνθετος
2837 2669 2982 2734 ὅλος,
3005 2670 3080 2734 ὡς
3105 2671 3134 2722 6
3159 2671 3388 2743 ἕϐδομος
3413 2689 3426 2702 ·
3455 2672 3550 2726 καὶ
3579 2673 3772 2744 περιέρ

2184 2776 2268 2830 χει
2299 2759 2358 2814 δὲ
2388 2760 2446 2812 tv
2475 2761 2542 2831 τῇ
2574 2760 2750 2830 οἰκείᾳ
2769 2761 2982 2830 ὁλότητι
3009 2762 3229 2832 άληθῶς
3265 2763 3519 2834 περιττὸν
3562 2762 3780 2833 φυλατ-

2185 2853 2410 2922 τόμενον
2439 2851 2530 2905 τὸν
2557 2851 2691 2905 ἑπτὰ
2713 2853 2769 2904 ἐν
2793 2852 2994 2921 ἑαυτῷ.
3029 2853 3220 2916 Οὕτως
3253 2849 3350 2906 οὖν
3407 2871 3500 2926 μοι
3531 2856 3642 2908 νόει
3673 2854 3777 2908 τόν

2185 2959 2246 2996 τε
2303 2942 2474 3012 Λόγον
2523 2941 2652 2996 Θεὸν
2685 2941 2871 3006 δντως,
2905 2940 2998 2996 καὶ
3029 2941 3127 3012 τὴν
3152 2943 3335 3014 σάρκα
3362 2943 3655 3015 ἄνθρωπον
3681 2946 3777 3000 ὃν-

497 3045 726 3108 minem,
781 3050 839 3099 et
887 3040 1169 3098 Christum
1203 3053 1272 3094 ex
1309 3035 1514 3104 Verbo,
1550 3051 1660 3091 non
1683 3051 1750 3091 ex
1784 3043 2001 3098 natura,
2031 3043 2084 3088 et

2189 3049 2326 3095 τως·
2361 3033 2456 3086 καὶ
2485 3031 2716 3103 Χριστὸν
2746 3032 2835 3086 τδν
2867 3032 3007 3086 κατὰ
3030 3032 3198 3101 Λόγον
3228 3031 3289 3086 οὗ
3317 3031 3478 3102 φύσιν
3513 3045 3526 3064 ⁸
3557 3034 3777 3089 καὶτὸν

500 3154 626 3192 eum
685 3150 814 3192 vere
850 3135 1022 3190 Deum
1051 3141 1108 3190 et
1135 3128 1439 3186 hominem.

1110 3341 1264 3398 CAP.
1311 3340 1482 3396 XXII.
1570 3353 1573 3357 ‘

579 3435 660 3502 Si,
682 3433 964 3504 inquiunt,
995 3431 1307 3488 naturalem
1350 3432 1611 3487 unionem
1651 3441 1708 3486 et
1734 3446 1829 3486 vos
1859 3431 2088 3486 ciuilite-

505 3528 665 3591 mini,
700 3525 755 3581 in
789 3541 899 3596 quo
948 3525 1116 3596 igitur
1171 3523 1408 3579 dill‘ertis
1449 3540 1479 3578 a
1533 3521 1845 3578 Severianis
1889 3522 1983 3593 qui
2011 3520 2096 3576 di-

507 3625 644 3672 cunt
672 3631 834 3671 unam
876 3622 1088 3669 tantum
1135 3627 1257 3668 esse
1302 3611 1510 3668 Christi
1566 3611 1864 3666 naturam?
1903 3609 2096 3666 Omnis

509 3707 656 3763 enim
689 3705 956 3760 naturalis
988 3703 1140 3767 unio,
1184 3711 1436 3757 naturam
1473 3701 1762 3772 quamdam
1809 3699 1974 3756 cil'ieit
2007 3699 2093 3754 di-

509 3814 725 3856 versam
773 3814 804 3854 a
855 3796 1068 3851 naturis
1094 3793 1374 3858 unitis;et
1397 3793 1668 3864 siquidem
1703 3792 1868 3846 homo
1897 3799 2094 3845 natura

512 3907 623 3948 una
663 3899 770 3955 est,
804 3887 1064 3960 quoniam
1111 3885 1279 3939 homo
1311 3899 1418 3938 non
1467 3883 1672 3952 plures,
1701 3897 1880 3952 neque
1922 3879 2094 3935 solius

513 3983 732 4048 animae,
760 3994 939 4050 neque
962 3977 1138 4034 solius
1167 3974 1416 4045 corporis
1436 3983 1653 4038 natura,
1694 3987 1871 4042 neque
1897 3971 2088 4024 ambo-

513 4089 639 4130 rum
670 4069 966 4143 separatim
999 4067 1364 4140 proprietates
1400 4063 1680 4118 naturales
1711 4062 1766 4118 in
1796 4078 1852 4118 se
1878 4062 2044 4117 habet
2081 4079 2095 4116 :

517 4165 824 4222 mortalitas
845 4161 1054 4220 etenim
1095 4160 1150 4215 in
1187 4157 1433 4223 homine,
1459 4172 1568 4212 non
1602 4163 1785 4212 autem
1805 4155 1860 4210 in
1892 4155 2094 4220 anima,

515 4259 612 4315 sed
634 4271 818 4328 neque
848 4254 1070 4326 proprie
1095 4254 1152 4309 in
1170 4266 1426 4322 corpore.
1446 4249 1640 4304 Nonne
1661 4289 1675 4311 ,
1725 4263 1933 4318 quaeso,
1964 4247 2096 4302 ferri

497 4358 568 4404 εει
601 4348 748 4420 ignis
780 4355 1103 4402 naturarum
1141 4353 1226 4398 est
1255 4339 1434 4396 unio?
1480 4347 1536 4394 et
1561 4338 1617 4394 in
1665 4339 1790 4393 lana
1829 4338 2094 4410 sanguine

2190 3123 2406 3196 άληθῶς
2436 3123 2569 3179 Θεὸν
2600 3125 2696 3179 καὶ
2715 3123 3009 3198 ἄνθρωπον.

2773 3337 3023 3392 ΚΕΦΑΛ.
3085 3334 3214 3392 KB’.

2265 3430 2325 3482 Et
2354 3424 2468 3490 οὖν,
2505 3429 2656 3496 φασὶ,
2683 3428 2776 3481 καὶ
2805 3429 2964 3500 ὑμεῖς
2992 3429 3228 3499 φυσικὴν
3242 3428 3341 3500 τὴν
3362 3429 3558 3483 1ἑνωιῐιν
3578 3429 3782 3500 ὁμολο-

2191 3525 2360 3592 γεῖτε,
2387 3522 2440 3576 τί
2491 3519 2817 3591 διαφέρεσθε
2867 3521 3008 3592 πρὸς
3066 3522 3197 3586 τοὺς
3224 3521 3352 3592 περὶ
3378 3520 3616 3592 Σεὸἧρον
3644 3519 3781 3591 μίαν

2196 3613 2358 3686 φύσιν
2387 3613 2646 3682 λέγοντας
2677 3611 2917 3682 Χριστοῦ
2946 3629 2962 3676 ;
2991 3613 3148 3667 Πᾶσα
3178 3612 3288 3684 γὰρ
3319 3611 3526 3684 φυσικὴ
3580 3611 3783 3674 Ξνωσις

2203 3707 2365 3776 ἐρ’-δεῖεν
2391 3705 2516 3760 τινὰ
2548 3705 2678 3776 μίαν
2702 3705 2856 3774 παρὰ
2881 3709 2980 3770 τὰς
3017 3706 3320 3771 ἑνωθείσας
3367 3706 3610 3760 δείκνυσι
3630 3723 3644 3738 ⁸
3673 3704 3784 3775 φύ-

2201 3816 2284 3862 σις
2329 3800 2438 3871 γὰρ
2467 3799 2494 3850 6
2540 3798 2831 3870 ἄνθρωπος
2895 3800 3033 3870 μίαο
3096 3799 3174 3863 ὡς
3225 3799 3514 3872 ἄνθρωπος
3567 3799 3661 3854 καὶ
3715 3798 3782 3852 οὗ

2199 3891 2456 3954 πλείουςο
2489 3889 2612 3944 οὔτε
2661 3889 2864 3960 ψυχῆς,
2894 3888 3020 3944 οὔτε
3086 3890 3342 3962 σώματος
3408 3891 3593 3960 μόνου,
3651 3889 3782 3944 οὔτε

2197 3979 2367 4051 ἄμφω
2395 3981 2525 4045 τοὺς
2552 3979 2746 4048 λόγους
2770 3980 2967 4052 μόνους
2987 3980 3190 4052 ἔχουσα
3213 3982 3341 4046 τοὺς
3391 3980 3690 4051 φυσικούςο
3719 3981 3786 4036 τδ

2198 4071 2309 4142 γὰρ
2334 4072 2529 4142 θνητὸν
2557 4075 2615 4128 tv
2663 4072 2940 4146 ἀνθρώπῳ
2963 4075 3085 4145 μὲν,
3119 4075 3246 4128 οὔτε
3275 4075 3332 4129 δὲ
3357 4077 3416 4129 tv
3453 4075 3622 4146 ψυχῇ,
3653 4075 3784 4130 οὔτε

2196 4163 2256 4214 tv
2275 4160 2490 4228 σώματι
2522 4161 2630 4234 ἰδίᾳ
2650 4162 2788 4217 ἐστι.
2823 4163 2890 4216 Τί
2915 4160 3033 4228 οὖν,
3061 4158 3106 4219 ῶ
3131 4161 3300 4231 οὗτοι,
3323 4165 3420 4219 καὶ
3437 4165 3611 4234 πυρὸς
3640 4165 3784 4235 πρδς

2200 4253 2417 4324 σίδηρον
2449 4253 2550 4308 οὐκ
2578 4253 2695 4308 ἐστι
2720 4253 2833 4308 τῶν
2853 4254 3070 4324 φύσεων
3093 4256 3326 4323 Ξνωσιςς
3355 4256 3448 4310 καὶ
3479 4257 3574 4309 ἐπὶ
3608 4255 3783 4310 πόκου

2199 4345 2562 4416 αἱμοῦαφοῦς,
2580 4348 2641 4402 οὐ
2667 4348 2778 4404 τῶν
2797 4348 2998 4405 οὐσιῶν
3021 4351 3056 4426 ἡ
3083 4349 3374 4422 συμπλοκὴ
3395 4349 3505 4404 τῶν
3536 4367 3784 4419 σωματιο

518 4443 711 4502 tincta,
761 4450 945 4492 nonne
996 4431 1396 4504 liteonjunctio
1429 4429 1797 4500 corporalium
1845 4429 2084 4484 substan-

2201 4435 2314 4490 κῶν
2343 4455 2357 4504 ;
2389 4439 2501 4492 Καὶ
2533 4439 2618 4504 τίς
2668 4441 2784 4496 ἔστι
2814 4443 2848 4514 ἠ
2874 4441 3141 4513 γενομένη
3191 4441 3484 4512 καινοτέρα
3533 4441 3698 4511 φύσις
3725 4440 3785 4492 tv

519 4528 760 4583 tiaram?
789 4526 964 4581 Dicite
990 4532 1174 4578 autem
1204 4535 1454 4592 quaenam
1478 4533 1619 4576 nova
1651 4519 1707 4574 in
1735 4519 1886 4574 hisce
1905 4529 2100 4574 natura

517 4636 618 4690 per
650 4617 962 4674 naturalem
987 4613 1444 4684 compositionem
1474 4613 1706 4684 emergit
1745 4629 1760 4666 :
1791 4612 1923 4684 quid
1954 4613 2101 4668 enim

516 4709 664 4766 aliud
692 4710 805 4773 hic,
841 4717 899 4765 et
931 4715 1057 4779 post
1091 4703 1507 4761 substantialem
1530 4705 1811 4771 unionem,
1835 4705 1942 4760 nisi
1979 4713 2102 4759 tan-

517 4816 635 4860 tum
685 4802 890 4858 ferrum
933 4799 1168 4872 ignitum
1223 4805 1280 4853 et
1345 4797 1471 4853 lana
1523 4806 1844 4866 cruentata,
1895 4807 1952 4854 et
1981 4798 2103 4856 dum

517 4895 770 4953 naturas?
799 4893 907 4951 Sed
936 4892 1160 4956 scitote,
1199 4891 1244 4947 si
1279 4901 1461 4948 tamen
1483 4891 1589 4948 hoc
1601 4891 1760 4947 vobis
1783 4891 2102 4961 persuaderi

520 4987 714 5058 possit,
742 4983 1067 5040 multimode
1085 4997 1208 5040 esse
1232 4991 1290 5038 et
1318 4983 1428 5038 dici
1457 4982 1768 5038 naturalem
1791 4981 2050 5038 unionem
2085 5002 2098 5037 :

519 5079 599 5132 sic
631 5079 783 5133 cnim
819 5077 1026 5132 dicitur
1061 5073 1328 5130 naturalis
1366 5073 1502 5129 unio
1521 5072 1888 5144 quorumdam
1923 5075 2104 5131 diver-

519 5182 730 5234 sorum,
779 5182 890 5224 non
934 5175 1124 5226 autem
1156 5173 1512 5231 instat-arum,
1555 5163 1656 5221 sed
1691 5175 1871 5222 tamen
1903 5183 2102 5224 secun-

520 5259 658 5316 dum
687 5255 984 5331 quamdam
1027 5239 1286 5341 σεύῃ-ξω
1309 5253 1468 5341 cujus
1489 5251 1714 5329 aliquod
1739 5255 2102 5315 substantiale

521 5349 860 5423 principium
887 5347 1082 5416 eorum
1112 5338 1373 5420 vimen
1396 5341 1706 5414 ‘uni'unem,
1741 5349 1887 5406 sicut
1915 5350 2103 5406 divina

518 5452 716 5502 natura
749 5441 1069 5498 divinarum
1091 5434 1482 5512 personarum,
1535 5448 1593 5495 et
1641 5439 1843 5496 mentis
1871 5436 2100 5496 'natura

517 5545 857 5612 potestatum
909 5535 1129 5602 animae,
1173 5541 1231 5590 et
1265 5533 1407 5606 ignis
1447 5541 1646 5588 natura
1701 5533 2101 5604 proprietatum

513 5635 662 5706 ignis
700 5629 1185 5688 substantialium.‘
1205 5627 1394 5685 Altera
1419 5623 1605 5684 autem
1635 5626 1843 5682 dicitur
1876 5635 2104 5682 natura-

515 5726 585 5830 ις
616 5728 768 5794 uuln,
803 5725 858 5782 id
895 5733 979 5784 est
1032 5722 1340 5782 similitudo
1362 5761 1376 5790 ,
1437 5721 1742 5782 secundum
1797 5721 2102 5778 naturalem

2201 4529 2402 4594 τοῖσδε.
2428 4527 2642 4602 εἴπατε,
2679 4533 2768 4589 διὰ
2795 4536 2896 4606 τὴν
2919 4531 3160 4604 φυσικὴν
3188 4533 3369 4588 αὐτῶν
3393 4531 3641 4588 σύνθεσιν
3679 4547 3692 4562 ·
3727 4532 3784 4585 τί

2203 4623 2314 4696 γὰρ
2343 4623 2471 4681 ἄλλο
2513 4625 2641 4681 τάδε
2693 4627 2789 4681 καὶ
2819 4627 2958 4698 μετὰ
2988 4625 3090 4698 τὴν
3117 4628 3353 4698 οὑσιώδη
3373 4626 3594 4689 ἕνωσιν,
3625 4625 3678 4680 εί
3707 4627 3782 4696 μὴ

2207 4715 2427 4788 σίδηρος
2479 4717 2912 4789 πεπυρωμένος,
2947 4719 3045 4772 καὶ
3076 4719 3246 4782 πόκος
3281 4716 3662 4790 ⁴ᾑματωμένος,
3689 4715 3783 4769 δύο

2205 4821 2265 4858 τε
2297 4803 2506 4886 φύσειςί
2519 4803 2812 4873 ὡσαύτως;
2841 4806 2986 4860 Ἀλλ’
3014 4808 3150 4873 ἴστε,
3173 4806 3335 4878 ειπερ
3357 4803 3610 4859 πείθεσθε
3643 4821 3782 4875 μαν-

2195 4895 2487 4960 θάνοντες,
2548 4894 2626 4960 ῶς
2686 4895 2977 4967 πολλαχῶς
3021 4897 3312 4968 θεωρεῖται
3359 4897 3474 4964 καὶ,
3497 4895 3716 4964 λέγεται
3749 4895 3784 4965 ἡ

2205 4987 2410 5058 φυσικὴ
2454 4987 2654 5052 ἓνωσις
2676 5005 2690 5020 ο
2721 4989 2758 5059 ἡ
2815 4989 2916 5059 μὲν
2949 4993 3057 5060 γὰρ
3089 4989 3313 5058 λέγεται
3341 4988 3550 5060 φυσικὴ
3588 4986 3785 5050 ῑνωστς

2204 5076 2382 5134 ἄλλων
2405 5076 2570 5132 τινῶν
2591 5079 2689 5132 καὶ
2711 5079 2772 5132 οὺ
2803 5077 3020 5150 φύσεων
3047 5075 3186 5135 οὖσα
3208 5097 3223 5111 ο
3253 5079 3396 5135 κατά
3411 5095 3532 5134 τινα
3567 5076 3669 5148 μέν
3697 5093 3787 5131 τοι

2207 5167 2394 5237 φύσιν,
2449 5166 2647 5234 ῑνωσις
2671 5184 2686 5201 ο
2725 5167 2847 5242 ἅμα
2875 5169 2933 5224 δὲ
2985 5169 3082 5228 καὶ
3111 5171 3330 5241 φύσεως
3359 5167 3608 5224 οὓσιώδιι
3638 5165 3789 5238 λόγῳ

2199 5257 2380 5330 ἀὐτῆς
2403 5256 2509 5329 τὴν
2534 5257 2734 5314 ῑνωσιν
2763 5257 2934 5314 τῶνδε
2961 5257 3248 5330 ὕφιστῶσα
3269 5271 3285 5288 ο
3317 5249 3434 5314 οἷον
3459 5258 3496 5328 ἡ
3523 5253 3644 5313 θεία
3677 5253 3787 5324 φύ-

2207 5365 2294 5415 σις
2321 5349 2430 5406 τῶν
2464 5349 2626 5408 θείων
2653 5351 3032 5420 ύποστάσεων,
3091 5351 3189 5405 καὶ
3217 5347 3254 5422 ἠ
3275 5349 3376 5421 τῆς
3415 5345 3595 5420 ψυχῆς
3621 5345 3786 5416 φύσις

2206 5441 2301 5495 ἐπὶ
2321 5441 2432 5497 τῶν
2459 5441 2712 5514 ψυχικῶν
2741 5441 3048 5514 δυνάμεων,
3101 5443 3196 5498 καὶ
3218 5441 3254 5514 ἠ
3290 5439 3389 5496 τοῦ
3415 5439 3589 5513 πυρὸς
3604 5437 3789 5510 quin:

2205 5532 2316 5588 τῶν
2377 5535 2658 5591 οὐσιωδῶν
2686 5533 2858 5591 αὐτοῦ
2915 5537 3243 5606 ποιοτήτων.
3261 5533 3457 5607 Ἑτέρα
3481 5533 3536 5588 6t
3562 5517 3788 5599 λέγεται

2209 5625 2418 5698 φυσικὴ
2439 5628 2659 5691 ῑνωσις.
2689 5627 2722 5698 ἢ
2749 5627 2890 5681 κατὰ
2923 5626 2987 5680 τὸ
3019 5626 3251 5695 φυσικὸν
3274 5620 3416 5688 εῑδας
3443 5623 3554 5678 τῶν
3593 5621 3784 5693 διαφό-

2209 5738 2318 5793 ρων
2345 5721 2700 5775 ὑποστάσεων
2721 5721 2980 5792 ὁμοίωσις
3005 5737 3016 5747 ·
3050 5713 3161 5772 οἷον
3193 5717 3424 5787 ἀγγέλου
3451 5715 3588 5789 πρὸς
3619 5715 3787 5785 ἀγγε-
