3888 6168
75 358 280 426 11.39
1120 349 1516 432 ADVERSUS
1552 369 1725 431 NES']

1829 372 2096 436 uanos.
2125 338 2208 411 --’
2231 375 2378 438 LIB.
2421 375 2469 434 Ι.
3261 345 3414 437 ne
3449 349 3462 401 ῖ

103 474 252 536 λον.
300 475 401 532 καὶ
451 473 625 532 [mu
655 475 796 548 προς
828 476 992 554 ἵππον
1024 493 1038 509 ’
1058 479 1238 550 ,ἑτέρα
1265 479 1322 534 δέ
1354 481 1468 534 ἐστι
1512 483 1717 551 φυσικὴ

1829 484 2058 552 speciem
2083 525 2098 550 ,
2126 501 2481 556 personarum
2509 485 2870 552 diversarum,
2907 495 2964 540 ut
2998 484 3174 555 angeli
3203 485 3272 540 ad
3297 469 3415 540 an:
3440 471 3471 488 ”’

99 567 376 631 ἕνωσις.
439 570 474 640 ἠ
518 569 788 640 διαφόρων
835 567 1050 638 φύσεων
1101 571 1182 634 εἰς
1249 571 1465 641 φύσεως
1527 573 1720 644 γέννη-

1829 576 2026 646 gelum,
2071 575 2199 646 equi
2243 575 2319 630 ad’
2353 591 2595 646 equum;
2650 575 2822 631 altera
2869 591 3090 646 quoque
3129 577 3399 636 naturalis
3457 573 3470 578 ’

94 677 219 714 σιν
284 661 614 734 καινοτέρας
673 661 1022 726 συνέλευσις·
1079 663 1268 737 ὥσπερ
1323 669 1356 737 η
1407 669 1508 739 τῆς
1539 668 1720 740 ψυχῆς

1829 667 1980 734 unio,
2013 668 2399 723 concurrentia
2433 667 2647 723 scilicet
2689 666 3032 722 diversarum
3071 675 3396 722 naturarum

104 753 228 806 καὶ
291 751 392 806 τοῦ
449 751 702 822 σώματος
764 752 966 820 φύσις,
1039 756 1118 818 εἰς
1156 755 1452 828 ἀνθρώπου
1525 757 1718 826 φύσιν,

109 841 234 896 καὶ
318 841 431 898 τῶν
488 841 531 898 δ’
583 844 864 914 στοιχείων
939 847 1020 910 εἰς
1107 849 1308 919 σαρκὸς
1373 849 1558 919 φύσιν,
1625 849 1722 904 καὶ

106 937 408 990 πλειόνιιιν
443 934 590 989 ποῶν
619 937 699 998 εἰς
727 935 1080 1006 ὲμπλάστρου
1113 937 1278 1007 φύσιν
1311 957 1324 973 ο
1355 941 1480 1012 ἥτις
1508 941 1602 995 καὶ
1634 939 1721 996 λέ-

106 1043 299 1094 γεται
331 1025 900 1098 δημιουργική.Ἀλλη
933 1027 991 1081 δὲ
1021 1027 1239 1097 λέγεται
1267 1032 1478 1103 φυσικὴ
1501 1031 1718 1098 ἓνωσις,

108 1119 152 1188 ἡ
194 1117 336 1170 καθ’
376 1117 678 1173 ὑπόστασιν
703 1117 834 1188 μίαν
871 1118 1134 1173 πλειόνων
1173 1120 1392 1190 φύσεων
1439 1123 1716 1194 συνδρομὴ

110 1212 228 1264 καὶ
285 1213 368 1274 εἰς
390 1210 557 1280 φύσιν
583 1213 732 1282 μίαν·
757 1206 866 1285 οἷον
883 1214 916 1282 ἡ
939 1213 1031 1266 τοῦ
1049 1214 1190 1268 κατὰ
1215 1215 1369 1285 τήνδε
1390 1215 1486 1286 τὴν
1508 1216 1720 1286 ἡμέραν

112 1300 324 1364 φωτὸς
376 1301 474 1354 καὶ
505 1301 667 1372 ἀέρος
709 1301 818 1355 τῶν
859 1302 1076 1372 φύσεων
1119 1305 1408 1376 συμπλοκή
1439 1323 1453 1336 ο
1491 1306 1587 1359 καὶ
1621 1307 1718 1361 τοῦ

115 1387 319 1458 πυρὺς
373 1389 468 1442 καὶ
520 1390 739 1460 σιδήρου
787 1391 979 1456 ἓνωσις
1031 1393 1236 1464 φυσικὴ
1291 1393 1558 1466 λεγομένη
1587 1437 1602 1462 ,
1643 1396 1721 1466 ᾡς

115 1480 284 1532 κατὰ
318 1479 418 1542 τὰς
453 1479 647 1548 φύσεις
681 1481 862 1536 αὑτῶν
894 1483 986 1536 καὶ
1015 1484 1075 1536 οὑ
1111 1485 1256 1538 κατά
1289 1502 1412 1540 τινα
1437 1463 1720 1557 συμϐεῆηο

117 1569 274 1622 κὸτα
312 1569 497 1634 αὐτοῖς
530 1570 666 1626 οὖσα
699 1572 894 1637 ἓνωσις
939 1574 1138 1630 αὐτῶν.
1173 1577 1296 1640 Ilii;
1326 1573 1420 1630 οὖν
1442 1579 1722 1649 παρατρές

118 1677 335 1732 χοντες
367 1662 443 1733 μὴ
499 1665 738 1718 συνιέναι
783 1664 907 1719 καθ’
936 1666 1003 1737 ἣν
1041 1667 1220 1737 φαμὲν
1251 1667 1448 1721 ἕνωσιν
1481 1669 1720 1742 φυσικὴν

114 1751 230 1805 τοῦ
261 1752 443 1819 Λόγου
474 1753 575 1824 τὴν
600 1756 883 1826 σάρκωσιν
911 1759 1092 1827 ἡμεῖς,
1121 1757 1246 1811 καθ’
1273 1759 1342 1828 ἥν
1371 1760 1549 1814 ἄτοπα
1585 1762 1717 1832 ὑμῖν

119 1844 529 1916 συρῤἀψουσιν
566 1846 644 1910 ὡς
677 1823 788 1902 -καὶ
818 1823 1312 1919 τοῖς-Σεσηρίταις,
1343 1851 1486 1906 κατὰ
1511 1823 1718 1924 ταύτην
1749 1823 1790 1879 Β

120 1934 451 2004 ἐνδέχονται
499 1936 620 1991 τόδε
671 1938 966 2010 λεγόμενον
1019 1941 1112 1994 καὶ
1153 1939 1245 2008 ὑφ’
1282 1941 1482 2012 iuxtim;
1519 1944 1635 1997 ἀλλ’
1661 1947 1719 1999 ὲν

120 2025 315 2078 τοῖσδε
374 2027 582 2083 οὑτωσὶ
631 2031 1061 2103 καταλελυμένοι
1097 2071 1113 2096 ,
1160 2031 1252 2086 καί
1301 2050 1354 2086 τι
1421 2033 1722 2107 δεινότερον

127 2116 444 2190 πρόϐλημα
506 2119 650 2175 κατὰ
717 2123 817 2194 τῆς
884 2122 1162 2196 ἡμετέρας
1220 2121 1461 2188 πίστεως
1515 2126 1718 2180 τοιόνδε

177 2223 332 2264 ασιν.

719 2305 968 2364 ΚΕΦΑΛ.
1027 2308 1152 2362 ΚΡ.

208 2393 340 2448 Ὅτι
371 2395 403 2466 ἡ
437 2395 560 2450 καθ’
591 2397 889 2451 ὑπόστασιν
931 2397 1201 2466 σύνθεσις,
1237 2401 1416 2454 εῐτουν
1459 2399 1554 2454 τοῦ
1583 2399 1718 2454 Θεοῦ

127 2483 281 2556 πρὸς
331 2483 638 2556 ἄνθρωπον,
671 2487 704 2558 ἢ
735 2489 875 2560 ὑπὲρ
907 2489 1070 2558 φύσιν
1098 2491 1218 2546 ἐστὶ
1244 2493 1343 2564 τῆς
1377 2491 1652 2564 θεότητος,
1685 2492 1720 2562 ἢ

129 2576 298 2647 παρὰ
349 2575 532 2645 φύσιν,
568 2577 600 2649 ἢ
629 2579 770 2632 κατὰ
798 2579 959 2648 φύσιν
990 2621 1004 2647 ,
1038 2583 1153 2651 εῐγε
1196 2583 1366 2648 ὅντως
1414 2582 1572 2636 ἐστιν·
1601 2581 1718 2636 ἀλλ’

129 2670 185 2722 εἰ
222 2669 327 2740 μὲν
365 2669 507 2740 ὑπὲρ
532 2671 695 2740 φύσιν
727 2671 868 2734 αῦτη
895 2675 1034 2738 ἐστὶ,
1077 2675 1326 2746 μείζονάς
1347 2693 1408 2728 τε
1433 2675 1720 2744 δυνάμεως

131 2760 403 2832 ἔργονεῑς
429 2761 600 2834 αὐτὴν
628 2765 847 2834 γέγονε,
867 2765 962 2819 καὶ
987 2767 1068 2830 εἰς
1095 2767 1157 2820 τὸ
1180 2768 1322 2839 ὑπὲρ
1350 2765 1521 2836 αὑτὴν
1549 2764 1720 2837 ηὐξή-

134 2853 234 2924 θη,
263 2853 360 2907 καὶ
383 2853 482 2908 οὐκ
510 2855 724 2926 ἀληθῶς
749 2855 1156 2928 παντοδύναμος
1189 2856 1352 2928 αῦτη,
1385 2858 1506 2912 οὐδὲ
1537 2858 1719 2912 πάντα

133 2939 305 3011 λόγον
332 2942 695 3014 ὑπερέχουσα.
731 2947 792 2999 Εἰ
817 2947 872 3000 δὲ
908 2946 1061 3018 παρὰ
1091 2947 1255 3017 φύσιν
1278 2947 1416 3019 αὕτη
1447 2948 1587 3013 ἐστὶ,
1609 2948 1722 3018 χει-

141 3049 257 3105 ρων
277 3049 336 3086 τε
364 3025 536 3102 αὐτῆς
557 3035 770 3102 γέγονε,
791 3037 887 3090 καὶ
909 3039 1120 3110 τρεπτὴ
1145 3038 1432 3103 δέδεικται,
1463 3040 1558 3092 καὶ
1583 3039 1720 3111 πρὸς

139 3124 341 3195 ὕφεσιν
369 3127 717 3198 κατηνέχθη·
747 3131 796 3180 ει
851 3128 907 3181 δὲ
965 3129 1108 3184 κατὰ
1159 3129 1324 3198 φύσιν
1367 3130 1504 3202 αὕτη
1549 3131 1718 3193 ἐστὶν,
1748 3157 1790 3214 C

141 3219 271 3270 οὔτε
299 3217 486 3288 χάριτι
513 3220 548 3290 ἡ
584 3221 858 3290 σάρκωσις
881 3219 976 3274 τοῦ
1006 3223 1202 3290 Λόγου,
1235 3221 1377 3276 οὕτε.
1414 3223 1574 3292 μόνου
1627 3223 1720 3276 τοῦ

145 3306 280 3362 Υἱοῦ
305 3349 321 3372 ,
343 3308 480 3364 ἀλλὰ
511 3310 604 3364 καὶ⁹
635 3311 732 3364 τοῦ
766 3312 980 3382 Πατρδς
1015 3312 1112 3366 καὶ
1143 3313 1238 3366 τοῦ
1270 3313 1586 3384 Πνεύματος
1628 3314 1746 3370 τοῦ·

148 3397 334 3466 ἁγίου.
372 3400 439 3452 Τί
487 3400 544 3454 δὲ
593 3400 702 3472 ἄρα
733 3403 822 3454 καὶ
861 3401 1004 3456 κατὰ
1035 3402 1196 3474 φύσιν
1237 3399 1396 3467 οὖσα,
1429 3404 1597 3459 πάλαι
1624 3405 1724 3476 μὲν

148 3487 250 3540 οὐκ
275 3485 513 3555 ἐγένετο,
543 3488 720 3544 νῦνεδὲ
753 3489 1022 3562 ἐπράχθη,
1055 3490 1130 3553 ὡς
1163 3491 1388 3556 ἀτελοῦς
1407 3491 1533 3546 τότε
1558 3491 1724 3564 οὑσης

149 3579 252 3650 τῆς
275 3580 511 3649 φύσεως,
543 3581 640 3636 καὶ⁵
670 3583 735 3636 ἐκ
765 3581 858 3636 τοῦ
893 3581 1124 3652 δυνάμει
1157 3584 1238 3648 εἰς
1263 3583 1324 3637 τὸ
1345 3585 1598 3656 ἐνεργείᾳ
1629 3584 1724 3640 νῦν

156 3672 554 3744 προαχθείσηςς
587 3673 650 3728 El
679 3672 736 3726 δὲ
792 3673 969 3726 πάντα
1018 3671 1198 3728 ἄτοπά
1254 3673 1402 3729 ἐστιν
1422 3674 1514 3728 ἐπὶ
1564 3674 1726 3740 Θεοῦ,

151 3763 277 3816 ἄνευ
310 3763 368 3818 δὲ
411 3763 619 3818 τούτων
670 3762 924 3818 ἑνοῦσθαι
959 3762 1154 3834 φύσεις
1192 3763 1293 3817 οὐκ
1325 3755 1496 3828 ἐστιν,
1533 3765 1566 3838 ἢ
1603 3767 1726 3820 ἀτό-

155 3872 270 3918 πως
295 3854 527 3924 ἥνωται,
555 3853 588 3926 ἢ
629 3855 728 3926 οὐχ
755 3854 980 3926 ἥνωται,
1021 3855 1180 3926 φησὶ,
1207 3855 1331 3910 καθ’
1364 3856 1662 3912 ὑπόστασιν
1691 3859 1726 3930 ἠ

161 3945 277 4000 θεία
325 3949 488 4017 φύσις
527 3948 691 4020 ἑτέρᾳ
717 3947 902 4016 φύσει.
937 3947 1122 4002 Ταῦτα
1146 3947 1213 4002 ἂν
1245 3947 1419 4014 οὑτως
1453 3945 1620 4021 εῖχεν,
1652 3952 1726 4018 εξ,

159 4038 340 4102 ἁπλῶς
395 4040 598 4104 παντὸς
654 4041 982 4111 πράγματος
1007 4041 1332 4112 γινομένου,
1365 4041 1526 4110 φύσις
1561 4039 1630 4116 ἦν
1663 4043 1727 4098 τὸ

156 4132 418 4204 προσεχὲς
450 4133 624 4187 αἴτιον
646 4149 661 4164 ο
690 4132 753 4186 τὸ
791 4131 900 4202 γὰρ
936 4131 1012 4202 μὴ
1050 4131 1310 4202 νήχεσθαι
1345 4131 1467 4187 καθ’
1505 4133 1722 4201 ὕδατος,

157 4225 191 4296 ἢ
221 4225 290 4298 μὴ
317 4224 596 4297 κνϐιστᾷν,
621 4224 654 4297 ἢ
683 4224 1024 4280 καλωϐατεῑν
1047 4223 1194 4278 τόνδε
1224 4224 1347 4279 τινὰ
1399 4225 1489 4280 τὸν
1515 4225 1728 4298 ἄνθρω-

161 4334 276 4383 πον,
305 4318 357 4371 τι
381 4317 448 4372 ἂν
485 4317 630 4372 εἴποι
650 4335 734 4382 τις
769 4317 852 4371 ὅτι
890 4317 1032 4389 ὑπὲρ
1063 4316 1225 4388 φύσιν
1259 4317 1410 4388 αὐτῷ
1432 4320 1553 4373 ἐστι
1585 4335 1600 4384 ;
1629 4321 1726 4374 καὶ

169 4409 270 4478 μὴν
317 4409 564 4480 όμοφυὴς
611 4408 762 4480 αὑτῷ
803 4409 931 4464 τάδε
978 4409 1210 4480 πράττει
1244 4425 1258 4440 ’
1289 4409 1404 4464 ἀλλ’
1435 4411 1520 4465 ὅτι
1573 4389 1727 4486 παρᾶ

1823 757 1890 810 ad
1921 755 2341 825 productionem
2371 755 2652 826 cujusdam
2680 769 2836 810 nova:
2857 763 3086 819 naturae,
3109 754 3254 810 sicut
3281 755 3398 810 ani-

1822 861 1928 926 mas
1951 855 2010 900 et
2035 847 2282 918 corporis
2310 855 2504 902 natura
2533 846 2602 902 ad
2623 846 2864 902 hominis
2895 854 3148 902 naturam
3185 845 3396 902 consti-
3457 843 3464 848 ’

1825 937 2106 1004 tuendam,
2133 947 2190 993 et
2211 945 2450 1008 quatuor
2479 936 2888 992 elementorum
2907 936 2992 992 ad-
3015 936 3202 992 carnis
3231 944 3398 990 natu-

1823 1045 1961 1095 ram,
1983 1039 2040 1086 et
2065 1031 2306 1101 plurium
2325 1029 2622 1085 herbarum
2652 1029 2722 1084 ad
2763 1029 3046 1099 emplastri
3085 1038 3342 1083 naturam
3373 1045 3388 1081 :

1821 1137 1942 1192 quae
1975 1121 2106 1176 unio
2147 1121 2352 1176 dicitur
2391 1119 2786 1185 constitutiva;
2831 1118 3000 1172 altera
3029 1133 3165 1172 vero
3193 1116 3408 1172 dicitur

1820 1212 2090 1268 naturalis
2127 1212 2428 1271 unio.cum
2447 1211 2658 1266 scilicet
2680 1210 2866 1280 plures
2901 1199 3112 1264 natura:
3139 1207 3193 1262 in
3231 1222 3396 1263 unam
3452 1192 3458 1202 ’

1820 1317 2100 1368 naturam,
2147 1303 2453 1358 secundum
2493 1315 2810 1372 personam,
2865 1299 3202 1360 coalescunt,
3253 1298 3402 1352 sicut

1823 1393 2137 1463 conjunctio
2169 1402 2383 1447 natura:
2431 1387 2574 1445 lucis
2618 1399 2676 1446 et
2713 1397 2926 1443 naturae
2957 1386 3101 1442 aeris
3143 1385 3210 1440 ad
3250 1384 3397 1440 diem

1821 1484 2269 1556 producendum;
2301 1483 2444 1554 ignis
2469 1483 2632 1537 etiam
2668 1489 2724 1536 et
2750 1479 2884 1535 ferri
2905 1477 3172 1533 naturalis
3194 1475 3399 1532 dicitur

1825 1573 1976 1639 unio,
2015 1573 2144 1644 quia
2174 1573 2254 1639 ﬁt,
2305 1587 2414 1627 non
2446 1586 2548 1642 per
2597 1569 2781 1641 aliqua
2825 1583 3017 1624 eorum
3067 1566 3395 1634 accidentia,

1821 1665 1918 1721 sed
1959 1679 2058 1736 per
2087 1667 2234 1736 ipsas
2260 1678 2455 1719 eorum
2484 1670 2712 1718 naturas
2748 1678 2763 1714 :
2812 1658 3090 1729 quomodo
3123 1672 3256 1729 ergo
3305 1673 3398 1712 re-

1822 1767 2058 1811 nuentes
2081 1754 2390 1826 intelligere
2426 1750 2730 1808 secundum
2758 1763 3054 1820 quamnam
3089 1747 3399 1803 naturalem
3443 1789 3456 1827 ἱ

1821 1845 2082 1900 unionem
2127 1843 2296 1899 Verbi
2331 1840 2770 1898 incarnationem
2819 1836 3168 1901 confitemur,
3205 1851 3415 1894 secum.

1821 1935 1952 1991 dum
1983 1935 2136 1990 illam
2160 1949 2326 2005 quam
2364 1933 2572 1988 insulse
2609 1929 2894 1986 vobiscum
2917 1939 2975 1985 et
3001 1943 3126 1984 cum
3151 1927 3401 1988 Severiag-

1819 2028 1910 2083 nis
1933 2033 2406 2091 commentantur,
2437 2020 2606 2081 verba
2640 2032 2829 2080 nostra
2860 2021 3182 2092 accipiunt?
3208 2021 3304 2078 sed
3339 2020 3424 2080 in.

1822 2119 1975 2176 hisce
1996 2120 2078 2175 sic
2105 2117 2344 2174 conuicti
2369 2118 2488 2174 haec
2515 2115 2849 2174 terribiliora
2880 2114 2936 2169 in
2959 2113 3122 2170 ﬁdem
3153 2121 3423 2175 nostram-

1819 2211 1998 2284 jacula
2028 2209 2384 2282 detorquent.

2419 2302 2571 2358 CAP.
2610 2300 2801 2356 XXIII.

1891 2394 2226 2465 Conjunctio
2251 2391 2556 2448 secundum
2588 2405 2901 2462 personam,
2927 2404 3026 2444 seu
3063 2387 3194 2443 unio
3223 2386 3318 2442 Dei
3344 2395 3422 2446 et;

1822 2485 2064 2541 hominis
2083 2525 2099 2550 ,
2124 2485 2211 2540 vel
2237 2493 2323 2540 est
2337 2499 2504 2554 supra
2523 2493 2770 2538 naturam
2797 2480 3222 2546 divinitatis,vel
3247 2488 3424 2538 extra.

1821 2584 2098 2640 naturam,
2151 2575 2236 2631 vel
2281 2573 2584 2630 secundum
2611 2582 2891 2638 naturam,
2944 2573 2990 2626 si
3041 2579 3224 2626 tamen
3269 2585 3402 2624 vere

1821 2667 2066 2736 exsistit;
2098 2667 2196 2723 sed
2235 2667 2282 2722 si
2332 2681 2500 2737 supra
2547 2673 2822 2730 naturam,
2874 2663 2931 2718 in
2975 2678 3040 2718 ea
3083 2660 3403 2731 supervenit

1819 2777 1960 2832 opus
1991 2761 2215 2833 majoris
2253 2759 2534 2832 potentiae,
2560 2768 2619 2814 et
2645 2771 2812 2828 super
2843 2771 2902 2812 se
2929 2764 3088 2811 aucta
3107 2763 3224 2818 est;
3257 2751 3404 2808 unde

1819 2870 1930 2915 non
1961 2861 2048 2910 est
2071 2851 2442 2924 omnipotens,
2468 2865 2574 2906 nec
2603 2863 2826 2904 omnem
2864 2847 3132 2902 rationem
3162 2843 3398 2901 excedit.

1821 2945 1880 3004 Si
1923 2955 2108 3002 autem
2139 2952 2296 3001 extra
2319 2951 2598 3008 naturam,
2627 2941 2808 3012 seipsa
2841 2939 3024 2993 minor
3055 2935 3196 2992 facta
3229 2944 3314 2992 est
3346 2945 3404 2992 et

1821 3039 2106 3094 mutabilis
2121 3044 2369 3108 apparet,
2400 3043 2456 3090 et
2477 3035 2535 3090 in
2557 3031 3004 3090 extenuationem
3026 3030 3251 3102 delapsa
3274 3037 3400 3095 est;
3431 3081 3439 3088 .

1821 3131 1867 3184 si
1887 3143 2020 3184 vero
2034 3129 2191 3199 juxta
2223 3135 2502 3190 naturam,
2527 3140 2708 3195 neque
2738 3140 2803 3179 ex
2831 3122 3008 3194 gratia
3038 3121 3204 3177 Verbi
3225 3121 3406 3176 incar-

1828 3219 2002 3283 natio,
2021 3233 2203 3288 neque
2225 3217 2398 3272 solius
2415 3215 2562 3280 Filii,
2580 3214 2676 3270 sed
2694 3222 2750 3268 et
2767 3213 2841 3268 Pa
2851 3214 3012 3268 triset
3025 3211 3402 3282 Spiritussan-

1830 3310 1936 3364 eti:
1959 3306 2056 3364 sed
2077 3317 2133 3364 et
2153 3323 2275 3374 cur,
2299 3305 2345 3362 si
2367 3306 2435 3362 sit
2457 3307 2612 3378 juxta
2634 3313 2910 3369 naturam,
2929 3318 3041 3358 non
3071 3311 3232 3358 antea
3261 3301 3403 3356 facta

1829 3413 1934 3469 est,
1957 3403 2052 3460 sed
2072 3419 2242 3478 nunc,
2259 3402 2416 3474 quasi
2440 3409 2637 3480 natura
2661 3401 2820 3472 prius
2843 3399 3162 3472 imperfecta
3184 3395 3400 3458 fuisset.

1829 3505 1887 3552 et
1922 3510 2071 3551 nunc
2115 3495 2184 3551 de
2213 3494 2464 3566 potentia
2497 3492 2569 3548 ad
2621 3502 2807 3550 actum
2861 3491 3148 3546 transierit
3177 3489 3200 3544 ?
3225 3488 3334 3546 Sed
3357 3487 3430 3544 si'

1831 3591 2015 3643 omnia
2038 3589 2154 3643 haec
2191 3587 2246 3642 in
2280 3587 2392 3642 Deo
2433 3593 2564 3641 sunt
2585 3583 2847 3662 absurda,
2881 3599 2986 3638 nec
3011 3581 3224 3654 possint
3243 3581 3425 3664 aliter;

1831 3680 2090 3754 conjungi
2111 3689 2347 3748 naturai,
2362 3679 2452 3735 vel
2475 3677 2714 3734 absurde
2733 3677 3104 3749 conjungitur,
3120 3674 3402 3746 inquiunt,

1831 3773 1918 3830 vel
1957 3772 2182 3828 omnino
2225 3787 2338 3828 non
2385 3755 2740 3842 conjungitur
2770 3777 2968 3824 natura
3011 3767 3198 3823 divina
3245 3766 3403 3822 alteri

1831 3871 2064 3918 naturae.
2105 3861 2214 3918 Sed
2262 3864 2338 3918 ita
2389 3869 2538 3918 esset
2587 3861 2658 3927 si,
2717 3861 2825 3916 hoc
2871 3858 3194 3929 simpliciter
3236 3848 3422 3920 facto,'

1831 3963 2028 4010 natura
2074 3963 2222 4010 esset
2273 3969 2440 4011 causa
2476 3951 2792 4010 immediata
2825 3970 2840 4006 :
2877 3965 3115 4021 namque
3161 3966 3271 4006 non
3305 3967 3406 4006 na-

1832 4056 1947 4102 tare
1976 4046 2032 4100 in
2067 4047 2244 4117 aquis,
2273 4061 2385 4103 non
2415 4046 2470 4102 in
2513 4052 2680 4117 caput
2713 4046 2936 4113 saltare,
2970 4055 3068 4102 aut
3098 4045 3154 4099 in
3185 4043 3404 4100 rudenti

1833 4139 2114 4195 ambulare
2151 4139 2363 4198 huncce
2405 4139 2710 4204 hominem,
2755 4139 3034 4211 quomodo
3093 4137 3220 4209 quis
3260 4137 3408 4192 dicat

1833 4231 1952 4287 haec
2003 4247 2168 4303 supra
2215 4239 2470 4311 naturam
2522 4234 2643 4304 ejus
2707 4233 2878 4288 esse?
2933 4230 3208 4302 siquidem
3265 4229 3412 4285 alius‘

1833 4323 2078 4394 ejusdem
2115 4331 2328 4378 natura;
2355 4323 2472 4380 hinc
2498 4322 2631 4378 facit
2655 4341 2668 4376 :
2701 4331 2796 4378 aut
2817 4332 2974 4379 extra
2997 4322 3291 4377 naturam?
3310 4321 3410 4392 sed

1835 4412 1980 4485 quod
2019 4429 2086 4469 ea
2121 4429 2234 4468 non
2278 4413 2429 4478 facit,
2472 4429 2584 4472 non
2625 4413 2811 4472 minus
2853 4428 2922 4469 eo
2961 4421 3047 4469 est
3080 4413 3282 4478 homo;
3311 4423 3410 4468 aut

168 4499 321 4568 φύσιν
346 4517 362 4566 ;
385 4501 478 4554 καὶ
507 4501 615 4572 μὴν
658 4500 811 4555 οὐδὲν
837 4497 1003 4574 ἦττον
1031 4501 1316 4572 ἄνθρωπός
1349 4505 1464 4560 ἐστι
1495 4506 1614 4560 ,καὶ
1647 4505 1722 4578 μὴ

1829 4503 2130 4576 secundum
2164 4503 2459 4560 naturam?
2491 4504 2588 4560 sed
2635 4505 2916 4576 quomodo
2956 4503 3052 4574 qui
3093 4519 3202 4558 non
3235 4513 3406 4567 natat,

169 4591 412 4662 πράττων
465 4590 590 4646 τάδε
614 4607 628 4622 ·
660 4591 776 4646 ἀλλ’
827 4591 908 4646 ὄτι
966 4595 1108 4648 κατὰ
1139 4596 1341 4672 φύσιν;
1376 4595 1472 4651 καὶ
1504 4595 1622 4661 πῶς
1654 4597 1732 4670 μὴ

170 4681 456 4753 νηχόμενος
487 4683 522 4756 ἦ
557 4682 850 4752 κυσιστῶν,
881 4686 916 4758 ἢ
948 4686 1283 4742 italedth
1315 4689 1372 4742 ὲν
1421 4689 1536 4753 τοῖς
1589 4687 1733 4744 κατὰ

173 4774 323 4844 φύσιν
347 4773 498 4829 οὐδὲν
529 4774 748 4830 ἔλαττον
775 4776 960 4846 Esset;
995 4780 1204 4834 Οὐκοῦν
1241 4779 1428 4851 σαφῶς
1459 4779 1601 4835 κατὰ
1633 4783 1733 4852 τὴν

172 4865 406 4922 εὐδοκίαν
454 4867 570 4920 ἐστὶ
603 4868 729 4922 τάδε
771 4869 871 4938 τῆς
929 4871 1181 4940 φύσεως,
1229 4875 1324 4928 καὶ
1351 4874 1414 4928 οὐ
1465 4872 1608 4928 κατὰ
1635 4873 1734 4944 τὴν

175 4959 324 5029 φύσιν
344 4959 438 5012 τοῦ
453 4959 798 5025 εὐδοκοῦντος
819 4961 934 5033 ἔχει
959 4963 1056 5036 τὴν
1083 4965 1260 5019 αἰτίαν
1285 4965 1536 5035 πρώτως.
1561 4966 1734 5035 Τινῶν

175 5052 274 5122 γὰρ
302 5051 578 5104 ἐναντίων·
613 5052 758 5123 ἀρχὴ
803 5053 898 5105 καὶ
931 5052 1171 5120 ἐξουσία,
1197 5057 1230 5127 ἡ
1259 5057 1456 5125 γνώμη
1489 5057 1608 5112 ἐστὶ
1637 5057 1734 5110 καὶ

171 5143 265 5212 οὐχ
293 5143 325 5210 ἡ
379 5139 562 5211 φύσις.
602 5141 746 5194 Ἀλλ’
780 5139 942 5212 αὕτη,
975 5145 1136 5214 φησὶ,
1187 5147 1220 5215 ή
1252 5145 1446 5210 ἕνωσις
1471 5147 1566 5202 τοῦ
1593 5146 1731 5218 Θεοῦ

176 5233 288 5288 καθ’
315 5233 459 5303 ἡμᾶς
508 5235 710 5305 φυσικῇ
762 5233 1009 5288 συνθέσει
1043 5236 1380 5309 ἀπετελέσθη
1404 5241 1422 5268 '°
1450 5237 1649 5310 γνώμῃ
1677 5239 1736 5292 δὲ

177 5327 276 5400 ἰδίᾳ
305 5325 464 5396 φύσις
493 5326 590 5396 οὐχ
633 5326 1022 5392 ὑποτέτακται.
1062 5329 1138 5381 Οὐ
1171 5329 1282 5400 γὰρ
1333 5331 1456 5383 ἐπεὶ
1511 5331 1730 5386 εὐδοκία

179 5423 286 5474 ἐστὶ
337 5418 555 5482 πολλοῖς
608 5417 960 5489 ἀδαμαντίνῳ
989 5419 1023 5485 ἦ
1068 5420 1244 5492 ἀερίῳ
1269 5419 1481 5490 σώματί
1511 5427 1732 5492 συγκεῖς-

181 5513 292 5568 σθαι
323 5513 502 5566 αὐτῶν
526 5512 625 5583 τὴν
656 5511 817 5580 φύσιν
840 5511 938 5582 τῆς
965 5511 1168 5586 ψυχῆς,
1185 5514 1287 5584 ἤδη
1311 5515 1402 5568 καὶ
1427 5515 1730 5585 σύγκειται·

181 5605 284 5659 ἀλλ’
312 5604 478 5668 ὅντως
527 5602 704 5666 οὕτως
737 5604 871 5682 ’ἔχει
939 5606 1082 5672 τάδε,
1107 5606 1194 5678 ἐφ’
1225 5599 1299 5662 ὦν
1327 5607 1506 5678 ἥττων
1527 5611 1676 5664 ἐστὶν
1699 5613 1734 5682 ἡ

181 5699 378 5755 εὐδοκία
435 5700 500 5770 τῇ
529 5696 760 5770 ama.“
816 5699 914 5770 τῆς
962 5699 1178 5768 φύσεως
1206 5699 1304 5776 ,τοῦ
1327 5693 1729 5770 sesamum;-

182 5791 286 5845 οὐδὲ
313 5793 412 5862 γὰρ
444 5793 490 5844 οξ
517 5791 670 5856 πεζοὶ
705 5791 980 5860 πτηνῶσαι
1006 5795 1230 5858 ἑαυτοὺς
1261 5793 1520 5866 ἰσχύοςιεν
1547 5797 1726 5866 φύσει,

1832 4611 1943 4652 non
1977 4596 2034 4651 in
2083 4605 2248 4666 caput
2287 4595 2486 4662 saltat,
2533 4603 2630 4652 aut
2679 4595 3050 4658 funeincedit,
3073 4610 3182 4650 non
3227 4593 3412 4650 minus

1831 4702 1955 4758 qute
1983 4694 2114 4742 sunt
2145 4685 2452 4743 secundum
2496 4694 2748 4742 naturam
2791 4686 2900 4742 alia
2941 4685 3208 4742 habebit?
3236 4685 3410 4741 Mani-

1833 4779 1970 4835 feste
2037 4777 2204 4850 igitur
2247 4778 2364 4835 haec
2423 4789 2554 4837 sunt
2627 4777 2934 4835 secundum
3002 4777 3408 4849 beneplacitum

1833 4879 2064 4935 naturae,
2083 4883 2193 4924 non
2223 4868 2278 4924 in
2305 4880 2501 4929 natura
2529 4869 2910 4935 benevolentis
2931 4884 3152 4926 causam
3179 4869 3411 4940 primam

1834 4962 2060 5028 habent.
2090 4962 2349 5034 [tegimen
2380 4963 2526 5018 enim
2549 4971 2874 5034 etpotestas
2887 4979 3072 5018 rerum
3103 4963 3411 5018 contraria-

1836 5070 1978 5121 rum,
2005 5055 2258 5111 volunt‘as
2280 5062 2384 5119 est,
2402 5070 2511 5109 non
2535 5063 2753 5110 natura.
2781 5054 2909 5119 Sed,
2925 5055 3020 5118 ait,
3047 5055 3138 5109 illa
3163 5055 3295 5110 unio
3313 5049 3410 5110 Dei

1836 5134 2123 5201 nobiscum
2146 5145 2382 5203 naturali
2400 5145 2787 5216 conjbnctione
2807 5146 2908 5200 fuit
2926 5145 3196 5218 perfecta:
3215 5149 3410 5201 natura

1837 5248 2020 5294 autem
2052 5239 2290 5312 propriae
2327 5239 2592 5296 voluntati
2629 5235 2737 5294 non
2773 5239 3042 5312 subjacct.
3087 5237 3416 5296 Veientibus

1837 5331 1982 5387 enim
2005 5330 2262 5402 plurimis
2279 5331 2518 5388 animam
2547 5347 2700 5388 suam
2737 5333 3010 5408 eonjungi.
3028 5347 3154 5388 cum
3181 5345 3413 5406 corpore

1838 5421 2190 5485 adamantijio
2203 5433 2297 5479 aut
2311 5425 2570 5489 mihereo,
2593 5441 2702 5482 non
2724 5435 2809 5481 est
2831 5425 2885 5481 in
2904 5437 3098 5482 eorum
3116 5431 3410 5496 potestate;

1841 5517 1912 5570 ila
1939 5525 2121 5570 autem
2154 5525 2268 5582 est,
2291 5517 2420 5587 quia
2445 5515 2698 5574 voluntas
2721 5517 2902 5572 minor
2935 5524 3020 5571 est
3052 5524 3262 5570 naturae
3293 5499 3414 5582 ι)θέ-

1837 5618 2030 5664 estate.
2060 5607 2180 5664 Non
2209 5609 2358 5664 enim
2387 5624 2512 5664 cum
2545 5609 2827 5680 pedestres
2857 5610 3051 5668 simus,
3071 5615 3268 5660 natura
3288 5611 3416 5671 po!‘~

1839 5719 2030 5758 sumus
2052 5719 2154 5758 nos
2183 5702 2284 5758 alis
2321 5701 2618 5781 instruere,
2655 5701 2906 5774 quamvis
2949 5697 3178 5752 volitare
3227 5692 3415 5762 cupiar-

1842 5811 1982 5850 mus.
2017 5795 2122 5850 Sed
2170 5795 2221 5848 in
2255 5795 2366 5848 Πρω
2407 5795 2662 5848 voluntas
2699 5801 2763 5845 ιιι·
2788 5783 3256 5854 ιιςιιιιττιιῆῆεόρπι
3285 5781 3412 5836 sntit
