3932 6152
348 207 504 290 1435.

341 278 502 368 enim
551 308 669 366 sola
731 306 1286 364 consubstantialium
1347 278 1691 374 propri—etate
1753 279 1982 354 ἑπτα-Α

347 411 582 457 rant.....
618 399 852 472 simplex
889 398 1288 454 videretur.....
1324 411 1392 450 eo
1437 394 1585 465 quod
1633 391 1914 464 ingenitus

345 496 532 550 sit.....
564 491 660 548 scd
692 501 838 547 eteo
861 489 1007 561 quod
1041 490 1114 544 sit
1139 487 1356 559 genitor
1389 487 1551 541 Verbi
1591 496 1648 540 et
1675 485 1915 554 spirator

344 585 584 656 Spiritus
605 583 802 645 sancti,
827 582 942 650 ipse
971 597 1079 636 non
1113 578 1453 650 procedens;
1493 577 1702 648 pariter
1730 585 1912 630 autem

343 673 687 743 et,Spiritus
739 673 926 742 plures
973 678 1102 725 sunt
1146 669 1534 739 proprietates.
1579 667 1698 722 Non
1746 665 1918 736 igitur

345 766 724 835 multiplicitas
770 763 1140 834 personalium
1190 761 1592 832 proprietatum
1641 757 1918 828 composi-

347 867 456 910 tam
486 855 651 910 edicit
693 853 1000 924 simplicem
1035 853 1466 923 proprietatem;
1499 850 1595 906 sed
1631 850 1760 904 licet
1789 849 1940 919 quis.

343 963 410 1000 ετ
444 947 697 1016 pluribus
721 945 972 1014 personis
1013 959 1175 998 unam
1215 957 1502 1012 personam
1535 941 1792 1010 componi
1823 955 1914 994 ar-

349 1039 766 1109 bitretur,quod
793 1053 894 1092 nos
913 1021 1060 1092 absit
1087 1037 1296 1099 dicere,
1323 1036 1418 1104 qui
1449 1034 1674 1088 minime
1697 1019 1916 1087 censui-

345 1147 470 1185 tuus
506 1145 726 1186 carnem
774 1129 927 1200 prius
971 1128 1141 1183 fuisse
1209 1127 1500 1182 formatam
1541 1131 1598 1178 et
1645 1131 1832 1192 postea
1886 1139 1916 1177 a

351 1221 528 1274 Verbo
557 1228 914 1288 assumptam,
947 1218 1091 1272 sicut
1115 1217 1272 1270 vobis
1304 1216 1500 1284 placet,
1537 1215 1632 1271 sed
1665 1231 1729 1271 ex
1767 1215 1920 1284 prin-

349 1312 494 1381 cipio
526 1326 638 1366 suae
663 1309 998 1366 exsistcntizr.
1025 1309 1079 1362 in
1115 1323 1408 1377 personam
1439 1306 1603 1360 Verbi
1638 1305 1806 1360 fuisse
1834 1307 1916 1360 in-

350 1403 593 1466 ductam,
621 1401 763 1458 unde
786 1399 1058 1462 Christus,
1090 1413 1254 1468 quem
1274 1413 1370 1452 vos
1397 1397 1579 1466 potius
1607 1413 1675 1452 ex
1703 1396 1920 1453 duabus

347 1490 602 1560 personis
634 1489 687 1543 in
725 1488 1002 1558 duplicem
1029 1502 1316 1558 personam
1347 1472 1626 1557 eﬂingitis,
1662 1487 1770 1552 vel,
1809 1504 1917 1542 non

347 1592 764 1655 componentes,
825 1582 1096 1638 simulatis
1151 1582 1451 1641 unionem;
1504 1582 1650 1638 unde
1708 1583 1912 1640 Christi

348 1685 543 1732 natura
569 1691 679 1731 non
707 1675 938 1746 amplius
955 1676 1120 1730 habet
1139 1675 1206 1730 ad
1229 1675 1398 1731 Deum
1417 1685 1726 1748 respectum
1749 1692 1911 1746 quam

346 1778 670 1825 cancrorum
698 1767 981 1823 hominum
1009 1777 1205 1824 natura
1229 1785 1242 1834 ;
1277 1783 1455 1838 neque
1475 1783 1574 1823 cur
1603 1767 1694 1822 ille
1717 1765 1918 1822 media-

350 1869 434 1914 tor
458 1875 598 1914 unus
625 1858 840 1942 dicatur
862 1858 960 1913 Dei
986 1867 1043 1914 et
1071 1859 1357 1915 hominum
1384 1857 1569 1914 dicere
1595 1855 1844 1926 potestis.

941 1969 1100 2038 CAP.
1129 1970 1298 2026 XXX.

417 2082 473 2138 Si
507 2083 613 2138 alia
655 2089 802 2138 esset
840 2082 1008 2138 Verbi
1059 2097 1296 2152 persona
1333 2081 1455 2138 sine
1499 2097 1663 2138 carne
1709 2093 1768 2139 et
1807 2082 1914 2138 alia

345 2191 470 2229 cum
495 2190 661 2230 carne
695 2173 936 2244 propria,
961 2174 1276 2230 necessario
1305 2189 1524 2244 quoque
1547 2174 1698 2229 aliud
1722 2174 1916 2229 fuisset

345 2266 588 2320 Verbum
633 2266 956 2336 aliquando,
999 2265 1150 2320 aliud
1191 2274 1374 2320 autem
1406 2274 1594 2336 postea
1622 2283 1636 2319 :
1663 2266 1917 2335 sequitur

255 2333 299 2438 ἢ
343 2357 490 2412 enim
540 2357 853 2413 necessario
901 2371 1148 2426 persona:
1186 2355 1568 2413 mutationem.
1626 2333 1774 2410 illius
1821 2355 1916 2424 qui

347 2463 634 2518 personam
649 2447 812 2502 habet
833 2447 1090 2501 mutatio.
1121 2445 1283 2499 Aliud
1303 2445 1630 2516 intelligitur
1647 2455 1704 2500 et
1721 2445 1789 2500 de
1802 2461 1918 2500 mu-

347 2540 550 2594 tationc
578 2545 790 2592 naturae
830 2547 888 2592 et
931 2537 998 2592 de
1044 2536 1406 2606 acquisitione
1427 2545 1484 2592 et
1506 2535 1575 2590 de
1603 2536 1917 2590 accessione

344 2629 708 2700 quorumdam
761 2626 1226 2706 substantialium.
1260 2626 1351 2682 Sic
1369 2627 1488 2681 lana
1523 2636 1610 2682 est
1648 2625 1838 2681 eadem
1862 2633 1920 2679 et

345 2737 455 2776 non
469 2721 594 2785 alia,
606 2723 720 2776 sive
741 2718 962 2784 sitalba,
978 2725 1132 2775 utest
1144 2717 1606 2780 naturaliter,sive
1618 2724 1919 2786 purpurata

346 2814 512 2868 fuerit
550 2815 814 2886 sanguine
860 2816 1200 2871 conchae"...
1235 2813 1468 2866 visa.....
1517 2817 1580 2864 ut
1617 2808 1916 2864 secundum

347 2909 709 2964 substantiam
759 2915 818 2962 et
867 2923 1277 2978 personam.....
1308 2905 1515 2958 habere
1572 2901 1640 2956 ad
1693 2901 1918 2970 sangui-

1603 193 1911 258 LEON-TII
1951 191 2352 252 BYZAN’I‘INI

3452 179 3602 245 1496

2012 286 2234 350 στῶσαν
2255 294 2362 348 τῶν
2401 280 2771 362 όμοουσίων...
2813 289 2962 361 ἁπλῆ
3007 288 3275 367 φανείη...
3325 287 3404 360 τῷ
3447 279 3634 345 εἶῧαί

2013 387 2327 457 ἀγεννήτως
2351 385 2496 454 ἀφ...
2523 383 2659 436 ἀλλὰ
2689 383 2781 435 καὶ
2814 381 2894 452 τῷ
2929 381 3248 450 γεννητικὸς
3287 381 3381 434 τοῦ
3410 383 3599 450 Λόγου

2013 475 2174 542 εἶναι,
2222 477 2318 530 καὶ⁵
2355 473 2741 546 ἐκπορευτικδς
2789 473 2884 526 τοῦ
2938 473 3256 543 ΙΙνεύματος
3280 513 3296 536 ,
3339 475 3434 527 καὶ
3495 478 3599 528 ἀν-

2013 571 2367 637 εκπόρευτος·
2397 567 2597 637 ὁμοίως
2629 565 2686 620 δὲ
2715 567 2810 619 καὶ
2851 565 3169 635 Πνεύματος
3190 605 3206 629 ,
3260 565 3433 619 πλείω
3473 567 3596 620 ἐστὶ

2013 661 2082 714 τὰ
2113 661 2242 715 ἴδια.
2268 660 2382 714 Οὑκ
2403 659 2512 728 ἄρα
2525 657 2616 710 οὖν
2644 660 2672 710 6
2701 656 3038 726 πλεονασμὸς
3067 656 3175 710 τῶν
3207 657 3598 710 ὑποστατικῶν

2019 751 2346 822 ίδιωμάτων,
2403 748 2658 802 σύνθετον
2705 749 2982 816 ποιεῖτὴν
3031 748 3214 822 ἁπλῆν
3261 749 3590 800 ὑπόστασιν·

2017 845 2133 898 ἀλλ’
2167 843 2324 914 εἴπερ
2349 844 2414 894 ἐκ
2441 841 2701 894 πλειόνων
2739 841 3090 894 ὑποστάσεων
3115 841 3255 909 ,μίαν
3285 840 3596 893 ὑπόστασιν

2017 953 2100 998 τις
2127 933 2442 1002 συγκεῖσθαι
2482 932 2770 1012 ὑπόθηται,
2813 932 2952 1000 ὅπερ
2995 933 3126 1001 ἡμῖν
3169 919 3471 986 ἀπυκτέον
3502 931 3595 984 λὲο

2019 1043 2156 1096 γειν·
2190 1025 2323 1097 μηδὲ
2371 1023 2760 1093 διαπλασοῆναι
2791 1027 2890 1093 τὴν
2943 1023 3143 1092 σάρκα,
3195 1019 3312 1075 εἶτα
3352 1023 3598 1091 προσληο

2020 1116 2214 1185 φθῆναι
2257 1114 2335 1183 τῷ
2377 1114 2534 1181 Λόγῳ
2579 1111 2864 1181 ὲννοήσασί
2905 1129 3056 1172 ποτε,
3093 1111 3282 1182 ὥσπερ
3317 1111 3472 1178 ὑμεῖς
3503 1112 3596 1162 εο-

2021 1206 2232 1270 ξὰζετε,
2265 1203 2380 1257 ἀλλ’
2404 1201 2467 1268 ἐξ
2507 1203 2678 1272 ἀρχῆς
2712 1201 2999 1272 ὑπάρξεως
3036 1203 3204 1270 αὐτῆς
3235 1195 3328 1255 ὲπῖ
3364 1201 3463 1270 τῆς
3489 1199 3590 1254 τοῦ

2019 1297 2192 1366 Λόγου
2241 1293 2790 1367 προσωποποιηῦἧναι
2834 1293 3186 1354 ὑποστάσεως
3215 1295 3292 1356 εἰς
3323 1291 3588 1362 Χριστόν·

2021 1390 2078 1442 ὃν
2111 1391 2266 1460 ὑμεῖς
2317 1387 2518 1458 μᾶλλον
2555 1387 2617 1441 ὲκ
2660 1386 2752 1438 δύο
2783 1384 3136 1438 ὑποστὰςςων
3164 1383 3363 1435 τιοεῖτε
3398 1383 3478 1444 εἰς
3503 1381 3590 1432 δι-

2024 1482 2162 1552 πλῆν
2190 1480 2508 1533 ὑπόστασιν·
2544 1477 2602 1548 ἢ,
2626 1477 2700 1546 μὴ
2735 1476 3038 1538 συνθέντες,
3064 1471 3450 1546 προσποιεῖσθε
3486 1472 3590 1541 τὴν

2021 1573 2234 1627 ⁴ἕνωσιν·
2269 1571 2423 1626 οὐδὲν
2471 1569 2702 1641 ἐχούσης
2755 1569 2940 1622 πλεῖον
2987 1567 3096 1621 τῶν
3128 1566 3329 1619 λοιπῶν
3376 1565 3588 1634 ἀνδρῶν

2017 1665 2115 1736 τὴν
2143 1664 2279 1736 πρὸς
2315 1662 2445 1716 Θεὸν
2471 1660 2656 1732 σχέσιν
2681 1663 2780 1731 τῆς
2814 1659 2908 1712 τοῦ
2953 1657 3190 1728 Χριστοῦ
3215 1655 3454 1724 φύσεως·
3490 1655 3588 1708 καὶ

2018 1755 2179 1810 πόθεν
2213 1748 2368 1816 οὗτος
2409 1752 2568 1823 μόνος
2613 1745 2692 1814 εἷς
2724 1750 2950 1821 μεσίτης
2982 1749 3116 1804 Θεοῦ
3157 1749 3250 1803 καὶ
3281 1746 3587 1818 ἀνθρώπων

2016 1849 2250 1921 εἴρηται,
2281 1845 2461 1916 λέγειν
2486 1845 2584 1915 οὑχ
2607 1843 2780 1908 ἕξετε.

2610 1957 2837 2011 ΚΕΦΑΛ
2850 1994 2864 2010 .
2907 1957 2984 2010 ιν.

2085 2079 2147 2132 Εἰ
2175 2075 2306 2147 ἄλλη
2344 2069 2412 2145 ἦν
2445 2071 2800 2144 ἠὺπόστασις
2826 2069 2920 2123 τοῦ
2948 2069 3122 2138 Λόγου
3157 2069 3324 2139 χωρὶς
3359 2065 3581 2135 σαρκὸς,

2017 2170 2112 2224 καὶ
2167 2168 2302 2238 ἄλλη
2345 2169 2442 2221 τοῦ
2492 2165 2666 2233 Λόγου
2705 2165 2739 2232 ἡ
2773 2163 3072 2225 ὑπόστασις
3127 2162 3264 2232 μετὰ
3309 2159 3410 2230 τῆς
3447 2157 3583 2222 ἰδίας

2019 2262 2241 2336 σαρκὸς,
2274 2260 2367 2314 καὶ
2395 2261 2423 2312 6
2453 2259 2624 2324 Λόγος
2654 2256 2713 2320 ἐξ
2746 2255 2988 2325 ἀνάγκης
3017 2255 3177 2316 ἄλλος
3203 2251 3272 2325 ἦν
3308 2270 3458 2315 ποτε,
3487 2249 3584 2304 καὶ

2017 2355 2172 2418 ἄλλος
2215 2351 2351 2422 μετὰ
2403 2349 2575 2404 ταῦτα
2607 2361 2622 2377 ⁶
2648 2347 2932 2404 ἀκολουθεί
2965 2348 3076 2418 γὰρ
3102 2349 3166 2418 τῇ
3196 2345 3460 2414 ἐναλλαγῇ
3486 2343 3582 2411 τῆς

2019 2443 2392 2507 ὑποστάσεως,
2417 2444 2449 2513 ή
2481 2440 2750 2512 ἐναλλαγὴ
2772 2439 2867 2492 τοῦ
2898 2439 3112 2508 ἔχοντος
3139 2437 3238 2507 τὴν
3263 2436 3582 2490 ὑπόστασιν.

2019 2539 2090 2592 Τὸ
2110 2538 2264 2590 ἄλλο
2291 2535 2384 2588 καὶ
2406 2533 2526 2586 κατ’
2551 2532 2853 2600 ἐναλλαγὴν
2876 2530 3090 2600 φύσεως
3107 2531 3331 2592 νοεῖται,
3349 2528 3443 2581 καὶ
3464 2526 3584 2581 κατ’

2019 2629 2305 2698 ἐπίκτησιν
2343 2627 2436 2678 καὶ
2488 2624 2629 2678 κατὰ
2662 2622 2978 2694 παραϐολήν
3025 2639 3144 2676 τινα
3176 2621 3283 2674 τῶν
3322 2623 3586 2674 ὲπουσιω-

2017 2721 2142 2775 δῶν.
2161 2721 2227 2772 Ἡ
2263 2718 2362 2788 μὲν
2393 2712 2485 2770 οὖν
2515 2715 2652 2784 αὑτὴ
2683 2715 2854 2778 πόκος
2875 2715 2992 2767 ἐστὶ
3017 2715 3113 2766 καί⁵
3144 2713 3244 2766 οὑκ
3262 2711 3418 2782 ἄλλη·
3459 2711 3494 2780 ἦ
3527 2725 3588 2762 τι

2018 2813 2185 2882 λευκὴ
2209 2810 2450 2879 φυσικῶς
2493 2811 2554 2862 τὸ
2587 2808 2806 2879 χρῶμα,
2841 2807 2932 2860 καὶ
2959 2808 2990 2874 ή
3027 2805 3097 2858 δι’
3122 2805 3351 2873 αἵματος
3390 2803 3588 2872 κόχλου

2023 2904 2275 2976 πορφύρα
2301 2902 2626 2972 γινομένη...
2646 2897 2956 2972 ὁρωμένη...
2983 2898 3063 2958 ὡς
3095 2893 3234 2946 κατὰ
3263 2895 3364 2962 τὴν
3389 2895 3586 2947 οὐσίαν

346 3017 592 3057 nem.....
648 3001 792 3056 sicut
842 3014 1118 3056 omne.....
1169 3013 1453 3069 genus.....
1504 2995 1609 3050 alia
1665 3010 1908 3065 ergo.....

2023 2999 2114 3054 καὶ
2169 2997 2465 3052 ὑπόστασιν
2511 2997 2701 3062 ὀμοι...
2744 2989 2883 3060 ἔχειν
2930 2987 3072 3056 πρὸς
3118 2979 3260 3053 αἷμα
3315 2984 3579 3038 λοιπὸν...

346 3107 584 3167 persona
626 3091 1026 3164 intelligeretur
1066 3091 1348 3146 incarnata
1375 3103 1404 3142 a
1429 3103 1538 3142 non
1581 3087 1860 3142 incarnata
1897 3102 1911 3139 :

347 3200 457 3241 non
485 3185 632 3239 enim
662 3183 829 3240 Verbi
872 3183 1102 3238 mutatio
1141 3182 1262 3252 ejus
1293 3179 1600 3236 incarnatio
1627 3217 1640 3243 ,
1673 3177 1769 3232 sed
1799 3187 1918 3232 tan-

351 3289 466 3331 tum
507 3276 554 3330 si
594 3275 834 3331 Verbum
865 3289 986 3330 esse
1011 3280 1282 3338 cessaret;
1311 3270 1458 3341 quod
1482 3279 1664 3325 autem
1690 3268 1919 3324 desierit

349 3383 570 3424 carnem
601 3384 711 3422 non
747 3367 1042 3422 habere....
1081 3379 1230 3419 nunc
1261 3361 1660 3418 incarnatio....
1687 3359 1916 3414 Filio....

347 3459 598 3514 divinum
621 3467 765 3514 esset
789 3458 1336 3513 attribututn....non
1364 3462 1548 3509 autem
1579 3467 1688 3506 non
1717 3451 1919 3506 habere

347 3566 688 3608 carnem.....
718 3549 884 3606 Verbi
917 3562 1184 3618 personae.
1221 3546 1317 3602 Sic
1353 3545 1501 3600 enim
1543 3551 1599 3598 et
1645 3543 1825 3605 Pater,
1864 3547 1922 3596 et

352 3643 593 3713 Spiritus
635 3651 878 3703 sanctus,
919 3648 975 3695 et
1002 3637 1176 3710 angeli
1205 3644 1262 3692 et
1303 3635 1498 3692 anima:
1526 3634 1682 3688 verba
1712 3640 1916 3697 essent,

348 3751 460 3791 non
493 3749 654 3790 secus
705 3748 769 3788 ac
825 3729 1374 3800 Filius;negativum
1425 3736 1608 3782 autem
1657 3723 1918 3794 primario

338 3827 838 3902 ‘prredicamentum
867 3820 1188 3878 substantiae
1229 3820 1424 3890 ipsius,
1463 3815 1792 3874 secundario
1819 3831 1921 3869 au-

351 3930 462 3974 tem
503 3929 754 3988 personat
783 3914 976 3984 ipsius,
1019 3920 1244 3982 propter
1275 3909 1634 3966 substantiam
1659 3907 1771 3978 jam
1805 3905 1921 3974 pri~

349 4013 474 4069 dem
512 4012 586 4066 ita
615 4008 1001 4081 pra-dicatam;
1041 4020 1188 4060 nunc
1212 4018 1346 4058 vero
1391 4002 1461 4058 de
1496 3999 1803 4057 substantia
1840 3999 1921 4054 sic

349 4100 702 4171 pmdicatur,
738 4083 1062 4152 non‘autem
1087 4091 1414 4163 simpliciter
1435 4097 1493 4145 et
1513 4089 1674 4146 unice
1706 4088 1775 4144 de
1797 4104 1922 4159 per-

349 4207 507 4252 sona.
534 4189 664 4262 quia
713 4189 831 4244 haec
874 4187 929 4242 in
978 4201 1038 4242 se
1085 4185 1299 4254 recepit
1347 4183 1510 4238 aliam
1555 4180 1920 4236 substantiam

349 4297 472 4354 quae
499 4281 736 4338 carnalis
784 4277 1231 4350 prredicatur;et
1285 4275 1403 4344 ipsa
1441 4273 1591 4326 valet
1643 4279 1704 4328 ut
1750 4270 1918 4328 Verbi
1951 4315 1996 4371 υ

350 4384 582 4439 natura;
614 4369 943 4428 secundario
985 4369 1041 4422 in
1083 4381 1316 4445 persona
1354 4365 1474 4436 eius
1519 4363 1800 4434 proprium
1830 4371 1916 4418 at-

353 4465 624 4520 tributum
671 4461 972 4526 causabat;
1006 4459 1089 4515 sic
1128 4466 1186 4513 et
1223 4463 1420 4512 natura
1463 4454 1696 4525 hujusce
1737 4454 1921 4510 carnis

355 4555 682 4612 sccundario
699 4555 756 4610 in
767 4549 1076 4622 eaminligit
1097 4548 1378 4620 proprium
1401 4547 1748 4611 attributum,
1766 4547 1821 4602 id
1835 4555 1921 4603 est

354 4646 806 4710 incarnationem,
831 4643 986 4716 quasi
999 4655 1232 4712 persona
1249 4639 1387 4694 facta
1408 4637 1578 4694 fuerit
1597 4639 1648 4694 ei
1676 4639 1917 4709 propria;

349 4739 446 4795 sed
477 4753 587 4794 non
622 4737 727 4792 fuit
769 4737 912 4792 alius
939 4741 1102 4790 antea
1132 4743 1190 4786 et
1209 4731 1353 4788 alius
1376 4737 1598 4800 postea,
1624 4730 1720 4786 sed
1749 4730 1916 4795 idem,

350 4840 407 4886 at
427 4831 589 4886 aliter
621 4837 678 4885 et
693 4829 856 4884 aliter
871 4841 1140 4899 apparens
1173 4825 1432 4895 Verbum,
1463 4824 1735 4896 siquidem
1769 4827 1922 4898 prius

349 4937 583 4993 persona
597 4921 942 4978 solummodo
955 4921 1246 4977 invisibilis
1274 4930 1412 4986 erat,
1429 4936 1578 4977 nunc
1593 4920 1922 4976 autemvisi-

256 5072 260 5076 ,
361 5015 485 5069 bilis
503 5023 588 5069 est
601 5015 764 5068 etiam
783 5012 1231 5084 prapterrisibile
1245 5013 1382 5068 illud
1397 5011 1610 5082 quodin
1623 5028 1682 5068 se
1697 5015 1918 5084 recepit.

2018 3091 2207 3160 ὥσπερ
2245 3089 2307 3141 τὸ
2351 3089 2458 3140 πᾶν
2495 3084 2641 3154 τῷ...
2689 3099 2822 3136 πο...
2848 3075 3052 3142 εἶδος...
3084 3076 3216 3144 ἄλλη
3241 3070 3403 3128 οὖν...
3436 3075 3578 3128 ὑπό-

2022 3199 2208 3245 στασις
2240 3182 2409 3234 νοοῖτο
2443 3177 2509 3232 ἂν
2540 3179 2573 3247 ή
2618 3174 3008 3244 σεσαρκωμένη
3027 3169 3158 3238 προς
3183 3167 3279 3237 τὴν
3308 3167 3570 3236 ἄσαρκόν·

2019 3275 2080 3328 οὑ
2106 3275 2212 3345 γὰρ
2243 3270 2418 3342 τροπὴ
2451 3269 2624 3336 Λόγου
2652 3269 2685 3336 ἡ
2717 3263 3002 3332 ¹σάρκωσίς
3026 3259 3210 3322 αὑτοῦ,
3244 3257 3352 3310 ἀλλ’
3382 3259 3414 3325 ὴ
3448 3257 3572 3309 ἀλοο

2019 3365 2134 3434 γία·
2166 3367 2262 3434 τῆς
2286 3361 2343 3415 δὲ
2375 3359 2645 3428 ἀσαρκίας
2671 3354 2838 3412 αὑτοῦ
2859 3351 3138 3424 τροπὴν...
3167 3349 3582 3420 σεσαρκωμὲνου

2019 3455 2179 3510 νῦν...
2214 3452 2308 3506 τοῦ
2348 3447 2549 3503 Υίοῦ...
2584 3446 2703 3516 θείη
2750 3445 2816 3497 ἂν
2845 3445 2880 3513 ἠ
2913 3439 3287 3511 κατηγορία...
3321 3438 3440 3506 οὑχὶ
3469 3435 3526 3488 δὲ
3553 3437 3587 3506 ἡ

2020 3543 2261 3615 ὰσαρκία
2299 3540 2464 3595 τοῦ...
2503 3539 2602 3606 τῆς
2647 3535 2742 3590 τοῦ
2791 3535 2968 3601 Λόγου
3023 3530 3398 3592 ὑποστάσεως.
3431 3527 3589 3580 Οὑτω

2019 3637 2128 3708 γὰρ
2158 3637 2224 3688 ἂν
2269 3633 2364 3687 καὶ
2408 3633 2438 3684 6
2471 3629 2658 3698 Πατὴρ
2699 3627 2794 3680 καὶ
2837 3625 2898 3678 τὸ
2944 3623 3171 3696 Πνεῦμα
3195 3625 3257 3676 τὸ
3297 3623 3471 3688 ἅγιον,
3499 3618 3595 3672 καὶ

2019 3726 2241 3796 ἄγγελοι
2271 3725 2364 3778 καὶ
2381 3721 2570 3792 ψυχαὶ,
2595 3719 2768 3787 λόγοι
2792 3715 2858 3770 ἂν
2876 3711 3010 3776 εἷεν.
3039 3713 3182 3768 κατὰ
3203 3714 3294 3765 τὸν
3321 3710 3463 3764 Υίόν·
3481 3708 3594 3762 ἐστι

2020 3821 2080 3875 δὲ
2129 3815 2462 3886 ἀποφατικὸν
2488 3815 2584 3884 rip,
2638 3811 2827 3872 οὐσίας
2855 3807 3022 3862 αὑτοῦ
3048 3807 3414 3875 κατηγόρημα
3447 3797 3592 3870 πρώο

2019 3930 2149 3977 τως,
2179 3910 2451 3980 δευτέρως
2479 3906 2534 3959 δὲ
2563 3903 2656 3958 καὶ
2680 3903 2780 3972 τῆς
2813 3900 3168 3962 ὑποστάσεως
3198 3894 3362 3950 αὑτοῦ
3391 3891 3480 3946 διὰ
3497 3892 3594 3960 τὴν

2021 4004 2209 4060 οὐσίαν
2261 4000 2434 4054 πάλαι
2480 3995 2652 4057 οὑτως
2705 3990 3226 4062 κατηγορουμένην·
3264 3985 3361 4040 καὶ
3404 3983 3499 4036 νῦν
3536 3980 3592 4034 δὲ

2020 4095 2122 4164 τῆς
2177 4092 2275 4162 μὲν
2311 4088 2498 4152 οὐσίας
2534 4083 2702 4140 αὑτοῦ
2746 4081 3011 4145 ὡσαύτως
3045 4079 3457 4150 κατηγορεῖται·
3495 4074 3593 4142 τῆς

2020 4187 2076 4240 δὲ
2109 4183 2456 4242 ὑποστάσεως
2487 4179 2586 4247 οὑχ
2618 4175 2803 4238 ἁπλῶς
2837 4175 3015 4228 είτουν
3052 4173 3230 4239 μόνως
3280 4181 3592 4235 κατηγορη-

2025 4274 2268 4344 θήσεται·
2307 4268 2442 4322 διότι
2475 4265 2771 4332 ὑπεδέξατο
2801 4262 2940 4334 αῦτη
2970 4264 3028 4314 ὲν
3052 4261 3222 4330 ἑαυτῇ
3266 4258 3360 4311 καὶ
3399 4255 3592 4344 ἑτέραν

2023 4341 2212 4418 οὑσίαν
2257 4361 2378 4430 ἥτις
2419 4356 2656 4425 σαρκικὴ
2690 4349 2831 4407 εἶναι
2861 4351 3282 4421 κατηγορεῖται·
3314 4346 3409 4398 καὶ
3439 4341 3595 4396 δύνα-

2025 4470 2117 4508 ται
2146 4451 2240 4507 καὶ
2279 4449 2420 4518 αὐτὴ
2457 4445 2646 4517 ὥσπερ
2677 4445 2710 4514 ἡ
2759 4442 2922 4512 φύσις
2953 4439 3048 4494 τοῦ
3089 4439 3288 4504 Λόγου·
3322 4433 3592 4500 δευτέρως

2027 4546 2234 4616 ἐπῆγεν
2271 4545 2330 4596 ὲν
2375 4543 2442 4613 τῇ
2487 4537 2778 4594 ὑποστάσει
2825 4535 2997 4601 αὑτῆς
3051 4531 3114 4584 τὸ
3172 4531 3273 4599 τῆς
3327 4521 3596 4595 ἀσαρκιας

2029 4639 2159 4692 ίὸιον
2185 4635 2564 4704 κατηγόρημα,
2593 4629 2734 4684 οὑτω
2762 4627 2858 4682 καὶ
2885 4629 2917 4694 ἠ
2950 4623 3114 4692 φύσις
3133 4621 3298 4691 τῆσδε
3331 4620 3430 4687 τῆς
3466 4633 3596 4684 σαρ-

2028 4729 2122 4794 κὸς
2155 4725 2320 4781 αὑτοῦ
2373 4723 2718 4795 ὲπιῤῥίπτειν
2751 4719 2888 4788 αὑτῇ
2920 4715 3190 4783 δευτέρως
3239 4711 3340 4782 τὴν
3395 4705 3596 4774 ἑαυτῆς

2027 4817 2380 4891 κατηγορίαν,
2415 4815 2489 4878 ὡς
2537 4811 2670 4874 ἰδίας
2699 4807 3053 4870 ὑποστάσεως
3084 4802 3396 4882 καὶναὺτῆς
3442 4813 3594 4891 γενρο
3637 4806 3648 4814 '

2031 4882 2418 4985 pévqs,vﬁyow
2451 4905 2549 4976 τὴν
2584 4902 2859 4972 σάρκωσιν
2879 4915 2892 4929 ⁸
2921 4897 3036 4952 ἀλλ’
3068 4895 3171 4948 οὑκ
3213 4892 3372 4952 ἄλλος
3529 4882 3598 4956 ἦν

2027 4977 2196 5060 πάλαι
2208 4977 2301 5052 καὶ
2316 4996 2471 5058 ἄλλος
2496 4991 2634 5065 μετὰ
2660 4989 2852 5044 ταῦτα·
2885 4987 3001 5042 ἀλλ’
3031 4988 3060 5041 6
3083 4983 3244 5048 αὑτὸς
3279 4981 3400 5050 μὲν,
3425 4977 3599 5038 ἄλλως

359 5112 415 5169 δὲ
449 5105 541 5160 καὶ
593 5072 1199 5175 ἄλλως-ἔμιραινόμενος
1241 5105 1270 5157 6
1305 5072 1497 5172 Λόγος·
1523 5103 1646 5157 ἐπεὶ
1689 5072 1856 5160 πάλαι
1893 5107 1990 5178 μὲν
2032 5099 2191 5174 μόνον
2240 5093 2469 5163 ἀόρατος
2522 5080 2592 5158 ἦν
2639 5081 2780 5154 αὓτη
2811 5083 2846 5152 ἡ
2880 5077 3212 5144 ὑπόστασις,
3268 5072 3365 5128 νῦν
3406 5073 3466 5126 δὲ
3506 5073 3598 5128 καὶ

357 5199 528 5270 ὁρατὴ
554 5196 641 5250 δια
669 5195 732 5250 τδ
755 5196 948 5268 όρατδν
977 5197 1054 5259 είς
1098 5195 1296 5264 ἑαυτὴν
1325 5193 1684 5268 πρόσλημμα.

935 5285 1086 5343 CAP.
1143 5285 1336 5342 XXXI.

425 5401 482 5458 Si
514 5402 681 5458 homo
722 5407 809 5457 est
865 5408 1181 5470 utrumque,
1216 5399 1360 5456 Deus
1387 5399 1598 5456 scilicet
1643 5409 1700 5456 et
1733 5401 1920 5464 homo,

356 5495 501 5556 sicut
547 5492 788 5550 Verbum
842 5491 990 5548 Deus
1056 5498 1352 5562 utrumque
1403 5499 1510 5555 est,
1569 5492 1920 5549 manifestum

359 5594 464 5651 est,
502 5586 641 5647 sicut
692 5586 858 5644 homo
907 5599 1014 5640 non
1071 5595 1154 5642 est
1208 5591 1402 5638 natura
1450 5583 1633 5649 Deus,
1689 5584 1768 5639 sic
1821 5598 1923 5640 nec

2615 5285 2866 5368 KEQAA.
2899 5281 3024 5336 AA'.

2100 5403 2162 5455 Ei
2196 5395 2484 5468 ἀμφότερά
2519 5396 2666 5450 ἐστιν
2716 5395 2745 5446 ὁ
2789 5390 3108 5462 ἄνθρωπος,
3161 5387 3452 5458 ἄνθρωπος
3507 5384 3603 5436 καὶ

2028 5491 2181 5555 Θεὸς,
2211 5489 2406 5561 ὥσπερ
2442 5482 2538 5541 οὑν
2578 5485 2672 5538 καὶ
2709 5484 2739 5536 6
2768 5482 2902 5546 Θεδς
2931 5481 3102 5549 Λόγος
3132 5479 3304 5549 ἄμφω
3333 5477 3472 5539 ἐστὶ,
3505 5473 3600 5543 δῆ-

2029 5583 2118 5638 λον
2166 5582 2246 5636 ὃτι
2297 5579 2486 5650 ὥσπερ
2529 5579 2588 5632 οὑ
2645 5575 2806 5646 φύσει
2858 5574 2988 5637 Θεὸς
3019 5573 3047 5626 6
3082 5571 3396 5642 ἄνθρωπος,
3428 5566 3607 5628 οὕτως
