  <div class='ocr_page' id='page_1' title='image "/cluster/home/n/w/nwhite01/storage/ocr_20150623/86 pt.1/mdp.39015028803867/759.png"; bbox 0 0 3932 6152; ppageno 0'>
   <div class='ocr_carea' id='block_1_1' title="bbox 260 251 423 355">
    <p class='ocr_par' dir='ltr' id='par_1_1' title="bbox 260 251 423 355">
     <span class='ocr_line' id='line_1_1' title="bbox 260 251 423 355; baseline -0.006 0"><span class='ocrx_word' id='word_1_1' title='bbox 260 252 395 355; x_wconf 70' lang='grc' dir='ltr'>ιξόει</span> <span class='ocrx_word' id='word_1_2' title='bbox 415 251 423 272; x_wconf 73' lang='grc'><strong>’</strong></span> 
     </span>
    </p>
   </div>
   <div class='ocr_carea' id='block_1_2' title="bbox 1413 259 2242 358">
    <p class='ocr_par' dir='ltr' id='par_1_2' title="bbox 1413 259 2242 358">
     <span class='ocr_line' id='line_1_2' title="bbox 1413 259 2242 358; baseline -0.006 -16"><span class='ocrx_word' id='word_1_3' title='bbox 1413 259 1792 358; x_wconf 54' lang='lat' dir='ltr'><strong>&quot;LEONTII</strong></span> <span class='ocrx_word' id='word_1_4' title='bbox 1833 266 2242 340; x_wconf 73' lang='lat' dir='ltr'><strong>BYZANTINI</strong></span> 
     </span>
    </p>
   </div>
   <div class='ocr_carea' id='block_1_3' title="bbox 3394 257 3554 324">
    <p class='ocr_par' dir='ltr' id='par_1_3' title="bbox 3394 257 3554 324">
     <span class='ocr_line' id='line_1_3' title="bbox 3394 257 3554 324; baseline -0.013 -2"><span class='ocrx_word' id='word_1_5' title='bbox 3394 257 3554 324; x_wconf 73' lang='grc' dir='ltr'><strong>15οί</strong></span> 
     </span>
    </p>
   </div>
   <div class='ocr_carea' id='block_1_4' title="bbox 259 374 1846 468">
    <p class='ocr_par' dir='ltr' id='par_1_4' title="bbox 259 374 1830 468">
     <span class='ocr_line' id='line_1_4' title="bbox 259 374 1830 468; baseline -0.011 -4"><span class='ocrx_word' id='word_1_6' title='bbox 259 419 374 464; x_wconf 90' lang='lat' dir='ltr'><strong>tum</strong></span> <span class='ocrx_word' id='word_1_7' title='bbox 423 413 508 460; x_wconf 87' lang='lat' dir='ltr'><strong>est</strong></span> <span class='ocrx_word' id='word_1_8' title='bbox 555 374 834 460; x_wconf 86' lang='lat' dir='ltr'><strong>Christum</strong></span> <span class='ocrx_word' id='word_1_9' title='bbox 888 401 1159 468; x_wconf 81' lang='lat' dir='ltr'><strong>imperare</strong></span> <span class='ocrx_word' id='word_1_10' title='bbox 1209 395 1374 450; x_wconf 87' lang='lat' dir='ltr'><strong>simul</strong></span> <span class='ocrx_word' id='word_1_11' title='bbox 1417 403 1474 450; x_wconf 89' lang='lat' dir='ltr'><strong>et</strong></span> <span class='ocrx_word' id='word_1_12' title='bbox 1507 394 1736 450; x_wconf 82' lang='lat' dir='ltr'><strong>servire.</strong></span> <span class='ocrx_word' id='word_1_13' title='bbox 1775 392 1830 448; x_wconf 90' lang='lat' dir='ltr'><strong>Si</strong></span> 
     </span>
    </p>
   </div>
   <div class='ocr_carea' id='block_1_5' title="bbox 1951 374 3538 468">
    <p class='ocr_par' dir='ltr' id='par_1_5' title="bbox 1951 378 3538 460">
     <span class='ocr_line' id='line_1_5' title="bbox 1951 378 3538 460; baseline -0.008 -16"><span class='ocrx_word' id='word_1_14' title='bbox 1951 392 2071 460; x_wconf 64' lang='lat' dir='ltr'><strong>ipo’i</strong></span> <span class='ocrx_word' id='word_1_15' title='bbox 2099 389 2350 454; x_wconf 76' lang='grc' dir='ltr'>δεσπόζει</span> <span class='ocrx_word' id='word_1_16' title='bbox 2379 387 2476 442; x_wconf 72' lang='grc' dir='ltr'>καὶ</span> <span class='ocrx_word' id='word_1_17' title='bbox 2503 383 2822 448; x_wconf 53' lang='lat' dir='ltr'><strong>summa</strong></span> <span class='ocrx_word' id='word_1_18' title='bbox 2847 381 2874 433; x_wconf 82' lang='grc' dir='ltr'><strong>ὁ</strong></span> <span class='ocrx_word' id='word_1_19' title='bbox 2896 379 3146 449; x_wconf 75' lang='grc' dir='ltr'>Χριστός.</span> <span class='ocrx_word' id='word_1_20' title='bbox 3183 378 3244 432; x_wconf 78' lang='grc' dir='ltr'>Εἰ</span> <span class='ocrx_word' id='word_1_21' title='bbox 3279 379 3335 432; x_wconf 74' lang='grc' dir='ltr'>δὲ</span> <span class='ocrx_word' id='word_1_22' title='bbox 3357 381 3391 448; x_wconf 69' lang='grc' dir='ltr'><strong>ἡ</strong></span> <span class='ocrx_word' id='word_1_23' title='bbox 3411 379 3538 432; x_wconf 79' lang='grc' dir='ltr'>δια-</span> 
     </span>
    </p>
   </div>
   <div class='ocr_carea' id='block_1_6' title="bbox 258 484 1836 558">
    <p class='ocr_par' dir='ltr' id='par_1_6' title="bbox 258 484 1836 558">
     <span class='ocr_line' id='line_1_6' title="bbox 258 484 1836 558; baseline -0.008 -8"><span class='ocrx_word' id='word_1_24' title='bbox 258 513 391 558; x_wconf 81' lang='lat' dir='ltr'><strong>vero</strong></span> <span class='ocrx_word' id='word_1_25' title='bbox 420 511 529 552; x_wconf 89' lang='lat' dir='ltr'><strong>non</strong></span> <span class='ocrx_word' id='word_1_26' title='bbox 575 501 662 550; x_wconf 87' lang='lat' dir='ltr'><strong>est</strong></span> <span class='ocrx_word' id='word_1_27' title='bbox 710 494 767 548; x_wconf 91' lang='lat' dir='ltr'><strong>in</strong></span> <span class='ocrx_word' id='word_1_28' title='bbox 797 491 1017 548; x_wconf 75' lang='lat' dir='ltr'><strong>Christo</strong></span> <span class='ocrx_word' id='word_1_29' title='bbox 1043 486 1328 542; x_wconf 76' lang='lat' dir='ltr'><strong>distinctio</strong></span> <span class='ocrx_word' id='word_1_30' title='bbox 1363 485 1510 539; x_wconf 91' lang='lat' dir='ltr'><strong>inter</strong></span> <span class='ocrx_word' id='word_1_31' title='bbox 1545 484 1836 554; x_wconf 88' lang='lat' dir='ltr'><strong>imperium</strong></span> 
     </span>
    </p>
   </div>
   <div class='ocr_carea' id='block_1_7' title="bbox 256 575 1840 649">
    <p class='ocr_par' dir='ltr' id='par_1_7' title="bbox 256 575 1840 649">
     <span class='ocr_line' id='line_1_7' title="bbox 256 575 1840 649; baseline -0.01 -5"><span class='ocrx_word' id='word_1_32' title='bbox 256 596 314 644; x_wconf 89' lang='lat' dir='ltr'><strong>et</strong></span> <span class='ocrx_word' id='word_1_33' title='bbox 347 587 654 649; x_wconf 91' lang='lat' dir='ltr'><strong>servitium,</strong></span> <span class='ocrx_word' id='word_1_34' title='bbox 682 583 762 638; x_wconf 90' lang='lat' dir='ltr'><strong>sic</strong></span> <span class='ocrx_word' id='word_1_35' title='bbox 793 581 1006 636; x_wconf 89' lang='lat' dir='ltr'><strong>tollitur</strong></span> <span class='ocrx_word' id='word_1_36' title='bbox 1046 576 1361 634; x_wconf 74' lang='lat' dir='ltr'><strong>differentia</strong></span> <span class='ocrx_word' id='word_1_37' title='bbox 1411 575 1556 631; x_wconf 90' lang='lat' dir='ltr'><strong>inter</strong></span> <span class='ocrx_word' id='word_1_38' title='bbox 1575 575 1749 630; x_wconf 90' lang='lat' dir='ltr'><strong>Deum</strong></span> <span class='ocrx_word' id='word_1_39' title='bbox 1784 581 1840 628; x_wconf 89' lang='lat' dir='ltr'><strong>et</strong></span> 
     </span>
    </p>
   </div>
   <div class='ocr_carea' id='block_1_8' title="bbox 259 661 1842 744">
    <p class='ocr_par' dir='ltr' id='par_1_8' title="bbox 259 661 1842 744">
     <span class='ocr_line' id='line_1_8' title="bbox 259 661 1842 744; baseline -0.009 -8"><span class='ocrx_word' id='word_1_40' title='bbox 259 661 556 736; x_wconf 89' lang='lat' dir='ltr'><strong>hominem.</strong></span> <span class='ocrx_word' id='word_1_41' title='bbox 597 675 772 732; x_wconf 88' lang='lat' dir='ltr'><strong>Simul</strong></span> <span class='ocrx_word' id='word_1_42' title='bbox 803 673 1026 744; x_wconf 85' lang='lat' dir='ltr'><strong>quidem</strong></span> <span class='ocrx_word' id='word_1_43' title='bbox 1061 679 1117 726; x_wconf 86' lang='lat' dir='ltr'><strong>et</strong></span> <span class='ocrx_word' id='word_1_44' title='bbox 1157 671 1213 725; x_wconf 88' lang='lat' dir='ltr'><strong>in</strong></span> <span class='ocrx_word' id='word_1_45' title='bbox 1262 667 1454 724; x_wconf 89' lang='lat' dir='ltr'><strong>eadem</strong></span> <span class='ocrx_word' id='word_1_46' title='bbox 1485 683 1719 738; x_wconf 83' lang='lat' dir='ltr'><strong>persona</strong></span> <span class='ocrx_word' id='word_1_47' title='bbox 1755 683 1842 722; x_wconf 92' lang='lat' dir='ltr'><strong>se-</strong></span> 
     </span>
    </p>
   </div>
   <div class='ocr_carea' id='block_1_9' title="bbox 259 759 1840 828">
    <p class='ocr_par' dir='ltr' id='par_1_9' title="bbox 259 759 1840 828">
     <span class='ocr_line' id='line_1_9' title="bbox 259 759 1840 828; baseline -0.006 -6"><span class='ocrx_word' id='word_1_48' title='bbox 259 760 500 824; x_wconf 78' lang='lat' dir='ltr'><strong>cundum</strong></span> <span class='ocrx_word' id='word_1_49' title='bbox 523 765 830 822; x_wconf 74' lang='lat' dir='ltr'><strong>naturalem</strong></span> <span class='ocrx_word' id='word_1_50' title='bbox 854 779 1008 818; x_wconf 89' lang='lat' dir='ltr'><strong>suam</strong></span> <span class='ocrx_word' id='word_1_51' title='bbox 1037 761 1410 818; x_wconf 88' lang='lat' dir='ltr'><strong>conditionem</strong></span> <span class='ocrx_word' id='word_1_52' title='bbox 1435 759 1608 814; x_wconf 88' lang='lat' dir='ltr'><strong>servit</strong></span> <span class='ocrx_word' id='word_1_53' title='bbox 1645 774 1840 828; x_wconf 89' lang='lat' dir='ltr'><strong>usque-</strong></span> 
     </span>
    </p>
   </div>
   <div class='ocr_carea' id='block_1_10' title="bbox 261 850 1868 929">
    <p class='ocr_par' dir='ltr' id='par_1_10' title="bbox 261 850 1868 929">
     <span class='ocr_line' id='line_1_10' title="bbox 261 850 1868 929; baseline -0.007 -14"><span class='ocrx_word' id='word_1_54' title='bbox 261 862 392 915; x_wconf 85' lang='lat' dir='ltr'><strong>dum</strong></span> <span class='ocrx_word' id='word_1_55' title='bbox 452 859 746 929; x_wconf 87' lang='lat' dir='ltr'><strong>impleatur</strong></span> <span class='ocrx_word' id='word_1_56' title='bbox 794 855 1079 910; x_wconf 81' lang='lat' dir='ltr'><strong>humilitas</strong></span> <span class='ocrx_word' id='word_1_57' title='bbox 1110 867 1232 922; x_wconf 84' lang='lat' dir='ltr'><strong>quae</strong></span> <span class='ocrx_word' id='word_1_58' title='bbox 1285 851 1352 905; x_wconf 90' lang='lat' dir='ltr'><strong>ad</strong></span> <span class='ocrx_word' id='word_1_59' title='bbox 1404 850 1868 918; x_wconf 83' lang='lat' dir='ltr'><strong>rcdemptionem‘</strong></span> 
     </span>
    </p>
   </div>
   <div class='ocr_carea' id='block_1_11' title="bbox 260 941 1840 1021">
    <p class='ocr_par' dir='ltr' id='par_1_11' title="bbox 260 941 1840 1021">
     <span class='ocr_line' id='line_1_11' title="bbox 260 941 1840 1021; baseline -0.007 -16"><span class='ocrx_word' id='word_1_60' title='bbox 260 951 530 1021; x_wconf 84' lang='lat' dir='ltr'><strong>pertinet;</strong></span> <span class='ocrx_word' id='word_1_61' title='bbox 567 947 684 1011; x_wconf 89' lang='lat' dir='ltr'><strong>sed,</strong></span> <span class='ocrx_word' id='word_1_62' title='bbox 710 947 755 1002; x_wconf 97' lang='lat' dir='ltr'><strong>si</strong></span> <span class='ocrx_word' id='word_1_63' title='bbox 791 946 962 1006; x_wconf 88' lang='lat' dir='ltr'><strong>idem,</strong></span> <span class='ocrx_word' id='word_1_64' title='bbox 991 961 1100 999; x_wconf 88' lang='lat' dir='ltr'><strong>non</strong></span> <span class='ocrx_word' id='word_1_65' title='bbox 1133 945 1187 998; x_wconf 89' lang='lat' dir='ltr'><strong>in</strong></span> <span class='ocrx_word' id='word_1_66' title='bbox 1219 941 1427 997; x_wconf 89' lang='lat' dir='ltr'><strong>eisdem</strong></span> <span class='ocrx_word' id='word_1_67' title='bbox 1452 942 1536 995; x_wconf 87' lang='lat' dir='ltr'><strong>sui</strong></span> <span class='ocrx_word' id='word_1_68' title='bbox 1564 941 1840 1010; x_wconf 87' lang='lat' dir='ltr'><strong>partibus:</strong></span> 
     </span>
    </p>
   </div>
   <div class='ocr_carea' id='block_1_12' title="bbox 185 1029 1842 1096">
    <p class='ocr_par' dir='ltr' id='par_1_12' title="bbox 185 1029 1842 1096">
     <span class='ocr_line' id='line_1_12' title="bbox 185 1029 1842 1096; baseline -0.007 0"><span class='ocrx_word' id='word_1_69' title='bbox 185 1056 188 1058; x_wconf 73' lang='lat'><em>‘</em></span> <span class='ocrx_word' id='word_1_70' title='bbox 260 1051 458 1096; x_wconf 84' lang='lat' dir='ltr'><strong>natura</strong></span> <span class='ocrx_word' id='word_1_71' title='bbox 505 1039 654 1094; x_wconf 90' lang='lat' dir='ltr'><strong>enim</strong></span> <span class='ocrx_word' id='word_1_72' title='bbox 710 1037 896 1093; x_wconf 89' lang='lat' dir='ltr'><strong>carnis</strong></span> <span class='ocrx_word' id='word_1_73' title='bbox 947 1051 1060 1090; x_wconf 66' lang='lat' dir='ltr'><strong>sua:</strong></span> <span class='ocrx_word' id='word_1_74' title='bbox 1086 1035 1263 1088; x_wconf 85' lang='lat' dir='ltr'><strong>Pilato</strong></span> <span class='ocrx_word' id='word_1_75' title='bbox 1292 1034 1484 1096; x_wconf 81' lang='lat' dir='ltr'><strong>servit,</strong></span> <span class='ocrx_word' id='word_1_76' title='bbox 1517 1041 1715 1086; x_wconf 87' lang='lat' dir='ltr'><strong>natura</strong></span> <span class='ocrx_word' id='word_1_77' title='bbox 1742 1029 1842 1085; x_wconf 78' lang='lat' dir='ltr'><strong>ait-</strong></span> 
     </span>
    </p>
   </div>
   <div class='ocr_carea' id='block_1_13' title="bbox 261 1123 1848 1189">
    <p class='ocr_par' dir='ltr' id='par_1_13' title="bbox 261 1123 1848 1189">
     <span class='ocr_line' id='line_1_13' title="bbox 261 1123 1848 1189; baseline -0.006 -5"><span class='ocrx_word' id='word_1_78' title='bbox 261 1140 371 1184; x_wconf 86' lang='lat' dir='ltr'><strong>tem</strong></span> <span class='ocrx_word' id='word_1_79' title='bbox 410 1128 570 1183; x_wconf 84' lang='lat' dir='ltr'><strong>Verbi</strong></span> <span class='ocrx_word' id='word_1_80' title='bbox 626 1128 894 1189; x_wconf 88' lang='lat' dir='ltr'><strong>omnium,</strong></span> <span class='ocrx_word' id='word_1_81' title='bbox 939 1134 995 1179; x_wconf 89' lang='lat' dir='ltr'><strong>et</strong></span> <span class='ocrx_word' id='word_1_82' title='bbox 1033 1126 1199 1178; x_wconf 89' lang='lat' dir='ltr'><strong>etiam</strong></span> <span class='ocrx_word' id='word_1_83' title='bbox 1243 1123 1548 1178; x_wconf 71' lang='lat' dir='ltr'><strong>cmlestium</strong></span> <span class='ocrx_word' id='word_1_84' title='bbox 1581 1123 1848 1176; x_wconf 89' lang='lat' dir='ltr'><strong>Dominus</strong></span> 
     </span>
    </p>
   </div>
   <div class='ocr_carea' id='block_1_14' title="bbox 265 1215 1849 1288">
    <p class='ocr_par' dir='ltr' id='par_1_14' title="bbox 265 1215 1849 1288">
     <span class='ocr_line' id='line_1_14' title="bbox 265 1215 1849 1288; baseline -0.006 -11"><span class='ocrx_word' id='word_1_85' title='bbox 265 1229 351 1277; x_wconf 87' lang='lat' dir='ltr'><strong>est</strong></span> <span class='ocrx_word' id='word_1_86' title='bbox 377 1220 668 1283; x_wconf 85' lang='lat' dir='ltr'><strong>Christus;</strong></span> <span class='ocrx_word' id='word_1_87' title='bbox 724 1227 1002 1288; x_wconf 84' lang='lat' dir='ltr'><strong>postremo</strong></span> <span class='ocrx_word' id='word_1_88' title='bbox 1051 1227 1257 1278; x_wconf 87' lang='lat' dir='ltr'><strong>autem,</strong></span> <span class='ocrx_word' id='word_1_89' title='bbox 1308 1215 1610 1268; x_wconf 85' lang='lat' dir='ltr'><strong>secundum</strong></span> <span class='ocrx_word' id='word_1_90' title='bbox 1656 1215 1849 1268; x_wconf 81' lang='lat' dir='ltr'><strong>burna-</strong></span> 
     </span>
    </p>
   </div>
   <div class='ocr_carea' id='block_1_15' title="bbox 263 1305 1853 1374">
    <p class='ocr_par' dir='ltr' id='par_1_15' title="bbox 263 1305 1853 1374">
     <span class='ocr_line' id='line_1_15' title="bbox 263 1305 1853 1374; baseline -0.004 -8"><span class='ocrx_word' id='word_1_91' title='bbox 263 1311 491 1366; x_wconf 77' lang='lat' dir='ltr'><strong>nitatem</strong></span> <span class='ocrx_word' id='word_1_92' title='bbox 513 1311 677 1366; x_wconf 86' lang='lat' dir='ltr'><strong>etiam</strong></span> <span class='ocrx_word' id='word_1_93' title='bbox 705 1309 840 1363; x_wconf 83' lang='lat' dir='ltr'><strong>dicit</strong></span> <span class='ocrx_word' id='word_1_94' title='bbox 875 1325 888 1362; x_wconf 89' lang='lat'><strong>:</strong></span> <span class='ocrx_word' id='word_1_95' title='bbox 925 1326 943 1358; x_wconf 87' lang='grc' dir='ltr'><strong>ι</strong></span> <span class='ocrx_word' id='word_1_96' title='bbox 975 1309 1108 1362; x_wconf 85' lang='lat' dir='ltr'><strong>Data</strong></span> <span class='ocrx_word' id='word_1_97' title='bbox 1131 1315 1214 1362; x_wconf 88' lang='lat' dir='ltr'><strong>est</strong></span> <span class='ocrx_word' id='word_1_98' title='bbox 1248 1305 1378 1360; x_wconf 87' lang='lat' dir='ltr'><strong>mihi</strong></span> <span class='ocrx_word' id='word_1_99' title='bbox 1404 1305 1584 1359; x_wconf 91' lang='lat' dir='ltr'><strong>omnis</strong></span> <span class='ocrx_word' id='word_1_100' title='bbox 1609 1315 1853 1374; x_wconf 84' lang='lat' dir='ltr'><strong>potestas</strong></span> 
     </span>
    </p>
   </div>
   <div class='ocr_carea' id='block_1_16' title="bbox 261 1397 905 1457">
    <p class='ocr_par' dir='ltr' id='par_1_16' title="bbox 261 1397 905 1457">
     <span class='ocr_line' id='line_1_16' title="bbox 261 1397 905 1457; baseline -0.016 0"><span class='ocrx_word' id='word_1_101' title='bbox 261 1397 323 1457; x_wconf 76' lang='lat' dir='ltr'><strong>in</strong></span> <span class='ocrx_word' id='word_1_102' title='bbox 349 1400 490 1456; x_wconf 66' lang='lat' dir='ltr'><strong>caelo</strong></span> <span class='ocrx_word' id='word_1_103' title='bbox 517 1407 574 1454; x_wconf 89' lang='lat' dir='ltr'><strong>et</strong></span> <span class='ocrx_word' id='word_1_104' title='bbox 597 1399 650 1452; x_wconf 91' lang='lat' dir='ltr'><strong>in</strong></span> <span class='ocrx_word' id='word_1_105' title='bbox 677 1405 842 1452; x_wconf 89' lang='lat' dir='ltr'><strong>terra.</strong></span> <span class='ocrx_word' id='word_1_106' title='bbox 885 1414 905 1447; x_wconf 75' lang='grc' dir='ltr'><strong>ι</strong></span> 
     </span>
    </p>
   </div>
   <div class='ocr_carea' id='block_1_17' title="bbox 865 1507 1252 1563">
    <p class='ocr_par' dir='ltr' id='par_1_17' title="bbox 865 1507 1252 1563">
     <span class='ocr_line' id='line_1_17' title="bbox 865 1507 1252 1563; baseline -0.008 0"><span class='ocrx_word' id='word_1_107' title='bbox 865 1507 1019 1563; x_wconf 79' lang='lat' dir='ltr'><strong>CAP.</strong></span> <span class='ocrx_word' id='word_1_108' title='bbox 1067 1507 1252 1561; x_wconf 78' lang='lat' dir='ltr'><strong>XLIV.</strong></span> 
     </span>
    </p>
   </div>
   <div class='ocr_carea' id='block_1_18' title="bbox 296 1621 1850 1702">
    <p class='ocr_par' dir='ltr' id='par_1_18' title="bbox 296 1621 1850 1702">
     <span class='ocr_line' id='line_1_18' title="bbox 296 1621 1850 1702; baseline -0.005 -21"><span class='ocrx_word' id='word_1_109' title='bbox 296 1691 304 1702; x_wconf 36' lang='lat'><strong><em>&#39;</em></strong></span> <span class='ocrx_word' id='word_1_110' title='bbox 337 1625 393 1682; x_wconf 89' lang='lat' dir='ltr'><strong>Si</strong></span> <span class='ocrx_word' id='word_1_111' title='bbox 417 1625 578 1681; x_wconf 84' lang='lat' dir='ltr'><strong>simul</strong></span> <span class='ocrx_word' id='word_1_112' title='bbox 613 1625 783 1690; x_wconf 78' lang='lat' dir='ltr'><strong>.Deus</strong></span> <span class='ocrx_word' id='word_1_113' title='bbox 825 1631 882 1678; x_wconf 89' lang='lat' dir='ltr'><strong>et</strong></span> <span class='ocrx_word' id='word_1_114' title='bbox 919 1623 1086 1676; x_wconf 88' lang='lat' dir='ltr'><strong>homo</strong></span> <span class='ocrx_word' id='word_1_115' title='bbox 1118 1623 1394 1685; x_wconf 87' lang='lat' dir='ltr'><strong>Christus,</strong></span> <span class='ocrx_word' id='word_1_116' title='bbox 1419 1621 1610 1676; x_wconf 88' lang='lat' dir='ltr'><strong>eodem</strong></span> <span class='ocrx_word' id='word_1_117' title='bbox 1641 1621 1850 1675; x_wconf 89' lang='lat' dir='ltr'><strong>honore</strong></span> 
     </span>
    </p>
   </div>
   <div class='ocr_carea' id='block_1_19' title="bbox 1943 470 3545 556">
    <p class='ocr_par' dir='ltr' id='par_1_19' title="bbox 1943 470 3545 556">
     <span class='ocr_line' id='line_1_19' title="bbox 1943 470 3545 556; baseline -0.011 -16"><span class='ocrx_word' id='word_1_118' title='bbox 1943 484 2086 556; x_wconf 74' lang='grc' dir='ltr'>φορὰ</span> <span class='ocrx_word' id='word_1_119' title='bbox 2108 483 2203 538; x_wconf 86' lang='grc' dir='ltr'><strong>τοῦ</strong></span> <span class='ocrx_word' id='word_1_120' title='bbox 2226 481 2512 544; x_wconf 74' lang='grc' dir='ltr'>δεσπόζειν</span> <span class='ocrx_word' id='word_1_121' title='bbox 2532 479 2628 532; x_wconf 69' lang='grc' dir='ltr'><strong>καὶ</strong></span> <span class='ocrx_word' id='word_1_122' title='bbox 2639 475 2735 531; x_wconf 83' lang='grc' dir='ltr'><strong>τοῦ</strong></span> <span class='ocrx_word' id='word_1_123' title='bbox 2755 473 3117 538; x_wconf 72' lang='grc' dir='ltr'>δεσπόζεσθαι</span> <span class='ocrx_word' id='word_1_124' title='bbox 3137 475 3193 524; x_wconf 75' lang='grc' dir='ltr'>ἐν</span> <span class='ocrx_word' id='word_1_125' title='bbox 3209 470 3289 542; x_wconf 81' lang='grc' dir='ltr'>τῷ</span> <span class='ocrx_word' id='word_1_126' title='bbox 3304 470 3545 543; x_wconf 82' lang='grc' dir='ltr'>Χριστῷ</span> 
     </span>
    </p>
   </div>
   <div class='ocr_carea' id='block_1_20' title="bbox 1941 562 3542 641">
    <p class='ocr_par' dir='ltr' id='par_1_20' title="bbox 1941 562 3542 641">
     <span class='ocr_line' id='line_1_20' title="bbox 1941 562 3542 641; baseline -0.01 -11"><span class='ocrx_word' id='word_1_127' title='bbox 1941 577 2043 630; x_wconf 84' lang='grc' dir='ltr'><strong>οὐκ</strong></span> <span class='ocrx_word' id='word_1_128' title='bbox 2087 573 2235 638; x_wconf 79' lang='grc' dir='ltr'>ἔστι,</span> <span class='ocrx_word' id='word_1_129' title='bbox 2289 573 2383 625; x_wconf 71' lang='grc' dir='ltr'><strong>καὶ</strong></span> <span class='ocrx_word' id='word_1_130' title='bbox 2428 568 2566 622; x_wconf 78' lang='grc' dir='ltr'>Θεοῦ</span> <span class='ocrx_word' id='word_1_131' title='bbox 2617 567 2726 641; x_wconf 84' lang='grc' dir='ltr'>ἄρα</span> <span class='ocrx_word' id='word_1_132' title='bbox 2767 567 2864 621; x_wconf 76' lang='grc' dir='ltr'>καὶ</span> <span class='ocrx_word' id='word_1_133' title='bbox 2899 562 3192 634; x_wconf 79' lang='grc' dir='ltr'>ἀνθρώπου</span> <span class='ocrx_word' id='word_1_134' title='bbox 3221 562 3542 630; x_wconf 79' lang='grc' dir='ltr'>ἀναιρεῖται</span> 
     </span>
    </p>
   </div>
   <div class='ocr_carea' id='block_1_21' title="bbox 1942 652 3539 736">
    <p class='ocr_par' dir='ltr' id='par_1_21' title="bbox 1942 652 3539 736">
     <span class='ocr_line' id='line_1_21' title="bbox 1942 652 3539 736; baseline -0.01 -17"><span class='ocrx_word' id='word_1_135' title='bbox 1942 669 1976 736; x_wconf 87' lang='grc' dir='ltr'>ὴ</span> <span class='ocrx_word' id='word_1_136' title='bbox 2010 663 2266 735; x_wconf 82' lang='grc' dir='ltr'>διαφορά.</span> <span class='ocrx_word' id='word_1_137' title='bbox 2320 661 2432 716; x_wconf 74' lang='grc' dir='ltr'>Καὶ</span> <span class='ocrx_word' id='word_1_138' title='bbox 2462 659 2570 730; x_wconf 82' lang='grc' dir='ltr'>γὰρ</span> <span class='ocrx_word' id='word_1_139' title='bbox 2607 657 2744 730; x_wconf 78' lang='grc' dir='ltr'>ὁμοῦ</span> <span class='ocrx_word' id='word_1_140' title='bbox 2775 656 2873 711; x_wconf 75' lang='grc' dir='ltr'>καὶ</span> <span class='ocrx_word' id='word_1_141' title='bbox 2900 659 2959 709; x_wconf 82' lang='grc' dir='ltr'>ὲν</span> <span class='ocrx_word' id='word_1_142' title='bbox 2984 653 3172 724; x_wconf 84' lang='grc' dir='ltr'>ταυτῷ</span> <span class='ocrx_word' id='word_1_143' title='bbox 3197 652 3539 714; x_wconf 75' lang='grc' dir='ltr'>δεσπόζεται</span> 
     </span>
    </p>
   </div>
   <div class='ocr_carea' id='block_1_22' title="bbox 1941 743 3539 828">
    <p class='ocr_par' dir='ltr' id='par_1_22' title="bbox 1941 743 3539 828">
     <span class='ocr_line' id='line_1_22' title="bbox 1941 743 3539 828; baseline -0.01 -17"><span class='ocrx_word' id='word_1_144' title='bbox 1941 760 2006 828; x_wconf 83' lang='grc' dir='ltr'>τῇ</span> <span class='ocrx_word' id='word_1_145' title='bbox 2049 757 2253 824; x_wconf 76' lang='grc' dir='ltr'>φυσικῇ</span> <span class='ocrx_word' id='word_1_146' title='bbox 2289 752 2445 818; x_wconf 80' lang='grc' dir='ltr'><strong>τάξει</strong></span> <span class='ocrx_word' id='word_1_147' title='bbox 2493 753 2603 815; x_wconf 80' lang='grc' dir='ltr'>ἓως</span> <span class='ocrx_word' id='word_1_148' title='bbox 2638 747 3094 820; x_wconf 85' lang='grc' dir='ltr'>συμπληρώσεως</span> <span class='ocrx_word' id='word_1_149' title='bbox 3127 745 3228 814; x_wconf 75' lang='grc' dir='ltr'>τῆς</span> <span class='ocrx_word' id='word_1_150' title='bbox 3257 743 3404 798; x_wconf 76' lang='grc' dir='ltr'>κατὰ</span> <span class='ocrx_word' id='word_1_151' title='bbox 3425 743 3539 812; x_wconf 71' lang='grc' dir='ltr'>τὴν</span> 
     </span>
    </p>
   </div>
   <div class='ocr_carea' id='block_1_23' title="bbox 1942 835 3536 916">
    <p class='ocr_par' dir='ltr' id='par_1_23' title="bbox 1942 835 3536 916">
     <span class='ocr_line' id='line_1_23' title="bbox 1942 835 3536 916; baseline -0.01 -14"><span class='ocrx_word' id='word_1_152' title='bbox 1942 847 2259 916; x_wconf 76' lang='grc' dir='ltr'>οἰκονομίαν</span> <span class='ocrx_word' id='word_1_153' title='bbox 2292 841 2703 906; x_wconf 79' lang='grc' dir='ltr'>ταπεινώσεως·</span> <span class='ocrx_word' id='word_1_154' title='bbox 2752 840 2870 895; x_wconf 79' lang='grc' dir='ltr'>ἀλλ’</span> <span class='ocrx_word' id='word_1_155' title='bbox 2901 840 2962 893; x_wconf 74' lang='grc' dir='ltr'>οὗ</span> <span class='ocrx_word' id='word_1_156' title='bbox 2997 839 3140 894; x_wconf 68' lang='grc' dir='ltr'>κατὰ</span> <span class='ocrx_word' id='word_1_157' title='bbox 3163 837 3225 890; x_wconf 82' lang='grc' dir='ltr'><strong>τὸ</strong></span> <span class='ocrx_word' id='word_1_158' title='bbox 3251 835 3384 889; x_wconf 77' lang='grc' dir='ltr'>αὐτὸ</span> <span class='ocrx_word' id='word_1_159' title='bbox 3415 835 3536 888; x_wconf 78' lang='grc' dir='ltr'>τῶν</span> 
     </span>
    </p>
   </div>
   <div class='ocr_carea' id='block_1_24' title="bbox 1945 927 3540 1007">
    <p class='ocr_par' dir='ltr' id='par_1_24' title="bbox 1945 927 3540 1007">
     <span class='ocr_line' id='line_1_24' title="bbox 1945 927 3540 1007; baseline -0.009 -14"><span class='ocrx_word' id='word_1_160' title='bbox 1945 939 2110 993; x_wconf 79' lang='grc' dir='ltr'>αὑτοῦ</span> <span class='ocrx_word' id='word_1_161' title='bbox 2167 937 2355 1007; x_wconf 82' lang='grc' dir='ltr'>μερῶν</span> <span class='ocrx_word' id='word_1_162' title='bbox 2405 937 2434 988; x_wconf 84' lang='grc' dir='ltr'>ὁ</span> <span class='ocrx_word' id='word_1_163' title='bbox 2477 934 2664 996; x_wconf 58' lang='lat' dir='ltr'><strong>adt-dc;</strong></span> <span class='ocrx_word' id='word_1_164' title='bbox 2715 931 2796 1002; x_wconf 80' lang='grc' dir='ltr'><strong>Τῇ</strong></span> <span class='ocrx_word' id='word_1_165' title='bbox 2848 931 2958 1001; x_wconf 81' lang='grc' dir='ltr'>γὰρ</span> <span class='ocrx_word' id='word_1_166' title='bbox 2991 929 3154 998; x_wconf 82' lang='grc' dir='ltr'>φύσει</span> <span class='ocrx_word' id='word_1_167' title='bbox 3193 929 3292 997; x_wconf 78' lang='grc' dir='ltr'><strong>τῆς</strong></span> <span class='ocrx_word' id='word_1_168' title='bbox 3323 927 3540 998; x_wconf 77' lang='grc' dir='ltr'>σαρκὸς</span> 
     </span>
    </p>
   </div>
   <div class='ocr_carea' id='block_1_25' title="bbox 1945 1019 3539 1094">
    <p class='ocr_par' dir='ltr' id='par_1_25' title="bbox 1945 1019 3539 1094">
     <span class='ocr_line' id='line_1_25' title="bbox 1945 1019 3539 1094; baseline -0.009 -8"><span class='ocrx_word' id='word_1_169' title='bbox 1945 1030 2144 1094; x_wconf 72' lang='grc' dir='ltr'>αὑτοῦ,</span> <span class='ocrx_word' id='word_1_170' title='bbox 2201 1031 2298 1083; x_wconf 79' lang='grc' dir='ltr'>καὶ</span> <span class='ocrx_word' id='word_1_171' title='bbox 2339 1030 2446 1082; x_wconf 72' lang='grc' dir='ltr'>ὑπὸ</span> <span class='ocrx_word' id='word_1_172' title='bbox 2479 1026 2714 1081; x_wconf 75' lang='grc' dir='ltr'>Πιλάτου</span> <span class='ocrx_word' id='word_1_173' title='bbox 2743 1024 3075 1088; x_wconf 76' lang='grc' dir='ltr'>δεσπόζεται</span> <span class='ocrx_word' id='word_1_174' title='bbox 3099 1037 3114 1051; x_wconf 89' lang='grc'><strong>·</strong></span> <span class='ocrx_word' id='word_1_175' title='bbox 3173 1024 3243 1092; x_wconf 78' lang='grc' dir='ltr'>τῇ</span> <span class='ocrx_word' id='word_1_176' title='bbox 3275 1020 3333 1074; x_wconf 77' lang='grc' dir='ltr'>δὲ</span> <span class='ocrx_word' id='word_1_177' title='bbox 3365 1019 3539 1088; x_wconf 82' lang='grc' dir='ltr'>φύσει</span> 
     </span>
    </p>
   </div>
   <div class='ocr_carea' id='block_1_26' title="bbox 1945 1113 3538 1192">
    <p class='ocr_par' dir='ltr' id='par_1_26' title="bbox 1945 1113 3538 1192">
     <span class='ocr_line' id='line_1_26' title="bbox 1945 1113 3538 1192; baseline -0.006 -15"><span class='ocrx_word' id='word_1_178' title='bbox 1945 1125 2040 1177; x_wconf 86' lang='grc' dir='ltr'><strong>τοῦ</strong></span> <span class='ocrx_word' id='word_1_179' title='bbox 2097 1125 2154 1176; x_wconf 83' lang='grc' dir='ltr'><strong>ὲν</strong></span> <span class='ocrx_word' id='word_1_180' title='bbox 2198 1121 2350 1192; x_wconf 85' lang='grc' dir='ltr'><strong>αὐτῷ</strong></span> <span class='ocrx_word' id='word_1_181' title='bbox 2399 1121 2572 1188; x_wconf 76' lang='grc' dir='ltr'>Λόγου</span> <span class='ocrx_word' id='word_1_182' title='bbox 2633 1119 2897 1180; x_wconf 69' lang='grc' dir='ltr'>πάντων,</span> <span class='ocrx_word' id='word_1_183' title='bbox 2955 1115 3050 1168; x_wconf 74' lang='grc' dir='ltr'>καὶ</span> <span class='ocrx_word' id='word_1_184' title='bbox 3103 1113 3212 1167; x_wconf 81' lang='grc' dir='ltr'>τῶν</span> <span class='ocrx_word' id='word_1_185' title='bbox 3261 1113 3538 1185; x_wconf 70' lang='grc' dir='ltr'>οὐρανίων</span> 
     </span>
    </p>
   </div>
   <div class='ocr_carea' id='block_1_27' title="bbox 1946 1203 3536 1282">
    <p class='ocr_par' dir='ltr' id='par_1_27' title="bbox 1946 1203 3536 1282">
     <span class='ocr_line' id='line_1_27' title="bbox 1946 1203 3536 1282; baseline -0.006 -15"><span class='ocrx_word' id='word_1_186' title='bbox 1946 1217 1976 1267; x_wconf 84' lang='grc' dir='ltr'>ὁ</span> <span class='ocrx_word' id='word_1_187' title='bbox 1998 1213 2156 1276; x_wconf 73' lang='grc' dir='ltr'>αὐτὸς</span> <span class='ocrx_word' id='word_1_188' title='bbox 2191 1213 2434 1282; x_wconf 77' lang='grc' dir='ltr'>κυριεύει</span> <span class='ocrx_word' id='word_1_189' title='bbox 2464 1210 2698 1276; x_wconf 83' lang='grc' dir='ltr'>Χριστός</span> <span class='ocrx_word' id='word_1_190' title='bbox 2723 1226 2735 1238; x_wconf 91' lang='grc'><strong>·</strong></span> <span class='ocrx_word' id='word_1_191' title='bbox 2791 1207 3020 1277; x_wconf 78' lang='grc' dir='ltr'>ὕστερον</span> <span class='ocrx_word' id='word_1_192' title='bbox 3047 1205 3104 1258; x_wconf 80' lang='grc' dir='ltr'>δὲ</span> <span class='ocrx_word' id='word_1_193' title='bbox 3146 1206 3243 1259; x_wconf 74' lang='grc' dir='ltr'><strong>καὶ</strong></span> <span class='ocrx_word' id='word_1_194' title='bbox 3283 1205 3425 1258; x_wconf 75' lang='grc' dir='ltr'>κατὰ</span> <span class='ocrx_word' id='word_1_195' title='bbox 3465 1203 3536 1258; x_wconf 70' lang='grc' dir='ltr'>τὸ</span> 
     </span>
    </p>
   </div>
   <div class='ocr_carea' id='block_1_28' title="bbox 1947 1297 3536 1376">
    <p class='ocr_par' dir='ltr' id='par_1_28' title="bbox 1947 1297 3536 1376">
     <span class='ocr_line' id='line_1_28' title="bbox 1947 1297 3536 1376; baseline -0.004 -19"><span class='ocrx_word' id='word_1_196' title='bbox 1947 1304 2282 1376; x_wconf 81' lang='grc' dir='ltr'>ἀνθρώπινον</span> <span class='ocrx_word' id='word_1_197' title='bbox 2299 1304 2430 1373; x_wconf 82' lang='grc' dir='ltr'><strong>φησί</strong></span> <span class='ocrx_word' id='word_1_198' title='bbox 2447 1319 2490 1354; x_wconf 88' lang='grc' dir='ltr'><strong>·ι</strong></span> <span class='ocrx_word' id='word_1_199' title='bbox 2515 1301 2704 1372; x_wconf 81' lang='grc' dir='ltr'>Ἐδόθη</span> <span class='ocrx_word' id='word_1_200' title='bbox 2727 1317 2818 1372; x_wconf 86' lang='grc' dir='ltr'><strong>μοι</strong></span> <span class='ocrx_word' id='word_1_201' title='bbox 2835 1300 2984 1354; x_wconf 75' lang='grc' dir='ltr'>πᾶσα</span> <span class='ocrx_word' id='word_1_202' title='bbox 3002 1298 3218 1364; x_wconf 76' lang='grc' dir='ltr'>ἐξουσία</span> <span class='ocrx_word' id='word_1_203' title='bbox 3241 1299 3296 1350; x_wconf 77' lang='grc' dir='ltr'>ἐν</span> <span class='ocrx_word' id='word_1_204' title='bbox 3316 1297 3536 1370; x_wconf 80' lang='grc' dir='ltr'><strong>οὐρανῷ</strong></span> 
     </span>
    </p>
   </div>
   <div class='ocr_carea' id='block_1_29' title="bbox 1940 1377 2778 1466">
    <p class='ocr_par' dir='ltr' id='par_1_29' title="bbox 1940 1377 2778 1466">
     <span class='ocr_line' id='line_1_29' title="bbox 1940 1377 2778 1466; baseline -0.005 -14"><span class='ocrx_word' id='word_1_205' title='bbox 1940 1386 2040 1452; x_wconf 73' lang='grc' dir='ltr'>’και</span> <span class='ocrx_word' id='word_1_206' title='bbox 2075 1398 2167 1450; x_wconf 77' lang='grc' dir='ltr'>ἐπὶ</span> <span class='ocrx_word' id='word_1_207' title='bbox 2190 1398 2312 1466; x_wconf 84' lang='grc' dir='ltr'>γῆς.</span> <span class='ocrx_word' id='word_1_208' title='bbox 2353 1415 2372 1449; x_wconf 74' lang='grc' dir='ltr'><strong>ι</strong></span> <span class='ocrx_word' id='word_1_209' title='bbox 2770 1377 2778 1385; x_wconf 89' lang='grc'><strong>”</strong></span> 
     </span>
    </p>
   </div>
   <div class='ocr_carea' id='block_1_30' title="bbox 2523 1507 2942 1562">
    <p class='ocr_par' dir='ltr' id='par_1_30' title="bbox 2523 1507 2942 1562">
     <span class='ocr_line' id='line_1_30' title="bbox 2523 1507 2942 1562; baseline 0 0"><span class='ocrx_word' id='word_1_210' title='bbox 2523 1507 2774 1562; x_wconf 77' lang='grc' dir='ltr'><strong>ΚΕΦΔΛ.</strong></span> <span class='ocrx_word' id='word_1_211' title='bbox 2808 1507 2942 1562; x_wconf 76' lang='lat' dir='ltr'><strong>MA&#39;.</strong></span> 
     </span>
    </p>
   </div>
   <div class='ocr_carea' id='block_1_31' title="bbox 2019 1619 3532 1692">
    <p class='ocr_par' dir='ltr' id='par_1_31' title="bbox 2019 1619 3532 1692">
     <span class='ocr_line' id='line_1_31' title="bbox 2019 1619 3532 1692; baseline -0.001 -16"><span class='ocrx_word' id='word_1_212' title='bbox 2019 1623 2082 1676; x_wconf 83' lang='grc' dir='ltr'>Εἰ</span> <span class='ocrx_word' id='word_1_213' title='bbox 2122 1623 2262 1692; x_wconf 83' lang='grc' dir='ltr'>ὁμοῦ</span> <span class='ocrx_word' id='word_1_214' title='bbox 2299 1623 2431 1686; x_wconf 80' lang='grc' dir='ltr'>Θεὸς</span> <span class='ocrx_word' id='word_1_215' title='bbox 2461 1621 2558 1675; x_wconf 75' lang='grc' dir='ltr'>καὶ</span> <span class='ocrx_word' id='word_1_216' title='bbox 2585 1621 2871 1692; x_wconf 76' lang='grc' dir='ltr'>ἅνθρωπος</span> <span class='ocrx_word' id='word_1_217' title='bbox 2896 1623 2924 1674; x_wconf 84' lang='grc' dir='ltr'><strong>ὁ</strong></span> <span class='ocrx_word' id='word_1_218' title='bbox 2950 1621 3185 1692; x_wconf 78' lang='grc' dir='ltr'>Χριστὸς</span> <span class='ocrx_word' id='word_1_219' title='bbox 3207 1660 3223 1685; x_wconf 90' lang='grc'><strong>,</strong></span> <span class='ocrx_word' id='word_1_220' title='bbox 3258 1619 3532 1692; x_wconf 73' lang='grc' dir='ltr'><strong>ὁμότιμος</strong></span> 
     </span>
    </p>
   </div>
   <div class='ocr_carea' id='block_1_32' title="bbox 267 1711 1846 1796">
    <p class='ocr_par' dir='ltr' id='par_1_32' title="bbox 267 1711 1844 1786">
     <span class='ocr_line' id='line_1_32' title="bbox 267 1711 1844 1786; baseline -0.003 -16"><span class='ocrx_word' id='word_1_221' title='bbox 267 1715 470 1786; x_wconf 79' lang='lat' dir='ltr'><strong>dignus</strong></span> <span class='ocrx_word' id='word_1_222' title='bbox 512 1716 677 1770; x_wconf 88' lang='lat' dir='ltr'><strong>homo</strong></span> <span class='ocrx_word' id='word_1_223' title='bbox 718 1724 883 1783; x_wconf 88' lang='lat' dir='ltr'><strong>atque</strong></span> <span class='ocrx_word' id='word_1_224' title='bbox 919 1713 1100 1778; x_wconf 85' lang='lat' dir='ltr'><strong>Deus;</strong></span> <span class='ocrx_word' id='word_1_225' title='bbox 1153 1713 1251 1768; x_wconf 91' lang='lat' dir='ltr'><strong>sed</strong></span> <span class='ocrx_word' id='word_1_226' title='bbox 1303 1715 1347 1766; x_wconf 90' lang='lat' dir='ltr'><strong>si</strong></span> <span class='ocrx_word' id='word_1_227' title='bbox 1391 1713 1582 1766; x_wconf 88' lang='lat' dir='ltr'><strong>eodem</strong></span> <span class='ocrx_word' id='word_1_228' title='bbox 1634 1711 1844 1766; x_wconf 84' lang='lat' dir='ltr'><strong>honore</strong></span> 
     </span>
    </p>
   </div>
   <div class='ocr_carea' id='block_1_33' title="bbox 1951 1711 3530 1796">
    <p class='ocr_par' dir='ltr' id='par_1_33' title="bbox 1951 1713 3530 1786">
     <span class='ocr_line' id='line_1_33' title="bbox 1951 1713 3530 1786; baseline 0.001 -17"><span class='ocrx_word' id='word_1_229' title='bbox 1951 1714 2056 1786; x_wconf 79' lang='grc' dir='ltr'>ἄρα</span> <span class='ocrx_word' id='word_1_230' title='bbox 2099 1716 2126 1768; x_wconf 82' lang='grc' dir='ltr'>ὁ</span> <span class='ocrx_word' id='word_1_231' title='bbox 2169 1715 2458 1786; x_wconf 82' lang='grc' dir='ltr'>ἄνθρωπος</span> <span class='ocrx_word' id='word_1_232' title='bbox 2491 1715 2567 1784; x_wconf 81' lang='grc' dir='ltr'>τῷ</span> <span class='ocrx_word' id='word_1_233' title='bbox 2593 1715 2714 1784; x_wconf 79' lang='grc' dir='ltr'><strong>Θεῷ</strong></span> <span class='ocrx_word' id='word_1_234' title='bbox 2739 1731 2753 1746; x_wconf 90' lang='grc'><strong>·</strong></span> <span class='ocrx_word' id='word_1_235' title='bbox 2811 1717 2860 1768; x_wconf 82' lang='grc' dir='ltr'><strong>εἰ</strong></span> <span class='ocrx_word' id='word_1_236' title='bbox 2890 1715 2948 1768; x_wconf 82' lang='grc' dir='ltr'>δὲ</span> <span class='ocrx_word' id='word_1_237' title='bbox 2983 1713 3060 1786; x_wconf 83' lang='grc' dir='ltr'>μὴ</span> <span class='ocrx_word' id='word_1_238' title='bbox 3085 1715 3346 1786; x_wconf 76' lang='grc' dir='ltr'>ὁμότιμος</span> <span class='ocrx_word' id='word_1_239' title='bbox 3375 1717 3402 1770; x_wconf 84' lang='grc' dir='ltr'><strong>ό</strong></span> <span class='ocrx_word' id='word_1_240' title='bbox 3427 1715 3530 1771; x_wconf 71' lang='grc' dir='ltr'><strong>ἄν·</strong></span> 
     </span>
    </p>
   </div>
   <div class='ocr_carea' id='block_1_34' title="bbox 266 1805 1845 1879">
    <p class='ocr_par' dir='ltr' id='par_1_34' title="bbox 266 1805 1845 1879">
     <span class='ocr_line' id='line_1_34' title="bbox 266 1805 1845 1879; baseline -0.004 -15"><span class='ocrx_word' id='word_1_241' title='bbox 266 1818 432 1879; x_wconf 80' lang='lat' dir='ltr'><strong>atque</strong></span> <span class='ocrx_word' id='word_1_242' title='bbox 469 1809 614 1862; x_wconf 88' lang='lat' dir='ltr'><strong>Deus</strong></span> <span class='ocrx_word' id='word_1_243' title='bbox 644 1823 752 1861; x_wconf 90' lang='lat' dir='ltr'><strong>non</strong></span> <span class='ocrx_word' id='word_1_244' title='bbox 784 1816 872 1874; x_wconf 76' lang='lat' dir='ltr'><strong>est</strong></span> <span class='ocrx_word' id='word_1_245' title='bbox 917 1805 1119 1876; x_wconf 80' lang='lat' dir='ltr'><strong>dignus</strong></span> <span class='ocrx_word' id='word_1_246' title='bbox 1157 1806 1346 1868; x_wconf 89' lang='lat' dir='ltr'><strong>homo,</strong></span> <span class='ocrx_word' id='word_1_247' title='bbox 1391 1805 1590 1858; x_wconf 90' lang='lat' dir='ltr'><strong>merito</strong></span> <span class='ocrx_word' id='word_1_248' title='bbox 1632 1805 1845 1873; x_wconf 84' lang='lat' dir='ltr'><strong>respuit</strong></span> 
     </span>
    </p>
   </div>
   <div class='ocr_carea' id='block_1_35' title="bbox 266 1893 1845 1970">
    <p class='ocr_par' dir='ltr' id='par_1_35' title="bbox 266 1893 1845 1970">
     <span class='ocr_line' id='line_1_35' title="bbox 266 1893 1845 1970; baseline -0.005 -16"><span class='ocrx_word' id='word_1_249' title='bbox 266 1897 551 1970; x_wconf 63' lang='lat' dir='ltr'><strong>Egyptins</strong></span> <span class='ocrx_word' id='word_1_250' title='bbox 573 1896 950 1952; x_wconf 87' lang='lat' dir='ltr'><strong>adorationem</strong></span> <span class='ocrx_word' id='word_1_251' title='bbox 974 1913 988 1960; x_wconf 92' lang='lat'><strong>;</strong></span> <span class='ocrx_word' id='word_1_252' title='bbox 1014 1895 1060 1949; x_wconf 90' lang='lat' dir='ltr'><strong>si</strong></span> <span class='ocrx_word' id='word_1_253' title='bbox 1083 1905 1266 1949; x_wconf 86' lang='lat' dir='ltr'><strong>autem</strong></span> <span class='ocrx_word' id='word_1_254' title='bbox 1291 1894 1510 1964; x_wconf 79' lang='lat' dir='ltr'><strong>dignus,</strong></span> <span class='ocrx_word' id='word_1_255' title='bbox 1538 1893 1845 1948; x_wconf 88' lang='lat' dir='ltr'><strong>necessario</strong></span> 
     </span>
    </p>
   </div>
   <div class='ocr_carea' id='block_1_36' title="bbox 267 1985 1846 2058">
    <p class='ocr_par' dir='ltr' id='par_1_36' title="bbox 267 1985 1846 2058">
     <span class='ocr_line' id='line_1_36' title="bbox 267 1985 1846 2058; baseline -0.004 -13"><span class='ocrx_word' id='word_1_256' title='bbox 267 1989 551 2052; x_wconf 72' lang='lat' dir='ltr'><strong>adoretur,</strong></span> <span class='ocrx_word' id='word_1_257' title='bbox 575 1996 631 2043; x_wconf 89' lang='lat' dir='ltr'><strong>et</strong></span> <span class='ocrx_word' id='word_1_258' title='bbox 659 1987 823 2057; x_wconf 90' lang='lat' dir='ltr'><strong>impie</strong></span> <span class='ocrx_word' id='word_1_259' title='bbox 855 1987 1018 2042; x_wconf 83' lang='lat' dir='ltr'><strong>docet</strong></span> <span class='ocrx_word' id='word_1_260' title='bbox 1041 1985 1345 2058; x_wconf 63' lang='lat' dir='ltr'><strong>Egyplius.</strong></span> <span class='ocrx_word' id='word_1_261' title='bbox 1376 1985 1846 2052; x_wconf 87' lang='lat' dir='ltr'><strong>Quemadmodum</strong></span> 
     </span>
    </p>
   </div>
   <div class='ocr_carea' id='block_1_37' title="bbox 269 2077 1846 2140">
    <p class='ocr_par' dir='ltr' id='par_1_37' title="bbox 269 2077 1846 2140">
     <span class='ocr_line' id='line_1_37' title="bbox 269 2077 1846 2140; baseline -0.003 -6"><span class='ocrx_word' id='word_1_262' title='bbox 269 2095 396 2134; x_wconf 90' lang='lat' dir='ltr'><strong>cum</strong></span> <span class='ocrx_word' id='word_1_263' title='bbox 445 2079 740 2134; x_wconf 82' lang='lat' dir='ltr'><strong>adoramus</strong></span> <span class='ocrx_word' id='word_1_264' title='bbox 791 2080 960 2134; x_wconf 89' lang='lat' dir='ltr'><strong>Deum</strong></span> <span class='ocrx_word' id='word_1_265' title='bbox 993 2087 1052 2132; x_wconf 91' lang='lat' dir='ltr'><strong>ut</strong></span> <span class='ocrx_word' id='word_1_266' title='bbox 1081 2077 1414 2132; x_wconf 86' lang='lat' dir='ltr'><strong>adurandam</strong></span> <span class='ocrx_word' id='word_1_267' title='bbox 1441 2085 1714 2140; x_wconf 86' lang='lat' dir='ltr'><strong>naturam,</strong></span> <span class='ocrx_word' id='word_1_268' title='bbox 1737 2092 1846 2130; x_wconf 91' lang='lat' dir='ltr'><strong>non</strong></span> 
     </span>
    </p>
   </div>
   <div class='ocr_carea' id='block_1_38' title="bbox 269 2168 1848 2242">
    <p class='ocr_par' dir='ltr' id='par_1_38' title="bbox 269 2168 1848 2242">
     <span class='ocr_line' id='line_1_38' title="bbox 269 2168 1848 2242; baseline -0.003 -16"><span class='ocrx_word' id='word_1_269' title='bbox 269 2180 356 2232; x_wconf 72' lang='lat' dir='ltr'><strong>est</strong></span> <span class='ocrx_word' id='word_1_270' title='bbox 403 2187 542 2242; x_wconf 86' lang='lat' dir='ltr'><strong>opus</strong></span> <span class='ocrx_word' id='word_1_271' title='bbox 567 2171 773 2240; x_wconf 87' lang='lat' dir='ltr'><strong>triplici</strong></span> <span class='ocrx_word' id='word_1_272' title='bbox 817 2171 1138 2225; x_wconf 87' lang='lat' dir='ltr'><strong>adoratione</strong></span> <span class='ocrx_word' id='word_1_273' title='bbox 1173 2179 1286 2224; x_wconf 88' lang='lat' dir='ltr'><strong>tres</strong></span> <span class='ocrx_word' id='word_1_274' title='bbox 1323 2168 1535 2223; x_wconf 83' lang='lat' dir='ltr'><strong>divinas</strong></span> <span class='ocrx_word' id='word_1_275' title='bbox 1585 2182 1848 2237; x_wconf 84' lang='lat' dir='ltr'><strong>personas</strong></span> 
     </span>
    </p>
   </div>
   <div class='ocr_carea' id='block_1_39' title="bbox 269 2258 1846 2333">
    <p class='ocr_par' dir='ltr' id='par_1_39' title="bbox 269 2258 1846 2333">
     <span class='ocr_line' id='line_1_39' title="bbox 269 2258 1846 2333; baseline -0.004 -14"><span class='ocrx_word' id='word_1_276' title='bbox 269 2263 522 2333; x_wconf 79' lang='lat' dir='ltr'><strong>adorare,</strong></span> <span class='ocrx_word' id='word_1_277' title='bbox 569 2263 666 2318; x_wconf 88' lang='lat' dir='ltr'><strong>sed</strong></span> <span class='ocrx_word' id='word_1_278' title='bbox 713 2277 821 2316; x_wconf 88' lang='lat' dir='ltr'><strong>una</strong></span> <span class='ocrx_word' id='word_1_279' title='bbox 875 2271 1089 2316; x_wconf 88' lang='lat' dir='ltr'><strong>tantum</strong></span> <span class='ocrx_word' id='word_1_280' title='bbox 1119 2260 1438 2316; x_wconf 82' lang='lat' dir='ltr'><strong>adoratinne</strong></span> <span class='ocrx_word' id='word_1_281' title='bbox 1473 2258 1734 2314; x_wconf 89' lang='lat' dir='ltr'><strong>adoratur</strong></span> <span class='ocrx_word' id='word_1_282' title='bbox 1761 2267 1846 2312; x_wconf 89' lang='lat' dir='ltr'><strong>to-</strong></span> 
     </span>
    </p>
   </div>
   <div class='ocr_carea' id='block_1_40' title="bbox 267 2348 1848 2419">
    <p class='ocr_par' dir='ltr' id='par_1_40' title="bbox 267 2348 1848 2419">
     <span class='ocr_line' id='line_1_40' title="bbox 267 2348 1848 2419; baseline -0.004 -11"><span class='ocrx_word' id='word_1_283' title='bbox 267 2354 454 2408; x_wconf 85' lang='lat' dir='ltr'><strong>talitas</strong></span> <span class='ocrx_word' id='word_1_284' title='bbox 495 2353 590 2408; x_wconf 87' lang='lat' dir='ltr'><strong>Dei</strong></span> <span class='ocrx_word' id='word_1_285' title='bbox 644 2361 843 2408; x_wconf 85' lang='lat' dir='ltr'><strong>natura</strong></span> <span class='ocrx_word' id='word_1_286' title='bbox 886 2351 1175 2416; x_wconf 87' lang='lat' dir='ltr'><strong>adorandi,</strong></span> <span class='ocrx_word' id='word_1_287' title='bbox 1225 2351 1296 2406; x_wconf 89' lang='lat' dir='ltr'><strong>ita</strong></span> <span class='ocrx_word' id='word_1_288' title='bbox 1341 2359 1425 2405; x_wconf 89' lang='lat' dir='ltr'><strong>est</strong></span> <span class='ocrx_word' id='word_1_289' title='bbox 1461 2358 1728 2419; x_wconf 87' lang='lat' dir='ltr'><strong>quantum</strong></span> <span class='ocrx_word' id='word_1_290' title='bbox 1779 2348 1848 2403; x_wconf 89' lang='lat' dir='ltr'><strong>ad</strong></span> 
     </span>
    </p>
   </div>
   <div class='ocr_carea' id='block_1_41' title="bbox 267 2439 1848 2512">
    <p class='ocr_par' dir='ltr' id='par_1_41' title="bbox 267 2439 1848 2512">
     <span class='ocr_line' id='line_1_41' title="bbox 267 2439 1848 2512; baseline -0.003 -13"><span class='ocrx_word' id='word_1_291' title='bbox 267 2444 753 2508; x_wconf 82' lang='lat' dir='ltr'><strong>incarnationem;</strong></span> <span class='ocrx_word' id='word_1_292' title='bbox 799 2443 844 2496; x_wconf 92' lang='lat' dir='ltr'><strong>si</strong></span> <span class='ocrx_word' id='word_1_293' title='bbox 898 2443 966 2496; x_wconf 89' lang='lat' dir='ltr'><strong>ad</strong></span> <span class='ocrx_word' id='word_1_294' title='bbox 1021 2457 1314 2512; x_wconf 87' lang='lat' dir='ltr'><strong>personam</strong></span> <span class='ocrx_word' id='word_1_295' title='bbox 1369 2439 1529 2496; x_wconf 72' lang='lat' dir='ltr'><strong>Verbi</strong></span> <span class='ocrx_word' id='word_1_296' title='bbox 1579 2439 1848 2494; x_wconf 74' lang='lat' dir='ltr'><strong>inrarnati</strong></span> 
     </span>
    </p>
   </div>
   <div class='ocr_carea' id='block_1_42' title="bbox 267 2530 1848 2608">
    <p class='ocr_par' dir='ltr' id='par_1_42' title="bbox 267 2530 1848 2608">
     <span class='ocr_line' id='line_1_42' title="bbox 267 2530 1848 2608; baseline -0.004 -18"><span class='ocrx_word' id='word_1_297' title='bbox 267 2535 646 2608; x_wconf 75' lang='lat' dir='ltr'><strong>adorationem</strong></span> <span class='ocrx_word' id='word_1_298' title='bbox 671 2533 987 2598; x_wconf 83' lang='lat' dir='ltr'><strong>referimus,</strong></span> <span class='ocrx_word' id='word_1_299' title='bbox 1013 2549 1124 2586; x_wconf 89' lang='lat' dir='ltr'><strong>non</strong></span> <span class='ocrx_word' id='word_1_300' title='bbox 1150 2541 1234 2586; x_wconf 87' lang='lat' dir='ltr'><strong>est</strong></span> <span class='ocrx_word' id='word_1_301' title='bbox 1263 2531 1634 2586; x_wconf 86' lang='lat' dir='ltr'><strong>necessarium</strong></span> <span class='ocrx_word' id='word_1_302' title='bbox 1663 2530 1848 2585; x_wconf 86' lang='lat' dir='ltr'><strong>dicere</strong></span> 
     </span>
    </p>
   </div>
   <div class='ocr_carea' id='block_1_43' title="bbox 267 2623 1850 2697">
    <p class='ocr_par' dir='ltr' id='par_1_43' title="bbox 267 2623 1850 2697">
     <span class='ocr_line' id='line_1_43' title="bbox 267 2623 1850 2697; baseline -0.001 -17"><span class='ocrx_word' id='word_1_303' title='bbox 267 2625 417 2697; x_wconf 89' lang='lat' dir='ltr'><strong>quod</strong></span> <span class='ocrx_word' id='word_1_304' title='bbox 468 2625 574 2680; x_wconf 89' lang='lat' dir='ltr'><strong>hoc</strong></span> <span class='ocrx_word' id='word_1_305' title='bbox 627 2625 684 2679; x_wconf 90' lang='lat' dir='ltr'><strong>in</strong></span> <span class='ocrx_word' id='word_1_306' title='bbox 731 2624 954 2680; x_wconf 86' lang='lat' dir='ltr'><strong>Christo</strong></span> <span class='ocrx_word' id='word_1_307' title='bbox 1006 2625 1091 2678; x_wconf 84' lang='lat' dir='ltr'><strong>vel</strong></span> <span class='ocrx_word' id='word_1_308' title='bbox 1129 2625 1262 2679; x_wconf 88' lang='lat' dir='ltr'><strong>illud</strong></span> <span class='ocrx_word' id='word_1_309' title='bbox 1307 2624 1590 2688; x_wconf 89' lang='lat' dir='ltr'><strong>adoratur,</strong></span> <span class='ocrx_word' id='word_1_310' title='bbox 1623 2623 1720 2680; x_wconf 86' lang='lat' dir='ltr'><strong>sed</strong></span> <span class='ocrx_word' id='word_1_311' title='bbox 1751 2639 1850 2694; x_wconf 86' lang='lat' dir='ltr'><strong>per</strong></span> 
     </span>
    </p>
   </div>
   <div class='ocr_carea' id='block_1_44' title="bbox 267 2711 1848 2782">
    <p class='ocr_par' dir='ltr' id='par_1_44' title="bbox 267 2711 1848 2782">
     <span class='ocr_line' id='line_1_44' title="bbox 267 2711 1848 2782; baseline -0.003 -12"><span class='ocrx_word' id='word_1_312' title='bbox 267 2713 654 2770; x_wconf 78' lang='lat' dir='ltr'><strong>adorationem</strong></span> <span class='ocrx_word' id='word_1_313' title='bbox 709 2711 878 2767; x_wconf 89' lang='lat' dir='ltr'><strong>unius</strong></span> <span class='ocrx_word' id='word_1_314' title='bbox 933 2727 1216 2782; x_wconf 65' lang='lat' dir='ltr'><strong>personae,</strong></span> <span class='ocrx_word' id='word_1_315' title='bbox 1271 2729 1380 2766; x_wconf 89' lang='lat' dir='ltr'><strong>una</strong></span> <span class='ocrx_word' id='word_1_316' title='bbox 1429 2712 1616 2776; x_wconf 79' lang='lat' dir='ltr'><strong>Verbi,</strong></span> <span class='ocrx_word' id='word_1_317' title='bbox 1683 2713 1848 2766; x_wconf 89' lang='lat' dir='ltr'><strong>etiam</strong></span> 
     </span>
    </p>
   </div>
   <div class='ocr_carea' id='block_1_45' title="bbox 269 2799 1848 2871">
    <p class='ocr_par' dir='ltr' id='par_1_45' title="bbox 269 2799 1848 2871">
     <span class='ocr_line' id='line_1_45' title="bbox 269 2799 1848 2871; baseline -0.001 -15"><span class='ocrx_word' id='word_1_318' title='bbox 269 2802 564 2864; x_wconf 85' lang='lat' dir='ltr'><strong>incarnati,</strong></span> <span class='ocrx_word' id='word_1_319' title='bbox 628 2816 864 2871; x_wconf 88' lang='lat' dir='ltr'><strong>persona</strong></span> <span class='ocrx_word' id='word_1_320' title='bbox 922 2801 1204 2865; x_wconf 85' lang='lat' dir='ltr'><strong>adoratur,</strong></span> <span class='ocrx_word' id='word_1_321' title='bbox 1255 2801 1300 2855; x_wconf 88' lang='lat' dir='ltr'><strong>si</strong></span> <span class='ocrx_word' id='word_1_322' title='bbox 1343 2799 1542 2855; x_wconf 87' lang='lat' dir='ltr'><strong>adoras</strong></span> <span class='ocrx_word' id='word_1_323' title='bbox 1596 2811 1848 2856; x_wconf 87' lang='lat' dir='ltr'><strong>naturam</strong></span> 
     </span>
    </p>
   </div>
   <div class='ocr_carea' id='block_1_46' title="bbox 267 2891 1851 2962">
    <p class='ocr_par' dir='ltr' id='par_1_46' title="bbox 267 2891 1851 2962">
     <span class='ocr_line' id='line_1_46' title="bbox 267 2891 1851 2962; baseline -0.001 -13"><span class='ocrx_word' id='word_1_324' title='bbox 267 2892 456 2958; x_wconf 68' lang='lat' dir='ltr'><strong>Verbi,</strong></span> <span class='ocrx_word' id='word_1_325' title='bbox 491 2893 708 2947; x_wconf 83' lang='lat' dir='ltr'><strong>Patrem</strong></span> <span class='ocrx_word' id='word_1_326' title='bbox 740 2908 962 2962; x_wconf 84' lang='lat' dir='ltr'><strong>quoque</strong></span> <span class='ocrx_word' id='word_1_327' title='bbox 1009 2899 1066 2946; x_wconf 89' lang='lat' dir='ltr'><strong>et</strong></span> <span class='ocrx_word' id='word_1_328' title='bbox 1113 2891 1381 2962; x_wconf 90' lang='lat' dir='ltr'><strong>Spiritum</strong></span> <span class='ocrx_word' id='word_1_329' title='bbox 1417 2903 1666 2948; x_wconf 83' lang='lat' dir='ltr'><strong>sanctum</strong></span> <span class='ocrx_word' id='word_1_330' title='bbox 1704 2893 1759 2948; x_wconf 89' lang='lat' dir='ltr'><strong>in</strong></span> <span class='ocrx_word' id='word_1_331' title='bbox 1783 2909 1851 2948; x_wconf 88' lang='lat' dir='ltr'><strong>eo</strong></span> 
     </span>
    </p>
   </div>
   <div class='ocr_carea' id='block_1_47' title="bbox 268 2977 1849 3054">
    <p class='ocr_par' dir='ltr' id='par_1_47' title="bbox 268 2977 1849 3054">
     <span class='ocr_line' id='line_1_47' title="bbox 268 2977 1849 3054; baseline 0.001 -16"><span class='ocrx_word' id='word_1_332' title='bbox 268 2983 506 3051; x_wconf 86' lang='lat' dir='ltr'><strong>adoras;</strong></span> <span class='ocrx_word' id='word_1_333' title='bbox 561 2982 656 3038; x_wconf 89' lang='lat' dir='ltr'><strong>ubi</strong></span> <span class='ocrx_word' id='word_1_334' title='bbox 695 2993 878 3038; x_wconf 80' lang='lat' dir='ltr'><strong>autrm</strong></span> <span class='ocrx_word' id='word_1_335' title='bbox 929 2983 1090 3038; x_wconf 88' lang='lat' dir='ltr'><strong>Pater</strong></span> <span class='ocrx_word' id='word_1_336' title='bbox 1147 2993 1202 3038; x_wconf 93' lang='lat' dir='ltr'><strong>et</strong></span> <span class='ocrx_word' id='word_1_337' title='bbox 1242 2977 1485 3054; x_wconf 77' lang='lat' dir='ltr'><strong>Spiritus</strong></span> <span class='ocrx_word' id='word_1_338' title='bbox 1523 2985 1578 3038; x_wconf 87' lang='lat' dir='ltr'><strong>in</strong></span> <span class='ocrx_word' id='word_1_339' title='bbox 1625 2984 1849 3039; x_wconf 87' lang='lat' dir='ltr'><strong>adorata</strong></span> 
     </span>
    </p>
   </div>
   <div class='ocr_carea' id='block_1_48' title="bbox 269 3075 970 3140">
    <p class='ocr_par' dir='ltr' id='par_1_48' title="bbox 269 3075 970 3140">
     <span class='ocr_line' id='line_1_48' title="bbox 269 3075 970 3140; baseline -0.006 -7"><span class='ocrx_word' id='word_1_340' title='bbox 269 3077 496 3133; x_wconf 87' lang='lat' dir='ltr'><strong>Unitate</strong></span> <span class='ocrx_word' id='word_1_341' title='bbox 545 3075 914 3132; x_wconf 86' lang='lat' dir='ltr'><strong>intenduntur</strong></span> <span class='ocrx_word' id='word_1_342' title='bbox 953 3117 970 3140; x_wconf 93' lang='lat'><strong>,</strong></span> 
     </span>
    </p>
   </div>
   <div class='ocr_carea' id='block_1_49' title="bbox 267 3165 1846 3236">
    <p class='ocr_par' dir='ltr' id='par_1_49' title="bbox 267 3165 1846 3236">
     <span class='ocr_line' id='line_1_49' title="bbox 267 3165 1846 3236; baseline -0.001 -14"><span class='ocrx_word' id='word_1_343' title='bbox 267 3181 400 3222; x_wconf 84' lang='lat' dir='ltr'><strong>caro</strong></span> <span class='ocrx_word' id='word_1_344' title='bbox 429 3183 497 3222; x_wconf 92' lang='lat' dir='ltr'><strong>eo</strong></span> <span class='ocrx_word' id='word_1_345' title='bbox 539 3165 704 3222; x_wconf 90' lang='lat' dir='ltr'><strong>modo</strong></span> <span class='ocrx_word' id='word_1_346' title='bbox 738 3174 798 3220; x_wconf 92' lang='lat' dir='ltr'><strong>ut</strong></span> <span class='ocrx_word' id='word_1_347' title='bbox 836 3165 1098 3221; x_wconf 87' lang='lat' dir='ltr'><strong>adoretur</strong></span> <span class='ocrx_word' id='word_1_348' title='bbox 1148 3175 1405 3236; x_wconf 87' lang='lat' dir='ltr'><strong>tanquam</strong></span> <span class='ocrx_word' id='word_1_349' title='bbox 1453 3165 1518 3220; x_wconf 91' lang='lat' dir='ltr'><strong>ad</strong></span> <span class='ocrx_word' id='word_1_350' title='bbox 1567 3165 1846 3222; x_wconf 85' lang='lat' dir='ltr'><strong>Unitatem</strong></span> 
     </span>
    </p>
   </div>
   <div class='ocr_carea' id='block_1_50' title="bbox 268 3257 1852 3330">
    <p class='ocr_par' dir='ltr' id='par_1_50' title="bbox 268 3257 1852 3330">
     <span class='ocr_line' id='line_1_50' title="bbox 268 3257 1852 3330; baseline 0.001 -18"><span class='ocrx_word' id='word_1_351' title='bbox 268 3259 574 3330; x_wconf 87' lang='lat' dir='ltr'><strong>pertinens.</strong></span> <span class='ocrx_word' id='word_1_352' title='bbox 601 3259 832 3328; x_wconf 87' lang='lat' dir='ltr'><strong>Oportet</strong></span> <span class='ocrx_word' id='word_1_353' title='bbox 879 3273 1010 3328; x_wconf 77' lang='lat' dir='ltr'><strong>ergo</strong></span> <span class='ocrx_word' id='word_1_354' title='bbox 1045 3257 1222 3312; x_wconf 90' lang='lat' dir='ltr'><strong>tribus</strong></span> <span class='ocrx_word' id='word_1_355' title='bbox 1247 3257 1548 3326; x_wconf 80' lang='lat' dir='ltr'><strong>:equalibus</strong></span> <span class='ocrx_word' id='word_1_356' title='bbox 1577 3257 1852 3314; x_wconf 86' lang='lat' dir='ltr'><strong>adoratio-</strong></span> 
     </span>
    </p>
   </div>
   <div class='ocr_carea' id='block_1_51' title="bbox 267 3347 1848 3424">
    <p class='ocr_par' dir='ltr' id='par_1_51' title="bbox 267 3347 1848 3424">
     <span class='ocr_line' id='line_1_51' title="bbox 267 3347 1848 3424; baseline 0.001 -22"><span class='ocrx_word' id='word_1_357' title='bbox 267 3348 436 3404; x_wconf 88' lang='lat' dir='ltr'><strong>nibus</strong></span> <span class='ocrx_word' id='word_1_358' title='bbox 489 3357 604 3404; x_wconf 87' lang='lat' dir='ltr'><strong>tres</strong></span> <span class='ocrx_word' id='word_1_359' title='bbox 655 3347 872 3403; x_wconf 88' lang='lat' dir='ltr'><strong>divinas</strong></span> <span class='ocrx_word' id='word_1_360' title='bbox 920 3363 1186 3424; x_wconf 87' lang='lat' dir='ltr'><strong>personas</strong></span> <span class='ocrx_word' id='word_1_361' title='bbox 1230 3348 1460 3404; x_wconf 82' lang='lat' dir='ltr'><strong>addrare</strong></span> <span class='ocrx_word' id='word_1_362' title='bbox 1495 3367 1508 3402; x_wconf 88' lang='lat'><strong>:</strong></span> <span class='ocrx_word' id='word_1_363' title='bbox 1539 3347 1724 3402; x_wconf 90' lang='lat' dir='ltr'><strong>divina</strong></span> <span class='ocrx_word' id='word_1_364' title='bbox 1748 3363 1848 3403; x_wconf 87' lang='lat' dir='ltr'><strong>au-</strong></span> 
     </span>
    </p>
   </div>
   <div class='ocr_carea' id='block_1_52' title="bbox 268 3440 1848 3510">
    <p class='ocr_par' dir='ltr' id='par_1_52' title="bbox 268 3440 1848 3510">
     <span class='ocr_line' id='line_1_52' title="bbox 268 3440 1848 3510; baseline 0 -14"><span class='ocrx_word' id='word_1_365' title='bbox 268 3448 380 3496; x_wconf 87' lang='lat' dir='ltr'><strong>tem</strong></span> <span class='ocrx_word' id='word_1_366' title='bbox 441 3455 592 3502; x_wconf 89' lang='lat' dir='ltr'><strong>caro,</strong></span> <span class='ocrx_word' id='word_1_367' title='bbox 647 3441 778 3510; x_wconf 88' lang='lat' dir='ltr'><strong>quia</strong></span> <span class='ocrx_word' id='word_1_368' title='bbox 833 3455 1023 3495; x_wconf 87' lang='lat' dir='ltr'><strong>earum</strong></span> <span class='ocrx_word' id='word_1_369' title='bbox 1075 3440 1376 3503; x_wconf 82' lang='lat' dir='ltr'><strong>divinitati,</strong></span> <span class='ocrx_word' id='word_1_370' title='bbox 1431 3441 1707 3510; x_wconf 86' lang='lat' dir='ltr'><strong>particeps</strong></span> <span class='ocrx_word' id='word_1_371' title='bbox 1763 3450 1848 3496; x_wconf 91' lang='lat' dir='ltr'><strong>est</strong></span> 
     </span>
    </p>
   </div>
   <div class='ocr_carea' id='block_1_53' title="bbox 267 3517 1846 3602">
    <p class='ocr_par' dir='ltr' id='par_1_53' title="bbox 267 3517 1846 3602">
     <span class='ocr_line' id='line_1_53' title="bbox 267 3517 1846 3602; baseline 0 -14"><span class='ocrx_word' id='word_1_372' title='bbox 267 3542 467 3589; x_wconf 88' lang='lat' dir='ltr'><strong>natura</strong></span> <span class='ocrx_word' id='word_1_373' title='bbox 519 3532 821 3587; x_wconf 83' lang='lat' dir='ltr'><strong>secundum</strong></span> <span class='ocrx_word' id='word_1_374' title='bbox 874 3547 1188 3602; x_wconf 82' lang='lat' dir='ltr'><strong>personam,</strong></span> <span class='ocrx_word' id='word_1_375' title='bbox 1235 3531 1497 3586; x_wconf 84' lang='lat' dir='ltr'><strong>videlicet</strong></span> <span class='ocrx_word' id='word_1_376' title='bbox 1547 3517 1756 3586; x_wconf 21' lang='lat' dir='ltr'><strong>earum.</strong></span> <span class='ocrx_word' id='word_1_377' title='bbox 1791 3533 1846 3588; x_wconf 92' lang='lat' dir='ltr'><strong>in</strong></span> 
     </span>
    </p>
   </div>
   <div class='ocr_carea' id='block_1_54' title="bbox 270 3621 1842 3692">
    <p class='ocr_par' dir='ltr' id='par_1_54' title="bbox 270 3621 1842 3692">
     <span class='ocr_line' id='line_1_54' title="bbox 270 3621 1842 3692; baseline -0.001 -14"><span class='ocrx_word' id='word_1_378' title='bbox 270 3639 380 3678; x_wconf 87' lang='lat' dir='ltr'><strong>una</strong></span> <span class='ocrx_word' id='word_1_379' title='bbox 420 3623 838 3692; x_wconf 87' lang='lat' dir='ltr'><strong>comprehensa,</strong></span> <span class='ocrx_word' id='word_1_380' title='bbox 895 3631 952 3677; x_wconf 90' lang='lat' dir='ltr'><strong>et</strong></span> <span class='ocrx_word' id='word_1_381' title='bbox 1000 3638 1157 3678; x_wconf 89' lang='lat' dir='ltr'><strong>sacra</strong></span> <span class='ocrx_word' id='word_1_382' title='bbox 1206 3621 1508 3676; x_wconf 82' lang='lat' dir='ltr'><strong>divinitatis</strong></span> <span class='ocrx_word' id='word_1_383' title='bbox 1562 3623 1615 3676; x_wconf 89' lang='lat' dir='ltr'><strong>in</strong></span> <span class='ocrx_word' id='word_1_384' title='bbox 1668 3630 1842 3691; x_wconf 84' lang='lat' dir='ltr'><strong>postc-</strong></span> 
     </span>
    </p>
   </div>
   <div class='ocr_carea' id='block_1_55' title="bbox 269 3711 1848 3784">
    <p class='ocr_par' dir='ltr' id='par_1_55' title="bbox 269 3711 1848 3784">
     <span class='ocr_line' id='line_1_55' title="bbox 269 3711 1848 3784; baseline -0.001 -16"><span class='ocrx_word' id='word_1_385' title='bbox 269 3727 394 3769; x_wconf 64' lang='lat' dir='ltr'><strong>tam</strong></span> <span class='ocrx_word' id='word_1_386' title='bbox 430 3713 658 3784; x_wconf 87' lang='lat' dir='ltr'><strong>recepit,</strong></span> <span class='ocrx_word' id='word_1_387' title='bbox 713 3713 988 3768; x_wconf 87' lang='lat' dir='ltr'><strong>adoranda</strong></span> <span class='ocrx_word' id='word_1_388' title='bbox 1034 3723 1121 3768; x_wconf 89' lang='lat' dir='ltr'><strong>est</strong></span> <span class='ocrx_word' id='word_1_389' title='bbox 1180 3711 1234 3766; x_wconf 91' lang='lat' dir='ltr'><strong>in</strong></span> <span class='ocrx_word' id='word_1_390' title='bbox 1280 3711 1422 3767; x_wconf 84' lang='lat' dir='ltr'><strong>Filio</strong></span> <span class='ocrx_word' id='word_1_391' title='bbox 1471 3728 1614 3779; x_wconf 88' lang='lat' dir='ltr'><strong>uno;</strong></span> <span class='ocrx_word' id='word_1_392' title='bbox 1653 3713 1706 3766; x_wconf 91' lang='lat' dir='ltr'><strong>in</strong></span> <span class='ocrx_word' id='word_1_393' title='bbox 1749 3727 1848 3767; x_wconf 85' lang='lat' dir='ltr'><strong>no—</strong></span> 
     </span>
    </p>
   </div>
   <div class='ocr_carea' id='block_1_56' title="bbox 269 3796 1846 3874">
    <p class='ocr_par' dir='ltr' id='par_1_56' title="bbox 269 3796 1846 3874">
     <span class='ocr_line' id='line_1_56' title="bbox 269 3796 1846 3874; baseline 0 -14"><span class='ocrx_word' id='word_1_394' title='bbox 269 3805 419 3860; x_wconf 87' lang='lat' dir='ltr'><strong>mine</strong></span> <span class='ocrx_word' id='word_1_395' title='bbox 446 3796 616 3860; x_wconf 45' lang='lat' dir='ltr'><strong>&#39;enim</strong></span> <span class='ocrx_word' id='word_1_396' title='bbox 645 3803 775 3860; x_wconf 83' lang='lat' dir='ltr'><strong>Jesu</strong></span> <span class='ocrx_word' id='word_1_397' title='bbox 808 3819 972 3860; x_wconf 90' lang='lat' dir='ltr'><strong>omne</strong></span> <span class='ocrx_word' id='word_1_398' title='bbox 1009 3820 1150 3874; x_wconf 81' lang='lat' dir='ltr'><strong>genu</strong></span> <span class='ocrx_word' id='word_1_399' title='bbox 1179 3803 1466 3870; x_wconf 82' lang='lat' dir='ltr'><strong>ﬂectetur;</strong></span> <span class='ocrx_word' id='word_1_400' title='bbox 1504 3805 1630 3874; x_wconf 87' lang='lat' dir='ltr'><strong>quia</strong></span> <span class='ocrx_word' id='word_1_401' title='bbox 1667 3807 1718 3861; x_wconf 91' lang='lat' dir='ltr'><strong>ei</strong></span> <span class='ocrx_word' id='word_1_402' title='bbox 1747 3805 1846 3860; x_wconf 87' lang='lat' dir='ltr'><strong>da-</strong></span> 
     </span>
    </p>
   </div>
   <div class='ocr_carea' id='block_1_57' title="bbox 269 3895 1846 3964">
    <p class='ocr_par' dir='ltr' id='par_1_57' title="bbox 269 3895 1846 3964">
     <span class='ocr_line' id='line_1_57' title="bbox 269 3895 1846 3964; baseline 0.001 -14"><span class='ocrx_word' id='word_1_403' title='bbox 269 3903 390 3952; x_wconf 85' lang='lat' dir='ltr'><strong>tum</strong></span> <span class='ocrx_word' id='word_1_404' title='bbox 421 3904 508 3950; x_wconf 87' lang='lat' dir='ltr'><strong>est</strong></span> <span class='ocrx_word' id='word_1_405' title='bbox 537 3910 741 3950; x_wconf 90' lang='lat' dir='ltr'><strong>nomen</strong></span> <span class='ocrx_word' id='word_1_406' title='bbox 791 3895 938 3964; x_wconf 85' lang='lat' dir='ltr'><strong>quod</strong></span> <span class='ocrx_word' id='word_1_407' title='bbox 986 3903 1067 3949; x_wconf 90' lang='lat' dir='ltr'><strong>est</strong></span> <span class='ocrx_word' id='word_1_408' title='bbox 1118 3910 1284 3964; x_wconf 89' lang='lat' dir='ltr'><strong>super</strong></span> <span class='ocrx_word' id='word_1_409' title='bbox 1325 3911 1488 3950; x_wconf 85' lang='lat' dir='ltr'><strong>omne</strong></span> <span class='ocrx_word' id='word_1_410' title='bbox 1519 3911 1740 3962; x_wconf 89' lang='lat' dir='ltr'><strong>nomen,</strong></span> <span class='ocrx_word' id='word_1_411' title='bbox 1791 3897 1846 3951; x_wconf 91' lang='lat' dir='ltr'><strong>id</strong></span> 
     </span>
    </p>
   </div>
   <div class='ocr_carea' id='block_1_58' title="bbox 265 3985 1845 4050">
    <p class='ocr_par' dir='ltr' id='par_1_58' title="bbox 265 3985 1845 4050">
     <span class='ocr_line' id='line_1_58' title="bbox 265 3985 1845 4050; baseline -0.001 -6"><span class='ocrx_word' id='word_1_412' title='bbox 265 3996 360 4044; x_wconf 84' lang='lat' dir='ltr'><strong>cst</strong></span> <span class='ocrx_word' id='word_1_413' title='bbox 405 3986 731 4050; x_wconf 88' lang='lat' dir='ltr'><strong>divinitatis,</strong></span> <span class='ocrx_word' id='word_1_414' title='bbox 759 3985 1085 4046; x_wconf 81' lang='lat' dir='ltr'><strong>naturaliter</strong></span> <span class='ocrx_word' id='word_1_415' title='bbox 1113 3995 1200 4041; x_wconf 89' lang='lat' dir='ltr'><strong>est</strong></span> <span class='ocrx_word' id='word_1_416' title='bbox 1232 3985 1598 4044; x_wconf 86' lang='lat' dir='ltr'><strong>adorandum.</strong></span> <span class='ocrx_word' id='word_1_417' title='bbox 1628 3996 1845 4042; x_wconf 85' lang='lat' dir='ltr'><strong>servata</strong></span> 
     </span>
    </p>
   </div>
   <div class='ocr_carea' id='block_1_59' title="bbox 267 4077 1846 4150">
    <p class='ocr_par' dir='ltr' id='par_1_59' title="bbox 267 4077 1846 4150">
     <span class='ocr_line' id='line_1_59' title="bbox 267 4077 1846 4150; baseline -0.001 -16"><span class='ocrx_word' id='word_1_418' title='bbox 267 4079 494 4150; x_wconf 83' lang='lat' dir='ltr'><strong>quidem</strong></span> <span class='ocrx_word' id='word_1_419' title='bbox 551 4079 786 4133; x_wconf 86' lang='lat' dir='ltr'><strong>naturali</strong></span> <span class='ocrx_word' id='word_1_420' title='bbox 839 4077 1158 4132; x_wconf 84' lang='lat' dir='ltr'><strong>diversitate</strong></span> <span class='ocrx_word' id='word_1_421' title='bbox 1190 4079 1311 4147; x_wconf 87' lang='lat' dir='ltr'><strong>ejus</strong></span> <span class='ocrx_word' id='word_1_422' title='bbox 1364 4077 1458 4147; x_wconf 91' lang='lat' dir='ltr'><strong>qui</strong></span> <span class='ocrx_word' id='word_1_423' title='bbox 1489 4077 1709 4147; x_wconf 91' lang='lat' dir='ltr'><strong>propria</strong></span> <span class='ocrx_word' id='word_1_424' title='bbox 1745 4093 1846 4132; x_wconf 85' lang='lat' dir='ltr'><strong>na-</strong></span> 
     </span>
    </p>
   </div>
   <div class='ocr_carea' id='block_1_60' title="bbox 271 4167 1837 4239">
    <p class='ocr_par' dir='ltr' id='par_1_60' title="bbox 271 4167 1837 4239">
     <span class='ocr_line' id='line_1_60' title="bbox 271 4167 1837 4239; baseline -0.003 -13"><span class='ocrx_word' id='word_1_425' title='bbox 271 4169 471 4228; x_wconf 81' lang='lat' dir='ltr'><strong>turalia</strong></span> <span class='ocrx_word' id='word_1_426' title='bbox 495 4169 721 4224; x_wconf 83' lang='lat' dir='ltr'><strong>donavit</strong></span> <span class='ocrx_word' id='word_1_427' title='bbox 745 4177 801 4224; x_wconf 91' lang='lat' dir='ltr'><strong>et</strong></span> <span class='ocrx_word' id='word_1_428' title='bbox 821 4169 940 4239; x_wconf 87' lang='lat' dir='ltr'><strong>ejus</strong></span> <span class='ocrx_word' id='word_1_429' title='bbox 960 4167 1054 4239; x_wconf 85' lang='lat' dir='ltr'><strong>qui</strong></span> <span class='ocrx_word' id='word_1_430' title='bbox 1080 4168 1320 4224; x_wconf 88' lang='lat' dir='ltr'><strong>donatus</strong></span> <span class='ocrx_word' id='word_1_431' title='bbox 1340 4175 1446 4232; x_wconf 85' lang='lat' dir='ltr'><strong>est,</strong></span> <span class='ocrx_word' id='word_1_432' title='bbox 1469 4175 1526 4222; x_wconf 88' lang='lat' dir='ltr'><strong>et</strong></span> <span class='ocrx_word' id='word_1_433' title='bbox 1557 4167 1837 4222; x_wconf 72' lang='lat' dir='ltr'><strong>divinitati</strong></span> 
     </span>
    </p>
   </div>
   <div class='ocr_carea' id='block_1_61' title="bbox 267 4257 747 4314">
    <p class='ocr_par' dir='ltr' id='par_1_61' title="bbox 267 4257 747 4314">
     <span class='ocr_line' id='line_1_61' title="bbox 267 4257 747 4314; baseline -0.006 0"><span class='ocrx_word' id='word_1_434' title='bbox 267 4267 330 4314; x_wconf 83' lang='lat' dir='ltr'><strong>et</strong></span> <span class='ocrx_word' id='word_1_435' title='bbox 375 4257 747 4314; x_wconf 87' lang='lat' dir='ltr'><strong>divinisantis.</strong></span> 
     </span>
    </p>
   </div>
   <div class='ocr_carea' id='block_1_62' title="bbox 870 4383 1232 4452">
    <p class='ocr_par' dir='ltr' id='par_1_62' title="bbox 870 4383 1232 4452">
     <span class='ocr_line' id='line_1_62' title="bbox 870 4383 1232 4452; baseline -0.003 -13"><span class='ocrx_word' id='word_1_436' title='bbox 870 4383 1028 4452; x_wconf 75' lang='lat' dir='ltr'><strong>,CAP.</strong></span> <span class='ocrx_word' id='word_1_437' title='bbox 1070 4384 1232 4438; x_wconf 82' lang='lat' dir='ltr'><strong>XLV.</strong></span> 
     </span>
    </p>
   </div>
   <div class='ocr_carea' id='block_1_63' title="bbox 1947 1807 3530 1880">
    <p class='ocr_par' dir='ltr' id='par_1_63' title="bbox 1947 1807 3530 1880">
     <span class='ocr_line' id='line_1_63' title="bbox 1947 1807 3530 1880; baseline 0.001 -20"><span class='ocrx_word' id='word_1_438' title='bbox 1947 1808 2165 1878; x_wconf 80' lang='grc' dir='ltr'>θρωπος</span> <span class='ocrx_word' id='word_1_439' title='bbox 2189 1807 2270 1878; x_wconf 84' lang='grc' dir='ltr'>τῷ</span> <span class='ocrx_word' id='word_1_440' title='bbox 2297 1807 2440 1878; x_wconf 84' lang='grc' dir='ltr'>Θεῷ,</span> <span class='ocrx_word' id='word_1_441' title='bbox 2473 1808 2697 1870; x_wconf 81' lang='grc' dir='ltr'><strong>δικαίως</strong></span> <span class='ocrx_word' id='word_1_442' title='bbox 2723 1807 3009 1862; x_wconf 72' lang='grc' dir='ltr'>διαϐάλλει</span> <span class='ocrx_word' id='word_1_443' title='bbox 3041 1809 3070 1862; x_wconf 85' lang='grc' dir='ltr'><strong>ό</strong></span> <span class='ocrx_word' id='word_1_444' title='bbox 3095 1808 3396 1876; x_wconf 72' lang='grc' dir='ltr'><strong>Αἰγύπτιος</strong></span> <span class='ocrx_word' id='word_1_445' title='bbox 3425 1808 3530 1880; x_wconf 80' lang='grc' dir='ltr'>τὴν</span> 
     </span>
    </p>
   </div>
   <div class='ocr_carea' id='block_1_64' title="bbox 1950 1899 3528 1972">
    <p class='ocr_par' dir='ltr' id='par_1_64' title="bbox 1950 1899 3528 1972">
     <span class='ocr_line' id='line_1_64' title="bbox 1950 1899 3528 1972; baseline 0.004 -22"><span class='ocrx_word' id='word_1_446' title='bbox 1950 1899 2439 1969; x_wconf 83' lang='grc' dir='ltr'>συμπροσκύνησιν</span> <span class='ocrx_word' id='word_1_447' title='bbox 2465 1917 2481 1930; x_wconf 88' lang='grc'><strong>·</strong></span> <span class='ocrx_word' id='word_1_448' title='bbox 2521 1901 2570 1952; x_wconf 84' lang='grc' dir='ltr'><strong>εἰ</strong></span> <span class='ocrx_word' id='word_1_449' title='bbox 2599 1899 2654 1952; x_wconf 79' lang='grc' dir='ltr'><strong>δὲ</strong></span> <span class='ocrx_word' id='word_1_450' title='bbox 2691 1899 2978 1969; x_wconf 76' lang='grc' dir='ltr'><strong>ὁμότιμος,</strong></span> <span class='ocrx_word' id='word_1_451' title='bbox 3015 1899 3074 1967; x_wconf 74' lang='grc' dir='ltr'><strong>ἐξ</strong></span> <span class='ocrx_word' id='word_1_452' title='bbox 3102 1900 3354 1972; x_wconf 78' lang='grc' dir='ltr'><strong>ἀνάγκης</strong></span> <span class='ocrx_word' id='word_1_453' title='bbox 3382 1918 3528 1972; x_wconf 81' lang='grc' dir='ltr'>συμ-</span> 
     </span>
    </p>
   </div>
   <div class='ocr_carea' id='block_1_65' title="bbox 1949 1989 3530 2062">
    <p class='ocr_par' dir='ltr' id='par_1_65' title="bbox 1949 1989 3530 2062">
     <span class='ocr_line' id='line_1_65' title="bbox 1949 1989 3530 2062; baseline 0.004 -21"><span class='ocrx_word' id='word_1_454' title='bbox 1949 1993 2361 2058; x_wconf 85' lang='grc' dir='ltr'>προσκυνεῖται,</span> <span class='ocrx_word' id='word_1_455' title='bbox 2391 1991 2486 2043; x_wconf 74' lang='grc' dir='ltr'><strong>καὶ</strong></span> <span class='ocrx_word' id='word_1_456' title='bbox 2513 1989 2702 2044; x_wconf 85' lang='grc' dir='ltr'>ἀσεϐεῖ</span> <span class='ocrx_word' id='word_1_457' title='bbox 2729 1990 2757 2041; x_wconf 83' lang='grc' dir='ltr'><strong>ὁ</strong></span> <span class='ocrx_word' id='word_1_458' title='bbox 2785 1989 3343 2062; x_wconf 76' lang='grc' dir='ltr'>Αἰγύπτιος.”οσπερ</span> <span class='ocrx_word' id='word_1_459' title='bbox 3365 1993 3530 2062; x_wconf 72' lang='grc' dir='ltr'>ἡνίκα</span> 
     </span>
    </p>
   </div>
   <div class='ocr_carea' id='block_1_66' title="bbox 1947 2079 3531 2152">
    <p class='ocr_par' dir='ltr' id='par_1_66' title="bbox 1947 2079 3531 2152">
     <span class='ocr_line' id='line_1_66' title="bbox 1947 2079 3531 2152; baseline 0.004 -21"><span class='ocrx_word' id='word_1_460' title='bbox 1947 2079 2021 2144; x_wconf 85' lang='grc' dir='ltr'>ὡς</span> <span class='ocrx_word' id='word_1_461' title='bbox 2053 2079 2216 2149; x_wconf 78' lang='grc' dir='ltr'>φύσιν</span> <span class='ocrx_word' id='word_1_462' title='bbox 2247 2085 2633 2152; x_wconf 78' lang='grc' dir='ltr'>προσκυνητην</span> <span class='ocrx_word' id='word_1_463' title='bbox 2659 2081 3078 2152; x_wconf 80' lang='grc' dir='ltr'>προσκυνοῦμεν</span> <span class='ocrx_word' id='word_1_464' title='bbox 3107 2082 3260 2144; x_wconf 78' lang='grc' dir='ltr'>Θεδν,</span> <span class='ocrx_word' id='word_1_465' title='bbox 3282 2084 3342 2136; x_wconf 77' lang='grc' dir='ltr'>οὐ</span> <span class='ocrx_word' id='word_1_466' title='bbox 3367 2083 3531 2152; x_wconf 76' lang='grc' dir='ltr'>χρεία</span> 
     </span>
    </p>
   </div>
   <div class='ocr_carea' id='block_1_67' title="bbox 1948 2167 3530 2240">
    <p class='ocr_par' dir='ltr' id='par_1_67' title="bbox 1948 2167 3530 2240">
     <span class='ocr_line' id='line_1_67' title="bbox 1948 2167 3530 2240; baseline 0.003 -20"><span class='ocrx_word' id='word_1_467' title='bbox 1948 2167 2096 2238; x_wconf 69' lang='grc' dir='ltr'>τρισὶ</span> <span class='ocrx_word' id='word_1_468' title='bbox 2155 2170 2584 2240; x_wconf 79' lang='grc' dir='ltr'>προσκυνήμασι</span> <span class='ocrx_word' id='word_1_469' title='bbox 2649 2171 2750 2233; x_wconf 83' lang='grc' dir='ltr'>τὰς</span> <span class='ocrx_word' id='word_1_470' title='bbox 2799 2172 2951 2239; x_wconf 82' lang='grc' dir='ltr'><strong>τρεῖς</strong></span> <span class='ocrx_word' id='word_1_471' title='bbox 3001 2170 3154 2235; x_wconf 84' lang='grc' dir='ltr'><strong>θείας</strong></span> <span class='ocrx_word' id='word_1_472' title='bbox 3199 2171 3530 2239; x_wconf 80' lang='grc' dir='ltr'>ὑποστάσεις</span> 
     </span>
    </p>
   </div>
   <div class='ocr_carea' id='block_1_68' title="bbox 1949 2261 3524 2334">
    <p class='ocr_par' dir='ltr' id='par_1_68' title="bbox 1949 2261 3524 2334">
     <span class='ocr_line' id='line_1_68' title="bbox 1949 2261 3524 2334; baseline 0.003 -23"><span class='ocrx_word' id='word_1_473' title='bbox 1949 2263 2280 2330; x_wconf 82' lang='grc' dir='ltr'>προσκυνεῖν</span> <span class='ocrx_word' id='word_1_474' title='bbox 2305 2301 2320 2325; x_wconf 92' lang='grc'><strong>,</strong></span> <span class='ocrx_word' id='word_1_475' title='bbox 2381 2261 2518 2314; x_wconf 81' lang='grc' dir='ltr'>ἀλλὰ</span> <span class='ocrx_word' id='word_1_476' title='bbox 2575 2263 2677 2332; x_wconf 80' lang='grc' dir='ltr'>μιᾷ</span> <span class='ocrx_word' id='word_1_477' title='bbox 2712 2263 3084 2332; x_wconf 85' lang='grc' dir='ltr'>προσκυνήσει</span> <span class='ocrx_word' id='word_1_478' title='bbox 3131 2263 3386 2334; x_wconf 81' lang='grc' dir='ltr'>ήόλότης</span> <span class='ocrx_word' id='word_1_479' title='bbox 3429 2262 3524 2317; x_wconf 85' lang='grc' dir='ltr'><strong>τοῦ</strong></span> 
     </span>
    </p>
   </div>
   <div class='ocr_carea' id='block_1_69' title="bbox 1950 2348 3526 2420">
    <p class='ocr_par' dir='ltr' id='par_1_69' title="bbox 1950 2348 3526 2420">
     <span class='ocr_line' id='line_1_69' title="bbox 1950 2348 3526 2420; baseline 0.003 -20"><span class='ocrx_word' id='word_1_480' title='bbox 1950 2348 2326 2420; x_wconf 85' lang='grc' dir='ltr'>προσκυνητοῦ</span> <span class='ocrx_word' id='word_1_481' title='bbox 2357 2348 2493 2403; x_wconf 87' lang='grc' dir='ltr'>Θεοῦ</span> <span class='ocrx_word' id='word_1_482' title='bbox 2529 2349 2686 2417; x_wconf 76' lang='grc' dir='ltr'>φύσει</span> <span class='ocrx_word' id='word_1_483' title='bbox 2720 2351 3162 2420; x_wconf 85' lang='grc' dir='ltr'>προσκεκύνηται</span> <span class='ocrx_word' id='word_1_484' title='bbox 3182 2392 3197 2414; x_wconf 89' lang='grc'><strong>,</strong></span> <span class='ocrx_word' id='word_1_485' title='bbox 3229 2352 3404 2416; x_wconf 70' lang='grc' dir='ltr'>οὕτως</span> <span class='ocrx_word' id='word_1_486' title='bbox 3433 2351 3526 2405; x_wconf 75' lang='grc' dir='ltr'><strong>ἐπὶ</strong></span> 
     </span>
    </p>
   </div>
   <div class='ocr_carea' id='block_1_70' title="bbox 1949 2437 3525 2514">
    <p class='ocr_par' dir='ltr' id='par_1_70' title="bbox 1949 2437 3525 2514">
     <span class='ocr_line' id='line_1_70' title="bbox 1949 2437 3525 2514; baseline 0.003 -20"><span class='ocrx_word' id='word_1_487' title='bbox 1949 2437 2052 2510; x_wconf 80' lang='grc' dir='ltr'><strong>τῆς</strong></span> <span class='ocrx_word' id='word_1_488' title='bbox 2086 2440 2400 2508; x_wconf 84' lang='grc' dir='ltr'>οἰκονομίας</span> <span class='ocrx_word' id='word_1_489' title='bbox 2425 2457 2440 2473; x_wconf 90' lang='grc'><strong>·</strong></span> <span class='ocrx_word' id='word_1_490' title='bbox 2497 2441 2548 2494; x_wconf 84' lang='grc' dir='ltr'><strong>εἰ</strong></span> <span class='ocrx_word' id='word_1_491' title='bbox 2574 2441 2649 2505; x_wconf 84' lang='grc' dir='ltr'>ὡς</span> <span class='ocrx_word' id='word_1_492' title='bbox 2678 2443 2978 2497; x_wconf 81' lang='grc' dir='ltr'>ὑποστάσει</span> <span class='ocrx_word' id='word_1_493' title='bbox 3009 2446 3076 2514; x_wconf 82' lang='grc' dir='ltr'>τῇ</span> <span class='ocrx_word' id='word_1_494' title='bbox 3108 2441 3204 2496; x_wconf 84' lang='grc' dir='ltr'><strong>τοῦ</strong></span> <span class='ocrx_word' id='word_1_495' title='bbox 3230 2443 3406 2512; x_wconf 81' lang='grc' dir='ltr'>Λόγου</span> <span class='ocrx_word' id='word_1_496' title='bbox 3431 2441 3525 2498; x_wconf 84' lang='grc' dir='ltr'><strong>τοῦ</strong></span> 
     </span>
    </p>
   </div>
   <div class='ocr_carea' id='block_1_71' title="bbox 1953 2531 3526 2606">
    <p class='ocr_par' dir='ltr' id='par_1_71' title="bbox 1953 2531 3526 2606">
     <span class='ocr_line' id='line_1_71' title="bbox 1953 2531 3526 2606; baseline 0.004 -22"><span class='ocrx_word' id='word_1_497' title='bbox 1953 2531 2379 2602; x_wconf 77' lang='grc' dir='ltr'>σεσαρκωμένου</span> <span class='ocrx_word' id='word_1_498' title='bbox 2405 2532 2781 2604; x_wconf 76' lang='grc' dir='ltr'>προσάγοιμεν</span> <span class='ocrx_word' id='word_1_499' title='bbox 2801 2532 2901 2606; x_wconf 81' lang='grc' dir='ltr'>τὴν</span> <span class='ocrx_word' id='word_1_500' title='bbox 2922 2533 3312 2606; x_wconf 83' lang='grc' dir='ltr'>προσκύνησιν.</span> <span class='ocrx_word' id='word_1_501' title='bbox 3331 2534 3392 2588; x_wconf 82' lang='grc' dir='ltr'>οὒ</span> <span class='ocrx_word' id='word_1_502' title='bbox 3410 2535 3526 2590; x_wconf 79' lang='grc' dir='ltr'>δέον</span> 
     </span>
    </p>
   </div>
   <div class='ocr_carea' id='block_1_72' title="bbox 1949 2613 3521 2698">
    <p class='ocr_par' dir='ltr' id='par_1_72' title="bbox 1949 2613 3521 2698">
     <span class='ocr_line' id='line_1_72' title="bbox 1949 2613 3521 2698; baseline 0.003 -22"><span class='ocrx_word' id='word_1_503' title='bbox 1949 2639 2002 2676; x_wconf 89' lang='grc' dir='ltr'>τι</span> <span class='ocrx_word' id='word_1_504' title='bbox 2033 2622 2212 2690; x_wconf 82' lang='grc' dir='ltr'>λέγειν</span> <span class='ocrx_word' id='word_1_505' title='bbox 2239 2622 2326 2676; x_wconf 78' lang='grc' dir='ltr'>ἓτε</span> <span class='ocrx_word' id='word_1_506' title='bbox 2333 2640 2426 2694; x_wconf 90' lang='grc' dir='ltr'><strong>ρον</strong></span> <span class='ocrx_word' id='word_1_507' title='bbox 2449 2625 2622 2695; x_wconf 75' lang='grc' dir='ltr'>ἑτέρῳ</span> <span class='ocrx_word' id='word_1_508' title='bbox 2645 2613 3186 2698; x_wconf 77' lang='grc' dir='ltr'>συμπροσκυνεῖσθαι</span> <span class='ocrx_word' id='word_1_509' title='bbox 3209 2627 3521 2698; x_wconf 79' lang='grc' dir='ltr'>ὲνΧριστῷ,</span> 
     </span>
    </p>
   </div>
   <div class='ocr_carea' id='block_1_73' title="bbox 1951 2713 3531 2790">
    <p class='ocr_par' dir='ltr' id='par_1_73' title="bbox 1951 2713 3531 2790">
     <span class='ocr_line' id='line_1_73' title="bbox 1951 2713 3531 2790; baseline 0.004 -22"><span class='ocrx_word' id='word_1_510' title='bbox 1951 2713 2088 2768; x_wconf 75' lang='grc' dir='ltr'>ἀλλὰ</span> <span class='ocrx_word' id='word_1_511' title='bbox 2140 2715 2272 2778; x_wconf 81' lang='grc' dir='ltr'>μιᾶς</span> <span class='ocrx_word' id='word_1_512' title='bbox 2324 2715 2678 2779; x_wconf 74' lang='grc' dir='ltr'>ὑποστάσεως</span> <span class='ocrx_word' id='word_1_513' title='bbox 2732 2719 3103 2790; x_wconf 82' lang='grc' dir='ltr'>προσκυνήσει</span> <span class='ocrx_word' id='word_1_514' title='bbox 3151 2719 3419 2788; x_wconf 80' lang='grc' dir='ltr'>τιμᾶσθαι</span> <span class='ocrx_word' id='word_1_515' title='bbox 3465 2719 3531 2774; x_wconf 70' lang='grc' dir='ltr'>τὸ</span> 
     </span>
    </p>
   </div>
   <div class='ocr_carea' id='block_1_74' title="bbox 1951 2806 3526 2879">
    <p class='ocr_par' dir='ltr' id='par_1_74' title="bbox 1951 2806 3526 2879">
     <span class='ocr_line' id='line_1_74' title="bbox 1951 2806 3526 2879; baseline 0.001 -19"><span class='ocrx_word' id='word_1_516' title='bbox 1951 2809 2045 2861; x_wconf 84' lang='grc' dir='ltr'><strong>τοῦ</strong></span> <span class='ocrx_word' id='word_1_517' title='bbox 2077 2807 2253 2876; x_wconf 83' lang='grc' dir='ltr'>Λόγου</span> <span class='ocrx_word' id='word_1_518' title='bbox 2287 2806 2579 2878; x_wconf 88' lang='grc' dir='ltr'>πρόσωπον</span> <span class='ocrx_word' id='word_1_519' title='bbox 2610 2806 2690 2874; x_wconf 76' lang='grc' dir='ltr'>ἓν,</span> <span class='ocrx_word' id='word_1_520' title='bbox 2725 2809 2773 2862; x_wconf 84' lang='grc' dir='ltr'><strong>εἰ</strong></span> <span class='ocrx_word' id='word_1_521' title='bbox 2805 2809 2898 2862; x_wconf 77' lang='grc' dir='ltr'><strong>καὶ</strong></span> <span class='ocrx_word' id='word_1_522' title='bbox 2931 2809 3273 2878; x_wconf 76' lang='grc' dir='ltr'>σεσάρκωται</span> <span class='ocrx_word' id='word_1_523' title='bbox 3293 2825 3308 2838; x_wconf 86' lang='grc'><strong>·</strong></span> <span class='ocrx_word' id='word_1_524' title='bbox 3344 2810 3393 2862; x_wconf 81' lang='grc' dir='ltr'><strong>εἰ</strong></span> <span class='ocrx_word' id='word_1_525' title='bbox 3425 2811 3526 2879; x_wconf 72' lang='grc' dir='ltr'>μέν</span> 
     </span>
    </p>
   </div>
   <div class='ocr_carea' id='block_1_75' title="bbox 1949 2899 3524 2970">
    <p class='ocr_par' dir='ltr' id='par_1_75' title="bbox 1949 2899 3524 2970">
     <span class='ocr_line' id='line_1_75' title="bbox 1949 2899 3524 2970; baseline 0 -16"><span class='ocrx_word' id='word_1_526' title='bbox 1949 2917 2032 2957; x_wconf 86' lang='grc' dir='ltr'><strong>τοι</strong></span> <span class='ocrx_word' id='word_1_527' title='bbox 2083 2901 2160 2964; x_wconf 86' lang='grc' dir='ltr'><strong>ὡς</strong></span> <span class='ocrx_word' id='word_1_528' title='bbox 2210 2900 2373 2968; x_wconf 79' lang='grc' dir='ltr'>φύσιν</span> <span class='ocrx_word' id='word_1_529' title='bbox 2424 2902 2750 2970; x_wconf 81' lang='grc' dir='ltr'>προσκυνεῖς</span> <span class='ocrx_word' id='word_1_530' title='bbox 2793 2899 2891 2966; x_wconf 81' lang='grc' dir='ltr'><strong>τὴν</strong></span> <span class='ocrx_word' id='word_1_531' title='bbox 2931 2899 3026 2950; x_wconf 85' lang='grc' dir='ltr'><strong>τοῦ</strong></span> <span class='ocrx_word' id='word_1_532' title='bbox 3067 2899 3272 2965; x_wconf 76' lang='grc' dir='ltr'>Λόγου,</span> <span class='ocrx_word' id='word_1_533' title='bbox 3316 2901 3408 2954; x_wconf 81' lang='grc' dir='ltr'>καὶ</span> <span class='ocrx_word' id='word_1_534' title='bbox 3445 2899 3524 2969; x_wconf 81' lang='grc' dir='ltr'>τῷ</span> 
     </span>
    </p>
   </div>
   <div class='ocr_carea' id='block_1_76' title="bbox 1952 2985 3517 3062">
    <p class='ocr_par' dir='ltr' id='par_1_76' title="bbox 1952 2985 3517 3062">
     <span class='ocr_line' id='line_1_76' title="bbox 1952 2985 3517 3062; baseline 0.001 -18"><span class='ocrx_word' id='word_1_535' title='bbox 1952 2992 2128 3062; x_wconf 75' lang='lat' dir='ltr'><strong>Ilath</strong></span> <span class='ocrx_word' id='word_1_536' title='bbox 2161 2994 2487 3062; x_wconf 82' lang='grc' dir='ltr'>προσκυνεῖς</span> <span class='ocrx_word' id='word_1_537' title='bbox 2527 2993 2584 3044; x_wconf 84' lang='grc' dir='ltr'>ὲν</span> <span class='ocrx_word' id='word_1_538' title='bbox 2617 2989 2761 3058; x_wconf 84' lang='grc' dir='ltr'>αὐτῴ</span> <span class='ocrx_word' id='word_1_539' title='bbox 2791 2989 2885 3042; x_wconf 81' lang='grc' dir='ltr'>καὶ</span> <span class='ocrx_word' id='word_1_540' title='bbox 2912 2985 2991 3058; x_wconf 85' lang='grc' dir='ltr'>τῷ</span> <span class='ocrx_word' id='word_1_541' title='bbox 3019 2987 3297 3059; x_wconf 75' lang='grc' dir='ltr'>Πνεῦματι</span> <span class='ocrx_word' id='word_1_542' title='bbox 3317 3005 3332 3022; x_wconf 89' lang='grc'><strong>·</strong></span> <span class='ocrx_word' id='word_1_543' title='bbox 3383 2990 3517 3046; x_wconf 76' lang='grc' dir='ltr'>ἔνθα</span> 
     </span>
    </p>
   </div>
   <div class='ocr_carea' id='block_1_77' title="bbox 1029 3075 1846 3152">
    <p class='ocr_par' dir='ltr' id='par_1_77' title="bbox 1029 3075 1846 3146">
     <span class='ocr_line' id='line_1_77' title="bbox 1029 3075 1846 3146; baseline 0 -16"><span class='ocrx_word' id='word_1_544' title='bbox 1029 3075 1105 3130; x_wconf 92' lang='lat' dir='ltr'><strong>ibi</strong></span> <span class='ocrx_word' id='word_1_545' title='bbox 1189 3091 1300 3130; x_wconf 89' lang='lat' dir='ltr'><strong>non</strong></span> <span class='ocrx_word' id='word_1_546' title='bbox 1360 3077 1846 3146; x_wconf 87' lang='lat' dir='ltr'><strong>comprehenditur</strong></span> 
     </span>
    </p>
   </div>
   <div class='ocr_carea' id='block_1_78' title="bbox 1951 3075 3508 3152">
    <p class='ocr_par' dir='ltr' id='par_1_78' title="bbox 1951 3079 3508 3152">
     <span class='ocr_line' id='line_1_78' title="bbox 1951 3079 3508 3152; baseline -0.001 -16"><span class='ocrx_word' id='word_1_547' title='bbox 1951 3083 2008 3136; x_wconf 79' lang='grc' dir='ltr'>δὲ</span> <span class='ocrx_word' id='word_1_548' title='bbox 2058 3083 2248 3152; x_wconf 83' lang='grc' dir='ltr'>Πατὴρ</span> <span class='ocrx_word' id='word_1_549' title='bbox 2304 3083 2398 3136; x_wconf 78' lang='grc' dir='ltr'>καὶ</span> <span class='ocrx_word' id='word_1_550' title='bbox 2446 3082 2674 3150; x_wconf 83' lang='grc' dir='ltr'>Πνεῦμα</span> <span class='ocrx_word' id='word_1_551' title='bbox 2721 3079 3062 3150; x_wconf 78' lang='grc' dir='ltr'>ὲνθεωρεῖται</span> <span class='ocrx_word' id='word_1_552' title='bbox 3099 3081 3164 3151; x_wconf 82' lang='grc' dir='ltr'>τῇ</span> <span class='ocrx_word' id='word_1_553' title='bbox 3195 3079 3400 3134; x_wconf 83' lang='grc' dir='ltr'>Μονάδι</span> <span class='ocrx_word' id='word_1_554' title='bbox 3437 3083 3508 3152; x_wconf 77' lang='grc' dir='ltr'>τῇ</span> 
     </span>
    </p>
   </div>
   <div class='ocr_carea' id='block_1_79' title="bbox 1953 3171 3506 3247">
    <p class='ocr_par' dir='ltr' id='par_1_79' title="bbox 1953 3171 3506 3247">
     <span class='ocr_line' id='line_1_79' title="bbox 1953 3171 3506 3247; baseline -0.003 -17"><span class='ocrx_word' id='word_1_555' title='bbox 1953 3175 2446 3247; x_wconf 83' lang='grc' dir='ltr'>προσκυνουμένῃ,</span> <span class='ocrx_word' id='word_1_556' title='bbox 2501 3171 2638 3244; x_wconf 80' lang='grc' dir='ltr'>σὰρξ</span> <span class='ocrx_word' id='word_1_557' title='bbox 2681 3171 2808 3244; x_wconf 75' lang='grc' dir='ltr'>τῇδε</span> <span class='ocrx_word' id='word_1_558' title='bbox 2849 3171 2910 3224; x_wconf 72' lang='grc' dir='ltr'>οὐ</span> <span class='ocrx_word' id='word_1_559' title='bbox 2951 3171 3387 3242; x_wconf 68' lang='grc' dir='ltr'>συμπεριέχεται,</span> <span class='ocrx_word' id='word_1_560' title='bbox 3419 3173 3506 3227; x_wconf 73' lang='grc' dir='ltr'>ἵνα</span> 
     </span>
    </p>
   </div>
   <div class='ocr_carea' id='block_1_80' title="bbox 1951 3259 3510 3336">
    <p class='ocr_par' dir='ltr' id='par_1_80' title="bbox 1951 3259 3510 3336">
     <span class='ocr_line' id='line_1_80' title="bbox 1951 3259 3510 3336; baseline -0.001 -18"><span class='ocrx_word' id='word_1_561' title='bbox 1951 3267 2045 3318; x_wconf 76' lang='grc' dir='ltr'>καὶ</span> <span class='ocrx_word' id='word_1_562' title='bbox 2093 3265 2168 3328; x_wconf 84' lang='grc' dir='ltr'><strong>ὡς</strong></span> <span class='ocrx_word' id='word_1_563' title='bbox 2215 3265 2380 3336; x_wconf 82' lang='grc' dir='ltr'>τῆσδε</span> <span class='ocrx_word' id='word_1_564' title='bbox 2427 3259 2560 3318; x_wconf 73' lang='grc' dir='ltr'>οὖσα</span> <span class='ocrx_word' id='word_1_565' title='bbox 2596 3265 2696 3334; x_wconf 82' lang='grc' dir='ltr'>τῆς</span> <span class='ocrx_word' id='word_1_566' title='bbox 2727 3263 2972 3326; x_wconf 84' lang='grc' dir='ltr'>Μονάδος</span> <span class='ocrx_word' id='word_1_567' title='bbox 3004 3263 3510 3332; x_wconf 65' lang='grc' dir='ltr'>συμπροσιιυνῆται.</span> 
     </span>
    </p>
   </div>
   <div class='ocr_carea' id='block_1_81' title="bbox 1953 3350 3518 3426">
    <p class='ocr_par' dir='ltr' id='par_1_81' title="bbox 1953 3350 3518 3426">
     <span class='ocr_line' id='line_1_81' title="bbox 1953 3350 3518 3426; baseline -0.002 -17"><span class='ocrx_word' id='word_1_568' title='bbox 1953 3356 2082 3409; x_wconf 78' lang='grc' dir='ltr'>Δέον</span> <span class='ocrx_word' id='word_1_569' title='bbox 2107 3350 2361 3426; x_wconf 77' lang='grc' dir='ltr'>οὖντρισὶ</span> <span class='ocrx_word' id='word_1_570' title='bbox 2391 3354 2490 3426; x_wconf 80' lang='grc' dir='ltr'>μὲν</span> <span class='ocrx_word' id='word_1_571' title='bbox 2516 3355 2802 3425; x_wconf 86' lang='grc' dir='ltr'>ὁμοτίμοις</span> <span class='ocrx_word' id='word_1_572' title='bbox 2831 3353 3234 3425; x_wconf 84' lang='grc' dir='ltr'>προσκυνήσεσι</span> <span class='ocrx_word' id='word_1_573' title='bbox 3255 3353 3354 3417; x_wconf 75' lang='grc' dir='ltr'>τὰς</span> <span class='ocrx_word' id='word_1_574' title='bbox 3373 3354 3518 3424; x_wconf 86' lang='grc' dir='ltr'>τρεῖς</span> 
     </span>
    </p>
   </div>
   <div class='ocr_carea' id='block_1_82' title="bbox 1950 3427 3526 3514">
    <p class='ocr_par' dir='ltr' id='par_1_82' title="bbox 1950 3427 3526 3514">
     <span class='ocr_line' id='line_1_82' title="bbox 1950 3427 3526 3514; baseline -0.005 -14"><span class='ocrx_word' id='word_1_575' title='bbox 1950 3427 2279 3509; x_wconf 66' lang='grc' dir='ltr'>ὑποστὲισεις</span> <span class='ocrx_word' id='word_1_576' title='bbox 2313 3444 2412 3507; x_wconf 76' lang='grc' dir='ltr'><strong>τὰς</strong></span> <span class='ocrx_word' id='word_1_577' title='bbox 2445 3443 2596 3507; x_wconf 83' lang='grc' dir='ltr'>θείας</span> <span class='ocrx_word' id='word_1_578' title='bbox 2631 3443 2998 3514; x_wconf 82' lang='grc' dir='ltr'>προσκυνεῖν·</span> <span class='ocrx_word' id='word_1_579' title='bbox 3035 3445 3101 3509; x_wconf 78' lang='grc' dir='ltr'>τῇ</span> <span class='ocrx_word' id='word_1_580' title='bbox 3135 3439 3254 3510; x_wconf 67' lang='grc' dir='ltr'><strong>θείςι⁸</strong></span> <span class='ocrx_word' id='word_1_581' title='bbox 3277 3439 3336 3492; x_wconf 76' lang='grc' dir='ltr'>δὲ</span> <span class='ocrx_word' id='word_1_582' title='bbox 3362 3439 3526 3507; x_wconf 74' lang='grc' dir='ltr'>σαρκὶ</span> 
     </span>
    </p>
   </div>
   <div class='ocr_carea' id='block_1_83' title="bbox 1947 3529 3528 3608">
    <p class='ocr_par' dir='ltr' id='par_1_83' title="bbox 1947 3529 3528 3608">
     <span class='ocr_line' id='line_1_83' title="bbox 1947 3529 3528 3608; baseline -0.005 -18"><span class='ocrx_word' id='word_1_583' title='bbox 1947 3537 2022 3600; x_wconf 84' lang='grc' dir='ltr'>ὼς</span> <span class='ocrx_word' id='word_1_584' title='bbox 2073 3534 2441 3608; x_wconf 71' lang='grc' dir='ltr'>συνθεωθείςῃ</span> <span class='ocrx_word' id='word_1_585' title='bbox 2490 3533 2683 3596; x_wconf 87' lang='grc' dir='ltr'>αὐταῖς</span> <span class='ocrx_word' id='word_1_586' title='bbox 2724 3532 2848 3588; x_wconf 79' lang='grc' dir='ltr'>καθ’</span> <span class='ocrx_word' id='word_1_587' title='bbox 2880 3531 3178 3585; x_wconf 79' lang='grc' dir='ltr'>ὑπόστασιν</span> <span class='ocrx_word' id='word_1_588' title='bbox 3217 3529 3396 3595; x_wconf 80' lang='grc' dir='ltr'>φύσει,</span> <span class='ocrx_word' id='word_1_589' title='bbox 3429 3529 3528 3584; x_wconf 74' lang='grc' dir='ltr'>ἅτε</span> 
     </span>
    </p>
   </div>
   <div class='ocr_carea' id='block_1_84' title="bbox 1949 3619 3526 3698">
    <p class='ocr_par' dir='ltr' id='par_1_84' title="bbox 1949 3619 3526 3698">
     <span class='ocr_line' id='line_1_84' title="bbox 1949 3619 3526 3698; baseline -0.005 -18"><span class='ocrx_word' id='word_1_590' title='bbox 1949 3630 2007 3681; x_wconf 80' lang='grc' dir='ltr'>ὲν</span> <span class='ocrx_word' id='word_1_591' title='bbox 2059 3629 2158 3698; x_wconf 85' lang='grc' dir='ltr'><strong>μιᾷ</strong></span> <span class='ocrx_word' id='word_1_592' title='bbox 2191 3625 2358 3680; x_wconf 85' lang='grc' dir='ltr'>τῶνδε</span> <span class='ocrx_word' id='word_1_593' title='bbox 2411 3623 2818 3696; x_wconf 78' lang='grc' dir='ltr'>περιεχομένῃ,</span> <span class='ocrx_word' id='word_1_594' title='bbox 2879 3622 2976 3676; x_wconf 81' lang='grc' dir='ltr'>καὶ</span> <span class='ocrx_word' id='word_1_595' title='bbox 3025 3622 3094 3676; x_wconf 77' lang='grc' dir='ltr'>τὰ</span> <span class='ocrx_word' id='word_1_596' title='bbox 3136 3621 3234 3690; x_wconf 82' lang='grc' dir='ltr'><strong>τῆς</strong></span> <span class='ocrx_word' id='word_1_597' title='bbox 3275 3619 3526 3688; x_wconf 82' lang='grc' dir='ltr'>θεότητος</span> 
     </span>
    </p>
   </div>
   <div class='ocr_carea' id='block_1_85' title="bbox 1951 3711 3528 3788">
    <p class='ocr_par' dir='ltr' id='par_1_85' title="bbox 1951 3711 3528 3788">
     <span class='ocr_line' id='line_1_85' title="bbox 1951 3711 3528 3788; baseline -0.004 -17"><span class='ocrx_word' id='word_1_598' title='bbox 1951 3717 2072 3788; x_wconf 76' lang='grc' dir='ltr'>ἰερὰ</span> <span class='ocrx_word' id='word_1_599' title='bbox 2111 3717 2297 3770; x_wconf 73' lang='grc' dir='ltr'>λοιπον</span> <span class='ocrx_word' id='word_1_600' title='bbox 2345 3715 2788 3788; x_wconf 79' lang='grc' dir='ltr'>προσ-δεχομένῃ,</span> <span class='ocrx_word' id='word_1_601' title='bbox 2832 3711 3354 3784; x_wconf 83' lang='grc' dir='ltr'>συμπροσκυνητέον</span> <span class='ocrx_word' id='word_1_602' title='bbox 3385 3711 3528 3764; x_wconf 78' lang='grc' dir='ltr'><strong>κατὰ</strong></span> 
     </span>
    </p>
   </div>
   <div class='ocr_carea' id='block_1_86' title="bbox 1947 3803 3526 3880">
    <p class='ocr_par' dir='ltr' id='par_1_86' title="bbox 1947 3803 3526 3880">
     <span class='ocr_line' id='line_1_86' title="bbox 1947 3803 3526 3880; baseline -0.005 -16"><span class='ocrx_word' id='word_1_603' title='bbox 1947 3810 2038 3864; x_wconf 79' lang='grc' dir='ltr'><strong>τὸν</strong></span> <span class='ocrx_word' id='word_1_604' title='bbox 2065 3811 2162 3864; x_wconf 71' lang='grc' dir='ltr'><strong>ἕνα</strong></span> <span class='ocrx_word' id='word_1_605' title='bbox 2191 3810 2318 3864; x_wconf 75' lang='grc' dir='ltr'>Υἰόν</span> <span class='ocrx_word' id='word_1_606' title='bbox 2338 3825 2352 3838; x_wconf 86' lang='grc'><strong>·</strong></span> <span class='ocrx_word' id='word_1_607' title='bbox 2387 3811 2445 3862; x_wconf 77' lang='grc' dir='ltr'>ὲν</span> <span class='ocrx_word' id='word_1_608' title='bbox 2473 3808 2582 3880; x_wconf 80' lang='grc' dir='ltr'><strong>γὰρ</strong></span> <span class='ocrx_word' id='word_1_609' title='bbox 2609 3807 2688 3878; x_wconf 83' lang='grc' dir='ltr'>τῷ</span> <span class='ocrx_word' id='word_1_610' title='bbox 2715 3806 2941 3876; x_wconf 85' lang='grc' dir='ltr'>ὀνόματι</span> <span class='ocrx_word' id='word_1_611' title='bbox 2973 3803 3149 3876; x_wconf 82' lang='grc' dir='ltr'>Ἰησοῦ</span> <span class='ocrx_word' id='word_1_612' title='bbox 3179 3804 3389 3874; x_wconf 76' lang='grc' dir='ltr'>κάμψει</span> <span class='ocrx_word' id='word_1_613' title='bbox 3417 3803 3526 3856; x_wconf 84' lang='grc' dir='ltr'>πᾶν</span> 
     </span>
    </p>
   </div>
   <div class='ocr_carea' id='block_1_87' title="bbox 1948 3898 3527 3972">
    <p class='ocr_par' dir='ltr' id='par_1_87' title="bbox 1948 3898 3527 3972">
     <span class='ocr_line' id='line_1_87' title="bbox 1948 3898 3527 3972; baseline -0.005 -15"><span class='ocrx_word' id='word_1_614' title='bbox 1948 3904 2111 3971; x_wconf 84' lang='grc' dir='ltr'>γόνυ·</span> <span class='ocrx_word' id='word_1_615' title='bbox 2149 3904 2272 3956; x_wconf 77' lang='grc' dir='ltr'>ἐπεὶ</span> <span class='ocrx_word' id='word_1_616' title='bbox 2301 3903 2396 3956; x_wconf 72' lang='grc' dir='ltr'><strong>καί⁸</strong></span> <span class='ocrx_word' id='word_1_617' title='bbox 2422 3900 2570 3972; x_wconf 83' lang='grc' dir='ltr'>αὑτῷ</span> <span class='ocrx_word' id='word_1_618' title='bbox 2602 3901 2936 3972; x_wconf 72' lang='grc' dir='ltr'>κεχάρισται</span> <span class='ocrx_word' id='word_1_619' title='bbox 2963 3898 3132 3969; x_wconf 73' lang='grc' dir='ltr'>ὄνομα</span> <span class='ocrx_word' id='word_1_620' title='bbox 3160 3899 3221 3952; x_wconf 76' lang='grc' dir='ltr'>τὸ</span> <span class='ocrx_word' id='word_1_621' title='bbox 3250 3898 3392 3967; x_wconf 80' lang='grc' dir='ltr'>ὑπὲρ</span> <span class='ocrx_word' id='word_1_622' title='bbox 3421 3898 3527 3950; x_wconf 77' lang='grc' dir='ltr'><strong>πᾶν</strong></span> 
     </span>
    </p>
   </div>
   <div class='ocr_carea' id='block_1_88' title="bbox 1947 3988 3524 4065">
    <p class='ocr_par' dir='ltr' id='par_1_88' title="bbox 1947 3988 3524 4065">
     <span class='ocr_line' id='line_1_88' title="bbox 1947 3988 3524 4065; baseline -0.004 -18"><span class='ocrx_word' id='word_1_623' title='bbox 1947 3995 2155 4064; x_wconf 73' lang='grc' dir='ltr'>ὄνομα,</span> <span class='ocrx_word' id='word_1_624' title='bbox 2210 3995 2379 4065; x_wconf 70' lang='grc' dir='ltr'>ἤγουν</span> <span class='ocrx_word' id='word_1_625' title='bbox 2431 3993 2492 4046; x_wconf 83' lang='grc' dir='ltr'>τὸ</span> <span class='ocrx_word' id='word_1_626' title='bbox 2535 3993 2634 4064; x_wconf 81' lang='grc' dir='ltr'>τῆς</span> <span class='ocrx_word' id='word_1_627' title='bbox 2677 3992 2965 4061; x_wconf 82' lang='grc' dir='ltr'>θεότητος,</span> <span class='ocrx_word' id='word_1_628' title='bbox 3003 3991 3164 4060; x_wconf 74' lang='grc' dir='ltr'>φύσει</span> <span class='ocrx_word' id='word_1_629' title='bbox 3192 3988 3252 4043; x_wconf 78' lang='grc' dir='ltr'>ὃν</span> <span class='ocrx_word' id='word_1_630' title='bbox 3282 4003 3524 4060; x_wconf 82' lang='grc' dir='ltr'>προσκυ-</span> 
     </span>
    </p>
   </div>
   <div class='ocr_carea' id='block_1_89' title="bbox 1950 4081 3522 4158">
    <p class='ocr_par' dir='ltr' id='par_1_89' title="bbox 1950 4081 3522 4158">
     <span class='ocr_line' id='line_1_89' title="bbox 1950 4081 3522 4158; baseline 0.003 -18"><span class='ocrx_word' id='word_1_631' title='bbox 1950 4086 2147 4158; x_wconf 73' lang='grc' dir='ltr'><strong>νηιιόν⁸</strong></span> <span class='ocrx_word' id='word_1_632' title='bbox 2211 4085 2627 4156; x_wconf 80' lang='grc' dir='ltr'>φυλαττομένης</span> <span class='ocrx_word' id='word_1_633' title='bbox 2677 4085 2778 4154; x_wconf 79' lang='grc' dir='ltr'>τῆς</span> <span class='ocrx_word' id='word_1_634' title='bbox 2825 4084 3090 4154; x_wconf 82' lang='grc' dir='ltr'>διαφορᾶς</span> <span class='ocrx_word' id='word_1_635' title='bbox 3129 4083 3230 4150; x_wconf 82' lang='grc' dir='ltr'>τῆς</span> <span class='ocrx_word' id='word_1_636' title='bbox 3267 4081 3522 4152; x_wconf 80' lang='grc' dir='ltr'>φυσικῆς.</span> 
     </span>
    </p>
   </div>
   <div class='ocr_carea' id='block_1_90' title="bbox 1949 4171 3524 4251">
    <p class='ocr_par' dir='ltr' id='par_1_90' title="bbox 1949 4171 3524 4251">
     <span class='ocr_line' id='line_1_90' title="bbox 1949 4171 3524 4251; baseline -0.005 -19"><span class='ocrx_word' id='word_1_637' title='bbox 1949 4179 2044 4232; x_wconf 75' lang='grc' dir='ltr'><strong>καὶ</strong></span> <span class='ocrx_word' id='word_1_638' title='bbox 2070 4176 2243 4239; x_wconf 75' lang='grc' dir='ltr'>οὕτως</span> <span class='ocrx_word' id='word_1_639' title='bbox 2281 4176 2376 4230; x_wconf 83' lang='grc' dir='ltr'><strong>τοῦ</strong></span> <span class='ocrx_word' id='word_1_640' title='bbox 2402 4177 2774 4251; x_wconf 79' lang='grc' dir='ltr'>χαρισαμένου</span> <span class='ocrx_word' id='word_1_641' title='bbox 2806 4175 2873 4229; x_wconf 84' lang='grc' dir='ltr'>τὰ</span> <span class='ocrx_word' id='word_1_642' title='bbox 2902 4174 3011 4228; x_wconf 85' lang='grc' dir='ltr'>ἴδια</span> <span class='ocrx_word' id='word_1_643' title='bbox 3029 4172 3242 4242; x_wconf 75' lang='grc' dir='ltr'>φυσικὰ</span> <span class='ocrx_word' id='word_1_644' title='bbox 3273 4171 3411 4244; x_wconf 70' lang='grc' dir='ltr'>πρὸς</span> <span class='ocrx_word' id='word_1_645' title='bbox 3435 4171 3524 4225; x_wconf 75' lang='grc' dir='ltr'><strong>τον</strong></span> 
     </span>
    </p>
   </div>
   <div class='ocr_carea' id='block_1_91' title="bbox 1948 4265 3522 4341">
    <p class='ocr_par' dir='ltr' id='par_1_91' title="bbox 1948 4265 3522 4341">
     <span class='ocr_line' id='line_1_91' title="bbox 1948 4265 3522 4341; baseline -0.003 -18"><span class='ocrx_word' id='word_1_646' title='bbox 1948 4269 2322 4341; x_wconf 78' lang='grc' dir='ltr'>λαμϐάνοντα,</span> <span class='ocrx_word' id='word_1_647' title='bbox 2369 4270 2466 4322; x_wconf 70' lang='grc' dir='ltr'><strong>καὶ</strong></span> <span class='ocrx_word' id='word_1_648' title='bbox 2493 4268 2586 4324; x_wconf 88' lang='grc' dir='ltr'><strong>τοῦ</strong></span> <span class='ocrx_word' id='word_1_649' title='bbox 2616 4269 2912 4332; x_wconf 81' lang='grc' dir='ltr'>θεωθὲντος</span> <span class='ocrx_word' id='word_1_650' title='bbox 2943 4267 3084 4340; x_wconf 83' lang='grc' dir='ltr'>πρὸς</span> <span class='ocrx_word' id='word_1_651' title='bbox 3111 4265 3200 4321; x_wconf 76' lang='grc' dir='ltr'><strong>τὸν</strong></span> <span class='ocrx_word' id='word_1_652' title='bbox 3225 4265 3522 4319; x_wconf 81' lang='grc' dir='ltr'>θεὼσαντα.</span> 
     </span>
    </p>
   </div>
   <div class='ocr_carea' id='block_1_92' title="bbox 2539 4379 2964 4436">
    <p class='ocr_par' dir='ltr' id='par_1_92' title="bbox 2539 4379 2964 4436">
     <span class='ocr_line' id='line_1_92' title="bbox 2539 4379 2964 4436; baseline -0.007 -1"><span class='ocrx_word' id='word_1_653' title='bbox 2539 4381 2792 4436; x_wconf 74' lang='grc' dir='ltr'><strong>ΚΕΨΑΛ.</strong></span> <span class='ocrx_word' id='word_1_654' title='bbox 2827 4379 2964 4434; x_wconf 81' lang='lat' dir='ltr'><strong>ME’.</strong></span> 
     </span>
    </p>
   </div>
   <div class='ocr_carea' id='block_1_93' title="bbox 341 4450 1846 4550">
    <p class='ocr_par' dir='ltr' id='par_1_93' title="bbox 341 4450 1842 4548">
     <span class='ocr_line' id='line_1_93' title="bbox 341 4450 1842 4548; baseline 0.001 -16"><span class='ocrx_word' id='word_1_655' title='bbox 341 4477 403 4533; x_wconf 83' lang='lat' dir='ltr'><strong>Si</strong></span> <span class='ocrx_word' id='word_1_656' title='bbox 439 4491 570 4534; x_wconf 89' lang='lat' dir='ltr'><strong>caro</strong></span> <span class='ocrx_word' id='word_1_657' title='bbox 601 4493 711 4532; x_wconf 89' lang='lat' dir='ltr'><strong>non</strong></span> <span class='ocrx_word' id='word_1_658' title='bbox 735 4484 822 4532; x_wconf 89' lang='lat' dir='ltr'><strong>est</strong></span> <span class='ocrx_word' id='word_1_659' title='bbox 843 4450 1128 4548; x_wconf 84' lang='lat' dir='ltr'><strong>cujusdam</strong></span> <span class='ocrx_word' id='word_1_660' title='bbox 1153 4477 1358 4531; x_wconf 83' lang='lat' dir='ltr'><strong>diversi</strong></span> <span class='ocrx_word' id='word_1_661' title='bbox 1383 4490 1415 4531; x_wconf 84' lang='lat' dir='ltr'><strong>a</strong></span> <span class='ocrx_word' id='word_1_662' title='bbox 1439 4477 1618 4532; x_wconf 82' lang='lat' dir='ltr'><strong>Verbo</strong></span> <span class='ocrx_word' id='word_1_663' title='bbox 1647 4487 1842 4534; x_wconf 85' lang='lat' dir='ltr'><strong>natura</strong></span> 
     </span>
    </p>
   </div>
   <div class='ocr_carea' id='block_1_94' title="bbox 1951 4450 3528 4550">
    <p class='ocr_par' dir='ltr' id='par_1_94' title="bbox 2023 4470 3528 4550">
     <span class='ocr_line' id='line_1_94' title="bbox 2023 4470 3528 4550; baseline -0.005 -18"><span class='ocrx_word' id='word_1_664' title='bbox 2023 4478 2086 4532; x_wconf 82' lang='grc' dir='ltr'>Εἰ</span> <span class='ocrx_word' id='word_1_665' title='bbox 2118 4479 2152 4548; x_wconf 85' lang='grc' dir='ltr'>ἠ</span> <span class='ocrx_word' id='word_1_666' title='bbox 2185 4477 2346 4548; x_wconf 81' lang='grc' dir='ltr'>φύσει</span> <span class='ocrx_word' id='word_1_667' title='bbox 2378 4477 2518 4550; x_wconf 72' lang='grc' dir='ltr'>σὰρξ</span> <span class='ocrx_word' id='word_1_668' title='bbox 2549 4478 2650 4532; x_wconf 75' lang='grc' dir='ltr'><strong>οὐκ</strong></span> <span class='ocrx_word' id='word_1_669' title='bbox 2681 4476 2828 4530; x_wconf 73' lang='grc' dir='ltr'>ἐστιν</span> <span class='ocrx_word' id='word_1_670' title='bbox 2857 4473 3046 4545; x_wconf 77' lang='grc' dir='ltr'>ἐτέρου</span> <span class='ocrx_word' id='word_1_671' title='bbox 3074 4472 3220 4536; x_wconf 82' lang='grc' dir='ltr'>τινδς</span> <span class='ocrx_word' id='word_1_672' title='bbox 3252 4472 3405 4542; x_wconf 73' lang='grc' dir='ltr'>παρὰ</span> <span class='ocrx_word' id='word_1_673' title='bbox 3433 4470 3528 4526; x_wconf 83' lang='grc' dir='ltr'>τὸν</span> 
     </span>
    </p>
   </div>
   <div class='ocr_carea' id='block_1_95' title="bbox 270 4563 1848 4636">
    <p class='ocr_par' dir='ltr' id='par_1_95' title="bbox 270 4563 1848 4636">
     <span class='ocr_line' id='line_1_95' title="bbox 270 4563 1848 4636; baseline -0.001 -13"><span class='ocrx_word' id='word_1_674' title='bbox 270 4567 406 4630; x_wconf 90' lang='lat' dir='ltr'><strong>Deo,</strong></span> <span class='ocrx_word' id='word_1_675' title='bbox 436 4565 532 4622; x_wconf 87' lang='lat' dir='ltr'><strong>sed</strong></span> <span class='ocrx_word' id='word_1_676' title='bbox 556 4573 640 4620; x_wconf 90' lang='lat' dir='ltr'><strong>est</strong></span> <span class='ocrx_word' id='word_1_677' title='bbox 665 4565 827 4620; x_wconf 83' lang='lat' dir='ltr'><strong>Verbi</strong></span> <span class='ocrx_word' id='word_1_678' title='bbox 857 4565 976 4628; x_wconf 89' lang='lat' dir='ltr'><strong>Dei,</strong></span> <span class='ocrx_word' id='word_1_679' title='bbox 1011 4563 1300 4620; x_wconf 79' lang='lat' dir='ltr'><strong>manifeste</strong></span> <span class='ocrx_word' id='word_1_680' title='bbox 1326 4565 1393 4620; x_wconf 86' lang='lat' dir='ltr'><strong>ad</strong></span> <span class='ocrx_word' id='word_1_681' title='bbox 1416 4565 1582 4620; x_wconf 90' lang='lat' dir='ltr'><strong>alium</strong></span> <span class='ocrx_word' id='word_1_682' title='bbox 1607 4568 1848 4636; x_wconf 85' lang='lat' dir='ltr'><strong>pertinet</strong></span> 
     </span>
    </p>
   </div>
   <div class='ocr_carea' id='block_1_96' title="bbox 270 4655 1850 4726">
    <p class='ocr_par' dir='ltr' id='par_1_96' title="bbox 270 4655 1850 4726">
     <span class='ocr_line' id='line_1_96' title="bbox 270 4655 1850 4726; baseline -0.001 -12"><span class='ocrx_word' id='word_1_683' title='bbox 270 4673 400 4714; x_wconf 89' lang='lat' dir='ltr'><strong>caro</strong></span> <span class='ocrx_word' id='word_1_684' title='bbox 425 4672 588 4726; x_wconf 87' lang='lat' dir='ltr'><strong>quam</strong></span> <span class='ocrx_word' id='word_1_685' title='bbox 625 4656 690 4710; x_wconf 89' lang='lat' dir='ltr'><strong>ad</strong></span> <span class='ocrx_word' id='word_1_686' title='bbox 727 4656 968 4711; x_wconf 77' lang='lat' dir='ltr'><strong>Verbum</strong></span> <span class='ocrx_word' id='word_1_687' title='bbox 1003 4655 1272 4711; x_wconf 86' lang='lat' dir='ltr'><strong>naturalis</strong></span> <span class='ocrx_word' id='word_1_688' title='bbox 1297 4655 1624 4712; x_wconf 88' lang='lat' dir='ltr'><strong>divinitatis.</strong></span> <span class='ocrx_word' id='word_1_689' title='bbox 1659 4657 1850 4714; x_wconf 89' lang='lat' dir='ltr'><strong>Diver-</strong></span> 
     </span>
    </p>
   </div>
   <div class='ocr_carea' id='block_1_97' title="bbox 269 4744 1846 4818">
    <p class='ocr_par' dir='ltr' id='par_1_97' title="bbox 269 4744 1846 4818">
     <span class='ocr_line' id='line_1_97' title="bbox 269 4744 1846 4818; baseline 0 -14"><span class='ocrx_word' id='word_1_690' title='bbox 269 4761 347 4804; x_wconf 74' lang='lat' dir='ltr'><strong>sar</strong></span> <span class='ocrx_word' id='word_1_691' title='bbox 387 4747 608 4817; x_wconf 90' lang='lat' dir='ltr'><strong>quidem</strong></span> <span class='ocrx_word' id='word_1_692' title='bbox 637 4753 852 4801; x_wconf 68' lang='lat' dir='ltr'><strong>natura:</strong></span> <span class='ocrx_word' id='word_1_693' title='bbox 882 4753 990 4812; x_wconf 86' lang='lat' dir='ltr'><strong>est,</strong></span> <span class='ocrx_word' id='word_1_694' title='bbox 1020 4744 1117 4800; x_wconf 88' lang='lat' dir='ltr'><strong>sed</strong></span> <span class='ocrx_word' id='word_1_695' title='bbox 1143 4745 1211 4800; x_wconf 88' lang='lat' dir='ltr'><strong>ad</strong></span> <span class='ocrx_word' id='word_1_696' title='bbox 1249 4761 1537 4816; x_wconf 86' lang='lat' dir='ltr'><strong>personam</strong></span> <span class='ocrx_word' id='word_1_697' title='bbox 1589 4749 1846 4818; x_wconf 88' lang='lat' dir='ltr'><strong>pertinet.</strong></span> 
     </span>
    </p>
   </div>
   <div class='ocr_carea' id='block_1_98' title="bbox 270 4837 1849 4910">
    <p class='ocr_par' dir='ltr' id='par_1_98' title="bbox 270 4837 1849 4910">
     <span class='ocr_line' id='line_1_98' title="bbox 270 4837 1849 4910; baseline 0.001 -16"><span class='ocrx_word' id='word_1_698' title='bbox 270 4838 514 4895; x_wconf 80' lang='lat' dir='ltr'><strong>Verbum</strong></span> <span class='ocrx_word' id='word_1_699' title='bbox 555 4837 703 4894; x_wconf 88' lang='lat' dir='ltr'><strong>enim</strong></span> <span class='ocrx_word' id='word_1_700' title='bbox 753 4838 908 4910; x_wconf 89' lang='lat' dir='ltr'><strong>prius</strong></span> <span class='ocrx_word' id='word_1_701' title='bbox 953 4839 1072 4892; x_wconf 86' lang='lat' dir='ltr'><strong>sine</strong></span> <span class='ocrx_word' id='word_1_702' title='bbox 1105 4853 1292 4904; x_wconf 84' lang='lat' dir='ltr'><strong>carne,</strong></span> <span class='ocrx_word' id='word_1_703' title='bbox 1320 4854 1471 4895; x_wconf 90' lang='lat' dir='ltr'><strong>nunc</strong></span> <span class='ocrx_word' id='word_1_704' title='bbox 1507 4839 1849 4898; x_wconf 86' lang='lat' dir='ltr'><strong>incarnatnm</strong></span> 
     </span>
    </p>
   </div>
   <div class='ocr_carea' id='block_1_99' title="bbox 269 4930 620 4986">
    <p class='ocr_par' dir='ltr' id='par_1_99' title="bbox 269 4930 620 4986">
     <span class='ocr_line' id='line_1_99' title="bbox 269 4930 620 4986; baseline -0.006 0"><span class='ocrx_word' id='word_1_705' title='bbox 269 4930 620 4986; x_wconf 78' lang='lat' dir='ltr'><strong>conﬁtemur.</strong></span> 
     </span>
    </p>
   </div>
   <div class='ocr_carea' id='block_1_100' title="bbox 865 5040 1252 5098">
    <p class='ocr_par' dir='ltr' id='par_1_100' title="bbox 865 5040 1252 5098">
     <span class='ocr_line' id='line_1_100' title="bbox 865 5040 1252 5098; baseline 0.003 -1"><span class='ocrx_word' id='word_1_706' title='bbox 865 5040 1020 5098; x_wconf 77' lang='lat' dir='ltr'><strong>CAP.</strong></span> <span class='ocrx_word' id='word_1_707' title='bbox 1067 5041 1252 5098; x_wconf 77' lang='lat' dir='ltr'><strong>XLVI.</strong></span> 
     </span>
    </p>
   </div>
   <div class='ocr_carea' id='block_1_101' title="bbox 341 5131 1846 5214">
    <p class='ocr_par' dir='ltr' id='par_1_101' title="bbox 341 5131 1846 5214">
     <span class='ocr_line' id='line_1_101' title="bbox 341 5131 1846 5214; baseline -0.002 -15"><span class='ocrx_word' id='word_1_708' title='bbox 341 5143 400 5200; x_wconf 88' lang='lat' dir='ltr'><strong>Si</strong></span> <span class='ocrx_word' id='word_1_709' title='bbox 435 5143 598 5214; x_wconf 85' lang='lat' dir='ltr'><strong>plene</strong></span> <span class='ocrx_word' id='word_1_710' title='bbox 645 5141 867 5210; x_wconf 83' lang='lat' dir='ltr'><strong>recipis,</strong></span> <span class='ocrx_word' id='word_1_711' title='bbox 909 5141 1182 5213; x_wconf 67' lang='lat' dir='ltr'><strong>Egyptie,</strong></span> <span class='ocrx_word' id='word_1_712' title='bbox 1221 5131 1469 5196; x_wconf 20' lang='lat' dir='ltr'><strong>divinam.</strong></span> <span class='ocrx_word' id='word_1_713' title='bbox 1504 5141 1600 5197; x_wconf 92' lang='lat' dir='ltr'><strong>Dei</strong></span> <span class='ocrx_word' id='word_1_714' title='bbox 1651 5141 1705 5195; x_wconf 89' lang='lat' dir='ltr'><strong>in</strong></span> <span class='ocrx_word' id='word_1_715' title='bbox 1744 5142 1846 5196; x_wconf 87' lang='lat' dir='ltr'><strong>ho-</strong></span> 
     </span>
    </p>
   </div>
   <div class='ocr_carea' id='block_1_102' title="bbox 270 5231 1848 5295">
    <p class='ocr_par' dir='ltr' id='par_1_102' title="bbox 270 5231 1848 5295">
     <span class='ocr_line' id='line_1_102' title="bbox 270 5231 1848 5295; baseline 0.001 -5"><span class='ocrx_word' id='word_1_716' title='bbox 270 5235 420 5294; x_wconf 87' lang='lat' dir='ltr'><strong>mine</strong></span> <span class='ocrx_word' id='word_1_717' title='bbox 475 5231 901 5295; x_wconf 86' lang='lat' dir='ltr'><strong>habitationem,</strong></span> <span class='ocrx_word' id='word_1_718' title='bbox 931 5248 1116 5288; x_wconf 88' lang='lat' dir='ltr'><strong>cesses</strong></span> <span class='ocrx_word' id='word_1_719' title='bbox 1158 5231 1430 5286; x_wconf 82' lang='lat' dir='ltr'><strong>aﬂirmare</strong></span> <span class='ocrx_word' id='word_1_720' title='bbox 1457 5233 1551 5288; x_wconf 90' lang='lat' dir='ltr'><strong>Dei</strong></span> <span class='ocrx_word' id='word_1_721' title='bbox 1583 5243 1638 5288; x_wconf 89' lang='lat' dir='ltr'><strong>et</strong></span> <span class='ocrx_word' id='word_1_722' title='bbox 1667 5235 1848 5292; x_wconf 87' lang='lat' dir='ltr'><strong>carnis</strong></span> 
     </span>
    </p>
   </div>
   <div class='ocr_carea' id='block_1_103' title="bbox 269 5326 1844 5399">
    <p class='ocr_par' dir='ltr' id='par_1_103' title="bbox 269 5326 1844 5399">
     <span class='ocr_line' id='line_1_103' title="bbox 269 5326 1844 5399; baseline -0.001 -12"><span class='ocrx_word' id='word_1_723' title='bbox 269 5327 574 5388; x_wconf 83' lang='lat' dir='ltr'><strong>secundum</strong></span> <span class='ocrx_word' id='word_1_724' title='bbox 617 5341 908 5399; x_wconf 87' lang='lat' dir='ltr'><strong>personam</strong></span> <span class='ocrx_word' id='word_1_725' title='bbox 951 5326 1212 5382; x_wconf 90' lang='lat' dir='ltr'><strong>unionem</strong></span> <span class='ocrx_word' id='word_1_726' title='bbox 1249 5345 1262 5381; x_wconf 92' lang='lat'><strong>:</strong></span> <span class='ocrx_word' id='word_1_727' title='bbox 1319 5343 1376 5382; x_wconf 91' lang='lat' dir='ltr'><strong>se</strong></span> <span class='ocrx_word' id='word_1_728' title='bbox 1425 5329 1572 5384; x_wconf 90' lang='lat' dir='ltr'><strong>enim</strong></span> <span class='ocrx_word' id='word_1_729' title='bbox 1609 5329 1844 5386; x_wconf 83' lang='lat' dir='ltr'><strong>invicem</strong></span> 
     </span>
    </p>
   </div>
   <div class='ocr_carea' id='block_1_104' title="bbox 267 5418 1846 5490">
    <p class='ocr_par' dir='ltr' id='par_1_104' title="bbox 267 5418 1846 5490">
     <span class='ocr_line' id='line_1_104' title="bbox 267 5418 1846 5490; baseline -0.001 -12"><span class='ocrx_word' id='word_1_730' title='bbox 267 5421 569 5478; x_wconf 81' lang='lat' dir='ltr'><strong>excludunt</strong></span> <span class='ocrx_word' id='word_1_731' title='bbox 623 5418 890 5475; x_wconf 89' lang='lat' dir='ltr'><strong>habitatio</strong></span> <span class='ocrx_word' id='word_1_732' title='bbox 948 5428 1006 5475; x_wconf 81' lang='lat' dir='ltr'><strong>et</strong></span> <span class='ocrx_word' id='word_1_733' title='bbox 1051 5419 1352 5474; x_wconf 89' lang='lat' dir='ltr'><strong>secundum</strong></span> <span class='ocrx_word' id='word_1_734' title='bbox 1407 5437 1696 5490; x_wconf 85' lang='lat' dir='ltr'><strong>personam</strong></span> <span class='ocrx_word' id='word_1_735' title='bbox 1747 5439 1846 5478; x_wconf 84' lang='lat' dir='ltr'><strong>na-</strong></span> 
     </span>
    </p>
   </div>
   <div class='ocr_carea' id='block_1_105' title="bbox 271 5508 1842 5584">
    <p class='ocr_par' dir='ltr' id='par_1_105' title="bbox 271 5508 1842 5584">
     <span class='ocr_line' id='line_1_105' title="bbox 271 5508 1842 5584; baseline 0.001 -13"><span class='ocrx_word' id='word_1_736' title='bbox 271 5515 469 5572; x_wconf 87' lang='lat' dir='ltr'><strong>turalis</strong></span> <span class='ocrx_word' id='word_1_737' title='bbox 518 5514 675 5570; x_wconf 92' lang='lat' dir='ltr'><strong>unio.</strong></span> <span class='ocrx_word' id='word_1_738' title='bbox 715 5508 792 5570; x_wconf 35' lang='lat' dir='ltr'><strong>‘Si</strong></span> <span class='ocrx_word' id='word_1_739' title='bbox 848 5513 1155 5584; x_wconf 86' lang='lat' dir='ltr'><strong>personalis</strong></span> <span class='ocrx_word' id='word_1_740' title='bbox 1195 5513 1476 5570; x_wconf 88' lang='lat' dir='ltr'><strong>diceretur</strong></span> <span class='ocrx_word' id='word_1_741' title='bbox 1526 5516 1691 5572; x_wconf 89' lang='lat' dir='ltr'><strong>etiam</strong></span> <span class='ocrx_word' id='word_1_742' title='bbox 1743 5516 1842 5572; x_wconf 88' lang='lat' dir='ltr'><strong>ha-</strong></span> 
     </span>
    </p>
   </div>
   <div class='ocr_carea' id='block_1_106' title="bbox 269 5605 1843 5677">
    <p class='ocr_par' dir='ltr' id='par_1_106' title="bbox 269 5605 1843 5677">
     <span class='ocr_line' id='line_1_106' title="bbox 269 5605 1843 5677; baseline 0.001 -16"><span class='ocrx_word' id='word_1_743' title='bbox 269 5605 487 5670; x_wconf 84' lang='lat' dir='ltr'><strong>bitatio,</strong></span> <span class='ocrx_word' id='word_1_744' title='bbox 531 5607 584 5662; x_wconf 88' lang='lat' dir='ltr'><strong>id</strong></span> <span class='ocrx_word' id='word_1_745' title='bbox 619 5615 724 5670; x_wconf 88' lang='lat' dir='ltr'><strong>est,</strong></span> <span class='ocrx_word' id='word_1_746' title='bbox 749 5620 1000 5677; x_wconf 60' lang='lat' dir='ltr'><strong>persona:</strong></span> <span class='ocrx_word' id='word_1_747' title='bbox 1025 5606 1079 5661; x_wconf 92' lang='lat' dir='ltr'><strong>in</strong></span> <span class='ocrx_word' id='word_1_748' title='bbox 1108 5623 1344 5677; x_wconf 85' lang='lat' dir='ltr'><strong>persona</strong></span> <span class='ocrx_word' id='word_1_749' title='bbox 1371 5606 1656 5669; x_wconf 87' lang='lat' dir='ltr'><strong>habitatio.</strong></span> <span class='ocrx_word' id='word_1_750' title='bbox 1695 5618 1843 5663; x_wconf 88' lang='lat' dir='ltr'><strong>recte</strong></span> 
     </span>
    </p>
   </div>
   <div class='ocr_carea' id='block_1_107' title="bbox 269 5697 1843 5770">
    <p class='ocr_par' dir='ltr' id='par_1_107' title="bbox 269 5697 1843 5770">
     <span class='ocr_line' id='line_1_107' title="bbox 269 5697 1843 5770; baseline -0.002 -16"><span class='ocrx_word' id='word_1_751' title='bbox 269 5697 581 5768; x_wconf 81' lang='lat' dir='ltr'><strong>loquereris</strong></span> <span class='ocrx_word' id='word_1_752' title='bbox 609 5716 625 5754; x_wconf 74' lang='grc' dir='ltr'><strong><em>τ</em></strong></span> <span class='ocrx_word' id='word_1_753' title='bbox 655 5699 798 5754; x_wconf 90' lang='lat' dir='ltr'><strong>sicut</strong></span> <span class='ocrx_word' id='word_1_754' title='bbox 833 5697 891 5754; x_wconf 83' lang='lat' dir='ltr'><strong>lit</strong></span> <span class='ocrx_word' id='word_1_755' title='bbox 923 5710 978 5755; x_wconf 86' lang='lat' dir='ltr'><strong>et</strong></span> <span class='ocrx_word' id='word_1_756' title='bbox 1007 5698 1072 5754; x_wconf 91' lang='lat' dir='ltr'><strong>de</strong></span> <span class='ocrx_word' id='word_1_757' title='bbox 1130 5697 1266 5770; x_wconf 76' lang='lat' dir='ltr'><strong>legis</strong></span> <span class='ocrx_word' id='word_1_758' title='bbox 1303 5697 1504 5752; x_wconf 77' lang='lat' dir='ltr'><strong>tabulis</strong></span> <span class='ocrx_word' id='word_1_759' title='bbox 1542 5713 1661 5768; x_wconf 65' lang='lat' dir='ltr'><strong>quae</strong></span> <span class='ocrx_word' id='word_1_760' title='bbox 1686 5713 1843 5768; x_wconf 81' lang='lat' dir='ltr'><strong>sepa-</strong></span> 
     </span>
    </p>
   </div>
   <div class='ocr_carea' id='block_1_108' title="bbox 1951 4557 3529 4637">
    <p class='ocr_par' dir='ltr' id='par_1_108' title="bbox 1951 4557 3529 4637">
     <span class='ocr_line' id='line_1_108' title="bbox 1951 4557 3529 4637; baseline -0.008 -11"><span class='ocrx_word' id='word_1_761' title='bbox 1951 4571 2082 4626; x_wconf 76' lang='grc' dir='ltr'>Θεὺν</span> <span class='ocrx_word' id='word_1_762' title='bbox 2122 4569 2294 4636; x_wconf 79' lang='grc' dir='ltr'>Λόγον</span> <span class='ocrx_word' id='word_1_763' title='bbox 2343 4568 2526 4637; x_wconf 77' lang='grc' dir='ltr'>φύσει,</span> <span class='ocrx_word' id='word_1_764' title='bbox 2564 4568 2701 4622; x_wconf 70' lang='grc' dir='ltr'>ἀλλὰ</span> <span class='ocrx_word' id='word_1_765' title='bbox 2732 4565 2826 4619; x_wconf 86' lang='grc' dir='ltr'><strong>τοῦ</strong></span> <span class='ocrx_word' id='word_1_766' title='bbox 2855 4563 2991 4618; x_wconf 86' lang='grc' dir='ltr'>Θεοῦ</span> <span class='ocrx_word' id='word_1_767' title='bbox 3026 4563 3200 4631; x_wconf 85' lang='grc' dir='ltr'>Λόγου</span> <span class='ocrx_word' id='word_1_768' title='bbox 3223 4603 3240 4626; x_wconf 88' lang='grc'><strong>,</strong></span> <span class='ocrx_word' id='word_1_769' title='bbox 3280 4557 3529 4631; x_wconf 85' lang='grc' dir='ltr'>δηλονότι</span> 
     </span>
    </p>
   </div>
   <div class='ocr_carea' id='block_1_109' title="bbox 1953 4651 3527 4730">
    <p class='ocr_par' dir='ltr' id='par_1_109' title="bbox 1953 4651 3527 4730">
     <span class='ocr_line' id='line_1_109' title="bbox 1953 4651 3527 4730; baseline -0.008 -13"><span class='ocrx_word' id='word_1_770' title='bbox 1953 4663 2138 4730; x_wconf 78' lang='grc' dir='ltr'>ἑτέρου</span> <span class='ocrx_word' id='word_1_771' title='bbox 2171 4661 2346 4730; x_wconf 84' lang='grc' dir='ltr'>Λόγου</span> <span class='ocrx_word' id='word_1_772' title='bbox 2380 4661 2498 4713; x_wconf 74' lang='grc' dir='ltr'>ἐστὶ</span> <span class='ocrx_word' id='word_1_773' title='bbox 2531 4661 2563 4730; x_wconf 86' lang='grc' dir='ltr'><strong>ἡ</strong></span> <span class='ocrx_word' id='word_1_774' title='bbox 2600 4658 2737 4726; x_wconf 66' lang='grc' dir='ltr'>σὰρξ</span> <span class='ocrx_word' id='word_1_775' title='bbox 2773 4657 2922 4728; x_wconf 68' lang='grc' dir='ltr'>παρὲ</span> <span class='ocrx_word' id='word_1_776' title='bbox 2957 4655 3048 4709; x_wconf 79' lang='grc' dir='ltr'><strong>τὸν</strong></span> <span class='ocrx_word' id='word_1_777' title='bbox 3076 4655 3280 4724; x_wconf 70' lang='grc' dir='ltr'>φυσικῇ</span> <span class='ocrx_word' id='word_1_778' title='bbox 3313 4651 3527 4722; x_wconf 79' lang='grc' dir='ltr'>θεότητι</span> 
     </span>
    </p>
   </div>
   <div class='ocr_carea' id='block_1_110' title="bbox 1951 4744 3524 4823">
    <p class='ocr_par' dir='ltr' id='par_1_110' title="bbox 1951 4744 3524 4823">
     <span class='ocr_line' id='line_1_110' title="bbox 1951 4744 3524 4823; baseline -0.009 -13"><span class='ocrx_word' id='word_1_779' title='bbox 1951 4757 2143 4822; x_wconf 88' lang='grc' dir='ltr'>Λόγον.</span> <span class='ocrx_word' id='word_1_780' title='bbox 2189 4753 2413 4823; x_wconf 84' lang='grc' dir='ltr'>Ἐτέρας</span> <span class='ocrx_word' id='word_1_781' title='bbox 2444 4751 2544 4822; x_wconf 69' lang='grc' dir='ltr'><strong>μὲν</strong></span> <span class='ocrx_word' id='word_1_782' title='bbox 2573 4749 2790 4820; x_wconf 83' lang='grc' dir='ltr'>φύσεως</span> <span class='ocrx_word' id='word_1_783' title='bbox 2821 4749 2970 4804; x_wconf 58' lang='grc' dir='ltr'>ἐστὶν</span> <span class='ocrx_word' id='word_1_784' title='bbox 2993 4787 3008 4810; x_wconf 94' lang='grc'><strong>,</strong></span> <span class='ocrx_word' id='word_1_785' title='bbox 3058 4745 3195 4799; x_wconf 78' lang='grc' dir='ltr'>ἀλλὰ</span> <span class='ocrx_word' id='word_1_786' title='bbox 3225 4744 3320 4799; x_wconf 84' lang='grc' dir='ltr'><strong>τοῦ</strong></span> <span class='ocrx_word' id='word_1_787' title='bbox 3353 4760 3524 4813; x_wconf 78' lang='grc' dir='ltr'>προσ-</span> 
     </span>
    </p>
   </div>
   <div class='ocr_carea' id='block_1_111' title="bbox 1953 4833 3524 4913">
    <p class='ocr_par' dir='ltr' id='par_1_111' title="bbox 1953 4833 3524 4913">
     <span class='ocr_line' id='line_1_111' title="bbox 1953 4833 3524 4913; baseline -0.007 -15"><span class='ocrx_word' id='word_1_788' title='bbox 1953 4845 2124 4899; x_wconf 84' lang='grc' dir='ltr'>ώπου.</span> <span class='ocrx_word' id='word_1_789' title='bbox 2145 4845 2202 4898; x_wconf 83' lang='grc' dir='ltr'><strong>Ὀ</strong></span> <span class='ocrx_word' id='word_1_790' title='bbox 2256 4843 2428 4911; x_wconf 80' lang='grc' dir='ltr'>Λόγος</span> <span class='ocrx_word' id='word_1_791' title='bbox 2469 4841 2578 4913; x_wconf 85' lang='grc' dir='ltr'>γὰρ</span> <span class='ocrx_word' id='word_1_792' title='bbox 2609 4833 2864 4910; x_wconf 58' lang='grc' dir='ltr'>ἄσαρκοί</span> <span class='ocrx_word' id='word_1_793' title='bbox 2883 4838 3071 4900; x_wconf 80' lang='grc' dir='ltr'>πάλαι,</span> <span class='ocrx_word' id='word_1_794' title='bbox 3110 4835 3206 4890; x_wconf 90' lang='grc' dir='ltr'><strong>νῦν</strong></span> <span class='ocrx_word' id='word_1_795' title='bbox 3233 4835 3292 4890; x_wconf 65' lang='grc' dir='ltr'>δὲ</span> <span class='ocrx_word' id='word_1_796' title='bbox 3323 4850 3524 4905; x_wconf 83' lang='grc' dir='ltr'><strong>σεσαρ⁶</strong></span> 
     </span>
    </p>
   </div>
   <div class='ocr_carea' id='block_1_112' title="bbox 1957 4935 2598 5008">
    <p class='ocr_par' dir='ltr' id='par_1_112' title="bbox 1957 4935 2598 5008">
     <span class='ocr_line' id='line_1_112' title="bbox 1957 4935 2598 5008; baseline -0.005 -18"><span class='ocrx_word' id='word_1_797' title='bbox 1957 4935 2203 5008; x_wconf 81' lang='grc' dir='ltr'>κωμὲνος</span> <span class='ocrx_word' id='word_1_798' title='bbox 2229 4935 2598 5006; x_wconf 85' lang='grc' dir='ltr'>ὡμολόγηται.</span> 
     </span>
    </p>
   </div>
   <div class='ocr_carea' id='block_1_113' title="bbox 2519 5041 2959 5108">
    <p class='ocr_par' dir='ltr' id='par_1_113' title="bbox 2519 5041 2959 5108">
     <span class='ocr_line' id='line_1_113' title="bbox 2519 5041 2959 5108; baseline -0.007 -11"><span class='ocrx_word' id='word_1_799' title='bbox 2519 5041 2772 5097; x_wconf 74' lang='grc' dir='ltr'>ΚΕΦΛΛ.</span> <span class='ocrx_word' id='word_1_800' title='bbox 2809 5041 2959 5108; x_wconf 61' lang='lat' dir='ltr'><strong>atqu</strong></span> 
     </span>
    </p>
   </div>
   <div class='ocr_carea' id='block_1_114' title="bbox 2027 5142 3528 5221">
    <p class='ocr_par' dir='ltr' id='par_1_114' title="bbox 2027 5142 3528 5221">
     <span class='ocr_line' id='line_1_114' title="bbox 2027 5142 3528 5221; baseline -0.006 -16"><span class='ocrx_word' id='word_1_801' title='bbox 2027 5153 2090 5206; x_wconf 77' lang='grc' dir='ltr'>Εἰ</span> <span class='ocrx_word' id='word_1_802' title='bbox 2135 5151 2272 5215; x_wconf 83' lang='grc' dir='ltr'>ὅλως</span> <span class='ocrx_word' id='word_1_803' title='bbox 2305 5149 2568 5221; x_wconf 79' lang='grc' dir='ltr'>ἀποδέχῃ,</span> <span class='ocrx_word' id='word_1_804' title='bbox 2605 5142 2651 5203; x_wconf 78' lang='grc' dir='ltr'>ὦ</span> <span class='ocrx_word' id='word_1_805' title='bbox 2683 5146 2970 5218; x_wconf 79' lang='grc' dir='ltr'>Αἰγύπτιε,</span> <span class='ocrx_word' id='word_1_806' title='bbox 3007 5144 3142 5200; x_wconf 85' lang='grc' dir='ltr'>Θεοῦ</span> <span class='ocrx_word' id='word_1_807' title='bbox 3173 5147 3230 5198; x_wconf 83' lang='grc' dir='ltr'>ὲν</span> <span class='ocrx_word' id='word_1_808' title='bbox 3259 5142 3528 5215; x_wconf 76' lang='grc' dir='ltr'>ἀνθρώπῳ</span> 
     </span>
    </p>
   </div>
   <div class='ocr_carea' id='block_1_115' title="bbox 1957 5233 3528 5310">
    <p class='ocr_par' dir='ltr' id='par_1_115' title="bbox 1957 5233 3528 5310">
     <span class='ocr_line' id='line_1_115' title="bbox 1957 5233 3528 5310; baseline -0.008 -14"><span class='ocrx_word' id='word_1_809' title='bbox 1957 5243 2106 5297; x_wconf 68' lang='grc' dir='ltr'>θείαν</span> <span class='ocrx_word' id='word_1_810' title='bbox 2129 5241 2420 5310; x_wconf 75' lang='grc' dir='ltr'>ἐνοίκησιν,</span> <span class='ocrx_word' id='word_1_811' title='bbox 2440 5239 2650 5296; x_wconf 84' lang='grc' dir='ltr'>παῦσαι</span> <span class='ocrx_word' id='word_1_812' title='bbox 2675 5238 2811 5293; x_wconf 87' lang='grc' dir='ltr'>Θεοῦ</span> <span class='ocrx_word' id='word_1_813' title='bbox 2839 5237 2933 5292; x_wconf 78' lang='grc' dir='ltr'>καὶ</span> <span class='ocrx_word' id='word_1_814' title='bbox 2962 5234 3162 5306; x_wconf 75' lang='grc' dir='ltr'>σαρκὸς</span> <span class='ocrx_word' id='word_1_815' title='bbox 3186 5233 3528 5303; x_wconf 74' lang='grc' dir='ltr'>δογματίζων</span> 
     </span>
    </p>
   </div>
   <div class='ocr_carea' id='block_1_116' title="bbox 1952 5325 3526 5404">
    <p class='ocr_par' dir='ltr' id='par_1_116' title="bbox 1952 5325 3526 5404">
     <span class='ocr_line' id='line_1_116' title="bbox 1952 5325 3526 5404; baseline -0.007 -17"><span class='ocrx_word' id='word_1_816' title='bbox 1952 5333 2054 5404; x_wconf 79' lang='grc' dir='ltr'><strong>τὴν</strong></span> <span class='ocrx_word' id='word_1_817' title='bbox 2083 5333 2204 5387; x_wconf 79' lang='grc' dir='ltr'>καθ’</span> <span class='ocrx_word' id='word_1_818' title='bbox 2235 5332 2534 5386; x_wconf 84' lang='grc' dir='ltr'>ὑπόστασιν</span> <span class='ocrx_word' id='word_1_819' title='bbox 2559 5333 2756 5385; x_wconf 72' lang='grc' dir='ltr'>ἕνωσιν</span> <span class='ocrx_word' id='word_1_820' title='bbox 2778 5345 2793 5361; x_wconf 85' lang='grc'><strong>·</strong></span> <span class='ocrx_word' id='word_1_821' title='bbox 2852 5326 3098 5396; x_wconf 76' lang='grc' dir='ltr'>ἀλλήλων</span> <span class='ocrx_word' id='word_1_822' title='bbox 3125 5326 3234 5398; x_wconf 81' lang='grc' dir='ltr'>γάρ</span> <span class='ocrx_word' id='word_1_823' title='bbox 3262 5327 3401 5379; x_wconf 86' lang='grc' dir='ltr'>εἰσιν</span> <span class='ocrx_word' id='word_1_824' title='bbox 3431 5325 3526 5378; x_wconf 67' lang='grc' dir='ltr'><strong>ἀνα</strong></span> 
     </span>
    </p>
   </div>
   <div class='ocr_carea' id='block_1_117' title="bbox 1953 5415 3524 5493">
    <p class='ocr_par' dir='ltr' id='par_1_117' title="bbox 1953 5415 3524 5493">
     <span class='ocr_line' id='line_1_117' title="bbox 1953 5415 3524 5493; baseline -0.005 -17"><span class='ocrx_word' id='word_1_825' title='bbox 1953 5423 2226 5492; x_wconf 73' lang='grc' dir='ltr'>αιρετικαί</span> <span class='ocrx_word' id='word_1_826' title='bbox 2273 5422 2307 5493; x_wconf 76' lang='grc' dir='ltr'>ἡ</span> <span class='ocrx_word' id='word_1_827' title='bbox 2339 5423 2614 5490; x_wconf 81' lang='grc' dir='ltr'>ὲνοίκησις</span> <span class='ocrx_word' id='word_1_828' title='bbox 2644 5421 2736 5476; x_wconf 72' lang='grc' dir='ltr'><strong>καὶ</strong></span> <span class='ocrx_word' id='word_1_829' title='bbox 2767 5421 2800 5491; x_wconf 77' lang='grc' dir='ltr'><strong>ἡ</strong></span> <span class='ocrx_word' id='word_1_830' title='bbox 2831 5417 2955 5472; x_wconf 78' lang='grc' dir='ltr'>καθ’</span> <span class='ocrx_word' id='word_1_831' title='bbox 2981 5417 3286 5471; x_wconf 80' lang='grc' dir='ltr'>ὑπόστασιν</span> <span class='ocrx_word' id='word_1_832' title='bbox 3320 5415 3524 5486; x_wconf 78' lang='grc' dir='ltr'>φυσικὴ</span> 
     </span>
    </p>
   </div>
   <div class='ocr_carea' id='block_1_118' title="bbox 1952 5509 3530 5586">
    <p class='ocr_par' dir='ltr' id='par_1_118' title="bbox 1952 5509 3530 5586">
     <span class='ocr_line' id='line_1_118' title="bbox 1952 5509 3530 5586; baseline -0.007 -18"><span class='ocrx_word' id='word_1_833' title='bbox 1952 5513 2167 5580; x_wconf 74' lang='grc' dir='ltr'>ἓνωσις.</span> <span class='ocrx_word' id='word_1_834' title='bbox 2245 5516 2309 5568; x_wconf 82' lang='grc' dir='ltr'>Εἰ</span> <span class='ocrx_word' id='word_1_835' title='bbox 2369 5515 2706 5586; x_wconf 77' lang='grc' dir='ltr'>ὑποστατικὴ</span> <span class='ocrx_word' id='word_1_836' title='bbox 2753 5513 2966 5582; x_wconf 74' lang='grc' dir='ltr'>λέγοιτο</span> <span class='ocrx_word' id='word_1_837' title='bbox 3020 5509 3114 5564; x_wconf 76' lang='grc' dir='ltr'><strong>καί</strong></span> <span class='ocrx_word' id='word_1_838' title='bbox 3167 5509 3202 5580; x_wconf 73' lang='grc' dir='ltr'><strong>η</strong></span> <span class='ocrx_word' id='word_1_839' title='bbox 3252 5509 3530 5580; x_wconf 49' lang='lat' dir='ltr'><strong>holitum;</strong></span> 
     </span>
    </p>
   </div>
   <div class='ocr_carea' id='block_1_119' title="bbox 1952 5587 3528 5677">
    <p class='ocr_par' dir='ltr' id='par_1_119' title="bbox 1952 5599 3528 5677">
     <span class='ocr_line' id='line_1_119' title="bbox 1952 5599 3528 5677; baseline -0.005 -17"><span class='ocrx_word' id='word_1_840' title='bbox 1952 5607 2119 5677; x_wconf 69' lang='grc' dir='ltr'>ἤγουν</span> <span class='ocrx_word' id='word_1_841' title='bbox 2149 5607 2224 5672; x_wconf 84' lang='grc' dir='ltr'>ὡς</span> <span class='ocrx_word' id='word_1_842' title='bbox 2250 5608 2600 5673; x_wconf 82' lang='grc' dir='ltr'>ὑποστάσεως</span> <span class='ocrx_word' id='word_1_843' title='bbox 2630 5609 2710 5672; x_wconf 79' lang='grc' dir='ltr'><strong>εἰς</strong></span> <span class='ocrx_word' id='word_1_844' title='bbox 2741 5607 3043 5660; x_wconf 76' lang='grc' dir='ltr'>ὑπόστασιν</span> <span class='ocrx_word' id='word_1_845' title='bbox 3074 5600 3415 5669; x_wconf 77' lang='grc' dir='ltr'>ὲνοικούσης,</span> <span class='ocrx_word' id='word_1_846' title='bbox 3441 5599 3528 5652; x_wconf 78' lang='grc' dir='ltr'>όν-</span> 
     </span>
    </p>
   </div>
   <div class='ocr_carea' id='block_1_120' title="bbox 1951 5688 3525 5769">
    <p class='ocr_par' dir='ltr' id='par_1_120' title="bbox 1951 5688 3525 5769">
     <span class='ocr_line' id='line_1_120' title="bbox 1951 5688 3525 5769; baseline -0.006 -19"><span class='ocrx_word' id='word_1_847' title='bbox 1951 5713 2056 5760; x_wconf 81' lang='grc' dir='ltr'><strong>τως</strong></span> <span class='ocrx_word' id='word_1_848' title='bbox 2090 5698 2226 5769; x_wconf 67' lang='grc' dir='ltr'>φής·</span> <span class='ocrx_word' id='word_1_849' title='bbox 2283 5696 2470 5768; x_wconf 68' lang='lat' dir='ltr'><strong>(Ti-map</strong></span> <span class='ocrx_word' id='word_1_850' title='bbox 2498 5698 2591 5750; x_wconf 67' lang='grc' dir='ltr'><strong>καὶ</strong></span> <span class='ocrx_word' id='word_1_851' title='bbox 2625 5696 2716 5749; x_wconf 70' lang='grc' dir='ltr'>ἐπὶ</span> <span class='ocrx_word' id='word_1_852' title='bbox 2746 5695 2853 5749; x_wconf 83' lang='grc' dir='ltr'><strong>τῶν</strong></span> <span class='ocrx_word' id='word_1_853' title='bbox 2879 5692 3002 5748; x_wconf 72' lang='grc' dir='ltr'>καθ’</span> <span class='ocrx_word' id='word_1_854' title='bbox 3027 5689 3198 5754; x_wconf 75' lang='grc' dir='ltr'>αὑτὰς</span> <span class='ocrx_word' id='word_1_855' title='bbox 3230 5689 3325 5761; x_wconf 68' lang='grc' dir='ltr'>μὲν</span> <span class='ocrx_word' id='word_1_856' title='bbox 3350 5688 3525 5756; x_wconf 52' lang='grc' dir='ltr'>ῦπαρ.</span> 
     </span>
    </p>
   </div>
  </div>
