3932 6152
361 289 532 373 ποθ,

1350 280 1748 346 ADVERSUS
1789 279 2436 341 NESTORIANOS?“
2462 277 2610 338 LIB.
2657 277 2704 336 Ι.

3497 271 3642 337 Ῑιδζῐθ

359 401 572 476 χουσῶν
619 399 846 454 πλακῶν
887 395 982 451 τοῦ
1026 395 1192 468 νόμου
1229 393 1750 466 ίῖιοπεριγράπτως,
1783 408 1972 462 περι-η

2080 389 2210 443 alim
2266 396 2396 442 sunt
2442 385 2743 455 inscriptae,
2805 383 2902 439 sed
2960 381 3124 437 simul
3179 380 3232 435 in
3272 395 3397 436 arca
3453 381 3639 435 conti-

361 490 796 564 λαμϐανομένων
827 488 884 542 δὲ
917 487 1186 542 πάντοθεν
1221 485 1327 538 ὑπὸ
1357 487 1454 555 τῆς
1482 481 1721 538 κιϐωτοῦ
1744 522 1759 547 ,
1796 481 1940 550 ἔχει.

365 584 426 640 El
479 581 538 637 δὲ
597 581 829 650 οὑσιακῇ
886 575 1086 630 ἐνώσει
1135 573 1466 646 καθορῶμεν
1523 573 1624 644 τὴν
1675 572 1948 641 ἐνοίκησιν

363 675 553 745 ὥσπερ
599 677 629 728 ὁ
670 671 845 742 λέγων
881 669 1013 740 περὶ
1047 669 1147 739 τῆς
1182 667 1380 720 ἑαυτοῦ
1407 664 1612 736 ψυχῆς,
1649 663 1730 716 ὅτι
1758 661 1948 732 ἐξῆλθε

364 767 461 824 καὶ
508 765 752 836 ἀπῆλθεν
799 764 896 816 ἀπ’
927 759 1064 832 ἐμοῦ
1114 759 1307 830 ὥσπερ
1352 760 1380 812 ὁ
1423 755 1710 811 καταλύων
1741 754 1950 824 σκηνὴν

367 861 576 932 πήξας,
623 857 736 922 πῶς
770 857 1044 911 κωλύεται
1078 859 1112 927 ἡ
1143 857 1266 912 καθ’
1297 855 1599 909 ὑπόστασιν
1631 853 1824 914 ἓνωσις
1857 849 1952 903 ἐπὶ

379 935 625 1014 Ἐζεκίου
675 947 946 1010 νοεῖσθαι,
1003 945 1224 1014 φύσεως
1261 945 1421 1014 φύσει
1455 939 1815 1008 ἑνοικούσης;
1853 939 1949 992 άν-

367 1041 587 1112 ορωπος
635 1039 691 1092 δὲ
744 1038 841 1091 καὶ
893 1035 1032 1107 σὰρξ
1081 1037 1109 1088 ὁ
1157 1035 1288 1098 Υἱὸς
1338 1035 1434 1088 καί⁷
1466 1033 1648 1101 Λόγος
1679 1029 1774 1083 τοῦ
1814 1026 1951 1080 Θεοῦ

371 1133 488 1196 πῶς
515 1115 754 1200 λέχεται,
779 1130 855 1200 τῷ
882 1130 982 1199 τῆς
1004 1129 1338 1200 ἐνοικήσεως
1362 1125 1552 1188 ἁπλῶς
1577 1123 1766 1194 Δόγῳς
1797 1123 1826 1176 ὁ
1844 1120 1954 1192 γὰρ

371 1223 619 1288 ἐνοικῶν,
649 1223 711 1276 οὑ
736 1221 836 1292 τῆς
862 1219 958 1274 τοῦ
985 1219 1370 1290 ἐνοικουμένου
1404 1213 1776 1288 προσηγορίας
1806 1211 1956 1283 εὑρί-

374 1331 567 1370 σκεται
599 1313 825 1384 Κύριος.

955 1423 1209 1481 ΚΕΦᾹΛ.
1231 1420 1362 1478 ΜΖ’.

448 1543 511 1598 Et
535 1543 626 1598 τὸν
657 1540 1066 1610 παντοδύναμον
1114 1537 1274 1608 φύσει
1312 1535 1486 1604 Λόγον
1521 1535 1618 1590 καὶ
1643 1534 1944 1606 ἀναμάρτηι

377 1640 466 1692 τὸν
492 1635 748 1692 κοινωνὸν
775 1635 933 1705 ἔσχεν
966 1633 1000 1702 ἡ
1041 1631 1178 1703 σάρξ
1199 1631 1299 1700 τῆς
1335 1630 1470 1692 ἰδίας
1507 1629 1814 1700 ὑπάρξεως,
1843 1627 1962 1691 πῶς

2050 488 2277 536 nentur.
2335 478 2392 533 Si
2429 487 2613 533 autem
2665 475 3003 531 conferimus
3050 471 3399 529 substantiali
3447 471 3640 527 unioni

2051 572 2534 635 inhabitationem,
2594 569 2740 625 sicut
2765 567 2872 636 qui
2909 567 2978 622 de
3024 583 3122 623 sua
3149 567 3330 621 anima
3370 565 3506 620 dicit
3533 582 3547 619 :
3573 579 3640 620 ex

2050 682 2138 728 me
2198 666 2336 722 exiit
2393 672 2451 720 et
2487 662 2726 718 excessit
2752 661 2910 732 quasi
2937 661 3029 730 qui
3063 659 3478 714 tabernaculum
3505 671 3642 712 con-

2051 757 2300 811 volutum
2353 755 2488 826 ligat
2523 751 2702 822 :quid
2758 751 3079 820 prohibebit
3119 750 3252 819 quin
3292 750 3348 804 in
3405 748 3642 803 Ezechia

2053 845 2360 900 secundum
2397 858 2691 915 personam
2738 842 2871 895 unio
2901 841 3254 910 concipiatur
3284 848 3346 893 ut
3374 839 3651 908 habitatio

2053 946 2266 992 natura:
2303 937 2358 991 in
2399 935 2640 990 natura?
2689 933 2979 1001 Quomodo
3035 933 3254 986 ratione
3285 929 3646 986 habitationis

2053 1028 2384 1099 simpliciter
2417 1025 2822 1082 diciturhomo
2873 1033 2930 1079 et
2961 1039 3112 1088 caro,
3144 1021 3388 1078 Verbum
3418 1022 3513 1076 Dei
3551 1021 3644 1078 Fi-

2055 1122 2215 1177 lius?
2262 1120 2368 1188 Qui
2412 1119 2562 1176 cnim
2619 1117 2913 1184 inhabitat,
2970 1132 3084 1172 non
3120 1126 3207 1171 est
3247 1117 3514 1172 Dominus
3546 1130 3649 1171 σοι

2057 1211 2228 1267 minis
2269 1211 2420 1264 illius
2469 1209 2524 1263 iu
2575 1224 2685 1279 quo
2735 1215 2841 1263 est.

2649 1433 2802 1490 CAP.
2852 1407 3057 1488 XLVlI.

2134 1551 2191 1608 Si
2229 1561 2423 1608 natura
2446 1549 2799 1618 omnipotens
2819 1557 2875 1602 et
2901 1547 2970 1600 im
2979 1547 3257 1616 peecabile
3275 1546 3516 1604 Verbum
3537 1561 3653 1604 suae

2064 1645 2400 1702 cxsistcntize
2433 1640 2644 1697 socium
2700 1639 2896 1694 habuit
2941 1654 3094 1703 caro,
3122 1638 3402 1708 quemodo
3435 1629 3654 1694 dicetur

377 1727 516 1798 αὕτη
552 1723 619 1780 ἂν
653 1724 740 1796 εἴη
787 1724 1174 1794 ἀναμάρτητος
1221 1719 1518 1790 λεγομένη;
1573 1719 1606 1790 ἢ
1660 1719 1791 1772 ποία
1835 1719 1958 1790 νίκη

2090 1750 2186 1805 psa
2210 1729 2611 1802 impeccabilis?
2631 1729 2714 1784 vel
2741 1743 2989 1798 quaenam
3013 1729 3130 1799 ejus
3156 1728 3380 1784 victoria
3401 1729 3467 1784 de
3485 1729 3653 1796 malo,

376 1819 538 1890 τῆσδε
567 1817 715 1890 ¹πρὸς
775 1816 872 1888 τὴν
901 1816 1102 1870 κακίαν
1128 1813 1330 1868 τοιόνδε
1359 1811 1630 1882 λαϐούσης
1654 1811 1868 1883 βοηθὸν,
1903 1811 1960 1863 ὃν

2080 1842 2187 1896 pne
2221 1825 2384 1878 talem
2433 1821 2634 1875 habuit
2663 1821 2972 1890 adjutorem
3001 1819 3096 1889 qui
3126 1820 3275 1874 vinci
3299 1834 3409 1874 non
3440 1818 3656 1891 possit?

377 1912 499 1965 οὐδὲ
531 1911 646 1964 ἔστι
675 1911 998 1980 νικηθῆναι;
1027 1907 1183 1962 τοῦδε
1214 1907 1322 1978 γὰρ
1357 1905 1423 1959 ἂν
1455 1906 1548 1958 καὶ
1581 1904 1640 1958 οὑ
1671 1904 1836 1973 τῆσδε
1875 1904 1960 1975 εἴη

379 2003 440 2058 τὸ
461 2003 816 2075 κατόρθωμα.
840 1996 990 2071 Ἀρα
1023 1995 1118 2054 οὖν
1147 2001 1196 2052 oi
1224 1997 1546 2061 πεποιθότες
1587 1999 1681 2051 ἐπὶ
1711 1999 1778 2068 τῇ
1805 1997 1964 2050 δυνά-

384 2114 475 2168 μει
529 2095 708 2150 αὐτῶν
743 2094 840 2148 καὶ
876 2093 970 2146 ἐπὶ
996 2093 1076 2162 τῷ
1124 2090 1322 2160 πλήθει
1369 2089 1465 2143 τοῦ
1500 2087 1734 2142 πλούτου
1782 2086 1964 2154 αὐτῶν

382 2187 728 2260 καυχώμενοι
757 2188 858 2240 οὐκ
890 2183 1358 2257 ἐξομολογήσεσθε
1390 2184 1487 2237 σὺν
1526 2184 1657 2253 ἡμῖν
1685 2183 1767 2236 ὅτι
1815 2181 1968 2234 ἀδελο

383 2283 481 2352 φὺς
509 2283 570 2336 οὑ
624 2279 938 2353 λυτροῦται,
971 2278 1093 2331 οὐδὲ
1144 2275 1482 2348 λυτρώσεται
1527 2273 1844 2344 ἄνθρωπος;
1875 2275 1968 2327 καὶ

383 2373 465 2427 δτι
490 2373 590 2426 οὑκ
631 2373 688 2426 ὲν
723 2371 868 2442 ἰσχύϊ
897 2367 1092 2423 ἐαυτοῦ
1125 2367 1348 2430 δυνατὸς
1399 2365 1560 2438 ἀνὴρ,
1599 2364 1736 2418 ἀλλὰ
1764 2363 1968 2434 Κύριος

383 2466 585 2536 ἀσθενῆ
611 2467 829 2536 ποιήσει
877 2463 969 2516 τὸν
1016 2463 1288 2519 ἀντίδικον
1323 2459 1489 2516 αὑτοῦ
1526 2457 1731 2530 Κύριος
1777 2457 1965 2525 ἅγιος·

2064 1917 2132 1971 ad
2165 1917 2344 1978 illum,
2374 1927 2485 1967 non
2511 1920 2694 1966 autem
2725 1911 2791 1965 ad
2819 1927 2940 1965 eam
2969 1911 3270 1981 pertineret
3294 1911 3416 1966 laus
3451 1915 3652 1966 omnis.

2065 2005 2260 2060 Nonne
2285 2001 2378 2072 qui
2412 2001 2466 2056 in
2497 2015 2594 2064 sua
2621 2007 2892 2071 potestate
2922 1999 3201 2054 conﬁditis
3225 2009 3283 2054 et
3311 2001 3366 2054 in
3401 2000 3654 2056 multitu-

2070 2097 2201 2152 dine
2274 2093 2592 2150 divitiarum
2655 2107 2878 2147 suarum
2957 2091 3268 2162 gloriamini
3316 2093 3658 2148 :nobiscum

2057 2183 2450 2243 confitebimini
2475 2181 2624 2252 quod
2653 2180 2828 2247 frater
2861 2195 2969 2235 non
3012 2181 3252 2247 redimit,
3288 2197 3393 2236 nec
3424 2182 3660 2239 redimet

2068 2279 2274 2334 homo?
2292 2277 2362 2332 Et
2383 2275 2531 2346 quod
2555 2290 2666 2329 non
2692 2289 2789 2329 sua
2811 2272 3136 2329 fortitudine
3153 2284 3348 2344 potens
3366 2284 3450 2330 est
3469 2276 3658 2342 homo,

2071 2370 2165 2425 sed
2193 2368 2340 2439 quod
2359 2367 2628 2422 Dominus
2653 2365 2908 2420 infirmus
2926 2365 3091 2421 faciet
3117 2365 3498 2422 adversarium
3516 2369 3658 2438 ejus,

2071 2459 2340 2515 Dominus
2369 2467 2614 2524 sanctus,
2672 2457 2828 2511 audit
2877 2455 3152 2512 dicentem
3193 2474 3206 2510 :
3255 2473 3363 2512 non
3393 2457 3663 2527 glorietur

385 2557 680 2624 ἀκούσατε,
702 2551 747 2610 ὧ
773 2547 943 2622 οὗτοι,
975 2555 1070 2608 τοῦ
1093 2555 1368 2624 λέγοντος·
1393 2553 1486 2622 Μὴ
1511 2549 1812 2622 καυχάσθω
1835 2551 1864 2603 ὁ
1893 2551 1971 2604 ἰσ-

2080 2553 2233 2608 Γοτιίς
2288 2553 2346 2608 in
2397 2551 2726 2608 fortitudine
2777 2567 2914 2618 sua;
2965 2560 3022 2608 et
3053 2552 3253 2607 scitote
3302 2554 3452 2622 quod
3499 2569 3566 2609 ex
3599 2569 3666 2610 se

385 2649 551 2723 χυρὸς
581 2652 639 2703 ἐν
663 2650 730 2720 τῇ
763 2647 909 2718 ίσχύῖ
933 2645 1102 2700 αὑτοῦ
1125 2661 1140 2678 ο
1192 2646 1286 2699 καὶ
1323 2643 1496 2713 γνῶτε
1529 2643 1612 2695 ὅτι
1637 2641 1698 2694 τὸ
1731 2639 1853 2694 καθ’
1875 2640 1972 2693 αὑ·

2080 2645 2191 2715 ipsa
2223 2645 2342 2700 sine
2380 2643 2661 2714 adjutorio
2684 2643 3034 2712 iniquitatem
3067 2659 3400 2714 superares;
3435 2661 3545 2701 non
3587 2647 3664 2703 sit

385 2742 485 2814 τὴν
511 2739 788 2813 ἁμαρτίας
823 2739 1193 2808 κατακρατεῖν
1231 2735 1576 2805 ἀδοηθήτως,
1610 2731 1826 2801 φύσεώς
1858 2731 1972 2783 ἐστι

2080 2738 2183 2792 nisi
2215 2746 2423 2792 natura:
2447 2736 2846 2806 impcccabilis.
2872 2753 3036 2807 quam
3069 2738 3112 2791 si
3139 2737 3492 2804 haberemus,
3530 2741 3666 2796 deos

392 2835 560 2906 μόνης
606 2833 706 2904 τῆς
763 2832 1152 2902 ἀναμαρτήτου
1178 2847 1193 2860 ο
1235 2828 1357 2882 καθ’
1385 2830 1452 2900 ἢν
1490 2829 1539 2881 εξ
1585 2827 1804 2898 εἴημεν,
1862 2827 1972 2880 θεοὶ

2080 2843 2196 2882 esse
2223 2826 2334 2896 jam
2366 2826 2581 2897 pridem
2622 2841 2725 2880 nos
2759 2835 3041 2880 constaret
3085 2827 3294 2882 Labilis
3323 2836 3506 2882 autem
3535 2844 3664 2884 cum

390 2927 558 2982 πάλαι
587 2925 653 2980 ἂν
679 2923 832 2988 ὄντες
864 2922 1208 2994 ὲδείχθημεν.
1275 2921 1546 2992 Πταιστῆς
1597 2919 1654 2972 δὲ
1685 2919 1834 2983 ὄντες
1875 2918 1972 2986 φύ-

2080 2920 2250 2974 simus
2277 2928 2488 2972 natura:
2521 2926 2664 2972 eteo
2691 2918 2811 2987 ipso
2845 2917 3006 2972 facile
3030 2918 3255 2973 obnoxii
3291 2919 3514 2976 insidiis
3545 2923 3668 2991 ejus

392 3037 550 3084 σεως,
582 3017 678 3072 καὶ
726 3015 982 3070 ἐντεῦθεν
1013 3013 1458 3068 εὑεπιϐούλευτοι
1505 3011 1852 3073 καθεστῶτες
1898 3009 1972 3080 τῷ

2080 3011 2173 3078 (ιυί
2203 3023 2304 3062 nos
2331 3016 2506 3062 tentat
2527 3007 2580 3060 in
2605 3016 2890 3076 peccatum
2919 3007 3204 3074 inducere,
3235 3025 3376 3080 opus
3397 3011 3668 3067 habemus

393 3110 708 3182 πειράζοντι
744 3109 840 3162 καὶ
891 3109 970 3170 είς
992 3105 1093 3176 τὴν
1131 3104 1384 3175 ἐνεργείᾳ
1437 3103 1710 3173 ἁμαρτίαν
1738 3100 1972 3155 κατασύ-

2080 3100 2366 3172 potestatis
2397 3101 2682 3170 cujusdam
2712 3117 2834 3170 qua:
2871 3111 3074 3158 nostrae
3129 3113 3341 3160 naturae
3377 3105 3670 3161 imbecilli-

396 3219 561 3273 ροντι,
626 3199 869 3254 εὔκολοιο
919 3196 1204 3266 δυνάμεώς
1244 3213 1388 3258 τινος
1419 3193 1848 3264 ἐμφωλευούσης
1907 3193 1973 3262 τῇ

394 3291 666 3364 ἀδυναμίᾳ
695 3291 796 3359 τῆς
818 3292 1093 3361 ἡμετέρας
1121 3287 1338 3357 φύσεως
1356 3284 1637 3355 ἐδεόμεθα,
1659 3285 1748 3338 ἵνα
1771 3284 1845 3354 μὴ
1878 3301 1977 3335 κα·-

396 3380 918 3446 ταδυναστευθῶμεν
960 3379 1086 3433 εὑπδ
1113 3379 1233 3450 ’τῆς
1285 3375 1672 3446 ἀντικειμένης
1702 3376 1832 3444 ἡμῖν
1859 3373 1980 3427 ἐπι--

399 3472 592 3528 ϐούλου
646 3471 948 3543 δυνάμεως,
988 3472 1024 3541 ἥ
1077 3488 1160 3534 τις
1207 3468 1288 3540 τῷ
1340 3467 1552 3540 κέντρῳ
1601 3465 1693 3522 τοῦ
1745 3467 1977 3520 θανάτου

399 3565 566 3638 ἠγουν
603 3555 672 3634 τῇ
715 3563 962 3635 ἁμαρτίᾳ
1008 3563 1159 3632 ἡμᾶς
1181 3559 1666 3629 ἐπικεντρίζουσα,
1726 3556 1980 3626 θνήσκειν

399 3658 572 3712 ἐποίει
621 3658 718 3711 καὶ
761 3657 860 3726 τῆς
895 3653 1197 3717 ἀθανασίας
1249 3653 1498 3721 ἐστέρει’
1532 3651 1627 3703 καὶ
1681 3647 1840 3726 τοῦτρ
1881 3647 1980 3700 οὐκ

401 3749 683 3820 ἑξωτέρως
712 3766 831 3810 πως
867 3749 967 3817 τῆς
1011 3746 1221 3810 οὐσίας,
1261 3745 1384 3798 οὑδὲ
1417 3743 1766 3816 προσκαίρως
1789 3759 1802 3774 ·
1847 3740 1982 3794 ἀθα-

401 3842 560 3905 νατός
588 3857 650 3894 τε
695 3839 806 3911 γὰρ
860 3841 889 3894 ὁ
921 3839 1151 3909 εὑρέτης
1179 3837 1278 3906 τῆς
1332 3835 1536 3898 κακίας
1567 3829 1720 3898 οὗτος
1750 3834 1845 3886 καὶ
1873 3832 1984 3888 τῶν

401 3932 640 4006 καρδιῶν
673 3931 830 4003 ἡμῶν
867 3930 1049 3983 αὑτῶν
1101 3927 1489 3998 ἐμϐατευτικός
1509 3941 1523 3956 ⁶
1552 3925 1648 3996 τῆς
1681 3923 1896 3996 φύσεώς
1924 3941 1985 3977 τε

403 4023 570 4094 αὑτῆς
593 4025 724 4094 ἡμῖν
756 4015 824 4093 ἦν
853 4022 888 4092 ἡ
918 4018 1199 4074 ἀσθένεια.
1235 4017 1474 4080 Εἰκότως
1511 4013 1604 4070 οὖν
1638 4018 1704 4087 τῇ
1735 4033 1796 4069 τε
1827 4016 1986 4084 φύσει

405 4115 564 4189 ἡμῶν
595 4117 630 4186 ἠ
657 4114 795 4186 πρὸς
827 4111 1178 4182 δικαιοσύνην
1197 4109 1559 4180 δυναμοποιὺς
1597 4111 1693 4162 καὶ
1720 4111 1988 4180 σωτήριος

2080 3201 2246 3248 tatem
2289 3191 2532 3262 adjuvet,
2580 3207 2649 3246 ne
2706 3192 3051 3248 insidiatoris
3088 3195 3451 3266 subjiciumur
3513 3209 3672 3268 pote-

2081 3281 2238 3349 stati,
2291 3297 2414 3350 quae
2467 3279 2666 3334 mortis
2711 3279 2960 3346 stimulo,
3014 3281 3066 3336 id
3113 3292 3216 3349 est,
3267 3293 3512 3354 peccato,
3568 3304 3674 3344 nos

2080 3364 2330 3446 [iungens
2371 3389 2474 3428 nos
2529 3374 2668 3428 mori
2705 3373 2943 3429 faciebat
2991 3384 3048 3431 et
3095 3375 3515 3437 immortalitate
3553 3383 3672 3452 pri-

2081 3467 2265 3531 vabat,
2296 3482 2405 3520 non
2431 3475 2617 3522 autem
2658 3466 2896 3537 quodam
2931 3469 3096 3524 modo
3128 3470 3280 3526 foras
3319 3474 3671 3540 substantiae,

2082 3559 2178 3616 sed
2205 3574 2384 3632 neque
2411 3568 2756 3628 Opportune;
2785 3560 3116 3616 immortalis
3133 3563 3281 3618 enim
3311 3575 3395 3620 est
3423 3566 3514 3622 ille
3545 3569 3672 3624 mali

2083 3652 2344 3707 inventor
2396 3658 2454 3706 et
2505 3634 3124 3720 cordium°nostrorum
3166 3655 3407 3724 invasor,
3462 3669 3676 3716 natura:

2085 3754 2271 3823 autem
2323 3751 2528 3798 nostra;
2566 3745 2787 3814 propria
2843 3755 2964 3800 erat
3017 3745 3340 3814 infirmitas;
3378 3750 3505 3820 jure
3541 3767 3674 3820 ergo

2085 3849 2142 3896 et
2195 3840 2394 3896 merito
2422 3849 2641 3894 natura:
2673 3849 2875 3895 nostra:
2910 3839 3062 3894 unita
3107 3848 3193 3893 est
3231 3849 3426 3896 natura
3446 3841 3676 3912 justitias

2086 3942 2289 4004 potens
2339 3939 2396 3988 et
2442 3931 2721 3998 salutaris,
2760 3931 2815 3985 in
2867 3946 3030 3986 unam
3063 3946 3216 3986 suam
3251 3947 3545 4001 personam
3577 3949 3680 3995 nos

2087 4023 2386 4095 recipiens,
2419 4037 2489 4078 ne
2535 4021 2591 4076 in
2627 4031 2877 4077 naturam
2919 4031 3184 4086 nostram,
3220 4023 3331 4094 jam
3364 4023 3506 4078 intra
3537 4039 3677 4094 pcr-

2089 4130 2278 4172 sonam
2334 4115 2482 4170 illam
2520 4114 2815 4178 inclusam,
2859 4129 2968 4168 non
3001 4115 3174 4184 possit
3223 4115 3680 4172 seintromittcre

405 4210 566 4281 φύσις
618 4208 960 4277 συνεπλάκη,
1019 4208 1100 4270 εἰς
1143 4205 1274 4276 μίαν
1322 4203 1625 4258 ὑπόστασιν
1659 4203 1758 4272 τὴν
1787 4203 1972 4271 ἑαυτῆς

2091 4207 2267 4263 hostis
2301 4215 2514 4270 noster,
2565 4205 2617 4260 ei
2649 4205 3017 4275 personaliter
3047 4205 3286 4275 quodam
3321 4205 3485 4260 modo
3521 4206 3684 4262 inha-

403 4299 553 4368 ἡμᾶς
585 4295 674 4350 διὰ
710 4298 808 4368 τῆς
835 4295 1092 4368 ἀπαρχῆς
1119 4293 1573 4366 προσλαὸομένη·
1615 4293 1692 4354 ὼς
1729 4293 1795 4346 ἂν
1851 4296 1972 4364 μήτε

2092 4299 2295 4360 bitans,
2322 4305 2383 4351 ut
2415 4297 2718 4352 etiamnum
2752 4296 3235 4366 iuenergumenis,
3277 4311 3418 4351 neve
3470 4297 3680 4352 nudam

406 4391 700 4462 ἐνδοτέρως
741 4390 902 4462 τῆσδε
955 4392 1033 4453 είς
1087 4388 1188 4462 τὴν
1234 4386 1398 4456 φύσιν
1446 4388 1607 4458 ἡμῶν
1663 4387 1972 4459 nmmum

2094 4403 2378 4461 nunquam
2435 4389 2680 4458 reperiat
2728 4397 2973 4442 nostram
3007 4395 3285 4453 naturam,
3336 4388 3390 4442 in
3421 4403 3487 4443 ea
3519 4388 3681 4443 habi-

407 4479 518 4552 ἔχοι
552 4485 580 4535 ὁ
607 4481 800 4552 ἐχθρὸς
824 4481 948 4536 καθ’
986 4481 1286 4535 ὑπόστασιν
1328 4479 1680 4550 ἐγγινόμενός
1707 4496 1824 4544 πως
1843 4496 1858 4511 ⁸
1899 4475 1989 4534 οἷα

407 4574 546 4629 κάπὶ
575 4573 683 4626 τῶν
721 4575 1132 4645 ἐνεργουμένων
1165 4574 1327 4644 μέχρι
1361 4571 1477 4638 νῦν,
1507 4575 1645 4644 μήτε
1673 4573 1865 4645 καιρὸν
1893 4591 1991 4643 γυο

411 4666 670 4736 μνώσεως
695 4667 795 4735 τῆς
832 4667 1108 4738 ἡμετέρας
1139 4665 1290 4738 εὖροι
1327 4666 1456 4720 ποτὲ
1497 4664 1736 4734 φύσεως,
1760 4668 1819 4720 ἐν
1851 4667 1988 4738 αὐτῇ

412 4759 784 4828 ὑφεστηκυίας
838 4762 904 4830 τῇ
943 4759 1038 4812 τοῦ
1096 4758 1333 4826 φύλακος
1379 4757 1537 4828 ἡμῶν
1576 4758 1896 4824 ὑποστάσει,
1955 4759 1990 4832 ἢ

411 4851 530 4904 ἐστι
557 4847 717 4917 φύσει
771 4847 848 4920 τῷ
885 4864 947 4900 τε
998 4847 1229 4918 διαϐόλῳ
1259 4849 1354 4902 καὶ
1385 4851 1452 4921 τῇ
1499 4849 1745 4923 ἁμαρτίᾳ
1790 4853 1886 4906 καὶ
1914 4851 1992 4924 τῷ

410 4939 628 5010 θανάτῳ
663 4936 993 5002 ἀνεπίϐατος
1014 4954 1028 4968 ·
1057 4939 1124 5008 τῇ
1153 4937 1332 5009 τοιᾷδε
1366 4935 1459 4991 οὖν
1507 4938 1778 5010 ὑπερφυεῖ
1805 4939 1992 5008 φιλαν-

409 5033 632 5107 θρωπίᾳ
683 5032 783 5104 τὴν
841 5031 977 5086 ίδίαν
1011 5031 1190 5103 σάρκα
1219 5032 1606 5104 ἀναμάρτητον
1647 5034 1953 5103 κατέστησε
1975 5050 1990 5066 ο

410 5124 506 5177 καὶ
547 5123 672 5187 τοὺς
704 5119 1026 5193 ὁμοουσίους
1063 5120 1202 5190 αὑτῇ
1237 5118 1617 5190 ἁμαρτωλοὺς,
1643 5119 1834 5175 ἐνθάδε
1891 5123 1992 5193 τῆς

2097 4491 2247 4540 tante
2271 4481 2524 4538 custodis
2556 4481 2733 4536 nostri
2769 4495 3023 4551 persona,
3055 4495 3176 4550 quae
3207 4489 3404 4535 natura
3443 4489 3528 4536 est
3555 4481 3682 4537 dia-

2096 4577 2226 4632 bolo
2271 4585 2329 4631 et
2357 4582 2587 4646 peccato
2611 4584 2670 4629 et
2697 4575 2857 4630 morti
2898 4574 3197 4644 impervia:
3231 4575 3324 4629 illa
3370 4574 3541 4646 igitur
3571 4575 3680 4632 hu-

2097 4669 2363 4724 manitate
2416 4667 2696 4738 propriam
2753 4682 2922 4722 suam
2971 4681 3194 4722 carnem
3262 4666 3681 4738 itupeccabilem

2091 4759 2260 4824 fecit;
2311 4765 2369 4812 et
2413 4766 2736 4828 peccatores
2790 4755 2842 4812 ei
2895 4755 3416 4824 consubstantiales,
3460 4747 3686 4812 bieim-

2095 4849 2480 4924 peccabilitate
2540 4846 2852 4920 spiritualis
2907 4847 3222 4902 sanctitatis
3275 4855 3333 4904 et
3391 4848 3448 4902 in
3495 4846 3687 4904 futuro

2097 4957 2284 4999 secum
2304 4939 2795 5012 impeccabilitatis
2815 4939 3059 5010 perfecta
3085 4939 3334 4995 donavit.
3379 4940 3552 4996 Deum
3581 4943 3686 5013 igi-

2097 5044 2189 5092 tur
2207 5034 2472 5098 Vcrbum,
2501 5033 2650 5105 quod
2677 5033 2759 5089 sic
2786 5031 2951 5088 nobis
3001 5031 3442 5104 redemptionem
3474 5034 3691 5092 invenit

2094 5135 2360 5186 aaternam
2403 5127 2797 5196 gloriﬁcamus.

410 5209 798 5282 ἀναμαρτήτου
873 5207 1254 5278 πνευματικῆς
1295 5205 1622 5272 “animus.
1673 5209 1731 5262 ἐν
1783 5209 1860 5282 τῷ
1924 5212 2170 5282 μέλλοντι
2226 5219 2324 5272 σὺν
2374 5219 2548 5288 αὐτῇ,
2601 5217 2836 5288 ἠξίωσεν
2891 5217 3234 5288 ἀπεράντως.
3289 5216 3347 5274 ’0
3401 5215 3494 5276 οὖν
3554 5219 3686 5283 Θεὸς

413 5309 586 5379 Λόγος
609 5308 838 5363 αἰωνίαν
871 5307 1005 5379 ἡμῖν
1036 5305 1307 5378 λύτρωσιν
1355 5307 1656 5380 εὑράμενος
1685 5310 1860 5376 οὕτως
1907 5313 2212 5382 δοξάζεται,

951 5480 958 5487 η
995 5417 1250 5476 ΚΕΦΔΔ.
1285 5420 1427 5477 MH’.

487 5536 599 5590 Καὶ
630 5535 750 5590 τόδε
775 5534 842 5604 δὴ
867 5535 1001 5600 ἴσως
1029 5533 1100 5590 ἄν
1127 5535 1261 5608 ἡμῖν
1283 5587 1294 5605 _
1313 5519 1650 5610 ἀπορήσοιεν
1689 5540 1738 5592 oi
1775 5518 1873 5611 τῆν
1897 5541 1989 5597 τοῦ

412 5625 588 5692 Λόγου
612 5627 749 5699 πρὸς
772 5626 872 5698 τὴν
903 5627 1084 5700 σάρκα
1111 5625 1309 5683 ῑνωσιν
1339 5627 1514 5701 ἁληθῆ
1545 5629 1668 5684 καθ’
1695 5631 1995 5688 ὑπόστασιν

414 5720 758 5793 ἀρνούμενοι.
785 5757 798 5775 .
816 5759 830 5775 .
859 5721 924 5774 ἄν
947 5719 1178 5792 ἄπειρον
1208 5721 1378 5792 φύσει
1396 5723 1544 5794 παρᾶ
1580 5722 1640 5776 τὸ
1665 5724 1846 5795 φύσει,
1871 5723 1995 5780 καθ’

2684 5425 2838 5486 CAP.
2881 5429 3118 5488 XLVIII.

2174 5536 2395 5604 Et'hoc
2431 5545 2616 5604 forsan
2671 5545 2834 5604 nobis
2897 5555 3167 5619 reponem
3213 5545 3308 5616 qui
3343 5533 3508 5602 Verbi
3560 5558 3687 5600 cum

2105 5648 2271 5694 carne
2355 5651 2544 5718 veram
2631 5637 2940 5693 secundum
3025 5640 3320 5706 personam
3418 5643 3688 5704 respuunt

2109 5729 2492 5786 unionem.....
2522 5737 2722 5784 natura
2753 5729 3053 5796 inﬁnitum,
3093 5737 3292 5800 printer
3324 5729 3470 5802 quod
3496 5735 3688 5786 natura
