3932 6152
287 325 294 332 ι
369 253 498 370 {an

359 431 492 476 suas
524 405 778 485 proprias
809 423 1034 464 omnino
1077 399 1322 462 actiones
1359 405 1692 476 producere.
1743 405 1930 476 ltaque
1960 411 2002 467 Α

259 521 286 558 ιη
361 520 473 560 non
502 509 682 574 potest
706 499 832 554 inde
855 495 1220 552 demonstrari
1252 494 1606 564 impossibilis
1626 494 1932 551 secundum

269 608 274 618 ‘
360 607 654 666 personam
677 590 808 644 unio
835 602 961 642 cum
989 582 1140 638 {inita
1169 593 1383 638 natura.
1438 619 1442 624 -

1618 293 1931 360 LEONTII
1967 286 2372 358 BYZANTINI

3479 296 3630 360 1512

2037 407 2154 478 ρῶν
2183 409 2292 468 τοῖς
2323 405 2508 467 ὅπλοις
2533 401 2627 456 τοῦ
2671 402 2865 466 Σαοὺλ,
2907 399 3168 464 ἀδύνατος
3221 393 3290 472 ἦν
3324 401 3464 472 πρὸς
3515 404 3626 475 τὴν

2041 498 2472 570 ἀντιπαράταξιν
2501 499 2595 551 καὶ
2640 495 2918 566 ἀναίρεσιν
2946 492 3042 546 τοῦ
3097 493 3394 563 ἀλλοφύλου
3416 512 3431 527 ⁸
3461 495 3628 550 ἔσται

2037 587 2130 642 οὖν
2153 589 2362 656 σαφῶς,
2413 586 2446 660 ἢ
2472 589 2572 641 οὑκ
2619 587 2846 657 ἄπειρος
2873 582 2970 654 τὴν
2998 582 3230 654 δύναμιν
3260 585 3290 636 ὁ
3340 583 3474 649 Θεὸς
3507 587 3624 640 Λό-

363 687 532 758 γος,ἢ
559 684 874 754 εἱάπειρος,
899 679 998 733 οὑκ
1036 679 1322 742 ἀδύνατοςθ
1353 677 1448 733 καὶ
1505 671 1594 732 διὰ
1656 679 1900 750 περατῆς
1916 679 2131 747 φύσεως
2190 685 2366 737 πάντα
2403 683 2470 736 τὰ
2511 683 2618 736 ἴδια
2681 681 2912 734 πάντοτε
2977 682 3241 754 ἐνεργεῖν.
3279 681 3479 754 Διόπερ
3513 681 3623 736 οὐκ

361 783 509 836 ἐστιν
526 781 589 832 ἐκ
615 776 768 830 τοῦδε
787 775 885 846 τὴν
913 773 1032 828 καθ’
1059 773 1354 826 ὑπόστασιν
1377 773 1512 843 πρὸς
1539 773 1696 844 τήνδε
1721 774 1934 839 ἕνωσιν,
1973 775 2230 830 ἀδύνατον
2261 775 2630 846 παραστῆσαι.
3076 786 3085 795 ·

958 888 1110 945 CAP.
1145 886 1335 942 XLIX.

432 1000 561 1055 Haec
591 997 923 1068 compositio
957 1011 1120 1066 quam
1153 993 1362 1053 dicitis.
1397 995 1678 1065 inquiunt,
1717 996 1940 1051 velno-

360 1105 482 1147 vam
515 1100 770 1144 naturam
808 1086 1088 1158 produxit,
1135 1102 1308 1156 quare
1349 1086 1514 1156 igitur
1549 1101 1656 1140 non
1707 1101 1940 1142 consen-

361 1185 480 1240 titis
507 1185 596 1239 his
624 1183 720 1252 qui
747 1191 972 1236 naturas
997 1181 1262 1234 miscent?
1283 1179 1377 1234 Vel
1403 1195 1599 1234 novam
1625 1195 1935 1250 personam,

361 1287 421 1334 et
455 1292 556 1331 cur
585 1291 686 1330 nos
722 1273 1037 1344 rcpellitis?
1068 1273 1153 1328 vel
1208 1288 1310 1328 nec
1363 1280 1618 1326 naturam
1664 1287 1768 1327 nec
1813 1288 1940 1342 per-

363 1383 578 1432 sonam,
616 1377 673 1422 et
721 1376 851 1422 tunc
884 1365 1085 1419 frustra
1126 1365 1270 1420 facta
1315 1375 1420 1419 est.
1465 1363 1569 1418 Sed
1589 1379 1710 1422 .non
1742 1378 1937 1419 neces-

364 1462 534 1525 sario,
563 1459 748 1518 amici.
775 1457 1104 1526 compositio
1126 1465 1223 1510 aut
1245 1465 1497 1510 naturam
1527 1465 1622 1509 aut
1647 1469 1935 1524 personam

365 1565 562 1605 novam
591 1548 868 1619 producit.
911 1546 1134 1600 Ferrum
1157 1545 1302 1599 enim
1327 1545 1380 1598 in
1403 1543 1736 1599 carbonibus
1755 1543 1939 1613 ignitis

367 1642 741 1703 combustum,
779 1655 959 1708 neque
987 1646 1236 1692 naturam
1268 1651 1448 1705 neque
1497 1651 1786 1705 personam
1838 1649 1936 1688 uo-

364 1743 487 1789 Vam
527 1731 772 1802 praebet:
799 1744 1028 1800 persona
1061 1731 1210 1783 enim
1254 1727 1382 1782 ferri
1433 1736 1490 1782 et
1534 1741 1766 1797 persona
1811 1741 1934 1779 car-
1962 1765 2010 1824 Β

369 1827 575 1880 bonum
609 1833 924 1887 remanent;
954 1821 1046 1876 sed
1075 1821 1128 1874 in
1165 1820 1292 1875 ferri
1317 1835 1548 1889 persona
1571 1826 1771 1872 natura
1797 1817 1937 1888 ignis

361 1931 430 1970 ex
459 1930 516 1968 se
541 1911 946 1982 impersonalis,
982 1911 1136 1966 unita
1157 1918 1241 1964 cst
1270 1921 1481 1964 natura:
1504 1907 1660 1974 ferri,
1689 1907 1935 1978 ejusdem

363 2019 615 2075 persona:
649 2018 713 2057 ac
763 2003 942 2071 ipsum
976 1999 1166 2055 facta:
1209 1999 1340 2069 quid
1389 1999 1558 2068 igitur
1606 1997 1662 2051 in
1717 1997 1938 2051 Christo

364 2093 730 2166 Compositio?
760 2093 896 2147 nihil
927 2091 1076 2146 aliud
1112 2107 1275 2160 quam
1308 2091 1452 2160 quod
1485 2090 1639 2160 prius
1683 2089 1754 2143 ab
1798 2089 1938 2144 invi-

365 2203 484 2242 cem
518 2193 789 2255 separata,
823 2183 932 2255 jam
977 2176 1389 2254 conjunguntur
1428 2180 1730 2236 secundum
1771 2193 1937 2234 unam

366 2293 659 2350 personant
696 2291 861 2330 unius
885 2275 1304 2346 conjunctorum
1334 2271 1519 2342 :quod
1573 2272 1706 2326 satis
1751 2283 1836 2326 est
1868 2271 1937 2325 ad

271 2407 281 2414 ν
368 2370 651 2426 ditandam
698 2376 943 2422 nostram
996 2375 1248 2420 naturam
1291 2363 1444 2420 omni
1490 2372 1688 2418 natura
1729 2361 1935 2416 divina.

1025 2589 1175 2644 CAP.
1215 2588 1279 2643 L.

441 2701 537 2756 Vel
572 2699 842 2754 naturalis
885 2705 970 2752 est
998 2697 1090 2750 illa
1115 2711 1276 2766 quam
1307 2695 1494 2752 dicitis
1522 2698 1688 2754 Verbi
1730 2707 1786 2754 et
1815 2711 1936 2754 cara
1959 2741 1986 2763 ρ

379 2793 472 2848 nis
509 2790 662 2852 unio,
697 2798 753 2844 et
787 2788 840 2842 in
867 2804 978 2858 quo
999 2787 1236 2842 differtis
1263 2787 1332 2842 ab
1359 2788 1449 2843 his
1477 2789 1572 2858 qui
1596 2789 1788 2844 dicunt
1815 2804 1938 2843 οῐιι-⁵

371 2883 507 2939 nino
529 2880 764 2935 similem
785 2893 905 2934 esse
928 2879 982 2932 in
1003 2877 1225 2933 Christo
1249 2889 1302 2934 et
1324 2879 1379 2932 in
1406 2879 1628 2936 homine
1654 2881 1941 2934 unionem?

369 2976 458 3032 vel
493 2973 798 3044 personalis
822 2979 926 3034 est,
959 2981 1016 3026 et
1040 2987 1138 3026 cur
1164 2971 1324 3026 nobis
1348 2987 1457 3026 non
1490 2973 1820 3028 conscntitis
1839 2971 1937 3043 qui

370 3061 608 3122 dicimus
651 3079 773 3118 eam
829 3062 1064 3118 similem
1123 3078 1243 3117 esse
1299 3065 1488 3118 unioni
1531 3067 1766 3120 amantis
1811 3081 1936 3120 cum

369 3155 630 3214 amante?
657 3155 752 3210 Vel
784 3169 962 3224 neque
993 3155 1262 3210 naturalis
1285 3171 1466 3226 neque
1497 3159 1803 3226 personalis
1833 3168 1936 3222 est,

369 3252 428 3299 et
460 3252 590 3298 tunc
629 3250 818 3310 aperte
857 3242 1132 3297 ostendite
1158 3242 1288 3312 quid
1314 3244 1473 3298 vobis
1499 3245 1754 3301 videatur
1785 3247 1942 3302 esse?

372 3331 504 3396 Sed,
551 3348 583 3386 ο
627 3331 912 3401 sophistae,
953 3333 1106 3402 juxta
1140 3343 1320 3388 vestra
1352 3334 1518 3401 dicta,
1561 3352 1738 3406 neque
1775 3347 1940 3392 natu-

372 3421 505 3474 ralis
533 3429 618 3476 est
669 3435 848 3490 neque
907 3423 1243 3490 personalis;
1301 3423 1396 3478 sed
1441 3427 1742 3480 secundum
1795 3429 1941 3497 piam

375 3513 728 3575 sententiam,
759 3521 910 3568 recte
946 3523 1129 3582 potest
1161 3515 1268 3570 dici
1308 3523 1364 3570 et
1393 3519 1656 3573 naturalis
1701 3520 1864 3574 simul
1887 3530 1946 3574 et

373 3605 706 3676 personalis.
733 3605 1038 3676 IEquivoca
1097 3609 1242 3662 enim
1303 3624 1427 3664 cum
1465 3611 1578 3666 sint
1617 3613 1742 3678 ista,
1773 3613 1941 3669 alter-

372 3697 558 3752 native
586 3712 655 3751 οι
685 3699 952 3754 alterutra
981 3699 1119 3754 subd
1135 3701 1300 3756 ucitis
1329 3701 1478 3771 quod
1531 3703 1622 3772 pie
1675 3705 1940 3760 sentitur.

373 3787 652 3843 Naturalis
695 3800 882 3844 autem
915 3790 1120 3845 dicitur
1151 3807 1275 3861 qum
1323 3792 1380 3846 in
1419 3793 1605 3862 aliquo
1641 3795 1943 3850 secundum

373 3879 744 3947 proprietates
790 3889 1004 3934 natura;
1058 3890 1160 3943 est,
1209 3882 1355 3935 sicut
1405 3897 1556 3936 mors
1584 3883 1794 3948 Lazari,
1823 3901 1946 3955 quae

375 3983 486 4022 non
509 3979 652 4032 erat,
684 3970 836 4025 velut
857 3972 979 4042 ejus
1003 3972 1362 4036 resurrectio,
1407 3988 1571 4044 supra
1619 3977 1739 4045 ejus
1785 3987 1948 4031 natu-

375 4077 513 4116 ram.
569 4061 850 4118 Naturalis
873 4078 1094 4134 quoque
1125 4063 1329 4119 dicitur
1359 4081 1480 4134 quae
1505 4073 1588 4121 est
1621 4066 1946 4136 simpliciter

374 4155 509 4210 unio
537 4164 862 4210 naturarum
877 4166 972 4210 aut
999 4167 1212 4214 natura:
1234 4167 1291 4214 et
1315 4173 1425 4212 non
1454 4159 1848 4224 accidentium,
1883 4169 1948 4216 ut

372 4247 748 4318 estoxymelis
787 4249 1036 4303 mistura.
1092 4249 1212 4304 Non
1236 4250 1386 4305 enim
1431 4250 1650 4320 utrique
1695 4252 1946 4307 naturale

371 4343 458 4390 est
489 4350 671 4406 neque
707 4338 1084 4392 necessarium
1125 4337 1180 4392 in
1213 4339 1445 4394 mistura
1483 4340 1762 4411 conjungi,
1804 4340 1948 4395 sicut

375 4441 487 4482 non
523 4436 645 4482 erat.
673 4429 926 4483 naturale
951 4428 1158 4484 Lazaro
1179 4431 1508 4496 mori;banc
1536 4447 1756 4501 quoque
1787 4433 1941 4486 unio-

2049 4437 2276 4507 φυσικὸν
2306 4436 2509 4490 τούτων
2561 4436 2823 4505 ἑκάτερον
2852 4433 2946 4486 καὶ

373 4533 502 4582 them
541 4519 782 4574 dicimus
831 4521 1180 4588 naturalem;
1227 4523 1334 4576 mel
1381 4524 1587 4577 etenim
1617 4533 1675 4579 et
1719 4533 1937 4580 acetum

375 4611 450 4666 ita
499 4627 558 4667 se
617 4612 846 4677 habent,
896 4613 1113 4670 etiamsi
1163 4631 1448 4686 nunquam
1502 4617 1840 4674 misceantur
1885 4619 1942 4674 in

371 4705 641 4776 oxymele;
660 4705 898 4762 Lazarus
919 4717 1126 4772 autem,
1153 4722 1334 4763 nonne
1357 4717 1442 4763 est
1461 4709 1660 4764 animal
1688 4710 1940 4776 incrtale,

371 4796 588 4852 etiamsi
623 4814 904 4868 nunquam
951 4799 1027 4854 sit
1059 4791 1400 4856 moriturus?
1427 4801 1694 4858 Similiter
1757 4814 1940 4859 autem

375 4888 682 4956 pcrsonalis
709 4889 841 4944 unio
875 4889 1082 4946 dicitur
1133 4907 1255 4962 qua:
1284 4900 1371 4948 est
1409 4895 1647 4964 partium
1693 4910 1816 4964 qua:
1874 4893 1943 4949 ad

376 4986 664 5042 personam
699 4978 1038 5048 referuntur,
1085 4983 1172 5038 vel
1203 4999 1596 5055 personarum;
1639 4984 1942 5039 naturalem

375 5074 560 5139 autem
591 5067 644 5120 iu
685 5066 907 5126 Christo
945 5071 1186 5128 dicimus
1247 5075 1533 5140 unionem,
1585 5074 1714 5144 quia
1765 5073 1820 5130 in
1877 5088 1945 5131 eo

379 5154 650 5211 uniuntur
665 5171 894 5216 naturae.
935 5162 1092 5229 Quod
1117 5163 1164 5220 si
1189 5167 1401 5220 ratione
1415 5174 1622 5220 naturae
1643 5179 1766 5220 eam
1791 5165 1945 5222 dice-

377 5261 562 5304 remus
609 5263 731 5306 esse
777 5251 1003 5318 factam,
1054 5269 1176 5324 quae
1229 5266 1355 5312 sunt
1405 5257 1650 5327 ejusdem
1712 5265 1944 5319 naturae.

376 5342 537 5399 Pater
563 5341 777 5400 scilicet
793 5354 852 5401 et
877 5345 1120 5416 Spiritus
1137 5356 1384 5414 sanctus,
1411 5350 1564 5406 carni
1620 5351 1942 5418 unirentur;

373 5441 470 5498 sed
499 5451 558 5500 et
597 5457 794 5502 omnes
843 5445 1101 5502 homines
1137 5444 1184 5500 si
1237 5447 1451 5502 ratione
1483 5453 1696 5502 natura).
1727 5445 1946 5503 Christo

373 5535 630 5592 uniretur
652 5534 988 5604 humanitas,
1021 5536 1249 5594 totidem
1280 5535 1485 5593 Christi
1507 5549 1712 5604 essent,
1735 5537 1946 5593 Pilatus

373 5641 595 5698 quoque
619 5637 678 5685 et
703 5627 948 5688 Herodes
979 5639 1037 5687 et
1065 5628 1222 5692 Anna
1254 5637 1311 5686 et
1343 5627 1602 5701 Caiphas,
1633 5639 1687 5685 et
1719 5629 1942 5700 quidem

377 5721 706 5790 necessario,
745 5725 886 5784 sicut
916 5739 1107 5780 omnes
1137 5723 1352 5778 ratione
1375 5731 1584 5778 naturae
1607 5721 1938 5790 moriuntur;

2619 884 2871 940 ΚΕΦΛΛ.
2896 885 3031 941 ΜΘ’.

2140 1003 2188 1055 Η
2231 1001 2497 1065 σύνθεσις,
2527 1001 2692 1070 φησὶν
2713 1041 2728 1065 ,
2750 1001 2816 1070 ἠν
2852 998 3009 1068 φατὲ,
3036 999 3070 1072 ἦ
3106 998 3270 1070 φύσιν
3295 999 3625 1072 καινοτέραν

2038 1095 2282 1160 ἐποίησε,
2317 1093 2411 1146 καὶ
2438 1093 2492 1146 τί
2515 1093 2590 1163 μὴ
2615 1083 2976 1161 καταδέχεσθε
3009 1093 3136 1156 τοὺς
3166 1092 3555 1162 μιξοφυσίταςς
3584 1094 3621 1165 ῆ

2039 1187 2334 1240 ὑπόστασιν
2356 1185 2646 1254 νεωτέραν,
2683 1185 2778 1236 καὶ
2801 1183 2889 1237 διὰ
2921 1185 2976 1236 τί
3004 1186 3148 1254 ἡμᾶς
3180 1185 3498 1238 άποσεξεσθε
3533 1201 3552 1250 ;
3581 1185 3617 1258 ἢ

2039 1276 2158 1328 οὑδὲ
2191 1275 2351 1343 φύσιν
2393 1273 2516 1327 οὑδὲ
2545 1275 2864 1338 ὑπόστασιν,
2922 1273 3016 1326 καὶ
3066 1277 3242 1344 μάτην
3297 1275 3616 1343 γεγένηται.

2050 1368 2292 1420 Ἀλλόὑκ
2307 1367 2638 1431 ἀναγκαίως,
2655 1361 2698 1418 ὦ
2714 1359 2879 1430 οὗτοι,
2895 1367 3044 1418 πᾶσα
3061 1365 3213 1419 σύνθε
3225 1383 3328 1430 σις,
3345 1367 3378 1438 ἢ
3399 1366 3468 1435 qui
3479 1367 3614 1438 σινη

2040 1461 2333 1514 ὑπόστασιν
2353 1459 2623 1528 νεωτέραν
2643 1457 2872 1510 ἐκτελεῖ.
2904 1457 3184 1527 Πυρωθεὶς
3203 1457 3312 1527 γάρ
3335 1459 3364 1510 ό
3391 1457 3508 1522 σίδη
3519 1473 3618 1526 ρος

2041 1553 2096 1603 ἑν
2112 1549 2390 1622 ἄνθραξιν,
2417 1549 2539 1602 οὔτε
2554 1550 2716 1616 φύσιν
2738 1549 2858 1601 τινὰ
2875 1549 3032 1617 ξένην
3061 1549 3451 1606 ἐπιδείκνυται.
3479 1547 3611 1600 οὔτε

2041 1643 2335 1696 ὑπόστασιν
2377 1641 2530 1694 νέαν·
2565 1641 2600 1710 ἦ
2634 1659 2692 1694 τε
2730 1642 2838 1712 γὰρ
2903 1640 2999 1694 τοῦ
3035 1642 3253 1718 σιδήρου
3314 1642 3616 1705 ὑπόστασις

2042 1735 2136 1787 καὶ
2173 1735 2206 1804 ἡ
2243 1733 2353 1786 τῶν
2391 1734 2632 1804 πυρίνων
2654 1733 2940 1802 ἀνθράκων
2994 1735 3193 1802 ὁμοίως
3210 1733 3458 1801 ἔχουσιν·
3490 1731 3614 1784 ἀλλ’

2039 1825 2098 1876 ἐν
2121 1826 2185 1894 τῇ
2209 1823 2300 1876 τοῦ
2324 1823 2542 1892 σιδήρου
2575 1824 2893 1882 ὑποστάσει,
2923 1823 3080 1891 φῦσις
3101 1826 3271 1894 nuch
3303 1823 3617 1875 ἀνυπόσταει

2037 1929 2128 1977 τος
2161 1915 2283 1968 καθ’
2319 1915 2489 1984 αὑτὴν
2533 1910 2692 1976 οὖσα,
2747 1915 3007 1986 συνετέθη
3040 1917 3106 1986 τῇ
3145 1915 3305 1983 φύσει
3337 1915 3430 1967 τοῦ
3463 1913 3618 1984 σιδὴ-

2042 2023 2155 2078 ρου.
2192 2007 2590 2068 συνυπόστατος
2611 2005 2746 2076 αὑτῇ
2803 2006 3089 2076 γενομένη.
3135 2006 3200 2058 Τί
3231 2000 3325 2059 οὖν
3354 2005 3614 2074 ἐποίησεν

2038 2097 2339 2168 ήσὺνθεσις
2367 2097 2462 2150 καὶ
2495 2097 2590 2150 ἐπὶ
2623 2096 2894 2166 Χριστοὺ;
2925 2097 3081 2150 οὐδὲν
3118 2095 3312 2168 ἓτερον
3339 2096 3505 2165 ἀλλ’ἢ
3540 2097 3612 2150 τὰ

2038 2188 2232 2260 πρώην
2259 2187 2528 2242 ἀσύνθετα
2578 2187 2847 2258 ἀλλήλοις,
2881 2187 3110 2240 σὺνθετα
3136 2183 3273 2240 εἶναι
3308 2187 3450 2240 κατὰ
3479 2187 3614 2257 μίαν

2038 2281 2134 2352 τὴν
2166 2281 2391 2350 θατέρου
2418 2280 2526 2333 τῶν
2555 2283 2932 2349 συγκειμένων
2965 2279 3264 2332 ὑπόστασιν
3287 2296 3302 2312 ·
3347 2279 3482 2349 ὅπερ
3509 2279 3614 2349 ἀρά

2037 2375 2126 2426 κεῖ
2154 2373 2290 2443 πρὸς
2319 2373 2382 2424 τὸ
2434 2371 2612 2442 πάσης
2646 2368 3042 2424 καταπλουτείν
3067 2368 3170 2439 τῆς
3211 2369 3362 2432 θείας
3397 2367 3612 2436 φύσεως

2037 2464 2136 2537 τὴν
2165 2465 2332 2536 ᾑμετὲ
2338 2480 2440 2535 ραν
2483 2461 2666 2532 φύσιν.

2632 2585 2889 2644 ΚΕΦΑΛ.
2917 2576 3000 2640 Ν¹.
3047 2544 3054 2550 ν

2113 2697 2186 2752 Ἦ
2214 2699 2413 2767 φυσική
2447 2699 2594 2751 ἐστιν
2623 2697 2657 2766 ἡ
2687 2695 2877 2758 ἓνωσις
2901 2695 3038 2765 αὕτη
3063 2695 3132 2766 ἣν
3160 2694 3296 2766 φατὲ
3317 2693 3408 2748 τοῦ
3430 2691 3610 2762 Λόγου

2039 2789 2256 2859 καὶτῆς
2279 2787 2496 2859 σαρκὸς,
2529 2787 2624 2840 καὶ
2647 2787 2757 2840 τίνι
2788 2786 3108 2856 διαφέρεσθε
3165 2787 3300 2855 πρὸς
3351 2787 3478 2847 τοὺς
3513 2783 3608 2838 λέ-

2039 2897 2235 2950 γοντας
2266 2879 2454 2949 ὁμοίαν
2485 2877 2663 2947 πάντη
2697 2872 2830 2930 εἶναι
2861 2875 2952 2926 τοῦ
2979 2873 3266 2944 ἀνθρώπου
3283 2875 3381 2943 τὴν
3411 2874 3616 2954 σύνθετ

2041 2989 2146 3038 σιν,
2174 2971 2270 3024 καὶ
2291 2971 2388 3039 τὴν
2421 2967 2691 3040 Χριστοῦ;
2725 2963 3108 3036 ῆὺποστατική
3161 2965 3300 3028 ἐστι,
3338 2963 3432 3015 καὶ
3481 2963 3602 3027 πῶς

2041 3065 2172 3134 ἡμῖν
2201 3061 2261 3114 οὑ
2287 3057 2699 3130 συμφθέγγεσθε
2729 3056 2800 3118 ὡς
2819 3053 3094 3122 ὰγαπητοῦ
3127 3053 3260 3122 πρὸς
3289 3053 3592 3118 ἀγαπῶντα

2041 3153 2338 3223 ἐξαιρέτως
2360 3149 2560 3218 ταύτην
2585 3147 2932 3213 δοξάζουσινς
2969 3144 3006 3216 ἢ
3034 3144 3152 3196 οὑδὲ
3195 3147 3394 3212 φυσική
3436 3145 3585 3195 ἐστιν

2042 3242 2163 3295 οὑδὲ
2199 3239 2559 3308 ὑποστατικὴ,
2594 3239 2689 3292 καὶ
2714 3237 2794 3300 τίς
2815 3234 2953 3304 αὕτη
2988 3230 3126 3286 εἶναι
3151 3233 3294 3286 δοκεῖ
3317 3233 3440 3301 ὑμῖν
3470 3232 3582 3284 δια-

2044 3333 2338 3401 σαφήσατε.
2357 3329 2516 3396 Ἀλλ’,
2536 3324 2581 3382 ὧ
2607 3325 2928 3396 σοφιστικοὶ,
2953 3325 3092 3377 κατὰ
3115 3325 3184 3377 τὰ
3204 3321 3263 3387 ἐξ
3279 3322 3426 3393 ὑμῶν
3447 3325 3594 3392 εἰρησ-

2045 3423 2201 3494 μένα,
2227 3423 2345 3476 οὐδὲ
2375 3421 2577 3491 φυσικὴ
2619 3419 2742 3473 οὐδὲ
2771 3416 3108 3486 ὑποστατική
3129 3431 3142 3444 ·
3179 3414 3316 3469 κατὰ
3351 3414 3406 3468 δὲ
3429 3414 3496 3466 τὰ
3520 3413 3598 3465 εὑν

2046 3515 2222 3578 σεϐὡς
2250 3513 2370 3566 νοού
2385 3529 2544 3583 μενα,
2566 3513 2662 3564 καὶ
2686 3510 2889 3582 φυσικὴ
2920 3510 3014 3562 καὶ
3037 3505 3374 3575 ὑποστατικὴ
3400 3503 3605 3572 λέγοιτο

2045 3608 2111 3662 ἂν
2153 3609 2282 3678 ἡμῖν
2335 3606 2534 3676 ὀρθῶς.
2571 3603 2679 3658 Δύο
2736 3603 2845 3674 γὰρ
2899 3600 3074 3654 οὑσῶν
3127 3599 3236 3652 τῶν
3285 3595 3636 3667 ὁμωνυμιῶν,

2043 3699 2232 3760 τῶνδε,
2282 3697 2510 3763 ἐναλλὰξ
2541 3696 2768 3768 θάτερον
2817 3696 2883 3747 ὲκ
2911 3694 3146 3764 θατέρας
3171 3688 3510 3758 ὑπεκλέψατε
3547 3684 3606 3740 τὸ

2044 3790 2430 3860 εὐσεϐέστερον
2457 3788 2565 3842 τῶν
2605 3786 3042 3856 σημαινομένων.
3087 3783 3318 3851 Λέγεται
3365 3781 3472 3851 γὰρ
3505 3793 3607 3846 φυ-

2047 3881 2193 3953 σικὴ,
2237 3884 2270 3952 ὴ
2330 3880 2405 3945 ὡς
2456 3878 2598 3933 κατὰ
2653 3879 2826 3946 Λόγον
2869 3877 3082 3946 φύσεως
3128 3868 3261 3926 οὖσα
3295 3871 3433 3942 τῷδέ
3480 3885 3612 3934 τινι,

2043 3969 2156 4028 οἷον
2191 3977 2224 4045 ἡ
2254 3975 2511 4046 κοίμησις
2541 3971 2634 4024 τοῦ
2657 3969 2910 4040 Λαζάρου
2938 3982 2954 3998 ⁸
2985 3969 3044 4021 οὐ
3071 3965 3179 4034 γὰρ
3201 3962 3390 4034 ὥσπερ
3413 3965 3447 4032 ή
3480 3963 3622 4015 riva-

2045 4066 2234 4128 ϐίωσις
2265 4063 2600 4136 αὑτοῦιὺτὲρ
2646 4063 2817 4116 Λόγον
2865 4060 2962 4130 τῆς
3007 4057 3220 4130 φὺσεως
3261 4051 3462 4118 -αὑτοῦ,
3517 4049 3628 4107 καὶ

2044 4159 2138 4228 ἥδε
2185 4153 2277 4230 ἦν.
2307 4160 2540 4226 Λέγεται
2584 4155 2820 4224 φυσικὴ,
2878 4152 2974 4206 καὶ
3019 4152 3049 4221 ἡ
3095 4150 3171 4216 ὡς
3203 4143 3416 4215 φύσεὼν
3449 4159 3630 4199 τινων

2045 4248 2229 4310 ἁπλῶς
2254 4249 2288 4318 ἢ
2315 4247 2530 4318 φύσεως
2551 4243 2682 4300 οὖσα
2715 4245 2810 4298 καὶ
2841 4243 2901 4295 οὑ
2935 4238 3392 4311 συμϐεϐηκότων
3417 4231 3632 4305 ὥσπερ

2047 4346 2082 4415 ἠ
2132 4346 2326 4416 κρᾶσις
2377 4343 2470 4396 τοῦ
2519 4340 2854 4412 ὀξυμέλιτος.
2890 4337 2966 4391 Οὑ
2999 4337 3109 4406 γὰρ
3167 4335 3226 4388 τὸ
3275 4329 3414 4386 κατὰ
3439 4327 3641 4399 Λῦγον

2991 4429 3069 4499 τῷ
3099 4426 3159 4494 ἐξ
3207 4427 3451 4495 ἀνάγκης
3482 4425 3652 4480 ὑπο-

2047 4529 2259 4586 κεῖσθαι
2289 4531 2354 4600 τῇ
2374 4528 2508 4600 πρὸς
2537 4525 2740 4597 ἄλληλα
2773 4526 2968 4596 κράσει
2989 4537 3006 4554 ο
3040 4521 3228 4594 ὥσπερ
3252 4521 3342 4576 τὸν
3366 4520 3654 4591 Λάζαρον

2048 4625 2115 4692 τῇ
2139 4623 2395 4694 κοιμήσει
2423 4620 2518 4674 τοῦ
2539 4619 2796 4682 θανάτου,
2821 4617 3057 4686 φυσικήν
3085 4630 3264 4684 φαμεν
3302 4613 3394 4666 καὶ
3419 4613 3608 4680 τήνδε
3633 4631 3654 4649 ο

2049 4709 2110 4763 τὸ
2135 4709 2243 4780 γὰρ
2277 4709 2399 4778 μέλι
2428 4709 2525 4762 καὶ
2551 4709 2612 4760 τὸ
2654 4707 2798 4772 ὅξος,
2830 4704 3091 4766 ὡσαύτως
3136 4703 3250 4773 Exn.
3285 4701 3372 4755 ἀεὶ
3408 4699 3522 4754 κᾶν
3566 4704 3664 4778 μὴ

2053 4802 2350 4857 συντεθῶσι
2399 4819 2530 4856 ποτε
2559 4801 2633 4862 ὡς
2667 4799 2922 4870 ὀξύμελι·
2977 4795 3225 4864 Λάζαρος
3273 4794 3331 4848 δὲ
3379 4795 3474 4847 οὑκ
3513 4797 3665 4853 ἔστι

2050 4895 2188 4962 ζῶον
2212 4895 2424 4967 θνητὸν,
2454 4893 2613 4964 εἴπερ
2638 4893 2712 4962 μὴ
2735 4891 2829 4944 καὶ
2879 4888 3176 4959 κοιμᾶσθαι
3235 4886 3416 4956 μέλλοι
3447 4889 3616 4942 ποτὲ
3646 4906 3670 4958 δ

2049 4989 2308 5051 ὡσαύτως
2332 4987 2387 5040 δὲ
2413 4990 2506 5039 καὶ
2531 4983 2868 5056 ὑποστατικὴ
2897 4984 2931 5052 ἡ
2968 4980 3066 5052 μὲν
3085 4997 3168 5043 τις
3197 4979 3417 5046 λέγεται
3438 4981 3670 5051 μερῶν

2051 5077 2194 5134 κατὰ
2231 5077 2387 5145 λόγον
2421 5075 2798 5138 ὑποστάσεως,
2824 5074 2857 5142 ἡ
2892 5071 2951 5124 δὲ
2991 5069 3066 5134 ὡς
3101 5067 3494 5124 ὑποστάσεων·
3537 5088 3672 5140 (po-

2053 5173 2212 5239 σικὴν
2239 5171 2336 5240 μὲν
2363 5167 2456 5223 οὖν
2489 5183 2669 5238 φαμεν
2701 5167 2862 5236 ἡμεῖς
2888 5165 2985 5236 τὴν
3014 5163 3209 5216 ἕνωσιν
3243 5165 3334 5215 ἐπὶ
3361 5163 3669 5236 Χριστοῦ,

2049 5261 2124 5324 ὡς
2143 5258 2358 5330 φύσεων
2373 5258 2674 5329 ἡνωμὲνων
2691 5255 2812 5308 κατ’
2827 5255 3010 5310 αὑτόν.
3031 5252 3094 5306 Εἰ
3110 5252 3218 5324 γὰρ
3243 5253 3386 5321 λόγῳ
3411 5259 3672 5331 φυσικῷ

2051 5351 2252 5422 ταύτην
2309 5352 2580 5420 εἴποιμεν,
2625 5347 2736 5419 ἄρα
2765 5363 2828 5416 γε
2870 5345 2966 5417 τῆς
3016 5345 3185 5415 αὐτῆς
3225 5343 3376 5416 αὑτῷ
3410 5343 3674 5417 φύσεως

2051 5447 2180 5500 οντα
2211 5445 2240 5499 ὅ
2267 5461 2326 5499 τε
2358 5443 2548 5515 Πατὴρ
2571 5443 2665 5495 καὶ
2685 5441 2746 5494 τὸ
2766 5440 2920 5508 ἆγιον
2949 5435 3195 5507 Πνεῦμα,
3213 5438 3302 5489 καὶ
3336 5435 3487 5490 αὑτά
3511 5459 3675 5498 ποτε

2054 5535 2218 5608 σαρκὶ
2261 5533 2593 5604 ἑνωθήσεται
2617 5545 2632 5559 °
2671 5529 2810 5583 ἀλλὰ
2835 5527 2940 5584 ικαὶ
2993 5526 3194 5590 πάντες
3237 5526 3288 5581 ol.
3323 5525 3672 5599 ἄνθριιγιτιπ⁹

2051 5629 2098 5681 ει
2131 5624 2344 5698 φύσεως
2367 5625 2527 5694 Λόγῳ
2557 5623 2764 5696 ἥνωται
2797 5620 2916 5690 Θεῷ
2937 5621 2972 5691 ἡ
2992 5617 3366 5692 άνθρωπότης.
3397 5618 3680 5690 Χριστοθι

2051 5718 2282 5784 ἔσονται,
2323 5715 2550 5777 Πιλᾶτος
2597 5729 2656 5766 τι
2708 5711 2806 5766 καὶ
2859 5708 3104 5782 Ἡρώδης
3163 5709 3254 5763 καὶ
3288 5711 3499 5774 ’Δνκας
3561 5722 3678 5773 aut,

2549 5957 2578 5980 Ο
