3888 6168
247 252 408 325 1513⁷

1231 261 1624 325 ADVERSUS
1661 263 2206 328 NESTORIANOS.
2238 288 2304 301 -
2327 265 2473 328 LIB.
2514 265 2566 326 Ῑ.

3355 258 3492 324 1514

248 370 503 440 Καϊάφας
523 369 582 438 ἑξ
600 369 844 441 ἀνάγκης
865 387 879 404 ο
919 368 1111 441 ὥσπερ
1140 372 1234 424 καὶ
1263 371 1460 438 πάντες
1495 373 1720 445 ὁμοίως,
1756 373 1817 427 ὲκ

1927 375 2173 446 insuper,
2204 391 2236 432 θ
2273 374 2519 446 potentia
2569 373 2636 429 ad
2685 383 2870 429 aetum
2915 371 3220 445 procedens
3251 372 3494 429 Verbum

251 459 482 530 φυσικοῦ
535 460 702 529 λόγου
735 459 1093 532 θνήσκουσιν·
1130 459 1210 514 ἔτι
1255 461 1364 533 μὴν
1407 463 1474 516 ἐκ
1519 463 1615 516 τοῦ
1661 463 1824 518 δυνά⁹

253 569 344 622 μει
373 553 455 615 είς
477 551 538 604 τὸ
570 548 821 622 ἐνεργείᾳ
850 549 1128 621 προκόψας
1156 553 1214 605 ἐν
1243 554 1358 615 τοῖς
1405 557 1655 623 φυσικοῖς
1691 555 1822 609 ἑαυ-

249 641 345 696 τοῦ
369 645 398 696 ὁ
423 643 596 712 Λόγος
630 646 880 712 φανεῖται
920 643 1061 696 κατὰ
1105 642 1204 713 τὴν
1242 641 1542 712 σάρκωσιν,
1575 646 1669 698 καὶ
1695 647 1823 699 άτε-

251 735 361 798 λεῐς
413 733 495 787 ἔτι
533 735 564 786 ὀ
610 733 799 806 Πατὴρ
826 733 922 788 καὶ
971 733 1034 788 τὸ
1082 735 1237 804 ἅγιον
1269 735 1492 806 Πνεῦμα
1531 736 1827 807 συγκριθῆ-

253 841 465 878 σονταιο
485 819 560 878 ὧν
588 825 641 876 τί
663 825 1054 896 άσεὸἐστερονς
1093 827 1188 880 καὶ
1218 827 1590 898 ὑποστατικὴν
1608 828 1666 881 δέ
1675 866 1690 890 .
1715 845 1824 897 φαο

253 929 350 986 μεν
398 915 496 986 τὴν
541 915 734 968 ἒνωσιν
764 915 858 968 ἐπὶ
885 917 1122 987 Χριστοῦ
1145 933 1160 948 ·
1210 918 1476 972 ἀνάπαλιν
1529 919 1710 988 μέντοι
1745 917 1824 989 τῷ

253 1007 637 1076 σημαινομένῳ
685 1007 818 1076 ἡμῖν
869 1009 1012 1062 κατὰ
1044 1009 1146 1078 τὴν
1188 1011 1424 1080 φυσικήν
1447 1026 1462 1042 ο
1493 1010 1554 1062 οὐ
1586 1009 1698 1080 γὰρ
1747 1011 1823 1072 ὡς

253 1095 626 1160 ῦποστάσεων,
659 1097 777 1150 ἀλλ’
803 1097 880 1160 ὡς
911 1098 1008 1152 τοῦ
1040 1099 1214 1168 Λόγου
1243 1095 1410 1154 οὖσαν
1440 1101 1538 1170 τῆς
1585 1101 1824 1154 ὑποστά-

257 1203 393 1249 σεως
413 1186 603 1246 αὐτοῦ.
625 1187 842 1258 ’Ὠσπερ
899 1189 1008 1260 γὰρ
1054 1189 1162 1262 ἰδίᾳ
1211 1189 1386 1260 κρίνει
1416 1192 1508 1244 τὸν
1559 1191 1686 1244 Υἱδν
1717 1191 1825 1244 ἀπὸ

252 1275 345 1330 τοῦ
371 1278 586 1350 Πατρδς
613 1279 707 1332 καὶ
739 1279 834 1333 τοῦ
873 1279 1188 1349 Πνεύματος
1203 1281 1314 1334 τῶν
1341 1283 1649 1352 ὁμοουσέων
1675 1282 1825 1352 αὐτῷ

251 1369 286 1438 ἡ
339 1370 610 1441 γέννησις,
641 1371 734 1424 καὶ
762 1369 822 1424 τὸ
879 1371 1166 1440 αὐτολόγον
1197 1369 1358 1438 εἶναι,
1395 1375 1490 1427 καὶ
1516 1374 1583 1426 τὰ
1612 1373 1779 1426 τοιάδε

249 1459 394 1513 οῦτω
423 1461 517 1514 καὶ
554 1461 586 1530 ἡ
637 1461 912 1532 σάρκωσις
946 1463 1110 1516 αὐτοῦ
1152 1463 1466 1532 ἀναγκαίως
1511 1463 1675 1516 αὑτὸν
1703 1463 1826 1516 τού-

247 1569 354 1605 των
400 1551 723 1616 διαστέλλει,
771 1552 866 1606 καὶ¹
895 1553 994 1623 οὐχ
1041 1553 1228 1626 ἕτερον
1282 1553 1390 1607 ἀπὸ
1430 1552 1537 1606 τῶν
1565 1553 1823 1624 ἀσάρκων

247 1643 503 1712 ὁμοφυῶν
551 1643 701 1712 αὐτῷ
743 1643 1085 1715 προσώπωνο
1121 1645 1214 1699 καὶ
1273 1644 1470 1716 ίδίωμα
1527 1645 1824 1714 ἐπίκτητον

251 1733 370 1804 μὲν,
397 1735 701 1806 ἀχώριστον
725 1735 782 1788 δὲ
830 1736 1037 1805 εξσαείθ
1065 1737 1158 1789 καὶ
1183 1736 1302 1790 τόδε
1333 1739 1394 1791 ἐν
1429 1739 1496 1807 τῇ
1527 1737 1822 1791 ὑποστάσει

245 1822 338 1875 τοῦ
369 1823 542 1891 Λόγου
570 1823 985 1892 καταφαίνεται.
1020 1822 1161 1876 Ἀλλ’
1189 1824 1382 1895 ἑτέραν
1419 1823 1518 1894 τῆς
1566 1822 1822 1887 ἀσεὸείας

246 1915 500 1986 ἀφορμὴν
525 1913 1005 1986 προσποιούμενοι,
1035 1913 1123 1968 διὰ
1149 1915 1210 1968 τὸ
1259 1915 1334 1987 μὴ
1357 1914 1618 1969 δύνασθαι
1655 1915 1820 1967 ἰσότι-

249 2023 347 2076 μον
370 2003 510 2060 εἶναι
547 2006 628 2078 τῷ
659 2006 765 2078 ὅλῳ
797 2005 1025 2078 θάτερον
1067 2007 1177 2076 τῶν
1208 2007 1415 2078 μερῶν,
1451 2006 1585 2078 φασὶ
1613 2021 1817 2076 παραι-

245 2102 458 2157 τεῖσθαι
498 2103 596 2174 τὴν
644 2103 736 2156 ἐπὶ
771 2102 1012 2176 Χριστοῦ
1053 2103 1303 2158 σύνθεσιν
1325 2103 1422 2158 τοῦ
1465 2103 1640 2172 Λόγου
1679 2101 1816 2174 πρὸς

244 2195 342 2266 τὴν
369 2195 548 2266 σάρκα
572 2211 588 2227 ο
619 2196 836 2262 λέγουσι
857 2195 966 2268 γὰρ
997 2197 1091 2250 ἐπὶ
1111 2195 1312 2262 λέξεως
1343 2195 1522 2252 ταυτί·

824 2323 1074 2378 ΚΕΦᾹΛ.
1106 2325 1234 2380 ΝΑ’.

329 2458 566 2531 Ἀνάγκη
601 2459 800 2524 αὐτοὺς
837 2457 1021 2527 λέγειν
1075 2459 1168 2515 τὶιν
1207 2457 1444 2530 Χριστὸν
1497 2459 1683 2527 αὐτὸν,
1727 2454 1822 2516 τοῦ

244 2549 383 2605 θεοῦ
415 2551 557 2604 κατὰ
590 2551 782 2620 μόνας,
831 2551 924 2604 καὶ
965 2550 1060 2604 τοῦ
1109 2551 1394 2624 ἀνθρώπου
1441 2551 1586 2606 κατὰ
1632 2551 1822 2624 μόνας,

246 2642 492 2696 τουτέστι
523 2641 633 2696 τῶν
686 2641 905 2696 οἰκείων
961 2643 1144 2714 μερῶν
1195 2643 1298 2696 ἀνὰ
1347 2643 1514 2715 μέρος
1557 2643 1652 2698 καὶ
1697 2642 1824 2698 καθ’

246 2735 416 2789 ἑαυτά
449 2734 872 2806 ὲπινοουμένων,
904 2733 938 2805 ἢ
992 2735 1276 2805 κρείττονα
1315 2730 1456 2788 εἶναι
1496 2733 1638 2789 κατά
1665 2751 1738 2800 τι,
1781 2735 1816 2806 ἢ

244 2827 468 2898 ἥττονα.
526 2827 608 2881 Τὰ
660 2826 768 2898 γὰρ
822 2809 934 2882 τῶν
987 2827 1444 2898 ἀποτελεσμάτων
1499 2828 1639 2899 μέρη
1696 2827 1822 2880 καθ’

247 2915 440 2982 ὓαυτὰ,
479 2915 574 2969 καὶ
615 2916 783 2986 χωρὶς
826 2915 928 2985 τῆς
957 2915 1098 2988 πρὸς
1136 2915 1339 2987 ἄλληλα
1369 2915 1674 2978 συνθέσεως
1703 2917 1822 2968 ὲπι-

245 3007 534 3078 νοούμενα,
561 3006 780 3070 πάντως
825 3007 968 3060 κατά
1011 3024 1062 3060 τι
1112 3007 1146 3080 ἢ
1201 3007 1487 3077 κρείττονα
1539 3007 1574 3078 ἢ
1624 3006 1820 3077 ἥττονα

244 3093 560 3162 εὑρίσκεται
589 3091 680 3146 τοῦ
713 3091 774 3156 ἐξ
802 3092 981 3145 αὐτῶν
1009 3093 1451 3164 ἀποτελέσματος
1473 3109 1488 3124 ·
1527 3089 1642 3146 οἷον
1681 3093 1820 3146 λίθοι

1925 466 1982 522 in
2033 467 2148 522 suis
2193 467 2538 523 naturalibus
2579 465 2860 521 videbitur
2893 481 2992 536 per
3040 466 3496 527 incarnationem,

1923 559 1980 605 et
1999 549 2307 620 imperfecti
2321 550 2722 622 judicabuntur
2737 549 2902 605 Pater
2921 557 2978 604 et
2998 549 3237 620 Spiritus
3251 558 3498 604 sanctus.

1924 639 2068 706 Quid
2101 650 2287 696 autem
2331 641 2424 696 his
2473 642 2646 712 magis
2675 641 2948 712 impium?
2977 641 3330 696 Personalem
3362 657 3500 711 quo-

1925 747 2034 800 que
2082 729 2320 785 dicimus
2365 731 2420 785 in
2459 729 2680 786 Christo
2725 729 3008 793 unionem,
3067 731 3164 785 sed
3219 721 3498 786 contrario

1925 832 2090 873 sensu
2124 833 2234 887 quo
2258 817 2500 872 diximus
2519 817 2826 872 naturalem
2853 833 2866 868 :
2913 830 3021 870 mn
3053 817 3201 870 enim
3227 831 3494 885 persona-

1925 921 2050 962 rum
2072 914 2158 960 est
2209 905 2362 972 unio,
2395 904 2492 960 sed
2525 905 2830 959 secundum
2854 904 3227 975 Verbumcjus
3242 905 3502 960 substan-

1927 999 2079 1054 tiam.
2111 997 2271 1054 Sicut
2300 996 2450 1052 enim
2507 994 2706 1050 Filium
2738 1011 2768 1049 a
2817 995 2976 1050 Patre
3013 1005 3070 1050 et
3115 995 3325 1066 Spiritu
3373 1010 3500 1050 san-

1933 1099 2024 1145 cto
2071 1089 2174 1145 sibi
2207 1085 2778 1154 consubstantialibus
2798 1086 3021 1155 proprie
3044 1085 3330 1148 discernit,
3351 1085 3499 1156 quod

1927 1183 1998 1237 sit
2039 1181 2260 1252 genitus
2284 1189 2342 1236 et
2365 1195 2432 1234 ex
2455 1195 2514 1234 se
2540 1177 2781 1234 Verbum
2799 1186 2856 1232 et
2877 1177 3078 1232 similia
3107 1179 3234 1242 alia,
3259 1179 3339 1232 sic
3370 1193 3498 1233 eum

1925 1272 2236 1330 necessario
2259 1273 2379 1342 ejus
2401 1270 2729 1334 incarnatio,
2758 1283 2868 1323 non
2908 1279 3090 1322 autem
3115 1269 3286 1334 aliud,
3309 1270 3502 1324 abillis

1925 1362 2488 1421 consubstantialibus
2521 1370 2577 1416 et
2601 1359 2948 1430 incorporeis
2989 1360 3244 1430 personis
3295 1360 3503 1416 discer-

1927 1459 2030 1518 nit.
2079 1465 2134 1512 et
2157 1456 2273 1510 haec
2315 1453 2658 1524 acquisititia
2687 1452 2914 1523 quidem
2943 1461 3028 1507 est
3048 1451 3378 1522 proprietas,
3404 1451 3499 1507 scd

1926 1563 2145 1618 semper
2191 1545 2574 1616 inseparabilis
2605 1553 2662 1598 et
2713 1544 2772 1598 in
2805 1543 2972 1598 Verbi
3025 1543 3250 1613 quidem
3332 1542 3505 1614 hypo-

1925 1637 2059 1692 stasi
2105 1635 2510 1690 manifestatur.
2563 1633 2671 1690 Sed
2739 1633 2902 1689 aliam
2938 1647 3160 1703 quoque
3204 1632 3506 1702 impietatis

1855 1719 1895 1774 Β
1927 1730 2272 1786 occasionem
2325 1728 2455 1783 inde
2497 1735 2776 1783 sumentes
2811 1725 2955 1796 quod
2985 1741 3096 1781 non
3149 1726 3328 1796 possit
3375 1741 3504 1797 pars

1928 1828 2100 1882 altera
2143 1824 2243 1880 toti
2276 1839 2398 1880 esse
2426 1823 2678 1892 aequalis,
2725 1823 3083 1892 reiiciendam
3113 1839 3236 1879 esse
3274 1833 3502 1880 conten-

1927 1919 2065 1974 dunt
2099 1918 2157 1972 in
2195 1917 2417 1973 Christo
2444 1915 2613 1972 Verbi
2641 1923 2699 1970 et
2739 1916 2924 1972 carnis
2949 1916 3250 1984 unionem;
3291 1923 3348 1972 et
3380 1917 3500 1974 haec

1924 2025 2026 2080 pro
2063 2023 2165 2065 suo
2199 2007 2351 2064 dicto
2369 2007 2652 2061 afferunt:

2573 2317 2726 2376 CAP.
2765 2317 2852 2374 LI.

1997 2457 2303 2518 Dicendum
2330 2457 2412 2513 eis
2439 2464 2526 2512 est
2546 2455 2828 2512 Christum
2855 2455 3060 2525 ipsum,
3091 2455 3179 2511 vel
3212 2457 3324 2512 Deo
3355 2455 3496 2518 solo,

1926 2554 2012 2611 vel
2044 2551 2265 2608 homine
2299 2549 2438 2616 solo,
2470 2547 2524 2602 id
2553 2555 2638 2602 est
2674 2546 2791 2602 suis
2835 2545 3085 2617 partibus
3121 2547 3416 2617 separatim
3445 2557 3503 2600 et

1927 2647 1983 2702 in
2015 2660 2074 2702 se
2104 2639 2494 2703 consideratis,
2521 2639 2606 2694 vel
2629 2639 2916 2694 meliorem
2937 2653 3061 2694 esse
3100 2639 3186 2694 vel
3227 2639 3498 2710 pejorem.

1931 2735 2124 2793 Omnis
2157 2733 2306 2790 enim
2345 2730 2636 2802 compositi
2663 2740 2846 2801 partes
2877 2729 2932 2784 in
2962 2747 3020 2788 se
3042 2739 3100 2786 et
3129 2731 3504 2803 independem

1927 2833 2011 2880 ter
2058 2821 2128 2878 ad
2173 2836 2329 2878 suam
2378 2819 2665 2882 unionem,
2713 2817 2800 2873 vel
2844 2818 3104 2874 meliores
3150 2819 3234 2874 vel
3284 2821 3502 2892 pejores

1925 2913 2244 2970 necessario
2279 2921 2411 2968 sunt
2440 2919 2558 2965 toto
2585 2925 2652 2964 ex
2682 2908 2818 2978 ipsis
2847 2910 3232 2978 coalescente;
3257 2913 3498 2983 exempli

1925 3006 2120 3076 gratia,
2151 3003 2362 3073 lapides
2402 3011 2460 3058 et
2497 3003 2666 3072 ligna,
2703 3016 2826 3070 qua:
2876 3009 3066 3072 partes
3126 3012 3256 3058 sunt
3303 3004 3501 3061 domus

1925 3097 2008 3152 vel
2073 3093 2262 3163 templi
2317 3091 2647 3156 Salomonis,
2702 3090 2932 3146 evidens
2983 3102 3070 3148 est
3091 3093 3306 3150 minora
3351 3111 3498 3160 esse.

245 3156 342 3237 xci
373 3181 526 3248 ξύλα,
573 3183 716 3253 μέρη
745 3183 896 3234 οἴκου
941 3181 974 3251 ἦ
1016 3181 1138 3235 ναοῦ
1188 3156 1294 3235 τοῦ.
1325 3183 1432 3236 ὑπὸ
1474 3183 1817 3252 Σολομῶντος

1924 3185 2136 3255 singula
2157 3156 2280 3237 etin
2304 3197 2386 3247 se,
2401 3189 2516 3236 tota
2532 3182 2716 3235 domo.
2745 3181 2838 3235 Sic
2859 3182 3210 3252 hyacinthus,
3229 3156 3494 3255 purpura,

243 3273 556 3334 κτισθέντος
579 3287 594 3302 ⁸
639 3273 735 3325 καὶ
764 3269 988 3342 πρόδηλι
1009 3290 1031 3325 ν
1071 3273 1154 3325 ὅτι
1183 3273 1445 3342 ἑκάτερον
1473 3271 1594 3326 καθ’
1634 3271 1816 3340 ἑαυτὸ,

241 3360 406 3436 ἧττον
458 3364 553 3417 τοῦ
593 3364 715 3416 ὅλων
761 3365 948 3418 οἴκου·
1014 3363 1160 3416 ιὶ).ιν
1211 3362 1486 3426 ὑάκινθος,
1537 3362 1816 3436 πορφύρα,

245 3453 498 3508 κόκκινον
526 3453 928 3525 κεκλωσμένον,
967 3455 1168 3526 βύσσος
1199 3455 1502 3526 νενησμένη
1543 3455 1684 3526 μέρη
1723 3456 1818 3510 τοῦ

247 3544 740 3616 καταπετάσματος
767 3545 867 3615 τῆς
921 3547 1159 3617 σκηνῆςο
1207 3547 1302 3600 καὶ
1348 3546 1557 3601 τούτων
1588 3547 1820 3603 ἕκαστον

247 3635 393 3691 κατὰ
419 3635 586 3706 μόνας
614 3635 833 3689 ἔλαττον
865 3637 1149 3708 προδήλως
1181 3635 1277 3690 τοῦ
1307 3638 1820 3708 καταπετάσματος·

245 3725 420 3789 οὕτως
450 3726 548 3778 καὶ
590 3725 690 3779 ἐπὶ
723 3725 817 3779 τοῦ
851 3725 1164 3796 ἀνθρώπου.
1217 3727 1376 3792 Κατὰ
1406 3729 1504 3798 μὲν
1533 3727 1656 3792 τοὺς
1682 3730 1820 3801 Χρι-

243 3816 496 3877 στιανοὺς
549 3815 816 3886 κρείττων
840 3818 869 3870 ὁ
908 3815 1194 3887 ἄνθρωπος
1241 3817 1374 3872 αὐτὸ
1414 3819 1575 3874 τοῦτο
1601 3819 1660 3872 τὸ
1699 3821 1820 3874 ὅλον

242 3905 404 3969 ζῶον,
437 3907 663 3978 καὶτῆς
693 3907 874 3978 ψυχῆς
917 3908 1013 3962 καὶ
1056 3907 1151 3962 τοῦ
1193 3909 1442 3980 σώματος
1467 3925 1482 3938 ·
1523 3910 1646 3963 ἐπεὶ
1681 3911 1822 3983 μετὰ

239 3997 342 4068 τὴν
368 3997 546 4062 ἔξοδον
576 3999 678 4070 τῆς
701 3999 882 4071 ψυχῆς
913 4001 978 4054 ἐκ
1025 3999 1122 4054 τοῦ
1171 4000 1442 4072 σώματος,
1479 4005 1576 4056 καὶ
1611 4005 1644 4073 ἡ
1674 4003 1822 4076 ψυχὴ

241 4088 380 4161 πρὸς
418 4089 703 4162 ἐνέργειαν
762 4092 1119 4164 αὐτοκίνητον
1175 4093 1454 4160 ἀδυνάτως
1495 4093 1608 4167 ἔχει
1646 4095 1722 4159 ὡς
1759 4097 1819 4150 ὲν

241 4179 396 4253 ῦπνῳ
429 4181 737 4254 βαθυτάτῳ,
773 4183 870 4238 καὶ
907 4185 1040 4258 μηδὲ
1071 4185 1274 4257 ἑαυτὴν
1332 4187 1670 4259 ἐπισταμένη
1699 4187 1818 4243 διά-

1923 3275 2234 3340 eoccinum,
2263 3273 2458 3344 byssus
2480 3272 2642 3327 simul
2677 3272 2884 3326 intexta
2939 3279 3124 3342 partes
3149 3283 3280 3329 sunt
3329 3275 3492 3330 aulaei

1926 3365 2286 3431 tabernaculi,
2342 3379 2535 3419 eorum
2591 3371 2776 3418 autem
2829 3365 3262 3436 unumquodque
3315 3369 3496 3424 mani-

1921 3457 2280 3516 fests-minus
2333 3467 2418 3511 est
2475 3457 2669 3511 aulaeo.
2729 3455 2823 3512 Sic
2865 3457 3032 3512 etiam
3087 3457 3158 3514 de
3214 3459 3494 3516 homine:

1923 3546 2224 3603 secundum
2286 3543 2433 3599 enim
2490 3542 2855 3610 Christianos,
2918 3545 3115 3600 melior
3163 3555 3248 3601 est
3305 3547 3492 3615 homo,

1925 3637 2125 3692 animal
2155 3635 2288 3690 illud
2319 3644 2514 3697 totum,
2542 3641 2600 3688 et
2623 3633 2804 3688 anima
2831 3643 2887 3689 et
2917 3651 3150 3706 corpore
3179 3655 3196 3704 ;
3220 3638 3494 3708 siquidem

1925 3737 2048 3798 post
2067 3727 2264 3781 animae
2287 3725 2590 3780 discessum
2614 3739 2684 3780 ex
2705 3741 2959 3796 corpore,
2979 3728 3160 3783 anima
3191 3745 3302 3784 non
3331 3730 3498 3785 habet

1927 3829 2133 3874 motum
2156 3817 2261 3872 sibi
2296 3815 2604 3886 proprium,
2643 3825 2705 3871 ut
2739 3817 2799 3871 fit
2827 3819 2881 3872 in
2909 3819 3091 3874 altiori
3129 3835 3347 3886 somno,
3392 3837 3498 3878 nec

1920 3925 1980 3965 se
2011 3909 2187 3979 ipsam
2212 3905 2516 3978 cognoscit,
2565 3919 2623 3962 et
2671 3923 2862 3964 eorum
2918 3926 3040 3979 qua:
3089 3926 3214 3966 eum
3264 3929 3497 3984 corpore

1920 4000 2053 4072 egit,
2075 3998 2382 4056 secundum
2406 3999 2623 4054 divinas
2643 3997 2960 4070 Scripturas
2983 4002 3253 4059 rationem
3279 4005 3494 4064 reddet.

1920 4093 2054 4163 quin
2079 4090 2306 4163 eﬂ‘ugiat
2336 4106 2438 4145 suo
2470 4107 2501 4146 a
2537 4105 2773 4162 corpore
2820 4093 3068 4149 discessu
3113 4103 3212 4150 aut
3243 4097 3299 4152 in
3341 4099 3498 4169 pejus

1921 4191 2152 4247 mutata,
2181 4200 2250 4239 ne
2293 4181 2594 4253 Scriptum
2625 4183 2919 4240 mendaces
2956 4185 3286 4244 efﬁciantur.

239 4288 413 4338 γουσα
433 4289 449 4306 ·
476 4276 569 4328 καὶ
610 4273 720 4328 τῶν
753 4275 892 4347 μετὰ
945 4275 1042 4330 τοῦ
1100 4275 1352 4348 σώματος
1388 4279 1642 4352 πράξεων
1672 4280 1810 4335 κατὰ
1843 4281 1942 4350 τὴν
1977 4277 2128 4330 Θείαν
2169 4275 2392 4346 Γραφὴν
2422 4274 2754 4346 ἐκδεχομένη
2799 4277 2898 4348 τὴν
2934 4278 3169 4349 ἀμοιϐὴν
3194 4297 3241 4346 ο,
3273 4281 3496 4346 ἆστικας

237 4365 340 4418 οὐκ
357 4365 680 4434 ἐκφεύξεται
699 4365 778 4436 τῷ
805 4365 1074 4439 χωρισμῷ
1098 4366 1192 4420 τοῦ
1215 4367 1468 4438 σώματος
1492 4411 1508 4436 ,
1546 4370 1664 4424 οὐδὲ
1695 4371 1790 4424 ἐπὶ
1823 4367 1884 4422 τὸ
1915 4369 2097 4438 χεῖρον
2132 4365 2468 4436 τρεπομένη,
2507 4363 2592 4417 ἵνα
2617 4365 2692 4434 μὴ
2712 4364 2782 4418 τὰ
2813 4364 2910 4436 τῆς
2929 4365 3147 4440 Γραφῆς
3171 4370 3491 4446 διαψευσθῇ.

311 4457 532 4520 Τούτοις
559 4457 617 4510 δὲ
643 4457 856 4524 ἕπεται,
885 4457 962 4529 τῷ
999 4459 1136 4529 μηδὲ
1164 4459 1259 4512 ἐπὶ
1284 4459 1344 4513 τὸ
1374 4460 1811 4531 κρεῖττον,λέγω.

1988 4457 2070 4511 Ex
2099 4469 2168 4510 eo
2200 4453 2348 4524 quod
2374 4469 2478 4508 nec
2507 4454 2562 4508 in
2588 4455 2786 4510 melius
2808 4471 2913 4512 nee
2940 4455 2996 4510 in
3024 4460 3181 4529 pejus
3225 4470 3489 4527 mutatur.

237 4547 379 4620 μηδὲ
427 4549 521 4602 ἐπὶ
569 4547 628 4601 τὸ
671 4551 854 4618 χεῖρον
919 4548 1254 4620 τρέπεσθαι,
1297 4549 1331 4621 ἢ
1378 4549 1438 4602 τὸ
1497 4549 1812 4604 παντέλειον

237 4639 418 4692 ἐκεῖνο
445 4638 538 4689 καὶ
583 4637 646 4689 τὸ
697 4637 1119 4708 παμμακάριον.
1169 4639 1230 4692 τὸ
1280 4637 1728 4709 προσδοκώμενον
1754 4641 1811 4693 ἐν

235 4731 305 4799 τῇ
326 4725 620 4782 ἀναστάσει
649 4729 847 4780 ὲνεῖναι
875 4730 940 4797 τῇ
968 4728 1126 4796 φύσει
1158 4729 1280 4800 ἤδη,
1309 4729 1341 4798 ἦ
1371 4729 1432 4782 τὸ
1466 4731 1641 4801 πάντη
1683 4731 1814 4800 ἡσυ-

235 4819 424 4891 χάξειν
456 4819 516 4874 τὸ
539 4818 778 4887 λογικὸν,
805 4819 927 4872 ἐπεὶ
959 4821 1122 4890 μηδὲν
1163 4823 1602 4893 αὐτοπροαιρέτῳ
1647 4821 1808 4892 βουλῇ

235 4913 554 4984 κινούμενον
585 4910 810 4982 μηδενὸς
849 4909 976 4980 ἕχον
1009 4911 1146 4974 ὅλως
1187 4912 1440 4984 αῐσθησίν
1467 4915 1642 4966 ἐστιν·
1675 4913 1813 4970 ἀλλὰ

231 5003 296 5056 τὸ
327 5003 596 5074 πρότερον
621 5001 729 5054 οὐδ’
771 5001 1182 5070 είσκεκόμισται
1203 5017 1216 5032 ο
1259 5003 1352 5058 τοῦ
1381 5003 1518 5058 Θεοῦ
1563 5005 1809 5076 κρεῖττόν

229 5113 287 5148 τι
318 5091 766 5162 προϐλεψαμένου
801 5091 930 5162 περὶ
971 5092 1152 5161 ἡμῶν,
1189 5093 1276 5148 ἵνα
1325 5096 1402 5168 μὴ
1453 5096 1621 5167 χωρὶς
1649 5096 1809 5166 ήμῶν

230 5187 284 5240 οί
313 5183 567 5256 πρότεροι
593 5181 920 5236 τελειωθῶσι
941 5197 955 5212 ο
985 5182 1046 5236 τὸ
1072 5182 1325 5254 δεύτερον
1355 5187 1464 5256 ἄρα
1493 5187 1611 5240 ἐστι
1639 5205 1652 5218 ο
1685 5186 1809 5241 καθ’

231 5278 383 5350 ἡμᾶς
407 5270 500 5329 οῦν
531 5274 658 5338 τοὺς
681 5275 1046 5346 Χριστιανοὺς
1086 5279 1146 5328 οὐ
1181 5276 1446 5347 κρείττων
1471 5282 1500 5334 ὁ
1524 5279 1811 5352 ἄνθρωπος

230 5367 344 5421 τῶν
375 5365 593 5419 οἰκείων
625 5365 808 5436 μερῶν
836 5363 959 5419 καθ’
988 5365 1158 5420 ἑαυτὰ
1181 5366 1574 5440 θεωρουμένων
1601 5373 1814 5435 δείκνυ.

229 5477 324 5516 ται
342 5474 359 5492 ⁶
381 5459 523 5512 κατὰ
538 5457 594 5510 δὲ
620 5457 746 5522 τοὺς
774 5457 1042 5524 ’Έλληνας
1066 5459 1172 5514 ’καὶ
1195 5462 1322 5526 τοὺς
1351 5464 1688 5536 Μανιχαίους
1716 5467 1810 5522 τοῦ

231 5552 336 5622 μιν
385 5548 634 5622 σώματος
672 5547 936 5622 κρείττιιν
975 5551 1002 5604 ὁ
1033 5550 1354 5624 ἄνθρωπος·
1389 5555 1490 5626 τῆς
1517 5557 1572 5612 δὲ
1607 5557 1808 5632 ψυχῆς,

230 5645 410 5716 ἠττων
470 5639 644 5712 τούτῳ
701 5639 776 5711 τῷ
833 5639 1002 5713 λόγῳ.
1035 5643 1150 5714 ’τὴν
1198 5645 1297 5714 μὲν
1346 5648 1455 5718 γὰρ
1499 5647 1676 5720 ψυχὴν
1713 5652 1806 5706 καὶ

553 5735 820 5796 ΡΑτκηῐι.
847 5733 980 5816 Cn.
1030 5735 1180 5796 LXX
1199 5739 1361 5802 XVI.

1919 4546 2052 4602 inde
2100 4545 2353 4614 sequitur
2407 4545 2491 4600 vel
2534 4538 2631 4600 ille
2663 4555 2840 4602 status
2889 4550 3070 4604 omnis
3113 4550 3489 4620 perfectionis,

1919 4639 2311 4705 immensasque
2356 4636 2721 4692 beatitudinis
2763 4654 2928 4708 quem
2979 4640 3033 4694 in
3082 4645 3492 4702 resurrectione

1919 4738 2320 4800 exspectamus,
2378 4729 2462 4784 vel
2512 4729 2742 4785 rationis
2811 4731 3062 4787 absoluta
3114 4733 3492 4803 immobilitas,

1917 4840 2043 4880 cum
2088 4823 2231 4878 nihil
2283 4832 2585 4894 spontanea
2675 4825 2954 4881 voluntate
3001 4828 3232 4886 minime
3281 4840 3492 4888 motum

1916 4919 2125 4975 nullius
2161 4917 2240 4973 rei
2271 4933 2491 4972 sensum
2522 4917 2754 4982 habeat,
2782 4919 2879 4974 sed
2922 4921 3075 4990 prius
3117 4925 3360 4980 nondum
3391 4929 3490 4982 ad-

1915 5009 2087 5074 venit,
2114 5009 2226 5064 Deo
2250 5009 2448 5064 melius
2475 5009 2655 5065 nobis‘
2673 5009 3002 5080 providente
3023 5029 3092 5068 ne
3115 5025 3497 5075 antecessores

1915 5101 2091 5157 nostri
2123 5101 2242 5157 sine
2273 5101 2432 5156 nobis
2463 5099 2690 5172 perfecti
2719 5099 2886 5168 tiam;
2913 5105 3192 5172 posterius
3233 5123 3365 5179 ergo
3395 5126 3492 5164 ve-

1917 5209 2039 5248 rum
2072 5202 2194 5260 est;
2220 5193 2528 5250 secundum
2564 5209 2667 5250 nos
2691 5194 2898 5249 ctenim
2923 5195 3288 5268 Christianos,
3324 5202 3493 5258 homo

1916 5301 2025 5340 non
2071 5293 2156 5341 est
2184 5286 2379 5341 melior
2422 5285 2656 5358 singulis
2703 5287 2953 5358 partibus
2982 5290 3187 5359 quibus
3235 5305 3488 5355 constat;

1913 5379 2216 5435 secundum
2275 5395 2410 5434 vero
2461 5379 2680 5437 Graecos
2721 5388 2779 5437 et
2825 5381 3174 5450 Manichaaos,
3231 5401 3461 5456 corpore

1913 5472 2109 5528 melior
2137 5481 2222 5528 est
2244 5472 2433 5537 homo,
2465 5473 2648 5528 anima
2676 5489 2809 5529 vero
2838 5476 3016 5545 pejor,
3035 5485 3260 5547 propter
3280 5477 3492 5534 hancce

1916 5563 2184 5637 rationem
2217 5581 2228 5616 :
2259 5563 2502 5620 animam
2528 5565 2741 5622 scilicet
2768 5567 3006 5622 credunt
3040 5569 3260 5637 corpori
3288 5584 3504 5639 praees-

1911 5657 2106 5710 sEstore
2135 5655 2270 5732 quin
2307 5671 2456 5728 opus
2475 5657 2675 5714 haheat
2713 5657 3086 5727 corporalium
3110 5671 3393 5724 sensuum,
3431 5670 3492 5718 et

2934 5746 3010 5810 48
