3932 6152
411 232 543 300 1515
1670 233 1981 295 LEONTII
2020 234 2430 297 BYZANTINI
3544 246 3692 314 tam

406 362 704 422 antequam
746 352 801 407 in
836 364 1040 421 corpus
1092 348 1273 413 cadat,
1314 355 1372 402 ut
1405 347 1619 412 dicunt,
1671 347 1807 402 nihil
1838 347 1986 419 igno-

2092 349 2472 421 προΰπάρχειν
2498 348 2670 403 οεδασι
2722 350 2814 404 τοῦ
2865 350 3139 423 σώματος,
3195 354 3421 429 ἀνενδεῆ
3460 374 3524 413 τε
3576 364 3695 416 τῶν

408 458 554 510 rare,
583 443 728 500 sicut
765 457 868 499 nec
894 450 1022 513 post
1050 442 1170 512 ejus
1216 439 1286 495 ab
1333 452 1401 494 eo
1433 438 1745 494 discessum
1791 457 1803 491 :
1837 437 1985 492 unde

2090 438 2185 493 τοῦ
2218 438 2473 511 σώματος
2516 440 2844 513 αἰσθήσεων,
2879 445 2972 498 καὶ
3016 446 3124 518 πρὸ
3161 446 3260 512 τῆς
3299 452 3382 514 είς
3421 452 3486 505 τὸ
3512 453 3694 525 σῶμα

406 549 471 588 ea
518 535 767 605 pejorem
815 533 1161 589 arbitrantur
1197 530 1505 595 hominem,
1541 528 1814 600 siquidem
1855 544 1986 585 eum

2089 532 2518 611 καταπτώσεως,
2545 533 2621 600 ὥς
2654 552 2810 605 φασι,
2844 538 3010 609 μηδὲν
3037 540 3343 609 ἀγνοοῦσαν
3369 559 3385 576 ο
3415 546 3560 601 ἀλλὰ
3591 552 3693 603 καὶ

407 625 605 682 dicunt
646 625 828 696 seipsa
875 625 1120 697 pejorem
1158 623 1277 680 fieri
1307 638 1373 679 ex
1406 639 1504 680 sua
1546 623 1602 678 in
1634 638 1887 694 corpore,
1924 630 1986 677 ut

2093 623 2233 692 μετά
2257 625 2359 694 τὴν
2391 626 2456 679 ὲκ
2493 625 2686 681 τούτου
2736 628 2917 692 ἔξοδον
2953 630 3248 695 ὡσαύτως*
3298 636 3421 689 ὅθεν
3454 641 3553 692 καὶ
3588 641 3692 710 ἡτ-

408 719 734 787 loquuntur,
764 717 1110 787 captivitate.
1168 716 1275 771 Sed
1309 714 1667 771 manifestum
1693 724 1780 770 est
1802 715 1986 770 homi-

2089 731 2218 768 τονα
2247 716 2454 771 οἴδασιν
2484 718 2655 790 αὐτῆς
2685 719 2778 773 τὸν
2826 720 3116 793 ἄνθρωπον
3140 740 3154 755 ·
3190 726 3314 779 ἐπεὶ
3359 730 3458 783 καὶ
3507 731 3691 801 αὐτὴν

406 825 531 864 nem
554 824 788 881 corpore
808 824 931 864 esse
954 808 1246 865 meliorem
1277 808 1427 880 quod
1454 818 1731 864 mortuum
1759 817 1986 878 apparet

2089 805 2290 877 ἑαυτῆς
2318 808 2542 878 χείρονα
2575 809 2797 879 λέγουσι
2832 813 3087 881 γενέσθαι
3128 816 3217 870 διὰ
3246 818 3348 888 τῆς
3374 822 3431 873 ὲν
3463 822 3547 890 τῷ
3574 822 3689 875 σὼ-

407 913 530 974 post
569 904 766 959 animae
809 902 1137 968 discessum,
1167 914 1293 958 cum
1334 916 1538 972 corpus
1561 900 1745 972 seipse
1784 900 1986 959 melius

2091 915 2222 970 ματι
2254 900 2525 971 φυλακῆς,
2592 901 2670 967 ὥς
2697 920 2853 973 φασι.
2906 908 3014 962 Τοῦ
3069 909 3126 963 δὲ
3180 910 3435 982 σώματος
3478 915 3689 986 νεκροῦ

404 1004 671 1066 appareat
695 1003 990 1065 antequam
1010 994 1078 1049 ab
1103 994 1287 1049 anima
1309 1002 1622 1065 separetur,
1653 1009 1720 1048 ex
1749 1009 1818 1049 eo
1838 993 1985 1064 quod

2089 989 2466 1061 θεωρουμένου
2515 993 2652 1063 μετὰ
2697 995 2797 1064 τὴν
2827 996 3100 1065 διάζευξιν
3148 1000 3251 1069 τῆς
3290 1002 3488 1074 ψυχῆς,
3537 1009 3687 1078 1:96-

404 1094 530 1156 post
573 1085 981 1156 separationem
1031 1083 1102 1138 ab
1153 1084 1339 1138 anima
1399 1092 1503 1148 est,
1556 1083 1764 1153 liquet;
1802 1082 1877 1137 ita
1924 1092 1986 1138 ut

2089 1080 2246 1148 δηλον
2273 1082 2355 1135 ὅτι
2388 1084 2652 1156 κρείττων
2695 1087 2724 1139 ὀ
2771 1087 3059 1159 ἄνθρωπος
3085 1106 3101 1120 ⁸
3143 1092 3268 1145 ἐπεὶ
3302 1094 3396 1147 καὶ
3445 1096 3582 1149 αύτό
3620 1099 3689 1150 τὸ

405 1173 775 1244 compositum
821 1174 895 1228 sit
940 1172 1057 1228 suis
1091 1172 1347 1243 partibus
1400 1174 1457 1227 in
1503 1188 1563 1228 se
1625 1174 1861 1244 sumptis
1895 1174 1983 1233 vel.

2089 1170 2249 1242 σῶμα
2279 1176 2529 1245 κρεῖττον
2558 1176 2755 1231 ἑαυτοῦ
2788 1179 3076 1250 θεωρεῖται
3120 1183 3231 1255 πρὸ
3266 1186 3361 1237 τοῦ
3385 1189 3686 1258 χωρισμοῦ

405 1264 609 1319 melius
663 1264 749 1319 vel
797 1263 998 1334 pejus;
1043 1263 1190 1318 unde
1218 1265 1610 1319 necessitatem
1644 1264 1851 1321 habent
1895 1265 1981 1320 di-

2089 1263 2178 1317 τοῦ
2208 1265 2272 1317 ὲκ
2292 1265 2392 1334 τῆς
2417 1264 2599 1336 ψυχῆς
2618 1283 2632 1299 ο
2674 1267 2750 1331 ὡς
2773 1269 2913 1339 πρὸς
2965 1272 3027 1325 τὸ
3079 1277 3217 1343 μετὰ
3243 1276 3306 1327 τὸ
3337 1279 3687 1349 χωρισθῆναι

406 1357 570 1413 cendi
596 1355 879 1413 Christum
915 1372 1077 1412 suum
1122 1356 1207 1411 vel
1242 1357 1528 1412 meliorem
1556 1372 1677 1413 esse
1711 1357 1797 1412 vel
1833 1358 1986 1428 pejo-

2089 1359 2182 1427 τῆς
2212 1356 2391 1429 ψυχῆς
2414 1361 2749 1432 συνέστηκεν
2777 1363 2908 1434 ἄρα,
2952 1364 3030 1430 ὡς
3083 1366 3165 1420 ὅτι
3213 1369 3277 1422 τὸ
3325 1371 3685 1444 ἀποτέλεσμα

407 1462 521 1505 rem
555 1449 611 1503 in
639 1448 824 1518 aliquo
872 1448 1127 1519 partibus
1157 1448 1275 1504 suis
1301 1448 1357 1503 in
1381 1462 1440 1504 se
1475 1449 1730 1520 sumptis,
1774 1450 1821 1504 si
1853 1464 1982 1505 vere

2089 1448 2192 1502 τῶν
2250 1451 2467 1505 οἰκείων
2524 1453 2708 1522 μερῶν
2763 1455 2885 1508 καθ’
2933 1456 3105 1511 ἑαυτὰ
3157 1458 3590 1532 θεωρουμένων,
3642 1463 3682 1535 ἢ

407 1557 583 1595 unum
609 1541 813 1596 animal
840 1549 923 1596 est
945 1540 1222 1606 Christus,
1241 1542 1399 1613 juxta
1423 1540 1548 1595 illos
1571 1556 1638 1596 ex
1669 1542 1783 1596 Deo
1798 1541 1983 1598 Verbo

2089 1539 2331 1609 κρεῖττόν
2364 1539 2481 1594 ἐστι
2508 1542 2648 1596 κατὰ
2678 1559 2753 1609 τι,
2784 1543 2817 1615 ἢ
2847 1539 3009 1616 ἦττον
3032 1564 3047 1578 ο
3081 1547 3203 1603 ὅθεν
3237 1550 3450 1624 ἀνάγκη
3494 1553 3685 1621 λέγειν

411 1641 469 1688 ct
505 1647 671 1687 carne
706 1632 1100 1702 compositum.
1153 1631 1259 1687 Sed
1313 1631 1360 1687 si
1416 1632 1704 1687 meliorem
1754 1632 1973 1697 dicunt,

2091 1630 2187 1683 καὶ
2209 1629 2442 1697 τούτοις,
2468 1632 2560 1686 τὸν
2585 1633 2821 1705 Χριστὸν
2853 1637 3054 1703 αὐτῶν,
3100 1639 3133 1710 ἢ
3183 1639 3383 1711 ἥττονα
3431 1638 3594 1708 εἶναι,
3641 1644 3682 1716 ἢ

2090 1723 2378 1794 κρείττονα
2413 1726 2557 1781 κατά
2598 1744 2653 1780 τι
2701 1727 2810 1784 τῶν
2851 1732 3071 1786 οἰκείων
3116 1736 3303 1806 μερῶν
3334 1736 3456 1791 καθ’
3481 1739 3681 1803 ἑαυτὰ,

2086 1815 2525 1886 έπινοουμένωψ
2573 1819 2623 1871 εἰ
2662 1819 2800 1879 ὅλως
2830 1821 2889 1875 ἓν
2938 1822 3078 1889 ζῶόν
3129 1826 3249 1881 ἐστι
3302 1829 3426 1882 κατ’
3474 1831 3686 1895 αὐτοὺς

2086 1908 2115 1960 δ
2142 1907 2398 1978 Χριστὸς,
2431 1911 2495 1964 ὲκ
2520 1910 2656 1965 Θεοῦ
2688 1913 2783 1966 καὶ
2813 1913 3105 1983 ἀνθρώπου
3132 1919 3527 1974 ἀποτελεσθέν·
3557 1922 3684 1976 ἀλλ’

2098 2001 2149 2052 εί
2184 2000 2285 2071 μὲν
2312 2002 2622 2073 κρείττονα,
2662 2002 2892 2074 εἴποιεν,
2935 2002 3206 2063 δεδώκασι
3257 2009 3319 2065 τὸ
3349 2013 3564 2077 ἀσεϐὲς,
3589 2032 3685 2068 τε-

2086 2089 2356 2161 λειότερον
2385 2108 2438 2145 τι
2467 2091 2562 2145 τοῦ
2617 2093 2752 2147 Θεοῦ
2789 2095 3188 2168 φανταζόμενοι
3216 2094 3383 2162 εἶναι,
3403 2102 3540 2174 ὅπερ
3579 2106 3687 2159 καὶ

2085 2177 2181 2231 τοῦ
2211 2179 2418 2251 Πατρὸς
2438 2181 2649 2234 καὶτοῦ
2681 2183 3000 2253 Πνεύματος
3024 2186 3242 2258 ἀνάγκη
3268 2188 3447 2256 λέγειν
3476 2190 3682 2255 αὐτοὺς

2088 2269 2415 2340 ὑπέρτατον.
2451 2271 2514 2324 Εἰ
2545 2270 2656 2341 γὰρ
2688 2272 2750 2325 τὸ
2799 2274 2919 2326 κατ’
2960 2273 3160 2339 αὐτοὺς
3210 2277 3277 2329 ὲκ
3318 2276 3453 2330 Θεοῦ
3494 2277 3677 2347 Λόγου

2086 2361 2181 2414 κα)⁸
2209 2363 2412 2431 σαρκὸς
2451 2360 2611 2428 ζῶον,
2647 2365 2897 2431 κρεῖττον
2927 2364 3071 2419 κατά
3112 2383 3165 2419 τι
3195 2367 3291 2422 τοῦ
3335 2367 3468 2422 Θεοῦ
3497 2369 3683 2437 Λόγου

2087 2449 2210 2505 καθ’
2233 2451 2426 2506 ἑαυτὸν
2456 2453 2771 2524 νοουμένου,
2809 2440 2971 2509 τοῦτο
2996 2457 3129 2511 αὐτὸ
3157 2460 3409 2529 κρεῖττον
3429 2459 3681 2529 δηλονότι

2086 2542 2181 2596 καὶ
2208 2541 2303 2596 τοῦ
2334 2543 2550 2614 Πατρὸς
2579 2545 2676 2597 καὶ
2705 2546 2801 2598 τοῦ
2831 2546 3151 2616 Πνεύματος
3195 2549 3272 2619 μὴ
3302 2550 3683 2620 συγκειμένων

2086 2635 2151 2705 τῇ
2182 2634 2381 2705 σαρκί·
2430 2634 2665 2707 ἐπείπερ
2714 2636 2829 2700 (eo;
2875 2640 2904 2691 δ
2955 2637 3083 2702 Tib;
3128 2638 3207 2709 τῷ
3260 2641 3436 2713 Πατρὶ
3475 2642 3571 2694 καὶ
3600 2642 3689 2710 τῷ

2088 2723 2402 2795 Πνεύματι·
2450 2725 2547 2780 καὶ
2592 2727 2621 2779 ὁ
2668 2726 2861 2781 τούτου
2895 2727 3162 2799 κρείττων
3213 2729 3358 2784 κατά
3393 2746 3465 2793 τι,
3502 2731 3686 2800 σαφὲς

410 2811 543 2865 hum
570 2810 749 2866 Deum
795 2810 977 2881 seipse
1005 2814 1163 2883 pejus
1204 2806 1379 2867 fuisse
1433 2810 1637 2866 factum
1694 2820 1985 2867 asserunt:

2089 2813 2170 2867 ὅτι
2202 2813 2299 2866 καὶ
2330 2814 2422 2867 τοῦ
2455 2812 2670 2885 Harpe;
2701 2816 2797 2869 καὶ
2842 2816 2936 2868 τοῦ
2983 2816 3307 2887 Πνεύματος
3342 2819 3438 2872 τοῦ
3487 2819 3681 2888 ἁγίου·

409 2917 519 2957 non
545 2902 694 2957 enim
725 2902 932 2957 animal
965 2901 1104 2956 illud
1135 2917 1200 2957 ex
1229 2901 1341 2957 Deo
1388 2910 1446 2958 et
1487 2916 1654 2957 carne
1705 2910 1983 2967 constans,

2089 2905 2139 2958 ei
2166 2905 2224 2959 δὲ
2254 2900 2420 2976 ἦττον
2467 2906 2674 2960 εἴποιεν
2722 2908 2865 2960 τουτὶ
2893 2907 2955 2959 τὸ
2999 2906 3139 2971 ζῶον
3168 2909 3263 2961 τοῦ
3306 2910 3445 2964 Θεοῦ
3492 2914 3685 2980 Λόγου

410 2994 739 3050 inveniretis
779 2993 893 3049 Deo
942 2993 1147 3061 minus,
1199 2993 1304 3050 nisi
1352 2993 1509 3065 prius
1556 2994 1701 3050 Deus
1743 2994 1985 3051 Verbum

2089 2995 2213 3050 καθ’
2259 2996 2451 3048 ἑαυτὸν
2492 2994 2877 3067 θεωρουμένου,
2915 2996 3008 3047 καὶ
3033 2994 3212 3059 οὕτως
3239 2997 3501 3052 ἀσεϐοῦσι
3528 3015 3543 3028 ·
3574 3002 3682 3053 τὸν

409 3086 592 3157 seipse
634 3087 791 3157 pejus
832 3085 1036 3141 factum
1074 3085 1293 3141 fuisset.

2089 3084 2219 3140 Θεὸν
2245 3085 2355 3157 γὰρ
2384 3084 2554 3154 Λόγον
2588 3086 2782 3157 ἥττονα
2826 3083 3018 3138 ἑαυτοῦ
3060 3084 3368 3138 δεικνύουσι
3417 3089 3672 3156 γεγενῆ-

411 3179 533 3234 σθαι
568 3179 710 3233 κατὰ
753 3177 845 3231 τὸν
882 3175 991 3229 τῶν
1044 3174 1309 3247 Ἑλλήνων
1353 3175 1448 3230 καὶ
1494 3174 1811 3246 Μανιχαίων
1865 3175 1998 3247 περὶ
2034 3176 2135 3248 τῆς
2163 3174 2342 3247 ψυχῆς
2366 3174 2557 3246 μῦθον.
2601 3179 2717 3231 Οὐκ
2743 3176 2809 3232 ἂν
2867 3176 2974 3250 γὰρ
2997 3176 3058 3230 τὸ
3084 3179 3148 3231 ὲκ
3167 3176 3299 3232 Θεοῦ
3324 3179 3419 3233 καὶ
3445 3179 3665 3249 σαρκὸς

410 3275 548 3340 ζῶον
604 3269 769 3346 ἦττον
822 3272 1112 3342 ηὑρίσκετε
1172 3269 1266 3324 τοῦ
1325 3269 1461 3325 Θεοῦ
1515 3271 1658 3325 κατὰ
1708 3271 1900 3341 μόνας,
1936 3272 1986 3324 εί
2027 3268 2104 3344 μὴ
2166 3269 2434 3343 πρότερον
2462 3270 2625 3336 αὐτὸς
2672 3270 2857 3337 ὀθεδς
2923 3271 3092 3341 Λόγος
3127 3270 3300 3341 ἥττων
3336 3269 3525 3325 ἑαυτοῦ
3560 3274 3661 3337 γέ·-

418 3380 595 3433 γονεν.

486 3455 566 3511 Ad
601 3454 716 3508 inec
767 3454 1015 3509 dicemus
1077 3455 1256 3524 rcipsa
1299 3453 1605 3525 composita
1641 3468 1708 3510 ex
1739 3454 1986 3526 partibus

2165 3447 2429 3521 Εῐποιμεν
2454 3443 2548 3506 οῦν
2577 3450 2719 3523 πρὸς
2762 3450 2912 3518 τάδε,
2944 3452 3028 3506 δτι
3063 3449 3237 3516 ὅντως
3278 3452 3347 3505 τὰ
3374 3451 3439 3505 ὲκ
3475 3453 3673 3523 μερῶν

411 3548 498 3603 vel
539 3545 767 3600 meliora
809 3559 931 3600 esse
982 3543 1069 3599 vel
1117 3544 1303 3614 pejora
1354 3559 1685 3615 unaquaque
1736 3544 1986 3615 partium

2093 3537 2535 3611 ἀποτελέσματα,
2568 3540 2601 3613 ἦ
2626 3541 2917 3613 κρείττονα
2946 3540 2979 3612 ἢ
3014 3540 3237 3613 χείρονα
3267 3542 3375 3596 τῶν
3412 3542 3684 3597 ἀποτελε-

412 3652 671 3704 suarum;
698 3636 793 3692 sed
822 3635 1050 3691 evidens
1076 3645 1160 3691 est
1196 3635 1302 3691 hoc
1349 3652 1459 3691 non
1493 3636 1819 3707 simpliciter
1844 3651 1986 3699 esse,

2094 3629 2305 3685 σάντων
2334 3630 2567 3685 ἑκάστου
2600 3632 2709 3703 ίδίᾳ
2735 3631 3027 3703 θεωρεῖται
3058 3646 3072 3660 ⁸
3110 3631 3249 3686 ἀλλὰ
3279 3631 3562 3704 πρόδηλον,
3596 3634 3683 3697 ὡς

411 3731 506 3789 scd
556 3738 767 3785 tantum
815 3731 871 3784 in
918 3728 1008 3784 his
1057 3743 1292 3798 quorum
1339 3737 1527 3798 partes
1578 3727 1811 3783 diversae
1858 3734 1986 3782 sunt

2092 3722 2210 3775 τόδε
2242 3712 2342 3793 οὐχ
2369 3721 2577 3789 ἁπλῶς,
2610 3722 2727 3776 ἀλλ’
2759 3721 2846 3789 ἐφ’
2873 3714 2951 3776 ὧν
2998 3721 3278 3793 διαφόρων
3315 3721 3485 3775 ὅντων
3530 3723 3682 3776 κατὰ

412 3828 625 3874 naturae
655 3825 712 3872 et
744 3826 919 3871 totum
963 3823 1303 3886 componunt
1338 3816 1425 3870 vel
1460 3830 1560 3886 per
1601 3814 1986 3878 mutationem,

2091 3810 2254 3881 φύσιν
2323 3811 2433 3865 τῶν
2494 3810 2699 3884 μερῶν,
2731 3811 2827 3865 καὶ
2855 3811 2888 3879 ή
2956 3809 3228 3873 σύνθεσις,
3265 3809 3409 3863 κατὰ
3460 3808 3683 3880 τροπὴν

412 3912 498 3965 vel
529 3926 628 3980 per
676 3909 981 3971 misturam,
1010 3907 1096 3962 vel
1129 3921 1227 3976 per
1258 3915 1780 3976 temperamentum;
1806 3906 1852 3960 si
1877 3920 1985 3959 non

2092 3902 2190 3956 καὶ
2217 3901 2437 3974 φυρμὸν
2465 3902 2562 3955 καὶ
2595 3902 2792 3972 κρᾶσίν
2821 3917 2966 3965 τινα,
2993 3902 3142 3954 ποιεί
3163 3900 3223 3953 τὸ
3244 3899 3306 3964 ἐξ
3331 3899 3508 3953 αὐτῶν
3534 3901 3684 3953 ἀπο-

413 3999 728 4073 hnjusmodi
750 4007 834 4054 est
867 3998 1216 4069 compositio,
1251 3998 1305 4053 id
1335 4007 1441 4064 est,
1472 4013 1582 4053 non
1603 3997 1985 4065 commiscens,

2090 3994 2349 4065 τέλεσμα.
2419 3995 2482 4048 Εί
2536 3994 2721 4065 μέντοι
2750 3995 2784 4063 ή
2820 3991 3072 4056 σύνθεσις
3091 3994 3153 4045 οὐ
3179 3990 3359 4044 τοιάδε
3380 4031 3397 4054 ,
3417 3991 3583 4061 ἤγουν
3602 3991 3680 4044 οὐ

412 4101 511 4147 aut
540 4099 911 4156 eommutans,
952 4088 1169 4144 diversa
1216 4089 1626 4159 componentia,
1668 4096 1764 4143 aut
1802 4088 1849 4144 si
1887 4103 1986 4142 na-

2093 4084 2397 4157 συγχυτικὴ
2430 4084 2526 4138 καὶ
2555 4083 2879 4154 ἀλλοιωτικὴ
2907 4082 3021 4136 τῶν
3069 4082 3435 4135 συνελθόντων
3473 4080 3681 4150 διαφό-

415 4195 554 4239 ιυιτο
588 4196 698 4237 non
734 4187 967 4251 possunt
1006 4179 1226 4236 misceri
1257 4179 1343 4234 vel
1378 4179 1434 4234 in
1479 4180 1715 4236 invicem
1760 4180 1985 4248 mutari,

2098 4190 2231 4245 ρων,
2251 4172 2377 4229 οὔτε
2433 4174 2490 4228 δὲ
2535 4172 2592 4228 αί
2653 4173 2847 4243 φύσεις
2902 4174 2988 4234 είς
3043 4171 3288 4242 ἀλλήλας
3351 4169 3687 4240 συγχεῖσθαι

413 4269 691 4340 quomodo
736 4268 864 4323 inde
901 4274 1075 4323 totum
1118 4266 1436 4322 censebitur
1479 4268 1634 4337 pejus
1664 4275 1760 4323 aut
1792 4268 1986 4322 melius

2092 4263 2346 4318 δύνανται
2377 4262 2411 4335 ἢ
2441 4263 2765 4334 τρέπεσθαι’
2796 4261 2915 4325 πῶς
2943 4260 3197 4316 ἐντεῦθεν
3224 4263 3407 4332 χεῖρον
3433 4261 3691 4331 ἢκρεῖτ-

413 4366 678 4421 alterutra
752 4377 977 4417 suarum
1038 4360 1324 4432 partium?
1400 4358 1742 4415 Manifestius
1805 4369 1986 4416 autem

2093 4370 2186 4406 τον
2212 4354 2275 4407 τὺ
2304 4353 2427 4407 ὅλον
2465 4352 2697 4424 θατέρου
2724 4350 3065 4428 τῶνδμερῶν
3108 4350 3439 4423 κριθήσεται
3463 4367 3478 4415 ;
3509 4349 3687 4403 ἔσται

415 4457 672 4526 exemplo
699 4453 953 4525 ﬁetquod
972 4452 1231 4508 dicimus.
1255 4450 1311 4507 Si
1338 4453 1464 4522 quis
1491 4466 1556 4507 ex
1581 4468 1709 4508 vase
1733 4463 1986 4524 argenteo

2091 4444 2150 4497 δὲ
2199 4444 2368 4513 σαφὲς
2404 4444 2608 4515 μᾶλλον
2665 4445 2728 4497 εκ
2760 4441 3206 4514 παραδείγματος
3258 4442 3321 4495 τὸ
3353 4442 3681 4512 λεγόμενον.

407 1721 576 1792 impie
617 1722 833 1784 dicunt,
868 1722 1075 1793 aliquid
1115 1723 1472 1778 eommentati
1508 1723 1622 1778 Deo
1658 1723 1982 1793 perfectius,

405 1813 552 1883 quod
585 1828 810 1870 necesse
835 1813 1040 1869 habent
1077 1812 1241 1869 fateri
1272 1813 1434 1869 Patre
1468 1822 1524 1869 et
1547 1814 1761 1884 Spiritu
1790 1824 1986 1870 sancto

407 1903 586 1975 majus
616 1919 762 1960 esse.
792 1903 849 1959 Si
881 1903 1030 1959 enim
1079 1903 1284 1959 animal
1316 1905 1450 1961 illud
1471 1906 1644 1975 quod,
1679 1906 1985 1961 secundum

408 1995 553 2060 illos,
587 2009 654 2050 ex
675 1994 859 2051 Verbo
899 1994 1013 2049 Deo
1041 2002 1099 2048 et
1143 1996 1311 2048 carne
1339 1986 1579 2060 constat,
1596 1993 1799 2049 melius
1821 2004 1910 2050 est
1930 1994 1986 2048 in

407 2085 595 2155 aliquo
624 2083 811 2141 Verbo
844 2084 1033 2139 divino
1063 2084 1119 2139 in
1162 2099 1221 2139 se
1256 2092 1498 2155 sumpto,
1540 2084 1741 2140 melius
1766 2100 1987 2156 quoque

410 2174 701 2231 manifeste
745 2175 856 2230 erit
892 2176 1054 2231 Patre
1087 2183 1145 2230 et
1189 2174 1402 2245 Spiritu
1438 2184 1631 2233 sancto
1659 2191 1771 2232 non
1803 2177 1987 2233 incar-

408 2267 576 2332 natis,
605 2267 884 2337 siquidem
917 2266 1092 2322 Filius
1115 2265 1266 2322 Patri
1321 2276 1379 2322 et
1402 2266 1639 2338 Spiritui
1680 2276 1875 2324 sancto
1902 2275 1990 2325 est

407 2358 677 2429 arqualis;
711 2358 803 2413 ille
831 2365 1015 2413 autem
1051 2359 1143 2429 qui
1176 2360 1231 2415 in
1264 2361 1457 2430 aliquo
1497 2359 1596 2414 illo
1637 2359 1839 2415 melior
1878 2368 1985 2425 est,

407 2447 700 2503 evidenter
733 2449 898 2503 Patre
942 2455 1000 2502 et
1034 2447 1242 2518 Spiritu
1272 2457 1466 2505 sancto
1517 2456 1603 2503 est
1646 2448 1867 2504 melior.
1928 2447 1987 2504 Si

407 2548 595 2593 autem
647 2538 810 2609 pejus
851 2538 1048 2594 dicunt
1073 2538 1211 2594 illud
1244 2539 1445 2594 animal
1473 2537 1657 2595 Verbo
1691 2538 1808 2593 Deo
1840 2538 1897 2593 in
1928 2553 1987 2594 se

408 2636 651 2699 sumpto,
674 2627 733 2682 in
766 2629 873 2683 hoc
898 2629 1065 2684 etiam
1096 2629 1251 2700 impii
1288 2638 1420 2685 sunt
1448 2647 1461 2682 :
1499 2629 1805 2684 secundum
1837 2629 1987 2684 enim

409 2719 651 2775 fabulam
679 2718 998 2776 Graecorum
1020 2728 1078 2777 et
1101 2718 1530 2778 Maniehaaor‘um
1554 2720 1623 2776 de
1651 2720 1834 2776 anima
1855 2722 1989 2779 Ver-

416 4546 580 4601 unius
624 4545 780 4599 librae
808 4552 865 4599 et
898 4559 966 4599 ex
993 4557 1121 4597 vase
1149 4541 1405 4612 plombeo
1447 4540 1703 4598 similiter
1735 4542 1899 4597 unius
1925 4542 1985 4597 li-

413 4633 528 4688 bra:
556 4631 722 4688 simul
745 4632 1000 4687 conflatis
1021 4646 1118 4685 vas
1150 4645 1355 4685 novum
1386 4629 1615 4698 faceret,
1633 4632 1986 4688 manifestum

412 4733 498 4781 est
561 4724 799 4795 aiiquale
836 4724 1116 4778 exiturum
1180 4736 1467 4777 scamnum
1530 4732 1755 4794 argento
1809 4724 1986 4795 pejus,

414 4817 637 4887 plombo
681 4832 816 4871 vero
871 4814 1101 4870 melius:
1141 4814 1193 4868 in
1244 4813 1354 4869 illis
1386 4806 1542 4868 enim
1601 4820 1688 4869 est
1733 4815 1983 4884 quaedam

414 4904 651 4960 aiiinitas
664 4914 720 4959 et
733 4902 1253 4972 similitudoquibus
1274 4901 1416 4956 inter
1431 4916 1489 4955 se
1506 4900 1948 4955 transmittantur
1967 4915 1981 4965 ;

414 4994 461 5050 si
498 4995 623 5062 quis
660 5004 843 5049 autem
876 5010 973 5049 vas
1013 5009 1242 5049 aureum
1278 4993 1445 5047 unius
1489 4992 1645 5046 libra:
1697 5005 1823 5045 cum
1861 5005 1991 5045 vase

419 5085 573 5138 Iictili
629 5085 794 5140 unius
830 5086 988 5140 libra:
1028 5086 1381 5140 combureret
1423 5082 1509 5137 vel
1540 5082 1775 5135 alterum
1815 5081 1989 5135 altero

415 5173 766 5230 circumdans
797 5176 850 5229 in
876 5175 1057 5244 ignem
1077 5172 1609 5242 mitteret,quoniam
1637 5183 1837 5229 natura
1876 5188 1988 5229 non

416 5271 597 5336 potest
627 5262 792 5319 fictile
823 5280 948 5318 eum
987 5280 1125 5319 auro
1169 5264 1410 5330 misceri,
1457 5278 1569 5318 non
1610 5264 1888 5320 eritistud
1918 5281 1989 5320 ex

415 5366 553 5407 auro
579 5359 645 5406 et
678 5350 833 5407 fictili
880 5352 1247 5422 compositum
1289 5353 1486 5408 melius
1514 5368 1648 5409 auro
1681 5354 1988 5410 secundum

416 5441 833 5498 substantialem
879 5441 1238 5512 qualitatem;
1270 5458 1400 5499 ecce
1427 5443 1575 5499 enim
1625 5459 1819 5500 aurum
1866 5444 1987 5501 sine

416 5543 722 5589 mutatione
778 5548 978 5605 purum
1012 5543 1069 5589 et
1105 5534 1484 5606 incorruptum
1513 5537 1680 5593 etiam
1726 5536 1780 5591 in
1831 5536 1986 5591 fictili

419 5625 812 5700 circumposita
838 5638 893 5684 et
935 5627 1111 5695 unite,
1159 5628 1426 5696 dicemus,
1460 5644 1637 5700 neque
1663 5645 1801 5684 auro
1832 5628 1982 5684 nudo

2092 4538 2155 4591 Εί
2173 4536 2283 4609 γὰρ
2312 4537 2474 4608 τυχὸν
2498 4536 2743 4608 λιτραῖον
2773 4534 2970 4598 σκεῦος
3001 4534 3280 4605 ἀργύρου,
3311 4534 3406 4587 καὶ
3429 4534 3694 4604 λιτραίον

2093 4628 2288 4692 σκεῦος
2330 4626 2582 4694 μολίϐδου
2615 4644 2705 4692 τις
2753 4625 3183 4696 καταχωνεύσας
3220 4627 3439 4695 ποιήσει
3472 4624 3688 4687 σκεῦος

2092 4720 2151 4786 ἐξ
2178 4719 2408 4790 ἀμφοῖν
2442 4716 2601 4789 δῆλον
2627 4716 2703 4780 ὡς
2730 4715 2974 4787 ἀργύρου
3003 4712 3105 4784 μὲν
3134 4707 3320 4785 ἧττον,
3345 4714 3595 4784 κρεῖττον
3618 4712 3691 4766 δὲ

2102 4811 2356 4881 μολίϐδου
2416 4804 2506 4864 οἷα
2560 4809 2891 4879 κασσίτερος
2947 4808 3196 4876 φανεῖται
3229 4822 3246 4837 ο
3294 4805 3505 4874 πέφυκε
3559 4804 3689 4875 γὰρ

2089 4904 2216 4958 τάδε
2246 4904 2335 4958 διά
2358 4919 2480 4956 τινα
2513 4900 2755 4971 φυσικὴν
2806 4898 3110 4952 εὐπάθειαν
3177 4896 3275 4950 καὶ
3324 4895 3687 4964 συγγένειαν,

2091 4994 2340 5066 ἀλλήλοις
2371 4989 2972 5065 προσμεταϐἁλλεσθαι.
3007 4989 3068 5041 Et
3096 4985 3155 5040 δὲ
3184 4986 3424 5058 λιτραίον
3459 4983 3671 5045 σκεῦος

2090 5084 2340 5157 χρυσίου,
2374 5081 2603 5153 λιτραίῳ
2647 5080 2835 5134 σκεύει
2874 5078 3089 5149 πηλίνῳ
3110 5076 3274 5148 τυχὸν
3304 5074 3538 5144 συνάψει
3557 5090 3684 5137 τις,

2090 5178 2123 5250 ἢ
2154 5176 2498 5243 περιπλάσας
2520 5173 2734 5245 θατέρῳ
2756 5171 2987 5241 θάτερον
3009 5170 3098 5239 ἐφ’
3122 5168 3345 5223 ὁσονοῦν
3369 5181 3694 5237 συμπυρω-

2091 5286 2194 5336 σει,
2226 5269 2348 5321 ἐπεὶ
2382 5266 2456 5339 μὴ
2513 5267 2727 5336 πέφυκε
2784 5262 2999 5336 χρυσίῳ
3042 5261 3218 5331 πηλὸς
3280 5258 3426 5314 κατὰ
3468 5258 3692 5328 κρᾶσιν

2092 5358 2365 5432 φύρεσθαι
2394 5398 2410 5424 ,
2444 5360 2545 5413 οὐκ
2582 5358 2740 5412 ἔσται
2764 5356 2885 5410 τόδε
2904 5354 2966 5408 τὸ
3002 5355 3068 5407 ὲκ
3096 5352 3272 5423 πηλοῦ
3300 5352 3397 5405 καὶ
3441 5348 3691 5421 χρυσίου

2088 5450 2436 5521 ἀποτέλεσμά
2481 5465 2614 5503 ποτε
2653 5449 2903 5520 κρεῖττον
2932 5441 3166 5517 χρυσίου
3201 5442 3348 5498 κατὰ
3375 5441 3438 5494 τὸ
3472 5439 3691 5494 οὐσιῶ-

2089 5538 2178 5602 δες
2201 5538 2354 5593 ποιόν
2377 5552 2393 5567 ·
2424 5537 2534 5593 ἰδοὺ
2563 5537 2681 5609 γὰρ
2708 5533 3110 5606 ἀμεταϐλήτως
3161 5533 3258 5586 καὶ
3307 5533 3366 5585 εν
3407 5532 3476 5601 τῇ
3514 5544 3700 5601 περι-

2086 5630 2231 5684 Θέσει
2259 5631 2351 5685 καὶ
2387 5633 2443 5684 ἐν
2476 5634 2541 5702 τῇ
2582 5629 2774 5685 ένώσει
2806 5626 2903 5681 τοῦ
2937 5625 3137 5698 πηλοῦ,
3167 5625 3229 5679 τὸ
3251 5625 3478 5697 χρυσίον
3516 5620 3705 5692 ἁγτὺν
