3932 6152
345 248 474 314 1517

1283 197 1676 313 Ᾰῡιτειιευδ
1715 246 2351 312 NES’I‘ORIANOS.~
2385 249 2530 312 LIB.
2572 249 2622 310 Ι.

3474 249 3602 316 1513

339 365 578 438 ἐροῦμεν
606 363 667 417 ὃν
715 363 810 418 καὶ
857 359 1168 434 ἀκίϐδηλον.
1223 365 1378 417 οὐδὲν
1434 365 1628 418 διοίσει
1681 365 1908 435 χρυσίου

2031 363 2315 418 secundum
2357 371 2609 420 naturam
2647 362 2884 420 difl'erct.
2917 367 3037 422 Non
3071 369 3220 424 enim
3267 369 3450 424 fictilis
3475 371 3584 427 cir.

340 455 546 527 γυμνοῦ
579 454 720 508 κατὰ
756 455 858 524 τὴν
893 456 1078 524 φύσιν.
1099 455 1164 508 Ἦ
1193 455 1304 526 γὰρ
1332 453 1614 526 περίθεσις
1662 455 1756 509 τοῦ
1803 472 1910 524 πη-

341 546 435 600 λοῦ
462 544 870 600 οὐχ’άναπείθει
894 546 1150 616 σώφρονα
1171 545 1318 610 νοῦν,
1355 545 1655 616 βεϐλάφθαι
1693 547 1775 608 εἰς
1805 545 1876 612 φύ
1895 575 1908 584 -

344 653 429 691 σιν
458 634 552 691 τὸν
575 637 795 708 χρυσὸν,
835 636 982 702 ἅπαξ
1011 629 1410 706 διεγνωσμένον
1443 637 1543 707 τὴν
1569 635 1734 704 φύσιν
1773 631 1913 690 εἶναι

345 729 484 801 πρὸς
537 729 604 782 τὰ
651 727 871 798 χείρονα
919 728 1336 797 ἀμετάτρεπτον
1366 744 1379 759 ·
1412 727 1529 780 ἀλλ’
1577 726 1698 780 οὐδὲ
1749 727 1914 797 πάλιν

345 821 634 890 κρείττονα
667 815 808 872 εἶναι
842 818 1051 890 γυμνοῦ
1101 819 1324 891 χρυσίου
1371 818 1460 872 διὰ
1497 817 1596 890 τὴν
1625 817 1913 889 περίθεσιν

344 909 441 963 τοῦ
479 909 654 980 πηλοῦ
680 927 764 972 τις
796 910 958 966 αὐτὸν
985 911 1287 978 λογίσεται·
1309 911 1373 965 :0
1405 911 1512 982 γὰρ
1541 909 1688 979 una:
1735 911 1918 981 κρεῖτ-

345 1017 436 1054 τον
484 999 578 1053 ἐπὶ
602 1002 668 1070 τῇ
711 1001 1014 1073 προσλήψει
1039 1001 1134 1055 τοῦ
1167 1003 1412 1074 χείρονος
1466 1001 1662 1056 ἑαυτοῦ
1696 1001 1916 1057 πώποτε

347 1091 649 1161 φανήσεται
675 1108 689 1123 ·
721 1091 954 1164 καὶγὰρ
982 1092 1102 1147 τόδε
1131 1094 1226 1148 καὶ
1263 1093 1442 1164 λέγειν
1475 1094 1725 1164 μάταιον.
1775 1093 1917 1147 Ἀλλ’

344 1178 489 1235 οὕτω
520 1182 618 1252 μὲν
643 1181 790 1238 τάδε.

421 1271 536 1342 Τῆς
559 1270 619 1324 δὲ
652 1271 980 1342 ἀποφάσεως
1008 1273 1163 1344 ὑμῶν
1195 1275 1346 1346 ὅμως
1368 1275 1400 1346 ἢ
1425 1277 1674 1348 κρεῖττον
1703 1277 1736 1348 ἢ
1759 1273 1920 1350 ἦττον

347 1361 582 1431 ὁρᾶσθαι
612 1362 748 1433 πρὸς
771 1364 838 1419 τὰ
864 1360 971 1418 ίδια
1002 1365 1144 1436 μέρη
1169 1367 1230 1420 :0
1259 1367 1610 1440 ἀποτέλεσμα
1633 1368 1918 1439 λεγούσης,

347 1453 417 1506 τὰ
467 1453 886 1526 παραδείγματα
945 1456 1074 1527 ὑμῖν
1126 1457 1254 1512 ἄλλο
1317 1477 1371 1514 τι
1432 1460 1712 1531 βούλονται
1771 1461 1921 1531 παρὰ

348 1544 410 1598 τὺ
459 1545 749 1616 εἰρημένον
775 1561 794 1578 ο
855 1549 1075 1609 πάντως
1122 1548 1232 1619 γὰρ
1303 1553 1552 1620 κρεῖττον
1622 1547 1765 1605 εἶναι
1815 1551 1923 1604 πᾶν

351 1635 606 1689 σύνθετον
653 1637 764 1690 τῶν
816 1639 896 1702 είς
938 1638 1072 1692 αὐτὸ
1111 1639 1474 1696 συνελθόντων
1517 1639 1700 1713 μερῶν
1746 1659 1916 1712 φησι·

349 1727 512 1782 λίθων
541 1745 600 1782 τε
639 1728 750 1800 γάρ
794 1731 890 1784 καὶ
935 1729 1116 1794 ξύλων
1155 1731 1442 1803 κρείττονα
1477 1734 1570 1786 τὸν
1605 1730 1755 1788 οῐκον
1777 1773 1793 1798 ,
1825 1733 1919 1788 καὶ
1947 1715 1994 1775 Β

349 1819 637 1890 πορφύρας
715 1821 806 1874 καὶ
875 1821 1130 1875 κοκκίνου
1207 1823 1304 1876 καὶ
1367 1823 1566 1894 βύσσου
1621 1824 1682 1878 :0
1750 1841 1922 1878 κατα-

350 1913 606 1980 πέτασμα
672 1913 763 1966 καὶ
815 1913 994 1984 ψυχῆς
1055 1915 1152 1969 καὶ
1201 1914 1452 1987 σώματος
1501 1917 1595 1971 τὸν
1635 1917 1920 1988 ἄνθρωπόν

351 2023 508 2078 φησι.
559 2005 944 2077 Συγχωρητέον
1022 2004 1116 2060 οὖν
1186 2007 1318 2078 ὑμῖν
1392 2007 1491 2063 καὶ
1572 2009 1692 2064 τόδε
1725 2024 1742 2040 ⁸
1801 2005 1922 2064 εἶτα

353 2103 552 2173 ῥητέον
582 2103 658 2166 ὡς
687 2103 836 2156 ἔστιν
861 2103 1032 2166 ὅντως
1059 2103 1154 2156 καὶ
1185 2102 1346 2158 τοῦτο
1383 2105 1580 2177 ἀληθὲς
1609 2104 1700 2160 ὲπί
1733 2119 1916 2160 τινων⁵

350 2190 468 2244 ἀλλ’
491 2192 592 2245 οὐκ
629 2191 740 2246 ἴστε
787 2191 936 2255 ὅπως
975 2191 1144 2256 ἐστὶν,
1176 2193 1225 2246 εί
1251 2193 1348 2246 καὶ
1366 2192 1448 2246 ὅτι
1479 2193 1628 2258 ἔστι,
1664 2195 1766 2249 οὐκ
1803 2191 1920 2248 οἶδα

351 2281 471 2344 πῶς
529 2281 756 2352 ἔγνωτε.
791 2281 930 2336 Τότε
981 2282 1089 2354 γάρ
1139 2283 1390 2352 κρεῖττόν
1423 2283 1540 2338 ἐστι
1574 2285 1636 2339 :0
1661 2283 1780 2338 ὅλον
1811 2285 1920 2338 τῶν

348 2372 568 2427 οἰκείων
615 2373 798 2445 μερῶν
855 2373 1120 2438 ἑκάστου,
1149 2375 1239 2428 ὅτε
1291 2374 1386 2428 ἐπὶ
1427 2377 1494 2447 τῇ
1533 2375 1784 2429 συνθέσει
1827 2377 1923 2430 καὶ

349 2462 538 2533 ἔτερόν
567 2481 618 2517 τι
643 2464 826 2527 αὐτοῖς
849 2465 1057 2536 σχῆμα,
1079 2463 1114 2536 ἢ
1137 2465 1310 2532 ποιὸν,
1341 2466 1374 2536 ἢ
1411 2461 1550 2531 εἶδός
1575 2483 1630 2520 τι
1679 2466 1921 2536 ἐπιγίνε-

351 2570 454 2608 ται
477 2571 494 2587 ·
532 2555 593 2608 ἓν
635 2553 814 2608 οὐδενὶ
865 2555 1050 2608 αὐτῶν
1075 2549 1204 2626 ἦνῆ
1261 2554 1432 2620 ἔστιν,
1467 2555 1605 2608 ἀλλὰ
1649 2554 1746 2610 καὶ
1776 2553 1922 2609 κατὰ

353 2645 648 2716 πρόσθεσιν
673 2645 826 2716 παρὰ
856 2645 926 2699 τά
957 2645 1067 2698 τῶν
1097 2647 1281 2716 μερῶν
1320 2644 1434 2718 εἴδη
1467 2645 1646 2700 πάντα
1677 2645 1872 2715 ὁρᾶται
1901 2659 1921 2677 ⁸

351 2735 490 2804 τῷδε
516 2729 611 2788 οὖν
641 2734 956 2790 πλεονεκτεῖ
981 2735 1010 2788 ὁ
1031 2729 1179 2798 οἶκος
1213 2733 1353 2806 ὑπὲρ
1389 2733 1487 2806 τὴν
1513 2733 1622 2787 τῶν
1645 2732 1808 2786 λίθων
1829 2731 1925 2785 καὶ

355 2823 526 2889 ξύλων
555 2823 719 2894 φύσιν
743 2823 806 2877 :0
849 2825 1038 2894 σχῆμα
1091 2823 1253 2895 ἔχων,
1285 2825 1380 2878 καὶ
1424 2824 1635 2879 τοιάνδε
1662 2821 1834 2890 θέσιν,
1857 2822 1924 2892 ἢν

353 2914 478 2970 οὐδὲ
537 2913 692 2980 ξύλον
743 2915 864 2969 οὐδὲ
905 2913 1054 2979 λίθος
1107 2914 1213 2986 ίδίᾳ
1243 2931 1258 2946 ·
1285 2914 1348 2968 οὐ
1397 2915 1582 2986 μέντοι
1638 2913 1924 2984 κρείττονα

357 3005 550 3076 ἑτέραν
575 3006 740 3076 φύσιν
762 3005 882 3060 οὐδὲ
908 2999 1061 3069 οὗτος
1087 3005 1201 3077 ἔχει
1220 3021 1236 3038 ο
1263 3005 1464 3077 ὁμοίως
1484 3007 1542 3060 δὲ
1559 3007 1653 3060 καὶ
1671 3007 1732 3059 :0
1757 3023 1928 3060 κατα-

355 3097 638 3166 πέτασμα,
665 3096 842 3167 πλοκῇ
873 3097 969 3150 καὶ
997 3094 1243 3148 συνθέσει
1272 3095 1442 3148 τῶνδε
1483 3095 1594 3149 τῶν
1620 3097 1929 3166 χρωμάτων

355 3191 495 3262 πρὸς
549 3187 756 3254 ἄλληλα
799 3188 1064 3260 ὑπερέχει
1111 3185 1221 3239 τῶν
1278 3186 1398 3240 καθ’
1427 3187 1569 3240 αὐτὰ
1619 3186 1930 3242 ἀσυνθέτων

357 3281 610 3336 ἑκάστου.
648 3279 724 3332 0-5
757 3279 867 3349 γὰρ
925 3276 1224 3349 χρώματος
1271 3276 1446 3332 ἁπλοῦ
1505 3278 1650 3348 λόγῳ
1685 3277 1932 3348 κρεῖττόν

359 3373 477 3424 ἑστι
515 3369 627 3423 τῶν
658 3369 803 3424 ίδίων
839 3371 1059 3423 πάντων
1101 3369 1438 3441 χρωμάτων·
1467 3369 1564 3423 καὶ
1591 3370 1620 3423 ὁ
1645 3368 1934 3438 ἄνθρωπος

357 3461 418 3516 δὲ
445 3461 537 3515 ’ίνα
584 3461 680 3516 καὶ
705 3460 834 3533 δοθῇ
864 3459 994 3530 ὑμῖν
1040 3461 1300 3530 κρείττων
1347 3460 1526 3532 ψυχῆς
1563 3463 1676 3526 τοῖς
1713 3459 1803 3514 διὰ
1833 3461 1936 3532 τὴν

345 3553 469 3617 ,τῶν
491 3553 708 3607 οίκείων
734 3553 1020 3622 δογμάτων
1043 3554 1298 3607 σύστασιν
1328 3559 1502 3606 πάντα
1523 3552 1598 3616 ὡς
1623 3552 1779 3623 ἔτυχε
1802 3567 1936 3621 προ-

359 3643 732 3718 ομολογοῦσιν,
763 3644 856 3698 ἐπὶ
879 3647 944 3716 τῇ
975 3645 1222 3698 συνθέσει
1265 3643 1580 3714 καινοτέρας
1605 3642 1757 3708 τινὰς
1783 3641 1934 3714 παρὰ

356 3735 538 3808 ψυχήν
576 3752 636 3790 τε
662 3735 756 3790 καὶ
807 3735 967 3806 σῶμα
1011 3735 1278 3806 ἰδιότητας
1310 3739 1546 3804 φυσικάς
1593 3726 1937 3806 τέροτσχεται,

360 3827 424 3880 Εἰ
451 3822 548 3880 οὖν
595 3826 804 3882 καὶτοῦ
856 3826 1016 3896 λόγου
1075 3827 1169 3882 καὶ
1201 3829 1302 3898 τῆς
1343 3827 1548 3898 σαρκὸς
1585 3825 1936 3896 συντεθείσης

357 3916 506 3970 ἐστιν
533 3916 750 3987 άληθῶς
770 3933 822 3970 τι
848 3917 978 3971 ἰδεῖν
1009 3917 1324 3988 καινότερον
1361 3917 1555 3988 ίδίωμα
1591 3917 1810 3988 φύσεως
1841 3919 1937 3973 καὶ

361 4001 421 4054 ἑν
446 4001 666 4074 Χριστῷ
698 4003 852 4074 παρὰ
885 4002 954 4058 τὰ
977 4003 1094 4058 θεῖα
1121 4003 1217 4058 καὶ
1241 4003 1579 4076 ἀνθρώπινα,
1607 4005 1840 4070 δεόντως
1869 4006 1938 4060 ἂν

359 4089 484 4144 καθ’
513 4090 656 4160 ὑμᾶς
677 4093 924 4164 κρεῖττον
950 4091 1060 4172 τῶν
1080 4091 1262 4164 μερῶν
1278 4094 1369 4146 καὶ
1390 4092 1453 4146 τὸ
1472 4094 1594 4147 κατ’
1615 4094 1779 4149 αὐτὸν
1799 4095 1937 4148 dm-

360 4181 601 4252 τέλεσμα
627 4180 861 4254 ἐροῦμεν
881 4199 896 4248 ;
917 4182 978 4236 Ei
999 4181 1058 4237 δὲ
1078 4181 1228 4237 οὐδὲν
1248 4183 1388 4256 πλὴν
1407 4181 1518 4238 τῶν
1541 4184 1722 4239 αὐτῶν
1741 4187 1936 4258 ὁρᾶται

365 4269 566 4340 μερῶν,
586 4270 704 4335 πῶς
721 4270 817 4324 ἰπὶ
842 4274 954 4335 τοῖς
981 4271 1164 4336 αὐτοῖς
1184 4272 1244 4326 οὐ
1267 4273 1328 4326 :0
1352 4273 1593 4345 ίσότιμον
1617 4274 1934 4348 δοξάσομεν,

361 4360 501 4414 ἀλλὰ
531 4361 592 4414 :0
620 4364 866 4433 κρεῖττον
896 4362 992 4416 τοῦ
1027 4361 1149 4416 ὅλου
1181 4363 1319 4435 πρὸς
1350 4365 1420 4420 τὰ
1461 4365 1602 4438 μέρη
1627 4365 1696 4421 τὰ
1729 4367 1896 4422 αὖτοῦ
1916 4385 1928 4400 ο
1967 4383 2010 4438 ι)

951 4477 1200 4537 ΚΕΦΔΛ.
1244 4477 1372 4534 NB’.

451 4561 590 4616 Ἀλλ’
615 4565 702 4619 ἵνα
760 4567 1006 4639 συνήθως
1023 4571 1116 4625 καὶ
1139 4574 1294 4645 ἕτερ’
1319 4573 1457 4628 ἄττα
1493 4571 1624 4635 ἴσως
1660 4569 1932 4644 δυνάμενα

364 4652 715 4725 ἐπινοηθῆναι
768 4658 883 4720 τοῖς
939 4658 1302 4728 ἀντιλέγουσι,
1343 4662 1523 4716 πάντα
1568 4663 1933 4732 προλαϐόντες

363 4741 526 4812 ἡμεῖς
557 4743 925 4816 γυμνάσωμεν
986 4748 1267 4818 (ἀληθείας
1314 4750 1424 4822 γάρ
1452 4751 1586 4822 ἡμῖν
1623 4755 1686 4806 ὲκ
1715 4753 1936 4816 ,παντὸς

363 4833 460 4884 καὶ
490 4833 553 4885 ού
592 4831 748 4903 νίκης
779 4835 999 4898 πάντως
1018 4835 1054 4907 ἡ
1092 4836 1320 4908 ἔφεσις),
1350 4839 1446 4892 καὶ
1467 4839 1596 4894 τάδε
1627 4841 1763 4912 πρὸς
1793 4843 1938 4895 τοῖσ-

364 4919 424 4972 δε
473 4921 646 4974 εἰπεῖν
693 4921 770 4992 μὴ
817 4923 1245 4998 παραλείψωμεν
1271 4946 1285 4961 ο
1315 4929 1378 4984 :0
1418 4929 1477 4998 ἐξ
1525 4931 1938 5002 ἀνομοιομερῶν

363 5011 483 5066 ὅλον
511 5013 922 5082 συνιστάμενον,
949 5015 1135 5088 ἕτερόν
1159 5034 1278 5083 πως
1304 5020 1414 5081 τῶν
1445 5021 1591 5076 ίδίων
1618 5023 1799 5094 μερῶν
1822 5026 1938 5076 ἐστι

363 5103 444 5174 τῷ
467 5121 527 5158 τε
559 5105 944 5180 συνθετωτέρῳ
962 5109 1058 5162 καὶ
1077 5111 1452 5186 ποικιλωτέρφ
1469 5116 1564 5168 καὶ
1589 5115 1930 5186 τελειοτέρῳ,

365 5195 460 5248 καὶ
484 5196 917 5267 παραλλάττοντι
975 5200 1111 5271 πρὸς
1145 5203 1382 5273 ἑκάτερα
1417 5205 1559 5278 μέρη
1613 5203 1710 5260 τοῦ
1751 5207 1936 5269 ἁπλῶς

363 5286 628 5358 διαφοράν
674 5305 797 5344 τινα
863 5291 998 5363 πρὸς
1028 5291 1100 5346 τὰ
1143 5295 1318 5347 οἰκεία
1361 5294 1502 5368 μέρη
1543 5296 1890 5368 κτησάμενον
1920 5311 1932 5326 ·

364 5377 620 5448 ⁴καθάπερ
665 5381 722 5436 ἐν
752 5383 1033 5454 φαρμάκῳ
1073 5384 1166 5438 καὶ
1193 5383 1327 5456 οῐκῳ
1356 5387 1452 5438 καὶ
1481 5385 1668 5460 μύδρῳ
1709 5389 1804 5442 καὶ
1841 5389 1938 5441 ἁν-

367 5471 570 5544 θρώπῳ
597 5475 836 5546 ὁρῶμεν.
869 5478 912 5530 Τ
915 5477 960 5548 ᾦ
978 5495 1037 5532 τε
1068 5481 1180 5552 γὰρ
1213 5481 1278 5533 έκ
1305 5479 1611 5551 χαλκίτιδος
1635 5483 1732 5536 καὶ⁵
1758 5483 1938 5538 ἐλαίου

371 5563 696 5636 συνθέματι,
716 5567 994 5639 τρέφουσα
1016 5572 1085 5626 τὰ
1118 5573 1274 5626 κοῖλα
1301 5572 1410 5627 τῶν
1439 5573 1612 5628 ἑλκῶν
1649 5593 1938 5649 προσμαρ-

365 5659 605 5728 τυρεῖται
655 5659 900 5734 δύναμις,
927 5663 1102 5737 ἥνπερ
1157 5665 1436 5738 οὐδέτερον
1477 5669 1586 5722 τῶν
1633 5671 1753 5725 κατ’
1805 5671 1936 5724 αὐτὸ

2013 451 2344 522 compositio
2370 453 2671 521 sapientem
2712 464 2954 509 mentem
3002 455 3358 525 persuadebit
3389 472 3586 512 aurum

2015 541 2070 595 in
2118 557 2216 596 sua
2265 550 2459 598 natura
2503 542 2670 600 fuisse
2719 545 2932 613 laesum,
2975 561 3102 603 eum
3138 547 3471 619 jampridem
3517 547 3590 603 sit

2015 645 2206 692 notum
2231 634 2366 692 illud
2385 647 2582 694 natura
2604 653 2716 693 non
2737 655 2898 710 posse
2921 641 2974 695 in
2999 641 3186 712 pejora
3209 641 3588 708 transmutari;

2015 730 2111 784 sed
2143 745 2324 800 neque
2365 730 2586 786 aliunde
2626 732 2916 802 quisquam
2949 733 3082 788 illud
3109 749 3176 789 ex
3205 733 3591 791 circumdante

2015 820 2134 876 luto
2185 821 2386 876 factum
2417 836 2539 878 esse
2589 821 2740 878 nudo
2787 839 2924 881 aur)
2967 825 3166 881 melius
3224 824 3588 882 existimabit.

2016 909 2176 978 Quod
2201 911 2348 967 enim
2360 913 2530 969 semel
2549 922 2634 969 est
2660 915 2905 981 melius,t
2929 938 2948 967 ›
2969 917 3344 987 assumptione
3362 917 3590 988 pejoris,

2017 1017 2300 1074 nunquam
2343 1003 2521 1076 seipso
2555 1007 2752 1061 melius
2781 1007 3082 1062 videbitur.
3132 1007 3240 1064 Sed
3262 1009 3369 1064 hoc
3407 1007 3594 1065 dicere

2017 1109 2220 1149 vanum
2267 1103 2385 1162 est;
2424 1111 2593 1166 quare
2619 1095 2766 1152 dicta
2800 1097 3092 1153 sufﬁciant.

2087 1271 2364 1338 Quantum
2387 1269 2453 1326 ad
2473 1277 2712 1326 vestram
2733 1271 3058 1327 sententiam
3080 1285 3187 1340 qua
3210 1268 3396 1325 dicitis
3418 1277 3591 1325 totum

2021 1361 2107 1416 vel
2157 1360 2354 1417 melius
2402 1361 2490 1416 vel
2537 1362 2696 1432 pejus
2745 1375 2868 1416 esse
2917 1360 3034 1416 suis
3086 1360 3357 1431 partibus,
3409 1369 3594 1416 vestra

2019 1451 2269 1520 exempla
2312 1450 2460 1506 aliud
2508 1450 2890 1507 demonstrant
2932 1451 3039 1506 nisi
3096 1451 3149 1506 id
3189 1450 3336 1521 quod
3369 1450 3591 1505 dicitis:

2021 1542 2214 1598 dicunt
2237 1543 2384 1597 enim
2405 1543 2654 1599 absolute
2675 1559 2837 1599 omne
2861 1543 3227 1614 compositum
3261 1558 3384 1599 esse
3398 1542 3597 1596 melius

2023 1633 2140 1687 suis
2167 1633 2446 1704 partibus;
2481 1633 2765 1689 meliorem
2813 1625 2934 1690 esse
2967 1635 3190 1690 domum
3239 1633 3515 1704 lapidibus
3541 1641 3598 1687 et

2021 1724 2205 1794 lignis,
2263 1726 2496 1781 aulaeum
2550 1725 2747 1782 melius
2791 1741 2915 1782 esse
2962 1741 3232 1797 purpura,
3281 1725 3516 1780 coccino
3540 1735 3596 1778 ct

2024 1814 2208 1886 bysso,
2253 1823 2311 1870 et
2357 1815 2637 1871 hominem
2685 1815 2970 1872 meliorem
3014 1815 3196 1871 anima
3243 1823 3298 1870 et
3338 1829 3594 1884 corpore.

2023 1904 2138 1962 Hoc
2167 1906 2324 1962 vobis
2352 1915 2439 1962 est
2465 1907 2902 1972 concedendum,
2938 1907 3140 1963 deinde
3169 1906 3466 1963 dicendum
3491 1906 3598 1960 hoc

2021 2009 2144 2052 esse
2177 2010 2370 2066 reapse
2413 2012 2602 2051 verum
2642 1997 2698 2052 in
2732 1997 3039 2068 aliquibus;
3075 1996 3174 2053 sed
3200 1997 3429 2052 nescitis
3457 2011 3586 2066 quo-

2021 2085 2210 2152 modo,
2235 2101 2340 2141 nec
2371 2087 2490 2142 scio
2519 2088 2798 2157 quomodo
2823 2087 3010 2144 sciatis
3035 2103 3228 2144 verum
3261 2102 3404 2144 esse.
3443 2085 3601 2141 Tunc

2019 2180 2167 2235 enim
2192 2180 2392 2235 melius
2421 2190 2507 2236 est
2542 2188 2716 2236 totum
2740 2181 2972 2254 singulis
3001 2182 3118 2238 suis
3154 2181 3428 2254 partibus,
3469 2195 3596 2235 cum

2021 2285 2086 2326 cx
2115 2271 2518 2342 compositione
2553 2273 2662 2348 illis
2707 2288 2910 2329 novum
2951 2273 3084 2344 quid
3117 2273 3351 2338 accedit,
3379 2271 3495 2328 sive
3540 2271 3602 2325 Ιί-
3687 2339 3696 2348 ὶ

2021 2373 2178 2428 gnra,
2216 2361 2335 2414 sive
2380 2359 2640 2429 qualitas,
2687 2361 2803 2416 sive
2853 2376 3058 2433 genus:
3104 2362 3162 2416 in
3209 2361 3362 2416 nulla
3409 2376 3599 2416 earum

2021 2456 2160 2513 crat,
2191 2463 2371 2519 neque
2399 2460 2506 2516 est,
2537 2451 2634 2507 sed
2661 2467 2763 2523 per
2793 2453 3253 2524 compositionem
3285 2463 3440 2510 extra
3469 2471 3601 2525 par-

2026 2547 2160 2602 tium
2189 2563 2389 2618 genera
2419 2559 2716 2621 apparent;
2750 2565 2931 2622 eoque
2972 2560 3198 2622 praestat
3241 2535 3438 2610 domus
3467 2551 3608 2623 lupi.

2023 2633 2155 2688 dum
2185 2643 2244 2690 et
2271 2635 2543 2706 lignorum
2569 2647 2790 2702 natura,
2839 2639 2986 2709 quod
3017 2638 3246 2710 ﬁguram
3277 2651 3335 2694 et
3363 2639 3604 2710 disposi-

2026 2727 2230 2782 tionem
2261 2727 2428 2782 habet
2471 2743 2608 2798 quas
2630 2745 2733 2786 nec
2763 2730 2996 2801 lignum,
3037 2746 3140 2786 nec
3187 2731 3328 2802 lapis
3347 2729 3602 2801 privatim

2026 2815 2212 2884 habet,
2255 2833 2366 2873 non
2411 2831 2594 2875 tamen
2643 2821 2808 2876 aliam
2859 2821 3145 2878 meliorem
3212 2829 3471 2878 naturam
3513 2821 3605 2876 illa

2027 2909 2224 2978 habet;
2251 2911 2790 2980 similiteraulaeum,
2817 2928 2916 2985 per
2945 2921 3218 2970 texturam
3247 2923 3304 2970 et
3338 2913 3608 2986 conjunc-

2029 3002 2232 3058 tionem
2258 3004 2524 3071 colorum,
2551 3013 2772 3076 praestat
2795 3022 3018 3078 quoque
3037 3022 3230 3062 eorum
3252 3006 3307 3061 in
3339 3023 3398 3062 se
3421 3022 3610 3078 sump-

2032 3099 2210 3146 torum
2253 3101 2310 3148 et
2341 3101 2496 3148 extra
2533 3095 3022 3165 coniunctionem;
3064 3113 3175 3151 non
3209 3097 3358 3152 enim
3394 3099 3608 3152 ratione

2029 3182 2356 3252 simpliciter
2377 3184 2582 3240 coloris
2603 3185 2835 3256 singulis
2857 3187 3138 3242 coloribus
3165 3195 3408 3259 praestat.
3429 3187 3608 3243 llomo

2031 3290 2270 3344 quoque,
2294 3283 2356 3330 ut
2383 3275 2542 3331 vobis
2569 3277 2906 3332 concedatur
2939 3293 3068 3332 eum
3103 3276 3287 3332 anima
3327 3278 3608 3333 meliorem

2031 3381 2174 3432 esse,
2247 3367 2509 3437 quoniam
2575 3367 2643 3422 ad
2709 3367 3035 3423 stabilienda
3089 3377 3272 3424 vestra
3332 3367 3606 3440 dogmata.

2033 3457 2216 3512 omnia
2244 3456 2574 3528 profitemini
2598 3465 2658 3514 ut
2683 3457 2902 3522 accidit.
2923 3475 2991 3514 ex
3013 3459 3414 3530 compositione
3441 3475 3611 3514 novas

2033 3542 2293 3612 quasdam
2347 3545 2628 3601 naturales
2673 3547 3041 3618 proprietates
3094 3557 3248 3604 extra
3304 3565 3507 3620 corpus
3554 3562 3612 3604 et

2035 3634 2272 3701 animam
2302 3636 2568 3707 acquirit:
2610 3637 2664 3692 in
2700 3637 2921 3694 Christo
2952 3638 3140 3710 igitur,
3177 3641 3222 3694 si
3256 3655 3386 3696 vere
3413 3650 3497 3694 est
3526 3649 3610 3694 to-

2036 3734 2150 3780 tum
2180 3739 2247 3780 ex
2281 3726 2462 3782 Verbo
2498 3735 2557 3782 et
2591 3743 2756 3784 carne
2799 3730 3094 3800 conjuncta
3128 3737 3388 3785 constans
3422 3744 3613 3800 quam-

2037 3831 2162 3870 nam
2186 3831 2382 3872 novam
2407 3820 2796 3888 proprietttem
2820 3820 3152 3887 naturalem,
3177 3829 3377 3892 praeter
3397 3821 3612 3876 divinas

2035 3917 2091 3963 et
2118 3907 2384 3965 humanas
2413 3908 2682 3974 dicemus,
2715 3927 2841 3966 cum
2877 3913 3183 3967 secundum
3216 3928 3315 3968 vos
3345 3922 3520 3969 totum
3554 3913 3611 3967 in

2039 4015 2098 4056 re
2125 4010 2210 4054 est
2233 4000 2430 4060 melius
2453 4001 2570 4056 suis
2595 4001 2886 4072 partibus?
2917 4003 3074 4070 Quod
3099 4003 3145 4059 si
3172 4003 3310 4059 nihil
3337 4004 3615 4059 invenitur

2037 4101 2238 4162 praeter
2289 4099 2474 4163 partes
2521 4093 2691 4164 ipsas.
2745 4095 3028 4166 quomodo
3081 4110 3193 4151 non
3244 4096 3613 4168 gloriﬁcamus

2037 4183 2184 4254 quod
2206 4185 2492 4255 aequaliter
2525 4185 2581 4239 in
2618 4185 2727 4242 illis
2749 4195 2836 4242 est
2861 4187 3268 4254 honorandum,
3292 4187 3387 4243 sed
3415 4189 3613 4244 melius

2041 4273 2210 4332 totius
2239 4275 2450 4332 relativi
2478 4276 2546 4332 ad
2577 4291 2707 4332 suas
2737 4279 2958 4348 partes?

2681 4477 2832 4537 CAP.
2869 4479 2977 4538 ιιι.

2107 4565 2214 4622 Sed
2259 4582 2410 4624 more
2453 4569 2617 4626 solito
2663 4571 2912 4642 quaedam
2967 4573 3282 4632 refellamus
3339 4575 3445 4632 alia
3491 4591 3615 4646 qua:

2036 4659 2368 4715 adversariis
2405 4661 2461 4716 in
2507 4675 2748 4718 mentem
2793 4663 2984 4720 venire
3029 4672 3276 4734 possent,
3333 4665 3462 4736 quia
3508 4681 3610 4742 nos

2038 4759 2196 4821 urget
2219 4751 2488 4818 veritatis,
2533 4769 2641 4808 non
2673 4763 2856 4810 autem
2889 4765 3099 4810 tantum
3132 4756 3376 4811 victoriae
3433 4771 3608 4810 amor.

2039 4839 2150 4896 Nec
2183 4840 2504 4896 omittamus
2526 4842 2643 4898 haec
2671 4853 2797 4912 post
2830 4843 2923 4897 illa
2951 4843 3172 4899 dicere:
3207 4842 3406 4900 Totqu
3439 4847 3612 4915 parti-

2039 4931 2144 4988 bus
2199 4931 2438 4988 diversis
2481 4943 2800 4989 concretum
2854 4935 3003 4990 aliud
3051 4935 3196 4992 forte
3246 4946 3332 4992 est
3387 4953 3452 4992 ac
3495 4939 3617 5008 ejus

2038 5033 2226 5095 partes
2267 5035 2324 5081 et
2358 5039 2426 5081 eo
2471 5025 2620 5096 quod
2661 5028 2980 5084 concretius
3017 5037 3104 5084 est
3147 5037 3208 5084 et
3255 5028 3405 5100 quod
3445 5031 3618 5100 magis

2039 5117 2252 5171 varium
2299 5126 2358 5172 et
2400 5116 2548 5188 quod
2593 5117 2915 5188 perfectius,
2947 5119 3127 5190 aliqua
3159 5136 3189 5174 a
3225 5120 3464 5190 propriis
3491 5135 3614 5190 par-

2043 5210 2192 5264 tibus
2239 5209 2561 5266 diversitate
2607 5202 2826 5281 recepta
2863 5226 2973 5282 qua
3011 5229 3347 5284 unaquaque
3377 5211 3612 5282 simplici

2041 5304 2282 5372 partium
2331 5311 2572 5372 prastat,
2612 5303 2758 5360 sicut
2786 5303 2842 5358 in
2870 5301 3298 5371 medicamento,
3337 5307 3393 5360 in
3426 5305 3613 5365 domo.

2043 5391 2098 5446 in
2143 5391 2316 5464 ignito
2365 5393 2532 5456 ferro,
2579 5393 2632 5448 in
2673 5394 2905 5451 homine
2943 5395 3230 5462 videmus;
3277 5410 3513 5464 namque
3558 5393 3614 5449 in

2043 5485 2440 5553 compositione
2483 5485 2709 5540 cadmiae
2739 5493 2797 5540 et
2825 5487 2956 5552 olei,
2989 5487 3372 5542 manifestatur
3410 5487 3464 5539 in
3507 5501 3615 5540 un~

2045 5574 2278 5631 trieudis
2329 5574 2618 5630 vulnerum
2681 5575 3040 5631 interioribus
3103 5576 3372 5646 partibus,
3439 5576 3616 5630 virum

2044 5683 2208 5740 quam
2241 5675 2433 5722 neutra
2465 5668 2701 5738 partium
2725 5669 2780 5724 in
2812 5685 2870 5724 se
2895 5679 3089 5724 natura
3118 5667 3386 5738 habebat;
3419 5669 3617 5724 domus
