3932 6152
321 184 452 250 1519

1571 195 1816 256 LEONT
1821 195 1880 254 II
1925 192 2337 256 BYZANTINI‘

2543 125 2638 135 νον·-
2653 125 2660 128 -
2693 124 2724 134 Δ-ι-

3447 183 3602 248 1520

313 299 521 370 pariter
551 296 723 368 ﬁgura
765 312 820 358 et
855 303 1067 374 species
1097 302 1339 373 lapidum
1377 315 1431 359 et
1463 305 1738 376 lignorum
1771 320 1890 374 spe-

2016 307 2180 380 ιερῶν
2238 303 2348 378 εἶχε
2399 305 2537 360 κατᾶ
2596 305 2754 374 ρῦςιν
2787 300 3029 372 ·όμοίως
3077 319 3134 356 τε
3189 300 3250 354 τδ
3299 298 3394 353 τοῦ
3428 302 3601 354 οἴκου

313 389 454 444 ciem
477 402 698 459 superat
719 409 734 458 ;
757 391 850 448 hic
870 409 1088 464 quoque
1111 397 1354 450 occurrit
1376 395 1616 451 hominis
1643 396 1892 451 definitio

314 477 524 548 aliquid
558 481 792 548 amplius
821 481 1061 538 oﬂ'erens
1089 483 1285 538 anima:
1317 493 1370 538 et
1399 485 1651 555 corporis
1694 486 1894 542 delini-

317 571 492 634 tione,
520 573 908 628 mortalitatem
935 575 1147 630 scilicet
1169 591 1289 648 quae
1314 577 1380 631 ad
1406 587 1657 634 neutram
1683 590 1895 650 partem

319 662 375 718 in
423 679 482 718 se
535 673 808 732 sumptam
865 669 1126 736 pertinet,
1179 678 1238 722 ut
1287 669 1449 725 etiam
1505 672 1895 739 risibilitatem,

319 753 660 810 ﬂebilitatem
687 765 744 810 et
772 757 972 812 similia
1001 758 1132 814 hinc
1155 762 1410 830 propria;
1445 761 1795 818 manifestum
1813 773 1900 818 est

321 855 504 901 autem
575 847 816 902 hominis
869 850 1038 905 totius
1088 851 1467 908 deﬁnitionem
1517 861 1573 908 et
1627 853 1898 907 rationem

318 939 633 995 necessario
653 941 920 996 excedere
955 943 1450 1000 eonsubstantialia
1481 945 1718 1014 partium
1753 946 1896 1016 ejus,

320 1031 374 1086 id
411 1040 496 1088 est
533 1033 745 1088 animas
776 1043 831 1088 et
859 1049 1092 1104 corpora
1130 1036 1183 1088 in
1215 1052 1274 1091 se
1305 1047 1556 1106 sumpta;
1589 1037 1901 1092 necessario

320 1139 542 1196 quoque
599 1141 869 1181 numerus
915 1143 1090 1182 :nam
1141 1129 1276 1184 illud
1328 1145 1493 1184 omne
1559 1131 1902 1186 numerabile

321 1215 468 1286 quod
498 1224 584 1272 est
617 1225 810 1272 totum.
849 1216 904 1272 Si
935 1233 1066 1288 ergo
1107 1229 1290 1289 partes
1317 1228 1374 1275 et
1399 1229 1570 1274 totum
1599 1221 1652 1274 in
1683 1221 1903 1277 Christo

323 1307 533 1372 dicitis,
567 1307 846 1378 inquiunt.
897 1309 1358 1380 quemadmodum
1401 1327 1469 1366 ex
1486 1311 1646 1366 vobis
1678 1313 1903 1383 quidam

327 1395 512 1452 dicere
549 1407 677 1452 sunt
715 1397 1069 1469 deprehensi,
1105 1402 1284 1472 primo
1315 1403 1540 1472 quidem
1569 1413 1742 1458 totum
1768 1405 1904 1462 illud

327 1489 606 1544 diversum
655 1491 762 1545 erit
793 1507 824 1545 a
855 1491 1142 1548 divinitate
1171 1503 1227 1549 et
1255 1495 1620 1563 humanitate,
1654 1497 1904 1568 partibus

327 1582 468 1652 ejus,
498 1589 556 1636 ut
586 1582 960 1648 ostendimus;
982 1583 1204 1650 deinde,
1234 1602 1344 1640 non
1367 1597 1574 1658 posset,
1597 1589 1900 1667 secundum

331 1675 500 1730 totius
529 1675 798 1732 rationem
819 1678 1226 1743 connumerari,
1255 1687 1513 1750 tanquam
1536 1661 1902 1736 consubstan-
1929 1653 1978 1712 Β

330 1764 572 1830 tialibus,
597 1768 834 1837 partium
859 1783 1080 1824 suarum
1103 1771 1701 1839 consubstantialibus;
1725 1788 1904 1842 neque

330 1857 480 1912 Patri
532 1873 712 1928 neque
762 1858 920 1913 Matri
976 1869 1173 1916 natura
1217 1861 1415 1918 similis
1464 1864 1575 1918 erit
1617 1864 1902 1929 Dominus,

329 1949 635 2003 secundum
673 1959 849 2006 totum
879 1952 1033 2022 ejus;
1067 1953 1162 2008 sed
1190 1969 1370 2024 neque
1421 1955 1475 2008 in
1509 1971 1742 2010 numero
1777 1955 1904 2011 Tri-

330 2038 518 2094 nitatis
545 2039 745 2098 dit-inre
773 2043 989 2100 ratione
1021 2043 1192 2100 totius
1232 2053 1292 2099 ut
1320 2047 1681 2102 numerabilis
1713 2049 1901 2114 totius,

332 2131 728 2201 comprehendi
765 2143 972 2203 posset,
1023 2135 1159 2204 quin
1188 2136 1619 2205 .quaternitatem
1671 2137 1902 2205 etIieiat;

329 2222 478 2292 quod
509 2224 555 2278 si
587 2223 841 2281 Trinitati
874 2227 1328 2293 co'nnumeretur,
1371 2243 1490 2282 eam
1523 2229 1626 2283 sibi
1658 2230 1771 2300 jam
1795 2245 1906 2285 non

330 2315 854 2373 consubstantialem
893 2317 1090 2384 faciet;
1149 2318 1242 2374 sed
1298 2319 1401 2376 etsi
1437 2319 1720 2376 hominum
1764 2323 1908 2377 mul-

331 2403 556 2461 titudini
600 2417 1006 2474 numeraretur,
1051 2424 1171 2464 eam
1217 2424 1326 2464 non
1369 2410 1593 2467 habebit
1624 2413 1728 2468 sibi
1773 2415 1909 2468 cou-

335 2495 757 2554 substantialem
782 2500 852 2555 ob
876 2501 1124 2556 eamdem
1155 2500 1446 2557 rationem.

405 2761 512 2819 Sed
548 2763 747 2829 sciant,
782 2763 828 2819 si
859 2765 973 2820 hmo
1005 2753 1539 2832 nobiscumdicunt,
1573 2765 1750 2836 primo
1781 2766 1907 2836 qui-
1968 2761 1975 2766 ’

333 2853 458 2910 dem
485 2855 676 2913 Patres
707 2865 948 2922 nostros,
976 2856 1063 2912 his
1081 2857 1416 2918 nominibus,
1448 2857 1502 2912 id
1529 2865 1632 2921 est,
1661 2857 1908 2927 partibus

1997 399 2098 469 σχῆ
2109 417 2182 470 μα
2219 399 2315 453 καὶ
2346 389 2486 462 irae;
2541 395 2634 450 τοῦ
2666 413 2724 449 τε
2749 395 2859 448 τῶν
2889 395 2948 448 ὲν
2979 394 3128 464 αὑτῷ
3162 393 3324 455 λίθων
3356 393 3457 448 καὶ
3497 393 3604 453 εὖ·

1995 490 2102 544 λων
2135 490 2518 562 παρήλλακται
2545 507 2559 521 ⁸
2593 489 2919 558 ὲπεισῆιιται
2945 487 3052 556 γὰρ
3085 485 3296 548 τούτοις
3329 487 3426 538 καὶ
3460 486 3600 538 τόδε

1995 580 2150 634 τοῦδε
2187 579 2480 651 ἀνθρώπου
2507 583 2534 634 ό
2560 581 2706 652 ὄρος,
2741 577 2836 631 τοῦ
2861 594 2921 631 τε
2955 577 3206 646 σώματος
3244 577 3338 630 καὶ
3363 577 3460 629 τοῦ
3485 577 3600 644 τῆς

1997 670 2176 740 ψυχῆς
2203 672 2328 742 ὅρου
2357 671 2541 724 πλεῖόν
2568 689 2619 724 τι
2653 670 2949 731 δείκνυσιν,
2972 662 3086 722 οἷον
3112 667 3177 720 τὸ
3196 667 3410 737 θνητὸν,
3443 667 3604 740 ὅπερ

1997 761 2172 816 οὐδενὶ
2206 763 2314 814 τῶν
2346 765 2466 816 κατ’
2495 762 2628 815 αὐτὸ
2654 761 2842 832 μερῶν
2877 761 2984 832 ἰδίᾳ
3010 759 3392 829 προσάπτεται
3420 775 3438 788 ο
3477 757 3602 812 ὥσ-

2002 842 2106 922 περ
2157 851 2278 905 οὐδὲ
2324 853 2384 904 τδ
2432 851 2773 920 γελαστικὸν,
2831 849 2865 919 ἢ
2938 847 3286 908 κλαυστικδν,
3351 848 3448 900 καὶ
3514 849 3598 900 τᾷι

1999 943 2177 996 τοιάδε
2256 942 2420 995 αὐτοῦ
2478 941 2612 995 ἴδια.
2680 941 2854 1011 Δῆλον
2909 941 2967 993 δὲ
3023 941 3106 993 ὅτι
3167 939 3262 993 καὶ
3317 939 3456 1009 πρὸς
3513 939 3596 992 τὶ

2000 1036 2107 1088 τῶν
2154 1035 2336 1105 μερῶν
2387 1034 2552 1088 αξιτοῦ
2605 1033 2921 1098 ἰδιαζόντως
2973 1033 3454 1105 ὀμοούσια,ἦγουν
3482 1035 3597 1094 τὰς

2001 1126 2165 1188 ἄλλας
2190 1125 2366 1195 ψυχὰς
2396 1124 2500 1193 ἰδίᾳ
2523 1125 2619 1178 καὶ
2647 1125 2896 1194 σώματα,
2928 1125 3244 1193 ἀναγκαίως
3267 1123 3598 1194 παραλλάσ-

2005 1235 2088 1270 σοι
2140 1215 2202 1270 ἂν
2224 1219 2252 1270 ὁ
2294 1215 2389 1269 τοῦ
2415 1216 2538 1269 ὅλου
2569 1215 2732 1268 αὑτοῦ
2765 1215 3055 1286 ἀνθρώπου
3090 1215 3216 1286 ὄρος
3247 1216 3344 1269 καὶ
3371 1215 3531 1284 λόγος
3565 1229 3590 1248 ⁸

2003 1306 2062 1372 ἐξ
2089 1308 2332 1374 ἀνάγκης
2365 1307 2422 1358 δὲ
2453 1307 2548 1360 καὶ
2572 1307 2600 1360 ό
2627 1307 2864 1378 ἀριθμός
2893 1323 2906 1338 ⁸
2945 1306 3252 1378 ἀριθμητὸν
3291 1307 3400 1375 γὰρ
3438 1307 3592 1360 τεάν⁸

2003 1415 2110 1463 τως
2165 1397 2216 1451 τί
2267 1401 2434 1460 ἐστιν,
2466 1397 2522 1450 εἴ
2547 1416 2611 1467 γε
2657 1397 2907 1452 ὁπωσοῦν
2939 1399 3057 1451 ὲστί
3093 1415 3148 1450 τι
3180 1398 3242 1451 τὸ
3273 1399 3392 1451 ὅλον
3427 1399 3596 1466 λεγόο

2009 1508 2190 1562 μενον.
2226 1490 2290 1544 Εἰ
2323 1487 2415 1544 οὖν
2453 1490 2594 1560 μέρη
2624 1509 2682 1542 τε
2711 1491 2897 1557 λέγετε
2925 1492 3020 1544 καὶ⁵
3053 1490 3174 1543 ὅλον
3197 1491 3290 1542 ἐπὶ
3314 1491 3589 1560 Χριστοῦ,

2005 1577 2189 1641 καθώς
2242 1593 2388 1642 τινες
2440 1577 2596 1646 ὑμῶν
2641 1579 3055 1650 ἀπεφάνθησαν,
3091 1581 3250 1646 φαῖεν
3275 1579 3342 1633 ἄν
3373 1595 3388 1610 ·
3425 1579 3594 1632 ἔσται

2005 1666 2218 1735 πρῶτον
2257 1667 2355 1737 μὲν
2391 1666 2648 1737 θεότητός
2703 1684 2762 1720 τε
2820 1667 2986 1738 οὔσης
3021 1669 3116 1721 καὶ
3159 1667 3595 1741 ἀνθρωπρτητος

2005 1757 2112 1812 τῶν
2162 1759 2344 1830 μερῶν
2389 1758 2451 1811 τὸ
2498 1757 2615 1812 ὅλον
2647 1757 2836 1829 ἕτερόν
2874 1775 2926 1810 τι
2961 1758 3116 1830 παρὰ
3143 1759 3344 1822 ταύτας
3372 1759 3595 1813 δεικνύ-

2009 1867 2170 1920 μενον
2192 1851 2345 1920 ἡμῖν’
2395 1847 2512 1903 εἶτα
2541 1849 2619 1916 δὲ,
2653 1849 2776 1904 οὔτε
2803 1849 3021 1904 δύναιτο
3043 1851 3134 1918 ἂν,
3163 1851 3302 1905 κατὰ
3349 1851 3439 1905 τὸν
3483 1853 3588 1905 τοῦ

2005 1941 2128 1993 ὅλου
2158 1940 2285 2011 ὅρον
2310 1939 2386 2004 ὡς
2422 1940 2734 2011 ὁμοουσίοις
2767 1941 3157 1996 συντάττεσθαι
3188 1944 3300 2006 τοῖς
3334 1941 3440 1996 τῶν
3481 1960 3592 2013 μι-

2008 2030 2116 2105 ρῶν
2169 2030 2646 2102 όμοουσίοις,οὕτε
2703 2031 2783 2103 τῷ
2843 2033 3020 2104 [litt-pi.
3073 2031 3196 2087 οὔτε
3241 2037 3304 2105 τῇ
3341 2035 3529 2106 Μητρὶ
3559 2037 3604 2092 5-

2007 2124 2208 2195 Κύριος
2239 2124 2423 2194 ὅμοιος
2463 2123 2619 2179 ἔσται
2665 2125 2844 2194 φύσει,
2877 2126 3020 2180 κατὰ
3071 2127 3135 2180 τὸ
3193 2127 3314 2181 ὅλον
3364 2127 3590 2181 ἑαυτοῦο

2008 2219 2256 2274 ἅλλόὐδὲ
2281 2219 2358 2289 τῷ
2386 2219 2482 2291 τῆς
2514 2219 2665 2282 Θείας
2692 2219 2926 2288 Τριάδος
2956 2220 3179 2292 ἀριθμῷ
3207 2221 3348 2276 κατὰ
3373 2223 3466 2276 τὸν
3489 2223 3592 2276 τοῦ

2007 2311 2132 2364 ὅλου
2159 2311 2234 2373 ὡς
2266 2311 2388 2365 ὅλου
2440 2309 2746 2381 ἁριθμητοῦ
2811 2310 2968 2378 λόγον
3021 2312 3390 2382 συλλογίζοιτο
3419 2313 3506 2378 ἂν,
3537 2314 3591 2366 εἰ

2011 2403 2088 2476 μὴ
2149 2404 2381 2476 τετράδα
2438 2407 2615 2458 ποιεῖ’
2647 2403 2774 2458 οὕτε
2832 2404 2889 2459 δὲ
2923 2405 3210 2476 ὁμοούσιον
3253 2407 3333 2460 ἔτι
3381 2408 3594 2475 ταύτην

2009 2497 2176 2566 ἑαυτῇ
2212 2495 2388 2566 πάντη
2419 2495 2932 2566 συναριθμούμενος
2971 2496 3137 2562 δείξει
3173 2515 3187 2529 ·
3213 2495 3332 2551 ἀλλ’
3359 2496 3480 2551 οὐδὲ
3508 2495 3592 2566 τῷ

2009 2588 2111 2656 τῆς
2140 2585 2484 2658 ἀνθρωπείας
2515 2584 2756 2656 πληθύος
2781 2587 3066 2658 καταλόγῳ
3088 2589 3140 2642 εί
3163 2587 3546 2658 συναριθμοῖτο
3570 2627 3588 2650 ,

2009 2675 2294 2748 όμοούσιον
2321 2675 2435 2739 ἔξει
2469 2676 2578 2728 πᾶν
2611 2677 2726 2729 τόδε
2749 2677 2837 2729 διὰ
2869 2677 2936 2731 τὰ
2965 2677 3128 2734 αὑτά.

2095 2768 2236 2822 Ἀλλ’
2263 2769 2522 2831 ἴστωσαν,
2549 2769 2643 2822 καὶ
2671 2770 2720 2822 εί
2749 2769 2920 2822 ταῦτα
2952 2771 3086 2839 ἡμῖν
3110 2770 3417 2837 συνάγοιεν,
3435 2768 3593 2836 πρῶ·-

2011 2877 2103 2914 τον
2135 2859 2393 2931 μὲντοὺς
2421 2859 2543 2914 καθ’
2573 2862 2721 2930 ἡμᾶς
2751 2860 2988 2927 πατέρας
3017 2859 3229 2921 τούτοις
3275 2859 3591 2930 χρήσασθαι

333 2953 390 3000 et
425 2953 561 3012 toto,
607 2945 676 3001 de
721 2945 942 3003 Christo
987 2946 1224 3002 Domino
1259 2955 1452 3001 nostro
1479 2961 1602 3002 esse
1643 2962 1792 3011 usos,
1839 2947 1905 3002 ad

2016 2954 2125 3014 τοῖς
2181 2952 2459 3020 ὀνόμασιν,
2489 2952 2658 3024 ἧγουν
2689 2949 2866 3020 μερῶν
2897 2950 2988 3001 καὶ
3029 2948 3180 3010 ὅλου,
3220 2950 3315 3002 ἐπὶ
3361 2948 3455 3002 τοῦ
3480 2955 3587 3002 Δε-

333 3035 723 3093 stabilicndam
751 3047 962 3093 tantum
997 3036 1455 3108 compositionem
1479 3045 1536 3092 et
1557 3037 1624 3092 ad
1653 3038 1906 3108 rejicien-

332 3127 458 3184 dam
488 3145 706 3184 omnem
755 3130 994 3200 speciem
1035 3129 1415 3199 cujuscunque
1468 3128 1691 3184 unionis
1749 3129 1910 3184 aliter

335 3219 652 3286 intellectae;
683 3227 949 3291 praeterea
1000 3235 1184 3274 veram
1213 3219 1270 3274 in
1297 3219 1540 3286 Christo,
1568 3227 1797 3291 propter
1826 3236 1914 3274 ra-

335 3311 542 3367 tionem
576 3311 867 3382 utriusque
899 3327 1094 3366 eorum
1138 3328 1262 3384 quae
1303 3313 1360 3368 in
1387 3328 1454 3368 eo
1491 3328 1612 3368 esse
1651 3312 1913 3368 dicuntur

333 3412 588 3460 naturam
619 3418 740 3459 esse
779 3411 837 3458 et
868 3403 1098 3475 gratiam
1133 3413 1190 3460 et
1223 3405 1278 3459 in
1308 3404 1613 3460 naturalem
1653 3405 1912 3460 unionem

333 3509 688 3565 concurrere,
721 3495 864 3550 sicut
909 3505 1094 3566 partes
1126 3496 1451 3551 naturaliter
1489 3504 1664 3551 totum
1706 3497 1914 3551 consti-

335 3595 534 3654 tuunt;
585 3587 830 3658 insuper,
888 3604 958 3644 ne
1013 3589 1104 3644 cui
1165 3589 1330 3644 detur
1381 3589 1538 3644 locus
1597 3589 1914 3660 suspicandi

333 3679 568 3737 alterum
615 3698 808 3739 eorum
850 3699 972 3754 quae
1005 3689 1213 3740 suntin
1243 3684 1466 3740 Christo
1507 3686 1680 3742 altero
1733 3687 1916 3744 minus

335 3788 478 3840 esse,
515 3775 643 3846 quia
678 3784 853 3830 totum
884 3792 994 3831 non
1019 3785 1196 3847 potest
1231 3793 1535 3843 remanere,
1569 3778 1821 3848 partibus
1847 3779 1916 3834 ab

337 3862 574 3920 invicem
631 3865 916 3935 separatis.
959 3864 1114 3920 Sicut
1160 3873 1344 3920 autem
1380 3869 1830 3937 compositionem
1862 3875 1920 3923 et

329 3959 514 4008 totum
556 3963 613 4010 et
645 3954 1062 4024 permistionem
1115 3965 1172 4010 et
1213 3954 1434 4018 similia,
1472 3956 1529 4010 in
1564 3966 1829 4026 quantum
1862 3959 1918 4012 in

336 4043 562 4102 Christo
593 4045 820 4101 innocui
857 4045 1118 4117 quodque
1146 4060 1346 4100 nomen
1385 4044 1454 4099 ad
1481 4043 1761 4100 Christum
1791 4044 1936 4117 per;

341 4135 502 4202 tinet,
543 4135 890 4192 solummodo
939 4135 1152 4201 dicunt,
1205 4135 1252 4191 si
1285 4134 1436 4206 quid»
1464 4146 1727 4206 sequatur
1770 4137 1920 4208 quod

339 4228 502 4285 aliter
532 4227 740 4282 sentire
790 4224 1066 4294 videatur,
1102 4243 1212 4282 non
1268 4228 1554 4298 patiuntur
1587 4226 1656 4282 de
1700 4227 1794 4283 illo
1829 4242 1918 4283 se-

2013 3045 2214 3098 σπότου
2246 3045 2403 3114 ἡμῶν
2451 3041 2709 3114 Χριστοῦ,
2742 3040 2829 3095 διὰ
2879 3038 3182 3102 συνθέσεως
3230 3039 3582 3109 παράστασιν

2014 3137 2202 3208 μόνην,
2231 3137 2326 3190 καὶ
2377 3135 2651 3206 ἀποϐολὴν
2706 3133 2908 3214 πάσης.
2930 3131 3218 3201 ἐμφάσεως
3244 3169 3262 3192 ,
3290 3129 3396 3182 τῶν
3441 3129 3574 3183 καθ’

2011 3227 2231 3298 ἑτέρους
2289 3226 2526 3296 τρόπους
2577 3225 2884 3295 λεγομένων
2921 3221 3200 3275 ὲνὼσεων·
3254 3221 3332 3274 ἑτι
3371 3220 3566 3290 μέντοι,

2013 3320 2106 3372 καὶ
2156 3318 2243 3371 διὰ
2274 3317 2333 3372 τὸ
2382 3317 2645 3387 ἐκατέρου
2699 3315 2810 3370 τῶν
2869 3316 2926 3368 ἐν
2996 3312 3218 3384 Χριστῷ
3276 3310 3578 3382 λεγομένων

2014 3405 2176 3470 εἶναι,
2205 3409 2381 3478 ἀληθῆ
2401 3425 2460 3462 τε
2489 3407 2652 3477 φύσιν
2681 3401 2826 3460 εἶναι
2850 3406 2948 3460 καὶ
2985 3403 3270 3472 εὐδόκησιν
3291 3443 3306 3468 ,
3330 3403 3424 3457 καὶ
3450 3401 3588 3472 πρὸς

2017 3501 2250 3572 φυσικὴν
2279 3502 2470 3555 ἕνωσιν
2506 3497 3034 3569 συνδεδραμηκέναι,
3065 3497 3140 3561 ὡς
3178 3495 3349 3566 ἄμφω
3379 3494 3478 3558 τὰς
3501 3495 3596 3546 οὺ-

2018 3593 2140 3658 σίας
2171 3591 2528 3664 συμπληροῦν
2553 3609 2612 3644 τε
2643 3591 2739 3644 καὶ
2773 3589 3091 3658 ὑφιστὰνειν
3135 3585 3358 3657 Χριστῷ
3394 3586 3591 3650 οὕτως,

2017 3685 2205 3754 ὥσπερ
2235 3684 2331 3736 καὶ
2359 3683 2428 3736 τὰ.
2465 3682 2605 3754 μέρη
2637 3679 2884 3748 φυσικῶς
2911 3680 2972 3732 τὺ
3005 3679 3125 3732 ὅλον
3175 3675 3588 3746 ἀπαρτίζουσιν.

2023 3778 2146 3831 Ἔτι
2173 3775 2231 3830 δὲ
2257 3775 2352 3828 καὶ
2377 3773 2455 3845 τῷ
2486 3771 2774 3844 μὴδιδόναι
2795 3769 2982 3842 χώραν
2997 3767 3234 3837 ὑποψίας
3246 3771 3372 3826 τινὶ,
3405 3765 3592 3834 ἕτερον

2019 3869 2206 3940 ἐτέρου
2242 3867 2396 3938 ψιλὸν
2435 3865 2543 3918 τῶν
2579 3865 2636 3918 ὲν
2683 3861 2906 3932 Χριστῷ
2945 3875 3076 3914 ποτε
3106 3855 3246 3912 εἶναι
3295 3854 3596 3923 διαλογίζε-

2021 3963 2168 4024 σθαι,
2193 3959 2383 4031 ὤστιερ
2415 3957 2534 4012 οὐδὲ
2564 3956 2694 4010 ἄνευ
2724 3953 2972 4024 ἀλλήλων
2991 3951 3060 4004 τὰ
3085 3949 3252 4020 μέρη,
3286 3947 3595 4016 σωζομένου

2020 4053 2114 4108 τοῦ
2146 4053 2290 4118 ὅλου,
2319 4049 2449 4104 ποτὲ
2483 4047 2610 4101 ἰδεῖν
2636 4046 2806 4098 ἐστιν·
2840 4043 2974 4118 ἀλλ’..
2992 4041 3183 4112 ὥσπερ
3211 4038 3462 4093 σύνθεσίν
3488 4054 3548 4089 τε
3571 4076 3591 4102 ,

2022 4147 2116 4200 καὶ
2131 4145 2270 4207 ὅλον,
2303 4143 2397 4197 καὶ
2417 4139 2740 4210 ἀνάκρασιν,
2761 4136 2858 4190 καὶ
2890 4115 3202 4188 τιῖτοιαῦτα
3216 4131 3486 4198 λέγοντες,
3515 4128 3600 4191 εἰς

2023 4238 2146 4291 ὅσον
2196 4235 2308 4305 ἔχοι
2343 4233 2502 4304 μόνον
2535 4231 2764 4292 ἕκαστος
2795 4227 2952 4296 λόγος
2984 4224 3310 4294 ἀδιάϐλητον
3337 4223 3430 4274 ἐπὶ
3464 4222 3602 4290 Χρι-

341 4337 467 4378 cum
495 4321 910 4390 argumentari;
937 4322 1346 4378 concretionem
1374 4322 1522 4377 enim
1549 4337 1675 4377 cum
1705 4321 1913 4395 dieuqt,

2027 4327 2174 4394 στοῦ,
2199 4325 2374 4380 ταῦτά
2412 4340 2546 4394 φασι
2573 4337 2586 4352 °
2619 4317 3003 4392 παρεπόμενον
3029 4333 3083 4369 τι
3107 4313 3318 4378 τούτοις
3340 4314 3390 4366 εί
3416 4313 3599 4378 ἀπεμ-

342 4413 574 4468 innuere
641 4423 852 4468 tantum
918 4414 1112 4470 volunt
1169 4415 1592 4484 coniunctorum
1659 4412 1917 4484 quodque

341 4505 542 4576 cuique
598 4504 802 4570 inesse,
853 4519 964 4560 non
1005 4512 1188 4559 autem
1231 4504 1530 4558 admittunt
1575 4517 1918 4574 consequen-

345 4607 454 4652 tcm
491 4596 639 4651 illam
687 4595 1088 4660 confusionem,
1139 4603 1234 4650 aut
1264 4595 1659 4666 proprietatum
1701 4595 1922 4666 opposi-

345 4691 552 4746 tionem
597 4701 694 4746 aut
727 4691 1110 4746 alterationem
1141 4699 1235 4744 aut
1261 4691 1725 4760 permutationem
1758 4691 1924 4746 unius

346 4783 418 4838 ab
465 4784 668 4850 altero;
717 4800 898 4854 nequc
941 4783 994 4838 in
1043 4782 1262 4839 Christo
1304 4783 1505 4845 solum,
1534 4783 1628 4838 sed
1655 4798 1834 4854 neque
1867 4783 1924 4838 in

347 4873 545 4929 animi:
573 4883 629 4929 et
659 4874 906 4944 corporis
937 4874 1138 4928 unione
1176 4874 1292 4928 haec
1321 4873 1638 4929 admittunt.
1675 4872 1926 4929 Scientes

347 4964 496 5017 enim
547 4965 754 5018 nuilam
793 4972 1005 5034 partem
1050 4965 1282 5034 seipsam
1331 4963 1577 5018 adunare
1611 4979 1720 5018 non
1757 4965 1928 5034 magis

349 5055 667 5111 existimant
735 5057 979 5111 Verbum
1034 5058 1188 5112 carni
1239 5056 1308 5110 ab
1359 5055 1466 5110 alio
1511 5055 1725 5108 unitum
1782 5069 1925 5120 esse,

351 5163 474 5201 cum
506 5146 741 5215 partium
784 5147 1227 5216 conjunctiouem
1253 5155 1310 5199 et
1337 5159 1449 5198 uno
1477 5145 1647 5198 verbo
1670 5145 1815 5214 quod
1847 5144 1932 5199 di-

353 5241 493 5293 vinae
539 5237 937 5308 dispensationi
987 5253 1098 5292 non
1152 5235 1414 5292 convenit
1467 5234 1773 5303 nominant,
1825 5235 1932 5292 hoc

353 5339 564 5387 tantum
598 5330 852 5402 rejiciunt
888 5329 1034 5402 quod
1078 5329 1131 5384 in
1171 5328 1333 5383 dictis
1370 5327 1666 5384 innocuum
1694 5337 1798 5398 est,
1833 5330 1932 5384 toti

351 5425 421 5482 ad
468 5424 898 5480 elucidationem
960 5421 1202 5494 mysterii
1264 5420 1434 5476 divini
1487 5421 1652 5476 nimis
1708 5421 1933 5493 cognitu

353 5517 593 5574 ditlicilis
628 5516 886 5587 impensi,
913 5513 981 5570 ad
1010 5512 1433 5570 describendum
1465 5513 1935 5584 incomprehensi-

359 5607 482 5664 bilis
510 5604 672 5665 Vcrbi
715 5609 1046 5682 imaginem;
1098 5621 1168 5662 ne
1217 5621 1374 5662 mens
1414 5617 1601 5662 nostra
1627 5605 1934 5676 imbecillis

2027 4415 2230 4488 φαίνοι,
2265 4413 2340 4484 μὴ
2367 4411 2787 4481 καταδεχόμενοι
2823 4409 2919 4461 σὺν
2943 4406 3124 4468 αὐτοῖς
3149 4403 3280 4472 περὶ
3317 4399 3479 4454 αὐτοῦ
3503 4401 3597 4451 λο·

2027 4507 2277 4577 γίζεσθαι
2303 4521 2317 4536 ⁶
2351 4503 2549 4576 κρᾶσίν
2595 4519 2654 4556 τε
2707 4499 2818 4571 γὰρ
2873 4497 3148 4565 λέγοντες,
3183 4493 3346 4564 μόνον
3397 4492 3457 4545 τὸ
3489 4492 3602 4544 πᾶν

2029 4599 2168 4655 κατὰ
2203 4597 2400 4660 παντὸς
2431 4589 2571 4648 εἶναι
2599 4592 2708 4646 τῶν
2736 4588 3044 4644 ἑνωθέντων
3077 4586 3363 4656 σημαίνειν
3395 4581 3608 4652 βούλον-

2029 4693 2266 4762 ταιητὴν
2291 4689 2568 4760 ἑπομένην
2597 4675 2805 4754 ταῦτην
2835 4683 3096 4750 σύγχυσιν
3125 4679 3220 4730 καὶ
3247 4677 3357 4729 τῶν
3387 4676 3608 4745 ποιοτήο

2030 4757 2279 4854 τωνὶτὴν
2309 4781 2627 4836 ἀντίστασιν
2653 4818 2668 4842 ,
2695 4775 2790 4828 καὶ
2823 4774 2920 4843 τὴν
2949 4772 3042 4825 ὑπ’
3070 4769 3319 4840 ἀλλήλων
3348 4767 3455 4820 τῶν
3507 4783 3601 4836 μι·

2033 4877 2317 4947 γνυμένων
2346 4873 2471 4928 έκλυ
2480 4873 2562 4925 σίν
2583 4887 2641 4924 τε
2659 4869 2753 4922 καὶ
2766 4865 3058 4942 ’ἀλλοίωσιν
3081 4864 3143 4916 οὐ
3156 4859 3608 4932 παραδεχόμενοι·

2035 4969 2132 5037 καὶ
2179 4969 2239 5020 οὗ
2277 4967 2436 5037 μόνον
2481 4964 2576 5016 ἐπὶ
2621 4959 2886 5034 Χριστοῦ,
2921 4957 3032 5010 ἀλλ’
3054 4955 3164 5009 οὐδ’
3197 4954 3290 5006 ἐπὶ
3333 4953 3430 5020 τῆς
3469 4950 3612 5002 κατὰ

2038 5036 2199 5132 σῶμα
2229 5036 2322 5114 καὶ
2356 5056 2532 5128 ψυχὴν
2579 5052 2824 5116 ὲνὼσεως
2859 5049 2985 5103 τάδε
3011 5045 3386 5118 προσιέμενοι.
3423 5039 3616 5102 Οὕτως

2037 5153 2148 5222 γὰρ
2185 5151 2278 5205 καὶ
2329 5150 2411 5203 ὃτι
2461 5149 2614 5202 οὐδὲν
2657 5145 2826 5200 ἑαυτὸ
2861 5144 3023 5214 μέρος
3047 5137 3361 5206 συντίθησιν
3387 5132 3615 5196 εἰδότες,

2038 5246 2137 5296 οὐκ
2159 5241 2260 5314 ἤδη
2289 5240 2385 5294 καὶ
2413 5241 2500 5310 ὑφ’
2523 5237 2713 5311 ἐτέρου
2739 5233 3061 5302 συντεθῆναι
3083 5231 3172 5284 τὶν
3193 5229 3366 5296 Λόγον
3388 5227 3454 5296 τῇ
3483 5241 3619 5296 σαρο

2040 5338 2100 5390 κὶ
2133 5333 2422 5404 φρονοῦσιν
2459 5349 2470 5360 ·
2506 5332 2632 5385 ἐπεὶ
2663 5328 2916 5384 σύνθεσιν
2951 5325 3136 5396 μερῶν
3163 5320 3494 5390 ὀνομάζουσι
3523 5317 3622 5371 καὶ
3683 5401 3688 5403 Δ

2041 5425 2227 5490 ἁπλῶς
2273 5425 2384 5478 πᾶν
2434 5423 2495 5478 τὸ
2548 5423 2624 5494 μὴ
2674 5419 2956 5492 προσῆκον
2985 5419 3080 5470 ἐπὶ
3109 5415 3206 5484 τῆς
3243 5409 3392 5474 θείας
3413 5412 3623 5463 οἰκονοο

2047 5515 2194 5588 μίας,
2214 5513 2684 5578 ἀποσκευάζονται
2713 5510 2872 5582 μόνον
2899 5507 2960 5560 τὸ
2984 5503 3306 5572 ἀδιάϐλητον
3333 5499 3442 5552 τῶν
3464 5497 3627 5562 λεγοο

2048 5606 2263 5680 μένων,
2311 5607 2443 5676 πρὸς
2498 5603 2801 5674 σαφήνειαν
2847 5595 2942 5652 τοῦ
3003 5593 3439 5665 δυσδιαγνὼστου
3498 5589 3623 5643 λίαν
