  <div class='ocr_page' id='page_1' title='image "/cluster/home/n/w/nwhite01/storage/ocr_20150623/86 pt.1/mdp.39015028803867/768.png"; bbox 0 0 3932 6152; ppageno 0'>
   <div class='ocr_carea' id='block_1_1' title="bbox 359 362 486 430">
    <p class='ocr_par' dir='ltr' id='par_1_1' title="bbox 359 362 486 430">
     <span class='ocr_line' id='line_1_1' title="bbox 359 362 486 430; baseline 0 -2"><span class='ocrx_word' id='word_1_1' title='bbox 359 362 486 430; x_wconf 70' lang='grc'>1521</span> 
     </span>
    </p>
   </div>
   <div class='ocr_carea' id='block_1_2' title="bbox 1274 365 2624 434">
    <p class='ocr_par' dir='ltr' id='par_1_2' title="bbox 1274 365 2624 434">
     <span class='ocr_line' id='line_1_2' title="bbox 1274 365 2624 434; baseline -0.001 -6"><span class='ocrx_word' id='word_1_2' title='bbox 1274 367 1666 430; x_wconf 81' lang='lat' dir='ltr'>ADVERSUS</span> <span class='ocrx_word' id='word_1_3' title='bbox 1707 370 2256 434; x_wconf 71' lang='lat' dir='ltr'>NESTORIANOS.</span> <span class='ocrx_word' id='word_1_4' title='bbox 2291 395 2359 406; x_wconf 54' lang='lat' dir='ltr'><strong>r-</strong></span> <span class='ocrx_word' id='word_1_5' title='bbox 2392 367 2535 426; x_wconf 82' lang='lat' dir='ltr'>LIB.</span> <span class='ocrx_word' id='word_1_6' title='bbox 2576 365 2624 427; x_wconf 84' lang='grc' dir='ltr'><strong>Ι.</strong></span> 
     </span>
    </p>
   </div>
   <div class='ocr_carea' id='block_1_3' title="bbox 3467 355 3608 421">
    <p class='ocr_par' dir='ltr' id='par_1_3' title="bbox 3467 355 3608 421">
     <span class='ocr_line' id='line_1_3' title="bbox 3467 355 3608 421; baseline -0.014 -1"><span class='ocrx_word' id='word_1_7' title='bbox 3467 355 3608 421; x_wconf 69' lang='grc'>1522</span> 
     </span>
    </p>
   </div>
   <div class='ocr_carea' id='block_1_4' title="bbox 351 467 1935 546">
    <p class='ocr_par' dir='ltr' id='par_1_4' title="bbox 351 471 1922 546">
     <span class='ocr_line' id='line_1_4' title="bbox 351 471 1922 546; baseline 0 -18"><span class='ocrx_word' id='word_1_8' title='bbox 351 477 502 530; x_wconf 85' lang='grc' dir='ltr'>θείου</span> <span class='ocrx_word' id='word_1_9' title='bbox 537 475 838 546; x_wconf 79' lang='grc' dir='ltr'>μυστηρίου</span> <span class='ocrx_word' id='word_1_10' title='bbox 863 474 1235 544; x_wconf 68' lang='grc' dir='ltr'>ἐφελκόμενοι,</span> <span class='ocrx_word' id='word_1_11' title='bbox 1259 471 1344 528; x_wconf 75' lang='grc' dir='ltr'>διά</span> <span class='ocrx_word' id='word_1_12' title='bbox 1367 474 1465 545; x_wconf 71' lang='grc' dir='ltr'>τὴν</span> <span class='ocrx_word' id='word_1_13' title='bbox 1490 473 1680 545; x_wconf 80' lang='grc' dir='ltr'>χρείαν</span> <span class='ocrx_word' id='word_1_14' title='bbox 1705 475 1806 544; x_wconf 74' lang='grc' dir='ltr'>τῆς</span> <span class='ocrx_word' id='word_1_15' title='bbox 1829 474 1922 528; x_wconf 83' lang='grc' dir='ltr'>τοῦ</span> 
     </span>
    </p>
   </div>
   <div class='ocr_carea' id='block_1_5' title="bbox 2043 467 3603 546">
    <p class='ocr_par' dir='ltr' id='par_1_5' title="bbox 2043 467 3603 546">
     <span class='ocr_line' id='line_1_5' title="bbox 2043 467 3603 546; baseline -0.006 -17"><span class='ocrx_word' id='word_1_16' title='bbox 2043 474 2092 530; x_wconf 89' lang='lat' dir='ltr'>le</span> <span class='ocrx_word' id='word_1_17' title='bbox 2137 473 2226 528; x_wconf 86' lang='lat' dir='ltr'>bis</span> <span class='ocrx_word' id='word_1_18' title='bbox 2263 473 2366 528; x_wconf 86' lang='lat' dir='ltr'><strong>sibi</strong></span> <span class='ocrx_word' id='word_1_19' title='bbox 2403 474 2575 528; x_wconf 89' lang='lat' dir='ltr'><strong>libere</strong></span> <span class='ocrx_word' id='word_1_20' title='bbox 2623 471 2907 528; x_wconf 85' lang='lat' dir='ltr'><strong>mendacia</strong></span> <span class='ocrx_word' id='word_1_21' title='bbox 2951 469 3233 546; x_wconf 76' lang='lat' dir='ltr'><strong>eﬂ‘ormet:</strong></span> <span class='ocrx_word' id='word_1_22' title='bbox 3280 467 3464 537; x_wconf 82' lang='lat' dir='ltr'><strong>itaque</strong></span> <span class='ocrx_word' id='word_1_23' title='bbox 3495 483 3603 520; x_wconf 86' lang='lat' dir='ltr'>non</span> 
     </span>
    </p>
   </div>
   <div class='ocr_carea' id='block_1_6' title="bbox 353 565 1925 638">
    <p class='ocr_par' dir='ltr' id='par_1_6' title="bbox 353 565 1925 638">
     <span class='ocr_line' id='line_1_6' title="bbox 353 565 1925 638; baseline -0.003 -16"><span class='ocrx_word' id='word_1_24' title='bbox 353 568 740 638; x_wconf 80' lang='grc' dir='ltr'>ἀκαταλήπτου</span> <span class='ocrx_word' id='word_1_25' title='bbox 767 568 942 636; x_wconf 75' lang='grc' dir='ltr'>Λόγου</span> <span class='ocrx_word' id='word_1_26' title='bbox 977 565 1384 630; x_wconf 76' lang='grc' dir='ltr'>ὑποτυπώσεως</span> <span class='ocrx_word' id='word_1_27' title='bbox 1411 584 1425 600; x_wconf 73' lang='grc' dir='ltr'><strong>ο</strong></span> <span class='ocrx_word' id='word_1_28' title='bbox 1458 567 1548 621; x_wconf 77' lang='grc' dir='ltr'>ἵνα</span> <span class='ocrx_word' id='word_1_29' title='bbox 1585 565 1660 637; x_wconf 85' lang='grc' dir='ltr'>μὴ</span> <span class='ocrx_word' id='word_1_30' title='bbox 1697 568 1925 636; x_wconf 76' lang='grc' dir='ltr'>ἀστήρι-</span> 
     </span>
    </p>
   </div>
   <div class='ocr_carea' id='block_1_7' title="bbox 355 657 1928 729">
    <p class='ocr_par' dir='ltr' id='par_1_7' title="bbox 355 657 1928 729">
     <span class='ocr_line' id='line_1_7' title="bbox 355 657 1928 729; baseline -0.001 -18"><span class='ocrx_word' id='word_1_31' title='bbox 355 675 482 719; x_wconf 82' lang='grc' dir='ltr'>κτος</span> <span class='ocrx_word' id='word_1_32' title='bbox 511 660 642 728; x_wconf 76' lang='grc' dir='ltr'>ἡμῖν</span> <span class='ocrx_word' id='word_1_33' title='bbox 667 659 696 712; x_wconf 90' lang='grc' dir='ltr'>ὁ</span> <span class='ocrx_word' id='word_1_34' title='bbox 717 657 841 722; x_wconf 98' lang='grc' dir='ltr'>νοῦς</span> <span class='ocrx_word' id='word_1_35' title='bbox 863 657 961 721; x_wconf 83' lang='grc' dir='ltr'>ὢν,</span> <span class='ocrx_word' id='word_1_36' title='bbox 981 661 1250 728; x_wconf 77' lang='grc' dir='ltr'>αὐτονομῇ</span> <span class='ocrx_word' id='word_1_37' title='bbox 1277 658 1680 729; x_wconf 77' lang='grc' dir='ltr'>φανταζόμενος</span> <span class='ocrx_word' id='word_1_38' title='bbox 1701 658 1768 712; x_wconf 86' lang='grc' dir='ltr'>τά</span> <span class='ocrx_word' id='word_1_39' title='bbox 1799 659 1928 728; x_wconf 72' lang='grc' dir='ltr'>περὶ</span> 
     </span>
    </p>
   </div>
   <div class='ocr_carea' id='block_1_8' title="bbox 354 747 1926 819">
    <p class='ocr_par' dir='ltr' id='par_1_8' title="bbox 354 747 1926 819">
     <span class='ocr_line' id='line_1_8' title="bbox 354 747 1926 819; baseline 0.001 -21"><span class='ocrx_word' id='word_1_40' title='bbox 354 747 506 800; x_wconf 78' lang='grc' dir='ltr'>τοῦδε</span> <span class='ocrx_word' id='word_1_41' title='bbox 529 763 544 778; x_wconf 89' lang='grc'><strong>·</strong></span> <span class='ocrx_word' id='word_1_42' title='bbox 579 749 675 800; x_wconf 79' lang='grc' dir='ltr'>καὶ</span> <span class='ocrx_word' id='word_1_43' title='bbox 721 749 982 812; x_wconf 78' lang='grc' dir='ltr'>πολλάκις</span> <span class='ocrx_word' id='word_1_44' title='bbox 1015 749 1150 818; x_wconf 75' lang='grc' dir='ltr'>πρὸς</span> <span class='ocrx_word' id='word_1_45' title='bbox 1189 749 1256 802; x_wconf 79' lang='grc' dir='ltr'>τά</span> <span class='ocrx_word' id='word_1_46' title='bbox 1298 749 1479 818; x_wconf 81' lang='grc' dir='ltr'>πάντη</span> <span class='ocrx_word' id='word_1_47' title='bbox 1508 747 1926 819; x_wconf 72' lang='grc' dir='ltr'>ἁπεμιραίνοντα</span> 
     </span>
    </p>
   </div>
   <div class='ocr_carea' id='block_1_9' title="bbox 357 839 1928 910">
    <p class='ocr_par' dir='ltr' id='par_1_9' title="bbox 357 839 1928 910">
     <span class='ocr_line' id='line_1_9' title="bbox 357 839 1928 910; baseline 0.001 -20"><span class='ocrx_word' id='word_1_48' title='bbox 357 841 488 908; x_wconf 80' lang='grc' dir='ltr'>περὶ</span> <span class='ocrx_word' id='word_1_49' title='bbox 541 839 640 909; x_wconf 77' lang='grc' dir='ltr'>τῆς</span> <span class='ocrx_word' id='word_1_50' title='bbox 685 841 998 910; x_wconf 74' lang='grc' dir='ltr'>οἰκονομίας</span> <span class='ocrx_word' id='word_1_51' title='bbox 1044 841 1620 910; x_wconf 69' lang='grc' dir='ltr'>παρατρὲπηται,καὶ</span> <span class='ocrx_word' id='word_1_52' title='bbox 1669 840 1928 904; x_wconf 79' lang='grc' dir='ltr'>ἀσεϐείας</span> 
     </span>
    </p>
   </div>
   <div class='ocr_carea' id='block_1_10' title="bbox 355 929 1927 1002">
    <p class='ocr_par' dir='ltr' id='par_1_10' title="bbox 355 929 1927 1002">
     <span class='ocr_line' id='line_1_10' title="bbox 355 929 1927 1002; baseline 0.001 -20"><span class='ocrx_word' id='word_1_53' title='bbox 355 929 534 1000; x_wconf 81' lang='grc' dir='ltr'>ἑαυτῷ</span> <span class='ocrx_word' id='word_1_54' title='bbox 559 932 990 1002; x_wconf 78' lang='grc' dir='ltr'>ἀναπλάττηται.</span> <span class='ocrx_word' id='word_1_55' title='bbox 1011 932 1135 985; x_wconf 82' lang='grc' dir='ltr'>Κάν</span> <span class='ocrx_word' id='word_1_56' title='bbox 1161 935 1275 992; x_wconf 77' lang='grc' dir='ltr'>τοῖς</span> <span class='ocrx_word' id='word_1_57' title='bbox 1305 932 1414 1002; x_wconf 72' lang='grc' dir='ltr'>γάρ</span> <span class='ocrx_word' id='word_1_58' title='bbox 1435 933 1761 1002; x_wconf 82' lang='grc' dir='ltr'>κοινοτέροις</span> <span class='ocrx_word' id='word_1_59' title='bbox 1795 931 1927 984; x_wconf 82' lang='grc' dir='ltr'>πολ-</span> 
     </span>
    </p>
   </div>
   <div class='ocr_carea' id='block_1_11' title="bbox 355 1021 1922 1094">
    <p class='ocr_par' dir='ltr' id='par_1_11' title="bbox 355 1021 1922 1094">
     <span class='ocr_line' id='line_1_11' title="bbox 355 1021 1922 1094; baseline 0.002 -22"><span class='ocrx_word' id='word_1_60' title='bbox 355 1021 514 1084; x_wconf 81' lang='grc' dir='ltr'>λάκις</span> <span class='ocrx_word' id='word_1_61' title='bbox 550 1021 611 1074; x_wconf 78' lang='grc' dir='ltr'>ἔκ</span> <span class='ocrx_word' id='word_1_62' title='bbox 645 1040 789 1085; x_wconf 86' lang='grc' dir='ltr'>τινος</span> <span class='ocrx_word' id='word_1_63' title='bbox 823 1023 1221 1092; x_wconf 79' lang='grc' dir='ltr'>μεταφράσεως</span> <span class='ocrx_word' id='word_1_64' title='bbox 1253 1023 1285 1094; x_wconf 80' lang='grc' dir='ltr'>ἤ</span> <span class='ocrx_word' id='word_1_65' title='bbox 1324 1024 1668 1094; x_wconf 71' lang='grc' dir='ltr'>ἀναλογίαςῆ</span> <span class='ocrx_word' id='word_1_66' title='bbox 1696 1023 1922 1094; x_wconf 65' lang='grc' dir='ltr'>μερικῆι,</span> 
     </span>
    </p>
   </div>
   <div class='ocr_carea' id='block_1_12' title="bbox 356 1109 1931 1182">
    <p class='ocr_par' dir='ltr' id='par_1_12' title="bbox 356 1109 1931 1182">
     <span class='ocr_line' id='line_1_12' title="bbox 356 1109 1931 1182; baseline -0.001 -18"><span class='ocrx_word' id='word_1_67' title='bbox 356 1109 672 1179; x_wconf 80' lang='grc' dir='ltr'>ὁμοιώσεως</span> <span class='ocrx_word' id='word_1_68' title='bbox 718 1109 1058 1182; x_wconf 74' lang='grc' dir='ltr'>ὀνομάζομεν</span> <span class='ocrx_word' id='word_1_69' title='bbox 1104 1129 1226 1166; x_wconf 87' lang='grc' dir='ltr'>τινα</span> <span class='ocrx_word' id='word_1_70' title='bbox 1258 1131 1270 1144; x_wconf 92' lang='grc'><strong>·</strong></span> <span class='ocrx_word' id='word_1_71' title='bbox 1304 1113 1398 1166; x_wconf 77' lang='grc' dir='ltr'>καὶ</span> <span class='ocrx_word' id='word_1_72' title='bbox 1437 1115 1498 1166; x_wconf 79' lang='grc' dir='ltr'>οὐ</span> <span class='ocrx_word' id='word_1_73' title='bbox 1547 1113 1634 1167; x_wconf 79' lang='grc' dir='ltr'>διὰ</span> <span class='ocrx_word' id='word_1_74' title='bbox 1665 1113 1804 1176; x_wconf 84' lang='grc' dir='ltr'>τόδε,</span> <span class='ocrx_word' id='word_1_75' title='bbox 1837 1113 1931 1166; x_wconf 78' lang='grc' dir='ltr'>καὶ</span> 
     </span>
    </p>
   </div>
   <div class='ocr_carea' id='block_1_13' title="bbox 357 1201 1918 1275">
    <p class='ocr_par' dir='ltr' id='par_1_13' title="bbox 357 1201 1918 1275">
     <span class='ocr_line' id='line_1_13' title="bbox 357 1201 1918 1275; baseline 0.021 -31"><span class='ocrx_word' id='word_1_76' title='bbox 357 1203 532 1255; x_wconf 72' lang='grc' dir='ltr'>πάντα.</span> <span class='ocrx_word' id='word_1_77' title='bbox 562 1202 631 1254; x_wconf 80' lang='grc' dir='ltr'>τά</span> <span class='ocrx_word' id='word_1_78' title='bbox 663 1201 903 1271; x_wconf 78' lang='grc' dir='ltr'>ἑπόμενα</span> <span class='ocrx_word' id='word_1_79' title='bbox 933 1203 1166 1267; x_wconf 78' lang='grc' dir='ltr'>τούτοις,</span> <span class='ocrx_word' id='word_1_80' title='bbox 1205 1203 1658 1275; x_wconf 82' lang='grc' dir='ltr'>συνεκδεχόμεθα·</span> <span class='ocrx_word' id='word_1_81' title='bbox 1691 1203 1753 1257; x_wconf 81' lang='grc' dir='ltr'>οὐ</span> <span class='ocrx_word' id='word_1_82' title='bbox 1787 1206 1918 1275; x_wconf 73' lang='grc' dir='ltr'>γάρο</span> 
     </span>
    </p>
   </div>
   <div class='ocr_carea' id='block_1_14' title="bbox 357 1295 1930 1368">
    <p class='ocr_par' dir='ltr' id='par_1_14' title="bbox 357 1295 1930 1368">
     <span class='ocr_line' id='line_1_14' title="bbox 357 1295 1930 1368; baseline 0.001 -20"><span class='ocrx_word' id='word_1_83' title='bbox 357 1297 482 1348; x_wconf 72' lang='grc' dir='ltr'>ἐπεὶ</span> <span class='ocrx_word' id='word_1_84' title='bbox 513 1295 605 1349; x_wconf 82' lang='grc' dir='ltr'>τὸν</span> <span class='ocrx_word' id='word_1_85' title='bbox 634 1296 743 1348; x_wconf 75' lang='grc' dir='ltr'>ἀπὸ</span> <span class='ocrx_word' id='word_1_86' title='bbox 772 1295 1093 1367; x_wconf 77' lang='grc' dir='ltr'>σκυθρωποῦ</span> <span class='ocrx_word' id='word_1_87' title='bbox 1124 1295 1446 1368; x_wconf 79' lang='grc' dir='ltr'>εὖδιὼτερον</span> <span class='ocrx_word' id='word_1_88' title='bbox 1475 1297 1616 1368; x_wconf 82' lang='grc' dir='ltr'>άὲρα</span> <span class='ocrx_word' id='word_1_89' title='bbox 1644 1296 1930 1366; x_wconf 81' lang='grc' dir='ltr'>γινόμενον</span> 
     </span>
    </p>
   </div>
   <div class='ocr_carea' id='block_1_15' title="bbox 357 1386 1932 1458">
    <p class='ocr_par' dir='ltr' id='par_1_15' title="bbox 357 1386 1932 1458">
     <span class='ocr_line' id='line_1_15' title="bbox 357 1386 1932 1458; baseline 0.002 -21"><span class='ocrx_word' id='word_1_90' title='bbox 357 1386 585 1454; x_wconf 80' lang='grc' dir='ltr'>γελάσαι</span> <span class='ocrx_word' id='word_1_91' title='bbox 643 1387 844 1456; x_wconf 78' lang='grc' dir='ltr'>φαμὲν,</span> <span class='ocrx_word' id='word_1_92' title='bbox 877 1388 978 1458; x_wconf 68' lang='grc' dir='ltr'>ήδη</span> <span class='ocrx_word' id='word_1_93' title='bbox 1027 1389 1122 1441; x_wconf 77' lang='grc' dir='ltr'>καὶ</span> <span class='ocrx_word' id='word_1_94' title='bbox 1169 1387 1306 1446; x_wconf 76' lang='grc' dir='ltr'>ζῶον</span> <span class='ocrx_word' id='word_1_95' title='bbox 1343 1389 1667 1456; x_wconf 70' lang='grc' dir='ltr'>γελαστικὸν</span> <span class='ocrx_word' id='word_1_96' title='bbox 1700 1388 1760 1442; x_wconf 73' lang='grc' dir='ltr'>τὺ</span> <span class='ocrx_word' id='word_1_97' title='bbox 1788 1405 1932 1441; x_wconf 89' lang='grc' dir='ltr'>στοι-</span> 
     </span>
    </p>
   </div>
   <div class='ocr_carea' id='block_1_16' title="bbox 356 1471 1932 1550">
    <p class='ocr_par' dir='ltr' id='par_1_16' title="bbox 356 1471 1932 1550">
     <span class='ocr_line' id='line_1_16' title="bbox 356 1471 1932 1550; baseline 0.001 -20"><span class='ocrx_word' id='word_1_98' title='bbox 356 1480 503 1546; x_wconf 73' lang='grc' dir='ltr'>χεῖον</span> <span class='ocrx_word' id='word_1_99' title='bbox 538 1473 680 1531; x_wconf 74' lang='grc' dir='ltr'>εἶναι</span> <span class='ocrx_word' id='word_1_100' title='bbox 729 1471 1090 1550; x_wconf 71' lang='grc' dir='ltr'>ὲγνιῦκοιμενο</span> <span class='ocrx_word' id='word_1_101' title='bbox 1124 1480 1265 1550; x_wconf 82' lang='grc' dir='ltr'>πλὴν</span> <span class='ocrx_word' id='word_1_102' title='bbox 1315 1481 1365 1533; x_wconf 81' lang='grc' dir='ltr'>εί</span> <span class='ocrx_word' id='word_1_103' title='bbox 1423 1481 1518 1534; x_wconf 83' lang='grc' dir='ltr'>καὶ</span> <span class='ocrx_word' id='word_1_104' title='bbox 1566 1480 1744 1534; x_wconf 82' lang='grc' dir='ltr'>πάντα</span> <span class='ocrx_word' id='word_1_105' title='bbox 1791 1495 1932 1550; x_wconf 84' lang='grc' dir='ltr'>συμ-</span> 
     </span>
    </p>
   </div>
   <div class='ocr_carea' id='block_1_17' title="bbox 359 1567 1930 1642">
    <p class='ocr_par' dir='ltr' id='par_1_17' title="bbox 359 1567 1930 1642">
     <span class='ocr_line' id='line_1_17' title="bbox 359 1567 1930 1642; baseline 0.003 -23"><span class='ocrx_word' id='word_1_106' title='bbox 359 1567 564 1623; x_wconf 77' lang='grc' dir='ltr'>ϐαίνειν</span> <span class='ocrx_word' id='word_1_107' title='bbox 598 1567 811 1642; x_wconf 78' lang='grc' dir='ltr'>ἀνάγκη</span> <span class='ocrx_word' id='word_1_108' title='bbox 842 1571 912 1625; x_wconf 74' lang='grc' dir='ltr'>τὰ</span> <span class='ocrx_word' id='word_1_109' title='bbox 937 1571 1181 1642; x_wconf 77' lang='grc' dir='ltr'>ἑπόμενα</span> <span class='ocrx_word' id='word_1_110' title='bbox 1211 1573 1334 1626; x_wconf 83' lang='grc' dir='ltr'>ὅποι</span> <span class='ocrx_word' id='word_1_111' title='bbox 1362 1571 1575 1641; x_wconf 83' lang='grc' dir='ltr'>λέγοιτό</span> <span class='ocrx_word' id='word_1_112' title='bbox 1611 1589 1664 1625; x_wconf 85' lang='grc' dir='ltr'>τι</span> <span class='ocrx_word' id='word_1_113' title='bbox 1695 1573 1803 1625; x_wconf 85' lang='grc' dir='ltr'>τῶν</span> <span class='ocrx_word' id='word_1_114' title='bbox 1835 1587 1886 1624; x_wconf 71' lang='grc' dir='ltr'>αι</span> <span class='ocrx_word' id='word_1_115' title='bbox 1922 1602 1930 1614; x_wconf 81' lang='grc' dir='ltr'>ι</span> 
     </span>
    </p>
   </div>
   <div class='ocr_carea' id='block_1_18' title="bbox 358 1662 1930 1736">
    <p class='ocr_par' dir='ltr' id='par_1_18' title="bbox 358 1662 1930 1736">
     <span class='ocr_line' id='line_1_18' title="bbox 358 1662 1930 1736; baseline 0.003 -21"><span class='ocrx_word' id='word_1_116' title='bbox 358 1663 469 1716; x_wconf 84' lang='grc' dir='ltr'>τῶν</span> <span class='ocrx_word' id='word_1_117' title='bbox 535 1662 838 1734; x_wconf 81' lang='grc' dir='ltr'>ὀνομάτων,</span> <span class='ocrx_word' id='word_1_118' title='bbox 898 1663 1014 1718; x_wconf 86' lang='grc' dir='ltr'>ἀλλ’</span> <span class='ocrx_word' id='word_1_119' title='bbox 1067 1666 1162 1718; x_wconf 75' lang='grc' dir='ltr'>επὶ</span> <span class='ocrx_word' id='word_1_120' title='bbox 1224 1663 1464 1736; x_wconf 78' lang='grc' dir='ltr'>Χριστοῦ</span> <span class='ocrx_word' id='word_1_121' title='bbox 1533 1665 1706 1719; x_wconf 83' lang='grc' dir='ltr'>ταῦτα</span> <span class='ocrx_word' id='word_1_122' title='bbox 1758 1669 1930 1734; x_wconf 84' lang='grc' dir='ltr'>ἀναγ-</span> 
     </span>
    </p>
   </div>
   <div class='ocr_carea' id='block_1_19' title="bbox 359 1753 1933 1828">
    <p class='ocr_par' dir='ltr' id='par_1_19' title="bbox 359 1753 1933 1828">
     <span class='ocr_line' id='line_1_19' title="bbox 359 1753 1933 1828; baseline 0.003 -22"><span class='ocrx_word' id='word_1_123' title='bbox 359 1753 532 1818; x_wconf 86' lang='grc' dir='ltr'>καίως</span> <span class='ocrx_word' id='word_1_124' title='bbox 577 1755 678 1826; x_wconf 72' lang='grc' dir='ltr'>οὐχ</span> <span class='ocrx_word' id='word_1_125' title='bbox 706 1755 900 1825; x_wconf 55' lang='grc' dir='ltr'>ἒηῖιεται</span> <span class='ocrx_word' id='word_1_126' title='bbox 922 1775 937 1790; x_wconf 80' lang='grc' dir='ltr'><strong>ο</strong></span> <span class='ocrx_word' id='word_1_127' title='bbox 969 1760 1034 1811; x_wconf 78' lang='grc' dir='ltr'>ἐκ</span> <span class='ocrx_word' id='word_1_128' title='bbox 1071 1757 1209 1810; x_wconf 86' lang='grc' dir='ltr'>Θεοῦ</span> <span class='ocrx_word' id='word_1_129' title='bbox 1241 1755 1350 1828; x_wconf 82' lang='grc' dir='ltr'>γὰρ</span> <span class='ocrx_word' id='word_1_130' title='bbox 1379 1757 1555 1824; x_wconf 86' lang='grc' dir='ltr'>Λόγου</span> <span class='ocrx_word' id='word_1_131' title='bbox 1589 1757 1933 1827; x_wconf 74' lang='grc' dir='ltr'>ἀνθρωπείας</span> 
     </span>
    </p>
   </div>
   <div class='ocr_carea' id='block_1_20' title="bbox 2032 559 3604 634">
    <p class='ocr_par' dir='ltr' id='par_1_20' title="bbox 2032 559 3604 634">
     <span class='ocr_line' id='line_1_20' title="bbox 2032 559 3604 634; baseline -0.006 -12"><span class='ocrx_word' id='word_1_132' title='bbox 2032 566 2218 622; x_wconf 80' lang='lat' dir='ltr'>omnia</span> <span class='ocrx_word' id='word_1_133' title='bbox 2267 582 2334 621; x_wconf 74' lang='lat' dir='ltr'><strong>ex</strong></span> <span class='ocrx_word' id='word_1_134' title='bbox 2380 567 2467 621; x_wconf 97' lang='lat' dir='ltr'>his</span> <span class='ocrx_word' id='word_1_135' title='bbox 2497 563 2886 634; x_wconf 78' lang='lat' dir='ltr'>consequentia</span> <span class='ocrx_word' id='word_1_136' title='bbox 2922 562 3258 632; x_wconf 84' lang='lat' dir='ltr'>recipimus;</span> <span class='ocrx_word' id='word_1_137' title='bbox 3297 575 3407 614; x_wconf 89' lang='lat' dir='ltr'>non</span> <span class='ocrx_word' id='word_1_138' title='bbox 3436 559 3604 622; x_wconf 86' lang='lat' dir='ltr'><strong>enim,</strong></span> 
     </span>
    </p>
   </div>
   <div class='ocr_carea' id='block_1_21' title="bbox 2033 651 3608 712">
    <p class='ocr_par' dir='ltr' id='par_1_21' title="bbox 2033 651 3608 712">
     <span class='ocr_line' id='line_1_21' title="bbox 2033 651 3608 712; baseline -0.004 0"><span class='ocrx_word' id='word_1_139' title='bbox 2033 673 2158 712; x_wconf 87' lang='lat' dir='ltr'>cum</span> <span class='ocrx_word' id='word_1_140' title='bbox 2227 673 2408 712; x_wconf 90' lang='lat' dir='ltr'><strong>aerem</strong></span> <span class='ocrx_word' id='word_1_141' title='bbox 2455 674 2522 712; x_wconf 74' lang='lat' dir='ltr'><strong>ex</strong></span> <span class='ocrx_word' id='word_1_142' title='bbox 2572 656 2714 711; x_wconf 87' lang='lat' dir='ltr'><strong>tristi</strong></span> <span class='ocrx_word' id='word_1_143' title='bbox 2780 655 3096 708; x_wconf 87' lang='lat' dir='ltr'><strong>hilariorem</strong></span> <span class='ocrx_word' id='word_1_144' title='bbox 3157 653 3359 708; x_wconf 84' lang='lat' dir='ltr'><strong>factum</strong></span> <span class='ocrx_word' id='word_1_145' title='bbox 3427 651 3608 706; x_wconf 80' lang='lat' dir='ltr'><strong>ridere</strong></span> 
     </span>
    </p>
   </div>
   <div class='ocr_carea' id='block_1_22' title="bbox 2033 741 3610 812">
    <p class='ocr_par' dir='ltr' id='par_1_22' title="bbox 2033 741 3610 812">
     <span class='ocr_line' id='line_1_22' title="bbox 2033 741 3610 812; baseline -0.004 -10"><span class='ocrx_word' id='word_1_146' title='bbox 2033 747 2291 812; x_wconf 84' lang='lat' dir='ltr'><strong>dicimus,</strong></span> <span class='ocrx_word' id='word_1_147' title='bbox 2339 763 2448 802; x_wconf 89' lang='lat' dir='ltr'>non</span> <span class='ocrx_word' id='word_1_148' title='bbox 2501 763 2568 802; x_wconf 73' lang='lat' dir='ltr'><strong>ex</strong></span> <span class='ocrx_word' id='word_1_149' title='bbox 2627 763 2695 801; x_wconf 88' lang='lat' dir='ltr'>eo</span> <span class='ocrx_word' id='word_1_150' title='bbox 2759 745 3005 809; x_wconf 89' lang='lat' dir='ltr'><strong>risibile;</strong></span> <span class='ocrx_word' id='word_1_151' title='bbox 3053 760 3175 799; x_wconf 91' lang='lat' dir='ltr'><strong>esse</strong></span> <span class='ocrx_word' id='word_1_152' title='bbox 3237 743 3436 798; x_wconf 84' lang='lat' dir='ltr'><strong>animal</strong></span> <span class='ocrx_word' id='word_1_153' title='bbox 3503 741 3610 796; x_wconf 88' lang='lat' dir='ltr'>hoc</span> 
     </span>
    </p>
   </div>
   <div class='ocr_carea' id='block_1_23' title="bbox 2035 837 3611 902">
    <p class='ocr_par' dir='ltr' id='par_1_23' title="bbox 2035 837 3611 902">
     <span class='ocr_line' id='line_1_23' title="bbox 2035 837 3611 902; baseline -0.004 -7"><span class='ocrx_word' id='word_1_154' title='bbox 2035 841 2368 895; x_wconf 88' lang='lat' dir='ltr'><strong>elementum</strong></span> <span class='ocrx_word' id='word_1_155' title='bbox 2427 840 2790 902; x_wconf 77' lang='lat' dir='ltr'>arbitramur;</span> <span class='ocrx_word' id='word_1_156' title='bbox 2863 837 2959 892; x_wconf 86' lang='lat' dir='ltr'>sed</span> <span class='ocrx_word' id='word_1_157' title='bbox 3017 837 3118 892; x_wconf 93' lang='lat' dir='ltr'><strong>etsi</strong></span> <span class='ocrx_word' id='word_1_158' title='bbox 3187 851 3411 890; x_wconf 85' lang='lat' dir='ltr'><strong>necesse</strong></span> <span class='ocrx_word' id='word_1_159' title='bbox 3463 846 3611 890; x_wconf 88' lang='lat' dir='ltr'><strong>esset</strong></span> 
     </span>
    </p>
   </div>
   <div class='ocr_carea' id='block_1_24' title="bbox 2036 927 3612 1000">
    <p class='ocr_par' dir='ltr' id='par_1_24' title="bbox 2036 927 3612 1000">
     <span class='ocr_line' id='line_1_24' title="bbox 2036 927 3612 1000; baseline -0.003 -15"><span class='ocrx_word' id='word_1_160' title='bbox 2036 932 2220 986; x_wconf 86' lang='lat' dir='ltr'><strong>omnia</strong></span> <span class='ocrx_word' id='word_1_161' title='bbox 2256 933 2480 986; x_wconf 85' lang='lat' dir='ltr'><strong>realiter</strong></span> <span class='ocrx_word' id='word_1_162' title='bbox 2530 947 2650 986; x_wconf 91' lang='lat' dir='ltr'><strong>esse</strong></span> <span class='ocrx_word' id='word_1_163' title='bbox 2700 945 3042 1000; x_wconf 64' lang='lat' dir='ltr'><strong>quaecunque</strong></span> <span class='ocrx_word' id='word_1_164' title='bbox 3079 944 3146 983; x_wconf 79' lang='lat' dir='ltr'><strong>ex</strong></span> <span class='ocrx_word' id='word_1_165' title='bbox 3178 927 3494 982; x_wconf 83' lang='lat' dir='ltr'><strong>nominibus</strong></span> <span class='ocrx_word' id='word_1_166' title='bbox 3524 941 3612 981; x_wconf 87' lang='lat' dir='ltr'><strong>se-</strong></span> 
     </span>
    </p>
   </div>
   <div class='ocr_carea' id='block_1_25' title="bbox 2035 1007 3611 1094">
    <p class='ocr_par' dir='ltr' id='par_1_25' title="bbox 2035 1007 3611 1094">
     <span class='ocr_line' id='line_1_25' title="bbox 2035 1007 3611 1094; baseline -0.002 -19"><span class='ocrx_word' id='word_1_167' title='bbox 2035 1031 2302 1094; x_wconf 85' lang='lat' dir='ltr'><strong>quuntur,</strong></span> <span class='ocrx_word' id='word_1_168' title='bbox 2340 1025 2393 1077; x_wconf 90' lang='lat' dir='ltr'>in</span> <span class='ocrx_word' id='word_1_169' title='bbox 2426 1023 2647 1078; x_wconf 86' lang='lat' dir='ltr'>Christo</span> <span class='ocrx_word' id='word_1_170' title='bbox 2695 1031 2874 1077; x_wconf 88' lang='lat' dir='ltr'><strong>tamen</strong></span> <span class='ocrx_word' id='word_1_171' title='bbox 2916 1020 3230 1076; x_wconf 89' lang='lat' dir='ltr'><strong>necessario</strong></span> <span class='ocrx_word' id='word_1_172' title='bbox 3273 1037 3382 1074; x_wconf 90' lang='lat' dir='ltr'>non</span> <span class='ocrx_word' id='word_1_173' title='bbox 3409 1007 3611 1088; x_wconf 85' lang='lat' dir='ltr'><strong>seque-</strong></span> 
     </span>
    </p>
   </div>
   <div class='ocr_carea' id='block_1_26' title="bbox 2037 1114 3610 1187">
    <p class='ocr_par' dir='ltr' id='par_1_26' title="bbox 2037 1114 3610 1187">
     <span class='ocr_line' id='line_1_26' title="bbox 2037 1114 3610 1187; baseline -0.003 -18"><span class='ocrx_word' id='word_1_174' title='bbox 2037 1126 2213 1171; x_wconf 83' lang='lat' dir='ltr'><strong>retur.</strong></span> <span class='ocrx_word' id='word_1_175' title='bbox 2248 1116 2659 1187; x_wconf 86' lang='lat' dir='ltr'><strong>Compositione</strong></span> <span class='ocrx_word' id='word_1_176' title='bbox 2693 1114 2837 1170; x_wconf 90' lang='lat' dir='ltr'><strong>enim</strong></span> <span class='ocrx_word' id='word_1_177' title='bbox 2879 1116 2998 1185; x_wconf 69' lang='lat' dir='ltr'><strong>eius</strong></span> <span class='ocrx_word' id='word_1_178' title='bbox 3020 1130 3083 1168; x_wconf 76' lang='lat' dir='ltr'><strong>ex</strong></span> <span class='ocrx_word' id='word_1_179' title='bbox 3116 1114 3298 1169; x_wconf 78' lang='lat' dir='ltr'><strong>Verbo</strong></span> <span class='ocrx_word' id='word_1_180' title='bbox 3332 1123 3385 1168; x_wconf 91' lang='lat' dir='ltr'>et</span> <span class='ocrx_word' id='word_1_181' title='bbox 3412 1121 3610 1166; x_wconf 89' lang='lat' dir='ltr'><strong>natura</strong></span> 
     </span>
    </p>
   </div>
   <div class='ocr_carea' id='block_1_27' title="bbox 2037 1201 3610 1265">
    <p class='ocr_par' dir='ltr' id='par_1_27' title="bbox 2037 1201 3610 1265">
     <span class='ocr_line' id='line_1_27' title="bbox 2037 1201 3610 1265; baseline -0.005 -4"><span class='ocrx_word' id='word_1_182' title='bbox 2037 1207 2278 1262; x_wconf 88' lang='lat' dir='ltr'><strong>humana</strong></span> <span class='ocrx_word' id='word_1_183' title='bbox 2325 1207 2494 1263; x_wconf 89' lang='lat' dir='ltr'><strong>semel</strong></span> <span class='ocrx_word' id='word_1_184' title='bbox 2534 1206 2791 1265; x_wconf 87' lang='lat' dir='ltr'><strong>admissa.</strong></span> <span class='ocrx_word' id='word_1_185' title='bbox 2825 1205 2869 1260; x_wconf 92' lang='lat' dir='ltr'><strong>si</strong></span> <span class='ocrx_word' id='word_1_186' title='bbox 2901 1214 3085 1259; x_wconf 87' lang='lat' dir='ltr'><strong>tamen</strong></span> <span class='ocrx_word' id='word_1_187' title='bbox 3109 1201 3442 1258; x_wconf 88' lang='lat' dir='ltr'><strong>concedatur</strong></span> <span class='ocrx_word' id='word_1_188' title='bbox 3487 1215 3610 1254; x_wconf 88' lang='lat' dir='ltr'>eam</span> 
     </span>
    </p>
   </div>
   <div class='ocr_carea' id='block_1_28' title="bbox 2037 1291 3612 1367">
    <p class='ocr_par' dir='ltr' id='par_1_28' title="bbox 2037 1291 3612 1367">
     <span class='ocr_line' id='line_1_28' title="bbox 2037 1291 3612 1367; baseline -0.005 -16"><span class='ocrx_word' id='word_1_189' title='bbox 2037 1297 2127 1351; x_wconf 90' lang='lat' dir='ltr'>his</span> <span class='ocrx_word' id='word_1_190' title='bbox 2172 1297 2422 1367; x_wconf 85' lang='lat' dir='ltr'><strong>partibus</strong></span> <span class='ocrx_word' id='word_1_191' title='bbox 2476 1312 2606 1351; x_wconf 89' lang='lat' dir='ltr'><strong>vere</strong></span> <span class='ocrx_word' id='word_1_192' title='bbox 2638 1304 2914 1360; x_wconf 78' lang='lat' dir='ltr'><strong>constare,</strong></span> <span class='ocrx_word' id='word_1_193' title='bbox 2954 1301 3127 1348; x_wconf 82' lang='lat' dir='ltr'><strong>totum</strong></span> <span class='ocrx_word' id='word_1_194' title='bbox 3177 1291 3235 1346; x_wconf 91' lang='lat' dir='ltr'>in</span> <span class='ocrx_word' id='word_1_195' title='bbox 3281 1307 3343 1347; x_wconf 92' lang='lat' dir='ltr'>se</span> <span class='ocrx_word' id='word_1_196' title='bbox 3391 1307 3512 1346; x_wconf 91' lang='lat' dir='ltr'><strong>esse</strong></span> <span class='ocrx_word' id='word_1_197' title='bbox 3555 1298 3612 1344; x_wconf 90' lang='lat' dir='ltr'>et</span> 
     </span>
    </p>
   </div>
   <div class='ocr_carea' id='block_1_29' title="bbox 2037 1381 3610 1458">
    <p class='ocr_par' dir='ltr' id='par_1_29' title="bbox 2037 1381 3610 1458">
     <span class='ocr_line' id='line_1_29' title="bbox 2037 1381 3610 1458; baseline -0.006 -14"><span class='ocrx_word' id='word_1_198' title='bbox 2037 1388 2402 1458; x_wconf 89' lang='lat' dir='ltr'><strong>compositum</strong></span> <span class='ocrx_word' id='word_1_199' title='bbox 2449 1387 2571 1442; x_wconf 88' lang='lat' dir='ltr'><strong>illas</strong></span> <span class='ocrx_word' id='word_1_200' title='bbox 2616 1402 2808 1442; x_wconf 89' lang='lat' dir='ltr'><strong>omnes</strong></span> <span class='ocrx_word' id='word_1_201' title='bbox 2859 1383 3280 1454; x_wconf 88' lang='lat' dir='ltr'><strong>consequenti&#39;as</strong></span> <span class='ocrx_word' id='word_1_202' title='bbox 3325 1381 3610 1450; x_wconf 87' lang='lat' dir='ltr'><strong>impediet.</strong></span> 
     </span>
    </p>
   </div>
   <div class='ocr_carea' id='block_1_30' title="bbox 2038 1471 3614 1548">
    <p class='ocr_par' dir='ltr' id='par_1_30' title="bbox 2038 1471 3614 1548">
     <span class='ocr_line' id='line_1_30' title="bbox 2038 1471 3614 1548; baseline -0.006 -13"><span class='ocrx_word' id='word_1_203' title='bbox 2038 1481 2164 1535; x_wconf 89' lang='lat' dir='ltr'><strong>Non</strong></span> <span class='ocrx_word' id='word_1_204' title='bbox 2199 1481 2346 1536; x_wconf 90' lang='lat' dir='ltr'><strong>enim</strong></span> <span class='ocrx_word' id='word_1_205' title='bbox 2386 1479 2686 1534; x_wconf 83' lang='lat' dir='ltr'><strong>absurdum</strong></span> <span class='ocrx_word' id='word_1_206' title='bbox 2727 1485 2908 1548; x_wconf 87' lang='lat' dir='ltr'><strong>potest</strong></span> <span class='ocrx_word' id='word_1_207' title='bbox 2957 1476 3207 1545; x_wconf 84' lang='lat' dir='ltr'><strong>recipere</strong></span> <span class='ocrx_word' id='word_1_208' title='bbox 3257 1471 3520 1528; x_wconf 84' lang='lat' dir='ltr'><strong>divinitas</strong></span> <span class='ocrx_word' id='word_1_209' title='bbox 3557 1480 3614 1527; x_wconf 87' lang='lat' dir='ltr'>et</span> 
     </span>
    </p>
   </div>
   <div class='ocr_carea' id='block_1_31' title="bbox 2039 1563 3609 1642">
    <p class='ocr_par' dir='ltr' id='par_1_31' title="bbox 2039 1563 3609 1642">
     <span class='ocr_line' id='line_1_31' title="bbox 2039 1563 3609 1642; baseline -0.006 -16"><span class='ocrx_word' id='word_1_210' title='bbox 2039 1571 2095 1626; x_wconf 93' lang='lat' dir='ltr'>in</span> <span class='ocrx_word' id='word_1_211' title='bbox 2137 1572 2342 1642; x_wconf 84' lang='lat' dir='ltr'><strong>quibus</strong></span> <span class='ocrx_word' id='word_1_212' title='bbox 2390 1569 2520 1626; x_wconf 87' lang='lat' dir='ltr'>dum</span> <span class='ocrx_word' id='word_1_213' title='bbox 2557 1585 2748 1624; x_wconf 90' lang='lat' dir='ltr'><strong>eorum</strong></span> <span class='ocrx_word' id='word_1_214' title='bbox 2780 1583 2902 1638; x_wconf 73' lang='lat' dir='ltr'><strong>qua:</strong></span> <span class='ocrx_word' id='word_1_215' title='bbox 2940 1577 3131 1621; x_wconf 87' lang='lat' dir='ltr'><strong>contra</strong></span> <span class='ocrx_word' id='word_1_216' title='bbox 3159 1581 3260 1620; x_wconf 89' lang='lat' dir='ltr'>nos</span> <span class='ocrx_word' id='word_1_217' title='bbox 3285 1572 3415 1619; x_wconf 89' lang='lat' dir='ltr'><strong>sunt</strong></span> <span class='ocrx_word' id='word_1_218' title='bbox 3441 1563 3609 1626; x_wconf 85' lang='lat' dir='ltr'><strong>dicta.</strong></span> 
     </span>
    </p>
   </div>
   <div class='ocr_carea' id='block_1_32' title="bbox 2038 1653 3609 1733">
    <p class='ocr_par' dir='ltr' id='par_1_32' title="bbox 2038 1653 3609 1733">
     <span class='ocr_line' id='line_1_32' title="bbox 2038 1653 3609 1733; baseline -0.008 -13"><span class='ocrx_word' id='word_1_219' title='bbox 2038 1679 2159 1720; x_wconf 88' lang='lat' dir='ltr'><strong>esse</strong></span> <span class='ocrx_word' id='word_1_220' title='bbox 2209 1660 2680 1733; x_wconf 86' lang='lat' dir='ltr'><strong>incompossibilia</strong></span> <span class='ocrx_word' id='word_1_221' title='bbox 2729 1675 2778 1714; x_wconf 77' lang='lat' dir='ltr'><strong>a~</strong></span> <span class='ocrx_word' id='word_1_222' title='bbox 2813 1659 2972 1712; x_wconf 87' lang='lat' dir='ltr'><strong>nobis</strong></span> <span class='ocrx_word' id='word_1_223' title='bbox 3021 1669 3348 1712; x_wconf 86' lang='lat' dir='ltr'><strong>concessum</strong></span> <span class='ocrx_word' id='word_1_224' title='bbox 3399 1663 3505 1710; x_wconf 91' lang='lat' dir='ltr'><strong>est.</strong></span> <span class='ocrx_word' id='word_1_225' title='bbox 3551 1653 3609 1708; x_wconf 90' lang='lat' dir='ltr'><strong>Si</strong></span> 
     </span>
    </p>
   </div>
   <div class='ocr_carea' id='block_1_33' title="bbox 2039 1751 3613 1826">
    <p class='ocr_par' dir='ltr' id='par_1_33' title="bbox 2039 1751 3613 1826">
     <span class='ocr_line' id='line_1_33' title="bbox 2039 1751 3613 1826; baseline -0.006 -17"><span class='ocrx_word' id='word_1_226' title='bbox 2039 1755 2186 1809; x_wconf 92' lang='lat' dir='ltr'><strong>enim</strong></span> <span class='ocrx_word' id='word_1_227' title='bbox 2229 1754 2297 1809; x_wconf 90' lang='lat' dir='ltr'>de</span> <span class='ocrx_word' id='word_1_228' title='bbox 2329 1755 2450 1826; x_wconf 86' lang='lat' dir='ltr'><strong>ejus</strong></span> <span class='ocrx_word' id='word_1_229' title='bbox 2473 1751 2824 1824; x_wconf 81' lang='lat' dir='ltr'><strong>generatione</strong></span> <span class='ocrx_word' id='word_1_230' title='bbox 2843 1751 3143 1820; x_wconf 82' lang='lat' dir='ltr'><strong>loquimur,</strong></span> <span class='ocrx_word' id='word_1_231' title='bbox 3174 1765 3282 1803; x_wconf 90' lang='lat' dir='ltr'>non</span> <span class='ocrx_word' id='word_1_232' title='bbox 3313 1756 3613 1803; x_wconf 83' lang='lat' dir='ltr'><strong>occurrunt</strong></span> 
     </span>
    </p>
   </div>
   <div class='ocr_carea' id='block_1_34' title="bbox 360 1841 1935 1917">
    <p class='ocr_par' dir='ltr' id='par_1_34' title="bbox 360 1843 1935 1917">
     <span class='ocr_line' id='line_1_34' title="bbox 360 1843 1935 1917; baseline 0.003 -21"><span class='ocrx_word' id='word_1_233' title='bbox 360 1843 574 1910; x_wconf 76' lang='grc' dir='ltr'>φύσεως</span> <span class='ocrx_word' id='word_1_234' title='bbox 629 1845 1078 1917; x_wconf 77' lang='grc' dir='ltr'>ὁμολογουμένης</span> <span class='ocrx_word' id='word_1_235' title='bbox 1123 1845 1288 1900; x_wconf 81' lang='grc' dir='ltr'>αὐτοῦ</span> <span class='ocrx_word' id='word_1_236' title='bbox 1329 1847 1429 1916; x_wconf 82' lang='grc' dir='ltr'>τῆς</span> <span class='ocrx_word' id='word_1_237' title='bbox 1465 1846 1792 1910; x_wconf 77' lang='grc' dir='ltr'>συνθέσεως.</span> <span class='ocrx_word' id='word_1_238' title='bbox 1820 1845 1935 1913; x_wconf 80' lang='grc' dir='ltr'>εῖγε</span> 
     </span>
    </p>
   </div>
   <div class='ocr_carea' id='block_1_35' title="bbox 2043 1841 3608 1917">
    <p class='ocr_par' dir='ltr' id='par_1_35' title="bbox 2043 1843 3608 1916">
     <span class='ocr_line' id='line_1_35' title="bbox 2043 1843 3608 1916; baseline -0.007 -13"><span class='ocrx_word' id='word_1_239' title='bbox 2043 1862 2234 1903; x_wconf 89' lang='lat' dir='ltr'><strong>omnes</strong></span> <span class='ocrx_word' id='word_1_240' title='bbox 2295 1845 2702 1916; x_wconf 82' lang='lat' dir='ltr'><strong>consequentiae</strong></span> <span class='ocrx_word' id='word_1_241' title='bbox 2773 1843 3194 1914; x_wconf 80' lang='lat' dir='ltr'><strong>generationum</strong></span> <span class='ocrx_word' id='word_1_242' title='bbox 3257 1848 3608 1905; x_wconf 87' lang='lat' dir='ltr'><strong>nostrarum;</strong></span> 
     </span>
    </p>
   </div>
   <div class='ocr_carea' id='block_1_36' title="bbox 359 1935 1935 2009">
    <p class='ocr_par' dir='ltr' id='par_1_36' title="bbox 359 1935 1935 2009">
     <span class='ocr_line' id='line_1_36' title="bbox 359 1935 1935 2009; baseline 0.002 -20"><span class='ocrx_word' id='word_1_243' title='bbox 359 1939 424 1989; x_wconf 77' lang='grc' dir='ltr'>ἔκ</span> <span class='ocrx_word' id='word_1_244' title='bbox 458 1936 678 1990; x_wconf 82' lang='grc' dir='ltr'>τοιῶνδε</span> <span class='ocrx_word' id='word_1_245' title='bbox 717 1937 934 2009; x_wconf 85' lang='grc' dir='ltr'>ἀληθῶς</span> <span class='ocrx_word' id='word_1_246' title='bbox 981 1935 1122 1992; x_wconf 72' lang='grc' dir='ltr'>εἶναι</span> <span class='ocrx_word' id='word_1_247' title='bbox 1151 1938 1260 1992; x_wconf 87' lang='grc' dir='ltr'>τῶν</span> <span class='ocrx_word' id='word_1_248' title='bbox 1297 1937 1480 2009; x_wconf 82' lang='grc' dir='ltr'>μερῶν</span> <span class='ocrx_word' id='word_1_249' title='bbox 1507 1937 1708 2009; x_wconf 82' lang='grc' dir='ltr'>δοθείη,</span> <span class='ocrx_word' id='word_1_250' title='bbox 1731 1939 1794 1992; x_wconf 77' lang='grc' dir='ltr'>τὸ</span> <span class='ocrx_word' id='word_1_251' title='bbox 1817 1939 1935 1993; x_wconf 85' lang='grc' dir='ltr'>κατ’</span> 
     </span>
    </p>
   </div>
   <div class='ocr_carea' id='block_1_37' title="bbox 2043 1935 3611 2009">
    <p class='ocr_par' dir='ltr' id='par_1_37' title="bbox 2043 1935 3611 2009">
     <span class='ocr_line' id='line_1_37' title="bbox 2043 1935 3611 2009; baseline -0.006 -15"><span class='ocrx_word' id='word_1_252' title='bbox 2043 1955 2222 2009; x_wconf 89' lang='lat' dir='ltr'><strong>neque</strong></span> <span class='ocrx_word' id='word_1_253' title='bbox 2257 1939 2313 1994; x_wconf 88' lang='lat' dir='ltr'>in</span> <span class='ocrx_word' id='word_1_254' title='bbox 2346 1945 2411 1994; x_wconf 82' lang='lat' dir='ltr'>eo</span> <span class='ocrx_word' id='word_1_255' title='bbox 2440 1935 2980 1994; x_wconf 85' lang='lat' dir='ltr'><strong>consubstantialitas</strong></span> <span class='ocrx_word' id='word_1_256' title='bbox 3025 1948 3384 2004; x_wconf 86' lang='lat' dir='ltr'><strong>personarum</strong></span> <span class='ocrx_word' id='word_1_257' title='bbox 3432 1945 3611 2001; x_wconf 87' lang='lat' dir='ltr'><strong>neque</strong></span> 
     </span>
    </p>
   </div>
   <div class='ocr_carea' id='block_1_38' title="bbox 360 2023 1935 2100">
    <p class='ocr_par' dir='ltr' id='par_1_38' title="bbox 360 2025 1935 2094">
     <span class='ocr_line' id='line_1_38' title="bbox 360 2025 1935 2094; baseline 0 -10"><span class='ocrx_word' id='word_1_258' title='bbox 360 2030 523 2084; x_wconf 82' lang='grc' dir='ltr'>αὐτὸν</span> <span class='ocrx_word' id='word_1_259' title='bbox 573 2029 718 2094; x_wconf 82' lang='grc' dir='ltr'>ὅλον,</span> <span class='ocrx_word' id='word_1_260' title='bbox 751 2032 848 2085; x_wconf 69' lang='grc' dir='ltr'>καὶ</span> <span class='ocrx_word' id='word_1_261' title='bbox 873 2030 1126 2084; x_wconf 83' lang='grc' dir='ltr'>σύνθετον</span> <span class='ocrx_word' id='word_1_262' title='bbox 1161 2025 1303 2084; x_wconf 73' lang='grc' dir='ltr'>εἶναι</span> <span class='ocrx_word' id='word_1_263' title='bbox 1349 2029 1582 2084; x_wconf 80' lang='grc' dir='ltr'>κωλύσει</span> <span class='ocrx_word' id='word_1_264' title='bbox 1625 2030 1838 2093; x_wconf 79' lang='grc' dir='ltr'>πάντως</span> <span class='ocrx_word' id='word_1_265' title='bbox 1867 2029 1935 2084; x_wconf 74' lang='grc' dir='ltr'>τά</span> 
     </span>
    </p>
   </div>
   <div class='ocr_carea' id='block_1_39' title="bbox 2043 2023 3607 2100">
    <p class='ocr_par' dir='ltr' id='par_1_39' title="bbox 2043 2023 3607 2100">
     <span class='ocr_line' id='line_1_39' title="bbox 2043 2023 3607 2100; baseline -0.004 -17"><span class='ocrx_word' id='word_1_266' title='bbox 2043 2031 2386 2100; x_wconf 87' lang='lat' dir='ltr'><strong>propriarum</strong></span> <span class='ocrx_word' id='word_1_267' title='bbox 2462 2028 2830 2099; x_wconf 88' lang='lat' dir='ltr'><strong>potentiarum</strong></span> <span class='ocrx_word' id='word_1_268' title='bbox 2908 2023 3150 2096; x_wconf 81' lang='lat' dir='ltr'><strong>perfecta</strong></span> <span class='ocrx_word' id='word_1_269' title='bbox 3223 2023 3607 2094; x_wconf 84' lang='lat' dir='ltr'><strong>personalitas,</strong></span> 
     </span>
    </p>
   </div>
   <div class='ocr_carea' id='block_1_40' title="bbox 357 2115 1935 2196">
    <p class='ocr_par' dir='ltr' id='par_1_40' title="bbox 357 2119 1935 2196">
     <span class='ocr_line' id='line_1_40' title="bbox 357 2119 1935 2196; baseline 0.002 -24"><span class='ocrx_word' id='word_1_270' title='bbox 357 2119 582 2176; x_wconf 77' lang='grc' dir='ltr'>τοιαῦτα</span> <span class='ocrx_word' id='word_1_271' title='bbox 648 2121 1206 2194; x_wconf 82' lang='grc' dir='ltr'>παρακολουθήματα.</span> <span class='ocrx_word' id='word_1_272' title='bbox 1253 2121 1658 2196; x_wconf 79' lang='grc' dir='ltr'>’Δπαράδεκτον</span> <span class='ocrx_word' id='word_1_273' title='bbox 1705 2121 1816 2194; x_wconf 75' lang='grc' dir='ltr'>γὰρ</span> <span class='ocrx_word' id='word_1_274' title='bbox 1877 2121 1935 2175; x_wconf 77' lang='grc' dir='ltr'>τὸ</span> 
     </span>
    </p>
   </div>
   <div class='ocr_carea' id='block_1_41' title="bbox 2043 2115 3338 2196">
    <p class='ocr_par' dir='ltr' id='par_1_41' title="bbox 2043 2115 3338 2191">
     <span class='ocr_line' id='line_1_41' title="bbox 2043 2115 3338 2191; baseline -0.006 -15"><span class='ocrx_word' id='word_1_275' title='bbox 2043 2137 2222 2191; x_wconf 87' lang='lat' dir='ltr'><strong>neque</strong></span> <span class='ocrx_word' id='word_1_276' title='bbox 2248 2128 2445 2176; x_wconf 64' lang='lat' dir='ltr'><strong>cmtera</strong></span> <span class='ocrx_word' id='word_1_277' title='bbox 2471 2117 2708 2190; x_wconf 86' lang='lat' dir='ltr'><strong>propria,</strong></span> <span class='ocrx_word' id='word_1_278' title='bbox 2752 2117 2914 2172; x_wconf 89' lang='lat' dir='ltr'><strong>nobis</strong></span> <span class='ocrx_word' id='word_1_279' title='bbox 2951 2125 3080 2172; x_wconf 89' lang='lat' dir='ltr'><strong>sunt</strong></span> <span class='ocrx_word' id='word_1_280' title='bbox 3117 2115 3338 2170; x_wconf 86' lang='lat' dir='ltr'><strong>similia.</strong></span> 
     </span>
    </p>
   </div>
   <div class='ocr_carea' id='block_1_42' title="bbox 360 2206 3610 2282">
    <p class='ocr_par' dir='ltr' id='par_1_42' title="bbox 360 2206 3610 2282">
     <span class='ocr_line' id='line_1_42' title="bbox 360 2206 3610 2282; baseline -0.003 -16"><span class='ocrx_word' id='word_1_281' title='bbox 360 2212 520 2268; x_wconf 76' lang='grc' dir='ltr'>Θεῖον</span> <span class='ocrx_word' id='word_1_282' title='bbox 551 2215 754 2279; x_wconf 75' lang='grc' dir='ltr'>παντὸς</span> <span class='ocrx_word' id='word_1_283' title='bbox 791 2215 997 2269; x_wconf 80' lang='grc' dir='ltr'>ἀτόπου</span> <span class='ocrx_word' id='word_1_284' title='bbox 1020 2232 1036 2247; x_wconf 88' lang='grc'><strong>·</strong></span> <span class='ocrx_word' id='word_1_285' title='bbox 1067 2214 1162 2268; x_wconf 71' lang='grc' dir='ltr'>καὶ</span> <span class='ocrx_word' id='word_1_286' title='bbox 1189 2215 1247 2268; x_wconf 72' lang='grc' dir='ltr'>ἐν</span> <span class='ocrx_word' id='word_1_287' title='bbox 1280 2217 1396 2278; x_wconf 82' lang='grc' dir='ltr'>τοῖς</span> <span class='ocrx_word' id='word_1_288' title='bbox 1421 2214 1606 2274; x_wconf 81' lang='grc' dir='ltr'>αὐτοῖς</span> <span class='ocrx_word' id='word_1_289' title='bbox 1659 2230 1803 2267; x_wconf 89' lang='grc' dir='ltr'>τισιν</span> <span class='ocrx_word' id='word_1_290' title='bbox 1859 2206 2013 2266; x_wconf 80' lang='grc' dir='ltr'>ἐἶναι</span> <span class='ocrx_word' id='word_1_291' title='bbox 2048 2213 2156 2266; x_wconf 85' lang='grc' dir='ltr'>τῶν</span> <span class='ocrx_word' id='word_1_292' title='bbox 2208 2211 2331 2266; x_wconf 83' lang='grc' dir='ltr'>καθ’</span> <span class='ocrx_word' id='word_1_293' title='bbox 2369 2213 2514 2282; x_wconf 70' lang='grc' dir='ltr'>ἡμᾶς</span> <span class='ocrx_word' id='word_1_294' title='bbox 2569 2211 2899 2282; x_wconf 74' lang='grc' dir='ltr'>λεγομένων,</span> <span class='ocrx_word' id='word_1_295' title='bbox 2943 2211 3292 2278; x_wconf 84' lang='grc' dir='ltr'>ἀσυγκρῑτως</span> <span class='ocrx_word' id='word_1_296' title='bbox 3349 2207 3492 2278; x_wconf 83' lang='grc' dir='ltr'>ἔχειν</span> <span class='ocrx_word' id='word_1_297' title='bbox 3552 2207 3610 2258; x_wconf 79' lang='grc' dir='ltr'>ἐν</span> 
     </span>
    </p>
   </div>
   <div class='ocr_carea' id='block_1_43' title="bbox 357 2299 3610 2378">
    <p class='ocr_par' dir='ltr' id='par_1_43' title="bbox 357 2299 3610 2378">
     <span class='ocr_line' id='line_1_43' title="bbox 357 2299 3610 2378; baseline -0.003 -20"><span class='ocrx_word' id='word_1_298' title='bbox 357 2305 569 2368; x_wconf 80' lang='grc' dir='ltr'>τούτοις</span> <span class='ocrx_word' id='word_1_299' title='bbox 585 2305 722 2376; x_wconf 74' lang='grc' dir='ltr'>πρὸς</span> <span class='ocrx_word' id='word_1_300' title='bbox 751 2308 897 2378; x_wconf 79' lang='grc' dir='ltr'>ἡμᾶς</span> <span class='ocrx_word' id='word_1_301' title='bbox 933 2305 1304 2377; x_wconf 73' lang='grc' dir='ltr'>ὡμολόγηται.</span> <span class='ocrx_word' id='word_1_302' title='bbox 1344 2307 1406 2359; x_wconf 77' lang='lat' dir='ltr'><strong>Et</strong></span> <span class='ocrx_word' id='word_1_303' title='bbox 1454 2305 1566 2374; x_wconf 76' lang='grc' dir='ltr'>γάρ</span> <span class='ocrx_word' id='word_1_304' title='bbox 1605 2305 1700 2359; x_wconf 77' lang='grc' dir='ltr'>καὶ</span> <span class='ocrx_word' id='word_1_305' title='bbox 1734 2305 1987 2376; x_wconf 78' lang='grc' dir='ltr'>γέννησις</span> <span class='ocrx_word' id='word_1_306' title='bbox 2015 2305 2232 2372; x_wconf 79' lang='grc' dir='ltr'>λέγεται</span> <span class='ocrx_word' id='word_1_307' title='bbox 2256 2305 2342 2358; x_wconf 74' lang='grc' dir='ltr'>ἐπ’</span> <span class='ocrx_word' id='word_1_308' title='bbox 2369 2302 2554 2360; x_wconf 74' lang='grc' dir='ltr'>αὑτοῦ.</span> <span class='ocrx_word' id='word_1_309' title='bbox 2588 2302 2847 2372; x_wconf 71' lang='grc' dir='ltr'>ἀλλὀὐχὶ</span> <span class='ocrx_word' id='word_1_310' title='bbox 2906 2301 3002 2354; x_wconf 70' lang='grc' dir='ltr'>καὶ</span> <span class='ocrx_word' id='word_1_311' title='bbox 3063 2299 3134 2352; x_wconf 75' lang='grc' dir='ltr'>τὰ</span> <span class='ocrx_word' id='word_1_312' title='bbox 3189 2299 3432 2370; x_wconf 76' lang='grc' dir='ltr'>ἑπόμενα</span> <span class='ocrx_word' id='word_1_313' title='bbox 3485 2299 3610 2359; x_wconf 82' lang='grc' dir='ltr'>ταῖς</span> 
     </span>
    </p>
   </div>
   <div class='ocr_carea' id='block_1_44' title="bbox 361 2387 3609 2468">
    <p class='ocr_par' dir='ltr' id='par_1_44' title="bbox 361 2387 3609 2468">
     <span class='ocr_line' id='line_1_44' title="bbox 361 2387 3609 2468; baseline -0.002 -20"><span class='ocrx_word' id='word_1_314' title='bbox 361 2395 484 2448; x_wconf 86' lang='grc' dir='ltr'>καθ’</span> <span class='ocrx_word' id='word_1_315' title='bbox 511 2397 662 2465; x_wconf 82' lang='grc' dir='ltr'>ἡμᾶς</span> <span class='ocrx_word' id='word_1_316' title='bbox 679 2398 966 2468; x_wconf 84' lang='grc' dir='ltr'>γεννήσεσι</span> <span class='ocrx_word' id='word_1_317' title='bbox 991 2415 1004 2428; x_wconf 92' lang='grc'><strong>·</strong></span> <span class='ocrx_word' id='word_1_318' title='bbox 1029 2399 1122 2452; x_wconf 77' lang='grc' dir='ltr'>καὶ</span> <span class='ocrx_word' id='word_1_319' title='bbox 1145 2399 1205 2451; x_wconf 79' lang='grc' dir='ltr'>ὲν</span> <span class='ocrx_word' id='word_1_320' title='bbox 1232 2397 1368 2468; x_wconf 83' lang='grc' dir='ltr'>τῷδε</span> <span class='ocrx_word' id='word_1_321' title='bbox 1401 2397 1520 2450; x_wconf 64' lang='grc' dir='ltr'>οὐδὲ</span> <span class='ocrx_word' id='word_1_322' title='bbox 1554 2397 1614 2450; x_wconf 74' lang='grc' dir='ltr'>τὺ</span> <span class='ocrx_word' id='word_1_323' title='bbox 1650 2394 1936 2466; x_wconf 82' lang='grc' dir='ltr'>ὁμοούσιον</span> <span class='ocrx_word' id='word_1_324' title='bbox 1969 2396 2074 2449; x_wconf 83' lang='grc' dir='ltr'>τῶν</span> <span class='ocrx_word' id='word_1_325' title='bbox 2103 2395 2454 2449; x_wconf 84' lang='grc' dir='ltr'>ὑποστάσεων</span> <span class='ocrx_word' id='word_1_326' title='bbox 2483 2393 2658 2462; x_wconf 71' lang='grc' dir='ltr'>τοῦδε,</span> <span class='ocrx_word' id='word_1_327' title='bbox 2715 2391 2840 2446; x_wconf 72' lang='grc' dir='ltr'>οὔτε</span> <span class='ocrx_word' id='word_1_328' title='bbox 2874 2393 2935 2446; x_wconf 76' lang='grc' dir='ltr'>τὸ</span> <span class='ocrx_word' id='word_1_329' title='bbox 2995 2389 3470 2462; x_wconf 83' lang='grc' dir='ltr'>τελειοπρόσωπον</span> <span class='ocrx_word' id='word_1_330' title='bbox 3500 2387 3609 2442; x_wconf 79' lang='grc' dir='ltr'>τῶν</span> 
     </span>
    </p>
   </div>
   <div class='ocr_carea' id='block_1_45' title="bbox 364 2489 2056 2564">
    <p class='ocr_par' dir='ltr' id='par_1_45' title="bbox 364 2489 2056 2564">
     <span class='ocr_line' id='line_1_45' title="bbox 364 2489 2056 2564; baseline 0.002 -22"><span class='ocrx_word' id='word_1_331' title='bbox 364 2489 550 2542; x_wconf 84' lang='grc' dir='ltr'>ίδικῶν</span> <span class='ocrx_word' id='word_1_332' title='bbox 583 2491 892 2561; x_wconf 82' lang='grc' dir='ltr'>δυνάμεων,</span> <span class='ocrx_word' id='word_1_333' title='bbox 924 2493 1112 2562; x_wconf 82' lang='grc' dir='ltr'>ὅμοιον</span> <span class='ocrx_word' id='word_1_334' title='bbox 1141 2495 1293 2564; x_wconf 80' lang='grc' dir='ltr'>ἡμῖν,</span> <span class='ocrx_word' id='word_1_335' title='bbox 1320 2493 1442 2546; x_wconf 82' lang='grc' dir='ltr'>οὐδὲ</span> <span class='ocrx_word' id='word_1_336' title='bbox 1469 2493 1536 2546; x_wconf 80' lang='grc' dir='ltr'>τά</span> <span class='ocrx_word' id='word_1_337' title='bbox 1577 2492 1739 2546; x_wconf 72' lang='grc' dir='ltr'>λοιπὰ</span> <span class='ocrx_word' id='word_1_338' title='bbox 1779 2491 2056 2562; x_wconf 72' lang='grc' dir='ltr'>ἐξαίρετα.</span> 
     </span>
    </p>
   </div>
   <div class='ocr_carea' id='block_1_46' title="bbox 433 2580 1936 2654">
    <p class='ocr_par' dir='ltr' id='par_1_46' title="bbox 433 2580 1936 2654">
     <span class='ocr_line' id='line_1_46' title="bbox 433 2580 1936 2654; baseline 0.002 -21"><span class='ocrx_word' id='word_1_339' title='bbox 433 2581 580 2651; x_wconf 82' lang='grc' dir='ltr'>Πλὴν</span> <span class='ocrx_word' id='word_1_340' title='bbox 621 2580 761 2635; x_wconf 87' lang='grc' dir='ltr'>ἀλλά</span> <span class='ocrx_word' id='word_1_341' title='bbox 816 2583 908 2636; x_wconf 80' lang='grc' dir='ltr'>καὶ</span> <span class='ocrx_word' id='word_1_342' title='bbox 951 2582 1158 2636; x_wconf 74' lang='grc' dir='ltr'>τούτων</span> <span class='ocrx_word' id='word_1_343' title='bbox 1209 2583 1664 2654; x_wconf 69' lang='grc' dir='ltr'>ὁμολογουμένων</span> <span class='ocrx_word' id='word_1_344' title='bbox 1697 2583 1772 2646; x_wconf 85' lang='grc' dir='ltr'>ὡς</span> <span class='ocrx_word' id='word_1_345' title='bbox 1836 2583 1936 2636; x_wconf 76' lang='grc' dir='ltr'>οῦκ</span> 
     </span>
    </p>
   </div>
   <div class='ocr_carea' id='block_1_47' title="bbox 365 2671 1933 2746">
    <p class='ocr_par' dir='ltr' id='par_1_47' title="bbox 365 2671 1933 2746">
     <span class='ocr_line' id='line_1_47' title="bbox 365 2671 1933 2746; baseline 0.003 -23"><span class='ocrx_word' id='word_1_346' title='bbox 365 2671 511 2724; x_wconf 76' lang='grc' dir='ltr'>ἔστιν</span> <span class='ocrx_word' id='word_1_347' title='bbox 541 2673 602 2738; x_wconf 81' lang='grc' dir='ltr'>ἐξ</span> <span class='ocrx_word' id='word_1_348' title='bbox 634 2673 756 2726; x_wconf 86' lang='grc' dir='ltr'>ὅλου</span> <span class='ocrx_word' id='word_1_349' title='bbox 790 2675 886 2728; x_wconf 77' lang='grc' dir='ltr'>καὶ</span> <span class='ocrx_word' id='word_1_350' title='bbox 946 2674 1127 2745; x_wconf 82' lang='grc' dir='ltr'>μερῶν</span> <span class='ocrx_word' id='word_1_351' title='bbox 1169 2675 1262 2728; x_wconf 73' lang='grc' dir='ltr'>ἐπὶ</span> <span class='ocrx_word' id='word_1_352' title='bbox 1289 2675 1526 2746; x_wconf 84' lang='grc' dir='ltr'>Χριστοῦ</span> <span class='ocrx_word' id='word_1_353' title='bbox 1582 2673 1890 2745; x_wconf 77' lang='grc' dir='ltr'>εἰρημένων</span> <span class='ocrx_word' id='word_1_354' title='bbox 1919 2716 1933 2739; x_wconf 93' lang='grc'>,</span> 
     </span>
    </p>
   </div>
   <div class='ocr_carea' id='block_1_48' title="bbox 363 2762 1936 2836">
    <p class='ocr_par' dir='ltr' id='par_1_48' title="bbox 363 2762 1936 2836">
     <span class='ocr_line' id='line_1_48' title="bbox 363 2762 1936 2836; baseline 0.004 -22"><span class='ocrx_word' id='word_1_355' title='bbox 363 2762 673 2826; x_wconf 84' lang='grc' dir='ltr'>ἀκολούθως</span> <span class='ocrx_word' id='word_1_356' title='bbox 702 2781 780 2818; x_wconf 84' lang='grc' dir='ltr'>,τι</span> <span class='ocrx_word' id='word_1_357' title='bbox 835 2765 1022 2835; x_wconf 83' lang='grc' dir='ltr'>ὅμοιον</span> <span class='ocrx_word' id='word_1_358' title='bbox 1063 2767 1198 2836; x_wconf 79' lang='grc' dir='ltr'>ἡμῖν</span> <span class='ocrx_word' id='word_1_359' title='bbox 1245 2765 1581 2834; x_wconf 71' lang='grc' dir='ltr'>ἐπάγεσθαιῇ</span> <span class='ocrx_word' id='word_1_360' title='bbox 1621 2765 1936 2836; x_wconf 74' lang='grc' dir='ltr'>διανοητέον</span> 
     </span>
    </p>
   </div>
   <div class='ocr_carea' id='block_1_49' title="bbox 368 2855 1933 2930">
    <p class='ocr_par' dir='ltr' id='par_1_49' title="bbox 368 2855 1933 2930">
     <span class='ocr_line' id='line_1_49' title="bbox 368 2855 1933 2930; baseline 0.004 -24"><span class='ocrx_word' id='word_1_361' title='bbox 368 2858 464 2908; x_wconf 76' lang='grc' dir='ltr'>καὶ</span> <span class='ocrx_word' id='word_1_362' title='bbox 485 2855 633 2910; x_wconf 80' lang='grc' dir='ltr'>τάδε.</span> <span class='ocrx_word' id='word_1_363' title='bbox 683 2857 908 2927; x_wconf 82' lang='grc' dir='ltr'>Πρῶτον</span> <span class='ocrx_word' id='word_1_364' title='bbox 959 2856 1058 2928; x_wconf 81' lang='grc' dir='ltr'>μὲν</span> <span class='ocrx_word' id='word_1_365' title='bbox 1106 2856 1219 2930; x_wconf 87' lang='grc' dir='ltr'>γὰρ</span> <span class='ocrx_word' id='word_1_366' title='bbox 1259 2856 1321 2912; x_wconf 84' lang='grc' dir='ltr'>τδ</span> <span class='ocrx_word' id='word_1_367' title='bbox 1367 2857 1557 2928; x_wconf 73' lang='grc' dir='ltr'>λεχθὲν</span> <span class='ocrx_word' id='word_1_368' title='bbox 1608 2857 1933 2928; x_wconf 81' lang='grc' dir='ltr'>συμϐαίνειν</span> 
     </span>
    </p>
   </div>
   <div class='ocr_carea' id='block_1_50' title="bbox 366 2946 1934 3020">
    <p class='ocr_par' dir='ltr' id='par_1_50' title="bbox 366 2946 1934 3020">
     <span class='ocr_line' id='line_1_50' title="bbox 366 2946 1934 3020; baseline 0.004 -22"><span class='ocrx_word' id='word_1_369' title='bbox 366 2947 458 2999; x_wconf 73' lang='grc' dir='ltr'>ἐπὶ</span> <span class='ocrx_word' id='word_1_370' title='bbox 482 2946 574 3000; x_wconf 88' lang='grc' dir='ltr'>τοῦ</span> <span class='ocrx_word' id='word_1_371' title='bbox 607 2949 670 3000; x_wconf 83' lang='grc' dir='ltr'>ὲκ</span> <span class='ocrx_word' id='word_1_372' title='bbox 703 2949 886 3020; x_wconf 81' lang='grc' dir='ltr'>μερῶν</span> <span class='ocrx_word' id='word_1_373' title='bbox 915 2948 1036 3002; x_wconf 70' lang='grc' dir='ltr'>ὅλου</span> <span class='ocrx_word' id='word_1_374' title='bbox 1059 2950 1372 3020; x_wconf 81' lang='grc' dir='ltr'>γινομένου,</span> <span class='ocrx_word' id='word_1_375' title='bbox 1393 2949 1554 3020; x_wconf 73' lang='grc' dir='ltr'>δῆλον</span> <span class='ocrx_word' id='word_1_376' title='bbox 1585 2967 1599 2982; x_wconf 80' lang='grc' dir='ltr'><strong><em>ο</em></strong></span> <span class='ocrx_word' id='word_1_377' title='bbox 1635 2952 1708 3011; x_wconf 83' lang='grc' dir='ltr'>ὡς</span> <span class='ocrx_word' id='word_1_378' title='bbox 1749 2953 1796 3004; x_wconf 77' lang='grc' dir='ltr'>εἰ</span> <span class='ocrx_word' id='word_1_379' title='bbox 1841 2951 1934 3004; x_wconf 82' lang='grc' dir='ltr'>καὶ</span> 
     </span>
    </p>
   </div>
   <div class='ocr_carea' id='block_1_51' title="bbox 367 3033 1934 3110">
    <p class='ocr_par' dir='ltr' id='par_1_51' title="bbox 367 3033 1934 3110">
     <span class='ocr_line' id='line_1_51' title="bbox 367 3033 1934 3110; baseline 0.001 -20"><span class='ocrx_word' id='word_1_380' title='bbox 367 3037 586 3091; x_wconf 70' lang='grc' dir='ltr'>κατὰτὸ</span> <span class='ocrx_word' id='word_1_381' title='bbox 621 3033 764 3102; x_wconf 72' lang='grc' dir='ltr'>εἶδος</span> <span class='ocrx_word' id='word_1_382' title='bbox 794 3035 946 3092; x_wconf 79' lang='grc' dir='ltr'>οὖσιν</span> <span class='ocrx_word' id='word_1_383' title='bbox 973 3039 1250 3108; x_wconf 81' lang='grc' dir='ltr'>ἀνομοίοις</span> <span class='ocrx_word' id='word_1_384' title='bbox 1279 3043 1394 3104; x_wconf 84' lang='grc' dir='ltr'>τοῖς</span> <span class='ocrx_word' id='word_1_385' title='bbox 1423 3039 1614 3110; x_wconf 85' lang='grc' dir='ltr'>μέρεσι</span> <span class='ocrx_word' id='word_1_386' title='bbox 1647 3039 1934 3108; x_wconf 76' lang='grc' dir='ltr'>συμϐαίνει</span> 
     </span>
    </p>
   </div>
   <div class='ocr_carea' id='block_1_52' title="bbox 364 3129 1935 3202">
    <p class='ocr_par' dir='ltr' id='par_1_52' title="bbox 364 3129 1935 3202">
     <span class='ocr_line' id='line_1_52' title="bbox 364 3129 1935 3202; baseline 0 -20"><span class='ocrx_word' id='word_1_387' title='bbox 364 3129 442 3200; x_wconf 81' lang='grc' dir='ltr'>τῷ</span> <span class='ocrx_word' id='word_1_388' title='bbox 473 3130 578 3200; x_wconf 78' lang='grc' dir='ltr'>ὅλῳ</span> <span class='ocrx_word' id='word_1_389' title='bbox 602 3130 758 3200; x_wconf 79' lang='grc' dir='ltr'>τῷδε,</span> <span class='ocrx_word' id='word_1_390' title='bbox 784 3131 918 3184; x_wconf 76' lang='grc' dir='ltr'>ἀλλὰ</span> <span class='ocrx_word' id='word_1_391' title='bbox 955 3131 1175 3194; x_wconf 81' lang='grc' dir='ltr'>πάντως</span> <span class='ocrx_word' id='word_1_392' title='bbox 1199 3130 1341 3184; x_wconf 87' lang='grc' dir='ltr'>κατά</span> <span class='ocrx_word' id='word_1_393' title='bbox 1367 3147 1420 3184; x_wconf 85' lang='grc' dir='ltr'>τι</span> <span class='ocrx_word' id='word_1_394' title='bbox 1443 3130 1710 3200; x_wconf 80' lang='grc' dir='ltr'>προσεχὲς</span> <span class='ocrx_word' id='word_1_395' title='bbox 1741 3132 1772 3200; x_wconf 79' lang='grc' dir='ltr'>ἢ</span> <span class='ocrx_word' id='word_1_396' title='bbox 1802 3133 1935 3202; x_wconf 83' lang='grc' dir='ltr'>πορ-</span> 
     </span>
    </p>
   </div>
   <div class='ocr_carea' id='block_1_53' title="bbox 368 3219 1935 3290">
    <p class='ocr_par' dir='ltr' id='par_1_53' title="bbox 368 3219 1935 3290">
     <span class='ocr_line' id='line_1_53' title="bbox 368 3219 1935 3290; baseline -0.001 -18"><span class='ocrx_word' id='word_1_397' title='bbox 368 3221 592 3289; x_wconf 76' lang='grc' dir='ltr'>ρωτέρω</span> <span class='ocrx_word' id='word_1_398' title='bbox 614 3221 770 3288; x_wconf 78' lang='grc' dir='ltr'>γένος</span> <span class='ocrx_word' id='word_1_399' title='bbox 801 3219 1062 3290; x_wconf 80' lang='grc' dir='ltr'>ὁμογενὲς</span> <span class='ocrx_word' id='word_1_400' title='bbox 1082 3219 1436 3288; x_wconf 84' lang='grc' dir='ltr'>τυγχάνουσι.</span> <span class='ocrx_word' id='word_1_401' title='bbox 1472 3219 1564 3272; x_wconf 83' lang='grc' dir='ltr'>Διὸ</span> <span class='ocrx_word' id='word_1_402' title='bbox 1587 3219 1652 3288; x_wconf 80' lang='grc' dir='ltr'>δὴ</span> <span class='ocrx_word' id='word_1_403' title='bbox 1680 3221 1770 3272; x_wconf 73' lang='grc' dir='ltr'>καὶ</span> <span class='ocrx_word' id='word_1_404' title='bbox 1798 3220 1935 3288; x_wconf 71' lang='grc' dir='ltr'>πρὸς</span> 
     </span>
    </p>
   </div>
   <div class='ocr_carea' id='block_1_54' title="bbox 371 3308 1936 3380">
    <p class='ocr_par' dir='ltr' id='par_1_54' title="bbox 371 3308 1936 3380">
     <span class='ocr_line' id='line_1_54' title="bbox 371 3308 1936 3380; baseline 0.001 -20"><span class='ocrx_word' id='word_1_405' title='bbox 371 3309 620 3362; x_wconf 73' lang='grc' dir='ltr'>σύνθεσιν</span> <span class='ocrx_word' id='word_1_406' title='bbox 649 3309 823 3372; x_wconf 74' lang='grc' dir='ltr'>εἴδους</span> <span class='ocrx_word' id='word_1_407' title='bbox 850 3308 1054 3372; x_wconf 87' lang='grc' dir='ltr'>κοινοῦ,</span> <span class='ocrx_word' id='word_1_408' title='bbox 1081 3309 1180 3362; x_wconf 78' lang='grc' dir='ltr'>οὐκ</span> <span class='ocrx_word' id='word_1_409' title='bbox 1201 3308 1499 3380; x_wconf 75' lang='grc' dir='ltr'>ἀλλοτρίως</span> <span class='ocrx_word' id='word_1_410' title='bbox 1519 3309 1676 3378; x_wconf 73' lang='grc' dir='ltr'>ἔσχεν</span> <span class='ocrx_word' id='word_1_411' title='bbox 1704 3309 1771 3362; x_wconf 80' lang='grc' dir='ltr'>ἀν</span> <span class='ocrx_word' id='word_1_412' title='bbox 1798 3309 1936 3380; x_wconf 77' lang='grc' dir='ltr'>πρὸς</span> 
     </span>
    </p>
   </div>
   <div class='ocr_carea' id='block_1_55' title="bbox 367 3398 1938 3472">
    <p class='ocr_par' dir='ltr' id='par_1_55' title="bbox 367 3398 1938 3472">
     <span class='ocr_line' id='line_1_55' title="bbox 367 3398 1938 3472; baseline -0.001 -18"><span class='ocrx_word' id='word_1_413' title='bbox 367 3400 574 3470; x_wconf 71' lang='grc' dir='ltr'>ἄλληλα</span> <span class='ocrx_word' id='word_1_414' title='bbox 627 3401 804 3472; x_wconf 81' lang='grc' dir='ltr'>πάντη</span> <span class='ocrx_word' id='word_1_415' title='bbox 839 3415 854 3432; x_wconf 74' lang='grc'><strong><em>⁸</em></strong></span> <span class='ocrx_word' id='word_1_416' title='bbox 890 3400 986 3465; x_wconf 66' lang='grc' dir='ltr'>ἅτε</span> <span class='ocrx_word' id='word_1_417' title='bbox 1033 3401 1320 3456; x_wconf 85' lang='grc' dir='ltr'>κοινωνίαν</span> <span class='ocrx_word' id='word_1_418' title='bbox 1366 3401 1488 3454; x_wconf 84' lang='grc' dir='ltr'>τινά</span> <span class='ocrx_word' id='word_1_419' title='bbox 1523 3398 1762 3471; x_wconf 81' lang='grc' dir='ltr'>φυσικὴν</span> <span class='ocrx_word' id='word_1_420' title='bbox 1795 3400 1938 3470; x_wconf 75' lang='grc' dir='ltr'>ἔχειν</span> 
     </span>
    </p>
   </div>
   <div class='ocr_carea' id='block_1_56' title="bbox 369 3492 1939 3565">
    <p class='ocr_par' dir='ltr' id='par_1_56' title="bbox 369 3492 1939 3565">
     <span class='ocr_line' id='line_1_56' title="bbox 369 3492 1939 3565; baseline 0 -19"><span class='ocrx_word' id='word_1_421' title='bbox 369 3494 511 3548; x_wconf 81' lang='grc' dir='ltr'>κατά</span> <span class='ocrx_word' id='word_1_422' title='bbox 553 3511 608 3549; x_wconf 88' lang='grc' dir='ltr'>τι</span> <span class='ocrx_word' id='word_1_423' title='bbox 667 3495 866 3564; x_wconf 77' lang='grc' dir='ltr'>γένος’</span> <span class='ocrx_word' id='word_1_424' title='bbox 925 3495 960 3565; x_wconf 79' lang='grc' dir='ltr'>ἠ</span> <span class='ocrx_word' id='word_1_425' title='bbox 1025 3495 1083 3550; x_wconf 80' lang='grc' dir='ltr'>δὲ</span> <span class='ocrx_word' id='word_1_426' title='bbox 1130 3497 1224 3548; x_wconf 74' lang='grc' dir='ltr'>ἐπὶ</span> <span class='ocrx_word' id='word_1_427' title='bbox 1274 3493 1368 3548; x_wconf 87' lang='grc' dir='ltr'>τοῦ</span> <span class='ocrx_word' id='word_1_428' title='bbox 1435 3493 1707 3548; x_wconf 81' lang='grc' dir='ltr'>Δεσπότου</span> <span class='ocrx_word' id='word_1_429' title='bbox 1781 3492 1939 3565; x_wconf 82' lang='grc' dir='ltr'>ἡμῶν</span> 
     </span>
    </p>
   </div>
   <div class='ocr_carea' id='block_1_57' title="bbox 367 3583 1940 3656">
    <p class='ocr_par' dir='ltr' id='par_1_57' title="bbox 367 3583 1940 3656">
     <span class='ocr_line' id='line_1_57' title="bbox 367 3583 1940 3656; baseline 0 -18"><span class='ocrx_word' id='word_1_430' title='bbox 367 3585 584 3650; x_wconf 74' lang='grc' dir='ltr'>ἓνωσις,</span> <span class='ocrx_word' id='word_1_431' title='bbox 623 3585 690 3640; x_wconf 75' lang='grc' dir='ltr'>ἐκ</span> <span class='ocrx_word' id='word_1_432' title='bbox 725 3587 836 3640; x_wconf 86' lang='grc' dir='ltr'>τῶν</span> <span class='ocrx_word' id='word_1_433' title='bbox 867 3586 1042 3656; x_wconf 83' lang='grc' dir='ltr'>πάντη</span> <span class='ocrx_word' id='word_1_434' title='bbox 1109 3585 1454 3656; x_wconf 86' lang='grc' dir='ltr'>άνομογενῶν</span> <span class='ocrx_word' id='word_1_435' title='bbox 1518 3587 1656 3639; x_wconf 76' lang='grc' dir='ltr'>ἐστι.</span> <span class='ocrx_word' id='word_1_436' title='bbox 1715 3583 1780 3638; x_wconf 85' lang='grc' dir='ltr'>Τί</span> <span class='ocrx_word' id='word_1_437' title='bbox 1829 3583 1940 3654; x_wconf 80' lang='grc' dir='ltr'>γάρ</span> 
     </span>
    </p>
   </div>
   <div class='ocr_carea' id='block_1_58' title="bbox 369 3677 1937 3747">
    <p class='ocr_par' dir='ltr' id='par_1_58' title="bbox 369 3677 1937 3747">
     <span class='ocr_line' id='line_1_58' title="bbox 369 3677 1937 3747; baseline 0.001 -17"><span class='ocrx_word' id='word_1_438' title='bbox 369 3677 576 3746; x_wconf 87' lang='grc' dir='ltr'>κυρίως</span> <span class='ocrx_word' id='word_1_439' title='bbox 651 3677 854 3732; x_wconf 82' lang='grc' dir='ltr'>οὐσιῶν</span> <span class='ocrx_word' id='word_1_440' title='bbox 929 3679 1139 3747; x_wconf 76' lang='grc' dir='ltr'>γένοςς</span> <span class='ocrx_word' id='word_1_441' title='bbox 1229 3679 1277 3731; x_wconf 86' lang='grc' dir='ltr'>εἰ</span> <span class='ocrx_word' id='word_1_442' title='bbox 1344 3678 1402 3732; x_wconf 84' lang='grc' dir='ltr'>δὲ</span> <span class='ocrx_word' id='word_1_443' title='bbox 1467 3679 1562 3732; x_wconf 69' lang='grc' dir='ltr'>καὶ</span> <span class='ocrx_word' id='word_1_444' title='bbox 1618 3678 1772 3747; x_wconf 83' lang='grc' dir='ltr'>γένος</span> <span class='ocrx_word' id='word_1_445' title='bbox 1845 3681 1937 3732; x_wconf 77' lang='grc' dir='ltr'>οὐ·</span> 
     </span>
    </p>
   </div>
   <div class='ocr_carea' id='block_1_59' title="bbox 371 3753 1936 3839">
    <p class='ocr_par' dir='ltr' id='par_1_59' title="bbox 371 3753 1936 3839">
     <span class='ocr_line' id='line_1_59' title="bbox 371 3753 1936 3839; baseline 0 -19"><span class='ocrx_word' id='word_1_446' title='bbox 371 3767 494 3830; x_wconf 78' lang='grc' dir='ltr'>σίας</span> <span class='ocrx_word' id='word_1_447' title='bbox 564 3768 717 3834; x_wconf 71' lang='grc' dir='ltr'>ἐστὶ,</span> <span class='ocrx_word' id='word_1_448' title='bbox 771 3766 824 3820; x_wconf 83' lang='grc' dir='ltr'>τί</span> <span class='ocrx_word' id='word_1_449' title='bbox 873 3767 1032 3836; x_wconf 79' lang='grc' dir='ltr'>γένος</span> <span class='ocrx_word' id='word_1_450' title='bbox 1097 3753 1286 3830; x_wconf 68' lang='grc' dir='ltr'>οὐσίαις</span> <span class='ocrx_word' id='word_1_451' title='bbox 1341 3767 1441 3836; x_wconf 86' lang='grc' dir='ltr'>τῆς</span> <span class='ocrx_word' id='word_1_452' title='bbox 1497 3766 1648 3832; x_wconf 78' lang='grc' dir='ltr'>θείας</span> <span class='ocrx_word' id='word_1_453' title='bbox 1725 3767 1936 3839; x_wconf 76' lang='grc' dir='ltr'>αὐτῆς,</span> 
     </span>
    </p>
   </div>
   <div class='ocr_carea' id='block_1_60' title="bbox 373 3855 1942 3930">
    <p class='ocr_par' dir='ltr' id='par_1_60' title="bbox 373 3855 1942 3930">
     <span class='ocr_line' id='line_1_60' title="bbox 373 3855 1942 3930; baseline 0.002 -19"><span class='ocrx_word' id='word_1_454' title='bbox 373 3858 510 3930; x_wconf 83' lang='grc' dir='ltr'>μετά</span> <span class='ocrx_word' id='word_1_455' title='bbox 581 3863 676 3913; x_wconf 71' lang='grc' dir='ltr'>καὶ</span> <span class='ocrx_word' id='word_1_456' title='bbox 717 3859 818 3930; x_wconf 70' lang='grc' dir='ltr'>τῆς</span> <span class='ocrx_word' id='word_1_457' title='bbox 877 3859 1226 3930; x_wconf 77' lang='grc' dir='ltr'>ἀνθρωπείας</span> <span class='ocrx_word' id='word_1_458' title='bbox 1307 3855 1444 3914; x_wconf 74' lang='grc' dir='ltr'>εἶναι</span> <span class='ocrx_word' id='word_1_459' title='bbox 1484 3858 1768 3930; x_wconf 79' lang='grc' dir='ltr'>δοθήσεται</span> <span class='ocrx_word' id='word_1_460' title='bbox 1801 3877 1815 3926; x_wconf 90' lang='lat'><strong>;</strong></span> <span class='ocrx_word' id='word_1_461' title='bbox 1851 3859 1942 3914; x_wconf 79' lang='grc' dir='ltr'>ἵνα</span> 
     </span>
    </p>
   </div>
   <div class='ocr_carea' id='block_1_61' title="bbox 367 3949 1940 4022">
    <p class='ocr_par' dir='ltr' id='par_1_61' title="bbox 367 3949 1940 4022">
     <span class='ocr_line' id='line_1_61' title="bbox 367 3949 1940 4022; baseline -0.001 -18"><span class='ocrx_word' id='word_1_462' title='bbox 367 3950 458 4005; x_wconf 80' lang='grc' dir='ltr'>διά</span> <span class='ocrx_word' id='word_1_463' title='bbox 482 3969 603 4005; x_wconf 92' lang='grc' dir='ltr'>τινα</span> <span class='ocrx_word' id='word_1_464' title='bbox 630 3951 865 4022; x_wconf 78' lang='grc' dir='ltr'>φυσικὴ.</span> <span class='ocrx_word' id='word_1_465' title='bbox 901 3951 1243 4020; x_wconf 75' lang='grc' dir='ltr'>συγγένειαν,</span> <span class='ocrx_word' id='word_1_466' title='bbox 1275 3951 1368 4004; x_wconf 76' lang='grc' dir='ltr'>καὶ</span> <span class='ocrx_word' id='word_1_467' title='bbox 1413 3951 1536 4004; x_wconf 80' lang='grc' dir='ltr'>ὅλου</span> <span class='ocrx_word' id='word_1_468' title='bbox 1568 3951 1713 4014; x_wconf 83' lang='grc' dir='ltr'>τινὸς</span> <span class='ocrx_word' id='word_1_469' title='bbox 1743 3949 1940 4020; x_wconf 86' lang='grc' dir='ltr'>φύσ.ν,</span> 
     </span>
    </p>
   </div>
   <div class='ocr_carea' id='block_1_62' title="bbox 371 4039 1925 4116">
    <p class='ocr_par' dir='ltr' id='par_1_62' title="bbox 371 4039 1925 4116">
     <span class='ocr_line' id='line_1_62' title="bbox 371 4039 1925 4116; baseline 0 -18"><span class='ocrx_word' id='word_1_470' title='bbox 371 4044 779 4116; x_wconf 83' lang='grc' dir='ltr'>συγκιρνάμενα</span> <span class='ocrx_word' id='word_1_471' title='bbox 809 4061 864 4096; x_wconf 72' lang='grc' dir='ltr'>πρ</span> <span class='ocrx_word' id='word_1_472' title='bbox 885 4045 1024 4114; x_wconf 86' lang='grc' dir='ltr'>,ήσοι</span> <span class='ocrx_word' id='word_1_473' title='bbox 1056 4043 1181 4098; x_wconf 80' lang='grc' dir='ltr'>τάδε</span> <span class='ocrx_word' id='word_1_474' title='bbox 1213 4059 1228 4074; x_wconf 78' lang='grc' dir='ltr'><strong>ο</strong></span> <span class='ocrx_word' id='word_1_475' title='bbox 1253 4043 1369 4106; x_wconf 84' lang='grc' dir='ltr'>πῶς</span> <span class='ocrx_word' id='word_1_476' title='bbox 1395 4039 1486 4096; x_wconf 75' lang='grc' dir='ltr'>οὖν</span> <span class='ocrx_word' id='word_1_477' title='bbox 1510 4041 1588 4114; x_wconf 83' lang='grc' dir='ltr'>τῷ</span> <span class='ocrx_word' id='word_1_478' title='bbox 1619 4042 1925 4112; x_wconf 74' lang='grc' dir='ltr'>συμϐαίνονι</span> 
     </span>
    </p>
   </div>
   <div class='ocr_carea' id='block_1_63' title="bbox 368 4133 1946 4208">
    <p class='ocr_par' dir='ltr' id='par_1_63' title="bbox 368 4133 1946 4208">
     <span class='ocr_line' id='line_1_63' title="bbox 368 4133 1946 4208; baseline 0 -20"><span class='ocrx_word' id='word_1_479' title='bbox 368 4155 419 4190; x_wconf 80' lang='grc' dir='ltr'>τι</span> <span class='ocrx_word' id='word_1_480' title='bbox 445 4140 510 4208; x_wconf 81' lang='grc' dir='ltr'>τῇ</span> <span class='ocrx_word' id='word_1_481' title='bbox 531 4136 638 4190; x_wconf 87' lang='grc' dir='ltr'>τῶν</span> <span class='ocrx_word' id='word_1_482' title='bbox 659 4135 936 4207; x_wconf 79' lang='grc' dir='ltr'>ὁμογενῶν</span> <span class='ocrx_word' id='word_1_483' title='bbox 963 4134 1144 4206; x_wconf 82' lang='grc' dir='ltr'>μερῶν</span> <span class='ocrx_word' id='word_1_484' title='bbox 1171 4133 1416 4189; x_wconf 83' lang='grc' dir='ltr'>συνθέσει</span> <span class='ocrx_word' id='word_1_485' title='bbox 1436 4133 1533 4205; x_wconf 80' lang='grc' dir='ltr'>τὴν</span> <span class='ocrx_word' id='word_1_486' title='bbox 1555 4134 1662 4190; x_wconf 85' lang='grc' dir='ltr'>τῶν</span> <span class='ocrx_word' id='word_1_487' title='bbox 1685 4135 1946 4206; x_wconf 84' lang='grc' dir='ltr'>ἀνομογε-</span> 
     </span>
    </p>
   </div>
   <div class='ocr_carea' id='block_1_64' title="bbox 369 4224 1944 4296">
    <p class='ocr_par' dir='ltr' id='par_1_64' title="bbox 369 4224 1944 4296">
     <span class='ocr_line' id='line_1_64' title="bbox 369 4224 1944 4296; baseline -0.001 -16"><span class='ocrx_word' id='word_1_488' title='bbox 369 4229 476 4282; x_wconf 84' lang='grc' dir='ltr'>νῶν</span> <span class='ocrx_word' id='word_1_489' title='bbox 503 4227 839 4296; x_wconf 71' lang='grc' dir='ltr'>ὑπαγάγοιεν</span> <span class='ocrx_word' id='word_1_490' title='bbox 875 4225 1122 4279; x_wconf 80' lang='grc' dir='ltr'>σύνθεσιν</span> <span class='ocrx_word' id='word_1_491' title='bbox 1150 4243 1166 4291; x_wconf 90' lang='lat'><strong>;</strong></span> <span class='ocrx_word' id='word_1_492' title='bbox 1205 4227 1300 4278; x_wconf 69' lang='grc' dir='ltr'>καὶ</span> <span class='ocrx_word' id='word_1_493' title='bbox 1333 4224 1410 4288; x_wconf 86' lang='grc' dir='ltr'>ῶς</span> <span class='ocrx_word' id='word_1_494' title='bbox 1479 4227 1778 4294; x_wconf 81' lang='grc' dir='ltr'>ἀναγκαῖον</span> <span class='ocrx_word' id='word_1_495' title='bbox 1809 4226 1944 4296; x_wconf 74' lang='grc' dir='ltr'>ἡμῖν</span> 
     </span>
    </p>
   </div>
   <div class='ocr_carea' id='block_1_65' title="bbox 372 4315 1944 4387">
    <p class='ocr_par' dir='ltr' id='par_1_65' title="bbox 372 4315 1944 4387">
     <span class='ocr_line' id='line_1_65' title="bbox 372 4315 1944 4387; baseline 0 -18"><span class='ocrx_word' id='word_1_496' title='bbox 372 4320 754 4387; x_wconf 79' lang='grc' dir='ltr'>συναγάγοιεν,</span> <span class='ocrx_word' id='word_1_497' title='bbox 795 4317 856 4371; x_wconf 84' lang='grc' dir='ltr'>τὸ</span> <span class='ocrx_word' id='word_1_498' title='bbox 907 4317 1020 4372; x_wconf 77' lang='grc' dir='ltr'>δεῖν</span> <span class='ocrx_word' id='word_1_499' title='bbox 1063 4317 1280 4380; x_wconf 85' lang='grc' dir='ltr'>πάντως</span> <span class='ocrx_word' id='word_1_500' title='bbox 1329 4315 1561 4370; x_wconf 73' lang='grc' dir='ltr'>ἔπεσθαι</span> <span class='ocrx_word' id='word_1_501' title='bbox 1603 4315 1782 4370; x_wconf 76' lang='grc' dir='ltr'>τοῖσδε</span> <span class='ocrx_word' id='word_1_502' title='bbox 1827 4317 1944 4380; x_wconf 78' lang='grc' dir='ltr'>τοῖς</span> 
     </span>
    </p>
   </div>
   <div class='ocr_carea' id='block_1_66' title="bbox 369 4405 1944 4478">
    <p class='ocr_par' dir='ltr' id='par_1_66' title="bbox 369 4405 1944 4478">
     <span class='ocr_line' id='line_1_66' title="bbox 369 4405 1944 4478; baseline 0.001 -20"><span class='ocrx_word' id='word_1_503' title='bbox 369 4407 726 4476; x_wconf 83' lang='grc' dir='ltr'>ἁνομογενέσι</span> <span class='ocrx_word' id='word_1_504' title='bbox 759 4407 999 4478; x_wconf 81' lang='grc' dir='ltr'>Χριστοῦ</span> <span class='ocrx_word' id='word_1_505' title='bbox 1051 4407 1296 4478; x_wconf 80' lang='grc' dir='ltr'>μέρεσιν,</span> <span class='ocrx_word' id='word_1_506' title='bbox 1327 4407 1504 4460; x_wconf 75' lang='grc' dir='ltr'>ἐκεῖνο</span> <span class='ocrx_word' id='word_1_507' title='bbox 1529 4405 1558 4459; x_wconf 81' lang='grc' dir='ltr'>ὁ</span> <span class='ocrx_word' id='word_1_508' title='bbox 1601 4409 1714 4468; x_wconf 83' lang='grc' dir='ltr'>τοῖς</span> <span class='ocrx_word' id='word_1_509' title='bbox 1742 4407 1944 4476; x_wconf 82' lang='grc' dir='ltr'>ὁμογε-</span> 
     </span>
    </p>
   </div>
   <div class='ocr_carea' id='block_1_67' title="bbox 2112 2573 3611 2642">
    <p class='ocr_par' dir='ltr' id='par_1_67' title="bbox 2112 2573 3611 2642">
     <span class='ocr_line' id='line_1_67' title="bbox 2112 2573 3611 2642; baseline -0.005 -7"><span class='ocrx_word' id='word_1_510' title='bbox 2112 2581 2388 2642; x_wconf 83' lang='lat' dir='ltr'><strong>Attamen,</strong></span> <span class='ocrx_word' id='word_1_511' title='bbox 2421 2595 2544 2634; x_wconf 91' lang='lat' dir='ltr'>cum</span> <span class='ocrx_word' id='word_1_512' title='bbox 2578 2577 2786 2633; x_wconf 81' lang='lat' dir='ltr'><strong>fuerint</strong></span> <span class='ocrx_word' id='word_1_513' title='bbox 2833 2575 3067 2633; x_wconf 84' lang='lat' dir='ltr'><strong>confessi</strong></span> <span class='ocrx_word' id='word_1_514' title='bbox 3113 2575 3182 2630; x_wconf 91' lang='lat' dir='ltr'>de</span> <span class='ocrx_word' id='word_1_515' title='bbox 3229 2573 3454 2630; x_wconf 82' lang='lat' dir='ltr'><strong>Christo</strong></span> <span class='ocrx_word' id='word_1_516' title='bbox 3499 2583 3611 2628; x_wconf 74' lang='lat' dir='ltr'>nan</span> 
     </span>
    </p>
   </div>
   <div class='ocr_carea' id='block_1_68' title="bbox 2042 2664 3612 2739">
    <p class='ocr_par' dir='ltr' id='par_1_68' title="bbox 2042 2664 3612 2739">
     <span class='ocr_line' id='line_1_68' title="bbox 2042 2664 3612 2739; baseline -0.005 -13"><span class='ocrx_word' id='word_1_517' title='bbox 2042 2671 2214 2726; x_wconf 87' lang='lat' dir='ltr'><strong>fuisse</strong></span> <span class='ocrx_word' id='word_1_518' title='bbox 2241 2671 2450 2725; x_wconf 89' lang='lat' dir='ltr'><strong>dictum</strong></span> <span class='ocrx_word' id='word_1_519' title='bbox 2479 2669 2626 2739; x_wconf 85' lang='lat' dir='ltr'><strong>quod</strong></span> <span class='ocrx_word' id='word_1_520' title='bbox 2657 2683 2726 2724; x_wconf 79' lang='lat' dir='ltr'><strong>ex</strong></span> <span class='ocrx_word' id='word_1_521' title='bbox 2753 2677 2868 2724; x_wconf 92' lang='lat' dir='ltr'><strong>toto</strong></span> <span class='ocrx_word' id='word_1_522' title='bbox 2916 2675 2972 2722; x_wconf 91' lang='lat' dir='ltr'>et</span> <span class='ocrx_word' id='word_1_523' title='bbox 3009 2665 3261 2738; x_wconf 88' lang='lat' dir='ltr'><strong>partibus</strong></span> <span class='ocrx_word' id='word_1_524' title='bbox 3295 2665 3486 2730; x_wconf 85' lang='lat' dir='ltr'><strong>fuerit.</strong></span> <span class='ocrx_word' id='word_1_525' title='bbox 3526 2664 3612 2719; x_wconf 81' lang='lat' dir='ltr'><strong>in-</strong></span> 
     </span>
    </p>
   </div>
   <div class='ocr_carea' id='block_1_69' title="bbox 2042 2757 3630 2833">
    <p class='ocr_par' dir='ltr' id='par_1_69' title="bbox 2042 2757 3630 2833">
     <span class='ocr_line' id='line_1_69' title="bbox 2042 2757 3630 2833; baseline -0.003 -17"><span class='ocrx_word' id='word_1_526' title='bbox 2042 2763 2369 2833; x_wconf 88' lang='lat' dir='ltr'><strong>quirendum</strong></span> <span class='ocrx_word' id='word_1_527' title='bbox 2413 2761 2546 2833; x_wconf 86' lang='lat' dir='ltr'><strong>quid</strong></span> <span class='ocrx_word' id='word_1_528' title='bbox 2590 2761 2753 2818; x_wconf 85' lang='lat' dir='ltr'><strong>nobis</strong></span> <span class='ocrx_word' id='word_1_529' title='bbox 2797 2768 3202 2832; x_wconf 88' lang='lat' dir='ltr'><strong>consequenter</strong></span> <span class='ocrx_word' id='word_1_530' title='bbox 3231 2757 3408 2814; x_wconf 87' lang='lat' dir='ltr'><strong>simile</strong></span> <span class='ocrx_word' id='word_1_531' title='bbox 3451 2757 3630 2814; x_wconf 77' lang='lat' dir='ltr'><strong>indu--</strong></span> 
     </span>
    </p>
   </div>
   <div class='ocr_carea' id='block_1_70' title="bbox 2041 2851 3610 2925">
    <p class='ocr_par' dir='ltr' id='par_1_70' title="bbox 2041 2851 3610 2925">
     <span class='ocr_line' id='line_1_70' title="bbox 2041 2851 3610 2925; baseline -0.003 -15"><span class='ocrx_word' id='word_1_532' title='bbox 2041 2864 2221 2910; x_wconf 86' lang='lat' dir='ltr'><strong>eatur.</strong></span> <span class='ocrx_word' id='word_1_533' title='bbox 2269 2856 2512 2912; x_wconf 89' lang='lat' dir='ltr'><strong>Primum</strong></span> <span class='ocrx_word' id='word_1_534' title='bbox 2549 2855 2774 2925; x_wconf 88' lang='lat' dir='ltr'><strong>quidem</strong></span> <span class='ocrx_word' id='word_1_535' title='bbox 2817 2853 2964 2925; x_wconf 89' lang='lat' dir='ltr'><strong>quod</strong></span> <span class='ocrx_word' id='word_1_536' title='bbox 3031 2853 3241 2908; x_wconf 89' lang='lat' dir='ltr'><strong>dictum</strong></span> <span class='ocrx_word' id='word_1_537' title='bbox 3283 2851 3340 2906; x_wconf 90' lang='lat' dir='ltr'>in</span> <span class='ocrx_word' id='word_1_538' title='bbox 3387 2859 3504 2908; x_wconf 89' lang='lat' dir='ltr'><strong>toto</strong></span> <span class='ocrx_word' id='word_1_539' title='bbox 3543 2866 3610 2906; x_wconf 76' lang='lat' dir='ltr'><strong>ex</strong></span> 
     </span>
    </p>
   </div>
   <div class='ocr_carea' id='block_1_71' title="bbox 2040 2945 3614 3021">
    <p class='ocr_par' dir='ltr' id='par_1_71' title="bbox 2040 2945 3614 3021">
     <span class='ocr_line' id='line_1_71' title="bbox 2040 2945 3614 3021; baseline -0.001 -17"><span class='ocrx_word' id='word_1_540' title='bbox 2040 2951 2289 3021; x_wconf 88' lang='lat' dir='ltr'><strong>partibus</strong></span> <span class='ocrx_word' id='word_1_541' title='bbox 2328 2953 2601 3008; x_wconf 87' lang='lat' dir='ltr'><strong>constanti</strong></span> <span class='ocrx_word' id='word_1_542' title='bbox 2647 2950 2918 3015; x_wconf 89' lang='lat' dir='ltr'><strong>accidere,</strong></span> <span class='ocrx_word' id='word_1_543' title='bbox 2976 2947 3351 3012; x_wconf 89' lang='lat' dir='ltr'><strong>manifestum,</strong></span> <span class='ocrx_word' id='word_1_544' title='bbox 3390 2945 3536 3018; x_wconf 89' lang='lat' dir='ltr'><strong>quod</strong></span> <span class='ocrx_word' id='word_1_545' title='bbox 3562 2949 3614 3002; x_wconf 88' lang='lat' dir='ltr'><strong>si</strong></span> 
     </span>
    </p>
   </div>
   <div class='ocr_carea' id='block_1_72' title="bbox 2040 3041 3610 3112">
    <p class='ocr_par' dir='ltr' id='par_1_72' title="bbox 2040 3041 3610 3112">
     <span class='ocr_line' id='line_1_72' title="bbox 2040 3041 3610 3112; baseline -0.003 -16"><span class='ocrx_word' id='word_1_546' title='bbox 2040 3051 2226 3111; x_wconf 89' lang='lat' dir='ltr'><strong>partes</strong></span> <span class='ocrx_word' id='word_1_547' title='bbox 2273 3050 2402 3097; x_wconf 90' lang='lat' dir='ltr'><strong>sunt</strong></span> <span class='ocrx_word' id='word_1_548' title='bbox 2461 3042 2644 3112; x_wconf 83' lang='lat' dir='ltr'><strong>specie</strong></span> <span class='ocrx_word' id='word_1_549' title='bbox 2698 3041 2996 3098; x_wconf 86' lang='lat' dir='ltr'><strong>dissimiles</strong></span> <span class='ocrx_word' id='word_1_550' title='bbox 3040 3041 3163 3107; x_wconf 86' lang='lat' dir='ltr'><strong>toti,</strong></span> <span class='ocrx_word' id='word_1_551' title='bbox 3195 3055 3367 3111; x_wconf 75' lang='lat' dir='ltr'><strong>genus</strong></span> <span class='ocrx_word' id='word_1_552' title='bbox 3429 3049 3610 3092; x_wconf 83' lang='lat' dir='ltr'><strong>tamen</strong></span> 
     </span>
    </p>
   </div>
   <div class='ocr_carea' id='block_1_73' title="bbox 2041 3128 3612 3202">
    <p class='ocr_par' dir='ltr' id='par_1_73' title="bbox 2041 3128 3612 3202">
     <span class='ocr_line' id='line_1_73' title="bbox 2041 3128 3612 3202; baseline -0.002 -16"><span class='ocrx_word' id='word_1_553' title='bbox 2041 3132 2386 3186; x_wconf 89' lang='lat' dir='ltr'><strong>constituunt</strong></span> <span class='ocrx_word' id='word_1_554' title='bbox 2409 3134 2493 3187; x_wconf 86' lang='lat' dir='ltr'>vel</span> <span class='ocrx_word' id='word_1_555' title='bbox 2523 3133 2830 3202; x_wconf 81' lang='lat' dir='ltr'><strong>proximum</strong></span> <span class='ocrx_word' id='word_1_556' title='bbox 2875 3133 2959 3186; x_wconf 89' lang='lat' dir='ltr'><strong>vel</strong></span> <span class='ocrx_word' id='word_1_557' title='bbox 2998 3133 3284 3186; x_wconf 89' lang='lat' dir='ltr'><strong>remotius.</strong></span> <span class='ocrx_word' id='word_1_558' title='bbox 3317 3131 3508 3200; x_wconf 80' lang='lat' dir='ltr'><strong>itaque</strong></span> <span class='ocrx_word' id='word_1_559' title='bbox 3541 3128 3612 3184; x_wconf 88' lang='lat' dir='ltr'>ad</span> 
     </span>
    </p>
   </div>
   <div class='ocr_carea' id='block_1_74' title="bbox 1991 3217 3610 3291">
    <p class='ocr_par' dir='ltr' id='par_1_74' title="bbox 1991 3217 3610 3291">
     <span class='ocr_line' id='line_1_74' title="bbox 1991 3217 3610 3291; baseline -0.002 -15"><span class='ocrx_word' id='word_1_560' title='bbox 1991 3217 2008 3234; x_wconf 79' lang='lat'><strong><em>&#39;</em></strong></span> <span class='ocrx_word' id='word_1_561' title='bbox 2039 3221 2484 3276; x_wconf 89' lang='lat' dir='ltr'><strong>constituendum</strong></span> <span class='ocrx_word' id='word_1_562' title='bbox 2530 3237 2704 3291; x_wconf 79' lang='lat' dir='ltr'><strong>genus</strong></span> <span class='ocrx_word' id='word_1_563' title='bbox 2743 3235 3058 3287; x_wconf 84' lang='lat' dir='ltr'><strong>commune,</strong></span> <span class='ocrx_word' id='word_1_564' title='bbox 3092 3235 3205 3276; x_wconf 89' lang='lat' dir='ltr'>non</span> <span class='ocrx_word' id='word_1_565' title='bbox 3243 3219 3348 3274; x_wconf 88' lang='lat' dir='ltr'><strong>sibi</strong></span> <span class='ocrx_word' id='word_1_566' title='bbox 3375 3221 3610 3274; x_wconf 77' lang='lat' dir='ltr'><strong>invicem</strong></span> 
     </span>
    </p>
   </div>
   <div class='ocr_carea' id='block_1_75' title="bbox 2037 3302 3616 3379">
    <p class='ocr_par' dir='ltr' id='par_1_75' title="bbox 2037 3302 3616 3379">
     <span class='ocr_line' id='line_1_75' title="bbox 2037 3302 3616 3379; baseline -0.003 -15"><span class='ocrx_word' id='word_1_567' title='bbox 2037 3318 2224 3364; x_wconf 86' lang='lat' dir='ltr'><strong>essent</strong></span> <span class='ocrx_word' id='word_1_568' title='bbox 2259 3309 2486 3362; x_wconf 85' lang='lat' dir='ltr'><strong>omnino</strong></span> <span class='ocrx_word' id='word_1_569' title='bbox 2511 3308 2722 3373; x_wconf 67' lang='lat' dir='ltr'><strong>alienae,</strong></span> <span class='ocrx_word' id='word_1_570' title='bbox 2751 3302 3016 3364; x_wconf 81' lang='lat' dir='ltr'><strong>habentes</strong></span> <span class='ocrx_word' id='word_1_571' title='bbox 3065 3307 3358 3379; x_wconf 85' lang='lat' dir='ltr'><strong>quamdam</strong></span> <span class='ocrx_word' id='word_1_572' title='bbox 3389 3316 3616 3364; x_wconf 80' lang='lat' dir='ltr'><strong>natura.-</strong></span> 
     </span>
    </p>
   </div>
   <div class='ocr_carea' id='block_1_76' title="bbox 2038 3399 3610 3474">
    <p class='ocr_par' dir='ltr' id='par_1_76' title="bbox 2038 3399 3610 3474">
     <span class='ocr_line' id='line_1_76' title="bbox 2038 3399 3610 3474; baseline 0.002 -21"><span class='ocrx_word' id='word_1_573' title='bbox 2038 3399 2145 3454; x_wconf 90' lang='lat' dir='ltr'>lem</span> <span class='ocrx_word' id='word_1_574' title='bbox 2196 3399 2645 3455; x_wconf 85' lang='lat' dir='ltr'><strong>communitatem</strong></span> <span class='ocrx_word' id='word_1_575' title='bbox 2673 3399 2729 3454; x_wconf 90' lang='lat' dir='ltr'>in</span> <span class='ocrx_word' id='word_1_576' title='bbox 2763 3401 2948 3471; x_wconf 84' lang='lat' dir='ltr'><strong>aliquo</strong></span> <span class='ocrx_word' id='word_1_577' title='bbox 2977 3417 3208 3474; x_wconf 82' lang='lat' dir='ltr'><strong>genere;</strong></span> <span class='ocrx_word' id='word_1_578' title='bbox 3259 3402 3390 3457; x_wconf 91' lang='lat' dir='ltr'><strong>unio</strong></span> <span class='ocrx_word' id='word_1_579' title='bbox 3426 3407 3610 3456; x_wconf 86' lang='lat' dir='ltr'><strong>autem</strong></span> 
     </span>
    </p>
   </div>
   <div class='ocr_carea' id='block_1_77' title="bbox 2041 3490 3614 3565">
    <p class='ocr_par' dir='ltr' id='par_1_77' title="bbox 2041 3490 3614 3565">
     <span class='ocr_line' id='line_1_77' title="bbox 2041 3490 3614 3565; baseline 0.003 -21"><span class='ocrx_word' id='word_1_580' title='bbox 2041 3491 2098 3546; x_wconf 90' lang='lat' dir='ltr'>in</span> <span class='ocrx_word' id='word_1_581' title='bbox 2139 3490 2375 3546; x_wconf 89' lang='lat' dir='ltr'><strong>Domino</strong></span> <span class='ocrx_word' id='word_1_582' title='bbox 2423 3500 2614 3546; x_wconf 91' lang='lat' dir='ltr'><strong>nostro</strong></span> <span class='ocrx_word' id='word_1_583' title='bbox 2655 3491 3010 3548; x_wconf 89' lang='lat' dir='ltr'><strong>dissimilium</strong></span> <span class='ocrx_word' id='word_1_584' title='bbox 3051 3493 3279 3548; x_wconf 90' lang='lat' dir='ltr'><strong>omnino</strong></span> <span class='ocrx_word' id='word_1_585' title='bbox 3322 3500 3444 3549; x_wconf 81' lang='lat' dir='ltr'><strong>est:</strong></span> <span class='ocrx_word' id='word_1_586' title='bbox 3477 3491 3614 3565; x_wconf 82' lang='lat' dir='ltr'><strong>quid</strong></span> 
     </span>
    </p>
   </div>
   <div class='ocr_carea' id='block_1_78' title="bbox 2039 3583 3614 3658">
    <p class='ocr_par' dir='ltr' id='par_1_78' title="bbox 2039 3583 3614 3658">
     <span class='ocr_line' id='line_1_78' title="bbox 2039 3583 3614 3658; baseline 0.003 -20"><span class='ocrx_word' id='word_1_587' title='bbox 2039 3583 2188 3639; x_wconf 89' lang='lat' dir='ltr'><strong>enim</strong></span> <span class='ocrx_word' id='word_1_588' title='bbox 2217 3584 2438 3655; x_wconf 87' lang='lat' dir='ltr'><strong>proprie</strong></span> <span class='ocrx_word' id='word_1_589' title='bbox 2471 3585 2903 3641; x_wconf 88' lang='lat' dir='ltr'><strong>substantiarum</strong></span> <span class='ocrx_word' id='word_1_590' title='bbox 2937 3586 3152 3658; x_wconf 81' lang='lat' dir='ltr'><strong>genus?</strong></span> <span class='ocrx_word' id='word_1_591' title='bbox 3183 3587 3252 3642; x_wconf 87' lang='lat' dir='ltr'><strong>Et</strong></span> <span class='ocrx_word' id='word_1_592' title='bbox 3285 3586 3330 3642; x_wconf 92' lang='lat' dir='ltr'>si</span> <span class='ocrx_word' id='word_1_593' title='bbox 3356 3586 3614 3642; x_wconf 83' lang='lat' dir='ltr'><strong>substan-</strong></span> 
     </span>
    </p>
   </div>
   <div class='ocr_carea' id='block_1_79' title="bbox 2043 3675 3612 3750">
    <p class='ocr_par' dir='ltr' id='par_1_79' title="bbox 2043 3675 3612 3750">
     <span class='ocr_line' id='line_1_79' title="bbox 2043 3675 3612 3750; baseline 0.001 -20"><span class='ocrx_word' id='word_1_594' title='bbox 2043 3677 2132 3732; x_wconf 69' lang='lat' dir='ltr'><strong>tiae</strong></span> <span class='ocrx_word' id='word_1_595' title='bbox 2186 3692 2362 3748; x_wconf 76' lang='lat' dir='ltr'><strong>genus</strong></span> <span class='ocrx_word' id='word_1_596' title='bbox 2410 3685 2517 3744; x_wconf 88' lang='lat' dir='ltr'><strong>est,</strong></span> <span class='ocrx_word' id='word_1_597' title='bbox 2567 3685 2626 3734; x_wconf 92' lang='lat' dir='ltr'>et</span> <span class='ocrx_word' id='word_1_598' title='bbox 2677 3677 2826 3749; x_wconf 89' lang='lat' dir='ltr'><strong>quod</strong></span> <span class='ocrx_word' id='word_1_599' title='bbox 2877 3680 2984 3734; x_wconf 89' lang='lat' dir='ltr'><strong>erit</strong></span> <span class='ocrx_word' id='word_1_600' title='bbox 3011 3694 3185 3750; x_wconf 80' lang='lat' dir='ltr'><strong>genus</strong></span> <span class='ocrx_word' id='word_1_601' title='bbox 3208 3677 3406 3734; x_wconf 67' lang='lat' dir='ltr'><strong>divinae</strong></span> <span class='ocrx_word' id='word_1_602' title='bbox 3463 3675 3612 3732; x_wconf 84' lang='lat' dir='ltr'><strong>illius</strong></span> 
     </span>
    </p>
   </div>
   <div class='ocr_carea' id='block_1_80' title="bbox 2042 3765 3614 3847">
    <p class='ocr_par' dir='ltr' id='par_1_80' title="bbox 2042 3765 3614 3847">
     <span class='ocr_line' id='line_1_80' title="bbox 2042 3765 3614 3847; baseline -0.003 -23"><span class='ocrx_word' id='word_1_603' title='bbox 2042 3768 2364 3825; x_wconf 79' lang='lat' dir='ltr'><strong>substantiae</strong></span> <span class='ocrx_word' id='word_1_604' title='bbox 2420 3785 2548 3825; x_wconf 90' lang='lat' dir='ltr'>cum</span> <span class='ocrx_word' id='word_1_605' title='bbox 2616 3769 2922 3825; x_wconf 78' lang='lat' dir='ltr'><strong>substantia</strong></span> <span class='ocrx_word' id='word_1_606' title='bbox 2987 3769 3246 3847; x_wconf 85' lang='lat' dir='ltr'><strong>humana,</strong></span> <span class='ocrx_word' id='word_1_607' title='bbox 3309 3765 3468 3839; x_wconf 88' lang='lat' dir='ltr'><strong>quod-</strong></span> <span class='ocrx_word' id='word_1_608' title='bbox 3514 3781 3614 3836; x_wconf 85' lang='lat' dir='ltr'>per</span> 
     </span>
    </p>
   </div>
   <div class='ocr_carea' id='block_1_81' title="bbox 2043 3858 3614 3934">
    <p class='ocr_par' dir='ltr' id='par_1_81' title="bbox 2043 3858 3614 3934">
     <span class='ocr_line' id='line_1_81' title="bbox 2043 3858 3614 3934; baseline -0.004 -16"><span class='ocrx_word' id='word_1_609' title='bbox 2043 3862 2336 3934; x_wconf 80' lang='lat' dir='ltr'><strong>quamdam</strong></span> <span class='ocrx_word' id='word_1_610' title='bbox 2367 3863 2675 3918; x_wconf 87' lang='lat' dir='ltr'><strong>naturalem</strong></span> <span class='ocrx_word' id='word_1_611' title='bbox 2711 3861 3092 3934; x_wconf 67' lang='lat' dir='ltr'><strong>cognationem</strong></span> <span class='ocrx_word' id='word_1_612' title='bbox 3123 3877 3188 3918; x_wconf 91' lang='lat' dir='ltr'>ea</span> <span class='ocrx_word' id='word_1_613' title='bbox 3221 3858 3614 3916; x_wconf 74' lang='lat' dir='ltr'><strong>commiscent?</strong></span> 
     </span>
    </p>
   </div>
   <div class='ocr_carea' id='block_1_82' title="bbox 2043 3953 3616 4029">
    <p class='ocr_par' dir='ltr' id='par_1_82' title="bbox 2043 3953 3616 4029">
     <span class='ocr_line' id='line_1_82' title="bbox 2043 3953 3616 4029; baseline -0.004 -19"><span class='ocrx_word' id='word_1_614' title='bbox 2043 3954 2330 4023; x_wconf 86' lang='lat' dir='ltr'><strong>Quomodo</strong></span> <span class='ocrx_word' id='word_1_615' title='bbox 2359 3972 2493 4029; x_wconf 75' lang='lat' dir='ltr'><strong>ergo</strong></span> <span class='ocrx_word' id='word_1_616' title='bbox 2515 3973 2614 4026; x_wconf 89' lang='lat' dir='ltr'>per</span> <span class='ocrx_word' id='word_1_617' title='bbox 2641 3955 2896 4012; x_wconf 90' lang='lat' dir='ltr'><strong>accidens</strong></span> <span class='ocrx_word' id='word_1_618' title='bbox 2917 3953 3179 4010; x_wconf 89' lang='lat' dir='ltr'><strong>similium</strong></span> <span class='ocrx_word' id='word_1_619' title='bbox 3213 3953 3454 4024; x_wconf 86' lang='lat' dir='ltr'><strong>partium</strong></span> <span class='ocrx_word' id='word_1_620' title='bbox 3481 3964 3616 4005; x_wconf 85' lang='lat' dir='ltr'><strong>con-</strong></span> 
     </span>
    </p>
   </div>
   <div class='ocr_carea' id='block_1_83' title="bbox 2039 4041 3616 4120">
    <p class='ocr_par' dir='ltr' id='par_1_83' title="bbox 2039 4041 3616 4120">
     <span class='ocr_line' id='line_1_83' title="bbox 2039 4041 3616 4120; baseline -0.005 -18"><span class='ocrx_word' id='word_1_621' title='bbox 2039 4047 2330 4117; x_wconf 80' lang='lat' dir='ltr'><strong>iunctioni,</strong></span> <span class='ocrx_word' id='word_1_622' title='bbox 2362 4049 2708 4106; x_wconf 86' lang='lat' dir='ltr'><strong>dissimilium</strong></span> <span class='ocrx_word' id='word_1_623' title='bbox 2745 4047 3189 4120; x_wconf 82' lang='lat' dir='ltr'><strong>conjunctionem</strong></span> <span class='ocrx_word' id='word_1_624' title='bbox 3223 4041 3616 4102; x_wconf 82' lang='lat' dir='ltr'><strong>submitteret?</strong></span> 
     </span>
    </p>
   </div>
   <div class='ocr_carea' id='block_1_84' title="bbox 2043 4134 3614 4208">
    <p class='ocr_par' dir='ltr' id='par_1_84' title="bbox 2043 4134 3614 4208">
     <span class='ocr_line' id='line_1_84' title="bbox 2043 4134 3614 4208; baseline -0.001 -16"><span class='ocrx_word' id='word_1_625' title='bbox 2043 4135 2544 4204; x_wconf 83' lang='lat' dir='ltr'><strong>Concluderentne,</strong></span> <span class='ocrx_word' id='word_1_626' title='bbox 2578 4149 2638 4195; x_wconf 91' lang='lat' dir='ltr'>ut</span> <span class='ocrx_word' id='word_1_627' title='bbox 2672 4139 3063 4198; x_wconf 87' lang='lat' dir='ltr'><strong>necessarium,</strong></span> <span class='ocrx_word' id='word_1_628' title='bbox 3098 4137 3364 4208; x_wconf 86' lang='lat' dir='ltr'><strong>consequi</strong></span> <span class='ocrx_word' id='word_1_629' title='bbox 3396 4151 3465 4191; x_wconf 78' lang='lat' dir='ltr'><strong>ex</strong></span> <span class='ocrx_word' id='word_1_630' title='bbox 3499 4134 3614 4190; x_wconf 87' lang='lat' dir='ltr'><strong>dis-</strong></span> 
     </span>
    </p>
   </div>
   <div class='ocr_carea' id='block_1_85' title="bbox 2047 4225 3616 4300">
    <p class='ocr_par' dir='ltr' id='par_1_85' title="bbox 2047 4225 3616 4300">
     <span class='ocr_line' id='line_1_85' title="bbox 2047 4225 3616 4300; baseline -0.006 -13"><span class='ocrx_word' id='word_1_631' title='bbox 2047 4231 2328 4288; x_wconf 88' lang='lat' dir='ltr'><strong>similibus</strong></span> <span class='ocrx_word' id='word_1_632' title='bbox 2354 4228 2561 4286; x_wconf 89' lang='lat' dir='ltr'><strong>Christi</strong></span> <span class='ocrx_word' id='word_1_633' title='bbox 2585 4231 2834 4300; x_wconf 89' lang='lat' dir='ltr'><strong>partibus</strong></span> <span class='ocrx_word' id='word_1_634' title='bbox 2867 4229 3002 4284; x_wconf 90' lang='lat' dir='ltr'><strong>illud</strong></span> <span class='ocrx_word' id='word_1_635' title='bbox 3029 4227 3179 4298; x_wconf 90' lang='lat' dir='ltr'><strong>quod</strong></span> <span class='ocrx_word' id='word_1_636' title='bbox 3203 4225 3457 4282; x_wconf 78' lang='lat' dir='ltr'><strong>videmus</strong></span> <span class='ocrx_word' id='word_1_637' title='bbox 3479 4240 3616 4280; x_wconf 52' lang='lat' dir='ltr'><strong>con.</strong></span> 
     </span>
    </p>
   </div>
   <div class='ocr_carea' id='block_1_86' title="bbox 2046 4316 3612 4396">
    <p class='ocr_par' dir='ltr' id='par_1_86' title="bbox 2046 4316 3612 4396">
     <span class='ocr_line' id='line_1_86' title="bbox 2046 4316 3612 4396; baseline -0.006 -15"><span class='ocrx_word' id='word_1_638' title='bbox 2046 4325 2200 4396; x_wconf 86' lang='lat' dir='ltr'><strong>sequi</strong></span> <span class='ocrx_word' id='word_1_639' title='bbox 2251 4333 2436 4394; x_wconf 89' lang='lat' dir='ltr'><strong>partes</strong></span> <span class='ocrx_word' id='word_1_640' title='bbox 2479 4321 2710 4385; x_wconf 87' lang='lat' dir='ltr'><strong>similes,</strong></span> <span class='ocrx_word' id='word_1_641' title='bbox 2753 4322 2809 4378; x_wconf 91' lang='lat' dir='ltr'>id</span> <span class='ocrx_word' id='word_1_642' title='bbox 2837 4329 2942 4386; x_wconf 87' lang='lat' dir='ltr'><strong>est,</strong></span> <span class='ocrx_word' id='word_1_643' title='bbox 2991 4321 3226 4376; x_wconf 84' lang='lat' dir='ltr'><strong>alterum</strong></span> <span class='ocrx_word' id='word_1_644' title='bbox 3254 4319 3478 4378; x_wconf 77' lang='lat' dir='ltr'><strong>totum?</strong></span> <span class='ocrx_word' id='word_1_645' title='bbox 3505 4316 3612 4372; x_wconf 87' lang='lat' dir='ltr'><strong>Sed</strong></span> 
     </span>
    </p>
   </div>
   <div class='ocr_carea' id='block_1_87' title="bbox 2045 4409 3616 4486">
    <p class='ocr_par' dir='ltr' id='par_1_87' title="bbox 2045 4409 3616 4486">
     <span class='ocr_line' id='line_1_87' title="bbox 2045 4409 3616 4486; baseline -0.005 -14"><span class='ocrx_word' id='word_1_646' title='bbox 2045 4419 2091 4472; x_wconf 89' lang='lat' dir='ltr'>si</span> <span class='ocrx_word' id='word_1_647' title='bbox 2123 4413 2342 4470; x_wconf 90' lang='lat' dir='ltr'><strong>aliunde</strong></span> <span class='ocrx_word' id='word_1_648' title='bbox 2364 4415 2475 4486; x_wconf 85' lang='lat' dir='ltr'><strong>jam</strong></span> <span class='ocrx_word' id='word_1_649' title='bbox 2505 4429 2575 4468; x_wconf 80' lang='lat' dir='ltr'><strong>ex</strong></span> <span class='ocrx_word' id='word_1_650' title='bbox 2599 4413 2924 4469; x_wconf 89' lang='lat' dir='ltr'><strong>necessitate</strong></span> <span class='ocrx_word' id='word_1_651' title='bbox 2952 4412 3159 4484; x_wconf 85' lang='lat' dir='ltr'><strong>paratis</strong></span> <span class='ocrx_word' id='word_1_652' title='bbox 3190 4409 3483 4466; x_wconf 85' lang='lat' dir='ltr'><strong>ostendere</strong></span> <span class='ocrx_word' id='word_1_653' title='bbox 3503 4425 3616 4465; x_wconf 81' lang='lat' dir='ltr'>non</span> 
     </span>
    </p>
   </div>
   <div class='ocr_carea' id='block_1_88' title="bbox 370 4496 1935 4577">
    <p class='ocr_par' dir='ltr' id='par_1_88' title="bbox 370 4496 1935 4568">
     <span class='ocr_line' id='line_1_88' title="bbox 370 4496 1935 4568; baseline 0.001 -20"><span class='ocrx_word' id='word_1_654' title='bbox 370 4498 517 4550; x_wconf 82' lang='grc' dir='ltr'>νέσιν</span> <span class='ocrx_word' id='word_1_655' title='bbox 545 4497 810 4568; x_wconf 76' lang='grc' dir='ltr'>ἑπόμενον</span> <span class='ocrx_word' id='word_1_656' title='bbox 842 4499 1166 4566; x_wconf 79' lang='grc' dir='ltr'>καθορᾶται,</span> <span class='ocrx_word' id='word_1_657' title='bbox 1198 4496 1365 4566; x_wconf 71' lang='grc' dir='ltr'>ἤγουν</span> <span class='ocrx_word' id='word_1_658' title='bbox 1397 4497 1630 4568; x_wconf 82' lang='grc' dir='ltr'>ὁλότητά</span> <span class='ocrx_word' id='word_1_659' title='bbox 1655 4515 1778 4551; x_wconf 87' lang='grc' dir='ltr'>τινα</span> <span class='ocrx_word' id='word_1_660' title='bbox 1824 4497 1935 4551; x_wconf 77' lang='grc' dir='ltr'>ἐτέ-</span> 
     </span>
    </p>
   </div>
   <div class='ocr_carea' id='block_1_89' title="bbox 2043 4496 3618 4577">
    <p class='ocr_par' dir='ltr' id='par_1_89' title="bbox 2051 4501 3618 4577">
     <span class='ocr_line' id='line_1_89' title="bbox 2051 4501 3618 4577; baseline -0.003 -16"><span class='ocrx_word' id='word_1_661' title='bbox 2051 4505 2169 4562; x_wconf 85' lang='lat' dir='ltr'><strong>ﬁeri</strong></span> <span class='ocrx_word' id='word_1_662' title='bbox 2219 4504 2677 4577; x_wconf 75' lang='lat' dir='ltr'><strong>coniunctionem</strong></span> <span class='ocrx_word' id='word_1_663' title='bbox 2721 4505 3028 4560; x_wconf 84' lang='lat' dir='ltr'><strong>naturalem</strong></span> <span class='ocrx_word' id='word_1_664' title='bbox 3077 4501 3380 4560; x_wconf 89' lang='lat' dir='ltr'><strong>secundum</strong></span> <span class='ocrx_word' id='word_1_665' title='bbox 3426 4515 3618 4572; x_wconf 86' lang='lat' dir='ltr'><strong>perso-</strong></span> 
     </span>
    </p>
   </div>
   <div class='ocr_carea' id='block_1_90' title="bbox 378 4589 1943 4662">
    <p class='ocr_par' dir='ltr' id='par_1_90' title="bbox 378 4589 1943 4662">
     <span class='ocr_line' id='line_1_90' title="bbox 378 4589 1943 4662; baseline 0.002 -20"><span class='ocrx_word' id='word_1_666' title='bbox 378 4605 480 4659; x_wconf 82' lang='grc' dir='ltr'>ραν</span> <span class='ocrx_word' id='word_1_667' title='bbox 504 4606 520 4653; x_wconf 86' lang='lat'><strong>;</strong></span> <span class='ocrx_word' id='word_1_668' title='bbox 566 4589 706 4644; x_wconf 81' lang='grc' dir='ltr'>Ἀλλ’</span> <span class='ocrx_word' id='word_1_669' title='bbox 735 4591 786 4642; x_wconf 78' lang='grc' dir='ltr'>εἰ</span> <span class='ocrx_word' id='word_1_670' title='bbox 817 4591 916 4660; x_wconf 72' lang='grc' dir='ltr'>μὲν</span> <span class='ocrx_word' id='word_1_671' title='bbox 963 4589 1185 4644; x_wconf 74' lang='grc' dir='ltr'>ἄλλοθεν</span> <span class='ocrx_word' id='word_1_672' title='bbox 1213 4589 1275 4642; x_wconf 78' lang='grc' dir='ltr'>τὸ</span> <span class='ocrx_word' id='word_1_673' title='bbox 1322 4589 1397 4661; x_wconf 81' lang='grc' dir='ltr'>μὴ</span> <span class='ocrx_word' id='word_1_674' title='bbox 1423 4589 1676 4658; x_wconf 81' lang='grc' dir='ltr'>γενέσθαι</span> <span class='ocrx_word' id='word_1_675' title='bbox 1705 4590 1943 4662; x_wconf 78' lang='grc' dir='ltr'>φυσικὴν</span> 
     </span>
    </p>
   </div>
   <div class='ocr_carea' id='block_1_91' title="bbox 375 4680 1944 4756">
    <p class='ocr_par' dir='ltr' id='par_1_91' title="bbox 375 4680 1944 4756">
     <span class='ocr_line' id='line_1_91' title="bbox 375 4680 1944 4756; baseline 0.003 -22"><span class='ocrx_word' id='word_1_676' title='bbox 375 4680 626 4736; x_wconf 73' lang='grc' dir='ltr'>σύνθεσιν</span> <span class='ocrx_word' id='word_1_677' title='bbox 656 4681 778 4736; x_wconf 84' lang='grc' dir='ltr'>καθ’</span> <span class='ocrx_word' id='word_1_678' title='bbox 803 4682 1100 4736; x_wconf 77' lang='grc' dir='ltr'>ὑπόστασιν</span> <span class='ocrx_word' id='word_1_679' title='bbox 1129 4681 1398 4748; x_wconf 71' lang='grc' dir='ltr'>ἐπιδεῖξαι</span> <span class='ocrx_word' id='word_1_680' title='bbox 1441 4683 1598 4737; x_wconf 85' lang='grc' dir='ltr'>τοῦτο</span> <span class='ocrx_word' id='word_1_681' title='bbox 1629 4684 1730 4756; x_wconf 72' lang='grc' dir='ltr'>ἢδη</span> <span class='ocrx_word' id='word_1_682' title='bbox 1771 4685 1944 4754; x_wconf 87' lang='grc' dir='ltr'>ἀναγ-</span> 
     </span>
    </p>
   </div>
   <div class='ocr_carea' id='block_1_92' title="bbox 373 4773 1938 4846">
    <p class='ocr_par' dir='ltr' id='par_1_92' title="bbox 373 4773 1938 4846">
     <span class='ocr_line' id='line_1_92' title="bbox 373 4773 1938 4846; baseline 0.003 -20"><span class='ocrx_word' id='word_1_683' title='bbox 373 4773 542 4836; x_wconf 75' lang='grc' dir='ltr'>καίως</span> <span class='ocrx_word' id='word_1_684' title='bbox 593 4774 1046 4836; x_wconf 83' lang='grc' dir='ltr'>κατασκευάσετε,</span> <span class='ocrx_word' id='word_1_685' title='bbox 1103 4773 1354 4844; x_wconf 71' lang='grc' dir='ltr'>εἴποιμεν</span> <span class='ocrx_word' id='word_1_686' title='bbox 1409 4773 1713 4838; x_wconf 78' lang='grc' dir='ltr'>αὐτοῖςἘί</span> <span class='ocrx_word' id='word_1_687' title='bbox 1768 4775 1826 4829; x_wconf 78' lang='grc' dir='ltr'>δέ</span> <span class='ocrx_word' id='word_1_688' title='bbox 1873 4793 1938 4846; x_wconf 87' lang='grc' dir='ltr'>γε</span> 
     </span>
    </p>
   </div>
   <div class='ocr_carea' id='block_1_93' title="bbox 373 4863 1960 4937">
    <p class='ocr_par' dir='ltr' id='par_1_93' title="bbox 373 4863 1960 4937">
     <span class='ocr_line' id='line_1_93' title="bbox 373 4863 1960 4937; baseline 0.001 -19"><span class='ocrx_word' id='word_1_689' title='bbox 373 4865 713 4929; x_wconf 71' lang='grc' dir='ltr'>ὑποθετικῶς</span> <span class='ocrx_word' id='word_1_690' title='bbox 749 4865 848 4935; x_wconf 77' lang='grc' dir='ltr'>τὴν</span> <span class='ocrx_word' id='word_1_691' title='bbox 889 4863 1138 4918; x_wconf 80' lang='grc' dir='ltr'>σύνθεσιν</span> <span class='ocrx_word' id='word_1_692' title='bbox 1179 4867 1312 4936; x_wconf 79' lang='grc' dir='ltr'>ἡμῖν</span> <span class='ocrx_word' id='word_1_693' title='bbox 1360 4866 1500 4930; x_wconf 76' lang='grc' dir='ltr'>ὅλως</span> <span class='ocrx_word' id='word_1_694' title='bbox 1553 4865 1688 4920; x_wconf 85' lang='grc' dir='ltr'>Θεοῦ</span> <span class='ocrx_word' id='word_1_695' title='bbox 1721 4867 1856 4937; x_wconf 76' lang='grc' dir='ltr'>πρός</span> <span class='ocrx_word' id='word_1_696' title='bbox 1886 4885 1960 4930; x_wconf 61' lang='grc' dir='ltr'>τι,</span> 
     </span>
    </p>
   </div>
   <div class='ocr_carea' id='block_1_94' title="bbox 373 4957 1942 5029">
    <p class='ocr_par' dir='ltr' id='par_1_94' title="bbox 373 4957 1942 5029">
     <span class='ocr_line' id='line_1_94' title="bbox 373 4957 1942 5029; baseline 0.002 -18"><span class='ocrx_word' id='word_1_697' title='bbox 373 4959 743 5028; x_wconf 79' lang='grc' dir='ltr'>συγχωρεῖτε,</span> <span class='ocrx_word' id='word_1_698' title='bbox 793 4957 892 5011; x_wconf 82' lang='grc' dir='ltr'>οὐκ</span> <span class='ocrx_word' id='word_1_699' title='bbox 951 4957 1008 5024; x_wconf 74' lang='grc' dir='ltr'>ἐξ</span> <span class='ocrx_word' id='word_1_700' title='bbox 1065 4957 1314 5027; x_wconf 85' lang='grc' dir='ltr'>ἀνάγκης</span> <span class='ocrx_word' id='word_1_701' title='bbox 1359 4957 1546 5013; x_wconf 70' lang='grc' dir='ltr'>λοιπον</span> <span class='ocrx_word' id='word_1_702' title='bbox 1587 4961 1652 5012; x_wconf 87' lang='grc' dir='ltr'>τά</span> <span class='ocrx_word' id='word_1_703' title='bbox 1699 4959 1942 5029; x_wconf 75' lang='grc' dir='ltr'>ὲπὸμενα</span> 
     </span>
    </p>
   </div>
   <div class='ocr_carea' id='block_1_95' title="bbox 374 5045 1942 5119">
    <p class='ocr_par' dir='ltr' id='par_1_95' title="bbox 374 5045 1942 5119">
     <span class='ocr_line' id='line_1_95' title="bbox 374 5045 1942 5119; baseline 0.003 -19"><span class='ocrx_word' id='word_1_704' title='bbox 374 5047 621 5101; x_wconf 75' lang='grc' dir='ltr'>συνθέσει</span> <span class='ocrx_word' id='word_1_705' title='bbox 679 5045 1012 5113; x_wconf 73' lang='grc' dir='ltr'>ἐπαγάγοιτε</span> <span class='ocrx_word' id='word_1_706' title='bbox 1050 5061 1064 5078; x_wconf 89' lang='grc'><strong>·</strong></span> <span class='ocrx_word' id='word_1_707' title='bbox 1091 5046 1136 5116; x_wconf 64' lang='grc' dir='ltr'>ἢ,</span> <span class='ocrx_word' id='word_1_708' title='bbox 1161 5046 1249 5100; x_wconf 79' lang='grc' dir='ltr'>διὰ</span> <span class='ocrx_word' id='word_1_709' title='bbox 1307 5048 1368 5100; x_wconf 79' lang='grc' dir='ltr'>τὸ</span> <span class='ocrx_word' id='word_1_710' title='bbox 1423 5047 1499 5119; x_wconf 86' lang='grc' dir='ltr'>μὴ</span> <span class='ocrx_word' id='word_1_711' title='bbox 1545 5049 1753 5102; x_wconf 80' lang='grc' dir='ltr'>τοιάνδε</span> <span class='ocrx_word' id='word_1_712' title='bbox 1803 5047 1942 5104; x_wconf 79' lang='grc' dir='ltr'>εἶναι</span> 
     </span>
    </p>
   </div>
   <div class='ocr_carea' id='block_1_96' title="bbox 372 5133 1940 5212">
    <p class='ocr_par' dir='ltr' id='par_1_96' title="bbox 372 5133 1940 5212">
     <span class='ocr_line' id='line_1_96' title="bbox 372 5133 1940 5212; baseline 0.002 -20"><span class='ocrx_word' id='word_1_713' title='bbox 372 5133 542 5210; x_wconf 78' lang='grc' dir='ltr'>αὐτὴν</span> <span class='ocrx_word' id='word_1_714' title='bbox 563 5137 684 5191; x_wconf 76' lang='grc' dir='ltr'>οἵαν</span> <span class='ocrx_word' id='word_1_715' title='bbox 735 5135 849 5190; x_wconf 71' lang='grc' dir='ltr'>ἴστε</span> <span class='ocrx_word' id='word_1_716' title='bbox 877 5138 1174 5207; x_wconf 82' lang='grc' dir='ltr'>γινομένην</span> <span class='ocrx_word' id='word_1_717' title='bbox 1203 5139 1297 5192; x_wconf 74' lang='grc' dir='ltr'>ἐπὶ</span> <span class='ocrx_word' id='word_1_718' title='bbox 1349 5142 1460 5203; x_wconf 84' lang='grc' dir='ltr'>τοῖς</span> <span class='ocrx_word' id='word_1_719' title='bbox 1511 5139 1590 5212; x_wconf 79' lang='grc' dir='ltr'>μὴ</span> <span class='ocrx_word' id='word_1_720' title='bbox 1641 5141 1814 5195; x_wconf 83' lang='grc' dir='ltr'>τοῖσδε</span> <span class='ocrx_word' id='word_1_721' title='bbox 1847 5137 1940 5196; x_wconf 81' lang='grc' dir='ltr'>οῦ-</span> 
     </span>
    </p>
   </div>
   <div class='ocr_carea' id='block_1_97' title="bbox 377 5229 1938 5306">
    <p class='ocr_par' dir='ltr' id='par_1_97' title="bbox 377 5229 1938 5306">
     <span class='ocr_line' id='line_1_97' title="bbox 377 5229 1938 5306; baseline 0.003 -24"><span class='ocrx_word' id='word_1_722' title='bbox 377 5247 481 5292; x_wconf 78' lang='grc' dir='ltr'>σιν.</span> <span class='ocrx_word' id='word_1_723' title='bbox 530 5230 699 5298; x_wconf 71' lang='grc' dir='ltr'>ἤγουν</span> <span class='ocrx_word' id='word_1_724' title='bbox 737 5229 905 5292; x_wconf 85' lang='grc' dir='ltr'>θείοις</span> <span class='ocrx_word' id='word_1_725' title='bbox 961 5231 1056 5281; x_wconf 80' lang='grc' dir='ltr'>καὶ</span> <span class='ocrx_word' id='word_1_726' title='bbox 1117 5229 1480 5301; x_wconf 74' lang='grc' dir='ltr'>ἀνθρωπίνοις</span> <span class='ocrx_word' id='word_1_727' title='bbox 1535 5232 1758 5302; x_wconf 81' lang='grc' dir='ltr'>μέρεσιν</span> <span class='ocrx_word' id='word_1_728' title='bbox 1785 5249 1798 5263; x_wconf 74' lang='grc' dir='ltr'><strong>ο</strong></span> <span class='ocrx_word' id='word_1_729' title='bbox 1838 5233 1938 5306; x_wconf 68' lang='grc' dir='ltr'>ἤδη</span> 
     </span>
    </p>
   </div>
   <div class='ocr_carea' id='block_1_98' title="bbox 2045 4593 3614 4668">
    <p class='ocr_par' dir='ltr' id='par_1_98' title="bbox 2045 4593 3614 4668">
     <span class='ocr_line' id='line_1_98' title="bbox 2045 4593 3614 4668; baseline -0.004 -15"><span class='ocrx_word' id='word_1_730' title='bbox 2045 4615 2195 4666; x_wconf 89' lang='lat' dir='ltr'><strong>nam,</strong></span> <span class='ocrx_word' id='word_1_731' title='bbox 2257 4598 2465 4654; x_wconf 81' lang='lat' dir='ltr'><strong>eisdem</strong></span> <span class='ocrx_word' id='word_1_732' title='bbox 2533 4593 2724 4653; x_wconf 81' lang='lat' dir='ltr'><strong>verbis</strong></span> <span class='ocrx_word' id='word_1_733' title='bbox 2793 4596 3292 4668; x_wconf 83' lang='lat' dir='ltr'><strong>respondebimus:</strong></span> <span class='ocrx_word' id='word_1_734' title='bbox 3327 4594 3384 4652; x_wconf 91' lang='lat' dir='ltr'><strong>Si</strong></span> <span class='ocrx_word' id='word_1_735' title='bbox 3431 4599 3614 4650; x_wconf 87' lang='lat' dir='ltr'><strong>autem</strong></span> 
     </span>
    </p>
   </div>
   <div class='ocr_carea' id='block_1_99' title="bbox 2046 4683 3619 4760">
    <p class='ocr_par' dir='ltr' id='par_1_99' title="bbox 2046 4683 3619 4760">
     <span class='ocr_line' id='line_1_99' title="bbox 2046 4683 3619 4760; baseline -0.001 -16"><span class='ocrx_word' id='word_1_736' title='bbox 2046 4689 2210 4744; x_wconf 85' lang='lat' dir='ltr'><strong>nobis</strong></span> <span class='ocrx_word' id='word_1_737' title='bbox 2251 4687 2556 4744; x_wconf 88' lang='lat' dir='ltr'><strong>conceditis</strong></span> <span class='ocrx_word' id='word_1_738' title='bbox 2577 4687 2918 4760; x_wconf 85' lang='lat' dir='ltr'><strong>hypothetici</strong></span> <span class='ocrx_word' id='word_1_739' title='bbox 2951 4687 3046 4742; x_wconf 89' lang='lat' dir='ltr'><strong>Dei</strong></span> <span class='ocrx_word' id='word_1_740' title='bbox 3075 4701 3200 4742; x_wconf 91' lang='lat' dir='ltr'>cum</span> <span class='ocrx_word' id='word_1_741' title='bbox 3230 4687 3418 4754; x_wconf 85' lang='lat' dir='ltr'><strong>aliquo</strong></span> <span class='ocrx_word' id='word_1_742' title='bbox 3457 4683 3619 4742; x_wconf 74' lang='lat' dir='ltr'><strong>unio-</strong></span> 
     </span>
    </p>
   </div>
   <div class='ocr_carea' id='block_1_100' title="bbox 2045 4775 3636 4850">
    <p class='ocr_par' dir='ltr' id='par_1_100' title="bbox 2045 4775 3636 4850">
     <span class='ocr_line' id='line_1_100' title="bbox 2045 4775 3636 4850; baseline 0.002 -16"><span class='ocrx_word' id='word_1_743' title='bbox 2045 4795 2202 4840; x_wconf 70' lang='lat' dir='ltr'><strong>nem,</strong></span> <span class='ocrx_word' id='word_1_744' title='bbox 2225 4794 2326 4833; x_wconf 88' lang='lat' dir='ltr'>nec</span> <span class='ocrx_word' id='word_1_745' title='bbox 2355 4779 2610 4850; x_wconf 89' lang='lat' dir='ltr'><strong>amplius,</strong></span> <span class='ocrx_word' id='word_1_746' title='bbox 2655 4790 2913 4850; x_wconf 87' lang='lat' dir='ltr'><strong>tanquam</strong></span> <span class='ocrx_word' id='word_1_747' title='bbox 2941 4779 3303 4843; x_wconf 87' lang='lat' dir='ltr'><strong>necessarias,</strong></span> <span class='ocrx_word' id='word_1_748' title='bbox 3343 4775 3636 4837; x_wconf 76' lang='lat' dir='ltr'><strong>inducatiS.</strong></span> 
     </span>
    </p>
   </div>
   <div class='ocr_carea' id='block_1_101' title="bbox 2055 4867 3618 4940">
    <p class='ocr_par' dir='ltr' id='par_1_101' title="bbox 2055 4867 3618 4940">
     <span class='ocr_line' id='line_1_101' title="bbox 2055 4867 3618 4940; baseline 0.002 -19"><span class='ocrx_word' id='word_1_749' title='bbox 2055 4867 2464 4940; x_wconf 73' lang='lat' dir='ltr'><strong>coniunctionis</strong></span> <span class='ocrx_word' id='word_1_750' title='bbox 2495 4869 2954 4938; x_wconf 88' lang='lat' dir='ltr'><strong>consequentias;</strong></span> <span class='ocrx_word' id='word_1_751' title='bbox 2995 4868 3080 4923; x_wconf 91' lang='lat' dir='ltr'>vel</span> <span class='ocrx_word' id='word_1_752' title='bbox 3113 4868 3244 4939; x_wconf 78' lang='lat' dir='ltr'><strong>quia</strong></span> <span class='ocrx_word' id='word_1_753' title='bbox 3272 4883 3384 4928; x_wconf 81' lang='lat' dir='ltr'>non</span> <span class='ocrx_word' id='word_1_754' title='bbox 3409 4875 3497 4923; x_wconf 89' lang='lat' dir='ltr'>est</span> <span class='ocrx_word' id='word_1_755' title='bbox 3521 4883 3618 4924; x_wconf 80' lang='lat' dir='ltr'><strong>ea-</strong></span> 
     </span>
    </p>
   </div>
   <div class='ocr_carea' id='block_1_102' title="bbox 2051 4957 3618 5031">
    <p class='ocr_par' dir='ltr' id='par_1_102' title="bbox 2051 4957 3618 5031">
     <span class='ocr_line' id='line_1_102' title="bbox 2051 4957 3618 5031; baseline 0 -15"><span class='ocrx_word' id='word_1_756' title='bbox 2051 4959 2178 5016; x_wconf 86' lang='lat' dir='ltr'>dem</span> <span class='ocrx_word' id='word_1_757' title='bbox 2207 4976 2272 5016; x_wconf 88' lang='lat' dir='ltr'>ac</span> <span class='ocrx_word' id='word_1_758' title='bbox 2300 4961 2446 5014; x_wconf 89' lang='lat' dir='ltr'><strong>illam</strong></span> <span class='ocrx_word' id='word_1_759' title='bbox 2481 4975 2648 5031; x_wconf 89' lang='lat' dir='ltr'><strong>quam</strong></span> <span class='ocrx_word' id='word_1_760' title='bbox 2680 4961 2837 5016; x_wconf 82' lang='lat' dir='ltr'><strong>scitis</strong></span> <span class='ocrx_word' id='word_1_761' title='bbox 2877 4977 2943 5016; x_wconf 79' lang='lat' dir='ltr'><strong>ex</strong></span> <span class='ocrx_word' id='word_1_762' title='bbox 2982 4959 3220 5020; x_wconf 79' lang='lat' dir='ltr'><strong>diversis</strong></span> <span class='ocrx_word' id='word_1_763' title='bbox 3247 4958 3388 5024; x_wconf 76' lang='lat' dir='ltr'><strong>ﬁeri,</strong></span> <span class='ocrx_word' id='word_1_764' title='bbox 3423 4957 3478 5014; x_wconf 91' lang='lat' dir='ltr'>id</span> <span class='ocrx_word' id='word_1_765' title='bbox 3511 4968 3618 5020; x_wconf 78' lang='lat' dir='ltr'><strong>est.</strong></span> 
     </span>
    </p>
   </div>
   <div class='ocr_carea' id='block_1_103' title="bbox 2048 5051 3636 5124">
    <p class='ocr_par' dir='ltr' id='par_1_103' title="bbox 2048 5051 3636 5124">
     <span class='ocr_line' id='line_1_103' title="bbox 2048 5051 3636 5124; baseline 0.003 -18"><span class='ocrx_word' id='word_1_766' title='bbox 2048 5051 2254 5108; x_wconf 91' lang='lat' dir='ltr'><strong>divinis</strong></span> <span class='ocrx_word' id='word_1_767' title='bbox 2287 5061 2344 5108; x_wconf 90' lang='lat' dir='ltr'>et</span> <span class='ocrx_word' id='word_1_768' title='bbox 2376 5052 2637 5108; x_wconf 86' lang='lat' dir='ltr'><strong>humanis</strong></span> <span class='ocrx_word' id='word_1_769' title='bbox 2685 5053 2968 5122; x_wconf 65' lang='lat' dir='ltr'><strong>partibus,</strong></span> <span class='ocrx_word' id='word_1_770' title='bbox 2989 5053 3114 5124; x_wconf 71' lang='lat' dir='ltr'><strong>jam.</strong></span> <span class='ocrx_word' id='word_1_771' title='bbox 3137 5052 3287 5112; x_wconf 88' lang='lat' dir='ltr'><strong>illam</strong></span> <span class='ocrx_word' id='word_1_772' title='bbox 3333 5051 3636 5111; x_wconf 72' lang='lat' dir='ltr'><strong>cvertetis...</strong></span> 
     </span>
    </p>
   </div>
   <div class='ocr_carea' id='block_1_104' title="bbox 2047 5141 3626 5212">
    <p class='ocr_par' dir='ltr' id='par_1_104' title="bbox 2047 5141 3626 5212">
     <span class='ocr_line' id='line_1_104' title="bbox 2047 5141 3626 5212; baseline 0 -12"><span class='ocrx_word' id='word_1_773' title='bbox 2047 5144 2293 5212; x_wconf 85' lang='lat' dir='ltr'><strong>Quorum</strong></span> <span class='ocrx_word' id='word_1_774' title='bbox 2321 5147 2470 5202; x_wconf 88' lang='lat' dir='ltr'><strong>enim</strong></span> <span class='ocrx_word' id='word_1_775' title='bbox 2502 5155 2716 5202; x_wconf 69' lang='lat' dir='ltr'><strong>natura:</strong></span> <span class='ocrx_word' id='word_1_776' title='bbox 2739 5160 2851 5202; x_wconf 83' lang='lat' dir='ltr'>non</span> <span class='ocrx_word' id='word_1_777' title='bbox 2873 5155 3004 5200; x_wconf 90' lang='lat' dir='ltr'><strong>sunt</strong></span> <span class='ocrx_word' id='word_1_778' title='bbox 3031 5143 3086 5205; x_wconf 82' lang='lat' dir='ltr'>in</span> <span class='ocrx_word' id='word_1_779' title='bbox 3120 5144 3377 5204; x_wconf 81' lang='lat' dir='ltr'><strong>omnibus</strong></span> <span class='ocrx_word' id='word_1_780' title='bbox 3393 5141 3626 5206; x_wconf 53' lang='lat' dir='ltr'><strong>easdem,</strong></span> 
     </span>
    </p>
   </div>
   <div class='ocr_carea' id='block_1_105' title="bbox 2046 5225 3701 5310">
    <p class='ocr_par' dir='ltr' id='par_1_105' title="bbox 2046 5225 3701 5310">
     <span class='ocr_line' id='line_1_105' title="bbox 2046 5225 3701 5310; baseline -0.002 -18"><span class='ocrx_word' id='word_1_781' title='bbox 2046 5253 2241 5294; x_wconf 89' lang='lat' dir='ltr'><strong>eorum</strong></span> <span class='ocrx_word' id='word_1_782' title='bbox 2271 5253 2452 5310; x_wconf 89' lang='lat' dir='ltr'><strong>neque</strong></span> <span class='ocrx_word' id='word_1_783' title='bbox 2479 5239 2802 5310; x_wconf 69' lang='lat' dir='ltr'><strong>coniunctio</strong></span> <span class='ocrx_word' id='word_1_784' title='bbox 2821 5237 3016 5296; x_wconf 88' lang='lat' dir='ltr'><strong>eadem</strong></span> <span class='ocrx_word' id='word_1_785' title='bbox 3045 5236 3334 5296; x_wconf 79' lang='lat' dir='ltr'><strong>manifeste</strong></span> <span class='ocrx_word' id='word_1_786' title='bbox 3365 5235 3496 5291; x_wconf 72' lang='lat' dir='ltr'><strong>erit.</strong></span> <span class='ocrx_word' id='word_1_787' title='bbox 3697 5225 3701 5227; x_wconf 71' lang='grc'><strong>’</strong></span> 
     </span>
    </p>
   </div>
   <div class='ocr_carea' id='block_1_106' title="bbox 375 5317 3624 5407">
    <p class='ocr_par' dir='ltr' id='par_1_106' title="bbox 375 5317 3624 5407">
     <span class='ocr_line' id='line_1_106' title="bbox 375 5317 3624 5407; baseline 0.002 -30"><span class='ocrx_word' id='word_1_788' title='bbox 375 5327 466 5381; x_wconf 79' lang='grc' dir='ltr'>καὶ</span> <span class='ocrx_word' id='word_1_789' title='bbox 494 5327 700 5397; x_wconf 79' lang='grc' dir='ltr'>ταύτην</span> <span class='ocrx_word' id='word_1_790' title='bbox 752 5324 1104 5396; x_wconf 66' lang='grc' dir='ltr'>ἀνατρέψετε.</span> <span class='ocrx_word' id='word_1_791' title='bbox 1135 5317 1236 5377; x_wconf 77' lang='grc' dir='ltr'>Ὧν</span> <span class='ocrx_word' id='word_1_792' title='bbox 1285 5324 1393 5396; x_wconf 70' lang='grc' dir='ltr'>γάρ</span> <span class='ocrx_word' id='word_1_793' title='bbox 1429 5327 1487 5378; x_wconf 67' lang='grc' dir='ltr'>αἱ</span> <span class='ocrx_word' id='word_1_794' title='bbox 1523 5326 1715 5395; x_wconf 71' lang='grc' dir='ltr'>φύσεις</span> <span class='ocrx_word' id='word_1_795' title='bbox 1739 5328 1838 5400; x_wconf 82' lang='grc' dir='ltr'>οὐχ</span> <span class='ocrx_word' id='word_1_796' title='bbox 1858 5330 1914 5382; x_wconf 81' lang='grc' dir='ltr'>αἱ</span> <span class='ocrx_word' id='word_1_797' title='bbox 1939 5331 2098 5386; x_wconf 72' lang='grc' dir='ltr'>αὐταὶ</span> <span class='ocrx_word' id='word_1_798' title='bbox 2129 5335 2269 5388; x_wconf 76' lang='grc' dir='ltr'>κατά</span> <span class='ocrx_word' id='word_1_799' title='bbox 2317 5335 2516 5397; x_wconf 82' lang='grc' dir='ltr'>πάντα,</span> <span class='ocrx_word' id='word_1_800' title='bbox 2547 5334 2671 5388; x_wconf 73' lang='grc' dir='ltr'>οὐδὲ</span> <span class='ocrx_word' id='word_1_801' title='bbox 2709 5337 2752 5406; x_wconf 70' lang='grc' dir='ltr'><strong>ἡ</strong></span> <span class='ocrx_word' id='word_1_802' title='bbox 2779 5332 2985 5404; x_wconf 65' lang='grc' dir='ltr'>φυσικὴ</span> <span class='ocrx_word' id='word_1_803' title='bbox 3037 5333 3223 5403; x_wconf 77' lang='grc' dir='ltr'>σχέσις</span> <span class='ocrx_word' id='word_1_804' title='bbox 3266 5330 3440 5407; x_wconf 30' lang='grc' dir='ltr'>ὁμοία,</span> <span class='ocrx_word' id='word_1_805' title='bbox 3481 5329 3624 5384; x_wconf 60' lang='grc' dir='ltr'>κατὰ</span> 
     </span>
    </p>
   </div>
   <div class='ocr_carea' id='block_1_107' title="bbox 373 5415 1834 5490">
    <p class='ocr_par' dir='ltr' id='par_1_107' title="bbox 373 5415 1834 5490">
     <span class='ocr_line' id='line_1_107' title="bbox 373 5415 1834 5490; baseline 0.001 -18"><span class='ocrx_word' id='word_1_806' title='bbox 373 5421 572 5486; x_wconf 79' lang='grc' dir='ltr'>πάντα,</span> <span class='ocrx_word' id='word_1_807' title='bbox 589 5419 711 5472; x_wconf 75' lang='grc' dir='ltr'>οὐδὲ</span> <span class='ocrx_word' id='word_1_808' title='bbox 741 5419 775 5490; x_wconf 80' lang='grc' dir='ltr'>ἡ</span> <span class='ocrx_word' id='word_1_809' title='bbox 805 5417 1109 5488; x_wconf 81' lang='grc' dir='ltr'>σύνθεσιςή</span> <span class='ocrx_word' id='word_1_810' title='bbox 1141 5416 1279 5488; x_wconf 76' lang='grc' dir='ltr'>αὑτὴ</span> <span class='ocrx_word' id='word_1_811' title='bbox 1301 5415 1502 5487; x_wconf 80' lang='grc' dir='ltr'>δηλαδὴ</span> <span class='ocrx_word' id='word_1_812' title='bbox 1527 5417 1834 5490; x_wconf 78' lang='grc' dir='ltr'>γενήσετάι.</span> 
     </span>
    </p>
   </div>
   <div class='ocr_carea' id='block_1_108' title="bbox 449 5506 1938 5582">
    <p class='ocr_par' dir='ltr' id='par_1_108' title="bbox 449 5506 1938 5582">
     <span class='ocr_line' id='line_1_108' title="bbox 449 5506 1938 5582; baseline 0.001 -20"><span class='ocrx_word' id='word_1_813' title='bbox 449 5511 571 5564; x_wconf 83' lang='grc' dir='ltr'>Ἔτι</span> <span class='ocrx_word' id='word_1_814' title='bbox 629 5510 822 5579; x_wconf 78' lang='grc' dir='ltr'>ῥητέον</span> <span class='ocrx_word' id='word_1_815' title='bbox 871 5509 956 5562; x_wconf 84' lang='grc' dir='ltr'>ὅτι</span> <span class='ocrx_word' id='word_1_816' title='bbox 1005 5509 1055 5561; x_wconf 84' lang='grc' dir='ltr'>εί</span> <span class='ocrx_word' id='word_1_817' title='bbox 1091 5507 1182 5562; x_wconf 76' lang='grc' dir='ltr'>καὶ</span> <span class='ocrx_word' id='word_1_818' title='bbox 1230 5507 1382 5560; x_wconf 78' lang='grc' dir='ltr'>πᾶσα</span> <span class='ocrx_word' id='word_1_819' title='bbox 1416 5506 1690 5575; x_wconf 81' lang='grc' dir='ltr'>σύνθεσις,</span> <span class='ocrx_word' id='word_1_820' title='bbox 1725 5509 1938 5582; x_wconf 73' lang='grc' dir='ltr'>ἕτερον,</span> 
     </span>
    </p>
   </div>
   <div class='ocr_carea' id='block_1_109' title="bbox 2117 5495 3635 5583">
    <p class='ocr_par' dir='ltr' id='par_1_109' title="bbox 2117 5495 3635 5583">
     <span class='ocr_line' id='line_1_109' title="bbox 2117 5495 3635 5583; baseline -0.005 -15"><span class='ocrx_word' id='word_1_821' title='bbox 2117 5510 2421 5568; x_wconf 87' lang='lat' dir='ltr'><strong>Dicendum</strong></span> <span class='ocrx_word' id='word_1_822' title='bbox 2451 5525 2672 5583; x_wconf 84' lang='lat' dir='ltr'><strong>quoque</strong></span> <span class='ocrx_word' id='word_1_823' title='bbox 2693 5519 2778 5564; x_wconf 86' lang='lat' dir='ltr'>est</span> <span class='ocrx_word' id='word_1_824' title='bbox 2799 5528 2811 5562; x_wconf 87' lang='lat'><strong>:</strong></span> <span class='ocrx_word' id='word_1_825' title='bbox 2834 5509 2892 5564; x_wconf 83' lang='lat' dir='ltr'>SI</span> <span class='ocrx_word' id='word_1_826' title='bbox 2921 5507 3101 5562; x_wconf 84' lang='lat' dir='ltr'><strong>omnis</strong></span> <span class='ocrx_word' id='word_1_827' title='bbox 3129 5495 3635 5574; x_wconf 39' lang='lat' dir='ltr'><strong>conjunctio&#39;alind</strong></span> 
     </span>
    </p>
   </div>
   <div class='ocr_carea' id='block_1_110' title="bbox 376 5595 1935 5676">
    <p class='ocr_par' dir='ltr' id='par_1_110' title="bbox 376 5598 1935 5672">
     <span class='ocr_line' id='line_1_110' title="bbox 376 5598 1935 5672; baseline 0.001 -18"><span class='ocrx_word' id='word_1_828' title='bbox 376 5601 558 5663; x_wconf 75' lang='grc' dir='ltr'>καθὼς</span> <span class='ocrx_word' id='word_1_829' title='bbox 579 5600 638 5656; x_wconf 80' lang='grc' dir='ltr'>δὲ</span> <span class='ocrx_word' id='word_1_830' title='bbox 663 5602 942 5672; x_wconf 79' lang='grc' dir='ltr'>εἰρήκατε,</span> <span class='ocrx_word' id='word_1_831' title='bbox 978 5599 1126 5670; x_wconf 85' lang='grc' dir='ltr'>παρά</span> <span class='ocrx_word' id='word_1_832' title='bbox 1156 5599 1264 5652; x_wconf 85' lang='grc' dir='ltr'>τῶν</span> <span class='ocrx_word' id='word_1_833' title='bbox 1293 5598 1474 5671; x_wconf 83' lang='grc' dir='ltr'>μερῶν</span> <span class='ocrx_word' id='word_1_834' title='bbox 1505 5599 1622 5672; x_wconf 72' lang='grc' dir='ltr'>εἴδη</span> <span class='ocrx_word' id='word_1_835' title='bbox 1661 5601 1935 5672; x_wconf 72' lang='grc' dir='ltr'>ἐπεισάγει</span> 
     </span>
    </p>
   </div>
   <div class='ocr_carea' id='block_1_111' title="bbox 2043 5595 3634 5676">
    <p class='ocr_par' dir='ltr' id='par_1_111' title="bbox 2046 5595 3634 5676">
     <span class='ocr_line' id='line_1_111' title="bbox 2046 5595 3634 5676; baseline -0.006 -17"><span class='ocrx_word' id='word_1_836' title='bbox 2046 5619 2220 5676; x_wconf 77' lang='lat' dir='ltr'><strong>genus</strong></span> <span class='ocrx_word' id='word_1_837' title='bbox 2241 5602 2364 5667; x_wconf 88' lang='lat' dir='ltr'><strong>toti,</strong></span> <span class='ocrx_word' id='word_1_838' title='bbox 2389 5609 2452 5656; x_wconf 90' lang='lat' dir='ltr'>ut</span> <span class='ocrx_word' id='word_1_839' title='bbox 2478 5600 2716 5666; x_wconf 81' lang='lat' dir='ltr'><strong>dixistis,</strong></span> <span class='ocrx_word' id='word_1_840' title='bbox 2747 5598 2928 5664; x_wconf 76' lang='lat' dir='ltr'><strong>alfert,</strong></span> <span class='ocrx_word' id='word_1_841' title='bbox 2953 5607 3106 5654; x_wconf 78' lang='lat' dir='ltr'><strong>extra</strong></span> <span class='ocrx_word' id='word_1_842' title='bbox 3133 5595 3368 5667; x_wconf 80' lang='lat' dir='ltr'><strong>partium</strong></span> <span class='ocrx_word' id='word_1_843' title='bbox 3395 5609 3634 5665; x_wconf 54' lang='lat' dir='ltr'><strong>genera,</strong></span> 
     </span>
    </p>
   </div>
   <div class='ocr_carea' id='block_1_112' title="bbox 375 5685 1935 5766">
    <p class='ocr_par' dir='ltr' id='par_1_112' title="bbox 375 5685 1935 5760">
     <span class='ocr_line' id='line_1_112' title="bbox 375 5685 1935 5760; baseline 0.004 -22"><span class='ocrx_word' id='word_1_844' title='bbox 375 5687 454 5756; x_wconf 79' lang='grc' dir='ltr'>τῷ</span> <span class='ocrx_word' id='word_1_845' title='bbox 501 5687 609 5753; x_wconf 71' lang='grc' dir='ltr'>ὅλῳ</span> <span class='ocrx_word' id='word_1_846' title='bbox 653 5685 814 5754; x_wconf 79' lang='grc' dir='ltr'>εἶδος,</span> <span class='ocrx_word' id='word_1_847' title='bbox 858 5687 1313 5759; x_wconf 78' lang='grc' dir='ltr'>προωμολόγηται</span> <span class='ocrx_word' id='word_1_848' title='bbox 1355 5688 1506 5758; x_wconf 81' lang='grc' dir='ltr'>ὅμως</span> <span class='ocrx_word' id='word_1_849' title='bbox 1543 5691 1675 5760; x_wconf 76' lang='grc' dir='ltr'>ἡμῖν</span> <span class='ocrx_word' id='word_1_850' title='bbox 1711 5691 1804 5746; x_wconf 89' lang='grc' dir='ltr'>τοῦ</span> <span class='ocrx_word' id='word_1_851' title='bbox 1847 5691 1935 5744; x_wconf 76' lang='grc' dir='ltr'>νῦν</span> 
     </span>
    </p>
   </div>
   <div class='ocr_carea' id='block_1_113' title="bbox 2043 5685 3634 5766">
    <p class='ocr_par' dir='ltr' id='par_1_113' title="bbox 2043 5685 3634 5766">
     <span class='ocr_line' id='line_1_113' title="bbox 2043 5685 3634 5766; baseline -0.003 -18"><span class='ocrx_word' id='word_1_852' title='bbox 2043 5696 2153 5766; x_wconf 79' lang='lat' dir='ltr'><strong>jam</strong></span> <span class='ocrx_word' id='word_1_853' title='bbox 2186 5709 2216 5748; x_wconf 86' lang='lat' dir='ltr'>a</span> <span class='ocrx_word' id='word_1_854' title='bbox 2245 5692 2404 5749; x_wconf 90' lang='lat' dir='ltr'><strong>nobis</strong></span> <span class='ocrx_word' id='word_1_855' title='bbox 2433 5691 2538 5751; x_wconf 79' lang='lat' dir='ltr'><strong>(uit</strong></span> <span class='ocrx_word' id='word_1_856' title='bbox 2568 5692 2810 5763; x_wconf 88' lang='lat' dir='ltr'><strong>positum</strong></span> <span class='ocrx_word' id='word_1_857' title='bbox 2837 5705 3001 5746; x_wconf 87' lang='lat' dir='ltr'><strong>unam</strong></span> <span class='ocrx_word' id='word_1_858' title='bbox 3032 5696 3243 5760; x_wconf 85' lang='lat' dir='ltr'><strong>partem</strong></span> <span class='ocrx_word' id='word_1_859' title='bbox 3273 5685 3445 5744; x_wconf 83' lang='lat' dir='ltr'><strong>totius</strong></span> <span class='ocrx_word' id='word_1_860' title='bbox 3475 5687 3634 5762; x_wconf 74' lang='lat' dir='ltr'><strong>quod</strong></span> 
     </span>
    </p>
   </div>
   <div class='ocr_carea' id='block_1_114' title="bbox 374 5775 1935 5854">
    <p class='ocr_par' dir='ltr' id='par_1_114' title="bbox 374 5775 1935 5854">
     <span class='ocr_line' id='line_1_114' title="bbox 374 5775 1935 5854; baseline 0.002 -20"><span class='ocrx_word' id='word_1_861' title='bbox 374 5781 801 5854; x_wconf 73' lang='grc' dir='ltr'>ἀνακρινομένου</span> <span class='ocrx_word' id='word_1_862' title='bbox 859 5781 1112 5836; x_wconf 74' lang='grc' dir='ltr'>συνθέτου</span> <span class='ocrx_word' id='word_1_863' title='bbox 1163 5779 1222 5835; x_wconf 75' lang='grc' dir='ltr'>ἓν</span> <span class='ocrx_word' id='word_1_864' title='bbox 1263 5775 1403 5834; x_wconf 75' lang='grc' dir='ltr'>εἶναι</span> <span class='ocrx_word' id='word_1_865' title='bbox 1457 5781 1618 5853; x_wconf 80' lang='grc' dir='ltr'>μέρος</span> <span class='ocrx_word' id='word_1_866' title='bbox 1664 5783 1725 5836; x_wconf 70' lang='grc' dir='ltr'>τὸ</span> <span class='ocrx_word' id='word_1_867' title='bbox 1768 5784 1935 5852; x_wconf 75' lang='grc' dir='ltr'>Θεῖον¹</span> 
     </span>
    </p>
   </div>
   <div class='ocr_carea' id='block_1_115' title="bbox 2043 5775 3625 5854">
    <p class='ocr_par' dir='ltr' id='par_1_115' title="bbox 2044 5779 3625 5852">
     <span class='ocr_line' id='line_1_115' title="bbox 2044 5779 3625 5852; baseline -0.005 -11"><span class='ocrx_word' id='word_1_868' title='bbox 2044 5783 2486 5851; x_wconf 86' lang='lat' dir='ltr'><strong>consideramus,</strong></span> <span class='ocrx_word' id='word_1_869' title='bbox 2515 5782 2635 5838; x_wconf 84' lang='lat' dir='ltr'><strong>esse</strong></span> <span class='ocrx_word' id='word_1_870' title='bbox 2667 5781 2912 5838; x_wconf 79' lang='lat' dir='ltr'><strong>divinum</strong></span> <span class='ocrx_word' id='word_1_871' title='bbox 2944 5779 3076 5836; x_wconf 91' lang='lat' dir='ltr'><strong>illud</strong></span> <span class='ocrx_word' id='word_1_872' title='bbox 3119 5779 3266 5852; x_wconf 91' lang='lat' dir='ltr'><strong>quod</strong></span> <span class='ocrx_word' id='word_1_873' title='bbox 3309 5779 3490 5840; x_wconf 78' lang='lat' dir='ltr'><strong>omnis</strong></span> <span class='ocrx_word' id='word_1_874' title='bbox 3530 5795 3625 5852; x_wconf 70' lang='lat' dir='ltr'><strong>ce-</strong></span> 
     </span>
    </p>
   </div>
  </div>
