3932 6152
301 275 434 337 ἷ523

1528 279 1835 343 LEONTII
1879 233 2286 342 cratumst

3431 277 3592 343 1524

291 387 443 442 neris
474 394 668 444 auctor
705 397 810 456 est,
846 390 899 445 id
928 398 1034 455 est,
1067 390 1312 446 divinum
1347 391 1608 447 Verbum.
1649 390 1708 447 Si
1738 404 1870 462 ergo

1998 391 2054 444 ηό
2093 390 2296 454 παντὸς
2348 389 2525 456 εἴδους
2568 389 2852 462 ποιητικός
2900 393 3015 448 ἐστι
3073 392 3216 458 θεῖος
3272 393 3472 463 Λόγος.
3503 395 3583 449 Et

293 478 442 535 aliud
471 488 618 536 esset
649 481 816 538 totius
845 482 1128 553 cujusdam
1162 492 1364 554 praeter
1393 483 1632 553 partium
1673 497 1868 553 genus,

297 569 470 639 ipsius
498 571 707 626 scilicet
735 583 830 628 aut
871 573 1018 628 illius
1048 575 1195 644 quod
1238 591 1362 630 cum
1400 577 1520 635 ipso
1550 584 1654 640 est,
1684 590 1874 630 neces-

295 663 430 718 sitas
473 663 580 718 erit
627 663 913 734 rejieiendi
955 665 1041 719 vel
1086 665 1244 720 illum
1289 681 1549 736 generum
1589 675 1872 721 auctorem

295 754 684 810 univcrsaliter
715 755 960 826 agnitum
1007 765 1064 810 et
1109 771 1176 810 ex
1226 764 1454 827 utraque
1483 766 1640 829 parte
1678 771 1874 826 recep-

297 855 435 910 tum,
465 845 552 900 vel
589 845 884 916 quemdam
905 845 1095 901 alium.
1130 846 1306 902 Omne
1339 848 1487 902 enim
1514 847 1662 917 quod
1699 847 1778 913 fit,
1810 836 1874 904 se

296 937 478 1007 ipsum
511 936 800 992 manifeste
825 953 934 992 non
963 937 1147 1002 faciet,
1175 938 1422 994 nondum
1449 938 1743 1004 cxsistcns,
1777 939 1876 994 sed

296 1027 366 1082 ab
396 1027 506 1082 alio
531 1025 736 1084 factum
761 1035 866 1092 est,
892 1027 939 1083 si
961 1027 1211 1096 exsistit;
1239 1029 1282 1084 si
1313 1036 1497 1084 autem
1529 1045 1639 1084 non
1669 1029 1876 1086 factum

296 1127 403 1184 est,
436 1135 620 1191 neque
651 1127 756 1176 est.
783 1119 906 1176 Non
950 1134 1086 1190 ergo
1135 1121 1205 1176 ab
1253 1121 1362 1175 alio
1400 1121 1578 1175 factus
1626 1131 1730 1185 est,
1779 1121 1876 1190 qui

297 1207 449 1264 solus
490 1207 830 1263 substantias
877 1217 1028 1264 creat
1074 1215 1131 1264 et
1169 1208 1442 1264 naturalis
1485 1218 1572 1264 est
1613 1224 1876 1280 generum

299 1306 513 1362 auctor,
549 1298 643 1368 qui
674 1298 881 1356 dicitur
915 1314 1040 1369 pars
1079 1298 1227 1355 illius
1257 1300 1426 1355 totius
1459 1317 1472 1353 :
1507 1300 1575 1356 de
1609 1315 1720 1370 quo
1749 1315 1880 1354 con-

301 1391 577 1448 sentimus
593 1405 806 1447 omnes.
837 1389 894 1445 Si
929 1398 1114 1446 autem
1140 1391 1210 1446 ab
1237 1391 1334 1446 illo
1358 1391 1562 1446 factum
1592 1403 1678 1447 est
1702 1400 1882 1447 totuu

303 1483 462 1549 illud,
494 1492 714 1552 etopus
737 1482 842 1538 erit
864 1483 1094 1538 alterius
1123 1499 1188 1538 ex
1219 1483 1334 1538 suis
1369 1484 1644 1554 partibus.
1670 1485 1746 1540 ita
1774 1485 1882 1538 erit

304 1585 367 1631 ut
407 1590 532 1645 pars
579 1577 637 1630 in
684 1583 802 1631 toto
841 1575 1260 1645 comprehensa.
1305 1590 1468 1632 causa
1508 1577 1610 1632 sub
1656 1577 1878 1641 effectu,

303 1666 451 1738 quod
493 1676 578 1722 est
619 1665 984 1738 impossibile.
1026 1665 1164 1722 Cum
1197 1665 1316 1722 baac
1344 1667 1456 1722 sint
1495 1667 1878 1736 impossibilia,

1977 477 2070 536 οὖν
2120 499 2175 536 τι
2238 481 2430 550 ἕτερον
2481 481 2632 553 αὖτῷ
2681 500 2743 534 τε
2797 483 2893 536 καὶ
2959 484 3038 554 τῷ
3102 486 3201 539 σὺν
3255 486 3406 556 αὑτῷ
3449 485 3580 540 ὅντε

1975 573 2051 638 ὡς
2108 573 2334 644 μέρεσιν
2393 573 2700 644 ἐπιγένοιτο
2749 571 2886 640 εἶδος
2949 575 3074 630 ὅλου
3132 578 3580 651 magnam»

1975 664 2190 734 ἀνάγκη
2239 663 2401 718 τοῦτο
2474 665 2884 737 προϐάλλεσθαι
2941 667 3216 722 εἰδοποιδν
3277 669 3580 740 δεδομένον

1978 753 2266 808 καθολικδν
2314 755 2412 808 καὶ
2458 757 2986 828 συνωμολογημένον
3040 759 3258 826 κοινῶς,
3294 761 3326 832 ἢ
3375 761 3582 830 ἔτερόν

1976 863 2100 900 τινα
2124 862 2139 876 ·
2169 845 2232 900 τὸ
2270 845 2380 918 γὰρ
2410 845 2702 916 γινόμενον
2752 849 2883 915 πᾶν,
2919 848 3081 920 δῆλον
3131 851 3208 914 ὡς
3259 851 3358 922 οὐχ
3401 853 3580 906 ἑαυτὸ

1979 939 2198 1009 ποιήσει
2246 939 2416 1010 μήπω
2466 937 2546 1000 δν,
2586 938 2704 992 ἀλλ’
2747 939 2853 993 ὑπό
2905 956 3053 1004 τινος
3109 942 3350 1010 ἐγένετο,
3405 945 3579 1016 εἰπερ

1979 1029 2156 1086 ἐστίν·
2187 1029 2236 1084 εξ
2263 1029 2319 1084 δὲ
2347 1031 2425 1100 μὴ
2453 1030 2695 1099 ἐγένετο,
2725 1031 2849 1084 οὐδὲ
2885 1031 3195 1102 ἔστιν.⁹Υφ’
3225 1033 3417 1106 ἐτέρου
3463 1035 3576 1106 μὲν

1979 1115 2073 1174 οὖν
2117 1120 2220 1174 οὐκ
2272 1119 2341 1174 ἂν
2379 1119 2593 1188 γένοιτό
2648 1137 2833 1184 τινοςο
2880 1123 3042 1192 μόνος
3067 1123 3179 1196 γὰρ
3209 1123 3348 1178 εἶναι
3378 1125 3575 1180 οὒσια-

1980 1211 2110 1282 στὴς
2151 1213 2245 1268 καὶ
2292 1213 2521 1282 φυσικὸς
2549 1213 2814 1278 είδοτεοιδς
2855 1215 2884 1268 ό
2929 1215 3261 1288 ὑποϐληθεὶς
3287 1217 3363 1280 ὡς
3397 1217 3574 1289 μέρος

1978 1303 2116 1374 τῷδε
2152 1305 2230 1374 τῷ
2263 1305 2406 1376 ὅλῳ,
2461 1303 2810 1378 ὡμολόγηται
2859 1309 2992 1378 ημῖν
3038 1310 3202 1362 πᾶσιν
3227 1327 3242 1340 ·
3273 1311 3320 1362 εἰ
3366 1309 3421 1363 δὲ
3471 1309 3573 1364 ὑπ’

1980 1396 2146 1451 αὐτοῦ
2185 1397 2304 1450 τόδε
2365 1396 2563 1466 γέγονέ
2607 1415 2725 1461 πως
2765 1399 2842 1462 ὡς
2887 1399 3012 1452 ελον
3055 1416 3128 1464 τι,
3165 1401 3260 1454 καὶ
3317 1401 3422 1454 ὑπὸ
3469 1401 3572 1456 τοῦ

1985 1486 2268 1552 ποιοῦντος
2319 1487 2451 1542 αὐτὸ
2481 1487 2558 1552 ὡς
2583 1489 2642 1554 ἐξ
2672 1489 2804 1542 ἰδίου
2835 1488 3034 1560 μέρους
3064 1491 3358 1562 γινόμενον
3387 1491 3475 1562 εἴη
3505 1493 3573 1545 τὸ

1983 1579 2418 1650 ποιημα.Ἐσται
2464 1579 2574 1650 γὰρ
2617 1577 2682 1632 ἂν
2715 1579 2888 1644 οὕτως
2921 1580 2999 1646 ὡς
3035 1582 3202 1652 μέρος
3269 1585 3326 1636 ὲν
3353 1583 3430 1656 τῷ
3457 1585 3573 1655 ὅλῳ

1981 1671 2376 1743 περιεχόμενον
2401 1670 2464 1723 τδ
2486 1669 2662 1724 αἴτιον
2701 1671 2805 1724 ὑπὸ
2833 1669 2928 1724 τοῦ
2960 1671 3233 1739 αἰτιατοῦ,
3261 1675 3401 1746 ὅπερ
3427 1674 3568 1729 ἀδυ-

307 1759 656 1816 manifestum
703 1767 791 1816 est
834 1775 947 1814 non
998 1760 1220 1832 proprie
1269 1759 1380 1816 dici
1421 1778 1434 1814 :
1470 1761 1566 1816 sed
1595 1775 1718 1830 qua:
1758 1775 1885 1830 pars

1998 1741 2169 1818 νατον.
2187 1761 2342 1815 Ἐπεὶ
2371 1760 2466 1815 οὖν
2509 1759 2636 1814 τάδε
2687 1761 2950 1824 ἀδύνατα,
2976 1761 3136 1832 δῆλον
3162 1765 3240 1826 ὡς
3266 1762 3327 1816 οὐ
3361 1741 3571 1834 nuptm;

305 1852 596 1908 constituit
623 1851 830 1908 dictum
863 1851 1067 1908 Christi
1104 1861 1300 1918 totum,
1333 1852 1426 1908 illa
1457 1862 1542 1908 est
1573 1869 1694 1923 quae
1721 1853 1884 1908 alteri

307 1941 576 2015 subjacct,
605 1942 662 1998 id
685 1951 792 2008 est,
819 1943 1058 2000 Verbum
1087 1943 1264 2010 carni,
1289 1960 1358 2000 ex
1382 1944 1606 2014 propria
1629 1944 1888 2001 substan-

308 2039 383 2094 tia
402 2047 460 2094 et
481 2052 580 2093 sua
603 2053 857 2108 persona,
877 2053 1002 2094 cum
1028 2038 1120 2095 illa
1142 2048 1297 2110 parte
1317 2053 1440 2108 quae
1467 2053 1595 2093 cum
1629 2039 1751 2110 ipso
1777 2047 1884 2104 est,

308 2127 636 2193 substantia,
677 2126 912 2193 scilicet,
951 2127 1180 2195 carnali,
1213 2127 1368 2184 illum
1413 2127 1756 2183 constituens
1801 2136 1886 2183 to-

309 2227 448 2286 tum,
477 2218 618 2275 nihil
651 2220 834 2292 seipso
873 2230 968 2276 aut
996 2221 1292 2292 conjuncta
1320 2221 1424 2276 sibi
1452 2229 1608 2292 parte
1636 2221 1889 2292 praebens

311 2320 408 2366 aut
451 2309 650 2366 melius
708 2322 804 2366 aut
847 2312 1026 2386 pejus.
1055 2312 1310 2369 Potestas
1349 2311 1499 2368 enim
1531 2327 1654 2384 quae
1685 2327 1889 2383 genera

311 2408 464 2456 creat
502 2399 640 2454 nulli
678 2400 916 2470 seipsam
962 2401 1019 2456 in
1058 2400 1298 2471 speciem
1341 2401 1696 2467 condonavit,
1728 2410 1789 2457 ut
1814 2402 1890 2458 ita

313 2490 514 2557 dicam,
543 2491 650 2546 nisi
695 2491 835 2562 parti
883 2491 990 2548 sibi
1035 2494 1366 2564 conjuncta,
1408 2495 1576 2552 homo
1605 2495 1748 2550 facta
1792 2510 1893 2564 per

311 2597 458 2648 eam,
481 2597 603 2638 eam
633 2591 820 2638 autem
847 2598 948 2654 per
979 2598 1040 2639 se
1059 2585 1234 2641 Deum
1260 2586 1495 2653 faciens,
1528 2587 1584 2642 in
1621 2595 1890 2657 quantum

315 2672 604 2744 possibile,
631 2688 735 2729 nec
758 2673 920 2730 aliam
945 2675 1186 2745 speciem
1216 2686 1401 2748 potest
1423 2677 1606 2734 facere
1631 2677 1811 2749 seipse
1835 2688 1894 2736 et

319 2767 411 2822 illa
446 2766 749 2822 meliorem.
773 2765 1012 2822 Ubinam
1044 2767 1210 2840 igitur
1237 2769 1348 2824 erit
1375 2769 1525 2826 aliud
1556 2769 1689 2825 illud
1718 2777 1894 2826 totum

319 2859 374 2912 in
402 2855 626 2912 Christo
658 2865 857 2927 praeter
895 2865 1184 2929 utramque
1232 2870 1444 2930 partem
1490 2861 1894 2932 excogitatum?

319 2947 390 3002 Et
427 2948 626 3003 exinde
666 2949 832 3003 etiam
873 2947 1077 3004 factum
1125 2957 1212 3005 est
1257 2951 1606 3008 manifestum
1652 2951 1894 3008 Verbum

1984 1853 2200 1922 λέγεται
2228 1869 2244 1884 ο
2277 1851 2412 1907 ἀλλὰ
2442 1851 2502 1906 τὸ
2533 1851 2851 1920 προαγαγὸν
2877 1853 2978 1924 τὴν
3003 1851 3308 1924 λεγομένην
3329 1854 3570 1926 Χριστοῦ

1983 1946 2213 2015 όλότητα
2233 1944 2424 2017 μέρος,
2450 1943 2582 1996 αὐτό
2611 1946 2762 1997 ἐστιν
2786 1943 2815 1996 ὃ
2842 1945 3130 2013 σύγκειται
3159 1944 3333 2018 ἑτέρῳ
3351 1961 3364 1976 ·
3397 1947 3574 2016 ἤγουν

1985 2037 2013 2089 ὁ
2048 2035 2220 2104 Λόγος
2243 2037 2308 2104 τῇ
2342 2035 2509 2105 σαρκί
2531 2051 2546 2065 ·
2578 2033 2642 2086 εκ
2665 2051 2724 2087 τε
2750 2034 2848 2102 τῆς
2869 2036 3060 2098 οὐσίας
3075 2035 3264 2102 αὐτοῦ,
3295 2037 3387 2090 καὶ
3415 2038 3474 2089 ἐν
3499 2039 3572 2108 τῇ

1985 2123 2282 2178 ὑποστάσει
2307 2121 2496 2185 αὐτοῦ,
2526 2122 2644 2192 ἅμα
2667 2122 2743 2192 τῷ
2770 2123 2866 2177 σὺν
2893 2123 3243 2195 αὐτῷ’μέρει,
3272 2125 3440 2196 ἤγουν
3466 2124 3574 2194 τῆς

1986 2217 2258 2285 σαρκικῆς
2279 2213 2467 2278 οὐσίας
2487 2212 2694 2283 ταύτην
2717 2213 2984 2268 συνιστῶν
2999 2213 3098 2286 τὴν
3127 2215 3353 2286 όλότητα
3373 2231 3388 2246 ο
3416 2213 3573 2268 οὐδὲν

1988 2303 2149 2358 πλέον
2168 2303 2202 2373 ἢ
2223 2301 2442 2356 ἔλαττον
2461 2300 2902 2376 ἐπιδεικνύμενος
2925 2303 3120 2357 ἑαυτοῦ
3137 2303 3344 2358 καὶτοῦ
3363 2303 3460 2358 σὺν
3473 2303 3576 2356 αδ-

1987 2393 2063 2465 τῷ
2092 2397 2151 2448 ὲν
2183 2393 2344 2465 αὐτῇ.
2383 2390 2446 2448 'Il
2501 2391 2612 2462 γὰρ
2637 2393 2907 2457 εἰδοποιδς
2936 2393 3187 2466 δύναμις,
3230 2396 3447 2466 ἑαυτὴν,
3493 2395 3572 2458 ὡς

1989 2485 2184 2550 εἰπεῖν,
2212 2485 2311 2556 οὐχ
2329 2485 2524 2556 ἑτέρῳ,
2549 2484 2666 2539 ἀλλ’
2697 2485 2851 2557 αὐτῷ
2865 2485 2944 2557 τῷ
2972 2487 3281 2541 συντιθέντι
3310 2489 3406 2542 σὺν
3433 2487 3572 2558 αὐτῇ

1992 2577 2172 2648 μέρει,
2207 2577 2286 2657 εἰς
2317 2573 2456 2640 εἶδος
2491 2577 2821 2649 κεχάρισται
2847 2593 2864 2611 ο
2901 2578 3363 2650 ἀνθρωπιζομένη
3391 2595 3450 2632 τε
3481 2578 3576 2632 διὰ

1989 2669 2165 2730 τοῦδε,
2210 2669 2300 2722 καὶ
2351 2667 2546 2724 θεοῦσα
2596 2669 2718 2722 τόδε
2773 2670 2895 2725 καθ’
2937 2670 3112 2743 αὐτὴν
3135 2671 3202 2726 δι’
3226 2671 3446 2742 ἑαυτῆς,
3477 2671 3578 2722 καὶ

1991 2759 2092 2830 οὐχ
2127 2759 2315 2831 ’ἕτερον
2359 2761 2634 2830 κρεῖττον,
2662 2761 2759 2814 καὶ
2788 2761 2984 2830 ἑαυτῆς
3013 2761 3108 2814 καὶ
3152 2761 3368 2814 ἐκείνου
3417 2760 3576 2828 ποιῆ-

1995 2865 2086 2902 σαι
2131 2848 2333 2919 ἔχουσα
2362 2843 2526 2912 εἶδος.
2577 2849 2705 2912 Πῶς
2749 2845 2840 2902 οὖν
2890 2848 3080 2918 ἕτερον
3113 2848 3269 2903 ἔσται
3297 2867 3350 2902 τι
3378 2849 3574 2918 φαινό-

1999 2957 2160 3010 μενον
2204 2941 2324 2994 ὅλον
2365 2941 2425 2994 ὲν
2477 2939 2698 3012 Χριστῷ
2745 2931 3084 2992 κατ”οὐσίαν
3137 2943 3270 3009 παρ’
3294 2940 3572 3010 ἑκάτερος

319 3036 456 3092 illud
501 3037 753 3092 divinum
785 3037 898 3108 jam
930 3037 1230 3092 admissum
1282 3047 1344 3094 ut
1391 3055 1651 3111 generum
1700 3049 1890 3098 auclo-

1998 3032 2203 3087 οὐκοῦν
2222 3032 2390 3103 σαφὲς
2411 3033 2698 3086 κάντεῦθεν
2721 3031 3033 3101 γεγένηται,
3068 3031 3143 3094 ὡς
3185 3031 3388 3084 τοιοῦδε
3421 3048 3562 3099 προ-

319 3144 461 3196 rem,
495 3119 705 3200 partem
753 3129 1128 3200 conjunctam,
1163 3131 1310 3186 idem
1353 3148 1477 3188 esse
1521 3141 1579 3188 et
1613 3142 1809 3188 natura
1841 3141 1898 3187 et

321 3237 556 3279 numero
590 3237 654 3278 ac
687 3222 1054 3292 compositum
1096 3223 1402 3280 secundum
1439 3224 1714 3280 diversam
1752 3225 1901 3296 cogi-

322 3313 590 3370 tationem
613 3312 822 3373 dictum
859 3322 1069 3382 totum;
1103 3323 1159 3370 et
1197 3315 1242 3370 si
1274 3315 1329 3370 in
1365 3330 1432 3370 eo
1459 3315 1704 3372 Verbum
1732 3332 1763 3371 a
1791 3317 1898 3371 Pa-

322 3407 505 3463 tribus
531 3405 742 3461 dictum
773 3414 859 3463 est
892 3422 1040 3478 pars,
1073 3407 1255 3463 eidem
1285 3407 1508 3464 Christo
1541 3409 1896 3475 attribuctur,

323 3498 484 3570 cujus
510 3505 568 3554 et
607 3507 821 3568 ρει-εει
851 3506 1053 3564 totum,
1083 3499 1180 3569 qui
1211 3501 1357 3556 Deus
1389 3501 1716 3572 intelligitur
1749 3511 1904 3558 utro-

323 3589 490 3659 bique
515 3589 722 3660 pariter
749 3591 1048 3660 perfectus,
1069 3590 1284 3646 etiamsi
1312 3591 1644 3662 quandoque
1674 3599 1903 3662 propter

326 3677 785 3750 signiﬁcationem
812 3682 1106 3754 utriusque
1139 3682 1332 3752 partis,
1369 3691 1546 3738 totum
1581 3681 1746 3738 dicta
1784 3681 1904 3740 fue-

327 3771 442 3830 rint
463 3772 588 3828 duae
615 3782 802 3844 partes
832 3773 996 3830 simul
1028 3784 1282 3846 sumptae,
1319 3791 1448 3846 pars
1483 3790 1616 3834 vero
1646 3791 1904 3847 unaqua-

327 3876 436 3940 que
468 3875 659 3922 earum
695 3864 924 3918 seorsim
961 3871 1201 3938 sumpta.

401 4037 682 4092 Immerito
717 4037 883 4109 igitur
915 4039 1076 4095 nobis
1120 4039 1402 4110 opponltis
1448 4049 1622 4096 totum
1673 4041 1906 4099 alterius

329 4129 548 4201 generis
582 4145 704 4185 esse
739 4146 769 4184 a
814 4130 1064 4200 partibus
1095 4139 1322 4202 propter
1351 4132 1818 4205 conjunctionem,
1849 4143 1907 4190 et

331 4231 536 4277 novum
561 4233 852 4276 numerum
881 4219 1168 4277 inducitis.
1195 4219 1254 4277 Si
1280 4222 1454 4288 enim,
1481 4231 1542 4278 ut
1565 4222 1774 4280 dictum
1799 4235 1926 4290 εει..

333 4317 510 4364 totum
541 4309 678 4368 illud
704 4319 788 4366 est
809 4311 1174 4379 numerabile,
1199 4313 1329 4386 quia
1357 4314 1506 4384 quod
1537 4315 1743 4373 indicat
1775 4331 1908 4372 con-

1997 3123 2254 3195 ωμολογη
2261 3123 2425 3194 μένου
2445 3123 2714 3178 εὶδοποιοῦ
2731 3123 2904 3192 Λόγου
2920 3122 3085 3186 θεεου,
3107 3123 3195 3176 τοῦ
3221 3121 3558 3191 συντεθειμέ-

1998 3231 2091 3270 νου
2125 3213 2349 3286 μέρους,
2377 3215 2576 3268 ταυτὸν
2619 3218 2686 3286 τῇ
2715 3214 2874 3282 φύσει
2909 3213 3005 3267 καὶ
3051 3213 3128 3284 τῷ
3172 3212 3386 3284 ἀριθμῷ
3412 3212 3560 3266 ἔσται

1999 3307 2094 3362 καὶ
2131 3306 2192 3360 τὸ
2239 3305 2380 3360 κατὰ
2429 3305 2688 3377 διάφορον
2721 3305 2969 3360 ἐπίνοιαν
3019 3303 3318 3375 ὀνομασθὲν
3346 3303 3462 3357 ὅλον
3507 3302 3572 3356 τι

2003 3395 2256 3450 σύνθετον
2277 3412 2290 3426 ·
2319 3395 2426 3450 κᾶν
2459 3395 2626 3466 μέρος
2657 3397 2714 3448 ἐν
2747 3395 2900 3466 αὐτῷ
2919 3397 2948 3448 ό
2980 3396 3154 3464 Λόγος
3183 3395 3401 3466 εἴρηται
3431 3389 3574 3448 εἶναι

1998 3489 2112 3551 τοῖς
2185 3487 2492 3558 Πατράσιν·
2547 3489 2642 3540 καὶ
2693 3485 2789 3541 τοῦ
2849 3487 3018 3541 αὑτοῦ
3069 3486 3578 3560 κατηγορηθήσεται

2000 3577 2263 3650 Χριστοῦ,
2293 3575 2414 3631 καθ’
2443 3571 2504 3632 οὗ
2539 3577 2636 3632 καὶ
2662 3579 2722 3632 τὸ
2753 3577 2918 3651 μέρος
2950 3579 3049 3632 καὶ
3075 3578 3134 3631 τδ
3163 3579 3282 3633 ὅλον
3303 3595 3318 3611 ο
3348 3579 3424 3642 ὡς
3441 3577 3585 3632 Θεοῦ

2001 3667 2274 3740 ἑκατέρως
2308 3667 2602 3739 νοουμένου
2633 3666 2894 3731 ὡσαίἰυς
2927 3665 3133 3721 τελείου
3153 3683 3167 3698 ·
3212 3668 3262 3720 εἰ
3311 3667 3405 3721 καὶ
3449 3667 3583 3720 ποτὲ

2005 3759 2106 3831 μὲν
2127 3757 2216 3812 διὰ
2243 3759 2343 3829 τὴν
2383 3757 2661 3830 σημασὶαν
2687 3757 2778 3830 rip
2827 3757 2954 3830 περὶ
2988 3758 3250 3830 ἑκατέρου
3280 3758 3387 3812 τῶν
3414 3760 3473 3810 ἐν
3499 3758 3588 3831 τῷ

2005 3851 2270 3924 συνθὲτῳ,
2317 3853 2439 3906 ὅλον
2483 3851 2546 3905 τὸ
2605 3851 3042 3921 συναμφότερον,
3075 3851 3242 3922 μέρος
3269 3851 3326 3904 δὲ
3357 3849 3584 3921 θάτερον

2008 3941 2165 4013 μόνον
2189 3941 2298 3996 τῶν
2331 3939 2495 3998 αὖτοῦ
2529 3940 2766 4010 εἴρηται.

2076 4032 2190 4086 Οὐκ
2219 4030 2394 4103 ὀρθῶς
2439 4024 2534 4087 οὖν
2579 4031 2714 4101 ἡμῖν
2747 4028 3012 4097 συνάγετε
3041 4031 3102 4083 τι
3129 4029 3463 4100 ἑτεροοὺσιον
3485 4027 3582 4081 τοῦ

2004 4125 2128 4178 ὅλου
2159 4123 2296 4194 πρὸς
2337 4121 2408 4176 τὰ
2448 4122 2589 4193 μέρη
2631 4121 2722 4175 διὰ
2751 4123 2850 4191 τὴν
2882 4121 3162 4174 σύνθεσιν·
3201 4123 3294 4174 καὶ
3319 4119 3588 4190 νεώτερον

2007 4215 2239 4288 ἀριθμὸν
2265 4215 2560 4288 καθορᾶτε.
2593 4213 2656 4266 Ei
2687 4212 2796 4284 γὰρ
2842 4213 2938 4266 καὶ
2961 4211 3040 4277 ὡς
3061 4213 3254 4266 λεκτὸν
3282 4211 3584 4285 ἀριθμητὸν

2008 4309 2126 4363 ἐστι
2173 4305 2290 4361 τόδε
2350 4304 2412 4358 τὸ
2461 4305 2584 4358 ὅλον
2641 4301 2737 4357 τοῦ
2799 4303 3222 4374 ,σημαινομένου
3257 4303 3358 4372 τῆς
3392 4299 3582 4354 συνθέ-

328 4398 678 4468 junctioncm
714 4405 884 4454 totam
932 4399 1002 4456 ab
1034 4400 1314 4471 aliquibus
1343 4403 1500 4473 quasi
1551 4410 1728 4459 totum
1767 4404 1896 4461 dici-

2007 4415 2144 4463 σεως
2183 4397 2388 4466 πάσης,
2415 4395 2491 4459 ὡς
2513 4395 2636 4451 ὅλου
2664 4393 2962 4464 λεγομένου
2992 4393 3156 4454 τισὶν,
3193 4391 3254 4446 οὐ
3284 4390 3586 4463 προσθήσει

336 4499 448 4555 tur,
483 4503 594 4546 non
625 4488 687 4544 fit
727 4505 826 4561 per
852 4491 1194 4553 additionem
1237 4491 1304 4550 ad
1336 4508 1627 4548 numerum
1667 4494 1910 4565 partium

337 4579 603 4640 similium
640 4589 698 4638 et
741 4581 966 4638 realiter
993 4583 1402 4640 exsistentium.
1435 4585 1557 4642 Non
1591 4586 1739 4644 enim
1783 4602 1910 4641 cum

339 4672 647 4728 secundum
691 4671 944 4728 diversos
987 4683 1292 4744 respectus,
1341 4675 1542 4733 accidit
1573 4677 1745 4735 multa
1789 4691 1914 4733 esse

341 4762 563 4820 nomina
606 4763 775 4818 unius
833 4763 1194 4836 ejusdemque
1235 4765 1338 4831 rei,
1396 4773 1454 4822 et
1505 4768 1916 4824 numerosiores

337 4861 474 4913 sunt
523 4853 693 4911 unius
741 4855 1166 4925 appellationes,
1220 4857 1375 4912 verbi
1427 4859 1633 4930 gratia,
1687 4858 1914 4924 Simon,

341 4946 562 5008 Petrus,
589 4943 824 5016 Cepbas,
853 4945 1142 5014 Bar-Jona,
1197 4951 1501 5020 apostolus,
1537 4951 1755 5006 Domini
1800 4949 1916 5004 dis-

342 5035 580 5106 cipulus,
628 5043 818 5095 sancta
858 5038 954 5096 Dei
1001 5038 1262 5095 Ecclesia:
1305 5040 1584 5112 magister,
1629 5041 1741 5111 jam
1792 5038 1918 5096 ideo

283 5125 291 5132 “
342 5127 773 5186 existimandum
834 5138 920 5184 est
983 5129 1218 5201 subjecti
1279 5131 1428 5187 illius
1483 5139 1540 5188 et
1596 5131 1760 5186 unius
1822 5133 1920 5188 ho-

344 5219 510 5276 minis
547 5219 629 5276 sic
682 5219 941 5290 appellati
985 5221 1342 5298 multiplicari
1395 5238 1628 5280 numero
1675 5223 1923 5280 substan-

346 5311 452 5367 tias
506 5319 564 5366 et
612 5324 909 5381 personas,
967 5325 1150 5381 neque
1216 5327 1344 5369 eum
1399 5329 1432 5372 ιι
1494 5315 1678 5385 seipso
1737 5315 1924 5371 diver-

345 5418 468 5463 sum
490 5415 725 5458 numero
748 5402 1054 5460 secundum
1077 5412 1333 5462 naturam
1352 5414 1410 5462 et
1429 5421 1754 5476 personam;
1781 5407 1925 5463 sicut

349 5494 518 5566 igitur
541 5493 800 5565 discipuli
827 5503 885 5550 et
911 5494 1160 5565 magistri
1187 5496 1245 5551 in
1270 5495 1507 5554 diversis
1531 5498 1796 5570 subjectis
1821 5515 1924 5554 no-

353 5585 566 5645 minum
597 5601 665 5645 ex
696 5584 950 5644 confesso
984 5585 1174 5642 differt
1205 5587 1557 5658 significatio,
1592 5588 1669 5644 ita
1702 5603 1924 5660 quoque

354 5675 508 5752 ejus.
541 5675 816 5736 Praeterea
867 5677 1126 5746 dicimus,
1167 5687 1380 5756 partem
1429 5680 1816 5754 conjunctam,
1867 5679 1922 5734 id

2007 4489 2088 4560 τῷ
2128 4486 2347 4562 ἀριθμῷ
2379 4485 2487 4540 τῶν
2541 4485 2842 4557 όμοουσεων
2886 4483 2981 4540 καὶ
3027 4483 3325 4555 ὐπαρκτῶν
3368 4475 3584 4553 μερῶν.

2009 4581 2146 4639 Οὐδὲ
2173 4580 2280 4652 γὰρ
2335 4579 2460 4634 ἐπεὶ
2493 4578 2636 4632 κατὰ
2668 4577 2957 4648 διαφόρους
3007 4575 3254 4640 ἐπινοίας
3312 4575 3437 4642 περὶ
3490 4573 3588 4624 τοῦ

2011 4671 2176 4731 αὐτοῦ
2207 4670 2521 4742 συμβέϐηκε
2553 4667 2905 4738 πολυωνυμῐα
2927 4665 3058 4718 ποτε
3088 4667 3183 4719 καὶ
3213 4665 3418 4735 πληθύς
3441 4665 3590 4717 ἐστιν

2013 4760 2247 4834 ἀριθμοῦ
2277 4760 2387 4814 τῶν
2413 4757 2557 4815 κατὰ
2583 4757 2681 4812 τοῦ
2709 4756 2876 4811 αὑτοῦ
2901 4757 3018 4820 ἐνὸς
3063 4755 3388 4827 πράγματος
3433 4755 3593 4822 λεγοο

2019 4845 2194 4927 μένων
2220 4853 2500 4924 ὀνομάτων
2521 4867 2536 4884 ·
2575 4843 2687 4903 οἷον
2727 4849 2934 4920 Σίμων,
2968 4849 3192 4919 Πέτρος,
3226 4849 3441 4918 Κηφᾶς,
3477 4846 3593 4915 Βὰρ

2028 4945 2200 5010 Ἰωνᾶ,
2233 4943 2551 5008 ἀπόστολος,
2594 4941 2846 5013 μαθητής
2877 4957 2937 4994 τε
2971 4940 3066 4994 τοῦ
3113 4941 3340 5012 Κυρίου,
3373 4939 3468 4992 καὶ
3509 4937 3594 4991 δι·

2018 5039 2284 5101 δάσκαλος
2311 5037 2412 5108 τῆς
2441 5036 2601 5106 ἁγίας
2645 5035 2740 5089 τοῦ
2789 5033 2929 5088 Θεοῦ
2974 5032 3322 5101 Ἐκκλησιας,
3355 5031 3453 5102 ἢδη
3505 5029 3596 5083 δια

2017 5131 2160 5196 τόδε,
2190 5129 2286 5184 καὶ
2313 5127 2407 5184 τοῦ
2460 5127 2826 5196 ὑποκειμένου
2873 5123 3038 5180 αὑτοῦ
3074 5124 3168 5178 καὶ
3195 5121 3598 5194 ὀνομαζομένου

2021 5222 2138 5286 ἑνὸς
2170 5220 2460 5293 ἀνθρώπου
2491 5220 2584 5277 τὸν
2616 5218 2854 5290 ἀριθμὸν
2876 5220 2957 5283 εἰς
2994 5219 3185 5282 οὐσίας
3213 5219 3246 5289 ἢ
3273 5219 3600 5280 ὑποστάσεις

2023 5310 2500 5384 συμπληθὺνεσθαι
2523 5310 2765 5381 νοητέον,
2789 5311 2912 5367 οὐδε
2932 5309 3214 5382 διαφέρειν
3239 5307 3432 5363 ἑαυτοῦ
3459 5308 3606 5361 κατὰ

2021 5405 2115 5460 τδν
2147 5402 2378 5475 φυσικὸν
2413 5403 2448 5474 ἦ
2482 5401 2849 5457 ὑποστατικδν
2901 5401 3175 5474 ἀριθμόνο
3210 5399 3384 5462 οὕτως
3411 5397 3606 5470 ὥσπερ

2024 5501 2058 5570 ή
2088 5495 2182 5550 τοῦ
2211 5494 2457 5568 μαθητοῦ
2489 5495 2586 5550 καὶ
2612 5495 2935 5550 διδασκάλου
2957 5495 3015 5549 ὲν
3039 5495 3153 5558 τοῖς
3176 5493 3450 5561 διαφόροις
3475 5493 3610 5558 όμο·

2025 5585 2369 5656 λογουμένως
2399 5585 2782 5654 ὑποκειμένοις
2810 5583 3094 5654 ὀνομάτων
3133 5581 3302 5636 αὐτοῦ
3329 5579 3610 5650 διενήνοχε

2035 5677 2300 5752 σημσσέα.
2330 5675 2472 5748 Πρὸς
2503 5675 2714 5738 τοὺ-τοις
2744 5676 2802 5730 δέ
2826 5691 3026 5745 φαμεν,
3058 5674 3152 5728 καὶ
3181 5672 3318 5726 ὥστε
3353 5670 3516 5757 μέρος
3546 5671 3610 5723 τὸ
