3932 6152
333 337 468 408 1525

1185 383 1194 394 ,
1287 332 1684 398 ADVERSUS
1723 326 2344 394 NESTORIANOS.-—
2357 280 2506 390 LIB.
2544 329 2626 389 ιι.

3447 319 3464 384 1
3477 323 3580 386 526

333 458 786 530 συντεθὲν,ἧγουν
823 459 852 512 ὁ
877 456 1018 522 θεῖος
1045 455 1218 525 Λὸγος
1241 471 1256 486 ·
1289 453 1413 508 ἐπεὶ
1435 452 1644 507 δέδοται
1666 449 1902 520 άκρότα·

2028 455 2115 514 εει,
2138 447 2380 503 Verbum
2423 445 2694 514 divinum,
2733 445 2881 516 quod
2921 445 3107 501 datum
3149 454 3234 502 est
3269 459 3365 500 sua
3403 445 3586 514 perfe-

329 568 422 605 τον
457 548 804 622 ὑπεροχικῶς
851 544 991 602 εἶναι
1043 547 1188 602 κατὰ
1235 545 1570 614 τελειότητα,
1601 540 1900 611 εὑδοκῆσαν

333 641 651 711 συντεθῆναι
704 641 887 712 μεῖζον
917 640 1017 709 μὲν
1063 639 1098 710 ἢ
1140 636 1474 706 τελειότερον
1525 631 1718 688 ἑαυτοῦ
1759 631 1900 695 ὅλον,

331 733 431 788 οὑκ
460 733 526 787 ἂν
554 733 884 804 συστήσηται
911 730 1134 784 πώποτε
1153 746 1168 761 ο
1202 727 1318 798 εἴτε
1346 725 1563 797 ἀληθῶς
1590 721 1904 777 παντέλειαν

333 817 474 874 εἶναι
508 819 949 894 μεμαρτύρηται,
977 819 1068 874 διὰ
1093 818 1186 873 τὸν
1228 819 1330 888 τῆς
1355 815 1568 886 φύσεως
1596 811 1793 868 ἑαυτοῦ
1815 811 1906 866 λό-

333 927 429 979 γον
450 927 464 938 ·
495 911 608 965 ἀλλ’
635 911 758 966 οὐδὲ
795 913 948 982 μεῖον
977 909 1174 965 ἑαυτοῦ
1205 909 1430 978 ποιήσει
1471 923 1526 960 τι
1564 901 1709 958 εἶναι
1737 903 1800 956 τὸ
1828 904 1906 956 oi-

333 1006 480 1056 κεῖον
509 1003 629 1058 ὅλον
655 1003 747 1058 διὰ
771 1004 863 1058 τὸν
904 1003 1087 1073 πάσης
1115 1000 1420 1063 συνθέσεως
1455 998 1615 1067 λόγον
1634 1013 1649 1027 ·
1683 996 1902 1065 μείζονα

332 1094 462 1165 γὰρ,
493 1093 620 1164 τότε
650 1096 739 1148 ἐπ’
771 1096 977 1159 αὐτοῖς,
1009 1093 1108 1147 οὑκ
1131 1091 1391 1146 ἐλάττονα
1411 1091 1608 1160 δήποτε
1633 1088 1906 1142 δείκνυται

331 1183 442 1236 τῶν
481 1183 665 1253 μερῶν
693 1183 760 1236 τὰ
791 1184 969 1236 οἰκεία
986 1183 1104 1236 ὅλα.
1136 1182 1273 1236 Είδὲ
1293 1183 1428 1250 μήτε
1455 1179 1640 1248 μεῖζον
1659 1175 1824 1230 αὑτοῦ
1845 1175 1908 1228 τὸ

333 1271 424 1326 τοῦ
442 1274 616 1340 Λόγου
631 1273 772 1334 ὅλον,
787 1272 882 1325 διὰ
897 1270 992 1342 τὴν
1009 1271 1171 1340 φύσιν
1191 1269 1356 1324 αὑτοῦ
1380 1266 1536 1323 τοῦδε
1554 1265 1650 1322 τοῦ
1687 1265 1752 1337 μέ
1761 1281 1904 1336 ρους,

337 1363 476 1432 μήτε
493 1361 551 1415 δὲ
563 1355 748 1433 ἦττον,
772 1361 859 1414 διὰ
880 1361 971 1415 τὸν
995 1359 1094 1430 τῆς
1118 1358 1421 1420 συνθέσεως
1447 1356 1636 1420 ἁπλῶς
1655 1355 1812 1423 λόγον
1829 1355 1910 1408 δεῖ

335 1448 497 1518 εἶναι,
513 1452 705 1507 ἑαυτὸν
731 1453 838 1523 ἄρα
855 1453 968 1517 ἕξει
983 1453 1102 1506 ὅλον
1121 1451 1183 1506 τδ
1199 1451 1442 1506 ὁλοποιδν
1466 1447 1632 1504 αὑτοῦ
1656 1448 1822 1518 μέρος
1847 1462 1862 1477 ο
1880 1447 1910 1500 ὅ

337 1543 430 1595 καὶ
457 1541 516 1609 ἐξ
543 1542 789 1612 ἀνάγκης
824 1541 939 1596 ἴσον
966 1541 1048 1613 τῷ
1078 1541 1194 1612 ἰδίῳ
1224 1540 1382 1612 μέρει
1415 1536 1568 1593 ἔσται
1592 1538 1688 1592 καὶ
1713 1539 1910 1590 οἰκεῖον

336 1631 505 1686 αὑτοῦ
535 1631 658 1686 ὅλου
679 1631 1002 1702 λεγόμενον.
1031 1629 1158 1694 Πῶς
1181 1625 1275 1684 οὖν
1301 1630 1424 1682 ὅλου
1457 1627 1751 1698 ἑτερότητα
1774 1625 1912 1697 πρὸς

335 1723 404 1778 τὰ
439 1723 580 1796 μέρη
609 1723 702 1777 καὶ
731 1724 814 1776 ἑνὶ
840 1723 940 1794 τῆς
985 1722 1127 1776 κατὰ
1157 1723 1249 1778 τὸν
1271 1720 1552 1790 Δεσπότην
1583 1719 1741 1790 ἡμῶν
1765 1720 1912 1790 Χρι-

2007 537 2193 594 ctione
2217 537 2740 594 excellentissimum
2766 551 2910 602 esse,
2936 551 3033 592 eos
3054 537 3296 592 voluisse
3321 535 3583 606 majorem

2006 634 2065 683 et
2092 620 2480 698 perfectiorem
2508 627 2690 698 seipso
2720 627 2776 682 in
2811 635 2926 682 toto
2957 625 3156 693 facere,
3185 625 3281 683 sed
3311 626 3418 682 hoc
3443 641 3588 680 nuno

2007 733 2174 789 quam
2205 733 2330 776 esse
2357 735 2700 775 mansurum.
2722 719 2778 774 Si
2813 735 2946 776 vere
2974 717 3434 790 perfectissimum
3463 733 3587 774 esse

2009 813 2304 884 probatum
2330 823 2439 880 cst,
2463 815 2768 870 secundum
2794 816 2913 886 ejus
2939 823 3154 870 natura
3177 814 3468 879 rationem,
3497 813 3586 868 ni-

2012 904 2089 958 hil
2117 904 2300 974 seipso
2329 904 2512 961 minus
2542 914 2716 961 totum
2745 906 3050 976 proprium,
3078 921 3176 976 per
3197 918 3589 976 quamcunque

2011 995 2496 1068 coniunctionem;
2525 1005 2640 1052 tota
2668 999 2816 1052 enim
2843 1005 3059 1054 constat
3085 999 3292 1068 majora
3321 998 3439 1052 suis
3464 1012 3592 1066 par-

2013 1085 2164 1141 tibus
2193 1099 2336 1142 esse.
2391 1085 2449 1142 Si
2481 1095 2665 1142 autem
2699 1103 2812 1142 non
2851 1089 3028 1159 majus
3054 1088 3223 1142 Verbi
3241 1098 3436 1152 tntum,
3465 1104 3592 1158 pro-

2013 1184 2138 1246 pter
2159 1177 2325 1249 hujus
2350 1178 2523 1248 partis
2547 1187 2827 1245 naturam,
2854 1195 3036 1250 neque
3067 1179 3250 1234 minus
3273 1194 3395 1234 esse
3423 1193 3590 1248 opor-

2017 1275 2128 1335 tet,
2179 1278 2406 1340 propter
2448 1269 2858 1342 conjunctionis
2905 1270 3233 1341 simpliciter
3282 1271 3587 1336 rationem,

2015 1373 2141 1428 pars
2187 1360 2278 1415 illa
2319 1377 2440 1432 quae
2477 1371 2654 1418 totum
2694 1361 2988 1419 constituit
3023 1361 3268 1432 seipsum
3311 1371 3374 1416 ut
3415 1371 3591 1418 totum

2015 1450 2263 1518 habebit,
2290 1452 2437 1523 quod
2466 1453 2778 1508 necessario
2807 1451 3045 1524 propriae
3061 1452 3203 1522 parti
3231 1451 3340 1508 erit
3358 1453 3590 1523 aequale,

2017 1551 2074 1598 et
2105 1543 2274 1598 totius
2307 1543 2594 1614 proprium
2617 1544 2854 1598 dicetur.
2888 1543 3178 1610 Quomodo
3211 1558 3342 1615 ergo
3375 1543 3592 1598 admitti

2018 1635 2088 1690 ab
2119 1651 2232 1690 uno
2263 1643 2451 1704 posset
2481 1645 2655 1689 totum
2711 1635 2862 1690 aliud
2891 1650 3013 1690 esse
3041 1650 3071 1690 a
3101 1633 3356 1705 partibus
3387 1635 3440 1689 in
3473 1649 3593 1707 my-

2019 1725 2187 1781 sterio
2225 1725 2434 1781 Christi
2472 1727 2692 1796 Domini
2730 1727 2944 1782 nostri?
2976 1726 3092 1783 [Ioc
3126 1727 3295 1782 etiam
3333 1727 3592 1792 dicimus,

339 1817 464 1872 στὸν
493 1816 806 1886 οἰκονομίας
843 1814 1250 1884 συλλογίζεσθαι
1277 1814 1344 1869 ἂν
1374 1813 1461 1884 εἴη
1486 1829 1502 1879 ;
1541 1810 1622 1864 ἔτι
1649 1809 1708 1864 δέ
1733 1827 1916 1880 φαμεν

2028 1831 2216 1888 nempe
2244 1817 2292 1872 si
2321 1831 2484 1873 omne
2507 1818 2742 1889 simplex
2769 1819 2823 1872 in
2851 1819 3158 1889 composito
3181 1826 3240 1874 et
3261 1818 3444 1874 omnis
3467 1833 3597 1889 pars

339 1909 418 1974 ὡς
444 1911 493 1962 εί
520 1911 628 1962 πᾶν
667 1907 873 1962 ἁπλοῦν
901 1911 960 1962 ἐν
989 1906 1066 1977 τῷ
1095 1905 1352 1976 συνθέτῳ,
1384 1903 1480 1958 καὶ
1509 1903 1618 1954 πᾶν
1647 1899 1814 1972 μέρος
1855 1901 1912 1953 ὲν

338 1999 418 2072 τῷ
451 1999 564 2071 ἰδίῳ
603 1999 708 2067 ὅλῳ
755 1999 838 2052 δεῖ
886 1993 1024 2053 εἶναι
1045 2013 1058 2029 ·
1096 1998 1206 2050 πᾶν
1247 1995 1302 2050 δὲ
1331 1994 1388 2049 ὃν
1413 1993 1510 2049 καὶ
1535 1991 1836 2063 γινόμενον,
1860 1991 1918 2043 ὲν

345 2091 502 2162 μέρει
553 2089 671 2145 ἐστὶ
716 2087 915 2160 τούτῳ,
939 2088 1108 2160 ἡγουν
1135 2086 1213 2156 τῷ
1249 2083 1377 2156 θείῳ
1405 2083 1586 2154 Λόγῳο
1619 2080 1736 2144 πῶς
1761 2081 1916 2134 ἔσται

343 2200 395 2236 τι
430 2181 492 2234 τὸ
517 2179 638 2234 καθ’
667 2179 801 2234 αὐτὸ
826 2179 1012 2247 ἕτερον
1040 2177 1208 2232 αὑτοῦ
1243 2174 1522 2241 σύνθετον,
1579 2172 1672 2226 καὶ
1713 2169 1834 2224 ὅλον
1865 2184 1920 2221 τι

343 2273 778 2346 καθολικώτερον
807 2271 1006 2339 αὑτοῦς
1046 2270 1134 2324 ἵνα
1158 2269 1264 2323 ὑπὸ
1293 2266 1447 2320 τοῦδε
1485 2263 1794 2336 περιέχοιτο
1821 2260 1920 2314 αὑο

341 2365 434 2428 τὸς
458 2367 486 2419 ὁ
513 2365 688 2434 Λόγος
733 2367 761 2419 ὁ
809 2364 988 2419 πάντα
1030 2359 1302 2434 περιέχων
1321 2375 1335 2390 ·
1364 2355 1530 2420 αὑτὸς
1577 2353 1686 2424 γάρ
1713 2353 1828 2406 ἐστι
1860 2351 1920 2405 τὸ

345 2457 618 2528 πλήρωμα
649 2456 710 2510 τὸ
733 2455 802 2510 τὰ
831 2455 1008 2510 πάντα
1038 2455 1097 2508 ὲν
1133 2452 1269 2506 πᾶσι
1299 2445 1702 2520 πληρούμενον.

2021 1907 2079 1962 in
2111 1915 2228 1963 toto
2257 1907 2482 1978 proprio
2513 1923 2636 1964 esse
2669 1907 2872 1973 debet,
2902 1923 3246 1978 quaecunque
3277 1914 3462 1963 autem
3493 1922 3593 1963 ex-

2023 1997 2228 2054 sistunt
2257 2008 2354 2053 aut
2385 2008 2518 2054 sunt
2548 1998 2692 2054 facta
2726 1999 2782 2053 in
2819 1999 2912 2054 illa
2945 2008 3102 2069 parte
3134 2007 3295 2066 sunt,
3327 1999 3383 2054 id
3419 2007 3505 2054 est
3537 1999 3594 2054 in

2019 2088 2213 2144 divino
2237 2089 2440 2156 Verbo,
2471 2090 2750 2160 quomodo
2775 2089 2984 2161 aliquid
3011 2090 3120 2144 erit
3146 2096 3322 2144 totum
3354 2088 3409 2143 in
3439 2103 3498 2144 se
3525 2089 3595 2144 ab

2023 2195 2092 2236 eo
2121 2180 2271 2236 aliud
2303 2189 2361 2236 et
2394 2195 2462 2236 eo
2493 2180 2864 2236 universalius
2891 2195 3004 2251 quo
3035 2181 3382 2235 contineatur
3408 2179 3598 2234 omnia

2023 2271 2082 2326 in
2101 2287 2160 2327 se
2192 2273 2521 2340 continens;
2553 2270 2838 2342 plenitudo
2869 2271 3021 2328 enim
3052 2279 3140 2328 est
3171 2271 3361 2330 omnia
3391 2271 3448 2329 in
3481 2285 3601 2326 om-

2025 2361 2194 2419 nibus
2220 2362 2459 2436 replens.

1688 2871 2057 2964 ΛΟΓΟΣ
2132 2875 2240 2960 Βὀ

425 3039 713 3111 Δευτέρας
749 3041 1026 3106 ἀσεϐείας
1049 3039 1252 3102 αὐτῶν
1277 3040 1529 3116 ἔλεγχος
1565 3043 1868 3116 λεγόντων
1891 3038 2003 3116 duo
2041 3037 2139 3116 καὶ
2167 3041 2238 3092 οὐ
2267 3037 2416 3116 μίαν
2446 3031 2561 3116 τὴν
2592 3035 2953 3116 pudentem
2984 3033 3051 3086 ἐκ
3093 3030 3202 3102 τῆς
3248 3031 3396 3087 κατά
3429 3030 3541 3100 τὴν

1317 3109 1629 3178 σάρκωσιν
1648 3109 1775 3165 τοῦ
1821 3109 2016 3177 Λόγου
2047 3109 2391 3178 οἰκονομίας
2425 3109 2695 3174 ὁρᾶσθαι.

1679 3399 2058 3503 LIBER
2161 3399 2294 3502 ΙΙ.
2399 3421 2402 3424 ’

502 3590 808 3661 Confutatio
835 3589 1076 3644 secunda
1102 3589 1388 3660 impietatis
1418 3604 1524 3658 qua
1566 3588 1746 3661 dicunt
1783 3589 1938 3651 duas,
1971 3605 2078 3643 non
2113 3603 2279 3661 unam
2307 3599 2622 3661 personam,
2640 3586 2694 3640 in
2746 3585 2894 3642 Verbi
2921 3601 3014 3656 per
3055 3591 3488 3645 incarnationem

1670 3657 2058 3730 dispensatione
2096 3657 2339 3729 reperiri.

434 3900 723 3974 Σημαίνει,
759 3899 946 3970 φασιν,
975 3899 1348 3971 ὴὺπόστασις,
1381 3898 1510 3954 ποτὲ
1539 3897 1639 3970 μέν
1675 3916 1757 3954 τοι
1781 3899 1924 3956 ἑνού-

2105 3901 2372 3970 Persona,
2405 3902 2686 3974 inquiunt,
2731 3903 3090 3958 substantiaie
3136 3902 3270 3972 quid
3324 3903 3614 3975 signiﬁcat,

365 4011 502 4060 σιον,
519 3995 594 4057 ὡς
619 3993 702 4060 τὸ,
722 3992 1036 4058 Μνήστθητι
1057 3991 1142 4056 τίς
1159 3991 1330 4061 μουή
1365 3989 1685 4054 ὑπόστασις,
1713 3991 1806 4044 καὶ
1836 4009 1941 4060 χα-

355 4085 590 4155 ρακτὴρ
613 4082 724 4152 τῆς
747 4080 1144 4149 ὑποστάσεως
1173 4081 1361 4137 αὐτοῦ
1388 4097 1400 4110 ·
1428 4081 1560 4135 ποτὲ
1599 4081 1657 4136 δὲ
1691 4083 1940 4138 ἀνούσιόν

362 4195 438 4237 τι,
464 4176 540 4240 ὡς
560 4175 642 4242 τὺ,
659 4176 747 4228 Ἐν
771 4173 946 4245 ταύτῃ
961 4176 1025 4245 τῇ
1051 4173 1348 4226 ὑποστάσει
1362 4173 1459 4244 τῆς
1475 4171 1798 4246 καυχήσεως
1815 4189 1937 4246 μου·

366 4267 498 4322 ποτὶ
545 4268 604 4322 δέ
661 4283 839 4333 ,τινων
897 4264 1246 4337 συνάθροισιν
1297 4262 1702 4336 ὁμονοούντωνο
1749 4263 1825 4328 ὡς
1855 4263 1938 4334 τὸ,

367 4339 625 4430 Ἐξῆλθον
657 4361 846 4432 ἄνδρες
869 4363 935 4414 ἐκ
968 4361 1067 4431 τῆς
1101 4358 1450 4422 ὑποστάσεως
1475 4357 1582 4412 τῶν
1605 4357 1940 4428 ἀλλοφύλων.

371 4451 436 4503 Εἰ
467 4449 568 4519 μὲν
613 4446 706 4504 οὖν
757 4451 898 4505 κατὰ
929 4451 989 4504 τὸ
1030 4449 1358 4516 τελευταῖον,
1393 4449 1546 4519 φασὶ,
1573 4449 1672 4521 τὴν
1705 4449 1942 4504 ὑπόστα-

373 4561 456 4596 σιν
491 4543 612 4596 ἁντὶ
667 4543 760 4596 τοῦ
789 4542 1176 4596 ταυτοϐουλίαν
1214 4545 1308 4596 καὶ
1353 4542 1817 4615 ὁμογνωμοσύνην
1848 4558 1942 4613 ση-

375 4632 589 4702 μαίνειν
631 4631 740 4684 τῶν
785 4632 1020 4702 φύσεων,
1053 4631 1400 4703 συγχωροῦσι
1427 4632 1672 4702 δηλονότι
1703 4631 1846 4687 κατὰ
1877 4631 1945 4685 τὰ

372 4723 566 4794 πρῶτα
613 4723 707 4778 δύο
743 4722 926 4792 λέγειν
981 4726 1130 4794 ἡμᾶς
1182 4725 1278 4784 τὰς
1315 4724 1638 4788 ὑποστάσεις
1691 4723 1798 4776 τῶν
1853 4721 1944 4774 δύο

375 4813 624 4883 φύσεων·
683 4817 732 4868 εί
789 4815 844 4868 δὲ
910 4816 1053 4868 κατὰ
1099 4816 1159 4869 τὸ
1199 4815 1482 4888 δεύτερον,
1541 4816 1744 4884 φασὶν,
1785 4813 1942 4868 ἀνού-

375 4907 486 4959 σιόν
517 4923 568 4960 τι
627 4905 945 4976 βουλόμενοι
1003 4907 1174 4971 δεῖξαι
1232 4907 1296 4960 τὸ
1341 4908 1401 4972 ἐξ
1453 4904 1784 4977 ἀμφοτέρων
1833 4903 1943 4957 τῶν

373 5000 630 5066 φύσεων,
675 4999 797 5065 οὑδὲ
843 4999 1184 5068 ἀποκρίσεως
1235 4999 1416 5064 ἄξιοι·
1463 5001 1512 5052 εὶ
1559 4997 1615 5051 δὲ
1675 4997 1819 5050 καιᾰ
1886 4999 1946 5049 τὸ

375 5089 611 5170 πρῶτον,
628 5087 936 5141 εἰπάτωσαν
961 5089 1067 5140 τίνι
1098 5087 1434 5158 καθέστηκεν
1457 5087 1596 5158 αὕτη
1623 5085 1907 5156 ὀμοούσιος
1931 5103 1941 5115 ·

2041 4003 2104 4050 ut
2151 3992 2418 4052 Memento
2475 3997 2602 4061 mei,
2631 4009 2886 4066 persona,
2933 4003 3034 4050 et:
3076 3991 3276 4064 Figura
3309 3994 3618 4049 substantia:

2039 4089 2190 4158 ejus;
2225 4086 2520 4158 aliquando
2567 4075 2752 4144 autem
2799 4085 2932 4158 quid
2958 4101 3070 4142 non
3101 4085 3476 4150 substantiale,
3507 4095 3567 4140 ut
3601 4103 3618 4144 :

2039 4179 2101 4236 In
2141 4181 2233 4236 illa
2265 4195 2502 4252 persona
2551 4180 2898 4252 gloriationis
2943 4193 3116 4246 meae;
3155 4178 3451 4248 aliquando
3487 4196 3619 4236 vero

2043 4273 2520 4344 congregationem
2553 4271 2922 4336 unanimium,
2964 4279 3028 4326 ut
3071 4270 3380 4327 :Exierunt
3417 4272 3523 4328 viri
3551 4289 3624 4329 en

2045 4376 2284 4431 persona
2316 4362 2774 4434 alienigenarum.
2811 4361 2866 4416 Si
2899 4376 3032 4432 ergo
3065 4361 3258 4417 ultimo
3286 4377 3451 4418 sensu
3490 4379 3628 4434 per-

2043 4465 2235 4506 sonam
2261 4451 2476 4517 dicunt,
2507 4450 2562 4506 id
2595 4459 2700 4515 est,
2725 4459 2786 4506 ut
2813 4449 3124 4521 signiﬁcent
3145 4458 3464 4506 naturarum
3491 4465 3626 4507 con-

2045 4545 2354 4601 sensionem
2384 4553 2442 4601 et
2466 4543 2840 4608 concordiam,
2865 4541 3152 4598 manifeste
3185 4543 3494 4599 concedunt
3519 4559 3622 4600 nos

2045 4633 2228 4689 dicere
2245 4634 2550 4691 secundum
2577 4634 2722 4690 duos
2740 4633 2952 4706 priores
2971 4648 3185 4700 sensus,
3209 4648 3472 4706 personas
3491 4633 3623 4690 dua-

2046 4738 2168 4777 rum
2218 4723 2572 4792 naturaruni;
2615 4726 2660 4780 si
2707 4733 2894 4782 autem
2939 4725 3006 4780 ad
3041 4725 3343 4781 secundum
3375 4739 3620 4790 sensum,

2046 4813 2122 4868 ita
2145 4822 2206 4868 ut
2232 4830 2342 4870 non
2369 4815 2731 4872 substantialc
2757 4831 2879 4871 esse
2907 4815 3056 4886 quod
3080 4827 3152 4871 ex
3172 4814 3387 4872 duabus
3411 4819 3624 4874 naturis

2047 4913 2284 4971 constat,
2346 4906 2638 4962 intendere
2682 4905 2873 4971 velint,
2925 4907 3302 4977 responsionis
3345 4924 3456 4964 non
3493 4918 3624 4965 sunt

2045 4995 2232 5066 digni;
2266 4996 2310 5052 si
2343 5012 2477 5053 vero
2521 4998 2588 5052 ad
2621 4997 3093 5068 primum,dieunt
3116 4997 3207 5053 cui
3241 4997 3346 5053 fuit
3375 4999 3466 5054 illa
3494 5011 3628 5055 con-'

2048 5087 2436 5145 substantialis
2473 5107 2492 5142 :
2519 5095 2619 5146 aut
2665 5085 2858 5153 David,
2889 5085 2959 5142 de
3004 5101 3118 5156 quo
3147 5086 3286 5142 dixit
3323 5106 3334 5142 :
3365 5087 3625 5144 Memento

369 5181 440 5252 τῇ
487 5166 580 5233 τοῦ
609 5179 774 5233 Δαῆὶδ
833 5178 961 5250 περὶ
1011 5173 1078 5251 ἧς
1123 5177 1276 5232 εἷπε·
1335 5180 1650 5246 Μνήσθητι
1692 5179 1775 5240 τίς
1825 5195 1924 5247 μοι

2053 5182 2154 5234 mei
2187 5181 2228 5245 ¹,
2263 5195 2532 5250 persona;
2560 5189 2658 5236 aut
2707 5179 2888 5236 Patris
2933 5177 3003 5233 de
3053 5193 3167 5249 quo
3214 5177 3424 5234 dictum
3477 5187 3564 5235 est
3603 5196 3625 5234 :1
3694 5166 3700 5174 ’

374 5241 764 5341 ήηὺπόστασις,
799 5271 830 5342 ἢ
877 5241 943 5343 si;
986 5241 1082 5324 τοῦ
1147 5272 1359 5342 [ἰατρὸς
1407 5241 1536 5342 περὶ
1576 5241 1663 5344 ’ἧς
1707 5241 1920 5340 εἴρηνται

2055 5241 2592 5340 Figura-substantia
2615 5269 2730 5340 ejus
2753 5271 2810 5324 ιι
2837 5269 2946 5327 Sed
2975 5267 3019 5326 si
3053 5241 3228 5325 nam
3258 5269 3534 5340 quomodo
3557 5285 3634 5325 ex

375 5360 685 5430 χαρακτὴρ
722 5360 836 5430 τῆς
875 5358 1278 5428 ὑποστάσεως
1309 5359 1543 5424 αὐτοῦ;
1579 5359 1726 5415 Ἀλλ’
1753 5363 1800 5412 εἰ
1845 5359 1946 5429 μὲν

372 5454 442 5521 τῇ
497 5450 594 5504 τοῦ
657 5453 890 5522 Πατρὸς,
926 5451 1040 5516 πῶς
1104 5453 1170 5506 ἐκ
1229 5450 1324 5504 δύο
1383 5451 1599 5519 φύσεων
1681 5451 1946 5522 συνέστη-

377 5559 490 5608 κεν,
543 5542 722 5614 ἁπλῆς
747 5545 1097 5616 ὑπαρχούσης
1141 5542 1241 5606 τῆς
1289 5541 1385 5596 τοῦ
1435 5542 1691 5615 Πατρός;
1729 5542 1808 5596 δεῖ
1841 5542 1946 5614 γὰρ

453 5723 466 5752 ¹
507 5721 648 5778 Psal.
709 5739 818 5790 CIV,
852 5725 901 5780 4.
983 5727 1000 5755 ¹
1031 5723 1176 5802 llebr
1235 5742 1272 5782 ι.
1305 5725 1353 5779 ὅ.

2039 5347 2272 5416 duabus
2301 5361 2515 5417 naturis
2543 5360 2768 5426 coaluit,
2797 5377 2924 5417 cum
2957 5361 3190 5432 simplex
3220 5359 3280 5414 ﬁt
3303 5358 3480 5414 Patris
3503 5373 3626 5428 per-

2055 5453 2231 5508 sonat
2256 5453 2484 5523 Oportet
2512 5455 2659 5512 enim
2687 5455 2936 5514 eamdem
2973 5452 3295 5510 substantia
3333 5450 3628 5518 rationem,

2055 5543 2302 5600 eumdem
2335 5559 2554 5616 quoque
2599 5546 2960 5616 voluntatem,
2997 5543 3330 5602 substantias
3357 5557 3478 5613 quze
3499 5557 3631 5614 per.
