3932 6152
383 269 482 325 :27
1599 255 1913 325 LEONTII
1947 315 1949 322 ι

2051 257 2352 322 ιΑΝΤιΝι

380 295 475 334 ὲιῖέί

3487 243 3646 314 1528

341 396 490 436 sonte
515 379 817 446 dicuntur;
857 385 1048 450 postea
1087 377 1276 434 dicant
1299 377 1430 448 quid
1461 378 1536 432 sit
1561 376 1926 432 consubstan-

2051 375 2124 427 τὸν
2171 373 2332 427 αὑτὸν
2382 370 2524 441 ἔχειν
2575 369 2733 437 λόγον
2778 369 2878 440 τῆς
2905 367 3116 432 οὑσίας,
3163 366 3256 421 καὶ
3304 364 3402 436 τὴν
3444 365 3645 434 αὐτὴν

345 472 506 538 ιιιιιος
551 471 597 526 si
635 486 764 526 vero
811 485 922 524 non
973 469 1184 534 Patris,
1237 469 1333 525 sed
1386 469 1582 536 David,
1652 468 1934 539 quomodo

340 577 460 616 eam
486 577 553 614 ex
581 559 796 614 duabus
825 559 1040 614 naturis
1071 571 1344 624 constare,
1376 575 1487 613 non
1521 575 1588 614 ex
1611 572 1844 626 corpore
1879 565 1936 612 et

341 654 526 708 anima
571 662 828 707 constare
875 651 1104 706 volunt?
1153 651 1302 706 Talis
1351 654 1500 706 enim
1556 651 1661 706 fuit
1713 650 1936 706 Davidis

271 798 280 808 ,
343 759 577 814 persona
599 725 695 810 δεῖ
721 758 854 798 vero
890 759 1069 813 neque
1101 743 1232 809 hoc,
1266 760 1444 814 neque
1470 745 1626 807 illud,
1665 745 1807 798 alius
1837 758 1935 814 ge-

339 833 496 902 _neris
541 849 702 904 quam
753 849 948 888 omnes
993 849 1158 902 quem
1207 834 1562 888 introducitis
1597 834 1788 896 Filius,
1831 849 1936 888 nec

339 926 509 997 nobis
539 940 642 980 nec
669 933 870 980 sancta:
903 925 1162 980 Trinitati
1201 925 1708 980 consubstantialis.
1745 923 1852 978 Sed
1885 925 1933 980 si

347 1019 548 1074 dicatis
589 1035 657 1072 ex
701 1025 855 1088 parte
893 1019 1114 1087 utrique
1157 1016 1706 1080 consubstantialem,
1738 1016 1935 1070 scitote

345 1091 841 1180 consubstantialia
871 1125 981 1164 non
1003 1109 1115 1179 pati
1149 1124 1216 1164 cx
1245 1117 1398 1178 parte
1444 1107 1935 1163 consubstantialia

349 1218 470 1257 csse
496 1219 510 1268 ;
543 1202 634 1256 illa
679 1201 828 1256 enim
858 1201 1072 1255 ratione
1099 1199 1416 1254 omnimode
1447 1199 1936 1254 consubstantialia

347 1279 515 1360 'sunt;
542 1308 672 1348 sane
702 1291 852 1363 quod
879 1308 945 1346 ex
976 1299 1130 1362 parte
1179 1291 1310 1346 huic
1353 1301 1408 1346 et
1442 1291 1522 1346 illi
1567 1290 1935 1346 consubstan-

354 1385 484 1440 tiale
537 1393 654 1448 est,
707 1383 958 1438 neutrius
1009 1391 1190 1452 potest
1235 1397 1358 1437 esse
1410 1381 1611 1445 Filius;
1664 1381 1936 1436 ostendite

354 1475 503 1529 eniln
577 1471 710 1544 quid
779 1471 1018 1527 diversis
1077 1486 1146 1527 ex
1209 1478 1366 1541 parte
1427 1469 1931 1536 consubstantiale,

360 1567 648 1635 utriusque
674 1563 839 1619 fuerit
863 1563 1054 1618 Fiiius.

429 1752 618 1807 Priore
652 1759 838 1806 vestro
865 1757 1192 1820 argumento
1227 1728 1346 1820 jam.
1376 1748 1638 1812 contrito,
1673 1762 1938 1818 superva-
1966 1725 2013 1784 Β

357 1857 592 1899 caneum
637 1849 785 1896 esset
831 1839 990 1894 vobis
1031 1839 1098 1894 ad
1134 1837 1418 1908 sequentia
1469 1835 1826 1906 respondere.
1885 1836 1941 1890 Si

359 1935 508 1990 enim
539 1949 690 1998 vere,
720 1941 781 1987 ut
818 1941 1100 1988 ostensum
1142 1941 1248 1996 est,
1275 1928 1595 2000 coniunctio
1637 1926 1746 1982 fuit
1779 1935 1942 1981 natu-

361 2041 550 2080 rarum
579 2033 636 2080 et
678 2023 982 2080 secundum
1027 2035 1344 2092 personam,
1380 2034 1492 2075 non
1525 2029 1710 2074 autem
1752 2032 1944 2088 perso-

361 2133 559 2174 narum
597 2117 750 2183 unio,
783 2116 837 2171 in
869 2115 1093 2172 Christo
1141 2114 1373 2170 Domino
1411 2121 1622 2178 nostro,
1667 2112 1812 2166 sicut
1848 2126 1946 2166 vos

362 2211 469 2284 ipsi
501 2227 648 2266 nunc
694 2211 764 2266 de
805 2209 988 2266 anima
1027 2216 1084 2264 et
1123 2223 1359 2279 corpore
1392 2206 1560 2260 David
1609 2204 1943 2275 supponitis,

364 2301 718 2358 manifestum
745 2316 907 2356 unam
943 2299 1278 2365 necessario,
1302 2315 1413 2354 non
1435 2309 1619 2353 autem
1644 2297 1803 2360 duas,
1825 2307 1947 2350 esse

363 2393 724 2466 compositam
775 2407 1086 2462 personam.
1127 2391 1237 2446 Sed
1288 2408 1359 2447 ne
1403 2391 1691 2446 videamur
1735 2397 1950 2444 vestros

367 2485 714 2558 syllogismos
743 2491 1000 2553 tanquam
1032 2483 1088 2535 in
1129 2481 1422 2552 posteriori
1455 2489 1780 2553 argumento
1809 2477 1948 2533 vali~

367 2578 551 2632 diores
597 2577 796 2640 vitare,
827 2575 1122 2646 adjuvante
1165 2575 1276 2630 Deo
1317 2575 1407 2630 his
1443 2590 1666 2644 quoque
1695 2573 1951 2628 omnibus

367 2667 704 2724 sumcienter
734 2679 1129 2731 occurremus;
1163 2665 1258 2734 qui
1298 2665 1513 2720 sincere
1543 2664 1830 2720 veritatem
1863 2663 1948 2716 in-

367 2759 618 2831 quirunt,
650 2771 762 2811 non
792 2763 1024 2811 utuntur
1057 2756 1115 2810 in
1147 2771 1212 2811 ea
1247 2754 1578 2825 inquirenda
1609 2754 1951 2808 instrumen-

369 2852 445 2907 tis
477 2849 533 2904 in
566 2863 814 2903 errorem
847 2845 1158 2918 agentibus,
1189 2846 1270 2901 uti
1308 2861 1408 2901 vos
1448 2845 1650 2902 facitis.
1678 2845 1950 2912 Quoniam

367 2943 577 2998 ctenim
607 2940 939 2996 indiscretus
966 2955 1099 2996 usus
1127 2938 1412 2994 nominum
1438 2953 1560 3008 qua:
1591 2938 1790 2992 multas
1817 2951 1952 3008 prae-

2038 463 2243 534 νόησιν,
2280 463 2380 524 τὰς
2419 460 2608 524 οὐσίας
2643 458 2946 530 λεγομένας
2987 457 3346 520 ὑτιοστάσειςο
3378 456 3506 508 ἐπεὶ
3533 455 3639 508 λε-

2036 557 2284 623 γέτωσαν
2316 554 2368 606 τί
2414 553 2476 607 τὸ
2527 551 2842 624 όμοούσιον.
2890 551 2957 604 Et
3006 551 3064 604 δὲ
3117 549 3194 617 μὴ
3219 547 3317 602 τοῦ
3376 547 3638 615 Πατρδς,

2034 645 2172 700 ἀλλὰ
2197 646 2264 712 τῇ
2295 643 2388 696 τοῦ
2419 642 2602 710 Δαϐὶδ,
2634 642 2754 706 πῶς
2776 644 2842 696 ἐκ
2864 641 2957 695 δύο
2984 641 3202 711 φύσεων
3231 639 3488 708 λέγοντες
3517 639 3640 692 αὖ-

2036 735 2134 800 τὴν
2163 733 2262 785 οὑκ
2306 733 2373 785 ὲκ
2416 733 2596 804 ψυχῆς
2635 733 2730 785 καὶ
2761 730 3014 802 σώματος
3041 730 3366 785 συνεστάναι
3399 727 3642 800 βούλου.

2036 843 2126 877 ται
2148 840 2164 888 ;
2191 822 2414 893 τοιαύτη
2441 824 2551 894 γὰρ
2588 824 2622 892 ὴ
2652 821 2746 876 τοῦ
2773 821 2958 877 Δαϐἰδ.
2991 821 3056 876 Εἰ
3085 822 3140 876 δέ
3171 821 3292 875 οὐδὲ
3315 819 3500 886 τοῦτο,
3527 819 3642 872 οὗ·

2036 915 2092 968 δὲ
2120 912 2316 978 ἐκεῖνο,
2345 917 2511 969 πᾶσιν
2549 915 2894 984 έτεροούσιος
2921 915 2950 967 ὁ
2984 914 3116 984 παρ’
3145 913 3298 983 ὑμῶν
3327 911 3640 983 εἰσαγόμε-

2039 1025 2128 1073 νος
2157 1009 2305 1072 Υἱὸς,
2341 1011 2436 1063 καὶ
2471 1007 2591 1060 οὐδὲ
2637 1008 2766 1077 ἡμῖν
2798 1006 2920 1059 οὐδὲ
2945 1008 3012 1076 τῇ
3039 1005 3174 1078 ἁγία
3203 1004 3394 1072 Τριάδι
3415 1003 3641 1072 duoad-

2039 1118 2172 1164 στος.
2215 1101 2276 1154 Εἰ
2329 1100 2386 1154 δὲ
2431 1101 2616 1168 λέγετε
2647 1102 2710 1153 ἐκ
2746 1102 2946 1172 μέρους
2999 1101 3094 1153 καὶ
3148 1099 3327 1169 τούτῳ
3376 1096 3639 1166 κάκῖίνῳ

2037 1193 2343 1262 ὀμοούσιος,
2380 1190 2678 1260 γινώσκετε
2725 1193 2807 1246 ὅτι
2847 1192 2917 1246 τὰ
2967 1189 3232 1262 όμοούσια
3282 1191 3382 1243 οὒκ
3422 1191 3489 1244 ὲκ
3519 1189 3638 1257 μὲ-

2041 1301 2170 1356 ρους
2224 1284 2368 1338 θέλει
2417 1283 2683 1354 δμοούσια
2731 1277 2906 1338 εἶναι·
2963 1283 3040 1354 τῷ
3092 1285 3201 1352 γάρ
3255 1283 3410 1349 Λόγῳ
3441 1280 3636 1348 τούτῳ

2039 1375 2388 1430 παντάπασιν
2433 1375 2698 1446 όμοούσια
2750 1375 2940 1430 ἔσται’
2976 1375 3114 1438 ὅλως
3145 1374 3204 1426 δὲ
3231 1375 3291 1430 τί
3322 1375 3386 1426 ἐκ
3417 1373 3636 1443 μέρους

2037 1467 2214 1538 τούτῳ
2265 1469 2504 1540 κάκείνῳ
2553 1467 2860 1539 όμοούσιον,
2909 1467 3196 1538 οὐδετέρου
3223 1465 3447 1520 δύναται
3477 1461 3633 1518 εἶναι

2039 1561 2168 1624 Υἱός
2193 1577 2208 1590 ·
2244 1561 2366 1614 ἐπεὶ
2401 1560 2613 1628 δείξατέ
2643 1577 2696 1614 τι
2727 1562 2791 1614 ὲκ
2828 1561 3030 1632 μέρους
3067 1559 3314 1630 ὑπάρχον
3333 1554 3634 1627 ὁμοούσιον

2037 1655 2337 1728 διαφόροις,
2372 1655 2465 1708 καὶ
2493 1655 2777 1726 γινόμενον
2809 1653 3002 1708 τούτου
3028 1654 3285 1707 κάκείνου
3309 1653 3453 1706 Υιόν.

2117 1747 2256 1818 Ἤδη
2309 1747 2409 1817 μὲν
2460 1749 2562 1816 τῆς
2616 1746 2894 1819 προτέρας
2940 1745 3095 1816 ὑμῶν
3126 1745 3433 1808 ὑποθέσεως
3487 1760 3638 1797 κατι

2044 1839 2388 1910 ηργημένης,
2454 1839 2706 1910 περιττὸν
2747 1833 2816 1910 ἦν
2871 1839 2985 1892 καῖ’
3018 1839 3156 1908 πρὸς
3200 1839 3270 1890 τὰ
3316 1835 3442 1906 ἑξῆς
3489 1836 3636 1908 ὑμῖν

2044 1931 2465 2005 ἀποκρίνασθαι.
2497 1932 2558 1986 Εἰ
2585 1931 2692 2004 γὰρ
2722 1931 2960 2002 άληθῶς,
2985 1932 3061 1994 ὡς
3083 1931 3374 1994 δέδεικται,
3403 1933 3636 2000 φύσεως

2043 2026 2266 2096 γέγονεν
2315 2028 2350 2096 ἡ
2407 2025 2657 2088 σύνθεσις
2707 2026 2802 2078 καὶ⁵
2849 2026 2976 2079 καθ’
3026 2025 3348 2086 ὑπόστασιν,
3402 2025 3460 2078 οὑ
3514 2022 3636 2094 μὴν

2047 2117 2397 2173 ὑποστάσεὼν
2426 2120 2576 2170 ἐστιν
2609 2119 2644 2188 ἡ
2677 2119 2872 2182 ένωσις
2912 2119 3004 2170 ἐπὶ
3031 2117 3129 2171 τοῦ
3158 2117 3432 2170 Δεσπὸτου
3465 2115 3636 2185 ἡμῶν

2045 2213 2306 2282 Χριστοῦ,
2339 2212 2527 2283 ὥσπερ
2575 2211 2668 2264 καὶ
2705 2211 2862 2281 ὑμεῖς
2895 2210 2987 2264 ἐπὶ
3033 2210 3211 2281 ψυχῆς
3244 2209 3340 2262 καὶ
3374 2206 3636 2276 σώματος

2047 2303 2142 2358 νῦν
2197 2303 2291 2357 τοῦ
2340 2303 2508 2356 Δαϐἰδ
2559 2301 2846 2366 ὑπέθεσθε,
2887 2302 3046 2372 δῆλόν
3097 2305 3246 2356 ἐστιν
3289 2301 3363 2363 ὡς
3408 2302 3632 2362 πάντως

2051 2395 2180 2464 μίαν
2210 2393 2304 2446 καὶ
2352 2393 2412 2446 οὐ
2451 2391 2544 2445 δύο
2575 2385 2715 2444 εἶναι
2748 2393 3044 2460 ἀναγκαῖον
3077 2393 3175 2461 τὴν
3211 2390 3462 2444 σύνθετον
3489 2387 3636 2442 ὑπό-

2052 2502 2263 2540 στασιν.
2284 2483 2427 2537 Ἀλλ’
2461 2485 2548 2536 ἵνα
2577 2484 2652 2554 μὴ
2703 2481 2948 2555 δόξωμεν
2983 2485 3058 2547 ὡς
3082 2483 3464 2554 ἰσχυροτέρους
3497 2481 3636 2544 τοὺς

2049 2579 2142 2630 ἐπὶ
2166 2580 2228 2647 τῇ
2265 2577 2498 2649 δευτέρᾳ
2529 2577 2686 2648 ὑμῶν
2718 2578 2974 2632 ὑποθέσει
3004 2575 3391 2645 παραιτεῖσθαι
3434 2572 3630 2628 συλλο-

2049 2669 2305 2740 γισμοὺς,
2351 2671 2449 2723 σὺν
2495 2668 2616 2739 Θεῷ
2648 2669 2742 2722 καὶ
2789 2670 2926 2740 πρὸς
2968 2667 3160 2722 τούσδε
3215 2667 3462 2727 ἅπαντας
3493 2667 3630 2735 ὑμῖν

2049 2761 2283 2825 δεόντως
2331 2761 2719 2830 ἀπαντήσομεν
2743 2777 2758 2794 ο
2792 2764 2842 2814 ot
2892 2761 2993 2824 μὲν
3041 2755 3138 2812 οὖν
3169 2756 3484 2829 φιλαληθῶς
3525 2774 3631 2826 την

2049 2853 2308 2921 ἀλήθειαν
2342 2851 2694 2922 ἐρευνῶντες,
2721 2853 2780 2903 ού
2808 2852 2919 2913 τοῖς
2950 2849 3164 2902 ποιοῦσι
3206 2848 3309 2920 τὴν
3333 2849 3431 2902 ἀπ’
3451 2848 3627 2918 αὐτῆς

2050 2944 2259 3013 πλάνην
2282 2944 2535 3014 ὀργάνοις
2587 2942 2872 3012 κέχρηνται
2903 2939 3035 3010 πρὸς
3061 2940 3160 3008 τὴν
3190 2938 3420 3010 ἔρευναν
3446 2939 3627 3007 αὐτῆς

369 3035 504 3090 bent
552 3032 982 3104 signiﬁcationes
1039 3032 1341 3103 plurimum
1389 3047 1608 3102 semper
1658 3031 1713 3086 in
1766 3045 1949 3085 rerum

2053 3037 2246 3107 ὥσπερ
2278 3038 2459 3106 ὑμεῖς.
2515 3036 2627 3102 Τῆς
2661 3035 2766 3106 γὰρ
2810 3032 3117 3101 άδιοκρίτου
3147 3031 3255 3084 τῶν
3281 3029 3620 3099 πολυσήμων

371 3121 730 3193 inquisitione
769 3135 1017 3176 errorem
1065 3121 1231 3192 parit,
1279 3135 1410 3177 ecce
1455 3135 1552 3176 vos
1595 3121 1834 3191 primum
1881 3119 1951 3174 ab

373 3213 534 3268 initio
575 3213 632 3267 in
661 3226 812 3276 eum,
855 3213 1112 3282 quamvis
1154 3211 1485 3268 videremini
1525 3226 1650 3266 rum
1691 3211 1830 3266 velle
1861 3210 1954 3266 fu-

370 3320 520 3376 gere,
551 3303 851 3369 incidistis,
882 3302 938 3358 in
966 3303 1322 3374 inquirendo,
1347 3303 1492 3369 dico,
1517 3303 1586 3358 de
1611 3303 1950 3369 substantia;

371 3406 430 3452 et
453 3411 522 3452 ex
554 3405 712 3466 parte
739 3395 1075 3450 videbamini
1107 3393 1370 3461 deﬁnire,
1401 3394 1501 3450 sed
1530 3409 1641 3449 non
1679 3394 1953 3464 complete

371 3485 614 3540 nominis
643 3499 914 3556 personat,
945 3483 1250 3540 secundum
1277 3483 1708 3559 unumquodque
1758 3497 1954 3539 eorum

373 3575 443 3631 de
491 3574 696 3646 quibus
745 3573 982 3640 dicitur,
1032 3574 1427 3644 explanavistis
1461 3573 1951 3646 signiﬁcationem,

374 3677 600 3718 necesse
643 3663 812 3734 igitur
857 3661 1147 3729 habemus,
1204 3672 1538 3718 commutata
1566 3664 1954 3734 praepositione

375 3753 502 3821 ὑπό,
535 3754 622 3809 vel
656 3753 878 3824 proprie
908 3763 1152 3824 accepta,
1193 3754 1432 3824 primum
1475 3764 1718 3810 statuere
1755 3765 1956 3825 quotu-

373 3845 594 3928 pliciter
636 3853 695 3900 et
737 3843 944 3914 quibus
971 3845 1204 3899 diversis
1242 3845 1500 3900 sensibus
1539 3845 1608 3903 de
1645 3848 1882 3918 quibusq
1921 3864 1956 3905 δ

375 3932 597 3990 dicatur
631 3947 882 4002 persona:
913 3946 1116 3987 nomen
1168 3941 1226 3988 et
1275 3949 1581 4004 congruum
1632 3948 1956 4006 argumento

375 4037 598 4079 sensum
623 4019 818 4076 sedulo
847 4020 1186 4089 discernere,
1217 4020 1286 4078 ne
1316 4023 1371 4078 in
1400 4025 1630 4080 alteram
1655 4042 1758 4096 pro
1780 4027 1956 4084 altera

375 4113 831 4186 signiﬁcationem
883 4113 1192 4188 incidamus
1236 4133 1250 4169 :
1291 4131 1402 4186 quo
1441 4125 1700 4186 peracto,
1748 4109 1955 4174 vestras

375 4206 752 4262 absurditates
775 4219 1176 4279 consequenter
1201 4208 1530 4265 reiellemus.

2052 3125 2370 3194 ὁμωνυμίας
2399 3123 2658 3196 πλείστην
2681 3121 2938 3192 ποιούσης
2960 3123 3044 3173 ἀεὶ
3071 3118 3166 3192 τὴν
3187 3119 3396 3188 ἀπάτην
3415 3120 3471 3172 ἐν
3495 3119 3612 3180 τοῖς
3697 3179 3704 3182 η

2053 3215 2410 3286 ζητουμένοις
2440 3214 2780 3284 πράγμασιν,
2818 3212 2928 3266 ἰδοὺ
2953 3211 3045 3264 νῦν
3067 3212 3198 3282 ἡμῖν
3221 3208 3392 3280 ταύτῃ
3423 3207 3482 3272 ἐξ
3508 3208 3611 3278 ἀρ-

2053 3305 2156 3377 χῆς
2209 3305 2372 3368 εὐθὺς
2427 3305 2567 3375 μετὰ
2599 3304 2786 3375 μέντοι
2841 3303 2936 3356 καὶ
2980 3301 3155 3354 δοκεῖν
3184 3301 3404 3368 φεύγειν
3429 3295 3624 3366 αὑτὴν,

2055 3396 2460 3468 προεϐάλεσθε,
2515 3395 2644 3466 περὶ
2684 3395 2784 3465 τῆς
2823 3393 3194 3456 ὑποστάσεως,
3234 3393 3398 3461 φημὶ,
3425 3389 3632 3460 διερευο

2053 3488 2256 3551 νῶντες
2279 3501 2295 3516 ⁸
2325 3487 2419 3540 καὶ
2447 3483 2662 3548 ἐδόξατε
2703 3484 2803 3554 μὲν
2829 3483 3086 3556 διορίζειν
3127 3481 3236 3535 ἀπο
3267 3481 3463 3551 μέρους
3487 3495 3502 3510 ·
3527 3478 3636 3532 οὒκ

2055 3577 2288 3642 ἐντελῶς
2339 3577 2397 3630 δὲ
2445 3574 2758 3646 διεκρίνατε
2803 3573 2866 3628 τὸ
2913 3573 3014 3644 τῆς
3059 3572 3412 3634 ὑποστάσεως
3435 3569 3630 3638 ὄνομα,

2055 3672 2174 3738 πῶς
2220 3673 2304 3741 ἐφ’
2341 3671 2578 3726 ἑκάστου
2625 3660 2704 3722 ὧν
2749 3666 2972 3736 λέγεται
3031 3665 3382 3736 σημαίνεται.
3436 3659 3635 3727 Ἀναγ-

2056 3769 2210 3820 καῖον
2239 3760 2336 3817 οὗν
2384 3755 3078 3832 ἀντιμεταλαμϐανομένης
3123 3755 3242 3824 τῆς,
3269 3753 3397 3816 ὑπὸ,
3427 3749 3629 3823 προθέ-

2058 3870 2196 3916 σεως
2243 3851 2278 3925 ἢ
2329 3852 2534 3923 κυρίως
2567 3851 2830 3919 κειμένης
2849 3863 2864 3880 ο
2916 3844 3172 3915 ποσαχῶς
3203 3861 3263 3897 τε
3292 3843 3507 3912 λέγεται
3535 3840 3632 3894 καὶ

2053 3945 2204 4008 ὅπως
2255 3944 2593 3997 καθέκαστον
2653 3941 2764 3994 τῶν
2815 3939 3016 4010 ἑτέρως
3051 3935 3363 4006 λεγομένων
3415 3933 3634 4001 εἴρηται

2054 4035 2116 4090 τδ
2145 4037 2245 4106 τῆς
2283 4033 2634 4096 ὑποστάσεως
2664 4033 2857 4104 δνομα,
2892 4029 3079 4084 καὶτὸ
3118 4027 3373 4098 ἁρμόδιον
3418 4023 3510 4078 ἐπὶ
3533 4020 3634 4074 τοῦ

2055 4125 2419 4198 προκειμένου
2454 4125 2837 4196 φιλοκρινῆσαι
2861 4125 3009 4194 ἡμᾶς
3039 4121 3276 4192 πρῶτον,
3325 4119 3410 4172 ἵνα
3441 4115 3515 4186 μὴ
3548 4116 3632 4177 εἰς

2057 4221 2252 4290 ἑτέραν
2299 4218 2417 4273 ἀνθ’
2473 4218 2668 4288 ἑτέρας
2712 4215 2988 4288 σημασῖαν
3041 4211 3490 4283 μεταπίπτωμεν,
3526 4199 3632 4258 εἷθ’

2055 4311 2230 4372 οὕτως
2261 4309 2331 4363 τὰ
2357 4309 2484 4380 ἑξῆς
2511 4307 2666 4378 ὑμῶν
2694 4307 2874 4362 ἄτοπα
2898 4303 3219 4372 διελέγχειν.

447 4385 693 4443 Dicimus
720 4403 852 4460 ergo
879 4387 1216 4462 hypostasim
1258 4405 1292 4446 a
1333 4390 1663 4461 quibusdam
1697 4391 1830 4457 dici,
1863 4407 1949 4448 se-

2125 4403 2310 4473 Φαμὲν
2347 4401 2440 4456 οὖν
2478 4403 2636 4472 ἡμεῖς
2667 4400 2744 4464 ὡς
2789 4398 3087 4459 ὑπόστασις
3125 4394 3225 4466 μὲν
3257 4391 3472 4462 λέγεται
3517 4405 3636 4444 τισι

376 4479 622 4535 cundum
669 4489 913 4539 veterem
961 4481 1274 4538 Grecorum
1323 4483 1602 4553 linguam,
1655 4482 1841 4540 iaecem
1897 4495 1955 4539 et

377 4581 619 4626 tnustum
662 4573 776 4627 vini
804 4581 862 4628 et
904 4573 1168 4628 similium
1211 4575 1569 4644 liquidorum,
1601 4576 1730 4646 quia
1770 4573 1953 4630 subsi-

376 4661 516 4718 dens
535 4664 738 4734 liquori
766 4665 1147 4736 supernatanti
1176 4681 1337 4720 suum
1366 4666 1534 4722 situm
1563 4667 1789 4732 indicat,
1811 4666 1956 4721 sicut

377 4755 615 4812 dicimus
641 4757 984 4813 subsidentia
1012 4757 1178 4829 ligna.
1208 4757 1420 4814 Dicitur
1451 4759 1620 4815 etiam
1657 4769 1842 4814 motus
1867 4759 1954 4814 vel

381 4847 764 4904 transmutatio
785 4848 1021 4920 alicujus
1050 4849 1206 4920 prius
1225 4849 1600 4910 consistentis.
1624 4849 1951 4921 hypostasis,

377 4937 536 5009 quasi
565 4937 852 5007 dispositio
873 4949 1026 4994 extra
1049 4941 1135 4996 vel
1163 4941 1281 4996 sine
1327 4941 1650 5006 stabilitate,
1677 4941 1954 5010 quondam

379 5037 690 5102 permutata
733 5033 1122 5101 praepositione
1171 5033 1278 5087 ὑπὸ
1329 5034 1385 5088 in
1437 5034 1696 5100 nomine,
1751 5043 1849 5087 aut
1901 5035 1954 5088 in

379 5122 489 5177 ἀπὸ
534 5130 920 5188 transmutata,
956 5124 1099 5178 sicut
1144 5125 1200 5178 in
1251 5127 1501 5194 palatstra
1549 5140 1671 5180 sese
1720 5125 1953 5181 invicem

379 5211 758 5278 detrudentes,
788 5212 1234 5270 nominaverunt.
1267 5216 1480 5272 Dicitur
1508 5231 1730 5288 quoque
1767 5217 1958 5288 acqui-

379 5305 509 5364 sitio
533 5303 849 5360 divitiarum
880 5314 978 5362 aut
1003 5315 1300 5377 questuum
1333 5323 1401 5364 ex
1425 5309 1754 5379 quibusdam
1787 5327 1956 5380 pecu-

379 5395 492 5452 niis
531 5395 600 5451 ab
647 5394 836 5466 aliquo
885 5396 1060 5463 facta,
1107 5389 1446 5470 bypostasis,
1493 5399 1652 5470 quasi
1699 5402 1846 5456 salva
1902 5411 1958 5456 ct

380 5487 644 5555 Stabilita,
694 5487 771 5544 ita
814 5497 876 5546 ut
912 5489 1162 5546 dicamus
1208 5490 1357 5546 hunc
1404 5491 1683 5548 hominem
1729 5494 1956 5548 multam

383 5579 717 5651 hypostasim
749 5597 860 5638 non
911 5581 1138 5648 habere,
1185 5583 1272 5639 vel
1303 5583 1610 5654 possidere.
1657 5585 1868 5641 Dicitur
1902 5594 1958 5642 et

381 5669 689 5742 liypostasis
736 5671 1002 5732 fortitudo
1035 5691 1158 5748 quae
1203 5691 1313 5732 non
1367 5674 1528 5733 facile
1575 5675 1811 5746 labitur,
1861 5679 1956 5736 sed

2059 4494 2202 4549 κατὰ
2238 4495 2348 4548 τῶν
2397 4493 2772 4562 παλαιοτέρων
2812 4486 3144 4558 Ἑλληνικῶν
3181 4485 3281 4556 τὴν
3308 4483 3571 4552 γλῶτταν,
3593 4481 3636 4553 ἠ

2061 4585 2386 4655 ὑποστάθμη
2434 4584 2530 4637 καὶ
2575 4581 2714 4653 τρὺξ
2763 4581 2858 4636 τοῦ
2917 4579 3062 4634 οἴνου
3115 4578 3355 4632 καὶτῶν
3381 4573 3639 4629 τοιούτων

2059 4677 2268 4749 ὑγρῶν,
2297 4677 2387 4730 διὰ
2410 4677 2471 4729 τὸ
2497 4675 2902 4742 ὑποϐεϐηκυῖαν
2961 4671 3038 4744 τῷ
3067 4670 3453 4736 ὲπιπολὰζοντι
3481 4669 3639 4740 ὑγρῷ

2059 4771 2159 4847 τῂν
2186 4769 2385 4840 ἑαυτῆς
2407 4769 2596 4824 στάσιν
2620 4762 2922 4828 δεικνύναι,
2943 4763 3017 4828 ὡς
3036 4763 3266 4834 λέγομεν
3293 4763 3638 4815 ὲνυπόστατα

2063 4862 2287 4931 σημεῖα.
2323 4859 2556 4926 Λέγεται
2589 4857 2648 4911 δὲ
2679 4857 2776 4910 καὶ
2804 4857 2838 4926 η
2873 4855 3087 4926 κίνησις
3131 4855 3312 4907 εἴτουν
3363 4856 3642 4924 μετάσταο

2063 4971 2148 5017 σις
2171 4951 2266 5006 τοῦ
2293 4951 2585 5014 ὲνεστῶτός
2623 4965 2776 5014 ποτε,
2819 4947 3147 5010 ὑπόστασις·
3183 4941 3271 5001 οἶά
3299 4964 3383 5010 τις
3409 4946 3516 5002 ἄπο
3541 4947 3640 5002 καὶ

2062 5041 2230 5114 χωρὶς
2266 5040 2508 5102 στάσεως
2545 5034 2680 5091 οὖσα
2718 5035 2980 5102 διάθεσις,
3007 5035 3177 5106 ἤγουν
3226 5035 3480 5107 στέρησις
3511 5038 3639 5091 στάο

2065 5151 2223 5198 σεως,
2260 5131 2391 5187 ποτε
2416 5131 2786 5203 ἀμειϐομένης
2816 5129 2935 5200 τῆς,
2977 5129 3101 5194 ὑπὸ,
3134 5127 3444 5199 προθέσεως
3474 5130 3531 5182 ἓν
3566 5130 3637 5200 τῇ

2062 5225 2227 5291 λέξει,
2247 5226 2339 5278 καὶ
2361 5223 2920 5296 μεταλαμϐανομένης
2947 5223 3026 5286 εἰς
3051 5222 3172 5292 τὴν,
3195 5220 3324 5286 ἀπὸ,
3351 5218 3556 5273 καθὰοί
3579 5221 3640 5272 ὲν

2065 5317 2368 5388 παλαίστρᾳ
2395 5317 2492 5380 τὰς
2512 5315 2796 5382 διωθήσεις
2825 5313 3070 5384 ἀλλήλων
3098 5313 3430 5382 ποιούμενοι,
3468 5309 3641 5375 οὕτως

2063 5411 2374 5480 ὠνόμασαν.
2437 5409 2673 5477 Λέγεται
2704 5407 2762 5460 δὲ
2795 5407 2891 5460 καὶ
2939 5407 2972 5478 ἡ
3007 5405 3202 5476 κτῆσις
3235 5402 3422 5463 τῶνδέ
3477 5421 3642 5458 τινων

2063 5499 2170 5554 τῶν
2227 5498 2528 5569 χρημάτων
2575 5497 2610 5569 ἢ
2667 5497 2947 5569 προσόδων
2991 5497 3104 5550 ἀπό
3144 5513 3306 5550 τινων
3343 5497 3644 5565 κτημάτων

2064 5589 2382 5660 ὑπάρχουσα
2433 5586 2570 5657 τῷδέ
2617 5604 2723 5640 τινι
2773 5585 2852 5658 τῷ
2902 5586 3245 5657 κεκτημένῳ,
3307 5586 3605 5650 ὑπόστασις
3625 5601 3639 5613 ·

2066 5679 2160 5735 ἆτε
2186 5677 2466 5751 σωζομένη
2503 5677 2594 5750 ἥδε
2628 5679 2718 5732 καὶ
2749 5677 3102 5742 ἀδιαπτώτως
3131 5677 3198 5731 αὖ
3210 5676 3282 5748 τῷ
3304 5676 3646 5748 ὑφεστηκτῖα
