3888 6168
261 362 402 436 15ἓ9

1217 364 1614 426 ADVERSUS
1647 364 2199 428 NESTOBIANOS.
2225 391 2294 402 -
2320 369 2468 430 LIB.
2513 369 2596 428 ΙΙ.

3386 365 3520 432 1530

256 488 335 556 ὥς
361 505 541 560 φαμεν
569 486 668 541 οὑκ
714 481 858 556 ἔχειν
911 480 945 552 ἢ
979 479 1276 552 κεκτῆσθαι
1308 481 1460 536 τόνδε
1487 481 1610 536 τινὰ
1633 481 1831 550 πολλὴν

1936 485 2175 541 sus:inct
2225 499 2414 543 contra
2469 499 2654 541 rerum
2701 494 2964 550 eventus,
3013 492 3075 538 ut
3127 483 3181 540 in
3235 484 3522 554 Scriptura

172 583 177 587 ’
257 581 576 636 ὑπόστασιν.
607 578 842 646 Λέγεται
869 574 926 628 δὲ
959 573 1277 637 ὑπόστασις,
1308 573 1401 626 καὶ
1428 574 1484 627 τι
1508 573 1838 644 καρτερικὸν

257 673 353 727 καὶ
381 673 480 726 οὑκ
505 669 922 724 εὑκατάπτωτον
943 705 958 728 ,
1006 662 1120 716 ἀλλ’
1152 664 1551 734 ὑπομονητικὸν
1606 665 1740 734 πρός
1769 661 1836 717 τὰ

253 763 623 834 ἀπερχόμενα,
649 758 830 820 καθὼς
862 755 1079 828 εἴρηται
1107 757 1172 824 τῇ
1199 754 1330 826 ἁγίᾳ
1355 755 1546 826 Γραφῇ
1571 771 1587 785 ο
1609 756 1718 809 Καὶ
1742 753 1838 807 νῦν

250 853 340 914 ἐἷς
382 855 416 924 ἠ
471 851 714 920 ὑπομονή
745 866 844 914 μου
871 864 887 915 ;
927 847 1047 916 οὐχὶ
1082 847 1285 916 Κύριος
1310 863 1324 912 ;
1354 848 1504 916 καὶὴ
1537 845 1837 906 ὑπόστασίς

255 959 360 1014 μου
389 941 507 1012 οὑχί
537 940 689 1010 παρά
715 938 810 991 σοῦ
851 941 1002 1004 ἐστι;
1043 937 1274 1004 Λέγεται
1302 936 1358 990 δὲ
1387 939 1712 998 ὑπόστασις,
1743 935 1838 987 καὶ

249 1035 286 1102 ἡ
318 1034 462 1095 τινὸς
484 1031 821 1102 διηγήματος
863 1030 896 1100 ἢ
945 1030 1130 1092 ἁπλῶς
1159 1030 1318 1097 λόγου
1352 1027 1626 1092 ἰδιάζουσαι
1654 1027 1747 1080 καὶ
1773 1025 1834 1078 οὑ

249 1123 484 1180 καθόλου
502 1121 640 1176 οὑσα
667 1123 932 1193 πρότασις
954 1137 968 1151 ο
991 1119 1066 1184 ὡς
1095 1119 1156 1172 τὸ
1175 1118 1468 1186 λεγόμενον
1487 1121 1545 1170 ὲν
1565 1115 1738 1186 ταύτῃ
1763 1119 1828 1187 τῇ

253 1216 552 1270 ὑποστάσει
582 1215 680 1282 τῆς
719 1213 1060 1284 καυχήσεως.
1088 1209 1322 1278 Λέγεται
1362 1209 1420 1262 δὲ
1452 1209 1550 1262 καὶ
1575 1211 1610 1279 ἡ
1643 1208 1833 1270 πίστις

255 1305 552 1367 ὑπόστασις
581 1299 668 1357 οἷα
700 1303 763 1372 δή
798 1319 942 1365 τινος
986 1299 1344 1369 καταλήψεως
1371 1294 1508 1351 οὖσα
1549 1299 1833 1367 ἐπιστήμη

248 1411 310 1449 τε
339 1393 435 1446 καὶ
465 1392 746 1454 ἐπεστασις
770 1407 783 1420 ·
819 1389 999 1450 καθὼς
1025 1387 1444 1459 εἰρηται,Ἔστι
1497 1385 1566 1438 δὲ
1601 1387 1828 1450 πίστις,

248 1485 653 1554 ἐλπιζομένων
698 1483 1060 1546 ὑπόστασις.
1105 1481 1337 1547 Λέγεται
1385 1477 1704 1540 ὑπόστασις,
1741 1475 1838 1529 καὶ

251 1580 299 1650 ἡ·
319 1579 634 1647 ὑπόσχεσις,
675 1575 752 1637 ώς
777 1575 884 1628 ὑπό
909 1589 1054 1636 τινος
1083 1571 1301 1626 τεθεϊσά
1327 1587 1434 1624 τινι
1467 1569 1565 1623 καὶ
1601 1569 1832 1637 ὑφιστα-

253 1670 392 1740 μένη
420 1669 599 1732 ἐλπὶς,
631 1664 815 1728 καθὼς
839 1666 1091 1737 εἴρηταιο
1125 1663 1339 1733 Μήπως
1379 1661 1474 1716 ἐὰν
1499 1659 1697 1714 ἔλθωσι
1733 1660 1832 1712 σὺν

247 1761 376 1830 ἐμοὶ
397 1759 704 1821 Μακεδίνες
731 1757 822 1810 καὶ
849 1754 1084 1825 εὑρωσιν
1113 1755 1260 1826 ὑμᾶς
1286 1751 1831 1825 ἀπαρασκευάστους,

250 1849 736 1922 καταισχυνθῶμεν
788 1849 973 1919 ἡμεῖς,
1029 1845 1116 1899 ἵνα
1161 1846 1236 1917 μὴ
1281 1844 1533 1914 λέγωμεν
1563 1843 1743 1913 ὑμεῖς,
1771 1843 1826 1892 ἐν

248 1945 316 2014 τῇ
350 1942 645 1997 ὑποστάσει
672 1938 845 2011 ταύτῃ
871 1955 886 1969 ο
909 1938 992 2001 τίς
1019 1937 1078 1990 δὲ
1109 1931 1198 2010 ἦν,
1245 1935 1404 2006 φησὶ,
1436 1937 1502 2006 τῇ
1540 1949 1825 2004 προεπηγ-

249 2032 490 2107 γελμένῃ
517 2031 696 2086 αὑτῶν
741 2029 962 2101 εὑλογῐᾳ
993 2047 1010 2096 ;
1047 2027 1281 2096 Λέγεται
1313 2027 1630 2089 ὑπόστασις,
1666 2027 1761 2078 καὶ
1792 2025 1826 2094 ἡ

251 2127 410 2198 βάσις
443 2127 478 2198 ἡ
523 2122 863 2195 ὑποκειμένη
903 2125 971 2194 τῇ
1020 2119 1210 2175 στάσει
1261 2117 1414 2172 τοῦδέ
1449 2135 1612 2182 τινος,
1637 2117 1828 2188 ὥσπερ

251 2217 503 2288 εἷρηται’
545 2213 854 2281 Ἕνεπὰγην
905 2213 985 2274 εἰς
1019 2209 1152 2280 ὑλην
1196 2207 1360 2279 βυθοῦ
1403 2208 1498 2262 καὶ
1534 2207 1634 2261 οὑκ
1681 2206 1828 2260 ἔστιν

251 2308 570 2370 ὑπόστασις.
605 2306 840 2376 Λέγεται
891 2303 1223 2366 ὑπόστασις,
1265 2301 1360 2354 καὶ
1401 2301 1434 2368 ἡ
1472 2299 1786 2362 ἀντίστασις
1811 2313 1824 2326 ·

249 2398 326 2464 ὡς
351 2397 412 2451 τὺ
444 2399 502 2450 ὲν
539 2395 618 2468 τῷ
664 2392 1068 2464 Δευτερονομίῳ
1108 2393 1398 2464 εἰρημένον
1453 2389 1560 2445 ὑπὸ
1619 2390 1828 2458 Μωὺσῆ

251 2491 380 2560 περὶ
410 2487 502 2542 τοῦ
533 2485 666 2540 λαοῦ
687 2503 703 2517 ο
735 2484 870 2552 Πῶς
905 2483 1244 2554 δυνήσομαι
1291 2481 1494 2553 φέρειν
1538 2479 1656 2550 τὴν
1683 2482 1832 2535 ὑπό-

253 2595 480 2636 στασιν
506 2581 606 2636 καὶ
635 2578 989 2648 ἀντιλογίαν
1025 2574 1230 2645 ὑμῶν;
1257 2574 1496 2642 Λέγεται
1531 2572 1832 2634 ὑπόστασις

253 2677 348 2733 καὶ
373 2679 407 2748 ἡ
440 2674 773 2736 κατάστασις
793 2689 807 2704 ο
841 2671 916 2735 ὡς
947 2670 1009 2724 τὸ
1037 2670 1094 2721 ὲν
1137 2667 1391 2738 Ἑζεκιὴλ
1423 2664 1672 2737 περὶτοῦ
1703 2665 1832 2720 ναοῦ

259 2767 584 2840 εἰρημένον·
637 2763 750 2820 Kal
801 2759 1153 2832 διαγράψεις
1206 2757 1316 2813 τὸν
1371 2753 1544 2813 οἷκον
1590 2755 1689 2810 καί
1722 2753 1836 2822 τὴν

253 2855 603 2925 ἐτοιμασίαν
631 2853 840 2920 αὐτοῦ,
891 2851 990 2906 καὶ
1037 2849 1147 2916 τὰς
1196 2848 1478 2915 εἰσόδους
1509 2845 1697 2902 αὑτοῦ
1737 2843 1836 2900 καί

253 2955 360 3016 τὰς
411 2948 664 3014 ἐξόδους
713 2941 1049 3012 αὑτοῦ,καί
1102 2942 1222 3010 τὴν
1241 2942 1591 2997 ὑπόστασιν
1620 2937 1830 2993 αὐτοῦ.

254 3041 486 3110 Λέγεται
516 3039 814 3097 ὑπόστασις
866 3034 969 3089 καὶ
1007 3034 1042 3102 ἠ
1087 3031 1251 3086 τινῶν
1299 3029 1608 3101 προσώπων
1641 3031 1835 3098 όμοου-

1941 593 2093 635 sacra
2139 579 2388 633 dicitur:
2419 577 2486 632 Et
2531 591 2680 632 nunc
2727 592 2849 646 quae
2877 583 2962 632 est
2995 577 3333 646 exspectatio
3363 578 3522 632 mea?

1938 683 2122 724 nonne
2155 669 2470 724 Dominus?
2497 669 2564 723 Et
2595 687 2608 722 :
2641 669 2960 740 Hypostasis
2984 684 3126 730 mea,
3157 683 3341 723 nonne
3372 668 3520 740 apud

1939 760 2030 816 te?
2056 761 2266 814 Dicitur
2300 761 2524 831 insuper
2549 761 2878 832 hypostasis,
2911 761 3244 816 narrationis
3273 769 3370 816 aut
3394 763 3524 814 sim-

1937 852 2159 921 pliciter
2187 853 2462 906 sermonis
2496 853 2717 908 inilium
2764 853 3059 922 separatim
3095 862 3152 907 et
3185 867 3296 907 non
3341 854 3395 906 in
3433 851 3524 906 in-

1937 950 2112 1012 tegro,
2145 951 2207 996 ut
2230 943 2434 996 dicitur
2459 943 2516 997 in
2543 943 2646 997 hac
2677 943 2956 1014 bypostasi
2982 943 3349 1014 gloriationis.
3375 943 3522 998 Dici-

1938 1041 2029 1088 tur
2053 1041 2316 1103 praaterca
2345 1033 2654 1105 liypostasis
2683 1033 2839 1099 ﬁdes,
2867 1034 3023 1103 quasi
3049 1035 3333 1102 cuiusdam
3365 1049 3521 1089 com-

1936 1122 2326 1193 prehensionis
2383 1123 2617 1177 scicntia
2669 1129 2727 1176 et
2783 1137 2924 1191 pene
2993 1123 3322 1192 occupatio,
3379 1123 3524 1180 sicut

1936 1213 2144 1268 dictum
2180 1222 2266 1268 est
2297 1199 2495 1267 {Fides
2539 1221 2615 1266 est
2658 1213 3048 1283 spcrandarum
3100 1217 3394 1286 hypostasis
3437 1232 3524 1270 re-

1938 1321 2058 1358 rum
2091 1305 2129 1358 ⁸.
2166 1305 2380 1359 Dicitur
2425 1305 2740 1376 bypostasis
2769 1315 2826 1360 et
2854 1305 3175 1376 promissio,
3206 1292 3365 1376 quasi
3397 1323 3524 1378 spes

1936 1396 2101 1452 alicui
2139 1397 2208 1451 ab
2241 1397 2426 1466 aliquo
2462 1395 2590 1451 data
2638 1405 2694 1451 et
2723 1394 3080 1462 confirmata,
3127 1397 3271 1452 sicut
3312 1397 3523 1452 dictum

1937 1496 2022 1543 est
2053 1506 2066 1541 :
2095 1487 2210 1544 Nisi
2247 1502 2464 1542 mecum
2497 1489 2726 1542 veniant
2769 1487 3097 1542 Macedones
3127 1496 3186 1542 et
3228 1504 3328 1544 vos
3371 1489 3525 1544 inve-

1936 1579 2094 1634 niant
2137 1581 2456 1650 imparatos.
2486 1579 2887 1634 erubescamus
2923 1593 3045 1645 nos,
3081 1593 3152 1634 ne
3185 1579 3433 1636 dicamus
3465 1581 3522 1636 in

1939 1669 2043 1726 hac
2067 1668 2348 1742 bypostasi
2375 1689 2388 1724 :
2415 1670 2540 1740 quis
2556 1676 2762 1734 autem,
2788 1669 2988 1738 inquit,
3015 1670 3300 1740 promissae
3329 1687 3520 1726 eorum

1939 1761 2312 1819 benedictioni
2359 1761 2512 1816 erat?
2575 1760 2787 1816 Dicitur
2837 1759 3181 1832 bypostasis,
3235 1762 3319 1817 vel
3374 1763 3523 1818 basis

1931 1855 2097 1911 alicui
2125 1853 2437 1922 subiacens,
2466 1851 2613 1906 sicut
2635 1849 2848 1905 dictum
2879 1859 2965 1904 est
2991 1867 3006 1902 :
3031 1849 3321 1904 demersus
3347 1861 3436 1906 .est
3463 1851 3518 1906 in

1929 1945 2266 2016 profundum
2300 1943 2502 2014 abyssi,
2537 1950 2594 1998 et
2628 1956 2740 1996 non
2789 1950 2874 1996 est
2919 1941 3251 2012 hypostasis.
3306 1941 3521 1996 Dicitur

1929 2035 2240 2109 hypostasis
2268 2045 2326 2090 et
2356 2033 2654 2104 Oppositio,
2690 2031 2836 2087 sicut
2884 2031 2939 2084 in
2982 2031 3410 2086 Deuterononiio
3449 2033 3520 2086 de

1929 2130 2134 2201 populo
2167 2145 2197 2184 a
2228 2127 2411 2200 Moyse
2445 2125 2656 2181 dictum
2685 2132 2771 2180 est
2803 2140 2818 2177 :
2851 2121 2964 2189 Quo
2995 2123 3148 2177 modo
3171 2132 3352 2192 potero
3379 2122 3520 2193 ferre

1929 2220 2252 2296 hypostasim
2305 2227 2354 2272 et
2413 2214 2882 2270 contradictionem
2939 2223 3172 2268 vestram
3199 2213 3255 2266 δῖ
3304 2213 3520 2269 Dicitur

1916 2311 2240 2386 thypostasis
2291 2318 2347 2365 et
2390 2309 2564 2373 situs,
2610 2316 2670 2362 ut
2718 2305 2773 2359 in
2823 2304 3112 2360 Ezechiele
3151 2303 3358 2359 dictum
3385 2312 3515 2360 est:

1933 2405 2003 2460 Et
2030 2403 2284 2459 describes
2309 2401 2526 2456 domum
2556 2406 2608 2453 et
2633 2399 2746 2470 ejus
2781 2396 3231 2467 praeparationem
3257 2403 3305 2450 et
3342 2395 3522 2450 aditus

1934 2507 1983 2555 et
2009 2500 2179 2553 exitus
2205 2506 2255 2552 et
2296 2494 2621 2568 hypostasim
2643 2491 2687 2544 '.
2717 2489 2931 2545 Dicitur
2957 2489 3269 2560 hypostasis
3295 2493 3352 2543 et
3377 2503 3518 2558 qua-

1933 2589 2184 2644 rumdam
2221 2581 2776 2642 consubstantialium
2832 2594 3225 2650 personarum,
3274 2579 3362 2632 vel
3405 2593 3518 2633 non

1935 2677 2485 2744 consubstantialium
2514 2675 2751 2732 invicem
2777 2669 3230 2727 convenientium
3257 2684 3518 2740 congres-

1935 2791 2052 2839 sus,
2097 2773 2243 2830 sicut
2290 2769 2501 2826 dictum
2528 2776 2613 2824 est
2645 2784 2658 2821 ι
2688 2766 2958 2821 Exierunt
2981 2762 3084 2817 viri
3127 2779 3192 2818 ex
3239 2761 3519 2834 bypostasi

1935 2865 2392 2936 alienigenarum.
2438 2861 2506 2916 Et
2527 2873 2690 2929 quem
2728 2851 2953 2912 sensum
2981 2869 3082 2910 vos
3135 2854 3251 2909 sive
3280 2853 3522 2911 scienter

1937 2960 2054 3015 sive
2113 2972 2183 3012 ex
2248 2951 2554 3025 ignorantia
2623 2944 3093 3018 praetermisistis,
3145 2944 3216 2999 ad
3245 2943 3521 2999 .camdem

1938 3050 2118 3106 idcam
2161 3047 2278 3101 fere
2323 3043 2716 3114 pertinentem,
2743 3037 2951 3094 dicitur
2979 3035 3146 3090 etiam
3191 3034 3522 3106 hypostasis,

255 3131 464 3204 σίων,ἢ
501 3133 594 3186 καὶ
637 3127 992 3200 ἐτεροουσίων
1039 3123 1292 3192 ἀλλήλοις
1327 3119 1691 3176 συνελθόντων
1727 3119 1819 3172 σύο

1934 3158 2060 3201 cum
2108 3135 2388 3207 aliquibus
2432 3131 2648 3186 naturis
2697 3129 2937 3184 diversis
2976 3135 3032 3181 et
3072 3125 3522 3201 particularibus,

255 3239 470 3286 στασις·
515 3222 590 3285 ὡς
625 3219 688 3272 τὸ
726 3219 1016 3288 λεγόμενον
1041 3212 1327 3283 ’Ἑξῆλοον
1375 3211 1566 3279 ἄνδρες
1613 3211 1678 3262 ἐκ
1719 3211 1822 3278 τῆς

259 3317 613 3380 ὑποστάσεως
639 3314 750 3368 τῶν
777 3310 1090 3380 ἀλλοφύλων
1107 3325 1120 3340 ·
1149 3308 1231 3360 ἔτι
1256 3307 1312 3360 δὲ
1347 3307 1441 3360 καὶ
1466 3305 1526 3358 δν
1555 3303 1649 3357 νῦν
1673 3305 1830 3374 ὑμεῖς

259 3415 318 3466 tv
369 3408 572 3479 γνώσει
618 3407 652 3478 ἦ
703 3403 894 3476 ἀγνοίᾳ
938 3402 1097 3471 λόγον
1149 3397 1530 3470 παρεδράμετε
1561 3395 1702 3450 κατὰ
1731 3393 1831 3466 τὴν

254 3503 424 3573 αὑτήν
449 3515 566 3562 πως
594 3497 802 3551 ἔννοιαν
831 3495 978 3550 ὅντα.
1007 3493 1240 3560 Λέγεται
1263 3489 1555 3552 ὑπόστασις
1577 3486 1672 3541 καὶ
1701 3487 1830 3540 ὅταν

253 3591 396 3648 κατὰ
425 3589 489 3644 τὸ
521 3588 651 3642 αὑ.ό
692 3604 853 3640 τινων
905 3582 1276 3638 συνελθουσῶν
1304 3578 1521 3648 φύσεων
1557 3577 1832 3648 διαφόρων

257 3683 461 3748 ἰδικῶν,
497 3685 636 3753 μετά
685 3679 792 3732 τῶν
837 3675 967 3748 περὶ
1010 3674 1180 3736 αὑτάς
1221 3673 1553 3740 ἰδιωμάτων,
1584 3667 1723 3740 ὀὑχί
1773 3667 1832 3720 δὲ

255 3773 560 3847 προσώπων
586 3771 718 3841 ὑφὲν
741 3768 920 3823 εῐτουν
945 3765 1063 3836 ἅμα
1093 3765 1184 3819 διὰ
1213 3763 1314 3832 τῆς
1346 3761 1594 3825 ὲνώσεως
1627 3759 1832 3812 σύστα-

256 3885 340 3932 σις
382 3863 609 3936 γένηταί
652 3879 736 3926 τις
792 3861 912 3924 ἑνὸς
965 3857 1128 3930 μόνου
1180 3855 1407 3925 ἀτόμου.
1445 3853 1682 3923 Λέγεται
1737 3853 1834 3906 καὶ

255 3962 470 4032 φύσεων
495 3958 768 4030 διαφόρων
797 3954 875 4028 μὴ
903 3949 1298 4014 συνελθουσῶν,
1325 3949 1460 4002 ἀλλὰ
1479 3949 1658 4018 μόνων
1685 3945 1832 4000 ἰδιω·

257 4057 444 4126 μάτων
483 4050 726 4125 μερικῶν
751 4048 1036 4109 πλειόνων,
1073 4044 1132 4098 ἓν
1162 4044 1356 4114 ἰδίωμα
1383 4040 1672 4094 καθολικδν
1705 4056 1832 4092 συν-

259 4147 532 4202 ιστώντων
557 4145 622 4197 ὲκ
651 4142 892 4204 πάντων,
923 4138 978 4191 ἐν
1005 4154 1112 4190 τινι
1141 4133 1490 4203 ὑποκειμένῳ
1528 4131 1629 4203 ενι,
1655 4132 1834 4185 εῐτουν

255 4243 314 4295 ἓν
345 4241 444 4312 μιᾷ
467 4239 605 4310 μόνῃ
633 4235 794 4307 φύσει
816 4235 850 4304 ἡ
880 4234 1044 4287 πᾶσιν
1067 4227 1476 4300 ὁμολογουμένη
1508 4224 1831 4288 ὑπόστασις.

257 4332 381 4386 Εἴτε
414 4331 458 4384 δ’
487 4326 579 4384 οὑν
613 4329 669 4381 ἐν
692 4326 860 4396 ἁπλῇ.
895 4324 1007 4403 εἴτε
1039 4324 1098 4375 εν
1135 4318 1394 4403 συνρέτῳ,
1428 4316 1537 4370 εἴτε
1568 4317 1626 4368 ὲν
1657 4315 1825 4385 ἰδικῇ,

257 4428 366 4480 εἴτε
397 4427 456 4478 ὲν
485 4427 662 4495 κοινῇ.
710 4421 850 4492 οἶαή
893 4402 1042 4481 θεία,
1078 4414 1189 4469 εἴτε
1234 4402 1293 4468 ὲν
1347 4413 1448 4484 μιᾷ
1487 4411 1646 4482 φύσει
1673 4410 1830 4482 μόνῃ,

1933 3249 2060 3290 cum
2080 3229 2196 3285 suis
2215 3222 2650 3296 proprietatibus
2667 3221 2724 3274 in
2745 3219 2893 3273 idem
2915 3215 3397 3277 convenientibus,
3411 3231 3524 3271 non

1932 3331 2114 3380 autem
2143 3315 2416 3390 personis,
2441 3327 2542 3383 per
2577 3310 2840 3364 unionem
2867 3307 2929 3362 ﬁt
2948 3305 3233 3376 cujusdam
3269 3305 3524 3362 indivisi-

1932 3412 2063 3470 bilis
2089 3406 2390 3466 concretio.
2423 3403 2639 3460 Dicitur
2661 3399 2995 3472 hypostasis,
3020 3396 3092 3452 ab
3127 3397 3389 3452 omnibus
3421 3397 3523 3452 ad-

1933 3504 2120 3566 missa,
2139 3515 2265 3556 cum
2284 3494 2644 3555 conveniunt,
2661 3506 2770 3546 non
2793 3489 3026 3544 diverse
3042 3497 3272 3549 naturae,
3286 3487 3384 3542 sed
3403 3487 3527 3558 plu-

1934 3595 2084 3650 rimae
2123 3588 2386 3660 partialcs
2425 3595 2638 3641 tantum
2668 3581 3074 3653 proprietates,
3113 3578 3426 3634 universam
3454 3597 3522 3636 ex

1933 3683 2194 3740 omnibus
2219 3679 2621 3736 constituentes
2645 3673 3039 3745 proprietatem
3067 3671 3122 3724 in
3153 3685 3263 3724 uno
3281 3669 3520 3738 quodam

1919 3776 2202 3846 subjecto,
2232 3771 2348 3826 sive
2378 3770 2435 3824 in
2469 3783 2577 3822 una
2607 3774 2818 3820 tantum
2849 3771 3051 3818 natura
3082 3779 3095 3815 :
3126 3760 3242 3815 sive
3271 3759 3439 3830 igitur
3465 3761 3521 3816 in

1933 3866 2170 3938 simplici
2200 3871 2418 3925 natura,
2430 3861 2547 3916 sive
2564 3859 2620 3913 in
2636 3854 2960 3927 composita,
2978 3854 3092 3908 sive
3107 3853 3162 3908 in
3178 3851 3520 3922 particulari,

1933 3961 2050 4015 sive
2082 3959 2136 4012 in
2167 3955 2469 4014 communi.
2499 3961 2560 4008 ut
2587 3959 2673 4006 est
2722 3949 2906 4004 divina
2936 3955 3156 4010 natura,
3185 3944 3299 4000 sive
3330 3945 3384 4000 in
3411 3959 3521 3998 una

1934 4059 2170 4113 tantum,
2187 4047 2302 4104 sive
2320 4045 2572 4116 pluribus
2587 4041 2780 4104 unitis,
2798 4037 3098 4098 dummodo
3128 4037 3184 4092 in
3201 4036 3522 4094 exsistentia

1933 4141 2253 4206 sistant,bic
2278 4147 2456 4194 status
2481 4133 2836 4206 proprietatis
2859 4131 3169 4188 communis
3189 4129 3273 4184 vel
3299 4143 3522 4198 compo-

1934 4233 2064 4297 sitio
2115 4233 2234 4286 haec
2261 4214 2580 4300 partialium
2626 4224 3054 4294 proprietatum,
3090 4220 3230 4277 utin
3268 4219 3521 4290 subjecto

1934 4325 2120 4395 aliquo
2145 4321 2402 4392 cogitata,
2434 4317 2640 4372 dicitur
2697 4313 3028 4387 hypostasis.
3081 4313 3294 4367 Dicitur
3333 4320 3516 4367 autem

1934 4417 2144 4488 aliquid
2166 4413 2401 4470 maxime
2431 4409 2678 4463 omnium
2710 4405 2995 4478 proprium
3023 4403 3360 4460 erintimttm
3392 4403 3521 4460 talis

256 4517 365 4570 εἴτε
393 4517 449 4568 ἐν
474 4514 783 4594 ἡνωιμέναις
815 4509 1074 4574 πλείοσιν,
1111 4507 1249 4569 ὅλως
1277 4503 1459 4576 μέντοι
1478 4503 1536 4556 ὲν
1597 4501 1830 4572 ὑπάρξει

1934 4505 2315 4570 subsistentia,
2347 4502 2552 4573 quippe
2590 4513 2711 4570 qua:
2737 4499 2792 4552 in
2819 4495 3125 4552 substantia
3155 4495 3224 4550 ab
3255 4494 3520 4550 omnibus

255 4607 465 4675 οὔσαις,
487 4591 628 4676 αὑτή
657 4605 742 4675 εἰη
771 4603 882 4656 τῶν
913 4597 1153 4672 μερικῶν
1193 4595 1518 4666 ἰδιωμάτων,
1551 4595 1715 4663 ἤγουν
1735 4591 1830 4644 τοὺ

258 4699 437 4756 κοινοῦ
473 4695 796 4766 ἰδιώματος,
847 4693 923 4756 ώς
971 4693 1029 4743 ὲν
1065 4687 1409 4758 ὑποκειμένῳ
1433 4682 1540 4737 τινὶ
1567 4681 1830 4751 νοουμένη

260 4788 452 4852 στάσις
483 4787 518 4858 ἢ
551 4785 814 4846 σύστασις
833 4821 850 4848 ,
887 4779 1188 4840 ὑπόστασις
1216 4775 1457 4844 λέγεται.
1509 4771 1742 4839 Λέγεται
1773 4769 1832 4823 δὲ

257 4883 593 4957 κυριώτερον
641 4877 739 4932 καὶ
769 4875 1102 4944 οἰκειότερον
1133 4872 1352 4926 πάντων
1382 4868 1415 4936 ὴ
1439 4862 1667 4930 τοιαύτη
1695 4859 1830 4914 ὑπό-

259 4952 448 5036 στασις
472 4952 508 5034 ,ἡ
537 4971 632 5026 ἂτε
653 4997 658 5001 -
682 4968 818 5038 πρὸς
867 4967 935 5036 τῇ
961 4961 1232 5016 συστάσει
1270 4959 1367 5014 καὶ
1395 4959 1460 5011 ἐκ
1486 4953 1582 5008 τοῦ
1612 4952 1830 5006 πάντων

255 5067 364 5124 τῶν
393 5081 455 5118 τε
487 5059 754 5133 ὁμοειδῶν
787 5055 885 5111 καὶ
913 5053 1023 5107 τῶν
1051 5049 1370 5120 ἐτεροειδῶν
1405 5047 1549 5102 κατά
1577 5045 1638 5098 τὸ
1666 5041 1834 5097 ἰδικδν

257 5157 653 5230 γνωριστὴριον
675 5192 691 5218 ,
745 5144 1158 5218 κεχωρισμένον
1213 5141 1484 5218 δεικνύειν
1512 5139 1575 5192 τὸ
1601 5133 1830 5190 ὑποκεί-

260 5267 421 5322 μενον
469 5249 705 5314 ἄτομον,
762 5240 881 5295 τόδε
927 5256 981 5291 τι
1023 5235 1146 5290 καθ’
1181 5233 1380 5304 ἑαυτὴν
1423 5230 1724 5294 ἀπόστασις
1749 5245 1834 5290 τις

257 5319 392 5401 οὖσα
442 5339 537 5396 καὶ
577 5335 858 5407 διορισμὸς
891 5329 1000 5385 τῶν
1051 5325 1370 5398 ἀδιορίστων
1402 5323 1602 5377 οὑσιῶν
1633 5323 1714 5384 εἰς
1743 5319 1834 5372 τδν

259 5434 398 5493 κατά
432 5430 724 5504 πρόσωπον
756 5422 988 5496 ἀριθμὸν
1019 5423 1250 5474 ἑκάστου
1271 5432 1286 5446 ·
1337 5415 1419 5469 διὸ
1447 5413 1512 5486 δὴ
1543 5409 1830 5504 καίΫπρόσ-

257 5545 404 5586 ωπον
435 5502 641 5594 ταύτην
689 5520 740 5574 οἰ
783 5515 1028 5588 Πατὲρες
1053 5508 1239 5568 νοοῦσι
1269 5525 1328 5561 τε
1361 5507 1458 5562 καί
1482 5502 1829 5574 ὀνομάζουσι.

257 5625 494 5695 Λέγεται
525 5618 844 5682 ὑπόστασις,
877 5617 972 5668 καὶ
1005 5615 1040 5684 ἡ
1073 5609 1230 5665 οὑσία
1257 5607 1352 5661 καί
1397 5607 1431 5678 ἡ
1463 5603 1624 5675 φύσις
1670 5600 1832 5654 πολυ-

329 5785 351 5816 ⁸
385 5781 553 5838 Hebr.
585 5795 656 5843 xi,
686 5779 734 5834 ἰ.
895 5775 914 5807 ⁸
942 5755 1102 5830 Deut.
1145 5784 1184 5836 I,
1222 5767 1309 5824 i2.
1386 5769 1406 5800 ⁵
1437 5765 1634 5822 Ezech.
1667 5777 1774 5828 xu,
1797 5762 1852 5818 5..

1932 4599 2181 4672 ejusdem
2221 4604 2276 4651 et
2309 4592 2539 4648 alterius
2565 4589 2766 4662 speciei
2787 4587 3034 4652 eutibus,
3089 4594 3152 4641 ut
3194 4586 3517 4656 particulari

1929 4692 2160 4748 notione
2181 4687 2550 4748 discernatur,
2575 4689 2890 4752 separatum
2913 4680 3120 4750 przebet
3144 4677 3512 4748 suppositum,

1932 4785 2178 4852 itemque
2208 4775 2515 4835 secundum
2547 4774 2916 4830 substantiam
2947 4769 3236 4826 distinctio
3261 4771 3513 4840 quaedam

1931 4881 2016 4932 est
2043 4881 2099 4928 et
2125 4868 2516 4927 determinatio
2559 4865 3004 4921 indistinctarum
3054 4861 3512 4928 substantiarum,

1934 4976 1995 5022 ut
2019 4979 2250 5037 quaeque
2301 4975 2538 5034 persona
2571 4956 2920 5029 singulariter
2953 4963 3350 5021 enumeretur;
3389 4955 3514 5012 ideo

1935 5069 1992 5115 et
2042 5071 2334 5130 personam
2391 5053 2552 5109 istam
2604 5051 2801 5106 Patres
2845 5056 3078 5103 censent
3118 5053 3177 5104 et
3214 5049 3512 5119 appellant.

1935 5151 2150 5207 Dicitur
2180 5145 2564 5212 subsistentia,
2598 5151 2656 5198 et
2685 5140 2926 5198 essentia
2949 5149 3006 5196 et
3033 5148 3230 5196 natura
3260 5141 3517 5212 pluribus

1937 5241 2254 5297 nominibus
2277 5239 2565 5310 designata
2602 5249 2670 5290 eo
2689 5233 2836 5304 quod
2861 5233 3094 5303 plurima
3124 5233 3414 5304 suxcipiat,
3459 5241 3518 5288 et

1938 5346 2047 5384 non
2074 5329 2244 5400 quod,
2269 5329 2326 5382 in
2353 5326 2735 5382 accidentibus
2765 5323 2901 5395 ipsis
2928 5339 3052 5394 qua:
3076 5338 3183 5378 non
3217 5323 3513 5388 exsistunt,

1938 5417 2030 5472 illa
2087 5419 2160 5473 sit
2203 5423 2259 5472 et
2309 5429 2431 5470 esse
2467 5413 2760 5484 cogitetur,
2793 5411 2888 5467 sed
2939 5411 2994 5466 in
3017 5411 3198 5482 seipsa
3227 5409 3507 5472 subsistat,

1938 5509 2082 5564 sicut
2110 5509 2318 5564 dictum
2335 5513 2434 5579 est
2457 5523 2500 5560 ιι
2527 5505 2804 5561 Memento
2823 5512 2946 5574 qua:
2973 5504 3046 5559 sit
3070 5517 3192 5558 mea
3205 5500 3515 5557 subsisten-

1943 5600 2035 5654 tia.
2068 5620 2085 5651 ι
2127 5599 2246 5666 Quo
2291 5596 2438 5654 enim
2477 5596 2642 5652 modo
2677 5595 2882 5654 dicitur
2913 5595 3289 5650 characterem
3335 5587 3517 5645 Patris
