3932 6152
471 307 604 374 1531
1725 309 2032 370 LEONTII
2073 307 2479 371 BYZANTINI
3619 309 3757 377 πῃ

469 423 796 480 substantia:
831 437 954 480 esse
986 423 1207 488 Filium,
1232 423 1378 494 quod
1409 430 1468 479 et
1513 421 1696 492 ipsum
1729 421 2042 488 induxistis,

2148 423 2358 494 υνύμως
2372 417 2857 490 συσσημαινομὲνη
2899 419 3056 491 παρὰ
3085 420 3357 489 πλείστοις
3388 423 3468 496 τῷ
3499 425 3756 498 ὑφεστηι

471 513 679 583 majore
701 512 807 567 hoc
839 512 1046 583 indiget
1091 513 1456 583 explicatione
1493 521 1551 568 et
1587 528 1699 568 non
1745 521 1957 567 tantum
1987 520 2042 568 ul

2153 513 2344 567 κέναι’
2401 511 2498 566 καὶ
2537 509 2612 581 μὴ
2641 509 2716 574 ὡς
2742 510 2812 564 τὰ
2845 509 2968 564 καθ’
2997 513 3138 566 αὑτὰ
3167 515 3501 584 ἀνύπαρκτα
3538 517 3760 589 συμϐε-

468 617 618 658 nunc
644 603 942 673 digressiva
974 604 1344 674 exquisitione
1375 623 1391 672 ;
1427 603 1650 660 aliunde
1697 603 1836 659 nihil
1889 602 2042 659 vobis

2153 602 2364 674 δηκότα
2393 597 2534 656 εἶναι
2567 602 2663 656 καὶ
2691 601 2932 657 νιεῐσθαι
2951 645 2967 670 ,
3003 604 3116 658 ἀλλ’
3146 606 3238 674 ὑφ’
3263 607 3462 680 ἑαυτῆς
3495 609 3750 676 ἑστάναι,

466 695 536 750 ad
559 695 903 764 propositum
927 696 1073 752 istud
1105 697 1516 754 subministrat.

2155 694 2291 748 καθὸ
2326 693 2576 764 εἴρηται·
2617 710 2636 744 ι
2665 693 2988 764 Μνήσθητι,
3021 694 3106 758 τίς
3143 713 3246 764 μου
3281 699 3314 766 ἡ
3343 698 3695 762 ὑπόστασις-ο
3730 720 3747 752 ι

455 774 528 838 ’τὸ
552 787 660 859 γάρ
713 787 865 851 ὅπως
918 788 1135 860 εἴρηται
1165 789 1454 862 χαρακτὴρ
1477 789 1576 857 τῆς
1603 785 1698 841 τοῦ
1725 785 1938 858 Πατρὸς
1984 785 2339 848 ὑποστάσεως
2390 785 2419 837 ὁ
2459 783 2618 849 Υίδς,
2661 784 2690 838 δ
2719 785 2814 838 καὶ
2843 785 2974 838 αὑτὸ
3039 790 3419 858 παρηγάγετε,
3491 790 3753 858 μείζονος

387 901 390 906 -
470 877 643 931 δεῖται
697 877 796 949 τῆς
845 879 1206 948 ἀναπτύξεως
1251 880 1350 934 καὶ
1395 881 1456 932 οὑ
1495 877 1909 951 παρεκδατικῆς
1950 876 2047 933 νῦν
2084 877 2402 948 ζητήσεως·
2453 875 2610 947 πλὴν·
2629 877 2782 932 οὐδὲν
2829 879 2960 950 ὑμῖν
2990 880 3069 942 εἰς
3099 879 3160 934 τὸ
3190 881 3565 952 προκείμενον
3631 885 3750 939 τόδε

469 967 810 1038 συναίρεται.

555 1060 650 1117 His
669 1061 840 1133 igitur
857 1077 887 1116 a
905 1063 1067 1119 nobis
1081 1064 1150 1119 de
1172 1064 1529 1121 subsistentia
1549 1074 1697 1122 recte
1721 1063 1965 1131 statutis,
1995 1063 2042 1120 si

2224 1060 2446 1117 Τούτων
2471 1061 2566 1118 οὖν
2596 1061 2770 1128 οὑτως
2793 1065 2926 1135 ἡμῖν
2953 1065 3082 1136 περὶ
3108 1067 3460 1135 ὑποστάσεως
3488 1075 3756 1145 φιλοκρι-

466 1153 694 1224 quidem
737 1153 875 1210 duas
893 1155 1278 1213 subsistentias
1301 1171 1402 1228 pro
1427 1156 1686 1215 essentiis
1713 1157 1918 1224 dicitis,
1942 1172 2042 1214 nos

2151 1153 2459 1224 νηθέντων,
2515 1155 2564 1208 εί
2613 1155 2712 1225 μὲν
2755 1155 2849 1209 δύο
2895 1156 2996 1220 τὰς
3027 1158 3355 1224 ὑποστάσεις
3388 1163 3514 1216 ἀντὶ
3539 1165 3753 1220 οὐσιῶν

465 1245 693 1300 omnino
715 1246 1054 1317 accipimus;
1084 1247 1378 1316 adjicimus
1423 1257 1606 1306 autem
1655 1264 1820 1306 unam
1853 1264 1920 1305 ex
1955 1249 2042 1305 his

463 1349 588 1388 esse
613 1348 903 1402 personam
951 1333 1181 1400 Christi,
1213 1344 1272 1392 ut
1313 1335 1724 1409 bomonymiam
1751 1337 2043 1410 'fngiamus

467 1437 848 1492 personarum,
906 1422 1264 1479 ostendentes
1304 1440 1336 1478 a
1369 1423 1530 1480 nobis
1557 1439 1659 1494 pro
1674 1425 1888 1480 naturis
1917 1422 2042 1480 illas

466 1513 644 1584 accipi
675 1530 690 1574 :
717 1528 1009 1582 personam
1060 1530 1191 1571 vero
1221 1517 1278 1572 in
1325 1517 1741 1582 subsistentiam
1793 1517 1908 1590 jam
1949 1518 2046 1574 de-

466 1621 616 1660 mum
646 1605 806 1660 vobis
829 1620 956 1661 cum
982 1615 1308 1676 reputemus
1331 1608 1825 1679 :signiiicatenim,
1842 1617 1902 1663 ut
1917 1623 2042 1678 per-

2150 1263 2317 1316 φατε,
2372 1247 2645 1318 δεχόμεθα
2695 1247 2795 1316 μὲν
2845 1251 3010 1319 ἡμεῖς
3061 1252 3312 1318 πάντων
3361 1255 3658 1326 ἐπάγομεν
3691 1259 3750 1312 δὲ

2149 1337 2378 1402 ταύταις
2431 1338 2528 1392 καὶ
2579 1339 2642 1392 τὸ
2689 1338 2748 1392 ἐν
2794 1341 3092 1411 πρόσωπον
3127 1337 3266 1397 εῖναι
3303 1346 3368 1398 ἐκ
3395 1349 3612 1403 τούτων
3649 1349 3748 1405 τοῦ

2148 1428 2428 1500 Χριστοῦ,
2479 1430 2568 1484 ἵνα
2613 1429 2715 1497 τὴν
2759 1430 3086 1500 ὁμωνυμίαν
3127 1433 3394 1503 φύγωμεν
3423 1438 3537 1491 τῶν
3563 1458 3748 1510 προσ-

2150 1521 2318 1576 ὡπων
2343 1539 2356 1551 ·
2411 1520 2571 1574 τοῦτο
2616 1520 2938 1592 δηλοῦντες,
2991 1523 3069 1584 ὡς
3101 1523 3225 1576 ἀντὶ
3255 1527 3354 1595 μὲν
3379 1527 3488 1580 τῶν
3519 1531 3752 1597 φύσεων

2147 1611 2356 1672 ταύτας
2388 1611 2724 1682 ἐδεξάμεθα·
2783 1611 2844 1665 τὸ
2877 1612 2934 1666 δὲ
2985 1614 3285 1680 πρόσωπον
3317 1619 3402 1682 είς
3431 1619 3750 1676 ὑπόστασιν

465 1711 600 1752 sona
642 1704 700 1753 et
739 1704 959 1762 natura,
1002 1697 1362 1754 subsistentia
1408 1715 1526 1754 rem
1565 1699 1958 1756 subsistentem
1986 1699 2040 1752 in

2148 1700 2332 1756 λοιπὸν
2360 1701 2461 1772 ήδη
2511 1701 2995 1770 καταλογιζόμεθα
3039 1703 3206 1773 ὑμῖνο
3231 1709 3597 1778 συσσημαίνει
3631 1713 3750 1785 γὰρ

465 1799 705 1860 utroque
757 1790 1104 1847 diversorum
1156 1792 1469 1856 nominum,
1535 1793 1630 1848 sed
1673 1793 1745 1848 ita
1775 1807 1901 1848 cum
1932 1793 2046 1847 Deo

464 1883 702 1939 dicimus
739 1923 755 1948 ,
785 1898 884 1939 vos
937 1891 1124 1938 autem
1165 1898 1394 1939 necesse
1445 1891 1534 1940 est
1577 1884 1722 1940 idem
1753 1893 2046 1940 cernentes

465 1973 666 2043 saepius
717 1980 976 2028 naturam
1021 1981 1080 2030 el.
1133 1974 1550 2031 subsistentiam
1579 1975 1788 2038 dicere,
1836 1990 1960 2030 cum
1987 1975 2042 2030 in

464 2064 682 2120 duabus
710 2063 926 2119 naturis
958 2063 1098 2120 duas
1125 2079 1350 2136 quoque
1388 2064 1606 2120 Domini
1659 2064 2044 2122 subsistentias

465 2156 672 2224 dicitis,
703 2163 799 2211 aut
819 2170 1119 2226 personam
1159 2156 1406 2212 vicissim
1464 2172 1630 2212 unam
1661 2156 1747 2212 vel
1777 2155 1916 2212 duas
1962 2156 2046 2212 in-

465 2248 779 2312 troducere,
818 2254 916 2302 aut
949 2255 1214 2312 tacentes,
1264 2255 1504 2318 quatuor
1536 2256 1785 2313 naturas,
1835 2247 2046 2303 nullam

462 2347 647 2397 autem
673 2339 1092 2396 subsistentiam
1123 2339 1178 2396 id
1195 2349 1283 2396 est
1313 2355 1606 2410 personam
1631 2341 1690 2395 in
1707 2339 1932 2396 Christo
1953 2354 2044 2393 re-

463 2445 816 2502 cognoscere,
841 2429 980 2486 duas
1011 2440 1242 2487 naturas
1278 2431 1514 2487 dicendo
1538 2450 1552 2498 ;
1583 2447 1686 2487 nec
1707 2432 1794 2487 his
1815 2439 2047 2487 conten-

465 2533 572 2588 tos,
601 2521 742 2577 duas
762 2522 976 2577 Domini
1004 2523 1399 2579 subsistentias
1427 2523 1741 2590 admittere,
1770 2531 1866 2579 aut
1911 2537 2045 2594 qua-

467 2623 594 2670 tuor
615 2627 884 2685 personas
907 2613 964 2668 in
995 2614 1232 2670 Domino
1254 2614 1464 2680 dicere,
1487 2615 1560 2670 0b
1583 2615 1722 2671 duas
1748 2625 1974 2670 naturas
1988 2623 2044 2670 et

465 2693 606 2760 duas
651 2703 1066 2776 subsistentias,
1115 2704 1322 2760 nullam
1374 2720 1507 2762 vero
1545 2721 1737 2762 earum
1795 2691 2043 2778 profecto

461 2795 804 2862 essentiam;
835 2795 940 2852 nisi
963 2795 1020 2850 in
1065 2798 1321 2853 essentia
1360 2797 1652 2863 rationem,
1706 2797 1804 2854 sed
1825 2797 1878 2851 in
1917 2813 2044 2868 per-

464 2903 617 2944 sona:
635 2896 847 2944 tantum
867 2887 1350 2944 subsistentiarum
1365 2905 1568 2946 nomen
1587 2905 1617 2945 a
1643 2890 1801 2945 vobis
1815 2889 2039 2944 dicitur.

463 2979 600 3036 Nam
623 2980 692 3036 de
723 2979 954 3051 reliquis
972 2980 1490 3052 signiﬁcationibus,
1533 2998 1640 3037 non
1662 2992 1798 3052 puto
1831 2989 2042 3037 tantum

2145 1791 2224 1862 τῷ
2253 1809 2312 1846 τε
2343 1791 2623 1862 προσώπῳ
2671 1793 2766 1846 καὶ
2811 1795 2880 1865 τῇ
2913 1794 3074 1864 φύσει
3109 1797 3143 1867 ἡ
3173 1797 3472 1862 ὑπόστασις
3505 1801 3570 1853 τὸ
3599 1803 3748 1856 ὑπο-

2145 1885 2400 1954 κείμενον
2433 1885 2666 1956 πρᾶγμα
2696 1885 2951 1957 ἑκατέρῳ
2981 1887 3096 1941 τῶν
3124 1888 3401 1960 διαφόρων
3423 1891 3744 1962 ὀνομάτων.

2158 1975 2308 2030 ⁹Λλλ’
2355 1975 2531 2038 οὑτως
2565 1977 2664 2029 σὺν
2691 1975 2813 2046 Θεῷ
2841 1994 3048 2048 φαμεν.
3089 1979 3268 2048 ’Υμᾶς
3295 1981 3352 2034 δὲ
3381 1984 3634 2056 ἀνάγκη,
3683 1989 3748 2041 τὸ

2145 2065 2282 2124 αὐτὸ
2310 2066 2521 2130 εἰδότας
2559 2065 2668 2138 (ὥς
2695 2085 2834 2136 φατε
2859 2069 3148 2136 πολλάκις,
3187 2071 3352 2142 φύσιν
3378 2090 3437 2127 τε
3467 2077 3566 2130 καὶ
3594 2077 3748 2132 ὑπό-

2145 2175 2338 2214 στασιν
2356 2197 2372 2222 ,
2408 2159 2534 2212 ἐπεὶ
2562 2159 2699 2229 πρὸς
2728 2163 2850 2225 ταῖς
2877 2161 2973 2216 δύο
3001 2161 3232 2232 φύσεσι,
3271 2167 3365 2220 καὶ
3395 2167 3746 2230 ὑποστάσεις

2145 2250 2282 2318 φατὶ
2321 2249 2416 2305 δύο
2443 2249 2538 2304 τοῦ
2568 2251 2852 2322 Κυρίου),
2892 2253 2926 2324 ἢ
2959 2253 3059 2308 καὶ
3084 2255 3379 2326 πρόσωπον
3411 2259 3574 2313 πάλιν
3602 2260 3671 2314 ἓν
3705 2263 3742 2334 ἢ
3781 2319 3784 2321 Α

2142 2341 2238 2396 δύο
2282 2342 2680 2411 ἐπεισαγαγεῖν
2704 2357 2718 2374 ’
2771 2341 2806 2408 ἢ
2853 2344 3150 2413 σιγῶντας,
3183 2347 3459 2420 τέσσαρας
3493 2351 3596 2422 μὲν
3632 2352 3742 2418 τὰς

2143 2431 2373 2503 φύσεις..
2421 2432 2680 2501 οὐδεμίαν
2727 2433 2786 2486 δὲ
2837 2435 3173 2502 ὑπόστασιν,
3209 2439 3378 2509 ἤγουν
3409 2441 3737 2512 πρόσωπον,

2143 2525 2200 2576 ἐν
2242 2521 2467 2594 Χριστῷ
2515 2523 2906 2591 διεγνωκέναι.
2954 2525 3051 2580 δύο
3083 2525 3344 2597 ὶέγονττς
3374 2531 3598 2600 φύσεις·
3638 2537 3741 2588 καὶ

2141 2615 2242 2666 οὐκ
2277 2613 2680 2684 ἀρκουμένους,
2718 2615 2858 2671 ἀλλὰ
2892 2617 2988 2671 καὶ
3018 2616 3113 2672 δύο
3142 2619 3241 2684 τὰς
3273 2620 3602 2687 ὑποστάσεις
3635 2627 3739 2678 τοὺ

2143 2701 2350 2772 Κυρίου
2382 2700 2779 2772 προστιθέντας
2803 2721 2818 2736 ο
2875 2705 2908 2775 ἦ
2948 2707 3188 2778 τέσσαρα
3223 2710 3322 2781 μὲν
3355 2711 3426 2764 τὰ.
3456 2714 3740 2782 πρόσωπα

2143 2791 2238 2845 ἐπὶ
2267 2791 2361 2845 105
2393 2791 2604 2864 Κυρίου
2633 2791 2837 2862 λέγειν,
2867 2795 2956 2850 διὰ
2979 2796 3088 2850 τῶν
3114 2798 3335 2866 φύσεων
3361 2802 3458 2855 καὶ
3481 2801 3578 2856 δύο
3599 2805 3741 2858 ὑπο-

2144 2884 2422 2950 στάσεων,
2463 2884 2724 2956 οὐδεμίαν
2757 2886 2813 2940 δὲ
2853 2885 3033 2939 αὑτῶν
3073 2888 3267 2942 οὐσίαν
3295 2891 3498 2964 δηλαδή
3523 2911 3535 2923 ·
3577 2896 3627 2948 εί
3671 2895 3736 2949 δὲ

2149 2975 2224 3046 μὴ
2258 2977 2338 3039 είς
2363 2975 2554 3040 οὐσίας
2581 2976 2755 3044 λόγον,
2785 2974 2901 3028 ἀλλ’
2929 2977 3010 3039 είς
3034 2976 3136 3046 τὴν
3159 2979 3257 3032 τοῦ
3287 2983 3594 3062 προσώπου
3625 2987 3738 3056 μό-

464 3071 710 3144 divagari
740 3071 1022 3129 hominem
1054 3073 1446 3128 rationabilem
1472 3072 1604 3128 dum
1638 3073 1766 3128 talia
1793 3072 2042 3143 inquirit,

2148 3083 2238 3120 νον
2293 3065 2356 3121 τδ
2403 3066 2512 3122 τῶν
2559 3067 2902 3122 ὑποστάσεων
2935 3067 3063 3138 ὑμῖν
3089 3069 3308 3140 εἴρηται
3339 3073 3534 3141 ὄνομα.
3577 3077 3734 3146 Περὶ

461 3179 633 3237 quam
686 3164 1077 3220 necessitatem
1125 3163 1290 3220 nobis
1328 3163 1663 3234 comparatis
1711 3162 2040 3234 postulando

464 3257 554 3312 cui
617 3255 768 3316 hanc,
807 3253 1046 3310 dicimus
1099 3254 1212 3310 Deo
1260 3255 1408 3310 Patri
1447 3269 1516 3308 an
1563 3253 1759 3318 David,
1803 3253 2038 3308 similem

465 3345 760 3402 essentiam
798 3345 1228 3400 esse?Primum
1288 3344 1438 3400 enim
1501 3359 1613 3398 non
1649 3359 1716 3398 ex
1755 3343 2040 3399 identitate

463 3437 838 3493 essentiarum
864 3435 1242 3492 subsistentia
1289 3443 1686 3506 agnoscuntur,
1733 3449 1912 3504 neque
1943 3449 2038 3489 ea-

465 3531 594 3585 dem
645 3527 814 3583 alicui
871 3526 1246 3584 subsistentia
1287 3526 1432 3582 ratio
1479 3533 1568 3582 est
1591 3540 1655 3580 ac
1693 3525 1739 3580 si
1785 3533 2041 3579 naturam

466 3619 669 3676 habeat
713 3634 900 3675 rerum
942 3617 1196 3690 ejusdem
1232 3616 1508 3684 essentite,
1565 3625 1758 3673 contra
1789 3615 1956 3686 igitur
1993 3612 2040 3670 si

467 3727 578 3768 non
605 3713 807 3769 habeat
843 3711 1054 3782 aliquid
1099 3727 1288 3768 rerum
1341 3710 1444 3781 ipsi
1479 3708 1718 3766 essentia
1754 3707 2038 3764 similium.

467 3805 856 3864 Subsistentiat
903 3805 1054 3860 enim
1105 3804 1344 3859 maxime
1389 3803 1675 3874 proprium
1709 3809 1815 3866 est,
1839 3799 2040 3856 similia

464 3900 772 3957 secundum
835 3906 1091 3954 naturam
1147 3897 1487 3966 distinguere
1530 3893 1682 3949 entia
1741 3891 2040 3962 separatim

463 3991 574 4051 alia
607 3989 678 4046 ab
696 3990 840 4056 aliis,
871 3997 929 4044 et
951 3990 1046 4044 illa
1071 3987 1424 4059 singulariter
1453 3985 1722 4042 indicare.

539 4169 811 4224 Praeterea
830 4166 1089 4230 dicimus,
1137 4165 1184 4220 si
1209 4180 1354 4221 unus
1377 4165 1520 4220 forte
1549 4164 1714 4220 homo
1737 4175 1833 4220 aut
1857 4178 2039 4234 equus

465 4263 526 4320 in
543 4261 679 4317 orbe
700 4259 929 4316 exsistat
951 4258 1102 4314 solus
1119 4266 1176 4314 et
1191 4257 1378 4314 nullus
1396 4257 1469 4313 sit
1492 4257 1739 4329 ejusdem
1763 4253 2039 4320 essentim,

465 4351 649 4423 qualis
680 4349 788 4406 fuit
803 4349 976 4405 Adam
1005 4349 1222 4418 primus
1241 4349 1428 4413 homo,
1459 4347 1608 4403 illius
1626 4345 2041 4402 subsistentiam

2147 3152 2256 3227 γὰρ
2291 3155 2400 3208 τῶν
2433 3155 2638 3209 λοιπῶν
2674 3155 3115 3226 σημαινομένων,
3146 3157 3247 3210 οὑκ
3274 3153 3424 3228 οἶμαι
3451 3162 3730 3216 τοσοῦτον

2149 3245 2485 3314 παραπαίειν
2535 3246 2663 3300 τινὰ
2709 3245 2972 3316 ζητοῦντα
3017 3247 3086 3300 τά
3129 3247 3299 3302 τοιάδε
3343 3249 3560 3318 λογικόν
3596 3266 3612 3284 ο
3643 3251 3722 3307 Τί

2147 3337 2282 3405 ἡμῖν
2309 3337 2610 3406 ἀναγκαῖον
2642 3337 3088 3402 κατασκευάζετε
3121 3339 3185 3392 ἐκ
3211 3340 3304 3392 τοῦ
3333 3341 3582 3394 ἀπαιτεῖν
3606 3343 3730 3396 τίνι

2145 3427 2355 3499 ταύτην
2383 3427 2580 3497 φαμὲν,
2620 3428 2698 3500 τῷ
2721 3428 2845 3499 Θεῷ
2875 3430 2969 3482 καὶ
2995 3429 3198 3496 Πατρὶ,
3234 3427 3269 3500 ἢ
3295 3429 3372 3500 τῷ
3397 3431 3559 3484 Δα6“ιδ
3585 3430 3738 3487 εἶναι

2145 3515 2469 3586 ὁμοούσιονς
2523 3517 2748 3588 Πρῶτον
2787 3518 2888 3586 μὲν
2924 3518 3034 3588 γάρ
3065 3519 3167 3570 οὑκ
3199 3519 3262 3572 ὲκ
3287 3517 3397 3572 τῶν
3423 3519 3738 3590 ὁμοουσίων

2147 3610 2206 3662 αἱ
2251 3608 2578 3672 ὑποστάσεις
2626 3609 3029 3680 γνωρίζονται·
3093 3607 3209 3662 οὐδ’
3234 3611 3264 3663 ὀ
3295 3609 3460 3674 αὑτός
3493 3628 3544 3663 τι
3568 3630 3598 3662 ιι
3631 3613 3738 3678 τῆς

2149 3699 2502 3763 ὑποστάσεως
2553 3699 2711 3766 λόγος
2761 3699 2910 3763 ἐστὶ,
2964 3698 3026 3754 δν
3071 3699 3182 3753 κὰκ
3226 3699 3328 3771 τῆς
3365 3701 3584 3768 φύσεως
3613 3700 3738 3772 ἔχει

2147 3789 2254 3842 τῶν
2285 3790 2584 3860 όμοουσίων
2613 3788 2796 3859 αὑτῷ,
2845 3790 3159 3844 τούναντίον
3187 3791 3286 3861 μὲν
3315 3786 3409 3844 οὖν
3441 3790 3501 3844 ὃν
3529 3790 3647 3861 ἔχει
3681 3810 3742 3848 τι

2147 3881 2256 3935 τῶν
2285 3881 2586 3954 όμοουσίων
2604 3900 2618 3913 ο
2645 3881 3000 3946 ὑποστάσεως
3029 3881 3140 3952 γὰρ
3172 3881 3372 3954 μᾶλλον
3399 3881 3551 3948 ἴδιον,
3575 3883 3604 3934 δ
3637 3885 3740 3937 καὶ

2147 3973 2256 4026 τῶν
2301 3973 2504 4044 ὁμοίιον
2549 3974 2690 4028 κατᾶ
2735 3971 2900 4043 φύσιν
2945 3972 3247 4044 διακρίνειν
3291 3975 3362 4028 τά
3399 3974 3578 4044 ἄτομα
3618 3974 3742 4046 ίδὲᾳ

2149 4065 2244 4119 ἀπ’
2271 4065 2543 4134 ἀλλήλων,
2577 4065 2674 4120 καί⁸
2698 4065 2820 4118 καθ’
2849 4065 2994 4119 αὑτὰ
3015 4064 3282 4119 δεικνύειν
3311 4065 3561 4120 ἑκάστου.

2223 4157 2345 4211 Ἔτι
2372 4155 2430 4209 δέ
2461 4173 2666 4228 φαμεν,
2695 4156 2779 4210 ὃτι
2807 4156 2900 4210 καὶ
2926 4156 3046 4219 ἐνὸς
3070 4155 3361 4227 ἀνθρώπου
3387 4157 3550 4226 τυχὸν
3576 4155 3608 4225 ἢ
3642 4156 3746 4208 ἴπ-

2149 4264 2253 4302 που
2285 4247 2342 4300 ὲν
2369 4246 2448 4318 τῷ
2472 4248 2635 4302 παντὶ
2673 4246 2961 4318 γενομένου
2990 4247 3179 4317 μόνου,
3215 4246 3312 4300 καὶ
3339 4246 3552 4310 οὐδενὸς
3574 4246 3744 4312 δντος

2161 4337 2314 4410 αὑτῷ
2336 4341 2648 4410 ὁμοουσίου,
2687 4333 2798 4393 οἷον
2842 4337 3017 4408 ’Δδάμ
3063 4336 3159 4392 τοῦ
3203 4336 3660 4410 πρωτοπλάστου,
3704 4343 3742 4410 ἡ

466 4422 630 4516 posse
653 4459 720 4498 ex
744 4441 968 4498 entibus
993 4441 1221 4496 alterius
1248 4439 1500 4496 essentia?
1519 4439 1700 4510 quoad
1732 4436 2042 4496 subsisten-

2148 4429 2442 4492 ὑπόστασις
2471 4427 2636 4482 αὑτοῦ
2666 4425 2880 4482 δύναιτο
2912 4427 2978 4481 ἂν
3007 4427 3103 4480 καὶ
3130 4427 3194 4480 ὲκ
3218 4427 3326 4480 τῶν
3368 4428 3744 4496 ἑτεροουσξων

469 4537 600 4590 tiam
619 4533 888 4606 dignosci.
919 4531 1042 4588 Non
1063 4531 1238 4596 enim,
1270 4529 1420 4600 quod
1443 4545 1554 4584 non
1571 4529 1650 4585 sit
1664 4529 1872 4600 aliquid
1898 4529 2046 4600 ejus-

465 4629 594 4684 dem
629 4624 884 4683 essentite
917 4640 948 4680 a
995 4638 1105 4694 quo
1155 4621 1213 4676 in
1269 4620 1626 4677 subsistentia
1671 4621 2042 4685 discernatur,

468 4720 593 4775 ideo
640 4732 866 4774 necesse
899 4723 986 4772 est
1026 4729 1138 4770 non
1181 4713 1364 4769 valere
1394 4713 1463 4769 de
1493 4712 1646 4769 illius
1685 4712 2046 4770 subsistentia

466 4791 798 4874 sermonem,
855 4807 964 4863 nisi
989 4805 1104 4862 sint
1152 4805 1228 4862 illi
1273 4805 1380 4862 alia
1435 4805 1686 4876 ejusdem
1743 4805 2042 4869 essentne;

467 4877 807 4956 contrarium
843 4899 993 4956 enim
1026 4897 1170 4952 ratio
1207 4896 1348 4960 vult,
1384 4895 1476 4952 illa
1523 4894 1771 4966 ejusdem
1793 4891 2046 4950 essentiae

467 5005 592 5060 quae
621 5006 733 5047 non
757 4989 964 5046 habent
991 4988 1432 5052 subsistendum,
1461 5001 1572 5041 non
1604 4983 1868 5050 discerni,
1908 4998 2041 5050 non,

469 5090 534 5136 ut
554 5079 832 5151 colligitis,
853 5080 944 5136 illa
960 5096 1084 5152 qua:
1126 5092 1237 5148 non
1275 5078 1481 5136 habent
1512 5076 1754 5147 aliquam
1783 5073 2046 5130 identita-

470 5183 583 5230 tem
623 5170 880 5226 essentia
906 5169 961 5224 in
994 5167 1371 5226 subsistentiis
1403 5182 1518 5222 non
1551 5165 1834 5237 distingui.
1883 5167 2044 5222 Enim

469 5277 603 5320 vero
634 5260 846 5318 entiam
907 5257 1137 5314 alterius
1182 5257 1438 5314 essentia
1485 5256 1880 5323 subsistentiae,
1933 5257 2044 5313 imo

465 5365 682 5412 natura:
729 5364 922 5408 eorum
946 5347 1402 5418 distinguuntur;
1443 5362 1556 5404 non
1579 5354 1765 5404 autem
1795 5346 2042 5419 ejusdem

462 5442 722 5502 essentia:
751 5439 965 5497 entium
989 5453 1093 5494 nec
1125 5437 1338 5494 naturis
1360 5453 1465 5495 nec
1503 5437 1882 5495 subsistentiis
1904 5451 2044 5508 opus

463 5542 637 5591 estut
681 5548 714 5589 a
752 5530 1024 5589 similibus
1079 5529 1486 5586 discernantur.
1534 5527 1749 5585 Ctelum
1799 5542 1935 5598 ergo
1960 5535 2046 5582 est

467 5640 661 5691 unum,
695 5639 802 5680 una
845 5631 1012 5688 terra,
1045 5630 1102 5678 et
1143 5619 1318 5676 aether
1353 5635 1528 5689 unus;
1569 5633 1749 5690 neque
1770 5633 1840 5674 eo
1895 5617 2044 5688 quod

466 5728 577 5771 non
601 5715 718 5771 .sint
743 5714 850 5771 alia
885 5713 973 5770 bis
997 5710 1238 5770 essentia
1274 5711 1497 5780 similia,
1528 5711 1677 5767 dicat
1713 5709 1912 5782 aliquis
1956 5709 2044 5766 his

2151 4520 2300 4590 αὑτῷ
2333 4519 2408 4582 ὡς
2439 4519 2734 4584 ὑπόστασις
2760 4516 3213 4588 διαγινώσκεσθαι
3235 4535 3248 4549 ·
3307 4519 3399 4572 καὶ
3443 4516 3568 4586 οὐχὶ
3601 4518 3748 4570 ἐπεὶ

2149 4613 2251 4665 οὑκ
2293 4605 2360 4682 ἦν
2406 4627 2460 4664 τι
2493 4609 2658 4664 αὑτοῦ
2689 4609 2973 4679 ὁμοούσιον
3004 4611 3072 4680 τῇ
3105 4609 3408 4668 ὑποστάσει,
3431 4607 3528 4676 ἀφ’
3551 4601 3623 4662 οὗ
3657 4609 3744 4662 δι-

2145 4701 2394 4770 εκρίνετο
2418 4738 2434 4763 ,
2481 4699 2570 4754 διὰ
2599 4698 2760 4752 τοῦτο
2791 4699 3004 4769 ἀνάγκη
3039 4699 3120 4770 μὴ
3148 4697 3420 4770 ἐρρῶσθαι
3461 4697 3558 4748 τὸν
3602 4699 3748 4768 περὶ

2144 4792 2248 4861 τῆς
2277 4792 2626 4854 ὑποστάσεως
2654 4789 2822 4844 αὑτοῦ
2869 4789 3026 4858 λόγον
3045 4831 3060 4856 ,
3099 4791 3147 4842 εί
3179 4789 3252 4859 μὴ
3285 4785 3394 4841 εἷεν
3420 4786 3572 4858 αὑτῷ
3598 4790 3743 4858 ὁμο-

2146 4884 2303 4936 ούσια
2351 4883 2534 4953 ἔτερα.
2589 4879 2913 4936 Τοὺναντίον
2945 4883 3056 4952 γὰρ
3085 4881 3114 4933 ὁ
3144 4879 3300 4948 λόγος
3334 4877 3445 4950 ἔχει
3467 4895 3480 4908 ·
3539 4879 3632 4932 δτι
3669 4873 3749 4934 ὧν

2149 4973 2227 5044 μὴ
2257 4973 2348 5026 ἔστ
2359 4989 2405 5025 ιν
2435 4973 2735 5034 ὑπόστασις
2761 4971 2872 5025 τῶν
2895 4970 3224 5040 ὀμοουσίων,
3249 4970 3310 5024 οὑ
3334 4968 3743 5036 διακρίνοντας

2145 5069 2264 5138 οὑχ,
2295 5067 2484 5140 ὥσπερ
2514 5067 2798 5137 συνάγετε,
2827 5068 2908 5120 ὅτι
2935 5062 3010 5120 ὧν
3036 5067 3137 5120 οὐκ
3159 5065 3276 5119 ἐστι
3301 5063 3564 5135 όμοούσιά
3587 5082 3744 5130 τινα,

2147 5161 2204 5214 αἱ
2235 5160 2563 5224 ὑποστάσεις
2589 5159 2649 5214 οὑ
2673 5158 3018 5230 διορίζονται·
3049 5157 3142 5213 καὶ
3167 5158 3274 5226 γὰρ
3300 5154 3526 5210 καὶτῶν
3549 5156 3752 5227 ἑτερο-

2146 5250 2346 5306 ουσίων
2389 5249 2447 5304 αἱ
2485 5249 2816 5310 ὑποστάσεις
2842 5288 2856 5313 ,
2910 5247 3048 5302 ἀλλὰ
3091 5245 3296 5300 τούτων
3340 5245 3431 5297 καὶ
3459 5245 3516 5297 αξ
3543 5243 3754 5313 φύσεις

2146 5343 2557 5415 διακρίνουσιν
2608 5340 2914 5413 όμοουσίων
2960 5339 3017 5394 δέ
3067 5355 3210 5392 τισιν
3259 5339 3361 5390 οὑκ
3386 5336 3580 5396 ὄντων,
3619 5338 3754 5391 οὐδὲ

2146 5433 2307 5508 χρεία
2351 5435 2452 5504 τῆς
2492 5433 2604 5488 ἀπὸ
2627 5431 2736 5486 τῶν
2763 5431 3021 5504 ὁμοφυῶν
3053 5429 3402 5500 διακρίσεως.
3440 5427 3551 5480 Καὶ
3585 5427 3622 5480 ὁ
3647 5428 3755 5480 οὑ-

2153 5527 2316 5600 pavo;
2361 5525 2494 5596 γοῦν
2541 5521 2651 5590 εἷς,
2696 5525 2791 5580 καὶ
2823 5525 2856 5596 ή
2885 5525 2958 5593 γῆ
2993 5523 3122 5594 μία,
3157 5521 3255 5575 καὶ
3280 5519 3446 5592 αἰθὴρ
3473 5517 3561 5583 εἷς
3588 5519 3758 5572 ἐστι-

2149 5619 2242 5673 καὶ
2273 5619 2334 5673 οὑ
2364 5617 2454 5671 διὰ
2481 5617 2542 5671 τὸ
2575 5618 2650 5689 μὴ
2679 5613 2820 5672 εἶναι
2850 5615 3016 5684 ἔτερα
3043 5612 3255 5676 τούτοις
3281 5611 3572 5683 ὁμοούσια,
3599 5611 3762 5666 εἴποι

2150 5727 2232 5775 τις
2268 5710 2331 5764 ἂν
2365 5709 2499 5782 μηδὲ
2527 5704 2668 5764 εἶναι
2695 5703 2788 5763 οὖν
2819 5707 3024 5762 τούτων
3055 5705 3376 5760 ὑπόστασιν.
3416 5702 3665 5774 Ὁμοίως
3698 5703 3760 5758 δὲ
