3888 6168
147 382 308 454 1533

1127 389 1522 455 ADVERSUS
1558 386 2107 455 NESTORIANOS.
2141 417 2195 427 ·-
2233 389 2380 452 LlB.
2425 388 2508 451 ΙΙ.

3281 369 3425 460 ’1534

145 506 260 558 καὶ
287 505 495 576 κόσμος
527 505 610 560 ὅδε
641 505 669 558 ὁ
699 507 826 573 πᾶς,
859 499 964 567 εἷς·
1003 503 1100 559 καὶ
1128 504 1190 560 οὑ
1215 504 1294 577 τῷ
1322 504 1398 578 μὴ
1423 500 1562 558 εἶναι
1589 503 1741 558 πλεί-

1853 519 1958 559 non
1988 519 2112 560 esse
2151 507 2752 564 subsistentiam.‘ltem
2783 508 2876 564 hic
2907 509 3008 565 iste
3037 509 3281 564 mundus
3303 510 3427 566 uni-

145 613 256 660 ους
309 598 548 667 κόσμους
607 597 928 668 ὀμοουσίους
979 595 1116 668 τῷδε
1141 636 1156 662 ,
1229 597 1603 660 ἀνυπόστατος
1659 597 1747 666 εἴη

147 689 333 743 αὑτοῦ
367 692 400 762 ἡ
433 689 712 752 σύστασις.
767 689 834 742 Ti.
865 688 958 742 οὖν
992 688 1134 760 ὑμᾶς
1165 687 1344 742 πείθει
1384 688 1484 760 τὴν
1510 685 1746 759 Χριστοῦ

148 781 470 835 ὑπόστασιν
492 822 506 844 ,
561 781 610 834 εί
655 782 730 852 μὴ
771 779 916 834 κατά
959 779 1138 834 πάντα
1165 779 1323 849 λόγον
1350 779 1436 850 εἴη
1460 777 1634 850 ταύτῃ
1663 793 1749 840 τις

150 872 336 945 ἑτέρα
386 872 686 936 ὑπόστασις
731 871 1056 942 ὁμοούσιος,
1109 871 1301 944 μηδενὶ
1345 870 1559 942 φυσικῷ
1589 871 1748 942 Λόγῳ

148 963 274 1016 τῶν
330 966 388 1017 ἐν
433 965 568 1035 αὑτῇ
609 961 986 1026 πλεονάζουσα
1015 961 1050 1034 ἢ
1077 963 1421 1028 ἐλλείπουσα,
1457 961 1593 1033 μηδὲ
1619 960 1749 1014 ὑπό-

153 1070 365 1106 στασιν
415 1052 570 1107 τοῦδε
613 1052 708 1107 τοῦ
744 1051 1012 1118 ζωοποιοῦ
1059 1053 1318 1108 συνθέτου
1350 1052 1490 1118 ζώου
1526 1049 1621 1106 τοῦ
1652 1052 1750 1105 ίδι-

149 1144 414 1198 κωτάτου
465 1143 905 1215 καταδέχεσθαις
960 1143 1171 1208 ’Ἄλλως
1219 1161 1278 1197 τε
1328 1144 1390 1198 οὑ
1443 1143 1620 1214 τούτῳ
1663 1159 1748 1204 τις

151 1234 351 1307 ζητῶν
381 1235 678 1308 ὁμοιότητά
705 1239 826 1290 τινά
854 1253 1017 1291 τινων
1048 1235 1191 1290 κατά
1219 1253 1274 1288 τι
1305 1234 1650 1306 συγκρίνειεν
1680 1233 1746 1288 ἃν

149 1327 226 1380 δι’
276 1327 467 1398 ἑτέρου
514 1329 675 1396 λόγου
713 1328 812 1398 τὴν
841 1327 966 1382 καθ’
991 1327 1179 1397 ἕτερον
1201 1326 1361 1393 λόγον
1396 1325 1530 1396 ’πρδς
1560 1325 1747 1396 ἑτέρου

149 1419 312 1483 τινὸς
349 1420 554 1491 σχέσιν,
593 1418 732 1474 ἀλλά
758 1419 826 1474 δι’
851 1419 1016 1473 αὑτοῦ
1042 1419 1220 1484 τοῦδε,
1246 1417 1317 1471 δι’
1343 1411 1403 1470 οὗ
1432 1417 1464 1488 ἠ
1490 1415 1750 1485 ὁμοίωσις

152 1511 434 1580 ἐζητεῖτο.
491 1513 620 1567 Δέον
669 1514 762 1570 οὑν
809 1514 956 1586 ὑμᾶς
1005 1512 1080 1582 μὴ
1113 1510 1295 1574 λέγειν
1335 1507 1368 1580 ἢ
1403 1507 1608 1578 ζητεῖν,
1642 1505 1749 1558 τίνι

154 1601 308 1674 αὕτη
346 1605 379 1674 ἠ
412 1604 710 1668 ὑπόστασις
736 1604 1023 1677 ὀμοούσιός
1049 1605 1232 1657 ἐστιν·
1291 1599 1406 1667 εῐγε
1438 1596 1606 1667 ἀλλην
1635 1595 1750 1649 ῐστε

153 1696 466 1750 ὑπόστασιν
518 1695 619 1768 τὴν
671 1696 749 1761 ὡς
795 1697 1122 1770 πρόσωπον,
1175 1691 1271 1746 καὶ
1324 1689 1494 1760 ἄλλην
1539 1686 1637 1758 τὴν
1673 1685 1751 1750 ὡς

151 1786 384 1839 οὑσίανο
421 1787 538 1841 ἀλλ’
565 1787 600 1860 ἢ
625 1787 730 1840 τίνι
757 1787 876 1841 ἐστὶ
906 1789 1027 1841 κατ’
1052 1786 1242 1840 οὐσίαν
1265 1781 1551 1854 ὁμοούσιος
1574 1779 1752 1850 ὁΧριρ

157 1875 292 1940 στδς
325 1875 537 1950 ἐρωτᾷν
556 1895 570 1909 ·
627 1877 662 1949 ἢ
707 1875 813 1930 τίνι
859 1879 980 1931 ἐστὶ
1007 1877 1131 1932 καθ’
1156 1877 1480 1942 ὑπόστασιν,
1508 1875 1749 1944 ὁμοὺπό-

157 1983 384 2031 στατος·
419 1968 537 2038 εἴτε
568 1969 668 2040 τὴν
699 1969 835 2042 πρὸς
861 1969 952 2024 τὸν
975 1969 1214 2041 Χριστδν
1240 1969 1521 2039 ὁμοίωσιν.
1541 1967 1603 2020 οὐ
1627 1967 1749 2020 κατ’

155 2059 380 2124 οὐσίαν,
413 2059 553 2115 ἀλλὰ
581 2061 704 2114 καθ’
731 2061 1052 2128 ὑπόστασιν,
1085 2062 1188 2133 τήν
1214 2077 1274 2114 τε
1306 2059 1443 2131 πρὸς
1464 2059 1554 2112 τὸν
1573 2057 1750 2112 Πατέ-

162 2167 235 2220 ρα
271 2150 368 2204 καὶ
396 2151 490 2206 τὸν
517 2152 684 2206 Δαϐὶδ
708 2153 976 2224 ἐζητεῖτε.

1848 608 2046 650 versus
2075 611 2219 652 unus
2241 607 2326 652 est
2357 614 2372 659 ;
2397 585 2578 668 neque
2603 600 2750 668 quod
2787 613 2898 654 non
2924 599 3035 654 sint
3061 600 3245 668 plures
3269 617 3429 657 mun-

1849 684 1904 739 di
1961 687 2204 756 ejusdem
2251 689 2526 754 essentize,
2561 689 2678 746 sine
2727 691 3084 746 subsistentia
3113 691 3222 746 erit
3277 691 3428 748 illius

1849 776 2185 834 substantiae.
2216 777 2356 846 Quid
2379 779 2547 850 igitur
2566 780 2724 836 vobis
2751 781 3043 851 persuadet
3065 780 3267 837 Christi
3297 783 3428 838 sub-
3494 848 3511 870 .

1849 865 2177 931 sistentiam,
2220 867 2328 923 nisi
2365 869 2516 924 omni
2547 885 2616 925 ex
2651 870 2869 926 ratione
2913 871 3086 926 altera
3115 871 3189 927 sit
3239 871 3426 927 subsi-

1849 955 2048 1012 stentia
2075 955 2154 1011 illi
2187 958 2424 1013 essentia
2460 959 2679 1027 similis,
2727 962 2878 1016 nulla
2917 963 3156 1018 naturali
3213 963 3426 1018 ratione

1849 1049 1970 1120 ejus
1999 1047 2222 1104 dotibus
2273 1063 2372 1104 seu
2404 1051 2633 1120 praadita
2663 1067 2758 1106 seu
2809 1053 3046 1122 privata,
3083 1069 3194 1108 non
3245 1055 3428 1108 subsi«

1849 1141 2105 1196 stentiam
2137 1141 2298 1196 istius
2334 1143 2480 1198 entia
2523 1143 2764 1198 creantis
2787 1151 2845 1198 et
2889 1146 3273 1215 eomponentis
3314 1162 3428 1202 ma-

1848 1233 1994 1288 xime
2053 1233 2292 1304 propria:
2322 1234 2454 1290 dicti
2513 1236 2660 1292 entis
2704 1221 3004 1308 accipere?
3030 1237 3203 1294 Aliter
3241 1254 3424 1304 nemo,

1850 1323 1905 1378 in
1929 1323 2021 1379 illo
2052 1314 2306 1396 quaerens
2337 1327 2631 1397 quamdam
2696 1328 3118 1384 similitudinem
3166 1345 3428 1400 quorum-

1849 1416 1973 1473 dam
2005 1419 2312 1474 secundum
2365 1419 2668 1490 quoddam,
2712 1430 3058 1492 compararet
3109 1437 3212 1492 per
3263 1421 3426 1476 aliam

1849 1509 2120 1565 rationem
2153 1509 2305 1564 hunc
2330 1511 2632 1568 secundum
2665 1513 2827 1566 aliam
2873 1513 3141 1569 rationem
3177 1513 3428 1568 habitum

1849 1597 2016 1653 alicui
2045 1600 2160 1667 alii,
2190 1600 2286 1655 sed
2315 1615 2411 1671 per
2425 1601 2600 1672 ipsam
2635 1603 2926 1668 rationem,
2957 1619 3057 1674 per
3089 1619 3252 1674 quam
3274 1601 3430 1659 simi-

1849 1689 2029 1746 litudo
2079 1692 2450 1762 quaerebatur.
2507 1693 2656 1766 Ergo
2688 1711 2786 1751 vos
2831 1703 3054 1766 oportet
3099 1710 3205 1750 nec
3241 1695 3432 1752 dicere

1850 1795 1954 1836 nec
1983 1780 2284 1851 inquirere,
2315 1783 2402 1838 cui
2463 1783 2582 1840 haec
2613 1785 2969 1841 subsistentia
3018 1785 3308 1841 identitate
3339 1801 3428 1842 es-

1849 1872 2040 1928 sentia:
2061 1871 2258 1929 similis
2283 1873 2390 1940 sit;
2421 1889 2546 1929 cum
2579 1875 2726 1930 enim
2745 1878 2908 1932 aliam
2933 1877 3086 1932 scitis
3119 1877 3436 1932 subsisten-

1846 1959 1978 2015 tiam
2009 1975 2152 2028 esse,
2195 1963 2376 2033 quoad
2421 1979 2736 2035 personam,
2789 1967 2952 2022 aliam
3009 1967 3190 2038 quoad
3240 1981 3430 2022 essen-

1848 2052 1980 2107 tiam
2009 2070 2024 2121 ;
2048 2054 2144 2110 sed
2175 2063 2273 2110 aut
2292 2057 2384 2112 cui
2401 2055 2474 2111 sit
2489 2057 2796 2113 secundum
2815 2059 3113 2114 essentiam
3140 2057 3429 2114 identitate

1844 2149 2103 2205 essentia:
2145 2150 2344 2206 similis
2399 2151 2678 2217 Christus,
2729 2162 2826 2208 aut
2877 2153 2969 2210 cui
3003 2153 3076 2209 sit
3120 2151 3428 2209 secundum

157 2247 578 2302 subsistentiam
609 2248 898 2304 identitate
946 2246 1314 2303 subsistentia:
1365 2245 1593 2310 similis;
1644 2243 1775 2298 dum
1815 2241 2022 2300 Christi
2063 2245 2482 2302 similitudinem
2537 2247 2684 2304 Patri
2745 2257 2802 2304 et
2835 2247 3027 2302 Davidi
3059 2262 3168 2302 non
3225 2261 3428 2304 secun-

159 2341 299 2397 dum
334 2344 654 2407 essentiam,
681 2343 780 2399 sed
811 2343 1114 2400 secundum
1141 2343 1556 2400 subsistentiam
1589 2340 1974 2412 inquirebatis.

237 2441 352 2495 Καὶ
381 2439 765 2513 ἀπεκρίθημεν
807 2439 873 2493 ἂν
903 2439 1032 2510 ὑμῖν
1055 2439 1230 2509 ὀρθῶς
1257 2437 1584 2508 πυθομένοις
1615 2435 1747 2506 περὶ

159 2529 344 2596 τοῦδε,
377 2533 458 2586 ὅτι
484 2531 578 2586 καὶ
605 2531 682 2602 τῷ
707 2531 884 2602 [lat-:91
912 2531 1011 2600 μὲν
1041 2530 1349 2600 όμοούσιος,
1371 2531 1467 2583 καὶ
1488 2528 1566 2599 τῷ
1582 2527 1747 2582 Δαϐὶδ

161 2622 477 2692 ὁμοούσιος,
512 2623 607 2676 καὶ
630 2623 774 2676 κατά
801 2622 1037 2693 θατέραν
1061 2621 1118 2674 δὲ
1143 2623 1252 2675 τῶν
1281 2619 1476 2676 ἑαυτοῦ
1506 2619 1744 2690 φύσεων,

164 2715 194 2766 ὁ
219 2713 474 2784 Χριστός·
507 2713 918 2783 ὁμοῦπόστατος
939 2713 996 2766 δὲ
1020 2713 1146 2768 οὔτε
1175 2712 1282 2785 πρὸ
1307 2709 1508 2783 σαρκὸς
1532 2711 1747 2779 ὸΛόγος

165 2804 363 2873 γέγονε
412 2803 490 2876 τῷ
532 2806 744 2878 Πατρὶ,
799 2805 923 2860 οὑδὲ
975 2806 1081 2876 πρὸ
1113 2804 1216 2874 τῆς
1243 2802 1394 2867 θείας
1418 2803 1750 2876 σαρκώσεως

167 2897 268 2968 τῆς
301 2897 366 2950 ὲκ
397 2895 709 2970 σπέρματος
740 2897 906 2952 Δασὶδ
925 2937 942 2962 ,
985 2896 1064 2968 τῷ
1099 2895 1296 2950 Δαϐίδ*
1333 2893 1456 2949 οὕτε
1481 2895 1576 2950 οὖν
1612 2893 1752 2966 μετά

167 2985 268 3056 τὴν
319 2986 483 3055 ἁγίαν
535 2986 812 3057 σάρκωσιν
859 2978 956 3040 τοῦ
1005 2985 1181 3056 Λόγου
1203 3027 1220 3052 ,
1267 2987 1339 3057 τῇ
1370 2984 1462 3039 τοῦ
1491 2985 1624 3039 Θεοῦ
1657 2985 1752 3040 καὶ

169 3079 386 3150 Πατρδς
411 3118 428 3144 ,
481 3078 516 3149 ἢ
571 3081 639 3150 τῇ
687 3078 782 3132 τοῦ
823 3075 1117 3148 ἀνθρώπου
1156 3076 1350 3140 Δαεὶδ,
1385 3077 1420 3146 ή
1455 3075 1752 3139 ὑπόστασις

170 3167 338 3222 αὑτοῦ
369 3167 532 3238 ὁμοία
562 3167 887 3237 λεχθήσεται
917 3165 1113 3236 ὀρθῶς.
1155 3165 1366 3228 Σκαιῶς
1392 3161 1484 3218 οὖν
1517 3167 1646 3234 ὑμῖν
1671 3163 1752 3218 et-

1916 2437 1986 2493 Et
2009 2436 2166 2493 vobis
2184 2447 2332 2492 recte
2363 2438 2430 2494 de
2465 2437 2570 2494 hoc
2586 2439 2998 2494 sciscitantibus
3020 2438 3427 2510 respondimus,

1850 2527 1998 2583 Patri
2023 2542 2145 2584 esse
2177 2527 2416 2584 essentia
2437 2527 2698 2591 similem,
2735 2527 2929 2583 Davidi
2973 2543 3193 2598 quoque
3237 2543 3431 2583 essen-

1852 2618 1922 2674 tia
1956 2619 2212 2679 similem,
2232 2631 2288 2674 et
2307 2621 2609 2676 secundum
2641 2631 2930 2690 utramque
2958 2636 3178 2675 suarum
3208 2631 3431 2674 natura-

1853 2725 1976 2764 rum
2004 2708 2306 2766 Christum.
2335 2709 2538 2766 Eadem
2572 2709 2930 2765 subsistentia
2960 2709 3138 2764 simile
3179 2725 3286 2762 non
3327 2708 3431 2762 fuit

1845 2813 1972 2858 ante
2031 2818 2252 2858 carnem
2301 2801 2546 2858 Verbum
2599 2803 2772 2866 Patri,
2805 2817 2986 2872 neque
3016 2809 3142 2856 ante
3187 2800 3428 2855 divinam

1847 2883 2287 2950 incarnationem
2343 2909 2409 2948 ex
2435 2895 2644 2950 semine
2694 2893 2892 2960 David,
2954 2892 3194 2959 Davidi;
3251 2905 3430 2961 neque

1847 2983 2016 3056 igitur
2043 2995 2172 3055 post
2201 2995 2449 3040 sanctam
2484 2985 2922 3041 incarnationem
2949 2984 3112 3040 Verbi
3153 2985 3275 3055 ejus
3301 2983 3433 3038 sub-

1847 3073 2098 3128 sistentia
2145 3073 2245 3128 Dei
2281 3074 2482 3138 Patris,
2535 3074 2895 3129 authominis
2958 3074 3188 3130 Davidis
3250 3072 3431 3129 subsi-

1849 3163 2064 3218 stentia
2088 3163 2284 3218 similis
2307 3173 2456 3218 recte
2480 3163 2716 3220 dicetur.
2747 3165 3042 3219 Infelieiter
3067 3179 3198 3236 ergo
3222 3181 3252 3218 a
3274 3165 3434 3222 vobis

173 3276 367 3332 ρηται,
402 3227 486 3312 im
513 3257 596 3312 δεῖ
627 3227 904 3312 τδναὺτδν
929 3227 1086 3324 ὶίόγον
1115 3255 1264 3328 ἒχειν
1291 3258 1392 3326 τῆς
1419 3227 1608 3320 οὐσίας
1657 3256 1749 3310 καὶ

1853 3253 2059 3308 dictum
2088 3260 2192 3316 est,
2225 3261 2484 3323 oportere
2513 3263 2574 3308 ut
2601 3254 2848 3309 eamdem
2899 3227 3159 3310 habeant'
3177 3256 3433 3310 essentize

170 3351 270 3417 τὴν
313 3349 484 3418 αὑτὴν
529 3349 716 3419 νόησιν
750 3349 848 3410 τὰς
876 3346 1197 3418 όμοουσίους
1225 3345 1572 3408 ὑποστάσεις.
1615 3345 1747 3399 Δέον

173 3439 281 3510 γὰρ
311 3435 378 3508 ἦν
417 3441 592 3492 εἰπεῖν
626 3439 770 3509 ὑμᾶς
799 3441 900 3503 τάς
939 3437 1260 3508 όμοουσίους
1299 3435 1507 3502 οὐσίας.
1563 3437 1626 3492 Ei
1671 3437 1747 3504 δὲ,

176 3529 296 3582 ἐπεὶ
330 3529 404 3600 μὴ
431 3529 592 3601 ὁμοία
620 3530 770 3584 ἐστὶν
800 3531 834 3602 ἡ
862 3529 1155 3594 ὑπόστασις
1186 3528 1280 3583 τοὺ
1307 3531 1602 3597 Δεσπότου,
1629 3528 1752 3584 σύν-

176 3619 327 3682 θετος
359 3614 497 3674 οὖσα
539 3622 606 3692 τῇ
654 3620 798 3692 ἁπλῇ
845 3620 940 3674 τοῦ
981 3621 1216 3694 Πατρδς,
1252 3621 1286 3693 ἢ
1315 3623 1382 3693 τῇ
1415 3621 1652 3694 συνθέτῳ
1683 3624 1751 3695 τῇ

175 3710 308 3786 οὔσῃ
345 3714 410 3766 ὲκ
441 3713 550 3766 τῶν
581 3714 840 3784 χειρόνων
871 3719 1090 3784 φύσεων
1131 3718 1196 3786 τῇ
1227 3715 1324 3768 τοῦ
1351 3715 1546 3781 Δαϐὶὸ,
1581 3717 1753 3786 ἀναγ⁴

175 3799 343 3882 καίως
373 3801 562 3871 λέγετε
590 3801 822 3874 ἕψεσθαι
841 3844 856 3870 ,
893 3805 989 3858 καὶ
1019 3804 1081 3858 τδ
1103 3805 1446 3874 ἐτεροούσιον
1477 3807 1650 3878 αὐτὴν
1675 3803 1754 3862 εἶ-

175 3909 304 3958 ναι,
379 3893 532 3970 παρά
585 3895 684 3957 τάς
733 3895 843 3950 τῶν
894 3896 1165 3967 ἀνομοίων
1212 3897 1350 3969 αὐτῇ
1400 3897 1753 3954 ὑποστάσεων

176 3983 394 4050 οὑσίας,
431 3985 614 4050 καθὼς
647 3985 898 4058 βούλεται
927 3987 1200 4044 δεικνύναι
1233 3989 1296 4044 τὸ
1320 3990 1588 4062 ὑμέτερον
1614 4008 1754 4063 συμο

176 4075 439 4146 πέρασμα
462 4092 478 4108 ·
532 4077 730 4132 οὐκοῦν
784 4079 1100 4147 ἀναγκαίως
1139 4079 1314 4148 ἔσται,
1351 4081 1447 4135 καὶ
1495 4082 1620 4136 ἐπεὶ
1659 4084 1752 4138 ἀνο

178 4168 360 4235 όμοιος
413 4169 445 4238 ἡ
479 4167 694 4224 Παύλου
741 4171 1041 4234 ὑπόστασις
1076 4173 1214 4244 πρὸς
1251 4174 1456 4246 Πέτρον
1489 4174 1632 4228 κατά
1661 4175 1752 4230 τὸν

177 4256 276 4325 τῆς
305 4259 655 4326 ὑποστάσεως
682 4262 840 4332 λόγον
861 4304 877 4328 ,
927 4265 1021 4318 καὶ
1062 4265 1436 4336 ὲτεροουσίους
1467 4263 1608 4324 εἶναι
1628 4269 1752 4323 τού-

181 4366 321 4414 τους.
355 4351 470 4406 Εῐτ’
497 4349 610 4420 οὑν,
645 4355 806 4410 πάλιν
833 4355 955 4410 καθ’
980 4357 1145 4427 ὑμᾶς,
1176 4359 1299 4412 ἐπεὶ
1323 4359 1600 4429 ὀμοούσιοί
1621 4361 1748 4428 εἰσι,

185 4441 309 4510 μίαν
330 4438 470 4497 εἶναι
496 4445 824 4518 ἀμφοτέρων
849 4448 943 4501 καὶ
967 4448 1066 4517 τὴν
1089 4448 1406 4504 ὑπόστασιν·
1430 4450 1605 4504 καὶτὸ
1621 4452 1754 4506 αὐτὸ

1852 3342 2118 3399 rationem
2159 3353 2215 3400 et
2253 3345 2502 3400 eamdem
2541 3345 2958 3417 intelligentiam
3003 3345 3207 3402 eaedem
3239 3361 3432 3402 essen-

1853 3436 1928 3491 tia
1968 3435 2370 3506 subsistentiae;
2407 3440 2696 3517 oportebat
2737 3441 2885 3496 cnim
2932 3457 3030 3496 vos
3077 3441 3262 3512 dicere
3307 3458 3430 3498 eas-

1851 3528 1978 3584 dem
1995 3530 2234 3584 essentia
2267 3531 2554 3588 essentias.
2587 3531 2683 3588 Sin
2717 3545 2922 3597 autem,
2955 3547 3080 3588 cum
3099 3547 3208 3586 non
3234 3533 3433 3589 similis

1853 3619 1926 3674 sit
1949 3619 2304 3676 subsistentia
2337 3622 2582 3690 Domini,
2614 3631 2803 3695 utpote
2826 3625 3153 3696 composita,
3188 3625 3430 3696 simplici

1853 3709 2450 3777 Patrissubsistentite,
2485 3715 2572 3770 vel
2611 3717 2930 3787 compositas
2978 3733 3047 3773 ex
3077 3715 3432 3772 inferioribus

1853 3803 2067 3860 naturis
2129 3805 2357 3862 Davidis
2411 3807 2822 3874 subsistentiis,
2902 3809 3215 3864 necessario
3272 3808 3430 3878 sequi

1853 3897 2056 3964 dicitis,
2085 3897 2314 3955 alterius
2342 3899 2596 3956 essentia
2627 3899 2768 3956 hanc
2807 3915 3027 3972 quoque
3065 3915 3207 3966 esse,
3235 3914 3424 3955 secun-

1853 3988 1985 4044 dum
2030 3991 2300 4048 essentias
2348 3989 2830 4047 subsistentiarum
2867 3990 2945 4046 illi
2986 4008 3095 4046 non
3141 3991 3431 4054 similium.

1853 4091 1916 4136 ut
1963 4082 2082 4136 vult
2133 4081 2510 4137 demonstrare
2553 4091 2736 4137 vestra
2782 4081 3100 4148 conclusio;
3135 4081 3300 4152 igitur
3337 4097 3444 4134 ne-

1853 4186 2010 4228 cesse
2039 4173 2168 4239 erit,
2203 4189 2328 4229 cum
2369 4173 2726 4228 subsistentia
2769 4173 2923 4228 Pauli
2957 4171 3102 4228 haud
3134 4171 3330 4227 similis
3362 4171 3439 4232 sit

1853 4263 2018 4319 Petro
2051 4263 2352 4320 secundum
2386 4264 2756 4320 subsistentia:
2785 4265 3080 4331 rationem,
3112 4273 3164 4318 et
3209 4263 3442 4320 alterius.

1853 4355 2106 4411 essentia“.
2148 4355 2272 4410 illos
2307 4370 2462 4422 esse;
2495 4354 2696 4410 deinde
2735 4355 2932 4411 iterum
2975 4354 3281 4410 secundum
3311 4371 3436 4424 vos,

1855 4459 1979 4498 cum
2013 4444 2260 4516 ejusdem
2303 4444 2558 4500 essentia;
2605 4445 2733 4508 sint,
2767 4461 2930 4500 unam
2978 4459 3099 4500 esse
3139 4445 3436 4500 amborum

182 4527 317 4586 εἶναι
345 4533 639 4604 πρόσωπον
675 4535 734 4590 τδ
763 4538 974 4610 Πέτρου
995 4580 1009 4605 ,
1046 4539 1182 4608 ὅπερ
1212 4539 1330 4592 ἐστὶ
1361 4540 1575 4594 καὶτοῦ
1603 4542 1749 4596 Παύ-

1856 4535 2291 4601 subsistentiam,
2322 4543 2379 4588 et
2421 4533 2567 4607 idem
2601 4549 2722 4591 esse
2764 4549 3053 4606 personam
3083 4534 3252 4598 Petri,
3285 4535 3433 4605 quod

179 4623 301 4686 λου,
363 4626 458 4678 καὶ
510 4626 698 4691 ἁπλῶς
753 4629 938 4700 πάσης
985 4629 1085 4699 τῆς
1133 4629 1586 4702 ἀνθρωπότητος,
1629 4634 1753 4688 ἐπεὶ

184 4712 463 4782 ὁμοούσιός
491 4716 609 4770 ἐστι
639 4718 789 4771 πᾶσα
811 4759 826 4783 ,
876 4717 934 4772 ἓν
980 4715 1122 4773 εἶναι
1151 4721 1321 4790 αὑτῆς
1351 4721 1411 4774 τὸ
1437 4721 1750 4791 πρόσωπον·

186 4804 314 4860 ἀλλά
366 4807 464 4860 atat
513 4809 613 4878 τῆς
656 4808 806 4872 θείας
851 4809 1100 4876 φύσεως,
1137 4813 1262 4864 ἐπεὶ
1289 4811 1575 4882 όμοούσιός
1604 4817 1753 4870 ἐστιν

183 4898 214 4966 ἡ
261 4897 387 4966 ἀγία
432 4897 636 4971 Τριάς,
683 4895 917 4973 ἓνεῖναι
969 4903 1030 4955 τὸ
1076 4901 1368 4974 πρόσωπον
1405 4905 1502 4959 καί⁵
1534 4907 1595 4958 οὑ
1627 4908 1754 4978 τρία

181 4986 420 5068 λεκτέονο
481 4985 558 5044 ὧν
603 4989 666 5044 τὸ
701 4989 1040 5062 ἀδιανόητον,
1075 4993 1174 5064 οὑχ
1197 4995 1363 5064 ἡμεῖς
1391 4996 1574 5066 μόνον,
1609 4997 1750 5053 ἀλλά

184 5079 272 5133 καὶ
321 5080 372 5134 oi
414 5080 575 5145 λίθοι,
614 5079 691 5144 ὥς
731 5084 941 5150 εἰπεῖν,
991 5083 1356 5155 ἐπιτιμῶντες
1387 5087 1516 5160 ὑμῖν
1545 5090 1740 5160 κεκρά-

187 5169 378 5235 ξονται.

185 5249 203 5259 ’
251 5263 370 5317 ὀτι
391 5261 448 5316 δὲ
477 5263 573 5318 καὶ
591 5263 656 5318 ὲκ
676 5263 784 5318 τῶν
808 5265 865 5318 ὲν
886 5263 1024 5336 αὑτῇ
1053 5264 1268 5333 φύσεων
1290 5267 1322 5338 ὴ
1340 5267 1635 5335 ὑπόστασις
1655 5269 1752 5326 τοῦ

185 5353 445 5414 Δεσπότου
469 5353 627 5425 ἡμῶν
645 5353 908 5428 Χριστοῦ,
933 5357 1072 5410 κατά
1096 5355 1194 5426 μὲν
1217 5356 1554 5434 θατέρανλτῷ
1576 5363 1754 5434 Πατρὶ

188 5443 483 5516 ὀμοούσιος,
535 5445 678 5500 κατά
719 5445 778 5501 δὲ
823 5445 1060 5516 θατέραν
1087 5445 1166 5518 τῷ
1191 5447 1356 5503 Δασίδ
1382 5432 1534 5506 ἐστιν
1555 5432 1750 5525 όμοού-

189 5553 329 5602 σιος,
381 5535 502 5602 πῶς
549 5536 826 5592 κωλύσετε
873 5537 1021 5609 ἡμᾶς
1061 5537 1278 5608 λέγειν,
1328 5541 1630 5611 φάσκοντες
1669 5547 1750 5602 ὅτι

186 5631 247 5684 τὶ
287 5631 588 5702 ὁμοούσια,
626 5631 728 5685 οὑκ
769 5633 835 5684 ὲκ
876 5629 1078 5702 μέρους
1109 5629 1254 5686 θέλει
1281 5629 1420 5688 εἶναι
1447 5637 1748 5707 ὁμοούσιας

189 5722 303 5786 τοῖς
351 5723 460 5794 γὰρ
519 5723 650 5792 μίαν
698 5722 948 5790 λέγουσιν
998 5721 1164 5778 αὑτοῦ
1205 5724 1304 5795 τὴν
1345 5725 1538 5796 φύσιν,
1581 5731 1750 5801 ἤγουν

191 5814 384 5884 eiciam,
406 5815 586 5880 καλῶς
617 5815 681 5872 ἂν
711 5815 971 5886 εἰρήκατε
989 5811 1166 5883 τοῦτο,
1191 5816 1254 5870 ἐκ
1283 5818 1484 5887 μέρους
1501 5821 1600 5887 τῆς
1621 5824 1749 5887 μιᾶς

1853 4635 1940 4684 est
1973 4643 2206 4699 persona
2237 4626 2424 4694 Pauli;
2451 4637 2508 4682 et
2540 4642 2654 4682 uno
2679 4627 2847 4682 verbo
2881 4627 3153 4682 universa:
3181 4627 3432 4682 humani.

1855 4719 2004 4784 tatis,
2053 4733 2177 4773 cum
2221 4717 2466 4788 ejusdem
2514 4719 2772 4773 essentia:
2819 4720 2892 4774 sit
2935 4717 3212 4782 universa,
3265 4733 3435 4774 unam

1853 4825 1976 4865 esse
2003 4825 2328 4880 personam;
2360 4809 2455 4865 sed
2489 4818 2546 4866 et
2576 4809 2777 4865 divinae
2817 4819 3046 4874 naturae,
3086 4825 3210 4865 cum
3243 4809 3314 4864 sit
3339 4826 3432 4865 ea-

1854 4901 1978 4956 dem
2022 4901 2260 4956 essentia
2305 4910 2492 4957 sancta
2541 4901 2718 4968 Trias,
2765 4918 2927 4958 unam
2977 4917 3098 4958 esse
3143 4918 3431 4973 personam

1853 5010 1963 5050 non
1993 5005 2105 5050 tres
2132 4993 2425 5049 dicendum
2451 5011 2464 5050 :
2490 5011 2724 5066 quorum
2751 4995 3171 5060 absurditatem,
3203 5011 3310 5050 non
3333 5011 3437 5051 nos

1855 5095 2089 5151 tantum,
2121 5085 2216 5140 sed
2240 5093 2296 5140 et
2324 5084 2554 5155 lapides,
2587 5093 2647 5140 ut
2675 5084 2750 5140 ita
2781 5083 2983 5150 dicam,
3013 5085 3435 5142 conelamabunt

1852 5177 2012 5234 vobis
2035 5175 2455 5248 exprobrantes.

1931 5269 2087 5337 Quod
2121 5279 2302 5325 autem
2337 5285 2403 5324 ex
2439 5269 2526 5324 his
2557 5268 2758 5338 quibus
2796 5275 3012 5324 constat
3061 5269 3276 5325 naturis
3307 5269 3432 5324 sub-

1855 5363 2103 5420 sistentia
2153 5361 2370 5416 Domini
2421 5362 2594 5417 nostri
2647 5361 2776 5418 Jesu
2825 5359 3072 5425 Christi,
3128 5362 3434 5419 secundum

1854 5465 2032 5511 utram
2077 5455 2222 5510 Patri
2271 5455 2510 5510 essentia
2555 5455 2770 5520 similis,
2811 5465 2868 5511 et
2901 5455 3205 5511 secundum
3253 5463 3430 5510 utram

1852 5548 2045 5606 Davidi
2091 5547 2331 5604 essentia
2373 5547 2572 5602 similis
2619 5546 2712 5612 sit,
2757 5545 3034 5616 quomodo
3063 5545 3433 5618 proliibebitis

1852 5655 1955 5697 nos
2001 5638 2226 5694 dicere?
2275 5636 2612 5710 Objicientes
2671 5638 2862 5694 eadem
2919 5637 3158 5693 essentia
3205 5652 3316 5692 non
3363 5651 3430 5692 ex

1852 5743 2010 5806 parte
2037 5731 2214 5789 solere
2243 5745 2366 5786 esse
2389 5729 2578 5786 eadem
2599 5729 2861 5786 essentia.
2887 5727 3059 5785 Nobis
3082 5729 3228 5784 enim
3267 5745 3429 5784 unam

1852 5841 1972 5884 esse
2020 5823 2167 5880 illius
2206 5833 2455 5880 naturam
2488 5821 2541 5878 id
2583 5829 2665 5878 est
2697 5820 3030 5896 essentiam,
3080 5820 3428 5892 dicentibus,
