3932 6152
210 247 346 316 1537
829 323 834 328 .
1177 260 1571 331 ADVERSUS
1610 271 1763 334 NESV

1911 274 2154 336 IANOS.
2177 301 2246 312 —
2275 277 2424 342 LIB.
2464 279 2544 340 Ιῐ.
3329 287 3463 353 1533

825 373 1078 428 ΚΕΦΑΛ.
1113 373 1188 431 τι.
1814 387 1864 446 Α

1814 387 1864 446 Α
2523 388 2673 445 CAP.
2727 389 2818 448 111.

283 453 344 507 El
389 453 508 508 ὅλον
556 458 788 529 ταυτησὶ
833 461 936 529 τῆς
981 461 1332 530 ὑποστάσεως
1365 467 1396 520 6
1423 466 1555 531 Θεὸς
1585 470 1775 538 Λόγος,

1957 475 2014 530 Si
2046 483 2220 530 totum
2251 477 2481 546 hujusce
2519 477 2893 534 subsistentiaa
2913 488 2996 535 est
3023 481 3169 539 Deus
3195 483 3458 551 Verbum,

207 545 382 638 φτισὶ,
433 547 497 598 ἐκ
541 546 684 613 τίνος
713 548 820 620 ἄρα
855 553 1389 624 συναναπληροῦται,
1421 557 1632 612 εἴπατε.
1674 559 1760 611 Τοὲ

1904 566 2060 631 ιὶιιηι,
2079 584 2106 622 a
2130 583 2240 637 quo
2259 545 2426 638 igitur
2442 570 2783 638 compleatur
2798 570 2964 626 dicite
2983 589 2998 638 ;
3015 572 3108 627 Dei
3125 575 3272 628 enim
3299 545 3457 633 Verbi

205 630 319 704 γὰρ
352 633 486 686 Θεοῦ
516 635 691 704 Λόγου
751 637 884 702 Θεὸς
913 639 1084 707 Λόγος
1114 643 1214 695 οὐκ
1241 643 1393 697 ἔσται
1419 645 1614 718 μέρος·
1657 647 1756 698 ἐπε

1906 659 2028 712 )eus
2046 657 2283 713 Verbum
2311 644 2423 713 non
2447 659 2552 713 erit
2583 675 2726 730 pars.
2751 677 2877 715 eum
2909 663 3047 716 nihil
3073 679 3200 733 pars
3226 679 3346 720 esse
3375 669 3459 722 sui

125 767 156 788 ,
209 722 382 792 μηδὲν
411 725 606 778 ἑαυτοῦ
641 727 806 798 μέρος
835 726 977 784 εἶναι
1009 731 1248 800 λέγεται.
1301 735 1526 807 Πρῶτον
1559 739 1656 808 μὲν

1906 751 2106 806 licitur.
2139 751 2324 804 Primo
2357 751 2601 820 quidem,
2628 769 2738 808 non
2761 754 3087 824 simpliciter
3129 766 3302 811 totum
3324 758 3459 814 sub-

204 813 306 882 οὑχ
353 815 540 879 ἁπλῶς
589 823 648 870 τὸ
691 819 812 872 ὅλον
857 823 956 891 τῆς
995 824 1346 890 ὑποστάσεως
1385 827 1480 880 τοῦ
1507 831 1757 883 Δεσπότοε

1905 842 2148 896 εἰειεηιίω
2179 813 2397 897 Domini
2450 813 2655 899 Christi
2691 861 2721 900 a
2751 813 2911 901 nobis
2959 847 3166 903 dicitur
3217 813 3458 906 Verbum

204 901 444 971 Χριστοῦ
495 906 523 957 6
573 907 744 974 Λόγος
783 911 916 978 ἡμῖν
961 911 1176 982 εἴρηται
1209 912 1369 980 εἶναι,
1406 917 1542 971 ἀλλὰ
1577 936 1757 991 σεσαρι

1937 950 2023 1000 ιεθ,
2051 934 2147 989 sed
2179 949 2310 989 caro
2335 935 2558 990 factum.
2595 936 2718 990 Alio
2782 937 2947 992 modo
2993 955 3007 992 :
3071 939 3138 1005 si,
3201 941 3490 1010 quoniam'

204 992 472 1062 κωμένος.
505 995 714 1060 Ἀλλως
741 1015 799 1052 τε
825 1016 840 1030 ·
895 1005 944 1053 εἰ
976 1004 1098 1056 ἐπεὶ
1127 1003 1350 1072 λέγεται
1378 1007 1438 1059 τὸ
1465 1009 1584 1062 ὅλον
1609 1009 1757 1079 αὐτῆς

1908 1027 2088 1080 Iicitur
2129 1034 2304 1080 totum
2359 1027 2483 1097 ejus
2523 1027 2916 1092 subsistentia,
2965 1030 3042 1085 ita
3085 1031 3290 1086 dicitur
3339 1048 3461 1088 esse

200 1081 277 1144 ὡς
306 1083 680 1150 ὑποστάσεως,
713 1087 888 1152 οὑτως
917 1084 1059 1145 εἶναι
1089 1093 1118 1145 6
1141 1094 1378 1162 Χριστὸς
1406 1095 1471 1150 ἐκ
1495 1115 1640 1162 τινος
1664 1099 1753 1154 ἑτέ

1934 1119 2164 1173 hristum
2217 1134 2285 1174 ex
2333 1117 2443 1174 alio
2500 1119 2687 1195 aliquo
2749 1133 2950 1190 praeter
3003 1123 3281 1188 Verbum,
3338 1135 3487 1180 tam-

202 1189 304 1244 ρου
352 1177 504 1246 παρὰ
549 1176 642 1229 τὸν
683 1179 876 1246 Λόγον,
915 1181 990 1246 ῶς
1025 1183 1132 1238 τῶν
1161 1187 1347 1256 μερῶν
1375 1190 1580 1261 ἐτέρων
1607 1191 1755 1244 ὄντωί

1902 1206 2044 1278 mam
2095 1224 2161 1264 ex
2219 1209 2470 1280 partibus
2513 1176 2636 1279 qua:
2693 1176 2910 1279 semper
2948 1176 3070 1266 aliae
3121 1176 3245 1266 sunt
3268 1176 3455 1284 quoad

194 1266 290 1318 ἀεὶ
323 1267 472 1337 παρὰ
500 1268 567 1322 τὰ
590 1269 686 1322 ὅλα
715 1271 930 1336 πάντως
962 1273 1082 1327 δέον
1109 1277 1240 1330 αὐτὸ
1265 1278 1625 1350 πληροῦσθαι,
1653 1285 1747 1336 ἐπε

1904 1309 2093 1364 otnm,
2145 1299 2373 1354 omnino
2415 1299 2789 1356 necessarium
2838 1311 2926 1354 est
2983 1301 3116 1356 illud
3164 1305 3457 1373 compleri;

197 1357 298 1458 aiat
343 1358 404 1410 τὸ
440 1358 560 1412 ὅλον
608 1361 712 1430 τῆς
755 1365 1033 1435 πατρικῆς
1062 1367 1415 1435 ὑποστάσεως
1461 1375 1488 1426 6
1519 1373 1650 1437 Θεὸς
1683 1392 1750 1428 κα

1904 1405 2014 1444 :um
2045 1398 2219 1444 totum
2253 1399 2498 1458 paternae
2522 1389 2890 1444 subsistentia:
2923 1390 2995 1444 sit
3019 1391 3162 1446 Deus
3206 1357 3396 1450 Patren“.
3425 1410 3457 1447 e

200 1445 394 1516 Πατήρ
427 1449 576 1501 ἐστιν
598 1465 612 1480 ·
651 1450 718 1503 ἐκ
749 1451 895 1513 τίνος
927 1455 1036 1521 ἄρα
1071 1457 1166 1507 καὶ
1193 1457 1310 1510 τόδε
1339 1459 1526 1527 ἑτέρου
1554 1476 1752 1512 συνανα

1906 1496 1998 1550 luo
2029 1481 2198 1551 igitur
2227 1479 2338 1534 alio
2375 1477 2524 1533 istud
2582 1481 2926 1548 compleatur
2982 1481 3129 1550 quod
3178 1483 3250 1535 sit
3307 1483 3459 1537 velut

197 1537 500 1608 πληροῦται
554 1539 646 1593 τοῦ
693 1541 770 1605 ὡς
819 1543 1019 1612 μέρους
1057 1545 1246 1612 αὐτοῦ,
1281 1549 1492 1604 εἴπατε.
1527 1551 1633 1604 Τοῦ
1667 1551 1750 1618 γά,

1904 1537 1998 1641 {ius
2017 1537 2166 1640 pars,
2197 1570 2384 1625 dicite.
2443 1570 2540 1625 Dei
2571 1537 2724 1625 enini
2747 1571 2936 1626 Patris
2983 1537 3128 1626 Deus
3157 1573 3321 1626 Pater
3347 1589 3457 1627 non

197 1629 334 1682 Θεοῦ
385 1631 601 1701 Πατρὸς
678 1634 707 1684 6
739 1631 870 1696 Θεὸς
918 1635 1108 1707 Πατὴρ
1165 1638 1266 1692 οὐκ
1296 1639 1448 1693 ἔσται
1481 1641 1604 1694 καθ’
1633 1643 1750 1711 ὐμᾶη

1907 1658 1987 1718 ri’t
2007 1678 2134 1732 pars
2161 1661 2463 1717 secundum
2493 1677 2620 1726 vos;
2655 1670 2708 1717 et
2732 1663 2857 1732 quis
2885 1678 2993 1716 non
3025 1662 3334 1733 deplorabit
3359 1665 3460 1720 has

199 1721 388 1791 μέρος.
443 1724 555 1776 Καὶ
591 1723 676 1787 τίς
709 1725 770 1777 οὑ
804 1725 1030 1780 κλαύσει
1058 1729 1221 1781 τάσδε
1252 1731 1354 1794 τὰς
1387 1733 1752 1801 ματαιο).ογία‹

1896 1753 2264 1810 :avillationes
2288 1761 2500 1808 vestras
2521 1761 2578 1808 et
2602 1753 2969 1808 voluntariam
2993 1751 3266 1808 insaniam
3287 1754 3310 1807 ?
3328 1754 3449 1808 Non

195 1811 352 1882 ὑμῶν
389 1813 485 1868 καὶ
521 1812 1057 1886 ὲθελοκακουργίας;
1099 1817 1238 1873 Οὑτε
1267 1823 1375 1892 γὰρ
1407 1823 1469 1874 τὸ
1501 1825 1564 1876 ἐκ
1596 1825 1745 1894 μερῶ

1906 1845 2025 1899 :nim
2062 1844 2208 1914 quod
2241 1860 2308 1898 ex
2367 1845 2618 1914 partibus
2647 1853 2862 1900 constat
2910 1844 3163 1900 absolute
3213 1861 3335 1901 esse
3371 1855 3459 1900 to-

197 1906 413 1968 πάντως
437 1900 580 1958 εἷναί
601 1924 654 1958 τι
683 1907 902 1975 λέγεται
923 1909 1064 1974 ὅλον,
1092 1910 1169 1974 ὡς
1194 1913 1295 1965 κάν
1323 1915 1434 1976 τοῖς
1460 1913 1740 1985 ἔμπροσθε

1910 1953 2000 1990 um
2029 1900 2256 1999 dicitur,
2284 1943 2344 1988 ut
2375 1936 2634 2004 superius
2667 1935 2878 1991 dictum
2908 1946 3016 2004 est,
3037 1939 3132 1994 sed
3159 1939 3306 2008 quod
3337 1955 3457 2008 per-

187 1996 417 2066 ιῖρητοο
474 1995 608 2094 ά)ἑᾶ
653 1998 750 2051 καὶ
782 1999 840 2050 τὸ
859 2039 873 2061 ,
915 2000 1102 2070 ἐντελῆ
1130 2001 1250 2055 τόδε
1278 2019 1330 2055 τι
1359 2003 1448 2056 τὸν
1474 2004 1604 2058 ἴδιον
1631 2005 1740 2076 ἔχει

1901 2029 2076 2080 rotam
2125 2031 2182 2078 et
2233 2025 2512 2094 propriam
2542 2025 2710 2082 habet
2759 2043 2914 2082 suam
2968 2030 3262 2092 rationem,
3297 2031 3454 2085 oad-

187 2086 379 2156 λόγον,
423 2082 468 2140 ὧ
494 2081 662 2144 οὗτοι.
695 2089 883 2153 Οὕτως
911 2092 1018 2163 γὰρ
1049 2092 1167 2146 ὅλον
1205 2095 1299 2147 καὶ
1329 2094 1391 2147 τὸ
1425 2097 1648 2166 σημεῖον
1681 2113 1740 2149 κ]

1900 2117 2127 2172 'ersarii.
2159 2115 2250 2171 Sic
2299 2116 2450 2170 enim
2493 2123 2668 2170 totum
2701 2131 2822 2172 esse
2856 2125 2913 2170 et
2962 2125 3132 2174 totam
3185 2118 3453 2174 unitatem

196 2180 292 2248 τὴν
329 2179 531 2250 μονάδα
567 2180 693 2253 ὃλην
726 2182 906 2252 φαμέν
931 2199 947 2216 ο
999 2186 1094 2237 καὶ
1146 2185 1247 2239 οὐκ
1295 2188 1361 2240 ὲκ
1403 2187 1584 2257 μερῶν
1613 2188 1749 2258 ίσμεε

1902 2207 2145 2272 [ἰοίηιιιε;
2200 2220 2380 2275 neque
2407 2220 2475 2260 ex
2492 2205 2744 2276 partibus
2776 2206 2880 2262 ista
2907 2207 3322 2278 «ignoscimus;
3345 2211 3455 2266 imo

115 2335 124 2342 Α
195 2271 339 2324 τάδε.
376 2272 498 2325 Ἔτι
549 2272 658 2342 μὴν
713 2273 835 2327 οὐδὲ
881 2275 1030 2328 πᾶσα
1068 2275 1260 2348 ὁλότης
1285 2278 1590 2350 ἐτεροειδὴς
1621 2297 1668 2332 πι

1904 2315 1982 2353 on
2021 2297 2203 2354 omnis
2253 2298 2492 2354 totalitas
2541 2297 2778 2355 diversa
2830 2301 3035 2370 speciei
3075 2311 3299 2357 constat
3340 2305 3457 2356 suis

185 2359 258 2413 τὰ
278 2361 483 2431 ἑαυτῆς
515 2360 630 2432 ἅμα
657 2362 1010 2435 Θεωρούμενα
1035 2364 1214 2420 πάντα
1241 2366 1404 2438 μέρη·
1431 2367 1486 2420 τί
1503 2369 1610 2438 γὰρ
1635 2369 1738 2422 πάν

1896 2389 2122 2444 ιονιίὺυε
2165 2387 2427 2442 omnibus
2473 2388 2638 2442 simul
2681 2387 3062 2444 consideratis.
3099 2389 3241 2446 Num
3297 2393 3449 2446 enim

183 2468 299 2516 τως
331 2454 426 2506 καὶ
456 2454 679 2524 σιδήρου
711 2457 828 2526 ἅμα
856 2458 884 2509 6
913 2457 1145 2529 μύδρος,
1185 2459 1218 2531 ἢ
1250 2459 1390 2530 πλὴν
1416 2459 1648 2532 αἵματος
1677 2461 1736 2516 κό

1897 2482 2004 2536 erri
2031 2489 2118 2536 est
2152 2480 2396 2534 totalitas
2438 2487 2497 2535 et
2549 2479 2691 2551 ignis
2739 2480 2901 2536 simul
2941 2480 3149 2536 ferrum
3187 2484 3450 2546 candens,

191 2543 318 2614 χλον
347 2545 440 2598 καὶ
465 2544 710 2615 σηρικῶν
740 2549 1000 2618 νημάτων
1029 2552 1064 2621 ἠ
1093 2551 1378 2622 άλουργίς;

1909 2579 1970 2625 ιιι
1997 2570 2218 2642 sanguis
2239 2569 2465 2625 conchae
2485 2576 2540 2624 et
2569 2543 2664 2625 illa
2685 2571 2862 2627 serica
2882 2571 3046 2626 simul
3069 2581 3154 2628 est
3177 2574 3457 2642 purpura?

801 2661 1050 2720 ΚΕΦΛΛ.
1089 2668 1163 2722 Δ’.

2503 2682 2655 2738 CAP.
2714 2683 2803 2738 ιν.

264 2752 324 2805 Ei
373 2753 439 2804 ὲκ
486 2751 669 2823 μερῶν
722 2753 800 2824 τῷ
839 2755 1016 2824 Ilath
1048 2758 1142 2810 καὶ
1172 2759 1452 2830 τῇκΜητρὶ
1481 2757 1764 2830 ὀμοούσιος

1935 2776 1991 2831 Si
2021 2791 2088 2830 ex
2119 2771 2368 2842 partibus
2402 2773 2548 2843 patri
2574 2781 2632 2828 et
2680 2774 2846 2829 matri
2880 2775 3080 2832 similis
3109 2777 3348 2832 essentia
3370 2787 3456 2832 est

185 2843 220 2910 ὴ
258 2845 558 2909 ὑπόστασις
586 2845 824 2915 Χριστοῦ
855 2847 923 2900 τὰ
953 2849 1094 2918 μέρη
1127 2850 1298 2919 αὐτῆς
1325 2850 1518 2914 ταῦτα,
1545 2851 1738 2906 ὲνούσιε

1906 2865 2220 2922 ihsistentia
2265 2863 2494 2928 Christi,
2535 2865 2618 2919 hae
2673 2865 2826 2920 illius
2891 2876 3082 2936 partes
3129 2869 3459 2925 essentiales

190 2939 358 3003 ἐστιν,
391 2935 425 3007 ἢ
457 2937 715 3003 άνούσια;
753 2938 897 2992 Ἀλλ’
925 2941 974 2992 εί
1007 2940 1107 3010 μὲν
1139 2941 1386 3006 ἀνούσια,
1424 2942 1540 3006 πῶς
1569 2941 1743 3012 όμοού·

1903 2967 2019 3022 unt,
2065 2967 2161 3012 aut
2195 2973 2343 3012 non:
2377 2956 2423 3010 si
2463 2971 2570 3011 non
2609 2967 2760 3021 sunt,
2786 2957 3067 3026 quomodo
3118 2960 3360 3014 essentia
3381 2960 3456 3014 si-

190 3043 281 3079 σια
329 3027 442 3089 τοῖς
483 3027 779 3092 ἐνουσίοιςς
833 3029 882 3080 εί
927 3027 983 3080 δὲ
1029 3029 1265 3096 ὲνούσια,
1300 3031 1416 3094 πῶς
1447 3031 1546 3084 οὑκ
1573 3032 1743 3092 οὐσίας

1900 3051 2025 3105 tiles
2080 3047 2167 3102 his
2209 3045 2308 3114 qui
2376 3055 2506 3100 sunt
2560 3047 3000 3102 essentiales?si
3071 3058 3260 3104 autem
3303 3058 3453 3114 sunt.

192 3117 336 3188 μέρη
367 3115 716 3188 καθέστηκες
774 3119 888 3171 Πᾶν
930 3118 1039 3188 γάρ
1083 3119 1248 3191 μέρος
1278 3121 1542 3184 ὲνουσίου,
1575 3121 1745 3174 οὐσίας

1904 3138 2148 3210 ,uomodo
2179 3150 2292 3190 non
2337 3135 2594 3190 essentiae
2623 3145 2814 3206 partes
2857 3138 3024 3192 sunt?
3079 3138 3214 3194 Nam
3274 3141 3457 3196 omnis

191 3211 356 3280 μέρος
408 3211 656 3281 κυρίως,
711 3211 804 3263 καὶ
851 3210 950 3280 οὐχ
996 3211 1370 3274 ὑποστάσεως,
1404 3211 1638 3283 ἐπείπερ
1665 3213 1744 3266 οὑι

1894 3210 1994 3284 iars
2021 3227 2165 3282 entis
2216 3225 2554 3288 essentialis,
2605 3226 2866 3280 essentiae
2897 3237 3142 3297 pars-est
3196 3231 3447 3300 proprie,

191 3302 253 3355 ικ
293 3301 402 3355 τῶν
427 3301 706 3372 οὑσιωδῶν
739 3303 773 3373 ἡ
817 3301 1134 3366 ὑπόστασις,
1170 3302 1246 3366 ὡς
1272 3303 1570 3367 ὑπόστασις
1598 3321 1740 3374 χαρα

1902 3333 2050 3388 reque
2077 3315 2480 3378 subsistentia»,
2507 3315 2639 3372 dum
2671 3332 2784 3371 non
2807 3332 2877 3372 ex
2905 3317 3299 3375 essentialibus
3324 3320 3455 3375 sub-

189 3391 506 3462 κτηρὶζεται
539 3409 551 3422 ο
588 3391 703 3445 ἀλλ’
756 3393 850 3446 ἐπὶ
879 3392 978 3461 μὲν
1005 3391 1114 3445 τῶν
1139 3391 1465 3463 ἀνθρώπων,
1490 3395 1555 3448 ὲκ
1577 3393 1742 3447 λευκόη

1899 3407 2146 3472 istentia;
2190 3407 2372 3480 quoad
2409 3407 2791 3462 subsistentia:
2817 3409 3200 3465 characterem
3263 3420 3448 3474 tenet;

189 3492 370 3545 τητος,
405 3477 712 3546 σιμότητος,
743 3480 836 3531 καὶ
859 3479 968 3531 τῶν
990 3479 1272 3534 τοιούτων’
1309 3481 1402 3534 ἐπὶ
1420 3481 1476 3534 δὲ
1495 3483 1594 3552 τῆς
1616 3481 1742 3536 Θείαι

1904 3498 1964 3553 ed
2001 3499 2058 3553 in
2083 3477 2406 3553 hominibus
2446 3513 2516 3552 ex
2537 3497 2817 3562 albedine,
2851 3499 3189 3567 simosilate,
3229 3513 3286 3557 et
3332 3503 3457 3558 tali-

187 3567 394 3634 οὑσίας,
426 3568 534 3626 ἀπὸ
558 3569 765 3640 τρόπου
797 3569 1104 3642 ὑπάρξεως
1145 3570 1266 3624 καθ’
1295 3571 1356 3624 ὃν
1387 3573 1419 3640 ἡ
1451 3572 1548 3642 μὲν
1577 3589 1738 3643 γεννη

1903 3605 2007 3656 ιυε;
2043 3590 2099 3644 in
2130 3590 2319 3644 divina
2358 3597 2546 3645 autem
2581 3590 2827 3645 essentia
2853 3607 2921 3646 ex
2977 3593 3318 3649 exsislentire
3367 3611 3456 3650 ra-

187 3661 376 3726 τικῶς,
409 3663 442 3734 ἡ
470 3662 527 3715 δὲ
555 3664 996 3734 γεγεννημένως,
1031 3667 1063 3736 ἡ
1089 3665 1146 3719 δὲ
1172 3667 1605 3736 ὲκπορευτικῶς.
1643 3668 1740 3720 Πῶς

1896 3682 2042 3746 ione,
2073 3680 2384 3736 secundum
2415 3695 2579 3750 quam
2638 3688 2735 3734 aut
2781 3683 3025 3750 genitor.
3061 3691 3160 3736 aut
3209 3687 3449 3754 genitus.

189 3749 280 3806 οὖν
325 3754 418 3806 καὶ
449 3753 542 3807 δύο
569 3753 784 3818 τελείας
821 3755 1076 3822 λέγοντες
1109 3757 1208 3820 τὰς
1237 3758 1428 3822 οὐσίας
1449 3799 1465 3825 ,
1517 3759 1638 3812 ἐπεὶ
1667 3759 1742 3812 06:

1906 3781 1964 3825 ut
2003 3773 2310 3841 procedens
2341 3749 2447 3826 est;
2473 3769 2768 3838 Quomodo
2790 3749 2974 3842 igitur
3004 3773 3142 3828 duas
3185 3749 3455 3844 perfectas

187 3841 376 3904 οὐσίας
429 3844 571 3915 μέρη
618 3843 843 3912 λέγετε,
896 3845 972 3909 ὡς
1021 3849 1086 3899 ὲκ
1128 3847 1310 3918 μερῶν
1341 3865 1478 3917 φατε
1500 3849 1609 3919 τὴν
1637 3849 1740 3902 ὑπό

1899 3865 2064 3918 Licunt
2094 3864 2387 3929 essentias,
2418 3879 2546 3918 cum
2611 3879 2723 3918 non
2777 3865 3038 3920 essentiae
3087 3876 3274 3936 partes
3301 3883 3452 3922 assc-

189 3951 416 3999 στασινς
459 3937 568 3989 Καὶ
607 3936 747 4008 μέρη
776 3939 956 4007 φαμὲν
991 3939 1361 4005 ὑποστάσεως,
1394 3940 1470 4004 ὡς
1493 3942 1559 3996 ὲκ
1581 3941 1742 3997 πλειό

1902 3955 2010 4019 itis,
2048 3961 2110 4009 ut
2159 3969 2228 4008 ex
2263 3955 2518 4024 partibus
2559 3955 2976 4011 subsistentiam
3002 3957 3222 4013 dicitis?
3247 3968 3304 4014 et
3327 3973 3455 4028 pal-

187 4042 300 4078 νων
342 4023 509 4094 οὔσης
545 4025 768 4092 οὐσιῶν,
803 4025 902 4090 τὰς
930 4027 1114 4090 οὐσίας
1137 4068 1152 4094 ,
1203 4030 1298 4082 καὶ
1327 4029 1544 4082 ὲνούσια
1571 4030 1740 4084 ταῦτα

1902 4065 1953 4106 es
1981 4049 2221 4105 dicimus
2245 4023 2620 4106 subsistentiae
2651 4059 2912 4120 tanquam
2957 4050 3029 4105 sit
3055 4050 3147 4104 illa
3173 4065 3244 4104 ex
3277 4049 3455 4119 pluri-

185 4115 354 4188 ἤγουν
406 4115 596 4179 οὐσίας
619 4157 634 4182 ,
691 4116 928 4187 λέγομεν
967 4118 1060 4170 ἐπὶ
1088 4119 1350 4188 Χριστοῦ.
1391 4119 1515 4183 Πῶς
1549 4121 1604 4174 δὲ
1637 4122 1738 4190 ὑμῖ

1894 4157 1973 4196 ius
2003 4141 2281 4204 essentiis,
2305 4142 2574 4196 essentias
2607 4149 2665 4197 et
2717 4142 2834 4198 haec
2860 4141 3204 4204 essentialia,
3259 4139 3316 4194 id
3361 4147 3447 4194 est

189 4207 243 4262 εῐ
288 4224 340 4260 τι
375 4209 620 4261 ἐνούσιον
655 4209 883 4278 μερικον
917 4209 1234 4276 ἀναγκαίως
1261 4209 1428 4273 δοκεῖ,
1466 4211 1563 4265 καὶ
1599 4211 1742 4281 μέρο

1897 4234 2186 4300 :ssentias,
2245 4233 2486 4288 dicimus
2531 4235 2588 4288 in
2631 4233 2876 4289 Christo.
2923 4233 3213 4300 Quomodo
3262 4243 3450 4289 autem

186 4299 372 4362 οὐσίας
399 4301 544 4364 τινὸς
579 4302 708 4370 μιᾶς
739 4301 908 4372 μόνης
938 4300 1370 4372 καθεστηκέναι;
1402 4303 1514 4358 Καὶ
1535 4304 1644 4376 γὰρ
1665 4303 1739 4374 τῆς

1900 4324 2056 4389 νοῦἰε,
2095 4323 2307 4394 siquid
2373 4332 2460 4379 est
2517 4323 2842 4388 essentiale,
2908 4299 3164 4394 partibus
3195 4330 3453 4378 constare

187 4389 294 4441 τῶν
343 4389 658 4458 ἀλλοφύλων
708 4392 1089 4459 ὑποστάσεως,
1123 4395 1186 4448 οὑ
1221 4395 1351 4464 μιᾶς
1378 4395 1544 4466 μόνης
1576 4395 1740 4449 οὐσίαι

1901 4413 2194 4471 necessario
2218 4413 2465 4480 videtur,
2496 4422 2553 4468 et
2589 4429 2720 4484 pars
2756 4413 2924 4468 unius
2953 4420 3166 4467 tantum
3193 4413 3454 4468 essentia:

190 4477 286 4549 μέν
317 4480 424 4532 εἰσι
456 4481 526 4534 τά
559 4481 700 4552 μέρη
727 4525 742 4548 ,
779 4485 870 4537 καὶ
895 4485 1042 4554 ὅμως
1069 4484 1288 4538 ὲνούσιά
1312 4487 1429 4539 ἐστι
1449 4505 1462 4518 ο
1503 4487 1743 4540 πλειόνωτ

1907 4506 2034 4561 sse?
2056 4514 2114 4559 et
2139 4505 2286 4560 enim
2312 4505 2368 4558 in
2397 4515 2719 4560 caeterorum
2747 4505 3134 4568 subsistentia,
3182 4519 3292 4558 non
3337 4515 3455 4557 tan-

187 4569 296 4640 γὰρ
343 4570 453 4624 τῶν
503 4572 644 4625 κατὰ
683 4574 782 4644 τὴν
823 4575 1121 4629 ὑπόστασιν
1152 4576 1374 4643 οὐσιῶν,
1408 4577 1468 4630 τὸ
1499 4577 1664 4648 μέρος
1693 4579 1740 4631 τί

1900 4611 1988 4650 um
2020 4596 2186 4650 unius
2221 4594 2478 4655 essentia:
2508 4603 2638 4649 sunt
2668 4601 2878 4664 partes,
2901 4643 2911 4654 ,
2935 4605 2992 4649 ct
3032 4594 3200 4649 simul
3261 4608 3453 4648 essen-

191 4660 434 4713 ὲνούσιον
458 4701 474 4726 ,
527 4662 716 4716 οὐσίαν
775 4664 872 4734 μὲν
915 4663 1054 4720 εἶναι
1091 4667 1329 4731 πάντως,
1365 4669 1465 4720 οὐκ
1494 4668 1676 4730 οὐσίας
1703 4668 1744 4720 δὲ

1899 4689 2028 4741 iales
2053 4697 2202 4741 sunt.
2247 4686 2494 4741 Plut-ium
2541 4686 2690 4741 enim
2730 4686 2784 4739 in
2845 4685 3204 4740 subsistentia
3261 4697 3452 4740 essen-

191 4751 318 4820 μιᾶς
354 4750 519 4822 μέρος
549 4749 691 4806 εἶναι
717 4755 954 4826 ἀνάγκη.
992 4757 1116 4820 Πῶς
1138 4759 1194 4811 δὲ
1225 4758 1317 4812 καί
1343 4775 1501 4827 φατε,
1529 4759 1650 4812 ἐπεὶ
1675 4759 1744 4810 λέ

1998 4793 2092 4836 im.
2125 4793 2253 4848 pars
2284 4777 2620 4842 essentialis,
2646 4777 2890 4832 essentia
2918 4777 2990 4830 sit
3019 4775 3248 4830 omnino
3271 4791 3453 4844 neque
3549 4777 3551 4780 ⁴

189 4857 341 4908 γεται
395 4843 638 4896 ὲνούσιόν
683 4863 737 4898 τι
781 4846 980 4916 μέρος,
1019 4849 1114 4900 καὶ
1145 4849 1333 4912 οὐσίας
1361 4850 1508 4912 τινος
1539 4849 1742 4920 ἀριομιξ

1902 4843 2263 4920 εεεηιὶρε-ηοη
2309 4872 2523 4918 tantum
2579 4879 2708 4934 pars
2755 4878 2987 4919 necesse
3029 4872 3132 4918 est.
3165 4862 3453 4928 Quomodo

189 4935 314 5003 μιᾶς
347 4933 512 5004 μέρος
538 4929 703 5002 εἶναι,
739 4937 828 4991 διὰ
855 4939 975 4992 τόδε
1003 4941 1137 4994 αὐτὸ
1165 4943 1460 5010 ἀναγκαῖον
1484 4937 1645 5004 εἶναι,
1675 4941 1742 4994 ὅτι

1903 4963 2054 5010 utem
2107 4954 2314 5020 dicitis,
2366 4969 2490 5008 cum
2547 4953 2818 5008 asseritur
2875 4954 3170 5009 essentiale
3212 4953 3452 5024 aliquam

187 5023 427 5080 ἑνούσιον
473 5025 661 5090 ἁπλῶς
713 5027 971 5096 its-rarae;
1003 5032 1148 5100 ’Ἄρα
1175 5033 1284 5102 γάρ
1313 5033 1437 5086 ἐπεὶ
1469 5033 1564 5086 καὶ
1593 5031 1740 5103 μέρα

1901 5061 1988 5099 sse
2017 5053 2250 5116 partem,
2290 5053 2346 5098 et
2392 5044 2652 5098 essentia:
2709 5043 2946 5110 alicujus
2999 5057 3239 5097 numero
3281 5043 3450 5098 unius

185 5112 426 5185 ἔμψυχον
471 5119 564 5169 καὶ
603 5115 848 5170 ὲνούσ;ον
900 5121 928 5172 6
971 5119 1258 5190 ἄνθρωπος
1295 5121 1390 5174 τοῦ
1426 5123 1634 5193 κόσμου
1671 5123 1738 5175 λέι

1890 5143 2076 5190 nartem
2113 5151 2256 5201 esse,
2287 5135 2359 5190 ob
2394 5135 2500 5188 hoc
2532 5150 2654 5190 esse
2697 5135 3103 5199 necessarium,
3151 5141 3210 5188 ut
3251 5149 3443 5189 essen-

185 5223 335 5275 γεται
365 5205 504 5260 εῖναι
521 5249 536 5268 .
572 5209 672 5280 ἠδη
705 5211 800 5263 καὶ
827 5211 989 5282 μέρος
1013 5211 1194 5282 ψυχῆς
1217 5230 1364 5277 τινος
1389 5215 1738 5268 καθολικωτέ-

1892 5229 1994 5283 iale
2041 5228 2370 5297 simpliciter
2405 5226 2662 5285 dicatur?
2726 5225 3069 5292 Enimvero,
3127 5242 3254 5282 cum
3315 5239 3445 5295 pars

191 5314 286 5371 ρας
317 5301 644 5372 νοηοήσεται
669 5320 682 5334 ο
740 5303 838 5356 καὶ
883 5305 1003 5357 ἐπεὶ
1039 5306 1204 5376 μέρος
1231 5305 1326 5360 τοῦ
1355 5307 1526 5375 φυτοῦ
1556 5310 1589 5377 ἡ
1617 5309 1744 5360 oux-7

1890 5318 2054 5373 nandi
2079 5317 2336 5372 animalis
2381 5325 2438 5372 et
2468 5313 2786 5374 essentialis
2837 5317 3006 5372 homo
3039 5331 3162 5372 esse
3218 5315 3443 5379 dicitur,

187 5390 424 5454 ὲνούσιος
472 5391 640 5460 οὐσα,
691 5395 881 5460 οὐσίας
929 5397 1114 5462 ἁπλῶς
1158 5398 1253 5451 τοῦ
1293 5398 1462 5468 φυτοῦ
1506 5403 1634 5468 μιᾶς
1667 5403 1740 5452 ἐν·

1894 5425 1970 5464 am
1995 5423 2122 5479 pars
2150 5407 2385 5476 alicujus
2411 5407 2610 5462 anima:
2641 5406 2817 5478 magis
2847 5407 3177 5462 universalis
3223 5415 3447 5474 reputa-

189 5485 464 5556 υπάρκτου
497 5486 650 5540 ἔσται
684 5488 868 5560 μέρος.
923 5490 984 5544 Ei
1023 5489 1080 5542 δὲ
1124 5490 1186 5544 τὸ
1215 5495 1400 5563 σχῆμα
1429 5493 1528 5562 τῆς
1555 5493 1742 5560 λέξεως

1888 5502 2159 5565 titur;et,
2195 5513 2320 5552 cum
2355 5512 2485 5567 pars
2531 5498 2732 5568 plantae
2787 5499 2860 5553 sit
2924 5496 3062 5553 ﬁcus
3109 5493 3441 5555 essentialis,

186 5575 355 5632 πείθει
387 5578 449 5632 τὺ
474 5579 718 5634 ἐνούσιον
747 5581 938 5646 οὐσίας
973 5583 1138 5654 μέρος
1167 5579 1328 5643 εἶναι,
1350 5585 1472 5636 ἐπεὶ
1500 5585 1592 5637 καὶ
1616 5585 1739 5637 ἐντό

1885 5588 2116 5644 rssentiae
2157 5586 2488 5658 simpliciter
2543 5587 2710 5642 unius
2756 5587 2960 5657 planta:
2999 5586 3108 5640 erit
3157 5599 3305 5654 pars.
3344 5580 3438 5636 Sin

187 5668 304 5724 πιόν
349 5687 403 5726 τι
449 5673 666 5744 εἴρηται
712 5669 890 5743 εἶναι,
947 5675 1056 5748 ἄρα
1099 5677 1264 5751 μέρος
1295 5673 1628 5732 siveris-61:00
1655 5680 1740 5733 καῖ

1880 5691 2044 5736 mtem
2068 5678 2322 5736 vocabuli
2357 5679 2583 5736 habitus
2627 5680 2836 5735 ind'cat
2883 5675 3178 5734 essentiale
3219 5679 3433 5744 partem
