3932 6152
484 237 502 296 l
517 237 620 298 .339
1724 237 2034 303 LEONTII

2226 241 2481 302 \NTINI
3651 232 3779 292 ιῑυίο

477 359 601 400 esse
651 341 925 408 essentize,
987 358 1110 398 cum
1161 341 1372 412 aliquid
1423 341 1598 398 locale
1661 358 1782 400 esse
1835 343 2030 399 dicitur

2220 345 2281 398 ιδε
2304 347 2714 416 λογισθήσεταν
2751 343 2846 398 καὶ
2865 341 2988 396 ἐπεὶ
3011 340 3258 412 ὲνὺδριον
3277 337 3510 408 λέγεται
3535 355 3601 393 τι
3625 339 3773 408 ζῶῡν,

479 450 609 504 pars
634 451 766 506 ergo
800 435 907 490 loci
929 449 1050 490 esse
1068 435 1176 490 hoc
1197 434 1640 502 existimabitur;
1665 444 1722 490 et
1747 451 1872 490 cum
1895 451 2032 505 aqua

1716 451 1722 488 ;
1747 451 1872 490 cum
1895 451 2060 505 aqua-
2162 435 2270 508 ἄρα
2299 438 2396 490 καὶ
2429 437 2597 510 μέρος
2623 435 2778 490 ἔσται
2805 434 2867 488 τδ
2888 432 3028 498 ζῶον
3055 432 3269 495 ὓδατος.

483 525 652 580 ticum
684 525 889 581 dicitur
913 523 1136 596 aliquod
1167 524 1394 590 animal,
1447 539 1580 596 ergo
1621 539 1748 594 pars
1769 525 1876 580 erit
1903 539 2061 594 aquae

486 616 592 672 hoc
628 617 852 672 animal.
1625 615 1632 624 '

1149 729 1305 784 CAP.
1336 729 1397 783 ν.
2283 758 2289 764 -

2283 758 2289 764 -
2764 723 3016 777 ΚΕΦΑΛ.
3069 723 3146 778 E'.
3221 751 3227 760 -

556 821 612 874 Si
638 835 705 874 ex
747 827 902 889 parte
925 819 1176 890 ejusdem
1202 820 1460 876 essentia:
1491 828 1577 875 est
1602 834 1666 875 ac
1696 819 1880 886 Pater,
1903 827 1962 875 et
1994 850 1996 862 ‹

2234 817 2298 871 Εἰ
2330 817 2394 870 ὲκ
2423 817 2625 890 μέρους
2653 815 2944 887 ὀξιοοὺσιος
2976 815 3055 886 τῷ
3108 811 3306 884 Πατρὶ,
3336 815 3435 870 καὶ
3458 815 3530 872 ἐκ
3567 815 3771 890 μέρους

485 920 638 982 parte
651 910 1164 981 ejusdemessentize
1182 926 1246 966 ac
1269 911 1461 973 David,
1483 912 1842 968 subsistentia
1863 927 2031 966 secun

2222 909 2447 973 ιοοὺσιος
2468 909 2546 981 τῷ
2575 908 2757 974 Δαθὶδ,
2785 910 2818 978 ή
2855 908 2987 979 παρ’
3013 908 3142 980 ὑμῖν
3168 907 3498 976 ὑπόστασις,
3535 912 3680 965 εἰπὲ
3705 913 3775 964 τὰ

485 1003 618 1059 dum
641 1019 742 1058 vos
767 1003 976 1058 indicat
993 1003 1093 1058 has
1115 1015 1324 1073 partes,
1343 1019 1590 1074 perquas
1613 1004 1760 1059 Patri
1795 1017 1859 1058 ac
1871 1003 2038 1058 David

2218 1003 2308 1074 έρη
2361 1000 2554 1068 ταῦτα,
2594 999 2714 1054 καθ’
2749 999 2787 1054 ἃ
2838 1001 2934 1054 καὶ
2983 999 3062 1070 τῷ
3095 1000 3270 1071 Πατρὶ
3325 1001 3423 1054 καὶ
3469 1001 3560 1072 τῷ
3599 1004 3771 1056 Δαδξδ

485 1105 570 1152 est
599 1097 838 1152 essentia
855 1095 1074 1164 similis,
1103 1097 1250 1151 Deus
1266 1108 1350 1151 est
1366 1104 1421 1152 et
1447 1097 1634 1162 homo,
1655 1112 1722 1152 an
1738 1097 1890 1152 aliud
1907 1095 2038 1166 quid

2219 1111 2317 1148 πτιν
2340 1092 2603 1162 ὁμοοὺσια
2619 1107 2636 1126 ⁸
2655 1091 2786 1156 Osi;
2801 1093 2918 1145 ἐστι
2935 1094 3030 1146 καὶ
3055 1091 3364 1164 ἄνθρωπος,
3392 1093 3428 1164 ἢ
3454 1093 3662 1165 ἔτερόν
3685 1112 3772 1160 τις

489 1189 546 1244 Si
561 1203 690 1244 vero
706 1188 856 1242 aliud
878 1187 1034 1258 quid,
1071 1186 1162 1242 die
1177 1187 1309 1258 quid
1331 1190 1424 1243 sit.
1447 1187 1504 1242 Si
1527 1188 1672 1242 Deus
1701 1194 1858 1242 estet
1873 1187 2038 1242 homo

2223 1185 2318 1240 ιλλ’
2345 1187 2394 1239 εἰ
2427 1189 2524 1256 μὶν
2555 1184 2744 1256 ἔτερόν
2765 1199 2840 1250 τι,
2877 1185 3000 1238 εἰπὲ
3029 1185 3082 1238 τί
3106 1185 3264 1241 τοῦτο
3286 1200 3300 1216 ·
3333 1187 3384 1239 ει
3407 1186 3468 1240 δὲ
3507 1187 3661 1252 Θεδς
3677 1190 3776 1242 καὶ

489 1297 604 1334 non
638 1281 747 1334 erit
772 1281 938 1334 homo
969 1279 1182 1334 habens
1228 1279 1508 1350 propriam
1539 1279 1953 1335 subsistentiam
1985 1295 2042 1335 se

2224 1278 2474 1351 p09omoc,
2499 1278 2600 1332 οὑκ
2637 1277 2788 1332 ἔσται
2827 1278 2859 1331 ό
2887 1277 3180 1348 ἄνθρωπος
3213 1277 3356 1348 Exi-iv
3412 1278 3604 1349 ἰδικὴν
3636 1279 3777 1332 ὑπόο

493 1368 738 1424 cuudum
774 1367 968 1434 David,
995 1367 1085 1423 cui
1116 1367 1357 1423 essentia
1384 1369 1582 1424 similis
1615 1375 1720 1436 est;
1743 1369 1885 1424 sicut
1923 1369 2046 1424 Deu:

2226 1388 2362 1425 τασιν
2394 1369 2546 1441 παρὰ
2576 1368 2666 1423 τὸν
2695 1367 2882 1430 sane,
2928 1360 2972 1433 ᾧ
3015 1367 3167 1420 ἐστιν
3197 1369 3512 1438 όμοουσιοςο
3569 1367 3779 1440 ὥσπερ

381 1529 384 1533 η
498 1460 736 1515 Verbum
771 1461 936 1516 habet
971 1462 1257 1532 propriam
1281 1459 1700 1517 subsistentiam
1753 1477 1934 1517 secum

2226 1465 2265 1516 ti.
2301 1465 2329 1517 ὁ
2353 1462 2486 1526 Θεὸς
2507 1459 2678 1528 Λόγος
2707 1459 2822 1531 ἔχει
2877 1458 3053 1530 ιδικὴν
3097 1459 3397 1514 ὑπόστασιν
3453 1461 3622 1531 παρὰ
3675 1461 3779 1514 res

495 1553 739 1619 Patrem,
773 1554 862 1608 cui
896 1553 1142 1608 essentia
1171 1553 1370 1608 similis
1394 1563 1500 1610 est.
1525 1553 1906 1610 lnsubsistens
1919 1559 2048 1610 enin

2228 1553 2415 1624 ατέρα,
2439 1547 2485 1622 ᾧ
2506 1553 2656 1607 ἔστιν
2675 1551 2994 1622 ὀμοοὺσιοςο
3032 1551 3094 1606 τὸ
3126 1552 3236 1623 γὰρ
3275 1551 3665 1607 ἀνυπόστατον
3693 1553 3781 1624 τῷ

497 1645 822 1700 subsistenti
855 1645 1048 1700 eadem
1088 1645 1331 1700 essentia
1379 1645 1561 1701 simile
1593 1661 1878 1715 nunquam
1904 1645 2050 1715 {dice

2226 1644 2524 1716 νυποστάτῳ
2553 1642 2837 1714 ὁμοοὺσιόν
2869 1660 3004 1698 ποτε
3043 1643 3143 1696 οὑκ
3177 1642 3243 1698 ἂν
3271 1643 3515 1716 λεχθείη.
3551 1645 3629 1699 Εἰ
3652 1647 3779 1699 toi-

497 1744 611 1788 tur.
635 1733 692 1789 Si
721 1734 892 1806 igitur
926 1750 1034 1790 una
1067 1734 1428 1790 subsistentia
1459 1735 1647 1790 sitDei
1673 1735 1866 1800 Verbi,
1896 1744 1954 1792 et
1977 1735 2050 1790 ill:

2228 1755 2270 1791 ιν
2302 1737 2402 1808 μία
2433 1737 2737 1801 ὑπόστασις
2758 1735 2854 1790 τοῦ
2883 1735 3020 1791 Θεοῦ
3049 1737 3248 1806 Λόγου,
3281 1737 3376 1792 καὶ
3401 1737 3544 1808 αὕτη
3579 1739 3781 1792 taleis

495 1824 742 1894 perfecta
787 1833 846 1881 et
891 1825 1133 1882 essentia
1191 1827 1388 1883 similis
1437 1827 1608 1891 Patri,
1671 1828 1835 1882 homo
1875 1827 1973 1897 qui
2007 1844 2048 1882 e:

2228 1828 2271 1882 ιὶ
2295 1827 2582 1899 ὀμοοὺσιος
2628 1825 2708 1897 τῷ
2754 1826 2949 1896 "arpi,
2981 1827 3012 1880 ό
3063 1825 3124 1893 ἐξ
3150 1827 3309 1899 ἡμῶν
3359 1825 3679 1899 ἄνθρωπος,
3741 1827 3781 1897 ἢ

493 1917 660 1972 nobis
705 1925 820 1983 est,
869 1927 966 1973 aut
997 1919 1364 1974 insubsistens
1402 1919 1512 1973 erit
1563 1927 1622 1974 et
1651 1919 1708 1974 in
1755 1933 1910 1975 mero
1969 1935 2046 1974 vol

2331 1916 2549 1982 όστατός
2577 1917 2698 1970 ἐστι
2741 1917 2836 1969 καὶ
2868 1915 3032 1988 μέχρι
3061 1915 3228 1987 ψιλῆς
3255 1916 3355 1987 τῆς
3384 1916 3575 1986 φωνῆς
3609 1916 3780 1984 λεγό-
3875 1953 3884 1958 -

493 2006 700 2060 cabulo
755 2006 966 2074 dictus,
1025 2017 1122 2062 aut
1170 2008 1501 2072 subsistens,
1521 2015 1576 2064 et
1605 2009 1685 2064 sic
1707 2009 1920 2064 habens
1947 2023 2045 2080 per

2227 2027 2362 2075 ενος,
2393 2009 2427 2082 ἢ
2460 2010 2844 2074 ὲνυπόστατος,
2871 2009 2967 2063 καὶ
2993 2009 3159 2074 αὑτὸς
3183 2010 3399 2064 τελείαν
3453 2007 3603 2078 ἔχων
3664 2008 3780 2080 τὴν

494 2099 700 2154 lectam
731 2091 1175 2168 subsistentiam,
1213 2103 1395 2172 quoad
1427 2103 1594 2158 homo
1613 2114 1720 2160 est.
1749 2103 1848 2160 Sin
1890 2113 2047 2166 auten

2230 2102 2498 2164 σύστασιν,
2534 2099 2671 2154 καθὸ
2705 2099 3012 2172 ἄνθρωπος.
3039 2098 3182 2154 Ἀλλ’
3213 2102 3262 2154 sl
3311 2099 3412 2169 μὲν
3439 2099 3783 2154 ἀνυπόστα-

497 2191 892 2258 insubsistens,
953 2192 1297 2264 superﬂuum
1339 2203 1425 2250 est
1485 2193 1722 2250 similem
1748 2208 1872 2250 esse
1920 2195 2050 2248 illun

2227 2209 2288 2258 ις,
2323 2191 2574 2262 περιττὸν
2609 2191 2671 2244 τὸ
2701 2190 2988 2260 ὁμοοὺσιον
3021 2190 3186 2246 αὑτὸν
3236 2187 3378 2244 εῐναι
3430 2190 3511 2260 τῷ
3553 2191 3740 2244 Δαϐἰδ
3761 2208 3780 2222 ο

493 2284 739 2339 essentia
773 2284 999 2352 Davidi;
1029 2286 1168 2341 nihil
1201 2287 1350 2342 enim
1412 2287 1830 2344 insubsistentis
1887 2286 2044 2342 subsi

2315 2300 2333 2335 ν
2404 2281 2515 2353 γὰρ
2577 2282 2953 2336 ἀνυπόστατον
3015 2281 3366 2354 ὲνυποστάτῳ
3416 2280 3786 2351 καθέστηκεν
3861 2345 3868 2350 l

497 2373 666 2431 stenti
697 2386 879 2447 potest
907 2393 1032 2434 esse
1095 2380 1278 2434 simile
1330 2380 1593 2436 essentia.
1631 2379 1687 2435 Si
1731 2393 1868 2435 vero
1894 2377 2050 2434 subsi

2232 2371 2483 2426 ιοοὺσιον.
2512 2371 2576 2424 Ei
2599 2370 2658 2424 δὲ
2683 2372 3074 2438 ὲνυπόστατος,
3095 2372 3322 2434 δικαίως
3355 2371 3456 2442 μὲν
3475 2371 3785 2443 ὁμοοὺσιος

496 2477 671 2534 stens,
699 2467 854 2540 juste
885 2469 1125 2524 essentia
1155 2469 1352 2525 similis
1381 2470 1600 2526 dicetur
1657 2469 1892 2537 Davidi;
1949 2483 2049 2524 nan

2224 2461 2507 2533 εχθήσεται
2534 2459 2618 2532 τῷ
2647 2459 2812 2514 Δαϐἕδ
2830 2474 2845 2490 ⁸
2873 2460 3108 2516 καθόλου
3156 2461 3267 2532 7&9
3292 2460 3596 2522 ὑπόστασις
3625 2461 3777 2514 ὑπο-

496 2557 725 2611 omnino
745 2555 951 2612 dicitur
988 2559 1345 2615 subsistentia
1369 2557 1740 2615 subsistentia:
1765 2559 1962 2614 similis
1989 2575 2049 2616 es

2228 2555 2372 2608 τάσει
2429 2553 2647 2622 λέγεται
2702 2547 3021 2622 ὑμοοὺσιος·
3075 2553 3356 2624 οἰχήσεται
3382 2550 3442 2606 δὲ
3495 2550 3653 2622 ὑμῶν
3706 2551 3781 2603 τὸ

502 2649 802 2715 sentia;et
828 2650 1006 2706 abibit
1062 2652 1224 2707 vobis
1266 2648 1550 2723 sophisma
1606 2667 1719 2724 quo
1767 2652 1910 2708 duas
1947 2653 2055 2708 sub

2227 2647 2428 2716 5φισμα
2485 2645 2547 2698 τὸ
2579 2646 2654 2716 μὴ
2685 2643 2868 2714 λέγειν
2910 2644 3006 2700 δὺο
3045 2644 3374 2706 ὑποστάσεις
3423 2643 3780 2714 βουλομένων

499 2740 789 2797 sistentias
821 2741 1010 2798 dicere
1046 2743 1484 2809 nolentes,duas
1509 2751 1738 2799 naturas
1785 2743 1884 2799 Dei
1906 2743 2052 2800 γει-1]

2230 2741 2280 2804 ἃς
2305 2739 2402 2794 δύο
2437 2737 2628 2809 φύσεις
2655 2737 2752 2792 τοῦ
2779 2755 2840 2792 τε
2868 2737 3007 2793 Θεοῦ
3031 2737 3208 2808 Λόγου
3257 2737 3354 2790 καὶ
3380 2734 3478 2790 τοῦ
3515 2735 3581 2801 ἒξ
3603 2733 3783 2806 ἡμῶν

497 2839 553 2886 et
587 2831 828 2888 hominis
853 2847 922 2888 ex
951 2833 1113 2889 nobis
1137 2833 1363 2889 oriundi
1410 2833 1617 2890 dicitis.

1149 2833 1363 2889 oriundi
1410 2833 1617 2890 dicitis.
2181 2829 2473 2902 ἀνθρώπου
2502 2829 2702 2898 λέγειν.

573 2925 798 2986 Verum.
827 2940 861 2980 o
885 2927 1218 2992 adversarii,
1248 2927 1294 2983 si
1317 2927 1484 2983 detur
1527 2927 1698 2983 semel
1723 2927 1884 2983 istam
1909 2943 2075 2982 unam

2267 2921 2430 2988 Ἀλλ’,
2459 2915 2506 2976 ὧ
2538 2913 2708 2987 οὗτοι,
2739 2921 2788 2974 ει
2809 2919 2936 2988 δοθῇ
2963 2917 3116 2984 ἅπαξ
3137 2914 3278 2985 αὕτη
3304 2919 3336 2986 ἠ
3365 2917 3469 2987 μία
3521 2917 3785 2971 ὑπόστα-

501 3016 920 3074 subsistentiam
953 3020 1169 3075 naturis
1193 3019 1399 3090 quibus
1418 3027 1637 3075 constat
1675 3021 1849 3076 Deum
1875 3030 1934 3076 et
1963 3020 2054 3076 ho-

2230 3032 2268 3078 ις
2291 3015 2414 3078 ταῖς
2443 3013 2676 3083 φύσεσιν
2688 3009 2851 3082 αὑτῆς
2867 3008 2999 3072 Θεὸς
3023 3008 3120 3063 καὶ
3149 3006 3442 3077 ἄνθρωπος
3469 3004 3618 3062 εἶναι
3639 3009 3783 3063 καθ’

501 3109 706 3164 minem
769 3125 894 3166 esse
949 3111 1259 3168 secundum
1313 3127 1437 3178 nos,
1491 3113 1772 3182 quomodo
1813 3112 1922 3168 erit
1985 3127 2053 3182 pe

2233 3109 2362 3178 μᾶς,
2397 3105 2520 3170 πῶς
2552 3105 2706 3160 ἔσται
2735 3106 2764 3158 ὁ
2785 3099 2904 3157 κατ’
2934 3101 3100 3170 αὐτὴν
3145 3097 3430 3170 ἄνθρωπος
3454 3100 3558 3170 τὴν
3589 3101 3785 3170 φύσιν

504 3201 679 3270 ipsam
706 3211 963 3258 naturam
989 3204 1158 3260 homo
1191 3205 1403 3260 habens
1440 3207 1722 3276 propriam
1771 3205 2054 3262 subsisten

2228 3214 2330 3266 [ων
2367 3195 2504 3250 ἰδξαν
2534 3195 2856 3258 ὑπόστασιν,
2901 3191 2934 3263 ἢ
2977 3193 3008 3245 ό
3048 3189 3220 3252 θεόςς
3251 3189 3325 3242 Ob
3357 3187 3488 3257 γὰρ,
3517 3189 3580 3240 οὑ
3613 3189 3781 3254 Θεὸς

506 3292 660 3360 tiam,
709 3303 807 3350 aut
848 3293 1032 3350 Deus?
1060 3295 1180 3350 Non
1234 3295 1384 3351 enim
1407 3296 1574 3352 datus
1625 3305 1713 3352 est
1763 3297 1929 3354 nobis
1981 3297 2059 3352 ist:

2212 3287 2266 3341 ὒν
2303 3281 2461 3350 οὗτος
2487 3288 2517 3340 ὁ
2555 3285 2844 3354 ἄνθρωπος
2870 3281 3078 3336 δέδοται
3106 3281 3257 3350 ἡμῖν,
3295 3277 3332 3349 ἢ
3379 3278 3599 3346 λέγεται
3629 3278 3765 3331 πὼ-

503 3381 675 3436 homo
695 3384 789 3453 qui
817 3399 930 3438 non
963 3391 1110 3440 esset
1155 3385 1324 3452 Deus,
1353 3401 1541 3457 neque
1583 3403 1818 3458 usquam
1857 3387 2056 3442 dicitur

2225 3395 2344 3444 me,
2373 3379 2462 3433 ἵνα
2493 3379 2590 3432 καὶ
2616 3373 2910 3447 ἀνθρώπου
2935 3370 3234 3436 ὑπόστασις
3280 3373 3376 3425 καὶ
3411 3369 3546 3424 Θεοῦ
3583 3368 3778 3441 ζητῆ-

509 3472 588 3526 ita
619 3481 682 3526 ut
715 3472 956 3529 hominis
989 3483 1047 3530 et
1075 3475 1170 3530 Dei
1213 3475 1571 3532 subsistentia
1618 3487 1919 3552 queratur.
1945 3477 2062 3534 Eoo

2230 3488 2298 3526 ιι.
2340 3469 2472 3524 Ἰδοὺ
2495 3471 2606 3538 γὰρ
2649 3468 2736 3522 καὶ
2767 3467 2930 3537 ὑμεῖς
2977 3465 3168 3533 ἕψητε,
3197 3463 3273 3527 ὼς
3303 3462 3386 3517 Τὰ
3412 3461 3572 3552 ,μέρη
3595 3461 3783 3552 τῆσδε

503 3562 656 3617 enim
713 3579 815 3619 vos
872 3564 1113 3630 dixistis,
1165 3573 1430 3639 tanquam
1478 3551 1669 3638 partes
1708 3569 1821 3624 sint
1857 3569 2056 3640 hujuse

2229 3560 2288 3630 ῆς
2309 3559 2682 3621 ὑποστάσεως,
2711 3555 3002 3627 ἄνθρωπόν
3031 3569 3214 3624 φαμεν
3265 3553 3362 3607 καὶ
3393 3551 3560 3604 Θεόνο
3599 3551 3782 3622 μέρος

507 3653 906 3722 subsistentia,
940 3656 1224 3713 hominem
1255 3673 1359 3713 nos
1383 3657 1574 3715 dicere
1614 3668 1674 3714 et
1711 3661 1907 3715 Deum.
1954 3660 2060 3715 Par

2232 3651 2418 3706 εοὺδέν
2448 3653 2595 3704 ἐστιν
2625 3649 3056 3704 ἰδιοὺπόστατον.
3086 3643 3209 3709 Πῶς
3229 3640 3325 3698 οὖν
3351 3644 3558 3698 δοκεῖτε
3585 3644 3652 3696 ὲκ
3663 3644 3785 3696 τῶν

507 3751 695 3799 autem
744 3745 883 3799 nihil
940 3755 1026 3801 est
1090 3749 1316 3818 proprie
1367 3749 1760 3810 subsistentis;
1807 3749 2060 3820 quomod«

2230 3741 2474 3814 μετέρων
2497 3741 2648 3812 ἡμᾶς
2705 3738 3122 3808 συλὶνογὶζεσθαι
3163 3735 3504 3808 λημμάτων;
3540 3734 3783 3805 Εἰρηκύ·

507 3848 642 3905 ergo
660 3836 868 3904 putatis
891 3851 992 3892 nos
1021 3852 1091 3892 ex
1121 3839 1328 3894 nostris
1375 3841 1676 3910 propositis
1728 3841 2047 3896 ratiocinari

2233 3851 2278 3898 ες
2297 3833 2407 3905 7&9
2443 3833 2582 3905 μέρη
2611 3831 2776 3901 τῆσδε
2803 3831 2904 3902 τῆς
2931 3829 3285 3891 ὑποστάσεως
3299 3826 3531 3897 θεότητα
3547 3825 3646 3878 καὶ
3677 3826 3786 3880 ἀνι

509 3924 770 3980 Dicentes
818 3925 967 3980 enim
1032 3943 1136 3984 nos
1193 3944 1444 3984 asserere
1519 3941 1703 4000 partes
1752 3947 1875 3986 esse
1923 3933 2062 4003 buju

2227 3925 2522 3998 ρωπότητα
2560 3923 2742 3992 λέγειν
2783 3922 2956 3992 ἡμᾶς,
3004 3919 3125 3983 πῶς
3169 3917 3478 3980 ἀκολούθως
3504 3915 3777 3984 ὲπάγετε.

511 4015 884 4071 subsistentia
905 4015 1250 4074 divinitatem
1279 4027 1336 4073 et
1360 4019 1780 4088 humanitatem,
1808 4024 2064 4092 quomodt

2230 4017 2249 4070 5
2283 4014 2422 4069 ἰδίαν
2450 4013 2597 4086 ἔχειν
2636 4013 2748 4068 δεῖν
2780 4011 3078 4068 ὑπόστασιν
3123 4009 3413 4088 τδιμὲρος,
3465 4008 3638 4078 ἤγουν
3669 4007 3783 4075 τὴν

510 4117 922 4178 consequenter
946 4108 1189 4180 adjicitis
1210 4110 1494 4180 propriam
1531 4112 1736 4168 habeat
1769 4114 2063 4171 subsisten‘

2232 4101 2616 4172 νθρωπότητας
2667 4099 2819 4153 οὑδὶν
2845 4102 2954 4168 γὰρ
2983 4097 3148 4168 μέρος
3193 4098 3254 4150 ὲν
3310 4097 3435 4168 ὶδιᾳ,
3463 4094 3581 4149 ἀλλ’
3609 4097 3677 4148 ἐν
3708 4099 3785 4166 τῇ

507 4200 644 4253 tiam
688 4213 816 4270 pars
856 4213 1088 4256 necesse
1120 4213 1264 4268 esse,
1295 4200 1350 4256 id
1395 4210 1482 4258 est
1522 4202 1884 4260 humanitas?
1925 4204 2060 4260 Nulli

2236 4194 2282 4246 ὤ
2334 4193 2459 4247 ὂλου
2496 4190 2812 4255 ὑποστάσει,
2875 4187 3186 4259 θεωρεῖται.
3223 4187 3343 4240 Ἵνα
3373 4185 3432 4239 δὲ
3469 4185 3564 4239 καὶ
3594 4184 3789 4239 ταῦτα

511 4289 676 4345 modo
705 4291 852 4346 enim
884 4307 1015 4361 pars
1045 4291 1102 4347 in
1145 4307 1243 4348 sua
1272 4294 1497 4364 pr0pria
1527 4294 1626 4352 sed
1657 4295 1714 4349 in
1759 4295 1930 4351 totius
1951 4297 2064 4352 sub.

2237 4287 2324 4352 μῖν
2373 4283 2552 4355 ἀφεθῇ
2602 4282 2807 4342 πάντα.
2842 4282 2891 4334 si
2940 4281 3034 4334 καὶ
3063 4280 3282 4350 ἀνάγκη
3308 4277 3428 4334 τινὰ
3469 4277 3790 4332 ὑπόστασιν

511 4381 763 4437 sistentia
814 4381 1236 4450 consideratur;
1304 4383 1380 4439 ita
1423 4392 1486 4439 ut
1527 4383 1645 4440 hac
1683 4385 1870 4440 omnia
1927 4385 2064 4440 vobi:

2236 4374 2330 4430 ἶναι
2357 4375 2460 4446 τήν
2489 4391 2550 4430 τε
2583 4373 2663 4445 τῷ
2707 4372 2871 4427 Δασὶδ
2901 4369 3192 4443 ὁμοοὺσιον
3226 4368 3554 4440 λεγομένην,
3586 4368 3699 4439 τήν
3722 4385 3789 4421 τε

511 4471 915 4536 concedantur.
992 4473 1100 4528 etsi
1147 4489 1378 4531 necesse
1439 4475 1512 4532 sit
1575 4474 1817 4546 aliquam
1900 4475 2064 4532 subsit

2235 4467 2270 4540 ᾧ
2297 4467 2472 4538 Πατρὶ
2498 4467 2578 4539 τῷ
2611 4463 2961 4533 ὲνυποστάτῳ
2989 4463 3276 4532 ὁμοοὺσιον
3311 4457 3494 4526 οὖσαν,
3551 4459 3788 4522 πλειους

513 4564 771 4620 stentiam
813 4579 936 4620 esse
993 4565 1190 4621 Davidi
1243 4567 1484 4622 essentia
1546 4567 1786 4623 similem
1831 4568 2066 4624 dictam.

2233 4559 2522 4624 ποστάσεις
2549 4560 2608 4612 ἐν
2640 4555 2865 4630 Χριστῷ
2891 4553 3010 4618 πῶς
3059 4553 3285 4608 λεκτέον
3313 4550 3600 4618 ἑντεῦθεν;
3646 4551 3786 4606 usus

511 4666 570 4712 et
598 4657 748 4712 Patri
779 4656 1110 4713 subsistenti
1151 4656 1320 4712 etiam
1351 4657 1595 4714 essentia
1636 4659 1899 4724 similem,
1943 4673 2064 4728 quo

2237 4651 2306 4724 ὰρ
2339 4653 2398 4705 ὲν
2427 4650 2510 4704 ἑνὶ
2535 4649 2632 4704 καὶ
2663 4647 2744 4720 τῷ
2769 4645 2918 4718 αὑτῷ
2954 4645 3062 4716 ὅλῳ
3088 4643 3294 4714 ταύτην
3314 4641 3412 4712 τῆς
3458 4640 3790 4711 μεσιτευοὺ-

513 4749 680 4804 modo
714 4749 904 4820 plures
961 4763 1086 4804 esse
1139 4748 1530 4805 subsistentias
1601 4749 1658 4804 in
1704 4747 1932 4806 Christo
1959 4747 2066 4804 indi

2237 4764 2298 4817 ης
2353 4744 2477 4818 θείᾳ
2537 4743 2636 4798 καὶΙ
2691 4739 3012 4814 ἀνθρωπεία
3067 4737 3232 4808 φύσει
3287 4733 3648 4796 ὑποστάσεως
3691 4732 3790 4786 τοῦ

515 4839 1018 4895 dicendum?Eece
1053 4838 1203 4894 enim
1227 4839 1284 4894 in
1317 4854 1428 4894 uno
1468 4848 1527 4895 et
1554 4839 1750 4895 eodem
1793 4849 1910 4896 toto
1945 4840 2068 4895 hanc

2237 4837 2456 4910 ζριστοῦ,
2497 4831 2834 4905 ἑκατέρωθεν
2859 4830 2921 4886 τὸ
2945 4827 3235 4900 όμοοὺσιον
3257 4825 3428 4895 αὑτῆς
3448 4839 3462 4854 ·
3500 4822 3564 4876 οὑ
3617 4821 3790 4892 μόνον

515 4933 847 4988 sententiam
872 4931 1218 4987 intermediae
1252 4931 1496 4987 divinam
1523 4931 1669 4988 inter
1693 4941 1748 4988 et
1793 4933 2068 4988 humanan

2238 4927 2448 4990 Hebro,
2475 4925 2613 4981 ἀλλᾶ
2643 4925 2740 4978 καὶ
2770 4923 2834 4977 τὺ
2873 4919 3212 4993 ἑτεροοὺσιον
3261 4917 3398 4986 πρὸς
3442 4913 3512 4968 τὰ
3539 4913 3791 4984 ἑκάτερα

517 5033 776 5077 naturam
829 5023 1210 5080 subsistentia:
1243 5023 1473 5090 Christi,
1537 5023 1803 5094 utrinque
1833 5024 2070 5080 identita

2236 5017 2313 5090 ῐδη
2341 5018 2512 5086 αὐτῆς
2525 5017 2660 5088 όρᾷν
2681 5015 2796 5069 ἔστι
2812 5013 2954 5069 κατὰ
2977 5013 3203 5082 θάτερον
3214 5009 3374 5076 λόγον
3397 5005 3487 5058 τὸν
3511 5005 3572 5056 ὲν
3593 5005 3746 5074 αὐτῇ
3773 5020 3789 5035 ο

520 5121 632 5167 tem
661 5113 916 5168 essentia
946 5114 1242 5172 sumentis.
1273 5113 1396 5168 Non
1446 5114 1627 5168 solum
1681 5120 1868 5168 autem
1915 5113 2073 5171 istud.

2244 5111 2292 5164 ai.
2319 5110 2380 5164 τὸ
2402 5107 2864 5180 ὲτεροὺπόστατον
2899 5105 2956 5159 δὲ
2987 5103 3182 5174 αὐτῆς.
3216 5101 3280 5154 τδ
3309 5097 3444 5170 πρὸς
3477 5095 3666 5149 πάντα
3721 5096 3797 5148 τὰ

519 5204 617 5260 sed
677 5204 935 5259 essentia:
977 5205 1360 5260 diversitatem
1420 5205 1604 5274 quoad
1637 5213 1932 5278 utramque
1973 5208 2072 5280 eju:

2245 5203 2334 5275 αρ’
2355 5202 2524 5272 αὐτὴν
2556 5199 2636 5273 τῷ
2671 5200 2754 5254 ἑνὶ
2774 5198 2871 5254 καὶ
2898 5196 2980 5268 τῷ
3005 5193 3156 5266 αὑτῷ
3191 5193 3300 5264 ὅλῳ
3327 5193 3426 5260 τῆς
3453 5188 3627 5280 αὐτῆς
3652 5189 3798 5242 ὐτο-

519 5295 766 5368 speciem
785 5295 974 5352 videre
996 5303 1082 5352 est
1125 5296 1428 5352 secundum
1461 5297 1786 5354 alterutram
1819 5278 2072 5357 rationein

2243 5295 2446 5358 τάσεως
2469 5293 2614 5364 λόγῳ
2645 5292 2774 5346 ἰδεῖν
2801 5289 2939 5344 ἔστι.
2969 5289 3084 5342 Οὑκ
3131 5285 3346 5354 ἀνάγκη
3391 5282 3524 5351 7&9,
3585 5278 3796 5347 ὥσπερ

520 5404 645 5462 quae
671 5397 757 5445 est
785 5389 840 5444 in
865 5389 958 5445 illa
979 5397 1036 5446 et
1063 5387 1441 5445 diversitatem
1465 5389 1611 5446 illius
1639 5391 1914 5463 essentia,
1946 5408 2073 5464 quor

2251 5385 2484 5453 οὑλεσθε,
2515 5385 2698 5456 λέγειν
2727 5383 2871 5439 κατὰ
2895 5381 3072 5436 πᾶσαν
3104 5377 3204 5448 τὴν
3231 5375 3368 5446 πρὸς
3414 5371 3612 5443 ἑτέραν
3651 5370 3804 5464 ὑπος-

523 5461 593 5536 ad
625 5479 812 5536 omnia
836 5480 907 5536 ad
938 5479 1088 5536 illam
1123 5479 1462 5552 pertinentia
1483 5495 1594 5536 una
1633 5461 1718 5536 et
1743 5481 1935 5537 eadem
1964 5461 2076 5538 tot:

2254 5496 2397 5534 ιασιν
2429 5477 2696 5551 διαφορὰν
2720 5474 2953 5544 οὑσιώδη
2981 5473 3128 5536 τινὸς
3159 5466 3546 5528 ὑποστάσεως·
3582 5464 3685 5517 καὶ
3703 5461 3807 5516 ἄλο

522 5571 774 5644 ejusdem
811 5571 1186 5628 subsistentia
1233 5570 1448 5626 ratione
1482 5571 1662 5628 videri
1726 5581 1929 5642 potest.
1975 5571 2075 5628 Non

2248 5588 2305 5642 ην
2336 5571 2632 5626 ὑπόστασιν
2653 5569 2860 5640 ἑκάστῃ
2897 5565 3006 5620 τῶν
3047 5559 3414 5632 διαφερόντων
3461 5554 3640 5624 αὑτῆς
3677 5556 3801 5607 εἰσ-

525 5674 611 5720 est
639 5664 786 5721 enim
826 5664 1225 5733 necessarium,
1259 5671 1321 5718 ut
1351 5662 1539 5731 vultis,
1575 5663 1761 5720 dicere
1793 5663 2078 5720 Secunduu

2250 5661 2436 5728 τεσθαι
2465 5661 2682 5716 οὐσιῶν.
2708 5657 2942 5713 Δυνατδν
2974 5655 3084 5721 γὰρ
3111 5653 3172 5706 ἓν
3192 5669 3244 5706 τι
3268 5650 3364 5705 καὶ
3389 5648 3453 5703 τδ
3476 5648 3610 5702 aia-.6
3632 5662 3803 5716 ᾳνσιο
