3888 6168
458 228 595 293 1543

1693 215 2004 280 LEONTII
2045 216 2450 280 BYZANT‘INI

3653 209 3779 277 ιδιι

459 357 634 411 ctum,
663 353 722 404 et
747 343 1050 402 oriundum
1069 360 1100 401 e
1123 342 1287 400 nobis
1309 338 1590 396 hominem
1612 336 1849 393 similem
1873 335 2024 391 nobis

2139 337 2292 399 ατοῦ,
2321 336 2382 390 ἐν
2435 336 2574 408 αὑτῇ
2631 333 2660 388 ὅ
2713 351 2774 389 τε
2818 333 2950 399 Θεδς
2993 334 3166 404 Λόγος
3228 332 3494 398 τέλειος,
3528 329 3644 386 καὶ
3669 333 3701 386 ό
3727 331 3778 397 ἐξ

450 437 758 510 perfectum
805 435 1110 492 secundum
1179 441 1432 486 naturam
1481 425 1744 500 agnosci,
1809 425 2029 480 duabus

455 530 606 585 illius
643 527 1052 584 exsistentibus
1077 517 1853 590 essentiis.ldeocomparatio
1884 517 2033 571 illius

453 616 829 672 subsistentia:
867 631 994 671 cum
1025 613 1249 669 Davidis
1270 610 1650 674 subsistentia,
1689 624 1799 663 non
1827 623 2028 664 secun-

451 707 584 762 dum
622 706 1062 768 subsistentiam,
1088 704 1186 760 sed
1220 701 1526 759 secundum
1551 701 1850 756 essentiam
1875 700 2026 754 illam

451 797 726 852 diversam
753 798 1002 853 ostendit
1031 805 1089 852 et
1116 795 1377 859 similem,
1410 802 1575 864 prout
1624 793 1685 846 lit
1710 807 1836 846 eum
1871 791 2035 844 alter-

452 897 580 944 utra
608 891 842 944 duarum
867 899 1225 953 naturarum;
1277 884 1461 958 quoad
1503 893 1689 939 autem
1729 879 2037 937 subsisten-

451 982 845 1045 tiazrationem,
879 981 1108 1036 evidens
1133 979 1376 1034 estillam
1407 991 1626 1047 semper
1652 983 1710 1030 et
1753 971 2032 1028 communi

450 1088 730 1128 consensu
763 1073 913 1127 Patri
935 1081 998 1143 et
1027 1070 1223 1126 Davidi
1255 1068 1584 1124 dissimilem
1615 1063 2034 1135 comparatione

449 1161 853 1229 demonstrari;
883 1171 943 1215 ut
980 1175 1174 1214 omnes
1199 1175 1266 1214 ex
1309 1158 1570 1213 omnibus
1619 1145 1798 1210 omnis
1853 1153 2036 1209 subsi-

449 1253 654 1310 stentia
680 1256 736 1308 in
762 1268 863 1308 sua
918 1253 1130 1307 unitate
1171 1250 1486 1319 distinguit.
1529 1245 1738 1304 Christi
1777 1261 1911 1316 ergo
1937 1261 2036 1299 na-

451 1350 708 1398 turarum
735 1341 1115 1405 subsistentia,
1139 1341 1297 1395 illum
1328 1339 1570 1394 essentia
1613 1337 1941 1393 dissimilem
1978 1336 2034 1390 in

451 1442 630 1504 parte,
650 1441 706 1489 et
731 1433 976 1488 essentia
1005 1433 1243 1488 similem
1280 1430 1434 1485 hisce
1463 1429 1714 1484 OStendit
1757 1443 1911 1494 esse;
1951 1425 2036 1481 di-

451 1539 670 1580 versam
697 1534 879 1578 autem
907 1523 1283 1579 subsistentia:
1311 1523 1459 1578 circa
1489 1531 1663 1576 totum
1701 1522 1822 1591 ejus
1862 1521 2034 1574 ratio-

447 1632 578 1672 nem
605 1617 868 1672 omnibus
894 1617 1120 1671 cutibus
1143 1623 1389 1686 praestat.
1417 1612 1622 1667 Eadem
1644 1613 1796 1667 enim
1831 1620 1887 1664 et
1923 1625 2030 1664 una

450 1709 575 1780 ejus
619 1723 858 1779 persona
905 1707 1220 1762 subsistens
1247 1746 1262 1766 .
1323 1704 1757 1760 subsistentibus
1809 1701 2024 1757 duabus
2054 1707 2099 1767 Β

451 1799 706 1871 personis
731 1798 966 1854 similem
986 1797 1229 1854 essentia
1251 1795 1556 1852 secundum
1595 1794 1920 1850 alterutram
1944 1807 2029 1846 ra-

451 1889 684 1955 tionem,
730 1896 790 1945 et
843 1890 1088 1944 essentia
1127 1887 1454 1942 dissimilem
1503 1886 1660 1940 illum
1725 1884 2028 1953 praedicare

449 1986 655 2050 potest.
702 1978 1091 2034 Subsistentite
1148 1977 1318 2040 enim,
1351 1991 1463 2030 non
1500 1985 1586 2031 est
1637 1973 2026 2036 subsistentia,

450 2069 548 2126 sed
572 2078 634 2125 ut
660 2070 973 2126 essentialis
999 2068 1208 2124 dicitur
1235 2081 1355 2122 esse
1377 2066 1583 2137 quibus
1608 2064 1848 2121 essentia
1878 2065 2032 2120 simi-

430 2151 520 2217 lis
563 2168 658 2216 aut
689 2159 994 2227 absimilis;
1036 2174 1218 2230 neque
1243 2158 1314 2212 ita
1346 2158 1509 2212 nobis
1532 2172 1602 2211 ne
1639 2157 1778 2213 duas
1802 2163 2029 2211 naturas

450 2251 830 2314 ostendamus,
881 2253 1068 2306 unitas
1122 2247 1498 2304 subsistentia;
1540 2245 1808 2317 impedit;
1847 2261 2028 2316 neque

451 2358 521 2399 ne
556 2357 722 2397 unam
745 2341 1164 2397 subsistentiam
1189 2339 1462 2405 dicamus,
1489 2338 1677 2394 duitas
1703 2348 2026 2395 naturarum

449 2433 670 2499 obstat;
703 2448 886 2502 neque
914 2432 1288 2488 insubsistens
1315 2431 1622 2498 invenitur,
1646 2431 1797 2500 quod
1828 2431 1883 2485 in
1919 2447 2028 2486 una

451 2519 808 2575 subsistentia
842 2520 930 2574 his
973 2519 1068 2590 qui
1111 2519 1181 2574 ab
1212 2518 1310 2573 illo
1335 2517 1602 2572 diﬁerunt
1623 2525 1708 2571 est
1737 2519 1796 2573 in
1837 2532 2030 2572 essen-

451 2611 528 2665 tia
578 2609 780 2674 simile,
841 2609 938 2664 sed
966 2625 1079 2665 non
1132 2608 1449 2664 necessario
1490 2607 1790 2678 dupliciter
1846 2607 2028 2663 subsi-

443 2715 623 2767 stens,
645 2703 719 2759 ob
745 2703 1169 2759 similitudinem
1199 2701 1419 2757 duobus
1447 2700 1503 2754 in
1537 2702 1799 2766 essentia,
1825 2702 1873 2757 si
1914 2717 2025 2757 non

450 2797 767 2869 singulatim
802 2797 1042 2852 essentia
1094 2795 1275 2850 simile
1317 2803 1434 2858 est,
1483 2795 1594 2848 imo
1631 2794 1872 2850 essentia
1915 2794 2029 2851 dis-

449 2887 628 2944 simile
674 2896 761 2944 est
815 2888 982 2943 unius
1019 2895 1235 2942 natura:
1267 2895 1500 2950 tantum,
1527 2893 1622 2940 aut
1663 2902 1787 2941 cum
1838 2887 2026 2957 plures

449 2986 662 3034 natum
692 2979 804 3034 sint
843 2979 898 3034 in
945 2994 1202 3050 persona,
1265 2977 1561 3048 aequalium
1609 2995 1842 3036 numero
1895 2981 2026 3037 sub-

449 3069 834 3126 sistentiarum
877 3085 1018 3140 opus
1048 3078 1152 3125 est.

1107 3183 1261 3239 CAP.
1291 3185 1374 3240 Vl.

2052 3040 2096 3098 C

533 3275 810 3346 Rogamus
877 3275 1113 3342 iterum,
1161 3275 1465 3347 dijudicate
1525 3279 1674 3348 quod
1746 3278 2024 3346 diximus;

447 3365 616 3422 dicite
665 3366 798 3436 quid
851 3367 1216 3440 signiﬁcatum
1270 3369 1342 3424 sit
1391 3385 1424 3425 a
1461 3370 1620 3426 vobis
1688 3385 1787 3442 per
1832 3351 2028 3442 quam;

447 3471 556 3528 que
621 3466 878 3514 naturam
943 3459 1097 3514 illius
1173 3475 1340 3530 quem
1425 3463 1641 3518 vocatis
1726 3463 1898 3518 Deum
1975 3473 2032 3518 et

447 3547 759 3604 hominem:
793 3549 1078 3606 hominem
1127 3567 1249 3607 esse
1293 3560 1351 3608 et
1396 3553 1569 3608 Deum
1601 3553 1865 3618 Verbum,
1930 3562 2028 3610 aut

447 3640 754 3719 inogcnere
813 3641 1131 3709 hominem;
1179 3653 1427 3699 sanctam
1475 3645 1770 3710 Triadem,
1820 3655 1916 3700 aut
1965 3649 2024 3702 in

445 3745 651 3802 genere
702 3732 1016 3800 hominem;
1074 3734 1246 3789 Deum
1296 3735 1572 3799 Verbum,
1632 3743 1731 3790 aut
1780 3736 2021 3806 aliquem

446 3821 751 3888 hominem,
789 3835 1035 3880 sanetam
1075 3827 1376 3891 Triadem;
1413 3827 1509 3882 sed
1533 3827 1664 3896 quia
1720 3841 1831 3882 non
1855 3829 2024 3885 vultis

445 3910 704 3968 Triadem
747 3915 1060 3984 signiﬁcare
1109 3930 1209 3985 per
1274 3916 1577 3980 hominem,
1630 3931 1814 3986 neque
1871 3928 2024 3972 certe

444 4017 546 4074 per
570 4003 960 4073 particularem
1001 4005 1244 4076 aliquem
1269 4007 1550 4062 hominem
1601 4016 1792 4077 aperte
1837 4007 2024 4064 decla-

446 4095 610 4150 rastis
642 4095 886 4151 dicendo
918 4113 1090 4152 unum
1122 4112 1154 4152 e
1196 4110 1386 4153 sancta
1439 4097 1640 4155 Triade
1692 4100 2018 4156 cruciﬁxum

442 4195 498 4241 et
526 4202 769 4258 passum,
797 4199 1052 4260 superest
1081 4190 1249 4260 igitur
1270 4201 1328 4246 ut
1358 4191 1560 4248 dicatis
1587 4209 1657 4248 an
1687 4193 1858 4250 Deum
1880 4195 2020 4250 Ver-

443 4276 596 4340 bum,
627 4285 810 4332 utrum
841 4278 1122 4334 hominem
1158 4281 1212 4335 in
1237 4296 1438 4352 genere
1480 4291 1787 4352 sumptum,
1825 4291 2016 4340 utrum

2127 427 2288 499 ⁴Ιιμών
2352 426 2477 481 καθ’
2537 428 2684 499 ἡμᾶς
2737 425 3027 496 ἄνθρωπος
3091 425 3308 488 τέλειος
3370 423 3548 477 κατὰ
3615 419 3774 491 φύσιν

2130 521 2482 592 γινώσκεται,
2509 520 2604 575 δύο
2643 518 2753 573 τῶν
2776 519 2976 572 οὑσιών
3009 519 3180 589 αὑτῆς
3210 517 3434 571 οὑσῶν.
3481 515 3598 570 Διὸ
3657 515 3778 584 σύτ-

2131 628 2314 682 κρισις
2343 610 2550 681 ταύτης
2581 611 2718 680 πρὸς
2755 609 2853 680 τὴν
2889 609 3193 662 ὑπόστασιν
3233 606 3422 661 Δασὶδ
3462 605 3776 682 γινομένη⁹

2131 703 2193 757 οὑ
2229 701 2348 756 καθ’
2369 702 2688 764 ὑπόστασιν,
2721 700 2856 754 ἀλλὰ
2881 700 3004 754 κστ⁹
3046 699 3238 752 οὑσίαν
3269 699 3499 770 ἑτέραν
3535 713 3611 750 τε
3672 695 3770 748 65i-

2141 811 2334 848 κνυσιν
2361 793 2530 864 αὐτὴν
2560 793 2653 847 καὶ
2681 791 2894 862 ὁμοίαν,
2949 785 3090 844 κᾶτα
3119 789 3378 862 θατέρων
3438 787 3576 842 τῶν
3605 788 3773 858 αὑτῆς

2132 883 2371 954 φύσεων.
2401 883 2559 938 Κατὰ
2586 882 2642 936 δὲ
2696 883 2788 936 τόν
2815 882 2913 952 τῆς
2941 881 3301 945 ὑποστάσεως
3332 881 3549 949 λόγον,
3613 880 3771 950 δῆλον

2133 975 2210 1038 ώς
2253 974 2514 1044 καὶπρὸς
2564 973 2655 1027 τὸν
2691 971 2914 1045 Πατέρα
2958 973 3053 1026 καὶ
3116 972 3256 1044 πρὸς
3301 971 3406 1025 τὸν
3446 971 3647 1025 Δασὶδ
3687 971 3769 1024 ἀεὶ

2131 1065 2574 1136 ώμολογημὲνως
2595 1066 2854 1135 διάφορον
2873 1065 3042 1119 οὖσαν
3070 1063 3242 1135 αὑτὴν
3273 1064 3712 1118 ἀποδεξκνυσιν
3735 1065 3766 1133 ἠ

2137 1155 2452 1226 σύγκρισιςο
2485 1155 2676 1225 ὥσπερ
2703 1153 2800 1206 καὶ
2817 1153 3032 1216 πάντας
3066 1154 3129 1205 ὲκ
3160 1151 3390 1206 πάντων
3417 1154 3604 1205 πᾶσα
3637 1152 3766 1205 ὑπό-

2137 1265 2326 1310 στασις
2353 1251 2410 1299 ἐν
2436 1248 2500 1316 τῇ
2530 1247 2717 1316 μονάδι
2762 1244 2968 1315 ἑαυτῆς
2993 1245 3285 1316 διακρίνει.
3321 1245 3458 1298 Τῶν
3489 1240 3606 1298 οὖν
3633 1245 3767 1314 Χρι-

2139 1336 2265 1390 στοῦ
2294 1336 2512 1406 φύσεων
2536 1339 2568 1406 ὴ
2591 1335 2916 1401 ὑπόστασις,
2947 1337 3042 1388 καὶ
3069 1334 3436 1404 άνομοούσιον
3452 1335 3644 1388 αὑτὸν
3664 1335 3764 1389 ἀνὰ

2139 1429 2322 1500 μέρος,
2359 1429 2454 1482 καὶ
2483 1427 2771 1498 όμοούσιον
2824 1427 2961 1497 πρὸς
3001 1427 3131 1490 τοὺς
3175 1427 3432 1480 τοιούσδε
3466 1421 3632 1480 εῖναι
3661 1429 3764 1479 δεῖ·

2135 1535 2360 1574 κνυσιν·
2420 1519 2883 1590 ἑτεροὺπόστατον
2916 1519 2972 1572 δὲ
3014 1518 3117 1571 ἀνά
3136 1518 3229 1570 τδν
3283 1517 3413 1571 ὅλον
3441 1519 3636 1571 αὑτοῦ
3669 1519 3762 1572 ενα

2136 1611 2294 1680 λόγον
2310 1613 2442 1664 πᾶσι
2467 1613 2580 1674 τοῖς
2599 1607 2659 1664 οὗ
2669 1628 2720 1664 σι
2740 1611 3062 1682 παρίστησι.
3088 1611 3162 1663 Τὸ
3183 1609 3292 1681 γὰρ
3317 1609 3460 1663 αὑτὸ
3481 1610 3558 1663 ἓν
3585 1611 3764 1680 =96:-

2125 1720 2274 1757 ωπον
2313 1702 2478 1758 αὑτοῦ
2505 1703 2872 1756 ὲνυπόστατον
2895 1741 2912 1766 ,
2965 1704 3024 1756 ὲν
3055 1701 3388 1765 ὑποστάτοις
3424 1701 3534 1754 δύο
3579 1717 3761 1772 προσ-

2130 1794 2300 1858 ώποις
2335 1793 2621 1865 όμοούσιον
2651 1795 2790 1848 κατὰ
2808 1791 3039 1865 θάτερον
3069 1793 3247 1860 λόγον,
3267 1794 3360 1846 καὶ
3389 1795 3761 1864 ἑτεροοὺσιον

2131 1886 2294 1940 αὑτὸν
2326 1886 2694 1956 ἀπαγγέλλειν
2743 1884 2998 1940 δύναται·
3054 1886 3086 1956 ή
3119 1884 3427 1948 ὑπόστασις
3461 1889 3617 1955 γὰρ,
3655 1886 3758 1956 οὐχ

2131 1977 2205 2038 ώς
2238 1977 2559 2043 ὑπόστασις,
2593 1977 2708 2032 ἀλλ’
2753 1977 2829 2040 ὡς
2864 1976 3106 2040 ὲνούσιος
3131 1977 3350 2045 λέγεται
3381 1971 3470 2039 οἷς
3513 1976 3757 2043 λέγεται

2109 2071 2414 2139 ,όμοούσιος
2445 2069 2859 2142 ῆὲτεροούσιος.
2897 2069 3007 2124 Καὶ
3036 2067 3208 2131 οὑτως
3237 2068 3392 2121 οὐδὲν
3423 2069 3576 2137 ἡμῖν
3605 2069 3754 2139 πρός

2131 2179 2188 2215 τε
2239 2161 2300 2214 τὸ
2327 2163 2423 2226 τὰς
2465 2161 2558 2216 δύο
2605 2160 2796 2231 φύσεις
2838 2158 3106 2214 δεικνύειν
3168 2159 3230 2212 τὸ
3299 2159 3613 2239 μοναδικόν
3649 2164 3750 2231 τῆς

2131 2251 2478 2314 ὑποστάσεως
2510 2251 2878 2324 παρεμποδὼν
2905 2252 3150 2321 γέγονεν’
3177 2251 3298 2304 οὐδὲ
3321 2251 3462 2320 πρὸς
3511 2253 3584 2304 τὸ
3613 2253 3751 2322 μίαν

2130 2341 2310 2410 λέγειν
2328 2343 2425 2415 τὴν
2439 2343 2756 2407 ὑπόστασιν,
2769 2343 2830 2394 τὸ
2847 2341 3098 2396 δυαδικδν
3114 2340 3222 2394 τῶν
3240 2339 3464 2410 φύσεων
3479 2341 3740 2413 ὀχληρὸν

2131 2431 2468 2504 καθέστηκεν
2497 2449 2511 2464 ο
2569 2433 2691 2486 οὑδὲ
2745 2432 3116 2486 ἀνυπόστατόν
3144 2447 3197 2486 τι
3248 2431 3382 2501 ἔχει,
3435 2432 3502 2484 τὸ
3541 2435 3608 2485 ἐν
3639 2435 3746 2504 μιᾷ

2132 2523 2426 2580 ὑποστάσει
2476 2524 2643 2580 αὑτοῦ
2685 2524 2966 2596 διαφόροις
3009 2525 3322 2594 ὁμοούσιον·
3373 2523 3496 2577 ἀλλ’
3534 2525 3646 2578 οὑκ
3681 2525 3744 2591 ἐξ

2129 2618 2378 2688 ἀνάγκης
2425 2616 2842 2683 δισυπόστατον,
2887 2617 2974 2671 διά
3017 2615 3079 2670 τὸ
3116 2615 3211 2670 δύο
3252 2615 3393 2670 τισὶν
3431 2616 3741 2686 ὑμοοὺσιον

2129 2709 2287 2775 εἶναι,
2339 2710 2497 2782 εἴπερ
2551 2712 2626 2782 μὴ
2673 2710 2794 2764 καθ’
2843 2709 3070 2764 ἕκαστον
3119 2707 3430 2780 όμοούσιον,
3491 2711 3602 2765 καὶ
3656 2712 3740 2766 ἔτι

2131 2799 2333 2871 μᾶλλον
2359 2799 2692 2870 ἑτεροούσιον
2723 2801 2854 2870 μιᾶς
2887 2798 3100 2867 φύσεως
3133 2798 3322 2868 μόνης,
3376 2797 3415 2870 ἢ
3459 2803 3741 2855 π’·ειόνων

2129 2889 2343 2958 φύσεων
2367 2889 2542 2943 οὑσῶν
2570 2889 2648 2961 τῷ
2681 2888 2980 2960 προσώπῳ,
3013 2889 3320 2962 ἰσαρίθμων
3357 2889 3737 2946 ὑποστάσεων

2129 2981 2285 3052 χρεία
2317 2980 2486 3037 ἐστίν.

2734 3183 2984 3237 usam.
3028 3183 3120 3250 ς’.

2213 3274 2539 3345 Ἐρωτῶμεν
2571 3273 2754 3336 πάλιν,
2782 3273 3099 3344 διακρίνατε
3119 3274 3182 3328 τὸ
3213 3273 3516 3348 λεγόμενον
3549 3280 3687 3349 ἡμῖν
3712 3295 3726 3307 ·

2129 3365 2320 3420 εἴπατε
2353 3367 2404 3420 τί
2447 3367 2508 3420 τὸ
2567 3367 2970 3437 σημαινόμενον
3023 3365 3116 3436 ὑφ’
3176 3367 3332 3437 ὑμῶν
3369 3367 3440 3423 δι’
3486 3371 3735 3443 ἑκάστης

2129 3459 2344 3528 φύσεως
2362 3459 2456 3514 τοῦ
2484 3460 2615 3532 παρ’
2647 3459 2804 3532 ὑμῶν
2845 3459 3136 3530 λεγνμένου
3165 3459 3303 3515 Θεοῦ
3361 3462 3463 3516 καὶ

2129 3566 2265 3604 που’
2298 3551 2712 3623 ὃτιᾶνθρωπος,
2775 3555 2870 3608 καὶ
2896 3551 3027 3617 Θεὺς
3083 3551 3348 3626 Λόγος,ῆ
3399 3557 3430 3609 ό
3489 3557 3731 3612 καθόλου

2125 3642 2410 3714 ἄνθρωπος
2446 3650 2539 3696 καὶ
2563 3645 2598 3714 ἠ
2637 3643 2766 3714 ἁγία
2793 3643 2986 3716 Τριὰς,
3024 3643 3058 3715 ἢ
3093 3647 3122 3698 ό
3147 3645 3380 3699 καθόλου
3403 3645 3730 3718 ἄνθρωπος,

2125 3737 2221 3789 καὶ
2274 3737 2304 3788 ό
2345 3735 2479 3800 Θεὸς
2527 3737 2722 3806 Λόγος.
2773 3737 2806 3808 ἦ
2859 3737 2888 3792 ὅ
2911 3754 2992 3801 τις
3031 3737 3348 3808 ἄνθρωπος,
3381 3741 3481 3792 καὶ
3511 3745 3546 3810 ἡ
3583 3743 3724 3810 ἁγία

2125 3827 2317 3900 Τριάς.
2357 3829 2498 3882 Ἀλλ’
2519 3830 2602 3883 ὅτι
2623 3830 2832 3901 Τριάδα
2867 3831 2942 3902 μὴ
2991 3830 3254 3901 βούλεσθε
3287 3833 3591 3903 σημαίνειν
3623 3854 3726 3906 μισ

2124 3914 2192 3968 τά
2219 3912 2312 3968 τοῦ
2335 3916 2564 3970 καθόλου
2593 3917 2886 3988 λεγομένου
2913 3917 3232 3991 ἀνθρώπου.
3268 3919 3397 3975 οὑτε
3421 3921 3536 3993 μὴν
3575 3926 3718 3994 μετὰ

2122 4005 2218 4060 τοῦ
2254 4008 2423 4062 ίδικοῦ
2451 4020 2616 4075 τινος,
2660 4010 2912 4082 πρόδηλοι
2951 4010 3356 4082 καθεστήκατε,
3387 4014 3456 4067 ἐκ
3488 4015 3589 4068 τοῦ
3617 4016 3716 4068 ἕνα

2122 4099 2304 4168 λέγειν
2335 4102 2434 4172 τῆς
2461 4101 2624 4170 άγίας
2653 4103 2886 4174 Τριάδος
2911 4103 3003 4156 τὸν
3041 4107 3429 4177 σταυρωθέντα
3477 4109 3576 4161 καὶ
3611 4125 3724 4162 πε-

2121 4187 2306 4246 θόντα.
2366 4191 2739 4246 Λείπεταιοὺν
2782 4193 2960 4261 λέγειν
2994 4193 3140 4264 ὑμᾶς
3173 4195 3264 4248 τόν
3323 4195 3463 4250 Θεὸν
3514 4198 3718 4266 Λόγον,

2122 4277 2217 4332 καὶ
2253 4279 2286 4348 ἢ
2333 4278 2424 4332 τὸν
2463 4281 2694 4334 καθόλου
2753 4282 3047 4352 λεγόμενον
3091 4284 3404 4356 ἄνθρωπον,
3457 4287 3494 4360 ἦ
3543 4290 3721 4343 ίΞικόν

442 4369 833 4438 particularem
867 4371 1108 4440 aliquem
1137 4372 1420 4428 hominem
1475 4375 1657 4430 velitis
1708 4375 2021 4448 signiﬁcare

2125 4379 2240 4422 Ιτινα
2279 4369 2568 4442 ἄνθρωπον
2595 4372 2800 4442 λέγοιτε
2846 4374 3135 4446 σημαίνειν
3179 4376 3268 4430 διὰ
3293 4379 3394 4447 τῆς
3429 4381 3569 4449 μιᾶς
3611 4382 3720 4449 φύ-

441 4464 724 4532 pel’unam
755 4473 1010 4517 naturam
1043 4473 1101 4518 et
1123 4479 1230 4518 non
1273 4481 1494 4520 omnem
1555 4467 1859 4524 hominem.
1927 4469 2018 4523 Di-

438 4549 550 4605 cite
595 4549 765 4620 igitur
818 4551 876 4606 in
923 4567 1034 4621 quo
1082 4551 1302 4608 differat
1343 4555 1698 4624 particularis
1753 4557 1919 4612 homo
1945 4558 2017 4613 ab

439 4639 591 4695 omni
629 4640 888 4696 homine?
928 4642 1010 4696 An
1042 4644 1356 4708 evidenter,
1409 4645 1464 4700 in
1511 4647 1628 4701 sola
1653 4647 2015 4704 subsistentia

437 4739 496 4788 et
529 4733 804 4802 persona?
829 4731 1120 4798 Quomodo
1148 4749 1279 4804 ergo
1309 4750 1417 4789 non
1473 4735 1613 4790 duas
1650 4735 1838 4792 dicitis
1893 4754 2018 4808 per-

435 4837 604 4878 sonas
634 4831 689 4878 et
732 4825 1140 4886 subsistentias.
1193 4842 1319 4881 cum
1355 4827 1495 4882 duas
1545 4837 1776 4884 naturas
1830 4830 2017 4888 dicitis

435 4911 782 4984 designando
839 4917 1010 4971 Deum
1037 4917 1277 4972 Verbum
1307 4935 1478 4974 unum
1539 4921 1781 4991 aliquem
1831 4923 2015 4978 homi-

435 5002 604 5056 nem?
635 5001 730 5056 Sin
761 5013 945 5059 autem
981 5007 1035 5060 in
1054 5022 1255 5076 genere
1283 5008 1566 5066 hominem
1595 5012 1768 5067 vultis
1805 5011 2011 5079 dicere,

433 5101 534 5149 aut
559 5093 892 5164 cogitatione
929 5097 1135 5167 ﬁngitis
1181 5100 1360 5164 illum,
1421 5117 1587 5170 quem
1640 5104 1853 5159 ratione
1888 5119 2014 5175 spo-

434 5183 615 5239 liastis
645 5187 883 5240 essentia
910 5188 963 5241 in
1008 5189 1242 5258 singulis
1263 5199 1512 5260 sumpta,
1536 5201 1594 5246 et
1621 5192 2012 5264 imaginatione

429 5271 682 5328 statuitis
714 5271 893 5336 illum,
923 5290 1050 5330 cum
1069 5277 1259 5332 dicitis
1289 5277 1409 5334 sine
1437 5280 1685 5351 subjecta
1717 5281 1798 5338 illi
1820 5300 2014 5341 essen-

431 5365 511 5421 tia
535 5363 815 5419 hominem
858 5363 1062 5421 factum
1109 5381 1232 5423 esse
1275 5369 1482 5426 Deum:
1537 5383 1634 5428 aut
1671 5375 1887 5448 singula
1917 5379 2012 5434 illa

427 5455 617 5510 omnia
647 5453 974 5524 particulari
1009 5458 1062 5512 in
1101 5460 1426 5518 exsistentia
1451 5465 1734 5536 colligitis,
1769 5484 1894 5526 cum
1948 5469 2005 5525 in

429 5545 694 5602 omnibus
715 5543 1064 5606 incarnatum
1119 5568 1244 5610 esse
1277 5553 1494 5612 docetis
1529 5559 1706 5615 unum
1737 5577 1769 5617 e
1819 5569 2008 5618 sancta

2126 4478 2285 4524 σεως,
2313 4467 2408 4516 καὶ
2428 4464 2490 4517 οὑ
2521 4463 2700 4520 πάντα
2735 4465 3041 4535 ἄνθρωπον.
3073 4467 3280 4522 Εἴπατε
3309 4465 3426 4530 οὖν,
3459 4473 3574 4525 τίνι
3597 4473 3720 4526 δια-

2118 4551 2274 4623 φέρει
2321 4553 2488 4618 ἰδικδς
2529 4554 2814 4624 ἅνθρωπος
2861 4557 2956 4611 τοῦ
2993 4559 3196 4624 παντὸς
3248 4561 3585 4632 ἀνθρώπους
3648 4568 3720 4619 Ἦ

2117 4644 2413 4714 πρόδηλον,
2459 4647 2539 4701 ὅτι
2573 4654 2707 4720 μόνῃ
2743 4653 2807 4720 τῇ
2840 4651 3133 4706 ὑποστάσει
3156 4655 3253 4709 καὶ
3277 4655 3358 4726 τῷ
3388 4658 3716 4730 προσώπῳς

2119 4734 2241 4798 Πῶς
2269 4735 2362 4790 οὖν
2382 4738 2443 4790 οὑ
2493 4737 2587 4792 δύο
2629 4739 2766 4807 φατὲ
2814 4742 3083 4811 πρόσωπα
3114 4744 3211 4797 καὶ
3228 4745 3591 4814 ὑποστάσεις,
3621 4750 3719 4804 δύο

2117 4825 2310 4892 φύσεις
2334 4827 2581 4896 λέγοντες
2606 4831 2698 4882 ἐπὶ
2721 4833 2966 4903 σημασῐᾳ
2988 4832 3084 4886 τοῦ
3111 4835 3247 4888 Θεοῦ
3274 4837 3451 4904 Λόγου
3483 4841 3610 4906 ἑνός
3630 4859 3716 4894 τι-

2117 4933 2205 4980 νος
2235 4916 2560 4986 ἁνθρώπου;
2591 4921 2651 4974 El
2667 4921 2725 4974 δὲ
2755 4922 2841 4974 τὸν
2865 4923 3100 4978 καθόλου
3135 4925 3427 4998 ἄνθρωπον
3462 4929 3714 4984 ἐθέλοιτε

2115 5007 2312 5076 λέγειν,
2349 5009 2398 5080 ἢξ
2429 5009 2609 5080 ἐννοίᾳ
2643 5010 2952 5082 λαμϐάνετε
2997 5017 3192 5068 τοῦτον
3225 5016 3303 5087 τῷ
3336 5017 3485 5089 λόγῳ
3540 5020 3714 5074 αὑτὸν

2113 5099 2560 5172 ἀποματτόμενοι
2609 5102 2709 5172 τῆς
2758 5103 2949 5165 οὑσίας
2987 5105 3052 5156 ὲκ
3079 5103 3190 5157 τῶν
3238 5105 3580 5173 καθέκαστα,
3617 5111 3711 5162 καὶ
3764 5153 3776 5160 .

2112 5193 2294 5261 νοήσει
2330 5193 2650 5264 κατέχοντες
2683 5195 2870 5260 αὑτὸν,
2893 5196 3020 5250 ἄνευ
3069 5197 3168 5266 τῆς
3198 5197 3580 5270 ὑποκειμένης
3617 5205 3712 5255 οὑ-

2115 5284 2234 5346 σίας
2279 5284 2454 5356 τούτῳ
2507 5287 2758 5354 λέγοντες
2802 5289 3290 5360 ὲνηνθρωπηκέναι
3343 5291 3438 5344 τὸν
3476 5292 3648 5348 Θεόν·
3677 5294 3712 5362 ἦ

2112 5376 2250 5428 αὐτὰ
2281 5377 2458 5430 πάντα
2483 5379 2889 5434 τὰκαθέκαστα
2928 5379 3164 5450 ὑπάρξει
3205 5381 3316 5454 ἰδίᾳ
3347 5385 3709 5452 συνάγοντες.

2111 5466 2272 5520 ὁπότε
2308 5469 2444 5522 αὑτὸ
2475 5473 2609 5525 πᾶσι
2661 5471 3039 5544 σεσαρκῶσθαι
3067 5472 3433 5542 δογματίζετι
3486 5475 3579 5530 τὸν
3613 5477 3711 5530 ἕνα

2110 5559 2206 5626 τῆς
2242 5559 2494 5633 Τριάδος.
2529 5562 2670 5616 Ἀλλ’
2707 5565 2757 5617 εί
2791 5563 2890 5634 μὲν
2919 5563 2978 5620 τὸ
3035 5564 3280 5636 πρῶτον.
3317 5565 3438 5631 πῶς
3473 5568 3541 5622 οὗ
3575 5567 3712 5640 ψιλῇ

425 5637 648 5729 “inde.
682 5636 905 5710 Verum,
929 5643 973 5697 si
1015 5645 1192 5716 prius,
1227 5650 1508 5720 quomodo
1535 5668 1644 5708 non
1675 5669 1824 5710 mera
1874 5655 2006 5710 ima-

2125 5656 2175 5724 τῇ
2223 5653 2419 5727 ἐννοίᾳ,
2460 5657 2549 5710 καὶ
2600 5657 2698 5726 οὑχ
2741 5656 2970 5728 ὑπάρξει
3003 5655 3276 5724 οὑσιώδει,
3317 5659 3512 5731 λέγετε
3543 5636 3712 5735 τέτεέ
