3932 6152
337 197 474 264 1545

1287 187 1680 248 ADVERSUS
1717 184 2268 246 NESTORIANOS.
2292 210 2360 218 -
2385 181 2533 245 LIB.
2577 180 2660 242 Π.

3444 173 3580 241 1546

261 370 274 392 ι
328 309 523 379 νῆσθαι
550 305 649 375 τὴν
673 299 1086 374 ὶνανθρώπησιν
1109 297 1205 351 τοῦ
1245 298 1452 369 Κυρίου
1475 314 1490 362 ;
1528 300 1576 351 εί
1604 297 1662 352 δὲ
1686 297 1748 351 τὸ
1783 297 1909 352 δεύ-

2030 295 2294 366 ;inatione
2320 309 2504 366 neque
2525 291 2846 350 exsistentia
2873 289 3157 348 essentiali
3181 287 3366 346 dicitis
3381 289 3583 346 iactam

327 417 505 471 τερον.
537 397 653 459 πῶς
692 395 792 449 οῦκ
818 394 970 447 ἔσται
1018 389 1457 461 ὲνηνθρωπηκὼς
1495 392 1524 444 6
1572 390 1705 454 Θεδς
1734 391 1905 458 Λόγος

329 493 426 546 καὶ
446 489 669 546 ἀσεϐέσι
702 489 792 541 καὶ
827 484 1169 554 ἁμαρτωλοῖς
1203 481 1298 534 καὶ
1325 479 1786 552 προτελευτῆσασι
1813 481 1908 534 καὶ

331 581 608 650 scaphast;
641 576 984 648 ἀνθρώποις;
1010 576 1146 645 ὅπερ
1193 572 1411 636 ἀσεϐὲς,
1447 573 1667 639 καὶτῆς
1713 573 1742 620 ὑ
1769 571 1904 650 ist-£-

337 649 437 740 ρας
455 669 632 736 λέγειν
661 667 871 733 σοςίας.
907 665 968 716 Εἰ
999 663 1056 716 δὲ
1089 662 1261 725 ἄλλως
1293 661 1528 714 ἐθέλοιτε
1559 659 1620 712 τὸ
1667 649 1906 708 καθόλου

333 761 617 830 ἄνθρωπον
647 757 940 811 ὑποθέσθαι
977 754 1116 808 κατὰ
1143 756 1271 818 τοὺς
1313 750 1776 823 παρεισφέροντας
1811 750 1910 810 τὰς

333 851 627 921 λεγομένας
652 849 814 910 ἰδέας,
845 847 938 900 καὶ
968 845 1140 908 οὕτως
1191 845 1288 914 οὐχ
1312 843 1424 908 ἕξει
1466 841 1652 916 χώραν
1697 845 1731 914 η
1756 844 1912 894 ἐναν-

335 939 637 1012 θρὼπησις.
677 937 795 988 ’Ίνα
820 935 928 1005 γὰρ
960 935 1030 988 τὰ
1058 932 1221 989 λοιπὰ
1249 935 1506 1006 παρήσω,
1551 933 1711 1000 σῶμα
1755 931 1816 984 τὸ
1841 931 1905 982 ἐκ

333 1030 572 1100 Μαρίας,
599 1029 809 1082 ἐκείνου
826 1028 993 1098 μέρος
1012 1022 1152 1081 εἶναι
1175 1026 1354 1094 λέγειν
1375 1027 1550 1097 ὀρθῶς
1565 1027 1627 1080 οὐ
1653 1025 1876 1080 δυνατόν
1893 1041 1908 1056 ο

336 1121 452 1182 πῶς
482 1120 539 1173 δὲ
569 1121 629 1172 οὐ
653 1117 959 1188 φανήσεσθε
1009 1118 1381 1190 προδηλότατα
1411 1121 1478 1189 τῇ
1513 1119 1706 1189 Γραφῇ
1743 1117 1915 1186 μαχό-

341 1227 511 1280 μενοι,
561 1209 658 1263 ἕνα
704 1208 939 1278 ὲξὴμῶν
965 1209 1292 1279 διδασκοῦσῃ
1340 1204 1482 1262 εἶναι
1509 1207 1603 1261 τὸν
1633 1205 1914 1278 Κυριακὺν

337 1303 658 1372 ἄνῖδρωπονς
693 1320 711 1351 ι
741 1301 931 1364 Βίῆλος
962 1300 1091 1368 γὰρ,
1111 1301 1268 1370 φησὶ,
1294 1297 1754 1367 γενέσεωςἹησοῦ
1780 1297 1916 1366 Χρι-

339 1395 489 1459 στοῦ,
521 1393 638 1446 υἱοῦ
659 1393 842 1456 Δαϐὶδ,
875 1411 904 1444 υ
927 1393 1006 1446 ίοῦ
1033 1391 1310 1462 Ἀϐραάμ.
1346 1411 1364 1442 ι
1405 1391 1512 1444 Καὶ
1539 1388 1806 1460 πρόδηλον
1832 1388 1914 1440 ὃτι

340 1487 400 1552 ἐξ
431 1485 600 1540 Ἰούδα
623 1485 1032 1537 ἀνατέταλκενὸ
1057 1483 1280 1554 Κύριοςο
1311 1484 1402 1536 καὶ
1435 1501 1456 1533 ι
1484 1482 1586 1534 Τὸν
1606 1481 1771 1551 ἄνδρα
1791 1481 1916 1533 Μα-

343 1580 464 1651 ρίας
506 1577 565 1643 ἐξ
600 1573 666 1649 ἦς
700 1574 963 1645 ἐγεννήθη
1003 1574 1211 1645 Ἰησοῦς
1234 1576 1260 1627 6
1283 1573 1573 1644 λεγόμενος
1611 1571 1866 1642 Χριστὸς,
1890 1587 1909 1620 ι

2008 403 2133 443 esse
2169 387 2384 465 Domini
2422 383 2893 442 incarnationem?
2923 383 3008 438 sin
3030 390 3217 438 autem
3277 379 3580 453 posterius,

2007 479 2290 549 quomodo
2341 493 2451 533 non
2525 478 2636 534 erit
2680 480 3000 533 incarnatus
3037 476 3184 530 Deus
3233 473 3475 529 Verbum
3526 472 3583 528 in

2012 567 2216 638 impiis,
2253 568 2641 638 peccatoribus
2675 576 2732 622 et
2756 566 3054 638 praeteritis
3078 574 3135 620 et
3157 565 3360 620 futuris
3413 565 3586 618 homi-

2012 659 2381 730 nibus?quod
2409 659 2662 730 impium,
2692 669 2749 715 et
2789 669 2972 716 vestra
3025 658 3257 731 dignum
3292 658 3585 728 sapientia.

2010 748 2168 814 Quod
2204 751 2250 805 si
2280 750 2452 806 vultis
2478 752 2589 806 alio
2630 751 2795 804 modo
2826 750 3112 805 hominem
3152 749 3210 805 in
3242 763 3446 819 genere
3505 749 3590 804 in-

2013 841 2262 912 telligere
2285 844 2595 899 secundum
2623 843 2852 899 aliunde
2884 843 3230 898 introductas
3267 857 3406 912 quas
3449 840 3557 896 diri
3577 870 3591 880 ο

2015 935 2086 991 tis
2129 936 2356 1002 formas,
2403 937 2484 992 sic
2527 939 2714 994 locum
2750 953 2861 992 non
2900 937 3128 992 habebit
3152 935 3484 992 incarnatio.
3521 932 3593 989 Et

2013 1026 2160 1082 enim
2183 1038 2379 1084 cratera
2416 1039 2775 1099 prateream,
2823 1043 3024 1098 corpus
3090 1043 3122 1082 e
3173 1027 3342 1082 Maria
3373 1033 3586 1080 natum.

2017 1117 2180 1173 istius
2212 1128 2427 1188 partem
2459 1135 2582 1174 esse
2608 1135 2718 1174 non
2740 1127 2920 1190 potest
2954 1129 3101 1174 recte
3132 1117 3272 1183 dici;
3314 1115 3593 1188 quomodo

2016 1218 2198 1264 autem
2223 1225 2331 1264 non
2372 1209 2787 1267 evidentissima
2842 1209 3364 1265 demonstrabimini
3409 1208 3594 1278 impu-

2017 1309 2246 1372 gnantes
2261 1301 2562 1373 Scriptura:
2594 1318 2766 1358 unum
2791 1317 2823 1357 e
2848 1302 3008 1357 nobis
3035 1315 3157 1357 esse
3170 1301 3390 1355 docenti
3409 1300 3596 1356 Domi-
3695 1346 3702 1354 .

2019 1393 2202 1446 nicum
2233 1394 2547 1448 hominem?
2582 1413 2601 1444 ι
2623 1393 2790 1449 Liber
2827 1395 2998 1457 enim,
3040 1392 3196 1457 dicit,
3223 1391 3598 1462 generationis

2016 1485 2143 1540 Jesu
2167 1484 2394 1548 Christi,
2425 1486 2520 1540 filii
2541 1485 2734 1550 David,
2760 1485 2855 1540 ﬁlii
2884 1485 3194 1553 Abraham;
3227 1505 3246 1538 ι
3283 1493 3342 1541 et
3368 1484 3598 1540 evidens

2018 1587 2104 1633 est
2124 1578 2344 1633 exJuda
2377 1589 2561 1633 ortum
2592 1593 2714 1634 esse
2737 1577 3030 1632 Dominum
3051 1587 3198 1643 pet:
3223 1597 3240 1629 ι
3269 1576 3460 1633 Virum
3489 1578 3598 1634 Ma-

341 1673 456 1732 καὶ,
509 1690 527 1720 ι
555 1669 764 1738 Ἰησοῦν
790 1669 879 1720 τὸν
897 1665 1238 1737 Ναζωραῖον,
1265 1667 1433 1737 ἄνδρα
1467 1663 1916 1732 ἀποδεδειγμένον

2030 1667 2116 1723 ria:
2147 1667 2215 1722 de
2242 1683 2350 1738 qua
2380 1676 2543 1723 natus
2573 1677 2659 1724 est
2685 1667 2846 1725 Jesus
2868 1667 2962 1738 qui
2991 1677 3226 1724 vocatur
3253 1667 3534 1730 Christus,
3571 1687 3592 1718 ι

341 1761 448 1813 ἀπὸ
487 1759 619 1812 Θεοῦ
647 1761 724 1821 είς
749 1757 915 1826 ὑμᾶς,
941 1756 1201 1824 δυνάμεσι
1229 1755 1325 1809 καὶ
1341 1757 1530 1826 τέρασι
1557 1755 1650 1808 καὶ
1672 1753 1922 1824 σημείοις

339 1845 420 1914 οἷς
455 1851 677 1920 ἐποίησε
713 1849 778 1902 δι’
801 1849 964 1902 αὐτοῦ
981 1849 1010 1901 6
1029 1848 1162 1911 Θεὸς
1174 1849 1236 1900 ἐν
1255 1847 1404 1918 μέσῳ
1425 1845 1602 1916 ὑμῶν,
1622 1843 1801 1906 καθὼς
1829 1845 1924 1898 καὶ

343 1944 498 1996 αὐτοὶ
513 1945 712 1996 οἴδατε.

421 2055 441 2086 ι
477 2035 616 2098 Τοὺς
650 2033 752 2106 μὲν
801 2029 896 2087 οῦν
943 2032 1171 2104 χρόνους
1202 2031 1302 2102 τῆς
1329 2030 1553 2098 ἀγνοίας
1595 2029 1864 2102 ὑπεριδὼν
1893 2029 1924 2081 6

343 2125 496 2188 Θεὸς,
527 2124 696 2178 τανῦν
728 2124 1100 2194 παραγγέλλει
1132 2125 1245 2186 τοῖς
1274 2124 1409 2175 πᾶσι
1444 2121 1724 2192 πανταχοῦ
1759 2137 1926 2192 μετα-

347 2220 492 2270 νοεῖν
523 2234 538 2248 ο
567 2215 758 2268 καθότι
812 2215 1040 2281 ἔστησεν
1075 2213 1289 2284 ἡμέραν
1319 2213 1378 2264 ἄν
1469 2210 1660 2282 μέλλει
1713 2209 1925 2281 κρίνειν

343 2308 442 2378 τὴν
472 2288 802 2377 οἰκουμένην
829 2307 886 2359 ὲν
913 2304 1253 2376 δικαιοσύνῃ,
1283 2305 1342 2356 ἐν
1375 2303 1532 2374 ἀνδρὶ
1563 2296 1606 2370 ᾧ
1634 2301 1804 2372 ὥρισε
1839 2299 1928 2352 πί-

345 2416 461 2452 στιν
491 2398 788 2469 παρασχὼν
805 2399 992 2462 πᾶσιν,
1021 2397 1333 2465 ἀναστήσας
1356 2394 1522 2448 αὑτὸν
1542 2396 1608 2448 ἐκ
1631 2390 1864 2463 νεκρῶν·
1898 2408 1916 2441 ι

345 2493 463 2558 καὶ,
497 2490 743 2562 «Ὥσπερ
764 2489 830 2542 δι’
859 2488 977 2552 ἐνὸς
993 2487 1286 2558 ἀνθρώπου
1316 2490 1344 2540 6
1368 2485 1620 2546 θάνατος,
1637 2484 1808 2546 atto;
1835 2483 1928 2536 καὶ

343 2584 413 2637 δι’
453 2581 745 2652 ἀνθρώπου
807 2581 1108 2642 ἀνάστασις
1163 2579 1395 2651 νεκρῶν.
1448 2579 1660 2649 Ὥσπερ
1703 2577 1813 2647 γὰρ
1870 2577 1928 2627 έν

345 2671 424 2742 τῷ
466 2670 639 2741 Ἀδὰμ
670 2671 868 2733 πάντες
934 2668 1379 2740 ἀποθνήσκομεν,
1414 2667 1586 2730 οὕτως
1618 2667 1713 2720 καὶ
1762 2667 1820 2719 ὲν
1851 2664 1930 2736 τῷ

345 2761 569 2830 Χριστῷ
625 2761 827 2822 πάντες
881 2757 1439 2829 ζωοποιηθησόμεθα·
1485 2776 1504 2808 ι
1555 2757 1688 2820 καὶ,
1726 2775 1745 2808 ι
1781 2751 1930 2820 Εἷςὸ

347 2851 499 2914 Θεὸς,
541 2844 619 2912 εἷς
676 2849 904 2920 μεσίτης
951 2847 1088 2902 Θεοῦ
1119 2849 1216 2902 καὶ
1263 2846 1566 2918 ἀνθρώπων
1591 2887 1605 2912 ,
1638 2845 1929 2916 ἄνθρωπος

361 2939 568 3009 Ἰησοῦς
593 2954 606 2966 ·
649 2956 666 2988 ι
702 2938 818 3002 καὶ,
854 2957 874 2990 ι
919 2938 975 2990 '0
1002 2937 1060 2990 δὲ
1107 2937 1316 3008 Ἰησοῦς
1355 2939 1694 3008 προέκοπτεν
1735 2937 1926 3009 ἡλικία

2032 1768 2088 1812 ct
2115 1777 2128 1812 :
2157 1779 2175 1808 ε
2194 1759 2379 1815 Jesum
2403 1760 2767 1824 Nazarenum,
2795 1761 2975 1816 virum
3002 1760 3456 1816 manifestatuma
3485 1761 3599 1816 Deo

2036 1851 2090 1906 in
2136 1853 2314 1918 nobis,
2337 1853 2640 1908 virtutibus
2667 1863 2722 1908 et
2749 1853 3033 1908 miraculis
3045 1862 3104 1909 et
3125 1854 3296 1930 signis
3321 1870 3444 1924 qua:
3469 1853 3603 1910 fecit

2039 1959 2138 2013 per
2167 1945 2319 1999 illum
2355 1945 2500 2000 Deus
2530 1945 2584 1999 in
2609 1944 2796 2001 medio
2820 1946 3020 2009 nostri,
3051 1953 3114 2000 ut
3165 1945 3266 2016 ipsi
3313 1946 3485 2001 scitis.
3520 1965 3538 1996 ι

2103 2055 2121 2086 ι
2151 2037 2421 2108 Tempora
2490 2038 2662 2109 igitur
2716 2039 3042 2110 ignorantiae
3105 2039 3389 2111 negligens
3433 2041 3604 2104 Deus,

2025 2145 2176 2186 nunc
2231 2131 2530 2188 annuntiat
2585 2131 2846 2186 omnibus
2903 2131 3121 2202 ubique
3183 2131 3602 2202 pamitcntiam;

2028 2221 2152 2276 ideo
2187 2223 2372 2278 statuit
2433 2223 2580 2278 diem
2620 2223 2674 2277 iu
2708 2237 2820 2293 quo
2860 2222 3217 2293 iudicaturus
3269 2231 3356 2278 est
3409 2223 3604 2280 orbem

2032 2315 2088 2369 in
2119 2314 2358 2386 iustitia,
2383 2315 2438 2370 in
2466 2317 2586 2369 viro
2629 2315 2684 2370 in
2737 2331 2849 2385 quo
2892 2317 3106 2376 statuit.
3148 2309 3310 2369 ﬁdem
3354 2315 3606 2385 praebens

2026 2406 2311 2470 omnibus,
2345 2407 2622 2462 suscitans
2653 2407 2808 2462 illum
2833 2423 2862 2461 a
2889 2407 3124 2461 mortuis
3153 2407 3253 2471 o°';
3287 2426 3306 2458 ι
3329 2416 3384 2460 et
3413 2425 3426 2459 :
3462 2426 3479 2455 ‹
3515 2407 3610 2463 8‘-

2027 2503 2126 2550 cut
2158 2512 2256 2567 per
2295 2513 2465 2552 unum
2502 2497 2782 2551 hominem
2812 2511 2981 2562 mors,
3013 2497 3095 2552 sic
3120 2505 3178 2552 et
3205 2512 3304 2566 per
3329 2497 3608 2553 hominem

2029 2588 2370 2644 resurrectio
2430 2599 2803 2643 mortuorum.
2841 2587 2999 2644 Sicut
3021 2589 3169 2644 enim
3205 2589 3258 2644 in
3290 2589 3461 2644 Adam
3486 2605 3610 2646 om-

2029 2696 2128 2735 nes
2150 2680 2440 2744 morimur,
2477 2681 2550 2736 ita
2580 2688 2637 2738 et
2671 2681 2727 2736 in
2773 2681 3002 2736 Christo
3049 2697 3245 2738 omnes
3299 2681 3609 2738 viviﬁcabi-

2029 2789 2156 2828 mur
2179 2775 2238 2840 ’;
2271 2794 2288 2826 ο
2324 2782 2415 2830 et:
2457 2773 2654 2850 «Unus
2692 2773 2857 2837 Deus,
2923 2789 3069 2832 unus
3114 2774 3389 2830 mediator
3417 2777 3512 2832 Dei
3554 2787 3612 2830 ct

2032 2867 2341 2932 hominum,
2379 2867 2546 2921 homo
2569 2866 2733 2923 Jesus
2769 2868 2831 2933 ³;
2866 2886 2884 2918 ι
2921 2875 3017 2922 et:
3055 2866 3256 2924 «Iesus
3277 2878 3460 2924 autem
3482 2885 3614 2940 pro-

2033 2957 2254 3014 ficiebat
2285 2966 2447 3013 tetate
2483 2967 2540 3012 et
2570 2958 2840 3029 sapientia
2871 2967 2930 3014 et
2969 2959 3144 3030 gratia
3172 2959 3316 3030 apud
3353 2960 3524 3015 Deum
3556 2972 3614 3018 et

349 3032 444 3082 καὶ
481 3029 644 3100 σοφία
669 3031 765 3084 καὶ
788 3031 970 3101 χάριτι
991 3048 1066 3084 πα
1077 3033 1146 3099 ρὰ
1159 3030 1276 3100 Θεῷ
1301 3031 1396 3083 καὶ
1423 3029 1786 3098 ἀνθρὼποις’»
1811 3029 1923 3094 καὶ,

2043 3049 2300 3106 homines
2328 3050 2382 3116 ⁶;
2413 3069 2432 3102 ι
2465 3065 2554 3106 et:
2591 3069 2607 3101 ι
2630 3051 2773 3106 Puer
2788 3053 3072 3108 crescebat
3095 3061 3152 3107 et
3184 3052 3613 3110 cont‘ortabatur

357 3119 460 3173 ιΤδ
480 3121 692 3173 παιδίον
718 3117 916 3189 ηὕξανε
935 3120 1027 3172 καὶ
1047 3117 1402 3189 ἐκραταιοῦτο
1435 3119 1815 3189 πληρούμενον
1843 3135 1930 3170 σοο

353 3211 515 3280 φίας⁶
559 3212 650 3263 καὶ
675 3211 834 3278 χαρὶς
868 3207 1003 3261 Θεοῦ
1031 3205 1096 3279 ἦν
1138 3209 1226 3262 ἐπ’
1256 3208 1402 3278 αὐτῷ
1433 3225 1446 3238 ο
1490 3226 1509 3259 ι
1547 3207 1680 3274 καὶ,
1723 3227 1742 3260 ι
1782 3210 1927 3279 Προ-

354 3302 531 3370 φήτην
589 3301 718 3368 ὑμῖν
769 3299 1070 3366 ἀναστήσει
1097 3297 1303 3366 Κύριος
1331 3298 1360 3350 6
1381 3297 1515 3361 Θεὸς
1545 3296 1703 3368 ἡμῶν
1733 3300 1798 3352 ὲκ
1822 3297 1930 3351 τῶν

354 3391 602 3460 ἀδελφῶν
651 3389 807 3461 ὑμῶν
834 3389 909 3453 ὡς
944 3390 1045 3460 ἐμέ
1079 3407 1093 3422 ·
1142 3409 1161 3441 ι
1193 3389 1308 3453 καὶ,
1342 3407 1361 3442 t
1397 3389 1470 3444 Σὺ
1508 3391 1688 3462 ἱερεὺς
1720 3392 1802 3454 είς
1835 3392 1928 3444 τὸν

353 3485 527 3538 αἰῶνα
552 3483 698 3538 κατὰ
725 3483 826 3553 τὴν
853 3481 1008 3548 τάξιν
1039 3483 1394 3552 Μελχισεδέκ.
1431 3502 1450 3534 ι
1488 3478 1638 3554 Ἀρα
1665 3482 1759 3536 οὖν
1790 3483 1930 3537 πάν-

353 3593 423 3631 τα
460 3576 629 3637 ταῦτα
679 3578 772 3629 καὶ
819 3576 921 3629 ὅσα
981 3574 1206 3628 τοιαῦτα
1251 3576 1452 3646 ἄπειρα
1489 3575 1639 3642 ὄντα,
1681 3575 1831 3645 παρὰ
1860 3577 1926 3645 τῇ

356 3665 488 3736 ἁγίᾳ
519 3665 708 3736 Γραφῇ
741 3665 970 3718 δύνασθε
1008 3664 1189 3733 λέγειν
1217 3665 1347 3736 περὶ
1375 3666 1607 3720 ἑκάστου
1637 3663 1928 3737 ἀνθρώπου

355 3756 462 3808 τῶν
521 3755 860 3827 καθέκαστα-
885 3754 1138 3826 λελέχθαι
1167 3773 1181 3820 ;
1215 3756 1324 3808 Καὶ
1355 3755 1474 3820 πῶς
1496 3756 1723 3810 δυνατὸν
1752 3759 1930 3811 είπεῖν

365 3851 563 3910 πάντας
596 3847 921 3919 ἀν’)ρώπους
966 3851 1030 3903 ἐκ
1082 3848 1399 3921 σπέρματος
1449 3845 1590 3904 εἶναι
1634 3850 1927 3922 Ἀδραάμς

357 3945 452 3995 καί
474 3941 663 3996 τούτου
702 3943 761 3994 οὐ
790 3943 1016 4006 παντὸς,
1047 3943 1187 3998 ἀλλὰ
1216 3944 1392 4014 φυλῆς
1434 3942 1606 3996 Ἰούδα
1628 3959 1642 3973 ⁸
1677 3945 1770 3996 καὶ
1798 3944 1932 3996 ταῦ-

357 4048 457 4106 της
511 4033 608 4104 οὐχ
651 4033 802 4104 ὅλης,
835 4033 952 4087 ἀλλ’
983 4033 1044 4100 ἐξ
1073 4035 1226 4088 οίκου
1273 4035 1438 4089 Δαῦίδ
1474 4053 1488 4066 ’
1524 4038 1615 4088 καὶ
1653 4035 1844 4090 τούτου
1869 4037 1931 4091 οὗ

359 4125 582 4191 παντὸς,
612 4127 748 4179 ἀλλὰ
778 4126 998 4198 Μαρίας
1023 4127 1119 4197 τῆς
1153 4127 1429 4198 Παρθένου
1458 4145 1474 4195 ;
1507 4125 1660 4201 Ἀρα
1690 4131 1820 4192 ἴσως
1839 4125 1934 4183 οῦν

357 4219 561 4272 εἴποιτε
615 4217 680 4272 ἂν
724 4220 816 4271 καὶ
840 4218 934 4270 τὸν
987 4217 1243 4286 Καϊάφαν
1271 4220 1336 4272 ἐκ
1355 4220 1575 4290 Μαρίας
1603 4220 1932 4291 γεγενῆσθαι

353 4309 455 4380 τῆς
492 4311 770 4380 Παρθένου
799 4327 814 4375 ;
849 4312 942 4367 καὶ
969 4306 1122 4374 οὗτος
1147 4310 1256 4382 γὰρ
1286 4307 1366 4370 εἷς
1394 4315 1508 4365 ἐστι
1539 4311 1648 4366 τῶν
1695 4313 1932 4367 καθέκα-

358 4417 457 4454 στα
487 4401 809 4472 ἀνθρώπων.
843 4399 994 4474 ’Λρα
1018 4403 1128 4475 γὰρ
1157 4405 1250 4456 καὶ
1290 4405 1392 4474 τὴν
1443 4390 1684 4476 Μαρίαν,
1721 4406 1928 4477 ἄνθρω-
1965 4382 2004 4437 D

359 4507 462 4544 πον
502 4492 705 4543 εἴποιτε
737 4486 899 4554 εἷναι,
935 4493 968 4564 ἢ
1024 4495 1127 4546 οὐκ
1177 4491 1504 4566 ἄνθρωπονς
1553 4495 1694 4550 Ἀλλ’
1721 4497 1770 4548 εἰ
1829 4496 1930 4569 μὲν

355 4583 455 4636 οὐκ
512 4582 820 4652 ἄνθρωπον,
855 4583 1046 4637 εἴπατε
1090 4583 1143 4638 τί
1195 4584 1296 4655 τὴν
1328 4584 1520 4638 οὐσίαν
1555 4587 1792 4658 ὑπάρχει
1828 4603 1842 4618 '
1879 4590 1930 4643 εί

355 4671 412 4726 δὲ
453 4673 760 4745 ἄνθρωπον,
785 4675 880 4726 καὶ
913 4675 1025 4738 πῶς
1065 4675 1155 4729 τὸν
1185 4675 1419 4730 καθόλου
1468 4675 1754 4750 ἄνθρωπον
1784 4677 1926 4749 αῦτη

355 4765 676 4835 γεγέννηκε,
706 4763 905 4828 πολλὰς
969 4765 1068 4836 μὲν
1120 4767 1426 4840 ἀνθρώπων
1491 4769 1686 4837 γενεὰς
1731 4770 1930 4842 ἔχοντα

355 4855 462 4926 πρὸ
511 4853 706 4924 αὐτῆς,
737 4853 940 4918 πολλὰς
994 4855 1052 4909 δὲ
1107 4857 1202 4911 καὶ
1251 4861 1370 4928 μετ’
1397 4859 1676 4932 αὐτήνςῆ
1725 4863 1844 4925 πῶς
1869 4861 1930 4914 τὸ

354 4946 607 5009 καθόλου,
635 4947 690 5000 τὶ
716 4947 824 5000 τῶν
855 4946 1086 5002 καθόλου
1116 4955 1428 5022 γεννήσειεν
1455 4968 1471 5018 ;
1521 4953 1682 5007 Ἀλλὰ
1707 4954 1785 5026 μὴ
1818 4953 1928 5008 οὐδ’

354 5039 524 5111 ἄνδρα
550 5038 784 5093 δύνασθε
809 5039 907 5109 τὴν
935 5041 1229 5110 σύμπασαν
1259 5043 1422 5112 φύσιν
1449 5045 1738 5117 ὀνομάζειν
1765 5063 1780 5078 ο
1805 5045 1930 5100 ἐπεὶ

358 5132 494 5203 μηδὲ
523 5133 780 5202 γυναῖκαο
807 5132 868 5185 τὸ
897 5130 1210 5202 ἄνθρωπος
1254 5137 1363 5207 γὰρ
1391 5139 1570 5192 κοινὸν
1592 5138 1801 5192 τούτων
1831 5139 1929 5192 κὰ-

358 5225 571 5291 κείνων,
608 5223 670 5278 τὸ
701 5222 858 5294 ἀνὴρ
883 5224 942 5278 δὲ
974 5226 1068 5278 καὶ
1092 5224 1155 5280 τὸ
1184 5227 1436 5296 γύναιον
1461 5229 1776 5302 διακριτικὰ
1800 5229 1928 5284 καθ⁶

356 5312 553 5380 έστηκε
583 5313 683 5384 τῆς
705 5315 765 5368 ἐν
792 5319 858 5386 τῇ
883 5316 1036 5387 κοινῇ
1068 5313 1228 5384 φύσει
1259 5316 1548 5390 διαφορᾶς.

425 5403 551 5467 Πῶς
576 5403 634 5458 δὲ
675 5407 769 5458 καὶ
815 5408 876 5458 τὸ
922 5405 1052 5460 ἄλλο
1073 5405 1137 5458 οὐ
1169 5407 1360 5476 σαφὲς,
1388 5407 1472 5462 ὃτι
1499 5408 1687 5476 ὥσπερ
1719 5407 1798 5476 εἷς
1820 5411 1929 5466 τῶν

423 5517 495 5550 ιιι
527 5515 651 5594 ᾼΕι,
703 5531 838 5594 _xv_u,
867 5516 1096 5594 30,311
1158 5519 1179 5551 ¹
1212 5518 1235 5575 Ι
1270 5518 1398 5576 Cor.
1441 5539 1528 5588 xv,
1563 5525 1651 5594 9.1,
1698 5526 1789 5582 2‘2.

360 5604 512 5656 mn,
539 5587 626 5644 t5.
703 5587 721 5618 '
759 5589 902 5642 l’sal.
929 5587 1036 5652 six,
1067 5587 1122 5645 ὁ.

718 5681 988 5746 Parant.
1033 5685 1150 5746 Gtt.
1199 5686 1525 5753 LXXXVI.

1901 5529 1922 5560 ³
1957 5528 1977 5582 1
2009 5529 2150 5584 Tim.
2183 5547 2254 5598 tt,

2033 3143 2231 3210 plenus
2256 3143 2561 3212 sapientiae,
2589 3151 2645 3198 et
2673 3143 2846 3214 gratia
2886 3141 2980 3197 Dei
3016 3151 3136 3198 erat
3173 3143 3227 3196 in
3257 3143 3352 3198 illo
3381 3147 3434 3210 ’ς
3471 3165 3488 3196 ι
3520 3155 3611 3201 et:

2039 3251 2057 3284 ι
2099 3233 2433 3304 Prophetam
2461 3233 2621 3289 vobis
2671 3234 2972 3289 suscitabit
3031 3235 3299 3290 Dominus
3338 3236 3486 3292 Deus
3515 3253 3614 3291 no-

2032 3334 2146 3381 ster
2184 3342 2215 3382 e
2245 3325 2515 3382 fratribus
2543 3327 2747 3381 vestris
2793 3335 3054 3396 tanquam
3078 3341 3166 3382 me
3192 3327 3250 3393 ⁶;
3284 3345 3302 3378 ι
3345 3336 3436 3383 et:
3486 3349 3504 3377 ς
3529 3329 3613 3384 Tu

2031 3434 2092 3472 es
2116 3419 2380 3473 sacerdos
2415 3418 2468 3473 in
2500 3427 2772 3474 aeternum
2829 3418 3136 3473 secundum
3179 3418 3434 3476 ordinem
3485 3420 3615 3476 Mel-

2031 3495 2330 3566 chisedech
2361 3511 2380 3540 ⁷
2411 3549 2423 3562 .
2450 3527 2468 3560 ι
2516 3509 2658 3564 Num
2701 3509 2872 3581 igitur
2918 3509 3104 3563 omnia
3168 3509 3286 3565 hmc
3311 3519 3367 3566 et
3411 3510 3615 3566 similia

2031 3599 2466 3670 qnminnumera
2514 3608 2666 3661 sunt,
2701 3615 2797 3668 per
2845 3600 3091 3656 divinam
3139 3600 3482 3671 Seripturam
3519 3595 3640 3671 po-‘

2033 3689 2220 3745 tuistis
2253 3706 2506 3746 asserere
2535 3691 2606 3747 de
2650 3691 2875 3746 homine
2918 3708 3142 3762 quoque
3169 3693 3484 3763 singulatim
3525 3694 3609 3747 di-

2031 3793 2119 3838 cta
2151 3782 2318 3838 esse?
2347 3783 2413 3837 Et
2437 3783 2719 3854 quomodo
2744 3785 3006 3854 possibile
3057 3793 3142 3839 est
3183 3785 3371 3842 dicere
3422 3802 3615 3842 omnes

2033 3873 2289 3930 homines
2317 3890 2348 3929 c
2382 3875 2594 3930 semine
2627 3876 2905 3932 Abraham
2951 3878 3114 3934 esse?
3157 3893 3337 3950 neque
3363 3895 3433 3934 ex
3490 3881 3618 3934 uni-

2030 3963 2228 4019 versali
2286 3965 2519 4030 semine,
2552 3965 2648 4020 sed
2697 3981 2765 4020 ex
2808 3967 2957 4022 tribu
2987 3965 3130 4022 Iuda
3152 4007 3168 4033 ,
3204 3983 3388 4039 neque
3422 3985 3490 4024 ex
3521 3969 3612 4025 illa

2033 4062 2167 4119 tota,
2199 4053 2295 4109 sed
2322 4071 2352 4110 c
2377 4055 2544 4110 domo
2567 4055 2762 4121 David,
2808 4071 2991 4127 neque
3027 4073 3093 4112 ex
3121 4057 3211 4113 illa
3246 4067 3382 4121 tota,
3417 4059 3512 4114 sed
3544 4075 3613 4114 cx

2037 4145 2201 4200 Maria
2243 4145 2500 4215 Virgine?
2550 4146 2692 4201 Num
2758 4147 2901 4204 forte
2951 4149 3215 4206 diceretis
3267 4150 3530 4222 Caipham
3582 4173 3616 4209 e

2035 4233 2202 4289 Maria
2229 4235 2453 4305 Virgine
2485 4243 2676 4290 natum
2715 4238 2877 4292 esse?
2906 4237 3040 4292 Nam
3074 4238 3166 4294 ille
3194 4248 3280 4295 est
3333 4257 3478 4297 unus
3510 4242 3612 4298 ho-

2037 4323 2248 4379 minum
2278 4324 2594 4395 singuiatim
2628 4335 3000 4397 sumptorum.
3054 4328 3197 4384 Num
3250 4329 3477 4398 Mariam
3517 4333 3614 4389 ho-

2033 4416 2238 4472 minem
2274 4415 2539 4472 diceretis
2575 4431 2720 4482 esse,
2751 4427 2848 4474 aut
2888 4435 2997 4474 non
3056 4419 3372 4476 hominem?
3391 4423 3447 4479 Si
3481 4441 3616 4479 vero

2033 4525 2144 4565 non
2175 4509 2478 4575 hominem,
2504 4509 2671 4566 dicite
2689 4525 2795 4581 qua
2831 4512 3074 4568 essentia
3097 4513 3358 4578 exsistat;
3391 4515 3476 4570 sin
3508 4531 3613 4570 au-

2034 4609 2144 4656 tem
2171 4601 2453 4659 hominem
2477 4600 2685 4665 dicitis.
2713 4604 2994 4673 quomodo
3019 4604 3300 4661 hominem
3319 4607 3374 4661 in
3405 4623 3611 4678 genere

2033 4691 2124 4746 illa
2163 4689 2415 4762 peperit,
2459 4693 2744 4762 .plurimis
2798 4695 3092 4752 hominum
3150 4687 3614 4768 generationibus

2036 4789 2164 4835 ante
2191 4780 2338 4834 illam
2373 4781 2798 4846 exsistentibus,
2855 4785 3226 4858 plurimisque
3280 4797 3405 4859 post
3463 4788 3610 4845 illam

2035 4871 2359 4927 exstituris?
2395 4873 2504 4928 Aut
2545 4873 2824 4942 quomodo
2861 4875 3010 4946 quod
3044 4885 3131 4932 est
3176 4877 3232 4934 in
3263 4893 3488 4948 genere,
3514 4880 3606 4935 ali-

2034 4964 2168 5036 quid
2203 4981 2395 5021 eorum
2426 4982 2550 5037 quae
2580 4975 2710 5021 sunt
2757 4967 2814 5032 iu
2845 4983 3047 5039 genere
3079 4985 3274 5040 parere
3327 4973 3605 5042 potuerit?

2035 5055 2142 5112 Sed
2171 5066 2280 5111 nan
2308 5057 2490 5112 virum
2521 5057 2756 5129 potestis
2784 5058 3073 5116 nominare
3109 5060 3482 5118 universalem
3513 5079 3604 5120 na-

2037 5157 2240 5215 turam,
2262 5165 2388 5206 cum
2441 5165 2622 5222 neque
2655 5150 2980 5215 mulierem;
3021 5153 3184 5208 homo
3230 5155 3379 5210 enim
3421 5154 3612 5211 illiset

2036 5237 2125 5293 his
2155 5253 2452 5294 commune
2485 5239 2763 5310 quoddam
2815 5247 2922 5304 est,
2967 5243 3050 5296 uir
3093 5251 3280 5299 autem
3321 5253 3378 5300 et
3421 5242 3613 5300 mulier

2035 5325 2421 5382 distinctiones
2468 5337 2600 5384 sunt
2638 5327 3044 5387 ditl‘ereatiaain
3070 5333 3355 5390 communi
3388 5341 3609 5391 natura.

2111 5417 2400 5484 Quomodo
2458 5429 2644 5475 autem
2703 5421 2812 5478 hoc
2861 5422 3011 5478 aliud
3059 5439 3170 5479 non
3229 5425 3610 5495 perspicuum,

2442 5531 2461 5562 ⁸
2501 5531 2636 5588 Lua
2667 5549 2724 5600 ll,
2755 5533 2842 5588 52.
2958 5537 2980 5568 ⁵
3009 5535 3142 5591 ibid.
3196 5537 3294 5591 40.
3407 5533 3609 5599 ‘Deut.

3249 5700 3328 5761 ω
