3932 6152
384 227 404 290 1
419 226 515 290 547

1643 225 1955 288 LEONTII
1995 225 2080 286 ΒΥ
2092 227 2406 288 ΖΑΝΤΙΝΙ

3537 229 3702 294 1548

379 335 553 409 quod,
585 333 732 390 sicut
763 349 912 390 unus
933 335 1186 391 omnium
1213 343 1271 390 et
1325 333 1660 405 principium
1714 333 1964 389 mortalis

2080 336 2290 392 πάντων
2341 337 2435 390 καὶ
2489 337 2705 407 πρῶτος
2759 339 2858 410 τῆς
2913 341 3116 413 θνητῆς
3175 341 3428 397 γαταστά
3449 359 3596 405 rem;
3665 343 3701 394 ό

382 429 751 486 institutionis
791 428 898 484 fuit
929 428 1126 494 Adam,
1155 443 1260 498 per
1298 442 1464 498 quem
1512 441 1706 486 omnes
1754 426 1964 482 similes

382 523 512 580 laeti
543 537 740 580 sumus
786 521 1052 602 mortales
1114 521 1422 577 secundum
1467 531 1747 584 naturam,
1781 520 1863 574 sic
1907 527 1966 573 et

379 616 637 673 Christus
685 613 994 670 secundum
1027 629 1248 670 carnem
1297 629 1446 669 unus
1467 621 1554 669 est
1592 613 1865 676 omnium.
1908 620 1965 690 et

381 705 720 776 principium
744 705 1012 760 transitus
1034 704 1103 759 ad
1140 705 1632 770 immortalitatem,
1662 718 1762 773 per
1799 717 1963 773 quem

383 815 596 866 omnes,
627 808 690 854 ut
719 798 858 869 ipse,
877 797 1006 853 vita:
1029 797 1356 852 immortalis
1377 797 1780 867 possessionem
1816 794 1963 849 obti-

380 892 618 948 nemus?
645 889 868 960 etquod
890 905 1039 944 unus
1055 889 1224 944 homo
1244 889 1534 944 hominum
1553 897 1610 943 et
1632 888 1728 942 Dei
1757 887 1964 942 media-

379 985 503 1041 tor?
532 983 823 1051 Quomodo
880 986 1030 1039 euim
1073 997 1272 1038 omnes
1321 981 1430 1037 sibi
1471 981 1812 1036 mediatores
1841 995 1965 1036 esse

379 1077 640 1151 possent?
665 1075 759 1132 Vel
793 1075 1075 1148 quomodo
1099 1089 1296 1131 omnes
1318 1074 1466 1147 apud
1491 1090 1551 1130 se
1579 1075 1753 1145 gratia
1783 1082 1840 1128 et
1876 1088 1964 1128 sa-

381 1170 590 1242 pientia
619 1169 992 1240 proficerent?
1021 1168 1175 1223 Multi
1197 1168 1345 1223 enim
1365 1169 1600 1239 juvenes
1624 1167 1962 1229 moriuntur,

383 1263 452 1318 ad
489 1263 788 1333 perfectam
819 1269 1036 1315 nitatem
1061 1276 1171 1314 non
1208 1259 1602 1330 proﬁcientes;
1631 1267 1689 1314 et
1719 1258 1814 1312 alii
1839 1273 1966 1311 rur-

383 1373 479 1412 sus
505 1354 731 1427 plurimi
764 1355 820 1409 in
849 1354 1032 1409 medio
1060 1353 1352 1408 dementiae
1379 1361 1436 1407 et
1492 1352 1798 1422 impietatis
1837 1367 1965 1404 ver—

383 1458 598 1513 santur,
633 1463 744 1502 non
781 1455 969 1501 autem
1003 1445 1290 1515 sapientiae
1319 1453 1376 1499 et
1397 1445 1590 1515 gratia
1614 1441 1709 1498 Dei
1735 1443 1792 1504 in
1821 1442 1963 1496 istis.

381 1539 781 1595 Verumtamen
845 1551 1026 1608 neque
1080 1550 1275 1592 omnes
1324 1535 1612 1606 propheta:
1655 1533 1965 1589 secundum

383 1631 630 1704 Moysen,
655 1645 838 1700 neque
859 1628 1178 1685 sacerdotes
1189 1626 1494 1683 secundum
1519 1625 1962 1688 Melchisedech;

2079 429 2252 498 Ἀδάμ
2300 428 2368 481 δι’
2402 423 2463 482 οὗ
2533 432 2734 496 πάντες
2775 433 2951 502 ὅμοιοι
2973 434 3283 505 γεγόναμεν
3329 433 3531 504 θιητοὶ
3569 451 3692 485 κα-

2065 520 2134 574 τὰ
2181 521 2364 591 φύσιν,
2400 521 2548 576 οὕτω
2599 523 2693 577 καὶ
2718 527 2746 577 ὁ
2797 526 3032 596 Χριστὸς
3061 527 3122 580 τὸ
3174 527 3318 581 κατὰ
3356 528 3555 598 σάρκα
3595 521 3695 588 εἷς

2065 618 2184 670 ἐστι
2244 616 2353 670 τῶν
2415 616 2652 673 πάντων.
2687 622 2784 672 καὶ
2818 621 3060 690 ἀρχηγὸς
3118 621 3218 690 τῆς
3273 622 3330 676 ὲν
3383 621 3693 692 ἀθανασία

2065 705 2344 779 διαγωγῆς
2369 750 2382 773 ,
2417 709 2484 762 δι’
2510 703 2572 762 οὗ
2610 711 2812 775 πάντες
2863 715 2986 764 κατ’
3013 713 3198 776 αὑτὸν,
3229 713 3330 782 τῆς
3379 713 3690 766 ἀθανάτου

2067 798 2214 870 ζωῆς
2274 803 2334 854 ἐν
2385 802 2606 871 καθέξει
2662 805 2932 876 γινόμεθα
2965 809 3099 872 nul.
3144 808 3226 860 ὅτι
3256 801 3336 871 εἷς
3367 807 3692 874 ἅνθρωπος

2067 893 2376 962 ἀνθρώπων
2433 897 2526 950 καὶ
2576 897 2714 949 Θεοῦ
2775 899 3007 968 μεσίτης
3043 917 3056 964 ;
3089 900 3214 963 Πῶς
3243 878 3352 970 γάρ
3377 901 3426 953 οί
3451 901 3692 962 πάντες

2067 983 2280 1046 ἑαυτοῖς
2336 985 2760 1054 μεσιτεὺουσιν;
2800 987 2831 1058 ἦ
2865 988 2986 1052 πῶς
3026 993 3225 1054 πάντες
3279 992 3410 1061 παρ’
3436 992 3689 1055 ἑαυτοῖς

2067 1071 2256 1144 χάριτι
2304 1074 2398 1127 καὶ
2459 1075 2622 1147 σοφίᾳ
2667 1077 3006 1146 προκόψαιεν
3037 1095 3052 1144 ;
3088 1077 3154 1133 Oi
3188 1078 3375 1132 πολλοὶ
3420 1077 3534 1148 γάρ
3566 1079 3687 1132 καὶ

2065 1165 2235 1236 ἄωροι
2290 1167 2590 1237 κοιμῶνται
2616 1209 2631 1232 ,
2666 1170 2757 1222 ἐπὶ
2791 1171 2888 1240 τὴν
2914 1169 3128 1224 τελείαν
3157 1171 3373 1240 ἡλικίαν
3407 1171 3485 1242 μὴ
3527 1188 3686 1240 προ-

2067 1259 2396 1322 κόπτοντες⁹
2426 1260 2520 1314 καὶ
2555 1260 2708 1314 ἄλλοι
2768 1262 2932 1316 πάλιν
2981 1263 3225 1316 πλεῖστοι
3278 1264 3468 1324 ἀνοίας
3517 1264 3680 1316 εἰσὶν

2069 1353 2369 1421 ἀνάμεστοι
2401 1354 2498 1405 καὶ
2522 1353 2803 1414 ἀσεϐείας,
2844 1356 2968 1424 οὐχὶ
2990 1357 3046 1410 δὲ
3077 1357 3272 1426 σοφίας
3307 1357 3400 1410 καὶ
3430 1357 3676 1426 χάριτος

2063 1443 2200 1497 Θεοῦ
2234 1443 2334 1512 τῆς
2355 1444 2442 1497 ἐπ’
2471 1444 2687 1508 αὑτούς.
2732 1446 2893 1500 Ἀλλὰ
2923 1448 3028 1517 μὴν
3057 1450 3177 1502 οὑδὲ
3209 1449 3488 1520 προφῆται
3520 1450 3676 1502 πάν-

2065 1550 2157 1597 τες
2201 1534 2342 1588 κατά
2393 1535 2655 1598 Μωῢσέα,
2692 1535 2812 1588 οὑδὲ
2877 1538 3042 1608 ἱερεῖς
3089 1541 3230 1592 κατά
3263 1539 3614 1610 Μελχισεδέκ
3651 1555 3669 1570 °

2068 1625 2195 1680 ἐπεὶ
2218 1625 2338 1699 ὥρα
2371 1627 2516 1696 ὑμᾶς
2545 1627 2644 1698 τὴν
2680 1629 2985 1700 ἱερωσύνην
3014 1630 3124 1683 τῶν
3159 1623 3529 1686 εἰδωλοθύτων
3563 1633 3674 1686 καὶ

384 1740 510 1780 eum
555 1738 784 1780 necesse
811 1721 970 1778 vobis
1019 1721 1092 1777 sit
1137 1719 1505 1776 sacerdotium
1541 1717 1709 1774 idolis
1753 1715 1967 1773 sacriﬁ-

2080 1719 2166 1784 ιάς
2213 1719 2472 1788 μαντείας
2499 1721 2600 1782 τάς
2652 1720 2804 1792 παρὰ
2841 1725 2954 1785 τοῖς
3003 1723 3266 1796 Ἕλλησι,
3317 1722 3676 1795 προφητείας

382 1817 631 1873 eantium
663 1825 721 1872 et
750 1815 976 1872 oracula
1010 1815 1354 1879 Graecorum,
1388 1812 1742 1884 ,pmphetias
1781 1809 1968 1880 appel-

371 1905 498 1961 lare
530 1904 800 1960 Mosaieas
846 1910 904 1958 et
937 1902 1251 1959 sacerdotia
1288 1903 1640 1970 Christiana;
1693 1900 1842 1973 quod
1883 1909 1970 1956 est

384 1997 638 2069 impium.
675 1996 786 2052 Sed
823 1995 958 2066 quid
1002 2011 1187 2051 meum
1216 1995 1285 2052 de
1335 1997 1440 2050 hac
1477 2011 1538 2050 re
1572 1995 1826 2064 produco
1849 2008 1968 2048 ser-

382 2090 640 2146 monem?
695 2105 808 2145 non
857 2089 1006 2144 enim
1049 2088 1198 2144 istud
1245 2088 1506 2144 omnibus
1563 2087 1672 2144 illis
1720 2087 1966 2142 videtur.

383 2184 538 2240 Unus
589 2182 739 2238 enim
788 2197 858 2237 ex
903 2181 1298 2237 defensoribus
1342 2180 1504 2236 istius
1535 2180 1812 2252 dogmatis
1839 2195 1968 2234 cum

383 2277 760 2347 interrogatus
789 2274 986 2330 fuisset
1009 2289 1042 2330 a
1082 2273 1324 2344 quodam
1381 2273 1830 2330 ratiocinationis
1855 2289 1968 2329 non

382 2367 662 2438 imperito,
703 2381 956 2437 quaenam
985 2373 1172 2421 essent
1230 2366 1370 2431 illa,
1419 2381 1559 2436 quas
1619 2365 1836 2430 dicunt,
1866 2379 1970 2420 na-

383 2468 550 2524 turai,
571 2458 762 2513 totales
780 2474 850 2512 an
875 2457 1156 2528 partiales,
1183 2457 1468 2528 respondit
1491 2458 1590 2513 has
1613 2467 1670 2513 et
1697 2457 1817 2512 illas
1848 2471 1970 2512 esse

383 2565 582 2618 posse;
612 2549 720 2603 alia
749 2557 933 2604 tamen
965 2557 1022 2603 et
1054 2547 1161 2603 alia
1187 2548 1428 2603 ratione.
1463 2547 1520 2604 Si
1563 2547 1734 2609 enim.
1767 2547 1968 2618 inquit,

384 2641 527 2696 inse
563 2639 863 2694 habuerint
897 2640 1174 2694 rationem
1207 2638 1520 2694 communis
1558 2639 1834 2702 essentia,
1885 2637 1971 2692 di-

385 2741 654 2789 cerentur
699 2725 1066 2798 communes;
1131 2749 1258 2788 cum
1295 2731 1438 2787 ratio
1478 2730 1725 2786 hominis
1778 2731 1834 2785 in
1881 2746 1974 2802 ge-

285 2871 295 2884 ,
385 2838 518 2878 nere
551 2822 623 2903 sit
660 2820 867 2876 animal
894 2821 1168 2878 rationale
1201 2822 1452 2886 mortale,
1486 2831 1544 2876 et
1566 2821 1711 2876 hanc
1739 2821 1972 2876 eviden-

386 2925 470 2970 ter
503 2915 697 2970 habuit
720 2914 870 2984 quod
894 2929 925 2970 e
949 2915 1112 2970 nobis
1136 2914 1262 2970 fuit.
1311 2913 1580 2969 Similiter
1607 2923 1792 2969 autem
1823 2914 1975 2970 dice-

389 3022 594 3070 remus,
621 3007 822 3078 inquit,
856 3007 925 3063 de
953 3007 1068 3062 Deo
1092 3006 1296 3062 Verbo.
1335 3006 1493 3073 Quod
1554 3015 1740 3062 autem
1771 3023 1882 3062 non
1911 3023 1970 3062 se

387 3100 765 3155 incarnaverit
789 3101 972 3155 omnis
997 3107 1188 3155 sancta
1227 3099 1411 3162 Trias,
1453 3115 1563 3154 non
1613 3108 1764 3154 certe
1794 3065 2042 3154 omni?c

388 3192 495 3246 bus
530 3192 635 3247 sub
658 3191 898 3247 humana
931 3199 1132 3246 natura
1156 3190 1474 3262 iacentibus
1512 3191 1754 3256 entibus,
1799 3191 1974 3262 parti-

387 3282 608 3338 culares
655 3291 844 3338 essent
873 3292 1088 3338 naturas
1115 3289 1172 3338 et
1209 3297 1322 3337 non
1353 3296 1698 3338 communes.
1729 3281 1976 3338 Audiens

389 3377 459 3431 ab
493 3376 895 3448 interrdgatore
945 3374 1080 3446 quid
1127 3386 1320 3430 essent
1343 3383 1556 3430 natura:
1587 3375 1974 3445 particulares,

391 3486 460 3524 an
493 3467 874 3533 subsistentia,
903 3468 1194 3538 respondit
1219 3483 1320 3538 per
1373 3465 1524 3523 istud
1553 3467 1795 3546 Nestor-ii
1843 3483 1976 3538 pro-

2069 1811 2360 1883 ὀνομάζειν
2413 1811 2714 1876 Μωσαῖκάς
2757 1813 2856 1868 καὶ
2898 1815 3200 1886 ἱερωσύνας
3233 1816 3670 1886 Χριστιανικάς,

2069 1904 2208 1977 ὅπερ
2263 1904 2479 1968 ἀσεϐές.
2518 1903 2682 1958 Ἀλλὰ
2729 1904 2782 1959 τί
2835 1923 2939 1977 μου
2999 1907 3366 1978 περὶτούτων
3430 1908 3675 1961 ὲκτείνω

2068 1997 2198 2059 τοὺς
2245 1995 2476 2065 λόγους;
2509 1997 2631 2051 οὑδὲ
2691 1997 2802 2068 γὰρ
2851 1999 3020 2052 πᾶσιν
3071 2000 3258 2064 αὑτοῖς
3293 1998 3453 2054 τοῦτο
3483 2000 3666 2058 δοκεῖ.

2073 2081 2168 2152 Εἷς
2195 2089 2310 2160 γὰρ
2339 2088 2450 2142 τῶν
2497 2089 2920 2158 προεστηκότων
2977 2089 3200 2144 τουτουῖ
3248 2090 3343 2144 τοῦ
3381 2091 3670 2162 δόγματος

2071 2177 2370 2248 ἐρωτηθεὶς
2422 2178 2527 2231 ὑπό
2571 2195 2718 2240 τινος
2745 2179 2846 2231 οὑκ
2874 2179 3108 2249 ἀπείρου
3142 2179 3249 2232 τῶν
3273 2179 3468 2247 λόγων,
3508 2180 3666 2244 τίνες

2070 2268 2136 2323 ἂν
2159 2269 2353 2340 εἴησαν
2381 2271 2436 2324 αί
2467 2268 2599 2341 παρ’
2627 2269 2808 2322 αὑτῶν
2836 2270 3129 2340 λεγόμεναι
3159 2269 3375 2340 φύσεις,
3410 2271 3594 2325 ὁλικαὶ
3617 2272 3664 2344 ἢ

2073 2360 2322 2432 μερικαὶ,
2349 2360 2688 2431 ἀπεκρίνατο
2717 2360 2817 2429 μὲν
2845 2360 3110 2416 δύνασθαι
3135 2361 3232 2418 καὶ
3277 2363 3482 2426 ταύτας
3515 2359 3664 2418 εἶναι

2071 2455 2358 2529 κάκείνές,
2397 2455 2570 2526 ἑτέρῳ
2631 2454 2816 2525 μέντοι
2874 2458 2969 2510 καὶ
3013 2457 3186 2529 ἑτέρῳ
3223 2456 3387 2527 λόγῳ.
3415 2456 3505 2528 Τῷ
3523 2457 3660 2528 γὰρ,

2072 2548 2259 2617 φησὶν,
2277 2546 2437 2617 ἔχειν
2470 2548 2527 2600 ὲν
2550 2547 2772 2610 ἑαυταῖς
2793 2546 2886 2600 τὸν
2915 2547 3074 2617 λόγον
3101 2549 3198 2618 τῆς
3228 2548 3418 2617 κοινῆς
3447 2549 3660 2615 οὐσίας,

2067 2638 2394 2711 λεχθείησαν
2415 2640 2481 2694 ἂν
2505 2639 2682 2694 κοιναί
2703 2657 2716 2672 ο
2741 2641 2864 2694 ἐπεὶ
2885 2641 3023 2706 ζῶον
3045 2641 3264 2710 λογικὸν
3293 2641 3488 2713 θνητὸν
3513 2643 3541 2694 ὁ
3562 2639 3660 2694 τοῦ

2066 2729 2301 2784 καθόλου
2353 2730 2644 2802 ἀνθρώπου
2707 2731 2900 2800 λόγος·
2935 2732 3126 2788 τοῦτον
3159 2734 3214 2788 δὲ
3254 2729 3366 2805 εἶχε
3415 2734 3665 2806 δηλονότι

2072 2823 2264 2877 καὶτὸ
2308 2823 2366 2891 ἐξ
2411 2825 2591 2895 ἡμῶν.
2643 2824 2879 2895 Ὁμοίως
2905 2827 2952 2879 δ’
2978 2827 3044 2880 ἂν
3073 2827 3326 2898 εἴποιμεν
3377 2829 3472 2881 καὶ
3531 2828 3666 2902 περὶ

2069 2913 2165 2968 τοῦ
2189 2913 2326 2968 Θεοῦ
2360 2915 2562 2983 Λόγου,
2590 2915 2745 2986 φησί.
2778 2915 2862 2984 Τῷ
2891 2915 2946 2968 δὲ
2979 2915 3055 2984 μὴ
3087 2917 3270 2968 πᾶσαν
3294 2917 3664 2986 ἐνηνθρωπη-

2075 3005 2228 3059 κέναι
2258 3005 2356 3077 τὴν
2385 3006 2548 3075 ἁγίαν
2575 3006 2797 3078 Τριάδα,
2830 3006 2964 3076 μήτε
2991 3005 3096 3074 μὴν
3125 3006 3258 3058 πᾶσι
3283 3007 3398 3067 τοῖς
3423 3006 3532 3058 ὑπὸ
3555 3006 3662 3075 τὴν

2077 3098 2425 3172 ἀνθρωπείαν
2457 3097 2620 3167 φύσιν
2650 3098 2891 3168 ἀτόμοις,
2922 3096 3086 3149 ίδικαὶ
3115 3095 3179 3150 ἂν
3210 3097 3400 3164 εἴησαν
3437 3096 3534 3148 καὶ
3589 3099 3658 3151 οὑ

2079 3195 2276 3250 κοιναί.
2321 3193 2587 3256 Ἀκούσας
2628 3193 2683 3246 δὲ
2717 3192 2868 3262 παρὰ
2897 3189 2992 3244 τοῦ
3038 3189 3337 3259 πυθομένου
3370 3187 3462 3242 καὶ
3493 3188 3548 3240 τί
3581 3187 3653 3241 ἂν

2079 3287 2272 3358 εἴησαν
2303 3285 2469 3339 ίδικαὶ
2504 3285 2716 3356 φύσεις,
2751 3286 2784 3356 ἢ
2817 3285 3136 3348 ὑπόστασις,
3165 3281 3318 3349 ἔλεγε
3353 3279 3512 3334 τοῦτο
3540 3279 3654 3332 Νε-

2081 3379 2297 3449 στορίου
2322 3379 2644 3448 πρόϐλημα,
2681 3378 2775 3430 καὶ
2810 3377 3046 3448 ιἤρκεσεν
3066 3374 3130 3429 ἂν
3165 3373 3344 3428 αὑτῶν
3373 3370 3508 3442 πρὸς
3529 3371 3666 3424 ἀπο-

2078 3470 2288 3541 λογίαν,
2323 3469 2419 3522 τοῦ
2457 3467 2867 3541 ἀνατετράφθαι
2907 3469 2969 3522 τὸ
3003 3469 3203 3522 οἰκεῖον
3233 3465 3429 3534 δόγμα.

393 3563 654 3632 positum.
688 3570 744 3616 et
781 3561 1004 3616 induxit
1033 3559 1102 3614 ad
1146 3560 1270 3615 illos
1321 3560 1671 3615 excusandus
1710 3561 1978 3616 evertisse
2064 3602 2081 3628 ,

393 3653 760 3709 domesticum
800 3653 1020 3724 dogma.

468 3745 588 3800 Non
625 3745 879 3815 pluribus
901 3760 1041 3816 opus
1073 3753 1158 3799 est
1193 3746 1686 3816 propositionibus,
1723 3761 1827 3802 nec
1869 3745 1981 3800 dis-

393 3837 758 3893 tinctionibus
787 3876 802 3902 ,
859 3851 962 3892 nec
995 3837 1588 3906 argumentationibus,
1615 3851 1722 3892 nec
1753 3836 1981 3892 concio-

396 3932 594 3996 nibus;
643 3928 971 3984 conceditur
1025 3930 1175 3984 enim
1229 3929 1391 3984 vobis
1441 3928 1804 3998 particulares
1859 3941 1981 3981 esse

395 4027 537 4080 duas
561 4038 702 4094 quas
727 4021 914 4077 dicitis
955 4030 1222 4086 naturas;
1256 4021 1363 4076 etsi
1409 4035 1576 4091 quam
1622 4021 1860 4076 maxime
1888 4020 1981 4074 ni-

396 4117 476 4171 hil
505 4115 686 4170 simile
704 4129 808 4169 nos
840 4113 910 4169 de
939 4112 1124 4168 divina
1173 4112 1410 4167 dicimus
1455 4119 1653 4167 natura
1692 4130 1704 4166 :
1747 4112 1842 4168 sed
1873 4111 1980 4166 sci-

396 4224 523 4264 mus
555 4207 703 4262 illam
733 4203 992 4262 similiter
1027 4217 1380 4260 communem
1440 4218 1586 4265 esse,
1617 4209 1674 4258 et
1725 4201 1784 4256 in
1806 4201 1983 4272 parti-

398 4300 576 4356 culari
608 4298 971 4356 subsistentia
1019 4298 1188 4354 Verbi
1225 4296 1645 4368 particulariter
1697 4295 1983 4350 incarnata

399 4394 702 4460 exsistere;
771 4391 995 4462 proprie
1049 4392 1199 4446 enim
1257 4389 1538 4462 loquendo
1590 4388 1984 4443 indivisionem

403 4485 651 4550 lzabens,
731 4492 992 4554 tanquam
1055 4483 1308 4553 partibus
1367 4496 1600 4547 carens,
1666 4479 1986 4535 inviolatam

401 4583 624 4640 servat,
681 4575 850 4630 etiam
909 4573 1213 4636 distincta,
1296 4571 1744 4628 communitatem
1809 4557 1986 4626 su‘am'.

399 4668 637 4726 Aliunde
655 4666 804 4739 quod
829 4668 998 4723 tantis
1030 4666 1319 4722 laboribus
1350 4675 1669 4738 congestum
1702 4672 1786 4721 est
1817 4674 1874 4720 et
1906 4665 1990 4720 in-

404 4771 678 4818 tentatum
699 4777 731 4816 a
759 4760 944 4826 vobis,
973 4760 1107 4815 illud
1129 4769 1235 4824 est,
1279 4759 1417 4814 nihil
1445 4759 1594 4814 aliud
1637 4774 1759 4814 esse
1811 4757 1992 4813 subsi-

401 4855 634 4912 stentias
661 4855 768 4910 nisi
799 4853 1167 4926 particulares
1196 4863 1456 4920 naturas;
1489 4863 1546 4908 ct
1564 4863 1780 4922 oportet
1810 4861 1870 4906 ut
1895 4866 1992 4906 vos

404 4949 655 5003 dicentes
679 4947 821 5002 duas
844 4956 1070 5002 naturas
1094 4961 1236 5013 esse,
1262 4953 1313 5000 et
1349 4933 1448 5000 has
1473 4943 1871 5014 particulares,
1898 4950 1991 4996 aut

403 5039 730 5094 alterutram
753 5053 946 5092 earum
975 5038 1176 5101 solum,
1212 5047 1343 5108 puta
1377 5037 1702 5101 humanam,
1739 5034 1879 5089 duas
1911 5034 1994 5086 vi-

403 5129 648 5187 deatiset
664 5143 785 5184 esse
803 5131 1224 5194 subsistentias;
1249 5128 1450 5182 divinae
1470 5125 1621 5180 enim
1639 5135 1850 5180 natura:
1861 5139 1995 5180 con-

405 5222 1030 5292 cediturpraaexstitisse
1060 5221 1435 5276 subsistentia.
1469 5218 1599 5282 Sed,
1637 5233 1670 5272 o
1694 5217 1990 5289 sapientes,

405 5311 928 5374 nniltmnfalliniini,
947 5312 1020 5364 ila
1042 5311 1118 5365 rei
1141 5309 1694 5380 inquisitmrationem
1717 5309 1872 5380 prius
1884 5325 1992 5363 non

407 5406 846 5470 considerantes,
890 5403 984 5459 sed
1025 5404 1078 5457 in
1131 5402 1379 5473 quredam
1414 5403 1780 5462 consecraria.
1817 5402 1994 5456 autin

407 5501 678 5556 rationem
723 5498 844 5554 sine
879 5496 1090 5552 ratione
1123 5513 1231 5552 non
1260 5496 1326 5551 ad
1367 5495 1730 5566 quaestionem
1769 5493 1998 5549 tenden-
2035 5525 2049 5539 .

409 5609 519 5650 tem
566 5591 871 5650 deviantes.
923 5591 1043 5647 Non
1091 5590 1262 5654 enim,
1302 5588 1563 5660 quoniam
1617 5587 1782 5642 homo
1817 5585 1996 5639 anima

408 5685 673 5756 praeditus
703 5700 812 5741 non
839 5686 958 5740 sine
985 5682 1350 5755 respiratione
1375 5683 1521 5737 aeris
1553 5687 1656 5746 est,
1685 5679 1796 5751 jam
1826 5678 1998 5750 inspi-

2157 3737 2230 3790 υὺ
2256 3736 2519 3791 πλειόνων
2547 3735 2707 3807 χρεία
2732 3735 3040 3808 λημμάτων
3084 3737 3180 3788 καὶ
3227 3733 3548 3804 διαιρέσεων
3577 3733 3670 3786 καὶ

2085 3829 2444 3883 κατασκευῶν
2498 3830 2594 3882 καὶ
2623 3829 2874 3900 ὁμιλιῶν.
2904 3828 3150 3882 Δεδόσοω
3190 3827 3301 3899 γάρ
3336 3827 3466 3898 ὑμῖν
3499 3825 3670 3889 ἰδικάς

2085 3915 2224 3973 εἶναι
2256 3919 2354 3982 τὰς
2383 3919 2480 3972 δύο
2516 3918 2818 3990 λεγομένας
2847 3919 3037 3980 οὐσίας
3058 3934 3072 3948 ο
3105 3919 3152 3970 εί
3185 3918 3280 3969 καὶ
3317 3918 3401 3970 ὅτι
3437 3913 3669 3984 μάλιστα

2084 4011 2238 4066 οὐδὲν
2294 4011 2533 4065 τοιοῦτον
2567 4012 2728 4082 ἡμεῖς
2748 4011 2844 4065 ἐπὶ
2878 4011 2974 4082 τῆς
3007 4009 3158 4071 θείας
3190 4009 3374 4079 φαμὲν
3405 4007 3621 4076 φύσεως
3648 4022 3662 4038 ο

2084 4101 2198 4156 ἀλλ’
2227 4102 2450 4172 οἴδαμεν
2473 4101 2642 4173 αὑτὴν
2670 4101 2873 4172 ὁμοίως
2893 4118 2952 4155 τε
2978 4100 3162 4170 κοινὴν
3185 4099 3373 4164 οὖσαν,
3396 4099 3490 4151 καὶ
3516 4099 3574 4151 ὲν

2089 4193 2230 4266 [δικῇ
2247 4193 2543 4247 ὑποστάσει
2561 4192 2653 4246 τοῦ
2677 4193 2849 4262 Λόγου
2875 4192 3059 4254 ίδικῶς
3077 4191 3424 4263 σαρκωθείσῃ
3449 4189 3674 4257 ἐνυπάρ-

2087 4300 2223 4356 χειν.
2245 4283 2380 4354 ’ἰδίῳ
2398 4283 2507 4353 γὰρ
2527 4281 2881 4352 λόγῳέχουσα
2899 4281 2961 4334 τὸ
2987 4280 3315 4348 ἀδιαίρετον,
3340 4277 3416 4341 ὡς
3443 4274 3671 4346 ἀμερὴς,

2019 4375 2276 4464 ῡάπαθῆ
2327 4373 2588 4442 φυλάττει
2638 4375 2732 4426 καὶ
2787 4371 3178 4441 διακρινομένη
3229 4372 3328 4440 τὴν
3386 4371 3674 4436 κοινότητα

2093 4469 2316 4538 ἑαυτῆς.
2353 4466 2501 4536 Πλὴν
2555 4466 2618 4519 τὸ
2681 4466 2897 4537 μυρίοις
2925 4465 3056 4533 ὑμῖν
3085 4464 3280 4526 κόποις
3309 4459 3672 4528 συναγόμενον

2093 4560 2190 4616 καὶ
2229 4557 2692 4630 σπουδαζόμενον,
2717 4556 2878 4610 τοῦτό
2930 4558 3098 4621 ἐστιν,
3131 4554 3207 4618 ὡς
3269 4552 3424 4607 οὐδὲν
3492 4552 3672 4621 ἕτερον

2093 4655 2450 4718 ὑποστάσεις,
2477 4654 2526 4706 εί
2559 4652 2636 4724 μὴ
2675 4652 2841 4705 ίδικαὶ
2867 4650 3056 4719 φύσεις
3085 4647 3191 4702 εἰσί
3224 4664 3236 4678 ·
3265 4648 3360 4700 καὶ
3381 4646 3498 4700 δέον
3529 4644 3673 4715 ἡμᾶς

2091 4745 2348 4811 λέγοντας
2384 4743 2478 4796 δύο
2502 4742 2598 4806 τὰς
2624 4741 2840 4810 φύσεις,
2874 4740 2970 4792 καὶ
2999 4737 3176 4802 ίδικάς
3200 4735 3430 4801 ταύτας,
3466 4735 3499 4804 ἣ
3522 4732 3676 4788 θατέ-

2095 4857 2197 4914 ραν
2220 4839 2400 4892 αὑτῶν
2435 4837 2625 4908 μόνην,
2661 4835 2828 4904 ἤγουν
2852 4832 2950 4904 τὴν
2982 4831 3331 4904 ἀνθρωπείαν
3352 4873 3367 4896 ,
3408 4829 3500 4882 δύο
3545 4827 3674 4880 εἰδέ-

2095 4951 2182 4988 ναι
2230 4931 2400 4994 αὑτάς
2443 4927 2610 4992 οὔσας
2668 4929 2761 4980 καὶ
2808 4925 3144 4987 ὑποστάσεις
3175 4940 3189 4954 ·
3230 4922 3332 4993 τῆς
3373 4923 3482 4991 γάρ
3527 4919 3672 4982 Θείας

2094 5025 2442 5098 ὡμολόγηται
2495 5019 2900 5093 προῦφεστῶσα
2932 5021 2966 5090 ή
3029 5017 3355 5079 ὑπόστασις.
3433 5011 3593 5076 Ἀλλ’,
3631 5003 3673 5063 ὦ

2100 5120 2283 5188 σοφοὶ,
2342 5114 2556 5186 μεγάλα
2614 5111 2919 5183 σφάλλεσθε
2985 5109 3128 5164 οὕτω
3187 5107 3281 5161 τοῦ
3343 5103 3671 5177 ζητουμένου

2099 5213 2426 5284 πράγματος
2485 5209 2576 5262 τὸν
2633 5208 2794 5278 λόγον
2847 5205 3080 5277 πρώτως
3137 5201 3211 5273 μὴ
3263 5197 3670 5263 κατανοοῦντες,

2097 5305 2214 5360 ἀλλ’
2247 5304 2326 5368 εἵς
2377 5321 2501 5358 τινα
2553 5301 2913 5373 παρεπόμενα
2935 5339 2948 5362 ,
2981 5299 3015 5368 ἦ
3049 5295 3140 5350 τὸν
3166 5295 3228 5348 οὑ
3261 5295 3334 5364 μὴ
3364 5293 3494 5346 ἄνευ
3521 5290 3673 5358 λόγου

2100 5397 2365 5468 ἐπέχοντα
2407 5393 2544 5466 πρὸς
2586 5394 2647 5448 τὸ
2683 5391 3021 5464 ζητούμενον
3061 5387 3574 5459 παρατρεπόμενοι.
3605 5380 3675 5434 Οὑ

2100 5489 2208 5558 γὰρ
2236 5486 2358 5540 ἐπεὶ
2406 5486 2696 5557 ἄνθρωπος
2736 5483 3006 5553 ἔμψυχος,
3039 5481 3138 5532 οὑκ
3183 5479 3312 5532 ἄνευ
3359 5477 3506 5528 ἐστὶν
3556 5473 3680 5526 ἀνα-

2101 5582 2272 5652 πνοῆς
2295 5583 2474 5651 ἀέρος,
2495 5581 2594 5650 ἤδη
2617 5579 2706 5632 τὸν
2732 5577 3117 5646 εἰσπνεόμενον
3146 5567 3518 5644 ἀέραοοῖεσθαι
3541 5569 3682 5638 ἡμᾶς

2103 5671 2242 5731 εἶναι
2277 5676 2378 5747 τὴν
2408 5674 2584 5745 ψυχὴν
2619 5673 2738 5726 δέον
2770 5689 2782 5704 ·
2817 5670 2938 5725 οὑδὲ
2968 5669 3092 5724 ἐπεὶ
3122 5665 3416 5738 συμϐαίνει
3439 5663 3552 5727 τοῖς
3595 5660 3684 5715 θα-
