3888 6168
219 256 356 322 1549

1164 252 1565 317 ADVERSUS
1594 243 2151 310 NESTORIANOS.
2175 267 2246 278 ··-
2279 241 2428 302 LIB.
2472 240 2552 300 II.

3343 226 3481 296 1550

217 371 366 425 νοῠσι
417 369 737 442 βαρυτέροις
785 367 945 433 εἶναι,
970 368 1072 439 ἥδη
1106 368 1201 421 xui
1249 357 1414 438 βάρος
1447 367 1614 436 ὁλκῆς
1644 357 1786 416 εἶναι
1818 437 1819 442 γ

1926 367 2072 412 atum
2120 371 2246 411 aera
2283 354 2598 410 existimare
2635 366 2736 406 nos
2779 347 3016 404 animam
3060 361 3182 403 esse
3215 355 3472 418 oportet;

213 461 459 532 νομίζειν
485 461 633 524 εἰκὸς
660 461 751 514 τὸν
783 459 1031 516 θάνατον.
1079 459 1240 512 Ἀλλά
1265 457 1382 512 δέον
1413 458 1523 510 πᾶν
1571 455 1632 508 τὸ
1662 454 1790 524 περὶ

216 547 280 610 οὗ
307 559 336 610 ό
357 555 516 626 λόγος
541 555 961 620 κατανοοῦντας,
987 555 1135 614 ὅπως
1162 552 1277 622 ἔχοι
1299 551 1328 603 ό
1358 550 1479 604 κατ’
1508 547 1651 602 αὐτὰ
1699 547 1790 600 λό’

215 665 313 717 γος
343 647 690 702 σκέπτεσθαι.
729 647 844 702 Κάν
877 664 939 700 τε
995 645 1105 718 γὰρ
1155 645 1312 698 οὑσία
1354 659 1436 705 τις
1468 638 1524 716 ᾖ,
1553 641 1647 696 καί
1671 641 1794 692 ἐπι-

221 742 522 813 συμϐαῖνον
573 741 688 812 ἔχοι
711 758 764 794 τι
808 739 918 794 τῶν
947 741 1078 812 παρ’
1108 739 1304 808 αὑτὴν,
1344 736 1407 790 οὑ
1445 732 1796 806 συμῦεϐηκδς

217 825 358 885 εἶναι
381 831 548 902 αὐτὴν
577 829 811 901 ἡγητέον
836 847 850 860 ·
887 828 986 884 κάν
1009 846 1069 882 τε
1098 825 1444 898 συμὸεὸηκός
1479 842 1532 877 τι
1556 824 1665 892 εἴη,
1703 821 1798 873 xui

221 918 414 992 ὥσπερ
439 921 940 990 ἐπισυμδαίνουσαν
971 917 1123 990 αὐτῷ
1152 917 1265 988 ἔχοι
1287 915 1388 987 τὴν
1413 913 1622 978 οὐσίαν,
1656 913 1800 965 ὲκεῖ-

218 1027 281 1066 νο
312 1011 545 1082 πρώτως
572 1011 666 1064 καὶ
693 1011 900 1080 κυρίως
925 1010 1027 1063 οὑκ
1047 1007 1254 1071 οὑσίαν,
1279 1006 1415 1058 ἀλλὰ
1445 1001 1798 1072 συμὸεϐηκδς

219 1103 400 1172 λέγειν
431 1103 545 1168 δεῖ,
579 1102 1006 1174 συμϐεϐηκότως
1039 1101 1097 1154 δὲ
1149 1097 1462 1152 οὑσιῶσϐαι.
1495 1096 1642 1166 Πλὴν
1676 1092 1801 1146 ἐπεὶ

218 1198 342 1252 οὐδὲ
379 1199 538 1268 ὑμεῖς
571 1197 708 1269 πρὸς
744 1197 843 1266 τὴν
872 1195 980 1249 τῶν
1018 1193 1238 1248 τοιῶνδε
1289 1189 1526 1261 μάθησιν
1574 1186 1802 1249 ἑαυτοὺς

222 1290 354 1358 ἡμῖν
380 1287 736 1349 ὲκδεδώκατε,
777 1285 899 1339 οὑδὲ
935 1286 1096 1355 ἡμεῖς
1125 1283 1252 1352 ὑμῖν
1289 1279 1422 1349 πρὸς
1470 1277 1680 1333 τοιάνδε
1723 1275 1802 1328 δι-

221 1377 521 1434 δασκαλίαν
557 1377 976 1450 ὲπιῤῥίπτομεν.
1001 1373 1140 1428 Τάδε
1173 1373 1271 1444 μὲν
1307 1371 1448 1432 ἃλις.

298 1639 502 1710 Ἕτερα
528 1639 590 1692 δὲ
622 1637 744 1692 λίαν
772 1636 974 1707 εὔδηλα
1005 1635 1345 1706 τυγχάνοντα
1389 1625 1807 1704 παραστήσουσι

1901 465 2031 512 ηοη,
2055 448 2316 519 quoniam
2338 446 2540 502 accidit
2561 442 2793 500 mortuis
2817 440 3164 514 gravioribus
3197 454 3342 504 esse,
3363 439 3474 510 iam

1899 539 2222 611 gravitatem
2241 537 2506 610 ponderis
2528 551 2650 592 esse
2673 543 2908 590 mortem
2937 531 3252 588 existimare
3264 531 3474 602 justum

1899 640 2004 686 est.
2031 631 2140 687 Sed
2163 630 2539 687 necessarium
2558 637 2644 684 est
2672 627 2994 684 universum
3015 625 3120 681 hoc
3141 625 3208 680 de
3230 640 3340 694 quo
3365 631 3481 678 tra-

1899 731 2086 777 ctatur
2112 723 2485 788 considerare,
2535 729 2596 775 ut
2640 720 2815 791 possit
2847 717 3151 775 secundum
3201 717 3306 772 ista
3335 715 3480 770 ratio

1903 819 2182 873 observari
2213 835 2228 870 :
2265 817 2312 872 si
2337 817 2484 872 enim
2525 817 2764 872 essentia
2809 815 3057 885 quaedam
3084 819 3252 877 esset,
3293 820 3350 866 et
3385 809 3484 865 ali—

1903 907 2052 973 quod
2081 907 2336 962 aecidcns
2359 907 2590 961 haberet
2616 907 2771 976 juxta
2816 919 2896 970 se,
2937 920 3047 958 non
3089 895 3347 958 accidens
3383 916 3484 972 pro

1904 1000 2142 1054 essentia
2171 998 2412 1069 reputari
2444 1005 2697 1068 oportet;
2725 997 2771 1052 si
2807 996 3063 1052 accidens
3099 995 3374 1065 quoddam
3397 1008 3485 1048 cs-

1907 1100 2012 1154 set,
2069 1101 2126 1144 et
2158 1091 2458 1146 essentiam
2505 1088 2738 1144 haberet
2783 1099 3042 1158 tanquam
3078 1087 3182 1142 sibi
3225 1087 3482 1156 positam,

1907 1183 2011 1238 hoc
2039 1181 2276 1253 primum
2299 1193 2356 1237 et
2389 1179 2610 1252 proprie
2635 1197 2747 1236 non
2777 1180 3074 1236 essentiam
3104 1179 3199 1236 sed
3228 1179 3487 1234 accidens

1906 1289 2028 1330 esse
2055 1274 2350 1330 dicendum
2383 1282 2488 1339 est,
2518 1272 2936 1328 accidentaliter
2972 1262 3157 1325 autem
3188 1270 3483 1325 essentiam

1909 1365 2049 1419 ﬁeri.
2080 1365 2377 1426 Caeterum.
2423 1379 2548 1418 eum
2581 1379 2683 1418 vos
2729 1379 2839 1418 non
2885 1361 2954 1417 ad
3001 1363 3131 1418 talia
3163 1361 3487 1417 discendum

1907 1471 2008 1511 vos
2035 1455 2182 1526 ipsos
2219 1455 2380 1522 nobis
2426 1453 2679 1516 dedistis,
2713 1469 2896 1524 neque
2939 1469 3043 1508 nos
3087 1453 3251 1508 vobis
3294 1453 3352 1508 in
3384 1454 3494 1508 tale

1911 1548 2286 1617 magisterium
2316 1548 2618 1602 irruemus.
2651 1547 2728 1600 De
2757 1546 2846 1601 his
2875 1545 3096 1616 quidem
3125 1544 3277 1600 satis.

1988 1637 2105 1692 Alia
2132 1647 2316 1692 autem
2348 1637 2582 1692 multum
2608 1636 2901 1708 perspicua
2947 1645 3249 1690 occurrunt
3287 1633 3375 1690 his
3399 1635 3497 1704 qui

223 1731 332 1784 τὼν
363 1729 632 1796 δοξάντων
657 1730 786 1800 ὑμῖν
820 1730 1070 1782 πλεῖστον
1103 1724 1244 1782 εἶναι
1271 1727 1331 1782 τὸ
1358 1727 1578 1781 ἄτοπον.
1615 1725 1676 1777 Ei
1700 1722 1806 1796 γὰρ

1926 1737 2104 1786 ιιιιειιιι
2149 1739 2386 1784 vestram
2441 1745 2564 1784 esse
2615 1729 2910 1782 immanem
2967 1726 3388 1782 absurditatem.
3438 1727 3496 1782 Si

226 1823 286 1876 αἱ
317 1821 654 1885 ὑποστάσεις
681 1823 832 1876 οὐδὲν
871 1821 1081 1891 ἕτερον,
1111 1819 1226 1876 ἀλλ’
1261 1819 1296 1891 ἢ
1335 1819 1501 1873 ίδικαὶ
1531 1815 1711 1872 οὐσίαι
1737 1816 1812 1869 εἱ-

229 1916 319 1980 ci,
346 1917 494 1986 τρεῖς
545 1913 796 1982 λέγοντες
824 1913 922 1973 τὰς
948 1913 1276 1976 ὑποστάσεις
1305 1912 1404 1982 τῆς
1443 1909 1603 1978 ἁγίας
1639 1908 1811 1978 Τριά-

227 2003 342 2070 δος,
372 2003 614 2074 δηλονότι
666 2005 816 2073 τρεῖς
857 2001 1079 2064 καὶτὰς
1124 2000 1315 2062 οὑσίας
1355 1995 1492 2066 φατέ
1516 2013 1529 2026 ·
1566 1995 1661 2050 xui
1700 1995 1810 2048 ἰδοὺ

228 2095 331 2166 τὴν
361 2095 604 2166 τριθεῖαν
639 2095 776 2164 μετὰ
803 2093 906 2164 τῆς
931 2095 1012 2156 εἰς
1041 2094 1142 2164 τὴν
1191 2091 1508 2162 οἰκονομίαν
1565 2088 1812 2160 βλασφη-

233 2186 366 2256 μίας
399 2185 764 2240 ὑπεδύσασθε.
787 2186 910 2238 Ἔτι
940 2184 997 2238 δὲ
1021 2185 1116 2238 xui
1145 2184 1320 2246 ἄλλως
1339 2182 1402 2236 τὸ
1428 2181 1630 2235 ἄτοπον
1659 2175 1814 2249 ὑμῶν

229 2275 584 2347 γνωριστέον.
635 2276 699 2328 Ei
739 2274 848 2346 γὰρ
875 2275 1030 2328 οὑσία
1056 2277 1090 2346 ἡ
1125 2273 1266 2344 ίδικὴ
1318 2271 1599 2328 Ματθαίου
1629 2269 1812 2340 τυχὸν,

229 2367 334 2440 τῆς
390 2368 578 2430 οὐσίας
611 2365 845 2438 Μάρκου
891 2366 992 2435 τῆς
1037 2364 1214 2433 ίδικῆς
1241 2364 1394 2418 οὐδὲν
1423 2363 1672 2432 διαφέρει
1703 2359 1816 2433 (τὸν

231 2461 345 2531 γὰρ
375 2459 539 2513 αὑτὸν
563 2459 722 2527 λόγον
751 2459 846 2512 xui
878 2459 1005 2528 ὅρον
1025 2457 1336 2526 ἐπιδέχεται
1365 2453 1626 2526 ἑκατέρα)
1653 2495 1667 2520 ,
1695 2453 1817 2507 οὑδὲ

233 2553 270 2621 ἡ
297 2551 614 2614 ὑπόστασις,
651 2549 822 2620 ἡγουν
870 2548 932 2602 τδ
997 2549 1308 2620 πρόσωπον,
1359 2545 1640 2603 Ματθαίου
1667 2583 1684 2612 ,
1716 2545 1818 2618 τῆς

235 2643 613 2709 ὑποστάσεως,
637 2643 816 2696 εῖτουν
844 2641 942 2695 τοῦ
980 2639 1299 2712 προσώπου,
1321 2639 1554 2712 Μάρκου
1583 2636 1818 2703 διενέξε-

235 2751 350 2799 ται,
375 2733 514 2788 ἀλλὰ
546 2733 638 2788 τὸν
667 2732 830 2786 αὑτὸν
855 2735 983 2806 ὅρον
1015 2733 1109 2787 καί
1134 2731 1294 2801 λόγον
1317 2772 1332 2797 ,
1363 2731 1540 2784 εῖτουν
1577 2731 1820 2803 ὑπογρα-

239 2827 368 2896 φὴν,
404 2825 642 2895 ἑκατέρα
713 2825 1019 2891 ὶπιδέξεται
1075 2825 1372 2887 ὑπόστασις
1403 2839 1417 2854 ο
1447 2823 1542 2876 xui
1601 2823 1659 2874 ὲν
1710 2823 1821 2884 τοῖς

239 2918 424 2978 αὑτοῖς
478 2917 540 2968 οὑ
605 2915 768 2986 μόνον
825 2909 995 2980 οὗτοι,
1061 2914 1198 2968 ἀλλὰ
1247 2914 1342 2968 xui
1393 2915 1501 2978 πᾶς
1538 2911 1821 2982 ἄνθρωπος

239 3006 676 3078 γνωρισθήσεται
706 3006 962 3076 ίδιώμασι
996 3007 1090 3060 xui
1122 3007 1182 3058 ὲν
1222 3009 1344 3068 ταῖς
1379 3004 1440 3068 ἐξ
1470 3003 1654 3058 αὑτῶν
1685 3005 1823 3056 ὑπο-

1911 1821 2059 1877 enim
2094 1820 2473 1878 subsistentia:
2505 1820 2644 1874 nihil
2689 1817 2841 1874 aliud
2873 1817 2979 1873 nisi
3017 1817 3380 1888 particulares
3406 1832 3497 1872 es-

1913 1911 2105 1968 sentiae
2131 1923 2285 1976 sunt,
2319 1921 2435 1967 tres
2481 1910 2719 1967 dicendo
2765 1908 3158 1966 subsistentias
3203 1909 3256 1964 in
3309 1919 3500 1964 sancta

1913 2001 2136 2070 Triade,
2165 2003 2454 2058 evidenter
2480 2010 2594 2057 tres
2613 2002 2886 2057 essentias
2928 2016 3150 2072 quoque
3189 1997 3395 2055 dicitis.
3433 2000 3502 2054 Et

1914 2109 2046 2150 ecce
2077 2093 2349 2164 triplicem
2378 2093 2734 2164 divinitatem
2768 2107 2894 2148 eum
2928 2100 3110 2146 vestra
3151 2091 3208 2146 in
3249 2090 3505 2153 incarna-

1915 2181 2123 2238 tionem
2189 2183 2535 2253 blasphemia
2588 2181 2902 2238 insinuatis.
2965 2179 3164 2236 Adhuc
3209 2186 3393 2234 autem
3446 2186 3506 2233 et

1915 2272 2076 2328 aliter
2122 2279 2308 2328 vestra
2347 2271 2667 2328 absurditas
2687 2287 2748 2328 se
2777 2269 3056 2342 patefacit.
3107 2269 3164 2325 Si
3194 2269 3344 2326 enim
3373 2267 3505 2322 sub-

1917 2365 2116 2419 stantia
2152 2363 2504 2434 particularis
2526 2363 2785 2430 Mattbaii,
2804 2362 2958 2418 verbi
2989 2361 3186 2433 gratia,
3219 2361 3290 2416 ab
3311 2375 3506 2416 essen-

1919 2459 1994 2512 tia
2017 2457 2185 2512 Marci
2231 2457 2553 2528 particulari
2584 2455 2724 2512 nihil
2761 2455 2970 2520 differt,
3011 2455 3375 2524 eamdemque
3421 2467 3506 2508 ra-

1920 2549 2130 2604 tionem
2170 2558 2227 2604 ct
2246 2549 2508 2605 eumdem
2541 2547 2840 2604 terminum
2887 2547 3088 2618 recipit
3117 2555 3370 2616 utraque,
3398 2561 3508 2600 non

1918 2641 2307 2707 subsistentia,
2341 2641 2396 2696 id
2426 2649 2511 2696 est
2529 2655 2787 2710 persona,
2820 2638 3060 2694 Matthxi
3092 2654 3123 2693 a
3153 2637 3512 2694 subsistentia

1930 2731 2171 2802 indeque
2215 2747 2454 2804 persona
2491 2733 2660 2787 Marci
2701 2732 3070 2796 diseernetur,
3113 2731 3210 2786 sed
3255 2731 3510 2786 eumdem

1927 2823 2257 2890 terminum,
2287 2823 2539 2878 eamdem
2579 2823 2874 2888 rationem,
2909 2832 2967 2878 et
3007 2821 3241 2892 proinde
3265 2819 3512 2875 eamdem

1926 2915 2357 2986 descriptionem
2385 2914 2621 2984 accipiet
2642 2923 2879 2984 utraque
2907 2913 3266 2970 subsistentia
3291 2929 3305 2978 ;
3336 2921 3392 2967 et
3416 2929 3516 2981 per

1923 3007 2145 3062 easdem
2173 3021 2284 3060 non
2316 3005 2407 3060 isti
2439 3005 2638 3069 solum,
2669 3004 2764 3060 sed
2788 3005 2971 3060 omnis
2993 3005 3158 3060 homo
3187 3013 3518 3075 agnoscetur

243 3097 502 3150 στάσεσιν
522 3114 535 3127 ·
569 3097 726 3166 εῐπερ
759 3092 958 3149 ταυτόν
979 3095 1126 3146 ἐστιν
1151 3095 1184 3163 ἡ
1213 3094 1353 3162 ἰδικὴ
1375 3093 1482 3146 τῶν
1507 3093 1819 3145 καοέκαστα

1928 3097 2301 3167 proprietates
2329 3106 2386 3150 et
2425 3112 2524 3165 per
2551 3096 2940 3152 subsistentias
2968 3110 3091 3164 quae
3125 3095 3193 3150 ad
3231 3095 3354 3150 illas
3387 3110 3518 3165 per-

241 3187 402 3238 οὑσία
431 3188 498 3255 τῇ
519 3187 836 3238 ὑποστάσει.
869 3185 990 3236 Ἔτι
1013 3185 1070 3237 δὲ
1092 3223 1106 3248 ,
1138 3176 1184 3235 ὦ
1222 3177 1390 3246 οὗτοι,
1448 3180 1824 3252 μνημονεῦσαι

243 3279 353 3330 τῶν
411 3277 698 3346 ὑμετέρων
739 3275 1102 3345 δυσωπήθητε
1132 3291 1146 3304 ’
1179 3273 1412 3345 καὶγὰρ
1459 3273 1566 3342 πρὸ
1624 3272 1822 3344 μικροῦ

247 3370 377 3439 ὑμῖν
407 3367 616 3437 εἴρητο,
646 3368 730 3420 ὅτι
768 3367 866 3418 οὐκ
889 3365 949 3428 ἐξ
986 3364 1263 3416 οὑσιωδῶν
1284 3365 1318 3432 ἡ
1352 3363 1647 3424 ὑπόστασις
1699 3377 1826 3414 συν-

245 3460 501 3530 έστηκεν.
533 3460 596 3512 El
647 3455 740 3513 οὖν
769 3457 968 3512 ταύτόν
999 3459 1116 3509 ἐστι
1151 3457 1219 3527 τῇ
1260 3457 1400 3526 ἰδικῇ
1431 3454 1612 3525 οὐσίᾳ,
1643 3452 1764 3506 οὐδὲ
1791 3455 1824 3522 ἠ

253 3553 396 3624 tam;
431 3551 593 3606 οὐσία
643 3550 848 3630 δηλαδῂ
879 3547 938 3616 ἐξ
985 3548 1259 3629 οὖσιωδῶν
1316 3546 1682 3618 συνέστηκεν·
1711 3545 1828 3598 ἀλλ’

247 3648 327 3708 ὣς
364 3645 422 3696 ὲν
451 3644 684 3716 ἐκείνοις
720 3643 906 3696 εἴπετε
938 3643 1034 3694 xui
1071 3641 1252 3711 ὑμεῖς,
1286 3641 1350 3692 ὲκ
1383 3638 1677 3708 σιμότητος
1734 3638 1830 3691 xui

254 3736 580 3806 λευκότητος
602 3735 697 3788 xui
723 3734 832 3787 τῶν
857 3733 1081 3803 ὁμοίων,
1111 3731 1145 3802 ἦ
1177 3731 1283 3785 ἀπὸ
1305 3731 1507 3800 τρόπου
1539 3727 1830 3798 ὑπάρξεως

257 3829 408 3884 ἔσται
467 3827 762 3900 ὑφεστῶσα
818 3827 854 3896 ή
910 3826 1052 3896 ἰδικὴ
1109 3823 1566 3895 ὑπαρξις,εῖτουν
1620 3822 1777 3875 οὐσία
1815 3839 1828 3851 ·

251 3917 403 3972 ἔσται
433 3918 529 3972 οὖν
561 3920 620 3983 ἐξ
644 3915 918 3971 άνουσίων
947 3917 981 3984 ή
1007 3913 1169 3968 οὐσία
1197 3929 1211 3946 ’
1245 3915 1342 3967 xui
1374 3911 1434 3978 ἐξ
1465 3911 1831 3984 ἀνυπάρκτων

249 4013 285 4082 ἡ
317 4008 570 4081 ὑπαρξις.
605 4011 668 4064 Ei
687 4009 743 4062 δὲ
767 4007 975 4062 τούτων
998 4007 1119 4061 λίαν
1143 4005 1369 4075 εὔδηλον
1391 4006 1452 4058 τὸ
1481 4005 1710 4074 ἀνόητον
1737 4005 1832 4057 xui

253 4103 582 4175 μειρακίοις,
604 4101 780 4171 μάτην
802 4100 910 4170 ἄρα
926 4100 1150 4171 τοσήνδε
1166 4097 1260 4152 τοῦ
1280 4097 1638 4166 συλλογισμοῦ
1657 4095 1826 4166 ραψο-

250 4195 436 4262 λογίαν
469 4189 956 4253 καταναλώσαντες
982 4231 998 4253 ,
1027 4175 1182 4244 οὐδὲν
1228 4191 1442 4252 ἑαυτοῖς
1472 4189 1824 4257 ὲπορίσασθε.

1929 3189 2142 3253 tinent;
2177 3188 2452 3258 siquidem
2485 3187 2631 3241 idem
2659 3194 2747 3242 est
2787 3186 3141 3257 particularis
3191 3187 3244 3240 in
3285 3187 3518 3256 singulis

1927 3281 2170 3336 essentia
2192 3295 2256 3334 ac
2278 3280 2660 3334 subsistentia.
2683 3279 2884 3334 Adhuc
2903 3287 3108 3344 autem,
3140 3293 3174 3333 ο
3189 3277 3516 3342 adversarii,

1930 3381 2111 3426 vestra
2138 3371 2420 3426 recordari
2446 3371 2781 3426 erubescite.
2826 3369 3044 3425 Etenim
3083 3385 3260 3441 nuper
3287 3387 3319 3426 a
3360 3371 3520 3426 vobis

1934 3461 2145 3516 dictum
2195 3471 2282 3518 est
2370 3462 2787 3517 subsistentiam
2834 3477 2903 3516 ex
2953 3461 3347 3518 essentialibus
3404 3478 3516 3516 non

1934 3564 2226 3620 constare;
2261 3556 2306 3610 si
2340 3555 2508 3624 igitur
2543 3555 2688 3610 idem
2724 3564 2812 3610 est
2838 3571 2902 3610 ac
2926 3555 3286 3626 particularis
3324 3571 3518 3612 essen-

1940 3647 2035 3713 tia,
2075 3663 2253 3716 neque
2277 3648 2630 3718 particularis
2645 3649 2888 3703 essentia
2922 3646 3210 3703 evidenter
3240 3664 3307 3704 ex
3330 3663 3520 3703 essen-

1940 3739 2164 3793 tialibus
2197 3748 2435 3794 constat.
2463 3738 2569 3794 Sed
2604 3754 2729 3792 cum
2755 3739 2824 3794 de
2853 3739 2978 3793 istis
3006 3753 3103 3794 vos
3122 3738 3308 3793 dicitis
3341 3753 3405 3794 ex
3441 3741 3521 3794 si-

1941 3831 2200 3884 mositate
2255 3840 2312 3886 et
2368 3831 2556 3886 altiore
2605 3839 2661 3886 et
2729 3831 3005 3886 similibus
3047 3843 3338 3896 conSIare,
3371 3843 3523 3886 certe

1939 3931 2127 3976 contra
2177 3923 2510 3978 exsistentize
2554 3922 2776 3977 modum
2833 3931 3110 3978 statuetur
3172 3923 3520 3994 particularis

1943 4013 2266 4068 exsi'stentia
2295 4029 2390 4068 seu
2431 4014 2702 4080 essentia;
2733 4015 2841 4068 erit
2871 4015 3038 4085 igitur
3063 4029 3094 4070 e
3122 4030 3235 4069 non
3254 4015 3524 4070 essentia.

1943 4103 2088 4158 libus
2109 4105 2370 4168 essentia,
2397 4113 2452 4160 et
2473 4121 2504 4159 e
2523 4121 2633 4160 non
2657 4104 3054 4161 exsistentibus
3085 4105 3426 4162 exsistentia.
3461 4105 3521 4160 Si

1938 4210 2069 4250 vero
2110 4211 2304 4250 eorum
2337 4197 2652 4251 absurditas
2686 4197 2914 4253 evidens
2947 4206 3033 4253 est
3066 4197 3367 4278 admodum
3412 4198 3516 4253 im-

250 4284 465 4355 peritis,
499 4281 700 4338 frustra
725 4281 891 4352 igitur
923 4280 1086 4335 talem
1122 4277 1618 4351 argumentationis
1649 4277 1971 4337 inanitatem
2003 4283 2312 4347 molientes,
2347 4283 2486 4338 nihil
2511 4285 2670 4340 vobis
2692 4284 2826 4354 ipsis
2859 4285 3192 4355 profeciSIis.

856 4417 1106 4472 ΚΕΦΑΛ.
1137 4419 1213 4472 Z'.

323 4513 409 4576 El,
445 4510 632 4582 ἐπειδὴ
681 4511 738 4563 ἐν
767 4509 845 4580 τῷ
877 4509 997 4580 Θεῷ
1026 4509 1185 4579 Λόγῳ
1223 4507 1431 4578 ὑπέστη
1457 4507 1486 4560 ό
1519 4505 1829 4577 ἄνθρωπος,

251 4607 352 4662 οὐκ
405 4605 520 4676 ἔχει
553 4604 852 4658 ὑπόστασιν
899 4605 1034 4657 ἰδίαν
1063 4605 1091 4656 ὁ
1146 4603 1466 4672 ἄνθρωπος,
1517 4600 1632 4664 πῶς
1677 4601 1726 4653 εί
1776 4603 1832 4653 ὲν

251 4697 399 4770 αὑτῷ
431 4697 555 4768 ἔφυ,
591 4696 703 4767 ἔχει
730 4695 890 4765 φύσιν
923 4695 1061 4748 ἰδίαν
1088 4697 1116 4748 ὁ
1148 4694 1434 4766 ἄνθρωπος
1463 4709 1478 4758 ;
1512 4692 1604 4745 xui
1635 4693 1684 4744 εί
1719 4691 1832 4761 ἔχει

253 4791 416 4858 φύσιν
439 4789 572 4844 ἰδίαν
592 4791 620 4840 ὁ
640 4788 736 4842 ἄνθ
745 4803 950 4858 ρωπος,
978 4787 1093 4851 πῶς
1125 4787 1225 4856 οὑχ
1252 4782 1362 4848 ἕξει
1379 4783 1476 4838 καὶ
1496 4782 1828 4846 ὑπόστασινς

255 4883 325 4936 "ll
352 4883 494 4936 ἔστω
525 4881 630 4950 φὺς
655 4879 762 4944 ἔξω
791 4895 893 4932 που
935 4879 1031 4932 τοῦ
1062 4877 1198 4931 Θεοῦ
1239 4877 1416 4945 Λόγου
1439 4891 1453 4907 ο
1490 4873 1732 4937 ὑποστάς
1777 4873 1833 4926 δὲ

253 4973 480 5048 ὕστερον
505 4977 562 5028 ὲν
585 4973 757 5042 αὐτῷ,
793 4970 908 5034 πῶς
930 4970 987 5024 δὲ
1027 4970 1122 5023 xui
1146 4968 1307 5038 φύσις
1336 4967 1432 5022 τόῦ
1466 4966 1526 5032 ἐξ
1561 4967 1718 5038 ἡμῶν
1741 4967 1836 5020 άν-

253 5065 496 5137 Θρώπου,
539 5064 646 5136 πρὸ
683 5063 784 5132 τῆς
837 5061 1189 5124 ὑποστάσεως
1227 5061 1326 5130 τῆς
1370 5060 1543 5126 ίδίας;
1579 5059 1700 5113 Τῶν
1731 5060 1834 5128 φό-

256 5173 392 5211 σεων
423 5157 532 5210 τῶν
561 5173 618 5208 τε
649 5155 852 5225 ὁμοίων
880 5154 976 5207 xui
999 5153 1272 5223 ἀνομοίων
1305 5153 1739 5226 διακρινομένων
1776 5168 1836 5204 τε

255 5248 350 5304 xui
383 5249 710 5317 ἔνου-μένων,
740 5248 801 5300 οὑ
823 5245 990 5315 λόγῳ,
1013 5244 1148 5298 ἀλλὰ
1173 5245 1389 5314 φύσεως
1411 5245 1652 5317 ἀριθμῷ,
1670 5244 1838 5315 ἤγουν

255 5337 328 5402 ὡς
353 5337 665 5409 ἀριθμητῆς
706 5335 946 5406 ἑκάστης
983 5335 1074 5403 ἀφ’
1108 5335 1306 5405 ἐτέρας
1355 5334 1546 5401 ὁμοίας
1609 5333 1705 5388 καὶ
1739 5333 1836 5385 ἀν-

255 5432 443 5500 ομοίου
495 5427 864 5499 διωρισμένης
886 5468 900 5492 ,
951 5425 1050 5496 τὴν
1100 5426 1158 5476 ἐν
1204 5427 1316 5485 τοῖς
1351 5419 1472 5477 οὖσι
1505 5423 1615 5478 τῶν
1652 5441 1710 5476 τε
1747 5424 1840 5476 άν-

256 5525 458 5594 ομοίων
481 5521 752 5584 σύνθεσιν,
771 5519 864 5572 xui
881 5517 988 5572 τῶν
1010 5515 1214 5586 ὁμοίων
1233 5514 1527 5585 διάκρισιν,
1549 5516 1583 5586 ἡ
1603 5515 1839 5568 ὑπόστα-

260 5636 344 5683 σις
393 5619 522 5689 ἡμῖν
575 5615 822 5684 πέφυκεν
854 5609 1222 5679 ἐξαγγέλλειν,
1251 5608 1530 5678 διορισμός
1580 5627 1665 5673 τις
1702 5604 1838 5662 οὖσα

256 5709 462 5782 κυρίως
491 5708 588 5776 xui
621 5705 922 5767 ἀπόστασις
951 5703 1140 5774 ἑτέρου
1173 5701 1318 5765 τινὸς
1343 5702 1436 5771 ἀφ’
1472 5699 1661 5771 ἑτέρου
1690 5717 1702 5730 ο
1734 5702 1836 5756 κᾶν

1856 4391 1910 4450 D

2569 4419 2719 4475 CAP.
2763 4419 2876 4475 VII.

2009 4515 2088 4581 Si,
2119 4513 2382 4584 quoniam
2423 4512 2477 4566 in
2523 4513 2635 4568 Deo
2664 4511 2844 4568 Verbo
2873 4511 3125 4566 subsistit
3173 4512 3358 4578 homo,
3405 4531 3518 4570 non

1937 4606 2105 4676 habet
2141 4605 2558 4659 subsistentiam
2594 4605 2762 4658 homo
2797 4603 3102 4672 propriam,
3133 4601 3435 4672 quomodo,
3468 4605 3517 4658 si

1937 4700 1992 4753 in
2022 4697 2244 4752 Christo
2272 4704 2377 4760 est,
2407 4697 2574 4752 habet
2605 4695 2886 4766 propriam
2935 4695 3101 4750 homo
3129 4696 3423 4751 naturam?
3451 4697 3521 4756 Et

1936 4792 1981 4846 si
2016 4790 2184 4844 habet
2225 4796 2478 4844 naturam
2532 4789 2812 4858 propriam
2865 4787 3052 4854 homo,
3082 4787 3362 4857 quomodo
3405 4803 3515 4844 non

1939 4881 2166 4938 habebit
2185 4891 2242 4936 et
2264 4881 2680 4936 subsistentiam
2709 4881 2847 4936 ?sed
2871 4881 3137 4936 subsistat
3165 4887 3318 4934 extra
3343 4879 3515 4935 Deum

1937 4973 2212 5037 Verbum‘,
2252 4982 2310 5028 et
2355 4972 2665 5027 subsistens
2702 4981 2894 5041 postea
2947 4971 3002 5025 in
3053 4972 3169 5037 illo,
3234 4973 3514 5042 quomodo

1937 5073 2136 5120 natura
2192 5061 2488 5118 bominisa
2537 5061 2698 5116 nobis
2723 5060 2967 5125 oriundi,
3017 5061 3281 5130 praecedit
3331 5063 3555 5118 subsi-.

1939 5155 2200 5210 stentiam
2235 5153 2557 5228 propriam?
2583 5153 2806 5210 Naturis
2834 5153 3110 5210 similibus
3139 5163 3237 5210 aut
3280 5153 3522 5210 dissimi-

1939 5247 2087 5303 libus
2149 5247 2428 5303 distinctis
2474 5257 2531 5302 et
2592 5246 2905 5312 unilicatis,
2969 5263 3080 5302 non
3137 5247 3356 5302 ratione
3425 5243 3527 5306 sed

1941 5349 2151 5395 natura;
2211 5351 2483 5403 numero,
2537 5338 2591 5394 id
2651 5347 2758 5402 est,
2839 5347 3100 5410 tanquam
3179 5339 3225 5393 si
3293 5351 3527 5408 quaeque

1943 5439 2137 5486 natura
2195 5430 2558 5486 numerabilis
2604 5431 2673 5486 ab
2746 5432 2853 5487 alia
2911 5431 3076 5487 simili
3137 5439 3233 5486 aut
3287 5427 3526 5484 absimili
3625 5467 3634 5473 .

1941 5525 2400 5586 discerneretur,
2468 5525 2524 5580 in
2584 5525 2808 5580 entibus
2881 5525 3219 5580 absimilium
3295 5521 3531 5589 conjun-

1935 5614 2182 5668 .ctionem
2248 5621 2306 5667 et
2384 5613 2652 5669 similium
2731 5615 3145 5669 distinctionem
3215 5609 3527 5664 subsisten-

1943 5703 2017 5758 tia
2089 5703 2251 5759 nobis
2331 5705 2614 5765 ostendit,
2692 5719 2893 5776 nempe
2972 5719 3098 5758 cum
3163 5701 3238 5755 sit
3301 5715 3526 5772 proprie
