3932 6152
449 245 600 322 ,1551
1003 271 1033 280 ’-

1728 251 2043 313 LEONTII
2085 253 2489 321 ΒΥΖΑΝΤΙΝῘ

3605 255 3761 324 1552

464 361 861 418 determinatio
897 371 955 420 et
1001 365 1283 436 separatio
1319 366 1464 422 alius
1502 366 1748 438 cujusvis
1793 367 1862 422 ab
1907 368 2016 424 alio

2157 385 2217 422 τε
2255 369 2418 438 ὃμοια
2434 370 2648 439 τύχοιεν
2672 369 2800 423 ὄντα
2819 371 2919 442 τὴν
2947 371 3132 440 φύσιν,
3164 373 3265 426 κᾶν
3293 387 3352 425 τε
3389 370 3642 440 ἀνόμοια
3669 374 3759 441 ειη

457 456 562 511 etsi
581 451 784 511 similia
813 456 1096 529 contingat
1121 459 1249 514 talia
1269 474 1413 526 esse,
1432 460 1737 516 secundum
1763 471 2040 528 naturam,

454 559 514 606 et
533 549 808 606 absimilia
825 551 938 606 sint
961 566 1084 620 quae
1110 551 1380 608 diﬂerunt
1402 553 1616 610 naturis
1639 555 1786 609 aliud
1811 554 1881 610 ab
1909 555 2040 621 alio,

457 655 570 696 non
603 641 818 696 ratione
867 643 1130 709 omnino,
1183 643 1278 698 sed
1312 643 1427 714 ipsa
1459 645 1802 700 exsistentia.
1842 645 2040 701 Subsi-

458 734 692 788 stentias
717 733 866 788 enim
899 745 1146 791 servatas
1174 736 1479 792 secundum
1512 737 1662 808 quod
1685 737 2040 808 distinguun-

456 835 572 892 tur,
597 826 654 881 in
691 841 760 882 eo
791 827 1044 883 nnilieari
1077 828 1426 898 impossibile
1453 838 1559 884 est.
1581 828 1633 884 SI
1661 831 1830 900 igitur
1857 829 2042 885 subsi-

455 919 656 974 stentia
703 919 776 974 sit
822 919 1178 990 particularis
1222 920 1456 986 homini,
1501 922 1785 992 quomodo
1837 921 1893 975 in
1929 922 2041 977 Deo

455 1012 644 1068 Verbo
692 1028 794 1083 per
842 1013 1109 1068 unionem
1157 1013 1322 1068 homo
1357 1021 1463 1079 est,
1513 1013 1561 1068 si
1611 1014 1794 1084 reipsa
1839 1013 2042 1068 habeat

455 1105 603 1176 quod
629 1113 850 1176 separet
875 1105 1025 1160 hunc
1047 1105 1279 1160 abillo?
1321 1105 1466 1160 sicut
1487 1106 1655 1176 igitur
1679 1105 1748 1160 ab
1779 1105 2040 1161 omnibus

453 1197 577 1253 aliis
593 1208 746 1253 extra
777 1197 1176 1253 evsistentibus
1195 1197 1517 1253 hominibus
1535 1206 1827 1268 separatur
1848 1197 2036 1262 homo,

455 1291 510 1346 id
543 1300 628 1346 est
653 1306 752 1361 per
787 1291 1228 1356 subsistentiam,
1264 1299 1476 1345 naturae
1509 1299 1698 1345 autem
1746 1290 2038 1344 inconfuse

454 1385 574 1440 alite
596 1385 719 1440 aliis
751 1383 894 1439 uniri
919 1395 1144 1455 possent
1175 1383 1230 1438 in
1257 1383 1620 1438 subsistentia
1657 1383 1894 1454 quadam
1927 1397 2036 1436 non

452 1477 794 1547 accipientes
839 1477 961 1532 aliae
993 1475 1064 1532 ab
1118 1476 1242 1532 aliis
1295 1477 1554 1546 proprias
1601 1477 1884 1542 rationes;
1925 1490 2038 1529 non

451 1569 600 1624 enim
632 1569 748 1625 hanc
784 1577 995 1624 natura:
1026 1568 1170 1623 ratio
1197 1568 1364 1623 modo
1393 1569 1663 1623 distincto
1693 1577 1750 1622 et
1771 1567 2034 1622 determi-

453 1671 586 1716 nato
617 1661 687 1716 ab
715 1661 866 1714 omni
901 1669 1100 1716 natura
1129 1659 1412 1724 subsistit,
1452 1669 1515 1714 ut
1544 1658 2032 1714 subsistentiarum

2151 460 2221 521 τὰ
2258 459 2580 531 διεστηκότα
2611 464 2733 525 ταῖς
2764 461 2990 530 φύσεσιν
3019 463 3290 534 ἀλλήλων.
3322 464 3389 516 οὑ
3414 461 3572 534 λόγῳ
3605 463 3752 517 πάν-

2151 566 2280 613 τως,
2301 550 2422 617 ἀλλ’
2465 552 2602 622 αὐτῇ
2621 555 2688 623 τῇ
2717 552 2968 622 ὑπάρξει.
2995 554 3106 617 Τάς
3137 553 3473 616 ὑποστάσεις
3495 554 3616 626 γὰρ
3649 571 3760 608 σω·

2151 639 2388 710 ζομένας
2416 643 2559 696 κατὰ
2579 642 2741 698 τοῦτο
2770 645 2891 698 καθ’
2920 644 2948 696 ὃ
2981 644 3331 716 διορίζονται,
3362 647 3636 717 ἐντούτῳ
3661 651 3761 700 καὶ

2151 731 2406 787 ένοῦσθαι
2449 733 2730 790 ἀδύνατον.
2760 737 2820 790 Εἰ
2853 732 2948 790 οὖν
2995 738 3223 806 γέγονεν
3251 739 3565 804 ὑπόστασις
3605 743 3758 812 {and}

2149 825 2229 897 τῷ
2252 826 2546 899 ἀνθρώπῳ,
2578 829 2697 892 πῶς
2735 832 2790 882 ὲν
2815 829 2893 900 τῷ
2922 829 3042 901 Θεῷ
3066 833 3224 902 Λόγῳ
3241 832 3326 885 διὰ
3350 834 3449 904 τῆς
3484 834 3758 900 ὲνὼσεως

2151 919 2180 970 ὁ
2212 918 2502 988 ἅνθρωπός
2560 922 2733 981 ἐστιν,
2776 923 2825 974 εἰ
2858 923 3030 987 ὅντως
3051 923 3163 994 ἔχοι
3195 924 3354 978 τοῦτο
3393 926 3455 978 τὸ
3508 929 3758 998 χωρίζον

2151 1010 2317 1066 αὑτὸν
2367 1013 2462 1065 ἀπ’
2491 1013 2660 1066 αὑτοῦ
2690 1033 2704 1080 ;
2732 1013 2920 1086 ὥσπερ
2947 1015 3041 1069 οὖν
3077 1017 3174 1070 καὶ
3220 1017 3328 1072 ἀπὸ
3367 1019 3600 1072 πάντων
3640 1021 3758 1074 τῶν

2148 1103 2326 1158 ἄλλων
2354 1105 2462 1158 τῶν
2481 1106 2636 1170 ἐκτὸς
2651 1107 2818 1160 αὑτοῦ
2849 1108 3178 1174 ὑφεστώτων
3207 1111 3540 1179 ἀνθρώπιον,
3569 1113 3757 1180 ἡγουν

2147 1197 2244 1266 τὴν
2279 1197 2602 1262 ὑπόστασιν,
2629 1199 2822 1269 φύσεις
2869 1200 2926 1252 δὲ
2961 1201 3058 1254 καὶ
3110 1200 3362 1256 ἑνοῦσθαι
3407 1204 3756 1274 ἀσυγχὺτως

2149 1285 2410 1356 ἀλλήλαις
2437 1287 2691 1342 δύνανται
2735 1291 2794 1341 ὲν
2823 1289 3120 1344 ὑποστάσει
3150 1292 3258 1344 τινὶ
3283 1293 3368 1364 μὴ
3403 1295 3754 1364 ἀναιρούμε-

2144 1378 2234 1435 ναι
2261 1379 2354 1432 ὑπ’
2384 1379 2630 1451 ἀλλήλων
2657 1381 2782 1460 τοὺς
2814 1382 3048 1446 οἰκείους
3081 1382 3294 1452 λόγους.
3325 1385 3400 1438 Οὑ
3435 1388 3552 1456 γὰρ
3584 1389 3755 1444 τοῦτο

2153 1473 2370 1542 φύσεως
2408 1476 2568 1545 λᾲγος
2615 1477 2676 1531 τὸ
2727 1479 3166 1551 διακεκριμένως
3211 1484 3307 1536 καὶ
3354 1483 3754 1554 διωρισμένως

2153 1567 2262 1621 ἀπὸ
2299 1569 2479 1638 πάσης
2519 1570 2735 1640 φύσεως
2785 1573 3175 1644 ὑφεστηκέναι,
3209 1575 3402 1648 ῶσπερ
3443 1579 3561 1640 τῶν
3609 1581 3753 1636 ὑπο-

2152 1661 2396 1715 στᾶσεων
2427 1677 2440 1691 ⁸
2478 1661 2597 1726 πῶς
2647 1663 2749 1716 οὑκ
2797 1662 2862 1716 ἂν
2910 1664 3205 1729 ἀκωλύτως
3250 1669 3338 1738 εἴη
3378 1670 3647 1741 ἡνωμένη
3679 1675 3749 1744 τῇ

453 1754 632 1821 ratio;
659 1753 940 1824 quomodo
967 1768 1080 1807 non
1110 1752 1552 1822 independenter
1581 1762 1730 1807 esset
1760 1754 1916 1806 unita
1947 1765 2032 1804 na-

2148 1753 2333 1832 φύσειΔ
2357 1753 2452 1807 τοῦ
2488 1753 2624 1808 Θεοῦ
2678 1756 2854 1826 Λόγου
2887 1759 2919 1827 ἡ
2947 1757 3108 1826 φύσις
3132 1761 3165 1829 ἠ
3197 1731 3542 1830 ἀνθρωπεία,

453 1854 592 1900 tura:
615 1845 714 1901 Dei
753 1845 923 1900 Verbi
956 1853 1155 1899 natura
1175 1844 1448 1910 humana,
1477 1860 1604 1900 cum
1641 1843 1770 1899 talis
1795 1851 2038 1908 maneat,

450 1948 507 1995 et
536 1937 686 2010 quod
723 1946 810 1993 est
841 1937 1275 1993 ostenditetiam
1302 1937 1360 1992 in
1391 1935 1634 1992 unione?
1659 1951 1769 1990 non
1802 1934 1952 1990 enim
1975 1941 2042 1988 ut

449 2029 809 2088 subsistentia
835 2029 1212 2086 subsistentia
1253 2029 1410 2084 unita
1437 2043 1558 2084 esse
1605 2036 1812 2099 potest.
1848 2041 2040 2082 serva-

451 2124 524 2178 tis
551 2122 769 2178 duabus
785 2119 1189 2185 subsistentiis,
1212 2119 1266 2174 id
1293 2128 1377 2174 est
1400 2117 1873 2188 separationibus,
1905 2114 2040 2170 illud

447 2233 570 2274 esse
599 2215 1016 2272 distinctionem
1047 2215 1117 2270 ab
1151 2213 1278 2269 aliis
1308 2210 1760 2284 signiﬁcantibus
1779 2226 1884 2280 per
1917 2223 2036 2263 ma—

446 2310 595 2366 xime
629 2309 1017 2380 particularem
1043 2307 1442 2378 proprietatem
1471 2305 1526 2360 in
1551 2303 1823 2375 singulis;
1853 2301 2033 2373 siqui-

447 2403 572 2460 dem
597 2403 749 2458 enim
798 2401 948 2473 quod
982 2400 1306 2457 distinctum
1347 2405 1454 2462 est,
1511 2414 1623 2452 non
1651 2395 1801 2467 quod
1836 2395 2040 2450 distin-

447 2497 593 2553 ctive
630 2495 872 2551 sumitur
899 2505 956 2550 et
983 2493 1148 2550 alicui
1182 2493 1395 2558 unitutt,
1433 2491 1514 2548 sic
1551 2491 1741 2546 dicere
1767 2505 1877 2544 non
1909 2504 2039 2560 pos-

447 2603 666 2645 sumus.
728 2588 1073 2642 Alterutrum
1117 2586 1266 2641 enim
1319 2584 1636 2640 necessario
1695 2583 2034 2652 accipietur,

447 2688 545 2735 aut
590 2694 703 2734 non
737 2677 910 2738 unir‘i.
955 2685 1180 2732 autnon
1219 2675 1489 2748 distingui
1525 2689 1696 2728 unum
1737 2673 1806 2726 ab
1837 2672 2032 2726 altero.

2144 1829 2344 1900 τοιάδεκ
2379 1847 2636 1918 μένουσα,
2669 1850 2766 1902 καὶ
2793 1849 2822 1903 ὃ
2862 1851 3074 1919 πέφυκε
3123 1829 3378 1907 δεικνῦσα
3427 1857 3526 1909 καὶ
3579 1829 3645 1908 έν
3675 1861 3746 1929 τῇ

2143 1937 2336 1992 ἑνὼσει
2369 1957 2384 2004 ;
2419 1939 2494 1992 υὺ
2527 1940 2637 2012 γὰρ
2693 1941 2768 2004 ὼς
2807 1942 3104 2007 ὑπόστασις
3141 1945 3442 1998 ὑποστάσει
3471 1948 3744 2021 ἡνωμένη

2142 2029 2284 2083 εἶναι
2308 2031 2369 2084 οὑ
2406 2031 2632 2085 δύναται
2657 2033 2982 2105 σωζομένων
3015 2037 3186 2107 ἄμφω
3207 2039 3316 2092 τῶν
3341 2039 3743 2109 ὑποστάσεων,

2141 2121 2322 2175 είτουν
2379 2123 2772 2178 ἀποστάσεων·
2811 2127 2906 2180 καὶ
2937 2127 3084 2181 αὐτὸ
3120 2129 3284 2183 τοῦτο
3329 2132 3611 2202 χωρισμὸν
3643 2135 3746 2192 τὸν

2141 2216 2236 2285 ἀφ’
2271 2215 2475 2288 ἑτέρων
2504 2217 2886 2286 σημαινουσῶν
2913 2219 3000 2271 διὰ
3027 2218 3123 2272 τοῦ
3147 2220 3467 2276 ἰδικωτάτου
3501 2224 3744 2296 ίδιώμα-

2141 2323 2235 2371 τος
2267 2306 2378 2360 τῶν
2407 2308 2532 2362 καθ’
2557 2308 2790 2362 ἕκαστα.
2825 2309 2998 2380 Εἴπερ
3023 2311 3133 2382 γὰρ
3163 2311 3225 2364 τὸ
3260 2312 3732 2386 -διακεκριμένωι,

2135 2401 2204 2453 οὑ
2233 2399 2310 2470 τῷ
2343 2401 2778 2472 διακεκριμένως
2807 2418 2868 2454 τε
2898 2397 3038 2455 εἶναι
3065 2404 3160 2457 καί¹
3193 2404 3438 2474 ἡνῶσθαί
3463 2424 3606 2471 τινι,
3632 2409 3739 2464 οὖ-

2139 2510 2219 2546 τω
2277 2493 2460 2562 λέγειν
2501 2494 2564 2546 οὑ
2614 2493 2921 2565 δυνάμεθα’
2953 2496 3185 2564 θάτερον
3239 2499 3350 2570 γὰρ
3404 2501 3734 2568 ἀναγκαίως

2139 2585 2584 2656 ἀναιρεθήσεται,
2607 2585 2720 2656 ἢτὸ
2749 2587 2822 2656 μὴ
2855 2589 3153 2658 ἡνωμένον,
3185 2590 3303 2662 ἦντὸ
3341 2591 3415 2662 μὴ
3445 2593 3736 2664 διακεκριο

2143 2676 2304 2745 μένον
2333 2671 2475 2730 εἶναι
2504 2676 2728 2747 θάτερον
2755 2678 2980 2748 θατέρου
3007 2695 3024 2709 ο
3053 2681 3172 2735 οὐδὲ
3206 2684 3264 2734 ὲν
3293 2683 3419 2755 τῇδε
3450 2686 3608 2753 τήνδε
3639 2685 3736 2739 λέο

446 2768 732 2842 Νειιιιοίιι
775 2771 878 2826 ista
912 2769 1074 2824 istam
1125 2767 1314 2824 dicere
1357 2775 1445 2823 est
1497 2764 1940 2826 subsistentiam,
1987 2761 2032 2818 si

2139 2783 2257 2835 γειν
2281 2767 2380 2838 τὴν
2409 2769 2706 2821 ὑπόστασιν
2738 2769 2884 2822 ἔστιν
2903 2809 2918 2834 ,
2942 2771 3138 2825 ’ἐνωσιν
3165 2774 3272 2826 τῶν
3315 2776 3373 2827 ἐν
3406 2775 3596 2839 αὑταῖς
3626 2779 3733 2832 ἀπ’

449 2865 713 2919 unionem
749 2863 1118 2924 instituimus,
1163 2859 1398 2916 servatis
1424 2858 1479 2912 in
1517 2857 1628 2912 illis
1651 2856 1931 2912 distinctis
1963 2855 2032 2910 ab

2137 2857 2386 2930 ἀλλήλων
2411 2858 2770 2930 διακριτικῶν
2798 2861 3099 2931 ἰδιωμάτων
3124 2863 3447 2932 σωζομένων
3472 2867 3736 2921 ὑποτιθε-

449 2955 688 3011 invicem
723 2953 1190 3026 preprietatibus.
1239 2949 1538 3018 Quomodo
1583 2963 1716 3020 ergo
1750 2948 1807 3002 in
1853 2947 2032 3002 subsi-

2137 2949 2350 3021 μένους.
2383 2951 2508 3013 Πῶς
2535 2948 2628 3003 οὖν
2655 2953 2714 3003 ὲν
2740 2953 2804 3022 τῇ
2830 2951 3116 3006 ὑποστάσει
3151 2953 3247 3004 τοῦ
3279 2955 3460 3022 Λόγου
3510 2957 3733 3030 ἀνθρω-

447 3048 704 3104 sistentia
757 3047 944 3114 Verbi,
983 3047 1283 3102 humanam
1342 3041 1671 3099 convenisse
1725 3040 2032 3096 subsisten-

2137 3043 2296 3098 πείαν
2329 3043 2749 3113 συνεληλυθέναι
2780 3045 3070 3098 ὑπόστασιν
3091 3043 3352 3113 ἐροῦμενς
3390 3046 3452 3098 El
3483 3047 3598 3118 γὰρ
3619 3053 3730 3104 καὶ

445 3139 579 3193 tiam
611 3139 906 3194 dicemus?
935 3138 990 3194 Si
1020 3137 1167 3193 enim
1187 3136 1252 3191 .id
1283 3134 1428 3192 foret
1456 3133 2030 3205 unqttam.eonve’nis-

447 3240 532 3286 set
581 3231 747 3286 simul
795 3229 1154 3286 subsistentia
1191 3229 1244 3282 in
1295 3242 1395 3282 sua
1446 3227 1714 3282 totalitate
1764 3241 1946 3296 neque
1969 3240 2039 3280 ex

446 3332 603 3393 parte
651 3323 748 3379 sed
774 3339 880 3393 per
914 3320 1430 3393 juxtapositionem,
1478 3325 1540 3373 ut
1595 3317 1650 3372 in
1696 3316 1861 3371 domu
1895 3315 2038 3386 iapi-

447 3417 548 3472 des
580 3427 637 3470 et
665 3416 724 3471 in
767 3416 940 3470 choro
966 3413 1254 3470 saltatorie
1279 3413 1534 3483 juvenes,
1565 3419 1622 3464 et
1664 3425 1774 3464 non
1803 3407 2036 3462 mansis-

447 3519 532 3565 set
565 3507 800 3579 amplius
823 3515 1074 3578 separata
1105 3507 1178 3562 ita
1205 3514 1264 3559 ut
1284 3513 1432 3560 esset
1457 3503 1622 3558 etiam
1651 3501 1874 3557 demum
1907 3500 2038 3556 sub-

447 3601 720 3656 sistentia.
759 3597 949 3654 Solum
984 3597 1132 3652 enim
1166 3597 1223 3651 in
1269 3593 1600 3664 corporibus
1647 3591 2036 3662 partialisbacc

446 3691 822 3748 subsistentia:
849 3691 983 3745 unio
1026 3688 1250 3743 videtur
1280 3701 1431 3740 mera
1465 3701 1567 3740 nec
1609 3683 1831 3754 proprie
1883 3681 2030 3736 exsi-

445 3797 618 3852 stens,
655 3801 766 3841 non
791 3783 1096 3840 secundum
1133 3780 1460 3836 totalitatem
1505 3777 1894 3840 subsistentiae,
1932 3773 2026 3829 sed

445 3877 749 3934 secundum
795 3873 1283 3946 juxtapositionem
1342 3869 1762 3942 superﬂeierum
1816 3875 1912 3922 aut
1952 3866 2032 3922 le-

443 3971 596 4025 vium
643 3967 1064 4039 particularum,
1117 3973 1212 4018 aut
1262 3961 1722 4018 coadunationem
1764 3959 2024 4029 partium,

443 4075 540 4122 aut
567 4081 664 4137 per
692 4074 937 4120 extrema
956 4071 1138 4117 atoma
1171 4057 1426 4115 localiter
1449 4065 1697 4126 eoaptata
1725 4071 1740 4121 ;
1771 4053 1852 4108 sic
1877 4051 2025 4108 enim

2137 3130 2206 3206 ἦν
2227 3151 2378 3200 ποτε,
2395 3135 2624 3204 συνῆλθε
2645 3135 2701 3188 δὲ
2717 3135 2863 3206 ὅμως
2887 3135 3170 3198 ὑπόστασις
3181 3135 3301 3189 καθ’
3326 3136 3453 3206 ὅλην
3479 3139 3720 3208 ἑαυτὴν,

2135 3225 2232 3280 καὶ
2265 3225 2367 3278 οὑκ
2391 3225 2498 3278 ἀπὸ
2524 3225 2721 3296 μέρους
2750 3226 2845 3278 καὶ
2866 3227 3017 3278 κατὰ
3052 3225 3348 3294 παράθεσιν
3373 3225 3448 3288 ὡς
3485 3228 3540 3278 ἐν
3565 3227 3716 3298 οἴκῳ

2132 3316 2292 3382 λίθοι,
2313 3316 2408 3370 καὶ
2435 3317 2484 3368 οἱ
2515 3317 2574 3370 ὲν
2595 3317 2744 3388 χορῷ
2776 3317 2908 3380 νέοι,
2941 3317 3043 3370 οὑκ
3069 3317 3282 3387 ἔμεινεν
3313 3318 3391 3370 ἔτι
3419 3318 3728 3386 ἀφεστῶσα

2131 3406 2331 3482 δηλαδὴ
2357 3410 2448 3464 ἴνα
2529 3409 2793 3474 ὡσαύτως
2823 3410 3128 3473 ὑπόστασις
3153 3410 3361 3464 λοιπόν.
3413 3412 3590 3464 Μόνον
3604 3411 3727 3484 γὰρ

2133 3507 2192 3558 ἐν
2236 3503 2484 3574 σώμασιν
2522 3504 2784 3574 ήμερικὴ
2832 3504 2932 3572 τῆς
2965 3503 3318 3570 ὑποστάσεως
3355 3504 3493 3575 αὑτη
3519 3507 3726 3570 ’ένωσις

2133 3598 2329 3666 ὁρᾶται
2365 3595 2496 3667 ψιλὴ
2531 3597 2624 3648 καὶ
2653 3596 2714 3650 οὑ
2741 3595 2948 3666 κυρίως
2978 3593 3114 3649 οὖσα
3137 3612 3152 3626 ο
3184 3596 3305 3649 οὑδὲ
3342 3600 3483 3650 κατὰ
3507 3597 3569 3650 τὸ
3595 3597 3724 3652 ὅλον

2133 3687 2234 3755 τῆς
2265 3685 2638 3748 ὑποστάσεως,
2677 3684 2816 3738 ἀλλὰ
2845 3685 2986 3738 κατὰ
3014 3685 3324 3756 παράθεσιν
3353 3687 3720 3756 ἐπιφανειῶν,

2134 3777 2166 3848 ἢ
2193 3777 2398 3846 μορίων
2427 3776 2791 3838 λεπτοτάτων,
2825 3775 2858 3846 ἦ
2899 3776 3224 3848 συμπλοκὴν
3250 3777 3460 3848 μερῶν,
3492 3778 3524 3848 ῆ
3568 3779 3718 3831 κατὰ

2131 3867 2346 3937 πέρατα
2376 3867 2620 3930 τοπικῶς
2653 3866 3006 3920 συνάπτουσα
3033 3868 3102 3920 τὰ
3132 3868 3316 3936 ἄτομα
3352 3883 3366 3896 ⁸
3401 3866 3575 3932 οὕτως
3604 3871 3721 3942 γὰρ

2129 3957 2274 4020 λίθος
2313 3957 2466 4029 λίθῳ,
2497 3957 2594 4012 καὶ
2638 3957 2820 4011 ἔλαιον
2863 3956 3040 4022 ὕδατι,
3077 3958 3175 4013 καὶ
3213 3961 3367 4030 μίτος
3399 3960 3538 4030 μίτῳ
3571 3977 3584 3989 ·
3619 3967 3721 4016 καὶ

2129 4050 2301 4104 ταῦτα
2334 4052 2433 4121 μὲν
2471 4053 2598 4121 περὶ
2624 4051 2840 4106 τούτου.

442 4163 644 4234 lapidis
672 4160 863 4233 lapidi,
895 4159 1078 4214 oleum
1113 4171 1288 4227 aquae,
1321 4162 1379 4210 et
1413 4153 1564 4208 ﬁlum
1613 4151 1704 4206 ﬁlo
1732 4153 2022 4204 uniuntur.
2057 4147 2126 4202 Et
2154 4145 2244 4201 illa
2267 4146 2490 4216 quidem
2511 4147 2580 4204 de
2612 4147 2718 4204 hoc
2740 4156 3088 4218 argumento.

511 4253 801 4322 Quomodo
829 4263 1017 4306 autem
1048 4255 1426 4306 esset‘natura
1453 4254 1582 4300 ante
1608 4243 2022 4300 subsistentiam
2056 4247 2100 4300 ι)

441 4345 853 4418 particularem,
883 4342 938 4397 in
962 4342 1070 4398 hoc
1119 4356 1219 4397 vos
1251 4354 1440 4396 errare
1482 4334 1759 4408 superﬂue
1792 4349 1823 4388 a
1853 4332 2015 4388 nobis

441 4439 650 4494 dictum
671 4445 776 4492 est.
799 4433 916 4490 Non
942 4435 1090 4491 enim
1117 4432 1170 4488 id
1184 4432 1343 4488 vobis
1365 4431 1608 4486 diximus
1631 4425 2022 4499 praeexstitisse

441 4531 654 4588 scilicet
695 4527 1071 4586 subsistentia)
1103 4525 1493 4597 particularem
1537 4523 1834 4577 humanam
1860 4526 2023 4574 natu-

439 4638 556 4679 ram
585 4622 826 4686 Domini,
858 4619 956 4676 sed
980 4634 1011 4675 e
1045 4628 1240 4675 contra
1265 4615 1432 4672 simul
1467 4615 1613 4670 illam
1639 4613 1920 4670 exstitisse
1957 4625 2024 4666 ac

437 4715 772 4773 substitisse.
802 4711 1005 4770 Verum
1025 4725 1137 4766 non
1159 4709 1213 4764 in
1244 4707 1564 4780 particulari
1589 4707 1779 4778 aliqua
1811 4715 2024 4762 naturas

437 4812 695 4866 humanae
737 4806 911 4863 solius
943 4801 1322 4870 subsistentia,
1355 4811 1486 4874 puta
1527 4801 1584 4856 in
1611 4814 1766 4855 mero
1783 4797 2023 4854 homine

436 4899 870 4971 cognoscimus,
927 4896 1025 4955 sed
1073 4896 1128 4952 in
1171 4893 1580 4967 prmexsistenti
1623 4889 1792 4948 Verbi
1841 4887 2022 4945 subsi-

438 4991 681 5059 stentia;
717 4991 776 5047 in
827 5004 937 5061 qua
987 4989 1213 5060 propria
1264 4996 1321 5043 et
1361 4981 1716 5056 particularia
1747 4981 2003 5036 humana:

385 5111 406 5122 κ
436 5081 651 5144 uattme
674 5083 948 5148 adunans,
976 5089 1034 5136 et
1063 5081 1120 5134 in
1153 5092 1430 5135 concursu
1463 5074 1753 5143 utriusque
1786 5079 2018 5135 naturae,

439 5187 606 5228 unam
637 5185 928 5242 personam
963 5167 1220 5224 similiter
1242 5179 1312 5220 ex
1345 5171 1578 5232 utraque
1611 5169 1832 5226 natura,
1866 5170 1921 5216 et
1953 5175 2021 5215 ex

437 5265 731 5336 utriusque
759 5263 1014 5318 essentiae
1029 5254 1818 5336 coacervatisebaracteribus,
1836 5263 2020 5310 osten-

435 5334 519 5417 dit
542 5373 602 5415 se
631 5334 777 5427 unus
800 5371 832 5410 ε
861 5367 1049 5409 sancta
1094 5350 1332 5416 Triade;
1369 5335 1464 5420 oui
1502 5347 1860 5404 subsistentia
1891 5347 2018 5418 qui-

435 5453 562 5510 dem
612 5449 796 5520 reipsa
825 5455 910 5504 est
932 5461 1039 5500 una
1071 5454 1305 5508 tantum,
1338 5452 1395 5498 et
1447 5441 1550 5497 ista
1595 5452 1709 5495 non
1753 5439 2015 5496 humana.

434 5545 698 5602 Naturam
743 5539 892 5598 enim
937 5537 1107 5594 habet
1153 5548 1212 5594 et
1245 5535 1616 5608 proprietates
1647 5532 1880 5597 divinas,
1915 5545 2018 5586 ne-

435 5653 540 5707 que
583 5635 791 5691 divinis
838 5633 1016 5689 solum
1047 5630 1253 5686 fruitur
1297 5625 1750 5699 proprietatibus.
1803 5623 2018 5693 Adjecit

434 5727 580 5783 enim
598 5727 912 5782 divinorum
933 5723 1322 5781 cbaracterum
1348 5717 1658 5775 collectioni
1681 5715 2014 5784 assumptio-

2203 4241 2278 4294 Τὸ
2304 4241 2359 4293 δὲ
2390 4240 2506 4302 πῶς
2535 4241 2618 4311 εἴη
2656 4241 2721 4294 ἂν
2752 4240 2912 4310 φύσις
2943 4243 3049 4313 προ
3083 4242 3184 4310 τῆς
3207 4241 3557 4305 ὑποστάσεως
3613 4243 3721 4312 τῆς

2125 4331 2281 4396 ἰδίας,
2298 4332 2524 4402 άπορείν
2543 4333 2706 4402 ὑμᾶς,
2729 4332 2998 4401 περιττῶς
3020 4333 3214 4404 ἐλέχθη
3233 4334 3368 4402 πρὸς
3385 4337 3550 4404 ἡμᾶς.
3578 4338 3721 4390 Οὐδὲ

2129 4423 2238 4493 γάρ
2277 4422 2436 4498 τοῦτο
2484 4424 2614 4493 ὑμῖν
2645 4425 2948 4496 εἰρήκαμεν
2992 4426 3072 4487 ὡς
3103 4429 3416 4498 προὺπῆρξε
3446 4427 3546 4494 τῆς
3579 4429 3721 4480 ὑπο-

2127 4512 2372 4579 στάϐεως
2398 4517 2432 4586 ἡ
2465 4515 2608 4585 ἱδικὴ
2641 4517 2798 4585 φύσις
2839 4519 3153 4589 ἀνθρωπεία
3172 4518 3266 4572 τοῦ
3296 4519 3588 4585 Δεσπότου,
3620 4519 3713 4574 ἑλ-

2122 4605 2193 4660 λά
2211 4607 2519 4662 τούναντίον
2538 4608 2656 4680 ἅμα
2681 4625 2740 4663 τε
2764 4611 2926 4679 φῦναι
2943 4613 3038 4664 καὶ
3055 4613 3351 4681 ὑποστῆναι
3373 4613 3566 4679 αὑτήν·
3598 4613 3719 4666 ἀλλ’

2123 4699 2222 4752 οὑκ
2249 4701 2308 4753 ὲν
2338 4698 2479 4771 ἰδικῇ
2507 4717 2612 4754 τινι
2641 4701 2816 4774 αὐτῆς
2843 4703 3013 4774 μόνης
3033 4701 3168 4773 οὔσῃ
3191 4704 3512 4766 ὑποστάσει,
3539 4706 3718 4776 ἤγουν

2120 4789 2281 4861 ψιλοῦ
2293 4789 2580 4862 ἀνθρώπου
2606 4791 2972 4864 γινώσκομεν,
2986 4793 3165 4848 am»
3175 4797 3240 4866 τῇ
3257 4797 3715 4866 προὺφεστηκυίᾳ

2125 4882 2296 4950 αὐτῆς
2319 4885 2386 4954 τῇ
2408 4881 2504 4937 τοῦ
2539 4884 2718 4953 Λόγον
2753 4885 3076 4941 ὑποστάσει·
3107 4889 3164 4940 ἐν
3266 4890 3361 4942 καὶ
3389 4887 3460 4942 τὰ
3483 4889 3588 4958 τῆς
3613 4890 3714 4944 άν-

2124 4971 2406 5044 θρωπείας
2456 4973 2678 5044 φύσεως
2709 4975 2820 5031 ίὸια
2865 4977 2963 5033 καὶ
2998 4977 3270 5050 ίδιὼματα
3297 4978 3543 5050 συνάψας
3567 5021 3584 5046 ,
3612 4981 3713 5034 καὶ

2121 5066 2182 5119 ἂν
2214 5067 2282 5138 τῇ
2314 5067 2594 5140 συιόρομῇ
2640 5069 2749 5123 τῶν
2780 5069 3110 5142 ἀμφοτέρων
3140 5071 3378 5140 φύσεων,
3416 5071 3476 5126 ιν
3531 5072 3710 5143 πρόσ-

2121 5173 2271 5210 ωπον
2303 5157 2507 5229 ὁμοίως
2557 5161 2652 5214 καὶ
2675 5159 2736 5226 ἐξ
2785 5161 3058 5234 ἑκατέρας
3105 5162 3344 5233 φύσεως,
3377 5165 3472 5218 καὶ
3503 5164 3569 5216 ἐκ
3595 5163 3710 5216 τῶν

2121 5249 2182 5316 ἐξ
2231 5250 2504 5322 ἑκατέρας
2536 5253 2725 5318 οὐσίας
2759 5254 3144 5326 σωρευθέντων
3161 5255 3708 5328 χαρακτηριστικῶν,

2123 5344 2326 5410 ἔδειξεν
2350 5345 2544 5398 ἑαυτὸν
2569 5345 2771 5416 ὁμοίως
2802 5346 2930 5401 ὅντα
2957 5349 2984 5402 ὀ
3012 5341 3094 5411 εἷς
3121 5350 3219 5419 τῆς
3252 5349 3414 5418 ἁγίας
3448 5347 3706 5417 Τριάδοςο

2119 5436 2178 5500 ὃς
2211 5436 2513 5502 ὑπόστασις
2541 5438 2641 5508 μὲν
2662 5438 2832 5503 ὄντως
2860 5439 2978 5494 ἐστὶ
3012 5440 3110 5512 μία
3147 5441 3286 5511 μόνη
3311 5443 3406 5496 καὶ
3437 5439 3577 5512 αὑτὴ
3603 5440 3711 5495 οὑκ

2120 5529 2438 5600 ἀνθρωπίνη
2471 5545 2484 5559 ⁸
2518 5529 2681 5599 φύσιν
2735 5547 2796 5584 τε
2854 5531 2966 5603 γὰρ
2999 5533 3119 5586 ,καὶ
3180 5531 3447 5605 ἰδιώματα
3493 5532 3609 5602 ἔχει
3635 5531 3714 5586 τά

2121 5620 2242 5676 θεῖα
2269 5638 2283 5653 ο
2319 5624 2420 5677 οὑκ
2453 5627 2510 5676 ἐν
2543 5623 2711 5688 Θείοις
2737 5621 2795 5676 δὲ
2849 5625 3010 5694 μόνον
3046 5627 3194 5680 ἐστὶν
3240 5624 3527 5696 ἰδιώμασιν
3557 5640 3573 5656 ο
3607 5641 3714 5676 πε-

2123 5713 2366 5788 ρισσεύει
2389 5715 2499 5788 γὰρ
2529 5717 2620 5770 καὶ
2651 5719 2766 5782 τοῖς
2794 5717 2944 5788 παρὰ
2965 5719 3028 5772 τὸ
3066 5719 3210 5775 θεῖον
3246 5718 3714 5791 χαρακτςρίσμα-
