3932 6152
243 342 383 408 1553

1193 333 1594 397 ADVERSUS
1632 307 2186 392 NESTORIANOS.
2209 331 2442 392 —LIB.
2485 330 2566 390 II.

3371 327 3510 393 155$

242 467 302 505 σι
329 445 641 518 συναχθεῖσι
669 447 738 518 τῇ
768 443 1071 516 προσλήψει
1102 443 1200 514 τῆς
1223 443 1547 513 καινοτέρας
1579 439 1820 511 φύσεως.

1949 455 2054 494 tem
2109 439 2442 496 recentioris
2483 440 2716 494 naturae.
2775 437 3276 494 Demonstrandum
3323 450 3510 498 autem

242 541 586 614 Προσεκτέον
622 539 680 593 δὲ
711 537 888 609 τούτῳ
937 535 1126 608 σαφῶς
1159 535 1255 588 καὶ
1285 535 1378 588 ἐπὶ
1407 536 1516 586 τῶν
1550 533 1770 604 μὺδρων
1803 550 1818 564 ·

242 639 339 690 καὶ
391 635 500 704 γὰρ
546 630 985 704 πρεῡφεστώσης
1033 629 1153 682 κατ’
1187 627 1324 682 ἰδίαν
1371 628 1670 680 ὑπόστασιν
1725 625 1824 694 τῆς

247 726 430 798 μάζης
459 725 554 779 τοῦ
590 725 838 794 σιδήρου,
879 719 998 776 εἶτα
1027 722 1109 779 εἰς
1157 721 1392 790 κάμινον
1435 719 1824 787 εἰσαγομένης,

244 818 419 888 πυρὸς
459 817 622 886 φύσις
667 817 806 885 αὑτῇ
871 813 1248 881 ὲπιγεννάται,
1303 811 1428 864 οὔτε
1466 810 1659 882 πρώην
1700 807 1826 862 οὔτε

249 908 356 978 ἰδίᾳ
388 908 522 960 ποτὲ
574 906 934 971 ὑποστάντος,
955 905 1079 958 ἀλλ’
1119 907 1179 958 ἐν
1240 904 1379 974 αὑτῇ
1418 919 1432 932 °
1474 904 1538 955 ἐκ
1577 902 1676 973 μὲν
1728 901 1827 970 τῆς

247 1001 483 1070 καμίνου
515 999 819 1069 τεχθέντος,
855 997 1014 1060 ἐκτὸς
1038 995 1096 1050 δὲ
1119 997 1293 1065 αὑτῆς
1323 998 1382 1050 ὲν
1405 998 1471 1065 τῇ
1507 994 1622 1065 ἰδέᾳ
1643 993 1827 1063 δικαίᾳ

246 1091 413 1143 αὑτοῦ
449 1089 548 1161 τὴν
599 1090 898 1143 ὑπόστασιν
925 1088 1170 1160 ἔχοντος,
1201 1090 1297 1142 καὶ
1339 1089 1402 1143 τὸ
1435 1091 1492 1142 ὲν
1514 1090 1580 1159 τῇ
1609 1086 1828 1158 καμίνῳ

249 1181 364 1252 πῦρ
389 1183 490 1234 οὑκ
527 1179 1000 1252 ἀπομειώσαντος.
1719 1169 1727 1177 ’

831 1295 1086 1350 ΚΕΦΑΛ.
1151 1297 1234 1351 H'.

318 1409 380 1462 Ei
403 1409 540 1470 ὅλως
570 1405 779 1476 ὑπέστη
810 1406 838 1458 ό
882 1405 942 1470 ἐξ
967 1409 999 1476 ἠ
1011 1406 1128 1474 μῶν
1154 1407 1441 1479 ἄνθρωπος
1471 1411 1529 1462 ὲν
1571 1408 1649 1480 τῷ
1673 1409 1794 1478 Θεῷ
1813 1449 1828 1472 ,

249 1499 368 1562 πῶς
404 1498 504 1550 οὑκ
529 1497 768 1568 ἔρρωται
801 1497 896 1549 καὶ
930 1495 1077 1550 ἔστιν
1105 1500 1138 1566 ἡ
1171 1499 1468 1562 ὑπόστασις
1483 1499 1576 1553 τοῦ
1595 1498 1655 1564 ἐξ
1674 1500 1830 1570 ἡμῶν

249 1589 539 1660 ἀνθρώπου
575 1592 633 1642 ἐν
661 1591 728 1658 τῇ
778 1589 1076 1642 ὑποστάσει
1107 1589 1204 1643 τοῦ
1243 1590 1379 1644 Θεοῦ
1413 1593 1622 1662 Λόγου;
1655 1593 1749 1646 καὶ¹
1782 1595 1831 1646 εἰ

253 1682 330 1752 μὴ
354 1682 591 1750 ἕρῤωται
619 1683 712 1734 καὶ
739 1681 888 1734 ἔστιν
917 1683 948 1750 ἠ
981 1683 1277 1745 ὑπόστασις
1308 1684 1403 1736 τοῦ
1443 1683 1502 1748 ἐξ
1543 1685 1701 1752 ἡμῶν
1733 1686 1830 1738 ἀν·

1931 529 2039 584 hoc
2066 529 2216 584 clare
2245 529 2302 584 in
2329 529 2500 585 ferris
2529 527 2903 584 candentibus
2937 545 2950 581 :
2992 529 3200 585 etenim
3247 531 3498 600 praeexsi~

1931 621 2097 675 stenti
2131 619 2434 676 secundum
2459 619 2738 690 propriam
2760 619 3176 675 subsistentiam
3202 619 3335 675 ferri
3365 637 3511 678 mas-
3601 631 3610 638 ‘

1882 755 1896 773 κ
1929 726 2024 772 ετθ,
2057 709 2258 766 deinde
2297 709 2352 764 in
2378 709 2559 764 focum
2591 709 2850 777 inductae,
2872 711 3014 782 ignis
3037 719 3234 767 natura
3267 711 3508 769 innasci-

1931 809 2042 865 tur,
2075 817 2256 872 neque
2285 813 2448 856 antea
2473 817 2654 872 neque
2683 803 2976 872 separatim
3011 803 3382 869 subsistentis,
3413 807 3510 861 sed

1932 893 1988 948 in
2014 893 2134 962 ipsa
2164 908 2366 948 massa.
2401 893 2539 948 Cum
2585 909 2714 948 vero
2744 909 2776 948 e
2801 893 2924 949 foco
2970 896 3170 951 educta
3203 905 3306 963 est,
3356 908 3511 954 extra

1931 1000 1990 1040 se
2019 985 2076 1038 in
2104 1000 2230 1040 vera
2261 984 2437 1039 forma
2468 984 2610 1056 ignis
2631 985 3046 1042 subsistentiam
3065 987 3256 1055 habet,
3283 998 3340 1045 et
3371 991 3513 1061 ignis

1932 1077 1989 1131 in
2015 1077 2136 1132 foco
2160 1092 2272 1132 non
2296 1077 2604 1133 diminutus
2628 1087 2734 1135 est.
2758 1116 2764 1120 -

2561 1289 2714 1346 CAP.
2751 1291 2890 1348 Vill.

2007 1407 2062 1463 Si
2115 1407 2170 1461 in
2203 1405 2474 1462 totalitate
2506 1404 2756 1460 substitit
2787 1405 2884 1475 qui
2917 1421 2949 1461 e
2992 1405 3154 1462 nobis
3197 1415 3320 1462 erat
3351 1409 3518 1464 homo

1936 1500 1992 1554 in
2023 1500 2157 1563 Deo,
2189 1496 2467 1568 quomodo
2491 1511 2604 1550 non
2625 1495 2852 1561 dicitur,
2891 1510 2996 1552 nec
3024 1507 3111 1552 est
3139 1498 3304 1553 etiam
3331 1499 3514 1555 subsi-

1939 1591 2144 1647 stentia
2172 1591 2419 1645 hominis
2446 1605 2478 1644 e
2505 1587 2668 1644 nobis
2703 1587 2924 1643 oriundi
2944 1589 2998 1642 in
3030 1590 3386 1646 subsistentia
3418 1593 3516 1648 Dei

1937 1681 2144 1738 Verbi?
2169 1690 2224 1735 et
2247 1680 2292 1735 si
2323 1695 2433 1734 non
2469 1679 2674 1734 dicitur
2703 1694 2809 1734 nec
2838 1687 2923 1734 est
2949 1679 3304 1736 subsistentia
3341 1681 3526 1736 homi-

250 1771 474 1842 θρώπου
497 1775 554 1824 έν
581 1771 660 1842 τῷ
690 1771 811 1842 Θεῷ
855 1773 1015 1842 Λόγῳ
1034 1815 1049 1836 ,
1081 1772 1199 1836 πῶς
1219 1774 1340 1843 οὑχὶ
1378 1775 1656 1827 ἀπόλωλεν
1698 1775 1832 1827 ὑπο-

1949 1775 2026 1829 nis
2051 1773 2276 1834 e_nobis
2309 1772 2534 1828 oriundi
2581 1771 2639 1826 in
2677 1773 2790 1826 Deo
2825 1771 3031 1837 Verbo,
3076 1775 3357 1843 quomodo
3405 1791 3518 1831 non

253 1863 426 1914 στᾶσα
455 1861 489 1932 ἡ
517 1863 636 1914 οὑδὲ
660 1862 798 1924 ὅλως
818 1861 916 1932 τὴν
939 1863 1115 1932 ἀρχὴν
1148 1863 1354 1933 ὑπέστη
1371 1860 1566 1934 ;,⁷Αρα
1588 1865 1696 1934 γὰρ
1723 1867 1841 1918 πᾶν

250 1954 279 2004 ὃ
315 1971 396 2016 τις
427 1952 571 2006 εἴποι
603 1949 744 2005 εἶναι
776 1953 873 2006 καὶ
910 1953 1244 2022 ὑφεστάναι,
1305 1955 1398 2026 ἤδη
1432 1958 1525 2010 καὶ
1559 1956 1665 2028 ἰδίᾳ
1693 1953 1834 2010 εἷναί

253 2065 386 2117 φησι
412 2066 426 2113 ;
457 2047 666 2101 Οὑκοῦν
699 2049 822 2100 ἐπεὶ
855 2045 996 2102 εἶναι
1025 2067 1206 2120 φαμεν
1245 2052 1339 2103 καὶ
1367 2051 1732 2122 ὑφεστηκέναι
1775 2053 1834 2105 ὲν

251 2139 330 2207 τῷ
365 2140 637 2210 ἀνθρώπῳ
681 2143 836 2210 χεῖρα
879 2141 975 2193 καὶ
1003 2139 1142 2194 ποῦν
1175 2141 1271 2194 καὶ
1301 2141 1474 2212 ὄνυχα
1533 2143 1628 2196 καλ⁴
1655 2139 1830 2215 ἧπαρ,

251 2232 351 2300 ἤδη
380 2232 474 2284 καὶ¹
498 2231 603 2302 ἰδίᾳ
632 2228 775 2285 εἶναι
800 2234 997 2295 ταῦτα,
1031 2234 1127 2287 καὶ
1149 2233 1586 2305 διακεκριμένως
1601 2234 1834 2288 ἕκαστον

251 2325 458 2378 τούτων
487 2325 631 2396 ἔχειν
649 2327 948 2379 ὑπόστασιν
970 2326 1269 2398 δοξάσομεν
1291 2344 1304 2393 ;
1331 2327 1440 2382 Καὶ
1457 2327 1580 2382 νοῦν
1604 2327 1662 2382 δὲ
1690 2323 1880 2382 εἷναιι⁴

252 2419 311 2470 ὲν
335 2417 518 2488 ψυχῇ,
551 2419 644 2470 καὶ
677 2419 735 2470 ὲν
765 2418 843 2488 τῷ
875 2419 1087 2486 σώματι
1114 2419 1484 2489 ὑφεστηκέναι
1533 2419 1594 2474 τὸ
1637 2420 1835 2491 χρῶμα
1879 2440 1885 2451 ·

253 2507 520 2576 λέγομενο
563 2503 674 2576 ἄρα
707 2503 800 2560 οὖν
853 2509 949 2561 καὶ
1003 2507 1332 2574 ὑποστάσεις
1373 2509 1542 2562 τῶνδε
1601 2510 1838 2581 ζητήσο-

257 2615 398 2669 μεν;
447 2601 555 2652 Καὶ
589 2600 708 2662 πῶς
747 2599 813 2654 ἂν
842 2593 944 2654 ὧδε
975 2601 1038 2654 τὸ
1067 2601 1128 2653 ἔν
1160 2619 1266 2655 τινι
1313 2601 1606 2674 λεγόμενον
1649 2599 1788 2657 εἶναι
1817 2642 1834 2667 ,

257 2693 417 2761 ὑμεῖς
449 2693 583 2762 ἡμῖν
615 2691 744 2756 ἴσως
771 2693 1148 2764 έρμηνεὺσετε
1176 2711 1192 2762 ;
1238 2695 1400 2750 Ἀλλά
1428 2698 1487 2750 τὸ
1512 2696 1582 2750 τὰ
1610 2696 1836 2750 τοιαῦτα

255 2781 460 2850 λέγειν,
490 2782 632 2853 τάχα
658 2783 715 2837 δὲ
741 2783 836 2838 καὶ
853 2783 916 2837 τὸ
949 2783 1214 2848 τοιούτοις
1241 2785 1562 2856 ἀντιλέγειν,
1612 2786 1837 2856 ἀλογίαν
1871 2797 1876 2802 “

255 2876 289 2944 ἢ
321 2876 608 2950 λογιότητα
642 2877 844 2950 πολλὴν
881 2879 1338 2952 ὲπιμαρτὺρεται.

851 3152 1102 3206 ΚΕΦΛΛ.
1148 3151 1226 3206 Θθ.

335 3283 398 3338 Ei
426 3284 485 3336 έν
511 3282 592 3354 τῷ
617 3283 738 3355 Θεῷ
755 3285 914 3356 Λόγῳ
939 3285 1120 3354 λέγεις
1145 3285 1447 3354 ὑφεστάναι
1475 3287 1564 3340 τὸν
1591 3289 1651 3354 ἐξ
1683 3290 1858 3360 ήμῶν-

261 3373 568 3445 ᾶνθρωπον,
605 3367 722 3438 πῶς
745 3376 896 3444 αὑτῷ
917 3377 996 3444 τῷ
1017 3377 1316 3446 ὑφεστάναι
1345 3419 1361 3442 ,
1404 3381 1505 3451 οὑχ
1544 3381 1844 3438 ὑπόστασιν

261 3465 442 3535 δηλοῖς
476 3466 624 3537 ἔχειν
662 3467 754 3521 τὸν
777 3468 1130 3536 ὑποστάντα;
1162 3469 1287 3522 Ὅτι
1327 3471 1426 3541 μὲν
1471 3471 1778 3544 ὑφέστηκεν
1815 3477 1844 3530 ὁ

263 3556 546 3628 ἄνθρωπος
576 3561 634 3611 ὲν
662 3559 741 3632 τῷ
768 3559 888 3630 Θεῷ
915 3561 1096 3632 Λόγῳ,
1119 3561 1343 3640 «μᾶλλον
1380 3563 1534 3632 ὑμῶν
1583 3564 1796 3636 βοῶμεν
1827 3581 1843 3596 ⁸

263 3649 406 3716 ἀλλ’,
434 3649 512 3714 ὡς
541 3649 738 3714 ἔοικεν,
787 3650 1120 3705 ἐπελάθεσθε
1163 3653 1293 3723 περὶ
1341 3653 1465 3706 ὅτου
1512 3655 1650 3724 πρὸς
1699 3657 1850 3726 ἡμᾶς

261 3739 600 3810 διεφέρεσθε,
629 3743 720 3794 καὶ
743 3740 873 3794 ἄλλο
897 3742 996 3794 νῦν
1017 3743 1320 3810 ἐγκαλεῖτε.
1368 3745 1442 3798 Τὸ
1459 3744 1568 3816 γάρ
1595 3746 1700 3818 ἰδίᾳ
1723 3747 1848 3802 καθ’

267 3831 412 3898 ὑμᾶς
443 3831 808 3900 ὑφεστηκέναι
830 3833 921 3884 τὸν
944 3831 1235 3902 ἑνούμενον
1259 3834 1408 3900 ἅπαξ
1433 3838 1609 3888 εἰπεῖν
1639 3835 1850 3909 ἀνθρὼ-

267 3940 391 3986 πον,
419 3923 480 3976 οὑ
503 3924 914 3994 καταδεχόμεθα
935 3941 948 3954 ·
982 3925 1070 3978 ἵνα
1098 3927 1172 3997 μὴ
1199 3927 1294 3980 δύο
1319 3927 1572 3982 ἐντεῦθεν
1590 3929 1688 3994 τὰς
1719 3931 1851 3986 ὑπο-

267 4015 484 4080 στάσεις
540 4018 856 4086 σῳζομένας
909 4021 970 4072 ἐν
1026 4017 1104 4089 τῷ
1152 4020 1408 4084 ἰδιάζοντι
1459 4022 1698 4094 ἑκατέρᾳ
1742 4023 1850 4078 τῶν

269 4107 641 4176 συνελθουσῶν
691 4109 836 4180 λόγῳ
879 4115 1334 4182 παραστήσαντες
1365 4151 1380 4174 ,
1425 4113 1526 4182 τὴν
1553 4113 1748 4168 ἕνωσιν
1787 4117 1852 4170 ἐκ

272 4199 489 4271 βάθρων
523 4202 940 4272 ἀνατρέψωμεν.
1002 4203 1069 4258 Ei
1111 4203 1220 4273 γάρ
1265 4204 1362 4257 καὶ
1401 4205 1508 4278 ἰδίᾳ
1541 4207 1851 4274 ὑφεστῶτος

267 4291 530 4362 ἑκατέρου
560 4293 668 4346 τῶν
702 4295 760 4346 ὲν
801 4294 1044 4364 Χριστῷ,
1075 4294 1262 4361 λέγετε
1301 4295 1525 4350 δυνατὸν
1557 4293 1700 4352 εἶναι
1729 4315 1852 4353 τινα
1891 4325 1893 4327 ί

268 4381 463 4435 ἕνωσιν
513 4387 728 4452 αὑτοίς;
777 4387 846 4440 Ἥ
891 4387 1012 4440 καθ’
1042 4387 1110 4457 ἠν
1154 4387 1250 4440 καὶ
1285 4387 1450 4442 Δαϐὶδ
1478 4389 1556 4460 τῷ
1605 4392 1850 4463 πολεμίῳ

1938 1867 2104 1938 periit
2131 1865 2352 1936 quando
2372 1864 2656 1935 supposita
2677 1871 2764 1920 est
2785 1863 2919 1930 Deo,
2935 1871 3031 1918 aut
3047 1880 3156 1920 non
3193 1867 3436 1921 totaliter
3465 1867 3519 1921 in

1938 1957 2217 2028 principio
2244 1956 2538 2012 substitit?
2583 1957 2725 2013 Num
2755 1959 2904 2014 enim
2953 1975 3116 2014 omne
3138 1961 3300 2031 quod
3323 1961 3523 2032 aliquis

1941 2049 2151 2104 diceret
2185 2064 2308 2104 esse
2337 2055 2394 2104 et
2432 2049 2757 2116 subsistere,
2787 2051 2902 2122 jam
2935 2067 3156 2122 quoque
3185 2054 3409 2124 proprie
3435 2069 3525 2110 es-

1941 2158 2001 2198 se
2031 2141 2218 2197 dicet?
2257 2157 2410 2213 ergo,
2452 2153 2576 2197 cum
2623 2157 2746 2198 esse
2778 2143 3017 2199 dicimus
3047 2150 3106 2199 et
3133 2145 3435 2200 subsistere
3465 2146 3521 2201 in

1939 2234 2171 2288 homine
2207 2248 2430 2288 manum
2463 2241 2519 2288 et
2551 2233 2770 2303 pedem,
2806 2249 3047 2306 unguem
3090 2244 3147 2291 et
3188 2237 3369 2308 jecur,
3409 2237 3524 2308 jam

1943 2339 2164 2396 quoque
2191 2325 2414 2395 proprie
2433 2340 2556 2381 esse
2591 2326 2704 2392 illa,
2731 2333 2790 2381 et
2817 2325 3079 2384 distincte
3107 2327 3368 2400 quodque
3397 2327 3522 2382 ilio-

1944 2430 2066 2470 rum
2105 2415 2312 2470 habere
2345 2411 2758 2471 subsistentiam
2802 2419 3166 2488 putabimus?
3195 2430 3252 2474 et
3281 2427 3522 2474 mentem

1943 2521 2064 2561 esse
2114 2507 2170 2560 in
2219 2507 2426 2572 anima,
2472 2507 2638 2564 et'in
2670 2525 2904 2580 corpore
2947 2512 3248 2567 subsistere
3279 2511 3523 2567 colorem

1945 2597 2218 2660 dicimus:
2247 2613 2380 2654 num
2433 2599 2600 2669 igitur
2631 2599 3245 2657 subsistentias'eorum
3273 2603 3524 2672 inquire—
3559 2633 3566 2636 -

1945 2690 2106 2745 mus?
2139 2699 2195 2744 et
2223 2691 2504 2760 quomodo
2554 2691 2648 2746 hic
2683 2688 2914 2762 aliquid,
2964 2692 3111 2763 quod
3146 2693 3200 2748 in
3226 2693 3411 2764 aliquo
3435 2693 3523 2748 di-

1944 2781 2092 2837 citur
2114 2797 2256 2847 esse,
2291 2797 2388 2838 vos
2425 2783 2586 2838 nobis
2629 2783 2840 2853 pariter
2873 2785 3258 2854 explicabilis?
3285 2785 3382 2842 sed
3407 2785 3526 2842 haee

1946 2873 2079 2928 talia
2123 2873 2332 2937 dicere,
2384 2889 2622 2944 moxque
2673 2874 2876 2929 talibus
2907 2876 3309 2944 contradicere,
3345 2875 3528 2932 stulti»

1949 2964 2078 3019 tiam
2107 2973 2162 3020 et
2189 2965 2532 3020 dialecticam
2563 2967 2790 3021 multam
2822 2975 3078 3023 testatur.

2600 3146 2751 3203 CAP.
2784 3146 2876 3202 IX.

2021 3281 2076 3338 Si
2112 3281 2169 3334 in
2201 3281 2318 3336 Deo
2352 3279 2532 3336 Verbo
2555 3279 2698 3334 dicis
2729 3277 3038 3334 subsistere
3061 3279 3344 3334 hominem
3377 3295 3530 3334 eno-

1946 3373 2035 3428 bis
2081 3371 2399 3436 oriundum,
2452 3370 2736 3442 quomodo
2769 3369 2876 3424 hoc
2925 3369 3044 3439 ipso
3073 3368 3222 3440 quod
3251 3367 3528 3433 subsistit,

1947 3482 2058 3520 non
2081 3464 2496 3521 subsistentiam
2528 3462 2778 3519 ostendis
2806 3461 3012 3516 habere
3041 3461 3193 3516 illum
3217 3461 3310 3532 qui
3342 3461 3529 3516 subsi-

1948 3557 2088 3614 stit?
2139 3556 2422 3612 hominem
2465 3555 2691 3626 quidem
2723 3554 3027 3610 subsistere
3081 3553 3136 3609 in
3175 3555 3290 3610 Deo
3323 3553 3528 3618 Verbo,

1948 3664 2052 3705 nos
2101 3649 2277 3719 magis
2307 3663 2473 3718 quam
2505 3662 2605 3702 vos
2647 3647 2986 3713 clamamus;
3025 3645 3144 3712 sed,
3180 3653 3242 3700 ut
3284 3645 3528 3721 videtur,

1949 3757 2062 3796 non
2095 3739 2570 3811 comprehenditis
2601 3738 2658 3795 in
2707 3754 2874 3810 quoa
2921 3737 3086 3794 nobis
3134 3738 3424 3804 diﬂ‘eratis,
3475 3747 3533 3794 et

1951 3832 2100 3888 aliud
2125 3847 2274 3886 nunc
2301 3831 2564 3912 obiicitis.
2588 3830 2826 3894 Etenim,
2852 3829 3101 3900 proprie,
3131 3838 3193 3884 ut
3217 3841 3316 3884 vos
3343 3829 3530 3894 vultis,

1952 3925 2258 3982 subsistere
2289 3910 2505 3980 unitum
2541 3923 2711 3978 semel
2737 3923 2924 3978 dicere
2963 3922 3267 3989 hominem,
3299 3937 3409 3977 non
3439 3921 3536 3976 ad-

1951 4020 2244 4082 mittimus,
2271 4035 2364 4086 ne,
2393 4017 2531 4073 duas
2577 4017 2812 4088 proinde
2855 4016 3271 4073 subsistentian
3289 4024 3538 4072 servatas

1953 4111 2010 4166 in
2037 4111 2254 4166 ratione
2278 4119 2574 4180 utramque
2620 4108 3067 4165 convenientium
3107 4108 3386 4178 propriam
3415 4105 3534 4162 eili-

1953 4205 2134 4260 ciente
2164 4210 2508 4274 praestantes,
2536 4217 2568 4256 a
2615 4201 2990 4264 fundamentis
3023 4201 3285 4256 unionem
3315 4213 3532 4255 everta-

1955 4310 2100 4350 mus.
2137 4294 2194 4350 Si
2233 4295 2383 4348 enim
2427 4291 2650 4362 proprie
2678 4291 2933 4347 subsistit
2957 4299 3256 4362 utrumque
3283 4291 3338 4346 in
3371 4289 3536 4346 Chri-

1955 4396 2063 4450 sto,
2095 4385 2350 4441 dieitisne
2394 4383 2715 4454 possibilem
2733 4398 2857 4439 esse
2884 4383 3028 4438 inter
3050 4389 3346 4452 utrumque
3371 4381 3528 4436 unio-

273 4474 438 4526 αὑτοῦ
493 4475 686 4528 ramo
740 4478 882 4532 κατὰ
937 4478 1036 4547 τὴν
1107 4479 1431 4550 συμπλοκὴν
1519 4480 1616 4534 τοῦ
1687 4483 1841 4536 πολέ-

1955 4478 2122 4533 nem?
2149 4493 2220 4531 an
2259 4476 2456 4531 eodem
2489 4474 2654 4530 modo
2699 4491 2810 4544 quo
2839 4475 3012 4530 David
3041 4475 3268 4530 inimico
3299 4489 3401 4530 suo
3431 4472 3540 4530 Go-

277 4582 400 4632 μου,
456 4565 551 4618 καὶ
603 4569 701 4636 τὴν
757 4569 1039 4639 ἐνέργειαν
1095 4571 1198 4641 τῆς
1251 4573 1462 4626 ἐκείνου
1515 4573 1851 4644 ἀναιρέσεως

267 4657 552 4728 ,ἡνωμένος
595 4653 664 4728 ἦν
722 4675 896 4726 φατες
963 4663 1032 4713 Ἦ
1071 4661 1193 4714 καθ’
1251 4662 1318 4734 ἢν
1383 4663 1583 4732 Ἰωσὴφ
1627 4667 1686 4718 ὲν
1751 4668 1850 4720 Αἰ·-
1899 4711 1904 4716 .

271 4747 466 4819 γὺπτῳ
529 4745 610 4802 ὢν
642 4789 655 4812 ,
707 4747 786 4818 τῷ
845 4749 1102 4822 Βενιαμὶν
1162 4754 1379 4825 ἦνωτο;
1457 4743 1528 4807 Ἦ
1598 4757 1722 4810 καθ’
1785 4759 1851 4830 ἢν

265 4841 300 4910 ἡ
329 4841 583 4912 ἐνέργεια
611 4840 708 4910 τοῦ
754 4843 1016 4910 μουσικοῦ
1049 4847 1116 4914 τῇ
1149 4845 1382 4918 κιθάρᾳ;
1403 4847 1490 4900 .Ἤ
1521 4863 1642 4902 τινα
1673 4851 1854 4904 τοιάν-

264 4935 322 4988 δε
351 4933 717 5004 ὑφεστηκέναι
735 4933 828 4988 οὖν
860 4937 1076 5000 πάντως
1100 4955 1114 5004 ;
1151 4939 1242 4992 Ἐν
1268 4943 1421 5014 κοινῇ
1441 4942 1500 4996 δὲ
1524 4943 1619 4996 καὶ
1651 4945 1750 5014 μιᾷ
1778 4946 1843 5016 τῇ

265 5027 566 5081 ὑποστάσει
594 5029 695 5082 τόν
715 5046 776 5082 τε
809 5029 980 5097 Λόγον
1009 5031 1103 5084 καὶ
1139 5031 1238 5103 τὴν
1269 5036 1448 5105 σάρκα
1476 5037 1594 5108 ἅμα
1622 5037 1853 5104 δοξάζω

271 5138 368 5191 μεν
415 5123 575 5191 ἡμεῖς
597 5137 610 5150 ο
641 5122 800 5187 ὑμεῖς
819 5121 875 5174 δὲ
909 5124 958 5174 εἰ
995 5124 1090 5176 καῖ⁵
1123 5124 1199 5194 μὴ
1225 5127 1338 5188 τοῖς
1375 5129 1556 5199 ἡμῶν,
1581 5131 1848 5195 άλλὼτοῖς

265 5227 330 5278 γε
365 5210 672 5280 ὑμετέροις,
696 5211 812 5274 πῶς
835 5211 936 5264 οὑκ
967 5211 1362 5282 ὲπισκήπὲτετε,
1384 5217 1442 5268 ὲν
1469 5217 1545 5286 τῷ
1575 5219 1735 5289 Λόγῳ
1764 5218 1851 5272 λέο

267 5317 456 5368 γοντες
479 5302 576 5354 καὶ
603 5299 758 5356 αὐτοὶ
789 5299 879 5368 τὸν
910 5299 1198 5371 ἄνθρωπον
1229 5296 1400 5368 εἷναι;
1423 5304 1463 5354 Τ
1468 5304 1496 5356 δ
1528 5305 1636 5376 γάρ
1659 5305 1718 5357 ἐν
1741 5322 1847 5358 τινι

267 5392 558 5462 λεγόμενον
594 5389 767 5457 εἶναι,
801 5393 901 5462 τὴν
946 5391 1140 5445 ἕνωσιν
1179 5391 1277 5464 τὴν
1324 5394 1462 5466 πρὸς
1497 5397 1659 5448 αὑτὸν
1709 5414 1851 5467 μαρ-

275 5485 496 5556 τύρεται
523 5501 535 5513 ·
566 5485 628 5538 τὸ
649 5485 710 5538 δὲ,
743 5483 849 5555 ἰδίᾳ
873 5484 1140 5554 ἑκατέρου
1175 5483 1357 5554 λέγειν
1402 5487 1512 5539 τῶν
1561 5486 1860 5558 ὑποκειμέ..

272 5595 380 5632 ’.ων
413 5575 674 5651 εἶναιτὴν
707 5579 1006 5632 ὑπόστασιν
1035 5617 1053 5644 ,
1093 5579 1193 5648 τὴν
1237 5578 1374 5650 πρὸς
1409 5579 1614 5650 ἄλληλα
1649 5580 1855 5635 τούτων

273 5670 552 5724 διάστασιν
592 5671 778 5740 σαφῶς
811 5671 1064 5740 ὁμολογεί
1094 5687 1108 5704 ο
1148 5670 1324 5724 ταντα
1356 5671 1412 5724 δὲ
1443 5671 1560 5742 ἅμα
1595 5673 1722 5744 περὶ
1756 5671 1852 5726 τοῦ

279 5764 438 5817 αὑτοῦ
471 5763 647 5833 λέγειν
676 5763 706 5835 ἢ
742 5766 960 5834 φρονεῖν
983 5803 996 5830 ,
1030 5763 1150 5816 λίαν
1180 5763 1494 5834 ἀσύμϐατα.

1955 4569 2112 4632 liath,
2145 4584 2244 4638 per
2269 4583 2467 4638 pugna:
2496 4565 2836 4633 conﬂictum,
2863 4578 2920 4623 et
2946 4567 3058 4621 vim
3087 4565 3326 4637 impetus
3351 4565 3535 4637 hujus,

1961 4661 2151 4716 unitus
2179 4659 2350 4714 fuerit
2390 4658 2623 4715 dicitis?
2650 4675 2721 4714 an
2757 4675 2825 4714 eo
2873 4658 3041 4714 modo
3090 4675 3202 4730 quo
3223 4659 3428 4729 Joseph
3482 4658 3540 4712 in

1956 4752 2190 4824 Egypto
2241 4751 2566 4822 Benjamino
2587 4751 2778 4807 unitus
2825 4751 3076 4806 fuit?an
3125 4751 3321 4806 eodem
3373 4751 3540 4806 modo

1958 4862 2070 4917 quo
2097 4845 2296 4900 musici
2320 4844 2487 4899 ardor
2517 4844 2575 4899 in
2594 4860 2694 4900 sua
2719 4845 2934 4900 cithara
2959 4843 2984 4898 ?
3011 4859 3078 4898 an
3103 4843 3344 4914 aliquam
3375 4843 3539 4899 talem

1959 4936 2262 4992 subsistere
2286 4934 2515 4990 omnino
2540 4934 2920 4990 contenditis?
2945 4933 3000 4988 in
3036 4934 3320 4990 communi
3354 4942 3540 4990 autem

1953 5035 2010 5083 et
2036 5040 2144 5081 una
2181 5024 2541 5080 subsistentia
2587 5023 2832 5080 Verbum
2879 5033 2937 5080 et
2983 5040 3204 5079 carnem
3251 5023 3414 5079 simul
3441 5039 3542 5080 nos

1955 5125 2316 5188 reputemus;
2351 5131 2453 5172 vos
2487 5131 2620 5172 vero
2651 5116 2758 5172 etsi
2801 5132 2921 5172 non
2950 5117 3181 5184 nostris,
3223 5117 3319 5172 sed
3365 5127 3422 5174 et
3451 5133 3552 5174 ve—

1957 5211 2088 5265 stris
2113 5207 2408 5265 seutentiis
2423 5207 2828 5278 quomodonon
2851 5207 3094 5273 hatretis,
3112 5208 3292 5278 ipsum
3320 5209 3376 5264 in
3399 5208 3537 5264 νει·-

1957 5303 2030 5357 bo
2071 5318 2169 5356 vos
2195 5300 2386 5356 dicitis
2434 5311 2494 5356 et
2533 5299 2820 5356 hominem
2847 5300 3015 5358 esse?
3061 5300 3268 5371 aliquid
3302 5300 3449 5356 enim
3483 5299 3541 5354 in

1959 5394 2147 5464 aliquo
2177 5407 2300 5448 esse
2329 5388 2377 5448 si
2403 5391 2642 5458 dicatur,
2679 5391 2809 5446 unio
2835 5392 3128 5464 utriusque
3157 5390 3501 5464 signiﬁcatur
3521 5433 3536 5458 ,

1959 5486 2005 5540 si
2028 5485 2250 5540 dicatur
2269 5494 2455 5539 autem
2487 5484 2713 5554 proprie
2735 5500 2858 5540 esse
2889 5485 3305 5542 subsistentiam
3331 5483 3537 5538 utrius-

1959 5591 2066 5646 que
2101 5577 2534 5646 suppositorum,
2567 5575 2852 5632 distinctio
2875 5577 3022 5632 inter
3045 5585 3345 5646 utrumque
3391 5574 3538 5629 clare

1956 5669 2298 5735 ostenditur;
2329 5667 2523 5724 eadem
2561 5685 2690 5725 vero
2715 5669 2880 5724 simul
2910 5668 2977 5724 de
2997 5667 3192 5723 eodem
3225 5667 3412 5722 dicere
3447 5675 3541 5722 aut

1957 5763 2220 5835 cogitare,
2266 5761 2496 5818 nimium
2528 5761 2825 5817 absurdum
2863 5760 3104 5816 videtur.
