3932 6152
445 279 582 343 1555
1729 256 2039 360 LEONT'II
2079 303 2486 364 BYZANTINI
3566 303 3710 374 1556

1091 395 1242 453 CAP.
1295 399 1360 454 X‘.
2044 415 2091 469 Α

2044 415 2091 469 Α
2707 413 2958 467 ΚΕΦΔΛ.
3012 414 3071 472 I'.

507 479 566 536 Si
595 481 845 538 subsistit
870 485 1090 556 quidem
1122 488 1286 545 homo
1314 507 1344 546 e
1386 493 1546 549 nobis
1582 497 1872 565 oriundus,
1901 517 2012 556 non

2187 502 2252 556 Et
2284 503 2493 574 ὑπέστη
2530 501 2629 570 μὲν
2656 505 2684 556 ὁ
2711 501 2770 566 ἐξ
2805 501 2960 572 ἡμῶν
2998 501 3308 573 ἅνθρωπος,
3343 505 3445 558 οὑκ
3483 503 3606 576 ἔχει
3644 506 3705 560 δι

441 571 606 628 habet
627 585 809 631 autem
841 577 1269 649 subsistentiam,
1300 587 1577 654 quomodo
1604 604 1712 644 non
1741 593 1994 647 eontrari:

2154 595 2437 656 πόστασιν,
2484 571 2606 656 πῶς
2654 593 2755 646 οὑκ
2802 571 3022 646 ἐναντία
3071 571 3458 662 δογματίζεις,
3493 571 3707 649 ἀνυπο-

436 665 625 733 doces,
667 667 853 724 dicens
897 671 1046 727 hunc
1075 673 1167 743 qui
1199 675 1448 731 subsistit
1479 695 1601 735 esse
1648 683 1989 739 insubsisten'

2152 703 2308 739 τατον
2358 685 2449 738 τὸν
2475 685 2822 754 ὑφεστηκότα
2873 683 3082 751 λέγωνς
3125 684 3264 738 Οὑτε
3303 678 3378 738 ὧν
3409 703 3551 754 φατε
3605 688 3704 758 μέ-

441 758 591 846 tem?
635 759 822 827 Neque
870 777 992 831 qua:
1022 762 1204 821 dicitis
1253 768 1638 842 recordamini,
1684 787 1862 843 neque
1893 793 1994 845 qua

2150 774 2322 846 ,νησθε
2347 815 2361 838 ,
2395 774 2518 828 οὔτε
2547 770 2626 838 οἷς
2657 775 2888 845 λέγομεν
2919 776 3312 845 ἐπισκήπτετε.
3335 777 3448 829 Οὑν
3491 779 3703 833 ἀνυπό-

435 849 672 906 dicimus
703 855 1057 910 conservatis.
1092 856 1212 911 Non
1253 859 1700 918 insuhsistentem
1727 865 1881 920 vobis
1911 867 1982 922 ho

2142 882 2308 918 πατον
2341 866 2467 934 ὑμῖν
2487 865 2576 918 τδν
2599 865 2880 936 ἄνθρωπον
2903 864 2994 917 τὸν
3017 865 3294 934 κυριακὸν
3340 863 3512 930 δεῖξαι
3569 866 3695 937 ﬂou-

437 941 642 997 minem
685 944 1030 1000 Dominicum
1065 947 1356 1004 ostendere
1387 951 1673 1018 volumus;
1707 955 1877 1012 absit!
1915 975 1990 1013 set

2150 953 2319 1024 όμεοα
2343 972 2356 987 ·
2385 955 2458 1026 μὴ
2492 954 2701 1024 γένοιτο
2725 955 2740 1008 l
2767 953 2880 1008 ἀλλ’
2923 955 3024 1007 οὐκ
3054 954 3479 1020 εδιοῦπόστατον,
3537 974 3703 1010 τουτ·

438 1042 544 1081 ron
565 1031 784 1099 proprie
800 1032 1212 1099 subsistentem,
1234 1035 1290 1089 id
1317 1047 1400 1092 est
1415 1054 1445 1092 a
1468 1039 1646 1096 Verbo
1666 1042 1985 1100 distinctum

2148 1061 2262 1097 στιν
2310 1045 2418 1098 ἀπὸ
2449 1044 2542 1098 τοῦ
2571 1043 2749 1112 Λόγου
2775 1043 3164 1114 χωριζόμενον,
3193 1045 3276 1098 ὅτι
3311 1045 3368 1098 δὲ
3395 1047 3457 1098 οὑ
3492 1048 3701 1100 ταυτὸν

436 1115 702 1171 Eumdcm
729 1135 860 1176 vero
885 1136 996 1174 non
1025 1121 1474 1182 insubsistentem
1519 1137 1577 1184 et
1617 1135 1833 1202 proprie
1877 1139 1989 1192 sub

2151 1133 2484 1188 νυπόστατον
2515 1135 2693 1202 λέγειν
2731 1134 2824 1186 καὶ
2883 1133 3320 1200 ῑδιοῦπόστατον,
3375 1135 3462 1200 τίς
3519 1139 3701 1206 ἀμφι-

435 1207 722 1264 sistentem
754 1210 939 1266 dicere
983 1214 1108 1283 quis
1149 1215 1396 1282 dubitet,
1448 1220 1493 1274 si
1539 1237 1660 1276 esse
1709 1226 1800 1280 tali
1849 1229 1988 1284 modi

2149 1223 2320 1291 άλλοι,
2371 1229 2419 1278 ει
2460 1225 2521 1278 τὺ
2557 1227 2656 1296 μὲν
2689 1226 2782 1278 τοῦ
2811 1225 2928 1287 πῶς
2957 1219 3098 1278 εἶναι
3127 1226 3263 1294 πρὸς
3292 1227 3358 1280 τὰ
3387 1228 3554 1298 ἕτερα
3579 1270 3594 1292 ,
3630 1231 3699 1282 τὸ

435 1308 691 1368 respectu
732 1301 986 1370 aliorum,
1017 1312 1072 1358 et
1113 1305 1362 1362 absolute
1408 1325 1518 1364 non
1563 1328 1706 1379 esse,
1749 1319 1988 1374 confund

2147 1315 2170 1368 ὲ
2195 1317 2289 1370 τοῦ
2315 1315 2451 1380 ὅλως
2488 1319 2564 1388 μὴ
2609 1313 2748 1371 εἶναι
2787 1313 3328 1387 δηλωτικάνὲστιντῶ
3352 1317 3658 1388 σοφώτατοι
3677 1340 3700 1386 ;,

435 1399 736 1459 nequeunt,
764 1407 798 1446 ο
825 1393 1212 1462 sapientissimi
1247 1398 1271 1451 ?

1012 1535 1022 1542 -
1077 1509 1228 1565 CAP.
1269 1512 1368 1567 XL

2701 1517 2949 1571 ΚΕΦΑΛ.
2985 1515 3084 1572 lA'.

503 1591 559 1649 Si
587 1595 733 1650 Petri
759 1596 942 1650 anima
969 1597 1070 1652 alia
1099 1607 1184 1653 est
1222 1616 1286 1654 ac
1316 1601 1469 1658 Pauli
1497 1604 1700 1659 anima.
1732 1607 1880 1662 aliud
1909 1625 2010 1662 an-

2184 1602 2249 1656 El
2271 1606 2302 1673 ἡ
2328 1605 2539 1682 Πέτρου.
2561 1603 2707 1674 ψυχὴ
2742 1606 2905 1676 ἑτέρα
2948 1608 3066 1660 ἐστὶ
3121 1608 3274 1681 παρὰ
3304 1610 3402 1680 τὴν
3425 1611 3650 1666 Παύλου
3679 1654 3699 1675 ,

436 1697 544 1738 tem
586 1692 672 1738 est
701 1693 798 1739 aut
831 1693 1030 1740 natura
1049 1695 1105 1740 et
1137 1687 1491 1744 subsistentia
1518 1689 1687 1756 aliud,
1720 1702 1778 1746 ut
1809 1695 1989 1749 cmlun

2147 1695 2174 1748 δ
2211 1696 2269 1748 δὲ
2299 1696 2483 1766 ἕτερον
2515 1695 2546 1767 ἢ
2581 1697 2743 1765 φύσει
2773 1699 2868 1750 καὶ
2893 1698 3194 1752 ὑποστάσει
3213 1701 3421 1770 ἕτερον,
3448 1703 3524 1764 ὡς
3546 1706 3577 1756 ὁ
3603 1705 3698 1756 οὑ-

430 1785 488 1830 et
516 1785 680 1840 terra,
737 1785 833 1830 aut
857 1771 1210 1834 subsistentia
1237 1781 1484 1848 omnino,
1517 1792 1572 1837 ut
1590 1794 1745 1853 pater
1767 1794 1822 1840 et
1841 1786 1983 1842 [ilius

2147 1787 2272 1849 ανὺς
2297 1786 2396 1855 τῆς
2420 1790 2546 1857 γῆς,
2569 1789 2602 1858 ἢ
2635 1788 2933 1843 ὑποστάσει
2963 1789 3184 1856 πάντως
3208 1791 3282 1854 ὡς
3315 1794 3344 1844 ὁ
3383 1795 3571 1865 πατὴρ
3591 1795 3699 1849 τοῦ

429 1869 709 1938 quomodo
751 1885 862 1924 non
906 1881 1104 1926 natura
1135 1879 1195 1927 et
1238 1872 1611 1939 subsistentia,
1647 1885 1744 1930 aut
1781 1877 1982 1931 omnim

2147 1879 2250 1944 ἰοῦ,
2295 1878 2412 1941 πῶς
2439 1879 2561 1949 οὐχὶ
2585 1881 2649 1952 τῇ
2675 1879 2833 1948 φύσει
2852 1883 2946 1936 καὶ
2970 1886 3037 1952 τῇ
3064 1883 3382 1948 ὑπόστασει,
3399 1886 3434 1954 ἢ
3465 1887 3697 1950 πάντως

429 1960 782 2016 subsistentia
815 1959 998 2016 ditiert
1026 1962 1208 2018 anima
1241 1963 1388 2020 Petri
1420 1965 1490 2020 ab
1528 1965 1708 2022 anima
1737 1967 1932 2023 Pauli?
1961 1985 1982 2024 ε

2141 1972 2172 2038 ᾔ
2197 1970 2492 2023 ὑποστάσει
2513 1969 2760 2041 διαφέρει
2789 1974 2822 2044 ἡ
2857 1972 3003 2044 ψυχὴ
3038 1975 3248 2043 Πέτρου
3290 1975 3392 2044 τῆς
3421 1975 3642 2028 Παύλου
3671 1995 3689 2042 ;

432 2068 562 2108 vero
592 2052 648 2108 id
673 2051 1001 2118 admittitur,
1029 2055 1305 2124 quomodo
1351 2070 1460 2110 non
1500 2056 1667 2112 habet
1699 2057 1985 2113 subsisten-

2141 2062 2236 2116 ἰδὲ
2269 2061 2460 2126 τοῦτο,
2511 2065 2628 2126 πῶς
2676 2067 2779 2117 οὑκ
2828 2065 2944 2136 ἔχει
3005 2066 3305 2120 ὑπόστασιν
3367 2068 3604 2122 ἑκάστου
3653 2071 3689 2138 ἡ

434 2147 562 2200 tiam
587 2145 850 2216 cujusque
872 2147 1074 2208 anima,
1099 2161 1208 2216 qua
1229 2145 1447 2201 differat
1469 2148 1538 2202 ab
1559 2149 1785 2204 alterius
1803 2149 1981 2205 anima

2140 2155 2253 2224 ρυχὴ
2273 2155 2394 2208 καθ’
2431 2155 2498 2226 ἢν
2517 2155 2767 2226 διαφέρει
2792 2155 2893 2225 τῆς
2921 2157 3134 2227 ἑτέρου,
3174 2157 3207 2228 ἦ
3239 2157 3350 2212 τῶν
3381 2158 3482 2228 τῆς
3511 2159 3693 2230 αὑτῆς

431 2247 525 2292 aut
549 2238 616 2292 ab
642 2239 854 2302 eadem,
886 2247 982 2292 aut
1009 2254 1118 2293 non
1146 2237 1218 2292 ab
1249 2237 1440 2293 eadem
1469 2241 1744 2294 essentia?
1771 2241 1828 2294 ld
1857 2257 1984 2296 num

2138 2245 2310 2310 ὑσίας,
2343 2246 2458 2316 ἢοὺ
2479 2247 2580 2316 τῆς
2603 2247 2773 2318 αὑτῆς
2799 2263 2814 2312 ;
2844 2247 3017 2301 Τοῦτο
3055 2247 3152 2303 νῦν
3184 2251 3314 2320 παρ’
3348 2251 3480 2319 ὑμῖν
3525 2249 3691 2318 δῆλον

431 2346 459 2383 a
489 2330 646 2386 vobis
672 2330 878 2384 dictum
909 2336 996 2385 est
1019 2329 1304 2385 evidenter
1331 2337 1391 2384 ut
1417 2329 1806 2386 ostenderetur
1831 2331 1984 2386 hom't

2134 2355 2179 2399 ις
2205 2337 2292 2390 διὰ
2315 2337 2375 2390 τὸ
2400 2337 2568 2402 δεῖξαι
2597 2338 2694 2390 καὶ
2713 2337 3002 2409 ἀνθρώπου
3033 2339 3267 2393 ἑκάστου
3299 2339 3396 2393 δύο
3417 2339 3516 2402 τὰς
3546 2340 3687 2392 ὑπο-

427 2423 516 2476 nis
543 2423 808 2492 cujusque
829 2422 966 2476 duas
993 2437 1114 2476 esse
1148 2422 1560 2488 subsistentias;
1587 2423 1682 2477 sed
1714 2432 1775 2478 ut
1801 2439 1908 2478 non
1938 2440 1980 2480 e:

2134 2430 2325 2491 πάσεις
2375 2426 2564 2491 οὑσας,
2593 2428 2810 2498 εἴρηται
2831 2443 2848 2458 ·
2885 2427 2972 2480 ἵνα
3003 2427 3079 2498 μὴ
3110 2427 3168 2480 δὲ
3202 2427 3266 2479 ὲκ
3287 2425 3382 2480 τοῦ
3413 2425 3559 2480 κατά
3590 2425 3687 2479 τὸν

425 2513 680 2582 exemplo
718 2512 1028 2568 secundum
1056 2512 1335 2568 hominem
1381 2522 1600 2584 sumpto
1632 2515 1978 2584 impediamin

2134 2521 2388 2592 ὶνθρωπον
2436 2519 2878 2590 παραδείγματος
2931 2520 3290 2574 ἀποκλείεται
3333 2523 3464 2592 ὑμῖν
3491 2521 3555 2574 τὸ
3590 2520 3687 2574 δύο

428 2605 562 2674 quin
607 2604 745 2660 duas
790 2605 986 2660 dicatis
1027 2604 1415 2661 subsistentias
1455 2605 1682 2670 Christi,
1712 2621 1838 2660 cum
1883 2606 1981 2661 dua

2138 2611 2284 2680 έγειν
2311 2610 2408 2674 τὰς
2430 2610 2755 2674 ὑποστάσεις
2780 2609 3042 2680 Χριστοῦ,
3059 2611 3154 2664 δύο
3167 2611 3344 2666 οὑσῶν
3382 2613 3549 2666 αὑτοῦ
3573 2613 3687 2666 τῶν

429 2698 542 2753 sint
578 2698 704 2768 cjus—
743 2710 974 2763 naturae,
1008 2705 1068 2752 ut
1109 2697 1348 2752 dicimus
1392 2697 1461 2752 de
1505 2699 1671 2754 Petro
1713 2708 1770 2753 et
1813 2699 1982 2754 Paulo

2134 2704 2340 2768 iﬁoawv,
2381 2702 2572 2774 ὥσπερ
2621 2703 2800 2774 φαμὲν
2851 2702 3062 2773 Πέτρου
3113 2702 3147 2774 ἢ
3195 2703 3292 2756 τοῦ
3345 2704 3584 2759 Παύλου.
3621 2705 3687 2759 'ﬂ

426 2789 582 2844 Pauli
611 2789 785 2862 igitur
837 2789 1039 2854 anima,
1069 2788 1170 2843 etsi
1200 2789 1306 2844 alia
1342 2789 1412 2844 sit
1439 2789 1792 2845 subsistentia
1821 2805 1921 2860 per
1946 2805 1979 2846 si

2136 2793 2318 2848 Ιαὺλου
2365 2792 2458 2846 οὖν
2506 2793 2654 2862 ψυχὴ
2679 2833 2693 2856 ,
2728 2795 2778 2846 εἰ
2811 2793 2906 2846 καὶ
2933 2793 3099 2864 ἑτέρα
3129 2794 3244 2846 ἐστὶ
3270 2797 3336 2864 τῇ
3384 2793 3689 2848 ὑποστάσει

427 2870 624 2947 solam,
649 2883 838 2936 nescio
866 2881 1145 2951 quomodo
1171 2881 1329 2936 vobis
1355 2881 1614 2952 possibile
1636 2881 1708 2938 sit
1733 2883 1840 2938 hoc
1859 2882 1980 2953 judi

2136 2883 2230 2938 ταδ’
2259 2883 2430 2952 αὑτὴν
2460 2883 2650 2952 μόνην,
2675 2883 2775 2936 οὑκ
2801 2880 2919 2936 οἶδα
2949 2883 3070 2947 πῶς
3103 2884 3230 2954 ὑμῖν
3256 2885 3486 2938 δυνατοῦ
3525 2886 3689 2950 ὄντος

427 2989 556 3029 care
585 2973 654 3029 de
699 2973 793 3028 illa
823 2973 1004 3028 adhuc
1032 2973 1090 3027 in
1123 2987 1289 3028 carne
1332 2973 1698 3043 permanenti,
1734 2973 1864 3028 item
1905 2989 1980 3028 cu‘

2134 2973 2264 3027 οῦτο
2309 2971 2516 3040 κρίνειν
2570 2971 2700 3042 περὶ
2757 2972 2931 3041 αὐτῆς
2989 2972 3064 3025 ἔτι
3127 2972 3552 3041 παραμενούσης
3614 2977 3687 3044 τῇ

427 3065 666 3121 animam
709 3065 865 3120 Petri
905 3064 1271 3133 assumpsisse
1322 3062 1574 3128 dicatur,
1621 3070 1718 3118 aut
1764 3061 1980 3118 animan

2134 3063 2296 3135 rapaci,
2323 3064 2473 3134 ὅμως
2507 3061 2614 3115 ποῦ
2639 3062 2738 3134 τὴν
2772 3061 2952 3133 ψυχὴν
2984 3061 3184 3133 Πέτρου
3205 3061 3493 3115 ἀναλαϐεῖν
3517 3063 3687 3134 εἴρη-

427 3157 577 3214 Petri
622 3157 678 3212 in
709 3157 890 3212 anima
921 3156 1072 3212 Pauli
1103 3171 1245 3220 esse,
1283 3163 1342 3209 ut
1371 3153 1588 3210 dixistis
1616 3170 1717 3211 vos
1740 3171 1918 3226 nuper
1944 3155 1980 3210 il

2122 3174 2222 3219 ται,
2257 3156 2290 3226 ἢ
2327 3157 2362 3226 ἡ
2395 3156 2604 3225 Πέτρου
2650 3157 2710 3209 ὲν
2735 3157 2800 3224 τῇ
2833 3154 3046 3208 Παύλου
3071 3149 3202 3207 εἶναι
3229 3192 3244 3216 ,
3267 3150 3450 3230 ὥσπερ,
3475 3153 3675 3206 εἴπατε

427 3251 541 3307 Deo
570 3249 750 3306 Verbo
771 3265 893 3304 esse
915 3247 1194 3303 hominem
1227 3247 1644 3302 contendentes.
1675 3246 1824 3302 Istud
1852 3247 1980 3301 enin

2112 3249 2206 3302 καὶ
2243 3247 2402 3318 ὑμεῖς
2431 3247 2540 3316 πρὸ
2580 3244 2785 3317 μικροῦ·
2807 3247 2866 3298 ἐν
2899 3245 2978 3316 τῷ
3017 3245 3148 3316 θείῳ
3169 3244 3322 3314 Λόγῳ
3341 3245 3431 3298 τδν
3459 3243 3665 3314 ἀνθρω-

429 3343 660 3413 impedit
687 3357 756 3397 ne
787 3348 1048 3412 appareat
1063 3339 1300 3395 dualitas
1319 3339 1820 3404 subsistentiarum,
1845 3339 1982 3393 unio-

2136 3357 2210 3394 ιον
2260 3335 2398 3393 εἶναι
2435 3338 2672 3402 διδόντες
2708 3355 2722 3368 ·
2752 3335 2912 3390 τοῦτο
2959 3337 3070 3406 γάρ
3112 3337 3228 3389 ἐστι
3277 3335 3339 3388 τὸ
3381 3334 3689 3388 κωλυτικὺν

427 3450 554 3490 nem
601 3433 892 3488 admittere
939 3441 1286 3488 naturarum.
1317 3429 1374 3486 Si
1415 3429 1564 3486 enim
1607 3424 1846 3484 Verbum
1891 3445 1980 3484 n01

2140 3431 2206 3484 κοῦ
2246 3430 2348 3502 τὴν
2374 3429 2542 3484 δυάδα
2576 3427 2861 3499 φαίνεσθαι
2890 3427 3002 3482 τῶν
3053 3426 3428 3494 ὑποστάσεων,
3480 3426 3544 3480 τὸ
3584 3427 3693 3496 τὴν

429 3543 654 3583 carnem
697 3525 1103 3596 assumpsisset,
1137 3531 1196 3578 ut
1225 3523 1420 3579 Petrus
1451 3537 1562 3577 non
1590 3521 1840 3587 Paulum,
1889 3521 1982 3576 rei

2139 3539 2304 3576 νωσιν
2331 3520 2711 3592 ὁμολογεῖσθαι
2761 3519 2870 3572 τῶν
2903 3519 3140 3588 φύσεων.
3188 3519 3252 3572 Ei
3303 3519 3410 3589 γὰρ
3467 3519 3604 3588 μηδὲ
3657 3519 3692 3572 6

429 3637 526 3690 psa
553 3629 700 3676 esset
729 3617 1030 3676 secundum
1059 3615 1207 3672 Petri
1231 3623 1286 3672 et
1307 3615 1460 3670 Pauli
1483 3614 1815 3684 exemplum,
1837 3613 1980 3670 Verb

2140 3615 2281 3684 ιόγος
2327 3613 2426 3684 τὴν
2471 3613 2649 3683 σάρκα
2690 3610 3014 3677 ἀνελάϐετο,
3051 3610 3242 3682 ὥσπερ
3268 3609 3392 3664 οὑδὲ
3419 3610 3449 3663 ὁ
3479 3608 3693 3680 Πέτρος

429 3723 486 3768 et
517 3713 724 3778 carnis,
751 3711 806 3766 id
847 3707 955 3776 est,
993 3706 1197 3765 Christi
1241 3707 1499 3772 hominis,
1529 3706 1790 3762 diﬂerens
1820 3707 1982 3762 subsi-

2140 3705 2344 3771 ῐαῦλον,
2371 3704 2540 3768 ὅντως
2561 3699 2630 3776 ἦν
2663 3703 2808 3757 κατά
2844 3703 2906 3756 τὸ
2944 3703 3300 3775 παράδειγμα
3339 3701 3552 3772 Πέτρου
3593 3700 3693 3754 καὶ

431 3805 664 3871 stentia;
691 3803 774 3858 sin
801 3811 980 3856 autem
1008 3801 1206 3855 Petrus
1229 3799 1460 3854 Paulum
1483 3812 1592 3852 non
1620 3797 1980 3866 assumpscrit

2140 3795 2347 3860 Ιαὺλου,
2381 3794 2476 3849 τοῦ
2511 3813 2569 3848 τε
2599 3795 2774 3864 Λόγου
2815 3795 2909 3848 καὶ
2937 3793 3037 3863 τῆς
3067 3795 3274 3864 σαρκὸς
3306 3795 3475 3865 ήγουν
3500 3791 3596 3846 τοῦ
3627 3793 3693 3844 ἐν

431 3906 494 3951 ιιι
513 3896 751 3950 Verbum
779 3906 1000 3947 carnem
1028 3889 1342 3958 assumpsit,
1369 3903 1478 3942 non
1506 3895 1656 3942 recte
1685 3887 1790 3942 hoc
1814 3902 1984 3942 exemi

2137 3888 2332 3962 ίριστῷ
2366 3886 2674 3959 ἀνθρώπου,
2722 3887 2979 3959 διάφορος
3006 3889 3040 3958 ἡ
3077 3887 3382 3950 ὑπόστασις
3416 3902 3431 3918 ’
3459 3886 3509 3938 ei
3555 3883 3612 3938 δὲ
3655 3885 3690 3937 6

431 3989 582 4060 plum
627 3987 684 4041 in
714 4000 828 4040 rem
859 3981 1166 4047 adducitis;
1201 3988 1256 4035 et
1285 3981 1331 4035 si
1377 3979 1719 4034 incarnatum
1769 3979 1984 4034 Verbun

2140 3985 2320 4054 ἰέτρος
2374 3980 2584 4034 Παῦλον
2629 3979 2728 4033 οὑκ
2759 3979 3073 4046 ἀνελάϐετο,
3106 3979 3296 4052 ὥσπερ
3327 3980 3357 4033 ὁ
3383 3979 3556 4046 Λόγος
3587 3977 3693 4046 τὴν

432 4094 578 4134 unus
607 4075 782 4132 Filius
825 4082 908 4130 est
953 4081 1009 4128 et
1055 4087 1163 4126 non
1209 4071 1352 4137 duo,
1405 4069 1607 4125 Paulus
1650 4079 1831 4125 autem
1877 4085 1985 4124 cun

2140 4077 2312 4146 rdpxa,
2342 4074 2442 4127 οὐκ
2469 4072 2650 4144 ὀρθῶς
2679 4073 3032 4145 παρηγάγετε
3060 4072 3181 4126 τόδε
3217 4075 3357 4143 πρὸς
3387 4071 3504 4124 τόδε
3542 4087 3560 4102 ”
3593 4071 3693 4123 καὶ

432 4171 596 4227 Petro
625 4184 735 4224 non
766 4181 909 4222 unus
951 4164 1123 4220 Filius
1156 4161 1250 4218 sed
1301 4161 1411 4217 duo
1439 4161 1534 4216 ﬁlii
1569 4167 1717 4226 sunt,
1747 4170 1985 4216 extrane:

2147 4171 2161 4222 ῐ
2193 4170 2220 4221 ὁ
2252 4165 2560 4236 σαρκωθεὶς
2591 4165 2762 4234 Λόγος
2789 4161 2872 4226 εἷς
2891 4163 3019 4227 Υἱὸς
3048 4165 3142 4216 καὶ
3170 4164 3232 4218 οὑ
3252 4163 3364 4226 δύο,
3392 4161 3600 4224 Παῦλος
3630 4161 3697 4216 δί

433 4261 592 4317 nobis
621 4259 910 4330 praebetis;
942 4266 998 4312 et
1029 4255 1076 4312 si
1105 4270 1248 4310 unus
1274 4253 1526 4310 Christus
1551 4256 1604 4308 in
1636 4253 1920 4308 divinitate
1948 4268 1986 4308 e‘

2141 4259 2257 4314 ιετὰ
2278 4259 2488 4330 Πέτρου
2513 4299 2527 4324 ,
2562 4257 2660 4328 οὑχ
2695 4253 2776 4320 εἷς
2813 4256 2943 4320 Υἱὸς
2973 4255 3106 4310 ἀλλὰ
3131 4255 3223 4310 δύο
3251 4257 3411 4323 εἰσιν,
3459 4257 3694 4310 ἀλλοκό-

430 4350 774 4406 lzumanitate
803 4358 906 4410 est,
934 4360 1044 4400 non
1088 4357 1270 4399 autem
1302 4359 1445 4398 unus
1469 4355 1554 4397 εει
1595 4343 1874 4412 apostolus
1902 4342 1983 4398 Pc‘

2142 4369 2223 4414 ’ως
2253 4351 2378 4404 τάδε
2409 4348 2776 4418 παρατίθεσθε
2809 4365 2824 4380 ·
2849 4349 2945 4402 καὶ
2967 4350 3014 4402 εἰ
3046 4346 3126 4413 εἷς
3143 4349 3380 4420 Χριστὸς
3408 4350 3437 4402 ὁ
3469 4351 3528 4402 ὲν
3567 4348 3695 4404 θεό-

431 4455 552 4498 trus
579 4450 636 4497 et
680 4439 960 4510 apostolus
989 4437 1212 4500 Paulus,
1246 4435 1342 4491 sed
1384 4436 1494 4490 duo
1521 4423 1670 4501 sunt,
1720 4434 1984 4491 dissimili:

2143 4459 2236 4510 ητι
2283 4441 2378 4494 καὶ
2412 4439 2794 4511 ἀνθρωπότητί
2835 4441 3016 4506 ἐστιν,
3068 4440 3165 4511 οὐχ
3190 4433 3268 4504 εἷς
3299 4439 3355 4493 δὲ
3387 4438 3696 4504 ἀπόστολος

431 4533 760 4605 comparatis
789 4531 857 4586 ad
887 4529 1286 4587 ostendendum
1319 4543 1388 4582 an
1416 4527 1548 4598 quid
1581 4527 1728 4582 aliud
1764 4527 1856 4593 sit,
1884 4542 1984 4581 om

2144 4532 2318 4602 Ιέτρος
2350 4530 2446 4584 καὶ
2473 4529 2708 4592 Παῦλος,
2741 4527 2876 4581 ἀλλά
2903 4527 3014 4593 δύο,
3047 4528 3314 4600 ἀνομοέως
3345 4525 3697 4598 παρεϐάλετε

429 4629 563 4684 ιιὶηο
607 4625 910 4682 secundum
946 4621 1355 4680 subsistentiam
1388 4636 1510 4676 esse
1554 4621 1721 4676 alium
1765 4620 1833 4674 ab
1866 4621 1974 4675 alio

2146 4623 2246 4696 ερδς
2279 4623 2502 4690 ἔνδειξιν
2529 4621 2623 4676 τοῦ
2651 4621 2706 4675 si
2723 4638 2776 4674 τι
2798 4621 2985 4693 ἕτερόν
3003 4623 3142 4687 ἐστι,
3173 4621 3390 4683 πάντως
3417 4619 3699 4674 καθ’ὑπό-

430 4723 548 4777 sive
579 4721 720 4776 alius
748 4719 820 4776 sit
843 4715 1144 4774 secundum
1177 4723 1454 4781 naturam,
1483 4715 1598 4770 sive
1627 4729 1759 4769 non.
1793 4712 1850 4769 Si
1877 4729 1983 4784 ιιι-ει

2147 4733 2301 4770 τασιν
2331 4711 2472 4768 εἶναι
2513 4713 2700 4785 ἕτερον
2733 4712 2820 4767 ἑτέ
2832 4729 2927 4784 ρου
2954 4750 2970 4777 ,
3002 4713 3114 4768 εἴτε
3153 4713 3298 4768 κατὰ
3329 4713 3492 4784 φύσιν
3536 4714 3699 4767 ἐστὶν

433 4813 572 4868 duos
613 4811 882 4873 Christos,
909 4809 1048 4864 duos
1085 4807 1253 4863 Filios
1279 4817 1334 4862 et
1363 4806 1504 4862 duos
1525 4807 1787 4862 Dominos
1817 4805 1986 4862 existi

2148 4823 2319 4878 τερον,
2351 4805 2464 4858 εἴτε
2487 4805 2582 4858 καὶ
2605 4803 2680 4875 μὴ
2706 4802 2878 4858 ἐστιν.
2916 4805 2978 4858 Et
3010 4798 3104 4858 οὖν
3132 4805 3240 4876 ἄρα
3271 4804 3364 4858 δύο
3386 4805 3514 4870 τοὺς
3553 4807 3701 4875 Χρι-

434 4903 596 4958 matis
649 4902 777 4957 talia
824 4899 1062 4956 dicendo
1088 4941 1103 4966 ,
1145 4903 1201 4953 et
1253 4911 1446 4953 eorum
1487 4905 1746 4951 neutrum
1790 4909 1987 4950 assumi

2147 4899 2294 4962 τοὺς,
2329 4897 2424 4950 δύο
2461 4896 2518 4949 δὲ
2547 4896 2674 4958 τοὺς
2709 4895 2892 4960 Υἱοὺς,
2926 4897 3020 4950 καὶ⁵
3047 4895 3141 4950 δὺο
3174 4897 3301 4960 τοὺς
3333 4897 3580 4968 Κυρίους
3603 4898 3700 4952 δο-

434 5003 589 5064 ptum
615 5008 736 5048 esse
757 4992 825 5046 ab
849 4993 1046 5056 altero,
1071 4989 1189 5057 sed,
1206 4999 1267 5044 ut
1289 4989 1490 5044 Paulus
1515 5003 1546 5042 a
1567 4987 1752 5052 Petro,
1781 4986 1928 5042 inter
1949 5004 1987 5044 St

2147 4991 2364 5054 άξοντες
2391 4987 2565 5042 ταῦτά
2594 5005 2752 5056 φατε,
2771 4988 3087 5042 καὶτούτων
3101 4988 3290 5042 οὑδὲνα
3307 4989 3700 5058 ἀναληφθέντα

433 5085 725 5141 distinctos
759 5098 902 5146 esse,
937 5081 1154 5137 tandem
1185 5090 1381 5136 vestra:
1410 5078 1706 5148 impietatis
1733 5079 1986 5134 occultun

2142 5082 2204 5152 φ’
2242 5082 2450 5154 ἑτέρου,
2479 5079 2594 5135 ἁλλ’
2623 5080 2698 5144 ὡς
2721 5080 2934 5135 Παῦλον
2973 5081 3182 5152 Πέτρου
3222 5083 3646 5153 διακεκριμένον
3676 5123 3695 5146 ,

435 5174 770 5249 patefecistis
812 5172 987 5228 nefas.
1023 5173 1210 5226 Talem
1247 5171 1416 5242 igitur
1440 5171 1632 5235 Deum,
1665 5179 1721 5225 et
1754 5171 1847 5226 tali
1883 5171 1988 5226 uni-

2148 5175 2210 5246 ψέ
2245 5189 2375 5229 ποτε
2421 5173 2482 5227 τὸ
2525 5176 2624 5243 τῆς
2663 5173 2916 5236 ἀσεϐείας
2952 5173 3105 5244 ὑμῶν
3133 5173 3375 5246 κρυπτὸν
3406 5175 3701 5229 ἀπεκαλύ-

435 5281 551 5325 tum
597 5282 718 5323 esse
764 5280 936 5322 unum
981 5263 1262 5319 Christum
1312 5263 1552 5334 putatis;
1598 5263 1760 5318 talem
1825 5275 1988 5320 auten

2155 5285 2248 5321 ατε
2286 5267 2454 5336 μῦσος
2473 5279 2490 5296 ⁸
2515 5269 2667 5320 ποῖον
2698 5262 2791 5320 οὗν
2825 5265 2914 5320 τὸν
2943 5265 3098 5330 Θεὸν,
3123 5267 3218 5320 καὶ
3247 5265 3352 5318 τίνι
3395 5265 3707 5338 χρισθέντα

433 5361 738 5425 hominem,
767 5367 825 5413 et
857 5355 950 5412 tali
986 5355 1234 5421 unitum;
1273 5363 1327 5410 et
1361 5355 1527 5410 alium
1575 5354 1854 5410 Christum
1898 5371 1986 5409 an-

2152 5357 2204 5410 δν
2233 5356 2328 5410 ἕνα
2359 5355 2597 5427 Χριστὸν
2625 5349 2766 5409 εἶναι
2786 5353 3037 5424 νομίζετε
3057 5372 3072 5386 ·
3099 5357 3248 5408 ποῖον
3269 5356 3327 5409 δὲ
3350 5357 3443 5408 τὸν
3475 5356 3705 5427 ἀνθρω-

433 5452 722 5520 nuntiatis,
758 5451 853 5524 qui
871 5466 999 5506 vere
1019 5447 1189 5502 Filius
1204 5446 1295 5512 sit,
1314 5447 1406 5517 qui
1437 5447 1490 5501 in
1507 5447 1742 5502 Jordanc
1774 5446 1986 5503 testimo

2153 5466 2250 5512 τον,
2307 5450 2401 5501 καὶ
2445 5447 2548 5500 τίνι
2596 5447 2885 5518 χριόμενον
2915 5463 2930 5478 ·
2977 5446 3074 5500 καὶ
3113 5447 3206 5500 τὸν
3251 5446 3411 5501 ἀλλον
3444 5448 3706 5516 Χριστὸν

434 5548 590 5602 nium
621 5544 932 5616 acceperit;
972 5541 1068 5612 qui
1101 5539 1394 5594 visibiliter
1415 5538 1721 5610 baptizatus
1745 5539 1837 5594 sit.
1855 5539 1987 5596 Unu:

2153 5540 2519 5610 παγγείλατε⁶
2563 5539 2714 5592 ποῖόν
2757 5556 2816 5592 τε
2852 5539 2944 5592 τὸν
2977 5539 3055 5604 ὡς
3079 5538 3294 5610 ἀληθῶς
3345 5537 3470 5593 Υἱδν
3524 5536 3705 5609 εἶναι,

435 5639 584 5692 enim
607 5644 817 5692 tantum
838 5634 1126 5691 evidenter
1149 5647 1178 5686 a
1202 5631 1360 5688 Patre
1385 5633 1754 5686 testimonium
1777 5633 1986 5704 accepit

2156 5636 2203 5684 ἂν
2231 5633 2288 5684 ἐν
2327 5629 2566 5701 Ἰορδάνῃ
2591 5629 3034 5700 μαρτυρούμενον
3059 5645 3070 5660 ·
3095 5628 3186 5680 καὶ
3209 5630 3362 5680 ποῖον
3388 5627 3479 5680 τδν
3497 5626 3709 5699 αἰσθη-

438 5731 562 5782 eum
608 5727 716 5782 duo
749 5727 860 5782 sint
897 5735 954 5783 et
984 5723 1321 5787 dill‘crentes,
1371 5721 1745 5776 verisimilitcr
1775 5735 1943 5777 unum
1979 5740 1991 5775 ι

2156 5723 2220 5787 ὣς
2251 5717 2664 5792 βαπτιζόμενον.
2714 5719 2772 5772 '0
2818 5719 2925 5790 γὰρ
2966 5713 3047 5782 εἷς
3075 5719 3234 5788 μὸνος
3261 5718 3550 5782 δεικτικῶς
3585 5718 3709 5774 ὑπὸ
