3888 6168
1287 229 1320 250 ὁ

223 355 368 422 1557

1187 360 1586 424 ADVERSUS
1627 346 2266 422 NESTORIANOS.—
2293 360 2440 420 LIB.
2483 361 2566 420 II.

3361 330 3501 428 ιβιδ

226 470 332 527 τοῦ
362 447 576 542 Πατρὺς
605 471 1074 544 μαρτυρούμενος,
1093 472 1186 526 δύο
1203 473 1371 528 όντων
1403 475 1494 528 καί¹
1515 472 1806 543 διαφόρων,

1937 471 2088 534 I‘iliis,
2123 488 2262 543 quos
2289 473 2494 537 dicitis,
2526 472 2872 530 autChristis
2889 473 3179 546 adjicictis,
3208 484 3304 530 aut
3329 475 3498 546 igitur
3606 529 3611 535 .

219 562 456 626 εἰκότως
476 561 572 616 τὸν
590 563 688 616 ἕνα
715 563 824 616 τῶν
855 563 978 616 καθ’
1011 563 1156 634 ὑμᾶς
1191 563 1334 618 Υίῶν
1359 565 1392 635 ἢ
1416 563 1668 634 Χριστῶν
1698 579 1810 614 πα-

223 653 579 722 ραγράφετε·
613 655 644 724 ἢ
675 654 770 707 οὖν
817 654 910 707 τὸν
958 653 1356 726 βαπτιζόμενον
1402 657 1462 708 τὸ
1505 654 1810 720 τηνικαῦτα

218 733 444 814 ὁρατὸν,
475 746 508 816 ἢ
539 745 631 798 τὸν
666 747 730 799 ὲκ
759 745 854 799 τοῦ
901 746 1116 817 Πατρὸς
1157 747 1263 816 πρὸ
1299 747 1512 802 αἰώνων
1539 746 1770 818 ἀόρατον
1792 785 1806 804 ,

221 841 528 906 ἀναγκαῖον
574 839 722 908 ὑμᾶς
767 839 1216 911 παραιτήσασθαι
1255 857 1268 870 ·
1326 839 1423 894 ἕνα
1471 839 1583 907 γὰρ
1645 836 1810 908 μόνον

225 929 398 984 αὑτοῦ
425 925 563 983 εἶναι
596 930 726 982 Υἰόν
763 947 898 1000 φησι
932 932 1128 995 ἑνικῶς
1159 933 1187 984 ό
1212 932 1400 1003 Πατήρ
1428 947 1443 963 ο
1465 930 1546 984 ἔτι
1579 930 1684 1000 μὴν
1719 928 1814 982 καὶ

224 1020 492 1091 αἰσθητὸν
531 1022 652 1075 ἐπεὶ
703 1023 798 1074 καὶ
842 1022 1132 1086 δεικτικῶς
1180 1023 1337 1094 ἡμῶν
1369 1025 1484 1088 τοίς
1511 1023 1814 1092 ὀφθαλμοῖς

227 1113 470 1181 ἐμήνυεν
499 1115 527 1166 ό
552 1114 742 1184 Πατὴρ
771 1115 862 1167 τὸν
888 1115 1175 1186 ἀγαπητὸν
1197 1114 1392 1168 ἑαυτοῦ
1423 1115 1554 1169 Υίόν
1577 1130 1592 1144 ·
1627 1115 1688 1178 ὃς
1719 1113 1816 1168 ttat

225 1205 406 1270 Λόγος
435 1205 667 1278 ἀόρατος
694 1207 1066 1277 ὡμολόγηται.
1105 1209 1175 1261 Ἦ
1195 1207 1288 1262 οὑν
1302 1207 1556 1280 ψευδὴςὴ
1587 1206 1682 1261 τοῦ
1705 1207 1818 1260 Πα-

226 1295 362 1365 τρὸς
395 1299 692 1370 μαρτυρία,
744 1300 778 1370 ἢ
833 1300 1098 1371 περιδεῶς
1138 1303 1202 1355 ὲκ
1233 1301 1328 1354 τοῦ
1367 1301 1551 1370 λογίου
1591 1300 1718 1365 δόξα
1745 1299 1814 1370 ’ἢ

229 1386 402 1456 ἄμφω
425 1389 453 1440 ὁ
478 1389 640 1454 αὐτὸς
661 1386 729 1462 ἦν
759 1396 786 1446 ό
812 1393 1259 1465 μαρτυρούμενος
1276 1393 1425 1458 Υἰδς,
1447 1392 1703 1464 αἰσθητὸς
1727 1392 1820 1446 καὶ

231 1479 482 1550 ἀόρατος.

844 1579 1074 1634 ΚΕΦΑΛ
1087 1619 1099 1632 .
1129 1581 1228 1634 ΙΒ’.

309 1669 372 1722 Ei
403 1670 543 1724 κατὰ
580 1671 746 1739 φύσιν
799 1673 968 1742 μηδὲν
997 1673 1247 1744 διαφέρει
1297 1673 1359 1726 τὸ
1415 1672 1572 1744 σῶμα
1611 1673 1820 1742 Πέτρου

235 1758 333 1814 τοῦ
364 1761 618 1840 σώματος
641 1763 878 1829 Παύλου,
909 1763 1028 1826 πῶς
1059 1764 1126 1818 ἂν
1157 1765 1277 1818 καθ’
1303 1765 1602 1820 ὑπόστασιν
1621 1766 1681 1818 οὑ
1706 1766 1822 1819 δια-

1912 563 2249 634 baptizatum
2279 573 2335 620 et
2359 573 2490 620 tunc
2522 565 2821 634 visibilem,
2849 575 2943 622 aut
2967 583 3034 622 ex
3063 569 3223 623 Patre
3249 569 3496 640 genitum

1913 663 2038 711 ante
2072 658 2268 712 smcula
2299 657 2655 721 invisibilem,
2681 673 2908 714 necesse
2935 668 3020 714 est
3048 675 3146 715 vos
3177 659 3494 730 implorare.

1915 747 2094 802 Unum
2131 747 2279 802 enim
2311 749 2486 802 solum
2533 764 2692 803 suum
2741 765 2865 804 esse
2903 749 3104 804 Filium
3154 750 3317 806 unice
3362 751 3498 806 dicit

1913 839 2097 893 Pater.
2134 839 2330 894 Adhuc
2361 848 2418 894 et
2442 841 2738 896 visibiliter
2773 850 2827 898 et
2855 851 3044 913 aperte
3070 843 3276 899 nostris
3320 843 3500 900 oculis

1915 923 2180 986 indicavit
2209 930 2370 985 Pater
2392 931 2654 986 dilectum
2689 949 2850 988 suum
2892 930 3112 995 Filium.
3145 935 3240 1004 qui
3273 942 3330 990 et
3363 934 3501 990 Ver-

1917 1021 2048 1077 bum
2091 1021 2370 1076 invisibile
2414 1023 2756 1092 agnoscitur.
2807 1026 2950 1097 Ergo
2993 1035 3088 1082 aut
3134 1025 3370 1082 mendax
3415 1036 3501 1082 est

1915 1111 2095 1167 Patris
2125 1111 2523 1180 testimonium,
2551 1113 2636 1168 vel
2668 1129 2700 1168 e
2741 1115 3013 1184 stupendo
3041 1117 3265 1172 oraculo
3295 1113 3502 1188 gloriﬁ-

1917 1201 2091 1268 catio;
2125 1210 2222 1257 aut
2250 1211 2484 1272 uterque
2511 1203 2656 1258 idem
2681 1212 2768 1260 est
2797 1205 2967 1262 Filius
3003 1208 3378 1262 testimonium
3409 1221 3504 1262 ac-

1918 1295 2148 1365 cipiens,
2178 1294 2456 1350 sensibilis
2487 1302 2543 1351 et
2573 1295 2826 1353 visibilis.

1993 1655 2050 1711 Si
2082 1653 2387 1710 secundum
2438 1563 2707 1710 ualuerit:
2909 1655 3096 1711 diﬂ'ert
3125 1657 3272 1713 Petri
3307 1674 3512 1730 corpus

1925 1761 1956 1801 a
1982 1760 2211 1820 corpore
2241 1745 2414 1810 Pauli,
2449 1745 2728 1816 quomodo
2757 1747 3061 1802 secundum
3095 1749 3510 1805 subsistentiam

237 1853 398 1920 φέροι
421 1831 531 1918 {Et
557 1853 614 1906 δὲ
655 1854 790 1925 μηδὲ
829 1855 952 1910 καθ’
995 1856 1296 1912 ὑπόστασιν
1344 1857 1597 1929 διαφέρει
1625 1897 1641 1923 ,
1672 1857 1734 1910 τὸ
1763 1856 1821 1910 δὲ

1937 1855 2034 1894 non
2061 1838 2345 1894 differret?
2371 1838 2457 1894 sin
2487 1849 2816 1895 autem'non
2851 1841 3156 1896 secundum
3200 1842 3510 1900 subsisten-

243 1945 386 2014 μήτε
414 1947 482 2016 τῇ
510 1944 694 2014 φύσει,
731 1947 871 2018 μήτε
901 1949 967 2018 τῇ
994 1948 1293 2003 ὑποστάσει
1315 1947 1596 2018 διαφέρον,
1626 1947 1824 2002 ταυτὸν

238 2036 308 2090 ἃν
337 2037 424 2106 εἴη
451 2038 591 2092 κατὰ
613 2038 811 2103 πάντα,
837 2037 956 2102 πῶς
980 2039 1081 2093 οὐκ
1113 2038 1263 2092 ἔσται
1299 2039 1505 2110 Πέτρου
1537 2038 1632 2093 καὶ
1676 2037 1826 2091 Παύ-

235 2128 358 2190 λου,
393 2127 452 2180 ἓν
481 2127 542 2181 τὸ
566 2128 726 2200 σῶμα
751 2131 844 2184 καὶ
877 2129 1077 2183 ταυτὸν
1103 2130 1245 2184 κατὰ
1273 2131 1450 2184 πάντα
1475 2169 1490 2190 ,
1527 2131 1666 2201 ὅπερ
1695 2127 1826 2182 ἀδίδ-

237 2235 430 2286 νατον;
477 2219 638 2272 Ἀλλὰ
665 2220 884 2290 πρῶτον
921 2221 1018 2292 μὲν
1059 2222 1153 2275 καὶ
1202 2221 1362 2291 σῶμα
1412 2220 1665 2287 σώματος
1705 2221 1826 2274 δια-

241 2310 404 2382 φέρει
439 2309 583 2364 κατὰ
615 2311 777 2381 φύσιν
808 2312 908 2382 τὴν
933 2312 1090 2376 ἰδίαν,
1120 2306 1188 2384 ἦς
1224 2312 1318 2366 νῦν
1357 2314 1456 2385 τὴν
1486 2313 1672 2384 κοινὴν
1693 2314 1831 2384 ἡμῖν

241 2401 674 2472 ἀντεισηγάγετε
705 2403 755 2456 οἱ
773 2402 1010 2456 τοσαῦτα
1029 2404 1134 2474 πρὸ
1151 2403 1381 2474 βραχέος
1403 2405 1514 2466 τοῖς
1543 2404 1826 2471 εἰσάγουσι

245 2490 346 2561 τὴν
397 2491 586 2560 κοινὴν
625 2491 789 2561 φύσιν
820 2494 913 2546 ἐπὶ
951 2491 1046 2546 τοῦ
1091 2492 1382 2563 ἀνθρώπου
1437 2492 1827 2562 καταχέαντες.

247 2583 324 2638 Οὑ
351 2586 460 2656 γὰρ
475 2585 696 2649 ταυτὸν,
725 2584 851 2638 οὔτε
879 2583 957 2654 τῷ
987 2585 1230 2656 ἀριθμῷ,
1255 2582 1379 2637 οὔτε
1407 2586 1554 2656 πάσῃ
1585 2583 1828 2655 ποιότητι

245 2678 454 2746 φυσικῇ
473 2677 584 2730 πᾶν
612 2675 773 2746 σῶμα
801 2691 814 2704 ·
843 2676 1004 2746 εἴπερ
1045 2677 1120 2746 μὴ
1150 2677 1346 2730 ταυτὸν
1394 2679 1458 2746 τῇ
1491 2675 1651 2745 φύσει
1697 2675 1834 2746 μηδὲ

246 2769 357 2830 πᾶς
382 2766 534 2830 λίθος
555 2767 652 2821 καὶ
682 2767 852 2836 φυτὸν
875 2767 970 2821 καὶ
993 2767 1063 2821 τὰ
1091 2768 1256 2822 λοιπά
1279 2783 1292 2798 ο
1319 2767 1416 2821 καὶ
1448 2771 1557 2837 γὰρ
1585 2766 1834 2838 ἀλλήλων

247 2857 524 2930 φθαρτικὰ
544 2859 715 2913 πολλὰ
739 2860 882 2930 φυτὰ
911 2852 1008 2914 καὶ
1045 2859 1184 2914 λίθοι
1216 2875 1232 2892 ο
1265 2860 1361 2914 καὶ
1389 2861 1539 2930 ὅμως
1562 2857 1702 2912 λίθοι
1735 2855 1834 2911 καὶ

247 2951 421 3020 φυτά·
461 2949 584 3004 οὑτε
612 2951 724 3022 γὰρ
763 2953 917 3005 πᾶσα
953 2951 1092 3022 σὰρξ
1123 2953 1155 3022 ἡ
1182 2951 1323 3021 αὑτὴ
1351 2949 1528 3020 σὰρξ·
1553 2949 1668 3003 ἀλλ’
1699 2949 1832 3020 ἄλλη

251 3042 350 3114 μὲν
382 3041 670 3108 πετεινῶν,
701 3043 836 3112 ἄλλη
865 3043 923 3096 δὲ
951 3042 1152 3113 ἰχθύων
1181 3042 1277 3095 καὶ
1303 3043 1569 3112 ἑρπετῶν,
1602 3042 1698 3095 καὶ
1727 3039 1832 3093 σώ-

1924 1931 2058 1988 tiam
2094 1930 2300 1998 diﬂert,
2345 1940 2404 1988 et
2451 1934 2598 2004 quod
2638 1949 2820 2004 neque
2851 1943 3072 2001 natura,
3113 1950 3292 2006 neque
3323 1935 3509 1990 subsi-

1925 2023 2126 2080 stentia
2174 2023 2437 2080 differens
2461 2032 2575 2090 est,
2627 2025 2776 2080 idem
2825 2027 2898 2082 sit
2941 2026 3245 2083 secundum
3293 2027 3508 2093 omnia,

1925 2114 2204 2185 quomodo
2248 2130 2359 2170 non
2399 2115 2506 2171 erit
2534 2115 2680 2172 Petri
2713 2127 2770 2173 et
2800 2116 2955 2173 Pauli
3003 2132 3174 2174 unum
3221 2133 3426 2189 corpus
3457 2128 3514 2174 et

1927 2206 2073 2262 idem
2115 2208 2420 2262 secundum
2469 2211 2676 2274 omnia,
2707 2210 2856 2280 quod
2905 2211 3247 2282 impossibile
3273 2212 3392 2266 est?
3417 2213 3512 2267 sed

1927 2300 2165 2370 primum
2191 2301 2414 2372 quidem
2438 2317 2640 2372 corpus
2669 2318 2701 2358 a
2727 2318 2960 2374 corpore
2990 2304 3176 2361 diﬂ‘ert
3207 2303 3510 2360 secundum

1928 2402 2180 2448 naturam
2217 2394 2628 2464 particularem,
2661 2397 2750 2450 cui
2791 2413 2940 2453 nunc
2968 2413 3318 2454 communem
3349 2397 3516 2452 nobis

1929 2493 2180 2540 naturam
2215 2485 2508 2550 confertis.
2541 2503 2667 2544 cum
2714 2490 2878 2560 paulo
2927 2499 3054 2546 ante
3100 2491 3227 2545 talia
3267 2491 3518 2562 iactastis

1931 2574 2093 2630 nobis
2114 2575 2508 2650 inducentibus
2528 2593 2878 2635 communem
2904 2587 3158 2636 naturam
3186 2581 3244 2635 in
3265 2580 3516 2635 homine.

1931 2662 2052 2722 Non
2095 2668 2242 2723 enim
2297 2669 2443 2724 idem
2489 2679 2596 2734 est,
2641 2687 2827 2742 neque
2872 2689 3132 2738 numero,
3175 2689 3359 2744 neque
3409 2682 3522 2730 tota

1934 2769 2211 2817 structura
2239 2776 2402 2819 omne
2427 2778 2660 2834 corpus;
2689 2766 2968 2835 siquidem
3003 2783 3115 2822 non
3141 2767 3285 2823 idem
3311 2777 3396 2824 est
3426 2783 3523 2823 na-

1933 2861 2059 2908 tura
2083 2867 2263 2922 nequc
2290 2853 2430 2924 lapis
2458 2869 2638 2925 neque
2671 2855 2878 2926 planta,
2909 2865 3065 2912 etc...
3091 2858 3308 2928 Etenim
3337 2857 3524 2914 multa:

1937 2945 2173 3000 invicem
2223 2961 2282 3000 se
2316 2946 2612 3002 destruunt
2647 2947 2846 3018 plantae
2890 2957 2948 3004 et
2997 2950 3235 3021 lapides,
3285 2959 3342 3006 et
3391 2952 3522 3006 item

1935 3035 2150 3104 lapides
2185 3047 2240 3089 et
2274 3035 2506 3106 plantae;
2549 3057 2568 3090 ι
2603 3038 2794 3108 Neque
2833 3040 2981 3095 enim
3028 3042 3210 3097 omnis
3258 3057 3386 3098 caro
3429 3058 3525 3099 ea-

252 3151 400 3206 ματα
424 3133 667 3202 ἐπίγεια,
705 3135 797 3187 καὶ
824 3133 1054 3202 σώματα
1081 3133 1381 3205 ἐπουράνια
1412 3146 1427 3162 ⁶
1459 3133 1562 3185 οὑκ
1593 3132 1700 3200 ἄρα
1738 3127 1831 3185 οὖν

1938 3127 2061 3182 dem
2089 3143 2240 3191 caro,
2273 3129 2370 3182 sed
2411 3129 2518 3183 alia
2558 3130 2783 3200 quidem
2813 3132 3122 3199 volucrum,
3147 3134 3250 3189 alia
3281 3151 3414 3190 vero
3437 3137 3525 3206 pi-

247 3227 336 3280 διὰ
361 3226 422 3279 τὸ
447 3226 704 3296 διάφορον
735 3225 853 3300 τῆς.
871 3226 1090 3293 φύσεως
1109 3263 1125 3289 ,
1157 3224 1375 3294 ἀνάγκη
1411 3223 1674 3293 διαφόρου
1701 3223 1836 3275 ὑπο-

253 3319 494 3380 στάσεως
516 3318 702 3380 αὐτοῖς
731 3318 812 3380 εἰς
834 3317 1110 3387 διάκρισιν
1129 3331 1143 3346 °
1189 3314 1271 3368 ἔτι
1305 3315 1411 3386 μὴν
1433 3315 1482 3368 εἰ
1516 3313 1635 3368 τόδε
1665 3315 1837 3369 αἴτιον

253 3409 350 3478 τῆς
371 3409 562 3480 χρείας
590 3409 702 3462 τῶν
757 3408 1114 3462 ὑποστάσεων
1175 3409 1234 3461 ὲν
1283 3405 1523 3476 Χριστῷ,
1557 3405 1842 3478 διαφόρων

252 3499 430 3554 οὐσῶν
459 3499 568 3554 τῶν
601 3500 819 3570 φύσεων
849 3541 864 3565 ,
906 3500 1223 3569 ἀναγκαίως
1255 3500 1356 3554 οὑκ
1398 3497 1552 3554 ἔσται
1605 3499 1840 3571 διαφορὰ

257 3593 631 3648 ὑποστάσεων.
677 3593 828 3664 Πλὴν
877 3591 1114 3645 δεδόσθω
1171 3592 1304 3662 ὑμῖν
1355 3591 1478 3644 καθ’
1537 3591 1839 3645 ὑπόστασιν

255 3685 475 3748 πάντως
518 3684 802 3756 διαφέρειν
829 3701 844 3714 ο
887 3685 1000 3738 εἴτε
1042 3684 1294 3756 διαφέροι
1333 3683 1476 3739 κατὰ
1517 3683 1684 3754 φύσιν
1727 3682 1838 3736 εἴτε

257 3777 351 3831 καὶ
403 3775 479 3847 μὴ
530 3777 710 3830 πάντα
733 3775 808 3830 τὰ
844 3775 1074 3845 σώματα
1097 3789 1110 3806 ·
1148 3774 1286 3830 ἀλλὰ
1317 3775 1480 3846 δῆλον
1505 3815 1520 3840 ,
1550 3772 1626 3839 ὡς
1651 3774 1719 3828 τὰ
1765 3774 1838 3850 μὴ

257 3871 511 3940 ἡνωμένα
545 3869 802 3940 ἀλλήλοις
831 3883 844 3898 ³
879 3869 940 3922 οὑ
989 3868 1098 3942 γὰρ
1147 3869 1244 3922 καὶ
1283 3870 1341 3922 ὲν
1378 3868 1458 3940 τῷ
1503 3868 1693 3940 μὺδρῳ
1720 3868 1840 3922 διά-

259 3977 414 4031 φοροι
448 3958 782 4024 ὑποστάσεις
810 3959 1046 4030 ὁρῶνται
1072 3975 1086 3990 ·
1115 3960 1210 4013 καὶ
1231 3961 1324 4014 ἐπὶ
1352 3959 1446 4014 τοῦ
1474 3961 1682 4032 Κυρίου
1709 3959 1838 4031 ἄρα,

258 4057 306 4108 εἰ
345 4054 445 4124 μὲν
482 4055 652 4126 χωρὶς
680 4053 925 4116 ὲνὼεεως
959 4053 1138 4106 αὐτῶν
1168 4069 1353 4123 φαμεν
1393 4053 1462 4107 τὰ
1497 4054 1620 4108 κατ’
1653 4053 1838 4117 αὑτὸν,

256 4147 422 4210 ὅντως
447 4147 566 4200 δέον
594 4146 626 4216 ἦ
657 4145 752 4200 καὶ
775 4144 993 4215 φύσεων
1019 4147 1114 4201 καὶ
1138 4147 1492 4202 ὑποστάσεων
1517 4146 1717 4199 εἰδέναι
1742 4145 1842 4216 τὴν

257 4239 536 4311 διαφορὰν,
569 4237 603 4310 ἢ
646 4237 866 4301 πάντως
889 4254 952 4306 γε
986 4239 1097 4292 τῶν
1131 4239 1508 4294 ὑποστάσεων.
1555 4239 1662 4292 Καὶ
1682 4239 1842 4292 τοῦτο

257 4331 313 4384 δὲ
336 4333 495 4401 δῆλον
515 4333 598 4386 ὅτι
628 4335 676 4386 εἰ
713 4331 788 4405 μὴ
817 4317 885 4402 ἦν
914 4333 1023 4386 τῶν
1060 4333 1276 4403 φύσεων
1312 4333 1586 4404 ἐξαλλαγὴ
1625 4349 1640 4365 ο
1686 4334 1736 4388 εἰ
1780 4332 1838 4386 δὲ

259 4425 351 4478 καὶ
377 4425 520 4478 κατὰ
541 4425 704 4493 φύσιν
728 4427 1098 4497 διαφερόντων
1128 4427 1288 4480 τινῶν
1313 4427 1370 4479 ἐν
1397 4427 1548 4497 αὑτῷ
1583 4427 1682 4482 καὶ
1706 4426 1841 4480 ἔνω-

1937 3219 2113 3274 scium
2148 3227 2204 3274 et
2233 3220 2610 3290 serpentium;
2640 3231 2696 3278 et
2736 3237 2971 3294 corpora
3001 3218 3286 3282 terrestria
3315 3233 3374 3281 et
3401 3242 3528 3283 cor-

1939 3325 2070 3380 pora
2119 3311 2364 3366 coalestia
2399 3313 2442 3370 ³.
2489 3332 2507 3364 ι
2537 3313 2658 3368 Non
2689 3315 2860 3386 igitur
2887 3331 2989 3386 per
3019 3326 3234 3374 natura:
3261 3318 3529 3376 diﬂ‘eren-

1942 3402 2094 3466 tiam,
2127 3404 2428 3461 necessitas
2459 3404 2572 3461 illis
2603 3415 2687 3460 est
2709 3406 3020 3464 diﬂ‘erentis
3057 3410 3434 3469 subsistentia:
3457 3413 3524 3469 ad

1939 3494 2376 3550 distinctionem.
2424 3497 2562 3562 lmn,
2589 3496 2634 3552 si
2658 3498 2776 3554 haec
2821 3506 2907 3555 est
2951 3517 3116 3557 causa
3160 3518 3262 3559 cur
3293 3519 3434 3576 opus
3457 3503 3529 3562 sit

1941 3588 2314 3644 subsistentiis
2342 3590 2399 3644 in
2427 3588 2668 3657 Christo,
2702 3607 2827 3648 cum
2855 3591 3184 3651 diﬁerentiae
3217 3595 3331 3652 sint
3369 3606 3530 3652 natu-

1943 3693 2054 3749 rae,
2101 3682 2416 3738 necessario
2465 3699 2576 3738 non
2615 3684 2724 3740 erit
2774 3684 3092 3742 diﬂ'erentia
3140 3687 3530 3746 subsistentia-

1942 3786 2086 3826 rum.
2133 3771 2527 3827 Verumtamen
2594 3773 2935 3831 concedatur
2991 3776 3152 3845 vobis
3218 3777 3526 3834 secundum

1942 3862 2355 3918 subsistentiam
2405 3865 2647 3920 totaliter
2689 3865 2934 3933 diﬂ'erre,
2981 3867 3098 3924 sive
3141 3868 3403 3926 diﬁerant
3446 3886 3533 3926 se-

1943 3957 2185 4012 cundum
2227 3968 2504 4025 naturam,
2548 3961 2665 4017 sive
2709 3976 2844 4027 non,
2883 3963 3068 4020 omnia
3117 3979 3373 4036 corpora.
3424 3965 3531 4022 Sed

1943 4051 2171 4106 evidens
2206 4060 2290 4106 est
2323 4051 2415 4106 illa
2453 4068 2564 4108 non
2596 4069 2721 4110 esse
2754 4056 2908 4112 unita
2942 4057 3049 4112 alia
3077 4073 3202 4112 cum
3230 4059 3393 4126 aliis;
3421 4075 3534 4114 non

1943 4143 2089 4196 enim
2113 4142 2168 4197 in
2189 4143 2340 4200 ferro
2362 4143 2634 4201 candente
2667 4146 2988 4204 differentes
3017 4149 3390 4206 subsistentia;
3416 4166 3536 4206 cer-

1943 4243 2174 4288 nuntur.
2209 4233 2276 4288 Et
2308 4233 2363 4288 in
2399 4235 2633 4289 Domino
2673 4235 2860 4307 igitur,
2894 4237 2940 4293 si
2989 4238 3057 4293 de
3105 4239 3254 4294 illius
3283 4241 3536 4312 proprie-

1947 4325 2155 4381 tatibus
2198 4325 2318 4380 sine
2359 4325 2564 4381 unione
2611 4327 2914 4398 loquimur,
2961 4330 3140 4401 reipsa
3174 4339 3396 4402 oportet
3441 4343 3536 4388 aut

1946 4427 2270 4474 naturarum
2296 4426 2352 4474 et
2375 4418 2856 4475 subsistentiarum
2879 4436 3111 4478 noscere
3136 4422 3532 4495 differentiam,

261 4532 344 4571 σιν
368 4517 765 4588 ὁμολογοῦμεν,
803 4520 853 4572 εἰ
880 4519 978 4574 καὶ
1007 4517 1312 4590 ἀσύγχυτον
1332 4561 1346 4584 ,
1375 4519 1460 4582 τίς
1487 4521 1518 4589 ἡ
1553 4519 1712 4590 χρεία
1747 4517 1831 4573 δύι

1948 4518 2043 4566 aut
2063 4509 2290 4567 omnino
2312 4510 2828 4580 subsistentiarum;
2851 4521 2907 4569 et
2930 4515 3036 4568 hoc
3053 4523 3136 4570 est
3156 4516 3537 4586 perspicuum,

219 4639 224 4644 -
261 4609 612 4668 ὑποστάσεων
637 4631 653 4680 ;
682 4615 798 4668 ἀλλ’
827 4613 1004 4679 οὕτως
1041 4615 1140 4683 μὲν
1159 4613 1308 4668 τάδε.
1343 4612 1452 4666 Ποῦ
1487 4613 1546 4667 δὲ
1566 4615 1716 4682 ὅμως
1731 4613 1842 4668 τι,νί⁴

258 4703 466 4762 δέδοται
503 4706 600 4761 καί
638 4707 702 4760 τὸ
749 4707 910 4778 σῶμα
964 4706 1175 4761 Παύλου
1201 4705 1443 4778 ἡνῶσθαι
1475 4705 1614 4777 πρὸς
1643 4705 1707 4759 τὸ
1733 4705 1838 4758 Πέ-

257 4816 408 4870 τρου,
429 4800 514 4855 ἵνα
543 4799 604 4852 τὸ
630 4800 817 4870 ὅμοιον
836 4799 937 4872 ἔχῃ
954 4799 1078 4852 τάδε
1111 4799 1248 4872 πρὸς
1273 4799 1372 4871 τὴν
1397 4797 1684 4870 Κυριακὴν
1708 4799 1842 4850 ἕνω-

259 4907 378 4955 σιν,
408 4892 574 4963 ἡνίκα
600 4893 629 4946 ό
664 4893 761 4962 μὲν
793 4893 1003 4959 τοῖςέκ
1049 4893 1357 4963 περιτομῆς
1399 4895 1456 4944 ἐν
1507 4893 1571 4962 τῇ
1609 4889 1844 4960 Ἰουδαίᾳ

259 4985 352 5037 καὶ
382 4985 740 5054 Παλαιστίνῃ,
799 4987 827 5038 ό
857 4985 914 5038 δὲ
946 4988 1062 5048 τοῖς
1110 4985 1168 5037 ἐν
1223 4983 1474 5056 Κορίνθῳ
1525 4982 1704 5035 ἔθνεσι
1749 4981 1846 5034 καὶ

271 5072 465 5146 Ἀχαΐᾳ
494 5075 590 5126 καὶ
619 5075 936 5146 Μακεδονίᾳ
969 5073 1358 5144 συνηυλίζετο;
1392 5075 1466 5128 Οὑ
1509 5075 1617 5145 γὰρ
1655 5072 1843 5127 τοιαύ-

259 5179 358 5234 την
384 5163 570 5230 δεξιὰν
592 5163 885 5226 κοινωνίας
918 5163 1055 5235 πρὸς
1077 5163 1177 5235 τὴν
1205 5163 1384 5233 σάρκα
1409 5163 1706 5219 δεδωκέναι
1737 5179 1842 5232 φα-

265 5253 360 5324 μὲν
379 5253 472 5308 τὸν
498 5253 693 5321 Λόγον,
717 5254 833 5308 οἵαν
867 5252 1074 5324 Πέτρος
1096 5254 1492 5324 ἀφοριζόμενος
1513 5257 1592 5319 εἰς
1615 5253 1713 5325 τὴν
1739 5270 1842 5306 πε-
1869 5272 1879 5283 ·

264 5345 512 5416 ριτομὴν,
561 5344 646 5416 τῷ
677 5345 878 5416 Παύλῳ
911 5343 1366 5417 ἁποστελλομένῳ
1400 5347 1538 5417 πρὸς
1579 5345 1650 5399 τὰ
1687 5345 1838 5416 ἔθνη.

277 5438 415 5491 Ἀλλ’
453 5438 652 5491 ἕνωσιν
699 5437 876 5508 ἀληθῆ
929 5435 1310 5508 πιστεύομεν,
1365 5437 1463 5492 καὶ
1507 5436 1844 5509 συνύπαρξιν

263 5530 439 5585 αὑτῶν
469 5531 549 5594 εἰς
577 5533 706 5596 τοὺς
741 5530 870 5601 ἑξῆς
905 5527 1108 5594 αἰῶνας
1166 5531 1405 5602 φυσικὴν
1449 5530 1517 5586 δι’
1553 5531 1846 5584 ὑποστατι-

266 5623 365 5694 κῆς
394 5621 644 5686 ὲνὼσεως
679 5641 693 5654 ·
724 5626 775 5678 εἰ
799 5625 895 5678 καὶ
926 5623 1133 5694 ταύτην
1172 5623 1334 5694 ὑμεῖς
1378 5624 1628 5697 φανερῶς
1672 5627 1848 5695 ἀπηρο

269 5715 524 5785 νὴσασθε,
543 5715 640 5770 καὶ
667 5716 819 5770 οὐδὲν
849 5718 1068 5780 ἑαυτοῖς
1090 5715 1342 5786 λείψανον
1375 5717 1470 5791 τῆς
1498 5714 1846 5789 Χριστιανῶν

339 5835 360 5867 ⁸
398 5835 568 5891 lCor.
613 5853 698 5898 xv,
739 5830 934 5899 59,40.

1948 4605 2057 4660 nisi
2083 4613 2232 4660 esset
2268 4612 2592 4661 naturarum
2626 4607 3035 4664 transmutatio.
3063 4607 3120 4664 Si
3151 4617 3334 4664 autem
3379 4609 3541 4666 diﬂ‘c—

1951 4696 2190 4752 rentium
2235 4696 2290 4751 in
2325 4697 2420 4752 illo
2465 4699 2830 4768 quorumdam
2869 4701 3131 4758 unionem
3157 4701 3536 4771 admittimus,

1951 4789 2202 4860 quamvis
2253 4789 2622 4856 inconfusam,
2667 4808 2790 4864 quae
2833 4795 3136 4850 necessitas
3165 4795 3274 4852 erit
3303 4789 3538 4852 duarum

1951 4877 2470 4938 subsiStentiarum'?
2493 4885 2588 4939 sed
2617 4883 2692 4940 ita
2707 4885 2932 4956 quidem
2959 4887 3116 4957 hzec;
3145 4889 3424 4960 quomodo
3439 4905 3540 4946 au-

1955 4983 2064 5029 tem
2093 4974 2258 5030 simul
2283 4975 2642 5031 contenditur
2667 4976 2737 5031 ab
2769 4977 2954 5049 aliquo
2980 4995 3184 5051 corpus
3209 4979 3358 5036 Petri
3392 4981 3539 5037 uniri

1951 5067 2172 5137 corpori
2211 5067 2399 5132 Pauli,
2443 5078 2502 5124 ut
2539 5069 2747 5140 aliquid
2793 5071 2996 5127 habeat
3030 5073 3208 5128 simile
3242 5071 3542 5130 Dominica:

1954 5159 2194 5224 unionis,
2236 5176 2361 5215 cum
2410 5161 2502 5216 ille
2549 5163 2802 5234 regiones
2843 5163 2901 5220 in
2951 5164 3192 5221 circuitu
3243 5165 3388 5223 circa
3441 5167 3540 5224 Ju-

1951 5250 2122 5306 daeam
2149 5259 2206 5307 et
2233 5252 2600 5320 Palaestinam,
2627 5255 2719 5311 hic
2737 5273 2868 5312 vero
2895 5255 3248 5324 Corinthum,
3277 5259 3540 5315 Achaiam

1950 5351 2007 5398 et
2058 5343 2429 5399 Macedoniam
2486 5347 2786 5404 incoleret?
2835 5365 2948 5406 non
2998 5352 3148 5408 enim
3199 5351 3308 5407 tale
3361 5350 3540 5406 fmdus

1954 5436 2370 5493 communitatis
2398 5441 2550 5494 carni
2581 5439 2802 5498 dedisse
2823 5441 3064 5498 Verbum
3089 5443 3348 5509 dicimus,
3377 5443 3540 5512 quale

1953 5527 2151 5584 Petrus
2197 5537 2482 5599 separatus
2533 5530 2589 5586 in
2641 5532 2972 5600 circuitum,
3022 5535 3194 5590 Paulo
3237 5533 3306 5588 ad
3351 5541 3542 5604 gentes

1954 5621 2156 5688 misso;
2183 5621 2278 5676 sed
2303 5623 2566 5678 unionem
2595 5640 2780 5680 veram
2805 5626 3104 5692 credimus,
3129 5633 3185 5680 et
3207 5625 3540 5682 eoexsisten-

1958 5714 2087 5770 tiam
2127 5714 2182 5770 in
2227 5715 2586 5786 sequentibus
2617 5719 2831 5774 sacculis
2877 5717 3180 5774 naturalem
3225 5733 3324 5788 per
3355 5718 3538 5811 s.ubsi-
