3888 6168
396 311 533 379 1559

391 516 536 576 ritis,
563 514 701 569 nihil
725 513 1035 569 christiana:
1067 513 1290 583 pietatis
1319 515 1590 584 reliquum
1617 512 1672 567 in
1694 513 1963 566 rationem

391 605 786 662 incarnationis
812 604 970 659 vobis
996 604 1130 674 ipsis
1151 604 1538 660 conservastis.

1011 719 1164 775 CAP.
1204 720 1343 775 XIII.

462 811 757 882 Postquam
787 809 1103 882 garrierunt
1135 821 1192 866 et
1227 809 1414 866 dicere
1446 809 1654 880 aliquid
1701 808 1804 862 visi
1839 820 1972 865 sunt

390 900 716 963 astantibus.
765 900 940 972 rogati
985 912 1047 954 ut
1089 899 1385 954 ostendant
1425 908 1680 953 naturam
1724 897 1970 952 insulisi-

390 1000 648 1056 stentem,
686 1001 902 1063 tergum
929 991 1176 1062 praebent
1199 990 1490 1061 querenti,
1534 989 1834 1059 dicuntque
1875 1007 1969 1044 na-

391 1093 569 1136 turam
616 1081 800 1150 reipsa
835 1096 947 1136 non
982 1096 1104 1136 esse
1147 1080 1635 1145 insubsistentem;
1667 1079 1971 1135 subsisten—

390 1185 474 1229 tes
501 1173 647 1228 enim
676 1173 914 1228 dicimus
944 1184 1002 1228 et
1027 1188 1130 1226 nos
1165 1171 1456 1236 essentias,
1487 1172 1660 1225 aiunt.
1697 1169 1803 1226 Sed
1821 1187 1965 1234 non,

389 1263 434 1318 si
466 1263 599 1333 quid
632 1271 720 1318 est
765 1263 1109 1326 subsistens,
1137 1261 1296 1324 illud
1339 1271 1426 1316 est
1467 1261 1863 1326 subsistentia;
1908 1270 1970 1316 ut

390 1354 508 1408 sine
545 1353 717 1408 dubio
751 1369 882 1426 non,
914 1353 958 1408 si
989 1353 1122 1422 quid
1156 1352 1470 1416 essentiale,
1503 1351 1640 1407 illud
1668 1364 1753 1408 est
1782 1369 1970 1408 essen-

393 1445 486 1511 tia,
521 1461 646 1500 cum
676 1454 879 1500 sauctze
918 1443 1134 1499 Triadis
1177 1443 1564 1500 subsistentias
1595 1454 1708 1501 tres
1732 1460 1852 1500 esse
1884 1445 1969 1500 di-

389 1540 586 1602 cimus,
615 1547 670 1592 et
696 1538 819 1592 illas
848 1537 1200 1602 essentiales;
1226 1545 1284 1592 et
1305 1552 1415 1590 non
1442 1536 1681 1592 dicimus
1703 1537 1757 1590 in
1791 1537 1968 1591 tribus

389 1626 766 1682 subsistentiis
816 1634 930 1680 tres
975 1625 1276 1690 essentias,
1325 1625 1578 1694 quamvis
1616 1624 1966 1680 essentialem

388 1721 744 1776 admittentes
766 1734 1041 1789 quamque
1073 1717 1555 1773 subsistentiarum
1597 1733 1740 1775 csse.
1780 1717 1836 1773 Si
1866 1717 1970 1787 igi-

392 1821 480 1865 tur
511 1809 806 1866 dicendum
839 1817 944 1874 est,
977 1809 1280 1879 inquimus,
1322 1817 1434 1863 tres
1465 1807 1852 1862 subsistentias
1881 1823 1970 1863 es-

389 1901 646 1956 sentiales
677 1901 731 1955 in
765 1916 871 1955 una
915 1899 1172 1964 essentia,
1201 1899 1453 1969 sequitur
1479 1898 1766 1954 evidenter
1805 1909 1968 1955 natu—

391 2008 480 2048 ras
507 2007 728 2063 quoque
752 1991 1047 2047 dicendum
1069 1990 1435 2046 subsistentes
1459 1990 1598 2045 duas
1622 1989 1677 2044 in
1710 2007 1816 2045 una
1840 1991 1971 2047 sub-

389 2082 674 2151 sistentia;
729 2091 788 2137 et
843 2082 918 2137 ita
979 2097 1160 2152 neque
1209 2089 1460 2136 naturam
1519 2081 1970 2137 insubsistentem

389 2173 646 2238 dicimus,
677 2187 857 2243 neque
888 2172 1026 2227 duas
1051 2171 1440 2226 subsistentias
1481 2185 1603 2226 esse
1641 2170 1780 2225 duas
1807 2179 1970 2224 natu-

391 2280 480 2321 ras
511 2266 809 2331 docemus;
866 2272 927 2320 ut
973 2279 1154 2334 neque
1205 2279 1316 2318 non
1363 2259 1685 2318 essentiale‘s
1733 2261 1973 2318 dicimus

389 2368 589 2414 sanctae
610 2357 830 2413 Triadis
849 2354 1255 2421 subsistentias,
1278 2370 1456 2427 neque
1480 2355 1538 2410 in
1567 2363 1678 2409 tres
1703 2354 1973 2408 essentias

391 2461 504 2507 tres
553 2448 941 2506 subsistentias
989 2447 1303 2504 dividimus.
1357 2447 1636 2512 Attamen,
1689 2446 1970 2516 inquiunt,

389 2543 611 2613 quando
637 2543 796 2597 aliter
839 2541 1076 2597 dicimus
1106 2541 1407 2596 coloratum
1453 2554 1652 2608 corpus
1685 2553 1828 2602 esse,
1858 2552 1973 2592 non

393 2632 536 2689 idem
575 2631 780 2687 scimus
806 2645 926 2686 esse
958 2645 1157 2700 corpus
1185 2644 1250 2683 ac
1281 2629 1559 2694 colorem;
1589 2643 1700 2681 non
1725 2628 1894 2692 enim,
1925 2627 1971 2682 si

390 2725 524 2795 quid
568 2725 875 2780 coloratum
908 2730 1028 2787 est,
1067 2721 1177 2791 jam
1213 2719 1266 2774 id
1313 2720 1464 2775 color
1507 2727 1592 2776 est
1630 2737 1644 2773 :
1678 2719 1760 2774 sic
1807 2719 1974 2790 igitur

393 2835 523 2884 non,
554 2818 600 2873 si
633 2816 765 2887 quid
809 2823 894 2871 est
921 2813 1249 2876 subsistens,
1274 2811 1380 2867 hoc
1407 2812 1518 2882 jam
1545 2818 1630 2868 est
1665 2811 1972 2866 subsisten-

393 2911 497 2978 tia;
531 2923 1003 2980 supervacaneum
1025 2906 1214 2978 igitur,
1239 2905 1416 2968 aiunt,
1445 2903 1592 2972 quod
1626 2903 1837 2960 dictant
1859 2911 1975 2968 est;

391 3011 450 3057 et
475 3015 586 3056 non
615 2997 1004 3054 necessarium
1027 3005 1113 3052 est
1155 2994 1390 3052 dicendo
1421 2993 1562 3049 duas
1601 3002 1850 3060 naturas,
1878 3002 1976 3048 aut

1681 315 1988 376 LEONTII
2027 315 2428 376 BYZANTINI

389 424 702 480 stentialem
733 423 1011 480 unionem.
1047 423 1102 478 Si
1145 439 1243 479 vos
1279 424 1424 480 illam
1459 431 1645 494 aperte
1678 438 1967 496 recusave-

2091 423 2353 487 ;ὑσισιίας
2406 425 2485 486 είς
2537 421 2628 475 τὸν
2674 421 2770 491 τῆς
2828 418 3167 489 οἰκονομίας
3239 413 3436 481 λόγον

3609 299 3766 366 1550

3523 413 3766 480 sap-.15.

2071 515 2218 581 ξατε.

2657 701 2912 765 ΚΕΦΑΛ.
2953 708 3054 762 IT'.

2155 807 2247 860 Ἐκ
2268 806 2364 859 τοῦ
2393 804 2450 858 δὲ
2484 804 2788 874 φληναφεῖν
2832 802 2926 855 καὶ
2957 801 3145 854 δοκεῖν
3201 815 3267 852 τι
3341 795 3576 864 λεγειν
3645 797 3764 856 τοῖς

2072 897 2502 971 παρεστηκόσιν,
2535 893 2928 964 ἀπαιτούμενοι
2955 892 3135 956 δεῖξαι
3161 890 3363 959 φύσιν
3391 887 3764 942 ἀνυπόστα-

2071 1008 2184 1054 τον,
2216 992 2520 1060 παρέχουσι
2569 987 2668 1057 μὲν
2706 987 2853 1040 νῶτα
2884 985 2963 1055 τῷ
3005 983 3304 1047 αἰτοῦντι,
3371 979 3656 1048 λέγουσι
3703 979 3758 1030 δὲ

2069 1083 2152 1136 ὅτι
2175 1082 2346 1144 ὅντως
2375 1080 2536 1150 φύσις
2563 1079 2665 1132 οὑκ
2705 1078 2856 1132 εστιν
2903 1077 3307 1137 ἀνυπόστατος
3347 1090 3365 1103 ·
3400 1075 3523 1126 ἐνυ
3537 1074 3758 1124 ποστα-

2067 1191 2195 1237 τους
2224 1175 2333 1244 γάρ
2356 1171 2660 1245 φαμενοτάς
2689 1171 2879 1234 οὐσίας
2925 1171 3020 1224 καὶ
3063 1171 3262 1238 ἡμεῖς,
3337 1165 3552 1235 φασιν
3575 1181 3596 1194 ⁸
3629 1165 3750 1218 ἀλλ’

2067 1265 2169 1317 οὑκ
2197 1264 2258 1316 εξ·
2277 1280 2327 1315 τι
2358 1263 2744 1324 ὲνυπόστατον,
2765 1260 2926 1313 τοῦτο
2953 1261 3045 1312 καί
3077 1258 3422 1319 ὑπόστασις
3449 1272 3471 1284 ο
3515 1254 3738 1321 ὥσπερ

2069 1356 2380 1425 ἀμέλειοὺκ
2397 1355 2449 1407 εί
2470 1371 2522 1406 τι
2542 1350 2980 1417 ὲνοὺσιον,τοῦτο
3005 1350 3101 1404 καὶ
3131 1349 3310 1402 οὐσία
3349 1366 3365 1378 ο
3423 1349 3584 1399 ἐπεὶ
3621 1346 3740 1398 ἰδοὺ

2067 1446 2168 1510 τὰς
2204 1447 2304 1516 τῆς
2323 1447 2481 1516 ἁγίας
2507 1446 2735 1516 Τριάδος
2764 1444 3092 1506 ὑποστάσεις
3109 1442 3310 1512 φαμὲν
3332 1443 3528 1511 τρεῖς
3545 1436 3734 1503 εἶναι,

2069 1538 2163 1590 καὶ
2182 1528 2384 1600 ταύτας
2409 1536 2684 1600 ὲνουσίους
2706 1553 2720 1567 ·
2754 1536 2848 1588 καὶ
2884 1535 2946 1587 οὑ
2972 1534 3208 1602 λέγομεν
3231 1531 3390 1602 πρὸς
3414 1535 3574 1593 ταῖς
3607 1548 3728 1600 τρι·

2072 1628 2157 1682 σὶν
2183 1626 2538 1690 ὑποστάσεσι,
2568 1626 2662 1679 καὶ
2710 1627 2865 1694 τρεῖς
2887 1622 3077 1684 οὐσίας
3105 1637 3119 1651 ·
3173 1620 3406 1691 καίπερ
3449 1619 3733 1672 blatis-:91

2073 1723 2430 1792 ἐπιστάμενοι
2478 1721 2589 1774 τῶν
2665 1720 3021 1773 ὑποστάσεων
3073 1717 3343 1784 ἑκάστην.
3370 1716 3488 1772 ,Εἰ
3524 1716 3738 1768 τοίνυν

2075 1815 2193 1868 ἔστι
2221 1813 2422 1880 λέγειν,
2457 1813 2660 1881 φαμὲν,
2699 1813 2847 1881 τρεῖς
2883 1810 3220 1868 ὑποστάσεις
3256 1807 3596 1868 ὲνουσίους
3659 1807 3720 1855 ἐν

2081 1908 2180 1978 μιᾷ
2209 1905 2370 1976 οὐσίᾳ
2397 1947 2412 1965 .
2468 1905 2744 1973 ἐνδέχεται
2785 1901 3030 1972 δηλονότι
3083 1900 3186 1952 καὶ
3232 1898 3451 1966 φύσεις
3516 1897 3724 1964 λέγειν

2077 2001 2474 2062 ὲνυποστάτους
2504 1997 2598 2051 δύο
2625 1998 2684 2050 ἐν
2711 1997 2809 2067 μιᾷ
2837 1979 3136 2048 ὑποστάσει
3166 2008 3181 2023 ο
3215 1992 3314 2044 καὶ
3349 1990 3561 2052 οὕτως
3585 1989 3722 2043 οὐδὲ

2078 2095 2240 2163 φύσιν
2278 2089 2658 2147 ἀνυπόστατόν
2682 2103 2881 2158 φαμεν,
2913 2085 3036 2138 οὑδὲ
3061 2084 3156 2138 δύο
3188 2085 3563 2146 ὑποστάσεις
3607 2082 3717 2144 si;

2075 2185 2170 2240 δύο
2225 2184 2418 2254 φύσεις
2471 2180 2873 2251 δογματίζομεν
2900 2196 2913 2209 ·
2955 2177 3146 2246 ὥσπερ
3187 2175 3314 2228 οὑδὲ
3379 2175 3718 2238 ἀνουσίους

2078 2277 2258 2349 φαμὲν
2287 2277 2382 2339 τάς
2414 2275 2512 2345 τῆς
2544 2272 2705 2342 ἀγίας
2727 2271 2958 2341 Τριάδος
3001 2269 3331 2328 ὑποστάσεις
3355 2307 3372 2330 ,
3419 2267 3568 2320 οὐδὲ
3621 2269 3710 2328 ei;

2077 2373 2227 2442 τρεῖς
2254 2369 2446 2432 οὐσίας
2474 2367 2571 2428 τὰς
2592 2367 2744 2434 τρεῖς
2769 2361 3099 2424 ὑποστάσεις
3123 2357 3490 2428 διαιροῦμεν.
3528 2358 3705 2411 Ἀλλά

2081 2462 2210 2534 μὴν,
2241 2459 2399 2530 φασὶ,
2422 2457 2518 2511 καὶ
2538 2455 2710 2518 ἄλλως
2737 2453 3184 2523 ἑγχρωμάτιστον
3209 2448 3478 2516 λέγοντες
3497 2448 3698 2518 σῶμα,

2077 2554 2138 2606 οὑ
2161 2551 2357 2604 ταυτὸν
2391 2549 2551 2618 ἴσμεν
2579 2546 2657 2615 τῷ
2690 2543 2948 2618 χρώματι
2961 2541 3022 2594 τὸ
3049 2540 3208 2609 σῶμα
3231 2555 3247 2570 ο
3271 2539 3381 2592 οὑκ
3407 2541 3467 2592 ετ
3495 2557 3557 2592 τι
3581 2539 3700 2607 γάρ

2078 2642 2549 2715 ἑγχρωμάτιστον,
2578 2617 2737 2691 τοῦτο
2766 2634 2869 2706 ἤδη
2921 2633 3017 2688 καί
3057 2630 3258 2702 χρῶμα
3285 2645 3299 2658 ·
3350 2629 3550 2692 οὕτως
3597 2625 3697 2684 οὖν

2079 2739 2179 2790 οὑκ
2202 2737 2255 2789 εί
2276 2753 2331 2788 τι
2371 2733 2773 2794 ὲνυπόστατον,
2817 2727 2980 2781 τοῦτο
3023 2725 3126 2796 ήδη
3170 2724 3265 2776 καὶ
3319 2722 3648 2784 ὑπόστασις
3672 2739 3690 2750 ·

2079 2825 2334 2900 περιττὸν
2359 2825 2490 2895 ἄρα,
2510 2822 2667 2890 φασὶ,
2687 2820 2747 2875 τὸ
2769 2817 3084 2888 λεγόμενον·
3113 2815 3208 2868 καὶ
3235 2814 3340 2866 οὑκ
3369 2814 3693 2880 ἀναγκαῖοι

2078 2920 2172 2974 τὸν
2222 2919 2458 2985 λέγοντα
2488 2915 2582 2966 δύο
2611 2913 2804 2981 φὺσεις
2827 2951 2846 2975 ,
2883 2910 2917 2980 ἢ
2954 2905 3365 2968 ἀνυποστάτους
3397 2905 3623 2968 αὑτὰς,
3649 2905 3689 2976 ἦ

2085 3013 2216 3083 μίαν
2248 3007 2430 3063 αὐτῶν
2456 3005 2635 3074 λέγειν
2659 3043 2681 3068 ,
2705 3003 2738 3074 ἢ
2767 3002 2983 3062 πάντως
3024 2998 3120 3052 καί
3147 2996 3242 3050 δὺο
3284 2997 3639 3060 ὑποστάσεις
3669 3039 3688 3061 ,

393 3091 584 3146 ambas
635 3087 1076 3154 iusubsistentes,
1122 3096 1220 3142 aut
1267 3101 1432 3142 unam
1479 3100 1670 3141 earum
1703 3100 1977 3150 asserere,

2091 3101 2208 3156 ἐπεὶ
2264 3097 2340 3170 μὴ
2384 3096 2688 3157 ὑπόστασις
2730 3092 2798 3146 τὸ
2835 3090 3196 3144 ὲνυπόστατον
3243 3087 3323 3149 ὡς
3365 3087 3684 3156 ἐδείξαμεν.

393 3191 486 3239 aut
511 3182 739 3238 omnino
765 3181 903 3236 duas
933 3178 1324 3236 subsistentias
1347 3193 1495 3244 esse,
1519 3194 1642 3233 cum
1669 3177 1976 3232 subsisten-

395 3276 470 3330 tia
503 3290 612 3330 nou
644 3273 716 3329 sit
741 3273 890 3344 quod
920 3280 1004 3328 est
1033 3271 1362 3335 subsistens,
1390 3277 1450 3325 ut
1485 3269 1848 3326 ostendimus.
1882 3269 1983 3324 [lla

393 3369 562 3440 igitur
607 3366 697 3422 isti
737 3366 1017 3421 auditores
1047 3362 1372 3419 deludentes
1409 3361 1690 3424 dicebant,
1721 3360 1831 3415 alte
1872 3377 1982 3414 su—

397 3459 684 3529 percilium
733 3467 1008 3530 gerentes,
1055 3463 1112 3511 et
1159 3455 1232 3510 ob
1286 3464 1396 3509 tam
1445 3452 1720 3508 mirabilia
1767 3451 1982 3520 seipsos

394 3551 1171 3609 Cberubim-annumerautes.
1199 3547 1336 3602 Vide
1365 3554 1548 3601 autem
1572 3543 1850 3616 quomodo
1883 3558 1982 3612 per

398 3647 513 3702 haec
549 3661 672 3716 quae
719 3643 976 3699 dixerunt
1029 3656 1128 3695 sua
1175 3638 1394 3709 propria
1429 3634 1836 3700 destruxerint;
1885 3641 1984 3687 aut

397 3738 732 3805 ignorantes,
769 3748 868 3804 per
901 3730 1180 3803 propriam
1215 3727 1608 3800 ignorantiam,
1641 3732 1736 3780 aut
1765 3723 1984 3778 audito-

398 3844 488 3883 res
508 3827 827 3888 irridentes,
861 3823 1148 3894 imperitos
1173 3820 1364 3874 talium
1398 3816 1760 3872 similitudine
1784 3829 1980 3869 vocum

400 3920 714 3975 iiludentes.
741 3916 799 3971 Si
829 3917 976 3971 enim
1005 3913 1299 3984 quamdam
1328 3909 1632 3978 analogiam
1661 3907 1980 3962 habetcum

397 4026 628 4080 corpore
660 4017 880 4068 natura,
911 4021 1037 4060 cum
1079 4003 1265 4058 colore
1299 3999 1677 4065 subsistentia,
1707 4007 1764 4054 et
1791 3999 1985 4054 dicunt

397 4104 766 4159 subsistentes
795 4107 1044 4162 naturas,
1078 4104 1137 4149 ut
1181 4108 1412 4164 corpora
1449 4091 1715 4156 colorata,
1755 4105 1984 4145 necesse

398 4208 480 4252 est
513 4195 640 4252 inde
675 4201 928 4249 naturam
963 4187 1355 4245 subsistentem
1385 4201 1506 4242 esse
1546 4183 1982 4247 subsistentiam,

399 4291 542 4344 sicut
571 4287 738 4357 igitur
767 4293 824 4340 et
851 4283 1004 4339 color
1029 4281 1158 4337 inde
1193 4279 1399 4335 dicitur
1419 4292 1623 4346 corpus
1648 4275 1983 4338 coloratum;

400 4398 508 4436 non
538 4379 686 4436 enim
720 4377 983 4448 possibile
1021 4383 1106 4430 est
1134 4373 1373 4444 cogitare
1399 4377 1651 4425 naturam
1681 4367 1988 4424 subsisten-

2083 3191 2272 3246 Ταῦτα
2297 3185 2588 3258 τοιγαροῦν
2633 3185 2830 3238 ἐκεῖνοι
2870 3181 2998 3244 τοὺς
3041 3177 3476 3248 παρεστηκότας
3511 3194 3685 3244 φενα-

2082 3284 2304 3348 κίζοντα
2331 3281 2542 3348 ελεγον,
2574 3277 2688 3332 ἄνω
2711 3273 2813 3344 τὴν
2842 3271 3015 3340 ὀφρὺν
3047 3263 3288 3339 ἐῂοντες,
3324 3269 3428 3321 καὶ
3455 3267 3546 3320 διά
3567 3268 3686 3321 τοὺ-

2080 3394 2190 3431 των
2217 3374 2324 3434 ἀπὸ
2351 3370 2634 3443 Χερουϐὶμ
2665 3366 2894 3428 ἑαυτοὺς
2919 3363 3303 3433 ὀνομάζοντες.
3351 3361 3506 3431 Ὅρα
3533 3361 3594 3414 δὲ
3620 3362 3680 3414 σὺ

2083 3468 2246 3530 αὐτὸς
2269 3467 2416 3528 ὅπως
2442 3463 2510 3516 δι’
2540 3455 2615 3515 ὧν
2641 3461 2930 3531 εἰρήκασι,
2960 3455 3030 3508 τά
3060 3455 3241 3507 οἰκεῖα
3269 3451 3640 3520 κατέσκαψαν
3663 3465 3677 3480 ’

2083 3559 2117 3629 ἢ
2155 3554 2474 3626 ἀγνοοῦντες
2502 3591 2518 3615 ,
2573 3551 2644 3604 δι’
2677 3549 2903 3618 ἄγνοιαν
2947 3546 3159 3599 οἰκείαν
3187 3561 3200 3574 ο
3231 3543 3268 3615 ἢ
3315 3542 3681 3612 χλευάζοντες

2082 3651 2209 3713 τοὺς
2242 3647 2540 3708 ἀκούοντας
2563 3686 2578 3710 ,
2614 3643 2874 3712 ἀπείρους
2903 3638 3064 3699 ὄντας
3110 3635 3221 3689 τῶν
3265 3633 3539 3688 τοιούτων
3591 3636 3682 3685 καὶ

2083 3743 2362 3813 ὁμοιότητι
2394 3740 2594 3805 λέξεων
2628 3731 3132 3806 παρακρουόμενοι.
3167 3729 3233 3782 Ei
3281 3726 3550 3795 ἀναλογεῖ
3577 3727 3681 3794 γάρ

2084 3838 2163 3908 τῷ
2205 3835 2305 3906 μὲν
2345 3831 2559 3903 σώματι
2589 3833 2623 3900 ἡ
2666 3827 2848 3897 φύσις,
2889 3824 2969 3894 τῷ
2996 3823 3054 3876 δὲ
3081 3821 3339 3893 χρώματι
3368 3822 3406 3890 ἡ
3436 3821 3678 3872 ὑπόστα-

2088 3947 2195 3994 σις,
2219 3927 2316 3981 καὶ
2347 3927 2601 3994 λέγουσιν
2635 3916 3037 3978 ἀνυποστάτους
3075 3911 3177 3976 τὰς
3213 3911 3411 3980 φύσεις
3442 3952 3460 3974 ,
3497 3909 3680 3978 ὥσπερ

2085 4016 2182 4074 οὖν
2221 4018 2289 4072 τά
2321 4015 2552 4086 σώματα
2601 4008 3030 4082 ἐγχρωμάτιστα
3051 4042 3070 4068 ,
3115 4001 3331 4071 ἀνάγκη
3378 3999 3519 4054 ἔνθα
3568 4000 3679 4052 ἐστὶ

2087 4111 2452 4171 ἑνυπόστατος
2473 4105 2658 4175 φύσις,
2691 4101 2784 4154 καὶ
2813 4097 3114 4152 ὑπόστασιν
3145 4088 3290 4146 εἶναι
3319 4111 3334 4124 ·
3364 4091 3557 4160 ὥσπερ
3584 4087 3674 4143 οἷν

2087 4204 2182 4258 καὶ
2205 4201 2407 4272 χρῶμα
2445 4197 2575 4251 ἔνθα
2615 4194 2775 4263 σῶμα
2801 4187 3260 4260 ὲγχρωμάτιστον
3289 4199 3302 4212 ·
3323 4181 3454 4236 οὔτε
3477 4183 3584 4252 γάρ
3599 4183 3678 4234 ὲνο

2087 4295 2302 4363 δέχεται
2338 4291 2532 4359 νοῆσαι
2557 4285 2720 4356 φύσιν
2744 4281 3112 4336 ἑνυπὸστατον
3142 4278 3272 4332 ἄνευ
3305 4275 3676 4335 ὑποστάσεως.

2088 4387 2154 4440 Ei
2186 4381 2280 4439 οὖν
2316 4386 2384 4456 τῇ
2446 4381 2607 4450 φύσει
2656 4374 2971 4446 ἀναγκαίως
3029 4371 3313 4441 διενήνοχέ
3361 4388 3418 4423 τι
3481 4369 3576 4422 καὶ
3617 4369 3679 4436 τῇ

400 4484 509 4526 tem
543 4471 664 4527 sine
705 4467 1083 4525 subsistentia.
1133 4465 1191 4522 Si
1244 4464 1413 4536 igitur
1449 4470 1702 4517 naturam
1741 4459 1885 4514 inter
1928 4465 1979 4512 et

2091 4476 2417 4540 ὑποστάσει,
2485 4469 2914 4536 ὲπιδειξάτωσάν
2959 4463 3052 4534 μοί
3083 4482 3139 4516 τι
3187 4463 3455 4533 διαφέρον
3489 4461 3586 4530 μὲν
3615 4463 3678 4531 τῇ

400 4563 817 4620 subsistentiam
849 4559 1061 4631 aliquid
1105 4556 1420 4613 necessario
1463 4552 1704 4617 diﬂ'erat,
1756 4551 1987 4606 demon-

401 4663 578 4712 strent
605 4654 742 4711 mihi
770 4653 919 4725 quod
947 4651 1132 4707 diﬂ‘ert
1164 4657 1362 4704 natura
1405 4661 1516 4700 non
1559 4644 1783 4700 dill‘erre
1805 4641 1990 4697 subsi-

402 4749 642 4816 stentia;
691 4755 749 4803 et
783 4761 895 4800 non
939 4741 1305 4813 simpliciores
1337 4737 1594 4801 illudant,
1627 4734 1991 4790 similitudine

405 4856 602 4897 vocum
631 4839 754 4894 illos
771 4837 1135 4906 decipientes,
1158 4831 1396 4888 dicendo
1425 4849 1439 4884 :
1473 4829 1527 4886 Si
1561 4836 1648 4884 est
1677 4827 1989 4883 subsisten-

411 4937 504 4999 tia,
531 4931 844 4989 essentialis
875 4929 1120 5000 quidem,
1156 4941 1266 4982 non
1309 4933 1494 4980 autem
1527 4919 1760 4979 alterius
1803 4934 1992 4976 essen-

408 5027 520 5088 tiae,
547 5031 634 5078 est
660 5021 826 5078 etiam
856 5029 1052 5075 natura
1076 5018 1384 5075 subsistens
1413 5014 1636 5085 quidem
1667 5027 1778 5067 non
1810 5021 1993 5064 autem

409 5112 640 5170 alterius
665 5111 1057 5167 subsistentia.
1083 5107 1318 5164 Mendax
1346 5106 1496 5162 enim
1521 5103 1798 5174 posterius
1822 5119 1836 5155 :
1863 5101 1994 5156 dum

410 5207 457 5260 si
492 5205 626 5276 quid
655 5209 742 5259 est
781 5201 1010 5256 alterius
1037 5199 1314 5260 essentiae,
1354 5198 1460 5252 boc
1485 5194 1712 5250 omnino
1743 5205 1828 5250 est
1861 5194 1998 5250 alte-

414 5299 532 5353 rius
552 5291 956 5358 subsistentim;
987 5291 1032 5346 si
1057 5291 1222 5362 igitur
1238 5288 1502 5344 dit’l'erunt
1520 5287 1665 5342 inter
1683 5302 1742 5343 se
1763 5297 1996 5350 naturae,

415 5387 721 5446 secundum
777 5393 1030 5439 naturam
1102 5379 1400 5446 diﬂ‘erunt;
1459 5378 1724 5434 dill‘erunt
1779 5394 2000 5450 quoque

414 5481 704 5538 evidenter
745 5475 1048 5534 secundum
1092 5472 1526 5531 subsistentiam.
1557 5471 1629 5526 Et
1661 5472 1706 5527 si
1739 5472 2002 5528 differen-

419 5574 548 5629 tiam
579 5581 900 5626 naturarum
929 5567 984 5622 in
1019 5582 1127 5621 una
1157 5572 1353 5618 natura
1380 5563 1489 5618 dici
1528 5562 1865 5634 impossibile
1891 5570 2000 5626 est,

420 5679 528 5717 non
549 5662 719 5733 magis
748 5658 1004 5730 possibile
1039 5654 1316 5711 invenitur
1345 5655 1708 5709 differentiam
1739 5655 2001 5710 exsistere

422 5753 900 5808 subsistentiaruui
933 5751 984 5803 in
1013 5763 1119 5802 una
1147 5756 1195 5802 ct
1229 5745 1417 5800 eadem
1446 5745 1823 5803 subsistentia.

2092 4569 2285 4641 φύσει,
2339 4565 2416 4639 μὴ
2451 4565 2707 4636 διαφέρον
2749 4561 2807 4614 δὲ
2839 4560 2907 4630 τῇ
2937 4555 3245 4609 ὑποστάσει
3270 4570 3286 4584 ·
3322 4554 3419 4607 καὶ
3456 4552 3531 4623 μὴ
3561 4551 3678 4622 βου-

2092 4662 2426 4718 κο>.είτωσαν
2456 4659 2583 4720 τοὺς
2629 4651 3033 4722 ἁπλουστέρους
3058 4689 3074 4713 ,
3111 4648 3403 4718 ὁμοιότητι
3435 4647 3679 4715 φράσεων

2093 4755 2292 4817 αὑτοὺς
2319 4747 2842 4823 παραλογιζόμενοι,
2876 4741 2954 4812 τῷ
2977 4741 3162 4808 λέγειν
3191 4741 3242 4792 εἰ
3277 4739 3430 4792 ἔστιν
3455 4738 3681 4791 ὑπόστα-

2097 4861 2203 4909 σις,
2235 4841 2478 4904 ὲνούσιος
2505 4838 2628 4910 μὲν,
2649 4836 2750 4904 οὑχ
2777 4827 3120 4904 ὲτεροούσιος
3147 4827 3229 4893 δὲ,
3259 4827 3380 4881 ἔστι
3408 4827 3502 4881 καὶ
3530 4824 3679 4894 φύσις

2102 4934 2467 4994 ὲνυπόστατος
2497 4931 2614 5002 μὲν,
2636 4927 2737 4996 οὑχ
2761 4921 3231 4993 ἑτεροῦπόστατος
3253 4920 3342 4974 δέ·
3371 4918 3566 4990 ψευδὲς
3580 4916 3677 4986 γάρ

2097 5027 2158 5080 τὸ
2202 5025 2509 5080 τελευταῖον
2538 5038 2554 5055 ο
2589 5019 2822 5086 ἐπείπερ
2873 5015 2928 5067 εἴ
2981 5030 3034 5066 τι
3091 5011 3492 5082 ὲτεροοὺσιον.
3535 5008 3677 5062 τοῦτο

2100 5115 2318 5176 πάντως
2353 5112 2447 5165 καὶ
2493 5107 2972 5180 ὲτεροῢπὸστατον.
3006 5101 3070 5156 Εἰ
3100 5101 3292 5154 τοίνυν
3345 5101 3675 5170 διαφέρουσιν

2100 5210 2156 5263 αἱ
2190 5205 2384 5276 φύσεις
2413 5203 2658 5274 ἀλλήλων
2681 5241 2697 5265 ,
2728 5197 2870 5251 κατά
2915 5193 3078 5263 φύσιν
3106 5193 3450 5263 διαφέρουσι
3469 5212 3481 5224 ·
3509 5190 3673 5260 διαφὲ-

2105 5315 2259 5371 ρουσι
2291 5294 2542 5368 δηλονότι
2574 5293 2672 5346 καὶ
2691 5289 2814 5346 καθ’
2844 5285 3145 5340 ὑπόστασιν
3173 5301 3188 5314 ο
3234 5285 3338 5337 καὶ
3365 5289 3418 5340 εἰ
3443 5285 3674 5354 διαφορὰν

2104 5392 2321 5461 φύσεων
2356 5387 2452 5440 ἐπὶ
2483 5389 2612 5458 μιᾶς
2645 5383 2862 5453 φύσεως
2899 5375 3161 5445 λέγεσθαι
3214 5377 3526 5442 ἀδύνατον,
3555 5378 3674 5448 ἁμή-

2103 5501 2267 5556 χανον
2297 5482 2406 5553 ἄρα
2433 5482 2529 5534 καὶ
2559 5477 2820 5546 διαφορὰν
2860 5467 3228 5526 ὑποστάσεως)
3261 5467 3418 5526 εἶναι
3457 5472 3543 5526 ἐπὶ
3571 5470 3674 5543 μιᾶς

2104 5579 2198 5629 καὶ
2223 5575 2320 5644 τῆς
2345 5573 2512 5642 αὐτῆς
2543 5568 2913 5626 ὑποστάσεως.
