3932 6152
290 312 430 378 15M

1281 315 1679 378 ADVERSUS
1716 316 2264 379 NESTORIANOS.
2293 344 2362 354 —
2386 321 2535 381 LIB.
2579 322 2660 383 II.

3437 325 3575 392 I552

368 434 520 498 Ἤδη
561 431 662 502 μὲν
700 428 918 499 άληθῶς
955 427 1062 482 εισι
1091 427 1162 482 τά
1188 429 1561 500 προταχθέντα
1589 431 1719 502 ὑμῖν
1743 430 1878 503 ἠμέ-

2050 433 2170 490 Jam
2213 434 2438 506 quidem
2485 435 2544 492 in
2589 437 2829 493 veritate
2862 447 2994 495 sunt
3024 455 3146 509 qua
3181 453 3219 494 a‘
3244 440 3400 497 vobis
3426 444 3582 514 prius

289 543 432 597 τερα
462 524 670 596 προϐλή
681 538 845 593 ματα’
877 519 1092 584 τούτοις
1118 519 1177 574 δὲ
1209 521 1270 575 οὑ
1298 523 1624 595 προσφόρως
1649 525 1886 594 ὑπαντή.

293 635 491 680 σαντες
513 657 530 682 ,
591 615 819 678 ἑαυτοὺς
872 614 1032 684 μόνον
1088 615 1218 684 περὶ
1266 615 1375 668 τῶν
1411 615 1714 670 δοκούντων
1754 618 1884 688 ὑμῖν

294 709 622 762 πεπείκατε.
689 707 752 760 Εἰ
790 705 900 776 γὰρ
947 705 1072 758 ἐπεὶ
1103 706 1182 775 τῷ
1212 706 1312 777 μὲν
1336 705 1588 778 χρώμασι
1628 709 1886 776 ἀναλογεῖ

293 801 332 872 ἡ
363 800 663 863 ὑπόστασις
693 799 752 852 ὲν
779 797 858 868 τῷ
886 796 985 866 τῆς
1009 797 1204 869 ὁμοίας
1225 798 1521 870 ὀνομασίας
1547 801 1692 854 κατὰ
1711 799 1883 871 τύχην

295 895 744 964 παραδείγματι,
795 893 876 962 τῷ
923 891 982 946 δὲ
1031 891 1246 962 σώματι
1298 896 1332 964 ἡ
1373 894 1535 964 φύσις
1581 897 1880 964 ἀναγκαῖον

290 987 422 1040 ἐκ,οα
457 987 576 1039 ἐστὶ
603 986 784 1056 σῶμα,
820 981 963 1038 εἶναι
992 986 1088 1039 καὶ
1115 985 1315 1056 χρῶμά
1339 1004 1473 1054 φατε
1492 1028 1507 1052 ,
1542 991 1639 1043 καὶ
1671 989 1735 1041 ἐκ
1761 988 1884 1042 τού-

288 1097 386 1133 του
415 1077 508 1130 δύο
523 1074 664 1132 εἶναι
689 1081 788 1141 τὰς
812 1077 1161 1144 ὑποστάσεις,
1177 1081 1298 1132 ἐπεὶ
1315 1079 1409 1133 δύο
1425 1081 1561 1133 εἰσὶν
1586 1083 1642 1134 αἱ
1665 1080 1882 1152 φύσεις,

291 1173 556 1239 συνάγετε
584 1209 600 1235 ,
650 1170 824 1238 γνῶτε
860 1171 944 1223 ὅτι
974 1171 1130 1224 τοῦτο
1165 1172 1259 1224 καὶ
1291 1173 1452 1242 ἡμεῖς
1483 1190 1667 1244 φαμεν
1693 1188 1706 1202 ·
1743 1174 1880 1227 ὅπου

289 1263 453 1331 σῶμα
500 1259 638 1315 εἶναι
677 1262 895 1330 λέγεται
939 1263 1423 1332 ἐγχρωμάτιστον,
1465 1265 1668 1335 χρῶμα
1699 1265 1882 1335 ὑπάρ-

287 1372 409 1423 χειν
458 1355 806 1422 ἀ·ιαγκαίως’
865 1353 1056 1424 ὥσπερ
1101 1351 1195 1408 οὖν
1247 1356 1338 1408 καὶ
1374 1357 1686 1410 ὑπόστασιν
1721 1357 1885 1420 εἶναι,

289 1445 423 1498 ὅπου
479 1447 698 1514 λέγεται
743 1446 904 1514 φύσις
951 1447 1331 1510 ἐνυπόστατος.
1382 1448 1546 1503 Ἀλλά
1579 1450 1642 1502 τὸ
1677 1448 1880 1518 ζητού-

294 1555 458 1606 μενον
479 1578 494 1602 ,
549 1536 702 1591 οὔπω
735 1539 975 1604 ἐδείξατε
1006 1543 1134 1610 περὶ
1157 1532 1218 1594 οὗ
1250 1542 1342 1594 καὶ
1367 1537 1701 1612 διαφέρεσθε
1737 1542 1879 1611 πρὸς

289 1633 322 1699 ἡ
361 1632 466 1699 μᾶς
488 1649 502 1662 ·
540 1631 624 1684 ὅτι
669 1633 804 1684 ὅπου
838 1631 1058 1684 πλείονα
1096 1634 1334 1688 συνιέναι
1363 1633 1618 1700 λέγονται
1649 1634 1887 1704 σώματα

291 1726 722 1793 ὲγχρωμάτιστα
749 1763 764 1786 ,
823 1723 1087 1794 ἰσάριθμα
1131 1725 1250 1778 δέον
1279 1721 1422 1778 εἶναι
1451 1723 1663 1788 τούτοις
1693 1726 1792 1778 καὶ
1815 1728 1886 1778 τά

291 1817 589 1885 χρώματα·
646 1817 744 1870 καὶ
790 1817 850 1870 ού
897 1817 1122 1871 δυνατὸν
1156 1817 1190 1888 ἢ
1222 1818 1304 1872 ἑνὶ
1334 1819 1531 1890 καὶτῷ
1556 1818 1707 1890 αύτῷ
1731 1818 1888 1888 χρώ-

300 1925 432 1978 ματι
463 1909 689 1964 πλείονα
715 1909 1060 1980 χρώννυσθαι
1093 1913 1356 1981 σώματαο
1389 1912 1580 1983 ὥσπερ
1605 1910 1682 1982 τῷ
1706 1911 1891 1984 λευκῷ

291 2003 391 2072 ἥτε
421 2001 554 2072 χιὼν
585 2002 680 2055 καὶ
709 2002 770 2055 τὸ
795 2002 937 2070 γάλα
968 2003 1061 2055 καὶ
1083 2001 1376 2072 ψιμμίοιον
1408 2003 1720 2074 μιγνύμενα
1742 2047 1755 2069 ,
1794 2005 1891 2057 καὶ

291 2095 355 2148 τὸ
383 2094 531 2166 ἔριον
573 2096 667 2148 καὶ
699 2095 846 2149 λίνον
880 2096 977 2149 καὶ
1009 2096 1221 2164 μέταξα
1253 2100 1312 2151 ὲν
1344 2098 1426 2168 τῷ
1461 2099 1545 2151 ἑνὶ
1572 2097 1757 2169 λευκῷ
1789 2099 1892 2152 πέ-

291 2187 418 2257 πλῳ
445 2188 766 2258 ὑφασμὲνα’
803 2188 836 2260 ἢ
867 2190 949 2252 εἰς
977 2188 1037 2241 ἓν
1061 2189 1250 2261 ἕτερον
1283 2190 1490 2262 χρῶμα
1519 2191 1746 2244 πλείονα
1776 2190 1884 2243 σώ-

299 2295 449 2346 ματα
498 2274 641 2332 εἶναι
684 2280 1144 2351 συγκεκραμένα·
1199 2276 1313 2335 οἷον
1360 2282 1422 2336 τὸ
1461 2282 1756 2353 ψιμμίθιον
1793 2283 1888 2336 καὶ

292 2370 480 2442 ὤχρα,
516 2373 612 2424 καὶ
644 2371 950 2441 χάλκανθος
977 2373 1072 2426 καὶ
1101 2373 1376 2444 κόμμιδας
1405 2376 1462 2428 ὲν
1486 2375 1566 2444 τῷ
1591 2374 1738 2444 φαιῷ
1763 2373 1888 2427 κολο

295 2463 530 2534 λουρίῳ·
564 2465 665 2528 τὰς
691 2467 801 2536 γὰρ
832 2465 926 2519 δύο
951 2466 1142 2534 φύσεις
1173 2469 1232 2520 ὲν
1260 2468 1357 2537 μιᾷ
1381 2468 1478 2522 καὶ
1504 2470 1570 2538 τῇ
1595 2469 1734 2538 αὑτῇ
1758 2469 1889 2520 ὑπο-

297 2557 486 2612 στάσει
518 2557 754 2626 λέγομεν
785 2558 1138 2626 ὑφίστασθαιο
1172 2561 1273 2630 οὑχ
1297 2559 1372 2622 ὥς
1400 2560 1710 2632 δυναμένης
1735 2559 1887 2614 θατέ-

299 2667 402 2718 ρας
433 2651 806 2704 ἁνυποστάτου
839 2646 981 2704 εἶναι
1019 2652 1076 2704 ἐν
1106 2652 1268 2722 αὑτῇ,
1309 2651 1426 2704 ἀλλ’
1458 2651 1532 2714 ὡς
1561 2651 1890 2722 ἀμφοτέρων

297 2741 358 2792 ιν
396 2742 494 2812 μιᾷ
521 2743 677 2813 κοινῇ
709 2740 1026 2812 δυναμένων
1057 2742 1392 2810 ὑφίστασθαι
1421 2741 1758 2795 ὑποστάσειο
1793 2742 1890 2795 καὶ

297 2831 474 2897 οὕτως
519 2833 661 2887 κατὰ
693 2833 795 2904 τὴν
825 2834 1000 2905 αὑτὴν
1032 2835 1132 2888 καὶ
1167 2833 1299 2903 μίαν
1325 2833 1657 2896 ὑπόστασιν,
1695 2831 1888 2886 tam-

301 2942 398 2996 ρας
425 2925 795 2979 ένυποστάτου
817 2924 1005 2994 οὑσης.
1034 2926 1109 2978 Οὑ
1133 2927 1245 2996 γὰρ
1269 2926 1574 2994 ἀναγκαῖον
1593 2924 1683 2978 διὰ
1701 2923 1762 2976 τὺ
1777 2923 1888 2976 δεῖν

296 3033 351 3070 τι
382 3013 544 3083 εἶναι,
579 3016 924 3078 πάντωξ”καὶ
956 3016 1064 3086 ἰδία
1091 3015 1253 3069 τοῦτο
1279 3012 1420 3070 εἶναι
1441 3033 1454 3048 ·
1509 3017 1606 3070 καὶ
1635 3015 1744 3087 γάρ
1774 3015 1885 3068 τῶν

296 3111 358 3163 ἓν
390 3111 455 3179 τῇ
487 3110 643 3162 πόλει
673 3109 968 3178 οἰκήσεων,
1005 3107 1235 3176 οὑδεμία
1267 3106 1366 3176 μὲν
1396 3106 1696 3168 ἀδέσποτος
1720 3121 1734 3137 ⁸
1787 3107 1889 3159 οὑκ
1916 3139 1958 3192 c

297 3201 615 3270 ἀναγκαίως
641 3201 697 3253 δὲ
726 3201 878 3252 πᾶσα
902 3198 1300 3266 δεσποζομένη,
1330 3197 1724 3268 μονοδέσποτός
1747 3198 1886 3250 ἐστι⁶

300 3293 498 3347 πολλαὶ
527 3293 637 3364 γάρ
669 3293 778 3344 εἰσι
811 3290 906 3343 καὶ
936 3288 1336 3342 κοινοδέσποτοι
1383 3289 1441 3342 ἑν
1469 3289 1537 3358 τῇ
1565 3287 1721 3340 πόλει
1741 3305 1754 3320 ·
1793 3287 1890 3340 οὑ-

297 3403 406 3448 τως
435 3383 526 3438 οὑν
571 3384 694 3437 ἐπεὶ
723 3383 824 3454 μέν
853 3383 992 3436 εἰσιν
1025 3381 1082 3436 αἱ
1113 3379 1336 3452 φύσεις,
1383 3381 1686 3448 ἀναγκαῖον
1718 3379 1889 3443 αὑτὰς

299 3476 394 3530 καὶ
424 3475 797 3546 ὑφεστηκέναι
827 3473 923 3528 καὶ
950 3473 1356 3536 ένυποστάτους
1389 3467 1565 3525 εἶναι·
1613 3471 1804 3540 ἐπειδὴ
1830 3471 1888 3524 δὲ

296 3571 397 3623 οὑκ
441 3569 548 3640 ἰδίᾳ
581 3568 678 3622 ἀπ’
707 3565 956 3636 ἀλλήλων
985 3564 1146 3630 εἰσὶν,
1181 3562 1431 3627 ένὼσεως
1462 3561 1643 3616 αὑτῶν
1675 3559 1888 3630 ὡμολο-

297 3663 554 3732 γημένως
606 3657 958 3729 γενομένης,
1025 3657 1148 3726 οὐχὶ
1208 3655 1306 3708 καὶ
1360 3654 1468 3726 ἰδία
1515 3653 1887 3724 ὑφεστηκέναι

298 3751 567 3821 ἑκατέραν
600 3749 897 3818 ἀναγκαῖόν
927 3750 1064 3801 ἐστι.
1110 3746 1280 3814 Δῆλον
1312 3743 1406 3799 οὖν
1449 3746 1532 3799 ὅτι
1578 3745 1677 3814 οὑχ
1703 3744 1788 3796 έτε
1800 3760 1888 3814 ρο-

299 3845 602 3898 ’ὑπόστατον
631 3836 796 3902 εἶναι.
830 3839 944 3894 ἀλλ’
975 3841 1033 3891 ὲν
1068 3838 1170 3908 μιᾷ
1203 3839 1299 3889 καὶ
1324 3839 1391 3906 τῇ
1419 3837 1556 3905 αὐτῇ
1589 3833 1887 3888 ὑποστάσει

297 3936 537 3990 νοεῖσθαι
578 3935 782 4005 ἀμφοῖν
824 3929 1004 3986 αὐτῶν
1038 3930 1101 3983 τὸ
1134 3930 1503 3982 ἐνυπόστατον
1531 3927 1631 3980 δεῖ.
1671 3927 1761 3980 Διὸ
1791 3927 1890 3979 καὶ

297 4023 678 4098 ἀποδεχόμεθα
727 4023 788 4077 τὸ
831 4023 964 4094 παρ’
988 4005 1146 4091 ’ὑμῶν
1189 4020 1248 4071 ὲν
1279 4017 1426 4072 τέλει
1458 4017 1773 4088 εἰρημένον,
1809 4017 1887 4079 ὼς

297 4121 564 4174 ἀδύνατον
611 4118 703 4170 ἐπὶ
738 4117 870 4187 μιᾶς
903 4115 998 4168 καὶ
1026 4114 1128 4182 τῆς
1153 4113 1326 4180 αὐτῆς
1356 4111 1731 4178 ὑποστάσεως,
1767 4111 1887 4164 δια-

295 4213 474 4284 φορὰν
507 4210 770 4278 λέγεσθαι
801 4207 1178 4268 ὑποστάσεως.
1205 4203 1370 4299 ,Οὐδὲ
1398 4202 1536 4264 ὅλως
1562 4203 1671 4273 γάρ
1703 4217 1886 4271 φαμεν

293 4303 420 4357 οὔτε
451 4303 717 4372 διαφοράν
751 4301 1108 4354 ὑποστάσεων
1153 4291 1214 4348 ἐν
1239 4298 1307 4366 τῇ
1337 4296 1438 4366 μιᾷ
1465 4296 1761 4348 ὑποστάσει
1788 4291 1884 4346 τοῦ

294 4393 540 4464 Κυρίουο
582 4394 658 4463 μὴ
686 4391 934 4460 γένοιτοῐ
984 4389 1034 4442 εἰ
1083 4387 1178 4442 καὶ
1221 4383 1608 4440 ὑποστατικῶν
1641 4383 1885 4454 μερικῶν

1988 525 2199 596 prolata
2221 535 2352 581 sunt
2373 534 2565 581 nostra
2585 536 2930 598 argumenta.
2957 527 3053 584 His
3073 530 3219 585 enim
3248 546 3360 586 non
3382 547 3586 603 oppor-

1991 629 2122 674 tune
2164 628 2549 685 occurrentes,
2575 635 2674 674 vos
2721 620 2871 690 ipsos
2899 629 3112 676 tantum
3139 621 3208 676 de
3241 633 3424 678 vestra
3455 639 3584 680 seno

1991 712 2164 768 tentia
2196 713 2564 782 persuasistis.
2594 711 2651 768 Si
2680 713 2852 778 enim,
2879 729 3004 768 cum
3038 715 3342 786 analogiam
3380 717 3585 772 habeat

1989 817 2116 857 eum
2150 803 2336 857 colore
2380 801 2760 867 subsistentia,
2805 803 2862 857 in
2909 803 3004 857 illo
3051 805 3304 874 exemplo
3342 805 3588 862 fortuitae

1989 894 2372 950 similitudinis
2421 895 2478 948 in
2533 895 2888 961 nominibus,
2939 897 3156 966 corpori
3210 899 3585 954 necessarium

1990 987 2120 1042 inde
2162 996 2248 1041 est
2295 993 2495 1040 natura
2524 986 2595 1040 sit
2624 1001 2844 1056 corpus,
2871 988 3113 1042 colorem
3132 1005 3265 1062 ‘esse
3296 989 3502 1056 dicitis,
3529 999 3587 1046 et

1989 1096 2055 1136 ex
2092 1081 2198 1135 hoc
2241 1079 2380 1134 duas
2424 1094 2548 1135 esse
2579 1079 2988 1145 subsistentias,
3017 1097 3143 1136 cum
3179 1082 3301 1138 dua:
3339 1085 3449 1138 sint
3483 1101 3584 1139 na-

1991 1181 2152 1235 turze,
2187 1171 2466 1242 colligitis,
2512 1171 2708 1226 scitote
2744 1187 2846 1226 nos
2893 1188 3112 1242 quoque
3163 1175 3296 1230 illud
3339 1173 3526 1231 dicere
3567 1193 3581 1230 :

1991 1265 2095 1320 Ubi
2114 1279 2316 1334 corpus
2333 1278 2452 1318 esse
2469 1263 2676 1317 dicitur
2701 1263 3030 1330 coloratum,
3051 1265 3293 1321 colorem
3316 1268 3585 1322 exsistere

1991 1371 2217 1416 necesse
2267 1365 2384 1422 est;
2436 1355 2578 1410 sicut
2627 1355 2796 1426 igitur
2845 1355 3260 1412 subsistentiam
3312 1374 3455 1422 esse,
3489 1359 3584 1413 ubi

1991 1447 2200 1502 dicitur
2232 1455 2432 1502 natura
2461 1447 2796 1502 subsistens.
2848 1447 2955 1504 Sed
3005 1449 3296 1518 quaesitum
3332 1465 3440 1503 non
3489 1464 3586 1518 per

1991 1541 2108 1596 hmc
2157 1539 2656 1606 demonstravistis,
2679 1549 2735 1596 et
2781 1556 2811 1596 a
2854 1541 3016 1596 nobis
3051 1541 3406 1611 discrepatis;
3437 1541 3584 1611 quod

1992 1651 2214 1705 nempe,
2247 1635 2341 1690 ubi
2371 1635 2532 1705 plura
2569 1635 2835 1690 dicuntur
2871 1636 3127 1706 conjungi
3162 1650 3392 1705 corpora
3435 1635 3586 1690 colo-

1995 1738 2132 1793 rata,
2165 1743 2398 1783 numero
2429 1727 2672 1798 aequales
2700 1727 2767 1782 iis
2801 1727 3008 1782 debent
3037 1743 3257 1798 quoque
3292 1743 3413 1783 esse
3440 1727 3588 1782 colo-

1997 1837 2114 1887 res;
2149 1830 2206 1876 et
2237 1837 2348 1875 non
2387 1820 2652 1890 possibile
2689 1829 2794 1884 est,
2827 1829 2922 1874 aut
2953 1836 3063 1875 uno
3093 1829 3150 1876 et
3178 1820 3372 1875 eodem
3403 1820 3586 1875 colore

1995 1914 2152 1984 plura
2169 1913 2402 1968 colorari
2423 1928 2673 1983 corpora,
2695 1923 2756 1966 ut
2771 1913 2897 1968 albo
2916 1913 3132 1978 niveus,
3150 1913 3380 1978 lacteus,
3399 1929 3586 1968 cerus-

1995 2021 2122 2062 seus
2141 2005 2294 2060 mixti
2313 2015 2462 2070 sunt,
2479 2015 2536 2060 et
2561 2005 2706 2069 lana,
2727 2005 2901 2059 linum
2919 2013 2976 2059 et
2992 2003 3229 2059 sericum
3247 2005 3303 2058 in
3331 2019 3442 2058 uno
3459 2005 3585 2058 albo

1993 2099 2117 2154 velo
2145 2106 2429 2164 contexta;
2461 2108 2556 2152 aut
2595 2097 2650 2152 in
2697 2114 2869 2152 unum
2917 2099 3085 2152 alium
3138 2098 3380 2155 colorem
3424 2097 3584 2168 plura

1993 2199 2230 2255 corpora
2259 2199 2380 2240 esse
2410 2186 2704 2255 permisla;
2736 2194 2797 2239 ut
2820 2201 3123 2250 cerussam,
3153 2187 3400 2252 oebram,
3431 2186 3584 2242 chal-

1993 2277 2282 2344 canthum,
2315 2277 2544 2348 gummi,
2581 2277 2638 2332 in
2668 2277 2826 2333 fusco
2858 2278 3110 2350 collyrio.
3151 2279 3285 2333 Nam
3318 2279 3456 2333 duas
3483 2294 3583 2332 na-

1995 2379 2148 2426 turas
2193 2371 2247 2424 in
2280 2386 2386 2424 una
2417 2379 2473 2426 et
2499 2370 2693 2425 eadem
2738 2370 3098 2426 subsistentia
3139 2371 3376 2426 dicimus
3401 2370 3584 2426 subsi-

1993 2472 2178 2526 stere;
2214 2476 2325 2515 non
2359 2461 2517 2530 quasi
2553 2461 2816 2516 alterutra
2853 2462 3030 2531 possit
3057 2476 3176 2516 esse
3217 2461 3584 2518 insubsiStens

1992 2554 2046 2609 in
2093 2532 2203 2616 illa.
2237 2553 2332 2609 sed
2365 2553 2512 2624 quod
2551 2562 2784 2624 utraque
2830 2554 2888 2608 in
2934 2569 3041 2608 una
3084 2554 3363 2609 communi
3408 2553 3587 2623 possit

1993 2645 2296 2700 subsistere
2325 2645 2703 2700 subsistentia.
2738 2647 2806 2700 Et
2841 2648 2940 2712 ita,
2983 2647 3288 2702 secundum
3333 2647 3582 2702 eamdem

1992 2746 2048 2792 et
2073 2751 2236 2791 unam
2269 2736 2705 2801 subsistentiam,
2741 2745 2974 2809 ulraque
3007 2739 3079 2794 sit
3108 2739 3436 2794 subsistens.
3462 2739 3584 2794 Non

1993 2828 2143 2882 enim
2180 2827 2552 2882 necessarium
2579 2837 2664 2883 est
2698 2835 2760 2882 ut
2785 2827 2994 2898 aliquid
3023 2828 3223 2883 debeat
3247 2842 3388 2893 esse,
3419 2829 3583 2884 abso-

1990 2919 2106 2976 lute
2140 2928 2197 2974 et
2229 2920 2451 2990 proprie
2497 2920 2633 2976 illud
2681 2920 2782 2986 sit;
2835 2936 2960 2975 nam
3005 2937 3074 2974 ex
3125 2920 3282 2975 urbis
3328 2920 3585 2976 domibus

1951 3079 1956 3082 _
1989 3011 2140 3065 nulla
2181 3010 2300 3066 sine
2329 3011 2578 3078 domino,
2623 3026 2736 3066 non
2769 3011 3146 3068 necessarium
3192 3021 3374 3067 autent
3409 3022 3494 3068 est
3526 3023 3586 3068 ut

1991 3101 2171 3155 omnis
2214 3117 2337 3169 qua:
2379 3101 2665 3156 dominum
2701 3103 2904 3170 habet,
2941 3120 3110 3158 unum
3154 3103 3440 3158 dominum
3487 3105 3586 3159 ba-

1994 3190 2156 3256 beat;
2189 3192 2438 3261 plurima:
2463 3193 2610 3248 enim
2640 3199 2769 3248 sunt
2795 3194 2856 3249 in
2895 3195 3032 3251 urbe
3063 3196 3315 3265 pluribus
3343 3196 3586 3252 dominis

1989 3298 2313 3338 communes
2343 3300 2358 3336 :
2385 3284 2464 3339 sic
2488 3285 2674 3355 igitur,
2697 3285 2920 3355 quando
2943 3297 3071 3342 sunt
3100 3297 3330 3350 natura},
3363 3295 3584 3357 oportet

1989 3387 2084 3428 eas
2115 3373 2417 3429 subsistere
2445 3383 2502 3430 et
2546 3375 2914 3432 subsistentes
2950 3393 3070 3432 esse
3097 3393 3112 3444 ;
3145 3377 3366 3448 quando
3398 3388 3582 3433 autem

1988 3481 2100 3521 non
2129 3468 2353 3537 proprie
2377 3475 2435 3522 et
2461 3467 2582 3523 alia:
2612 3468 2682 3523 ab
2711 3469 2835 3524 aliis
2875 3478 3025 3535 sunt,
3053 3470 3258 3524 unione
3290 3470 3410 3526 illas
3439 3469 3584 3526 inter

1988 3569 2180 3630 aperte
2212 3561 2376 3626 facta,
2409 3578 2521 3616 non
2551 3561 2718 3617 etiam
2748 3563 2973 3632 praprie
3019 3562 3322 3618 subsistere
3365 3574 3580 3617 utraru-

1987 3669 2096 3724 que
2129 3654 2499 3710 necessarium
2523 3662 2627 3710 est.
2655 3654 2899 3710 Evidens
2930 3670 3063 3726 ergo
3091 3663 3176 3710 est
3206 3669 3316 3710 non
3347 3655 3580 3710 alterius

1987 3761 2112 3802 esse
2151 3747 2544 3812 subsistentiae,
2583 3747 2676 3803 sed
2715 3748 2770 3802 in
2806 3762 2914 3801 una
2945 3747 3248 3816 eademque
3275 3746 3582 3801 subsisten-

1991 3836 2064 3892 tia
2113 3839 2406 3909 utriusque
2451 3839 2881 3894 existimandum
2931 3855 3052 3895 esse
3091 3838 3241 3910 quod
3273 3838 3582 3895 subsistens

1987 3945 2091 3988 est.
2123 3933 2252 3988 ldco
2286 3944 2343 3989 et
2378 3933 2658 4004 rejicimus
2693 3933 2842 4004 quod
2886 3949 2916 3987 a
2953 3932 3109 3988 vobis
3143 3933 3197 3987 in
3231 3932 3338 3987 [ine
3369 3931 3578 3986 dictum

1986 4029 2093 4084 est,
2125 4023 2466 4093 impossibile
2501 4039 2624 4079 esse
2653 4023 2708 4077 in
2745 4038 2854 4077 una
2885 4023 3190 4093 eademque
3220 4021 3580 4078 subsistentia

1987 4115 2356 4172 differentiam
2411 4115 2531 4189 ‘dici
2594 4116 2987 4172 subsistentiis.
3042 4113 3162 4170 Non
3215 4117 3362 4168 enim
3411 4115 3578 4167 abso-

1985 4207 2374 4280 lutqdicimus
2422 4206 2791 4262 diﬂ‘erentiam
2838 4205 3323 4262 subsistentiarum
3373 4219 3430 4258 in
3467 4219 3576 4258 una

1985 4298 2344 4381 subsistentia
2385 4297 2624 4360 Domini,
2660 4298 2766 4352 hoc
2813 4298 2962 4353 enim
3012 4297 3448 4352 demonstratum
3494 4304 3578 4350 est

1985 4408 2106 4448 esse
2130 4390 2506 4462 impossibile;
2541 4389 2812 4460 siquidem
2836 4405 2946 4444 non
2974 4389 3362 4445 distinctarum
3390 4404 3574 4444 rerum

299 4485 609 4556 ἰδιωμάτων
633 4484 792 4554 ἴσμεν
814 4483 1100 4553 διαφοράνο
1125 4482 1184 4534 οὑ
1204 4479 1313 4550 γὰρ
1333 4478 1686 4538 ὑποστάσεων
1703 4475 1883 4544 διαφό-

1989 4483 2045 4538 in
2091 4483 2285 4538 eodem
2323 4483 2523 4554 aliquis
2556 4483 2767 4538 diceret
2813 4483 3096 4546 unionem,
3131 4481 3186 4535 in
3229 4497 3341 4552 quo
3373 4481 3574 4536 distin-

299 4593 407 4646 ρων
440 4575 474 4645 ἢ
507 4574 782 4645 διαφορῶν
809 4573 1004 4626 ἕνωσίν
1041 4588 1219 4642 φαμεν
1250 4571 1346 4622 ἐπὶ
1369 4569 1464 4622 τοῦ
1493 4569 1724 4639 Κυρίου·
1755 4565 1881 4620 τοῦ-

293 4683 356 4721 το
379 4668 487 4740 γὰρ
521 4665 849 4736 προεδείχθη
879 4665 974 4718 καὶ
1004 4663 1268 4718 ἀδύνατον
1289 4677 1303 4692 °
1343 4663 1504 4732 εἰπερ
1540 4661 1616 4730 μὴ
1647 4659 1742 4711 καὶ
1768 4658 1879 4711 τῶν

293 4760 762 4830 διακεκριμένων,
786 4760 843 4810 ἐν
875 4756 1056 4825 ταυτῷ
1077 4773 1160 4820 τις
1187 4756 1337 4824 λέγοι
1367 4753 1466 4826 τὴν
1489 4753 1710 4818 ἕνωσιν,
1747 4753 1804 4804 έν
1830 4742 1876 4818 ᾧ

291 4850 390 4920 τὴν
418 4849 694 4918 διάκρισιν
725 4847 856 4918 ὁρᾷ·
911 4846 1048 4900 ἀλλὰ
1079 4845 1297 4915 φύσεων
1321 4842 1600 4912 διαφόρων
1627 4839 1878 4894 σύνθεσιν

293 4942 438 4996 κατὰ
487 4941 619 5012 μίαν
663 4937 765 5008 τὴν
811 4937 1036 5007 πρώτην
1071 4938 1129 5001 ἐξ
1157 4936 1336 5008 ἀρχῆς
1361 4929 1528 4987 οὖσαν
1557 4931 1652 4985 τοῦ
1677 4931 1876 5000 Λόγου,

293 5035 389 5087 καὶ⁸
416 5034 479 5086 οὑ
515 5031 780 5101 δευτέραν
806 5026 945 5082 εἶναι
979 5029 1302 5092 ὑπόστασιν,
1339 5027 1519 5081 εῑτουν
1553 5025 1614 5090 ὲξ
1637 5025 1875 5078 ὑποστά-

294 5144 432 5189 σεως
463 5127 642 5195 ἴσμενο
681 5123 795 5178 ἀλλ’
825 5121 1000 5184 οὕτως
1034 5121 1133 5192 μὲν
1163 5119 1308 5173 τάδε.

361 5219 435 5272 Τὸ
465 5218 522 5272 δὲ
548 5218 614 5290 δὴ
642 5216 832 5288 ἕτερον
860 5214 1022 5269 πάλιν
1051 5214 1080 5268 δ
1109 5211 1486 5282 ἁπεφήνασθε,
1511 5213 1595 5266 ὅτι
1619 5211 1742 5266 ἐπεὶ
1761 5210 1878 5265 διάη

292 5311 448 5382 φοροί
497 5311 639 5364 εἰσιν
689 5311 746 5362 αἱ
787 5307 979 5378 φύσεις
1027 5307 1122 5360 ἐπὶ
1157 5308 1256 5375 τῆς
1291 5304 1628 5373 οἰκονομίας,
1660 5305 1874 5374 ἀνάγκη

291 5399 431 5456 εἶναι
456 5399 876 5471 διαφόρουςθκαὶ
899 5397 998 5462 τὰς
1025 5396 1373 5459 ὑποστάσειςο
1409 5395 1519 5448 τῶν
1546 5395 1604 5448 δὲ
1638 5396 1878 5449 ὑποστά-

294 5510 432 5548 σεων
460 5493 838 5564 διαφερουσῶν
869 5491 964 5544 ἐπὶ
991 5491 1092 5561 τῆς
1119 5490 1270 5552 θείας
1295 5487 1504 5553 οὐσίας,
1531 5487 1632 5541 οὑκ
1659 5489 1875 5561 ἀνάγκῃ

292 5583 430 5640 εἶναι
476 5584 766 5656 διαφόρους
821 5584 916 5637 καὶ
965 5583 1065 5647 τὰς
1113 5582 1345 5652 φύσεις,
1397 5581 1515 5646 πῶς
1557 5579 1870 5646 δείκνυται;

294 5677 517 5749 Πρῶτον
536 5677 638 5749 μὲν
668 5676 776 5745 γὰρ
793 5677 851 5728 ὲν
879 5677 994 5738 τοῖς
1023 5673 1332 5748 ἔμπροσθεν
1362 5673 1426 5727 τὸ
1452 5672 1748 5744 ἀδιάφορον
1764 5673 1872 5727 τῶν

294 5769 507 5840 φύσεων
561 5768 878 5838 ἀναγκαίως
914 5767 1134 5842 χρῄζειν
1183 5765 1276 5821 τοῦ
1308 5765 1566 5838 διαφόρου
1602 5764 1710 5821 τῶν
1739 5766 1871 5820 ὑπο-

1983 4575 2223 4630 ctionem
2249 4574 2436 4640 videt;
2467 4573 2563 4630 sed
2588 4584 2908 4629 naturarum
2937 4573 3575 4644 diﬂeretttiumeonjun-

1982 4667 2220 4722 ctionem
2251 4666 2554 4722 secundum
2586 4682 2750 4723 unam
2777 4667 3006 4736 primatu
3039 4681 3070 4721 a
3117 4665 3390 4737 principio
3418 4664 3573 4720 exsi-

1982 4767 2218 4815 stentem
2252 4759 2441 4826 Verbi,
2491 4775 2594 4816 nec
2638 4759 2938 4814 secundam
2981 4773 3103 4814 esse
3133 4758 3568 4824 subsistentiam,

1979 4861 2113 4923 puta
2138 4866 2170 4908 e
2204 4851 2584 4918 subsistentia,
2615 4851 2840 4907 scimus.
2877 4849 2986 4906 Sed
3018 4851 3091 4905 ita
3117 4850 3342 4920 quidem
3371 4849 3494 4906 ista.

2050 5211 2206 5279 Quod
2253 5218 2436 5266 autem
2473 5225 2665 5266 rursus
2711 5207 3096 5280 proposuistis,
3145 5223 3374 5265 necesse
3419 5222 3562 5272 esse,

1977 5320 2100 5360 cum
2136 5304 2455 5360 differentes
2481 5302 2593 5358 sint
2623 5311 2833 5357 naturae
2878 5301 2937 5356 in
2962 5301 3358 5367 incarnatione,
3400 5299 3564 5354 diﬂ‘e«

1976 5406 2161 5453 rentes
2192 5396 2359 5450 etiam
2402 5395 2513 5450 sint
2541 5403 2600 5450 et
2633 5394 3039 5460 subsistentiis;
3082 5392 3561 5455 subsistentiarum

1975 5500 2159 5546 autem
2194 5489 2566 5544 diﬂ'erentium
2613 5489 2666 5543 in
2701 5488 2938 5542 essentia
2981 5487 3191 5550 divina,
3221 5502 3333 5540 non
3365 5501 3561 5540 neces-

1975 5583 2118 5638 sario
2145 5597 2265 5638 esse
2297 5581 2621 5638 diﬂ'erentcs
2640 5591 2886 5646 naturas,
2909 5577 3188 5649 quomodo
3211 5575 3552 5632 ostenditur?

1974 5673 2155 5744 primo
2203 5673 2349 5728 enim
2399 5671 2663 5743 quidem,
2711 5671 2767 5726 in
2810 5670 2896 5725 his
2941 5684 3066 5740 qua:
3113 5665 3369 5738 superius
3413 5665 3560 5722 dicta

1975 5773 2126 5832 sunt,
2146 5763 2566 5820 similitudinem
2591 5770 2914 5818 naturarum
2943 5756 3254 5815 necessario
3278 5756 3561 5828 requirere
