3932 6152
302 247 438 312 Ῐῦὃ3

1567 238 1880 300 LEONTII
1919 236 2318 302 BYZANTINI

3456 235 3648 303 1564

301 355 713 411 distinctionem
743 351 1248 414 subsistentiarum,
1281 350 1334 406 in
1377 335 1610 419 corpore
1644 349 1787 404 Petri
1826 356 1913 425 et‘

2018 351 2254 414 τάσεων,
2285 349 2344 402 ὲν
2368 347 2446 418 τῷ
2475 346 2691 418 σώματι
2721 349 2930 418 Πέτρου
2961 349 3057 403 καὶ
3081 349 3302 402 Παύλου
3329 349 3636 418 ἐλέγετε-

218 463 224 468 ·
301 449 478 510 Panli,
521 447 753 500 dixistis.
803 444 1010 499 Deinde
1055 453 1240 497 autem
1283 457 1429 496 nunc
1459 457 1753 511 quamnam
1784 441 1884 495 ha-

303 542 470 596 beant
497 541 762 611 originem
797 535 1128 592 conditionis
1159 535 1262 589 ista
1293 534 1479 590 dicite.
1508 533 1715 591 Scitote
1738 533 1885 587 enim

302 648 406 688 nos
437 642 495 686 ut
517 633 742 686 omnino
778 628 1117 684 contrarium
1142 626 1536 680 demonstretis
1567 621 1885 694 requirere;

303 732 364 778 ut
410 723 646 786 scilicet,
694 721 740 775 si
779 721 1102 775 dill‘erentes
1138 725 1268 772 sunt
1302 727 1535 780 natum,
1573 717 1892 770 ditiorentes

301 829 526 884 quoque
568 828 690 868 esse
722 811 1024 866 secundum
1058 825 1157 863 vos
1186 808 1594 870 subsistentias,
1627 806 1722 867 ita,
1765 821 1892 860 cum

301 913 515 959 natura:
539 905 650 958 sint
681 903 910 965 similes,
947 899 1157 954 similes
1184 913 1404 968 quoque
1438 912 1558 953 esse
1589 897 1894 952 subsisten-

237 1053 244 1058 ,
302 997 428 1052 tias.
459 996 747 1062 Quomodo
779 1007 913 1064 ergo
949 1007 1113 1047 unam
1143 1000 1198 1045 et
1233 991 1468 1044 similem
1511 998 1712 1044 sancta:
1739 989 1898 1044 Tria-

304 1090 390 1144 dis
425 1097 698 1143 naturam.
731 1087 1054 1140 dill‘erentes
1090 1093 1273 1136 autem
1301 1081 1690 1136 subsistentias
1720 1081 1900 1136 credi-

305 1181 465 1236 mus?
490 1193 838 1248 consequens
877 1177 1026 1231 enim
1058 1177 1231 1236 foret,
1277 1173 1421 1228 sicut
1463 1173 1516 1226 in
1545 1172 1766 1227 Christo
1797 1172 1900 1226 dif-

307 1271 558 1327 ferentes
597 1253 840 1330 naturae,
892 1277 949 1322 et
994 1282 1184 1320 earum
1233 1263 1604 1319 subsistentiae
1651 1265 1814 1317 etiam
1869 1279 1903 1319 a

307 1363 469 1418 vobis
509 1362 771 1416 dicuntur
807 1359 1148 1421 didere-rites,
1199 1357 1280 1412 sic
1330 1357 1384 1410 in
1425 1355 1626 1409 Triade
1673 1365 1902 1410 naturas

310 1453 540 1518 similes,
573 1460 629 1506 et
671 1467 861 1506 carum
907 1449 1298 1504 subsistentias
1344 1447 1552 1500 similes
1590 1445 1718 1500 dici.
1766 1445 1900 1510 lino,

309 1560 438 1600 cccc
465 1559 692 1600 numero
714 1542 942 1596 omnino
967 1553 1228 1610 aequales,
1255 1539 1558 1594 secundum
1593 1553 1713 1601 vos,
1737 1553 1904 1606 opor-

314 1641 390 1688 tet
431 1648 552 1688 esse
598 1641 826 1686 naturas
870 1639 926 1685 et
959 1629 1538 1690 subsistentiasycum
1584 1627 1750 1698 igitur
1795 1643 1904 1682 non

1987 435 2106 494 εἶτα
2151 439 2209 492 δὲ
2257 439 2350 492 νῦν
2395 440 2515 492 τίνα
2541 439 2651 508 ἔχει
2680 440 2937 510 ἀφορμὴν
2969 441 3068 508 τῆς
3097 440 3624 512 ἀποκληρώσεως,

1988 531 2112 584 τάδε
2148 531 2358 584 εἴπατε.
2402 529 2544 584 Ἰσθε
2585 531 2694 600 γὰρ
2723 529 3090 598 γινώσκοντες
3119 533 3196 596 ὡς
3227 534 3474 595 πάντως
3509 533 3632 585 καὶ

1989 624 2052 676 τὸ
2101 623 2339 676 ἐναντίον
2393 623 2536 692 ὑμᾶς
2577 623 2958 693 ἀπαιτήσομεν
2999 622 3204 688 δεῖξαι·
3263 625 3350 678 ὅτι
3398 623 3628 694 ὥσπερ

1991 716 2040 768 εἰ
2067 712 2315 784 διάφοροί
2341 715 2480 766 εἰσιν
2508 713 2564 767 αἱ
2593 711 2814 782 φύσεις,
2855 712 3102 788 διάφοροξ
3133 714 3237 767 εἰσι
3270 713 3412 768 καθ’
3448 716 3620 784 ὑμᾶς

1995 808 2090 862 καὶ
2123 807 2474 869 ὑποστάσεις,
2513 805 2687 869 οϊτως
2719 805 2813 859 καὶ
2845 805 2949 858 τῶν
2978 805 3190 874 φύσεων
3219 807 3416 860 οὑσῶν
3441 807 3614 860 ἀδια-

1996 899 2218 971 φόρων,
2281 901 2337 952 ai
2388 897 2716 960 ὑποστάσεις
2771 898 2910 951 εἰσὶν
2962 896 3273 967 ἀδιάφοροι.
3326 899 3472 962 Πῶς
3507 898 3611 952 οὖν

2001 989 2130 1062 μίαν
2165 991 2266 1061 μὲν
2299 989 2393 1042 καὶ
2424 989 2716 1059 ἀδιάφορον
2761 989 2857 1058 τῆς
2897 989 3056 1057 ἁγίας
3088 989 3323 1060 Τριάδες
3355 991 3474 1060 τὴν
3503 990 3608 1057 φύε

2003 1101 2107 1144 σιν,
2139 1083 2430 1154 διαφόρους
2455 1083 2512 1134 δὲ
2543 1081 2638 1144 τὰς
2668 1081 2998 1144 ὑποστάσεις
3026 1081 3398 1152 πιστεύομεν;
3443 1083 3612 1136 Ἀκό-

1999 1177 2190 1232 λουθον
2223 1177 2327 1245 γὰρ
2345 1177 2518 1240 ἔσται,
2537 1173 2729 1244 ὥσπερ
2759 1169 2832 1227 ὢν
2855 1177 2910 1226 αἱ
2937 1174 3128 1244 φύσεις
3157 1174 3443 1246 διάφοροι,
3478 1176 3608 1228 10'5-

2001 1287 2108 1322 των
2139 1268 2236 1321 καὶ
2266 1269 2320 1320 αἱ
2349 1267 2679 1329 ὑποστάσεις
2709 1265 2964 1332 λέγονται
2990 1265 3110 1318 καθ’
3136 1267 3280 1334 ὑμᾶς
3310 1265 3606 1336 διάφοροι,

2002 1359 2177 1422 οὕτως
2227 1359 2322 1413 καὶ
2361 1353 2437 1414 ὧν
2467 1361 2523 1412 αἱ
2555 1357 2747 1423 φύσεις
2775 1357 3084 1427 ἀδιάφοροι,
3124 1358 3334 1412 τούτων
3366 1360 3476 1411 καὶ
3507 1359 3612 1422 τὰς

2007 1452 2336 1513 ὑποστάσεις
2373 1451 2701 1520 ἀδιαφόρους
2733 1449 3012 1516 λέγεσῖραι.
3054 1451 3173 1502 Ἔτι
3207 1453 3316 1522 μὴν
3357 1451 3478 1504 ἰδοὺ
3511 1453 3612 1504 καὶ

2010 1543 2332 1614 ἰσαρίθμους
2385 1543 2605 1603 πάντως
2650 1541 2775 1594 καθ’
2807 1541 2951 1609 ὑμᾶς
2983 1539 3064 1592 δεῖ
3091 1535 3234 1594 εἶναι
3269 1541 3372 1604 τὶς
3400 1541 3612 1608 φύσεις

2008 1636 2102 1688 καὶ
2149 1636 2248 1697 τὰς
2289 1634 2638 1694 ὑποστάσεις,
2681 1632 2838 1685 Ἐπελ⁸
2863 1631 2956 1685 οὑν
2987 1632 3046 1684 οὑ
3078 1632 3241 1700 μόνον
3269 1633 3609 1704 ἀδιάφορος,

314 1731 527 1779 tantum
570 1722 767 1778 similis
803 1721 900 1776 sed
936 1721 1100 1776 etiam
1159 1734 1265 1774 una
1313 1717 1387 1772 sit
1437 1726 1640 1772 sanctre
1685 1717 1904 1772 Triadis

2018 1724 2140 1778 ἄλλά
2173 1727 2268 1778 καὶ
2304 1723 2402 1793 μία
2431 1725 2529 1790 τῆς
2559 1723 2722 1790 ἁγίας
2750 1722 2978 1794 Τριάδος
3005 1725 3038 1792 ὴ
3070 1723 3234 1792 φύσις
3254 1763 3268 1787 ,
3318 1724 3471 1776 ἔστω
3509 1727 3614 1779 καὶ

311 1823 540 1875 natura,
593 1813 663 1868 sit
707 1812 874 1868 etiam
918 1811 1282 1865 subsistentia
1307 1824 1414 1863 una
1466 1815 1523 1862 et
1577 1807 1790 1861 similis.
1841 1806 1900 1862 Si

311 1920 442 1960 vero
487 1905 690 1970 dicitis,
743 1919 996 1974 semper,
1053 1903 1100 1958 si
1144 1911 1229 1956 est
1276 1909 1486 1955 natura;
1535 1899 1884 1964 dili‘erentia,

311 2007 367 2050 et
413 1997 786 2052 subsistentia:
839 1996 1205 2050 differentiam
1255 2009 1406 2060 esse;
1449 1993 1494 2047 si
1537 2008 1669 2047 vero
1717 1992 1900 2057 subsi~

311 2088 528 2143 stentia:
602 2097 686 2144 est
767 2085 1116 2150 dilTerentia,
1191 2101 1302 2140 non
1387 2100 1604 2153 semper
1690 2091 1906 2138 natura:

313 2178 682 2234 dill‘erentiam
729 2195 876 2244 esse,
927 2193 994 2233 eo
1033 2176 1182 2248 quod
1231 2176 1414 2230 minus
1447 2191 1613 2246 quam
1662 2175 1927 2230 essentia-

313 2269 670 2324 s-ubsistentia
705 2284 762 2323 se
793 2266 1096 2322 extendens
1130 2282 1239 2321 non
1277 2273 1459 2336 potest
1491 2265 1684 2320 iisdem
1719 2265 1905 2318 termi-

312 2360 401 2415 nis
445 2361 500 2414 in
545 2360 690 2414 illam
727 2359 972 2414 converti
1004 2377 1017 2412 :
1051 2359 1313 2428 primum,
1345 2357 1709 2427 particulares
1748 2365 1908 2410 natu-

313 2465 389 2506 ra:
429 2450 716 2509 evidenter
742 2465 852 2503 non
893 2450 1160 2518 majorem
1208 2463 1372 2518 quam
1415 2447 1786 2502 subsistentia:
1814 2463 1905 2500 ex-

317 2541 646 2604 tensionem,
691 2539 787 2594 sed
843 2540 1112 2594 minorem
1159 2537 1567 2607 quodammodo
1613 2548 1908 2593 censentur

317 2632 560 2698 habere;
597 2631 745 2702 quod
773 2647 942 2686 unum
978 2638 1064 2687 est
1091 2632 1264 2701 majus
1285 2639 1370 2686 est
1395 2645 1560 2700 quam
1587 2629 1733 2700 quod
1761 2646 1909 2684 com-

319 2739 486 2780 mune
543 2732 646 2778 est.
683 2721 1032 2778 Coneedatur
1065 2737 1198 2792 ergo
1265 2721 1424 2777 vobis
1464 2721 1609 2776 istud
1663 2737 1904 2792 quoque.

320 2815 463 2887 Ergo
493 2815 679 2884 plures
703 2829 827 2870 esse
857 2814 1405 2878 subsistentias,.una
1433 2821 1645 2867 tantum
1685 2829 1809 2868 cum
1835 2813 1910 2866 sit

320 2913 536 2967 natura,
563 2918 788 2958 necesse
817 2910 937 2967 est;
969 2916 1232 2956 numerus
1258 2901 1406 2956 enim
1437 2916 1631 2955 eorum
1658 2915 1781 2971 quae
1809 2901 1912 2954 mi-

323 3011 431 3051 nus
451 2994 828 3050 extenduntur
851 2993 1221 3049 abundantior
1241 3000 1326 3048 est
1345 2993 1660 3048 necessario
1680 3008 1914 3048 numero

2003 1817 2368 1887 ήλὺπόστασις
2422 1815 2519 1885 μία
2553 1832 2616 1867 τε
2659 1817 2754 1868 καὶ
2795 1815 3112 1884 ἀδιάφορος.
3170 1817 3233 1870 Εἰ
3265 1816 3324 1869 δὲ
3359 1819 3606 1884 εἴποιτε,

2001 1911 2085 1964 ὅτι
2123 1911 2259 1974 εἴτις
2292 1910 2391 1979 μὲν
2421 1909 2635 1977 φύσεως
2663 1909 2920 1977 διαφορά,
2958 1910 3179 1972 πάντως
3212 1913 3308 1964 καὶ
3349 1913 3605 1966 ὑποστά-

2006 2001 2146 2063 σεώς
2176 2001 2344 2052 ἐστιν’
2382 2000 2514 2062 εἴτις
2545 1998 2602 2049 δὲ
2634 1999 2987 2062 ὑποστάσεως
3009 1999 3349 2071 διαφορά,οὑ
3373 2003 3614 2068 πάντως

2005 2091 2100 2143 καὶ
2148 2089 2396 2158 φύσεως,
2455 2089 2542 2142 διά
2587 2089 2649 2141 τὸ
2683 2089 2768 2142 ἐπ’
2795 2088 3052 2142 ἐλατττον
3083 2089 3249 2144 οὖσαν
3278 2091 3382 2160 τῆς
3408 2095 3610 2157 οὐσίας

2003 2181 2103 2249 τὴν
2139 2179 2434 2232 ὑπόστασιν
2485 2177 2560 2249 μὴ
2593 2179 2973 2248 ἀντιστριὲφειν
3014 2179 3150 2248 πρὸς
3175 2179 3345 2252 αὐτὴν
3379 2184 3498 2246 τοῖς
3516 2183 3611 2236 λό-

2005 2288 2144 2341 γοις·
2163 2270 2378 2339 πρῶτον
2402 2270 2566 2340 μὲναί
2591 2269 2754 2323 ἰδικαὶ
2773 2269 2961 2338 φύσεις
2981 2269 3182 2341 δηλαδὴ
3205 2273 3308 2324 οὐκ
3329 2272 3424 2324 ἐπὶ
3444 2273 3604 2326 πλεῖ.

2009 2381 2132 2418 στον
2156 2362 2263 2416 τῶν
2289 2363 2668 2426 ὑποστάσεων,
2699 2362 2834 2416 ἀλλὰ
2867 2365 2962 2414 καὶ
2992 2365 3078 2416 ἐπ’
3107 2362 3332 2418 ἔλαττόν
3357 2383 3412 2416 τι
3434 2368 3608 2419 vociv-

2006 2479 2067 2516 το
2097 2460 2189 2515 ἄν·
2233 2459 2394 2530 μόναι
2422 2459 2481 2512 δὲ
2513 2459 2608 2511 ἐπὶ
2638 2457 2820 2512 πλεῖόν
2852 2459 2992 2510 εἰσιν
3024 2459 3080 2512 αἱ
3107 2458 3305 2513 κοιναί.
3340 2459 3597 2518 Δεὸόσθω

2007 2553 2050 2608 δ’
2079 2552 2171 2608 οὖν
2204 2553 2334 2622 ὑμῖν
2367 2553 2460 2604 καὶ
2485 2551 2664 2606 τοῦτο.
2710 2549 2926 2604 Οὐκοῦν
2960 2552 3057 2604 καὶ
3087 2551 3304 2616 τελείους
3330 2550 3472 2607 εἶναι
3498 2556 3606 2618 τὰς

2011 2644 2362 2710 ὑποστάσεις,
2399 2645 2528 2713 μιᾶς
2557 2641 2723 2712 οὔσης
2754 2645 2858 2712 τῆς
2886 2642 3108 2712 φύσεως
3137 2643 3371 2714 ἀνάγκη.
3399 2645 3459 2698 ’0
3489 2645 3609 2716 γάρ

2011 2737 2244 2808 ἀριθμὸς
2293 2736 2403 2789 τῶν
2447 2736 2532 2789 ἐπ’
2560 2735 2782 2790 ἔλαττον
2823 2735 3216 2806 περισσότερος
3243 2735 3352 2790 τῶν
3378 2735 3608 2790 καθολισ

2011 2830 2270 2903 κωτέρων
2298 2829 2482 2884 αὐτῶν
2515 2828 2576 2893 ἐξ
2601 2828 2849 2896 ἀνάγκης
2880 2827 3000 2882 ἐστὶ
3019 2845 3031 2856 ·
3085 2829 3178 2882 καὶ
3205 2829 3238 2900 ἢ
3263 2829 3355 2881 δύο
3378 2829 3541 2882 ἐσοντ
3553 2842 3614 2880 αι

2011 2919 2198 2973 λοιπὸν
2231 2919 2273 2990 ἢ
2295 2918 2514 2983 πλείους
2544 2918 2576 2986 ἢ
2613 2919 2738 2988 μία,
2767 2917 2866 2972 σὺν
2889 2919 3156 2990 ὲπιμορίῳ
3181 2919 3317 2971 κατὰ
3345 2919 3482 2988 μίαν
3501 2921 3612 2988 φύ-

2016 3028 2100 3065 σιν
2137 3011 2192 3064 αῑ
2223 3011 2552 3074 ὑποστάσεις
2591 3009 2748 3064 οὖσαι
2775 3026 2789 3040 ο
2842 3009 3032 3064 τούτου
3062 3011 3115 3062 δὲ
3147 3009 3314 3072 οὑτως
3343 3009 3600 3079 ἔχοντος,

323 3103 517 3145 eorum
543 3103 664 3158 quae
693 3099 821 3144 sunt
845 3087 1016 3159 magis
1044 3085 1408 3159 generalium.
1441 3087 1508 3142 Et
1541 3088 1626 3142 vel
1658 3087 1780 3142 duae
1811 3087 1911 3143 de-

2018 3101 2111 3155 δύο
2137 3100 2330 3170 φύσεις
2353 3100 2509 3155 οὖσαι
2533 3103 2592 3155 αἱ
2615 3101 2710 3154 τοῦ
2735 3101 3032 3168 Δεσπότου,
3055 3101 3090 3168 ἦ
3107 3101 3358 3172 τέσσαρες
3379 3103 3414 3172 ἦ
3435 3105 3597 3172 τρεῖς

325 3195 473 3234 mum
507 3187 692 3242 erunt,
724 3180 808 3235 vel
842 3180 1050 3250 plures,
1087 3177 1174 3233 vel
1210 3194 1340 3242 una,
1376 3193 1502 3233 cum
1547 3191 1910 3232 numerorum

325 3271 594 3340 particula
641 3271 946 3327 secundum
995 3284 1162 3326 unam
1209 3279 1462 3324 naturam
1513 3267 1928 3324 subsistentia-

327 3363 406 3416 lie
451 3361 526 3416 ita
569 3376 628 3416 se
674 3361 932 3426 habente,
964 3361 1086 3416 dum
1125 3369 1337 3414 natura:
1379 3374 1502 3414 cum
1535 3359 1646 3414 sint
1672 3358 1913 3424 Domini,

327 3462 424 3508 aut
453 3462 712 3524 quatuor,
745 3463 843 3508 aut
889 3460 1024 3516 tres,
1068 3461 1163 3507 aut
1192 3451 1330 3506 duas
1363 3439 1916 3506 semi-suhsistentias

331 3545 634 3611 habebunt,
664 3554 760 3601 aut
790 3545 895 3602 tale
936 3543 1166 3614 aliquid,
1195 3543 1498 3600 secundum
1542 3551 1784 3597 vestram
1813 3557 1916 3597 au-

329 3637 628 3692 thenticam
665 3637 864 3708 legem.
892 3637 962 3692 Et
989 3651 1099 3690 non
1134 3636 1310 3701 solum
1341 3636 1689 3706 eonjunctam
1724 3649 1917 3703 perso-

328 3745 454 3782 nam
487 3729 626 3784 male
659 3728 818 3784 vobis
850 3727 1082 3784 suﬂiciet
1115 3727 1169 3781 in
1217 3726 1602 3781 subsistentias
1645 3724 1912 3790 dividere,

331 3819 429 3873 sed
463 3821 635 3889 ipsam
666 3835 942 3890 quamque
977 3818 1281 3888 simplicem
1307 3827 1364 3872 et
1394 3817 1783 3887 particularem
1823 3833 1915 3870 na~

2018 3186 2052 3257 ἧ
2085 3185 2178 3240 δύο
2207 3187 2380 3256 ἣμισυ
2411 3189 2510 3250 τάς
2538 3187 2870 3250 ὑποστάσεις
2900 3187 3146 3254 ἕξουσιν,
3187 3190 3220 3257 ἧ
3249 3205 3302 3241 τι
3327 3187 3600 3252 τοιοῦτον,

2020 3277 2162 3332 κατά
2207 3277 2305 3348 τὴν
2345 3277 2671 3344 αὑθεντικὴν
2717 3279 2874 3350 ὑμῶν
2915 3279 3079 3352 τήνδε
3113 3278 3464 3349 νομοθεσίαν
3506 3283 3613 3334 καὶ

2020 3369 2080 3422 οὐ
2112 3355 2276 3440 μόνον
2311 3369 2372 3422 τὸ
2400 3369 2659 3424 σύνθετον
2685 3370 2978 3442 πρόσωπον
3011 3371 3202 3434 κακῶς
3228 3371 3358 3440 ὑμῖν
3383 3370 3614 3440 ἀρκέσει

2021 3463 2102 3525 εἰς
2152 3462 2488 3525 ὑποστάσεις
2534 3462 2802 3534 διαιρεῖν,
2855 3463 2996 3516 ἀλλά
3025 3462 3124 3516 καὶ
3167 3463 3338 3533 αὐτὴν
3373 3463 3618 3532 ἑκάστην

2021 3553 2201 3625 ἁπλῆν
2231 3571 2292 3608 τε
2327 3556 2423 3608 καὶ
2457 3555 2634 3624 ιδικὴν
2663 3554 2826 3626 φύσιν
2853 3555 3019 3609 αὑτοῦ
3046 3571 3108 3608 τε
3141 3558 3235 3610 καὶ
3265 3556 3495 3622 παντὸς,
3533 3558 3619 3616 εἰς

2023 3642 2244 3697 πλείονα
2275 3644 2508 3714 ἀριθμὸν
2537 3645 2888 3708 ὑποστάσεις,
2921 3631 3238 3716 τὴνἹδικὴν
3270 3644 3484 3700 Παύλου
3517 3645 3618 3714 μό-

2022 3751 2116 3787 νου
2150 3735 2315 3804 φύσιν
2347 3735 2778 3804 ἐπιδείκνυσθαι,
2807 3737 2901 3789 δύο
2931 3737 3029 3806 μὲν
3057 3736 3123 3789 ἐκ
3147 3734 3248 3808 τῆς
3272 3736 3415 3790 κατά
3435 3735 3617 3806 ψυχὴν

2023 3823 2260 3891 φύσεως,
2284 3826 2412 3896 τρία
2427 3825 2483 3878 δὲ
2501 3825 2662 3896 τυχὸν
2689 3826 2752 3878 ἐκ
2768 3825 2867 3895 τῆς
2885 3825 3030 3878 κατὰ
3057 3825 3218 3895 σῶμα
3243 3825 3612 3895 συναγόμενα.

331 3921 512 3966 turam
545 3913 664 3982 ejus
700 3920 758 3966 ct
791 3910 972 3966 omnis
1009 3911 1273 3982 cujusvis,
1296 3909 1365 3980 ⁵ἱιι
1391 3909 1776 3965 subsistentias
1800 3907 1990 3981 plures
2015 3931 2285 3984 numero;
2320 3917 2711 3989 particularem
2740 3919 2912 3974 solius
2943 3918 3099 3974 Pauli
3136 3927 3393 3972 naturam
3422 3926 3613 3973 osten-

331 4007 484 4068 dere,
516 4005 732 4058 duobus
771 4012 1022 4058 constare
1063 4018 1132 4056 ex
1165 4009 1360 4056 natura
1393 4000 1688 4070 spirituali,
1731 4003 1907 4058 tribus
1939 4015 2124 4062 autem
2157 4024 2224 4064 ex
2254 4020 2452 4064 natura
2485 4008 2786 4080 corporali.
3331 4001 3342 4015 “

405 4098 474 4154 Ει
501 4099 590 4152 illa
624 4097 849 4166 quidem
881 4096 961 4150 sic
1000 4095 1140 4148 ratio
1169 4093 1347 4164 arguit
1377 4107 1474 4147 vos
1511 4092 1920 4149 inconsiderate

333 4189 723 4261 proposuisse;
760 4187 998 4242 mundus
1022 4195 1207 4240 autem
1237 4184 1418 4240 omnis
1445 4185 1548 4239 iste
1575 4192 1631 4238 et
1661 4186 1921 4255 pleraque

333 4296 527 4336 eorum
575 4297 700 4350 qua
745 4279 799 4333 in
837 4294 902 4334 eo
936 4286 1064 4332 sunt
1098 4277 1523 4334 discordantiam
1567 4285 1763 4332 vestra:
1797 4293 1922 4332 sen-

337 4373 522 4428 tentiae
555 4373 737 4442 reipsa
767 4382 955 4440 aperte
985 4370 1374 4426 condemnant.
1409 4367 1466 4424 Si
1498 4385 1608 4423 non
1641 4377 1788 4424 esset
1817 4384 1924 4424 una
1957 4347 1998 4401 θ

338 4465 666 4537 hypostasis,
691 4481 788 4520 seu
823 4479 1056 4534 persona
1089 4463 1324 4532 alicujus
1355 4462 1622 4531 corporis,
1661 4470 1792 4532 puta
1837 4478 1925 4516 ar-

339 4557 490 4612 boris
511 4572 578 4612 ex
603 4555 815 4610 naturis
839 4564 1077 4626 quatuor
1101 4554 1504 4608 elementorum
1527 4553 1794 4618 conﬂata},
1823 4571 1928 4610 nec

340 4666 449 4706 una
491 4650 800 4722 hypostasis
847 4647 978 4702 ferri
1027 4647 1338 4712 candentis,
1388 4661 1456 4700 ex
1500 4646 1670 4702 variis
1713 4647 1929 4702 naturis

335 4743 576 4816 junctis,
613 4760 720 4799 una
755 4741 1064 4815 hypostasis
1100 4739 1340 4794 hominis
1380 4739 1654 4794 variarum
1702 4751 1928 4796 natura-

343 4853 463 4890 rum
499 4837 801 4900 unitarum,
840 4851 947 4888 una
980 4833 1290 4906 hypostasis
1335 4832 1411 4902 (l)
1456 4832 1687 4903 hujusce
1720 4835 1929 4902 templi,

343 4945 452 4984 una
501 4927 812 4999 hypostasis
861 4926 1114 4989 remedii,
1164 4941 1274 4980 una
1323 4924 1633 4996 hypostasis
1683 4924 1932 4978 universi

343 5023 508 5095 hujus
536 5021 725 5076 mundi
759 5037 827 5076 ex
861 5021 1028 5075 variis
1043 5019 1350 5098 Iole-mentis
1383 5017 1708 5081 constantis,
1738 5017 1938 5072 imme-

345 5116 452 5170 rito
498 5129 668 5168 unum
711 5111 946 5167 dicimus
989 5111 1290 5176 hominem,
1331 5109 1608 5174 arborem,
1643 5108 1932 5174 mundum,

343 5214 440 5262 aut
471 5203 678 5276 aliquid
723 5202 1078 5274 praedictum;
1106 5203 1193 5258 vel
1237 5199 1680 5274 negamusjuxta
1709 5211 1940 5257 naturas

387 5345 500 5417 1(1)
524 5344 599 5400 De
627 5343 715 5417 his
742 5341 994 5417 vocibus,
1027 5341 1389 5417 substantia,_
1415 5356 1674 5417 persona,
1731 5357 1932 5417 magna

345 5411 452 5473 fuit
481 5411 718 5486 quastio.
759 5423 815 5469 et
853 5413 1182 5486 obscuritas,
1225 5412 1278 5466 in
1309 5411 1504 5480 primis
1539 5412 1794 5486 Ecclesia:
1833 5428 1933 5486 sa;-

349 5482 514 5548 culis,
548 5486 824 5552 siquidem
855 5500 962 5538 una
989 5499 1092 5539 vox
1145 5483 1197 5537 in
1253 5493 1442 5552 partes
1487 5482 1797 5538 contrarias
1828 5483 1930 5536 ali-

353 5557 576 5625 quando
600 5555 1038 5627 discerpehatnr,
1070 5570 1231 5627 vlgr
1259 5555 1559 5627 ὑπόστασις
1599 5569 1748 5627 nunc
1795 5568 1924 5622 per-

355 5623 514 5687 sona.
553 5643 701 5683 nunc
725 5623 1034 5684 substantia
1093 5623 1400 5680 dicebatur.
1457 5623 1616 5694 Apud
1670 5632 1924 5694 nostrum

361 5707 639 5754 auctorem
677 5700 972 5761 ὑπόστασις
1004 5697 1222 5752 videtur
1246 5695 1389 5752 idem
1412 5693 1534 5752 esse
1565 5711 1628 5749 ac
1675 5693 1923 5765 supposi-

2098 4101 2209 4154 Καὶ⁸
2257 4101 2428 4154 ταῦτα
2482 4103 2580 4170 μὲν
2625 4103 2799 4166 οὑτως
2849 4103 2876 4154 ὀ
2916 4101 3072 4168 λόγος
3126 4101 3273 4171 ὑμᾶς
3313 4101 3604 4173 ἀπελέγχει

2030 4191 2320 4260 προπετῶς
2348 4189 2826 4260 ἀποφηναμένους.
2868 4189 2926 4242 Ὀ
2950 4189 3008 4240 δὲ
3038 4191 3241 4260 κόσμος
3265 4191 3412 4254 ἄπας
3432 4191 3618 4246 οὑτοσὶ

2032 4283 2124 4336 καὶ
2155 4281 2222 4334 τά
2254 4281 2479 4334 πλεῖστα
2505 4280 2613 4334 τῶν
2643 4283 2700 4334 ὲν
2721 4279 2872 4351 αὑτῷ
2893 4281 2954 4332 τὸ
2977 4280 3278 4334 ἀσύστατον
3299 4283 3400 4352 τῆς
3422 4282 3622 4352 ὑμετέ-

2030 4372 2145 4443 ρας
2181 4373 2341 4442 δόξης
2397 4371 2702 4442 οτηλιτεύει
2750 4371 2827 4441 τῷ
2875 4373 3165 4444 πράγματι
3209 4373 3362 4439 αύτῷ
3407 4373 3620 4442 σαφῶς.

2030 4465 2094 4517 Εἰ
2126 4465 2234 4534 γάρ
2284 4463 2358 4535 μὴ
2393 4463 2494 4534 μία
2542 4465 2575 4534 ὴ
2609 4463 2911 4526 ὑπόστασις
2949 4463 3099 4517 ἐστιν
3133 4465 3193 4516 ὲν
3223 4463 3358 4534 τῷδέ
3413 4481 3524 4518 τινι
3557 4467 3623 4518 ὲκ

2030 4557 2314 4626 τεσσάρων
2371 4556 2586 4624 φύσεων
2637 4556 2922 4626 στοιχείων
2980 4554 3194 4624 σώματι
3239 4556 3408 4624 φυτοῦ
3456 4557 3625 4627 τυχὸν

2032 4648 2462 4720 συγκροτηθέντι
2487 4688 2501 4713 ,
2563 4647 2660 4702 καὶ
2713 4649 2814 4718 μία
2847 4648 3148 4711 ὑπόστασις
3180 4647 3276 4700 τοῦ
3315 4649 3517 4720 μύδρου
3558 4652 3626 4704 ἐκ

2032 4740 2304 4810 διαφόρων
2332 4739 2548 4809 φύσεων
2576 4739 3032 4810 συμπλακεισῶν,
3067 4739 3164 4793 καὶ
3197 4743 3294 4809 μία
3321 4741 3624 4804 ὑπόστασις

2032 4829 2320 4901 ἀνθρώπου
2375 4831 2437 4883 ἐκ
2465 4829 2740 4900 διαφόρων
2773 4829 2993 4899 φύσεων
3025 4830 3322 4900 ὴνωμένων
3342 4872 3358 4892 ,
3396 4830 3492 4882 καὶ
3523 4830 3622 4898 μία

2035 4923 2335 4986 ὑπόστασις
2387 4921 2544 4975 τοῦδε
2592 4919 2686 4972 τοῦ
2723 4919 2874 4985 ναοῦ,
2917 4923 3014 4974 καὶ
3055 4919 3153 4992 μία
3187 4919 3486 4984 ὑπόστασις
3524 4920 3622 4973 τοῦ

2038 5013 2358 5085 φαρμάκου,
2393 5012 2489 5065 καὶ
2523 5011 2624 5082 μία
2651 5013 2954 5076 ὑπόστασις
2989 5011 3191 5076 παντὸς
3218 5011 3373 5064 τοῦδε
3404 5011 3498 5064 τοῦ
3529 5013 3622 5064 κό-

2039 5123 2178 5176 σμου
2235 5108 2299 5160 ὲκ
2347 5103 2623 5177 διαφόρων
2667 5105 2884 5174 φύσεων
2934 5102 3272 5169 συνεστῶσα,
3307 5103 3494 5167 κακῶς
3523 5103 3624 5156 ἕνα

2039 5199 2130 5254 τὸν
2163 5198 2448 5270 ἄνθρωπον
2509 5197 2544 5269 ἢ
2591 5197 2653 5251 τὸ
2698 5197 2884 5274 φυτὸν.
2911 5197 2947 5268 ἢ
2993 5197 3085 5251 τὸν
3116 5195 3320 5267 κόσμον
3367 5196 3401 5265 ἦ
3431 5197 3622 5249 τιτῶν

2041 5351 2194 5408 tum;
2240 5341 2593 5397 individuum
2657 5339 2912 5410 designat
2963 5339 3082 5394 sive
3134 5336 3452 5410 rationale,
3502 5335 3620 5390 sive

2035 5405 2187 5482 noni
2225 5413 2430 5482 saepius
2458 5422 2642 5467 tamen
2678 5405 3102 5481 per'personam
3149 5405 3492 5482 traducenda
3512 5415 3620 5482 est.

2033 5475 2188 5550 Quod
2253 5475 2434 5538 Latini
2487 5498 2594 5536 una
2644 5475 2776 5537 voce
2810 5475 3060 5550 'persona
3105 5477 3433 5550 exprimunt
3447 5517 3462 5541 ,
3517 5475 3627 5530 hoc

2030 5546 2202 5678 graeci
2231 5553 2467 5622 duabus,
2497 5553 2796 5616 ὑπόστασις
2813 5546 2870 5605 et
2893 5546 3204 5620 πρόσωπον,
3225 5546 3434 5602 utalibi
3466 5555 3624 5600 nota-

2073 5633 2198 5678 Itur.

2071 5625 2198 5679 itur.
