3888 6168
237 356 408 426 1505

246 469 420 527 οὕτω
491 473 867 547 λεγομένων
932 479 1269 550 ὀνομάζομεν
1299 495 1312 509 ·

243 562 381 616 τῶν
415 563 680 634 φύσεων
722 569 928 632 ποσὸν,
955 571 1046 623 καὶ
1075 569 1166 622 τὸν
1195 569 1304 622 τῶν
1325 570 1680 625 ὑποστάσεων
1703 569 1938 640 ἀριθμὸν

252 652 704 719 πλεονάζοντα
741 661 929 728 ῐσμενο
960 655 1262 729 οὐδαμόθεν
1281 659 1468 712 λοιπὸν
1486 661 1720 730 ἑχόντων
1743 657 1936 722 ἑνικῶς

255 750 862 820 προσαγορεύεσθαι
883 751 990 804 τῶν
1011 753 1151 805 κατὰ
1170 753 1331 820 φύσιν
1349 753 1648 821 ἡνωμένων
1663 749 1934 805 ὁπωσοῦν

250 837 416 890 ὅπου
461 840 659 908 ὑμεῖς
685 843 904 896 ταυτὸν
931 839 1070 898 εἶναι
1098 845 1260 912 φύσιν
1288 846 1384 898 καὶ
1412 844 1708 897 ὑπόστασιν
1739 841 1939 896 πολλάν

256 946 364 992 κις
419 929 733 998 λέγοντες
771 949 786 964 '
825 933 942 986 ’κᾶν
992 935 1284 1006 διαφόρους
1319 935 1457 989 δῶτε
1487 936 1584 999 τάς
1609 934 1938 994 ὑποστάσεις

261 1019 386 1089 τῆς
446 1021 642 1088 ἁγίας
697 1025 971 1096 Τριάδος,
1027 1029 1246 1090 πάντως
1290 1027 1387 1081 καὶ
1432 1028 1530 1090 τὰς
1576 1025 1798 1095 φύσεις,
1841 1023 1937 1077 καί⁸

269 1112 330 1164 εἰ
367 1111 637 1178 πλείους
660 1155 680 1182 ,
727 1116 790 1180 ἐξ
819 1117 1066 1187 ἀνάγκης
1097 1117 1270 1180 τόσας
1305 1117 1398 1170 καὶ
1423 1116 1524 1180 τὰς
1548 1117 1736 1180 οὐσίας
1771 1109 1933 1167 εἶναι.

961 1209 1214 1264 ΚΕΦΑΛ.
1253 1212 1356 1264 1Δ’.

376 1300 599 1369 Ἀλλὰ,
644 1303 855 1372 φασὶν,
913 1301 1024 1356 ἰδοὺ
1069 1303 1098 1355 ὁ
1143 1301 1432 1371 ἄνθρωπος
1479 1299 1575 1354 δύο
1610 1299 1710 1370 μὲν
1741 1297 1937 1368 φύσεις

282 1392 462 1458 ἔστη
501 1393 618 1464 μία
650 1395 714 1447 δὲ
741 1394 1067 1456 ὑπόστασιςο
1114 1394 1210 1446 καὶ
1242 1391 1481 1462 φανερὸν
1515 1393 1579 1443 ὲκ
1606 1389 1821 1451 τούτου,
1853 1389 1936 1442 ὅτι

283 1481 557 1536 δυνατὸν
607 1485 678 1539 ὲν
725 1487 826 1556 μιᾷ
861 1484 1161 1538 ὑποστάσει
1195 1483 1289 1536 δύο
1319 1483 1515 1552 φύσεις
1542 1479 1704 1537 εἶναι.
1767 1481 1935 1536 Πάλιν

287 1577 598 1648 τερθρεία
628 1578 834 1646 λόγων,
871 1578 1034 1632 πάλιν
1067 1579 1215 1648 μάχη
1241 1577 1550 1647 δογμάτων,
1589 1576 1749 1630 πάλιν
1779 1576 1935 1628 ἐναν-

291 1670 509 1740 τιότης
578 1671 886 1742 ῥημάτων,
946 1671 1043 1724 καὶ⁸
1095 1669 1410 1740 σοφίσματα
1450 1669 1720 1740 προδήλου
1751 1665 1932 1736 ψυχῆς

295 1760 668 1834 ἀγνώμονος
695 1779 709 1794 θ
745 1763 837 1816 τὸν
869 1763 1031 1816 αὑτὸν
1053 1763 1344 1832 ἄνθρωπον
1377 1761 1470 1814 καὶ
1498 1761 1591 1814 δύο
1618 1760 1812 1830 φύσεις
1842 1759 1935 1812 λέ-

294 1819 508 1924 γουσι’,
549 1819 666 1909 καί
691 1855 822 1927 μίαν
851 1819 1175 1919 ὑπόστασινξ
1207 1855 1302 1907 καὶ
1327 1853 1430 1907 πά)
1443 1869 1492 1906 ιν
1517 1819 1774 1921 οὐδεμίαν
1791 1819 1929 1902 ὑπόο
1962 1819 2004 1876 Β

302 1963 527 2000 στασιν
553 1965 570 1978 ·
638 1949 736 2001 καὶ
787 1947 1046 2018 μακάριοι
1086 1943 1227 2018 ἦμεν
1263 1945 1556 2009 ἀκούοντες
1589 1943 1684 1998 δύο
1714 1941 1930 2010 φύσεις,

305 2037 460 2108 μίαν
493 2039 811 2092 ὑπόστασιν
835 2058 848 2072 ·
889 2039 922 2111 ἢ
961 2038 1058 2092 νῦν
1089 2037 1468 2107 διδασκόμενοι
1496 2037 1676 2104 λέγειν
1711 2034 1804 2088 δύο
1829 2032 1932 2102 φύ-

307 2147 464 2192 σεις,
501 2130 776 2202 οὐδεμίαν
803 2131 858 2184 δὲ
891 2130 1208 2183 ὑπόστασιν.
1252 2129 1422 2182 Πάλιν
1447 2129 1557 2198 γὰρ
1582 2127 1674 2180 τὸν
1695 2123 1932 2196 Χριστὸν

299 2219 556 2289 λέγουσι
597 2223 749 2292 τρεῖς
776 2221 989 2288 φύσεις,
1017 2219 1112 2274 καὶ
1136 2219 1229 2272 δύο
1257 2218 1445 2288 φύσεις
1463 2233 1478 2247 ·
1513 2218 1608 2272 καὶ
1641 2218 1772 2287 μίαν
1801 2213 1933 2267 ὑπόο

305 2327 524 2364 στάσιν
556 2312 646 2381 μὴ
671 2310 1121 2380 κατορθώσαντες
1144 2309 1348 2377 λέγειν,
1373 2310 1523 2380 τρεῖς
1549 2307 1649 2377 ήδη
1675 2303 1934 2374 δογματί-

204 2416 212 2423 ’
307 2403 482 2468 ζουσι
541 2402 748 2470 φύσεις
805 2405 862 2456 ἐν
917 2403 1014 2472 μιᾷ
1063 2399 1390 2454 ὑποστάσει·
1435 2400 1531 2452 καὶ
1565 2399 1729 2452 ἄκουε
1759 2394 1932 2448 ταῦτα

311 2497 468 2560 πῶς.
519 2496 598 2549 Ei
631 2493 725 2548 δύο
754 2495 972 2562 φύσεων
1005 2496 1033 2547 ὁ
1062 2493 1371 2564 ἄνθρωπος,
1406 2492 1500 2544 καὶ
1535 2492 1664 2560 μιᾶς
1691 2487 1932 2542 ὑποστά-

317 2604 497 2650 σεως,
542 2584 808 2654 εἴληπται
839 2585 895 2638 ει
933 2577 1088 2645 οὗτος
1137 2585 1230 2637 καὶ
1261 2584 1468 2653 ἥνωται
1497 2581 1576 2650 τῷ
1605 2580 1722 2650 Θεῷ
1750 2581 1930 2649 Λόγῳ,

319 2679 451 2744 πῶς
482 2680 554 2732 οὑ
581 2681 729 2748 τρεῖς
755 2677 945 2746 φύσεις
967 2677 1063 2730 δύο
1084 2676 1410 2745 ληφθεῖσαι,
1455 2675 1552 2744 μία
1574 2673 1630 2726 δὲ
1654 2671 1930 2737 λαϐοῦσα;

321 2771 430 2824 καὶ
461 2769 588 2832 πῶς
619 2769 679 2822 οὑ
706 2767 802 2822 δύο
829 2769 1183 2831 ὑποστάσεις,
1215 2767 1248 2834 ἦ
1283 2783 1344 2819 τε
1375 2764 1618 2818 λαϐοῦσα
1653 2763 1748 2816 καὶ
1775 2765 1808 2830 ὴ
1835 2761 1933 2830 λη-

327 2861 582 2931 φθεῖσας
636 2861 698 2914 Εἰ
727 2859 784 2915 δὲ
817 2860 910 2914 δύο
937 2865 1156 2928 φύσεων
1185 2860 1213 2912 ὁ
1241 2857 1482 2928 Χριστὸς
1517 2858 1610 2910 καὶ
1639 2857 1768 2926 μιᾶς
1795 2855 1931 2907 ὑπο-

330 2956 616 3017 στάσεως,
656 2955 774 3017 πῶς
802 2954 864 3006 οὑ
896 2953 995 3022 μία
1021 2952 1182 3022 φύσις
1211 2954 1240 3005 ό
1267 2950 1590 3023 ᾶνθρωποςς
1625 2948 1716 3002 καὶ
1741 2945 1937 3000 ἀνυπό-

332 3065 548 3113 στατος
598 3049 627 3102 ό
674 3047 995 3120 ἄνθρωπος,
1041 3047 1101 3100 ὃν
1133 3047 1227 3100 δύο
1259 3045 1452 3114 φύσεις
1485 3044 1670 3110 ἔλεγον
1701 3040 1929 3110 πρώηνς

1303 370 1699 432 ADVERSUS
1736 365 2286 429 NESTORIANOS.
2314 389 2385 402 -ο
2423 367 2570 427 LIB.
2613 367 2696 426 II.

1397 481 1494 534 καὶ
1557 481 1616 534 οὑ
1681 479 1823 533 κατὰ
1877 477 1926 530 τί

2043 493 2334 532 numerum
2367 491 2725 546 personarum
2757 475 3134 545 multiplicari.
3167 475 3284 530 Una
3322 490 3453 530 voce
3481 477 3626 532 desi-

3489 363 3632 431 1566

2040 569 2194 637 gnari
2217 584 2278 622 ea
2298 584 2418 637 qua:
2435 577 2636 622 natura
2657 566 2842 636 aliquo
2863 565 3026 620 modo
3053 565 3344 630 uniuntur,
3365 565 3628 636 deinceps

2038 659 2143 714 erit
2167 659 2394 713 omnino
2425 657 2791 728 impossibile,
2825 656 3130 726 praesertim
3161 671 3286 710 eum
3326 655 3470 710 idem
3504 671 3624 711 esse

2039 759 2292 804 naturam
2347 757 2510 818 atque
2557 762 2846 818 personam
2901 761 3043 816 saepe
3091 745 3365 800 dixeritis.
3415 743 3627 800 Sancta:

2039 839 2322 894 Trinitatis
2365 853 2628 908 personas
2673 838 2716 891 si
2748 837 3130 899 distinxeritis,
3161 845 3216 890 et
3250 844 3462 890 naturae
3505 848 3626 888 om-

2036 931 2171 984 nino
2215 937 2377 984 erunt
2426 927 2846 998 distinguendae,
2893 927 2940 983 si
2979 925 3500 998 multiplieaveritis,
3547 925 3629 981 sic

2036 1020 2350 1078 necessario
2380 1018 2810 1090 multiplicando:
2839 1027 2896 1073 et
2929 1029 3170 1088 naturae.
3500 1003 3513 1033 ⁵

2667 1215 2821 1272 CAP.
2838 1215 2980 1272 XIV.

2108 1311 2214 1368 Sed
2246 1325 2451 1374 nonne,
2480 1307 2762 1378 inquiunt,
2795 1307 2935 1362 duas
2967 1317 3197 1362 naturas
3225 1314 3281 1361 et
3307 1323 3468 1360 unam
3496 1323 3623 1377 per-

2034 1419 2226 1460 sonam
2255 1403 2422 1458 homo
2453 1399 2663 1455 habet?
2691 1408 2745 1453 et
2777 1398 2976 1453 exinde
3001 1413 3184 1452 nonne
3212 1399 3268 1451 in
3297 1413 3405 1451 una
3431 1412 3626 1468 perso-

2033 1515 2105 1554 na
2143 1497 2280 1551 duas
2313 1505 2538 1550 naturas
2565 1493 2832 1549 exsistere
2869 1491 3135 1562 possibile
3160 1491 3574 1546 demonstratur
3597 1492 3622 1544 i

2033 1587 2248 1642 Rursus
2281 1584 2539 1653 stupendi
2587 1597 2894 1644 sermones,
2943 1597 3140 1635 rursus
3196 1579 3474 1635 contraria
3519 1580 3592 1634 do

2031 1688 2234 1750 gmata,
2255 1691 2450 1731 rursus
2465 1675 2631 1730 verba
2649 1676 2923 1742 opposita.
2943 1688 3134 1726 rursus
3149 1672 3485 1742 sophismata
3507 1687 3628 1741 qua:

2033 1772 2281 1826 insanam
2314 1778 2550 1823 mentem
2583 1775 2842 1836 arguunt.
2871 1764 3139 1820 Eumdem
3171 1765 3450 1819 hominem
3480 1779 3628 1818 nunc

2033 1862 2264 1918 duarum
2279 1868 2596 1914 naturarum
2611 1869 2665 1911 et
2680 1856 2840 1912 unius
2852 1871 3276 1926 personzemunc
3290 1855 3420 1910 nulli
3433 1870 3490 1910 σε
3502 1871 3630 1926 per-

2033 1969 2182 2011 sonae
2201 1960 2472 2007 statuunt.
2487 1950 2836 2005 Laatabamur
2849 1964 2972 2004 cum
2999 1949 3138 2004 duas
3151 1957 3280 2002 natu
3291 1965 3378 2004 ras
3389 1957 3444 2003 et
3460 1964 3625 2002 unam

2035 2060 2327 2116 personam
2357 2041 2738 2106 audiebamus,
2771 2051 2827 2096 et
2845 2059 2994 2096 nunc
3011 2043 3148 2096 duas
3171 2051 3397 2097 naturas
3417 2051 3472 2097 et
3494 2043 3624 2097 nul-

2033 2134 2140 2188 lam
2165 2147 2456 2202 personam
2486 2131 2713 2186 credere
2744 2131 3026 2186 docemur.
3058 2131 3202 2186 Ecce
3235 2131 3384 2186 enim
3415 2131 3617 2186 iterum

2033 2224 2254 2282 Christo
2314 2233 2428 2279 tres
2489 2233 2737 2289 naturas,
2767 2232 2822 2278 et
2863 2222 2999 2278 duas
3034 2231 3264 2278 naturas
3321 2222 3620 2288 tribuunt;

2035 2317 2200 2386 inque
2219 2331 2326 2370 una
2351 2329 2587 2384 persona
2615 2313 2924 2369 conﬁtenda
2949 2329 3059 2367 non
3097 2320 3246 2367 recte
3268 2328 3628 2382 perseveran-

2036 2414 2138 2470 tes,
2168 2416 2283 2478 tres
2297 2413 2522 2478 naturas
2545 2404 2733 2459 dicunt
2755 2405 2810 2458 in
2833 2419 2941 2458 una
2986 2419 3244 2474 persona.
3263 2403 3368 2472 Ipsi
3394 2404 3629 2458 audian-

2035 2504 2128 2550 tur
2164 2518 2174 2550 :
2216 2511 2345 2551 cum
2379 2495 2595 2550 duabus
2631 2495 2841 2550 naturis
2885 2503 2942 2549 et
2992 2510 3100 2548 una
3136 2509 3371 2564 persona
3410 2501 3627 2548 constet

2034 2588 2222 2650 homo,
2259 2586 2558 2657 quomodo,
2598 2596 2886 2656 postquam
2951 2594 3269 2655 assumptus
3317 2595 3374 2640 et
3434 2585 3626 2638 unitus

2034 2676 2139 2732 fuit
2175 2677 2356 2732 Verbo
2384 2677 2506 2741 Dei,
2543 2691 2654 2730 non
2706 2684 2822 2730 tres
2877 2684 3009 2730 sunt
3059 2685 3296 2741 naturae,
3347 2675 3470 2730 dure
3500 2691 3624 2745 quae

2035 2777 2413 2834 assumuntur,
2457 2767 2627 2822 altera
2685 2783 2809 2838 qua:
2849 2767 3124 2822 assumit?
3183 2768 3462 2838 quomodo
3508 2782 3622 2824 non

2034 2859 2158 2914 dua;
2195 2874 2464 2929 personae,
2489 2858 2657 2914 altera
2686 2873 2995 2924 assumens,
3013 2869 3070 2912 et
3098 2858 3270 2912 altera
3296 2857 3623 2928 assumpta?

2034 2951 2133 3007 Vel
2160 2951 2205 3004 si
2241 2951 2456 3006 duabus
2476 2951 2690 3005 naturis
2721 2960 2777 3006 et
2807 2967 2914 3005 una
2961 2965 3198 3022 persona
3221 2959 3441 3010 constat
3465 2949 3624 3006 Chri-

2037 3051 2176 3106 stus,
2213 3057 2398 3095 nonne
2431 3057 2594 3094 unam
2623 3050 2877 3096 naturam
2912 3043 3078 3096 homo
3105 3042 3296 3104 habet,
3330 3053 3386 3097 et
3408 3051 3493 3098 est
3517 3042 3622 3096 im-

336 3142 459 3196 Καὶ
497 3141 582 3204 τίς
615 3140 828 3194 ὑποίσει
859 3139 1134 3208 τοσαύτην
1163 3137 1518 3206 ἐναντιότητα
1543 3131 1926 3202 δογματίζειν;

2039 3131 2368 3200 personalis,
2401 3146 2564 3199 quem
2601 3131 2766 3185 modo
2793 3131 2932 3185 duas
2954 3142 3182 3186 naturas
3217 3131 3424 3187 habere
3468 3133 3623 3188 dice-

421 3397 588 3452 Ἀλλά
609 3399 704 3452 καὶ
729 3398 859 3469 μίαν
887 3399 982 3452 καὶ
1006 3397 1102 3451 δύο
1125 3397 1318 3464 φύσεις
1343 3391 1483 3448 εἶναι
1507 3395 1596 3448 τὸν
1621 3393 1930 3465 ἄνθρωπον,

346 3487 524 3560 ἑτέρῳ
559 3487 658 3559 μέν
689 3505 771 3540 τοι
802 3487 896 3540 καὶ
923 3487 1096 3556 ἑτέρῳ
1118 3485 1264 3556 λόγῳ
1295 3486 1355 3538 ὲν
1381 3487 1494 3548 τοῖς
1531 3485 1671 3556 πρὸς
1696 3485 1822 3546 τοὺς
1845 3483 1933 3537 λέ-

346 3598 544 3648 γοντας
597 3579 766 3634 αὑτοῦ
826 3579 956 3650 μίαν
997 3573 1137 3632 εἶναι
1179 3577 1348 3648 μόνην
1381 3576 1480 3646 τὴν
1512 3575 1676 3646 φύσιν
1711 3575 1930 3628 ἀπεδεί-

350 3669 523 3742 ξαμεν
557 3671 656 3724 σὺν
687 3669 807 3741 Θεῷ
831 3685 844 3698 ·
869 3729 874 3733 ,
901 3671 997 3723 καὶ
1052 3668 1142 3722 ἵνα
1176 3667 1252 3737 μὴ
1283 3667 1506 3720 πλείονα
1537 3665 1665 3720 ὄντα
1696 3665 1764 3719 τά
1791 3665 1932 3718 αὑτά

349 3763 798 3835 παλιλλογῶμεν,
857 3761 1066 3815 ἔνεστιν
1101 3760 1312 3815 ἐκεῖθεν
1345 3759 1423 3831 τῷ
1456 3759 1768 3847 βουλομένῳ
1802 3760 1932 3829 περὶ

344 3857 502 3912 τοῦδε
527 3855 1012 3929 πληροφορεῖσθαι.
1029 3854 1294 3922 Λέγοντες
1309 3853 1402 3907 οὑν
1427 3854 1518 3906 ἐπὶ
1538 3852 1632 3906 τοῦ
1655 3852 1929 3906 Δεσπότου

345 3950 507 4023 ἡμῶν
538 3949 714 4020 Ἰησοῦ
744 3947 985 4020 Χριστοῦ
1020 3945 1116 4000 δύο
1143 3945 1242 4007 τὰς
1273 3945 1488 4014 φύσεις,
1515 3945 1674 4015 δῆλον
1699 3943 1774 4006 ὡς
1799 3943 1929 4014 μίαν

343 4044 446 4114 τὴν
467 4041 563 4096 τοὺ
592 4039 882 4112 ἀνθρώπου
910 4038 1072 4107 φύσιν
1103 4041 1162 4091 ὲν
1188 4037 1338 4108 αὑτῷ
1369 4034 1930 4108 καταριθμοῦμεν,ὡς

339 4136 520 4198 εἴδους
568 4132 894 4202 καινοτέρου
920 4130 1245 4200 γενομένης
1288 4127 1469 4192 αἰτίας
1499 4127 1596 4197 τῆς
1627 4125 1929 4189 συνθέσεως

343 4229 452 4282 τῶν
503 4229 560 4280 ἐν
603 4225 754 4296 αὐτῷ
795 4223 1032 4294 φύσεων.
1092 4222 1254 4277 Κατὰ
1295 4221 1498 4294 τρόπον
1529 4219 1622 4274 οὑν
1653 4221 1746 4272 καὶ
1769 4219 1926 4286 λόγον

345 4325 436 4374 τὸν
461 4321 560 4390 τῆς
591 4321 722 4390 μιᾶς
747 4317 964 4388 φύσεως
989 4317 1155 4371 αὑτοῦ
1184 4313 1614 4386 παραστατικὸν,
1643 4311 1741 4382 μία
1765 4309 1926 4377 φύσις

345 4412 520 4466 τοῦδε.
575 4411 688 4482 Τὴν
735 4411 790 4464 δὲ
839 4410 1140 4464 ὑπόστασιν
1170 4408 1266 4462 τοῦ
1296 4405 1611 4478 ἀνθρώπου,
1645 4407 1739 4459 καὶ
1766 4405 1926 4474 ὑμεῖς

2036 3223 2277 3278 bamus?
2303 3221 2532 3275 Tantam
2565 3221 2994 3290 discrepantiam
3027 3223 3152 3292 quis
3179 3223 3429 3292 proﬁteri
3457 3225 3624 3279 susti-

2036 3313 2240 3370 nebit?
2717 3310 2722 3315 ’

2107 3405 2328 3464 Homini
2381 3421 2656 3475 unamque
2706 3405 2956 3476 duasque
3008 3415 3238 3462 naturas
3299 3407 3502 3470 inesse,
3524 3408 3621 3462 sed

2034 3514 2147 3565 non
2193 3497 2389 3553 eadem
2433 3497 2669 3563 ratione,
2703 3498 2969 3552 adversus
3003 3513 3098 3552 eos
3121 3501 3215 3570 qui
3247 3515 3411 3555 unam
3441 3500 3618 3556 solum

2033 3577 2354 3654 admittunt,
2387 3589 2500 3643 Deo
2529 3587 2846 3658 adjnvante,
2879 3590 3262 3660 probavimus.
3298 3593 3368 3648 Et
3397 3609 3468 3648 ne
3518 3609 3618 3649 ea-

2033 3679 2182 3748 dem,
2209 3686 2401 3748 utpote
2429 3679 2702 3750 longiora,
2739 3689 3052 3750 repetamus
3073 3723 3088 3748 ,
3119 3684 3324 3753 poterit
3381 3685 3620 3754 quicun-

2033 3788 2140 3844 que
2167 3771 2424 3837 voluerit,
2481 3771 2682 3826 exinde
2711 3770 2779 3827 de
2806 3772 2910 3828 hoc
2942 3773 3146 3830 certior
3170 3773 3308 3830 ﬁeri.
3338 3776 3443 3832 Ubi
3485 3793 3621 3849 ergo

2033 3863 2277 3918 diximus
2316 3862 2384 3936 de
2415 3861 2795 3918 Jesu'Christo
2826 3865 3059 3921 Domino
3103 3877 3292 3924 nostro
3329 3868 3468 3923 duas
3513 3885 3618 3922 na-

2035 3945 2188 4010 turas
2237 3971 2368 4009 eum
2419 3955 2646 4020 habere,
2698 3964 2848 4026 patet
2887 3957 3182 4013 humanam
3231 3971 3484 4014 naturam
3515 3975 3619 4030 pro

2033 4064 2141 4102 una
2175 4056 2449 4116 sumptam
2481 4045 2676 4111 fuisse,
2705 4047 2864 4116 quasi
2892 4048 3066 4104 forma
3101 4050 3362 4106 inusitata
3385 4060 3506 4105 orta
3531 4067 3619 4106 es-

2031 4147 2114 4193 set
2143 4153 2223 4193 ex
2255 4137 2460 4192 unione
2519 4148 2842 4193 naturarum
2882 4139 2938 4194 in
2985 4141 3106 4212 ipso
3141 4159 3154 4195 :
3185 4151 3240 4196 et
3282 4158 3392 4211 quo
3423 4157 3614 4209 sensu,

2031 4231 2238 4300 quibus
2269 4231 2458 4284 verbis
2493 4240 2689 4284 natura
2724 4233 2846 4302 ejus
2889 4249 2994 4287 una
3025 4235 3440 4289 monstrabatur
3465 4276 3480 4300 ,
3515 4251 3616 4290 e0-

2031 4321 2155 4376 dem
2181 4336 2328 4374 nunc
2373 4321 2580 4374 dicitur
2609 4338 2718 4376 una
2760 4333 2975 4378 natura.
3015 4325 3312 4379 Personam
3345 4341 3479 4380 vero
3510 4326 3616 4380 lio-

2031 4413 2196 4467 minis
2231 4427 2328 4466 vos
2377 4412 2504 4481 ipsi,
2542 4411 2596 4465 in
2643 4413 2823 4483 primo
2853 4415 3016 4485 hujus
3043 4425 3312 4470 tractatus
3343 4417 3612 4487 capitulo,

349 4506 446 4575 μὲν
501 4507 558 4558 ὲν
603 4505 681 4574 τῷ
725 4502 930 4573 πρώτῳ
987 4503 1084 4572 τῆς
1135 4501 1417 4572 παρούσης
1473 4497 1786 4559 ὑποθέσεως
1830 4513 1924 4548 κε-

2034 4519 2196 4560 unam
2252 4519 2372 4558 esse
2414 4520 2444 4558 e
2482 4504 2699 4559 duabus
2763 4507 2980 4562 naturis
3039 4507 3278 4562 confessi
3304 4509 3460 4574 estis,
3496 4509 3614 4578 qui,

343 4597 556 4668 φαλαίῳ
581 4637 595 4660 ,
657 4596 788 4666 μίαν
821 4612 881 4648 τε
915 4595 1009 4648 καὶ
1041 4596 1106 4647 ὲκ
1132 4593 1226 4646 δύο
1256 4591 1472 4660 φύσεων
1504 4588 1920 4658 ὡμολογήσατε,

343 4687 596 4756 λέγοντες
627 4683 764 4756 πρὸς
792 4685 938 4756 ἡμᾶς
971 4681 1224 4754 περὶτῆς
1255 4679 1348 4734 τοῦ
1376 4677 1648 4731 Δεσπότου
1681 4675 1922 4728 ὑποστά-

341 4797 478 4842 σεως
499 4821 516 4844 ,
566 4778 650 4830 ὅτι
696 4777 744 4828 εί
776 4774 852 4846 μὴ
881 4777 948 4845 τῇ
981 4761 1077 4827 τοῦ
1107 4771 1342 4842 Πατρὺς,
1378 4767 1515 4822 ἀλλὰ
1543 4773 1610 4841 τῇ
1639 4768 1734 4820 τοῦ
1759 4767 1925 4820 Δαϐίδ

341 4884 519 4936 φαμεν
547 4865 718 4934 αὑτὴν
742 4862 1058 4934 ὀμοούσιον,
1078 4862 1196 4926 πῶς
1225 4864 1289 4914 ἐκ
1311 4860 1407 4914 δύο
1430 4859 1646 4930 φύσεων
1671 4858 1924 4927 λέγοντες

341 4958 533 5028 αὐτὴν,
560 4959 660 5010 οὑκ
689 4959 753 5009 ἐκ
779 4955 960 5025 ψυχῆς
991 4955 1085 5007 καὶ
1113 4954 1365 5023 σώματος
1395 4951 1719 5007 συνεστάναι
1743 4949 1925 5022 βουλό-

343 5048 518 5118 μεθα;
573 5045 810 5116 Τοιαύτη
862 5044 972 5115 γὰρ
1005 5047 1040 5113 ἡ
1070 5043 1162 5096 τοῦ
1197 5043 1401 5096 Δαὸίδσ
1457 5042 1598 5115 πλὴν
1639 5041 1924 5096 καὶτοῦτο

340 5141 468 5210 ὑμῖν
501 5137 947 5208 συγκεχωρήσθω
973 5151 987 5164 ·
1028 5137 1080 5190 si
1110 5137 1207 5189 καὶ
1236 5137 1298 5189 οὑ
1329 5137 1472 5192 κατὰ
1501 5135 1728 5208 γνώμην
1758 5137 1920 5200 τισὶν,

339 5231 472 5285 ἀλλὰ
525 5229 670 5284 κατὰ
715 5228 1031 5299 οἰκονομίαν
1081 5229 1177 5281 καὶ
1222 5229 1485 5299 πρόνοιάν
1533 5247 1654 5284 τινα
1703 5227 1923 5296 λέγεται

339 5321 603 5386 πολλάκις
624 5359 640 5382 .
701 5320 776 5390 μὴ
822 5316 1263 5390 εὑμνημονοῦσιν
1292 5320 1351 5371 ἐν
1378 5317 1459 5390 τῷ
1483 5319 1780 5389 ψεύδεσθαι
1813 5319 1922 5370 τῶν

340 5412 760 5485 προειρημένων
790 5411 974 5474 αὑτοῖς
992 5450 1008 5475 ,
1059 5409 1147 5462 ἵνα
1180 5408 1359 5480 ἔχοιεν
1385 5410 1522 5480 παρ’
1551 5409 1763 5464 ἑαυτῶν
1791 5409 1921 5462 ἐπό-

343 5524 504 5580 μενον
555 5505 740 5568 αὑτοῖς
791 5503 884 5557 τὸν
931 5503 1062 5556 ἴδιον
1108 5501 1352 5570 ἔλεγχον.
1397 5503 1592 5572 Ἡμεῖς
1634 5503 1692 5557 δὲ
1739 5504 1788 5556 εί
1829 5507 1922 5558 καὶ

341 5598 470 5668 μίαν
501 5599 662 5669 ἴσμεν
716 5597 810 5650 ὲπί
853 5593 1145 5666 ἀνθρώπου
1180 5593 1274 5646 τοῦ
1311 5596 1627 5650 καθέκαστα
1657 5597 1757 5668 τὴν
1788 5597 1921 5650 ὑπό-

341 5709 560 5748 στασιν.
609 5689 704 5743 καὶ
751 5689 846 5743 ἐπὶ
881 5689 1062 5758 πάσης
1093 5687 1288 5758 ἐτέρας
1315 5689 1669 5754 ὑποστάσεως
1687 5683 1920 5760 ’φύσεων

341 5783 748 5854 διωρισμένων,
803 5781 916 5835 ἀλλ’
951 5780 1042 5834 οὑν
1077 5782 1165 5834 ἐπὶ
1191 5779 1282 5833 τοῦ
1313 5780 1389 5853 μὴ
1417 5783 1601 5846 ἁπλῶς
1629 5781 1914 5856 ἀνθρώπου

2007 4597 2190 4660 nobis
2219 4595 2535 4650 dicentibus
2568 4612 2862 4666 personam
2913 4598 3132 4652 Domini
3165 4599 3616 4654 consubstantia—

2027 4689 2134 4742 lem
2195 4703 2338 4753 esse,
2371 4689 2416 4742 si
2447 4705 2559 4743 non
2591 4689 2762 4755 Patri,
2797 4691 2992 4745 saltem
3045 4692 3262 4757 Davidi,
3295 4702 3350 4748 et
3396 4691 3615 4747 duabus

2026 4779 2241 4835 naturis
2293 4779 2608 4846 conﬂatam,
2663 4783 2995 4852 quzerebatis
3033 4784 3116 4839 'ob
3161 4801 3326 4854 quam
3387 4801 3612 4842 causam

2027 4887 2147 4926 eam
2179 4870 2363 4924 anima
2391 4880 2447 4926 et
2488 4887 2722 4942 corpore
2765 4875 3023 4944 componi
3081 4891 3428 4945 negaremus.
3466 4878 3615 4934 Talis

2025 4961 2173 5016 enim
2202 4969 2322 5016 erat
2345 4961 2536 5016 David.
2565 4961 2723 5028 Quod
2761 4972 2944 5018 tamen
2973 4965 3130 5020 vobis
3158 4965 3226 5020 sit
3259 4981 3608 5032 concessum,

2025 5053 2156 5109 licet
2179 5054 2274 5110 ubi
2293 5053 2543 5124 quaedam
2564 5054 2632 5108 ad
2655 5055 2959 5121 hominem,
2980 5073 3107 5112 cum
3125 5059 3476 5128 pruivisione,
3499 5077 3612 5115 non

2021 5148 2180 5218 juxta
2235 5155 2476 5202 mentem
2525 5146 2809 5212 dicuntur,
2833 5150 2974 5204 male
3017 5159 3181 5222 agant
3215 5153 3310 5222 qui
3348 5151 3612 5222 praedicta

2025 5238 2206 5294 alieno
2270 5254 2435 5293 sensu
2482 5239 2742 5303 recitant,
2775 5240 2931 5309 quasi
2965 5245 3258 5312 personale
3315 5260 3611 5314 argumen-

2028 5336 2142 5383 tum
2171 5328 2318 5384 nacti
2351 5329 2457 5384 hoc
2486 5329 2720 5385 verbum
2744 5330 2851 5385 sibi
2876 5331 3108 5389 dictum.
3142 5334 3256 5390 Nos
3282 5343 3468 5390 autem
3499 5335 3610 5392 etsi

2025 5436 2191 5475 unam
2217 5436 2509 5491 personam
2539 5422 2742 5493 cuique
2793 5424 3104 5492 hominum,
3136 5437 3192 5482 et
3246 5427 3474 5483 cuilibet
3519 5429 3608 5482 in-

2025 5513 2254 5569 dividuo
2275 5513 2421 5568 inter
2453 5525 2685 5572 naturas
2723 5517 3016 5574 distinctas
3035 5534 3396 5589 agnoscamus
3424 5535 3438 5583 ;
3466 5529 3610 5575 atta-

2024 5622 2173 5671 men,
2197 5606 2243 5661 si
2276 5620 2364 5660 res
2387 5615 2472 5662 est
2503 5606 2572 5662 de
2617 5623 2730 5664 non
2762 5602 2986 5664 hemine
3037 5625 3199 5680 pura,
3228 5610 3481 5676 Domino,
3506 5612 3602 5682 qui

2023 5712 2308 5768 nunquam
2370 5705 2658 5768 separatus
2694 5708 2780 5754 est
2818 5715 2850 5754 a
2895 5715 3130 5770 persona
3189 5697 3378 5764 Verbi,
3433 5701 3603 5774 hujus

2031 5789 2216 5843 unius.
2233 5804 2522 5858 personam
2575 5804 2681 5844 non
2717 5805 2838 5844 esse
2865 5789 3256 5860 particularem
3279 5790 3598 5851 credimus:
