3932 6152
365 252 512 320 MT

1634 251 1945 315 LEONTII
1982 252 2388 316 BYZANTINI

3482 245 3634 314 1568

360 381 474 424 non
501 364 649 422 enim
700 365 758 421 in
800 365 1045 437 propria.
1076 365 1174 422 sed
1202 365 1261 421 in
1300 364 1470 422 Verbi
1493 379 1730 437 persona
1758 364 1941 420 subsi-

2059 366 2197 429 lv'coc
2238 362 2335 417 τοῦ
2370 357 2656 434 Κυριακοῦ
2695 359 2787 416 τοῦ
2815 361 2917 432 τῆς
2944 359 3040 417 τοὺ
3064 358 3240 430 Λόγου
3267 358 3639 424 ὑποστάσεως

363 456 462 513 stit
490 457 560 512 ab
582 456 737 512 initio
764 457 1080 512 humanitas
1123 455 1430 512 Saivatoris
1461 471 1476 521 ;
1533 469 1715 525 neque
1764 452 1944 510 Verbi

362 564 601 620 persona
650 549 816 605 hodie
865 558 954 605 est
997 548 1176 605 solius
1218 547 1409 613 Verbi,
1438 547 1713 618 siquidem
1742 547 1800 601 in
1822 546 1938 616 ipsa

364 655 491 695 rum
521 639 864 696 humanitate
892 639 1635 695 Verbum‘consubstantiale
1665 637 1936 702 subsistit,

366 743 492 804 post
521 733 943 789 inenarrabilem
973 733 1094 804 ejus
1123 733 1580 788 incarnationem.

2047 457 2123 528 μὴ
2143 453 2566 526 διακεκριμένου
2598 451 2752 519 ποτε,
2787 450 3049 525 οὐδεμίαν
3078 452 3237 522 ῐσμεν
3258 448 3428 504 αὑτοῦ
3454 447 3637 518 μόνου

2046 549 2222 619 ἰδικῆν
2256 546 2423 602 οὖσαν
2467 546 2766 600 ὑπόστασιν
2784 563 2800 580 ο
2857 544 2954 599 καὶ
2983 544 3096 615 γὰρ
3123 545 3224 597 οὐκ
3251 544 3310 595 ὲν
3338 540 3639 612 ἱδιαζοῦσῃ

2046 639 2368 708 ὑποστῆναι,
2381 638 2497 693 ἀλλ’
2520 639 2580 692 ὲν
2600 641 2668 708 τῇ
2693 636 2788 692 τοῦ
2800 636 2973 705 Λόγου
2991 635 3290 691 ὑποστάσει
3312 631 3640 702 ὑσεστηκέ-

2043 748 2134 785 ναι
2183 720 2246 784 τὸ
2286 727 2623 799 ἀνθρώπινόν
2670 744 2854 799 φαμεν
2895 726 2992 781 τοῦ
3021 728 3277 796 Σωτῆρος
3319 726 3380 792 ἒξ
3406 724 3635 794 ἀρχῆς

366 821 489 876 οὔτε
541 824 649 892 μὴν
693 822 883 884 ἁπλῶς
931 822 1029 894 τὴν
1057 824 1153 876 τοῦ
1185 823 1363 892 Λόγου
1395 821 1490 876 νῦν
1520 823 1840 885 ὑπόστασιν,
1877 820 1953 885 ὥς
1990 821 2164 888 Λόγου
2204 820 2363 892 μόνον
2390 820 2557 875 οὖσαν
2621 820 2917 874 ὑπόστασιν
2956 821 3052 874 νῦν
3119 821 3342 890 οἴδαμεν
3366 836 3379 848 ·
3435 817 3644 891 ἐπειδὴ

369 914 467 967 σὺν
499 914 578 986 τῷ
607 915 932 986 ἀνθρωπίνῳ
961 915 1366 987 συνυφέστηκεν
1398 917 1467 968 ὲν
1486 916 1625 986 αὐτῇ
1653 915 1760 968 τῶν
1789 913 2094 984 όμοουσίων
2124 917 2152 969 ό
2175 914 2347 982 Λόγος
2378 914 2516 984 μετά
2539 913 2641 984 τὴν
2667 913 2948 982 ἄφραστον
2974 909 3141 965 αὑτοῦ
3162 911 3378 966 ἒνωσιν.

436 1009 742 1080 Utriusque
772 992 906 1082 οἶεο
936 1026 1102 1086 unam
1151 1019 1208 1067 et
1261 1026 1608 1066 communem
1654 1025 1942 1082 personam

367 1104 714 1165 conﬁtemur,
745 1118 868 1172 quae
896 1103 1050 1173 prior
1094 1111 1216 1157 erat
1247 1102 1484 1157 humana
1530 1102 1857 1165 substantia,
1887 1109 1945 1157 et

369 1202 530 1248 antea
560 1195 785 1264 propria
814 1194 981 1250 Verbi
1027 1205 1167 1258 erat,
1209 1196 1265 1250 in
1318 1196 1596 1251 communi
1638 1194 1945 1250 divinitatis

369 1284 644 1348 essentia;
695 1301 926 1355 quaeque
987 1286 1093 1340 sibi
1140 1293 1327 1341 creata
1381 1286 1621 1340 hominis
1670 1284 1946 1341 Dominici

371 1383 590 1439 natura,
622 1390 797 1444 eaque
825 1375 1163 1431 circumdata
1201 1385 1258 1430 et
1300 1384 1485 1446 aptata
1514 1377 1755 1447 propriae
1780 1384 1946 1431 natu-

336 1480 471 1548 ἐκ,
506 1474 638 1520 tunc
667 1465 836 1534 coepit
860 1481 982 1521 esse
1027 1477 1240 1522 natura:
1275 1482 1557 1538 corporea:
1591 1483 1850 1538 persona,
1881 1484 1951 1524 ex

372 1558 592 1628 propria
621 1559 931 1614 communis
959 1560 1098 1625 licri,
1129 1569 1188 1614 et
1221 1560 1507 1630 multiplex
1533 1559 1798 1616 substitit.
1828 1559 1950 1615 Non

372 1649 520 1705 enim
555 1649 719 1705 hodie
751 1650 907 1706 sicut'
927 1650 1080 1720 prius
1115 1650 1282 1706 Verbi
1319 1667 1550 1722 persona
1583 1667 1689 1705 una
1722 1651 1950 1706 notione

373 1738 619 1810 generati
649 1754 679 1793 a
714 1739 872 1794 Patre
901 1749 959 1793 et
990 1739 1198 1810 Spiritu
1233 1741 1613 1812 distinguitur,
1651 1741 1747 1796 sed
1778 1742 1946 1796 etiam
1979 1731 2021 1786 Β

371 1829 499 1898 quia
527 1829 780 1898 pluribus
805 1831 1015 1885 naturis
1037 1841 1270 1891 constat.
1300 1841 1360 1888 et
1382 1832 1815 1902 proprietatibus
1835 1832 1951 1888 sive

376 1919 720 1976 naturalibus
795 1920 912 1977 sive
974 1922 1363 1991 personalibus
1425 1939 1620 1978 revera
1682 1923 1949 1978 abundat:

377 2009 664 2077 Quomodo
694 2028 826 2083 ergo
856 2013 988 2068 huic
1017 2015 1189 2069 altera
1216 2030 1452 2085 persona
1483 2015 1726 2069 hominis
1758 2015 1855 2086 qui
1878 2015 1949 2073 si-

376 2118 447 2158 ne
501 2102 687 2158 divina
720 2103 886 2159 Verbi
934 2121 1173 2175 persona
1203 2121 1481 2177 nunquam
1515 2105 1786 2175 substitit.
1815 2105 1955 2177 adji-

373 2193 605 2251 cietur?
638 2194 732 2252 Vol
766 2195 812 2252 si
855 2174 1008 2252 carni
1049 2174 1285 2268 permuta
1325 2174 1646 2253 attribuitur
1699 2207 1827 2252 ante
1861 2174 1953 2253 as-

377 2286 770 2356 sumptionem,
795 2288 942 2357 quod
974 2303 1135 2342 nemo
1185 2288 1308 2358 pius
1341 2289 1618 2353 admittet,
1651 2287 1950 2359 quomodo,

377 2392 502 2431 cum
552 2388 834 2448 assumpta
883 2378 1073 2439 fuerit,
1107 2379 1160 2433 id
1205 2386 1312 2443 cst,
1341 2394 1468 2434 cum
1529 2387 1873 2448 assumptum
1897 2386 1955 2433 ct

379 2483 674 2524 assumens
703 2469 756 2522 in
788 2485 911 2524 sese
962 2470 1198 2525 invicem
1229 2478 1511 2536 maneant,
1544 2469 1852 2547 remanebit
1896 2468 1953 2523 in

378 2557 515 2627 ipsis
560 2566 619 2614 et
672 2559 976 2615 salvabitur
1031 2561 1473 2631 uniuscujusque
1550 2558 1836 2614 distinctio
1881 2558 1953 2613 ab

377 2649 552 2704 altero
570 2649 593 2703 2
617 2649 672 2703 in
698 2664 809 2720 quo
829 2649 1084 2721 consistit
1109 2649 1397 2705 distinctio
1410 2648 1445 2704 ξ’
1461 2651 1631 2706 Recte
1652 2664 1785 2721 ergo
1801 2651 1818 2716 j
1833 2647 1957 2702 udi;

378 2739 614 2795 eandum
661 2748 746 2795 est
797 2740 979 2796 Verbi
1016 2749 1420 2796 nattrramesse
1447 2755 1794 2801 communem
1828 2755 1955 2796 cum

382 2827 540 2906 Patre
564 2836 620 2882 et
651 2827 880 2898 Spiritu,
910 2843 1205 2899 personam
1235 2845 1368 2884 vero
1411 2844 1533 2885 esse
1563 2829 1956 2900 particularcm

378 2929 568 2973 contra
593 2921 833 2983 Patrem,
866 2919 1130 2990 Spiritum
1153 2930 1212 2976 et
1247 2921 1537 2977 universos
1575 2921 1831 2977 homines
1858 2921 1955 2992 qui

379 3011 448 3068 d'e
478 3012 636 3068 beata
664 3012 884 3084 Virgine
910 3013 1024 3069 nati
1061 3008 1170 3068 non
1199 3022 1352 3079 sunt,
1383 3022 1548 3084 atque
1599 3012 1706 3068 uni‘
1742 3013 1893 3068 carni
1924 3029 1955 3069 a

382 3102 566 3159 Verbo
583 3103 652 3160 de
682 3103 856 3160 Matre
886 3105 980 3160 Dei
1013 3113 1313 3175 assumpta:
1337 3119 1687 3161 communem
1718 3114 1816 3173 ζει
1840 3121 1958 3160 rur-

381 3208 476 3250 sus
501 3195 668 3265 liujus
698 3196 884 3252 carnis
915 3196 984 3251 de
1013 3196 1174 3252 beata
1197 3196 1423 3267 Virgine
1445 3204 1697 3252 naturam
1752 3204 1956 3253 nostra:

381 3287 615 3342 similem
646 3302 996 3343 communem
1029 3303 1154 3344 esse
1187 3303 1314 3344 cum
1349 3288 1610 3344 omnibus
1635 3288 1766 3344 (iliis
1789 3287 1956 3356 Adae,

379 3384 435 3430 et
458 3391 749 3446 personam
801 3377 1214 3448 particularem,
1255 3379 1301 3434 si
1331 3380 1495 3435 nobis
1539 3381 1626 3436 vel
1655 3379 1827 3442 Patri,
1864 3380 1954 3436 vel

381 3466 612 3536 Spiritui
645 3478 1028 3540 componatur,
1061 3485 1523 3541 communemque
1585 3471 1682 3526 uni
1749 3469 1956 3527 Verbo.

383 3558 534 3616 lianc
584 3570 752 3616 rectre
803 3559 931 3616 tidei
970 3562 1267 3632 regulama
1299 3561 1573 3634 theologis
1620 3563 1956 3634 accepimus.

376 3648 549 3706 Nobis
588 3666 755 3706 unam
808 3666 1099 3722 personam
1129 3660 1185 3709 et
1211 3652 1350 3708 duas
1395 3663 1622 3709 naturas
1649 3653 1702 3708 in
1734 3653 1961 3710 homine

377 3749 436 3796 ιιι
453 3740 508 3796 in
527 3734 771 3798 Christo"
789 3752 936 3798 recte
955 3743 1352 3815 iudicantibus,
1381 3760 1480 3800 vos
1521 3744 1678 3800 vobis
1732 3744 1961 3802 minime

378 3834 692 3888 consentire
715 3834 807 3889 Dei
837 3836 1013 3905 gratia
1035 3835 1382 3901 ostendetur,
1423 3846 1715 3906 postquam
1748 3835 1815 3892 ad
1839 3835 1960 3892 sin»

378 3925 534 3995 gulas
557 3933 770 3980 vestras
794 3927 1111 3982 molitiones
1142 3942 1470 3998 responsum
1505 3927 1692 3982 fuerit.
1725 3927 1792 3982 Et
1845 3929 1958 3998 jam

379 4015 604 4086 quidem
631 4017 979 4087 probandum
1013 4028 1097 4074 est
1122 4033 1222 4074 vos
1247 4034 1354 4073 non
1384 4018 1548 4074 modo
1573 4036 1735 4075 unam
1765 4036 1960 4090 perso-

378 4120 506 4162 nam
533 4106 833 4163 humanam
864 4108 963 4164 sed
999 4109 1168 4164 etiam
1196 4125 1358 4165 unam
1393 4118 1673 4174 naturam,
1708 4121 1770 4164 ut
1792 4111 1963 4182 Euty-

379 4198 583 4262 chiani,
610 4199 737 4255 huic
770 4199 952 4257 Verbo
985 4201 1326 4272 adjudicare.
1371 4199 1589 4256 Etenim
1619 4201 1689 4266 si,
1727 4211 1788 4257 ut
1822 4201 1962 4257 duas

380 4303 671 4359 personas,
699 4289 836 4345 duas
864 4299 1090 4346 naturas
1124 4289 1346 4346 Christo
1365 4290 1531 4354 datis,
1565 4291 1702 4346 nihil
1723 4277 1962 4362 amplius

379 4380 435 4435 in
465 4390 698 4452 utraque
719 4383 1144 4453 conspicientes,
1172 4393 1229 4438 et
1253 4383 1534 4438 Christum
1562 4383 1737 4440 Deum
1759 4394 1816 4442 et
1847 4385 1950 4438 ho-

1980 3067 2031 3130 6

2132 1009 2487 1080 ’Λμφοτέρων
2515 1007 2608 1064 οὖν
2641 1009 2772 1081 μίαν
2800 1007 2960 1076 ῐσμεν
2991 1005 3087 1060 καὶ
3113 1005 3214 1076 τὴν
3238 1005 3411 1074 αὑτὴν
3441 1005 3646 1074 κοινὴν

2051 1102 2217 1158 οὖσαν
2249 1105 2549 1157 ὑπόστασιν
2573 1141 2588 1166 ,
2637 1103 2673 1172 ἡ
2706 1097 3028 1172 προῦπῆρξε
3057 1099 3158 1168 μὲν
3187 1097 3284 1167 τῆς
3308 1096 3501 1168 οὐσίας
3534 1097 3645 1150 τοῦ

2051 1197 2365 1269 ἀνθρώπου,
2403 1197 2545 1266 ιδικὴ
2568 1193 2703 1249 οὖσα
2728 1194 2789 1248 τὸ
2820 1193 2952 1262 πρὶν
2976 1190 3073 1245 τοῦ
3097 1189 3268 1258 Λόγου
3293 1193 3352 1243 ὲν
3381 1193 3451 1260 τῇ
3470 1192 3641 1261 κοινῇ

2048 1293 2148 1361 τῆς
2177 1288 2429 1358 θεότητος
2454 1286 2614 1359 οὐσίᾳ
2634 1300 2649 1315 ο
2682 1286 2782 1356 τὴν
2808 1284 2866 1338 δὲ
2893 1283 2987 1338 τοῦ
3012 1280 3294 1352 Κυριακοῦ
3326 1281 3640 1351 ἀνθρώπου

2051 1379 2214 1450 φύσιν
2264 1380 2716 1450 δημιουργήσασα
2764 1377 2929 1446 ἑαυτῇ
2957 1415 2973 1441 ,
3025 1375 3122 1428 καὶ
3172 1373 3645 1446 περιπτυξαμένη

2053 1476 2148 1528 καὶ
2193 1473 2484 1543 συνάψασα
2529 1475 2593 1543 τῇ
2642 1471 2750 1543 ἰδίᾳ
2787 1471 2846 1522 εν
2876 1469 3014 1539 αὐτῇ
3045 1467 3205 1536 φύσει
3225 1509 3240 1533 ,
3282 1467 3399 1538 ἄμα
3425 1466 3508 1536 τῷ
3535 1465 3647 1520 καὶ

2052 1567 2150 1634 τῆς
2180 1565 2398 1635 φύσεως
2426 1565 2527 1633 τῆς
2554 1564 2756 1633 σαρκὸς
2787 1559 2927 1616 εἶναι
2957 1546 3290 1624 ὑπόστασις,
3338 1559 3432 1612 καὶ
3474 1559 3645 1628 κοινὴ

2055 1651 2195 1708 εἶναι
2239 1656 2376 1725 αὑτῇ
2428 1652 2490 1719 ἐξ
2533 1653 2708 1722 ιδικῆς
2738 1652 2942 1722 ἠρξατο
2977 1649 3075 1704 καὶ
3103 1648 3471 1719 ποικιλωτέρα
3501 1666 3648 1703 συν-

2051 1750 2302 1820 ἐστηκενε
2339 1747 2402 1800 οὑ
2430 1746 2540 1816 γὰρ
2569 1743 2636 1815 δὴ
2667 1743 2814 1814 μόνῳ
2843 1741 2940 1796 νῦν
2966 1743 3043 1803 ῶς
3065 1740 3259 1814 πρώην
3280 1745 3315 1812 ἡ
3338 1741 3432 1794 τοῦ
3453 1742 3645 1808 Λόγου

2052 1839 2357 1900 ὑπόστασις
2397 1835 2648 1904 ἰδιώματι
2694 1834 2774 1903 τῷ
2810 1833 3056 1903 γεννητῷ
3095 1833 3161 1886 ἐκ
3189 1850 3248 1886 τε
3287 1831 3385 1886 τοῦ
3417 1832 3647 1902 Πατρδς

2053 1929 2148 1982 καὶ
2191 1927 2286 1982 τοῦ
2338 1927 2655 1996 Πνεὺματος
2699 1924 3073 1996 διακρίνεται,
3124 1922 3266 1977 ἀλλά
3308 1922 3404 1975 καὶ
3450 1921 3533 1992 τῷ
3571 1924 3645 1978 ἐκ

2053 2018 2318 2072 πλειόνων
2359 2017 2532 2087 αὐτὴν
2575 2012 2716 2070 εἶναι
2748 2015 2964 2084 φύσεων
2996 2015 3092 2068 καὶ
3120 2013 3372 2084 φυσικῶν
3402 2012 3643 2083 ἰδιωμά-

2051 2127 2162 2163 των
2195 2111 2290 2164 καὶ
2317 2106 2690 2181 προσωπικῶν
2720 2105 2924 2178 δηλαδὴ
2952 2104 3360 2178 περισσότερον’
3393 2103 3515 2166 πῶς
3538 2098 3643 2159 οὖν

2055 2203 2354 2264 ὑπόστασις
2393 2201 2488 2254 τοῦ
2522 2198 2597 2270 μή
2623 2199 2959 2260 ὑποστάντος
2987 2197 3118 2251 ποτε
3149 2195 3308 2260 ἐκτὸς
3335 2196 3507 2265 αὑτῆς
3530 2199 3640 2266 τῆς

2053 2294 2146 2348 τοῦ
2170 2293 2314 2347 θείου
2325 2293 2501 2360 Λόγου
2525 2291 2878 2346 ὑποστάσεως
2900 2289 3443 2360 συναριθμηθήσεται
3458 2290 3633 2361 αὐτῇς

2055 2386 2119 2439 Εἰ
2147 2386 2204 2439 δὲ
2232 2386 2323 2439 καὶ
2353 2381 2421 2455 ἦν
2449 2384 2748 2447 ὑπόστασις
2778 2386 2843 2453 τῇ
2872 2384 3040 2453 σαρκὶ
3065 2380 3173 2451 πρὸ
3193 2381 3294 2449 τῆς
3317 2382 3635 2451 συλλήψεως

2054 2477 2247 2547 αὐτῆς,
2283 2478 2433 2548 ὅπερ
2451 2474 2628 2539 οὐδεὶς
2661 2475 2899 2538 εὐσεϐῶς
2929 2475 3065 2545 ἐρεῖ,
3110 2473 3228 2538 πῶς
3275 2474 3414 2544 μετὰ
3445 2474 3510 2527 τδ
3534 2473 3634 2544 λη-

2056 2568 2256 2640 φθῆναι
2274 2610 2291 2635 ,
2330 2568 2498 2639 ἤγουν
2532 2569 2590 2620 ἐν
2617 2565 2869 2636 ἀλλήλοις
2903 2567 3084 2637 μεῖναι
3126 2566 3187 2619 τό
3213 2581 3276 2619 τε
3305 2565 3507 2635 ληφθὲν
3536 2567 3632 2620 καὶ

2053 2656 2115 2710 τδ
2161 2653 2360 2716 λαὸὸν.
2409 2654 2752 2723 παραμένειν
2801 2656 2860 2708 ὲν
2900 2653 3083 2718 αὑτοῖς
3118 2653 3362 2719 δύναται,
3395 2655 3491 2708 καὶ
3520 2656 3627 2709 σώ-

2055 2745 2246 2813 ζεσθαι
2277 2747 2374 2799 ἀπ’
2407 2746 2656 2815 ἀλλήλων
2693 2745 2959 2813 ἑκατέρου
2992 2745 3299 2812 διάστασις,
3333 2747 3471 2818 ὅπερ
3499 2765 3626 2801 συν-

2059 2837 2241 2910 ἰστησι
2292 2840 2391 2908 τὴν
2440 2838 2782 2902 ὑπόστασινς
2839 2837 3050 2892 Οὑκοῦν
3079 2835 3258 2907 ὀρθῶς
3285 2838 3483 2892 ειδέναι
3510 2839 3627 2894 δέον

2056 2928 2150 2982 τοῦ
2199 2929 2299 3000 μὲν
2335 2929 2510 2997 Λόγου
2559 2914 2747 2997 ποινὴν
2792 2926 2891 3000 τὴν
2933 2927 3094 2998 φύσιν
3129 2928 3267 2999 προς
3290 2930 3383 2982 τὸν
3407 2929 3623 2999 Πατέρα

2059 3020 2153 3074 καὶ
2183 3019 2251 3074 τδ
2269 3019 2517 3088 Πνεῦμα*
2544 3019 2642 3090 τὴν
2669 3019 2725 3073 δὲ
2753 3020 3049 3074 ὑπόστασιν
3081 3019 3249 3088 ἰδικὴν
3269 3019 3367 3088 μιν
3385 3019 3463 3083 ὡς
3482 3019 3618 3090 πρός

2057 3128 2117 3164 τε
2149 3110 2239 3164 τδν
2268 3110 2488 3176 Πατέρα
2517 3109 2614 3164 καὶ
2640 3109 2702 3164 τὸ
2729 3109 2952 3180 Πνεῦμα
2988 3112 3080 3164 καὶ
3113 3109 3244 3182 πρδς
3263 3107 3464 3172 πάντας
3487 3106 3610 3171 τοὺς

2065 3197 2140 3269 μὴ
2194 3198 2257 3249 ἐκ
2301 3198 2401 3266 τῆς
2451 3197 2612 3264 ἁγίας
2655 3197 2936 3267 Παρθένου
2979 3199 3334 3270 ἀνθρώπους,
3379 3196 3532 3267 μόνον
3557 3191 3617 3251 δι

2061 3285 2244 3356 κοινὴν
2263 3286 2338 3347 ὡς
2355 3285 2491 3356 πρὸς
2516 3285 2613 3355 τὴν
2631 3287 2696 3338 ἐκ
2717 3286 2816 3354 τῆς
2837 3287 3100 3341 Θεοτόικου
3125 3286 3423 3355 ληφθεῖσαν
3437 3285 3517 3355 τῷ
3534 3285 3626 3340 Λό-

2061 3393 2144 3446 γῳ
2173 3377 2352 3448 σάρκα
2372 3393 2386 3406 ·
2437 3376 2536 3430 καὶ
2563 3375 2735 3447 αὐτὴν
2761 3375 2818 3428 δὲ
2844 3375 3111 3432 ἀνάπαλιν
3134 3377 3236 3448 τὴν
3261 3379 3327 3432 ἐκ
3350 3377 3449 3446 τῆς
3474 3374 3627 3444 ἁγίας

2063 3469 2337 3538 Παρθένου
2370 3470 2548 3542 σάρκα
2565 3511 2582 3536 ,
2617 3470 2716 3542 τὴν
2751 3470 2853 3539 μὲν
2879 3469 3042 3539 φύσιν
3069 3469 3213 3524 κατὰ
3237 3468 3336 3540 τὴν
3360 3469 3630 3538 ἡμετέραν

2060 3561 2372 3623 κοινωνεαν.
2405 3561 2592 3630 κοινὴν
2620 3560 2764 3631 ἔχειν
2794 3560 2931 3630 πρὸς
2955 3559 3164 3624 πάντας
3193 3561 3322 3624 τοὺς
3348 3557 3410 3622 ἒξ
3445 3557 3630 3626 Ἀδάμ,

2058 3652 2158 3724 τὴν
2186 3650 2252 3706 es
2274 3654 2570 3706 ὑπόστασιν
2604 3651 2775 3723 ἰδικὴν
2805 3650 2943 3723 πρός
2965 3669 3024 3706 τε
3054 3653 3212 3722 ἡμᾶς
3233 3651 3327 3704 καὶ
3350 3649 3444 3703 τὸν
3467 3646 3635 3702 Πατέ⁸

2064 3762 2136 3816 ρα
2163 3744 2258 3798 καὶ
2282 3743 2344 3798 τὸ
2368 3743 2788 3814 finitumus-pb;
2816 3743 2992 3797 δὲ’τδν
3019 3741 3190 3810 Λόγον
3221 3741 3386 3812 μόνον
3414 3740 3599 3808 κοινήν
3618 3756 3633 3771 ·

2059 3828 2215 3898 οὗτος
2253 3833 2364 3906 γάρ
2399 3833 2580 3889 κανὼν
2613 3833 2923 3904 ὀρθοδοξὶας
2948 3834 3082 3904 ἡμῖν
3110 3831 3202 3886 διὰ
3227 3833 3336 3885 τῶν
3361 3830 3635 3901 θεῃγόρων

2061 3926 2440 3996 παραδέδοται.
2475 3926 2601 3979 Ὅτι
2623 3924 2682 3979 δὲ
2710 3922 2869 3993 ἡμῶν
2897 3924 2997 3993 μὲν
3025 3925 3157 3994 μίαν
3184 3924 3505 3982 ὑπόστασιν.
3543 3921 3636 3976 δύο

2059 4014 2118 4070 at
2156 4017 2350 4084 φύσεις
2401 4015 2459 4069 ἐν
2495 4033 2561 4069 τε
2595 4014 2675 4085 τῷ
2705 4014 2977 4086 ἀνθρώπῳ
3004 4020 3101 4069 καὶ
3127 4016 3187 4067 ὲν
3210 4013 3436 4085 Χριστῷ
3462 4011 3638 4082 ὀρθῶς

2059 4106 2327 4174 λεγόντων
2355 4107 2512 4176 ὑμεῖς
2537 4106 2658 4161 λίαν
2682 4104 3197 4177 άσυμόάτωςέχετε
3227 4105 3473 4167 ἑαυτοῖς,
3510 4102 3636 4171 ἑξῆς

2063 4198 2160 4252 σὺν
2198 4196 2317 4268 Θεῷ
2361 4196 2739 4267 δειχθήσεται,
2800 4196 2940 4268 μετά
2972 4195 3034 4250 τδ
3065 4192 3468 4266 ἀποκρίνασθαι
3500 4193 3638 4263 πρδς

2060 4290 2159 4352 τὰς
2208 4288 2336 4359 περὶ
2371 4287 2564 4342 τούτου
2603 4287 2760 4358 ὑμῶν
2794 4289 2974 4350 πάσας
3005 4286 3367 4348 κατασκευάς.
3418 4284 3643 4354 Πρῶτον

2062 4379 2120 4434 δὶ
2162 4379 2304 4443 τέως
2343 4381 2477 4452 ἡμῖν
2515 4377 2779 4444 δεικτέον,
2815 4379 2890 4442 ὡς
2921 4379 3015 4432 καὶ
3038 4377 3196 4446 ὑμεῖς
3222 4376 3286 4430 οὑ
3315 4375 3474 4447 μόνον
3507 4375 3644 4442 μίαν

380 4469 585 4525 minem
611 4471 872 4537 confessi,
891 4472 976 4526 vel
1011 4470 1223 4526 homini
1250 4473 1303 4524 in
1335 4471 1455 4540 ipso
1485 4471 1623 4526 duas
1644 4479 1873 4526 naturas
1893 4479 1952 4526 et

2061 4470 2363 4524 ὑπόστασιν
2388 4469 2480 4524 τὸν
2509 4469 2819 4538 ἄνθρωπον,
2849 4468 2986 4522 ἀλλὰ
3015 4467 3110 4521 καὶ
3143 4466 3276 4537 μίαν
3303 4465 3466 4532 φύσιν
3497 4465 3646 4521 κατᾶ

377 4560 518 4617 duas
544 4576 809 4631 personas
838 4562 1163 4628 attribuitis,
1185 4570 1242 4617 et
1262 4576 1292 4616 a
1333 4561 1517 4617 Verbo
1541 4577 1762 4618 omnem
1793 4571 1953 4617 natu-

2059 4564 2186 4627 τοὺς
2213 4563 2321 4616 ἀπὸ
2351 4562 2624 4633 Εὑτυχοῦς
2653 4577 2790 4633 φατε
2821 4559 2998 4632 τούτῳ
3028 4577 3092 4630 γε
3121 4560 3201 4630 τῷ
3226 4559 3406 4628 Λόγῳ.
3445 4558 3505 4610 Εἰ
3533 4558 3646 4629 γάρ

382 4669 496 4710 ram
519 4663 575 4710 et
593 4670 882 4727 personam
899 4656 1167 4721 adimitis,
1201 4655 1459 4726 illudque
1482 4656 1602 4711 sine
1626 4655 1956 4723 substantia,

381 4748 500 4804 sine
549 4764 780 4820 persona
808 4733 1097 4816 scribitis;
1135 4749 1224 4804 vel
1247 4747 1410 4803 etiam
1429 4747 1612 4804 Verbo
1645 4764 1807 4804 unam
1833 4763 1961 4818 per-

381 4854 571 4894 sonam
585 4857 862 4912 unamque
874 4850 1001 4898 natu
1012 4856 1147 4906 ram,
1163 4848 1220 4896 et
1235 4839 1470 4906 homini,
1486 4855 1596 4895 non
1615 4856 1780 4896 unam
1794 4837 1961 4894 modo

382 4943 693 4998 personam,
735 4931 830 4986 sed
878 4941 1132 4987 naturam
1163 4929 1386 5003 quidem
1437 4944 1602 4984 unam
1661 4927 1956 4983 manifeste

381 5019 737 5076 adscribitis:
769 5022 861 5077 ubi
894 5038 1028 5094 ergo
1067 5031 1126 5078 et
1175 5023 1336 5092 cujus
1367 5028 1454 5075 est
1498 5034 1682 5074 sermo
1727 5029 1959 5088 stupen-

383 5110 508 5172 dus.
565 5112 734 5167 verba
782 5114 1108 5184 pugnantia,
1138 5119 1197 5167 et
1226 5108 1659 5166 contradictoria
1678 5150 1692 5174 ,
1712 5115 1770 5164 et
1802 5108 1965 5180 quid-

383 5201 516 5272 quid
542 5217 668 5258 cum
698 5203 948 5275 emphasi
986 5201 1380 5259 declamabatis
1407 5201 1431 5254 ?

2061 4654 2325 4718 ὡσαύτως
2366 4656 2486 4719 ταῖς
2525 4653 2860 4707 ὑποστάσεσι
2909 4651 3003 4706 δύο
3045 4651 3271 4715 καὶτὰς
3303 4649 3495 4719 φύσεις
3552 4650 3649 4703 ἐπὶ

2062 4744 2300 4816 Χριστοῦ
2345 4762 2484 4816 φατε
2508 4783 2525 4807 .
2579 4744 2732 4799 οὐδὲν
2772 4744 2979 4797 τούτων
3012 4745 3070 4795 ὲν
3098 4742 3314 4811 θατέρῳ
3346 4741 3648 4804 πλεονάζον

2062 4838 2334 4910 ὁρῶντες,
2385 4839 2477 4892 τὸν
2511 4836 2748 4907 Χριστὸν
2795 4834 2911 4890 ἴστε
2946 4835 3080 4889 Θεὸν
3109 4835 3206 4888 καὶ
3232 4833 3521 4904 ἄνθρωπον
3544 4849 3562 4863 ·
3611 4829 3644 4902 ἦ

2061 4929 2159 4984 τοῦ
2190 4931 2485 5003 ἀνθρώπου
2530 4930 2621 4984 τοῦ
2662 4930 2728 4982 ὲν
2751 4928 2900 5000 αὑτῷ
2931 4928 3028 4982 δύο
3052 4927 3167 4981 ῐστε
3195 4926 3296 4992 τὰς
3321 4924 3512 4995 φύσεις
3554 4922 3647 4978 καὶ

2062 5021 2158 5077 δύο
2202 5025 2300 5085 τὰς
2347 5021 2674 5086 ὑποστάσεις
2699 5061 2716 5086 ,
2771 5022 2868 5076 τοῦ
2900 5021 2960 5076 δὲ
2991 5020 3169 5090 Λόγου
3210 5019 3285 5089 μὴ
3313 5011 3455 5070 εἶναι
3480 5015 3647 5084 φύσιν

2064 5111 2098 5183 ἢ
2129 5112 2429 5166 ὑπόστασιν
2457 5111 2595 5186 ὅλως
2623 5111 2782 5181 φατὲ,
2816 5109 3216 5167 ἁλλ”ἀνούσιόν
3239 5125 3298 5162 τε
3325 5109 3420 5161 καὶ
3443 5104 3650 5160 dvo-i=6.

2068 5219 2261 5258 στατον
2290 5204 2453 5258 αὑτὸν
2477 5203 2830 5275 διαγράφετε·
2861 5205 2900 5275 ἢ
2923 5202 3016 5258 τοῦ
3048 5200 3146 5275 μὲν
3169 5201 3346 5270 Λόγου
3372 5199 3500 5268 μίαν
3515 5196 3646 5253 ὑπόο

385 5317 576 5355 στασιν
627 5304 725 5355 καὶ
775 5300 904 5372 μίαν
946 5298 1109 5368 φύσιν
1127 5339 1142 5358 ,
1185 5299 1281 5352 ml.
1308 5296 1402 5351 τοῦ
1432 5295 1722 5369 ἀνθρώπου
1751 5297 1809 5351 δὲ
1841 5295 1971 5369 μίαν
2001 5297 2063 5352 οὐ
2097 5298 2258 5370 μόνον
2279 5299 2337 5367 δὲ
2365 5299 2463 5372 τὴν
2489 5300 2809 5364 ὑπόστασιν,
2836 5299 2972 5355 ἀλλὰ
3025 5299 3121 5353 καὶ
3181 5298 3280 5370 τὴν
3302 5295 3463 5366 φύσιν
3481 5292 3644 5360 γινώ-

388 5410 611 5460 σκοντες
638 5395 694 5447 ἐν
719 5393 942 5466 Χριστῷ
969 5392 1343 5464 διηλέγχθητε.
1377 5393 1486 5446 Καὶ
1509 5392 1612 5446 ποῦ
1639 5392 1746 5446 εἱσι
1808 5395 1907 5446 xui.-
1956 5392 2101 5456 τινος
2151 5395 2189 5464 ἡ
2231 5392 2492 5465 τερθρεία
2542 5394 2650 5449 τῶν
2690 5395 2866 5464 λόγων
2912 5394 3008 5449 καὶ
3044 5392 3194 5466 μάχη
3234 5391 3343 5446 τῶν
3380 5390 3644 5461 ῥημάτων

384 5491 481 5544 καὶ
504 5491 844 5562 ἑναντιότηςς
877 5491 969 5544 καὶ
997 5488 1096 5544 οὑκ
1119 5485 1237 5543 οἶδα
1264 5488 1365 5542 ὅσα
1389 5486 1961 5561 καταρῤητορεὺοντες
1996 5489 2442 5560 προοιμιάζεσθε.

1064 5580 1170 5635 AP.
1217 5578 1336 5635 XV.

1064 5580 1104 5635 A
1156 5619 1170 5635 .
1217 5580 1336 5635 XV.

459 5671 521 5730 Si
574 5675 938 5747 personaliter
993 5580 1175 5730 ιῐῗπρῗι
1227 5636 1627 5743 οηινριιδοῐδοιιὶ
1659 5689 1687 5726 a
1737 5686 1966 5741 corpore

2660 5577 2910 5634 ΚΕΦΛΛ.
2949 5577 3031 5631 IE'
3043 5604 3056 5619 ο

2145 5670 2205 5723 Εἰ
2255 5668 2500 5743 διαφέρει
2533 5669 2657 5724 καθ’
2688 5669 2984 5724 ὑπόστασιν
3021 5682 3080 5722 το
3113 5665 3272 5737 σῶμα
3310 5665 3521 5738 Πέτρου
3548 5660 3639 5718 τοῦ
