  <div class='ocr_page' id='page_1' title='image "/cluster/home/n/w/nwhite01/storage/ocr_20150623/86 pt.1/mdp.39015028803867/792.png"; bbox 0 0 3888 6168; ppageno 0'>
   <div class='ocr_carea' id='block_1_1' title="bbox 214 293 396 362">
    <p class='ocr_par' dir='ltr' id='par_1_1' title="bbox 214 293 396 362">
     <span class='ocr_line' id='line_1_1' title="bbox 214 293 396 362; baseline 0.011 -2"><span class='ocrx_word' id='word_1_1' title='bbox 214 293 396 362; x_wconf 69' lang='lat'><strong>1569</strong></span> 
     </span>
    </p>
   </div>
   <div class='ocr_carea' id='block_1_2' title="bbox 1283 309 2661 378">
    <p class='ocr_par' dir='ltr' id='par_1_2' title="bbox 1283 309 2661 378">
     <span class='ocr_line' id='line_1_2' title="bbox 1283 309 2661 378; baseline -0.006 -2"><span class='ocrx_word' id='word_1_2' title='bbox 1283 313 1678 378; x_wconf 79' lang='lat' dir='ltr'><strong>ADVERSUS</strong></span> <span class='ocrx_word' id='word_1_3' title='bbox 1712 310 2264 373; x_wconf 67' lang='lat' dir='ltr'><strong>N‘ESTORIANOS.</strong></span> <span class='ocrx_word' id='word_1_4' title='bbox 2288 334 2358 347; x_wconf 85' lang='grc'><strong>--</strong></span> <span class='ocrx_word' id='word_1_5' title='bbox 2390 310 2536 371; x_wconf 86' lang='lat' dir='ltr'><strong>LIB.</strong></span> <span class='ocrx_word' id='word_1_6' title='bbox 2579 309 2661 369; x_wconf 85' lang='grc' dir='ltr'><strong>Π.</strong></span> 
     </span>
    </p>
   </div>
   <div class='ocr_carea' id='block_1_3' title="bbox 3439 304 3577 370">
    <p class='ocr_par' dir='ltr' id='par_1_3' title="bbox 3439 304 3577 370">
     <span class='ocr_line' id='line_1_3' title="bbox 3439 304 3577 370; baseline 0.014 -2"><span class='ocrx_word' id='word_1_7' title='bbox 3439 304 3577 370; x_wconf 75' lang='lat'><strong>1570</strong></span> 
     </span>
    </p>
   </div>
   <div class='ocr_carea' id='block_1_4' title="bbox 221 395 1912 498">
    <p class='ocr_par' dir='ltr' id='par_1_4' title="bbox 221 417 1896 498">
     <span class='ocr_line' id='line_1_4' title="bbox 221 417 1896 498; baseline -0.003 -16"><span class='ocrx_word' id='word_1_8' title='bbox 221 417 549 492; x_wconf 72' lang='grc' dir='ltr'>σώματος</span> <span class='ocrx_word' id='word_1_9' title='bbox 594 429 860 498; x_wconf 78' lang='grc' dir='ltr'><strong>Παύλου,</strong></span> <span class='ocrx_word' id='word_1_10' title='bbox 902 433 1018 496; x_wconf 83' lang='grc' dir='ltr'><strong>πῶς</strong></span> <span class='ocrx_word' id='word_1_11' title='bbox 1055 445 1154 484; x_wconf 84' lang='grc' dir='ltr'><strong>ουκ</strong></span> <span class='ocrx_word' id='word_1_12' title='bbox 1197 430 1352 482; x_wconf 75' lang='grc' dir='ltr'>ἔσται</span> <span class='ocrx_word' id='word_1_13' title='bbox 1383 429 1479 482; x_wconf 75' lang='grc' dir='ltr'><strong>καὶ</strong></span> <span class='ocrx_word' id='word_1_14' title='bbox 1513 426 1577 481; x_wconf 80' lang='grc' dir='ltr'>τὸ</span> <span class='ocrx_word' id='word_1_15' title='bbox 1610 425 1772 496; x_wconf 85' lang='grc' dir='ltr'>σῶμα</span> <span class='ocrx_word' id='word_1_16' title='bbox 1801 423 1896 478; x_wconf 87' lang='grc' dir='ltr'><strong>τοῦ</strong></span> 
     </span>
    </p>
   </div>
   <div class='ocr_carea' id='block_1_5' title="bbox 2013 395 3581 498">
    <p class='ocr_par' dir='ltr' id='par_1_5' title="bbox 2013 395 3581 492">
     <span class='ocr_line' id='line_1_5' title="bbox 2013 395 3581 492; baseline -0.002 -15"><span class='ocrx_word' id='word_1_17' title='bbox 2013 424 2176 490; x_wconf 72' lang='lat' dir='ltr'><strong>Pauli,</strong></span> <span class='ocrx_word' id='word_1_18' title='bbox 2200 439 2300 478; x_wconf 89' lang='lat' dir='ltr'><strong>cur</strong></span> <span class='ocrx_word' id='word_1_19' title='bbox 2324 435 2618 492; x_wconf 83' lang='lat' dir='ltr'><strong>personam</strong></span> <span class='ocrx_word' id='word_1_20' title='bbox 2647 434 2757 473; x_wconf 89' lang='lat' dir='ltr'><strong>non</strong></span> <span class='ocrx_word' id='word_1_21' title='bbox 2787 417 2954 473; x_wconf 89' lang='lat' dir='ltr'><strong>habet</strong></span> <span class='ocrx_word' id='word_1_22' title='bbox 2986 434 3189 489; x_wconf 89' lang='lat' dir='ltr'><strong>corpus</strong></span> <span class='ocrx_word' id='word_1_23' title='bbox 3212 395 3496 474; x_wconf 73' lang='lat' dir='ltr'><strong>hominis?</strong></span> <span class='ocrx_word' id='word_1_24' title='bbox 3521 421 3581 475; x_wconf 89' lang='lat' dir='ltr'><strong>Si</strong></span> 
     </span>
    </p>
   </div>
   <div class='ocr_carea' id='block_1_6' title="bbox 220 509 1900 594">
    <p class='ocr_par' dir='ltr' id='par_1_6' title="bbox 220 509 1900 594">
     <span class='ocr_line' id='line_1_6' title="bbox 220 509 1900 594; baseline 0.002 -28"><span class='ocrx_word' id='word_1_25' title='bbox 220 509 629 584; x_wconf 77' lang='grc' dir='ltr'>ἀνθρώπου,</span> <span class='ocrx_word' id='word_1_26' title='bbox 671 522 982 578; x_wconf 79' lang='grc' dir='ltr'><strong>ὑπόστασιν</strong></span> <span class='ocrx_word' id='word_1_27' title='bbox 1005 523 1164 594; x_wconf 76' lang='grc' dir='ltr'>έχον;</span> <span class='ocrx_word' id='word_1_28' title='bbox 1196 521 1259 576; x_wconf 79' lang='grc' dir='ltr'><strong>Εἰ</strong></span> <span class='ocrx_word' id='word_1_29' title='bbox 1287 523 1328 592; x_wconf 80' lang='grc' dir='ltr'>,ὴ</span> <span class='ocrx_word' id='word_1_30' title='bbox 1365 521 1514 592; x_wconf 76' lang='grc' dir='ltr'>ψυχὴ</span> <span class='ocrx_word' id='word_1_31' title='bbox 1549 520 1761 590; x_wconf 78' lang='grc' dir='ltr'><strong>Πέτρου</strong></span> <span class='ocrx_word' id='word_1_32' title='bbox 1787 516 1900 587; x_wconf 80' lang='grc' dir='ltr'>ἔχει</span> 
     </span>
    </p>
   </div>
   <div class='ocr_carea' id='block_1_7' title="bbox 223 604 1899 684">
    <p class='ocr_par' dir='ltr' id='par_1_7' title="bbox 223 604 1899 684">
     <span class='ocr_line' id='line_1_7' title="bbox 223 604 1899 684; baseline 0.001 -26"><span class='ocrx_word' id='word_1_33' title='bbox 223 604 613 664; x_wconf 77' lang='grc' dir='ltr'><strong>ὑπόστασιν</strong></span> <span class='ocrx_word' id='word_1_34' title='bbox 637 611 729 678; x_wconf 84' lang='grc' dir='ltr'>ὡς</span> <span class='ocrx_word' id='word_1_35' title='bbox 751 615 956 684; x_wconf 78' lang='grc' dir='ltr'><strong>Πέτρου</strong></span> <span class='ocrx_word' id='word_1_36' title='bbox 982 615 1074 668; x_wconf 72' lang='grc' dir='ltr'>καὶ</span> <span class='ocrx_word' id='word_1_37' title='bbox 1098 612 1280 682; x_wconf 87' lang='grc' dir='ltr'>φύσιν,</span> <span class='ocrx_word' id='word_1_38' title='bbox 1305 614 1400 665; x_wconf 72' lang='grc' dir='ltr'>καὶ</span> <span class='ocrx_word' id='word_1_39' title='bbox 1424 612 1486 664; x_wconf 86' lang='grc' dir='ltr'><strong>τὸ</strong></span> <span class='ocrx_word' id='word_1_40' title='bbox 1509 610 1668 680; x_wconf 84' lang='grc' dir='ltr'>σῶμα</span> <span class='ocrx_word' id='word_1_41' title='bbox 1690 607 1899 680; x_wconf 77' lang='grc' dir='ltr'>Πέτρου</span> 
     </span>
    </p>
   </div>
   <div class='ocr_carea' id='block_1_8' title="bbox 223 699 1901 775">
    <p class='ocr_par' dir='ltr' id='par_1_8' title="bbox 223 699 1901 775">
     <span class='ocr_line' id='line_1_8' title="bbox 223 699 1901 775; baseline 0 -23"><span class='ocrx_word' id='word_1_42' title='bbox 223 699 370 768; x_wconf 69' lang='grc' dir='ltr'>ἔχει</span> <span class='ocrx_word' id='word_1_43' title='bbox 409 702 775 758; x_wconf 73' lang='grc' dir='ltr'><strong>ὑπόστασιν</strong></span> <span class='ocrx_word' id='word_1_44' title='bbox 797 705 872 768; x_wconf 78' lang='grc' dir='ltr'><strong>ὡς</strong></span> <span class='ocrx_word' id='word_1_45' title='bbox 900 707 1104 775; x_wconf 82' lang='grc' dir='ltr'><strong>Πέτρου</strong></span> <span class='ocrx_word' id='word_1_46' title='bbox 1141 705 1238 758; x_wconf 79' lang='grc' dir='ltr'>καὶ</span> <span class='ocrx_word' id='word_1_47' title='bbox 1273 704 1436 772; x_wconf 73' lang='grc' dir='ltr'>φύσιν</span> <span class='ocrx_word' id='word_1_48' title='bbox 1455 721 1470 736; x_wconf 79' lang='grc' dir='ltr'><strong>ο</strong></span> <span class='ocrx_word' id='word_1_49' title='bbox 1502 703 1596 757; x_wconf 85' lang='grc' dir='ltr'>δύο</span> <span class='ocrx_word' id='word_1_50' title='bbox 1625 703 1682 756; x_wconf 81' lang='grc' dir='ltr'><strong>δὲ</strong></span> <span class='ocrx_word' id='word_1_51' title='bbox 1711 701 1901 770; x_wconf 77' lang='grc' dir='ltr'>φύσεις</span> 
     </span>
    </p>
   </div>
   <div class='ocr_carea' id='block_1_9' title="bbox 229 791 1905 868">
    <p class='ocr_par' dir='ltr' id='par_1_9' title="bbox 229 791 1905 868">
     <span class='ocr_line' id='line_1_9' title="bbox 229 791 1905 868; baseline 0.001 -24"><span class='ocrx_word' id='word_1_52' title='bbox 229 791 266 844; x_wconf 81' lang='grc' dir='ltr'><strong>ὑ</strong></span> <span class='ocrx_word' id='word_1_53' title='bbox 301 793 569 866; x_wconf 79' lang='grc' dir='ltr'><strong>Πέτρος</strong></span> <span class='ocrx_word' id='word_1_54' title='bbox 607 797 718 851; x_wconf 77' lang='grc' dir='ltr'><strong>διὰ</strong></span> <span class='ocrx_word' id='word_1_55' title='bbox 747 795 926 867; x_wconf 76' lang='grc' dir='ltr'>ψυχὴν</span> <span class='ocrx_word' id='word_1_56' title='bbox 961 797 1055 850; x_wconf 77' lang='grc' dir='ltr'>καὶ</span> <span class='ocrx_word' id='word_1_57' title='bbox 1086 797 1268 868; x_wconf 82' lang='grc' dir='ltr'>σῶμα,</span> <span class='ocrx_word' id='word_1_58' title='bbox 1294 797 1409 860; x_wconf 84' lang='grc' dir='ltr'>πῶς</span> <span class='ocrx_word' id='word_1_59' title='bbox 1439 795 1500 850; x_wconf 87' lang='grc' dir='ltr'><strong>οὑ</strong></span> <span class='ocrx_word' id='word_1_60' title='bbox 1533 794 1626 848; x_wconf 89' lang='grc' dir='ltr'>δύο</span> <span class='ocrx_word' id='word_1_61' title='bbox 1655 797 1751 846; x_wconf 72' lang='grc' dir='ltr'><strong>καὶ</strong></span> <span class='ocrx_word' id='word_1_62' title='bbox 1775 793 1905 846; x_wconf 85' lang='grc' dir='ltr'>ὑπο-</span> 
     </span>
    </p>
   </div>
   <div class='ocr_carea' id='block_1_10' title="bbox 235 879 1904 958">
    <p class='ocr_par' dir='ltr' id='par_1_10' title="bbox 235 879 1904 958">
     <span class='ocr_line' id='line_1_10' title="bbox 235 879 1904 958; baseline 0.013 -25"><span class='ocrx_word' id='word_1_63' title='bbox 235 881 513 946; x_wconf 79' lang='grc' dir='ltr'>στάσεις</span> <span class='ocrx_word' id='word_1_64' title='bbox 547 888 583 938; x_wconf 84' lang='grc' dir='ltr'>ὁ</span> <span class='ocrx_word' id='word_1_65' title='bbox 647 888 858 958; x_wconf 79' lang='grc' dir='ltr'>Πέτρος</span> <span class='ocrx_word' id='word_1_66' title='bbox 897 887 988 940; x_wconf 84' lang='grc' dir='ltr'><strong>διὰ</strong></span> <span class='ocrx_word' id='word_1_67' title='bbox 1026 887 1208 956; x_wconf 75' lang='grc' dir='ltr'>ψυχὴν</span> <span class='ocrx_word' id='word_1_68' title='bbox 1253 887 1348 941; x_wconf 73' lang='grc' dir='ltr'><strong>καὶ</strong></span> <span class='ocrx_word' id='word_1_69' title='bbox 1391 886 1552 956; x_wconf 75' lang='grc' dir='ltr'>σῶμα</span> <span class='ocrx_word' id='word_1_70' title='bbox 1579 901 1596 949; x_wconf 85' lang='grc'><strong>;</strong></span> <span class='ocrx_word' id='word_1_71' title='bbox 1627 885 1690 939; x_wconf 71' lang='grc' dir='ltr'><strong>Εἰ</strong></span> <span class='ocrx_word' id='word_1_72' title='bbox 1728 883 1784 936; x_wconf 71' lang='grc' dir='ltr'><strong>δὲ</strong></span> <span class='ocrx_word' id='word_1_73' title='bbox 1811 879 1904 935; x_wconf 68' lang='grc' dir='ltr'><strong>δύο</strong></span> 
     </span>
    </p>
   </div>
   <div class='ocr_carea' id='block_1_11' title="bbox 241 969 1904 1047">
    <p class='ocr_par' dir='ltr' id='par_1_11' title="bbox 241 969 1904 1047">
     <span class='ocr_line' id='line_1_11' title="bbox 241 969 1904 1047; baseline -0.009 -7"><span class='ocrx_word' id='word_1_74' title='bbox 241 971 487 1040; x_wconf 79' lang='grc' dir='ltr'>φύσεις</span> <span class='ocrx_word' id='word_1_75' title='bbox 521 976 563 1045; x_wconf 84' lang='grc' dir='ltr'>ἡ</span> <span class='ocrx_word' id='word_1_76' title='bbox 598 974 762 1046; x_wconf 71' lang='grc' dir='ltr'>ψυχὴ</span> <span class='ocrx_word' id='word_1_77' title='bbox 797 977 1004 1047; x_wconf 85' lang='grc' dir='ltr'><strong>Πέτρου</strong></span> <span class='ocrx_word' id='word_1_78' title='bbox 1026 977 1119 1030; x_wconf 80' lang='grc' dir='ltr'><strong>καὶ</strong></span> <span class='ocrx_word' id='word_1_79' title='bbox 1142 977 1204 1030; x_wconf 78' lang='grc' dir='ltr'>τὸ</span> <span class='ocrx_word' id='word_1_80' title='bbox 1233 977 1414 1046; x_wconf 82' lang='grc' dir='ltr'>σῶμα,</span> <span class='ocrx_word' id='word_1_81' title='bbox 1439 975 1650 1029; x_wconf 74' lang='grc' dir='ltr'>καὶδύο</span> <span class='ocrx_word' id='word_1_82' title='bbox 1671 969 1904 1026; x_wconf 68' lang='grc' dir='ltr'>ὑπόστὰ·</span> 
     </span>
    </p>
   </div>
   <div class='ocr_carea' id='block_1_12' title="bbox 245 1063 1904 1138">
    <p class='ocr_par' dir='ltr' id='par_1_12' title="bbox 245 1063 1904 1138">
     <span class='ocr_line' id='line_1_12' title="bbox 245 1063 1904 1138; baseline 0.009 -25"><span class='ocrx_word' id='word_1_83' title='bbox 245 1078 387 1123; x_wconf 85' lang='grc' dir='ltr'>σεις</span> <span class='ocrx_word' id='word_1_84' title='bbox 425 1065 468 1134; x_wconf 78' lang='grc' dir='ltr'>ἡ</span> <span class='ocrx_word' id='word_1_85' title='bbox 506 1065 688 1138; x_wconf 80' lang='grc' dir='ltr'>ψυχὴ</span> <span class='ocrx_word' id='word_1_86' title='bbox 719 1068 926 1136; x_wconf 79' lang='grc' dir='ltr'><strong>Πέτρου</strong></span> <span class='ocrx_word' id='word_1_87' title='bbox 957 1067 1052 1120; x_wconf 78' lang='grc' dir='ltr'><strong>καὶ</strong></span> <span class='ocrx_word' id='word_1_88' title='bbox 1086 1066 1148 1120; x_wconf 83' lang='grc' dir='ltr'>τὺ</span> <span class='ocrx_word' id='word_1_89' title='bbox 1177 1065 1357 1136; x_wconf 84' lang='grc' dir='ltr'>σῶμα,</span> <span class='ocrx_word' id='word_1_90' title='bbox 1380 1065 1498 1130; x_wconf 66' lang='grc' dir='ltr'><strong>πῶς</strong></span> <span class='ocrx_word' id='word_1_91' title='bbox 1529 1065 1590 1119; x_wconf 85' lang='grc' dir='ltr'><strong>οὑ</strong></span> <span class='ocrx_word' id='word_1_92' title='bbox 1623 1064 1816 1134; x_wconf 71' lang='grc' dir='ltr'>ψευδὲς</span> <span class='ocrx_word' id='word_1_93' title='bbox 1844 1063 1904 1116; x_wconf 78' lang='grc' dir='ltr'><strong>’έδ</strong></span> 
     </span>
    </p>
   </div>
   <div class='ocr_carea' id='block_1_13' title="bbox 245 1151 1906 1228">
    <p class='ocr_par' dir='ltr' id='par_1_13' title="bbox 245 1151 1906 1228">
     <span class='ocr_line' id='line_1_13' title="bbox 245 1151 1906 1228; baseline 0.001 -22"><span class='ocrx_word' id='word_1_94' title='bbox 245 1151 364 1206; x_wconf 80' lang='grc' dir='ltr'>δύο</span> <span class='ocrx_word' id='word_1_95' title='bbox 401 1155 644 1224; x_wconf 80' lang='grc' dir='ltr'>φύσεις</span> <span class='ocrx_word' id='word_1_96' title='bbox 683 1156 860 1226; x_wconf 83' lang='grc' dir='ltr'>λέγειν</span> <span class='ocrx_word' id='word_1_97' title='bbox 891 1159 980 1211; x_wconf 83' lang='grc' dir='ltr'>τὸν</span> <span class='ocrx_word' id='word_1_98' title='bbox 1017 1157 1326 1228; x_wconf 82' lang='grc' dir='ltr'>ἄνθρωπον,</span> <span class='ocrx_word' id='word_1_99' title='bbox 1359 1159 1454 1211; x_wconf 72' lang='grc' dir='ltr'>καὶ</span> <span class='ocrx_word' id='word_1_100' title='bbox 1495 1159 1624 1227; x_wconf 80' lang='grc' dir='ltr'>μίαν</span> <span class='ocrx_word' id='word_1_101' title='bbox 1661 1156 1906 1209; x_wconf 75' lang='grc' dir='ltr'>ὑπόστα-</span> 
     </span>
    </p>
   </div>
   <div class='ocr_carea' id='block_1_14' title="bbox 251 1245 1906 1320">
    <p class='ocr_par' dir='ltr' id='par_1_14' title="bbox 251 1245 1906 1320">
     <span class='ocr_line' id='line_1_14' title="bbox 251 1245 1906 1320; baseline 0.001 -24"><span class='ocrx_word' id='word_1_102' title='bbox 251 1261 358 1296; x_wconf 86' lang='grc' dir='ltr'><strong>σιν</strong></span> <span class='ocrx_word' id='word_1_103' title='bbox 400 1262 420 1309; x_wconf 85' lang='lat'><strong>;</strong></span> <span class='ocrx_word' id='word_1_104' title='bbox 464 1247 630 1310; x_wconf 86' lang='grc' dir='ltr'>Ταῖς</span> <span class='ocrx_word' id='word_1_105' title='bbox 659 1248 950 1318; x_wconf 77' lang='grc' dir='ltr'>ὑμετέραις</span> <span class='ocrx_word' id='word_1_106' title='bbox 975 1248 1174 1320; x_wconf 79' lang='grc' dir='ltr'>ἄρκυσι</span> <span class='ocrx_word' id='word_1_107' title='bbox 1209 1245 1630 1318; x_wconf 79' lang='grc' dir='ltr'>περιεπλάκητε</span> <span class='ocrx_word' id='word_1_108' title='bbox 1669 1262 1683 1276; x_wconf 82' lang='grc'><strong>’</strong></span> <span class='ocrx_word' id='word_1_109' title='bbox 1719 1247 1814 1300; x_wconf 72' lang='grc' dir='ltr'><strong>καί⁸</strong></span> <span class='ocrx_word' id='word_1_110' title='bbox 1846 1245 1906 1298; x_wconf 80' lang='grc' dir='ltr'><strong>τὸ</strong></span> 
     </span>
    </p>
   </div>
   <div class='ocr_carea' id='block_1_15' title="bbox 257 1337 1906 1410">
    <p class='ocr_par' dir='ltr' id='par_1_15' title="bbox 257 1337 1906 1410">
     <span class='ocr_line' id='line_1_15' title="bbox 257 1337 1906 1410; baseline 0 -21"><span class='ocrx_word' id='word_1_111' title='bbox 257 1337 608 1392; x_wconf 74' lang='grc' dir='ltr'>Δαυῖδικδν</span> <span class='ocrx_word' id='word_1_112' title='bbox 645 1340 774 1410; x_wconf 88' lang='grc' dir='ltr'>ὑμῖν</span> <span class='ocrx_word' id='word_1_113' title='bbox 803 1339 1030 1410; x_wconf 74' lang='grc' dir='ltr'>ὲπιὸοᾷν</span> <span class='ocrx_word' id='word_1_114' title='bbox 1061 1341 1208 1410; x_wconf 82' lang='grc' dir='ltr'>ἡμᾶς</span> <span class='ocrx_word' id='word_1_115' title='bbox 1233 1337 1687 1408; x_wconf 77' lang='grc' dir='ltr'><strong>παρασκευάζετε</strong></span> <span class='ocrx_word' id='word_1_116' title='bbox 1710 1353 1726 1367; x_wconf 77' lang='grc' dir='ltr'><strong><em>ο</em></strong></span> <span class='ocrx_word' id='word_1_117' title='bbox 1757 1357 1774 1389; x_wconf 87' lang='grc' dir='ltr'><strong>ι</strong></span> <span class='ocrx_word' id='word_1_118' title='bbox 1817 1337 1906 1389; x_wconf 88' lang='grc' dir='ltr'><strong>Ἐν</strong></span> 
     </span>
    </p>
   </div>
   <div class='ocr_carea' id='block_1_16' title="bbox 260 1428 1907 1500">
    <p class='ocr_par' dir='ltr' id='par_1_16' title="bbox 260 1428 1907 1500">
     <span class='ocr_line' id='line_1_16' title="bbox 260 1428 1907 1500; baseline 0 -20"><span class='ocrx_word' id='word_1_119' title='bbox 260 1430 400 1491; x_wconf 84' lang='grc' dir='ltr'>τοῖς</span> <span class='ocrx_word' id='word_1_120' title='bbox 439 1428 658 1500; x_wconf 78' lang='grc' dir='ltr'>ἔργοις</span> <span class='ocrx_word' id='word_1_121' title='bbox 681 1429 789 1482; x_wconf 83' lang='grc' dir='ltr'>τῶν</span> <span class='ocrx_word' id='word_1_122' title='bbox 815 1431 1025 1500; x_wconf 83' lang='grc' dir='ltr'>χειρῶν</span> <span class='ocrx_word' id='word_1_123' title='bbox 1047 1429 1216 1484; x_wconf 84' lang='grc' dir='ltr'>αὐτοῦ</span> <span class='ocrx_word' id='word_1_124' title='bbox 1251 1429 1562 1498; x_wconf 80' lang='grc' dir='ltr'>συνελήφθη</span> <span class='ocrx_word' id='word_1_125' title='bbox 1591 1431 1619 1482; x_wconf 85' lang='grc' dir='ltr'>ὀ</span> <span class='ocrx_word' id='word_1_126' title='bbox 1647 1430 1907 1499; x_wconf 73' lang='grc' dir='ltr'>ἀμαρτωο</span> 
     </span>
    </p>
   </div>
   <div class='ocr_carea' id='block_1_17' title="bbox 260 1517 1906 1592">
    <p class='ocr_par' dir='ltr' id='par_1_17' title="bbox 260 1517 1906 1592">
     <span class='ocr_line' id='line_1_17' title="bbox 260 1517 1906 1592; baseline 0 -22"><span class='ocrx_word' id='word_1_127' title='bbox 260 1518 400 1582; x_wconf 78' lang='grc' dir='ltr'>λδς,</span> <span class='ocrx_word' id='word_1_128' title='bbox 438 1538 460 1570; x_wconf 78' lang='grc' dir='ltr'><strong>ι</strong></span> <span class='ocrx_word' id='word_1_129' title='bbox 513 1521 650 1585; x_wconf 69' lang='grc' dir='ltr'>καὶ,</span> <span class='ocrx_word' id='word_1_130' title='bbox 686 1539 704 1571; x_wconf 85' lang='grc' dir='ltr'><strong>ι</strong></span> <span class='ocrx_word' id='word_1_131' title='bbox 727 1519 1075 1592; x_wconf 76' lang='grc' dir='ltr'>Ἐπιστρέψει</span> <span class='ocrx_word' id='word_1_132' title='bbox 1103 1522 1132 1572; x_wconf 85' lang='grc' dir='ltr'>ὁ</span> <span class='ocrx_word' id='word_1_133' title='bbox 1158 1519 1318 1582; x_wconf 71' lang='grc' dir='ltr'>πόνος</span> <span class='ocrx_word' id='word_1_134' title='bbox 1351 1519 1516 1573; x_wconf 84' lang='grc' dir='ltr'>αὑτοῦ</span> <span class='ocrx_word' id='word_1_135' title='bbox 1541 1521 1622 1582; x_wconf 80' lang='grc' dir='ltr'><strong>εἰς</strong></span> <span class='ocrx_word' id='word_1_136' title='bbox 1664 1517 1906 1588; x_wconf 78' lang='grc' dir='ltr'>κεφαλὴν</span> 
     </span>
    </p>
   </div>
   <div class='ocr_carea' id='block_1_18' title="bbox 279 1605 1910 1682">
    <p class='ocr_par' dir='ltr' id='par_1_18' title="bbox 279 1605 1910 1682">
     <span class='ocr_line' id='line_1_18' title="bbox 279 1605 1910 1682; baseline 0.001 -21"><span class='ocrx_word' id='word_1_137' title='bbox 279 1609 552 1663; x_wconf 82' lang='grc' dir='ltr'>αὑτοῦ-»</span> <span class='ocrx_word' id='word_1_138' title='bbox 581 1605 688 1663; x_wconf 76' lang='grc' dir='ltr'>Ὧν</span> <span class='ocrx_word' id='word_1_139' title='bbox 713 1611 822 1682; x_wconf 78' lang='grc' dir='ltr'>γὰρ</span> <span class='ocrx_word' id='word_1_140' title='bbox 867 1612 1068 1682; x_wconf 79' lang='grc' dir='ltr'><strong>ἀρτίως</strong></span> <span class='ocrx_word' id='word_1_141' title='bbox 1120 1611 1354 1678; x_wconf 72' lang='grc' dir='ltr'>ἐλέγετε,</span> <span class='ocrx_word' id='word_1_142' title='bbox 1389 1610 1506 1663; x_wconf 85' lang='grc' dir='ltr'>δέον</span> <span class='ocrx_word' id='word_1_143' title='bbox 1539 1611 1680 1678; x_wconf 72' lang='grc' dir='ltr'>ὑμᾶς</span> <span class='ocrx_word' id='word_1_144' title='bbox 1717 1609 1910 1680; x_wconf 81' lang='grc' dir='ltr'>μιμνή-</span> 
     </span>
    </p>
   </div>
   <div class='ocr_carea' id='block_1_19' title="bbox 265 1695 1906 1770">
    <p class='ocr_par' dir='ltr' id='par_1_19' title="bbox 265 1695 1906 1770">
     <span class='ocr_line' id='line_1_19' title="bbox 265 1695 1906 1770; baseline 0.001 -20"><span class='ocrx_word' id='word_1_145' title='bbox 265 1699 551 1752; x_wconf 79' lang='grc' dir='ltr'>σκεσθαι</span> <span class='ocrx_word' id='word_1_146' title='bbox 584 1717 600 1730; x_wconf 89' lang='grc'><strong>·</strong></span> <span class='ocrx_word' id='word_1_147' title='bbox 629 1703 688 1753; x_wconf 79' lang='grc' dir='ltr'>ἐν</span> <span class='ocrx_word' id='word_1_148' title='bbox 731 1695 811 1765; x_wconf 73' lang='grc' dir='ltr'>οἷς</span> <span class='ocrx_word' id='word_1_149' title='bbox 859 1701 954 1755; x_wconf 85' lang='grc' dir='ltr'><strong>δύο</strong></span> <span class='ocrx_word' id='word_1_150' title='bbox 985 1701 1083 1766; x_wconf 71' lang='grc' dir='ltr'><strong>τὰς</strong></span> <span class='ocrx_word' id='word_1_151' title='bbox 1111 1700 1445 1764; x_wconf 82' lang='grc' dir='ltr'>ὑποστάσεις</span> <span class='ocrx_word' id='word_1_152' title='bbox 1488 1700 1582 1754; x_wconf 86' lang='grc' dir='ltr'><strong>τοῦ</strong></span> <span class='ocrx_word' id='word_1_153' title='bbox 1619 1700 1906 1770; x_wconf 81' lang='grc' dir='ltr'>ἀνθρώπου</span> 
     </span>
    </p>
   </div>
   <div class='ocr_carea' id='block_1_20' title="bbox 223 1791 1904 1864">
    <p class='ocr_par' dir='ltr' id='par_1_20' title="bbox 223 1791 1904 1864">
     <span class='ocr_line' id='line_1_20' title="bbox 223 1791 1904 1864; baseline 0.002 -23"><span class='ocrx_word' id='word_1_154' title='bbox 223 1837 230 1841; x_wconf 87' lang='grc'>.</span> <span class='ocrx_word' id='word_1_155' title='bbox 273 1791 572 1856; x_wconf 82' lang='grc' dir='ltr'>θέλοντες</span> <span class='ocrx_word' id='word_1_156' title='bbox 607 1795 1060 1858; x_wconf 80' lang='grc' dir='ltr'>κατασκευάζειν,</span> <span class='ocrx_word' id='word_1_157' title='bbox 1095 1795 1244 1864; x_wconf 83' lang='grc' dir='ltr'>τρεῖς</span> <span class='ocrx_word' id='word_1_158' title='bbox 1269 1795 1416 1862; x_wconf 79' lang='grc' dir='ltr'>ἡμᾶς</span> <span class='ocrx_word' id='word_1_159' title='bbox 1451 1792 1548 1856; x_wconf 79' lang='grc' dir='ltr'>τὰς</span> <span class='ocrx_word' id='word_1_160' title='bbox 1575 1792 1767 1862; x_wconf 79' lang='grc' dir='ltr'>φύσεις</span> <span class='ocrx_word' id='word_1_161' title='bbox 1809 1791 1904 1846; x_wconf 87' lang='grc' dir='ltr'><strong>τοῦ</strong></span> 
     </span>
    </p>
   </div>
   <div class='ocr_carea' id='block_1_21' title="bbox 273 1881 1910 1958">
    <p class='ocr_par' dir='ltr' id='par_1_21' title="bbox 273 1881 1910 1958">
     <span class='ocr_line' id='line_1_21' title="bbox 273 1881 1910 1958; baseline -0.001 -18"><span class='ocrx_word' id='word_1_162' title='bbox 273 1888 581 1958; x_wconf 80' lang='grc' dir='ltr'>Σωτῆρος</span> <span class='ocrx_word' id='word_1_163' title='bbox 637 1887 838 1956; x_wconf 78' lang='grc' dir='ltr'>λέγειν,</span> <span class='ocrx_word' id='word_1_164' title='bbox 894 1887 1178 1954; x_wconf 78' lang='grc' dir='ltr'>συνάγετε.</span> <span class='ocrx_word' id='word_1_165' title='bbox 1214 1886 1439 1958; x_wconf 80' lang='grc' dir='ltr'>Πρῶτον</span> <span class='ocrx_word' id='word_1_166' title='bbox 1498 1885 1594 1956; x_wconf 80' lang='grc' dir='ltr'>μὲν</span> <span class='ocrx_word' id='word_1_167' title='bbox 1621 1881 1716 1938; x_wconf 82' lang='grc' dir='ltr'><strong>οῦν</strong></span> <span class='ocrx_word' id='word_1_168' title='bbox 1762 1885 1910 1954; x_wconf 74' lang='grc' dir='ltr'>ὅπως</span> 
     </span>
    </p>
   </div>
   <div class='ocr_carea' id='block_1_22' title="bbox 278 1973 1911 2050">
    <p class='ocr_par' dir='ltr' id='par_1_22' title="bbox 278 1973 1911 2050">
     <span class='ocr_line' id='line_1_22' title="bbox 278 1973 1911 2050; baseline -0.002 -19"><span class='ocrx_word' id='word_1_169' title='bbox 278 1973 412 2031; x_wconf 73' lang='grc' dir='ltr'>εἶεν</span> <span class='ocrx_word' id='word_1_170' title='bbox 477 1979 744 2050; x_wconf 81' lang='grc' dir='ltr'>διάφοροι</span> <span class='ocrx_word' id='word_1_171' title='bbox 793 1979 974 2048; x_wconf 78' lang='grc' dir='ltr'>ψυχῆς</span> <span class='ocrx_word' id='word_1_172' title='bbox 1021 1979 1118 2032; x_wconf 74' lang='grc' dir='ltr'><strong>καὶ</strong></span> <span class='ocrx_word' id='word_1_173' title='bbox 1179 1977 1430 2046; x_wconf 85' lang='grc' dir='ltr'>σώματος</span> <span class='ocrx_word' id='word_1_174' title='bbox 1477 1978 1532 2030; x_wconf 84' lang='grc' dir='ltr'><strong>αι</strong></span> <span class='ocrx_word' id='word_1_175' title='bbox 1581 1977 1911 2040; x_wconf 80' lang='grc' dir='ltr'>ὑποστάσεις</span> 
     </span>
    </p>
   </div>
   <div class='ocr_carea' id='block_1_23' title="bbox 281 2065 1914 2138">
    <p class='ocr_par' dir='ltr' id='par_1_23' title="bbox 281 2065 1914 2138">
     <span class='ocr_line' id='line_1_23' title="bbox 281 2065 1914 2138; baseline -0.002 -15"><span class='ocrx_word' id='word_1_176' title='bbox 281 2069 426 2132; x_wconf 73' lang='grc' dir='ltr'>ἑνὸς</span> <span class='ocrx_word' id='word_1_177' title='bbox 467 2071 580 2122; x_wconf 66' lang='grc' dir='ltr'>καὶ</span> <span class='ocrx_word' id='word_1_178' title='bbox 601 2069 696 2123; x_wconf 90' lang='grc' dir='ltr'><strong>τοῦ</strong></span> <span class='ocrx_word' id='word_1_179' title='bbox 722 2070 889 2124; x_wconf 82' lang='grc' dir='ltr'>αὑτοῦ</span> <span class='ocrx_word' id='word_1_180' title='bbox 917 2069 1118 2132; x_wconf 81' lang='grc' dir='ltr'>ζῶντος</span> <span class='ocrx_word' id='word_1_181' title='bbox 1151 2069 1208 2123; x_wconf 74' lang='grc' dir='ltr'>ἐν</span> <span class='ocrx_word' id='word_1_182' title='bbox 1237 2069 1402 2138; x_wconf 71' lang='grc' dir='ltr'>σαρκὶ</span> <span class='ocrx_word' id='word_1_183' title='bbox 1436 2065 1728 2137; x_wconf 82' lang='grc' dir='ltr'>ἀνθρώπου</span> <span class='ocrx_word' id='word_1_184' title='bbox 1758 2067 1914 2136; x_wconf 81' lang='grc' dir='ltr'>ἀγνο-</span> 
     </span>
    </p>
   </div>
   <div class='ocr_carea' id='block_1_24' title="bbox 285 2156 1910 2231">
    <p class='ocr_par' dir='ltr' id='par_1_24' title="bbox 285 2156 1910 2231">
     <span class='ocr_line' id='line_1_24' title="bbox 285 2156 1910 2231; baseline -0.003 -16"><span class='ocrx_word' id='word_1_185' title='bbox 285 2159 488 2230; x_wconf 85' lang='grc' dir='ltr'>οῦμεν</span> <span class='ocrx_word' id='word_1_186' title='bbox 525 2175 546 2193; x_wconf 75' lang='grc' dir='ltr'><strong>ο</strong></span> <span class='ocrx_word' id='word_1_187' title='bbox 579 2161 634 2214; x_wconf 79' lang='grc' dir='ltr'><strong>εί</strong></span> <span class='ocrx_word' id='word_1_188' title='bbox 667 2161 779 2231; x_wconf 83' lang='grc' dir='ltr'>γὰρ</span> <span class='ocrx_word' id='word_1_189' title='bbox 813 2160 1013 2226; x_wconf 80' lang='grc' dir='ltr'>ζῶντος</span> <span class='ocrx_word' id='word_1_190' title='bbox 1047 2160 1142 2213; x_wconf 78' lang='grc' dir='ltr'>καὶ</span> <span class='ocrx_word' id='word_1_191' title='bbox 1181 2156 1491 2228; x_wconf 72' lang='grc' dir='ltr'>σωζομένου</span> <span class='ocrx_word' id='word_1_192' title='bbox 1527 2157 1621 2211; x_wconf 86' lang='grc' dir='ltr'><strong>τοῦ</strong></span> <span class='ocrx_word' id='word_1_193' title='bbox 1655 2157 1910 2211; x_wconf 82' lang='grc' dir='ltr'>συνθέτου</span> 
     </span>
    </p>
   </div>
   <div class='ocr_carea' id='block_1_25' title="bbox 281 2249 1913 2320">
    <p class='ocr_par' dir='ltr' id='par_1_25' title="bbox 281 2249 1913 2320">
     <span class='ocr_line' id='line_1_25' title="bbox 281 2249 1913 2320; baseline 0 -18"><span class='ocrx_word' id='word_1_194' title='bbox 281 2251 447 2315; x_wconf 77' lang='grc' dir='ltr'>ζώου</span> <span class='ocrx_word' id='word_1_195' title='bbox 482 2250 596 2304; x_wconf 75' lang='grc' dir='ltr'>δύο</span> <span class='ocrx_word' id='word_1_196' title='bbox 631 2252 744 2304; x_wconf 74' lang='grc' dir='ltr'>ἴστε</span> <span class='ocrx_word' id='word_1_197' title='bbox 769 2251 868 2314; x_wconf 84' lang='grc' dir='ltr'>τὰς</span> <span class='ocrx_word' id='word_1_198' title='bbox 893 2252 1218 2314; x_wconf 86' lang='grc' dir='ltr'>ὑποστάσεις</span> <span class='ocrx_word' id='word_1_199' title='bbox 1255 2250 1366 2303; x_wconf 81' lang='grc' dir='ltr'><strong>τῶν</strong></span> <span class='ocrx_word' id='word_1_200' title='bbox 1386 2252 1456 2303; x_wconf 72' lang='grc' dir='ltr'><strong>έν</strong></span> <span class='ocrx_word' id='word_1_201' title='bbox 1485 2249 1632 2320; x_wconf 84' lang='grc' dir='ltr'>αὑτῷ</span> <span class='ocrx_word' id='word_1_202' title='bbox 1659 2251 1716 2302; x_wconf 79' lang='grc' dir='ltr'>ὲν</span> <span class='ocrx_word' id='word_1_203' title='bbox 1749 2249 1826 2320; x_wconf 80' lang='grc' dir='ltr'>τῷ</span> <span class='ocrx_word' id='word_1_204' title='bbox 1850 2251 1913 2302; x_wconf 77' lang='grc' dir='ltr'>ὲκ</span> 
     </span>
    </p>
   </div>
   <div class='ocr_carea' id='block_1_26' title="bbox 279 2341 1912 2414">
    <p class='ocr_par' dir='ltr' id='par_1_26' title="bbox 279 2341 1912 2414">
     <span class='ocr_line' id='line_1_26' title="bbox 279 2341 1912 2414; baseline -0.002 -17"><span class='ocrx_word' id='word_1_205' title='bbox 279 2342 392 2397; x_wconf 81' lang='grc' dir='ltr'><strong>τοῦ</strong></span> <span class='ocrx_word' id='word_1_206' title='bbox 433 2341 696 2396; x_wconf 62' lang='grc' dir='ltr'>θανάτου</span> <span class='ocrx_word' id='word_1_207' title='bbox 742 2342 1008 2414; x_wconf 83' lang='grc' dir='ltr'>χωρισμῷ</span> <span class='ocrx_word' id='word_1_208' title='bbox 1033 2357 1049 2374; x_wconf 82' lang='lat'><strong><em>°</em></strong></span> <span class='ocrx_word' id='word_1_209' title='bbox 1078 2341 1112 2412; x_wconf 81' lang='grc' dir='ltr'>ἢ</span> <span class='ocrx_word' id='word_1_210' title='bbox 1167 2343 1228 2395; x_wconf 87' lang='grc' dir='ltr'><strong>οὑ</strong></span> <span class='ocrx_word' id='word_1_211' title='bbox 1258 2341 1351 2394; x_wconf 90' lang='grc' dir='ltr'><strong>δύο</strong></span> <span class='ocrx_word' id='word_1_212' title='bbox 1383 2341 1544 2410; x_wconf 83' lang='grc' dir='ltr'>μόνον</span> <span class='ocrx_word' id='word_1_213' title='bbox 1593 2341 1688 2402; x_wconf 82' lang='grc' dir='ltr'>τὰς</span> <span class='ocrx_word' id='word_1_214' title='bbox 1721 2341 1912 2409; x_wconf 82' lang='grc' dir='ltr'>φύσεις</span> 
     </span>
    </p>
   </div>
   <div class='ocr_carea' id='block_1_27' title="bbox 285 2429 1914 2502">
    <p class='ocr_par' dir='ltr' id='par_1_27' title="bbox 285 2429 1914 2502">
     <span class='ocr_line' id='line_1_27' title="bbox 285 2429 1914 2502; baseline -0.005 -13"><span class='ocrx_word' id='word_1_215' title='bbox 285 2435 479 2490; x_wconf 85' lang='grc' dir='ltr'>αὑτοῦ</span> <span class='ocrx_word' id='word_1_216' title='bbox 547 2434 645 2487; x_wconf 76' lang='grc' dir='ltr'><strong>καὶ</strong></span> <span class='ocrx_word' id='word_1_217' title='bbox 693 2433 1023 2495; x_wconf 80' lang='grc' dir='ltr'>ὑποστάσεις</span> <span class='ocrx_word' id='word_1_218' title='bbox 1083 2431 1288 2502; x_wconf 84' lang='grc' dir='ltr'>ὁμοίως</span> <span class='ocrx_word' id='word_1_219' title='bbox 1344 2430 1484 2494; x_wconf 76' lang='grc' dir='ltr'>ἴστε,</span> <span class='ocrx_word' id='word_1_220' title='bbox 1513 2430 1652 2482; x_wconf 82' lang='grc' dir='ltr'>ἀλλὰ</span> <span class='ocrx_word' id='word_1_221' title='bbox 1694 2429 1914 2492; x_wconf 78' lang='grc' dir='ltr'>πλείους</span> 
     </span>
    </p>
   </div>
   <div class='ocr_carea' id='block_1_28' title="bbox 295 2521 1910 2596">
    <p class='ocr_par' dir='ltr' id='par_1_28' title="bbox 295 2521 1910 2596">
     <span class='ocr_line' id='line_1_28' title="bbox 295 2521 1910 2596; baseline -0.004 -15"><span class='ocrx_word' id='word_1_222' title='bbox 295 2528 396 2582; x_wconf 67' lang='grc' dir='ltr'><strong>διὰ</strong></span> <span class='ocrx_word' id='word_1_223' title='bbox 453 2530 568 2581; x_wconf 83' lang='grc' dir='ltr'><strong>τὸν</strong></span> <span class='ocrx_word' id='word_1_224' title='bbox 611 2525 894 2596; x_wconf 77' lang='grc' dir='ltr'>χωρισμὸν</span> <span class='ocrx_word' id='word_1_225' title='bbox 920 2523 1016 2578; x_wconf 70' lang='grc' dir='ltr'><strong>καὶ</strong></span> <span class='ocrx_word' id='word_1_226' title='bbox 1034 2521 1134 2592; x_wconf 81' lang='grc' dir='ltr'>τὴν</span> <span class='ocrx_word' id='word_1_227' title='bbox 1162 2522 1424 2594; x_wconf 79' lang='grc' dir='ltr'>διαίρεσιν</span> <span class='ocrx_word' id='word_1_228' title='bbox 1452 2521 1548 2576; x_wconf 90' lang='grc' dir='ltr'><strong>τοῦ</strong></span> <span class='ocrx_word' id='word_1_229' title='bbox 1589 2521 1729 2584; x_wconf 79' lang='grc' dir='ltr'>ζώου</span> <span class='ocrx_word' id='word_1_230' title='bbox 1759 2537 1774 2552; x_wconf 85' lang='grc'>·</span> <span class='ocrx_word' id='word_1_231' title='bbox 1802 2522 1910 2574; x_wconf 78' lang='grc' dir='ltr'>πᾶν</span> 
     </span>
    </p>
   </div>
   <div class='ocr_carea' id='block_1_29' title="bbox 294 2612 1909 2693">
    <p class='ocr_par' dir='ltr' id='par_1_29' title="bbox 294 2612 1909 2693">
     <span class='ocr_line' id='line_1_29' title="bbox 294 2612 1909 2693; baseline -0.006 -18"><span class='ocrx_word' id='word_1_232' title='bbox 294 2623 422 2693; x_wconf 83' lang='grc' dir='ltr'>γὰρ</span> <span class='ocrx_word' id='word_1_233' title='bbox 451 2617 844 2688; x_wconf 82' lang='grc' dir='ltr'>διαιρούμενον</span> <span class='ocrx_word' id='word_1_234' title='bbox 875 2615 1136 2687; x_wconf 78' lang='grc' dir='ltr'>πληθύνει</span> <span class='ocrx_word' id='word_1_235' title='bbox 1166 2615 1258 2668; x_wconf 71' lang='grc' dir='ltr'>τὸν</span> <span class='ocrx_word' id='word_1_236' title='bbox 1279 2613 1474 2668; x_wconf 80' lang='grc' dir='ltr'>ἑαυτοῦ</span> <span class='ocrx_word' id='word_1_237' title='bbox 1505 2612 1740 2685; x_wconf 77' lang='grc' dir='ltr'>ἀριθμὸν</span> <span class='ocrx_word' id='word_1_238' title='bbox 1762 2653 1778 2676; x_wconf 90' lang='grc'><strong>,</strong></span> <span class='ocrx_word' id='word_1_239' title='bbox 1813 2613 1909 2666; x_wconf 70' lang='grc' dir='ltr'><strong>καὶ</strong></span> 
     </span>
    </p>
   </div>
   <div class='ocr_carea' id='block_1_30' title="bbox 301 2705 1913 2780">
    <p class='ocr_par' dir='ltr' id='par_1_30' title="bbox 301 2705 1913 2780">
     <span class='ocr_line' id='line_1_30' title="bbox 301 2705 1913 2780; baseline -0.006 -14"><span class='ocrx_word' id='word_1_240' title='bbox 301 2713 550 2766; x_wconf 64' lang='grc' dir='ltr'>ἔσονται</span> <span class='ocrx_word' id='word_1_241' title='bbox 574 2708 907 2780; x_wconf 29' lang='grc' dir='ltr'>τέσσαρεςηῆ</span> <span class='ocrx_word' id='word_1_242' title='bbox 947 2705 1093 2760; x_wconf 84' lang='grc' dir='ltr'>ὀκτὼ</span> <span class='ocrx_word' id='word_1_243' title='bbox 1119 2709 1176 2760; x_wconf 78' lang='grc' dir='ltr'><strong>αἱ</strong></span> <span class='ocrx_word' id='word_1_244' title='bbox 1202 2709 1326 2759; x_wconf 83' lang='grc' dir='ltr'>κατ’</span> <span class='ocrx_word' id='word_1_245' title='bbox 1351 2707 1515 2760; x_wconf 73' lang='grc' dir='ltr'>αὑτὸν</span> <span class='ocrx_word' id='word_1_246' title='bbox 1571 2705 1762 2774; x_wconf 87' lang='grc' dir='ltr'>φύσεις</span> <span class='ocrx_word' id='word_1_247' title='bbox 1816 2705 1913 2758; x_wconf 77' lang='grc' dir='ltr'><strong>καὶ</strong></span> 
     </span>
    </p>
   </div>
   <div class='ocr_carea' id='block_1_31' title="bbox 310 2793 1917 2866">
    <p class='ocr_par' dir='ltr' id='par_1_31' title="bbox 310 2793 1917 2866">
     <span class='ocr_line' id='line_1_31' title="bbox 310 2793 1917 2866; baseline -0.004 -14"><span class='ocrx_word' id='word_1_248' title='bbox 310 2797 762 2866; x_wconf 83' lang='grc' dir='ltr'>ὑποστάσεις·ἢ</span> <span class='ocrx_word' id='word_1_249' title='bbox 801 2795 900 2858; x_wconf 77' lang='grc' dir='ltr'>τὰς</span> <span class='ocrx_word' id='word_1_250' title='bbox 929 2795 1096 2859; x_wconf 82' lang='grc' dir='ltr'>αὑτὰς</span> <span class='ocrx_word' id='word_1_251' title='bbox 1139 2795 1339 2859; x_wconf 77' lang='grc' dir='ltr'>εἰδότες</span> <span class='ocrx_word' id='word_1_252' title='bbox 1371 2794 1563 2864; x_wconf 80' lang='grc' dir='ltr'>φύσεις</span> <span class='ocrx_word' id='word_1_253' title='bbox 1600 2794 1768 2846; x_wconf 80' lang='grc' dir='ltr'>αὑτοῦ</span> <span class='ocrx_word' id='word_1_254' title='bbox 1819 2793 1917 2847; x_wconf 82' lang='grc' dir='ltr'>καὶ</span> 
     </span>
    </p>
   </div>
   <div class='ocr_carea' id='block_1_32' title="bbox 311 2882 1916 2957">
    <p class='ocr_par' dir='ltr' id='par_1_32' title="bbox 311 2882 1916 2957">
     <span class='ocr_line' id='line_1_32' title="bbox 311 2882 1916 2957; baseline -0.004 -15"><span class='ocrx_word' id='word_1_255' title='bbox 311 2887 665 2950; x_wconf 83' lang='grc' dir='ltr'>ὑποστάσεις</span> <span class='ocrx_word' id='word_1_256' title='bbox 688 2886 782 2940; x_wconf 76' lang='grc' dir='ltr'>καὶ</span> <span class='ocrx_word' id='word_1_257' title='bbox 820 2885 958 2956; x_wconf 76' lang='grc' dir='ltr'>μετὰ</span> <span class='ocrx_word' id='word_1_258' title='bbox 987 2886 1087 2957; x_wconf 84' lang='grc' dir='ltr'><strong>τὴν</strong></span> <span class='ocrx_word' id='word_1_259' title='bbox 1113 2886 1360 2940; x_wconf 79' lang='grc' dir='ltr'>διάλυσιν</span> <span class='ocrx_word' id='word_1_260' title='bbox 1385 2884 1480 2938; x_wconf 89' lang='grc' dir='ltr'><strong>τοῦ</strong></span> <span class='ocrx_word' id='word_1_261' title='bbox 1511 2882 1672 2951; x_wconf 79' lang='grc' dir='ltr'>ζὼου,</span> <span class='ocrx_word' id='word_1_262' title='bbox 1695 2883 1789 2938; x_wconf 81' lang='grc' dir='ltr'>τὸν</span> <span class='ocrx_word' id='word_1_263' title='bbox 1817 2884 1916 2938; x_wconf 86' lang='grc' dir='ltr'>αὑ-</span> 
     </span>
    </p>
   </div>
   <div class='ocr_carea' id='block_1_33' title="bbox 315 2974 1914 3048">
    <p class='ocr_par' dir='ltr' id='par_1_33' title="bbox 315 2974 1914 3048">
     <span class='ocr_line' id='line_1_33' title="bbox 315 2974 1914 3048; baseline -0.004 -13"><span class='ocrx_word' id='word_1_264' title='bbox 315 2983 416 3035; x_wconf 81' lang='grc' dir='ltr'><strong>τὸν</strong></span> <span class='ocrx_word' id='word_1_265' title='bbox 469 2978 692 3034; x_wconf 76' lang='grc' dir='ltr'>ἔσεσθαι</span> <span class='ocrx_word' id='word_1_266' title='bbox 727 2977 888 3046; x_wconf 82' lang='grc' dir='ltr'>λόγον</span> <span class='ocrx_word' id='word_1_267' title='bbox 917 2978 1121 3041; x_wconf 77' lang='grc' dir='ltr'>εἰδότες</span> <span class='ocrx_word' id='word_1_268' title='bbox 1153 2978 1296 3032; x_wconf 84' lang='grc' dir='ltr'><strong>κατὰ</strong></span> <span class='ocrx_word' id='word_1_269' title='bbox 1319 2977 1418 3048; x_wconf 80' lang='grc' dir='ltr'>τὴν</span> <span class='ocrx_word' id='word_1_270' title='bbox 1446 2975 1686 3048; x_wconf 78' lang='grc' dir='ltr'>ὓπαρξιν</span> <span class='ocrx_word' id='word_1_271' title='bbox 1718 2974 1812 3030; x_wconf 86' lang='grc' dir='ltr'><strong>τοῦ</strong></span> <span class='ocrx_word' id='word_1_272' title='bbox 1852 2993 1914 3029; x_wconf 88' lang='grc' dir='ltr'><strong>τε</strong></span> 
     </span>
    </p>
   </div>
   <div class='ocr_carea' id='block_1_34' title="bbox 2002 511 3579 581">
    <p class='ocr_par' dir='ltr' id='par_1_34' title="bbox 2002 511 3579 581">
     <span class='ocr_line' id='line_1_34' title="bbox 2002 511 3579 581; baseline -0.004 -11"><span class='ocrx_word' id='word_1_273' title='bbox 2002 517 2187 570; x_wconf 90' lang='lat' dir='ltr'><strong>anima</strong></span> <span class='ocrx_word' id='word_1_274' title='bbox 2227 514 2375 570; x_wconf 87' lang='lat' dir='ltr'><strong>Petri</strong></span> <span class='ocrx_word' id='word_1_275' title='bbox 2398 557 2410 577; x_wconf 84' lang='lat'><em>.</em></span> <span class='ocrx_word' id='word_1_276' title='bbox 2433 525 2495 569; x_wconf 91' lang='lat' dir='ltr'><strong>ut</strong></span> <span class='ocrx_word' id='word_1_277' title='bbox 2521 511 2688 576; x_wconf 88' lang='lat' dir='ltr'><strong>Petri,</strong></span> <span class='ocrx_word' id='word_1_278' title='bbox 2714 511 2884 566; x_wconf 73' lang='lat' dir='ltr'><strong>habet</strong></span> <span class='ocrx_word' id='word_1_279' title='bbox 2903 527 3193 581; x_wconf 79' lang='lat' dir='ltr'><strong>personam</strong></span> <span class='ocrx_word' id='word_1_280' title='bbox 3225 519 3280 566; x_wconf 89' lang='lat' dir='ltr'><strong>et</strong></span> <span class='ocrx_word' id='word_1_281' title='bbox 3299 521 3579 574; x_wconf 78' lang='lat' dir='ltr'><strong>naturam,</strong></span> 
     </span>
    </p>
   </div>
   <div class='ocr_carea' id='block_1_35' title="bbox 2001 603 3580 677">
    <p class='ocr_par' dir='ltr' id='par_1_35' title="bbox 2001 603 3580 677">
     <span class='ocr_line' id='line_1_35' title="bbox 2001 603 3580 677; baseline -0.002 -15"><span class='ocrx_word' id='word_1_282' title='bbox 2001 615 2059 662; x_wconf 88' lang='lat' dir='ltr'><strong>et</strong></span> <span class='ocrx_word' id='word_1_283' title='bbox 2089 622 2292 677; x_wconf 91' lang='lat' dir='ltr'><strong>corpus</strong></span> <span class='ocrx_word' id='word_1_284' title='bbox 2321 606 2492 672; x_wconf 86' lang='lat' dir='ltr'><strong>Petri,</strong></span> <span class='ocrx_word' id='word_1_285' title='bbox 2516 607 2646 676; x_wconf 87' lang='lat' dir='ltr'><strong>quia</strong></span> <span class='ocrx_word' id='word_1_286' title='bbox 2675 604 2848 669; x_wconf 88' lang='lat' dir='ltr'><strong>Petri,</strong></span> <span class='ocrx_word' id='word_1_287' title='bbox 2870 618 3162 674; x_wconf 80' lang='lat' dir='ltr'><strong>personam</strong></span> <span class='ocrx_word' id='word_1_288' title='bbox 3193 603 3358 657; x_wconf 88' lang='lat' dir='ltr'><strong>habet</strong></span> <span class='ocrx_word' id='word_1_289' title='bbox 3387 613 3445 658; x_wconf 86' lang='lat' dir='ltr'><strong>et</strong></span> <span class='ocrx_word' id='word_1_290' title='bbox 3481 618 3580 659; x_wconf 82' lang='lat' dir='ltr'><strong>na-</strong></span> 
     </span>
    </p>
   </div>
   <div class='ocr_carea' id='block_1_36' title="bbox 2001 693 3583 764">
    <p class='ocr_par' dir='ltr' id='par_1_36' title="bbox 2001 693 3583 764">
     <span class='ocr_line' id='line_1_36' title="bbox 2001 693 3583 764; baseline -0.004 -12"><span class='ocrx_word' id='word_1_291' title='bbox 2001 707 2230 764; x_wconf 88' lang='lat' dir='ltr'><strong>turam;</strong></span> <span class='ocrx_word' id='word_1_292' title='bbox 2277 698 2322 752; x_wconf 95' lang='lat' dir='ltr'><strong>si</strong></span> <span class='ocrx_word' id='word_1_293' title='bbox 2367 699 2565 752; x_wconf 77' lang='lat' dir='ltr'><strong>Petrus</strong></span> <span class='ocrx_word' id='word_1_294' title='bbox 2619 695 2758 750; x_wconf 86' lang='lat' dir='ltr'><strong>duas</strong></span> <span class='ocrx_word' id='word_1_295' title='bbox 2811 695 2977 748; x_wconf 89' lang='lat' dir='ltr'><strong>habet</strong></span> <span class='ocrx_word' id='word_1_296' title='bbox 3029 705 3276 757; x_wconf 88' lang='lat' dir='ltr'><strong>naturas,</strong></span> <span class='ocrx_word' id='word_1_297' title='bbox 3331 693 3583 762; x_wconf 84' lang='lat' dir='ltr'><strong>corporis</strong></span> 
     </span>
    </p>
   </div>
   <div class='ocr_carea' id='block_1_37' title="bbox 2001 779 3579 857">
    <p class='ocr_par' dir='ltr' id='par_1_37' title="bbox 2001 779 3579 857">
     <span class='ocr_line' id='line_1_37' title="bbox 2001 779 3579 857; baseline -0.007 -15"><span class='ocrx_word' id='word_1_298' title='bbox 2001 803 2202 857; x_wconf 84' lang='lat' dir='ltr'><strong>nempe</strong></span> <span class='ocrx_word' id='word_1_299' title='bbox 2237 795 2294 841; x_wconf 87' lang='lat' dir='ltr'><strong>et</strong></span> <span class='ocrx_word' id='word_1_300' title='bbox 2326 786 2542 849; x_wconf 67' lang='lat' dir='ltr'><strong>animae,</strong></span> <span class='ocrx_word' id='word_1_301' title='bbox 2586 797 2768 838; x_wconf 84' lang='lat' dir='ltr'><strong>nonne</strong></span> <span class='ocrx_word' id='word_1_302' title='bbox 2813 781 2950 836; x_wconf 85' lang='lat' dir='ltr'><strong>duas</strong></span> <span class='ocrx_word' id='word_1_303' title='bbox 3001 797 3268 851; x_wconf 84' lang='lat' dir='ltr'><strong>personas</strong></span> <span class='ocrx_word' id='word_1_304' title='bbox 3316 779 3579 842; x_wconf 85' lang='lat' dir='ltr'><strong>habebit,</strong></span> 
     </span>
    </p>
   </div>
   <div class='ocr_carea' id='block_1_38' title="bbox 2003 871 3584 948">
    <p class='ocr_par' dir='ltr' id='par_1_38' title="bbox 2003 871 3584 948">
     <span class='ocr_line' id='line_1_38' title="bbox 2003 871 3584 948; baseline -0.005 -15"><span class='ocrx_word' id='word_1_305' title='bbox 2003 879 2250 948; x_wconf 90' lang='lat' dir='ltr'><strong>corporis</strong></span> <span class='ocrx_word' id='word_1_306' title='bbox 2277 888 2334 932; x_wconf 89' lang='lat' dir='ltr'><strong>et</strong></span> <span class='ocrx_word' id='word_1_307' title='bbox 2353 875 2594 931; x_wconf 86' lang='lat' dir='ltr'><strong>animae?</strong></span> <span class='ocrx_word' id='word_1_308' title='bbox 2627 875 2697 929; x_wconf 87' lang='lat' dir='ltr'><strong>Et</strong></span> <span class='ocrx_word' id='word_1_309' title='bbox 2723 874 2768 928; x_wconf 92' lang='lat' dir='ltr'><strong>si</strong></span> <span class='ocrx_word' id='word_1_310' title='bbox 2793 873 2914 928; x_wconf 66' lang='lat' dir='ltr'><strong>dum</strong></span> <span class='ocrx_word' id='word_1_311' title='bbox 2939 882 3068 927; x_wconf 89' lang='lat' dir='ltr'><strong>sunt</strong></span> <span class='ocrx_word' id='word_1_312' title='bbox 3099 883 3311 926; x_wconf 69' lang='lat' dir='ltr'><strong>natura:</strong></span> <span class='ocrx_word' id='word_1_313' title='bbox 3338 912 3354 936; x_wconf 87' lang='lat'><strong>,</strong></span> <span class='ocrx_word' id='word_1_314' title='bbox 3385 871 3584 925; x_wconf 81' lang='lat' dir='ltr'><strong>animae</strong></span> 
     </span>
    </p>
   </div>
   <div class='ocr_carea' id='block_1_39' title="bbox 2005 963 3586 1036">
    <p class='ocr_par' dir='ltr' id='par_1_39' title="bbox 2005 963 3586 1036">
     <span class='ocr_line' id='line_1_39' title="bbox 2005 963 3586 1036; baseline -0.006 -10"><span class='ocrx_word' id='word_1_315' title='bbox 2005 970 2155 1026; x_wconf 88' lang='lat' dir='ltr'><strong>Petri</strong></span> <span class='ocrx_word' id='word_1_316' title='bbox 2208 976 2265 1024; x_wconf 88' lang='lat' dir='ltr'><strong>et</strong></span> <span class='ocrx_word' id='word_1_317' title='bbox 2319 967 2568 1036; x_wconf 89' lang='lat' dir='ltr'><strong>corporis</strong></span> <span class='ocrx_word' id='word_1_318' title='bbox 2601 986 2616 1032; x_wconf 87' lang='lat'><strong>;</strong></span> <span class='ocrx_word' id='word_1_319' title='bbox 2659 973 2716 1021; x_wconf 87' lang='lat' dir='ltr'><strong>et</strong></span> <span class='ocrx_word' id='word_1_320' title='bbox 2753 965 2797 1019; x_wconf 87' lang='lat' dir='ltr'><strong>si</strong></span> <span class='ocrx_word' id='word_1_321' title='bbox 2832 965 2955 1019; x_wconf 60' lang='lat' dir='ltr'><strong>dua:</strong></span> <span class='ocrx_word' id='word_1_322' title='bbox 3007 979 3272 1034; x_wconf 63' lang='lat' dir='ltr'><strong>personat,</strong></span> <span class='ocrx_word' id='word_1_323' title='bbox 3312 963 3586 1016; x_wconf 67' lang='lat' dir='ltr'><strong>anima-.0;</strong></span> 
     </span>
    </p>
   </div>
   <div class='ocr_carea' id='block_1_40' title="bbox 2005 1057 3581 1131">
    <p class='ocr_par' dir='ltr' id='par_1_40' title="bbox 2005 1057 3581 1131">
     <span class='ocr_line' id='line_1_40' title="bbox 2005 1057 3581 1131; baseline -0.004 -15"><span class='ocrx_word' id='word_1_324' title='bbox 2005 1061 2274 1131; x_wconf 90' lang='lat' dir='ltr'><strong>corporis,</strong></span> <span class='ocrx_word' id='word_1_325' title='bbox 2301 1076 2483 1116; x_wconf 90' lang='lat' dir='ltr'><strong>nonne</strong></span> <span class='ocrx_word' id='word_1_326' title='bbox 2515 1061 2784 1114; x_wconf 75' lang='lat' dir='ltr'><strong>mentitur</strong></span> <span class='ocrx_word' id='word_1_327' title='bbox 2809 1059 2903 1129; x_wconf 88' lang='lat' dir='ltr'><strong>qui</strong></span> <span class='ocrx_word' id='word_1_328' title='bbox 2945 1059 3228 1113; x_wconf 88' lang='lat' dir='ltr'><strong>hominem</strong></span> <span class='ocrx_word' id='word_1_329' title='bbox 3259 1057 3398 1111; x_wconf 72' lang='lat' dir='ltr'><strong>dicit</strong></span> <span class='ocrx_word' id='word_1_330' title='bbox 3417 1071 3581 1110; x_wconf 90' lang='lat' dir='ltr'><strong>unam</strong></span> 
     </span>
    </p>
   </div>
   <div class='ocr_carea' id='block_1_41' title="bbox 2005 1153 3586 1232">
    <p class='ocr_par' dir='ltr' id='par_1_41' title="bbox 2005 1153 3586 1232">
     <span class='ocr_line' id='line_1_41' title="bbox 2005 1153 3586 1232; baseline -0.006 -17"><span class='ocrx_word' id='word_1_331' title='bbox 2005 1174 2126 1215; x_wconf 87' lang='lat' dir='ltr'><strong>esse</strong></span> <span class='ocrx_word' id='word_1_332' title='bbox 2169 1173 2457 1228; x_wconf 86' lang='lat' dir='ltr'><strong>personam</strong></span> <span class='ocrx_word' id='word_1_333' title='bbox 2511 1163 2566 1211; x_wconf 89' lang='lat' dir='ltr'><strong>et</strong></span> <span class='ocrx_word' id='word_1_334' title='bbox 2616 1156 2755 1210; x_wconf 86' lang='lat' dir='ltr'><strong>duas</strong></span> <span class='ocrx_word' id='word_1_335' title='bbox 2811 1155 3081 1208; x_wconf 85' lang='lat' dir='ltr'><strong>naturas?</strong></span> <span class='ocrx_word' id='word_1_336' title='bbox 3127 1154 3337 1232; x_wconf 69' lang='lat' dir='ltr'><strong>Vestris</strong></span> <span class='ocrx_word' id='word_1_337' title='bbox 3374 1153 3586 1207; x_wconf 88' lang='lat' dir='ltr'><strong>retibus</strong></span> 
     </span>
    </p>
   </div>
   <div class='ocr_carea' id='block_1_42' title="bbox 2006 1245 3587 1320">
    <p class='ocr_par' dir='ltr' id='par_1_42' title="bbox 2006 1245 3587 1320">
     <span class='ocr_line' id='line_1_42' title="bbox 2006 1245 3587 1320; baseline -0.004 -15"><span class='ocrx_word' id='word_1_338' title='bbox 2006 1249 2298 1320; x_wconf 88' lang='lat' dir='ltr'><strong>capimini,</strong></span> <span class='ocrx_word' id='word_1_339' title='bbox 2338 1247 2584 1318; x_wconf 81' lang='lat' dir='ltr'><strong>illudque</strong></span> <span class='ocrx_word' id='word_1_340' title='bbox 2621 1246 2841 1300; x_wconf 80' lang='lat' dir='ltr'><strong>Davidis</strong></span> <span class='ocrx_word' id='word_1_341' title='bbox 2866 1246 2934 1300; x_wconf 88' lang='lat' dir='ltr'><strong>de</strong></span> <span class='ocrx_word' id='word_1_342' title='bbox 2963 1246 3120 1300; x_wconf 84' lang='lat' dir='ltr'><strong>vobis</strong></span> <span class='ocrx_word' id='word_1_343' title='bbox 3159 1245 3412 1316; x_wconf 90' lang='lat' dir='ltr'><strong>usurpari</strong></span> <span class='ocrx_word' id='word_1_344' title='bbox 3453 1246 3587 1300; x_wconf 79' lang='lat' dir='ltr'><strong>faci-</strong></span> 
     </span>
    </p>
   </div>
   <div class='ocr_carea' id='block_1_43' title="bbox 2005 1339 3586 1410">
    <p class='ocr_par' dir='ltr' id='par_1_43' title="bbox 2005 1339 3586 1410">
     <span class='ocr_line' id='line_1_43' title="bbox 2005 1339 3586 1410; baseline -0.004 -13"><span class='ocrx_word' id='word_1_345' title='bbox 2005 1343 2080 1398; x_wconf 85' lang='lat' dir='ltr'><strong>tis</strong></span> <span class='ocrx_word' id='word_1_346' title='bbox 2119 1357 2133 1396; x_wconf 90' lang='lat'><strong>:</strong></span> <span class='ocrx_word' id='word_1_347' title='bbox 2173 1361 2192 1394; x_wconf 81' lang='grc' dir='ltr'><strong>ι</strong></span> <span class='ocrx_word' id='word_1_348' title='bbox 2227 1341 2288 1396; x_wconf 85' lang='lat' dir='ltr'><strong>In</strong></span> <span class='ocrx_word' id='word_1_349' title='bbox 2322 1339 2584 1410; x_wconf 85' lang='lat' dir='ltr'><strong>operibus</strong></span> <span class='ocrx_word' id='word_1_350' title='bbox 2631 1354 2895 1392; x_wconf 86' lang='lat' dir='ltr'><strong>manuum</strong></span> <span class='ocrx_word' id='word_1_351' title='bbox 2940 1353 3166 1392; x_wconf 84' lang='lat' dir='ltr'><strong>suarum</strong></span> <span class='ocrx_word' id='word_1_352' title='bbox 3225 1339 3586 1406; x_wconf 86' lang='lat' dir='ltr'><strong>comprehen-</strong></span> 
     </span>
    </p>
   </div>
   <div class='ocr_carea' id='block_1_44' title="bbox 2008 1428 3584 1502">
    <p class='ocr_par' dir='ltr' id='par_1_44' title="bbox 2008 1428 3584 1502">
     <span class='ocr_line' id='line_1_44' title="bbox 2008 1428 3584 1502; baseline -0.005 -13"><span class='ocrx_word' id='word_1_353' title='bbox 2008 1449 2104 1490; x_wconf 86' lang='lat' dir='ltr'><strong>sus</strong></span> <span class='ocrx_word' id='word_1_354' title='bbox 2126 1443 2212 1488; x_wconf 89' lang='lat' dir='ltr'><strong>est</strong></span> <span class='ocrx_word' id='word_1_355' title='bbox 2239 1435 2550 1502; x_wconf 77' lang='lat' dir='ltr'><strong>peccator’.</strong></span> <span class='ocrx_word' id='word_1_356' title='bbox 2592 1450 2610 1482; x_wconf 83' lang='grc' dir='ltr'><strong>ι</strong></span> <span class='ocrx_word' id='word_1_357' title='bbox 2641 1431 2711 1485; x_wconf 84' lang='grc' dir='ltr'><strong>Ει</strong></span> <span class='ocrx_word' id='word_1_358' title='bbox 2738 1430 2872 1483; x_wconf 89' lang='lat' dir='ltr'><strong>illud</strong></span> <span class='ocrx_word' id='word_1_359' title='bbox 2903 1448 2916 1482; x_wconf 83' lang='lat'>;</span> <span class='ocrx_word' id='word_1_360' title='bbox 2953 1449 2970 1480; x_wconf 84' lang='grc' dir='ltr'><strong>ι</strong></span> <span class='ocrx_word' id='word_1_361' title='bbox 3001 1428 3372 1484; x_wconf 83' lang='lat' dir='ltr'><strong>Convertetur</strong></span> <span class='ocrx_word' id='word_1_362' title='bbox 3425 1429 3584 1482; x_wconf 83' lang='lat' dir='ltr'><strong>dolor</strong></span> 
     </span>
    </p>
   </div>
   <div class='ocr_carea' id='block_1_45' title="bbox 2006 1515 3584 1594">
    <p class='ocr_par' dir='ltr' id='par_1_45' title="bbox 2006 1515 3584 1594">
     <span class='ocr_line' id='line_1_45' title="bbox 2006 1515 3584 1594; baseline -0.008 -14"><span class='ocrx_word' id='word_1_363' title='bbox 2006 1525 2127 1594; x_wconf 85' lang='lat' dir='ltr'><strong>ejus</strong></span> <span class='ocrx_word' id='word_1_364' title='bbox 2176 1524 2231 1578; x_wconf 89' lang='lat' dir='ltr'><strong>in</strong></span> <span class='ocrx_word' id='word_1_365' title='bbox 2273 1528 2440 1592; x_wconf 85' lang='lat' dir='ltr'><strong>caput</strong></span> <span class='ocrx_word' id='word_1_366' title='bbox 2493 1521 2613 1591; x_wconf 85' lang='lat' dir='ltr'><strong>ejus</strong></span> <span class='ocrx_word' id='word_1_367' title='bbox 2635 1520 2702 1572; x_wconf 87' lang='grc'><strong>¹⁰.</strong></span> <span class='ocrx_word' id='word_1_368' title='bbox 2739 1539 2758 1570; x_wconf 79' lang='grc' dir='ltr'><strong>ι</strong></span> <span class='ocrx_word' id='word_1_369' title='bbox 2800 1519 3004 1573; x_wconf 89' lang='lat' dir='ltr'><strong>Eorum</strong></span> <span class='ocrx_word' id='word_1_370' title='bbox 3063 1517 3210 1570; x_wconf 87' lang='lat' dir='ltr'><strong>enim</strong></span> <span class='ocrx_word' id='word_1_371' title='bbox 3257 1531 3378 1586; x_wconf 72' lang='lat' dir='ltr'><strong>qua:</strong></span> <span class='ocrx_word' id='word_1_372' title='bbox 3423 1515 3584 1569; x_wconf 85' lang='lat' dir='ltr'><strong>modo</strong></span> 
     </span>
    </p>
   </div>
   <div class='ocr_carea' id='block_1_46' title="bbox 2008 1607 3583 1682">
    <p class='ocr_par' dir='ltr' id='par_1_46' title="bbox 2008 1607 3583 1682">
     <span class='ocr_line' id='line_1_46' title="bbox 2008 1607 3583 1682; baseline -0.007 -12"><span class='ocrx_word' id='word_1_373' title='bbox 2008 1615 2281 1670; x_wconf 85' lang='lat' dir='ltr'><strong>dicebatis</strong></span> <span class='ocrx_word' id='word_1_374' title='bbox 2317 1621 2541 1682; x_wconf 83' lang='lat' dir='ltr'><strong>oportet</strong></span> <span class='ocrx_word' id='word_1_375' title='bbox 2567 1610 2909 1672; x_wconf 71' lang='lat' dir='ltr'><strong>meminisse,</strong></span> <span class='ocrx_word' id='word_1_376' title='bbox 2933 1607 3155 1678; x_wconf 87' lang='lat' dir='ltr'><strong>quando</strong></span> <span class='ocrx_word' id='word_1_377' title='bbox 3197 1607 3262 1661; x_wconf 87' lang='lat' dir='ltr'><strong>ad</strong></span> <span class='ocrx_word' id='word_1_378' title='bbox 3295 1607 3583 1661; x_wconf 84' lang='lat' dir='ltr'><strong>stabilien-</strong></span> 
     </span>
    </p>
   </div>
   <div class='ocr_carea' id='block_1_47' title="bbox 2009 1699 3590 1772">
    <p class='ocr_par' dir='ltr' id='par_1_47' title="bbox 2009 1699 3590 1772">
     <span class='ocr_line' id='line_1_47' title="bbox 2009 1699 3590 1772; baseline -0.006 -10"><span class='ocrx_word' id='word_1_379' title='bbox 2009 1707 2108 1762; x_wconf 92' lang='lat' dir='ltr'><strong>das</strong></span> <span class='ocrx_word' id='word_1_380' title='bbox 2134 1707 2272 1762; x_wconf 89' lang='lat' dir='ltr'><strong>duas</strong></span> <span class='ocrx_word' id='word_1_381' title='bbox 2297 1703 2539 1760; x_wconf 86' lang='lat' dir='ltr'><strong>hominis</strong></span> <span class='ocrx_word' id='word_1_382' title='bbox 2569 1717 2852 1772; x_wconf 86' lang='lat' dir='ltr'><strong>personas,</strong></span> <span class='ocrx_word' id='word_1_383' title='bbox 2885 1710 2998 1756; x_wconf 91' lang='lat' dir='ltr'><strong>tres</strong></span> <span class='ocrx_word' id='word_1_384' title='bbox 3029 1709 3258 1754; x_wconf 87' lang='lat' dir='ltr'><strong>naturas</strong></span> <span class='ocrx_word' id='word_1_385' title='bbox 3292 1699 3346 1753; x_wconf 91' lang='lat' dir='ltr'><strong>in</strong></span> <span class='ocrx_word' id='word_1_386' title='bbox 3397 1699 3590 1754; x_wconf 83' lang='lat' dir='ltr'><strong>Salva-</strong></span> 
     </span>
    </p>
   </div>
   <div class='ocr_carea' id='block_1_48' title="bbox 2015 1780 3589 1862">
    <p class='ocr_par' dir='ltr' id='par_1_48' title="bbox 2015 1780 3589 1862">
     <span class='ocr_line' id='line_1_48' title="bbox 2015 1780 3589 1862; baseline -0.005 -10"><span class='ocrx_word' id='word_1_387' title='bbox 2015 1806 2134 1853; x_wconf 82' lang='lat' dir='ltr'><strong>tore</strong></span> <span class='ocrx_word' id='word_1_388' title='bbox 2167 1813 2197 1852; x_wconf 88' lang='lat' dir='ltr'><strong>a</strong></span> <span class='ocrx_word' id='word_1_389' title='bbox 2224 1780 2389 1852; x_wconf 88' lang='lat' dir='ltr'><strong>nobis</strong></span> <span class='ocrx_word' id='word_1_390' title='bbox 2418 1794 2758 1850; x_wconf 82' lang='lat' dir='ltr'><strong>conﬁtendas</strong></span> <span class='ocrx_word' id='word_1_391' title='bbox 2790 1791 3209 1862; x_wconf 89' lang='lat' dir='ltr'><strong>proponebatis.</strong></span> <span class='ocrx_word' id='word_1_392' title='bbox 3240 1790 3378 1844; x_wconf 84' lang='lat' dir='ltr'><strong>Ante</strong></span> <span class='ocrx_word' id='word_1_393' title='bbox 3402 1791 3589 1844; x_wconf 78' lang='lat' dir='ltr'><strong>omnia</strong></span> 
     </span>
    </p>
   </div>
   <div class='ocr_carea' id='block_1_49' title="bbox 2013 1884 3593 1959">
    <p class='ocr_par' dir='ltr' id='par_1_49' title="bbox 2013 1884 3593 1959">
     <span class='ocr_line' id='line_1_49' title="bbox 2013 1884 3593 1959; baseline -0.006 -14"><span class='ocrx_word' id='word_1_394' title='bbox 2013 1891 2160 1946; x_wconf 91' lang='lat' dir='ltr'><strong>enim</strong></span> <span class='ocrx_word' id='word_1_395' title='bbox 2187 1904 2295 1959; x_wconf 89' lang='lat' dir='ltr'><strong>qua</strong></span> <span class='ocrx_word' id='word_1_396' title='bbox 2327 1887 2540 1942; x_wconf 89' lang='lat' dir='ltr'><strong>ratione</strong></span> <span class='ocrx_word' id='word_1_397' title='bbox 2565 1885 3046 1955; x_wconf 80' lang='lat' dir='ltr'><strong>distinguerentur</strong></span> <span class='ocrx_word' id='word_1_398' title='bbox 3073 1884 3271 1938; x_wconf 73' lang='lat' dir='ltr'><strong>animae</strong></span> <span class='ocrx_word' id='word_1_399' title='bbox 3295 1890 3351 1937; x_wconf 91' lang='lat' dir='ltr'><strong>et</strong></span> <span class='ocrx_word' id='word_1_400' title='bbox 3392 1897 3593 1952; x_wconf 80' lang='lat' dir='ltr'><strong>corpo-</strong></span> 
     </span>
    </p>
   </div>
   <div class='ocr_carea' id='block_1_50' title="bbox 2007 1973 3594 2050">
    <p class='ocr_par' dir='ltr' id='par_1_50' title="bbox 2007 1973 3594 2050">
     <span class='ocr_line' id='line_1_50' title="bbox 2007 1973 3594 2050; baseline -0.004 -15"><span class='ocrx_word' id='word_1_401' title='bbox 2007 1981 2092 2036; x_wconf 79' lang='lat' dir='ltr'><strong>ris</strong></span> <span class='ocrx_word' id='word_1_402' title='bbox 2145 1995 2396 2050; x_wconf 69' lang='lat' dir='ltr'><strong>personae</strong></span> <span class='ocrx_word' id='word_1_403' title='bbox 2461 1977 2518 2032; x_wconf 90' lang='lat' dir='ltr'><strong>in</strong></span> <span class='ocrx_word' id='word_1_404' title='bbox 2547 1993 2662 2032; x_wconf 88' lang='lat' dir='ltr'><strong>uno</strong></span> <span class='ocrx_word' id='word_1_405' title='bbox 2694 1986 2754 2030; x_wconf 90' lang='lat' dir='ltr'><strong>et</strong></span> <span class='ocrx_word' id='word_1_406' title='bbox 2783 1975 2980 2030; x_wconf 88' lang='lat' dir='ltr'><strong>eodem</strong></span> <span class='ocrx_word' id='word_1_407' title='bbox 3009 1975 3234 2028; x_wconf 87' lang='lat' dir='ltr'><strong>homine</strong></span> <span class='ocrx_word' id='word_1_408' title='bbox 3297 1973 3594 2029; x_wconf 67' lang='lat' dir='ltr'><strong>carnaliter</strong></span> 
     </span>
    </p>
   </div>
   <div class='ocr_carea' id='block_1_51' title="bbox 2012 2061 3588 2142">
    <p class='ocr_par' dir='ltr' id='par_1_51' title="bbox 2012 2061 3588 2142">
     <span class='ocr_line' id='line_1_51' title="bbox 2012 2061 3588 2142; baseline -0.004 -16"><span class='ocrx_word' id='word_1_409' title='bbox 2012 2071 2234 2127; x_wconf 83' lang='lat' dir='ltr'><strong>vivente</strong></span> <span class='ocrx_word' id='word_1_410' title='bbox 2295 2071 2652 2142; x_wconf 79' lang='lat' dir='ltr'><strong>ignoramus:</strong></span> <span class='ocrx_word' id='word_1_411' title='bbox 2688 2069 2815 2124; x_wconf 88' lang='lat' dir='ltr'><strong>vivo</strong></span> <span class='ocrx_word' id='word_1_412' title='bbox 2873 2069 3021 2124; x_wconf 90' lang='lat' dir='ltr'><strong>enim</strong></span> <span class='ocrx_word' id='word_1_413' title='bbox 3047 2061 3113 2122; x_wconf 45' lang='lat' dir='ltr'><strong>‘et</strong></span> <span class='ocrx_word' id='word_1_414' title='bbox 3154 2067 3305 2121; x_wconf 87' lang='lat' dir='ltr'><strong>salvo</strong></span> <span class='ocrx_word' id='word_1_415' title='bbox 3353 2068 3588 2126; x_wconf 84' lang='lat' dir='ltr'><strong>animale</strong></span> 
     </span>
    </p>
   </div>
   <div class='ocr_carea' id='block_1_52' title="bbox 2013 2159 3590 2233">
    <p class='ocr_par' dir='ltr' id='par_1_52' title="bbox 2013 2159 3590 2233">
     <span class='ocr_line' id='line_1_52' title="bbox 2013 2159 3590 2233; baseline -0.004 -15"><span class='ocrx_word' id='word_1_416' title='bbox 2013 2163 2341 2233; x_wconf 87' lang='lat' dir='ltr'><strong>composito,</strong></span> <span class='ocrx_word' id='word_1_417' title='bbox 2371 2161 2416 2216; x_wconf 89' lang='lat' dir='ltr'><strong>si</strong></span> <span class='ocrx_word' id='word_1_418' title='bbox 2453 2162 2592 2217; x_wconf 86' lang='lat' dir='ltr'><strong>duas</strong></span> <span class='ocrx_word' id='word_1_419' title='bbox 2628 2177 2750 2217; x_wconf 86' lang='lat' dir='ltr'><strong>esse</strong></span> <span class='ocrx_word' id='word_1_420' title='bbox 2799 2163 2855 2216; x_wconf 90' lang='lat' dir='ltr'><strong>in</strong></span> <span class='ocrx_word' id='word_1_421' title='bbox 2890 2161 3011 2230; x_wconf 90' lang='lat' dir='ltr'><strong>ipso</strong></span> <span class='ocrx_word' id='word_1_422' title='bbox 3055 2174 3319 2230; x_wconf 82' lang='lat' dir='ltr'><strong>personas</strong></span> <span class='ocrx_word' id='word_1_423' title='bbox 3347 2159 3590 2224; x_wconf 82' lang='lat' dir='ltr'><strong>creditis,</strong></span> 
     </span>
    </p>
   </div>
   <div class='ocr_carea' id='block_1_53' title="bbox 2013 2248 3594 2322">
    <p class='ocr_par' dir='ltr' id='par_1_53' title="bbox 2013 2248 3594 2322">
     <span class='ocr_line' id='line_1_53' title="bbox 2013 2248 3594 2322; baseline -0.003 -15"><span class='ocrx_word' id='word_1_424' title='bbox 2013 2253 2146 2322; x_wconf 88' lang='lat' dir='ltr'><strong>quid</strong></span> <span class='ocrx_word' id='word_1_425' title='bbox 2179 2253 2289 2308; x_wconf 92' lang='lat' dir='ltr'><strong>erit</strong></span> <span class='ocrx_word' id='word_1_426' title='bbox 2320 2251 2543 2322; x_wconf 89' lang='lat' dir='ltr'><strong>quando</strong></span> <span class='ocrx_word' id='word_1_427' title='bbox 2573 2261 2754 2306; x_wconf 89' lang='lat' dir='ltr'><strong>morte</strong></span> <span class='ocrx_word' id='word_1_428' title='bbox 2785 2249 3154 2306; x_wconf 75' lang='lat' dir='ltr'><strong>dissolvetur?</strong></span> <span class='ocrx_word' id='word_1_429' title='bbox 3177 2249 3272 2304; x_wconf 85' lang='lat' dir='ltr'><strong>Vel</strong></span> <span class='ocrx_word' id='word_1_430' title='bbox 3296 2248 3594 2302; x_wconf 75' lang='lat' dir='ltr'><strong>admitten-</strong></span> 
     </span>
    </p>
   </div>
   <div class='ocr_carea' id='block_1_54' title="bbox 2014 2344 3594 2416">
    <p class='ocr_par' dir='ltr' id='par_1_54' title="bbox 2014 2344 3594 2416">
     <span class='ocr_line' id='line_1_54' title="bbox 2014 2344 3594 2416; baseline -0.003 -16"><span class='ocrx_word' id='word_1_431' title='bbox 2014 2346 2098 2400; x_wconf 63' lang='grc' dir='ltr'><strong>ἀπ</strong></span> <span class='ocrx_word' id='word_1_432' title='bbox 2129 2353 2296 2400; x_wconf 88' lang='lat' dir='ltr'><strong>erunt</strong></span> <span class='ocrx_word' id='word_1_433' title='bbox 2329 2347 2384 2400; x_wconf 92' lang='lat' dir='ltr'><strong>in</strong></span> <span class='ocrx_word' id='word_1_434' title='bbox 2416 2347 2536 2416; x_wconf 78' lang='lat' dir='ltr'><strong>ipso</strong></span> <span class='ocrx_word' id='word_1_435' title='bbox 2569 2360 2680 2400; x_wconf 90' lang='lat' dir='ltr'><strong>non</strong></span> <span class='ocrx_word' id='word_1_436' title='bbox 2713 2345 2878 2399; x_wconf 89' lang='lat' dir='ltr'><strong>modo</strong></span> <span class='ocrx_word' id='word_1_437' title='bbox 2915 2344 3038 2398; x_wconf 65' lang='lat' dir='ltr'><strong>duae</strong></span> <span class='ocrx_word' id='word_1_438' title='bbox 3063 2352 3273 2412; x_wconf 60' lang='lat' dir='ltr'><strong>natura;</strong></span> <span class='ocrx_word' id='word_1_439' title='bbox 3313 2351 3370 2398; x_wconf 90' lang='lat' dir='ltr'><strong>et</strong></span> <span class='ocrx_word' id='word_1_440' title='bbox 3402 2357 3594 2412; x_wconf 84' lang='lat' dir='ltr'><strong>perso-</strong></span> 
     </span>
    </p>
   </div>
   <div class='ocr_carea' id='block_1_55' title="bbox 2013 2435 3594 2508">
    <p class='ocr_par' dir='ltr' id='par_1_55' title="bbox 2013 2435 3594 2508">
     <span class='ocr_line' id='line_1_55' title="bbox 2013 2435 3594 2508; baseline -0.001 -16"><span class='ocrx_word' id='word_1_441' title='bbox 2013 2452 2118 2501; x_wconf 66' lang='lat' dir='ltr'><strong>nae,</strong></span> <span class='ocrx_word' id='word_1_442' title='bbox 2145 2438 2241 2492; x_wconf 87' lang='lat' dir='ltr'><strong>sed</strong></span> <span class='ocrx_word' id='word_1_443' title='bbox 2276 2439 2465 2508; x_wconf 89' lang='lat' dir='ltr'><strong>plures</strong></span> <span class='ocrx_word' id='word_1_444' title='bbox 2492 2453 2561 2492; x_wconf 81' lang='lat' dir='ltr'><strong>ex</strong></span> <span class='ocrx_word' id='word_1_445' title='bbox 2595 2437 2990 2493; x_wconf 88' lang='lat' dir='ltr'><strong>disssolutione</strong></span> <span class='ocrx_word' id='word_1_446' title='bbox 3020 2444 3078 2490; x_wconf 87' lang='lat' dir='ltr'><strong>et</strong></span> <span class='ocrx_word' id='word_1_447' title='bbox 3099 2435 3370 2490; x_wconf 87' lang='lat' dir='ltr'><strong>divisione</strong></span> <span class='ocrx_word' id='word_1_448' title='bbox 3409 2435 3594 2506; x_wconf 86' lang='lat' dir='ltr'><strong>subje-</strong></span> 
     </span>
    </p>
   </div>
   <div class='ocr_carea' id='block_1_56' title="bbox 2013 2526 3592 2598">
    <p class='ocr_par' dir='ltr' id='par_1_56' title="bbox 2013 2526 3592 2598">
     <span class='ocr_line' id='line_1_56' title="bbox 2013 2526 3592 2598; baseline -0.003 -16"><span class='ocrx_word' id='word_1_449' title='bbox 2013 2528 2111 2594; x_wconf 86' lang='lat' dir='ltr'><strong>cti,</strong></span> <span class='ocrx_word' id='word_1_450' title='bbox 2153 2529 2427 2598; x_wconf 83' lang='lat' dir='ltr'><strong>siquidem</strong></span> <span class='ocrx_word' id='word_1_451' title='bbox 2457 2544 2622 2583; x_wconf 89' lang='lat' dir='ltr'><strong>omne</strong></span> <span class='ocrx_word' id='word_1_452' title='bbox 2643 2527 2880 2582; x_wconf 89' lang='lat' dir='ltr'><strong>divisum</strong></span> <span class='ocrx_word' id='word_1_453' title='bbox 2907 2542 3141 2580; x_wconf 89' lang='lat' dir='ltr'><strong>numero</strong></span> <span class='ocrx_word' id='word_1_454' title='bbox 3167 2526 3592 2597; x_wconf 75' lang='lat' dir='ltr'><strong>multiplicatur,</strong></span> 
     </span>
    </p>
   </div>
   <div class='ocr_carea' id='block_1_57' title="bbox 2014 2617 3588 2689">
    <p class='ocr_par' dir='ltr' id='par_1_57' title="bbox 2014 2617 3588 2689">
     <span class='ocr_line' id='line_1_57' title="bbox 2014 2617 3588 2689; baseline -0.003 -15"><span class='ocrx_word' id='word_1_455' title='bbox 2014 2629 2072 2674; x_wconf 86' lang='lat' dir='ltr'><strong>et</strong></span> <span class='ocrx_word' id='word_1_456' title='bbox 2097 2629 2335 2689; x_wconf 87' lang='lat' dir='ltr'><strong>quatuor</strong></span> <span class='ocrx_word' id='word_1_457' title='bbox 2368 2619 2448 2674; x_wconf 80' lang='lat' dir='ltr'><strong>vel</strong></span> <span class='ocrx_word' id='word_1_458' title='bbox 2503 2629 2634 2674; x_wconf 80' lang='lat' dir='ltr'><strong>octo</strong></span> <span class='ocrx_word' id='word_1_459' title='bbox 2662 2625 2828 2672; x_wconf 90' lang='lat' dir='ltr'><strong>erunt</strong></span> <span class='ocrx_word' id='word_1_460' title='bbox 2848 2617 2969 2686; x_wconf 83' lang='lat' dir='ltr'><strong>eius</strong></span> <span class='ocrx_word' id='word_1_461' title='bbox 2986 2627 3199 2672; x_wconf 69' lang='lat' dir='ltr'><strong>natura:</strong></span> <span class='ocrx_word' id='word_1_462' title='bbox 3219 2625 3272 2671; x_wconf 92' lang='lat' dir='ltr'><strong>et</strong></span> <span class='ocrx_word' id='word_1_463' title='bbox 3291 2631 3538 2686; x_wconf 67' lang='lat' dir='ltr'><strong>persona:</strong></span> <span class='ocrx_word' id='word_1_464' title='bbox 3573 2631 3588 2681; x_wconf 88' lang='lat'>;</span> 
     </span>
    </p>
   </div>
   <div class='ocr_carea' id='block_1_58' title="bbox 2013 2707 3596 2778">
    <p class='ocr_par' dir='ltr' id='par_1_58' title="bbox 2013 2707 3596 2778">
     <span class='ocr_line' id='line_1_58' title="bbox 2013 2707 3596 2778; baseline -0.002 -13"><span class='ocrx_word' id='word_1_465' title='bbox 2013 2711 2104 2775; x_wconf 76' lang='lat' dir='ltr'><strong>vel</strong></span> <span class='ocrx_word' id='word_1_466' title='bbox 2139 2710 2306 2765; x_wconf 90' lang='lat' dir='ltr'><strong>etiam</strong></span> <span class='ocrx_word' id='word_1_467' title='bbox 2332 2709 2534 2766; x_wconf 89' lang='lat' dir='ltr'><strong>iisdem</strong></span> <span class='ocrx_word' id='word_1_468' title='bbox 2566 2708 2982 2764; x_wconf 84' lang='lat' dir='ltr'><strong>remanentibus</strong></span> <span class='ocrx_word' id='word_1_469' title='bbox 3013 2708 3228 2762; x_wconf 89' lang='lat' dir='ltr'><strong>naturis</strong></span> <span class='ocrx_word' id='word_1_470' title='bbox 3249 2717 3306 2762; x_wconf 88' lang='lat' dir='ltr'><strong>et</strong></span> <span class='ocrx_word' id='word_1_471' title='bbox 3339 2707 3596 2778; x_wconf 82' lang='lat' dir='ltr'><strong>personis</strong></span> 
     </span>
    </p>
   </div>
   <div class='ocr_carea' id='block_1_59' title="bbox 2016 2799 3596 2872">
    <p class='ocr_par' dir='ltr' id='par_1_59' title="bbox 2016 2799 3596 2872">
     <span class='ocr_line' id='line_1_59' title="bbox 2016 2799 3596 2872; baseline 0 -17"><span class='ocrx_word' id='word_1_472' title='bbox 2016 2809 2143 2872; x_wconf 88' lang='lat' dir='ltr'><strong>post</strong></span> <span class='ocrx_word' id='word_1_473' title='bbox 2171 2801 2614 2866; x_wconf 88' lang='lat' dir='ltr'><strong>dissolutionem,</strong></span> <span class='ocrx_word' id='word_1_474' title='bbox 2663 2801 2858 2856; x_wconf 85' lang='lat' dir='ltr'><strong>eodem</strong></span> <span class='ocrx_word' id='word_1_475' title='bbox 2899 2799 3174 2854; x_wconf 87' lang='lat' dir='ltr'><strong>servando</strong></span> <span class='ocrx_word' id='word_1_476' title='bbox 3220 2815 3475 2855; x_wconf 77' lang='lat' dir='ltr'><strong>sermone</strong></span> <span class='ocrx_word' id='word_1_477' title='bbox 3525 2799 3596 2856; x_wconf 79' lang='lat' dir='ltr'><strong>de</strong></span> 
     </span>
    </p>
   </div>
   <div class='ocr_carea' id='block_1_60' title="bbox 2017 2891 3594 2962">
    <p class='ocr_par' dir='ltr' id='par_1_60' title="bbox 2017 2891 3594 2962">
     <span class='ocr_line' id='line_1_60' title="bbox 2017 2891 3594 2962; baseline -0.003 -12"><span class='ocrx_word' id='word_1_478' title='bbox 2017 2895 2342 2950; x_wconf 82' lang='lat' dir='ltr'><strong>exsistentia</strong></span> <span class='ocrx_word' id='word_1_479' title='bbox 2375 2895 2487 2948; x_wconf 89' lang='lat' dir='ltr'><strong>vivi</strong></span> <span class='ocrx_word' id='word_1_480' title='bbox 2519 2903 2578 2950; x_wconf 86' lang='lat' dir='ltr'><strong>et</strong></span> <span class='ocrx_word' id='word_1_481' title='bbox 2627 2894 2858 2960; x_wconf 88' lang='lat' dir='ltr'><strong>mortui,</strong></span> <span class='ocrx_word' id='word_1_482' title='bbox 2905 2893 2974 2948; x_wconf 87' lang='lat' dir='ltr'><strong>de</strong></span> <span class='ocrx_word' id='word_1_483' title='bbox 3007 2893 3259 2962; x_wconf 84' lang='lat' dir='ltr'><strong>partibus</strong></span> <span class='ocrx_word' id='word_1_484' title='bbox 3302 2891 3594 2962; x_wconf 84' lang='lat' dir='ltr'><strong>compositi</strong></span> 
     </span>
    </p>
   </div>
   <div class='ocr_carea' id='block_1_61' title="bbox 2019 2983 3596 3052">
    <p class='ocr_par' dir='ltr' id='par_1_61' title="bbox 2019 2983 3596 3052">
     <span class='ocr_line' id='line_1_61' title="bbox 2019 2983 3596 3052; baseline -0.004 -10"><span class='ocrx_word' id='word_1_485' title='bbox 2019 2987 2262 3042; x_wconf 84' lang='lat' dir='ltr'><strong>hominis</strong></span> <span class='ocrx_word' id='word_1_486' title='bbox 2314 2986 2666 3050; x_wconf 67' lang='lat' dir='ltr'><strong>cohaerentis,</strong></span> <span class='ocrx_word' id='word_1_487' title='bbox 2733 2993 2832 3040; x_wconf 91' lang='lat' dir='ltr'><strong>aut</strong></span> <span class='ocrx_word' id='word_1_488' title='bbox 2887 2985 3078 3052; x_wconf 89' lang='lat' dir='ltr'><strong>soluti,</strong></span> <span class='ocrx_word' id='word_1_489' title='bbox 3135 2985 3193 3038; x_wconf 90' lang='lat' dir='ltr'><strong>in</strong></span> <span class='ocrx_word' id='word_1_490' title='bbox 3250 2983 3355 3039; x_wconf 88' lang='lat' dir='ltr'><strong>hac</strong></span> <span class='ocrx_word' id='word_1_491' title='bbox 3415 2989 3596 3038; x_wconf 82' lang='lat' dir='ltr'><strong>vestra</strong></span> 
     </span>
    </p>
   </div>
   <div class='ocr_carea' id='block_1_62' title="bbox 317 3064 1912 3146">
    <p class='ocr_par' dir='ltr' id='par_1_62' title="bbox 317 3064 1912 3136">
     <span class='ocr_line' id='line_1_62' title="bbox 317 3064 1912 3136; baseline -0.004 -13"><span class='ocrx_word' id='word_1_492' title='bbox 317 3071 538 3136; x_wconf 81' lang='grc' dir='ltr'>ζῶντος</span> <span class='ocrx_word' id='word_1_493' title='bbox 587 3069 684 3120; x_wconf 76' lang='grc' dir='ltr'>καὶ</span> <span class='ocrx_word' id='word_1_494' title='bbox 735 3065 831 3119; x_wconf 90' lang='grc' dir='ltr'><strong>τοῦ</strong></span> <span class='ocrx_word' id='word_1_495' title='bbox 883 3065 1103 3134; x_wconf 81' lang='grc' dir='ltr'>νεκροῦ,</span> <span class='ocrx_word' id='word_1_496' title='bbox 1135 3067 1230 3118; x_wconf 80' lang='grc' dir='ltr'>καὶ</span> <span class='ocrx_word' id='word_1_497' title='bbox 1267 3065 1336 3119; x_wconf 82' lang='grc' dir='ltr'>τὰ</span> <span class='ocrx_word' id='word_1_498' title='bbox 1374 3064 1468 3117; x_wconf 91' lang='grc' dir='ltr'><strong>τοῦ</strong></span> <span class='ocrx_word' id='word_1_499' title='bbox 1502 3065 1784 3133; x_wconf 72' lang='grc' dir='ltr'>ἡνωμένου</span> <span class='ocrx_word' id='word_1_500' title='bbox 1821 3065 1912 3116; x_wconf 75' lang='grc' dir='ltr'><strong>καὶ</strong></span> 
     </span>
    </p>
   </div>
   <div class='ocr_carea' id='block_1_63' title="bbox 2013 3064 3594 3146">
    <p class='ocr_par' dir='ltr' id='par_1_63' title="bbox 2014 3069 3594 3146">
     <span class='ocr_line' id='line_1_63' title="bbox 2014 3069 3594 3146; baseline -0.002 -13"><span class='ocrx_word' id='word_1_501' title='bbox 2014 3081 2294 3133; x_wconf 85' lang='lat' dir='ltr'><strong>sententia</strong></span> <span class='ocrx_word' id='word_1_502' title='bbox 2350 3082 2419 3132; x_wconf 89' lang='lat' dir='ltr'><strong>de</strong></span> <span class='ocrx_word' id='word_1_503' title='bbox 2472 3079 2767 3132; x_wconf 85' lang='lat' dir='ltr'><strong>contrariis</strong></span> <span class='ocrx_word' id='word_1_504' title='bbox 2813 3077 3010 3132; x_wconf 88' lang='lat' dir='ltr'><strong>eodem</strong></span> <span class='ocrx_word' id='word_1_505' title='bbox 3048 3069 3212 3131; x_wconf 68' lang='grc' dir='ltr'>ιιιοζξο</span> <span class='ocrx_word' id='word_1_506' title='bbox 3252 3075 3594 3146; x_wconf 85' lang='lat' dir='ltr'><strong>loquendum</strong></span> 
     </span>
    </p>
   </div>
   <div class='ocr_carea' id='block_1_64' title="bbox 319 3153 1917 3229">
    <p class='ocr_par' dir='ltr' id='par_1_64' title="bbox 319 3153 1917 3229">
     <span class='ocr_line' id='line_1_64' title="bbox 319 3153 1917 3229; baseline -0.005 -15"><span class='ocrx_word' id='word_1_507' title='bbox 319 3160 748 3229; x_wconf 74' lang='grc' dir='ltr'>διακεκριμένου</span> <span class='ocrx_word' id='word_1_508' title='bbox 821 3155 1108 3226; x_wconf 78' lang='grc' dir='ltr'>ἀνθρώπου</span> <span class='ocrx_word' id='word_1_509' title='bbox 1173 3154 1426 3208; x_wconf 81' lang='grc' dir='ltr'>συνθέτου</span> <span class='ocrx_word' id='word_1_510' title='bbox 1463 3171 1479 3187; x_wconf 81' lang='grc' dir='ltr'><strong><em>ο</em></strong></span> <span class='ocrx_word' id='word_1_511' title='bbox 1534 3157 1628 3207; x_wconf 73' lang='grc' dir='ltr'><strong>καὶ</strong></span> <span class='ocrx_word' id='word_1_512' title='bbox 1678 3153 1830 3206; x_wconf 78' lang='grc' dir='ltr'>ἔσται</span> <span class='ocrx_word' id='word_1_513' title='bbox 1887 3154 1917 3206; x_wconf 85' lang='grc' dir='ltr'>ὁ</span> 
     </span>
    </p>
   </div>
   <div class='ocr_carea' id='block_1_65' title="bbox 267 3245 1916 3316">
    <p class='ocr_par' dir='ltr' id='par_1_65' title="bbox 267 3245 1916 3316">
     <span class='ocr_line' id='line_1_65' title="bbox 267 3245 1916 3316; baseline -0.005 -12"><span class='ocrx_word' id='word_1_514' title='bbox 267 3301 276 3304; x_wconf 83' lang='grc'><strong>-</strong></span> <span class='ocrx_word' id='word_1_515' title='bbox 325 3252 501 3313; x_wconf 75' lang='grc' dir='ltr'>αὑτὸς</span> <span class='ocrx_word' id='word_1_516' title='bbox 531 3250 638 3302; x_wconf 85' lang='grc' dir='ltr'>τῶν</span> <span class='ocrx_word' id='word_1_517' title='bbox 663 3247 920 3302; x_wconf 73' lang='grc' dir='ltr'>ἐναντίων</span> <span class='ocrx_word' id='word_1_518' title='bbox 956 3245 1114 3314; x_wconf 79' lang='grc' dir='ltr'>λόγος</span> <span class='ocrx_word' id='word_1_519' title='bbox 1141 3245 1285 3298; x_wconf 81' lang='grc' dir='ltr'>κατὰ</span> <span class='ocrx_word' id='word_1_520' title='bbox 1305 3245 1374 3298; x_wconf 76' lang='grc' dir='ltr'>τὰ</span> <span class='ocrx_word' id='word_1_521' title='bbox 1399 3247 1644 3316; x_wconf 83' lang='grc' dir='ltr'>ὑμέτερα</span> <span class='ocrx_word' id='word_1_522' title='bbox 1674 3245 1916 3316; x_wconf 76' lang='grc' dir='ltr'>προϐλή-</span> 
     </span>
    </p>
   </div>
   <div class='ocr_carea' id='block_1_66' title="bbox 333 3339 818 3412">
    <p class='ocr_par' dir='ltr' id='par_1_66' title="bbox 333 3339 818 3412">
     <span class='ocr_line' id='line_1_66' title="bbox 333 3339 818 3412; baseline -0.002 -17"><span class='ocrx_word' id='word_1_523' title='bbox 333 3360 489 3412; x_wconf 84' lang='grc' dir='ltr'>ματα</span> <span class='ocrx_word' id='word_1_524' title='bbox 515 3344 604 3396; x_wconf 80' lang='grc' dir='ltr'><strong>ὲπ’</strong></span> <span class='ocrx_word' id='word_1_525' title='bbox 629 3339 818 3394; x_wconf 87' lang='grc' dir='ltr'>αὑτοῦ.</span> 
     </span>
    </p>
   </div>
   <div class='ocr_carea' id='block_1_67' title="bbox 351 3429 1917 3502">
    <p class='ocr_par' dir='ltr' id='par_1_67' title="bbox 351 3429 1917 3502">
     <span class='ocr_line' id='line_1_67' title="bbox 351 3429 1917 3502; baseline -0.001 -17"><span class='ocrx_word' id='word_1_526' title='bbox 351 3493 356 3498; x_wconf 90' lang='lat'><strong><em>_</em></strong></span> <span class='ocrx_word' id='word_1_527' title='bbox 406 3431 864 3502; x_wconf 78' lang='grc' dir='ltr'>Συγκεχωρὴσθω</span> <span class='ocrx_word' id='word_1_528' title='bbox 929 3430 986 3484; x_wconf 81' lang='grc' dir='ltr'><strong>δὲ</strong></span> <span class='ocrx_word' id='word_1_529' title='bbox 1035 3429 1164 3500; x_wconf 85' lang='grc' dir='ltr'>ὑμῖν</span> <span class='ocrx_word' id='word_1_530' title='bbox 1221 3429 1372 3500; x_wconf 79' lang='grc' dir='ltr'>ὅμως</span> <span class='ocrx_word' id='word_1_531' title='bbox 1417 3429 1514 3482; x_wconf 55' lang='grc' dir='ltr'><strong>καὶ⁹</strong></span> <span class='ocrx_word' id='word_1_532' title='bbox 1563 3429 1721 3484; x_wconf 81' lang='grc' dir='ltr'>τοῦτο</span> <span class='ocrx_word' id='word_1_533' title='bbox 1777 3429 1917 3502; x_wconf 79' lang='grc' dir='ltr'><strong>μετᾶ</strong></span> 
     </span>
    </p>
   </div>
   <div class='ocr_carea' id='block_1_68' title="bbox 332 3507 1915 3593">
    <p class='ocr_par' dir='ltr' id='par_1_68' title="bbox 332 3507 1915 3593">
     <span class='ocr_line' id='line_1_68' title="bbox 332 3507 1915 3593; baseline -0.003 -16"><span class='ocrx_word' id='word_1_534' title='bbox 332 3507 557 3580; x_wconf 64' lang='grc' dir='ltr'>τιάντων</span> <span class='ocrx_word' id='word_1_535' title='bbox 583 3543 598 3558; x_wconf 76' lang='grc' dir='ltr'><strong><em>ο</em></strong></span> <span class='ocrx_word' id='word_1_536' title='bbox 632 3523 693 3576; x_wconf 84' lang='grc' dir='ltr'>τὺ</span> <span class='ocrx_word' id='word_1_537' title='bbox 727 3525 782 3578; x_wconf 87' lang='grc' dir='ltr'><strong>δέ</strong></span> <span class='ocrx_word' id='word_1_538' title='bbox 810 3541 875 3592; x_wconf 88' lang='grc' dir='ltr'><strong>γε</strong></span> <span class='ocrx_word' id='word_1_539' title='bbox 901 3523 1086 3593; x_wconf 70' lang='grc' dir='ltr'>ἕτερον</span> <span class='ocrx_word' id='word_1_540' title='bbox 1127 3522 1192 3574; x_wconf 81' lang='grc' dir='ltr'><strong>τὸ</strong></span> <span class='ocrx_word' id='word_1_541' title='bbox 1231 3523 1292 3586; x_wconf 77' lang='grc' dir='ltr'><strong>ἐξ</strong></span> <span class='ocrx_word' id='word_1_542' title='bbox 1327 3522 1482 3590; x_wconf 83' lang='grc' dir='ltr'>ὑμῶν</span> <span class='ocrx_word' id='word_1_543' title='bbox 1514 3525 1644 3592; x_wconf 75' lang='grc' dir='ltr'>ἡμῖν</span> <span class='ocrx_word' id='word_1_544' title='bbox 1679 3523 1785 3593; x_wconf 75' lang='grc' dir='ltr'><strong>πρὸ</strong></span> <span class='ocrx_word' id='word_1_545' title='bbox 1821 3541 1915 3592; x_wconf 81' lang='grc' dir='ltr'>μι-</span> 
     </span>
    </p>
   </div>
   <div class='ocr_carea' id='block_1_69' title="bbox 331 3611 1917 3684">
    <p class='ocr_par' dir='ltr' id='par_1_69' title="bbox 331 3611 1917 3684">
     <span class='ocr_line' id='line_1_69' title="bbox 331 3611 1917 3684; baseline 0.001 -19"><span class='ocrx_word' id='word_1_546' title='bbox 331 3613 471 3684; x_wconf 85' lang='grc' dir='ltr'>κροῦ</span> <span class='ocrx_word' id='word_1_547' title='bbox 497 3611 720 3682; x_wconf 67' lang='grc' dir='ltr'>ληφθὲν,</span> <span class='ocrx_word' id='word_1_548' title='bbox 753 3612 848 3665; x_wconf 88' lang='grc' dir='ltr'><strong>νῦν</strong></span> <span class='ocrx_word' id='word_1_549' title='bbox 875 3611 1177 3666; x_wconf 78' lang='grc' dir='ltr'>ἀκούσεσθε</span> <span class='ocrx_word' id='word_1_550' title='bbox 1211 3612 1341 3683; x_wconf 84' lang='grc' dir='ltr'>παρ’</span> <span class='ocrx_word' id='word_1_551' title='bbox 1376 3611 1554 3682; x_wconf 82' lang='grc' dir='ltr'>ἡμῶν,</span> <span class='ocrx_word' id='word_1_552' title='bbox 1587 3613 1662 3676; x_wconf 84' lang='grc' dir='ltr'>ὡς</span> <span class='ocrx_word' id='word_1_553' title='bbox 1703 3616 1780 3676; x_wconf 87' lang='grc' dir='ltr'>εἰς</span> <span class='ocrx_word' id='word_1_554' title='bbox 1813 3614 1917 3666; x_wconf 76' lang='grc' dir='ltr'><strong>σώ-</strong></span> 
     </span>
    </p>
   </div>
   <div class='ocr_carea' id='block_1_70' title="bbox 337 3701 1915 3776">
    <p class='ocr_par' dir='ltr' id='par_1_70' title="bbox 337 3701 1915 3776">
     <span class='ocr_line' id='line_1_70' title="bbox 337 3701 1915 3776; baseline -0.001 -20"><span class='ocrx_word' id='word_1_555' title='bbox 337 3721 507 3776; x_wconf 87' lang='grc' dir='ltr'>ματος</span> <span class='ocrx_word' id='word_1_556' title='bbox 541 3705 837 3756; x_wconf 77' lang='grc' dir='ltr'>ὑπόστασιν</span> <span class='ocrx_word' id='word_1_557' title='bbox 871 3705 927 3757; x_wconf 81' lang='grc' dir='ltr'>ὲν</span> <span class='ocrx_word' id='word_1_558' title='bbox 976 3701 1252 3774; x_wconf 81' lang='grc' dir='ltr'>ἀνθρώπῳ</span> <span class='ocrx_word' id='word_1_559' title='bbox 1298 3703 1412 3757; x_wconf 79' lang='grc' dir='ltr'>ῖστε</span> <span class='ocrx_word' id='word_1_560' title='bbox 1437 3719 1450 3732; x_wconf 91' lang='grc'><strong>·</strong></span> <span class='ocrx_word' id='word_1_561' title='bbox 1485 3705 1581 3756; x_wconf 74' lang='grc' dir='ltr'>καὶ</span> <span class='ocrx_word' id='word_1_562' title='bbox 1610 3703 1703 3756; x_wconf 85' lang='grc' dir='ltr'>δύο</span> <span class='ocrx_word' id='word_1_563' title='bbox 1728 3703 1826 3766; x_wconf 84' lang='grc' dir='ltr'>τὰς</span> <span class='ocrx_word' id='word_1_564' title='bbox 1857 3707 1915 3756; x_wconf 87' lang='grc' dir='ltr'>ὲν</span> 
     </span>
    </p>
   </div>
   <div class='ocr_carea' id='block_1_71' title="bbox 332 3789 1914 3866">
    <p class='ocr_par' dir='ltr' id='par_1_71' title="bbox 332 3789 1914 3866">
     <span class='ocr_line' id='line_1_71' title="bbox 332 3789 1914 3866; baseline -0.002 -17"><span class='ocrx_word' id='word_1_565' title='bbox 332 3795 486 3866; x_wconf 82' lang='grc' dir='ltr'>αὑτῷ</span> <span class='ocrx_word' id='word_1_566' title='bbox 518 3794 841 3858; x_wconf 80' lang='grc' dir='ltr'>ὑποστάσεις</span> <span class='ocrx_word' id='word_1_567' title='bbox 866 3793 1057 3864; x_wconf 82' lang='grc' dir='ltr'>ὥσπερ</span> <span class='ocrx_word' id='word_1_568' title='bbox 1089 3789 1180 3847; x_wconf 80' lang='grc' dir='ltr'><strong>οὖν</strong></span> <span class='ocrx_word' id='word_1_569' title='bbox 1205 3793 1298 3847; x_wconf 76' lang='grc' dir='ltr'><strong>καὶ</strong></span> <span class='ocrx_word' id='word_1_570' title='bbox 1329 3793 1430 3856; x_wconf 74' lang='grc' dir='ltr'><strong>τὰς</strong></span> <span class='ocrx_word' id='word_1_571' title='bbox 1460 3793 1648 3862; x_wconf 84' lang='grc' dir='ltr'>φύσεις</span> <span class='ocrx_word' id='word_1_572' title='bbox 1670 3794 1759 3846; x_wconf 83' lang='grc' dir='ltr'><strong>διὰ</strong></span> <span class='ocrx_word' id='word_1_573' title='bbox 1797 3795 1914 3848; x_wconf 85' lang='grc' dir='ltr'>τόδε</span> 
     </span>
    </p>
   </div>
   <div class='ocr_carea' id='block_1_72' title="bbox 332 3885 1913 3957">
    <p class='ocr_par' dir='ltr' id='par_1_72' title="bbox 332 3885 1913 3957">
     <span class='ocr_line' id='line_1_72' title="bbox 332 3885 1913 3957; baseline -0.002 -16"><span class='ocrx_word' id='word_1_574' title='bbox 332 3888 516 3941; x_wconf 81' lang='grc' dir='ltr'>οἴεσθε</span> <span class='ocrx_word' id='word_1_575' title='bbox 543 3903 556 3916; x_wconf 91' lang='grc'><strong>·</strong></span> <span class='ocrx_word' id='word_1_576' title='bbox 591 3887 672 3940; x_wconf 71' lang='grc' dir='ltr'>διὸ</span> <span class='ocrx_word' id='word_1_577' title='bbox 700 3887 756 3940; x_wconf 83' lang='grc' dir='ltr'>δὲ</span> <span class='ocrx_word' id='word_1_578' title='bbox 785 3887 880 3939; x_wconf 77' lang='grc' dir='ltr'><strong>καὶ</strong></span> <span class='ocrx_word' id='word_1_579' title='bbox 905 3887 1050 3957; x_wconf 80' lang='grc' dir='ltr'>ἡμᾶς</span> <span class='ocrx_word' id='word_1_580' title='bbox 1089 3885 1524 3957; x_wconf 67' lang='grc' dir='ltr'>παραγράφεσθε</span> <span class='ocrx_word' id='word_1_581' title='bbox 1556 3891 1620 3938; x_wconf 87' lang='grc' dir='ltr'>τὸ</span> <span class='ocrx_word' id='word_1_582' title='bbox 1666 3887 1787 3940; x_wconf 84' lang='grc' dir='ltr'>κατ’</span> <span class='ocrx_word' id='word_1_583' title='bbox 1816 3887 1913 3940; x_wconf 67' lang='grc' dir='ltr'>αὑ-</span> 
     </span>
    </p>
   </div>
   <div class='ocr_carea' id='block_1_73' title="bbox 335 3977 1912 4050">
    <p class='ocr_par' dir='ltr' id='par_1_73' title="bbox 335 3977 1912 4050">
     <span class='ocr_line' id='line_1_73' title="bbox 335 3977 1912 4050; baseline 0 -18"><span class='ocrx_word' id='word_1_584' title='bbox 335 3979 432 4033; x_wconf 70' lang='grc' dir='ltr'>τὸν</span> <span class='ocrx_word' id='word_1_585' title='bbox 463 3979 817 4050; x_wconf 79' lang='grc' dir='ltr'>παράδειγμα</span> <span class='ocrx_word' id='word_1_586' title='bbox 857 3981 938 4042; x_wconf 83' lang='grc' dir='ltr'><strong>είς</strong></span> <span class='ocrx_word' id='word_1_587' title='bbox 969 3977 1192 4042; x_wconf 75' lang='grc' dir='ltr'>ἔνδειξιν</span> <span class='ocrx_word' id='word_1_588' title='bbox 1221 3977 1316 4030; x_wconf 86' lang='grc' dir='ltr'>δύο</span> <span class='ocrx_word' id='word_1_589' title='bbox 1367 3977 1581 4048; x_wconf 81' lang='grc' dir='ltr'>φύσεων</span> <span class='ocrx_word' id='word_1_590' title='bbox 1635 3979 1730 4032; x_wconf 80' lang='grc' dir='ltr'><strong>καὶ</strong></span> <span class='ocrx_word' id='word_1_591' title='bbox 1781 3980 1912 4047; x_wconf 78' lang='grc' dir='ltr'>μιᾶς</span> 
     </span>
    </p>
   </div>
   <div class='ocr_carea' id='block_1_74' title="bbox 337 4069 1914 4141">
    <p class='ocr_par' dir='ltr' id='par_1_74' title="bbox 337 4069 1914 4141">
     <span class='ocr_line' id='line_1_74' title="bbox 337 4069 1914 4141; baseline -0.001 -17"><span class='ocrx_word' id='word_1_592' title='bbox 337 4071 694 4132; x_wconf 72' lang='grc' dir='ltr'>ὑποστάσεως</span> <span class='ocrx_word' id='word_1_593' title='bbox 765 4069 1163 4139; x_wconf 72' lang='grc' dir='ltr'>ἐφελκομένους</span> <span class='ocrx_word' id='word_1_594' title='bbox 1199 4069 1294 4122; x_wconf 68' lang='grc' dir='ltr'><strong>ἐπὶ</strong></span> <span class='ocrx_word' id='word_1_595' title='bbox 1332 4069 1427 4121; x_wconf 82' lang='grc' dir='ltr'><strong>τοῦ</strong></span> <span class='ocrx_word' id='word_1_596' title='bbox 1469 4070 1676 4141; x_wconf 82' lang='grc' dir='ltr'>Κυρίου</span> <span class='ocrx_word' id='word_1_597' title='bbox 1715 4087 1727 4100; x_wconf 91' lang='grc'><strong>·</strong></span> <span class='ocrx_word' id='word_1_598' title='bbox 1757 4069 1914 4140; x_wconf 78' lang='grc' dir='ltr'>δῆλον</span> 
     </span>
    </p>
   </div>
   <div class='ocr_carea' id='block_1_75' title="bbox 337 4159 1912 4236">
    <p class='ocr_par' dir='ltr' id='par_1_75' title="bbox 337 4159 1912 4236">
     <span class='ocr_line' id='line_1_75' title="bbox 337 4159 1912 4236; baseline -0.001 -18"><span class='ocrx_word' id='word_1_599' title='bbox 337 4164 446 4236; x_wconf 79' lang='grc' dir='ltr'>ἄρα</span> <span class='ocrx_word' id='word_1_600' title='bbox 469 4164 545 4226; x_wconf 82' lang='grc' dir='ltr'>ὡς</span> <span class='ocrx_word' id='word_1_601' title='bbox 580 4161 674 4216; x_wconf 81' lang='grc' dir='ltr'>καὶ</span> <span class='ocrx_word' id='word_1_602' title='bbox 717 4163 874 4231; x_wconf 84' lang='grc' dir='ltr'>ὑμεῖς</span> <span class='ocrx_word' id='word_1_603' title='bbox 906 4159 1193 4231; x_wconf 79' lang='grc' dir='ltr'>ἄνθρωπον</span> <span class='ocrx_word' id='word_1_604' title='bbox 1239 4160 1336 4214; x_wconf 69' lang='grc' dir='ltr'><strong>καὶ</strong></span> <span class='ocrx_word' id='word_1_605' title='bbox 1367 4160 1498 4213; x_wconf 82' lang='grc' dir='ltr'>Θεὸν</span> <span class='ocrx_word' id='word_1_606' title='bbox 1539 4161 1792 4228; x_wconf 76' lang='grc' dir='ltr'>λέγοντες</span> <span class='ocrx_word' id='word_1_607' title='bbox 1822 4162 1912 4216; x_wconf 85' lang='grc' dir='ltr'><strong>τὸν</strong></span> 
     </span>
    </p>
   </div>
   <div class='ocr_carea' id='block_1_76' title="bbox 336 4250 1910 4326">
    <p class='ocr_par' dir='ltr' id='par_1_76' title="bbox 336 4250 1910 4326">
     <span class='ocr_line' id='line_1_76' title="bbox 336 4250 1910 4326; baseline -0.003 -16"><span class='ocrx_word' id='word_1_608' title='bbox 336 4255 596 4326; x_wconf 79' lang='grc' dir='ltr'>Χριστὸν,</span> <span class='ocrx_word' id='word_1_609' title='bbox 625 4251 720 4306; x_wconf 90' lang='grc' dir='ltr'><strong>δύο</strong></span> <span class='ocrx_word' id='word_1_610' title='bbox 781 4253 881 4321; x_wconf 85' lang='grc' dir='ltr'><strong>μὲν</strong></span> <span class='ocrx_word' id='word_1_611' title='bbox 933 4251 1030 4314; x_wconf 79' lang='grc' dir='ltr'><strong>τὰς</strong></span> <span class='ocrx_word' id='word_1_612' title='bbox 1073 4250 1170 4305; x_wconf 90' lang='grc' dir='ltr'><strong>τοῦ</strong></span> <span class='ocrx_word' id='word_1_613' title='bbox 1217 4251 1506 4322; x_wconf 83' lang='grc' dir='ltr'>ἀνθρώπου</span> <span class='ocrx_word' id='word_1_614' title='bbox 1562 4253 1910 4319; x_wconf 80' lang='grc' dir='ltr'>ὑποστάσεις,</span> 
     </span>
    </p>
   </div>
   <div class='ocr_carea' id='block_1_77' title="bbox 343 4339 1912 4412">
    <p class='ocr_par' dir='ltr' id='par_1_77' title="bbox 343 4339 1912 4412">
     <span class='ocr_line' id='line_1_77' title="bbox 343 4339 1912 4412; baseline -0.002 -18"><span class='ocrx_word' id='word_1_615' title='bbox 343 4345 476 4412; x_wconf 82' lang='grc' dir='ltr'>μίαν</span> <span class='ocrx_word' id='word_1_616' title='bbox 521 4343 578 4396; x_wconf 81' lang='grc' dir='ltr'><strong>δὲ</strong></span> <span class='ocrx_word' id='word_1_617' title='bbox 629 4341 728 4412; x_wconf 82' lang='grc' dir='ltr'><strong>τὴν</strong></span> <span class='ocrx_word' id='word_1_618' title='bbox 757 4341 851 4392; x_wconf 87' lang='grc' dir='ltr'><strong>τοῦ</strong></span> <span class='ocrx_word' id='word_1_619' title='bbox 882 4340 1061 4408; x_wconf 80' lang='grc' dir='ltr'>Λόγου</span> <span class='ocrx_word' id='word_1_620' title='bbox 1093 4339 1391 4392; x_wconf 81' lang='grc' dir='ltr'>ὑπόστασιν</span> <span class='ocrx_word' id='word_1_621' title='bbox 1423 4342 1480 4394; x_wconf 80' lang='grc' dir='ltr'>ὲν</span> <span class='ocrx_word' id='word_1_622' title='bbox 1512 4342 1659 4412; x_wconf 82' lang='grc' dir='ltr'>αὑτῷ</span> <span class='ocrx_word' id='word_1_623' title='bbox 1688 4339 1912 4407; x_wconf 78' lang='grc' dir='ltr'>διεγνώο</span> 
     </span>
    </p>
   </div>
   <div class='ocr_carea' id='block_1_78' title="bbox 337 4421 1914 4500">
    <p class='ocr_par' dir='ltr' id='par_1_78' title="bbox 337 4421 1914 4500">
     <span class='ocr_line' id='line_1_78' title="bbox 337 4421 1914 4500; baseline -0.001 -15"><span class='ocrx_word' id='word_1_624' title='bbox 337 4447 472 4486; x_wconf 75' lang='grc' dir='ltr'>κατε</span> <span class='ocrx_word' id='word_1_625' title='bbox 501 4449 514 4462; x_wconf 74' lang='grc' dir='ltr'><strong>ο</strong></span> <span class='ocrx_word' id='word_1_626' title='bbox 545 4433 637 4484; x_wconf 72' lang='grc' dir='ltr'><strong>καὶ</strong></span> <span class='ocrx_word' id='word_1_627' title='bbox 659 4431 846 4484; x_wconf 73' lang='grc' dir='ltr'>ἔσεσθε</span> <span class='ocrx_word' id='word_1_628' title='bbox 877 4431 1066 4500; x_wconf 70' lang='grc' dir='ltr'>σαφῶς</span> <span class='ocrx_word' id='word_1_629' title='bbox 1101 4433 1252 4500; x_wconf 85' lang='grc' dir='ltr'>τρεῖς</span> <span class='ocrx_word' id='word_1_630' title='bbox 1282 4432 1380 4494; x_wconf 80' lang='grc' dir='ltr'>τὰς</span> <span class='ocrx_word' id='word_1_631' title='bbox 1411 4421 1740 4493; x_wconf 69' lang='grc' dir='ltr'>ὑποστάσεις</span> <span class='ocrx_word' id='word_1_632' title='bbox 1779 4432 1914 4485; x_wconf 79' lang='grc' dir='ltr'><strong>εἰδό-</strong></span> 
     </span>
    </p>
   </div>
   <div class='ocr_carea' id='block_1_79' title="bbox 335 4518 1908 4592">
    <p class='ocr_par' dir='ltr' id='par_1_79' title="bbox 335 4518 1908 4592">
     <span class='ocr_line' id='line_1_79' title="bbox 335 4518 1908 4592; baseline 0.001 -18"><span class='ocrx_word' id='word_1_633' title='bbox 335 4539 428 4586; x_wconf 85' lang='grc' dir='ltr'><strong>τες</strong></span> <span class='ocrx_word' id='word_1_634' title='bbox 460 4523 515 4576; x_wconf 79' lang='grc' dir='ltr'><strong>ἐν</strong></span> <span class='ocrx_word' id='word_1_635' title='bbox 543 4521 764 4592; x_wconf 83' lang='grc' dir='ltr'>Χριστῷ</span> <span class='ocrx_word' id='word_1_636' title='bbox 797 4521 892 4574; x_wconf 60' lang='grc' dir='ltr'><strong>καὶ⁵</strong></span> <span class='ocrx_word' id='word_1_637' title='bbox 912 4521 973 4574; x_wconf 86' lang='grc' dir='ltr'><strong>οὑ</strong></span> <span class='ocrx_word' id='word_1_638' title='bbox 1004 4518 1098 4574; x_wconf 89' lang='grc' dir='ltr'>δύο</span> <span class='ocrx_word' id='word_1_639' title='bbox 1125 4521 1304 4591; x_wconf 85' lang='grc' dir='ltr'>μόνον,</span> <span class='ocrx_word' id='word_1_640' title='bbox 1336 4520 1518 4586; x_wconf 84' lang='grc' dir='ltr'>καθὼς</span> <span class='ocrx_word' id='word_1_641' title='bbox 1549 4523 1728 4590; x_wconf 83' lang='grc' dir='ltr'>λέγειν</span> <span class='ocrx_word' id='word_1_642' title='bbox 1755 4523 1908 4576; x_wconf 82' lang='grc' dir='ltr'>ἐπει-</span> 
     </span>
    </p>
   </div>
   <div class='ocr_carea' id='block_1_80' title="bbox 340 4611 1910 4682">
    <p class='ocr_par' dir='ltr' id='par_1_80' title="bbox 340 4611 1910 4682">
     <span class='ocr_line' id='line_1_80' title="bbox 340 4611 1910 4682; baseline -0.002 -15"><span class='ocrx_word' id='word_1_643' title='bbox 340 4613 506 4682; x_wconf 81' lang='grc' dir='ltr'>ρᾶσθε</span> <span class='ocrx_word' id='word_1_644' title='bbox 538 4612 698 4682; x_wconf 85' lang='grc' dir='ltr'>μέχρι</span> <span class='ocrx_word' id='word_1_645' title='bbox 729 4611 823 4664; x_wconf 88' lang='grc' dir='ltr'><strong>τοῦ</strong></span> <span class='ocrx_word' id='word_1_646' title='bbox 853 4611 972 4673; x_wconf 86' lang='grc' dir='ltr'>νῦν,</span> <span class='ocrx_word' id='word_1_647' title='bbox 1010 4611 1141 4679; x_wconf 88' lang='grc' dir='ltr'>μίαν</span> <span class='ocrx_word' id='word_1_648' title='bbox 1188 4611 1285 4682; x_wconf 85' lang='grc' dir='ltr'>τὴν</span> <span class='ocrx_word' id='word_1_649' title='bbox 1335 4611 1428 4664; x_wconf 88' lang='grc' dir='ltr'><strong>τοῦ</strong></span> <span class='ocrx_word' id='word_1_650' title='bbox 1459 4611 1614 4675; x_wconf 87' lang='grc' dir='ltr'>Θεοῦ,</span> <span class='ocrx_word' id='word_1_651' title='bbox 1651 4613 1744 4665; x_wconf 67' lang='grc' dir='ltr'><strong>καὶ</strong></span> <span class='ocrx_word' id='word_1_652' title='bbox 1783 4613 1910 4682; x_wconf 90' lang='grc' dir='ltr'>μίαν</span> 
     </span>
    </p>
   </div>
   <div class='ocr_carea' id='block_1_81' title="bbox 338 4701 1906 4777">
    <p class='ocr_par' dir='ltr' id='par_1_81' title="bbox 338 4701 1906 4777">
     <span class='ocr_line' id='line_1_81' title="bbox 338 4701 1906 4777; baseline 0 -21"><span class='ocrx_word' id='word_1_653' title='bbox 338 4705 436 4774; x_wconf 80' lang='grc' dir='ltr'>τὴν</span> <span class='ocrx_word' id='word_1_654' title='bbox 495 4703 586 4756; x_wconf 85' lang='grc' dir='ltr'><strong>τοῦ</strong></span> <span class='ocrx_word' id='word_1_655' title='bbox 644 4701 936 4777; x_wconf 81' lang='grc' dir='ltr'>ἀνθρώπου</span> <span class='ocrx_word' id='word_1_656' title='bbox 967 4720 980 4734; x_wconf 78' lang='grc' dir='ltr'><strong><em>ο</em></strong></span> <span class='ocrx_word' id='word_1_657' title='bbox 1014 4702 1152 4756; x_wconf 78' lang='grc' dir='ltr'>ἀλλὰ</span> <span class='ocrx_word' id='word_1_658' title='bbox 1207 4702 1300 4755; x_wconf 88' lang='grc' dir='ltr'>δύο</span> <span class='ocrx_word' id='word_1_659' title='bbox 1339 4703 1437 4774; x_wconf 81' lang='grc' dir='ltr'>μὲν</span> <span class='ocrx_word' id='word_1_660' title='bbox 1463 4703 1554 4756; x_wconf 82' lang='grc' dir='ltr'><strong>τοῦ</strong></span> <span class='ocrx_word' id='word_1_661' title='bbox 1595 4701 1906 4773; x_wconf 76' lang='grc' dir='ltr'>ἀνθρώπου,</span> 
     </span>
    </p>
   </div>
   <div class='ocr_carea' id='block_1_82' title="bbox 345 4777 1912 4864">
    <p class='ocr_par' dir='ltr' id='par_1_82' title="bbox 345 4777 1912 4864">
     <span class='ocr_line' id='line_1_82' title="bbox 345 4777 1912 4864; baseline 0 -16"><span class='ocrx_word' id='word_1_662' title='bbox 345 4796 474 4864; x_wconf 85' lang='grc' dir='ltr'>μίαν</span> <span class='ocrx_word' id='word_1_663' title='bbox 534 4795 590 4848; x_wconf 77' lang='grc' dir='ltr'><strong>δὲ</strong></span> <span class='ocrx_word' id='word_1_664' title='bbox 651 4793 746 4847; x_wconf 84' lang='grc' dir='ltr'><strong>τοῦ</strong></span> <span class='ocrx_word' id='word_1_665' title='bbox 816 4793 992 4861; x_wconf 78' lang='grc' dir='ltr'>Λόγου</span> <span class='ocrx_word' id='word_1_666' title='bbox 1048 4777 1403 4860; x_wconf 58' lang='grc' dir='ltr'>δοξάζοντεςο</span> <span class='ocrx_word' id='word_1_667' title='bbox 1461 4794 1660 4864; x_wconf 78' lang='grc' dir='ltr'>ὁμοίως</span> <span class='ocrx_word' id='word_1_668' title='bbox 1708 4795 1762 4848; x_wconf 81' lang='grc' dir='ltr'><strong>δὲ</strong></span> <span class='ocrx_word' id='word_1_669' title='bbox 1816 4795 1912 4848; x_wconf 77' lang='grc' dir='ltr'>καὶ</span> 
     </span>
    </p>
   </div>
   <div class='ocr_carea' id='block_1_83' title="bbox 336 4882 1911 4957">
    <p class='ocr_par' dir='ltr' id='par_1_83' title="bbox 336 4882 1911 4957">
     <span class='ocr_line' id='line_1_83' title="bbox 336 4882 1911 4957; baseline 0.001 -18"><span class='ocrx_word' id='word_1_670' title='bbox 336 4890 486 4957; x_wconf 82' lang='grc' dir='ltr'>τρεῖς</span> <span class='ocrx_word' id='word_1_671' title='bbox 529 4885 628 4946; x_wconf 84' lang='grc' dir='ltr'><strong>τὰς</strong></span> <span class='ocrx_word' id='word_1_672' title='bbox 672 4882 864 4952; x_wconf 79' lang='grc' dir='ltr'>φύσεις</span> <span class='ocrx_word' id='word_1_673' title='bbox 887 4883 1052 4937; x_wconf 86' lang='grc' dir='ltr'>αὑτοῦ</span> <span class='ocrx_word' id='word_1_674' title='bbox 1077 4885 1136 4949; x_wconf 79' lang='grc' dir='ltr'><strong>ἐξ</strong></span> <span class='ocrx_word' id='word_1_675' title='bbox 1177 4886 1424 4954; x_wconf 72' lang='grc' dir='ltr'>ἀνάγκης</span> <span class='ocrx_word' id='word_1_676' title='bbox 1449 4887 1798 4957; x_wconf 84' lang='grc' dir='ltr'>παρέχοντες,</span> <span class='ocrx_word' id='word_1_677' title='bbox 1821 4887 1911 4940; x_wconf 77' lang='grc' dir='ltr'><strong>διά</strong></span> 
     </span>
    </p>
   </div>
   <div class='ocr_carea' id='block_1_84' title="bbox 339 4969 1905 5049">
    <p class='ocr_par' dir='ltr' id='par_1_84' title="bbox 339 4969 1905 5049">
     <span class='ocr_line' id='line_1_84' title="bbox 339 4969 1905 5049; baseline 0.003 -21"><span class='ocrx_word' id='word_1_678' title='bbox 339 4991 395 5029; x_wconf 88' lang='grc' dir='ltr'><strong>τε</strong></span> <span class='ocrx_word' id='word_1_679' title='bbox 427 4977 490 5028; x_wconf 78' lang='grc' dir='ltr'><strong>τὸ</strong></span> <span class='ocrx_word' id='word_1_680' title='bbox 523 4980 600 5045; x_wconf 83' lang='grc' dir='ltr'>μὴ</span> <span class='ocrx_word' id='word_1_681' title='bbox 619 4969 760 5027; x_wconf 79' lang='grc' dir='ltr'>εἶναι</span> <span class='ocrx_word' id='word_1_682' title='bbox 794 4973 1094 5028; x_wconf 78' lang='grc' dir='ltr'>ὑπόστασιν</span> <span class='ocrx_word' id='word_1_683' title='bbox 1128 4975 1376 5029; x_wconf 84' lang='grc' dir='ltr'>ἁνούσιον</span> <span class='ocrx_word' id='word_1_684' title='bbox 1407 4991 1420 5005; x_wconf 75' lang='grc' dir='ltr'><strong><em>ο</em></strong></span> <span class='ocrx_word' id='word_1_685' title='bbox 1451 4977 1539 5029; x_wconf 85' lang='grc' dir='ltr'>ἵνα</span> <span class='ocrx_word' id='word_1_686' title='bbox 1567 4979 1680 5040; x_wconf 84' lang='grc' dir='ltr'>τοῖς</span> <span class='ocrx_word' id='word_1_687' title='bbox 1715 4979 1905 5049; x_wconf 79' lang='grc' dir='ltr'>ὑμετέ·</span> 
     </span>
    </p>
   </div>
   <div class='ocr_carea' id='block_1_85' title="bbox 341 5063 1905 5142">
    <p class='ocr_par' dir='ltr' id='par_1_85' title="bbox 341 5063 1905 5142">
     <span class='ocr_line' id='line_1_85' title="bbox 341 5063 1905 5142; baseline 0.002 -20"><span class='ocrx_word' id='word_1_688' title='bbox 341 5083 456 5137; x_wconf 76' lang='lat' dir='ltr'><strong>pet;</strong></span> <span class='ocrx_word' id='word_1_689' title='bbox 480 5067 574 5120; x_wconf 77' lang='grc' dir='ltr'>καὶ</span> <span class='ocrx_word' id='word_1_690' title='bbox 599 5069 741 5120; x_wconf 82' lang='grc' dir='ltr'>κατὰ</span> <span class='ocrx_word' id='word_1_691' title='bbox 763 5065 832 5118; x_wconf 80' lang='grc' dir='ltr'>τὰ</span> <span class='ocrx_word' id='word_1_692' title='bbox 857 5063 1100 5136; x_wconf 73' lang='grc' dir='ltr'>ὑμέτερα</span> <span class='ocrx_word' id='word_1_693' title='bbox 1127 5068 1376 5136; x_wconf 83' lang='grc' dir='ltr'>νοήματα</span> <span class='ocrx_word' id='word_1_694' title='bbox 1397 5067 1733 5142; x_wconf 79' lang='grc' dir='ltr'>χρησώμεθα</span> <span class='ocrx_word' id='word_1_695' title='bbox 1758 5112 1773 5134; x_wconf 88' lang='grc'><strong>,</strong></span> <span class='ocrx_word' id='word_1_696' title='bbox 1811 5073 1905 5126; x_wconf 78' lang='grc' dir='ltr'>καὶ</span> 
     </span>
    </p>
   </div>
   <div class='ocr_carea' id='block_1_86' title="bbox 339 5155 1911 5232">
    <p class='ocr_par' dir='ltr' id='par_1_86' title="bbox 339 5155 1911 5232">
     <span class='ocr_line' id='line_1_86' title="bbox 339 5155 1911 5232; baseline 0.004 -22"><span class='ocrx_word' id='word_1_697' title='bbox 339 5159 399 5210; x_wconf 75' lang='grc' dir='ltr'><strong>τὸ</strong></span> <span class='ocrx_word' id='word_1_698' title='bbox 423 5155 650 5210; x_wconf 78' lang='grc' dir='ltr'>αὐτόθεν</span> <span class='ocrx_word' id='word_1_699' title='bbox 680 5155 782 5228; x_wconf 71' lang='grc' dir='ltr'><strong>ἢδη</strong></span> <span class='ocrx_word' id='word_1_700' title='bbox 806 5155 988 5224; x_wconf 82' lang='grc' dir='ltr'>λέγειν</span> <span class='ocrx_word' id='word_1_701' title='bbox 1013 5155 1106 5210; x_wconf 87' lang='grc' dir='ltr'>δύο</span> <span class='ocrx_word' id='word_1_702' title='bbox 1127 5157 1220 5210; x_wconf 80' lang='grc' dir='ltr'><strong>τοῦ</strong></span> <span class='ocrx_word' id='word_1_703' title='bbox 1254 5159 1545 5230; x_wconf 83' lang='grc' dir='ltr'>ἀνθρώπου</span> <span class='ocrx_word' id='word_1_704' title='bbox 1580 5161 1679 5226; x_wconf 74' lang='grc' dir='ltr'>τὰς</span> <span class='ocrx_word' id='word_1_705' title='bbox 1719 5163 1911 5232; x_wconf 82' lang='grc' dir='ltr'>φύσεις</span> 
     </span>
    </p>
   </div>
   <div class='ocr_carea' id='block_1_87' title="bbox 341 5245 1909 5326">
    <p class='ocr_par' dir='ltr' id='par_1_87' title="bbox 341 5245 1909 5326">
     <span class='ocr_line' id='line_1_87' title="bbox 341 5245 1909 5326; baseline 0.004 -23"><span class='ocrx_word' id='word_1_706' title='bbox 341 5245 501 5314; x_wconf 72' lang='grc' dir='ltr'>εἶναι,</span> <span class='ocrx_word' id='word_1_707' title='bbox 534 5250 664 5320; x_wconf 84' lang='grc' dir='ltr'>μίαν</span> <span class='ocrx_word' id='word_1_708' title='bbox 689 5250 742 5302; x_wconf 71' lang='grc' dir='ltr'><strong>δὲ</strong></span> <span class='ocrx_word' id='word_1_709' title='bbox 765 5248 860 5302; x_wconf 88' lang='grc' dir='ltr'><strong>τοῦ</strong></span> <span class='ocrx_word' id='word_1_710' title='bbox 879 5249 1054 5317; x_wconf 83' lang='grc' dir='ltr'>Λόγου</span> <span class='ocrx_word' id='word_1_711' title='bbox 1082 5267 1096 5282; x_wconf 81' lang='grc' dir='ltr'><strong><em>ο</em></strong></span> <span class='ocrx_word' id='word_1_712' title='bbox 1120 5251 1196 5315; x_wconf 84' lang='grc' dir='ltr'>ὠς</span> <span class='ocrx_word' id='word_1_713' title='bbox 1217 5247 1358 5306; x_wconf 78' lang='grc' dir='ltr'>εἶναι</span> <span class='ocrx_word' id='word_1_714' title='bbox 1391 5252 1576 5308; x_wconf 67' lang='grc' dir='ltr'>λοιπὸν</span> <span class='ocrx_word' id='word_1_715' title='bbox 1605 5258 1909 5326; x_wconf 77' lang='grc' dir='ltr'>συναγομέ-</span> 
     </span>
    </p>
   </div>
   <div class='ocr_carea' id='block_1_88' title="bbox 342 5337 1914 5413">
    <p class='ocr_par' dir='ltr' id='par_1_88' title="bbox 342 5337 1914 5413">
     <span class='ocr_line' id='line_1_88' title="bbox 342 5337 1914 5413; baseline 0.005 -21"><span class='ocrx_word' id='word_1_716' title='bbox 342 5358 439 5410; x_wconf 70' lang='grc' dir='ltr'>νην</span> <span class='ocrx_word' id='word_1_717' title='bbox 489 5337 583 5392; x_wconf 82' lang='grc' dir='ltr'><strong>τοῦ</strong></span> <span class='ocrx_word' id='word_1_718' title='bbox 617 5339 890 5410; x_wconf 87' lang='grc' dir='ltr'>ὑμετέρου</span> <span class='ocrx_word' id='word_1_719' title='bbox 923 5339 1191 5410; x_wconf 86' lang='grc' dir='ltr'>δόγματος</span> <span class='ocrx_word' id='word_1_720' title='bbox 1233 5339 1334 5412; x_wconf 79' lang='grc' dir='ltr'>τὴν</span> <span class='ocrx_word' id='word_1_721' title='bbox 1365 5343 1562 5413; x_wconf 83' lang='grc' dir='ltr'>ὁμάδα,</span> <span class='ocrx_word' id='word_1_722' title='bbox 1593 5347 1676 5408; x_wconf 88' lang='grc' dir='ltr'><strong>είς</strong></span> <span class='ocrx_word' id='word_1_723' title='bbox 1703 5345 1762 5411; x_wconf 77' lang='grc' dir='ltr'><strong>ἐξ</strong></span> <span class='ocrx_word' id='word_1_724' title='bbox 1791 5365 1914 5401; x_wconf 88' lang='grc' dir='ltr'>τινα</span> 
     </span>
    </p>
   </div>
   <div class='ocr_carea' id='block_1_89' title="bbox 343 5429 1914 5508">
    <p class='ocr_par' dir='ltr' id='par_1_89' title="bbox 343 5429 1914 5508">
     <span class='ocr_line' id='line_1_89' title="bbox 343 5429 1914 5508; baseline 0.004 -24"><span class='ocrx_word' id='word_1_725' title='bbox 343 5432 430 5484; x_wconf 82' lang='grc' dir='ltr'><strong>τὸν</strong></span> <span class='ocrx_word' id='word_1_726' title='bbox 503 5430 734 5503; x_wconf 73' lang='grc' dir='ltr'>ἀριθμὸν</span> <span class='ocrx_word' id='word_1_727' title='bbox 801 5429 908 5484; x_wconf 80' lang='grc' dir='ltr'>τῶν</span> <span class='ocrx_word' id='word_1_728' title='bbox 957 5431 1052 5484; x_wconf 73' lang='grc' dir='ltr'><strong>ἐπὶ</strong></span> <span class='ocrx_word' id='word_1_729' title='bbox 1107 5429 1348 5502; x_wconf 79' lang='grc' dir='ltr'>Χριστοῦ</span> <span class='ocrx_word' id='word_1_730' title='bbox 1397 5435 1704 5505; x_wconf 85' lang='grc' dir='ltr'>νοουμένων</span> <span class='ocrx_word' id='word_1_731' title='bbox 1748 5437 1914 5508; x_wconf 74' lang='grc' dir='ltr'>ἧγουν</span> 
     </span>
    </p>
   </div>
   <div class='ocr_carea' id='block_1_90' title="bbox 343 5517 1916 5598">
    <p class='ocr_par' dir='ltr' id='par_1_90' title="bbox 343 5517 1916 5598">
     <span class='ocr_line' id='line_1_90' title="bbox 343 5517 1916 5598; baseline 0.004 -23"><span class='ocrx_word' id='word_1_732' title='bbox 343 5522 507 5594; x_wconf 72' lang='grc' dir='ltr'>τριῶν</span> <span class='ocrx_word' id='word_1_733' title='bbox 541 5523 776 5593; x_wconf 80' lang='grc' dir='ltr'>φύσεων,</span> <span class='ocrx_word' id='word_1_734' title='bbox 797 5519 966 5592; x_wconf 84' lang='grc' dir='ltr'>τριῶν</span> <span class='ocrx_word' id='word_1_735' title='bbox 997 5520 1053 5574; x_wconf 76' lang='grc' dir='ltr'><strong>δὲ</strong></span> <span class='ocrx_word' id='word_1_736' title='bbox 1097 5521 1468 5590; x_wconf 84' lang='grc' dir='ltr'>ὑποστάσεων,</span> <span class='ocrx_word' id='word_1_737' title='bbox 1497 5517 1544 5579; x_wconf 81' lang='grc' dir='ltr'><strong>ὦ</strong></span> <span class='ocrx_word' id='word_1_738' title='bbox 1567 5525 1866 5598; x_wconf 79' lang='grc' dir='ltr'>σοφώτατοι</span> <span class='ocrx_word' id='word_1_739' title='bbox 1898 5543 1916 5562; x_wconf 79' lang='grc' dir='ltr'><strong>ο</strong></span> 
     </span>
    </p>
   </div>
   <div class='ocr_carea' id='block_1_91' title="bbox 416 5684 1350 5756">
    <p class='ocr_par' dir='ltr' id='par_1_91' title="bbox 416 5684 1350 5756">
     <span class='ocr_line' id='line_1_91' title="bbox 416 5684 1350 5756; baseline 0.032 -36"><span class='ocrx_word' id='word_1_740' title='bbox 416 5689 435 5720; x_wconf 75' lang='grc' dir='ltr'><strong>ι</strong></span> <span class='ocrx_word' id='word_1_741' title='bbox 471 5684 607 5742; x_wconf 64' lang='grc' dir='ltr'><strong>Ρξζιι,</strong></span> <span class='ocrx_word' id='word_1_742' title='bbox 641 5703 711 5752; x_wconf 75' lang='grc' dir='ltr'>ιχ,</span> <span class='ocrx_word' id='word_1_743' title='bbox 745 5687 826 5740; x_wconf 88' lang='lat' dir='ltr'><strong>l7.</strong></span> <span class='ocrx_word' id='word_1_744' title='bbox 903 5686 945 5720; x_wconf 78' lang='lat'><strong>“</strong></span> <span class='ocrx_word' id='word_1_745' title='bbox 976 5684 1118 5740; x_wconf 65' lang='lat' dir='ltr'><strong>i&#39;sal.</strong></span> <span class='ocrx_word' id='word_1_746' title='bbox 1143 5701 1236 5756; x_wconf 86' lang='lat' dir='ltr'><strong>vn,</strong></span> <span class='ocrx_word' id='word_1_747' title='bbox 1265 5693 1350 5750; x_wconf 75' lang='lat' dir='ltr'><strong>t7.</strong></span> 
     </span>
    </p>
   </div>
   <div class='ocr_carea' id='block_1_92' title="bbox 2017 3169 2148 3226">
    <p class='ocr_par' dir='ltr' id='par_1_92' title="bbox 2017 3169 2148 3226">
     <span class='ocr_line' id='line_1_92' title="bbox 2017 3169 2148 3226; baseline 0.015 -2"><span class='ocrx_word' id='word_1_748' title='bbox 2017 3169 2148 3226; x_wconf 82' lang='lat' dir='ltr'><strong>erit.</strong></span> 
     </span>
    </p>
   </div>
   <div class='ocr_carea' id='block_1_93' title="bbox 2089 3433 3594 3504">
    <p class='ocr_par' dir='ltr' id='par_1_93' title="bbox 2089 3433 3594 3504">
     <span class='ocr_line' id='line_1_93' title="bbox 2089 3433 3594 3504; baseline 0.001 -16"><span class='ocrx_word' id='word_1_749' title='bbox 2089 3433 2247 3500; x_wconf 87' lang='lat' dir='ltr'><strong>Quod</strong></span> <span class='ocrx_word' id='word_1_750' title='bbox 2270 3443 2450 3490; x_wconf 89' lang='lat' dir='ltr'><strong>tamen</strong></span> <span class='ocrx_word' id='word_1_751' title='bbox 2465 3449 2590 3489; x_wconf 86' lang='lat' dir='ltr'><strong>cum</strong></span> <span class='ocrx_word' id='word_1_752' title='bbox 2617 3433 2850 3504; x_wconf 89' lang='lat' dir='ltr'><strong>reliquis</strong></span> <span class='ocrx_word' id='word_1_753' title='bbox 2869 3433 3028 3490; x_wconf 84' lang='lat' dir='ltr'><strong>vobis</strong></span> <span class='ocrx_word' id='word_1_754' title='bbox 3051 3434 3406 3490; x_wconf 87' lang='lat' dir='ltr'><strong>concedatur.</strong></span> <span class='ocrx_word' id='word_1_755' title='bbox 3433 3434 3594 3490; x_wconf 83' lang='lat' dir='ltr'><strong>Aliud</strong></span> 
     </span>
    </p>
   </div>
   <div class='ocr_carea' id='block_1_94' title="bbox 2018 3526 3594 3599">
    <p class='ocr_par' dir='ltr' id='par_1_94' title="bbox 2018 3526 3594 3599">
     <span class='ocr_line' id='line_1_94' title="bbox 2018 3526 3594 3599; baseline 0.001 -19"><span class='ocrx_word' id='word_1_756' title='bbox 2018 3541 2149 3581; x_wconf 81' lang='lat' dir='ltr'><strong>vero</strong></span> <span class='ocrx_word' id='word_1_757' title='bbox 2171 3542 2202 3582; x_wconf 90' lang='lat' dir='ltr'><strong>a</strong></span> <span class='ocrx_word' id='word_1_758' title='bbox 2233 3526 2394 3582; x_wconf 89' lang='lat' dir='ltr'><strong>vobis</strong></span> <span class='ocrx_word' id='word_1_759' title='bbox 2430 3526 2593 3580; x_wconf 78' lang='lat' dir='ltr'><strong>nobis</strong></span> <span class='ocrx_word' id='word_1_760' title='bbox 2647 3526 2814 3581; x_wconf 89' lang='lat' dir='ltr'><strong>modo</strong></span> <span class='ocrx_word' id='word_1_761' title='bbox 2864 3527 3106 3582; x_wconf 89' lang='lat' dir='ltr'><strong>oblatum</strong></span> <span class='ocrx_word' id='word_1_762' title='bbox 3134 3543 3283 3583; x_wconf 89' lang='lat' dir='ltr'><strong>nunc</strong></span> <span class='ocrx_word' id='word_1_763' title='bbox 3339 3529 3594 3599; x_wconf 88' lang='lat' dir='ltr'><strong>accipite,</strong></span> 
     </span>
    </p>
   </div>
   <div class='ocr_carea' id='block_1_95' title="bbox 2016 3607 3596 3686">
    <p class='ocr_par' dir='ltr' id='par_1_95' title="bbox 2016 3607 3596 3686">
     <span class='ocr_line' id='line_1_95' title="bbox 2016 3607 3596 3686; baseline 0.002 -18"><span class='ocrx_word' id='word_1_764' title='bbox 2016 3607 2240 3682; x_wconf 79' lang='lat' dir='ltr'><strong>nempe</strong></span> <span class='ocrx_word' id='word_1_765' title='bbox 2270 3630 2393 3684; x_wconf 71' lang='lat' dir='ltr'><strong>qua:</strong></span> <span class='ocrx_word' id='word_1_766' title='bbox 2423 3615 2490 3670; x_wconf 90' lang='lat' dir='ltr'><strong>sit</strong></span> <span class='ocrx_word' id='word_1_767' title='bbox 2521 3624 2705 3670; x_wconf 90' lang='lat' dir='ltr'><strong>vestra</strong></span> <span class='ocrx_word' id='word_1_768' title='bbox 2725 3617 2998 3672; x_wconf 87' lang='lat' dir='ltr'><strong>sententia</strong></span> <span class='ocrx_word' id='word_1_769' title='bbox 3030 3617 3098 3670; x_wconf 91' lang='lat' dir='ltr'><strong>de</strong></span> <span class='ocrx_word' id='word_1_770' title='bbox 3131 3617 3383 3686; x_wconf 87' lang='lat' dir='ltr'><strong>corporis</strong></span> <span class='ocrx_word' id='word_1_771' title='bbox 3405 3632 3596 3686; x_wconf 79' lang='lat' dir='ltr'><strong>perso—</strong></span> 
     </span>
    </p>
   </div>
   <div class='ocr_carea' id='block_1_96' title="bbox 2017 3704 3594 3776">
    <p class='ocr_par' dir='ltr' id='par_1_96' title="bbox 2017 3704 3594 3776">
     <span class='ocr_line' id='line_1_96' title="bbox 2017 3704 3594 3776; baseline 0.003 -20"><span class='ocrx_word' id='word_1_772' title='bbox 2017 3719 2108 3765; x_wconf 90' lang='lat' dir='ltr'><strong>na,</strong></span> <span class='ocrx_word' id='word_1_773' title='bbox 2141 3704 2421 3771; x_wconf 90' lang='lat' dir='ltr'><strong>quomodo</strong></span> <span class='ocrx_word' id='word_1_774' title='bbox 2458 3715 2519 3759; x_wconf 91' lang='lat' dir='ltr'><strong>ut</strong></span> <span class='ocrx_word' id='word_1_775' title='bbox 2540 3705 2678 3760; x_wconf 88' lang='lat' dir='ltr'><strong>duas</strong></span> <span class='ocrx_word' id='word_1_776' title='bbox 2699 3715 2948 3769; x_wconf 90' lang='lat' dir='ltr'><strong>naturas,</strong></span> <span class='ocrx_word' id='word_1_777' title='bbox 2975 3707 3056 3761; x_wconf 89' lang='lat' dir='ltr'><strong>sic</strong></span> <span class='ocrx_word' id='word_1_778' title='bbox 3087 3705 3226 3761; x_wconf 87' lang='lat' dir='ltr'><strong>duas</strong></span> <span class='ocrx_word' id='word_1_779' title='bbox 3257 3709 3594 3776; x_wconf 86' lang='lat' dir='ltr'><strong>personasin</strong></span> 
     </span>
    </p>
   </div>
   <div class='ocr_carea' id='block_1_97' title="bbox 2019 3793 3596 3867">
    <p class='ocr_par' dir='ltr' id='par_1_97' title="bbox 2019 3793 3596 3867">
     <span class='ocr_line' id='line_1_97' title="bbox 2019 3793 3596 3867; baseline 0.004 -20"><span class='ocrx_word' id='word_1_780' title='bbox 2019 3793 2139 3864; x_wconf 88' lang='lat' dir='ltr'><strong>ipso</strong></span> <span class='ocrx_word' id='word_1_781' title='bbox 2173 3795 2506 3861; x_wconf 88' lang='lat' dir='ltr'><strong>admittatis,</strong></span> <span class='ocrx_word' id='word_1_782' title='bbox 2533 3805 2766 3866; x_wconf 87' lang='lat' dir='ltr'><strong>propter</strong></span> <span class='ocrx_word' id='word_1_783' title='bbox 2812 3797 2962 3867; x_wconf 91' lang='lat' dir='ltr'><strong>quod</strong></span> <span class='ocrx_word' id='word_1_784' title='bbox 2998 3814 3098 3853; x_wconf 92' lang='lat' dir='ltr'><strong>nos</strong></span> <span class='ocrx_word' id='word_1_785' title='bbox 3136 3798 3330 3853; x_wconf 90' lang='lat' dir='ltr'><strong>eodem</strong></span> <span class='ocrx_word' id='word_1_786' title='bbox 3374 3799 3596 3855; x_wconf 83' lang='lat' dir='ltr'><strong>ratioci-</strong></span> 
     </span>
    </p>
   </div>
   <div class='ocr_carea' id='block_1_98' title="bbox 2017 3887 3596 3960">
    <p class='ocr_par' dir='ltr' id='par_1_98' title="bbox 2017 3887 3596 3960">
     <span class='ocr_line' id='line_1_98' title="bbox 2017 3887 3596 3960; baseline 0.005 -19"><span class='ocrx_word' id='word_1_787' title='bbox 2017 3887 2112 3941; x_wconf 88' lang='lat' dir='ltr'><strong>nio</strong></span> <span class='ocrx_word' id='word_1_788' title='bbox 2163 3887 2302 3942; x_wconf 88' lang='lat' dir='ltr'><strong>duas</strong></span> <span class='ocrx_word' id='word_1_789' title='bbox 2341 3897 2568 3944; x_wconf 88' lang='lat' dir='ltr'><strong>naturas</strong></span> <span class='ocrx_word' id='word_1_790' title='bbox 2629 3899 2686 3944; x_wconf 86' lang='lat' dir='ltr'><strong>et</strong></span> <span class='ocrx_word' id='word_1_791' title='bbox 2747 3906 2908 3944; x_wconf 90' lang='lat' dir='ltr'><strong>unam</strong></span> <span class='ocrx_word' id='word_1_792' title='bbox 2949 3906 3240 3960; x_wconf 86' lang='lat' dir='ltr'><strong>personam</strong></span> <span class='ocrx_word' id='word_1_793' title='bbox 3269 3892 3320 3946; x_wconf 92' lang='lat' dir='ltr'><strong>in</strong></span> <span class='ocrx_word' id='word_1_794' title='bbox 3363 3893 3596 3949; x_wconf 87' lang='lat' dir='ltr'><strong>Domino</strong></span> 
     </span>
    </p>
   </div>
   <div class='ocr_carea' id='block_1_99' title="bbox 2016 3981 3595 4040">
    <p class='ocr_par' dir='ltr' id='par_1_99' title="bbox 2016 3981 3595 4040">
     <span class='ocr_line' id='line_1_99' title="bbox 2016 3981 3595 4040; baseline 0.004 -7"><span class='ocrx_word' id='word_1_795' title='bbox 2016 3988 2328 4035; x_wconf 89' lang='lat' dir='ltr'><strong>astruentes</strong></span> <span class='ocrx_word' id='word_1_796' title='bbox 2349 3981 2538 4036; x_wconf 88' lang='lat' dir='ltr'><strong>audire</strong></span> <span class='ocrx_word' id='word_1_797' title='bbox 2566 3997 2678 4036; x_wconf 89' lang='lat' dir='ltr'><strong>non</strong></span> <span class='ocrx_word' id='word_1_798' title='bbox 2709 3982 2896 4037; x_wconf 86' lang='lat' dir='ltr'><strong>vultis.</strong></span> <span class='ocrx_word' id='word_1_799' title='bbox 2916 3983 3091 4038; x_wconf 87' lang='lat' dir='ltr'><strong>Porro</strong></span> <span class='ocrx_word' id='word_1_800' title='bbox 3116 3983 3393 4039; x_wconf 76' lang='lat' dir='ltr'><strong>Christum</strong></span> <span class='ocrx_word' id='word_1_801' title='bbox 3421 3986 3595 4040; x_wconf 87' lang='lat' dir='ltr'><strong>Deum</strong></span> 
     </span>
    </p>
   </div>
   <div class='ocr_carea' id='block_1_100' title="bbox 2015 4072 3595 4147">
    <p class='ocr_par' dir='ltr' id='par_1_100' title="bbox 2015 4072 3595 4147">
     <span class='ocr_line' id='line_1_100' title="bbox 2015 4072 3595 4147; baseline 0.005 -21"><span class='ocrx_word' id='word_1_802' title='bbox 2015 4081 2072 4126; x_wconf 88' lang='lat' dir='ltr'><strong>et</strong></span> <span class='ocrx_word' id='word_1_803' title='bbox 2103 4072 2386 4128; x_wconf 88' lang='lat' dir='ltr'><strong>hominem</strong></span> <span class='ocrx_word' id='word_1_804' title='bbox 2418 4073 2655 4128; x_wconf 82' lang='lat' dir='ltr'><strong>confessi</strong></span> <span class='ocrx_word' id='word_1_805' title='bbox 2683 4115 2698 4138; x_wconf 94' lang='lat'><strong>,</strong></span> <span class='ocrx_word' id='word_1_806' title='bbox 2733 4073 2837 4143; x_wconf 85' lang='lat' dir='ltr'><strong>ipsi</strong></span> <span class='ocrx_word' id='word_1_807' title='bbox 2879 4075 3017 4131; x_wconf 87' lang='lat' dir='ltr'><strong>duas</strong></span> <span class='ocrx_word' id='word_1_808' title='bbox 3058 4077 3301 4132; x_wconf 90' lang='lat' dir='ltr'><strong>hominis</strong></span> <span class='ocrx_word' id='word_1_809' title='bbox 3329 4094 3595 4147; x_wconf 85' lang='lat' dir='ltr'><strong>personas</strong></span> 
     </span>
    </p>
   </div>
   <div class='ocr_carea' id='block_1_101' title="bbox 2014 4166 3600 4240">
    <p class='ocr_par' dir='ltr' id='par_1_101' title="bbox 2014 4166 3600 4240">
     <span class='ocr_line' id='line_1_101' title="bbox 2014 4166 3600 4240; baseline 0.005 -22"><span class='ocrx_word' id='word_1_810' title='bbox 2014 4172 2071 4219; x_wconf 90' lang='lat' dir='ltr'><strong>et</strong></span> <span class='ocrx_word' id='word_1_811' title='bbox 2121 4166 2350 4220; x_wconf 86' lang='lat' dir='ltr'><strong>alteram</strong></span> <span class='ocrx_word' id='word_1_812' title='bbox 2380 4166 2544 4220; x_wconf 77' lang='lat' dir='ltr'><strong>Verbi</strong></span> <span class='ocrx_word' id='word_1_813' title='bbox 2587 4175 2844 4236; x_wconf 88' lang='lat' dir='ltr'><strong>patenter</strong></span> <span class='ocrx_word' id='word_1_814' title='bbox 2865 4168 3158 4224; x_wconf 87' lang='lat' dir='ltr'><strong>admittitis</strong></span> <span class='ocrx_word' id='word_1_815' title='bbox 3197 4171 3344 4224; x_wconf 91' lang='lat' dir='ltr'><strong>ineo</strong></span> <span class='ocrx_word' id='word_1_816' title='bbox 3405 4170 3600 4240; x_wconf 82' lang='lat' dir='ltr'><strong>sicque</strong></span> 
     </span>
    </p>
   </div>
   <div class='ocr_carea' id='block_1_102' title="bbox 2017 4258 3594 4328">
    <p class='ocr_par' dir='ltr' id='par_1_102' title="bbox 2017 4258 3594 4328">
     <span class='ocr_line' id='line_1_102' title="bbox 2017 4258 3594 4328; baseline 0.004 -19"><span class='ocrx_word' id='word_1_817' title='bbox 2017 4266 2131 4312; x_wconf 89' lang='lat' dir='ltr'><strong>tres</strong></span> <span class='ocrx_word' id='word_1_818' title='bbox 2158 4273 2424 4327; x_wconf 81' lang='lat' dir='ltr'><strong>personas</strong></span> <span class='ocrx_word' id='word_1_819' title='bbox 2454 4258 2660 4314; x_wconf 88' lang='lat' dir='ltr'><strong>Christi</strong></span> <span class='ocrx_word' id='word_1_820' title='bbox 2686 4275 2818 4314; x_wconf 87' lang='lat' dir='ltr'><strong>vere</strong></span> <span class='ocrx_word' id='word_1_821' title='bbox 2843 4261 3094 4327; x_wconf 89' lang='lat' dir='ltr'><strong>creditis,</strong></span> <span class='ocrx_word' id='word_1_822' title='bbox 3121 4278 3226 4316; x_wconf 94' lang='lat' dir='ltr'><strong>non</strong></span> <span class='ocrx_word' id='word_1_823' title='bbox 3252 4263 3388 4318; x_wconf 91' lang='lat' dir='ltr'><strong>duas</strong></span> <span class='ocrx_word' id='word_1_824' title='bbox 3408 4265 3594 4328; x_wconf 81' lang='lat' dir='ltr'><strong>modo,</strong></span> 
     </span>
    </p>
   </div>
   <div class='ocr_carea' id='block_1_103' title="bbox 1999 4349 3594 4426">
    <p class='ocr_par' dir='ltr' id='par_1_103' title="bbox 1999 4349 3594 4426">
     <span class='ocr_line' id='line_1_103' title="bbox 1999 4349 3594 4426; baseline 0.006 -24"><span class='ocrx_word' id='word_1_825' title='bbox 1999 4359 2214 4418; x_wconf 50' lang='lat' dir='ltr'><strong>nempe</strong></span> <span class='ocrx_word' id='word_1_826' title='bbox 2247 4365 2406 4404; x_wconf 86' lang='lat' dir='ltr'><strong>uuam</strong></span> <span class='ocrx_word' id='word_1_827' title='bbox 2435 4366 2502 4404; x_wconf 82' lang='lat' dir='ltr'><strong>ex</strong></span> <span class='ocrx_word' id='word_1_828' title='bbox 2531 4357 2686 4418; x_wconf 88' lang='lat' dir='ltr'><strong>parte</strong></span> <span class='ocrx_word' id='word_1_829' title='bbox 2735 4349 2974 4406; x_wconf 90' lang='lat' dir='ltr'><strong>hominis</strong></span> <span class='ocrx_word' id='word_1_830' title='bbox 3007 4364 3062 4408; x_wconf 90' lang='lat' dir='ltr'><strong>et</strong></span> <span class='ocrx_word' id='word_1_831' title='bbox 3087 4354 3311 4408; x_wconf 85' lang='lat' dir='ltr'><strong>alteram</strong></span> <span class='ocrx_word' id='word_1_832' title='bbox 3341 4372 3406 4410; x_wconf 66' lang='lat' dir='ltr'><strong>ex</strong></span> <span class='ocrx_word' id='word_1_833' title='bbox 3441 4367 3594 4426; x_wconf 85' lang='lat' dir='ltr'><strong>parte</strong></span> 
     </span>
    </p>
   </div>
   <div class='ocr_carea' id='block_1_104' title="bbox 2020 4441 3594 4512">
    <p class='ocr_par' dir='ltr' id='par_1_104' title="bbox 2020 4441 3594 4512">
     <span class='ocr_line' id='line_1_104' title="bbox 2020 4441 3594 4512; baseline 0.006 -17"><span class='ocrx_word' id='word_1_834' title='bbox 2020 4441 2138 4507; x_wconf 81' lang='lat' dir='ltr'><strong>Dei,</strong></span> <span class='ocrx_word' id='word_1_835' title='bbox 2173 4441 2321 4510; x_wconf 85' lang='lat' dir='ltr'><strong>quod</strong></span> <span class='ocrx_word' id='word_1_836' title='bbox 2353 4441 2538 4496; x_wconf 87' lang='lat' dir='ltr'><strong>dicere</strong></span> <span class='ocrx_word' id='word_1_837' title='bbox 2583 4441 2848 4498; x_wconf 89' lang='lat' dir='ltr'><strong>hactenus</strong></span> <span class='ocrx_word' id='word_1_838' title='bbox 2877 4446 3274 4512; x_wconf 87' lang='lat' dir='ltr'><strong>consuevistis;</strong></span> <span class='ocrx_word' id='word_1_839' title='bbox 3303 4463 3434 4504; x_wconf 86' lang='lat' dir='ltr'><strong>sane</strong></span> <span class='ocrx_word' id='word_1_840' title='bbox 3463 4465 3594 4505; x_wconf 89' lang='lat' dir='ltr'><strong>vero</strong></span> 
     </span>
    </p>
   </div>
   <div class='ocr_carea' id='block_1_105' title="bbox 2019 4531 3595 4608">
    <p class='ocr_par' dir='ltr' id='par_1_105' title="bbox 2019 4531 3595 4608">
     <span class='ocr_line' id='line_1_105' title="bbox 2019 4531 3595 4608; baseline 0.007 -22"><span class='ocrx_word' id='word_1_841' title='bbox 2019 4532 2158 4586; x_wconf 90' lang='lat' dir='ltr'><strong>duas</strong></span> <span class='ocrx_word' id='word_1_842' title='bbox 2211 4547 2280 4585; x_wconf 74' lang='lat' dir='ltr'><strong>ex</strong></span> <span class='ocrx_word' id='word_1_843' title='bbox 2325 4531 2548 4586; x_wconf 86' lang='lat' dir='ltr'><strong>homine</strong></span> <span class='ocrx_word' id='word_1_844' title='bbox 2589 4540 2644 4586; x_wconf 92' lang='lat' dir='ltr'><strong>et</strong></span> <span class='ocrx_word' id='word_1_845' title='bbox 2681 4547 2848 4586; x_wconf 86' lang='lat' dir='ltr'><strong>unam</strong></span> <span class='ocrx_word' id='word_1_846' title='bbox 2885 4549 2954 4588; x_wconf 84' lang='lat' dir='ltr'><strong>ex</strong></span> <span class='ocrx_word' id='word_1_847' title='bbox 3001 4535 3178 4591; x_wconf 85' lang='lat' dir='ltr'><strong>Verbo</strong></span> <span class='ocrx_word' id='word_1_848' title='bbox 3225 4540 3493 4608; x_wconf 78' lang='lat' dir='ltr'><strong>accipitis.</strong></span> <span class='ocrx_word' id='word_1_849' title='bbox 3526 4543 3595 4597; x_wconf 84' lang='lat' dir='ltr'><strong>Et</strong></span> 
     </span>
    </p>
   </div>
   <div class='ocr_carea' id='block_1_106' title="bbox 2018 4623 3596 4703">
    <p class='ocr_par' dir='ltr' id='par_1_106' title="bbox 2018 4623 3596 4703">
     <span class='ocr_line' id='line_1_106' title="bbox 2018 4623 3596 4703; baseline 0.006 -26"><span class='ocrx_word' id='word_1_850' title='bbox 2018 4623 2273 4678; x_wconf 89' lang='lat' dir='ltr'><strong>similiter</strong></span> <span class='ocrx_word' id='word_1_851' title='bbox 2307 4631 2416 4678; x_wconf 89' lang='lat' dir='ltr'><strong>tres</strong></span> <span class='ocrx_word' id='word_1_852' title='bbox 2439 4631 2663 4678; x_wconf 87' lang='lat' dir='ltr'><strong>naturas</strong></span> <span class='ocrx_word' id='word_1_853' title='bbox 2692 4624 2812 4694; x_wconf 86' lang='lat' dir='ltr'><strong>ejus</strong></span> <span class='ocrx_word' id='word_1_854' title='bbox 2839 4625 3132 4682; x_wconf 85' lang='lat' dir='ltr'><strong>admittere</strong></span> <span class='ocrx_word' id='word_1_855' title='bbox 3155 4630 3433 4699; x_wconf 77' lang='lat' dir='ltr'><strong>cogimini,</strong></span> <span class='ocrx_word' id='word_1_856' title='bbox 3463 4636 3596 4703; x_wconf 79' lang='lat' dir='ltr'><strong>quia</strong></span> 
     </span>
    </p>
   </div>
   <div class='ocr_carea' id='block_1_107' title="bbox 2019 4715 3588 4787">
    <p class='ocr_par' dir='ltr' id='par_1_107' title="bbox 2019 4715 3588 4787">
     <span class='ocr_line' id='line_1_107' title="bbox 2019 4715 3588 4787; baseline 0.01 -20"><span class='ocrx_word' id='word_1_857' title='bbox 2019 4729 2250 4784; x_wconf 84' lang='lat' dir='ltr'><strong>persona</strong></span> <span class='ocrx_word' id='word_1_858' title='bbox 2281 4731 2392 4770; x_wconf 92' lang='lat' dir='ltr'><strong>non</strong></span> <span class='ocrx_word' id='word_1_859' title='bbox 2421 4725 2506 4771; x_wconf 91' lang='lat' dir='ltr'><strong>est</strong></span> <span class='ocrx_word' id='word_1_860' title='bbox 2531 4715 2738 4785; x_wconf 88' lang='lat' dir='ltr'><strong>absque</strong></span> <span class='ocrx_word' id='word_1_861' title='bbox 2767 4721 3076 4776; x_wconf 88' lang='lat' dir='ltr'><strong>substantia</strong></span> <span class='ocrx_word' id='word_1_862' title='bbox 3115 4723 3334 4787; x_wconf 69' lang='lat' dir='ltr'><strong>(vestris</strong></span> <span class='ocrx_word' id='word_1_863' title='bbox 3367 4735 3588 4781; x_wconf 83' lang='lat' dir='ltr'><strong>senten-</strong></span> 
     </span>
    </p>
   </div>
   <div class='ocr_carea' id='block_1_108' title="bbox 1935 4803 3595 4880">
    <p class='ocr_par' dir='ltr' id='par_1_108' title="bbox 1935 4803 3595 4880">
     <span class='ocr_line' id='line_1_108' title="bbox 1935 4803 3595 4880; baseline 0.009 -23"><span class='ocrx_word' id='word_1_864' title='bbox 1935 4869 1952 4879; x_wconf 27' lang='grc' dir='ltr'><strong><em>ἰ</em></strong></span> <span class='ocrx_word' id='word_1_865' title='bbox 2020 4805 2112 4858; x_wconf 89' lang='lat' dir='ltr'><strong>tiis</strong></span> <span class='ocrx_word' id='word_1_866' title='bbox 2163 4803 2396 4860; x_wconf 84' lang='lat' dir='ltr'><strong>invicem</strong></span> <span class='ocrx_word' id='word_1_867' title='bbox 2455 4809 2960 4880; x_wconf 81' lang='lat' dir='ltr'><strong>pugnantibus),et</strong></span> <span class='ocrx_word' id='word_1_868' title='bbox 2987 4812 3115 4880; x_wconf 84' lang='lat' dir='ltr'><strong>quia</strong></span> <span class='ocrx_word' id='word_1_869' title='bbox 3164 4811 3366 4867; x_wconf 84' lang='lat' dir='ltr'><strong>ibidem</strong></span> <span class='ocrx_word' id='word_1_870' title='bbox 3409 4815 3595 4872; x_wconf 80' lang='lat' dir='ltr'><strong>dicitis</strong></span> 
     </span>
    </p>
   </div>
   <div class='ocr_carea' id='block_1_109' title="bbox 2018 4895 3594 4966">
    <p class='ocr_par' dir='ltr' id='par_1_109' title="bbox 2018 4895 3594 4966">
     <span class='ocr_line' id='line_1_109' title="bbox 2018 4895 3594 4966; baseline 0.01 -14"><span class='ocrx_word' id='word_1_871' title='bbox 2018 4895 2158 4952; x_wconf 88' lang='lat' dir='ltr'><strong>duas</strong></span> <span class='ocrx_word' id='word_1_872' title='bbox 2185 4911 2309 4952; x_wconf 85' lang='lat' dir='ltr'><strong>esse</strong></span> <span class='ocrx_word' id='word_1_873' title='bbox 2339 4897 2580 4953; x_wconf 88' lang='lat' dir='ltr'><strong>hominis</strong></span> <span class='ocrx_word' id='word_1_874' title='bbox 2606 4909 2833 4956; x_wconf 88' lang='lat' dir='ltr'><strong>naturas</strong></span> <span class='ocrx_word' id='word_1_875' title='bbox 2862 4910 2919 4956; x_wconf 89' lang='lat' dir='ltr'><strong>et</strong></span> <span class='ocrx_word' id='word_1_876' title='bbox 2950 4917 3113 4957; x_wconf 85' lang='lat' dir='ltr'><strong>unam</strong></span> <span class='ocrx_word' id='word_1_877' title='bbox 3149 4904 3336 4960; x_wconf 82' lang='lat' dir='ltr'><strong>Verbi.</strong></span> <span class='ocrx_word' id='word_1_878' title='bbox 3371 4910 3452 4962; x_wconf 83' lang='lat' dir='ltr'><strong>Ad</strong></span> <span class='ocrx_word' id='word_1_879' title='bbox 3488 4911 3594 4966; x_wconf 86' lang='lat' dir='ltr'><strong>hoc</strong></span> 
     </span>
    </p>
   </div>
   <div class='ocr_carea' id='block_1_110' title="bbox 2017 4985 3591 5064">
    <p class='ocr_par' dir='ltr' id='par_1_110' title="bbox 2017 4985 3591 5064">
     <span class='ocr_line' id='line_1_110' title="bbox 2017 4985 3591 5064; baseline 0.008 -23"><span class='ocrx_word' id='word_1_880' title='bbox 2017 5002 2148 5064; x_wconf 75' lang='lat' dir='ltr'><strong>ergo</strong></span> <span class='ocrx_word' id='word_1_881' title='bbox 2197 4985 2419 5042; x_wconf 87' lang='lat' dir='ltr'><strong>devenit</strong></span> <span class='ocrx_word' id='word_1_882' title='bbox 2448 4987 2586 5043; x_wconf 81' lang='lat' dir='ltr'><strong>fides</strong></span> <span class='ocrx_word' id='word_1_883' title='bbox 2627 4999 2832 5055; x_wconf 84' lang='lat' dir='ltr'><strong>vestra,</strong></span> <span class='ocrx_word' id='word_1_884' title='bbox 2863 5006 2897 5046; x_wconf 90' lang='grc' dir='ltr'><strong>ο</strong></span> <span class='ocrx_word' id='word_1_885' title='bbox 2936 4993 3350 5063; x_wconf 88' lang='lat' dir='ltr'><strong>sapientissimi,</strong></span> <span class='ocrx_word' id='word_1_886' title='bbox 3386 5007 3446 5052; x_wconf 87' lang='lat' dir='ltr'><strong>ut</strong></span> <span class='ocrx_word' id='word_1_887' title='bbox 3497 5016 3591 5056; x_wconf 75' lang='lat' dir='ltr'><strong>sm:</strong></span> 
     </span>
    </p>
   </div>
   <div class='ocr_carea' id='block_1_111' title="bbox 2017 5075 3591 5151">
    <p class='ocr_par' dir='ltr' id='par_1_111' title="bbox 2017 5075 3591 5151">
     <span class='ocr_line' id='line_1_111' title="bbox 2017 5075 3591 5151; baseline 0.011 -21"><span class='ocrx_word' id='word_1_888' title='bbox 2017 5075 2074 5132; x_wconf 89' lang='lat' dir='ltr'><strong>in</strong></span> <span class='ocrx_word' id='word_1_889' title='bbox 2106 5075 2326 5133; x_wconf 89' lang='lat' dir='ltr'><strong>Christo</strong></span> <span class='ocrx_word' id='word_1_890' title='bbox 2363 5079 2715 5148; x_wconf 85' lang='lat' dir='ltr'><strong>computetis,</strong></span> <span class='ocrx_word' id='word_1_891' title='bbox 2747 5095 2946 5151; x_wconf 91' lang='lat' dir='ltr'><strong>nempe</strong></span> <span class='ocrx_word' id='word_1_892' title='bbox 2983 5092 3096 5138; x_wconf 90' lang='lat' dir='ltr'><strong>tres</strong></span> <span class='ocrx_word' id='word_1_893' title='bbox 3125 5095 3374 5146; x_wconf 87' lang='lat' dir='ltr'><strong>naturas.</strong></span> <span class='ocrx_word' id='word_1_894' title='bbox 3404 5099 3458 5144; x_wconf 87' lang='lat' dir='ltr'><strong>et</strong></span> <span class='ocrx_word' id='word_1_895' title='bbox 3482 5099 3591 5147; x_wconf 84' lang='lat' dir='ltr'><strong>tres</strong></span> 
     </span>
    </p>
   </div>
   <div class='ocr_carea' id='block_1_112' title="bbox 2017 5167 3590 5250">
    <p class='ocr_par' dir='ltr' id='par_1_112' title="bbox 2017 5167 3590 5250">
     <span class='ocr_line' id='line_1_112' title="bbox 2017 5167 3590 5250; baseline 0.011 -28"><span class='ocrx_word' id='word_1_896' title='bbox 2017 5182 2296 5238; x_wconf 89' lang='lat' dir='ltr'><strong>personas.</strong></span> <span class='ocrx_word' id='word_1_897' title='bbox 2318 5167 2386 5224; x_wconf 83' lang='lat' dir='ltr'><strong>Et</strong></span> <span class='ocrx_word' id='word_1_898' title='bbox 2411 5169 2515 5224; x_wconf 90' lang='lat' dir='ltr'><strong>nisi</strong></span> <span class='ocrx_word' id='word_1_899' title='bbox 2536 5169 2682 5226; x_wconf 90' lang='lat' dir='ltr'><strong>idem</strong></span> <span class='ocrx_word' id='word_1_900' title='bbox 2703 5171 2776 5226; x_wconf 90' lang='lat' dir='ltr'><strong>sit</strong></span> <span class='ocrx_word' id='word_1_901' title='bbox 2791 5171 2897 5228; x_wconf 89' lang='lat' dir='ltr'><strong>hoc</strong></span> <span class='ocrx_word' id='word_1_902' title='bbox 2921 5185 3083 5244; x_wconf 88' lang='lat' dir='ltr'><strong>atque</strong></span> <span class='ocrx_word' id='word_1_903' title='bbox 3104 5175 3274 5242; x_wconf 84' lang='lat' dir='ltr'><strong>istud.</strong></span> <span class='ocrx_word' id='word_1_904' title='bbox 3292 5197 3440 5236; x_wconf 90' lang='lat' dir='ltr'><strong>nunc</strong></span> <span class='ocrx_word' id='word_1_905' title='bbox 3467 5183 3590 5250; x_wconf 83' lang='lat' dir='ltr'><strong>tria,</strong></span> 
     </span>
    </p>
   </div>
   <div class='ocr_carea' id='block_1_113' title="bbox 2015 5258 3590 5344">
    <p class='ocr_par' dir='ltr' id='par_1_113' title="bbox 2015 5258 3590 5344">
     <span class='ocr_line' id='line_1_113' title="bbox 2015 5258 3590 5344; baseline 0.01 -31"><span class='ocrx_word' id='word_1_906' title='bbox 2015 5273 2164 5314; x_wconf 89' lang='lat' dir='ltr'><strong>nunc</strong></span> <span class='ocrx_word' id='word_1_907' title='bbox 2181 5259 2291 5314; x_wconf 92' lang='lat' dir='ltr'><strong>duo</strong></span> <span class='ocrx_word' id='word_1_908' title='bbox 2315 5259 2383 5315; x_wconf 89' lang='lat' dir='ltr'><strong>de</strong></span> <span class='ocrx_word' id='word_1_909' title='bbox 2403 5258 2622 5316; x_wconf 88' lang='lat' dir='ltr'><strong>Christo</strong></span> <span class='ocrx_word' id='word_1_910' title='bbox 2640 5261 2950 5332; x_wconf 89' lang='lat' dir='ltr'><strong>loquimini.</strong></span> <span class='ocrx_word' id='word_1_911' title='bbox 2989 5265 3102 5322; x_wconf 89' lang='lat' dir='ltr'><strong>Cur</strong></span> <span class='ocrx_word' id='word_1_912' title='bbox 3122 5271 3354 5326; x_wconf 88' lang='lat' dir='ltr'><strong>mediam</strong></span> <span class='ocrx_word' id='word_1_913' title='bbox 3382 5283 3590 5344; x_wconf 82' lang='lat' dir='ltr'><strong>partem</strong></span> 
     </span>
    </p>
   </div>
   <div class='ocr_carea' id='block_1_114' title="bbox 2017 5353 3592 5436">
    <p class='ocr_par' dir='ltr' id='par_1_114' title="bbox 2017 5353 3592 5436">
     <span class='ocr_line' id='line_1_114' title="bbox 2017 5353 3592 5436; baseline 0.008 -27"><span class='ocrx_word' id='word_1_914' title='bbox 2017 5353 2284 5426; x_wconf 81' lang='lat' dir='ltr'><strong>dogmatis</strong></span> <span class='ocrx_word' id='word_1_915' title='bbox 2329 5355 2521 5410; x_wconf 88' lang='lat' dir='ltr'><strong>celatis</strong></span> <span class='ocrx_word' id='word_1_916' title='bbox 2548 5356 2573 5408; x_wconf 85' lang='lat'><strong>?</strong></span> <span class='ocrx_word' id='word_1_917' title='bbox 2601 5356 2658 5412; x_wconf 91' lang='lat' dir='ltr'><strong>Si</strong></span> <span class='ocrx_word' id='word_1_918' title='bbox 2706 5373 2838 5414; x_wconf 90' lang='lat' dir='ltr'><strong>vero</strong></span> <span class='ocrx_word' id='word_1_919' title='bbox 2891 5369 3090 5416; x_wconf 85' lang='lat' dir='ltr'><strong>natura</strong></span> <span class='ocrx_word' id='word_1_920' title='bbox 3143 5363 3286 5418; x_wconf 86' lang='lat' dir='ltr'><strong>idem</strong></span> <span class='ocrx_word' id='word_1_921' title='bbox 3316 5375 3402 5419; x_wconf 87' lang='lat' dir='ltr'><strong>est</strong></span> <span class='ocrx_word' id='word_1_922' title='bbox 3443 5366 3592 5436; x_wconf 88' lang='lat' dir='ltr'><strong>quod</strong></span> 
     </span>
    </p>
   </div>
   <div class='ocr_carea' id='block_1_115' title="bbox 2017 5440 3592 5521">
    <p class='ocr_par' dir='ltr' id='par_1_115' title="bbox 2017 5440 3592 5521">
     <span class='ocr_line' id='line_1_115' title="bbox 2017 5440 3592 5521; baseline 0.01 -26"><span class='ocrx_word' id='word_1_923' title='bbox 2017 5455 2273 5510; x_wconf 84' lang='lat' dir='ltr'><strong>persona,</strong></span> <span class='ocrx_word' id='word_1_924' title='bbox 2303 5440 2449 5510; x_wconf 88' lang='lat' dir='ltr'><strong>quod</strong></span> <span class='ocrx_word' id='word_1_925' title='bbox 2474 5457 2504 5496; x_wconf 91' lang='lat' dir='ltr'><strong>a</strong></span> <span class='ocrx_word' id='word_1_926' title='bbox 2535 5443 2690 5500; x_wconf 86' lang='lat' dir='ltr'><strong>vobis</strong></span> <span class='ocrx_word' id='word_1_927' title='bbox 2728 5461 2872 5516; x_wconf 65' lang='lat' dir='ltr'><strong>saepe</strong></span> <span class='ocrx_word' id='word_1_928' title='bbox 2927 5449 3172 5518; x_wconf 89' lang='lat' dir='ltr'><strong>ponitur,</strong></span> <span class='ocrx_word' id='word_1_929' title='bbox 3199 5467 3290 5506; x_wconf 77' lang='lat' dir='ltr'><strong>sex</strong></span> <span class='ocrx_word' id='word_1_930' title='bbox 3343 5468 3592 5521; x_wconf 69' lang='lat' dir='ltr'><strong>personae</strong></span> 
     </span>
    </p>
   </div>
   <div class='ocr_carea' id='block_1_116' title="bbox 2023 5529 3593 5610">
    <p class='ocr_par' dir='ltr' id='par_1_116' title="bbox 2023 5529 3593 5610">
     <span class='ocr_line' id='line_1_116' title="bbox 2023 5529 3593 5610; baseline 0.011 -25"><span class='ocrx_word' id='word_1_931' title='bbox 2023 5532 2078 5586; x_wconf 90' lang='lat' dir='ltr'><strong>in</strong></span> <span class='ocrx_word' id='word_1_932' title='bbox 2113 5529 2234 5601; x_wconf 87' lang='lat' dir='ltr'><strong>ipso</strong></span> <span class='ocrx_word' id='word_1_933' title='bbox 2261 5545 2294 5587; x_wconf 74' lang='grc' dir='ltr'><strong>ιι</strong></span> <span class='ocrx_word' id='word_1_934' title='bbox 2321 5531 2474 5589; x_wconf 88' lang='lat' dir='ltr'><strong>vobis</strong></span> <span class='ocrx_word' id='word_1_935' title='bbox 2496 5544 2839 5605; x_wconf 86' lang='lat' dir='ltr'><strong>astruuntur,</strong></span> <span class='ocrx_word' id='word_1_936' title='bbox 2875 5541 3128 5610; x_wconf 88' lang='lat' dir='ltr'><strong>personis</strong></span> <span class='ocrx_word' id='word_1_937' title='bbox 3179 5540 3383 5598; x_wconf 85' lang='lat' dir='ltr'><strong>additis</strong></span> <span class='ocrx_word' id='word_1_938' title='bbox 3430 5553 3593 5607; x_wconf 74' lang='lat' dir='ltr'><strong>nazu-</strong></span> 
     </span>
    </p>
   </div>
  </div>
