3932 6152
366 233 500 302 1571

1644 222 1961 288 LEONTII
1999 187 2411 282 Mummi

3499 207 3653 270 1573

366 354 446 410 ris
471 371 487 420 ;
521 351 686 423 idque
711 350 831 407 sive
855 364 1048 405 omnes
1089 348 1206 406 sint
1249 344 1638 403 substantiales
1666 385 1680 410 ,
1707 354 1764 399 et
1792 342 1941 396 nulla

2076 337 2141 390 εαὶ
2169 337 2218 390 εί
2253 337 2350 406 μὲν
2389 335 2450 386 οὐ
2478 333 2676 419 ταυτὸν
2701 332 2928 402 θάτερον
2957 332 3188 403 θατέρῳ,
3219 330 3328 386 ἰδοῦ
3373 331 3482 386 ἀνά
3513 333 3660 402 τρία

364 461 420 501 οι
450 451 730 501 remaneat
760 457 1020 511 persona,
1051 441 1166 496 sive
1197 455 1394 495 omnes
1440 453 1540 509 pro
1576 435 1825 507 personis
1857 448 1949 488 ac-

356 534 667 604 'cipiantur,
700 540 758 586 et
785 530 937 584 nulla
961 528 1270 584 substantia
1303 543 1396 582 sex
1426 525 1680 596 personis
1739 522 1949 578 Christi

371 631 670 679 remaneat.
700 621 831 687 Qum
878 619 1061 675 omnia
1092 619 1138 676 si
1167 621 1279 674 sint
1321 619 1578 683 ridenda,
1619 625 1676 672 et
1723 615 1952 670 audien-

288 749 294 754 -
385 715 522 768 tium
592 712 828 783 gemitus
875 711 1138 776 excitent,
1175 710 1336 764 vobis
1381 709 1689 764 certissime
1719 705 1953 760 creden-

2053 429 2180 482 τάδε
2243 426 2336 480 ἐπὶ
2379 424 2475 478 τοῦ
2515 413 2724 494 κυρίου
2775 423 3044 478 δεδώκατε
3070 440 3085 455 ο
3118 424 3215 477 καὶ
3259 423 3378 486 πῶς
3409 424 3519 478 ἁνὰ
3549 423 3660 478 δίο

2056 519 2219 587 φατὲ,
2253 518 2316 570 τὸ
2345 517 2518 587 ἥμισυ
2544 513 2998 584 παρακλέψαντες
3027 513 3122 567 τοῦ
3151 513 3423 584 δόγματος
3459 533 3476 574 ι
3514 516 3566 567 εἰ
3591 515 3660 568 δὲ

2053 611 2150 663 καὶ
2181 607 2256 670 ὡς
2305 604 2563 677 βούλεσθε
2599 603 2780 670 λέγειν
2815 602 3083 667 πολλάκις
3121 604 3321 656 ταυτὸν
3360 604 3418 656 αί
3447 602 3662 672 φύσεις

2053 703 2176 764 ταῖς
2229 700 2615 762 ὐποστάσεσιν,
2654 697 2712 762 ἒξ
2767 697 2934 750 αὐτοῦ
2969 696 3172 766 ὁμοίως
3202 699 3258 748 αί
3311 697 3664 758 ὑποστάσεις

2060 789 2169 848 εἷεν
2186 793 2309 847 καθ’
2348 793 2515 862 ὑμᾶς,
2544 789 2968 862 προτεθειμένον
2998 789 3092 842 τοῦ
3127 788 3366 860 ἀριθμοῦ
3400 789 3514 842 τῶν
3546 788 3665 856 φύ-

2059 904 2200 946 σεων
2231 889 2351 946 ταῖς
2384 885 2724 938 ὑποστάσεσι
2746 899 2760 913 ·
2793 884 2890 936 καὶ
2934 880 3114 946 τοῦτο,
3142 880 3176 952 ἢ
3213 881 3402 934 πασῶν
3443 881 3665 934 οὐσιῶν

2057 978 2254 1042 οὐσῶν,
2278 977 2495 1040 οὐδενὸς
2535 977 2688 1040 ὄντος
2729 975 2880 1044 αὐτῷ
2910 975 3097 1027 λοιπὸν
3126 971 3440 1042 προσώπου,
3476 973 3511 1042 ἢ
3541 989 3665 1026 πα-

373 1093 502 1138 est:
535 1083 762 1139 Gladius
815 1097 1006 1136 eorum
1072 1081 1240 1134 intret
1296 1079 1349 1132 in
1405 1077 1571 1131 corda
1609 1077 1877 1144 ipsorum,
1906 1081 1964 1127 et

2076 1071 2172 1124 τῶν
2202 1069 2325 1123 ἀντὶ
2355 1067 2666 1137 προσώπων
2692 1066 3145 1138 λαμϐανομένων,
3170 1065 3429 1134 οὐδεμιᾶς
3449 1063 3662 1134 μενού-

373 1191 537 1231 arcus
582 1189 774 1230 eorum
805 1174 1208 1244 confringatur,
1236 1171 1540 1226 secundum
1585 1168 1869 1224 oraculum
1893 1168 1962 1220 ”.

2076 1183 2168 1236 της
2200 1165 2391 1226 οὐσίας
2419 1165 2532 1224 τοῖς
2565 1161 2625 1226 ἓξ
2661 1160 2977 1230 προσώποις
3006 1159 3279 1229 Χριστοῦσ
3305 1161 3357 1211 εί
3387 1157 3442 1211 δὲ
3474 1155 3664 1211 ταῦτα

372 1272 585 1339 γέλωτα
617 1272 709 1324 καὶ
745 1269 945 1339 θρῆνον
991 1269 1328 1339 ὲξεγείρουσι
1381 1268 1460 1337 τῷ
1514 1265 1792 1332 ἀκούοντι,
1850 1263 1974 1316 λίαν
2038 1261 2290 1334 ἐναργῶς
2321 1262 2620 1316 πεπεῖσθαι
2685 1261 2831 1330 ὑμᾶς
2893 1259 3012 1312 δέον
3078 1257 3156 1320 ὡς
3213 1259 3276 1310 ὲν
3341 1256 3502 1326 τάχει
3555 1259 3667 1310 καὶ

376 1364 736 1434 σφοδρότερον
803 1363 934 1429 ὑμῖν
990 1363 1053 1414 τὸ
1109 1363 1382 1432 ὑμέτερον
1439 1361 1676 1432 πονηρὸν
1729 1358 2082 1430 ἀντιπεμφθῇ
2125 1357 2662 1430 μέλος,τῇ-ἁληθείᾳ
2709 1357 2810 1426 τῆς
2865 1353 3174 1418 εὐσεϐείας,
3213 1353 3309 1408 καὶ
3367 1354 3434 1423 τῇ
3471 1352 3668 1422 πέτρᾳ

381 807 514 862 dum
550 814 635 860 est
657 803 1056 875 projiciendum
1113 820 1234 858 esse
1273 804 1384 860 cito
1414 811 1471 859 et
1500 803 1717 857 fortiter
1750 799 1954 854 malum

371 898 679 953 membrum
739 912 905 966 super
949 895 1242 950 veritatem
1293 895 1598 964 religionis,
1655 902 1713 947 et
1743 901 1956 962 petram

373 1009 521 1048 sana:
571 991 698 1046 fidei
757 991 1084 1053 contritum,
1117 999 1178 1044 ut
1231 989 1520 1056 impleatur
1569 986 1714 1052 quod
1749 985 1956 1038 dictum

373 1457 474 1526 τῆς
510 1453 820 1523 ὀρθοδοξίας
876 1456 942 1525 τῇ
1011 1453 1404 1526 ἀρραγεστάτῃ
1473 1451 1858 1524 προσκροῦσαν
1894 1468 1908 1481 ·

1977 1451 2064 1504 ἵνα
2103 1450 2366 1522 πληρωθῇ
2406 1451 2466 1503 τδ
2508 1449 2822 1521 εἰρημένον,
2867 1465 2886 1497 ι
2935 1448 3000 1500 Ἦ
3032 1445 3279 1517 ῥομφαία
3320 1445 3505 1499 αὐτῶν
3541 1445 3670 1498 εἰσ-

384 1545 530 1600 έλθοι
563 1548 646 1610 εἰς
682 1545 905 1616 καρδίας
935 1545 1139 1612 αὐτῶν,
1208 1545 1304 1599 καὶ
1353 1546 1424 1598 τὰ
1465 1545 1596 1611 τόξα
1641 1542 1822 1598 αὐτῶν
1884 1540 2220 1612 συντριϐείη,
2257 1560 2278 1595 ι
2309 1541 2452 1596 κατὰ
2481 1541 2544 1595 τὺ
2570 1541 2770 1609 λόγιον.

991 1657 1146 1712 CAP.
1188 1657 1329 1712 XV].

447 1751 585 1806 Tres
605 1765 730 1804 cum
745 1750 856 1804 sint
879 1765 1130 1820 personae
1157 1749 1357 1805 divinae
1379 1747 1454 1820 (2)
1478 1727 1808 1805 et-omnium
1825 1763 1962 1804 con-

380 1859 569 1909 sensu,
601 1844 879 1913 inquiunt,
914 1843 1080 1899 dicite
1106 1859 1229 1913 qua:
1261 1843 1431 1898 facies
1456 1842 1622 1898 fuerit
1641 1841 1964 1896 vulnerata?

389 1934 606 1989 Etenim
641 1935 684 1989 si
719 1933 890 1989 facies
920 1933 1123 1998 Verbi,
1156 1933 1286 2004 quia
1333 1933 1822 1989 consubstantialis
1875 1938 1960 1986 est

378 2024 550 2088 Patri,
585 2024 694 2079 erit
726 2035 782 2078 et
805 2024 988 2086 Pater,
1015 2032 1072 2078 et
1102 2023 1348 2092 Spiritus
1365 2023 1620 2085 visibilis,
1661 2020 1961 2092 tangibilis,

382 2117 757 2182 vulnerabilis,
811 2117 1154 2186 temporalis,
1186 2117 1462 2187 passibilis
1482 2117 1836 2187 simpliciter,
1882 2115 1968 2170 ni-

381 2206 569 2275 hilque
595 2222 627 2261 a
661 2207 824 2260 nobis
871 2214 1066 2260 natura
1120 2205 1388 2260 distabit:
1425 2206 1544 2261 haec
1572 2206 1721 2260 enim
1769 2205 1956 2259 omnia

380 2305 502 2352 erat
532 2297 704 2352 facies
720 2312 1000 2366 percussa.
1027 2295 1084 2351 Si
1116 2307 1300 2351 autem
1337 2297 1509 2352 altera
1550 2297 1722 2352 fuerit
1765 2298 1968 2352 verbe-

383 2396 521 2453 rata,
557 2403 752 2458 nempe
782 2387 950 2442 facies
1001 2387 1244 2453 Christi,
1277 2390 1505 2445 remotis
1534 2389 1712 2444 tribus
1741 2389 1966 2454 divinis,
2014 2407 2022 2416 '

381 2494 566 2536 nonne
599 2480 722 2536 duae
750 2490 916 2535 erunt
950 2481 1119 2537 facies
1167 2497 1265 2538 seu
1313 2497 1583 2550 personae,
1618 2482 1830 2538 scilicet
1861 2499 1970 2537 una

383 2571 574 2636 Verbi,
641 2572 806 2626 unius
859 2571 1205 2637 eTrinitate,
1257 2583 1314 2627 et
1356 2574 1543 2628 'altcra
1572 2573 1968 2644 Cliristinsi

383 2662 672 2717 docuistis.
732 2661 840 2717 Sed
868 2663 994 2718 luce
1032 2664 1238 2719 clarius
1277 2674 1363 2718 est
1401 2680 1596 2720 eorum
1627 2665 1906 2734 sophisma
1932 2681 1969 2718 e

385 2753 626 2809 nominis
659 2753 1020 2823 ambiguitate
1051 2765 1256 2808 ortum.
1307 2755 1570 2809 Percussa
1628 2757 1774 2809 enim
1807 2755 1973 2810 facies

386 2858 452 2897 ea
483 2859 594 2897 non
625 2850 747 2896 erat
769 2859 892 2913 quae
948 2859 1047 2913 pro
1109 2860 1340 2914 persona
1372 2847 1660 2916 accipitur.
1682 2863 1812 2902 sane
1838 2864 1973 2902 vero

2634 1655 2887 1710 ΚΕΦΔΔ.
2945 1655 3064 1722 ις’.

2134 1749 2315 1823 Τριῶν
2335 1748 2510 1803 όντων
2533 1748 2985 1819 ὁμολογουμένως
3010 1745 3318 1817 προσώπων
3341 1745 3447 1799 τῶν
3469 1745 3667 1808 θείων,

2063 1843 2126 1897 τὸ
2139 1842 2196 1897 δὲ
2215 1841 2498 1913 ραπισθὲν,
2519 1843 2674 1912 φησὶ,
2689 1843 2839 1894 ποῖον
2863 1835 3004 1894 εἶναι
3027 1839 3215 1908 λέγετε
3235 1857 3250 1906 ;
3269 1839 3334 1892 Ei
3359 1839 3458 1910 μὲν
3471 1841 3588 1911 γάρ
3605 1841 3672 1894 τὸ

2067 1935 2159 1990 τοῦ
2184 1935 2380 2003 Λόγου,
2406 1934 2530 1987 ἐπεὶ
2548 1933 2834 2005 όμοούσιον
2858 1933 2937 2004 τῷ
2965 1933 3164 2002 Πατρὶ,
3193 1931 3345 1988 ἔσται
3375 1933 3469 1988 καὶ
3495 1937 3527 1986 ό
3552 1933 3672 1986 Π]-

2065 2029 2171 2096 τὴρ
2197 2027 2295 2080 καὶ
2317 2026 2378 2078 τὸ
2399 2023 2626 2094 Πνεῦμα
2650 2023 2846 2095 ὁρατὸς
2867 2025 2960 2078 καὶ
2986 2025 3159 2088 ἁπτὸς
3187 2025 3282 2078 καὶ
3303 2024 3546 2095 πληκτδς
3564 2025 3671 2080 καὶ

2067 2117 2330 2187 έγχρονος
2378 2115 2472 2169 καὶ
2511 2114 2758 2184 παθητὸς
2815 2115 3024 2182 ἁπλῶς,
3050 2116 3145 2170 καὶ
3191 2115 3347 2170 οὐδὲν
3383 2115 3669 2187 διαφέρων

2069 2209 2228 2278 ἡμῶν
2267 2210 2334 2279 τῇ
2374 2206 2535 2276 φύσει
2563 2223 2580 2238 ο
2635 2206 2879 2260 τοιοῦτον
2922 2206 3034 2277 γὰρ
3065 2207 3127 2260 τὸ
3171 2207 3433 2278 ραπισθὲν
3487 2209 3669 2280 πρόσ-

2067 2317 2218 2354 ωπον
2245 2315 2258 2330 ·
2285 2301 2335 2352 εί
2382 2299 2440 2353 δὲ
2469 2299 2657 2371 ἔτερόν
2690 2301 2808 2352 ἐστι
2839 2298 2904 2354 τὺ
2943 2299 3230 2372 ῥαπισθὲν,
3261 2301 3432 2372 ἤγουν
3471 2301 3535 2355 τὸ
3562 2300 3666 2354 τοῦ

2068 2389 2307 2464 Χριστοῦ
2344 2391 2656 2463 πρόσωπον,
2677 2391 2830 2462 παρὰ
2851 2391 2919 2446 τὰ
2946 2395 3050 2464 τῆς
3073 2393 3237 2461 ἁγίας
3256 2393 3490 2464 Τριάδος
3506 2394 3662 2462 τρία,

2071 2483 2190 2546 πῶς
2235 2482 2298 2535 οὐ
2349 2481 2443 2534 δύο
2487 2482 2756 2554 πρόσωπα
2792 2480 2886 2536 τοῦ
2919 2499 2980 2536 τε
3005 2484 3180 2552 Λόγου
3211 2482 3307 2536 τοῦ
3346 2485 3466 2547 eve;
3507 2483 3664 2547 ὑντος

2071 2574 2172 2641 τῆς
2219 2573 2475 2644 Τριάδος,
2507 2573 2602 2626 καὶ
2654 2572 2750 2626 τοῦ
2781 2571 3046 2642 Χριστοῦ,
3076 2573 3173 2628 καὶ
3213 2574 3374 2644 ὑμεῖς
3403 2574 3613 2628 eam;
3639 2591 3657 2639 ;

2085 2665 2227 2718 Ἀλλ’
2257 2664 2481 2736 εὔδηλον
2509 2664 2571 2718 τὸ
2607 2664 2759 2735 παρὰ
2797 2665 2897 2736 τὴν
2928 2665 3252 2736 ὁμωνυμίαν
3287 2665 3529 2736 σόφισμα
3556 2667 3662 2721 αὑ·

2074 2757 2184 2810 τῶν
2213 2773 2229 2788 ⁸
2265 2757 2326 2810 τὸ
2352 2757 2462 2828 γάρ
2501 2757 2770 2828 ραπισθὲν
2800 2758 3116 2828 πρόσωπον,
3144 2760 3208 2812 οὐ
3239 2758 3301 2812 τὺ
3349 2760 3472 2814 ἀντὶ
3521 2761 3661 2814 ὐποο

2078 2850 2321 2913 στάσεως
2371 2849 2784 2920 λαμϐανόμενον
2830 2846 2921 2921 ἦν,
2953 2851 3068 2904 ἀλλ’
3099 2853 3132 2921 ἡ
3173 2851 3296 2921 ὄψις
3343 2854 3438 2906 καὶ
3473 2855 3663 2926 μορφὴ

387 2949 450 2988 os
479 2935 656 2990 forma
707 2935 948 3004 partium
981 2937 1234 3006 corporis
1287 2938 1511 2993 humani
1557 2941 1730 2995 oculis
1764 2942 1968 2996 vicina—

2079 2941 2186 2995 τῶν
2224 2942 2354 3012 περὶ
2386 2941 2514 3004 τοὺς
2570 2935 2727 3005 ὦπας
2775 2941 2961 3012 μερῶν
2990 2941 3084 2996 τοῦ
3131 2942 3390 3010 σώματος
3416 2943 3510 2996 τοῦ
3561 2947 3662 2998 άν-

386 3042 534 3089 rum,
561 3035 622 3082 ut
670 3027 876 3082 ibidem
915 3027 1143 3083 dicitur.
1182 3029 1294 3085 lloc
1323 3041 1508 3086 autem
1537 3047 1661 3087 esse
1692 3034 1836 3104 quod
1871 3049 1970 3102 per

387 3134 676 3188 personam
738 3119 1088 3190 intelligitur,
1121 3121 1313 3174 sedulo
1366 3123 1742 3179 ostendemus.
1789 3126 1971 3182 Unum

387 3211 536 3266 enim
563 3212 770 3270 dicitur
800 3212 868 3267 de
901 3223 1014 3268 tota
1048 3228 1280 3282 persona
1306 3214 1537 3274 Christi.
1562 3203 1812 3274 alterum.
1838 3235 1972 3273 vero

386 3303 612 3358 nonnisi
657 3305 727 3358 de
759 3312 912 3372 parte
937 3305 1186 3374 corporis
1224 3308 1366 3374 ejus.
1407 3307 1520 3362 Ilac
1563 3309 1840 3376 personali
1888 3309 1970 3363 fa-

387 3393 474 3448 cie
515 3394 730 3448 nullum
783 3394 1132 3448 individuum
1183 3395 1398 3458 vivens,
1451 3397 1664 3451 nullum
1715 3398 1974 3452 accidens

389 3485 750 3540 inanimatum
827 3486 1102 3556 duplicem
1183 3503 1478 3557 personam
1556 3490 1770 3544 habet:
1834 3491 1973 3544 nihil

387 3580 536 3634 enim
563 3595 755 3636 eorum
780 3595 902 3650 quae
924 3597 1036 3635 una
1057 3591 1186 3636 sunt
1209 3599 1442 3636 numero
1463 3581 1738 3653 duplicem
1767 3584 1976 3640 habent

388 3687 682 3743 personam
713 3689 728 3738 ;
759 3673 864 3728 ista
919 3682 1105 3729 autem
1147 3674 1287 3728 facie
1343 3677 1515 3729 multa
1541 3684 1674 3728 sunt
1715 3676 1974 3730 animalia

388 3766 627 3831 duabus,
659 3766 747 3821 vel
795 3767 976 3822 tribus
1027 3767 1114 3821 vel
1168 3767 1426 3837 pluribus
1473 3767 1665 3838 figuris
1721 3768 1972 3837 pra-dita,

389 3857 588 3928 quales
621 3857 848 3912 fuerunt
881 3857 1091 3925 hydria:
1125 3857 1363 3912 duorum
1391 3859 1631 3928 capitum
1657 3869 1716 3913 et
1747 3868 1969 3926 caetera,

388 3948 574 4017 qualia
597 3947 763 4002 etiam
821 3948 1151 4002 miraculosa
1213 3947 1514 4002 Cherubim
1558 3964 1686 4002 cum
1737 3960 1976 4019 quatuor

389 4039 660 4104 faciebus,
691 4045 748 4094 et
795 4039 1025 4094 totidem
1062 4039 1277 4106 formis,
1314 4041 1394 4096 sic
1421 4047 1479 4095 et
1507 4042 1630 4097 aliis
1656 4041 1850 4100 formis
1875 4045 1974 4098 de-

391 4131 558 4201 picta,
590 4146 693 4186 nec
724 4139 903 4185 tamen
932 4139 1174 4200 quatuor
1211 4147 1475 4202 personas
1501 4147 1695 4187 eorum
1717 4133 1972 4189 dicimus.

391 4223 551 4278 Juxta
584 4224 828 4294 priorem
864 4223 1120 4294 speciflca
1148 4234 1348 4279 natura
1380 4225 1436 4278 in
1485 4225 1720 4296 singulis
1765 4227 1972 4282 indivi-

2082 3031 2384 3102 θρωπείου,
2416 3032 2540 3086 ὅθεν
2593 3033 2688 3086 καὶ
2744 3031 2964 3100 λέγεται
2997 3049 3011 3064 ο
3061 3034 3146 3087 ὅτι
3183 3033 3235 3088 δὲ
3265 3035 3415 3086 τοῦτό
3442 3036 3563 3089 ἐστι
3595 3035 3662 3088 τὸ

2079 3124 2204 3177 ἀντὶ
2233 3125 2586 3188 ὑποστάσεως
2639 3125 2953 3195 νοούμενον,
2998 3125 3236 3179 δεικτέον
3276 3125 3504 3196 ἑτοίμως
3531 3143 3549 3158 ·
3589 3127 3658 3178 τὸ

2084 3215 2182 3286 μὲν
2221 3215 2332 3284 γὰρ
2383 3203 2506 3268 καθ’
2538 3215 2667 3286 ὅλης
2706 3214 2926 3282 λέγεται
2977 3217 3078 3286 τῆς
3126 3217 3466 3278 ὑποστάσεως
3514 3217 3661 3286 Χρι-

2083 3305 2243 3370 στοῦ,
2278 3306 2338 3358 τὸ
2360 3306 2417 3360 δὲ
2452 3304 2597 3358 κατὰ
2625 3305 2826 3376 μέρους
2847 3305 2944 3358 τοῦ
2974 3305 3228 3376 σώματος
3255 3306 3426 3377 αὐτῆς
3459 3307 3624 3377 μόνον
3647 3324 3663 3340 ·

2080 3397 2161 3450 ἔτι
2201 3398 2324 3450 κατ’
2363 3398 2541 3449 ἐκεῖνο
2583 3397 2680 3464 μὲν
2728 3396 2789 3449 τὸ
2815 3397 3186 3450 ὑποστατικὸν
3225 3398 3542 3468 πρόσωπον,
3575 3400 3668 3452 οὑο

2079 3488 2275 3542 δέποτέ
2328 3505 2382 3541 τι
2435 3487 2578 3552 ζῶον
2613 3487 2839 3558 ίδικὸνῆ
2877 3488 3062 3562 άξωον
3091 3487 3148 3541 ἓν
3176 3491 3461 3560 πράγματι
3485 3491 3670 3562 ὑπάρ-

2079 3597 2192 3650 χον,
2225 3580 2577 3649 διπρόσωπόν
2605 3581 2722 3633 ἐστι
2757 3596 2772 3610 ·
2805 3581 2959 3633 οὐδὲν
2987 3581 3095 3651 γὰρ
3130 3581 3306 3634 ὅντων
3339 3581 3400 3634 ἓν
3445 3583 3675 3654 ἀριθμῷ

2080 3671 2164 3735 ὃν,
2210 3671 2607 3725 δισυπόστατόν
2657 3673 2774 3724 ἔστι
2797 3688 2812 3704 ⁸
2855 3673 2998 3726 κατὰ
3039 3672 3096 3725 δὲ
3129 3672 3312 3738 τοῦτο,
3354 3675 3526 3728 πολλὰ
3551 3673 3674 3740 ζῶα

2079 3765 2407 3833 διπρόσωπα
2464 3763 2558 3817 καὶ⁸
2609 3765 2916 3836 τρικάρηνα
2955 3765 3050 3818 καὶ
3079 3765 3436 3836 πολυκέφαλά
3469 3769 3624 3822 ἐστιν
3657 3785 3672 3797 ·

2081 3848 2192 3908 οἷον
2226 3853 2590 3924 ἀμφισϐαῖναι
2616 3853 2777 3924 ῦδραι
2799 3855 2896 3906 καὶ
2919 3857 2988 3906 τὰ
3024 3853 3212 3919 λοιπά,
3240 3857 3429 3926 ὥσπερ
3477 3852 3546 3910 αὖ
3575 3857 3678 3909 καὶ

2081 3947 2150 4000 τὰ
2196 3946 2460 4016 τεράστια
2501 3946 2938 4016 τετραπρόσωπά
2977 3961 3036 3999 τε
3073 3947 3166 3999 καὶ
3205 3947 3568 4018 τετράμορφα
3601 3951 3676 4001 τὰ

2082 4037 2389 4106 Χερουϐὶμ,
2423 4035 2567 4090 οὕτω
2602 4038 2700 4106 μὲν
2731 4038 2827 4090 καὶ
2859 4037 3173 4105 ἑτεροειδῶς
3205 4039 3628 4110 μεμορφωμὲνα
3657 4057 3672 4069 ·

2083 4131 2176 4183 καὶ
2221 4131 2370 4198 ὅμως
2411 4130 2685 4202 τέσσαρας
2719 4130 2899 4183 αὐτῶν
2928 4130 2990 4183 οὐ
3026 4132 3210 4200 φαμὲν
3241 4132 3334 4185 καὶ
3389 4131 3489 4194 τὰς
3525 4133 3674 4186 ὑπο.

2083 4220 2325 4283 στάσεις.
2369 4219 2492 4273 Ἔτι
2523 4220 2645 4273 κατ’
2685 4222 2860 4274 έκεῖνο
2901 4221 3053 4292 κοινὴ
3083 4222 3246 4291 φύσις
3266 4224 3324 4276 έν
3351 4227 3465 4288 τοῖς
3523 4226 3677 4280 καθ-

391 4315 520 4370 duis
545 4315 804 4370 distincta
829 4325 936 4378 est,
957 4318 1112 4388 juxta
1157 4317 1523 4386 posteriorem
1567 4335 1701 4374 vero
1728 4307 1968 4390 particué

2086 4314 2292 4366 έκαστα
2313 4311 2652 4382 διακρίνεται
2678 4330 2691 4343 ο
2722 4313 2862 4366 κατὰ
2896 4313 2952 4366 δὲ
2985 4313 3164 4378 τοῦτο,
3196 4316 3346 4386 καὶὴ
3381 4315 3522 4385 ίδικὴ
3567 4318 3684 4386 φύ-

393 4409 526 4464 laris
543 4420 740 4463 natura
775 4409 829 4462 in
861 4425 1032 4463 unum
1061 4418 1118 4465 et
1157 4411 1396 4465 alterum
1434 4412 1744 4466 membrum
1771 4412 1978 4467 dividi»

2083 4424 2168 4471 σις
2203 4406 2344 4476 αῦτη
2379 4406 2456 4469 ὡς
2479 4408 2560 4464 είς
2594 4407 2756 4476 μέλος
2786 4406 2904 4460 τόδε
2949 4407 3043 4460 καὶ
3075 4407 3194 4461 τόδε
3233 4407 3516 4480 μερίζεται
3544 4428 3560 4440 ·
3589 4413 3684 4464 ἔτι

393 4509 508 4554 tur.
575 4499 699 4555 Haec
743 4499 811 4554 de
856 4501 1224 4556 rationalibus
1253 4510 1310 4556 et
1342 4501 1817 4559 irrationabilibus
1843 4545 1857 4568 ,
1909 4504 1968 4560 de

2082 4499 2280 4564 έκεῖνο,
2313 4499 2455 4552 κατά
2480 4516 2540 4552 τε
2571 4497 2794 4569 ἀψύχων
2829 4499 2922 4552 καὶ
2953 4498 3234 4570 ἐμψύχων,
3273 4499 3366 4553 καὶ
3393 4501 3686 4571 σωμάτων

393 4591 775 4646 materialibus
829 4601 886 4645 et
933 4591 1414 4657 immaterialibus,
1467 4591 1537 4646 de
1564 4593 1708 4647 vivis
1740 4601 1796 4648 et
1835 4610 1968 4648 mor-

2083 4593 2178 4648 καὶ
2205 4593 2534 4663 ἀσωμάτων,
2564 4594 2658 4646 καὶ
2685 4592 2838 4656 ζώων
2868 4593 2960 4646 καὶ
3000 4592 3193 4657 ἁζώων
3217 4593 3459 4662 λέγεται,
3495 4594 3688 4664 ἤγουν

395 4685 508 4739 tuis
539 4686 710 4740 rebus
732 4683 958 4748 dicitur,
995 4693 1185 4754 utpote
1213 4699 1312 4754 pro
1338 4693 1585 4755 persona
1605 4687 1897 4756 accipitur.
1925 4696 1968 4741 el

2083 4686 2146 4738 τὸ
2179 4685 2300 4740 ἀντὶ
2337 4688 2435 4754 τῆς
2467 4685 2822 4750 ὑποστάσεως
2846 4701 2860 4715 ’
2895 4687 3097 4748 παντὸς
3133 4686 3244 4758 γάρ
3315 4687 3472 4750 όντος
3535 4691 3689 4744 a60-

394 4777 525 4846 quia
576 4779 885 4847 cuicunque
913 4777 1283 4846 personaliter
1302 4778 1589 4833 exsistenti
1611 4789 1696 4836 est
1713 4796 1982 4850 persona;

398 4867 502 4922 ista
540 4877 725 4924 autem
783 4869 851 4922 de
901 4869 1034 4924 solis
1082 4869 1412 4939 corporibus
1432 4869 1614 4924 anima
1656 4870 1978 4933 moderatis,

399 4959 661 5029 pleraque
693 4961 842 5015 enim
869 4962 1064 5016 anima:
1097 4963 1312 5033 egentia
1344 4963 1463 5018 solo
1483 4978 1740 5018 sermone
1777 4977 1982 5032 cogno-

397 5059 651 5106 scuntur.
683 5052 810 5108 Haec
859 5053 928 5108 de.
983 5054 1308 5110 substantiis
1341 5053 1809 5110 intellectualibus
1837 5067 1981 5121 saepe

399 5141 626 5200 dicitur.
659 5150 719 5196 ut
747 5143 908 5198 Pater
935 5144 1005 5198 de
1037 5145 1279 5214 ingenito
1312 5161 1328 5210 ;
1363 5145 1465 5198 ista
1491 5142 1712 5197 nonnisi
1761 5141 1829 5196 de
1859 5157 1985 5197 sen-

399 5231 655 5292 sibilibus
707 5234 1050 5290 inscribitur.
1082 5237 1326 5292 Persona
1377 5249 1508 5305 ergo
1553 5243 1610 5289 et
1669 5233 1836 5289 facies
1858 5250 1981 5304 quas

474 5378 516 5410 ¹¹
549 5377 694 5434 Psal.
733 5392 916 5444 χχιιι,
945 5378 1030 5433 15.

471 5499 549 5565 (2)
569 5497 667 5552 llic
688 5506 883 5552 auctor
911 5504 1102 5568 noster
1129 5506 1397 5567 perpetuo
1429 5497 1576 5552 ludit
1598 5498 1770 5552 verbo
1803 5497 1977 5568 πρόσ-

401 5585 574 5638 ωπϊι,
614 5569 762 5638 quod
790 5568 933 5638 apud
967 5566 1186 5622 Graecos
1228 5566 1509 5638 personam
1542 5577 1597 5622 et
1619 5569 1804 5638 faciem
1826 5566 1980 5638 tuque

399 5637 690 5709 significat.
715 5637 888 5706 Quam
930 5637 1323 5708 amphiboliam
1377 5637 1559 5692 Latini
1613 5637 1723 5692 non
1755 5637 1978 5692 habent.

2089 4777 2429 4842 υποστάτως,
2451 4778 2571 4830 ἐστὶ
2599 4777 2690 4830 παὶ
2723 4777 3052 4842 ὑπόστασιςο
3092 4778 3251 4832 τοῦτο
3278 4779 3334 4832 δὲ
3361 4779 3456 4832 ἐπὶ
3487 4781 3688 4848 μόνων

2079 4869 2190 4922 τῶν
2227 4869 2662 4939 ἐμψυχωθέντων
2695 4870 2964 4938 σωμάτων
2985 4870 3192 4940 κυρίως
3218 4885 3232 4900 ·
3257 4869 3367 4922 τῶν
3390 4869 3498 4940 γάρ
3527 4870 3688 4940 cier-

2082 4976 2194 5030 χων
2231 4957 2300 5011 τὰ
2338 4958 2565 5011 πλεῖστα
2599 4957 2696 5028 τὴν
2723 4960 3050 5026 ἐπιφάνειαν
3080 4960 3241 5029 μόνον
3269 4961 3420 5031 δηλοῖ
3441 4960 3690 5032 λεγόμε-

2093 5068 2183 5103 νον
2209 5066 2222 5080 ·
2259 5050 2338 5103 ἔτι
2370 5051 2548 5103 έκεῖνο
2572 5054 2664 5102 καὶ
2689 5050 2778 5103 διά
2811 5068 2972 5104 τινων
3003 5051 3211 5120 νοητῶν
3239 5051 3503 5114 πολλάκις
3532 5053 3688 5107 67:0-

2085 5142 2360 5213 γράφεται
2395 5141 2743 5195 ὲπουσιωὸὦν
2772 5139 2960 5210 ὥσπερ
2989 5141 3066 5209 τῷ
3099 5143 3421 5212 ἀγεννήτῳὸ
3447 5142 3684 5214 Πατήρ.

2087 5233 2246 5287 τοῦτο
2273 5233 2330 5290 δὲ
2367 5233 2526 5304 μόνον
2555 5234 2645 5288 διὰ
2668 5234 2778 5286 τῶν
2805 5233 3078 5304 αἰσθητῶν
3123 5234 3559 5306 συμϐεϐηκότων
3589 5235 3688 5288 ἀεὶ

2089 5496 2372 5620 ldﬁoliac
2433 5514 2567 5553 voce
2624 5513 2768 5552 nunc
2822 5497 3038 5564 faciem,
3091 5514 3237 5554 nunc
3267 5513 3564 5569 personam
3599 5501 3685 5558 in-

2093 5577 2142 5620 te
2195 5584 2410 5620 animus.

2093 5577 2410 5633 telligimus.
