3932 6152
273 257 410 326 1573

1224 255 1622 318 ADVERSUS
1656 253 2204 318 NESTORIANOS.
2241 280 2313 293 —
2339 255 2488 316 LIB.
2525 254 2608 316 Π.

3405 257 3548 330 15⁸71.

259 373 624 447 διαγράφεται
659 389 674 407 ο
715 372 1015 436 ὑπόστασις
1044 364 1140 428 οὑν
1172 376 1269 428 καὶ
1303 375 1366 428 τὸ
1393 373 1608 444 ταύτης
1636 391 1844 446 σημανο

1959 375 2078 448 ejus
2122 381 2208 430 cst
2257 373 2547 440 indicium,
2574 387 2796 445 semper
2823 373 2986 430 unica
3026 382 3082 430 et
3113 375 3543 451 uniuscujusque

261 467 414 522 τικὸν
443 465 764 537 πρόσωπον,
796 462 856 518 ἓν
887 462 1124 516 ἑκάστου
1177 463 1296 516 ἐστὶ
1328 463 1650 536 προσώπου,
1679 463 1860 534 ὅψεως

263 557 632 629 σημαντικῆς,
653 556 764 610 είτε
812 553 978 625 οὔσης
999 595 1014 620 ,
1039 552 1147 608 εἴτε
1179 555 1274 609 καὶ
1331 557 1407 626 μὴ
1440 553 1609 626 οὔσης
1643 571 1657 586 ·
1691 556 1861 628 πρόσ-

265 668 417 704 ωπον
461 651 520 704 δὲ
550 650 612 704 τὸ
639 649 714 712 ὡς
747 648 891 718 ὄψις,
923 648 984 702 οὑ
1015 648 1231 711 πάντως
1255 648 1347 702 δύο
1376 650 1590 720 ἑκάστῳ
1610 650 1777 704 εἰσιν·
1800 651 1859 703 οὺ

263 743 353 795 δύο
381 741 474 797 οὑν
491 742 758 813 πρόσωπα
779 742 946 813 ἤγουν
971 741 1297 806 ὑποστάσεις
1323 740 1418 794 τοῦ
1443 741 1620 810 Λόγου
1647 743 1741 796 καὶ
1763 742 1862 814 τῆς

261 834 526 903 ὲνσάρκου
567 833 731 887 αὑτοῦ
765 833 982 903 μορφῆς
1013 833 1219 904 δηλαδὴ
1255 831 1506 886 ἐντεῦθεν
1538 817 1812 887 δεικνύετε
1843 849 1858 865 ·

263 926 397 979 διότι
411 925 540 980 ἄλλο
557 920 624 995 ἦν
643 923 706 978 τὸ
723 925 820 994 τῆς
845 925 1196 988 ὑποστάσεως
1215 924 1454 996 Χριστοῦ
1480 925 1576 978 τοῦ
1593 925 1862 996 ὲνσάρίου

261 1020 438 1087 Λόγου
469 1017 784 1088 πρόσωπον,
799 1017 894 1070 καὶ
915 1017 1043 1072 ἄλλο
1065 1019 1164 1088 τῆς
1185 1019 1452 1090 αἰσθητῆς
1469 1017 1634 1072 αὑτοῦ
1654 1018 1860 1090 σαρκὸς

265 1112 448 1180 μέλος,
495 1111 792 1181 πρόσωπον
853 1109 1181 1180 λεγόμενον·
1235 1112 1284 1164 εί
1330 1111 1439 1182 γὰρ
1503 1111 1660 1166 τοῦτο
1719 1112 1869 1164 δοκεῖ

265 1202 418 1272 ὑμῖν,
471 1203 690 1265 πάντως
725 1202 818 1255 καὶ
871 1200 1284 1271 ὑμῶνόκαθεὶς
1340 1204 1433 1256 ἐπὶ
1479 1203 1598 1273 ὅψιν
1641 1221 1701 1256 τε
1755 1202 1868 1274 ἔχει

267 1295 358 1363 τὴν
422 1293 725 1363 λεγομένην
798 1295 1090 1364 πρόσωπον
1129 1309 1142 1324 ·
1193 1295 1489 1358 ὑπόστασίς
1547 1295 1607 1348 τέ
1667 1297 1782 1347 ἐστι
1831 1295 1866 1362 ἡ

269 1383 529 1454 νοουμένη
588 1383 900 1454 πρόσωπον,
954 1383 1048 1438 δύο
1103 1383 1216 1454 ἔχει
1275 1384 1346 1438 τὰ
1405 1385 1718 1456 πρόσωπαο
1788 1383 1869 1437 ἔτι

257 1474 314 1526 δὲ
391 1475 516 1528 ἐπεὶ
597 1475 846 1546 περιέχει
922 1477 1031 1530 πᾶν
1119 1477 1482 1532 ὑποστατικὸν
1573 1477 1869 1550 πρόσωπον

260 1565 360 1634 τήν
415 1580 474 1617 τε
523 1564 701 1636 ψυχὴν
755 1568 958 1632 πᾶσαν,
989 1565 1086 1620 καὶ
1117 1567 1296 1621 πάντα
1345 1569 1416 1622 τὰ
1463 1567 1559 1622 τοῦ
1616 1563 1870 1640 σώματος

259 1657 368 1708 τῶν
393 1656 709 1711 καθέκαστα
727 1657 798 1712 τὰ
821 1659 986 1730 μέρη,
1009 1653 1084 1716 ὧν
1107 1661 1255 1713 ἐστιν
1275 1660 1335 1715 ἓν
1359 1662 1453 1714 καὶ
1475 1663 1508 1732 ἡ
1537 1661 1658 1731 ὄψις
1699 1660 1861 1732 αὑτὴ,

1961 467 2146 532 faciei,
2175 467 2292 524 sive
2346 469 2536 524 vultus
2586 468 2658 523 sit
2698 467 3000 534 sensibilis,
3030 469 3146 524 sive
3188 485 3342 537 non;
3382 471 3549 528 facies

1963 570 2170 628 autem,
2211 571 2272 616 ut
2294 562 2502 627 vultus,
2531 577 2644 616 non
2667 576 2887 632 semper
2914 570 2998 616 est
3030 562 3236 632 duplex
3269 579 3373 620 nec
3418 563 3547 618 uni-

1963 651 2166 720 cuique
2187 652 2494 710 individuo.
2514 654 2646 708 Dure
2662 668 2792 724 ergo
2807 668 3058 723 personae
3073 654 3265 717 Verbi,
3285 663 3342 710 et
3359 655 3548 710 formas

1963 746 2085 814 ejus
2126 745 2454 807 inearnataa,
2499 760 2609 800 non
2655 745 2783 800 inde
2832 745 3124 801 evidenter
3154 746 3544 813 deducuntur,

1964 843 2022 889 et
2067 834 2194 890 ideo
2226 837 2332 890 alia
2362 845 2483 890 erat
2524 850 2762 906 persona
2792 834 3001 890 Christi
3061 835 3229 891 Verbi
3259 835 3546 903 incarnati,

1960 926 2114 993 aliud
2149 928 2459 982 membrum
2491 929 2676 983 carnis
2695 928 2956 993 visibilis,
2977 935 3230 983 vocatum
3255 929 3447 983 facies.
3479 922 3550 982 Et

1966 1018 2014 1070 si
2075 1017 2244 1072 vultis
2275 1017 2492 1084 audire,
2526 1018 2620 1088 qui
2658 1017 2812 1072 visus
2865 1026 2950 1072 est
2993 1033 3024 1072 a
3061 1018 3220 1073 vobis
3247 1033 3546 1088 personam

1968 1105 2164 1160 habuit
2189 1121 2314 1176 quae
2339 1113 2569 1161 vocatur
2615 1104 2806 1171 facies,
2841 1107 3064 1162 aliunde
3108 1122 3344 1176 persona
3379 1107 3548 1162 intel-

1967 1197 2196 1267 ligibilis
2242 1207 2328 1253 est
2377 1210 2434 1253 et
2479 1198 2672 1262 facies,
2703 1213 2801 1253 seu
2871 1199 3186 1269 πρόσωπον,
3227 1199 3334 1254 hoc
3381 1213 3548 1254 sensu

1968 1289 2108 1346 duas
2139 1291 2334 1344 habuit
2356 1291 2724 1360 personas.Et
2757 1290 2960 1346 iterum
2998 1291 3258 1360 quoniam
3289 1291 3550 1360 quazlihct

1968 1383 2276 1452 personalis
2324 1382 2496 1437 facies
2543 1391 2715 1437 totam
2750 1385 2991 1436 animam
3027 1389 3083 1438 et
3111 1383 3300 1436 omnia
3349 1397 3548 1452 corpo-

1954 1473 2105 1528 ralia
2129 1474 2397 1540 membra,
2425 1489 2661 1546 quorum
2684 1489 2856 1529 unum
2903 1485 2988 1530 est
3033 1475 3250 1536 oculus,
3309 1473 3551 1544 comple-

1959 1567 2161 1634 ctitur,
2197 1567 2306 1621 erit
2329 1582 2438 1621 una
2474 1575 2660 1621 vestra
2704 1565 2874 1622 facies
2898 1567 3069 1621 altera
3104 1566 3504 1637 comprehensa
3533 1583 3547 1620 :

1969 1675 2254 1730 nunquam
2311 1676 2448 1715 vero
2510 1660 2974 1730 comprehensum
3033 1659 3180 1716 idem
3241 1667 3327 1715 est
3385 1667 3548 1729 atque

264 1747 418 1802 ἔσται
453 1749 610 1820 ὑμῶν
643 1749 706 1803 τὸ
733 1749 792 1804 ἓν
823 1725 1116 1824 πρόσωπον
1135 1752 1244 1822 ἄρα
1264 1751 1344 1823 τῷ
1383 1725 1560 1823 ἐτέρῴ
1582 1725 1856 1825 προσώπω

1967 1751 2444 1823 comprehendens
2471 1769 2483 1805 :
2520 1767 2632 1807 non
2662 1767 2796 1823 ergo
2824 1766 2934 1807 una
2968 1751 3152 1807 eritet
3181 1751 3376 1806 eadem
3419 1751 3575 1829 uni-I

265 1839 418 1910 ὑμῶν
448 1843 854 1912 περιεχόμενονο
878 1843 939 1896 οὑ
959 1844 1155 1897 ταυτὸν
1172 1843 1228 1896 δὲ
1252 1843 1472 1898 πώποτε
1485 1845 1566 1915 τῷ
1583 1845 1866 1915 περιέχον-

265 1947 320 1983 τι
339 1931 474 1985 αὐτὸ
495 1931 556 1986 τὸ
576 1933 968 2004 περιεχόμενον
991 1949 1006 1966 ο
1039 1933 1148 2006 ἄρα
1175 1935 1271 1988 οὑν
1291 1935 1390 2006 οὐχ
1429 1933 1488 1988 ἓν
1517 1933 1614 1988 καὶ
1642 1935 1860 2000 ταυτὸν,

267 2022 386 2076 οὑδὲ
417 2023 510 2076 τοῦ
554 2023 760 2077 καθένα
809 2023 970 2094 ὑμῶν
995 2023 1059 2078 τὺ
1094 2025 1408 2096 πρόσωπον,
1440 2025 1576 2080 ἀλλά
1619 2025 1714 2080 δύο
1764 2024 1862 2080 καὶ

273 2113 456 2187 μεῖζον
483 2115 732 2186 Θάτεροψ
760 2115 856 2170 καὶ
882 2115 1056 2186 βραχὺ
1085 2115 1146 2170 τὸ
1171 2115 1379 2188 ἕτερον’
1405 2117 1507 2170 ποῦ
1535 2117 1592 2170 δὲ
1617 2115 1861 2188 μεγάλην

267 2208 365 2262 καὶ
399 2207 727 2278 μικρὰνκαὶ
757 2208 932 2262 ταῦτα
955 2209 1048 2262 τοῦ
1077 2209 1242 2262 αὑτοῦ
1290 2207 1590 2263 ὑπόστασιν
1618 2209 1857 2279 ἡκούσας

267 2316 362 2366 τες
402 2299 484 2352 ἔτι
516 2298 621 2370 μὴν
645 2297 788 2352 οὕτω
811 2298 918 2352 τῶν
949 2297 1338 2368 πολυκεφάλιων
1368 2299 1500 2353 δέκα
1523 2299 1682 2370 τυχὸν
1707 2298 1857 2354 ἔσον-

268 2409 360 2445 ται
410 2391 760 2456 ὑποστάσεις,
793 2392 843 2444 εί
877 2391 924 2444 δ’
956 2387 1050 2445 οὖν
1085 2394 1182 2445 καὶ
1224 2391 1382 2463 ὑμεῖς
1409 2391 1730 2464 ὲδιχάσθητε
1781 2391 1859 2464 τῷ

267 2482 413 2554 λόγῳ
446 2483 537 2536 τὸν
565 2482 726 2551 λόγον
757 2483 858 2553 τῆς
887 2483 1024 2546 ἰδίας
1051 2483 1254 2554 σαρκὸς
1277 2483 1337 2537 οὑ
1377 2483 1717 2554 δικάσαντες.

352 2573 492 2631 Ἀλλ’
522 2573 693 2640 ἔστιν,
717 2567 764 2626 ὧ
789 2569 956 2638 οὗτοι,
989 2575 1117 2628 τάδε
1147 2575 1484 2646 πανουργίας
1509 2576 1857 2649 ἀνθρωπίνης

276 2664 737 2736 πρὸςμεθοδείαν
796 2663 1006 2736 πλάνης
1048 2665 1116 2719 τὰ
1167 2667 1508 2738 σοφίσματα,
1545 2661 1579 2742 ᾖ
1633 2672 1856 2739 φησινό

271 2759 594 2831 θεορῤήμων
629 2773 642 2787 ’
682 2755 926 2830 ἐροῦμεν
971 2757 1082 2828 γάρ
1115 2759 1246 2828 ὑμῖν
1283 2759 1486 2812 τοιόνδε
1515 2775 1530 2790 ·
1560 2760 1672 2812 Καὶ
1693 2761 1856 2832 ἡμεῖς

271 2849 522 2902 ὁπωσοῦν
549 2849 686 2914 ὅλως
713 2851 1052 2921 ἐνεργεῖσθαι
1071 2849 1148 2921 τῷ
1161 2849 1293 2923 θείῳ
1311 2851 1472 2923 Λόγῳ
1497 2853 1590 2906 τὸν
1615 2853 1854 2924 Χριστὸν

269 2939 476 2993 διδοῦσι
509 2940 651 2994 κατὰ
681 2940 748 2994 τά
771 2941 864 2994 ὑπ’
893 2941 1061 2996 αὑτοῦ
1103 2941 1376 3012 λεγόμενα
1409 2943 1442 3014 ἢ
1473 2944 1732 3016 γινόμενα
1755 2985 1770 3010 ,
1797 2947 1850 2999 τί

269 3049 406 3102 φατε
428 3032 519 3100 ;’0
534 3033 705 3102 Λόγος
723 3035 752 3086 ὁ
769 3035 944 3104 φήσας
967 3035 1102 3104 πρὸς
1121 3035 1211 3088 τὸν
1230 3034 1452 3105 λεπρὸν,
1475 3036 1655 3090 «Θέλω
1678 3038 1848 3110 κριθα-

270 3123 538 3196 ρίσθητι,›
571 3122 640 3196 ἦν
673 3124 801 3195 χθὲς
827 3125 924 3178 καὶ
940 3125 1133 3194 τρίτην
1159 3125 1255 3178 καὶ
1279 3126 1386 3196 πρὸ
1415 3127 1648 3193 αἰώνων,
1686 3130 1719 3200 ἢ
1758 3129 1849 3182 οὑ-

269 3214 324 3285 χί
349 3231 364 3280 ;
391 3215 455 3267 E!
491 3215 589 3286 μὲν
616 3215 724 3284 γὰρ
746 3216 848 3267 οὐκ
873 3209 966 3284 ἦν,
984 3214 1102 3276 πῶς
1131 3215 1260 3278 Θεὸς
1283 3217 1310 3268 ὁ
1339 3217 1656 3285 πρόσφατος
1679 3219 1848 3282 δοκεῖ,

269 3305 372 3358 κᾶν
404 3305 485 3358 ὅτι
514 3304 584 3358 τὰ
605 3304 842 3376 μέγιστα
867 3303 957 3358 διὰ
981 3305 1222 3375 Χριστοῦ
1251 3305 1284 3376 ἢ
1318 3300 1532 3370 οὗτινος
1557 3307 1848 3379 ἀνθρώπου

268 3395 520 3468 ὲνεργοίη
541 3409 556 3424 °
585 3397 636 3448 εί
664 3391 834 3466 δὲῆν,
863 3395 980 3458 πῶς
1014 3395 1186 3449 θέλων
1213 3397 1314 3450 οὑκ
1343 3397 1672 3470 ἐκαθάριζεν
1699 3401 1748 3452 εί
1776 3399 1852 3471 μὴ

267 3485 391 3540 τότε
422 3487 515 3540 τὸν
547 3485 786 3558 λεπρόν;
825 3487 1036 3560 Ὠσπερ
1065 3484 1160 3544 οὖν
1191 3490 1362 3559 σαφὲς
1392 3490 1488 3544 ἐπὶ
1535 3490 1690 3544 τοῦδε
1714 3533 1729 3557 ,
1768 3492 1851 3544 ὃτι

269 3575 600 3649 προαιώνιος
625 3575 718 3630 τοῦ
749 3575 886 3630 Θεοῦ
917 3578 944 3629 ό
986 3575 1096 3642 ζῶν
1125 3594 1184 3630 τε
1215 3578 1310 3629 καὶ
1343 3577 1573 3648 ἐνεργὴς
1623 3579 1712 3632 ἀεὶ
1749 3578 1852 3631 Λό-

270 3685 386 3738 γος,
418 3667 538 3722 τότε
561 3668 638 3736 τῷ
667 3667 992 3739 προφορικῷ
1022 3667 1190 3720 αὑτοῦ
1238 3667 1382 3738 λόγῳ
1409 3669 1509 3739 τὴν
1543 3668 1685 3721 κατὰ
1730 3685 1853 3722 καις

275 3759 366 3829 ρον
396 3759 488 3812 καὶ
517 3759 706 3830 χρείαν
760 3759 956 3812 ἑαυτοῦ
989 3759 1209 3829 θέλησιν
1254 3759 1593 3828 ἐξαγγέλλει,
1623 3759 1739 3824 πῶς
1787 3760 1850 3814 οὑ

272 3849 434 3918 δῆλον
457 3849 530 3914 ὼς
561 3850 742 3904 καὶτὸ
797 3850 1008 3913 ἀπαθὲς
1059 3849 1226 3904 αὐτοῦ
1279 3852 1374 3907 καὶ
1415 3851 1644 3922 ἀόρατον
1683 3851 1854 3920 πρόσ-

271 3957 422 3995 ωπον
453 3941 540 3995 διὰ
584 3941 680 3996 τοῦ
715 3941 976 4010 αίσθητοῦ
1000 3943 1094 3996 καὶ
1127 3942 1326 4013 μέρους
1353 3942 1450 3994 τοῦ
1476 3941 1723 4012 σώματος
1749 3943 1850 3996 αὑ-

269 4034 363 4088 τοῦ
403 4035 739 4106 ὑπάρχοντος
771 4034 1090 4106 προσώπου,
1123 4035 1224 4105 τὴν
1275 4034 1501 4105 ἀτιμίαν
1534 4035 1644 4087 τῶν
1692 4038 1854 4106 ραπι-

271 4127 424 4198 σμῶν
445 4127 511 4180 δι’
539 4126 854 4198 ἐλευθερίαν
881 4126 1040 4196 ἡμῶν
1067 4117 1464 4195 καταδέχεταις
1499 4126 1622 4178 Ἔτι
1657 4127 1785 4196 μὴν,
1807 4122 1852 4180 ὦ

270 4218 688 4287 συλλογιστικοὶ,
723 4217 890 4288 τριῶν
919 4217 1089 4271 ὄντων
1113 4205 1220 4270 τῶν
1244 4217 1346 4286 τῆς
1407 4215 1569 4284 ἁγίας
1623 4217 1853 4288 Τριάδος

267 4307 566 4376 ὁμοουσίων
593 4307 901 4380 προσώπων
921 4308 981 4360 τὸ
1011 4306 1130 4360 καθ’
1153 4307 1295 4376 ὑμᾶς
1317 4307 1492 4376 πάντη
1517 4308 1604 4358 ἐτε
1615 4306 1854 4377 ροούσιον

1963 1843 2168 1913 cuique
2191 1851 2438 1898 vestrum
2473 1843 2663 1910 facies,
2695 1843 2794 1899 sed
2839 1843 2962 1900 dua:
2985 1851 3172 1910 erunt,
3205 1859 3316 1898 una
3347 1843 3545 1916 major,

1963 1932 2146 1988 minor
2201 1933 2392 1987 altera.
2427 1932 2674 2004 Magnam
2711 1947 2846 1988 vero
2891 1941 2947 1988 et
2971 1948 3197 2003 parvam
3227 1947 3546 2004 personam,

1959 2033 2018 2079 et
2047 2025 2168 2080 illas
2197 2025 2255 2080 in
2291 2040 2398 2079 una
2427 2039 2487 2080 re
2516 2025 2610 2080 ubi
2634 2025 2898 2080 vidistis?
2926 2033 3094 2096 atque
3122 2025 3352 2095 insuper
3382 2041 3538 2079 num-

1957 2117 2095 2188 quid
2131 2117 2353 2171 animali
2385 2117 2628 2188 plurium
2661 2117 2903 2189 capitum
2923 2117 3114 2172 decem
3141 2117 3327 2172 forsan
3353 2131 3550 2188 perse-

1959 2223 2052 2264 nae
2084 2217 2270 2274 erunt,
2298 2209 2366 2274 si,
2400 2210 2626 2264 nomina
2660 2209 2898 2280 propriae
2941 2209 3126 2265 carnis
3154 2225 3266 2265 non
3295 2208 3548 2266 dividen-

1960 2308 2066 2367 tes,
2103 2301 2207 2372 ipsi
2243 2308 2480 2372 propter
2507 2303 2735 2358 nomina
2765 2301 3102 2358 dividimini.

2031 2567 2159 2623 Haec
2187 2574 2339 2634 sunt,
2363 2583 2398 2624 ο
2425 2569 2699 2635 homines,
2729 2569 3072 2640 scphismata
3099 2569 3310 2642 quibus
3351 2569 3546 2626 dolose

1957 2659 2136 2713 utitur
2181 2659 2472 2731 theologus
2511 2659 2580 2715 ad
2624 2676 2876 2716 errorem
2919 2661 3314 2732 inducendum.
3343 2661 3414 2716 Et
3441 2677 3546 2717 nos

1955 2747 2039 2804 sic
2057 2749 2344 2806 vobiscum
2371 2765 2598 2822 agemus
2626 2769 2640 2804 :
2659 2750 2927 2819 Quoniam
2950 2751 3208 2809 Christus
3227 2752 3434 2810 dicitur
3447 2767 3548 2824 per

1953 2841 2200 2898 Verbum
2253 2843 2504 2900 divinum
2564 2857 2828 2914 operatus
2875 2859 2998 2899 esse
3040 2845 3204 2916 juxta
3267 2845 3415 2900 dicta
3450 2855 3547 2900 aut

1951 2932 2094 2989 facta
2133 2934 2202 2989 ab
2234 2935 2374 3006 ipso,
2410 2950 2512 2990 vos
2554 2935 2690 3005 quid
2720 2935 2944 2991 dicitis?
2979 2934 3220 2992 Verbum
3279 2937 3428 3006 quod
3459 2937 3542 2992 le-

1952 3039 2119 3093 proso
2155 3025 2294 3080 dixit
2323 3043 2338 3080 :
2379 3044 2398 3076 ι
2433 3025 2591 3090 Volo,
2621 3025 2944 3092 mundare,»
2978 3035 3169 3082 eratne
3198 3027 3340 3096 heri,
3366 3027 3546 3098 pridie

1951 3124 2007 3170 et
2033 3125 2160 3169 ante
2191 3117 2410 3184 smcula,
2435 3118 2521 3170 vel
2549 3119 2696 3171 non?
2722 3117 2777 3172 Si
2807 3119 3106 3188 posterius,
3136 3121 3545 3188 quomodonam

1951 3207 2100 3260 Deus
2137 3206 2373 3262 habetur
2425 3207 2530 3262 iste
2577 3209 2896 3276 cruciﬁxus,
2923 3209 3056 3265 licet
3099 3225 3264 3280 quam
3306 3213 3542 3270 maxima

1953 3298 2219 3354 miracula
2267 3315 2368 3369 per
2397 3299 2680 3354 Christum
2743 3309 2834 3356 aut
2891 3303 3197 3370 quemlibet
3259 3304 3542 3362 hominem

1952 3399 2216 3462 operatus
2241 3391 2352 3446 sit?
2373 3391 2431 3446 Si
2457 3395 2633 3462 prius,
2669 3407 2769 3448 cur
2803 3393 3108 3463 leprosum,
3139 3411 3303 3466 quem
3331 3397 3544 3454 dudum

1953 3483 2194 3549 volebat,
2239 3485 2463 3538 nonnisi
2500 3485 2606 3541 hoc
2647 3495 2895 3556 tempore
2931 3487 3270 3542 inundavit?
3305 3490 3413 3546 Sed
3480 3503 3546 3548 ut

1954 3573 2090 3628 illud
2137 3583 2403 3630 attentum
2451 3591 2668 3646 semper
2697 3577 2892 3632 vivens
2941 3586 2997 3632 et
3025 3593 3262 3648 opesans
3289 3581 3540 3638 Verbum

1953 3665 2050 3720 Dei
2084 3675 2216 3722 tunc
2250 3682 2508 3722 sermone
2543 3669 2761 3738 prolato
2787 3683 2944 3724 suam
2967 3671 3306 3726 voluntatem
3335 3689 3542 3744 oppor-

1953 3764 2088 3810 tune
2119 3764 2175 3810 et
2199 3756 2414 3811 utiliter
2446 3757 2794 3824 manifestat,
2823 3760 2904 3814 sic
2931 3760 3110 3830 liquet
3142 3763 3540 3832 impassibilem

1951 3855 2010 3901 et
2035 3847 2370 3902 invisibilem
2392 3849 2512 3919 ejus
2536 3865 2827 3918 personam
2847 3866 2946 3920 per
2965 3852 3287 3907 sensibilem
3314 3853 3537 3918 faciem,

1953 3954 2075 4008 quae
2125 3954 2256 4009 pars
2309 3941 2562 4010 corporis
2610 3951 2753 4006 erat,
2783 3943 3182 3998 contumeliosa
3213 3944 3445 4000 verbera
3470 3946 3540 4001 ah

1955 4027 2275 4083 hominibus
2319 4030 2606 4084 effrenatis
2649 4032 2946 4100 accepisse.
2973 4032 3072 4089 Vel
3117 4033 3342 4094 iterum.
3377 4050 3411 4089 ο
3445 4051 3537 4091 so-

1953 4119 2173 4190 phista},
2211 4129 2322 4175 tres
2351 4137 2478 4176 cum
2521 4123 2634 4176 sint
2691 4138 2944 4192 persona:
2991 4134 3196 4181 sanctae
3251 4126 3540 4184 Trinitatis

1954 4211 2474 4276 consubstantialcs,
2502 4213 2650 4266 illam
2679 4213 2891 4268 Christi
2921 4215 3117 4270 faciem
3150 4224 3357 4273 nostrae
3384 4218 3534 4273 simi-

1955 4300 2086 4366 lem,
2133 4311 2190 4358 et
2232 4303 2302 4356 ab
2342 4303 2466 4358 aliis
2521 4304 2748 4359 omnino
2798 4305 3166 4373 distinctam,
3219 4311 3536 4368 divinamne

267 4400 451 4460 αὐτοῖς
501 4398 790 4468 πρόσωπον
843 4397 1083 4470 Χριστοῦ
1145 4398 1286 4451 θεῖον
1314 4397 1522 4466 λέγετε,
1546 4397 1578 4468 ἢ
1606 4399 1760 4468 οὐχί;
1789 4397 1852 4450 Et

1959 4394 2161 4459 dicitis,
2189 4396 2406 4448 annon?
2429 4395 2484 4450 Si
2510 4412 2623 4450 non
2650 4397 2915 4466 divinam,
2950 4415 3082 4471 ergo
3107 4402 3299 4458 eadem
3323 4407 3536 4460 ratione

275 4490 375 4558 μὲν
409 4489 502 4543 οῦν
533 4491 654 4560 οὐχὶ
679 4531 692 4555 ,
721 4491 856 4553 ὅλως
885 4491 918 4561 ἢ
949 4493 1049 4561 οὑχ
1097 4489 1298 4559 ὁμοίως
1319 4490 1380 4542 οὐ
1413 4489 1642 4542 δύνασθε
1671 4490 1849 4558 λέγειν

1959 4503 2058 4543 nec
2119 4489 2292 4558 magis
2345 4489 2524 4558 ipsum
2579 4489 2862 4545 Christum
2892 4493 3064 4548 Deum
3131 4510 3252 4552 esse
3305 4499 3536 4567 potestis

269 4581 402 4634 Θεὸν
430 4582 520 4634 τὸν
577 4583 812 4653 Χριστόν
833 4598 846 4612 ·
869 4583 903 4653 ἢ
933 4584 1014 4636 ὅτι
1074 4581 1224 4654 αὑτῷ
1253 4581 1513 4652 ἐχαρίσθη
1565 4581 1627 4634 τὸ
1679 4582 1851 4652 ὄνομα

1959 4583 2158 4648 dicere,
2201 4597 2379 4652 neque
2417 4584 2493 4638 illi
2523 4583 2712 4638 datum
2735 4585 2910 4642 fuisse
2943 4603 3144 4644 nomen
3171 4606 3340 4660 super
3369 4608 3533 4650 omne

268 4674 330 4727 τὸ
403 4673 542 4742 ὑπὲρ
625 4676 748 4726 πᾶν
794 4673 986 4743 ὄνομα,
1055 4675 1304 4728 τουτέστι
1376 4674 1436 4726 τὸ
1522 4673 1692 4736 Θεός⁹
1759 4673 1852 4727 καὶ

271 4769 473 4838 ταύτην
547 4764 844 4840 εἶναιετὴν
885 4771 993 4822 ἀπὸ
1047 4771 1146 4839 τῆς
1207 4769 1343 4840 πρὸς
1409 4768 1542 4822 Θεὸν
1593 4769 1850 4839 σχετικῆς

273 4863 520 4925 ὲνώσεως
553 4860 719 4914 αὑτοῦ
761 4861 1005 4932 μεγάλην
1034 4862 1190 4926 ἀξίαν
1222 4879 1282 4914 τε
1313 4862 1406 4914 καί
1431 4861 1639 4931 δωρεάν
1661 4877 1676 4890 ο
1709 4864 1758 4914 εί
1791 4861 1849 4915 δὲ

273 4955 416 5008 θεῖον
452 4955 553 5025 μὲν
579 4954 768 5022 λέγετε
809 4955 904 5006 καὶ
931 4955 1073 5020 τόδε,
1109 4953 1454 5026 ὲτεροούσιον
1485 4953 1540 5007 δὲ
1576 4955 1726 5024 παρὰ
1781 4953 1851 5008 τὰ

271 5049 435 5119 ἔτερα
478 5049 604 5119 τρία
661 5047 922 5116 ὀμοοὺσια
965 5048 1083 5100 θεῖα
1133 5047 1408 5115 πρόσωπά
1470 5063 1645 5116 φατε,
1679 5047 1849 5117 τριῶν

272 5138 594 5210 ὁμοουσίων,
628 5137 725 5191 καὶ
757 5135 874 5200 ἑνὸς
933 5137 1300 5206 ὲτεροουσίου,
1330 5133 1448 5198 πῶς
1496 5135 1596 5189 οὐκ
1645 5135 1712 5190 ἂν
1763 5135 1846 5208 εἴη

271 5234 516 5302 τέσσαρα
549 5229 818 5300 πρόσωπα
857 5227 976 5280 θεῖα
1009 5228 1138 5298 ὑμῖν
1169 5229 1520 5297 συναγόμενα
1551 5246 1568 5294 ;

873 5316 1126 5370 ΚΕΦΑΛ.
1151 5315 1250 5368 lZ'.

345 5413 408 5466 Εἰ
435 5415 464 5467 ὁ
483 5412 615 5474 θεὸς
643 5411 836 5478 Λόγος,
871 5410 1027 5480 φησι,
1058 5408 1127 5462 τὰ
1155 5408 1332 5461 πάντα
1362 5408 1580 5479 πληροῖ,
1611 5411 1708 5463 καὶ
1738 5414 1851 5475 τοῖς

273 5507 407 5562 πᾶσι
439 5487 974 5575 πάρεστινόοράτως
997 5501 1065 5572 τῇ
1097 5500 1392 5554 ὑποστάσει
1415 5515 1428 5529 ο
1451 5501 1478 5551 ὁ
1503 5499 1560 5552 δὲ
1577 5499 1852 5572 ὁρώμενος

273 5595 505 5672 Χριστὸς
535 5600 717 5670 μήτρᾳ
766 5613 827 5650 τε
873 5594 968 5650 καὶ
1005 5593 1186 5666 φάτνῃ
1215 5593 1310 5645 καὶ
1349 5591 1483 5662 οίκῳ
1520 5591 1852 5664 περιώριστο

270 5694 370 5766 τὴν
421 5693 718 5747 ὑπόστασιν
754 5687 860 5760 πρὸ
915 5685 1015 5757 τῆς
1051 5685 1210 5754 ἁγίας
1259 5683 1611 5746 ἀναστάσεως
1640 5685 1806 5737 αὑτοῦ
1833 5703 1848 5716 ο

1950 4691 2176 4740 nomen,
2217 4692 2313 4731 seu
2367 4677 2736 4744 divinitatem,
2764 4695 2870 4736 nec
2899 4683 3058 4736 talem
3089 4699 3210 4739 esse
3233 4685 3354 4755 ejus
3379 4699 3532 4759 mago

1950 4783 2076 4822 nam
2111 4768 2434 4838 dignitatem
2465 4778 2522 4824 et
2561 4773 2892 4839 mercedem,
2917 4789 3016 4843 pro
3049 4775 3384 4846 hypostatica
3404 4794 3532 4836 cum

1950 4859 2063 4913 Deo
2121 4859 2346 4912 unione.
2381 4857 2438 4912 Si
2473 4874 2606 4913 vero
2633 4859 2876 4916 divinam
2911 4862 3124 4930 dicitis,
3155 4865 3250 4920 sed
3301 4869 3532 4925 alterius

1949 4959 2164 5002 naturae
2195 4957 2362 5018 atque
2396 4953 2510 5004 tres
2543 4949 2761 5006 divinas
2787 4961 2844 5008 et
2874 4954 3373 5016 consubstantiales
3402 4976 3531 5030 per-

1950 5056 2134 5105 sonas,
2167 5049 2298 5094 tunc
2328 5049 2441 5095 tres
2469 5055 2594 5095 cum
2621 5041 2730 5096 sint
2765 5045 3286 5114 consubstantiales,
3313 5061 3371 5104 et
3400 5051 3532 5106 alte-

1949 5149 2009 5186 ra
2035 5132 2342 5198 dissimilis,
2368 5147 2552 5187 nonne
2581 5134 2648 5189 ad
2683 5134 3026 5194 confitendas
3059 5151 3298 5212 quatuor
3334 5159 3527 5218 ρει-εοτ

1950 5243 2050 5282 nas
2077 5225 2293 5282 divinas
2323 5227 2666 5283 adducimini
2693 5229 2715 5284 ἲ

2563 5319 2714 5376 CAP.
2755 5321 2914 5378 XVII.

2024 5411 2128 5468 Sed
2162 5411 2404 5467 Verbum
2447 5411 2566 5477 Dei,
2597 5413 2794 5483 inquit,
2831 5419 3015 5472 omnia
3055 5419 3278 5490 implet,
3317 5430 3374 5475 et
3405 5437 3526 5476 om.

1949 5503 2116 5558 nibus
2157 5499 2510 5557 invisibiliter
2543 5511 2600 5556 et
2645 5507 3004 5572 personaliter
3053 5509 3248 5574 adest;
3299 5511 3522 5566 aliunde

1949 5593 2202 5648 Christus
2231 5591 2382 5644 visus
2400 5598 2484 5644 est
2514 5605 2804 5659 personam
2836 5606 3048 5661 ventre,
3091 5599 3325 5662 stabulo,
3359 5599 3524 5654 domo

1955 5683 2232 5740 includere
2257 5689 2381 5735 ante
2407 5695 2564 5736 suam
2585 5695 2827 5740 sanctam
2863 5689 3355 5758 resurrectionem;
3391 5692 3526 5762 quin
