3932 6152
421 223 558 289 15ῗ5

1716 213 2034 276 LEONTII
2074 213 2478 275 BYZANTINI

3607 213 3736 276 157

417 343 583 398 etiam
596 347 794 411 postea
812 337 951 395 locis
965 336 1288 401 includitur,
1309 335 1454 390 sicut
1475 332 1707 404 legimus
1726 350 1740 386 :
1767 353 1783 382 ι
1797 331 2000 386 Ascen-

2143 329 2238 383 λλά
2257 331 2354 382 καὶ
2389 329 2527 400 μετὰ
2553 329 2713 400 τήνδε
2745 331 3146 402 περιγράφεται
3173 330 3382 392 τόποις,
3415 332 3611 382 κατὰ
3671 333 3764 392 τὲ,

419 431 502 488 dit
532 433 592 488 in
622 431 812 494 caelos,
844 447 862 480 ›
898 439 988 483 et:
1045 445 1063 478 ι
1102 425 1274 494 Quem
1325 432 1543 495 oportet
1579 423 1787 480 caelum
1824 422 1999 478 susci-

421 538 554 594 pere
575 524 648 572 "i
673 529 763 575 ct:
793 539 810 570 ι
846 518 936 573 Sic
951 517 1158 580 veniet,
1177 516 1640 587 quemadmodum
1661 514 1845 568 vidisti
1871 527 1998 567 eum

422 621 644 668 euntem
701 611 757 666 in
805 609 1103 664 caelum“.
1136 627 1156 658 ι
1215 607 1502 674 Quomodo
1530 622 1670 678 ergo
1728 600 1838 659 una
1894 603 2002 659 erit

423 717 656 774 persona
689 701 925 754 visibilis
950 707 1008 754 et
1047 698 1484 768 circumscripta,
1511 698 1680 752 altera
1733 711 1865 751 vero
1901 709 2003 749 nec

423 793 660 848 visibilis
699 805 802 846 nec
833 790 1291 860 circumscripta?
1315 791 1452 844 Dato
1485 789 1630 860 quod
1661 803 2003 858 quaecunque

424 899 678 954 personat
725 883 975 938 deﬁnitio
1028 881 1123 938 ﬁat
1170 882 1440 936 localibus
1486 880 1788 945 limitibus,
1852 889 2002 932 tunc.

427 976 593 1031 Verbi
623 990 858 1045 persona
887 990 918 1028 a
939 974 1103 1028 Patre
1129 981 1185 1028 et
1205 973 1414 1042 Spiritu
1441 981 1632 1026 sancto
1649 971 1789 1025 locis
1811 970 2007 1025 distin-

427 1081 719 1136 gueretur.
747 1066 814 1120 Et
841 1081 964 1120 cum
996 1079 1025 1116 a
1058 1063 1213 1117 vobis
1240 1063 1498 1117 similiter
1523 1062 1740 1117 dicatur
1765 1061 2006 1116 Verbum

428 1157 484 1209 in
520 1155 672 1210 omni
712 1172 771 1209 re
806 1171 926 1210 esse
957 1155 1230 1218 localiter,
1265 1155 1520 1224 sequitur
1549 1168 1935 1223 quamcunque
1977 1168 2008 1206 e

427 1249 647 1304 duabus
698 1247 928 1316 reliquis
977 1245 1230 1316 personis
1259 1245 1463 1300 divinis
1499 1245 1739 1300 futuram
1787 1259 1907 1298 esse
1952 1244 2010 1297 in

427 1349 540 1404 alio
599 1348 880 1412 universo,
926 1361 1036 1400 non
1087 1345 1141 1398 in
1193 1344 1320 1408 isto,
1371 1346 1455 1400 vel
1495 1344 1549 1398 in
1583 1345 1776 1398 nullo:
1818 1343 1871 1398 in
1906 1343 2012 1398 isto

431 1443 579 1497 enim
625 1443 806 1496 locum
846 1457 958 1495 non
993 1441 1157 1494 habet
1189 1439 1256 1493 ad
1279 1440 1657 1494 exsistendum
1689 1438 2011 1508 separatim,

433 1533 578 1602 quod
613 1531 922 1601 Verbojam
961 1531 1245 1600 impletum
1281 1541 1384 1586 est.
1411 1531 1481 1586 Et
1509 1531 1788 1600 quomodo
1813 1531 1868 1585 in
1898 1545 2016 1584 om-

433 1625 599 1680 nibus
643 1625 753 1678 erit
790 1638 1024 1694 persona
1071 1622 1218 1676 illius
1244 1623 1339 1693 qui
1375 1625 1488 1694 jam
1539 1623 1594 1678 in
1635 1623 1786 1676 omni
1837 1631 2010 1693 parte,

436 1716 662 1770 omnino
697 1715 978 1784 impletur,
1015 1730 1213 1802 nempe
1244 1715 1535 1770 divinitate
1565 1732 1580 1768 :
1621 1715 1727 1769 ho'c
1757 1715 1906 1769 enim
1930 1723 2016 1768 est

436 1807 777 1877 impossibile
801 1805 1102 1869 .Christum
1138 1807 1320 1862 locum
1353 1822 1476 1862 esse
1519 1806 1879 1876 quarumdam
1931 1821 2017 1861 re-

435 1909 582 1958 rum,
609 1903 664 1947 et
691 1909 814 1948 esse
855 1893 909 1947 in
941 1895 1076 1963 ipsis
1115 1895 1265 1949 velut
1299 1896 1354 1948 in
1380 1895 1616 1952 loco.'Si
1649 1912 1782 1966 ergo
1809 1897 1923 1951 ista
1947 1896 2017 1952 de

435 1985 659 2042 Christo
695 2002 804 2040 non
845 1985 1108 2040 dicuntur
1148 1987 1454 2042 secundum
1499 1988 1729 2042 localem
1781 1988 2018 2042 circum-
2062 2025 2071 2033 .

438 2077 818 2146 scriptionem,
851 2076 982 2146 quid
1009 2077 1268 2146 prohibet
1297 2077 1448 2132 illum
1481 2088 1855 2134 remanentem
1883 2080 2022 2135 Ver-

439 2169 571 2224 bum
599 2169 867 2233 divinum,
903 2177 960 2223 et
984 2177 1238 2222 naturam
1270 2183 1592 2238 corpoream
1625 2179 2019 2237 assumentem,

441 2261 497 2315 in
525 2277 632 2316 una
658 2277 754 2315 sua
781 2275 1014 2330 persona
1041 2259 1246 2316 habere
1268 2259 1509 2316 divinam
1539 2261 1939 2328 deﬁnitionem,
1967 2269 2024 2317 et

442 2359 720 2405 carnalem
775 2348 1170 2419 acquisivisse?
1227 2349 1383 2404 Sicut
1432 2351 1582 2405 enim
1629 2366 1696 2405 ex
1743 2367 1811 2406 eo
1873 2353 2022 2423 quod

442 2456 737 2511 generetur
777 2447 834 2494 et
859 2455 969 2494 non
997 2447 1244 2510 generet,
1268 2440 1416 2510 quod
1451 2440 1524 2494 sit
1548 2439 1602 2494 in
1644 2441 1806 2497 Patre
1843 2450 1903 2496 ut
1935 2459 2026 2498 sa-

445 2536 654 2604 pientia
675 2533 941 2604 sapientis
965 2541 1022 2588 et
1071 2533 1300 2588 verbum
1328 2532 1626 2601 loquentis,
1647 2533 1794 2600 quod
1819 2547 1925 2587 non
1957 2533 2029 2588 sit

447 2624 761 2696 procedens
787 2623 914 2694 quia
939 2639 1007 2677 ex
1035 2622 1154 2692 ipso
1184 2623 1253 2676 ad
1292 2623 1399 2676 alia
1432 2637 1543 2676 non
1568 2621 1840 2692 procedit,
1875 2625 2024 2693 quod

450 2714 702 2787 proprias
747 2711 1100 2782 Operationes
1137 2712 1360 2773 habeat,
1405 2720 1460 2767 et
1502 2727 1572 2766 ex
1620 2711 1877 2768 omnibus
1908 2715 2030 2770 aliis

449 2802 902 2876 proprietatibus,
951 2802 1156 2872 quibus
1186 2818 1216 2856 a
1253 2817 1487 2872 persona
1513 2803 1693 2857 Patris
1718 2811 1774 2856 et
1795 2803 2034 2874 Spiritus

451 2894 627 2950 sancti
661 2893 1022 2963 distinguitur
1057 2892 1249 2956 Filius,
1288 2892 1474 2961 plures
1500 2907 1766 2962 personas
1794 2894 1899 2948 sibi
1922 2911 2032 2950 non

2107 442 2125 472 ι
2148 414 2448 492 Ἐπορεύθη
2467 423 2544 484 εἰς
2559 421 2842 491 οὐρανούς·
2869 442 2896 473 ι.
2913 423 3029 483 καὶ,
3041 441 3060 472 ι
3075 423 3172 476 Ὃν
3189 421 3270 474 δεῖ
3282 422 3556 492 οὐρανὸν
3581 421 3770 486 δέξα-

2103 512 2246 565 σθαι·
2262 531 2280 562 ι
2299 512 2390 565 καὶ
2403 555 2416 577 ,
2429 531 2447 563 ι
2467 510 2652 574 Οὕτως
2669 510 2968 578 ἐλεύσεται,
2991 510 3050 564 ὃν
3063 509 3638 582 τρόπονὶυεάσεσθε
3656 513 3765 564 αὑ-

2101 603 2194 658 τὸν
2218 605 2586 674 πορευόμενον
2603 609 2688 668 είς
2703 603 2797 658 τδν
2817 605 3067 674 οὐρανὸν,
3101 621 3122 656 ι
3141 603 3255 666 πῶς
3278 605 3340 656 οὐ
3365 605 3624 674 θατὲρα
3653 609 3762 674 μὲν

2103 697 2273 768 ὁρατὴ
2301 697 2396 750 καὶ
2424 697 2780 769 περιγραπτὴ
2797 697 3116 760 ὑπόστασις,
3133 697 3341 768 Θατέρα
3369 697 3436 750 δὲ
3473 699 3758 768 ἀόρατος

2105 793 2201 842 καὶ
2223 790 2634 860 ἀπερίγραπτός
2665 791 2844 856 mw;
2881 790 3018 842 Ἀλλ’
3045 792 3093 842 εἰ
3115 793 3365 854 τοπικοῖς
3389 790 3760 861 dispectui;

2109 887 2259 936 πᾶσα
2279 883 2632 944 ὑποστάσεως
2652 883 2972 954 περιγραφή
3005 885 3175 947 ἐστιν,
3209 877 3323 952 ἆρά
3351 901 3416 952 γε
3465 883 3758 944 τοπικῶς

2108 974 2205 1026 καὶ
2240 973 2335 1027 τοῦ
2366 974 2577 1046 Πατρὺς
2610 973 2707 1027 καὶ
2741 973 2836 1026 τοῦ
2876 973 3035 1039 ἁγίου
3070 973 3394 1042 Πνεύματος
3445 975 3484 1026 6
3555 975 3759 1042 Λόγος

2107 1065 2388 1135 διώρισται
2416 1066 2516 1136 τὴν
2543 1064 2841 1117 ὑπόστασιν
2867 1080 2880 1095 ·
2914 1065 2964 1116 εἰ
2993 1064 3039 1116 δ’
3061 1060 3154 1118 οὖν
3180 1062 3364 1127 οὕτως
3398 1064 3521 1117 καὶ
3557 1065 3634 1116 ὲν
3669 1063 3756 1124 τῷ

2111 1137 2273 1210 παντὶ
2321 1155 2566 1218 τοπικῶς
2614 1149 2754 1208 εἶναι
2795 1155 2925 1225 ὑμῖν
2962 1157 3180 1226 εἴρηται
3210 1157 3239 1208 ὑ
3269 1155 3485 1222 Λόγος,
3523 1156 3655 1225 ἄρα
3691 1157 3753 1206 αἱ

2109 1245 2204 1300 δύο
2216 1247 2372 1300 ἄλλαι
2399 1245 2726 1308 ὑποστάσεις
2753 1245 2856 1312 τῆς
2891 1243 3179 1311 Θεότητος,
3210 1243 3244 1314 ἦ
3273 1245 3332 1296 ἐν
3363 1243 3571 1314 ἑτέρῳ
3598 1255 3751 1296 πει-ι-

2111 1338 2166 1390 τί
2199 1337 2464 1409 ἑκατέρα,
2494 1337 2590 1390 καὶ
2632 1337 2733 1390 οὐκ
2763 1337 2820 1388 ἐν
2869 1335 3030 1404 τῷδε,
3056 1336 3088 1404 ἢ
3113 1336 3173 1387 ὲν
3195 1335 3374 1388 οὐδενί
3425 1338 3606 1388 ἐστιν
3631 1351 3648 1364 ’
3687 1337 3750 1387 ὲν

2114 1430 2222 1498 γὰρ
2255 1429 2392 1498 τῷδε
2432 1429 2617 1500 χώραν
2647 1429 2748 1482 οὑκ
2778 1426 2892 1498 ἔχει
2920 1426 3297 1497 διωρισμένως
3322 1421 3508 1489 εἶναι,
3549 1428 3747 1480 πάντα

2116 1522 2222 1590 πλη
2233 1521 2451 1590 ρόῧντος
2472 1522 2538 1574 τὰ
2559 1522 2686 1591 τῇδε
2709 1520 2804 1574 τοῦ
2833 1518 3030 1587 Λόγουο
3061 1519 3178 1582 πῶς
3192 1519 3249 1571 δὲ
3275 1516 3376 1572 καὶ
3398 1520 3460 1572 ἐν
3487 1519 3688 1572 πᾶσιν
3707 1521 3745 1587 ἠ

2118 1613 2240 1667 Θεία
2267 1615 2564 1676 ὑπόστασις
2591 1613 2686 1666 τοῦ
2714 1611 2785 1665 τὰ
2809 1612 2994 1666 πάντα
3023 1614 3082 1665 ὲν
3117 1612 3254 1664 πᾶσι
3289 1611 3742 1681 πληρουμένου,

2117 1703 2302 1768 καθὼς
2359 1705 2576 1774 εἴρηται
2607 1721 2622 1770 ;
2663 1704 2724 1757 οὑ
2783 1704 2894 1775 γὰρ
2932 1702 2994 1756 τὸ
3025 1703 3160 1756 αὑτό
3197 1719 3248 1754 τι
3278 1703 3452 1764 τόπος
3507 1703 3580 1754 τέ
3619 1702 3746 1754 ὲστί

2118 1811 2302 1859 τινων,
2334 1793 2430 1847 καὶ
2461 1793 2542 1856 ὡς
2565 1795 2623 1846 ὲν
2651 1795 2802 1864 τόπῳ
2825 1793 2974 1845 ἐστὶν
2997 1793 3055 1846 ὲν
3085 1792 3271 1856 αὐτοῖς
3302 1790 3600 1845 ἀδύνατον
3637 1807 3653 1820 ·
3691 1792 3745 1844 εί

2119 1881 2215 1938 οὖν
2247 1885 2418 1939 ταῦτα
2458 1883 2534 1954 μὴ
2559 1883 2704 1938 κατὰ
2746 1885 2980 1951 τοπικὴν
3025 1883 3380 1953 περιγραφὴν
3425 1883 3550 1952 τῆς
3601 1883 3742 1936 ὑπο-

2122 1975 2368 2039 στάσεώς
2390 1977 2506 2028 ἐστι
2525 1975 2620 2030 τοῦ
2665 1974 2871 2044 Λόγου,
2902 1975 2956 2028 τί
3005 1974 3205 2028 κωλύει
3255 1975 3538 2044 μείναντα
3568 1975 3742 2028 αὑτὸν

2123 2067 2266 2120 θεῖον
2291 2067 2486 2134 Λόγον,
2515 2066 2612 2120 καὶ
2643 2069 2846 2137 σαρκὸς
2879 2065 3044 2134 φύσιν
3077 2063 3571 2136 προσλαϐόμενον,
3607 2067 3742 2130 τούς

2123 2176 2184 2211 τε
2207 2159 2282 2222 ὡς
2306 2158 2484 2226 Λόγον
2498 2158 2643 2212 Θεοῦ
2669 2159 2988 2229 διορισμοὺς
3016 2158 3293 2230 Exanimat
3317 2161 3649 2230 σαρκικούς
3678 2178 3740 2216 τι

2126 2251 2266 2323 πρὸς
2323 2251 2535 2314 τούτοις
2590 2251 3002 2322 ἐπικτήσασθαι
3055 2251 3370 2322 διορισμοὺς
3409 2255 3565 2306 κατὰ
3602 2255 3738 2324 μίαν

2126 2343 2224 2413 τὴν
2269 2344 2570 2398 ὑπόστασιν
2621 2343 2820 2411 αὐτούς
2852 2344 3065 2416 Ὥσπερ
3093 2343 3202 2416 γὰρ
3230 2343 3310 2416 τῷ
3357 2347 3731 2418 γεννηθῆναι,

2129 2438 2222 2490 καὶ
2248 2435 2328 2508 τῷ
2361 2437 2437 2506 μὴ
2476 2437 2694 2508 γεννᾷν,
2725 2437 2820 2490 καὶ
2855 2436 2933 2506 τῷ
2979 2438 3036 2488 ὲν
3063 2437 3213 2508 αὑτῷ
3239 2433 3380 2490 εἶναι
3421 2437 3506 2508 τῷ
3550 2439 3732 2510 Πατρὶ

2127 2529 2206 2593 ὡς
2240 2527 2434 2599 βουλὴν
2463 2528 2559 2581 καὶ
2579 2529 2734 2595 λόγον
2759 2528 3109 2598 βουλευτικοῦ
3133 2529 3227 2581 καὶ
3251 2528 3500 2596 λογικοῦ,
3527 2532 3630 2584 καὶ
3653 2532 3730 2600 τῷ

2134 2621 2212 2693 μὴ
2243 2622 2338 2674 καὶ
2365 2621 2525 2684 ἐκτὸς
2552 2621 2718 2673 αὑτοῦ
2753 2621 2833 2684 είς
2863 2619 3029 2686 ἕτερα
3060 2619 3391 2692 πορεύεσθαι
3437 2621 3516 2692 μὴ
3561 2623 3729 2675 ἔκπο-

2137 2711 2330 2782 ρευτδν
2369 2706 2530 2772 εἶναι,
2557 2711 2650 2763 καὶ
2675 2709 2754 2779 τῷ
2779 2710 3142 2780 δημιουργεῖν
3177 2709 3322 2774 ἰδίως
3347 2710 3447 2762 καὶ
3463 2714 3587 2775 τοῖς
3615 2712 3730 2765 λοι·

2135 2804 2260 2866 ποῖς
2327 2801 2612 2872 ίδιώμασιν
2671 2801 2842 2856 αὑτοῦ
2874 2803 2902 2856 ὀ
2934 2801 3128 2870 Λόγος,
3161 2801 3228 2854 δι’
3255 2793 3332 2854 ὧν
3373 2803 3730 2872 διακρίνεται

2140 2895 2361 2948 πάντων
2415 2893 2516 2962 τῆς
2557 2893 2842 2966 Πατρικῆς
2882 2895 2978 2946 καὶ
3016 2894 3116 2962 τῆς
3142 2893 3238 2946 τοῦ
3274 2895 3600 2964 Πνεύματος
3627 2896 3729 2950 τοῦ

459 2983 626 3050 facit;
663 2986 743 3037 sic
771 2996 952 3052 neque
995 2981 1365 3051 proprietates
1400 2981 1586 3035 multae
1607 2989 1663 3036 et
1689 2985 1954 3053 oppositae
1978 2985 2029 3040 ei

2143 2985 2300 3054 ἁγίου
2355 2985 2727 3048 ὑποστάσεως,
2757 2985 2820 3036 οὑ
2863 2985 3082 3048 πλείους
3130 2989 3362 3039 ποιεῖται
3387 2986 3733 3051 ὑποστάσεις

454 3073 730 3144 adjuncta:
749 3073 870 3143 ejus
893 3087 1185 3141 personam
1215 3071 1604 3140 multiplicant.
1635 3071 1717 3128 0b
1754 3073 1808 3128 id
1841 3091 2034 3146 unum,

453 3179 511 3220 se
553 3161 854 3232 ingenitum
879 3176 1022 3224 esse,
1045 3175 1277 3231 persona
1311 3161 1492 3216 Patris
1511 3176 1542 3216 a
1571 3161 1710 3218 Filio
1743 3173 1800 3218 et
1827 3163 2040 3234 Spiritu

455 3266 648 3311 sancto
689 3254 931 3324 perfecte
962 3253 1356 3324 distinguitur;
1397 3261 1453 3308 et
1487 3253 1687 3310 deinde
1715 3255 1787 3311 ob
1810 3273 2043 3327 genera-

465 3347 671 3400 tionem
703 3345 827 3400 Filii
858 3345 1054 3400 iterum
1079 3345 1458 3416 distinguitur,
1490 3345 1584 3402 sed
1607 3347 1907 3416 perfectior
1930 3367 2040 3406 non

465 3449 550 3494 est
601 3454 859 3510 persona,
908 3453 1088 3509 neque
1136 3454 1264 3492 vere
1308 3437 1588 3493 diceretur
1637 3438 1869 3494 duarum
1921 3456 2044 3498 esse

459 3547 839 3602 personarum.
886 3529 1147 3596 Quinimo
1188 3529 1322 3598 quid
1363 3528 1622 3584 diceretis
1662 3530 1731 3584 de
1777 3532 1950 3587 solius
1989 3544 2046 3588 et

458 3623 727 3693 simplicis
749 3623 988 3678 hominis
1012 3637 1270 3692 persona,
1308 3621 1465 3676 verbi
1489 3623 1662 3692 gratia
1686 3623 1874 3679 Pauli?
1895 3625 2046 3680 Nun-

462 3715 594 3785 quid
627 3716 886 3770 omnibus
913 3715 1228 3770 visibilibus
1255 3722 1312 3769 et
1336 3714 1608 3770 localibus
1630 3715 2048 3772 characteribus

465 3815 576 3862 tota
615 3807 735 3878 ejus
769 3821 1006 3876 persona
1043 3806 1430 3877 dignoscitur?
1461 3805 1722 3875 Nunquid
1763 3807 1946 3862 anima
1991 3818 2048 3863 et

463 3897 732 3966 corpore?
759 3895 1016 3965 Nunquid
1051 3911 1162 3949 non
1192 3895 1469 3950 diversis?
1495 3894 1752 3949 Attamen
1785 3909 1898 3950 non
1923 3896 2048 3950 ideo

465 3987 604 4042 duas
649 3986 818 4040 habet
856 3985 1163 4056 personas?
1205 3984 1468 4051 Quamvis
1493 3983 1640 4038 enim
1665 3993 1820 4038 extra
1848 3999 2050 4054 corpus

469 4087 661 4146 raptus
711 4075 783 4131 sit
829 4091 1004 4144 usque
1033 4075 1100 4129 ad
1141 4076 1365 4130 tertium
1398 4076 1622 4141 caelum,
1656 4075 1933 4146 verbaque
1966 4078 2050 4130 in—

465 4167 655 4223 audita
682 4174 866 4222 mente
913 4167 1174 4230 audierit,
1221 4166 1448 4221 eosdem
1477 4166 1680 4221 locales
1709 4175 1765 4222 et
1805 4167 2051 4222 visibiles

469 4261 675 4316 limites
693 4259 970 4334 corporis,
1001 4267 1058 4313 et
1085 4259 1402 4330 spirituales
1435 4258 1633 4314 animae
1659 4258 1874 4323 habuit,
1911 4273 2049 4328 quos

2145 3075 2346 3146 ἑαυτῷ,
2393 3075 2564 3141 οὕτως
2610 3077 2733 3130 οὑδὲ
2774 3076 2981 3146 ἑτέρων
3033 3075 3336 3146 ἰδιωμάτων
3380 3076 3732 3145 προσθέσεις

2144 3169 2408 3222 πλειόνων
2437 3171 2531 3222 καὶ
2561 3169 2954 3238 ἀντικειμένων
2986 3166 3319 3238 πληθύνουσι
3339 3167 3434 3236 τὴν
3467 3167 3733 3222 ὑπόστα-

2147 3279 2232 3314 σιν
2263 3261 2430 3316 αύτόὖ
2457 3279 2472 3293 ·
2502 3261 2597 3316 καὶ
2623 3261 2700 3332 τῷ
2729 3261 2838 3332 γὰρ
2862 3263 3144 3332 ᾁγεννήτῳ
3172 3261 3498 3332 διαφέρουσα
3530 3261 3728 3331 μόνον.

2145 3353 2365 3416 τελείως
2400 3351 2688 3424 διώρισται
2722 3355 2756 3422 ἡ
2784 3353 3084 3416 ὑπόστασις
3115 3354 3210 3406 τοῦ
3249 3353 3459 3422 Harpe;
3496 3353 3596 3423 τῆς
3623 3353 3728 3407 τοῦ

2146 3443 2282 3496 Tim”:
2319 3444 2413 3498 καὶ
2437 3443 2530 3498 τοῦ
2568 3443 2724 3512 ἁγίου
2753 3443 3072 3514 Πνεύματος
3103 3459 3118 3472 ⁶
3157 3447 3251 3497 καὶ
3289 3443 3367 3513 τῷ
3413 3443 3728 3514 γεννητικῷ

2145 3537 2203 3588 δὲ
2267 3537 2832 3607 προσδιακεκριμένη,
2862 3535 2988 3588 οὗτε
3050 3535 3361 3606 τελειοτέρα
3393 3537 3546 3590 ἐστὶν
3593 3537 3731 3590 ὑπᾶ

2150 3640 2362 3687 στασις,
2389 3623 2514 3676 οὔτε
2546 3624 2640 3678 δύο
2674 3625 3002 3688 ὑποστάσεις
3025 3623 3236 3689 λέγοιτο
3250 3618 3330 3678 Ἐν
3355 3643 3462 3680 τινι
3482 3625 3726 3698 άληθῶς.

2161 3713 2323 3768 Ἀλλὰ
2355 3715 2488 3786 πρὸς
2516 3719 2750 3780 τούτοις,
2779 3716 2832 3768 τί
2857 3716 2924 3770 ἂν
2955 3717 3162 3770 εἴποιτε
3193 3719 3288 3770 καὶ
3321 3718 3454 3786 περὶ
3490 3721 3590 3789 τῆς
3628 3721 3726 3772 ἀν.

2151 3804 2374 3876 θρώπου
2434 3808 2599 3876 μόνου
2645 3808 2808 3878 ψιλοῦ
2861 3809 3238 3874 ὑποστάσεως,
3271 3809 3492 3864 Παύλου
3516 3815 3722 3882 τυχόν;

2151 3894 2260 3968 ἆρα
2316 3898 2428 3970 γὰρ
2483 3901 2700 3970 ὁρατοῖς
2751 3901 2885 3954 πᾶσι
2917 3901 3011 3956 καὶ
3043 3905 3289 3966 τοπικοῖς
3350 3908 3726 3974 περιορισμοῐς

2150 3993 2264 4054 τοῖς
2295 3989 2462 4044 αὑτοῦ
2497 3993 2530 4062 ή
2565 3992 2866 4056 ὑπόστασις
2896 3993 3060 4046 αὑτοῦ
3090 3995 3239 4047 πᾶσα
3267 3993 3720 4064 διαγινώσκεται;

2149 4081 2296 4152 ψυχῇ
2319 4099 2378 4136 τε
2407 4081 2525 4153 ἅμα
2555 4085 2650 4136 καὶ
2681 4083 2756 4154 τῷ
2791 4084 3039 4154 σώματι;
3071 4086 3104 4158 ἢ
3130 4087 3289 4155 δῆλον
3308 4086 3382 4150 ὡς
3414 4087 3724 4160 διαφόροις;

2153 4173 2263 4227 Καὶ
2288 4174 2437 4243 ὅμως
2469 4174 2530 4226 οὑ
2562 4192 2635 4226 πα
2646 4175 2714 4245 ρὰ
2741 4175 2859 4228 τόδε
2886 4175 3133 4244 διάφοροι
3161 4177 3491 4241 ὑποστάσεις
3523 4179 3688 4231 αὑτοῦ
3710 4197 3722 4209 ·

2155 4263 2258 4316 κᾶν
2298 4263 2406 4333 γὰρ
2439 4263 2600 4326 ἐκτὸς
2625 4263 2718 4316 τοῦ
2743 4263 2998 4335 σώματος
3036 4267 3263 4337 ἡρπάγη
3287 4267 3390 4328 ἓως
3427 4268 3612 4337 τρίτου
3636 4271 3729 4322 ούο

471 4352 694 4408 l-‘etrus.
737 4359 794 4405 et
839 4347 1038 4419 reliqui
1088 4349 1364 4414 homines,
1415 4347 1648 4403 alterum
1695 4346 2029 4417 privilegium

2156 4357 2320 4428 ρανοῦ
2380 4356 2476 4408 καὶ
2523 4357 2760 4428 ἤκουσεν
2783 4356 3004 4432 ἄρρητα
3062 4360 3284 4428 ῥήματα
3306 4361 3372 4428 τῇ
3399 4359 3575 4429 ψυχῇ.
3605 4361 3730 4422 τούς

470 4457 578 4496 non
605 4439 816 4504 habuit,
851 4438 947 4494 sed
976 4437 1030 4492 in
1062 4439 1254 4494 eadem
1285 4453 1518 4508 persona
1550 4437 1878 4506 permansit,
1915 4435 2045 4490 luit-

471 4545 580 4602 que
612 4531 795 4584 unius.

1076 4848 1229 4906 CAP.
1263 4849 1450 4907 XVIII.

544 4940 680 4996 Cum
703 4940 1054 5012 agnoscimus
1075 4942 1381 4997 bonitatem
1410 4941 1528 5004 Dei,
1560 4941 1654 5011 qui
1681 4939 1844 4995 docet
1871 4939 2019 4995 homi
2041 4967 2054 4980 -

475 5047 602 5087 nem
649 5033 956 5099 scientiam,
999 5033 1094 5102 qui
1129 5033 1313 5088 erudit
1353 5032 1704 5100 insipientes,
1750 5030 1857 5085 hoc
1905 5045 2053 5084 som-

476 5124 630 5178 nium
677 5123 978 5177 obscurum
1015 5137 1407 5193 proponemus.
1453 5119 1751 5174 Nobiscum
1787 5119 1933 5173 enim
1971 5119 2056 5172 lo-

478 5223 640 5271 cutus
667 5221 752 5268 est
776 5213 976 5283 aliquis
1000 5213 1172 5267 forma
1203 5211 1436 5282 nigrior,
1463 5209 1667 5264 vestitu
1691 5209 1780 5278 pie
1805 5209 2054 5272 indutus,

481 5322 736 5376 quaerens
781 5322 850 5362 an
895 5304 1162 5360 Dominus
1208 5303 1281 5358 sit
1317 5303 1464 5383 Deus
1509 5302 1685 5358 solum
1725 5309 1940 5363 natura,
1987 5316 2054 5355 an

479 5412 537 5458 et
561 5397 962 5458 subsistentia?
1001 5397 1058 5452 Si
1091 5397 1205 5452 sola
1231 5407 1428 5452 natura
1459 5405 1543 5452 est
1565 5396 1732 5455 Deus,
1751 5391 1838 5448 vel
1868 5392 2054 5456 homo,

479 5497 566 5552 vcl
586 5493 792 5565 aliquid
811 5490 960 5548 aliud
985 5490 1092 5545 erit
1120 5503 1377 5560 persona,
1395 5487 1480 5544 vel
1514 5485 1895 5558 impersonalis
1915 5482 2046 5540 erit.

553 5639 592 5673 ¹²
621 5641 740 5695 Act.
817 5656 854 5704 I,
895 5639 973 5694 Η.
1053 5637 1095 5669 ⁸³
1125 5633 1446 5701 Act.m,2!.

2151 4465 2210 4500 τε
2249 4450 2510 4511 τοπικοὺς
2557 4450 2653 4502 καὶ
2685 4451 2917 4520 ὁρατούς
2961 4450 3282 4522 διορισμοὺς
3321 4447 3416 4502 τοῦ
3457 4452 3728 4521 σώματος,

2152 4543 2248 4592 καὶ
2271 4539 2400 4602 τοὺς
2426 4540 2648 4607 νοητοὺς
2672 4539 2774 4610 τῆς
2799 4539 2980 4610 ψυχῆς
2998 4539 3264 4602 ὡσαύτως
3289 4539 3427 4610 ἔχων
3457 4541 3595 4608 πρὸς
3629 4543 3732 4596 [Ιέ-

2152 4647 2280 4702 τρον
2301 4631 2396 4684 καὶ
2417 4631 2542 4695 τοὺς
2592 4631 2831 4693 λοιποὺς.
2870 4633 2968 4702 οὑχ
3007 4632 3202 4702 ἑτέραν
3239 4631 3365 4702 ἔσχε
3419 4631 3728 4704 διαστολὴν,

2153 4723 2290 4778 ἀλλά
2325 4723 2426 4794 τῆς
2447 4723 2616 4793 αὑτῆς
2639 4725 2756 4777 ἐστι
2783 4725 2876 4778 καὶ
2895 4725 3070 4790 οὕτως
3096 4726 3446 4788 ὑποστάσεως
3473 4727 3623 4795 μιᾶς.

2758 4841 3008 4895 ΚΕΦΑΔ.
3041 4843 3144 4896 IH'.

2238 4927 2400 4982 Ἀλλὰ
2450 4927 2544 4982 τοῦ
2603 4906 2948 4994 διδάὶκοντος
3005 4931 3292 5002 ἄνθρωπον
3350 4932 3550 4997 γνῶσιν
3571 4975 3588 5000 ,
3634 4936 3729 4990 καὶ

2157 5021 2368 5092 ἄφρονα
2401 5020 2770 5086 συνετίζοντος
2821 5022 2957 5076 Θεοῦ
2989 5024 3090 5096 τὴν
3131 5023 3444 5094 ἀγαθότητα
3477 5026 3728 5096 ἑξομολο·

2157 5113 2432 5184 γούμενοι,
2471 5113 2564 5166 καὶ
2589 5113 2650 5167 τὺ
2674 5113 2795 5166 κατ’
2819 5113 2955 5186 ὄναρ
2979 5116 3112 5187 ἡμῖν
3155 5116 3432 5189 ἀπορηθὲν
3460 5118 3728 5190 προθήσοο

2161 5224 2282 5276 μιν,
2327 5206 2470 5279 Ἔφη
2499 5205 2609 5276 γάρ
2659 5223 2744 5270 τις
2772 5207 2938 5278 ἡμῖν,
2967 5208 3028 5264 τὸ
3083 5209 3185 5279 μὲν
3228 5205 3366 5274 εἶδος
3413 5209 3730 5283 μελάντερος

2159 5315 2297 5362 πως,
2334 5296 2394 5351 τὸ
2421 5299 2478 5350 δὲ
2529 5297 2713 5370 σχῆμα
2759 5299 3004 5364 εὐλαϐῶς
3037 5301 3599 5372 ὲπιστολιζόμενος,“ο
3621 5301 3729 5358 Κύ-

2162 5407 2275 5460 ριος
2307 5389 2439 5454 Θεὸς
2459 5391 2523 5460 τῇ
2566 5391 2748 5458 φύσει,
2782 5393 2814 5462 ἢ
2858 5391 2952 5446 καὶ
2981 5395 3046 5462 τῇ
3101 5392 3428 5460 ὑποστάσει,
3466 5393 3728 5460 συνάγων,

2157 5483 2235 5545 ὡς
2270 5483 2317 5534 ει
2359 5480 2458 5553 μὲν
2502 5482 2662 5552 μόνον
2687 5484 2754 5553 τῇ
2799 5482 2959 5551 φύσει
2989 5485 3112 5536 ἐστὶ
3152 5485 3306 5551 θεὸς,
3341 5487 3409 5555 τῇ
3442 5485 3726 5540 ὑποστάσει
