3858 6156
168 287 318 354 1577

1163 283 1561 347 ΛΒΥΕΗΞΗΞ
1601 279 2152 345 NESTORIANOS.
2194 284 2402 346 -LIB.
2436 286 2520 345 il.

3345 287 3364 352 1
3379 287 3480 350 5'78

163 402 202 470 ἢ
235 397 338 452 civi:
348 416 546 470 ρωπος
577 397 816 470 ἤῖτερόν
846 395 949 466 τιῆ
973 393 1344 456 ἀνυπόστατος
1365 389 1499 454 ὅλως
1528 389 1676 444 ἐστίν
1699 405 1712 418 ·
1741 387 1791 440 εί

1911 389 1954 446 Si
1989 407 2122 449 vero
2147 400 2205 448 ct
2234 407 2470 464 persona
2501 403 2586 449 cst
2631 394 2796 461 Deus,
2850 395 2936 450 vel
2975 394 3080 452 ista
3121 395 3232 452 erit
3272 403 3399 468 tota.
3425 405 3484 452 et

162 491 227 543 δὲ
258 491 365 544 καὶ
394 489 707 544 ὑποστάσει
758 488 876 541 ἐστὶ
906 485 1060 550 Θεὸς,
1091 483 1244 554 ἢθη
1287 483 1396 536 τινὶ
1448 481 1542 537 καὶ
1569 479 1754 550 τελείᾳ
1775 493 1788 506 .

168 583 277 636 καὶ
328 581 453 634 ἰδοὺ
478 581 573 634 δύο
603 580 770 634 αὑτοῦ
803 581 863 632 αἱ
895 577 1244 640 ὑποστάσεις,
1272 575 1462 646 ὥσπερ
1497 570 1588 628 οὖν
1619 573 1712 626 καὶ
1735 573 1793 626 αἱ

165 661 430 744 φύσεις·
503 675 660 744 εἴπερ
711 671 846 743 μηδὲ
893 671 929 742 ἡ
985 669 1341 740 ἀνθρωπότης
1380 667 1544 722 αὑτοῦ
1595 664 1796 727 ἀνυπό-

168 783 406 828 στατος·
453 766 487 834 ἢ
519 768 584 818 ὲκ
611 766 814 835 μέρους
842 761 1014 831 αὑτῆς
1048 761 1148 830 τῆς
1201 761 1330 832 μιᾶς
1358 759 1523 813 αὑτοῦ
1553 757 1795 812 ὑποστά-

170 873 350 922 σεως,
384 857 511 924 ἔστι
539 854 671 917 Θεὸς
703 855 796 907 καὶ
827 855 895 923 τῇ
931 850 1266 906 ὑποστάσει·
1302 851 1456 904 ἔσται
1479 847 1571 902 οῦν
1599 849 1632 920 ἢ
1664 849 1792 902 ἀτε-

170 949 278 1021 λὴς
317 951 477 1004 κατὰ
495 948 592 1020 τὴν
621 947 696 1011 ὼς
745 946 1100 1009 ὑποστάσεως
1147 944 1247 1014 τῆς
1283 942 1634 1012 ἀνθρωπίνης
1679 939 1795 994 0:6-

173 1059 330 1110 τητα
350 1042 382 1094 ὁ
422 1038 682 1111 Χριστὸς,
712 1036 746 1108 ἢ
777 1035 1128 1108 ὑπερτέλειος
1161 1036 1258 1088 καὶ
1299 1033 1569 1104 ὑπέρθεος
1599 1033 1633 1104 ἡ
1671 1030 1800 1085 ὑπό-

179 1148 394 1194 στασις
431 1127 694 1200 Χριστοῦ,
733 1128 873 1200 ὑπὲρ
903 1127 997 1182 τὸν
1038 1125 1258 1196 Πατέρα
1291 1143 1352 1178 τε
1383 1123 1554 1178 καὶτὸ
1573 1121 1799 1192 Πνεῦμα

179 1221 290 1274 καὶ
351 1223 452 1276 τὸν
488 1220 662 1289 Λόγον
701 1219 1001 1291 νοουμένηο
1055 1217 1152 1272 τοῦ
1197 1215 1309 1288 γάρ
1349 1214 1480 1270 ἰδίου
1529 1214 1728 1286 μέρους
1769 1212 1798 1266 ὃ

168 1309 257 1384 ,ἦν
319 1314 541 1376 τέλειος
585 1311 742 1378 Θεὸς,
781 1309 968 1382 μεῖζον
996 1305 1171 1378 αὐτῆς
1220 1307 1255 1378 ὴ
1297 1305 1492 1377 nam;
1527 1304 1646 1357 ἐστὶ
1675 1301 1798 1356 καθ’

182 1405 527 1462 ὑπόστασιν.

260 1497 418 1551 ’Λλλ’
461 1500 668 1560 ἐκεῖνος
699 1495 798 1568 μὲν
846 1493 1018 1549 ταῦτα
1071 1492 1268 1555 εἰπὼν,
1311 1490 1406 1546 καὶ
1463 1487 1800 1562 συνταράξας

186 1589 356 1657 ἡμᾶς
393 1587 472 1658 τῷ
501 1587 714 1658 ἀπόρῳ,
741 1585 957 1652 ἀπέστη
983 1583 1297 1655 σκοτοδινίη.
1322 1581 1635 1654 περιϐαλών
1654 1595 1668 1610 ⁸
1705 1579 1800 1651 δρ-

194 1679 343 1752 ορου
405 1680 464 1734 δὲ
494 1679 630 1752 πρὸς
691 1679 749 1732 τὸ
777 1677 893 1746 φῶς
920 1677 984 1730 τὸ
1039 1675 1290 1748 ἀληθινὸν
1312 1673 1802 1744 άποσκοπήσαντες

1897 483 2164 554 perfecta,
2205 493 2264 540 et
2305 485 2404 556 ipsi
2443 486 2567 542 dua:
2596 495 2761 543 erunt
2797 501 3066 556 personae,
3099 486 3328 542 totidem
3351 493 3486 556 quot

1897 583 2130 642 naturae,
2160 593 2286 632 cum
2321 579 2632 649 personalis
2653 589 3000 650 supponatur
3019 579 3335 634 humanitas
3357 593 3373 644 ;
3399 576 3484 632 vel

1897 667 2065 721 etiam
2101 667 2158 722 in
2190 684 2424 738 persona
2452 671 2598 726 Deus
2636 669 2764 736 crit,
2805 669 2904 726 sed
2939 685 3040 742 pro
3077 679 3234 740 parte
3273 675 3487 724 tantum

1897 758 2068 830 hujus
2106 760 2274 816 unius
2309 777 2584 832 personae,
2633 761 2824 832 sicque
2859 763 3113 819 Christus
3151 759 3494 834 imperfectas

1900 851 2213 908 divinitatis
2241 853 2562 922 habebitur,
2591 869 2692 924 per
2718 855 3016 910 humanam
3043 870 3338 926 personam
3361 851 3494 910 sub-

1901 943 2190 1012 sistentis;
2241 955 2340 1002 aut
2395 947 2692 1017 plusquam
2739 947 2987 1018 perfecta
3031 959 3090 1005 et
3135 949 3326 1006 divina
3385 947 3495 1004 erit

1901 1033 2112 1092 Christi
2139 1051 2377 1106 persona
2408 1053 2578 1101 supra
2609 1037 2830 1094 Patrem
2871 1049 2929 1094 et
2966 1041 3235 1112 Spiritum
3273 1051 3333 1098 et
3359 1040 3496 1097 Ver-

1901 1126 2036 1182 bum
2076 1129 2442 1184 testimanda:
2485 1145 2679 1184 revera
2728 1145 2944 1188 summa
2992 1135 3114 1204 ejus
3157 1137 3336 1208 major
3368 1151 3496 1206 per-

1901 1233 2037 1276 sona
2059 1229 2144 1276 est
2184 1229 2341 1292 parte
2379 1222 2733 1292 particulari,
2766 1238 2890 1294 qua:
2906 1225 3020 1296 jam
3047 1227 3326 1294 perfectus
3346 1228 3494 1283 Deus

1901 1313 2226 1370 exsistebat.

1971 1496 2104 1562 Quae
2133 1511 2258 1554 cum
2287 1497 2538 1563 dixisset,
2573 1513 2786 1569 nosque
2829 1497 3168 1554 obscuritate
3211 1497 3493 1553 turbavis-

1905 1595 2012 1650 set,
2047 1596 2104 1656 et
2133 1587 2405 1658 vertigine
2432 1588 2780 1653 involvisset,
2818 1587 2977 1643 abiit.
3019 1588 3089 1644 Et
3123 1587 3306 1658 primo
3331 1604 3494 1644 inane

1905 1677 1974 1734 ad
2001 1679 2188 1736 lumen
2213 1694 2408 1734 verum
2454 1680 2788 1750 aspicientes
2821 1679 2956 1748 quid
2997 1679 3225 1735 daretur
3257 1687 3314 1734 et
3349 1678 3493 1750 adji-

184 1771 246 1824 τί
262 1771 568 1842 δοθήσεται
603 1770 700 1824 καὶ
731 1770 783 1822 τί
819 1767 1252 1841 προστεθήσεται
1289 1767 1421 1838 ἡμῖν
1451 1763 1588 1836 πρὸς
1630 1761 1804 1831 γλῶσ-

1911 1779 2131 1824 ceretur
2178 1769 2447 1825 adversus
2501 1769 2750 1840 linguam
2799 1769 3074 1844 dolosam,
3110 1763 3495 1841 cogitabamus

180 1879 294 1918 σαν
323 1863 539 1931 δολίαν,
572 1860 939 1932 ὲοεωροῦμεν,
969 1859 1046 1923 ὡς
1065 1858 1128 1912 τὸ
1149 1857 1295 1924 Θεὸς
1320 1855 1536 1928 πρῶτον
1566 1853 1664 1924 μὲν
1693 1869 1798 1922 φυ-

186 1957 356 2010 σικὸν
397 1955 572 2026 ἤνομά
599 1957 770 2017 ἐστιν,
802 1953 994 2007 οὐσίαν
1029 1949 1262 2020 πρώτως
1297 1951 1391 2004 καὶ
1413 1947 1475 2002 οὑ
1507 1945 1800 2019 πρόσωπον

181 2050 474 2118 σημαῖνον
493 2062 508 2076 ·
537 2043 731 2116 ὥσπερ
760 2045 853 2098 καὶ
879 2043 941 2096 τὸ
978 2042 1308 2112 ἅνθρωπος,
1340 2041 1402 2094 οὑ
1437 2039 1536 2110 τὴν
1561 2035 1800 2091 ὑπόστα-

184 2155 278 2193 σιν
316 2137 570 2200 Παύλου,
604 2135 742 2191 ά).λά
787 2135 886 2206 τὴν
915 2133 1081 2204 φύσιν
1100 2134 1274 2204 λέγει,
1304 2131 1385 2186 ἑνί
1411 2149 1470 2186 τε
1501 2131 1596 2184 καὶ
1634 2127 1803 2183 παντὶ

184 2234 284 2284 καὶ
315 2231 436 2300 ἰδίει
468 2230 704 2298 ἑκάστῳ,
737 2229 832 2282 καὶ
858 2229 1013 2300 κοινῇ
1038 2228 1208 2282 πᾶσιν
1229 2223 1538 2296 ἀνθρώποις
1572 2238 1801 2294 προστι-

184 2322 440 2394 θέμενόν
473 2323 642 2384 ἐστιν,
672 2321 813 2392 ὅπερ
836 2320 898 2373 τὸ
927 2319 1191 2390 Παῦλοςῆ
1243 2317 1450 2387 Πέτρος
1471 2315 1656 2390 ὀνομῆ
1668 2314 1804 2367 ὑπο-

189 2418 452 2480 στάσεως
476 2417 576 2468 οὑκ
607 2416 750 2485 ἔχει·
793 2413 912 2478 πῶς
961 2411 1056 2466 οῦν
1084 2411 1310 2466 δυνατὸν
1338 2409 1402 2464 τὸ
1462 2407 1597 2462 αὑτὸ
1647 2407 1714 2460 ἐκ
1739 2420 1801 2458 τε

191 2509 293 2561 τοῦ
343 2509 511 2576 λόγου
551 2498 680 2577 τῆς’
707 2505 946 2576 φύσεως,
977 2504 1076 2558 καὶ
1097 2506 1162 2558 ὲκ
1199 2502 1293 2559 τοῦ
1323 2501 1484 2571 λόγου
1537 2500 1640 2571 τῆς
1669 2500 1804 2553 ὑπο·

194 2603 458 2663 στάσεως
487 2599 766 2670 διαφόρως
801 2597 898 2652 τοῦ
961 2595 1129 2652 αὐτοῦ
1186 2591 1645 2666 κατηγορεῖσθαις
1680 2591 1804 2646 Ἔτι

201 2694 318 2766 μὴν
383 2691 526 2747 κατὰ
560 2691 621 2744 τὸ
664 2689 894 2759 φυσικὸν
930 2687 1124 2758 ὂνομα,
1171 2686 1427 2758 ὁμοιότης
1481 2683 1628 2746 τινος
1666 2681 1805 2752 πρός

198 2787 335 2840 τινά
371 2783 487 2836 ἐστί
529 2797 696 2836 ποτε’
739 2781 884 2836 κατὰ
924 2780 982 2834 δὲ
999 2779 1063 2834 τὸ
1113 2775 1496 2841 ὑποστατικὺν,
1543 2772 1802 2844 ἑτερότης

207 2878 378 2948 μόνον
399 2893 413 2907 ·
447 2875 497 2928 εί
527 2869 622 2928 οὖν
647 2873 709 2928 τὸ
741 2871 886 2940 Θεὸς
923 2873 1020 2926 καὶ
1069 2869 1300 2940 φυσικὸν
1328 2869 1424 2922 καὶ
1455 2862 1807 2938 προσωπικὺν

203 2970 385 3042 δνομα
433 2967 511 3040 τῷ
567 2965 812 3039 Χριστῷ,
859 2965 1004 3020 κατὰ
1034 2965 1096 3018 τὸ
1124 2961 1258 3017 αὑτὸ
1303 2961 1413 3032 ἄρα
1455 2959 1626 3029 δνομα
1671 2955 1708 3028 ἥ
1745 2971 1808 3008 τε

204 3061 470 3131 ὁμοιότης
501 3057 650 3130 αὑτῷ
706 3061 802 3112 καὶ
862 3057 1142 3128 ἑτερότης,
1175 3055 1212 3124 ἦ
1249 3053 1390 3125 πρὸς
1419 3051 1490 3104 τὰ
1515 3047 1682 3102 λοιπὰ
1713 3045 1808 3101 δύο

217 3107 1250 3220 οξξέίνξξῖξᾶζῗετξῂρὴξίεἴ⁷μῖδίά
1433 3140 1594 3210 φύσιν
1655 3139 1750 3192 καὶ
1770 3139 1811 3218 ἠν
1835 3107 1880 3167 C

209 3245 516 3307 ὑπόστασις
543 3243 700 3306 Θεὸς,
739 3240 878 3295 ἀλλὰ.
920 3240 1015 3293 καὶ
1063 3237 1152 3291 διὰ
1175 3236 1268 3288 τὸν
1321 3234 1452 3288 ἴδιον
1479 3232 1637 3302 λόγον
1665 3231 1806 3298 ἐστὶ,

211 3335 310 3390 δύο
335 3334 556 3404 Θεότησι
580 3330 714 3394 Θεὸς
743 3333 772 3384 ὁ
796 3326 1034 3400 Χριστός
1055 3342 1071 3359 ·
1110 3323 1312 3394 ὁμοίως
1342 3321 1399 3374 δὲ
1437 3323 1532 3374 καὶ
1553 3320 1582 3372 ὁ
1619 3316 1808 3386 Πατὴρ

213 3426 314 3482 καὶ
333 3425 395 3480 τὸ
422 3421 648 3492 Πνεῦμα
675 3421 736 3476 τὸ
769 3419 957 3488 ἅγιονο
985 3417 1069 3471 ἑτι
1095 3416 1153 3470 δὲ
1183 3417 1233 3468 εί
1265 3415 1300 3485 ἦ
1322 3429 1380 3467 τε
1409 3410 1591 3476 οὑσία,
1622 3407 1717 3463 καὶ
1753 3407 1808 3460 ai

216 3518 370 3588 τρεῖς
399 3515 732 3577 ὑποστάσεις
752 3513 853 3582 τῆς
879 3509 1040 3580 ἁγίας
1063 3506 1294 3579 Τριάδος
1325 3505 1532 3575 ἑκάστη
1565 3500 1659 3569 ἀφ’
1679 3501 1810 3552 ἑαυ-

215 3613 316 3682 τῆς
344 3607 564 3676 λέγεται
587 3605 742 3672 Θεὸς,
767 3605 1038 3675 τέσσαρες
1069 3599 1185 3654 θεοὶ
1209 3594 1321 3653 εἷεν
1345 3597 1476 3668 ἡμῖν
1497 3591 1806 3661 συναγόμε-

139 3767 142 3772 λ
216 3717 300 3754 νοι
329 3699 518 3767 σαφῶς
537 3713 552 3728 ο
590 3695 726 3767 πρὸς
751 3695 810 3748 δὲ
839 3691 1074 3756 τούτοις,
1103 3688 1228 3746 ἐπεὶ
1278 3689 1312 3758 ἠ
1349 3686 1510 3755 φύσις
1536 3694 1811 3757 περιεκτι-

217 3791 443 3863 κωτέρα
471 3805 532 3842 τε
568 3788 665 3841 καὶ
685 3785 972 3856 κοινοτέρα
995 3782 1104 3836 τῶν
1144 3777 1498 3834 ὑποστάσεὼν
1528 3777 1646 3829 ἐστι
1665 3791 1680 3808 ·
1715 3775 1812 3828 καὶ

220 3886 255 3954 ἡ
284 3883 425 3936 κατὰ
453 3877 683 3948 φυσικὸν
709 3877 868 3946 λόγον
891 3874 1108 3945 θεότης,
1140 3873 1344 3945 μείζων
1373 3869 1553 3925 ἔσται·
1583 3865 1694 3940 ἆρα
1717 3864 1812 3921 οὖν

224 3973 427 4042 μείζων
477 3971 610 4034 Θεὸς
673 3971 738 4023 ὲκ
774 3968 878 4038 τῆς
915 3967 1154 4037 φύσεως,
1203 3964 1300 4019 καὶ
1330 3963 1568 4018 ἐλάττων
1613 3963 1678 4014 ὲκ
1711 3959 1814 4030 τῆς

220 4063 578 4124 ὑποστάσεως
608 4062 638 4114 ό
657 4059 896 4131 Χριστὸς
919 4057 1082 4121 αὑτὸς
1115 4053 1312 4110 ἑαυτοῦ
1337 4053 1697 4124 νοηοήσεται;
1721 4047 1813 4102 ἐπὶ

221 4155 284 4211 δὲ
307 4157 474 4208 πᾶσιν
504 4155 553 4206 εί
575 4155 604 4206 ὁ
629 4153 804 4222 Λόγος
840 4151 1008 4221 {now
1035 4150 1070 4220 ὴ
1099 4149 1398 4210 ὑπόστασις
1449 4143 1544 4198 τοῦ
1574 4140 1812 4215 Χριστοῦ

221 4248 319 4300 καὶ
347 4245 486 4300 καθό
509 4245 682 4314 Λόγος
703 4244 822 4298 ἐστὶ
861 4243 958 4296 καὶ
986 4241 1138 4312 Υἱὸς,
1189 4239 1322 4303 Θεδς
1349 4237 1574 4308 νοηθείη
1601 4234 1811 4302 ἁπλῶς,

223 4345 315 4393 καὶ
344 4339 407 4392 οὑ
440 4341 508 4409 τῇ
539 4332 962 4409 ἐνθεωρουμένῃν
1005 4331 1154 4403 αὐτῷ
1199 4332 1360 4402 οὐσίᾳ
1387 4328 1552 4387 αὑτοῦ
1610 4325 1813 4381 τοιόνδε

1899 1860 2008 1917 hoc
2028 1875 2250 1928 nomen,
2281 1862 2540 1928 Deus,de
2562 1869 2763 1917 natura
2785 1861 3307 1928 esse,substantiam
3335 1861 3496 1934 prius

1901 1969 2012 2008 non
2054 1969 2349 2024 personam
2389 1954 2705 2026 designare,
2731 1954 2879 2011 sicut
2898 1969 3004 2010 vox
3032 1951 3198 2010 homo
3220 1968 3332 2010 non
3360 1969 3490 2024 per-

1902 2061 2096 2101 sonam
2123 2047 2302 2111 Pauli,
2327 2047 2426 2102 sed
2453 2059 2706 2104 naturam
2749 2047 2869 2119 ejus
2901 2056 3085 2111 vocat,
3126 2053 3184 2102 et
3217 2045 3336 2110 uni,
3374 2044 3495 2100 eui-

1900 2133 2060 2200 libet,
2126 2135 2328 2206 cuique
2379 2135 2670 2194 individuo
2728 2145 2786 2193 et
2835 2135 3114 2194 universis
3171 2134 3494 2192 hominibus

1902 2234 2088 2294 potest
2127 2225 2330 2296 aptari,
2357 2225 2509 2296 quod
2530 2241 2642 2282 non
2673 2232 2935 2297 estusque
2961 2225 3258 2282 dicendum
3298 2224 3370 2280 de
3404 2224 3495 2282 bis

1904 2323 2160 2386 vocibus.
2199 2325 2418 2392 Petrus,
2453 2326 2680 2390 Paulus,
2703 2337 2996 2396 personam
3023 2321 3492 2394 signiﬁcantibus.

1906 2414 2169 2490 Quaergo
2183 2419 2397 2474 ratione
2415 2419 2522 2474 hoc
2539 2419 2736 2475 eodem
2755 2417 2926 2474 verbo
2941 2417 3060 2474 sive
3081 2427 3354 2483 naturam,
3375 2415 3494 2472 sive

1905 2527 2202 2586 personam
2244 2511 2546 2582 appellanti
2579 2511 2728 2566 idem
2763 2511 3072 2582 subjectum
3107 2509 3276 2566 variis
3315 2508 3495 2564 modis

1907 2605 2114 2677 poterit
2145 2604 2463 2676 designari?
2491 2603 2561 2660 Et
2587 2603 2813 2660 aliunde
2845 2613 3058 2659 naturae
3090 2612 3296 2657 nomen
3339 2601 3498 2656 simi-

1907 2697 2200 2754 litudinem
2243 2696 2412 2750 unius
2441 2710 2568 2751 cum
2599 2695 2776 2751 altero
2814 2694 3044 2761 indicat,
3079 2692 3370 2764 personale
3394 2707 3496 2746 au-

1907 2797 2022 2845 tem
2061 2787 2281 2844 nonnisi
2317 2787 2712 2843 diﬁ‘erentiam.
2757 2786 2817 2842 Si
2853 2801 2986 2857 ergo
3016 2799 3150 2840 voce
3173 2785 3321 2840 Deus
3349 2783 3498 2839 desi-

1909 2889 2150 2952 gnantur
2177 2887 2378 2934 natura
2411 2889 2469 2936 et
2495 2894 2732 2950 persona
2765 2877 2994 2944 Christi,
3026 2878 3132 2933 hac
3165 2893 3274 2934 una
3297 2875 3498 2932 similis

1910 2967 2128 3022 duabus
2161 2968 2290 3022 aliis
2323 2969 2580 3036 personis
2624 2965 2850 3032 divinis,
2889 2975 2946 3022 et
2994 2965 3260 3022 differens
3297 2963 3368 3020 ab
3413 2963 3498 3021 eis

1913 3056 2258 3125 intelligitur.
2307 3055 2366 3110 Si
2407 3071 2523 3110 non
2566 3057 2744 3110 solum
2797 3063 3025 3126 propter
3071 3065 3350 3119 naturam,
3397 3052 3494 3108 sed

1911 3146 2078 3202 etiam
2124 3156 2351 3216 prepter
2388 3147 2680 3218 praprium
2725 3162 2929 3202 nomen
2961 3147 3053 3202 illa
3083 3161 3320 3217 persona
3349 3144 3499 3204 Deus

1909 3246 2016 3302 est,
2057 3251 2190 3306 ergo
2221 3235 2440 3292 duabus
2473 3236 2864 3293 divinitatibus
2911 3239 3056 3294 Deus
3102 3237 3396 3304 Christus;
3440 3247 3498 3294 et

1909 3327 2056 3383 idem
2095 3327 2394 3383 dicendum
2419 3328 2488 3384 de
2513 3328 2674 3384 Patre
2705 3339 2763 3384 et
2804 3327 3012 3400 Spiritu
3051 3339 3262 3384 sancto.
3290 3328 3348 3385 Si
3379 3329 3497 3399 ipsa

1911 3419 2250 3486 substantia,
2292 3431 2348 3474 et
2387 3427 2500 3478 tres
2532 3428 2784 3490 personae
2805 3429 3010 3476 sanctae
3032 3421 3323 3476 Trinitatis
3351 3421 3500 3478 Deus

1911 3511 2195 3578 dicuntur,
2236 3527 2471 3582 quaeque
2517 3519 2746 3582 propter
2791 3527 2852 3568 se
2876 3511 3072 3583 ipsam,
3103 3519 3217 3566 tum
3250 3511 3498 3582 profecto

1911 3615 2152 3674 quatuor
2195 3603 2330 3658 deos
2375 3603 2668 3658 habemus.
2717 3603 2788 3658 Et
2843 3603 3071 3674 insuper
3119 3619 3248 3659 cum
3300 3615 3500 3660 natura

1912 3696 2180 3766 majorem
2212 3695 2414 3752 habeat
2439 3694 2822 3750 cxtensionem
2857 3705 2914 3751 et
2939 3695 3499 3765 comprehensionem

1912 3801 2079 3856 quam
2129 3799 2388 3854 persona,
2437 3784 2615 3854 major
2655 3783 2764 3838 erit
2805 3783 2898 3838 illa
2927 3783 3192 3840 divinitas
3230 3799 3352 3854 quae
3401 3799 3502 3855 per

1914 3889 2169 3932 naturam
2197 3876 2522 3948 designatur
2557 3893 2569 3930 :
2600 3875 2851 3947 nunquid
2878 3891 3010 3947 ergo
3037 3873 3293 3932 Christus
3318 3874 3502 3946 seipso

1915 3969 2093 4040 major
2143 3969 2290 4024 Deus
2335 3984 2403 4023 ex
2453 3976 2678 4034 natura,
2709 3979 2767 4023 et
2804 3968 2986 4022 minor
3025 3983 3096 4024 ex
3122 3966 3402 4038 persona?
3433 3967 3505 4022 Et

1915 4062 2155 4117 maxime
2195 4061 2240 4117 si
2284 4061 2548 4128 Verbum,
2587 4077 2684 4117 seu
2725 4075 2962 4132 persona
2999 4058 3206 4118 Christi
3237 4059 3384 4114 Deus
3413 4058 3502 4112 in-

1919 4153 2184 4224 telligitur
2237 4153 2568 4222 simpliciter
2611 4152 2741 4223 quia
2785 4152 3029 4208 Verbum
3071 4159 3158 4206 est
3203 4159 3261 4206 et
3305 4137 3500 4211 Filius.

1915 4258 2098 4314 neque
2134 4259 2205 4298 ex
2247 4242 2556 4298 substantia
2585 4241 2642 4297 in
2671 4257 2740 4298 eo
2764 4241 2948 4297 habita
2985 4241 3092 4297 hoc
3115 4256 3318 4296 nomen
3344 4255 3504 4296 acccc

1916 4334 1998 4406 pit
2022 4351 2037 4402 ;
2074 4343 2132 4390 et
2162 4349 2286 4389 cum
2319 4336 2482 4390 Pater
2509 4349 2691 4405 neque
2717 4333 2978 4400 Verbum,
3007 4348 3188 4404 neque
3211 4332 3384 4388 Filius
3407 4335 3503 4395 sit.

225 4431 397 4502 τινομα
424 4429 584 4500 μόνον
609 4427 1020 4499 σφετερίζεταιο
1049 4427 1173 4480 ἐπεὶ
1190 4427 1220 4480 ό
1243 4424 1434 4494 Πατὴρ
1449 4420 1732 4494 προδήλως
1753 4421 1810 4473 οὑ

1923 4429 2032 4482 erit
2081 4427 2250 4500 igitur
2297 4442 2410 4482 non
2463 4427 2630 4490 Deus,
2677 4427 2766 4483 vel
2817 4443 2929 4482 non
2981 4427 3214 4492 similis;
3257 4435 3315 4482 et
3367 4426 3502 4481 item

224 4520 397 4588 Λόγος
422 4518 546 4573 οὑδὲ
576 4519 727 4584 Υἱὸς,
765 4517 923 4571 ἔσται
949 4516 1062 4590 ἄρα
1093 4515 1215 4570 οὐδὲ
1241 4513 1451 4586 Θεὸς,ἢ
1486 4513 1546 4568 οὑ
1570 4510 1808 4566 τοιόσδε·

223 4610 424 4680 ὁμοίως
448 4611 544 4671 καὶ
567 4609 633 4664 τὸ
665 4609 893 4680 Πνεῦμα
920 4609 982 4662 τδ
1007 4611 1164 4678 ἆγιον
1186 4621 1208 4680 °_
1252 4607 1350 4678 μία
1381 4601 1476 4660 οῦν
1502 4604 1688 4676 ὁμοία,
1720 4604 1814 4658 καὶ

232 4707 381 4776 τρεῖς
409 4703 660 4775 διάφοροι
718 4702 974 4773 θεότητες
995 4717 1010 4732 ο
1061 4701 1158 4756 καὶ
1185 4701 1418 4754 ἕκαστον
1449 4697 1592 4751 θεῖον
1641 4695 1812 4766 πρόσ-

223 4813 392 4862 ωπον,
423 4796 677 4849 σύνθετον
699 4795 766 4848 ἐκ
793 4793 887 4847 δύο
913 4793 1185 4864 θεοτήτων
1213 4790 1508 4863 διαφόρων,
1553 4788 1681 4858 μιᾶς
1714 4785 1814 4857 μὲν

226 4889 443 4959 ὁμοίας,
502 4889 696 4959 ἐτέρας
755 4885 815 4939 δὲ
869 4885 1158 4956 ἀνομοίου·
1215 4885 1266 4937 εί
1321 4883 1378 4937 δὲ
1419 4881 1594 4936 ταῦτα
1631 4879 1814 4933 πάντα

225 4983 425 5042 ἄτοπα,
450 4979 608 5048 δῆλον
640 4977 716 5040 ὡς
747 4979 816 5030 ὲκ
859 4977 1078 5046 φύσεως
1115 4978 1278 5050 μόνον
1315 4975 1450 5040 Θεός
1476 4991 1538 5028 τε
1589 4974 1618 5026 ό
1641 4973 1813 5041 Λόγος

227 5074 392 5144 ήγουν
420 5075 451 5126 ό
482 5072 740 5142 Χριστὸς,
763 5073 872 5124 διαὶ
893 5074 923 5125 ὁ
951 5071 1165 5144 Πατὴρ,
1190 5071 1284 5124 καὶ
1310 5069 1370 5122 τὸ
1395 5068 1551 5138 ἅγιον
1585 5065 1806 5138 Πνεῦμα

224 5163 477 5232 λέγεται·
501 5162 692 5234 ὥσπερ
719 5159 814 5217 οῦν
869 5163 966 5216 καὶ
1013 5161 1302 5233 ἄνθρωπος
1356 5161 1386 5215 ὅ
1435 5177 1496 5215 τε
1524 5158 1688 5214 Δασὶδ
1717 5159 1811 5213 καὶ

225 5255 478 5326 Σολομῶν
499 5271 514 5285 ο
535 5253 662 5308 οὔτε
691 5255 802 5326 γάρ
829 5254 863 5326 ἢ
888 5255 1144 5325 Χριστὸς,
1171 5253 1204 5324 ἢ
1231 5253 1420 5318 Δαόὶδ,
1453 5253 1488 5324 ἢ
1521 5253 1809 5324 προφήτης

1916 4517 2160 4590 Spiritus
2203 4527 2446 4575 sanctus.
2489 4519 2609 4577 Una
2641 4534 2775 4592 ergo
2809 4518 3122 4576 communis
3161 4526 3220 4574 et
3256 4528 3370 4574 tres
3417 4517 3499 4572 di-

1914 4627 2089 4666 versa:
2117 4611 2372 4668 essentia:
2415 4611 2647 4679 divinae;
2692 4627 2925 4684 qumque
2968 4627 3204 4683 persona
3248 4610 3435 4665 divina
3471 4627 3503 4665 ο

1915 4703 2133 4760 duabus
2175 4705 2412 4760 diversis
2455 4704 2844 4761 divinitatibus
2885 4704 3184 4772 constabit,
3215 4720 3323 4759 una
3353 4719 3506 4761 com—

1917 4797 2098 4862 muni,
2137 4805 2195 4852 et
2236 4797 2408 4852 altera
2434 4797 2778 4868 particulari.
2813 4797 2947 4864 Qua:
2975 4797 3022 4853 si
3044 4796 3286 4852 absurda
3311 4795 3505 4852 viden-

1917 4899 2030 4955 tur,
2063 4898 2218 4960 patet
2239 4890 2355 4945 sola
2379 4900 2580 4946 natura
2607 4892 2781 4947 Deum
2803 4907 2927 4961 esse
2948 4890 3194 4946 Verbum
3219 4904 3316 4945 seu
3343 4888 3504 4945 Chri-

1917 4989 2063 5037 stum
2116 4989 2174 5037 et
2219 4981 2436 5038 Patrem
2467 4993 2526 5040 et
2553 4982 2844 5054 Spiritum,
2875 4991 2937 5039 ut
2964 4982 3154 5039 videre
3186 4989 3271 5038 est
3299 4981 3368 5037 de
3391 4979 3501 5038 Da-

1917 5071 2032 5137 vid,
2081 5071 2151 5127 de
2207 5071 2501 5129 Salomone
2543 5073 2909 5131 hominibus:
2938 5089 3052 5129 non
3081 5072 3358 5138 Christus,
3389 5088 3502 5128 non

1917 5160 2110 5228 David,
2149 5176 2262 5217 non
2305 5163 2578 5233 propheta
2627 5171 2811 5219 estex
2849 5171 3084 5232 natura;
3113 5176 3296 5234 neque
3337 5161 3506 5217 homo

1918 5265 2096 5312 estex
2129 5273 2390 5330 persona,
2422 5259 2528 5316 nisi
2547 5259 2692 5316 forte
2725 5261 3066 5332 spcculative
3094 5259 3394 5334 loquendo.

229 5351 336 5406 ἀπὸ
359 5351 460 5423 τῆς
485 5351 726 5422 φύσεως,
757 5349 884 5406 οὔτε
909 5351 1200 5423 ἄνθρωπος
1220 5351 1445 5420 άπὺτής
1463 5349 1820 5416 ὑποστάσεως
1855 5351 2176 5426 ὀνομάζοιτο
2205 5357 2272 5411 ἂν
2305 5357 2516 5422 ἁπλῶς,
2577 5360 2630 5413 et
2695 5357 2774 5430 μὴ
2805 5357 2914 5431 ἄρα
2951 5357 3034 5430 τῷ
3059 5358 3162 5429 τῆς
3210 5351 3506 5424 ὲνβεωρίας

223 5447 382 5520 λόγῳ.

827 5539 1080 5598 ΚΕΦΑΛ.
1113 5539 1216 5596 ιον.

300 5627 452 5686 Πᾶσα
491 5629 677 5702 φύσις,
723 5633 888 5702 φασὶ,
945 5632 1034 5686 διά
1081 5631 1192 5686 τῶν
1243 5632 1596 5688 ὑποστάσεων
1640 5631 1811 5704 αὑτῆς

229 5735 522 5791 ιγνωσταιο
551 5721 730 5787 οὐδεὶς
765 5723 877 5794 γὰρ
910 5719 1052 5776 οἶδεν
1083 5723 1380 5794 ίππότητα,
1417 5724 1492 5798 μὴ
1521 5725 1685 5794 γνοὺς
1712 5725 1810 5782 ιδι-

547 5820 825 5882 ΡΑτιιοι..
874 5821 994 5885 Gn.
1039 5822 1377 5886 LXXXVI.

2539 5545 2692 5603 CAP.
2722 5545 2867 5603 XIX.

1992 5634 2100 5692 Sed
2133 5637 2316 5692 omnis
2343 5646 2568 5704 natura,
2601 5639 2884 5710 inquiunt,
2921 5652 2989 5693 ex
3018 5651 3118 5693 sua
3143 5643 3382 5706 persona
3409 5643 3508 5683 co-

1919 5725 2246 5796 gnoscitur:
2281 5729 2526 5799 equitem
2565 5742 2732 5786 nemo
2763 5727 3023 5800 cognovit
3055 5725 3166 5782 nisi
3202 5721 3362 5795 prius
3403 5719 3505 5776 ho-

3068 5821 3146 5883 50
