3858 6156
243 289 380 356 1531
439 274 442 277 ’

1193 292 1587 357 ADVERSUS
1627 295 2176 363 NESTORIANOS.
2214 321 2286 337 -·
2317 302 2467 364 LIB.
2509 303 2593 364 II.

3391 303 3528 371 1582

242 404 432 473 σάρκα
464 403 663 468 αὑτοῦ,
710 408 804 462 καὶ
853 407 1213 480 ἐψυχωμένην
1233 405 1395 470 εἶναι,
1448 410 1542 463 καὶ
1573 409 1668 463 τοῦ
1705 409 1847 464 θείου

1957 409 2126 466 Verbi
2154 411 2251 466 Dei
2304 414 2488 468 anima
2540 415 2796 471 rationali
2843 423 2902 472 et
2938 417 3211 488 cogitante
3243 417 3522 488 prteditam

240 495 426 560 Λόγου
462 495 652 565 σάρκα
692 493 834 550 εἶναι
867 497 1223 570 ἐψυχωμένην
1257 500 1400 570 ψυχῇ
1433 500 1624 572 λογικῇ
1672 519 1730 554 τε
1758 501 1852 555 καὶ¹

235 585 414 654 νοερᾷ
441 603 454 616 ο
489 585 620 637 οὔτε
667 587 780 657 γὰρ
831 587 1021 656 χρόνον
1061 590 1196 659 πρὸς
1229 591 1578 663 κατάπραξιν
1606 585 1716 646 τῶν
1747 591 1849 661 τῆς

227 675 494 738 εὐδοκίας
539 678 725 732 αὑτοῦ
755 679 924 732 δεῖται
972 682 1000 734 ό
1043 682 1484 754 Παντοδύναμος,
1518 683 1643 738 οὔτε
1687 685 1850 753 λόγον

231 766 384 834 ἔχειν
411 767 514 838 τὴν
541 771 607 821 ἐκ
633 770 887 836 πίστεως
915 771 1075 840 λόγου
1112 775 1376 844 σύλληψιν
1404 777 1498 828 καὶ
1523 775 1718 846 κύησιν
1745 777 1848 846 τῆς

166 851 180 865 ’
242 857 534 926 μακαρίας
562 860 856 930 ὶῖκρθένου
879 868 1250 936 πιστευσάσης
1305 867 1387 920 ὅτι
1421 867 1614 920 Ἔσται
1635 867 1849 921 τελείω-

239 963 330 1008 σις
347 950 465 1010 τοῖς
491 949 894 1021 λελαλημένοις
915 956 1053 1026 αὐτῇ
1079 960 1229 1027 παρὰ
1253 959 1480 1028 Κυρίου,
1513 959 1656 1030 ὑπὲρ
1669 961 1849 1013 πᾶσαν

237 1035 447 1091 ἐλπίδα
477 1041 577 1092 καὶ
611 1041 827 1097 ἔννοιαν
849 1047 943 1098 καὶ
969 1045 1131 1116 φύσιν
1159 1046 1330 1114 οὖσιν,
1363 1049 1566 1118 ὁμοίως
1594 1049 1844 1118 προϊέναι

239 1126 370 1182 ταῖς
420 1129 536 1181 τῶν
571 1134 908 1201 σωματικῶν
966 1137 1298 1206 σπερμάτων
1356 1137 1725 1195 τελειώσεσιν.
1779 1139 1847 1193 Ἦ

243 1215 350 1282 μὲν
373 1219 489 1288 γάρ
530 1225 616 1286 εἰς
651 1225 830 1296 σάρκα
851 1229 1049 1298 σπορὰ,
1085 1229 1148 1281 ἐκ
1174 1228 1476 1302 θελήματος
1503 1232 1704 1302 σαρκός
1731 1234 1846 1286 ἐστι

241 1305 597 1378 διιυῢηθεῖσα
649 1316 786 1386 σὰρξ
831 1317 1056 1388 δυνάμει
1087 1325 1288 1392 φυσικῇ
1311 1337 1324 1351 ⁸
1383 1323 1417 1394 ἡ
1447 1322 1505 1374 δὲ
1535 1325 1615 1386 εἰς
1665 1323 1846 1394 ψυχὴν

242 1396 440 1461 πίστις
477 1401 636 1456 ἐστὶν
677 1405 735 1472 ἐξ
766 1407 1012 1472 εὐδοκίας
1061 1409 1194 1463 Θεοῦ
1265 1411 1716 1482 σπινθηρισοεῖσα
1753 1414 1847 1467 καὶ

247 1503 354 1554 μετ
367 1491 634 1549 αδοθεῑσα
659 1498 786 1562 δόξα
809 1499 898 1552 διὰ
927 1503 1100 1569 Λόγου
1135 1502 1335 1567 ζῶντος
1357 1503 1494 1556 Θεοῦ
1531 1505 1626 1558 καὶ
1661 1502 1849 1574 μένον-

243 1594 362 1642 τος,
411 1589 670 1652 γεννῶσα
723 1591 1166 1663 ὁμοιογνώμονας
1213 1595 1315 1664 τῆς
1361 1596 1499 1660 ἰδίας
1539 1595 1843 1650 ἐνδιαθέτου

243 1675 499 1740 κρίσεως
527 1679 670 1749 τῷδε
690 1682 768 1752 τῷ
789 1685 1032 1753 εἰρηκότι
1051 1671 1294 1756 πρδςτδν
1319 1689 1490 1756 Λόγον
1510 1687 1726 1755 ἑαυτοῦ,
1741 1689 1846 1744 Ἐν

1953 499 2086 570 (non
2117 503 2264 558 enim
2293 513 2542 576 tempore
2563 507 2774 577 indiget
2791 509 3142 578 omnipotens
3164 508 3231 563 ad
3253 509 3526 578 implenda

1950 606 2064 647 sua:
2093 593 2380 650 cltaritatis
2417 598 2710 667 consilia);
2749 615 2858 654 non
2895 615 3058 668 posse
3091 599 3340 654 enarrari
3368 599 3528 656 Verbi

1950 687 2368 756 conceptionem
2413 704 2480 744 ex
2506 689 2634 757 fide,
2691 700 2748 744 et
2795 690 3036 760 denique
3077 699 3300 761 partum
3356 691 3528 746 beata)

1949 777 2190 848 Virginis
2213 781 2496 836 credentis
2519 782 2796 854 implenda
2817 799 2940 839 esse
2960 800 3082 854 quae
3102 784 3206 838 sibi
3237 800 3267 838 a
3299 783 3530 838 Domino

1950 867 2098 923 dicta
2125 869 2368 936 fuerant,
2395 888 2562 942 super
2590 889 2809 928 omnem
2850 889 3028 943 spem,
3061 883 3118 928 et
3142 873 3530 942 cogitationem

1949 967 2008 1016 et
2039 965 2319 1023 naturam,
2355 959 2612 1014 similiter
2655 968 2921 1029 praestare
2959 959 3264 1029 corporalis
3306 959 3532 1014 seminis

1951 1047 2280 1119 operationi.
2314 1045 2533 1102 Etenim
2579 1048 2764 1103 carnis
2807 1047 3098 1102 seminatio
3119 1087 3134 1113 ,
3176 1062 3307 1102 caro
3341 1055 3428 1102 est
3463 1061 3530 1100 ex

1951 1139 2133 1194 carnis
2161 1137 2469 1207 cupiditate
2491 1136 2728 1192 naturali
2760 1137 3007 1206 potentia
3041 1136 3242 1192 emissa
3267 1153 3282 1203 ;
3309 1129 3366 1191 et
3396 1135 3530 1190 ﬁdes

1948 1237 2145 1293 animae
2187 1236 2459 1307 sapientia
2506 1246 2593 1292 est
2619 1251 2688 1291 ex
2713 1237 2983 1292 cltaritale
3011 1236 3131 1302 Dei,
3163 1235 3530 1306 pet-Verbum

1947 1327 2044 1382 Dei
2063 1328 2254 1383 vivens
2275 1336 2329 1384 et
2349 1342 2702 1398 permanens,
2725 1327 2998 1398 fulgurata
3021 1334 3078 1380 et
3102 1325 3526 1390 communicata,

1947 1433 2071 1488 quas
2123 1419 2426 1490 participes
2466 1419 2601 1474 facit
2651 1417 2936 1489 sapientiae
2983 1417 3220 1488 propria:
3243 1427 3300 1472 et
3330 1416 3530 1472 innata:

1947 1510 2128 1566 Patris
2157 1511 2396 1566 dicentis
2423 1509 2492 1565 ad
2537 1505 2778 1565 Verbum
2824 1524 2986 1564 suum
3019 1525 3034 1562 :
3061 1507 3127 1563 In
3157 1516 3206 1560 te
3237 1506 3364 1562 mihi
3391 1524 3529 1561 com-

1947 1600 2149 1671 placui.
2200 1602 2306 1656 Per
2364 1601 2507 1656 hanc
2548 1599 2894 1672 spiritualem
2939 1597 3415 1669 regenerationem
3461 1612 3531 1653 ex

1947 1707 2088 1762 aqua
2121 1701 2179 1748 et
2213 1691 2436 1762 spiritu,
2468 1691 2788 1762 quicunque
2831 1689 3011 1746 credit
3045 1689 3100 1744 in
3131 1688 3412 1745 Christum
3445 1687 3532 1744 in-

240 1762 347 1816 σοί
384 1767 708 1838 εὐδόκησα
735 1789 750 1802 ⁸
783 1777 922 1830 κατὰ
945 1777 1076 1845 γοῦν
1099 1779 1198 1848 τὴν
1226 1779 1433 1833 τοιάνδε
1465 1779 1841 1850 πνευματικὴν

1953 1792 2254 1850 carnatum,
2299 1793 2554 1840 naturam
2587 1784 2772 1840 carnis
2795 1791 2972 1839 mutat
3001 1783 3057 1836 in
3085 1781 3378 1852 Spiritum,
3406 1781 3531 1836 abs-

242 1855 624 1946 ἀναγέννησιν
647 1866 738 1918 καὶ
759 1866 826 1919 δι’
847 1867 1038 1934 ὓδατος
1068 1873 1160 1924 καὶ
1187 1872 1325 1926 Πνεύ
1334 1889 1499 1942 ματος
1525 1875 1725 1936 πάντες
1744 1872 1844 1945 τὴν

242 1948 416 2036 φύσιν
445 1955 552 2025 τῆς
584 1961 783 2030 σαρκὸς
811 1964 890 2028 εἰς
923 1963 1140 2036 πνεῦμα
1162 1965 1404 2035 ἀχρόνως
1423 1964 1848 2034 ἁναγεννώμεθα

239 2035 294 2090 οἱ
330 2048 697 2112 πιστεύοντες
742 2051 820 2122 τῷ
867 2051 1044 2116 οὕτως
1106 2055 1248 2108 κατὰ
1297 2055 1474 2122 σάρκα
1531 2054 1844 2124 γεννηθέντι

239 2125 478 2203 Χριστῷ
504 2151 518 2165 ⁸
557 2137 646 2192 διά
677 2139 736 2192 τὸ
765 2143 822 2195 ἐν
859 2145 1022 2212 σαρκὶ
1042 2138 1210 2197 οὖσαν
1242 2144 1340 2216 τὴν
1365 2145 1566 2215 ψυχὴν,
1599 2161 1848 2214 πνευμα-

1947 1893 2056 1948 que
2089 1885 2371 1948 tempore;
2399 1892 2522 1932 nam
2553 1877 2736 1932 anima
2759 1891 2884 1946 quae
2907 1875 2962 1930 in
2999 1889 3166 1929 carne
3197 1881 3304 1938 est,
3338 1880 3396 1926 et
3423 1869 3532 1927 hoc

1948 1984 2138 2024 semen
2191 1968 2483 2040 spirituale
2535 1967 2903 2040 spiritualitcr
2957 1966 3196 2036 accipit,
3246 1963 3532 2034 sapientia:

1948 2055 2161 2121 unitur,
2213 2055 2486 2126 spirituali
2534 2065 2732 2110 natura
2763 2053 2926 2126 digna
2951 2053 3258 2134 iudicatur,
3295 2052 3532 2122 ideoque

1948 2156 2006 2202 et
2034 2156 2247 2203 natura:
2281 2147 2494 2202 unitur.
2527 2147 2744 2203 Etenim
2773 2147 3004 2202 verbum
3042 2156 3221 2213 tuum,
3273 2143 3529 2206 Domine,

233 2217 408 2288 τικὴν
435 2223 606 2292 ὅμως
630 2229 790 2298 τήνδε
831 2232 1061 2300 σπορὰν,
1105 2233 1200 2286 καὶ
1235 2233 1620 2304 πνευματικῶς
1673 2252 1844 2288 κατα-

226 2305 570 2398 δεξαμένην
593 2320 860 2390 ἑνωοῆναι
880 2325 945 2392 τῇ
977 2323 1177 2393 κρίσει,
1226 2328 1604 2398 πνευματικῆς
1634 2325 1850 2395 φύσεως

233 2397 600 2476 ἀξιωθῆναι·
633 2410 714 2463 διὸ
733 2413 904 2484 καὶτῇ
929 2417 1090 2484 φύσει
1109 2433 1124 2448 ο
1150 2417 1241 2469 τὸν
1269 2416 1378 2489 γὰρ
1398 2417 1558 2486 λόγον
1591 2436 1704 2486 σου,
1732 2420 1814 2472 Κύ
1832 2448 1848 2462 ο

1953 2253 2050 2295 seu
2091 2258 2109 2291 ‹
2147 2241 2400 2295 timorem
2434 2240 2488 2294 in
2543 2249 2702 2294 utero
2747 2238 3082 2308 accepimus,
3125 2244 3182 2292 et
3211 2231 3534 2306 parturivi-

1950 2347 2120 2384 mus»
2183 2330 2289 2387 ﬁde
2342 2341 2399 2386 et
2436 2331 2700 2402 operibus
2749 2332 2806 2389 in
2857 2329 3020 2384 nobis
3065 2327 3423 2400 protulimus,
3477 2335 3536 2380 et

1957 2439 1976 2471 ι
2013 2420 2332 2492 peperimus
2363 2421 2617 2491 spiritum
2663 2421 2858 2476 salutis
2914 2430 3037 2486 tute,
3088 2435 3252 2492 quem
3301 2421 3536 2476 fecimus

239 2512 348 2564 με,
369 2504 568 2556 show
593 2524 612 2556 ι
647 2507 834 2574 φόϐον,
861 2510 918 2562 ὲν
935 2511 1136 2580 γαστρὶ
1152 2511 1437 2582 ἐλάϐομεν,
1466 2513 1562 2566 καὶ
1585 2513 1849 2584 ὼδινήσα-

244 2606 348 2660 μεν
394 2612 414 2644 ι
456 2599 539 2667 τῇ
575 2595 756 2652 πίστει
778 2594 964 2668 αὐτὸν,
992 2603 1049 2655 ὲν
1071 2605 1286 2668 ἑαυτοῖς
1308 2605 1560 2674 ὲργωδῶς
1591 2605 1851 2675 τελεσφο-

251 2683 520 2753 ροῢντες,
564 2707 583 2740 ι
625 2693 718 2744 καὶ
752 2691 1014 2764 ἐτέκομεν
1047 2695 1262 2766 πνεῦμα
1305 2697 1580 2768 σωτηρίας
1611 2697 1640 2750 ὃ
1666 2700 1852 2768 ἐποιή-

255 2789 440 2845 σαμεν
471 2779 570 2831 ἐπὶ
595 2781 692 2852 τῆς
720 2783 842 2851 γῆς.
881 2801 900 2834 ι
932 2783 990 2837 '0
1017 2783 1126 2854 γάρ
1152 2786 1209 2838 ἐν
1233 2787 1396 2857 σαρκὶ
1413 2785 1509 2850 ὢν,
1529 2787 1622 2842 καὶ
1648 2787 1722 2858 μὴ
1741 2789 1852 2851 τοῖς

248 2869 400 2923 κατὰ
459 2875 642 2942 σάρκα
675 2874 1042 2942 φαινομένοις,
1094 2875 1232 2930 ἀλλὰ
1274 2881 1387 2942 τοῖς
1442 2878 1584 2932 κατὰ
1635 2879 1854 2948 πνεῦμα

247 2957 568 3030 τιθέμενος,
622 2964 814 3019 ἑαυτοῦ
853 2985 970 3032 πως
1025 2969 1122 3039 τὴν
1167 2970 1418 3023 σύνθεσιν
1475 2970 1840 3041 μεταμείϐειο

241 3047 370 3104 ἀντὶ
400 3055 517 3126 τῆς
545 3058 612 3126 τῇ
649 3059 811 3127 σαρκὶ
849 3064 1082 3130 φυσικῆς
1116 3063 1514 3131 συμφορήσεως
1542 3060 1848 3130 ἀποσχίσας

1952 2530 2120 2584 super
2152 2515 2437 2570 terram”.
2471 2534 2488 2566 ι
2517 2515 2621 2580 Qui
2647 2513 2795 2569 enim
2825 2515 3100 2570 exsistens
3129 2515 3184 2568 in
3215 2531 3400 2581 carne,
3421 2529 3536 2570 non

1951 2609 2088 2662 vivit
2115 2608 2420 2662 secundum
2465 2623 2713 2673 carnem,
2764 2607 2860 2662 sed
2908 2607 3214 2662 secundum
3251 2607 3535 2676 spiritttm,

1954 2717 2108 2756 suam
2157 2699 2534 2755 conditionem
2587 2699 2776 2769 aliquo
2807 2699 2973 2753 modo
2997 2697 3292 2753 convertit.
3322 2698 3538 2754 Nedum

1957 2791 2278 2862 temporalia
2309 2789 2463 2845 carni
2512 2799 2829 2862 congreget,
2887 2789 3129 2860 seipsum
3181 2790 3436 2860 abnegat,
3484 2797 3544 2844 et

1956 2883 2218 2942 Ecclesia:
2255 2883 2529 2964 spirituali
2567 2898 2690 2953 qua:
2739 2881 2920 2936 tendit
2971 2881 3038 2937 ad
3095 2881 3386 2952 Spiritum,
3443 2897 3538 2936 seu

1955 2977 2200 3032 Verbum
2233 2976 2354 3040 Dei,
2390 2975 2450 3030 fit
2484 2975 2691 3030 socius.
2723 2973 2828 3040 Qui
2860 2974 3030 3045 igitur
3073 2974 3315 3028 Domino
3347 2974 3426 3028 sic
3459 2989 3546 3044 ag-

1959 3063 2286 3134 glutinatur,
2329 3079 2474 3118 unus
2503 3062 2730 3132 spiritus
2763 3071 2846 3117 est
2883 3078 3008 3117 cum
3040 3077 3128 3118 co.

247 3145 478 3214 ἑαυτὸν,
533 3152 628 3205 καὶ
671 3151 769 3220 τῆς
811 3152 949 3222 πρὸς
999 3151 1060 3204 τὸ
1123 3152 1347 3221 Πνεῦμα
1385 3153 1413 3206 ὅ
1472 3154 1620 3204 ἐστιν
1689 3154 1717 3204 ὁ
1755 3152 1888 3216 Θεὸς
1919 3153 2092 3222 Λόγος
2144 3155 2438 3224 γενόμενος
2497 3155 2784 3226 γνωμικῆς
2837 3155 3223 3218 συνελεύσεως.
3299 3156 3358 3208 '0
3415 3156 3548 3224 γοῦν

254 3241 406 3299 οὕτω
457 3243 798 3316 κολλώμενος
830 3246 908 3316 τῷ
956 3245 1166 3316 Κυρίῳ,
1203 3245 1260 3298 ἓν
1313 3243 1532 3297 πνεῦμά
1570 3243 1687 3298 ἐστι
1727 3245 1824 3297 σὺν
1861 3245 2027 3315 αὐτῷ.

849 3355 1101 3410 ΚΕΦΔΛ.
1137 3353 1269 3409 ΚΛ’.

341 3447 514 3499 Πάλιν
549 3440 642 3499 οὖν
671 3463 866 3514 φασιν·
894 3447 958 3500 Εἰ
985 3449 1097 3510 τοῖς
1125 3445 1412 3516 ἰδιώμασιν
1452 3444 1616 3500 αὑτοῦ
1658 3447 1687 3500 ό
1717 3446 1850 3511 Θεὸς

265 3537 444 3607 Λόγος
496 3538 904 3608 διακρινόμενος
956 3537 1050 3590 τοῦ
1081 3539 1367 3607 ὁμοουσίου
1433 3537 1598 3592 αὐτοῦ
1638 3539 1852 3610 Πατρδς

267 3629 366 3681 καὶ
413 3629 752 3698 Πνεύματος,
800 3629 1100 3692 ὑπόστασις
1145 3629 1305 3692 εὐθὺς
1343 3631 1563 3694 νοεῖται,
1619 3629 1851 3693 καὶτοῖς

272 3721 558 3794 ἰδιώμασιν
608 3721 778 3791 αὐτῆς
808 3721 914 3792 ἄρα
949 3723 982 3790 ἡ
1020 3722 1156 3792 σὰρξ
1195 3721 1358 3774 αὐτοῦ
1392 3720 1553 3790 τυχὸν
1582 3721 1661 3792 τῷ
1723 3719 1850 3772 ἄνευ

267 3814 544 3885 ἁμαρτίας
571 3815 634 3867 ὲκ
655 3811 930 3883 Παρθένου
949 3812 1232 3883 προελθεῖν
1252 3812 1472 3876 καὶτοῖς
1499 3811 1727 3866 τοιοῖσδε
1742 3811 1852 3865 τῶν

266 3907 570 3976 όμοουσίων
600 3906 738 3975 αὑτὴ
767 3906 986 3960 πάντων
1016 3903 1414 3975 διακεκριμένη
1439 3903 1606 3967 ἐὐθὺς
1636 3904 1730 3957 καὶ
1756 3903 1850 3974 ἥδε

267 3998 566 4062 ὑπόστασις
586 3999 802 4068 νοηθείη
820 4016 832 4028 ο
867 3999 988 4050 ἐπεὶ
1003 3993 1097 4051 οὖν
1130 3999 1205 4068 μὴ
1231 3995 1300 4050 τὰ
1319 3995 1462 4050 αὐτὰ.
1481 3995 1576 4049 τοῦ
1595 3997 1771 4066 Λόγου
1790 4013 1850 4050 τε

267 4091 484 4155 καὶτῆς
503 4089 706 4162 σαρκὸς
721 4089 790 4142 τά
815 4087 1101 4158 ἰδιώματα,
1129 4088 1250 4142 οὐδὲ
1267 4088 1324 4140 αἱ
1351 4085 1681 4148 ὑποστάσεις
1707 4086 1814 4158 ἄρα
1835 4102 1848 4116 ·

267 4186 386 4249 πῶς
414 4183 506 4240 οὖν
543 4185 640 4256 μία
669 4182 964 4244 ὑπόστασις
1015 4181 1145 4251 ὑμῖν
1183 4183 1218 4252 η
1249 4179 1359 4234 τῶν
1405 4179 1500 4233 δύο
1542 4196 1602 4233 τε
1634 4179 1852 4248 φύσεων

267 4280 364 4332 καὶ
396 4278 590 4341 διττῶς
610 4275 1042 4345 διακεκριμένων
1087 4276 1152 4327 ἐκ
1180 4273 1292 4326 τῶν
1335 4271 1595 4342 ὁμοφυῶν
1639 4269 1850 4336 λελόγι-

269 4385 424 4434 erat;
458 4368 600 4422 Ἀλλ’
633 4367 856 4437 εὔδηλόν
889 4368 1006 4420 ἐστι
1045 4365 1124 4436 τῷ
1173 4362 1678 4436 προσεκτικώτερον
1729 4362 1850 4414 επι-

268 4459 536 4527 6άλλοντι,
571 4460 646 4524 ὡς
694 4461 764 4514 τά
813 4460 914 4529 τῆς
949 4459 1148 4526 σαρκὸς
1179 4455 1273 4511 τοῦ
1328 4456 1535 4525 Κυρίου
1583 4455 1852 4524 ἰδιώματα

267 4554 464 4616 πάντα,
491 4554 574 4606 ἑνὶ
603 4550 1018 4620 καθολικωτέρῳ
1039 4549 1198 4619 αἰτίῳ
1247 4547 1428 4601 αὐτῶν
1455 4547 1675 4600 πάντων
1711 4545 1853 4598 ἰδιώο

269 4662 398 4714 ματι
436 4645 605 4714 αὐτῆς
647 4643 996 4713 περιέχεταιο
1053 4641 1082 4693 ὅ
1122 4641 1240 4692 ἔστι
1272 4639 1406 4692 αὐτὸ
1453 4637 1612 4690 τοῦτο
1652 4637 1714 4692 τὸ
1773 4638 1848 4707 μὴ

2578 3357 2730 3413 CAP.
2764 3358 2906 3414 XXI.

2031 3448 2099 3502 Et
2125 3465 2316 3504 rursus
2337 3449 2596 3519 inquiunt
2631 3467 2644 3502 :
2675 3449 2912 3505 Verbum
2938 3448 3036 3504 Dei
3075 3449 3194 3505 suis
3222 3451 3541 3507 notionibtts

1958 3555 1990 3594 a
2033 3540 2196 3595 Patre
2222 3548 2280 3595 et
2335 3539 2544 3618 Spit-itu
2592 3539 3158 3596 consubstantialibus
3200 3541 3544 3607 distinctum,

1959 3645 2196 3700 persona
2221 3646 2342 3686 esse
2363 3631 2548 3685 statim
2583 3631 2916 3702 intelligitur
2940 3649 2952 3684 :
2975 3631 3054 3687 sic
3075 3631 3251 3702 ipsius
3275 3650 3406 3689 caro
3427 3651 3550 3705 qua:

1959 3722 2076 3777 suis
2134 3721 2564 3792 proprietatibus
2617 3737 2815 3791 nempe
2870 3731 2998 3776 ortu
3069 3722 3420 3780 immaculato
3479 3741 3544 3780 cx

1959 3812 2204 3882 Virgine.
2253 3820 2310 3868 et
2345 3811 2470 3868 aliis
2523 3812 2801 3867 similibus
2828 3811 3206 3882 [distinguitur
3249 3813 3319 3868 ab
3366 3813 3550 3868 homi-

1958 3902 2123 3958 niltus
2149 3903 2400 3973 ejusdem
2435 3913 2671 3964 naturae.
2699 3919 2934 3973 persona
2959 3904 3235 3959 censenda
3264 3913 3386 3972 est;
3423 3921 3547 3960 cum

1959 4009 2091 4063 ergo
2119 3993 2326 4050 eaedem
2373 4009 2484 4050 non
2521 3993 2634 4050 sint
2661 3994 2828 4051 Verbi
2857 4003 2914 4050 et
2943 3995 3128 4050 carnis
3156 3995 3546 4066 proprietates.

1959 4100 2139 4156 neque
2168 4086 2374 4142 eaedem
2417 4102 2702 4156 personae;
2754 4085 2900 4142 unde
2930 4101 3062 4158 ergo
3108 4103 3218 4142 una
3255 4103 3488 4158 persona
3516 4104 3546 4144 τι

1958 4179 2117 4234 vobis
2149 4179 2494 4249 assignatur,
2527 4195 2648 4248 qua:
2698 4179 2909 4234 naturis
2939 4179 3156 4234 duabus
3199 4189 3445 4246 constat,
3490 4191 3549 4236 et

1960 4272 2154 4328 iisdem
2177 4271 2475 4342 dupliciter
2498 4270 2735 4326 diversis
2755 4286 2784 4323 a
2806 4278 3002 4324 natura
3029 4271 3276 4340 ejusdem
3306 4271 3548 4340 speciei’

1958 4365 2290 4436 Diligentius
2321 4363 2632 4420 altendenti
2656 4355 2872 4418 certum
2898 4361 2991 4417 fiet
3010 4377 3206 4418 omnes
3232 4363 3413 4417 tarnis
3433 4363 3541 4418 Ilo—

1959 4457 2176 4512 tninieae
2210 4456 2586 4527 proprietates
2625 4455 2719 4510 uni
2761 4454 2978 4510 cuidam
3017 4455 3193 4526 magis
3241 4455 3543 4512 universali

1959 4549 2309 4620 proprietati,
2365 4556 2423 4604 et
2470 4557 2796 4603 cteterarum
2849 4547 3144 4604 caus:ttivaa
3203 4547 3544 4616 incumbere,

1960 4656 2084 4710 qua:
2137 4639 2262 4694 talis
2308 4649 2394 4695 est
2430 4657 2442 4692 :
2476 4655 2606 4694 caro
2631 4639 2752 4694 sine
2786 4639 2919 4703 Deo,
2953 4648 3010 4692 et
3064 4639 3119 4694 in
3168 4655 3266 4694 sua
3311 4641 3543 4695 naturali

263 4707 419 4786 άθεεὶ
464 4707 632 4803 αὐτὴν
663 4707 756 4786 καὶ
913 4729 1039 4784 καθ’
1069 4727 1238 4799 αὐτὴν
1297 4725 1460 4795 φύσιν
1493 4725 1668 4794 αὐτῆς
1705 4723 1841 4794 ψιλῇ

1953 4707 2187 4800 persona
2244 4745 2530 4799 nunquam
2567 4729 2838 4784 substitit.
2889 4729 2958 4784 Et
3007 4729 3134 4784 ideo
3197 4745 3543 4802 quaecunque

265 4824 564 4894 ὑποστῆναι
601 4822 771 4893 αὐτὴν
823 4819 1042 4874 πώποτε
1065 4837 1079 4850 ·
1107 4819 1186 4872 διὸ
1216 4817 1312 4872 καὶ
1337 4817 1439 4868 ὅσα
1479 4814 1662 4876 ίδικῶς
1694 4811 1846 4882 αὑτῷ

265 4915 588 4986 ἐμφαίνεται
605 4915 769 4984 ’ἐτερα
791 4913 1058 4981 ἰδιώματα
1080 4909 1234 4980 παρὰ
1257 4907 1467 4970 πάντας
1500 4907 1597 4959 ἀνθ
1607 4905 1842 4974 ρώπους,

261 5003 437 5058 ταῦτά
472 5006 587 5056 ἐστι
621 5001 924 5072 θεοπρεπῆ,
951 4997 1062 5054 οἷον
1103 4999 1542 5070 ἡὰναμάρτητος
1564 4995 1842 5064 γέννησις,

261 5095 356 5149 καὶ
383 5095 680 5156 ἄπταιστος
721 5093 898 5162 πάντη
922 5091 1204 5152 διαϐἰωσις
1233 5087 1423 5154 αὐτοῦ,
1453 5089 1487 5158 ή
1529 5084 1843 5152 πανάγαθος

261 5189 516 5258 πρόθεσις
546 5188 652 5251 ἀεὶ,
690 5189 724 5252 ἡ
785 5185 1160 5256 ὑπερδύναμος
1207 5181 1344 5252 πρὸς
1397 5174 1844 5248 θαυματουργίαν

265 5280 420 5352 ἰσχὺς
445 5275 629 5341 αὐτῆς,
648 5276 1000 5348 ἡὺπέρσοφος
1031 5271 1256 5342 γνῶσις,
1299 5271 1333 5341 ή
1395 5267 1717 5330 παντέλειος
1747 5266 1842 5318 καὶ

260 5369 546 5441 ὑπερφυὴς
595 5369 788 5440 ἀρετὴ,
823 5367 918 5421 καὶ
947 5365 1016 5418 τὰ
1051 5363 1232 5418 τοιάδε
1267 5362 1416 5415 θεῖαι
1445 5363 1494 5414 εί
1540 5359 1599 5412 δὲ
1629 5358 1699 5410 τὰ
1727 5357 1846 5410 θεῖα

260 5463 361 5517 οὐκ
389 5463 518 5516 ἄνευ
541 5461 689 5526 θείας
727 5457 940 5528 φύσεώς
973 5473 1106 5509 ποτε
1153 5453 1428 5525 φαίνεται,
1465 5451 1560 5504 καὶ
1605 5448 1674 5502 τὰ
1701 5447 1848 5502 ἰδιώ-

263 5573 410 5628 ματα
459 5553 642 5624 πάσης
669 5551 1020 5613 ὑποστάσεως
1063 5547 1237 5618 αὐτῆς
1280 5545 1422 5610 ἰδίως
1459 5539 1598 5597 εἶναι
1633 5540 1733 5596 δεῖ.
1769 5541 1846 5596 Οὐ

331 5703 382 5737 ³⁸
401 5702 504 5758 lsa.
541 5714 686 5768 xxvi,
726 5696 814 5753 18.

1949 4819 2072 4872 alia:
2120 4818 2492 4888 praprietates
2527 4820 2582 4872 in
2631 4819 2862 4872 Domino
2894 4819 3116 4888 proprie
3156 4819 3540 4876 inveniuntur.

1947 4917 2006 4962 et
2036 4907 2092 4962 in
2130 4908 2364 4978 reliquEs
2403 4907 2727 4962 hominibus
2743 4905 3028 4970 deficiunt.
3057 4921 3137 4962 ea:
3173 4906 3376 4965 divina:
3416 4918 3547 4962 sunt

1947 5001 2092 5056 sicut
2121 4999 2380 5054 nativitas
2426 4999 2816 5066 immaculata,
2871 4997 3137 5054 sanctitas
3171 4999 3343 5054 totius
3391 4999 3546 5070 vitae,

1946 5089 2166 5144 bonitas
2191 5089 2431 5154 consilii,
2459 5087 2516 5142 in
2543 5085 2824 5144 miraculis
2862 5089 3290 5160 omnipotentia,
3322 5089 3546 5160 sapien-

1947 5177 2025 5234 tia
2069 5178 2359 5245 doctrinae,
2386 5179 2628 5248 perfecta
2669 5189 2725 5232 et
2760 5179 3201 5248 supernaturalis
3233 5179 3432 5245 virttis,
3481 5185 3540 5233 et

1947 5278 2145 5326 caetera
2171 5269 2380 5325 divina.
2414 5269 2470 5325 Si
2496 5285 2664 5340 opera
2713 5270 2902 5326 divina
2945 5271 3064 5326 sine
3104 5271 3292 5326 divina
3333 5280 3534 5326 natura

1947 5375 2233 5430 nunquam
2275 5369 2640 5422 exercentur,‘
2661 5369 2718 5417 et
2742 5363 3108 5432 proprietates
3133 5363 3262 5433 ipsa:
3284 5361 3380 5415 toti
3409 5374 3539 5428 per-

1949 5465 2097 5504 sona:
2147 5451 2372 5522 proprie
2421 5451 2734 5507 tribuenda:
2800 5461 2976 5520 sunt;
3027 5469 3150 5523 qua:
3202 5451 3349 5506 enim
3399 5458 3527 5504 sunt

1951 5541 2114 5596 unius
2137 5556 2406 5613 personae,
2447 5541 2532 5597 vel
2555 5543 2610 5596 in
2643 5557 2746 5597 una
2767 5541 3047 5607 videntur,
3077 5540 3236 5596 alteri
3274 5551 3524 5609 persona:

3041 5777 3097 5788 ι..-
