3932 6152
380 347 517 416 1535

1311 349 1709 412 ADVERSUS
1750 345 2300 409 NESTOBIANOS.
2341 371 2409 383 —
2450 349 2596 408 LIB.
2643 346 2728 406 ΙΙ.

3513 343 3668 408 ίῧὸίῖσ

376 459 544 522 ὅντως
587 457 732 529 ἔχειν
777 459 1076 512 ὑπόστασιν
1113 459 1211 529 τὴν
1248 462 1548 533 ὑπόχρονον
1594 463 1754 532 φύσιν
1795 461 1952 514 δυνα-

2074 473 2187 512 ιοιισ
2231 459 2588 530 temporalem
2641 465 2891 512 naturam
2927 456 3134 512 habere
3173 470 3282 510 non
3324 456 3518 526 possit,
3549 461 3646 513 sed

376 549 491 606 τὸν.
530 545 668 602 ἀλλὰ
707 545 810 600 ὑπὸ
845 547 1039 617 χρόνον
1081 550 1420 618 κτήσασθαι,
1467 553 1562 606 καὶ
1595 553 1957 622 ἐνυποστῆναι

377 643 444 711 τῇ
488 640 645 710 ἀϊδίῳ
675 639 970 694 ὑποστάσει
1009 638 1108 710 τὴν
1139 641 1246 694 ὑπὸ
1277 643 1466 714 χρόνον
1501 643 1662 712 φύσιν
1708 644 1954 698 δυνατόν·

381 735 473 787 καὶ
503 733 720 787 λέλυται
747 734 856 786 πᾶν
895 731 1013 786 τόδε
1041 733 1102 784 τὸ
1133 734 1361 806 ἄπορον.
1397 735 1554 791 Οὕτω
1586 737 1696 807 γὰρ
1732 737 1826 790 καὶ
1851 735 1959 799 πᾶς

378 829 410 880 ό
436 825 639 892 κόσμος
686 825 914 895 γενητὸς
947 822 1045 890 ὣν,
1076 823 1156 896 τῷ
1195 827 1444 899 ἀγενήτῳ
1495 827 1812 898 κοσμοποιῷ
1839 827 1960 896 Θεῷ

379 920 766 988 ὑνυφέστηκεν.

956 1011 1208 1067 ΚΕΦΑΛ.
1254 1013 1379 1068 KA'.

453 1103 520 1156 Ἥ
551 1103 702 1156 οὐδὲν
756 1103 1011 1157 σύνθετόν
1042 1122 1208 1174 φασιν
1235 1107 1294 1158 ὲν
1324 1105 1564 1176 Χριστῷ,
1610 1106 1642 1177 ἢ
1677 1107 1768 1160 καὶ
1797 1105 1960 1176 φύσις

378 1195 471 1247 καὶ
495 1196 813 1258 ὑπόστασις·
845 1194 877 1264 ἦ
909 1194 1070 1264 φύσις
1103 1196 1203 1266 μὲν
1233 1195 1400 1266 ἁπλῆ,
1429 1197 1726 1260 ὑπόστασις
1745 1197 1802 1250 δὲ
1832 1196 1960 1250 σύν-

378 1286 531 1351 θετος
557 1300 572 1316 ⁸
604 1287 636 1356 ἢ
689 1287 958 1342 ἀνάπαλιν
997 1287 1160 1357 φύσις
1201 1287 1302 1357 μὲν
1339 1288 1617 1352 σύνθετος,
1659 1289 1962 1352 ὑπόστασις

379 1379 434 1432 δὲ
457 1379 626 1448 ἁπλῆ·
660 1380 707 1432 εἰ
741 1380 838 1450 μὲν
866 1374 958 1433 οὗν
981 1379 1157 1434 πάντα
1187 1381 1334 1435 ἁπλᾶ
1364 1380 1432 1434 τὰ
1463 1383 1524 1434 ἐν
1547 1380 1718 1452 αὑτῷ,
1750 1379 1963 1450 ψευδῶς

382 1469 627 1524 σύνθεσιν
673 1472 970 1540 ὀνομάζετε
1000 1472 1088 1524 ἐπ’
1123 1471 1320 1527 αὑτοῦ·
1354 1473 1404 1526 εἰ
1432 1473 1488 1526 δὲ
1511 1474 1546 1544 ἡ
1576 1491 1635 1526 τε
1666 1473 1828 1542 φύσις
1868 1473 1964 1526 καὶ

380 1563 680 1626 ὑπόστασις
713 1561 874 1616 αὑτοῦ
925 1563 1192 1628 σύνθετοι,
1229 1565 1281 1618 τί
1331 1565 1396 1636 δὴ
1429 1565 1539 1637 ἄρα
1570 1569 1698 1630 τοὺς
1735 1566 1965 1637 Σεόηρί-

379 1672 478 1718 τας
519 1654 874 1718 ἀποσείεσθες
924 1656 974 1708 εἰ
1019 1655 1078 1709 δὲ
1125 1657 1184 1708 αἱ
1233 1656 1426 1724 φύσεις
1471 1657 1570 1726 μὲν
1619 1657 1809 1722 ἁπλαῖ,
1842 1659 1876 1725 ἠ
1905 1657 1964 1711 δὲ

379 1746 674 1807 ὑπόστασις
709 1745 962 1809 σύνθετος
997 1746 1124 1816 ὑμῖν
1160 1746 1326 1808 δοκεῖ,
1359 1747 1594 1818 ἐπείπερ
1639 1747 1788 1818 ἁπλῆ
1822 1747 1958 1801 ὑπόο

381 1853 568 1900 στασις
601 1831 741 1889 εἶναι
772 1839 805 1908 ὴ
839 1837 931 1890 τοῦ
969 1831 1145 1906 Λόγου
1182 1837 1553 1910 ὡμολόγηται,
1584 1840 1712 1910 ὑμῖν
1740 1840 1798 1894 δὲ
1830 1841 1960 1897 σύν-

380 1927 532 1990 θετος
569 1919 709 1980 εἶναι
747 1927 780 1998 ἡ
808 1927 901 1982 τοῦ
927 1928 1164 2000 Χριστοῦ
1197 1928 1438 1998 λέγεται,
1459 1929 1554 1984 δύο
1583 1931 1692 2003 ἄρα
1719 1932 1962 1988 ὑποστά-

381 2034 494 2080 σεις
526 2019 633 2070 εἰσὶ
671 2019 880 2086 σαφῶς,
907 2020 942 2090 ῆ
975 2036 1035 2072 τε
1076 2019 1172 2073 τοῦ
1223 2021 1400 2089 Λόγου
1439 2023 1534 2076 καὶ
1568 2023 1663 2077 τοῦ
1696 2025 1960 2095 Χριστοῦ.

391 2110 554 2176 um;
573 2105 618 2164 ὦ
637 2105 804 2178 οὗτοι,
833 2113 1048 2183 πρῶτον
1077 2115 1176 2183 μὲν
1192 2113 1258 2168 τὰ
1279 2115 1426 2168 ἁπλᾶ
1443 2117 1836 2188 ἐμπεριέχεται
1851 2120 1964 2184 τοίς

381 2202 685 2266 συνθέτοις·
723 2203 862 2257 ὥστε
899 2204 992 2257 τοῦ
1022 2206 1194 2274 Λόγου
1245 2207 1416 2279 αὐτὴν
1443 2209 1661 2278 νοητέον
1691 2207 1832 2264 εἶναι
1865 2211 1965 2283 τὴν

377 2297 472 2350 καὶ
498 2297 676 2366 ἁπλῆν
705 2297 894 2370 πρώην
921 2301 1012 2352 καὶ
1044 2299 1297 2354 σύνθετον
1319 2301 1414 2355 νῦν
1447 2303 1506 2356 ὲν
1537 2303 1780 2374 Χριστῷ·
1813 2306 1963 2376 ὅμως

381 2391 563 2461 μέντοι
585 2393 680 2444 καὶ
716 2393 778 2445 τὸ
807 2392 1058 2445 σύνθετον
1087 2395 1236 2459 ὅπως
1265 2393 1486 2462 λέγεται
1540 2397 1669 2468 περὶ
1698 2398 1798 2468 τῆς
1827 2398 1963 2450 ὑπο-

382 2487 624 2547 στάσεως
660 2483 896 2554 Χριστοῦ
921 2524 936 2549 ,
966 2485 1351 2557 διασαφητὲον·
1388 2485 1504 2541 ἔστι
1531 2489 1640 2560 γὰρ
1671 2491 1768 2542 καὶ
1800 2489 1864 2542 ἐκ
1891 2507 1967 2542 τις

377 2593 486 2630 νων
513 2575 623 2628 τῶν
658 2577 799 2628 κατὰ
828 2577 1024 2630 ταυτὸν
1056 2578 1152 2630 τοῦ
1188 2578 1446 2632 συνθέτου
1503 2581 1830 2651 πράγματος
1879 2580 1968 2634 λό-

380 2687 495 2739 γων
547 2668 924 2738 ἁπλουστέραν
971 2670 1158 2739 μέντοι
1203 2668 1346 2725 εἷναί
1395 2691 1515 2738 πως
1563 2673 1665 2744 τὴν
1713 2672 1965 2726 σύνθεσιν

379 2762 579 2816 αὑτοῦ·
623 2763 718 2816 καὶ
769 2761 919 2815 ἐστιν
969 2763 1030 2828 ἐξ
1081 2763 1398 2836 ἐτεροειδῶν
1431 2765 1774 2836 πραγμάτων
1799 2782 1814 2795 ·
1853 2759 1966 2818 οἷον

380 2855 530 2910 ἔστιν
587 2855 648 2921 ἐξ
717 2854 1104 2924 ἁπλουστέρων
1167 2855 1514 2928 φαρμάκων,
1577 2855 1967 2928 ποικιλώτερον

381 2950 655 3003 συνθεῖναι
686 2947 995 3018 φάρμακον·
1036 2947 1131 3000 καὶ
1155 2949 1219 3000 ἐκ
1253 2949 1540 3018 σωμάτων,
1571 2947 1730 3019 σῶμα
1757 2947 1962 3018 ἓτερον·

380 3040 476 3094 καὶ
500 3038 608 3092 ἀπὸ
639 3037 838 3104 λέξεων
866 3037 1078 3102 ἁπλῶν,
1107 3037 1252 3102 λέξιν
1285 3039 1540 3092 σύνθετον
1571 3039 1817 3110 ποιῆσαι·
1851 3040 1968 3094 ἔστι

2060 551 2348 622 acquirere
2369 560 2566 620 potest,
2593 551 2783 622 sicque
2815 550 2868 604 in
2910 565 3146 620 persona
3165 559 3370 604 acterna
3395 551 3650 606 subsistit

2061 654 2258 700 natura
2309 643 2650 714 temporalis.
2699 643 2890 697 Suluta
2926 652 3012 696 est
3040 657 3171 712 ergo
3221 639 3542 708 diliicnllas;
3585 656 3649 698 ut

2061 735 2284 804 quando
2311 735 2518 790 dicitur
2574 742 2722 788 totus
2769 733 3008 788 mundus
3062 732 3401 803 quicreatus
3435 740 3538 804 est,
3589 734 3648 789 in

2061 827 2174 880 Deo
2200 834 2454 881 creatore
2476 825 2717 895 ingenito
2749 827 3071 882 subsistere.

2659 1011 2810 1066 CAP.
2845 1012 3032 1070 XXIV.

2133 1103 2386 1157 instant:
2425 1103 2521 1157 Vel
2559 1103 2696 1158 nihil
2744 1113 2829 1159 est
2862 1109 3230 1177 compositum
3291 1109 3346 1162 in
3401 1107 3645 1170 Christo,

2063 1191 2147 1247 vel
2193 1204 2390 1247 natura
2417 1202 2472 1248 et
2523 1209 2758 1264 persona
2805 1195 3002 1263 simul;
3035 1198 3151 1253 sive
3181 1206 3380 1253 natura
3421 1197 3646 1268 quidem

2063 1285 2292 1356 simplex
2314 1297 2371 1342 et
2399 1289 2702 1358 Composita
2753 1305 3010 1358 persona,
3061 1290 3179 1346 sive
3207 1291 3646 1346 itemm‘natura

2063 1377 2369 1448 composita
2408 1387 2465 1433 et
2494 1393 2729 1448 persona
2763 1380 3014 1450 simplex.
3066 1379 3122 1436 Si
3170 1380 3339 1452 igitur
3374 1381 3558 1436 omnia
3593 1381 3647 1434 iu

2066 1468 2188 1538 ipso
2213 1477 2343 1523 sunt
2370 1469 2666 1538 simplicia,
2704 1470 2840 1526 false
2870 1471 3097 1540 ponitur
3125 1473 3246 1543 ejus
3277 1473 3606 1543 compositio
3634 1490 3648 1532 ;

2065 1556 2112 1610 si
2129 1567 2324 1610 natura
2351 1557 2474 1626 eius
2500 1565 2558 1613 et
2581 1575 2813 1626 persona
2835 1571 2965 1614 sunt
2995 1560 3314 1628 composita:
3339 1559 3524 1624 simul,
3549 1575 3652 1614 cur

2064 1663 2198 1717 ergo
2223 1648 2504 1706 Severitas
2536 1651 2612 1721 (4)
2645 1652 2968 1721 repulistis?
2991 1652 3214 1718 Quodsi
3245 1651 3524 1722 simplices
3550 1669 3650 1706 na—

2070 1751 2225 1808 tum,
2255 1750 2312 1798 et
2339 1743 2643 1812 composita
2701 1743 2858 1798 vobis
2903 1743 3187 1798 videretur
3219 1759 3342 1798 esse
3387 1759 3650 1814 persona.

2064 1843 2196 1889 tunc
2239 1834 2501 1890 omnibus
2552 1835 2874 1890 hominibus
2903 1835 3208 1906 simplicem
3249 1835 3415 1891 Verbi
3457 1849 3650 1905 perso-

2062 1941 2189 1980 nam
2223 1922 2646 1992 aﬂiriuantibus,
2672 1925 2830 1982 vobis
2853 1935 3038 1981 autem
3069 1927 3428 1998 compositam
3463 1927 3650 1982 dicen-

2065 2019 2214 2074 tibus
2241 2017 2449 2073 Christi
2489 2029 2811 2088 personam,
2838 2019 2980 2074 bene
3014 2019 3136 2074 duze
3155 2029 3321 2073 erunt
3373 2033 3650 2088 personae.

2065 2127 2172 2164 una
2220 2109 2496 2173 Verbi,ct
2559 2109 2730 2164 altera
2789 2108 3020 2166 Christi.
3068 2109 3321 2174 Vobis,o
3369 2110 3648 2173 homines,

2064 2201 2243 2272 primo
2258 2209 2343 2255 est
2359 2196 2754 2256 advertendum
2778 2199 3048 2271 simplicia
3065 2199 3386 2271 compositis
3402 2199 3657 2256 contine-

2066 2294 2135 2358 ri,
2157 2292 2232 2348 ita
2263 2303 2323 2348 ut
2355 2289 2548 2348 eadem
2568 2292 2738 2350 Verbi
2755 2306 2988 2363 persona
3019 2293 3176 2364 prius
3197 2293 3364 2348 fuerit
3395 2294 3650 2365 simplex,

2063 2398 2121 2444 et
2153 2403 2301 2444 nunc
2321 2389 2393 2444 sit
2408 2389 2710 2459 composita
2728 2389 2781 2444 in
2803 2389 3048 2444 Christo.
3076 2389 3331 2446 Attamen
3354 2407 3463 2462 quo
3485 2407 3652 2446 sensu

2065 2479 2286 2534 dicatur
2330 2479 2659 2550 compositio
2701 2479 2770 2534 de
2815 2479 3025 2535 Christi
3058 2496 3294 2550 persona
3355 2483 3657 2551 explanan-

2065 2570 2197 2624 dum
2228 2579 2334 2626 est.
2378 2570 2691 2640 Aliquando
2735 2571 2886 2626 enim
2927 2588 2995 2627 ex
3038 2573 3294 2641 pluribus
3349 2574 3538 2630 verbis
3585 2575 3656 2630 de

2067 2668 2265 2715 unoet
2302 2660 2500 2716 eodem
2545 2661 2886 2731 composito,
2936 2663 3245 2734 simplicior
3281 2665 3498 2720 videtur
3537 2668 3659 2738 ejus

2063 2753 2426 2824 compositio;
2451 2753 2751 2824 aliquando
2785 2753 2932 2809 idem
2965 2755 3029 2810 iit
3069 2773 3136 2812 ex
3175 2757 3410 2813 diversis
3438 2759 3605 2814 rebus
3639 2778 3655 2816 :

2065 2862 2134 2901 ex
2165 2847 2606 2917 simplicioribus
2665 2847 2933 2905 remediis
2983 2850 3156 2922 magis
3209 2851 3423 2906 varium
3479 2869 3682 2908 remc-.

2067 2937 2243 3004 dium,
2289 2953 2358 2993 ex
2389 2938 2724 3013 corporibus
2758 2955 2964 3012 corpus
2993 2943 3166 3006 aliud,
3209 2959 3278 2998 ex
3311 2943 3660 3015 simplicibus

2068 3029 2298 3084 vocibus
2332 3045 2525 3085 vocem
2553 3031 2917 3102 compositam
2963 3033 3216 3088 videmus
3270 3033 3410 3090 ﬂeri.
3472 3036 3662 3090 Potest

381 3133 426 3185 δ’
458 3127 552 3185 οὖν
583 3130 682 3184 καὶ
724 3130 834 3184 ἀπὸ
881 3131 1234 3183 ὑποστάσεων
1262 3129 1523 3184 πλειόνων
1569 3131 1698 3201 μίαν
1733 3133 1967 3186 ὑπόστα-

2074 3135 2202 3190 ergo
2231 3135 2300 3174 ex
2319 3121 2572 3189 pluribus
2595 3123 2851 3198 personis
2870 3124 3169 3194 excogitari
3199 3141 3308 3180 una
3327 3127 3658 3196 composita,

385 3242 471 3278 σιν
497 3227 638 3277 νοεῖν
673 3223 949 3289 σύνθετον,
987 3223 1063 3287 ὡς
1102 3223 1195 3276 ἐπὶ
1225 3223 1388 3293 χοροῦ
1415 3223 1513 3276 καὶ
1549 3223 1700 3279 οἴκου
1735 3225 1967 3279 καὶτῶν

382 3316 624 3370 τοιῶνδε·
658 3316 752 3369 καὶ
785 3315 902 3368 ἔστι
935 3315 1044 3368 ἀπὸ
1077 3315 1300 3368 συνόδου
1333 3315 1597 3369 πλειόνων
1637 3315 1966 3387 ἰδιωμάτων,

383 3406 447 3460 οὑ
473 3405 582 3458 τῶν
630 3405 725 3458 τοῦ
757 3405 933 3472 Λόγου
973 3404 1154 3474 μόνον,
1185 3403 1320 3460 ἀλλὰ
1357 3405 1454 3459 καὶ
1490 3403 1601 3459 τῶν
1637 3407 1739 3476 τῆς
1768 3406 1970 3478 σαρκὸς

388 3497 752 3568 συγκειμένην
783 3496 882 3567 τὴν
931 3496 1232 3551 ὑπόστασιν
1261 3496 1522 3568 Χριστοῦ·
1569 3497 1603 3569 ἢ
1643 3497 1710 3552 ὲκ
1751 3498 1972 3566 φύσεων

387 3590 685 3643 ὑπόστασιν
712 3586 966 3641 σύνθετόν
999 3605 1160 3656 φατε,
1187 3589 1569 3660 συμφήσομεν·
1603 3591 1654 3644 εί
1685 3589 1744 3644 δὲ
1771 3590 1873 3660 τὴν
1895 3590 1971 3654 ὡς

388 3683 450 3750 ἐξ
487 3682 864 3746 ὑποστάσεων,
902 3681 976 3752 μὴ
1012 3681 1252 3750 γένοιτοί
1285 3684 1542 3737 σκοπεῖτε
1584 3683 1644 3738 δὲ
1668 3683 1753 3738 ὅτι
1783 3685 1884 3757 τὴν
1910 3685 1971 3752 ἐξ

390 3772 699 3843 ἰδιωμάτων
730 3769 1002 3836 σύνθεσιν,
1049 3770 1147 3824 καὶ
1203 3771 1311 3844 πρὸ
1353 3773 1559 3844 σαρκὸς
1607 3769 1756 3844 εἶχεν
1807 3775 1841 3845 ή
1874 3774 1972 3828 τοῦ

388 3863 548 3934 λόγου
574 3862 894 3926 ὑπόστασις,
917 3863 967 3918 εἰ
996 3863 1092 3916 καὶ
1115 3863 1192 3935 μὴ
1222 3865 1288 3918 ἐκ
1316 3863 1610 3920 τοσούτων·
1649 3867 1712 3920 οὑ
1738 3866 1848 3938 γὰρ
1872 3868 1972 3936 μό-

389 3973 480 4010 νον
516 3955 578 4008 τὸ
604 3954 856 4026 γεννήσει
895 3951 1192 4024 ὑφεστάναι
1223 3954 1355 4010 ἴδιον
1386 3956 1484 4010 τοῦ
1518 3957 1675 4022 Υίοῦ,
1703 3958 1841 4012 ἀλλὰ
1877 3960 1972 4013 καὶ

389 4052 451 4105 τὸ
503 4050 578 4121 μὴ
616 4050 815 4120 γεννᾷν
864 4046 1151 4120 δμοούσιον
1195 4047 1398 4116 Λόγον,
1438 4047 1574 4120 μηδὲ
1633 4050 1730 4119 ἀφ’
1775 4050 1970 4106 ἑαυτοῦ

389 4141 712 4213 ἐκπορεύειν
761 4139 987 4211 Πνεῦμα
1040 4136 1317 4210 πρώτως,
1386 4139 1527 4210 μηδὲ
1574 4139 1972 4213 ἐκπορεύεσθαι

391 4234 534 4288 κατὰ
563 4233 626 4286 τὺ
677 4230 834 4302 ἅγιον
879 4229 1105 4301 Πνεῦμα
1130 4247 1144 4262 ·
1178 4230 1274 4285 καὶ
1315 4228 1388 4285 τὰ
1429 4231 1596 4286 λοιπὰ
1645 4233 1792 4298 ἰδίως
1819 4233 1973 4305 αὑτῷ

391 4326 686 4397 ἀνήκοντα·
718 4325 976 4386 σύνθετος
1008 4325 1119 4396 ἄρα
1171 4323 1312 4376 κατὰ
1341 4323 1491 4378 τόνδε
1517 4325 1612 4380 τὸν
1649 4327 1875 4398 τρόπον,
1907 4327 1970 4381 οὑ

395 4415 556 4484 μόνον
604 4416 638 4485 ἠ
679 4414 773 4468 τοῦ
825 4414 1022 4483 Λόγου,
1062 4413 1198 4466 ἀλλὰ
1228 4407 1458 4466 καὶ’τοῦ
1507 4414 1720 4486 Πατρὸς
1748 4417 1844 4470 καὶ
1875 4415 1972 4470 τοῦ

2075 3219 2136 3265 ut
2160 3226 2287 3266 cum
2322 3211 2505 3282 agitur
2543 3212 2613 3268 de
2664 3212 2858 3277 choro,
2887 3213 2957 3268 de
2984 3213 3174 3282 domo,
3207 3225 3266 3271 et
3307 3215 3434 3272 aliis
3467 3217 3661 3290 hujus-

2071 3303 2254 3370 modi;
2289 3309 2473 3374 potest
2499 3303 2666 3360 etiam
2687 3317 2755 3359 ex
2785 3305 3046 3375 pluribus
3071 3307 3280 3378 junctis
3299 3308 3658 3379 preprietati-

2071 3395 2175 3452 bus
2227 3411 2340 3451 non
2375 3395 2542 3453 modo
2575 3397 2764 3464 Verbi,
2803 3398 2900 3454 sed
2933 3399 3101 3456 etiam
3143 3402 3347 3465 carnis,
3399 3411 3656 3458 constare

2070 3487 2281 3544 Christi
2319 3503 2576 3558 persona.
2600 3488 2776 3556 Quam
2801 3490 2848 3546 si
2885 3491 3246 3561 compositam
3271 3508 3303 3548 ο
3336 3494 3550 3550 naturis
3573 3494 3659 3548 di-

2072 3577 2218 3640 citis,
2245 3579 2658 3646 consentimus;
2692 3579 2740 3634 si
2767 3595 2899 3636 vero
2921 3581 3077 3650 quasi
3101 3597 3169 3636 ex
3193 3583 3470 3652 personis,
3492 3583 3658 3638 absit.

2073 3668 2486 3724 Advertendum
2519 3679 2604 3726 est
2633 3670 2802 3726 etiam
2836 3671 2981 3726 hanc
3018 3673 3477 3743 compositionem
3523 3674 3664 3729 idio-

2073 3768 2284 3814 matum
2309 3758 2441 3814 licet
2471 3760 2818 3830 pauciorum,
2864 3770 2993 3817 ante
3019 3763 3191 3833 ipsam
3223 3763 3660 3820 incarnationem

2075 3849 2400 3906 convenisse
2429 3851 2595 3908 Verbi
2643 3867 2892 3923 personae
2925 3873 2938 3908 :
2967 3870 3079 3909 non
3124 3856 3304 3910 solum
3355 3857 3502 3912 enim
3541 3873 3665 3913 CSSU

2073 3953 2417 4015 generatum,
2470 3952 2556 3999 est
2585 3945 2898 4016 proprietas
2932 3945 3118 4012 Verbi,
3169 3947 3266 4002 sed
3299 3947 3467 4014 etiam
3511 3949 3662 4018 quod

2075 4037 2546 4094 consubstantiale
2572 4037 2811 4093 Verbum
2839 4054 2954 4093 non
2976 4049 3224 4110 generet,
3247 4041 3396 4112 quod
3420 4041 3662 4112 Spiritus

2075 4128 2346 4200 primario
2361 4127 2432 4184 ab
2472 4130 2733 4200 ipsonon
2761 4130 3048 4201 procedat,
3079 4132 3227 4200 quod
3253 4131 3372 4202 ipse
3394 4148 3506 4188 non
3536 4149 3666 4203 pro-

2075 4221 2238 4277 cedat
2280 4221 2426 4276 sicut
2455 4220 2696 4292 Spiritns
2738 4229 2998 4289 sanctus,
3041 4232 3100 4279 et
3146 4223 3252 4280 alia
3294 4225 3554 4280 idiomata
3595 4227 3666 4280 ad

2075 4328 2206 4368 eum
2255 4312 2610 4382 pertinentia.
2660 4311 2869 4369 Eodem
2921 4315 3087 4370 modo
3129 4325 3216 4371 est
3261 4317 3568 4386 composita
3608 4326 3667 4374 et

2077 4419 2316 4474 persona
2339 4405 2610 4472 Palris,ct
2633 4403 2873 4476 Spiritus
2891 4406 3096 4473 sancti,
3133 4423 3243 4462 non
3268 4409 3444 4464 solius
3475 4408 3663 4464 Verbi.

393 4508 572 4574 ἁγίου,
603 4507 919 4578 Πνεύματος
967 4509 1002 4578 ἠ
1053 4505 1384 4569 ὑπόστασις·
1436 4505 1551 4570 πῶς
1590 4503 1685 4561 οὖν
1729 4509 1793 4562 ὲκ
1820 4510 1967 4564 τοῦδε

2084 4501 2289 4571 thuid
2326 4515 2460 4571 ergo
2493 4516 2562 4556 ex
2585 4501 2691 4556 hoc
2735 4501 2904 4556 nobis
2934 4503 3327 4558 enumeranda:
3353 4503 3408 4557 in
3443 4502 3666 4559 Christo

391 4599 568 4669 ἁπλῆς
599 4615 661 4652 τε
696 4601 785 4652 καὶ
819 4597 1074 4652 συνθέτου
1117 4597 1472 4661 ὑποστάσεως
1503 4599 1639 4668 ἡμῖν
1667 4597 1976 4668 ἐξαρίθμη-

394 4707 479 4754 σις
507 4689 899 4760 συναχθήσεται
947 4690 1044 4742 ἐπὶ
1092 4687 1186 4742 τοῦ
1227 4687 1440 4756 Λόγου;
1481 4687 1582 4756 μία
1629 4685 1738 4756 γὰρ
1777 4687 1973 4759 ἢαὺτή

391 4785 542 4838 ἔστιν
591 4783 658 4836 ἐκ
704 4781 968 4835 πλειόνων
1000 4780 1309 4852 ἰδιωμάτων
1349 4780 1682 4852 συγκειμένη
1711 4780 1804 4834 τὸν
1842 4781 1977 4834 ὑπο-

395 4875 648 4933 στατικὸν
665 4874 839 4942 Λόγον
866 4875 1057 4944 αὐτῆς.

970 4965 1225 5022 ΚΕΦΛΛ.
1256 4968 1386 5022 κεν.

478 5062 538 5114 '0
569 5059 644 5132 μὴ
673 5057 904 5130 διαιρῶν
943 5057 1038 5112 τοῦ
1087 5059 1329 5126 Χριστοῦ
1364 5057 1464 5122 τὰς
1509 5057 1861 5120 ὑποστάσεις.
1910 5059 1973 5110 οὑ

391 5151 618 5206 δύναται
649 5149 832 5217 λέγειν
863 5149 967 5202 τῶν
1001 5147 1095 5201 τοῦ
1130 5147 1368 5218 Χριστοῦ
1412 5149 1480 5202 τὰ
1535 5148 1634 5218 μὲν
1665 5148 1881 5218 θεότητι
1907 5147 1976 5202 τὰ

391 5240 449 5293 δὲ
490 5239 675 5310 σαρκὶ,
713 5236 851 5292 ἀλλὰ
890 5236 1068 5291 πάντα
1119 5235 1288 5305 σαρκὶ
1315 5236 1417 5289 ὅσα
1464 5239 1560 5290 καὶ
1607 5239 1791 5308 σαρκί.
1832 5239 1973 5292 ’Δλὶθ

392 5327 510 5381 ιστι
547 5329 644 5382 καὶ
671 5327 947 5398 διακρίσει
966 5327 1078 5382 τῶν
1107 5326 1327 5396 φύσεων
1359 5327 1670 5382 ἀποδιδόναι
1697 5330 1766 5383 τὰ
1797 5332 1976 5387 οἰκεῖα

391 5422 600 5477 τούτων
653 5423 944 5495 ἑκατέρῳ·
991 5424 1056 5476 οὑ
1127 5421 1238 5490 γὰρ
1292 5422 1620 5486 ὑποστάσεις
1685 5423 1977 5496 διαφόρους

394 5513 668 5577 συνιέντες
698 5514 879 5584 φαμὲν
906 5511 1004 5569 τοῦ
1033 5516 1099 5569 ἐκ
1139 5513 1330 5578 δεξιῶν
1363 5512 1564 5585 λῃστοῦ
1602 5516 1664 5568 ὲν
1703 5515 1782 5588 τῷ
1812 5535 1978 5572 σταυ-

467 5655 542 5721 (ηἰ)
574 5655 813 5712 Severus
843 5656 1226 5714 Antiocbcnus
1247 5656 1582 5728 patriarcha,
1609 5658 1663 5712 in
1689 5669 1847 5714 sexto
1869 5675 1975 5715 ste—

397 5728 487 5784 cul
513 5747 525 5778 ›
554 5743 764 5780 ramum
795 5743 998 5782 novum
1047 5729 1333 5796 protendit
1365 5728 1432 5781 ab
1464 5729 1806 5798 Entychiana
1863 5729 1976 5786 hm-

399 5798 506 5855 rcsi
535 5809 549 5848 :
577 5813 739 5853 unam
802 5813 922 5854 esse
967 5809 1219 5854 naturam
1286 5801 1338 5854 in
1386 5799 1630 5866 Christo,
1697 5800 1978 5868 dicebant,

2081 4601 2138 4646 et
2161 4590 2416 4660 simplex,
2441 4599 2500 4646 et
2523 4591 2830 4662 composita
2852 4607 3088 4662 persona
3120 4592 3522 4650 adducuntur?
3546 4595 3664 4652 Una

2081 4683 2233 4738 enim
2283 4690 2342 4736 et
2374 4684 2569 4738 eadem
2624 4693 2711 4738 est
2739 4725 2754 4749 ,
2806 4700 2874 4739 ex
2901 4684 3154 4756 pluribus
3198 4686 3706 4757 proprietatibus,.

2080 4791 2208 4831 cum
2249 4775 2447 4841 Verbo,
2480 4775 2535 4831 in
2567 4791 2800 4848 persona
2834 4778 2956 4849 ejus
2987 4779 3290 4838 essistens.

2700 4958 2854 5015 CAP.
2896 4959 3069 5014 XXV.

2153 5053 2256 5122 Qui
2285 5051 2492 5108 Christi
2523 5067 2789 5124 personas
2847 5069 2960 5107 non
2993 5051 3288 5126 distinguit
3322 5071 3494 5120 ,.non
3571 5070 3670 5127 po-

2085 5153 2190 5200 test
2245 5144 2533 5200 tractando
2587 5145 2656 5199 de
2713 5143 2948 5201 Christo
3005 5145 3123 5200 lucc
3193 5146 3518 5213 divinitati,
3565 5147 3666 5202 ista

2083 5239 2302 5309 corpori
2342 5238 2620 5305 tribuere;
2683 5238 2882 5294 omnia.
2907 5238 3090 5294 carnis
3137 5249 3322 5295 erunt.
3379 5241 3554 5296 Porro
3577 5239 3665 5293 di-

2083 5331 2301 5387 stinctis
2329 5332 2565 5395 naturis,
2617 5339 2804 5401 potest
2826 5331 3030 5403 cuique
3077 5331 3276 5386 horum
3323 5347 3484 5386 suum
3539 5346 3668 5400 pro-

2083 5424 2266 5494 prium
2298 5423 2540 5479 restitui.
2565 5422 2686 5479 Non
2705 5425 2856 5481 enim
2887 5425 3134 5482 diversas
3164 5440 3428 5496 personas
3460 5423 3665 5478 intelli-

2079 5518 2282 5593 gimus,
2313 5516 2534 5587 quando
2553 5515 2624 5572 de
2653 5517 2868 5574 latrone
2899 5517 2968 5572 ad
2991 5517 3272 5572 dexteram
3295 5514 3556 5570 crucii‘uo
3585 5515 3671 5570 di-

2087 5676 2370 5786 gnumque
2393 5659 2765 5731 compositum
2803 5659 3035 5722 naturis,
3116 5673 3358 5726 pcrsoua
3403 5657 3672 5714 ciiorma~

2128 5741 2243 5786 :llli.
3629 5765 3635 5771 .

2128 5741 2243 5786 illli.
3629 5765 3635 5771 .
