3858 6156
317 326 338 389 l
351 327 454 391 589

1221 323 1619 385 ADV'EBSUS
1654 325 2198 392 NESTURIANOS.
2236 353 2304 368 ’-
2345 333 2489 392 LIB.
2533 331 2612 392 Π.

3412 336 3548 402 15'30
3587 345 3599 351 ’

309 435 553 490 ἐναντίον
577 433 685 487 ἔδει
705 433 980 499 συνάγειν,
1004 422 1052 485 ὦ
1075 429 1353 502 ἄνθρωπε·
1388 434 1416 486 ό
1445 433 1753 502 προστιθεὶς
1771 433 1880 504 γάρ

1988 453 2016 492 ο
2046 439 2230 504 homo,
2253 439 2690 494 concludendum
2718 447 2857 494 erat.
2892 439 3139 512 Simplici
3163 441 3310 498 enim
3333 445 3377 499 si
3415 448 3548 515 quid
3623 509 3631 522 ε

314 546 364 582 τι
389 527 468 598 τῷ
499 527 691 596 ἁπλῷ,
723 526 784 578 ού
815 527 878 577 τὸ
907 523 1078 594 ἥμισυ
1102 522 1268 576 αὑτοῦ
1297 524 1538 594 ἀφαιρεῖ,
1568 523 1682 577 ἀλλ’
1709 525 1879 578 ἐπαύ-

312 621 394 687 ξει
426 619 547 674 τόδε
593 618 792 689 μᾶλλον
831 615 918 669 διὰ
946 613 1046 684 τῆς
1076 613 1374 678 συνθέσεως
1392 631 1407 648 ⁸
1434 615 1640 686 Τριάδα
1678 614 1774 669 οὖν
1795 615 1876 670 εἷ-

315 729 400 764 ναι
427 709 797 780 ὁμολογοῦμεν
845 705 1042 776 ὀρθῶς,
1081 706 1210 774 μιᾶς
1240 721 1300 758 τε
1351 704 1516 759 οὖσαν
1563 706 1656 759 καὶ
1699 705 1879 774 ἁπλῆς

315 801 550 869 φύσεως⁹
581 798 934 853 ὑποστάσεων
955 797 1013 851 δὲ
1040 797 1210 852 πάλαι
1247 798 1344 868 μὲν
1377 797 1484 850 τῶν
1519 795 1687 866 τριῶν
1717 799 1882 850 ἀσυν-

313 895 484 957 θέτως
515 895 610 948 καὶ
646 892 862 963 ἀμιγῶς
885 892 1124 962 ἐχουσῶν
1151 891 1308 961 τήνδε
1351 891 1530 944 αὐτῶν
1572 891 1880 964 ἁπλουστά-

313 1003 412 1056 την
445 983 607 1054 φύσιν
662 986 722 1038 ὲν
769 985 1008 1047 ἑαυταῖς,
1041 983 1162 1038 νυνὶ
1185 983 1245 1036 δὲ
1285 983 1387 1052 τῆς
1419 985 1548 1052 μιᾶς
1576 983 1754 1036 αὑτῶν
1779 982 1880 1052 τὴν

313 1077 550 1144 φυσικὴν
585 1075 870 1144 ἁπλότητα
897 1075 1001 1143 τῆς
1045 1073 1182 1138 ἰδίας
1200 1073 1460 1142 ’θεότητος
1494 1074 1637 1144 ἔχειν
1662 1076 1720 1128 ὲν
1750 1091 1875 1126 συν-

311 1167 463 1219 θέσει
493 1169 560 1236 τῇ
607 1164 742 1235 πρὸς
787 1165 886 1236 τὴν
919 1164 1196 1234 ἡμετέραν
1233 1163 1397 1231 φύσιν
1441 1163 1758 1234 όρωμένης”
1790 1163 1880 1216 ἵνα

313 1259 422 1328 γὰρ
449 1256 866 1326 ὲγκολπώσηται
895 1255 963 1308 τὰ
993 1254 1099 1308 ῐδια
1122 1253 1483 1326 προϐλήματα
1501 1255 1535 1324 ἡ
1565 1253 1787 1322 Θεότης,
1818 1252 1882 1322 ἦ-

313 1367 395 1412 τις
422 1348 578 1418 Λόγῳ
609 1347 862 1418 ἀληθείας
897 1345 1212 1416 ἀπεκύησεν
1255 1345 1402 1416 ἡμᾶς
1431 1345 1600 1415 ἤγουν
1633 1344 1712 1414 τῷ
1741 1342 1877 1414 Υίῷ,

319 1439 532 1510 μακρὰν
565 1437 734 1508 αὐτῆς
768 1436 1227 1507 ἀπεσχοινισμὲνα
1247 1475 1264 1502 ,
1310 1435 1398 1489 διὰ
1439 1435 1542 1504 τῆς
1575 1434 1745 1504 αὐτῆς
1773 1433 1880 1486 τῶν

315 1529 482 1600 τριῶν
515 1530 644 1600 μιᾶς
675 1530 1026 1592 ὑποστάσεως
1053 1529 1274 1599 ἑαυτῆς,
1304 1527 1372 1580 δι’
1403 1520 1472 1598 ἦς
1504 1527 1599 1580 καὶ
1645 1525 1882 1596 προεϐά-

314 1621 436 1672 λετο
457 1619 524 1673 τὰ
547 1621 682 1674 ὄντα
719 1621 800 1685 είς
829 1621 888 1674 τὸ
913 1615 1086 1681 εἶναι,
1123 1617 1416 1672 ἀνελάϐετο
1448 1617 1610 1671 πάλιν
1637 1615 1774 1670 αὑτὰ
1802 1617 1884 1679 εἰς

315 1713 512 1782 ἑαυτήν
529 1731 541 1744 ·
567 1713 644 1784 τῷ
685 1713 760 1783 μὴ
809 1711 1206 1782 ὲκφοιτητικῶς
1231 1709 1422 1780 ἔχοντα
1449 1709 1586 1780 πρὸς
1610 1708 1699 1762 τὸν
1730 1705 1880 1770 ὄντα,

1979 528 2278 594 addideris,
2303 545 2414 583 non
2443 540 2650 598 partem
2681 529 2964 586 dimidiam
2995 531 3169 602 ipsius
3191 534 3427 598 auferes,
3455 537 3552 591 sed
3605 588 3616 594 -

1980 617 2152 687 magis
2207 617 2342 672 illud
2399 617 2680 673 additieue
2741 620 2985 690 augebis.
3047 621 3372 678 Trinitatem
3420 612 3612 694 ergoW

1979 719 2126 763 recte
2159 709 2516 775 confitemur,
2553 717 2761 766 natura:
2810 713 2974 768 unius
3009 721 3067 768 et
3098 715 3382 785 simplicis.
3437 718 3554 772 l-lu-

1975 799 2065 869 jus
2089 805 2274 852 autem
2317 809 2429 854 tres
2457 815 2706 870 persona:
2755 801 2913 856 istam
2943 803 3406 872 simplicissima‘m
3453 823 3552 860 na-

1981 897 2158 942 turam
2199 888 2258 942 in
2307 905 2368 944 se
2420 889 2554 958 ipsis
2603 891 2722 946 sine
2779 892 3038 948 mistione
3079 905 3136 950 et
3181 895 3591 950 additamento--

1979 979 2658 1044 hactenusservabaut,et
2684 997 2832 1036 nunc
2863 997 2970 1038 una
3003 998 3069 1038 ex
3095 983 3228 1054 ipsis
3247 985 3389 1040 hanc
3417 985 3554 1040 sim-

1977 1071 2176 1142 plicem
2201 1079 2454 1126 naturam
2483 1072 2722 1141 propria:
2761 1073 3071 1130 divinitatis
3110 1077 3320 1131 unitam
3351 1085 3556 1133 nostrae

1979 1171 2190 1218 naturas
2240 1163 2444 1218 habere
2471 1163 2586 1218 visa
2626 1173 2732 1219 est.
2780 1165 3050 1222 Divinitas
3091 1169 3240 1222 enim
3285 1185 3408 1240 quae
3454 1185 3556 1240 per

1980 1254 2220 1309 Verbum
2267 1253 2537 1317 veritatis,
2585 1254 2700 1308 sive
2730 1253 2960 1321 Filium,
2994 1271 3095 1311 nos
3132 1267 3435 1322 creaverat,
3485 1269 3548 1313 ut

1980 1359 2108 1400 suas
2143 1354 2428 1400 creaturas
2464 1345 2622 1414 longe
2673 1347 2992 1402 aberrantes
3029 1349 3096 1403 ad
3155 1364 3215 1403 se
3247 1363 3551 1412 revocaret.

1981 1453 2080 1507 per
2097 1437 2346 1492 eamdem
2369 1453 2438 1492 ex
2472 1438 2650 1492 tribus
2677 1455 2967 1508 personam
2998 1456 3096 1511 per
3121 1457 3284 1511 quam
3318 1445 3465 1498 entia
3499 1445 3568 1498 in

1979 1539 2101 1579 esse
2131 1525 2458 1594 projeeerat,
2489 1540 2554 1582 ea
2585 1526 2650 1581 ad
2696 1541 2754 1582 se
2786 1543 2982 1584 rursus
3022 1530 3240 1586 reduxit
3260 1571 3275 1593 ,
3311 1548 3380 1588 ne
3411 1535 3558 1603 aspi-

1981 1625 2166 1671 rantes
2197 1617 2266 1672 ad
2304 1617 2471 1672 vitam
2521 1618 2846 1674 deciderent
2889 1620 2946 1676 in
2994 1633 3229 1678 mortem
3271 1631 3554 1680 retentam.

1984 1707 2100 1762 Hoc
2122 1724 2253 1780 ergo
2289 1725 2455 1764 unam
2485 1719 2756 1774 naturam,
2787 1727 2885 1766 seu
2911 1727 3202 1782 personam
3243 1732 3353 1770 non
3385 1717 3558 1772 dedo-

315 1803 532 1856 ἀπιέναι
587 1804 667 1864 εἰς
719 1803 806 1856 ἀεὶ
857 1802 994 1872 πρὸς
1033 1801 1098 1854 τὸ
1148 1799 1226 1870 μὴ
1256 1798 1396 1853 εἶναι
1418 1815 1434 1830 ο
1468 1797 1628 1852 τοῦτο
1664 1791 1759 1850 οῦν
1782 1795 1882 1866 τὴν

1988 1806 2089 1864 eet,
2119 1799 2220 1856 sed
2263 1809 2455 1855 contra
2481 1801 2642 1856 valde
2679 1802 2932 1868 honorat,
2963 1805 3010 1858 si
3053 1804 3345 1877 diligenter
3393 1808 3559 1878 inspi-

321 1895 448 1963 μίαν
469 1893 632 1962 φύσιν
653 1894 685 1962 ἢ
709 1891 1006 1946 ὑπόστασιν
1034 1891 1094 1944 οὐ
1122 1889 1463 1959 καθυϐρίζει·
1489 1887 1799 1942 τούναντίον
1819 1886 1878 1940 δὲ

319 1985 462 2054 τῷγε
493 1983 698 2054 νοερῶς
750 1982 1101 2054 προσέχοντι,
1143 1981 1236 2034 καὶ
1285 1977 1660 2047 ὑπερδοξάζει·
1691 1975 1882 2046 ὥσπερ

319 2079 426 2144 γὰρ
457 2074 548 2128 διά
571 2091 630 2126 τε
671 2072 998 2143 ἀγεννησίας
1027 2071 1120 2125 καὶ
1158 2071 1462 2140 γεννήσεως
1497 2069 1589 2122 καὶ
1615 2064 1883 2138 ἐκπορεύ-

317 2181 458 2227 σεως
510 2163 770 2217 δύνασθαι
819 2161 1084 2234 ὑπάρχειν
1131 2159 1332 2228 ἑαυτὴν
1377 2157 1747 2226 συνεστήσατο
1795 2153 1886 2208 διὰ

317 2256 425 2308 τῶν
453 2255 640 2309 ἁπλῶν
681 2255 842 2322 ιὺτῆς
877 2253 1251 2310 ὑποστάσεων,
1283 2249 1425 2302 οὑτω
1449 2247 1543 2302 καὶ
1571 2247 1658 2300 διὰ
1693 2245 1882 2300 συνθέ-

319 2363 455 2408 σεως
481 2344 878 2412 ὑποστατικῆς,
903 2343 1102 2413 ἑαυτὴν
1127 2341 1471 2412 παρέστησεν
1510 2339 1777 2408 ὑπάρχειν
1801 2335 1885 2390 δύο

316 2423 676 2490 νασθαυάαὶ
727 2437 894 2501 ἔδειξε
938 2435 1120 2502 πάσης
1160 2437 1465 2502 γεννήσεως
1498 2431 1594 2485 καὶ
1620 2431 1885 2500 ἐκπορεύ-

319 2519 458 2594 σεως
498 2530 594 2582 καὶ
637 2527 1036 2598 δημιουργικῆς
1079 2525 1380 2588 συνθέσεως
1414 2523 1512 2586 τὰς
1539 2522 1795 2590 δυνάμεις
1825 2520 1886 2586 ἐξ

1983 1886 2118 1942 eias.
2149 1886 2465 1944 Sicutenim
2497 1890 2553 1944 in
2571 1891 2915 1961 simplicibus
2933 1895 3202 1963 personis,
3226 1911 3334 1950 non
3351 1898 3566 1968 genita,

1980 1987 2037 2033 et
2057 1981 2262 2049 genita,
2296 1990 2354 2036 et
2377 1983 2682 2051 procedens
2709 1984 2917 2054 seipsas
2941 1986 3204 2042 exsistere
3239 2003 3398 2058 posse
3426 2005 3558 2044 con.

1986 2071 2112 2125 scite
2135 2081 2316 2138 erant,
2355 2072 2426 2127 ita
2457 2089 2558 2143 per
2599 2074 2860 2129 unionem
2891 2077 3288 2148 hypostaticam
3327 2080 3560 2136 manife-

1985 2167 2302 2228 staverunt;
2342 2169 2400 2217 et
2455 2177 2649 2220 omnes
2705 2165 3110 2236 generationis,
3165 2171 3556 2238 processionis,

1987 2252 2222 2307 actionis
2251 2255 2523 2323 potentias
2547 2255 2602 2310 in
2635 2257 2782 2311 entia
2807 2273 2837 2312 a
2865 2272 2923 2312 se
2956 2258 3272 2329 participari
3297 2260 3564 2330 probave-

1988 2349 2138 2405 runt,
2169 2342 2462 2412 omniaque
2506 2344 2769 2400 inferiora
2813 2361 2935 2401 esse
2981 2355 3097 2401 tum
3128 2347 3258 2402 huic
3303 2348 3562 2419 ingeniun

1988 2447 2236 2502 personae
2261 2434 2385 2490 aliis
2409 2437 2604 2507 majori
2631 2477 2646 2502 ,
2679 2445 2793 2493 tum
2823 2437 3168 2508 simplicitati
3192 2449 3400 2496 natum
3423 2440 3559 2496 sub-

1989 2523 2262 2580 stantialis
2293 2525 2460 2580 trium
2491 2542 2872 2597 personarum.

316 2620 486 2690 αὐτῆς
508 2615 647 2674 εἶναι
677 2621 736 2672 ὲν
757 2620 871 2680 τοῖς
899 2613 1070 2683 οὖσιν,
1091 2615 1378 2688 ὑπερέχειν
1406 2631 1465 2667 τε
1492 2613 1708 2668 πάντων
1771 2613 1910 2682 αὐτῇ
1947 2613 2246 2686 ἀγεννησίᾳ
2289 2618 2434 2672 κατὰ
2495 2618 2595 2688 τὴν
2647 2619 2871 2690 μείζονα
2911 2622 3021 2676 τῶν
3067 2625 3438 2689 ὑποστάσεων,
3469 2627 3588 2680 καὶ-

317 2717 578 2789 ἁπλότητι
609 2715 825 2788 φύσεως
853 2715 994 2770 κατὰ
1021 2713 1118 2786 τὴν
1154 2713 1264 2766 τῶν
1287 2711 1452 2782 τριῶν
1480 2708 1682 2779 ἑαυτῆς
1716 2705 2028 2778 προσώπων
2063 2709 2342 2766 οὐσίωσιν.

897 2811 1146 2865 ΚΕΦΑΛ.
1176 2811 1302 2865 AA'.

388 2910 450 2962 Ei
477 2907 576 2978 τὴν
609 2907 876 2979 διαίρεσιν
913 2908 1022 2960 τῶν
1069 2901 1416 2957 ὑποστάσεων
1458 2890 1558 2952 οὐκ
1591 2894 1889 2966 ἐφύλαττεν

315 3003 350 3068 ἡ
381 2999 586 3070 φυσικὴ
617 2999 830 3062 ἓνωσις,
881 2995 1001 3050 οὑδὲ
1049 2996 1156 3066 ἄρα
1181 2993 1272 3046 τὸν
1297 2991 1430 3044 Θεὸν
1457 2989 1630 3057 Λόγον
1661 2985 1892 3055 ἐφύλατ-

316 3109 406 3145 τεν
434 3093 573 3163 ὅπερ
610 3087 700 3161 ἧν,
727 3090 850 3144 οὐδὲ
871 3093 965 3143 τὸν
992 3087 1276 3156 ἄνθρωπον
1302 3085 1438 3152 ὅπερ
1467 3079 1714 3150 γέγονεν.
1743 3077 1885 3145 Ἀρα

2571 2808 2726 2866 CAP.
2763 2811 2958 2869 XXXI.
2973 2861 2988 2868 η

2055 2875 2173 2932 Nisi
2189 2875 2467 2934 distinctio
2483 2894 2842 2950 personarum
2855 2897 2978 2936 cum
2996 2881 3219 2952 physica
3235 2884 3437 2941 unione
3448 2901 3564 2942 scr-

1985 2976 2112 3022 vetu
2121 2984 2163 3033 r,
2183 2984 2364 3040 neque
2373 2969 2612 3026 Verbum
2629 2972 2724 3028 Dei
2737 2973 2880 3042 quod
2899 2984 3037 3041 erat,
3051 2991 3228 3046 neque
3241 2989 3405 3032 nomo
3415 2977 3596 3047 quod”

1986 3056 2162 3115 factus
2185 3067 2269 3113 est
2294 3061 2552 3115 servavit.
2571 3059 2679 3117 Sed
2705 3064 2954 3134 nunquid
2981 3061 3188 3120 ferrum
3205 3075 3260 3122 et
3278 3067 3416 3137 ignis
3432 3069 3564 3138 jun-

315 3176 410 3233 οὖν
440 3149 560 3233 οὑδέ
607 3149 700 3233 {si
738 3178 956 3249 σίδηρον
995 3149 1132 3246 ὅπερ
1171 3173 1310 3240 ἐστὶ,
1347 3149 1438 3224 κει
1466 3169 1528 3222 τδ
1575 3166 1688 3237 πῦρ
1715 3166 1883 3218 διστι

1988 3157 2073 3205 cta
2099 3149 2156 3204 in
2186 3165 2363 3204 massa
2389 3151 2658 3228 candenti
2672 3167 2827 3208 suam
2847 3159 3400 3214 naturamamittuut?
3421 3175 3586 3214 nun--

235 3243 242 3250 .
319 3231 576 3338 φυλάττει
607 3231 746 3322 κατὰ
769 3231 1157 3339 μύδρονιί)
1193 3231 1407 3328 ἕνωσις·
1434 3261 1552 3316 ἀλλ’
1587 3231 1708 3313 οὐδὲ
1742 3254 1883 3310 κατὰ

1988 3239 2121 3312 quid
2149 3255 2242 3296 ros
2267 3247 2324 3295 et
2347 3240 2569 3295 vellus?
2603 3241 2722 3296 Non
2759 3256 3082 3314 separantur
3109 3263 3389 3318 personae,
3431 3265 3585 3305 cum»

319 3363 414 3431 τὴν
459 3361 650 3431 δρόσον
686 3361 780 3414 καὶ
826 3361 918 3414 τὸν
961 3360 1145 3413 πόκονο
1189 3358 1312 3412 ἐπεὶ
1347 3354 1422 3426 μὴ
1453 3349 1774 3423 διορίζονται
1821 3344 1883 3400 αι

1989 3337 2066 3393 sit
2098 3334 2218 3389 sine
2241 3329 2411 3386 dubio
2433 3330 2658 3402 physica
2683 3334 2814 3389 unio
2850 3335 3043 3392 harum
3081 3344 3422 3395 naturarum.

318 3428 658 3526 ὑποστάσεις,
699 3458 930 3528 φυσικῆς
971 3454 1268 3526 προδήλως,
1309 3451 1476 3523 ἧγουν
1523 3447 1630 3502 τῶν
1673 3443 1888 3515 φύσεων
1923 3430 2122 3498 αὐτῶν,
2155 3428 2321 3500 οὔσης
2346 3428 2443 3500 τῆς
2471 3433 2735 3528 ἑνώσεως.

883 3548 928 3600 Κ
941 3545 1138 3600 ΕΦᾹΔ.
1196 3541 1320 3597 ΛΒ”.

390 3643 452 3695 Ei
486 3641 639 3710 μένει
667 3641 702 3710 ή
735 3639 934 3708 γνῶσις
971 3638 1068 3707 τῆς
1105 3635 1254 3699 θείας
1285 3633 1632 3696 ὑποστάσεως
1657 3633 1724 3702 τῇ
1767 3628 1889 3684 θεό-

319 3751 464 3802 τητι,
495 3731 591 3784 καὶ
625 3730 770 3798 μένει
801 3731 836 3800 ἡ
866 3729 1058 3796 ἄγνοια
1103 3727 1198 3782 τοῦ
1240 3723 1528 3796 ἀνθρώπου
1579 3725 1650 3795 τῇ
1699 3720 1887 3792 σαρκὶ,

327 3823 443 3885 πῶς
473 3823 542 3876 τὰ
574 3821 680 3874 τῶν
728 3819 1086 3874 ὑποστάσεων-
1130 3818 1283 3887 μένει
1335 3813 1661 3887 διῃρημένα,
1705 3811 1802 3866 καὶ
1831 3813 1887 3866 αι

319 3913 644 3973 ὑποστάσεις
680 3910 742 3963 οὐ
784 3909 1005 3980 μένουσι
1033 3907 1393 3980 διῃρημέναις
1457 3905 1598 3959 Ἀλλ’
1642 3907 1676 3976 ὴ
1725 3902 1888 3972 φύσις

319 4005 467 4058 ἐστὶν
503 4005 537 4068 ἦ
571 3999 848 4072 γνωστικὴ
878 4000 913 4070 ἢ
945 3998 1214 4068 ἀγνοοῦσα
1245 3997 1390 4052 κατὰ
1426 3996 1524 4068 τὴν
1553 3997 1884 4050 ὑπόστασιν·

316 4097 378 4149 οὐ
407 4095 516 4166 γὰρ
549 4093 738 4156 ἁπλῶς
778 4094 812 4162 ἡ
865 4090 1162 4154 ὑπόστασις
1182 4087 1460 4159 γινώσκει·
1484 4087 1580 4141 καὶ
1605 4086 1714 4157 γὰρ
1747 4082 1890 4140 πάν·

317 4205 428 4242 των
456 4181 532 4240 ὧν
565 4184 776 4240 Παύλου
803 4184 838 4254 ἡ
866 4182 1166 4245 ὑπόστασις
1211 4178 1492 4249 γινώσκει,
1523 4177 1674 4231 οὐδέν
1706 4193 1888 4248 φαμεν

317 4279 410 4332 τὸν
452 4279 618 4348 ΙΒνυχιι
666 4274 852 4339 αὑτοῦ,
905 4274 942 4346 ἦ
966 4290 1020 4327 τι
1065 4273 1175 4326 τῶν
1218 4271 1320 4342 τῆς
1369 4269 1687 4340 σωματικῆς
1721 4267 1886 4322 αὑτοῦ

321 4368 534 4436 φύσεως
565 4367 875 4436 γινώσκειν,
907 4363 1047 4419 ἀλλὰ
1077 4364 1234 4435 μόνον
1261 4361 1359 4434 τὴν
1393 4359 1626 4431 φυσικὴν
1657 4359 1886 4430 δύναμιν

321 4459 505 4520 αὐτοῦ,
535 4459 629 4512 καὶ
659 4457 816 4512 τοῦτο
846 4457 945 4528 τῆς
967 4455 1207 4526 ψυχικῆς
1243 4453 1402 4526 μόνον
1422 4453 1589 4525 ἡγουν
1615 4450 1707 4505 τὸν
1738 4451 1885 4504 νοῦν·

319 4547 441 4602 οὐδὲ
472 4548 576 4620 γὰρ
612 4551 794 4602 πᾶσαν
825 4547 992 4616 αὐτῆς
1026 4543 1261 4615 πρώτως
1303 4543 1404 4614 τὴν
1441 4541 1624 4612 φύσιν·
1649 4541 1766 4604 πῶς
1793 4536 1886 4594 οῦν

2551 3521 2706 3579 CAP.
2754 3522 2972 3581 XXXIL
2999 3575 3002 3578 .

2061 3611 2362 3669 Scientiam
2384 3613 2582 3669 divinae
2606 3629 2857 3684 personae
2871 3616 2919 3671 si
2947 3611 3208 3674 divinitas
3237 3625 3558 3689 servaverit,

1988 3712 2046 3758 et
2075 3719 2204 3759 caro
2229 3704 2588 3774 ignorantiam
2607 3707 2824 3772 .carnis,
2855 3723 2954 3762 cur
2983 3709 3242 3766 distincte
3285 3717 3560 3770 manenti-

1989 3795 2094 3851 bus
2121 3811 2477 3864 personarum
2518 3797 2968 3867 proprietatibus,
3022 3801 3153 3870 ipste
3194 3818 3438 3872 personae
3479 3807 3563 3860 di-

1988 3887 2200 3944 stinctu:
2243 3903 2368 3941 non.
2393 3887 2740 3943 manebunt!
2793 3888 2920 3945 Sed.
2952 3901 3147 3947 natura
3193 3909 3440 3962 persona:
3475 3899 3556 3951 vel

1987 3979 2300 4048 cognoscit,
2341 3979 2430 4034 vel
2489 3992 2598 4033 non
2655 3980 2938 4048 cognoscit
2994 3997 3009 4036 :
3053 3997 3163 4036 non
3187 3983 3334 4036 enim
3379 3987 3561 4040 omnis

1987 4084 2222 4139 persona
2253 4071 2552 4140 cognoscit.
2595 4069 2850 4126 Omnium
2882 4088 3004 4142 quae
3043 4075 3192 4130 novit
3221 4075 3372 4130 Pauli
3430 4092 3556 4146 per-

1989 4175 2144 4224 sona,
2183 4161 2460 4230 ungulam.
2483 4161 2568 4216 vel
2617 4162 2854 4230 aliquam
2911 4164 2995 4218 sui
3043 4165 3292 4234 corporis
3341 4177 3554 4236 partem

1987 4249 2222 4306 dicimus
2255 4250 2392 4305 nihil
2415 4251 2756 4319 cognovisse,
2790 4253 2885 4306 sed
2921 4248 3103 4308 unam'
3125 4257 3434 4311 naturalem
3469 4257 3556 4312 fa-

1985 4341 2268 4404 cultatem,
2301 4349 2358 4393 et
2395 4339 2540 4393 illam
2572 4339 2934 4408 spiritualem,
2965 4341 3018 4396 id
3041 4351 3126 4397 est
3161 4345 3497 4402 intellectum
3527 4367 3544 4405 :

1986 4442 2110 4482 non
2130 4425 2274 4480 enim
2317 4433 2428 4479 tota
2469 4436 2662 4480 natura
2695 4427 2815 4496 ejus
2853 4431 3239 4494 cognoscebat.
3275 4431 3386 4487 Cur
3425 4451 3557 4506 ergo

1987 4517 2054 4571 de
2087 4529 2320 4584 persona
2354 4513 2654 4582 diceretur,
2688 4516 2832 4586 quod
2863 4517 2931 4572 de
2959 4527 3154 4573 natura
3193 4519 3402 4577 dictum
3432 4525 3562 4580 est?

319 4640 384 4693 ἂν
409 4637 525 4692 εἷεν
553 4641 602 4694 oi
631 4641 728 4710 τῆς
757 4637 974 4709 φύσεως
1019 4636 1168 4704 λόγοι
1193 4639 1292 4704 τῆς
1319 4635 1672 4696 ὑποστάσεως
1699 4649 1722 4698 ;

897 4728 1147 4783 ΚΕΦΑΛ.
1179 4727 1297 4782 ΛΓ.

2557 4727 2706 4786 CAP.
2735 4730 2992 4790 ΧΧΧΙΙΙ..
3375 4789 3378 4792 .

394 4824 488 4875 ’Ἑν
517 4824 806 4891 πρόσωπον
825 4821 1121 4892 ἀπρόσιτον
1140 4819 1270 4872 Θεοῦ
1288 4821 1350 4871 ἐκ
1376 4819 1612 4887 φύσεως
1647 4837 1666 4872 ι
1697 4817 1883 4880 οὐδεὶς

2063 4819 2177 4875 Una
2196 4829 2282 4874 est
2310 4819 2406 4874 Dei
2434 4817 2601 4874 facies
2631 4821 2944 4888 invisibilis,
2962 4824 3098 4880 dicit
3123 4828 3317 4884 enim:
3341 4848 3360 4881 ι
3383 4837 3559 4888 Nemo

319 4915 446 4984 γὰρ,
463 4914 618 4983 φησι,
641 4912 829 4981 ὄψεται
855 4911 916 4965 τὸ
937 4911 1226 4980 πρόσωπόν
1244 4929 1342 4982 μου
1363 4912 1457 4965 καὶ
1476 4909 1720 4982 ζήσεταισ
1751 4929 1768 4962 ι
1795 4910 1883 4965 καὶ

1988 4911 2195 4967 videbit
2227 4913 2420 4968 faciem
2440 4930 2636 4980 meam,
2669 4916 2887 4973 etvivet
2907 4919 2952 4951 “
2978 4934 2998 4984 ;
3023 4939 3042 4970 ι
3072 4929 3253 4976 et,una
3271 4931 3359 4978 est
3390 4924 3558 4982 facies

317 5006 374 5056 ἓν
393 5005 678 5072 πρόσωπον
696 5001 1070 5072 ὲμπτυόμενον
1082 5001 1178 5054 ἀνθ
1187 5001 1390 5070 ρώπου’
1415 5021 1434 5054 ι
1460 5003 1567 5054 Καὶ
1587 5001 1883 5054 ἐνέπτυσαν

1990 5003 2230 5058 hominis
2245 5005 2546 5073 passibilis;
2577 5005 2940 5074 scriptumest
2963 5012 3109 5065 enim
3133 5027 3150 5066 :
3179 5013 3277 5066 ιΕι
3302 5021 3432 5070 tunc
3457 5032 3558 5072 ex-

318 5095 448 5166 γὰρ,
467 5095 620 5164 φησὶ,
648 5093 727 5155 εἰς
747 5093 808 5144 τὸ
831 5091 1120 5162 πρόσωπον
1147 5092 1333 5146 αὑτοῦ.
1370 5109 1388 5144 ι
1419 5095 1479 5146 Ei
1507 5092 1566 5145 ἓν
1592 5092 1883 5161 πρόσωπον

1988 5103 2224 5163 puerunt
2257 5094 2311 5148 in
2338 5094 2534 5150 faciem
2561 5095 2681 5166 ejus
2697 5097 2758 5152 ".
2785 5115 2803 5149 ι
2834 5097 2892 5154 Si
2919 5116 3051 5170 ergo
3081 5117 3187 5156 una
3209 5113 3293 5158 est
3321 5120 3555 5174 persona

319 5185 553 5256 Χριστοῦ
585 5186 734 5236 ἐστιν
784 5182 843 5246 ἐξ
883 5182 1146 5244 ἑνώσεως,
1177 5182 1285 5252 ἄρα
1337 5183 1460 5254 ἔχον
1507 5189 1564 5237 ἐν
1616 5183 1791 5254 ἑαυτῷ
1819 5185 1883 5236 τὸ

1988 5185 2187 5241 Christi
2209 5195 2330 5256 post
2343 5187 2933 5254 incarnationem,huic
2943 5192 3053 5248 erit
3064 5209 3170 5248 una
3183 5193 3351 5250 facies
3366 5197 3556 5251 invisi-

318 5277 608 5345 ἀπρόσιτον
660 5273 950 5344 πρόσωπον
978 5313 994 5336 ,
1047 5273 1140 5324 καὶ
1194 5273 1263 5325 τὸ.
1311 5275 1683 5345 ἐμπτυόμενον
1716 5273 1883 5344 πρόσ-

1989 5275 2136 5337 bilis.
2155 5276 2324 5330 altera
2352 5277 2645 5344 passibilis.
2668 5277 2773 5333 Sed
2804 5279 2905 5335 ista
2926 5281 3095 5339 facies
3117 5285 3210 5338 Dei
3236 5285 3550 5346 invisibilis.

319 5383 482 5420 ωπον.
521 5363 659 5416 Ἀλλ’
689 5363 813 5416 οὔτε
847 5362 906 5414 τὸ
928 5361 1021 5414 ἐπὶ
1046 5361 1182 5416 Ωεοῦ
1207 5363 1495 5432 εἰρημένον
1523 5363 1614 5414 τοῦ
1646 5363 1878 5432 ἀοράτου

1988 5365 2055 5420 de
2074 5382 2181 5435 qua
2197 5366 2544 5434 qumstioest,
2567 5383 2672 5436 pro
2689 5385 2920 5438 persona
2937 5373 3208 5444 accipitur
3233 5392 3252 5428 :.
3269 5391 3376 5430 non
3402 5377 3550 5429 enim

319 5459 628 5526 πρόσωπον,
671 5455 746 5518 ὡς
781 5452 1076 5516 ὑπόστασις
1111 5451 1348 5519 ἐλέγετο,
1402 5454 1530 5523 περὶ
1580 5447 1640 5508 οὗ
1691 5453 1786 5506 νῦν
1818 5455 1878 5508 τὸ

1988 5457 2144 5510 unica
2168 5463 2252 5510 est
2289 5455 2383 5510 Dei
2419 5473 2670 5526 persona,
2697 5461 2792 5516 sed
2821 5463 3036 5532 triplex.
3065 5465 3158 5520 Illa
3187 5465 3333 5520 enim
3359 5465 3553 5522 invisi-

320 5550 669 5620 ζητούμενον·
701 5550 762 5602 οὑ
794 5549 900 5617 γὰρ
932 5546 988 5598 ἓν
1025 5547 1181 5614 μόνον
1202 5544 1264 5598 τὸ
1291 5545 1383 5599 τοῦ
1412 5547 1548 5598 θεοῦ
1585 5546 1872 5614 πρόσωπόν

1988 5549 2110 5603 bilis
2131 5549 2296 5602 facies
2317 5550 2582 5604 noudieta
2607 5559 2690 5606 est
2719 5569 2824 5607 una
2847 5570 2967 5610 esse
2993 5572 3022 5610 ο
3044 5555 3344 5621 Trinitate;
3373 5574 3547 5629 neque

387 5691 430 5722 ¹⁹
459 5693 626 5745 Exod.
669 5706 848 5752 \'.\'\l!l,
883 5689 971 5741 ‘20.
1051 5687 1092 5716 "
1123 5687 1309 5740 Matth.
1339 5703 1481 5746 xxvi.
1509 5689 1589 5742 (Π.
