3932 6152
421 281 554 354 1591

1698 289 2010 352 LEONTII
2051 291 2460 356 BYZANTINI

3583 286 3744 352 1532

415 415 544 458 cum
582 400 933 470 oppositione
982 411 1245 474 usurpata
1291 414 1376 463 est
1419 403 1489 460 ab
1536 421 1643 460 una
1689 406 2001 463 divinarum

2106 409 2239 472 lati,
2273 407 2410 464 ἀλλὰ
2458 404 2604 478 τρια·
2657 404 2760 458 οὐκ
2798 403 2864 458 ἂν
2899 403 3008 475 γὰρ
3043 401 3240 467 ἑνικῶς
3290 397 3436 457 εἶναι
3489 403 3738 474 ἒρῤήθη

415 503 803 560 personarum,
851 493 1008 562 quasi
1034 494 1156 550 alia:
1188 493 1312 550 duae
1339 496 1838 553 consubstantiales
1864 499 2005 554 divi-

415 596 544 634 nam
593 579 792 637 faciem
819 583 1093 639 visibilem
1129 601 1243 654 prae
1289 601 1350 642 se
1389 585 1604 653 ferant‘,
1643 595 1702 644 ct
1739 605 1850 645 una
1881 606 2007 660 quae

414 672 665 742 loquitur
690 673 1028 731 invisibilcm
1059 677 1293 745 habeat;
1335 679 1432 734 sed
1463 682 1690 736 nomine
1722 680 1881 737 faciei
1915 683 2002 739 in-

416 763 710 820 dicebatur
737 773 950 822 naturae
965 767 1086 836 ejus
1103 767 1268 833 visio,
1296 777 1355 824 et
1376 771 1646 826 naturalis
1679 771 1776 826 Dei
1803 773 2002 836 forma,

415 851 564 922 quod
613 853 758 910 idem
798 870 912 910 non
956 865 1044 912 est
1075 872 1142 912 ac
1177 872 1436 927 persona.
1486 858 1578 914 Sic
1625 859 1826 916 iterum
1856 861 2006 932 quod

416 959 673 1013 persona,
717 947 824 1003 hoc
852 963 964 1004 non
992 957 1078 1004 est
1125 948 1299 1005 facies
1339 949 1547 1006 Christi
1581 967 1705 1022 qua;
1735 963 2003 1025 consputa

417 1033 552 1101 fuit;
601 1036 706 1092 ista
757 1037 906 1092 enim
952 1055 1081 1109 pars
1111 1038 1217 1095 fuit
1257 1055 1370 1094 non
1414 1040 1580 1096 modo
1611 1040 1851 1108 Christi,
1904 1043 2003 1099 sed

415 1124 586 1180 etiam
625 1127 866 1184 hominis
892 1129 947 1184 in
973 1129 1118 1199 ipso,
1165 1140 1222 1186 et
1251 1146 1447 1187 rursus
1485 1145 1657 1187 unum
1689 1134 2002 1190 membrum

414 1218 667 1287 corporis
699 1220 842 1290 ejus,
897 1228 1096 1290 caput;
1149 1237 1252 1277 nec
1282 1230 1458 1278 totum
1505 1231 1702 1295 caput,
1739 1225 1835 1282 sed
1874 1241 2005 1296 pars

413 1307 538 1378 ejus
565 1310 838 1376 anterior,
867 1321 926 1366 et
941 1326 1005 1367 ea
1033 1311 1274 1382 denique
1299 1329 1424 1384 quae
1440 1323 1527 1370 est
1547 1315 1760 1372 circum
1788 1317 2001 1372 oculos.

414 1398 474 1455 Si
501 1414 634 1472 ergo
668 1401 776 1457 hoc
813 1418 925 1458 uno
953 1404 1126 1460 verbo
1147 1403 1490 1476 significatur
1513 1407 1720 1464 Christi
1743 1425 2001 1480 persona,

412 1505 526 1546 non
565 1501 747 1548 autem
778 1507 844 1550 ea
873 1510 998 1565 qua:
1025 1504 1222 1566 pectus
1246 1496 1613 1563 circumdant,
1642 1515 1747 1556 nec
1782 1516 2001 1568 manus,

412 1597 515 1638 nec
564 1583 757 1654 pedes.
798 1599 980 1656 neque
1025 1594 1221 1643 caetera
1271 1589 1520 1645 membra
1565 1593 1816 1662 corporis
1859 1595 2000 1664 ejus,

411 1675 531 1732 sive
562 1678 688 1748 puri
725 1678 990 1743 hominis,
1042 1679 1159 1735 sive
1201 1679 1303 1736 Dei
1331 1681 1404 1737 sit
1431 1696 1668 1752 persona
1709 1692 1765 1738 et
1809 1683 1999 1750 facies,

410 1765 716 1824 dicendum
771 1771 880 1826 erit
926 1773 1246 1829 necessario
1293 1788 1416 1829 esse
1457 1783 1718 1831 extranea
1754 1792 2004 1847 persona:

409 1859 626 1930 reliqua
655 1863 777 1932 ejus
825 1864 1074 1919 membra
1104 1879 1226 1935 qua:
1249 1864 1448 1930 oculis,
1489 1874 1586 1922 aut
1617 1881 1715 1922 ore
1754 1881 1866 1922 non
1895 1869 2004 1923 cir-

406 1952 883 2009 cumscribuntur.
916 1952 1076 2020 Quod
1111 1953 1322 2010 dictum
1357 1953 1646 2010 manifeste
1676 1964 1764 2012 est
1791 1957 2000 2028 puerile

407 2042 497 2097 vel
530 2043 918 2114 sopbisticum.

2109 501 2214 556 t'mb
2233 501 2334 570 τῆς
2361 499 2646 570 Θεότητος,
2669 495 2793 551 οὔτε
2823 495 2964 550 κατὰ
2986 495 3422 565 ἀντιδιαστολὴν,
3451 496 3586 549 ὑπὸ
3605 497 3742 560 ὲνδς

2107 593 2217 647 τῶν
2253 592 2414 646 θείων
2463 589 2773 661 προσώπων
2826 589 2945 641 ἐστὶ
2989 587 3288 657 λεγόμενον
3323 588 3388 641 τὸ
3437 588 3734 658 ἀόρατον,

2107 685 2184 749 ῶς
2215 683 2324 738 τῶν
2353 683 2658 753 ὁμοουσίων
2681 681 2884 751 ἑτέρων
2927 679 3042 743 δύο,
3087 677 3305 749 ὁρατῶν
3330 678 3519 732 όντων
3555 679 3737 732 θείων

2108 778 2420 849 προσώπων
2443 821 2459 844 ,
2502 777 2596 830 τοῦ
2634 773 3070 847 χρηματίζοντος
3117 772 3176 826 δὲ
3238 772 3406 842 μόνου
3455 774 3736 842 ἀοράτου
3797 837 3806 843 τ

2105 871 2484 941 τυγχάνοντος·
2517 869 2636 923 ἀλλ’
2668 869 2701 937 ἡ
2731 868 2834 937 τῆς
2867 865 3084 936 φύσεως
3127 863 3295 918 αὑτοῦ
3329 864 3741 925 κατόπτευσις
3808 858 3816 863 ’

2107 960 2362 1034 ιδηλοῦτο
2394 963 2483 1016 διὰ
2511 961 2606 1015 τοῦ
2655 957 2951 1031 προσώπου
2975 998 2992 1022 ,
3041 957 3136 1010 καὶ
3167 955 3232 1009 τὸ
3281 955 3533 1025 φυσικδν
3575 951 3736 1017 εἶδος

2103 1055 2202 1109 τοῦ
2229 1054 2387 1119 Θεοῦ,
2420 1053 2558 1124 ὅπερ
2605 1052 2666 1106 ού
2693 1051 2890 1107 ταυτὸν
2932 1052 3136 1104 νοεῖται
3160 1050 3232 1118 τῇ
3264 1047 3585 1100 ὑποστάσει
3641 1046 3730 1098 δν-

2107 1145 2188 1200 ἔτι
2231 1147 2292 1200 δὲ
2335 1147 2399 1202 οὐ
2442 1147 2638 1202 ταυτόν
2670 1149 2784 1200 ἐστι
2827 1146 2894 1215 τῇ
2931 1142 3227 1196 ὑποστάσει
3270 1138 3441 1193 αὐτοῦ
3492 1138 3636 1191 οὐδὲ
3667 1137 3734 1189 τὸ

2067 1259 2072 1262 ·
2106 1233 2420 1308 ὲμπτυσθὲν
2449 1233 2687 1309 Χριστοῦ
2714 1235 3035 1308 πρόσωπον·
3064 1231 3230 1303 μέρος
3263 1229 3374 1298 γάρ
3405 1231 3542 1282 ἐστι
3577 1230 3737 1281 ἐκεῖ·

2069 1361 2076 1368 -
2105 1345 2185 1391 νο,
2225 1327 2288 1382 ού
2336 1327 2498 1400 μόνον
2544 1325 2805 1398 Χριστοῦ,
2833 1323 2974 1378 ἀλλὰ
3003 1323 3098 1376 καὶ
3123 1321 3220 1374 τοῦ
3251 1321 3373 1374 κατ’
3410 1318 3598 1372 αὐτὸν
3629 1320 3733 1370 ἀν-

2107 1419 2352 1490 Θρώπου·
2383 1419 2480 1474 καὶ
2509 1421 2699 1472 τούτου
2724 1418 2834 1471 τῶν
2861 1413 3193 1487 σωματικῶν
3218 1412 3405 1483 μερῶν
3429 1411 3520 1475 ἓν,
3546 1412 3734 1480 ἤγουν

2103 1514 2152 1583 η’
2176 1511 2385 1583 κεφαλή
2413 1527 2427 1542 ·
2454 1511 2546 1565 καὶ
2579 1511 2734 1580 ἀὑτὴ
2760 1509 2816 1562 δὲ
2861 1509 2960 1578 οὐχ
2998 1507 3094 1576 ὅλη
3115 1547 3129 1570 ,
3163 1505 3300 1558 ἀλλὰ
3331 1503 3396 1556 τὸ
3431 1504 3498 1556 ἓν
3543 1503 3729 1572 αὐτῆς

2106 1603 2342 1675 πλευρὸν
2378 1601 2564 1666 ἁπλῶς
2607 1601 2671 1654 τδ
2701 1598 3058 1670 ἑμπρόσθιον,
3084 1598 3179 1650 καὶ
3204 1593 3342 1666 πρὸς
3368 1595 3510 1655 τοῦς
3559 1587 3730 1655 ὦπας

2109 1695 2275 1768 μέρος
2298 1696 2488 1765 αὐτῆς·
2527 1695 2577 1748 ει
2607 1689 2700 1747 οῦν
2734 1691 2870 1760 τῷδε
2899 1693 2928 1746 ὁ
2953 1691 3054 1760 τῆς
3075 1687 3436 1748 ὑποστάσεως
3454 1684 3568 1738 τοῦ
3597 1687 3730 1755 Χρι⁹

2107 1785 2233 1840 στοῦ
2281 1785 2438 1856 λόγος
2468 1785 2723 1858 δηλοῦται
2763 1784 2932 1856 μόνῳ,
2965 1781 3088 1836 ἐπεὶ
3135 1780 3211 1852 μὴ
3253 1777 3728 1852 ὲμπεριὼριστατ

2108 1878 2258 1950 αύτῷ
2288 1879 2536 1950 στέρνον,
2577 1879 2670 1930 καὶ
2703 1878 2762 1931 αἱ
2811 1877 3014 1946 χεῖρες,
3059 1873 3155 1926 καὶ
3189 1874 3239 1926 οξ
3283 1871 3470 1935 πόδες,
3511 1873 3624 1925 καὶ
3657 1871 3732 1925 τὰ

2105 1962 2268 2018 λοιπὰ
2299 1963 2394 2018 τοῦ
2436 1965 2709 2036 σώματος,
2755 1962 2866 2016 εἴτε
2896 1959 3056 2023 ψιλοῦ
3097 1959 3390 2029 ἀνθρώπου
3414 2000 3430 2024 ,
3465 1960 3594 2012 εἴτε
3624 1954 3734 2012 οὗν

2103 2050 2242 2106 Θεοῦ
2293 2053 2498 2124 ἐστινή
2529 2052 2832 2115 ὑπόστασις
2868 2049 3111 2122 Χριστοῦ
3165 2049 3258 2102 καὶ
3297 2048 3359 2100 τὸ
3400 2048 3732 2117 πρόσωπον

408 2138 624 2211 ἀνάγκη
658 2139 817 2204 ἐκτὸς
844 2137 984 2194 εἶναι
1017 2139 1179 2211 τῆσδε
1205 2139 1305 2212 τῆς
1328 2140 1682 2207 ὑποστάσεως
1724 2143 1902 2198 πάντα
1932 2145 2000 2199 τὰ
2025 2145 2162 2200 ἄλλα
2209 2147 2344 2219 μέλη
2379 2147 2572 2218 αὐτῆς,
2615 2147 2715 2201 ὅσα
2751 2145 2825 2218 μὴ
2878 2149 2910 2218 ἡ
2948 2145 3092 2216 ὁψις,
3129 2143 3296 2214 ἤγουν
3323 2143 3352 2195 ὁ
3385 2143 3728 2214 χαρακτὴρ.

371 2235 743 2306 ,περιγράφει
777 2232 1060 2307 ταύτης·ἢ
1105 2235 1200 2290 οὖν
1233 2237 1540 2304 παιδιῶδες,
1569 2239 1604 2311 ἤ
1637 2239 1949 2308 σοφιστικὸν
2003 2240 2068 2296 τὺ
2121 2243 2410 2318 εἰρημένον
2439 2243 2568 2315 ὑμῖν
2593 2243 2802 2314 σαφῶς.

973 2330 1129 2388 CAP.
1177 2331 1418 2390 XXXIV.

477 2421 646 2477 Verbi
683 2421 779 2478 Dei
814 2437 1053 2493 persona
1085 2439 1196 2480 una
1218 2433 1305 2480 est
1327 2440 1438 2480 non
1461 2440 1530 2480 ex
1565 2425 1794 2492 unione,
1813 2427 1911 2483 sed
1930 2443 2001 2483 ex

408 2513 854 2580 natura;Christi
874 2529 1113 2586 persona
1135 2531 1244 2571 una
1276 2523 1362 2572 est
1389 2532 1458 2572 ex
1487 2517 1726 2585 unione;
1757 2519 2000 2589 atquisi,

409 2615 472 2660 ut
505 2605 735 2673 Christi,
759 2607 832 2664 ita
851 2618 909 2664 et
935 2609 1102 2665 Verbi
1125 2624 1363 2679 persona
1381 2625 1489 2664 una
1519 2619 1665 2665 esset
1683 2626 1748 2666 ex
1771 2611 1997 2676 unione,

411 2705 626 2753 certum
657 2710 808 2754 esset
849 2699 1090 2755 Verbum
1131 2700 1230 2755 Dei
1279 2709 1576 2771 antequam
1610 2717 1779 2756 unam
1811 2717 2002 2772 perso-

410 2807 540 2846 nam
577 2791 860 2859 habuerit,
893 2807 1014 2848 eam
1053 2805 1167 2847 non
1197 2792 1487 2858 habuisse,
1521 2795 1668 2849 haud
1701 2810 1883 2862 secus,
1935 2811 2000 2851 ac

409 2881 686 2940 Christus.
717 2883 824 2940 Sed
861 2885 952 2939 illa
979 2899 1090 2940 una
1123 2885 1396 2941 naturalis
1435 2901 1670 2958 persona
1703 2888 1868 2943 unius
1901 2903 2002 2943 na-

412 2987 552 3032 tura:
579 2975 750 3032 Verbi
805 2975 924 3043 Dei,
955 2977 1120 3033 etiam
1152 2986 1281 3048 post
1324 2979 1789 3046 incarnationem,
1843 2980 1999 3036 unita

2689 2337 2938 2394 ΚΕΦΛΛ.
2973 2337 3094 2393 ΛΔ’.

2176 2432 2250 2488 Τὸ
2266 2435 2554 2506 πρόσωπον
2583 2431 2676 2487 τοῦ
2697 2431 2834 2486 Θεοῦ
2857 2430 3034 2500 Λόγου
3053 2429 3154 2484 οὐκ
3172 2428 3322 2484 ἔστιν
3349 2429 3420 2483 ἐκ
3439 2428 3546 2499 τῆς
3573 2425 3722 2482 ἑνώ-

2107 2541 2246 2588 σεως
2276 2523 2354 2587 ἓν,
2383 2523 2522 2578 ἀλλὰ
2550 2525 2616 2578 ὲκ
2649 2523 2896 2594 φύσεωςο
2919 2523 2982 2574 τὸ
3010 2521 3305 2594 πρόσωπον
3329 2520 3429 2574 τοῦ
3459 2520 3716 2592 Χριστοῦ

2111 2619 2178 2670 ὲκ
2205 2615 2308 2688 τῆς
2329 2612 2576 2680 ἐνώσεώς
2600 2617 2750 2670 ἐστιν
2771 2613 2830 2668 ἒν
2851 2631 2867 2646 ·
2905 2613 2955 2666 εξ
2979 2613 3089 2685 γὰρ
3122 2615 3186 2667 ὲκ
3222 2613 3324 2683 τῆς
3354 2612 3619 2676 ἐνώσεως
3633 2607 3718 2684 ἦν

2105 2707 2168 2761 τὸ
2197 2705 2256 2760 ἐν
2284 2706 2574 2778 πρόσωπον
2597 2706 2692 2759 τοῦ
2721 2704 2858 2760 Θεοῦ
2881 2703 3084 2772 Λόγου,
3115 2704 3310 2775 ῶσπερ
3353 2703 3419 2756 τὺ
3443 2703 3545 2756 τοῦ
3573 2705 3618 2756 Χ
3629 2721 3718 2772 ρει-

2109 2800 2258 2864 στοῦ,
2283 2799 2440 2872 δῆλον
2481 2800 2563 2853 ὅτι
2596 2799 2726 2869 πρὶν
2756 2800 2984 2868 γένηται
3011 2799 3042 2852 ὁ
3074 2797 3205 2860 Θεὸς
3234 2797 3410 2865 Λόγος
3444 2796 3506 2848 ’ἐν
3537 2795 3716 2866 πρόσ-

2107 2907 2280 2956 ωπον,
2303 2889 2404 2942 οὐκ
2433 2885 2546 2959 εἷχε
2569 2889 2630 2942 τὸ
2650 2887 2708 2941 ἓν
2736 2887 3046 2959 πρόσωπον,
3071 2885 3261 2956 ὥσπερ
3292 2884 3420 2938 οὐδὲ
3441 2885 3718 2954 Χριστός.

2109 2981 2252 3036 Ἀλλ’
2277 2981 2408 3036 αύτδ
2431 2981 2492 3034 τὸ
2525 2982 2590 3034 ὲκ
2617 2980 2830 3050 φύσεως
2863 2977 2922 3032 ἓν
2959 2977 3254 3049 πρόσωπον
3305 2977 3407 3046 τῆς
3439 2977 3575 3046 μιᾶς
3603 2975 3718 3042 φύ-

411 3067 594 3122 Verbo
625 3067 680 3122 in
713 3068 832 3139 ipso
861 3077 1058 3124 natura
1090 3069 1295 3135 carnis,
1333 3085 1443 3125 una
1484 3083 1736 3128 remanet
1772 3088 2001 3144 persona

2111 3090 2250 3138 σεως
2273 3073 2368 3126 τοῦ
2397 3071 2595 3142 Λόγου,
2629 3069 2790 3124 τοῦτο
2817 3070 2912 3123 καί
2935 3069 3029 3122 ἐπὶ
3057 3070 3124 3138 τῇ
3167 3065 3359 3120 ἑνὼσει
3395 3066 3502 3136 τῆς
3533 3083 3717 3132 atpos-

412 3159 649 3214 duarum
691 3168 1017 3216 naturarum
1051 3159 1261 3218 Christi
1293 3175 1308 3216 :
1339 3176 1409 3217 ex
1437 3163 1644 3219 unione
1695 3164 1866 3235 igitur
1897 3181 2000 3219 na-

410 3265 684 3322 turarum,
711 3272 824 3311 non
857 3272 1244 3328 personarum,
1271 3272 1378 3312 una
1415 3258 1476 3312 lit
1501 3257 1707 3314 Christi
1741 3275 1998 3330 persona,

410 3362 534 3416 quae
581 3361 746 3401 unam
795 3347 978 3402 adhuc
1025 3347 1231 3402 retinet
1283 3354 1558 3415 naturam,
1591 3355 1648 3404 et
1702 3349 1865 3404 unica
1915 3357 2001 3404 est

411 3453 646 3508 persona
700 3437 928 3494 Christi.
988 3438 1131 3507 Quid
1195 3440 1372 3512 ergo?
1407 3437 1664 3496 Christus
1713 3441 2000 3510 accepitne

410 3542 705 3597 personam
740 3543 808 3583 ex
857 3537 1080 3594 natura,
1139 3536 1342 3600 praeter
1393 3529 1626 3584 alteram
1657 3544 1727 3584 ex
1768 3528 1997 3594 unione,

410 3619 638 3674 annon?
672 3617 730 3674 Si
763 3633 878 3674 non
923 3621 1170 3690 accepit,
1203 3635 1497 3690 personam
1533 3635 1642 3675 non
1671 3619 1803 3675 fecit
1836 3619 1997 3683 unio;

410 3710 531 3776 sed,
578 3719 640 3768 ut
667 3709 909 3767 diximus
933 3753 949 3778 ,
987 3709 1130 3768 facta
1161 3721 1247 3768 est
1281 3712 1338 3767 in
1386 3711 1623 3767 naturali
1661 3711 1826 3767 Verbi
1869 3727 2000 3782 pcr-

409 3819 546 3859 sona
577 3801 711 3860 unio
753 3812 1101 3859 naturarum.
1134 3802 1192 3860 Si
1239 3813 1426 3859 autem
1456 3801 1768 3859 naturalem
1803 3817 2000 3874 perso-

408 3911 576 3963 nam,
609 3899 812 3964 praeter
867 3893 1030 3948 aliam
1089 3909 1158 3950 ex
1210 3894 1442 3958 unione,
1492 3893 1690 3949 habuit
1723 3887 1998 3959 Christus,

409 3987 555 4044 sicut
578 3984 848 4050 Verbum,
877 3997 1004 4040 cum
1033 3984 1233 4040 dicatis
1249 3985 1436 4040 Verbo
1465 3998 1590 4040 esse
1614 3999 1905 4055 personam
1932 3999 2002 4040 ex

410 4087 630 4142 natura,
661 4085 718 4134 et
751 4075 914 4144 aliam
937 4091 1006 4132 ex
1027 4077 1256 4140 unione,
1279 4075 1417 4130 duas
1445 4091 1579 4147 ergo
1607 4089 1873 4146 personas
1902 4075 2003 4130 ha-

408 4169 621 4228 bebunt
665 4169 912 4228 Verbum
969 4178 1026 4225 et
1061 4183 1212 4227 caro.
1261 4169 1344 4224 Ad
1388 4183 1684 4240 quamnam
1725 4167 1894 4239 igitur
1932 4183 2000 4224 cx

410 4272 650 4334 quatuor
689 4262 942 4334 personis
989 4259 1279 4316 referenda
1319 4267 1408 4316 est
1445 4258 1537 4313 illa
1567 4265 1896 4313 naturarum
1945 4265 2002 4312 et

409 4369 772 4444 personarum
808 4353 942 4409 unio
973 4353 1028 4408 in
1067 4368 1176 4408 una
1207 4350 1490 4422 persona?
1524 4349 1578 4405 Si
1609 4350 1677 4404 ad
1707 4363 2001 4418 personam

2101 3167 2401 3238 ληφθείσης
2448 3167 2586 3236 αὐτῇ
2634 3165 2694 3217 ὲν
2727 3162 2882 3234 αὗτῷ
2927 3161 3144 3230 φύσεως
3188 3159 3396 3230 σαρκὸς
3436 3161 3584 3230 1:96;
3629 3161 3718 3228 τῷ

2100 3261 2282 3332 Λόγῳ,
2311 3259 2372 3312 ἐν
2403 3260 2552 3312 ἐστιν
2581 3256 2873 3330 πρόσωπον
2899 3253 3008 3308 τῶν
3036 3251 3133 3306 δύο
3163 3250 3383 3320 φύσεων
3414 3253 3667 3321 Χριστοῦ
3695 3269 3714 3283 ο

2102 3355 2167 3408 ὲκ
2186 3353 2284 3425 τῆς
2335 3351 2432 3406 οῦν
2462 3349 2710 3412 tamen);
2761 3347 2871 3400 τῶν
2921 3345 3139 3416 φύσεων
3167 3344 3230 3397 οὐ
3263 3343 3616 3414 προσώπων,
3647 3344 3720 3398 ἓν

2102 3448 2218 3499 ἐστι
2247 3444 2309 3498 τὸ
2337 3443 2627 3515 πρόσωπον
2648 3437 2911 3510 Χριστοῦ,
2951 3439 2979 3492 ὃ
3004 3441 3151 3493 ἐστιν
3179 3440 3245 3492 ἐκ
3282 3439 3416 3508 μιᾶς
3457 3436 3710 3504 φύσεως,

2101 3536 2160 3590 ἓν
2181 3535 2478 3608 πρόσωπον
2499 3532 2593 3588 τοῦ
2610 3531 2785 3601 Λόγου
2811 3549 2824 3564 ’
2856 3533 2982 3584 ἐπεὶ
3001 3530 3053 3584 τί
3075 3546 3212 3599 φατε
3232 3548 3249 3596 ;
3271 3531 3300 3582 ὁ
3316 3528 3560 3596 Χριστος
3595 3527 3718 3596 ἔχει

2102 3629 2398 3699 πρόσωπον
2464 3628 2529 3680 ἐκ
2566 3625 2801 3695 φύσεως,
2837 3623 2976 3695 πρὸς
3019 3621 3098 3693 τῷ
3132 3621 3417 3693 προσώπῳ
3461 3621 3589 3674 τόδε
3627 3620 3715 3690 τῷ

2101 3723 2166 3775 ὲκ
2195 3721 2298 3788 τῆς
2326 3719 2594 3782 ἑνὼσεως,
2644 3717 2678 3789 ἢ
2709 3716 2868 3787 ούχίς
2903 3717 2952 3768 εἰ
2982 3716 3082 3788 μὲν
3113 3713 3208 3769 οῦν
3245 3713 3392 3784 οὐχὶ,
3421 3713 3540 3765 οὐδ’
3595 3712 3716 3783 ἄρα

2104 3812 2400 3885 πρόσωπόν
2433 3813 2582 3865 ἐστιν
2607 3812 2640 3882 ἡ
2665 3811 2880 3874 ἓνωσις,
2911 3807 3027 3862 ἀλλ’
3053 3808 3130 3870 ὼς
3163 3806 3375 3878 ἔφημεν
3400 3807 3462 3858 ιν
3486 3804 3574 3874 τῷ
3605 3823 3716 3873 φυ-

2105 3887 2241 3974 σικῷ
2277 3901 2559 3975 προσώπῳ
2579 3900 2673 3956 τοῦ
2713 3902 2914 3968 Λόγου,
2949 3896 3166 3968 φύσεώς
3213 3899 3361 3950 ἐστιν
3395 3897 3430 3966 ὴ
3458 3895 3712 3959 ἒνωσιςο

2101 3993 2222 4048 εἰδὲ
2241 3991 2356 4064 ἔχει
2369 3992 2398 4044 ὁ
2420 3990 2656 4062 Χριστὸς
2671 3989 2902 4060 φυσικὸν
2922 3987 3238 4060 πρόσωπον,
3262 3984 3454 4056 ὥσπερ
3479 3987 3514 4038 ὁ
3527 3986 3720 4052 Λόγος

2103 4084 2242 4154 πρὸς
2269 4081 2347 4154 τῷ
2377 4084 2476 4153 τῆς
2502 4079 2751 4144 ἑνώσεως
2779 4079 3058 4151 προσώπῳ
3088 4079 3328 4141 πάντως,
3353 4076 3440 4130 ὅτι
3483 4077 3590 4129 καὶ
3613 4077 3722 4129 τὸν

2103 4175 2276 4244 Λόγον
2294 4174 2431 4246 φατὲ
2449 4173 2540 4246 ἔχε
2549 4191 2596 4228 ιν
2619 4174 2714 4228 καὶ
2746 4172 2910 4226 αὑτὸν
2938 4172 3188 4236 ἑνώσεως
3207 4169 3530 4242 πρόσωπον,
3566 4169 3717 4240 πρὸς

2102 4266 2180 4336 τῷ
2203 4267 2302 4338 τῆς
2333 4265 2551 4337 φύσεως
2586 4263 2884 4338 προσώπῳ,
2917 4264 3020 4318 ἀνὰ
3046 4261 3140 4316 δύο
3185 4257 3279 4316 οὖν
3306 4259 3494 4331 ἔχουσι
3528 4261 3722 4331 πρόσ-

2103 4373 2227 4411 ωπα
2271 4355 2478 4444 σαφῶς,
2517 4357 2550 4410 δ
2573 4369 2634 4409 τε
2654 4356 2848 4418 Λόγος,
2877 4353 3031 4426 καὶὴ
3069 4351 3236 4423 σάρξ·
3281 4353 3363 4414 εις
3407 4353 3572 4404 ποῖον
3611 4347 3720 4405 οῦν

409 4423 618 4502 Christi
643 4423 929 4517 accEptam
964 4460 1033 4500 ex
1065 4443 1294 4508 unione,
1323 4441 1536 4497 inutilis
1561 4449 1646 4496 cst
1677 4439 1844 4496 Verbi
1867 4455 1996 4512 per-

2106 4449 2210 4503 τῶν
2233 4423 2516 4522 τεσσάρων
2571 4439 2882 4519 προσώπων
2911 4423 3098 4515 λέγετε
3138 4442 3465 4516 θεωρεῖσθαι
3488 4444 3602 4514 τὴν
3627 4447 3721 4508 εἰς

413 4553 584 4604 sona;
640 4537 686 4592 si
735 4537 802 4592 ad
852 4536 1042 4599 Verbi,
1079 4551 1221 4590 vana
1250 4544 1336 4590 est
1366 4533 1574 4590 Christi
1623 4549 1884 4604 persona.
1929 4531 1998 4588 Et

412 4629 694 4701 quomodo
723 4629 1021 4686 subsistit?
1041 4628 1142 4684 Ubi
1165 4635 1253 4683 est
1281 4627 1371 4682 illa
1395 4643 1463 4682 ex
1497 4627 1703 4682 unione
1724 4641 1957 4698 persona
1975 4625 2002 4680 7

413 4724 470 4781 Si
499 4733 657 4781 extra
703 4723 984 4779 naturales
1017 4736 1303 4792 personas,
1337 4719 1505 4776 habet
1537 4720 1762 4790 propria
1799 4717 2001 4774 nativi-

413 4827 607 4885 tatem,
639 4818 1004 4882 lineamenta,
1039 4825 1096 4872 et
1119 4825 1358 4880 motum;
1396 4815 1440 4870 si
1479 4815 1532 4869 in
1562 4814 1847 4878 alterutra,
1889 4828 2000 4868 non

413 4909 524 4966 erit
553 4910 609 4964 in
641 4911 818 4966 altera
851 4925 961 4964 una
1006 4923 1282 4980 persona;
1321 4908 1366 4962 si
1405 4907 1461 4961 in
1487 4915 1740 4976 utraque,
1775 4920 2001 4961 necesse

413 5009 502 5056 est
537 5001 710 5070 ipsam
739 5000 795 5055 in
829 4999 1122 5056 distinctas
1149 5007 1208 5056 et
1239 4999 1488 5054 diversas
1521 5011 1789 5068 personas
1827 4995 2002 5050 fuisse

415 5093 676 5158 divisam,
699 5093 816 5149 sive
838 5093 895 5148 in
922 5094 1209 5149 dimidiam
1259 5100 1472 5162 partem
1497 5091 1612 5145 sive
1641 5090 1694 5143 in
1717 5087 2004 5158 quodlibet

417 5185 733 5242 membrum
783 5184 1040 5252 visibile;
1071 5183 1229 5239 verbi
1265 5184 1445 5253 gratia
1478 5195 1652 5236 unum
1698 5179 1896 5251 pedem
1944 5179 2001 5235 in

415 5277 599 5334 Verbo
627 5275 771 5332 etin
817 5289 982 5330 carne
1039 5273 1304 5346 intelligi;
1359 5271 1417 5329 in
1473 5287 1709 5344 persona
1736 5271 2008 5328 invisibili

417 5369 617 5444 pedem
675 5365 1031 5428 invisibilem.
1081 5367 1138 5422 in
1201 5365 1404 5422 visibili
1449 5365 1748 5421 visibilem.
1811 5364 2004 5420 Vestra

419 5465 591 5538 igitur
624 5461 900 5520 sententia
931 5467 1046 5518 tres
1081 5458 1252 5532 pedes
1285 5459 1342 5515 in
1365 5459 1570 5516 visibili
1617 5457 1843 5515 Christo
1873 5472 2006 5513 con-

419 5557 754 5626 spiciuntur,
785 5561 842 5608 et
865 5552 1009 5608 idem
1042 5552 1111 5608 de
1146 5551 1378 5624 reliquis
1405 5551 1690 5608 membris.
1727 5550 1860 5618 Qua:
1876 5563 2002 5604 cum

421 5647 533 5701 sint
559 5661 727 5717 supra
758 5644 932 5702 aniles
947 5643 1161 5700 fabulas
1183 5642 1450 5708 absurda;
1487 5658 1613 5698 cum
1641 5656 1824 5712 neque
1851 5648 2004 5695 extra

426 5733 561 5789 duas
590 5737 866 5792 naturales
905 5750 1190 5808 personas,
1221 5749 1410 5805 neque
1455 5733 1510 5788 in
1549 5732 1854 5800 ambabus,
1901 5746 2000 5786 nc-

2103 4539 2401 4608 πρόσωπον
2433 4539 2606 4593 τῶνδε
2627 4538 2736 4591 τῶν
2760 4537 2981 4606 φύσεων
3007 4537 3099 4589 καὶ
3126 4533 3431 4606 προσώπων
3461 4533 3677 4588 ’ἕνωσιν
3699 4552 3721 4602 ;

2101 4631 2151 4682 εἰ
2190 4631 2290 4700 μὲν
2319 4628 2427 4700 γὰρ
2479 4629 2560 4691 εἰς
2606 4627 2667 4680 τὸ
2693 4625 2936 4699 Χριστοῦ
2979 4623 3041 4690 ἐξ
3077 4625 3324 4686 ἑνώσεως
3375 4621 3718 4694 πρόσωπον,

2103 4718 2358 4790 περιττὸν
2383 4719 2442 4772 τὸ
2464 4718 2562 4772 τοῦ
2597 4717 2770 4787 Λόγου
2791 4734 2806 4750 ο
2833 4719 2880 4771 εἰ
2916 4716 2972 4770 δὲ
3005 4718 3086 4780 εἰς
3113 4717 3174 4770 τὸ
3200 4716 3295 4769 τοῦ
3317 4715 3515 4783 Λόγου,
3562 4734 3722 4788 παρ-

2103 4811 2260 4866 έλκον
2279 4811 2342 4865 τὸ
2366 4809 2608 4882 Χριστοῦ
2625 4829 2639 4844 ο
2678 4809 2797 4874 πῶς
2832 4809 2889 4863 δὲ
2912 4809 3004 4862 καὶ
3023 4808 3330 4878 ὑφέστηκεν
3350 4824 3365 4873 ;
3383 4807 3417 4878 ἢ
3437 4807 3551 4861 ποῦ
3583 4810 3720 4864 τόδε

2102 4906 2165 4960 τὸ
2193 4905 2254 4972 ὲξ
2275 4905 2523 4969 ἑνώσεως
2545 4904 2840 4974 πρόσωπον
2861 4905 2940 4970 ;εἰ
2969 4903 3068 4974 μὲν
3095 4901 3206 4972 γὰρ
3228 4899 3385 4964 ἐκτὸς
3411 4899 3526 4953 τῶν
3541 4917 3723 4968 quen-

2104 4997 2238 5061 κῶν,
2274 4997 2411 5052 ἰδίαν
2449 5013 2506 5049 τε
2534 4995 2793 5067 γέννησιν
2815 4996 2909 5048 καὶ
2936 4993 3284 5066 περιγραφὴν
3341 4993 3437 5047 καὶ
3481 4993 3719 5064 κίνησιν

2103 5087 2131 5144 ε
2135 5105 2238 5160 λεν
2255 5089 2304 5142 ει
2325 5088 2381 5141 δὲ
2394 5091 2452 5142 ὲν
2471 5086 2690 5157 θατέρῳ
2710 5087 2878 5158 μόνῳ,
2894 5088 2990 5158 οὐχ
3009 5087 3200 5140 ὲνώσει
3215 5086 3276 5139 τὺ
3290 5085 3573 5156 ἓτεροντῷ
3592 5089 3722 5142 ἑτέ-

2109 5199 2189 5254 ρῳ
2206 5180 2502 5252 προσώπῳ’
2529 5182 2577 5234 εἰ
2597 5180 2654 5234 δὲ
2673 5182 3026 5252 ἀμφοτέροις,
3043 5181 3256 5252 ἀνάγκη
3272 5179 3718 5250 διαμεμερωθαι

2106 5275 2238 5327 αὐτὸ
2265 5275 2346 5338 εἰς
2375 5273 2443 5328 τὰ
2488 5273 2886 5345 διακεκριμένα
2916 5273 3010 5326 καὶ
3041 5271 3372 5343 διωρισμένα
3407 5271 3712 5341 πρόσωπα,

2107 5364 2176 5421 ἂν
2217 5367 2420 5438 ἣμισυ,
2453 5367 2560 5420 ὅσα
2599 5382 2660 5420 τε
2689 5361 2782 5420 οὖν
2817 5365 3051 5436 αἰσθητὰ
3096 5364 3232 5435 μέλη
3261 5361 3428 5418 αὑτοῦ
3469 5363 3652 5428 ἐστιν,
3681 5366 3714 5418 ὁ

2109 5453 2192 5524 εἷς
2221 5458 2356 5524 ποῦς
2385 5457 2552 5530 τυχὸν
2599 5459 2658 5512 ὲν
2683 5457 2762 5530 τῷ
2790 5458 2970 5528 Λόγῳ,
3010 5458 3040 5510 ὁ
3075 5457 3132 5510 δὲ
3166 5456 3324 5518 ἄλλος
3349 5458 3407 5510 ὲν
3431 5458 3497 5526 τῇ
3534 5458 3715 5528 σαρκὶ

2109 5549 2436 5622 νοηθήσεται
2455 5566 2470 5580 ο
2501 5550 2600 5604 καὶ
2630 5552 2659 5606 ὁ
2684 5550 2782 5622 μὲν
2812 5551 2872 5604 ἐν
2898 5549 2978 5620 τῷ
3004 5549 3224 5620 ἀοράτῳ
3259 5551 3571 5620 προσώπῳ,
3605 5549 3714 5604 es.

2112 5659 2272 5713 ρατος
2306 5643 2440 5707 ποῦς
2462 5660 2476 5674 ·
2527 5643 2555 5696 ό
2587 5644 2644 5698 δὲ
2675 5647 2734 5697 ἐν
2789 5643 2867 5714 τῷ
2921 5641 3127 5716 ὁρατῷ,
3155 5641 3383 5713 ὁρατός·
3415 5643 3571 5710 τρεῖς
3609 5636 3715 5693 οὖν

2112 5732 2255 5787 κατᾶ
2298 5734 2389 5788 τὸν
2420 5733 2620 5802 opsiti»;
2680 5735 2913 5808 Χριστὸν
2966 5735 3013 5786 οἱ
3075 5731 3234 5795 πόδες
3285 5728 3528 5800 ὁρῶνται
3581 5729 3712 5784 καθ’
