3858 6156
145 315 338 384 1503
1165 334 1564 397 ADVERSUS
1604 335 1788 398 NES’I

1895 339 2158 402 LIANOS.
2189 367 2262 378 ·-·
2287 343 2435 404 LIB.
2478 342 2560 403 Π.
3363 345 3497 410 ιδυι

147 433 386 504 δμειςο
425 435 518 491 καὶ
567 437 661 495 ἐπὶ
699 440 809 494 τῶν
841 441 1018 498 ἄλλων
1067 447 1248 516 μελῶν
1280 448 1349 504 τὰ
1403 451 1603 522 ὃμοια⁹
1645 451 1695 504 εἰ
1749 449 1788 504 δί

1909 468 2020 524 que
2067 453 2124 508 in
2183 454 2452 510 alterutra
2510 455 2690 511 solum
2744 443 3050 512 subsistere
3101 455 3300 511 dicatis
3345 455 3494 510 illam

143 525 384 583 ταῦτα
410 531 503 585 καὶ
519 531 579 584 ἒν
601 534 788 604 γραῶν
809 535 1024 608 ληρῳδή
1033 555 1168 607 μασι
1187 540 1474 612 βδελυκτὰ,
1505 541 1630 596 ἐπεὶ
1659 545 1788 614 μήτε

1899 557 2190 612 personam
2218 558 2285 600 ex
2319 545 2545 610 unione,
2585 554 2735 616 patet
2762 561 2862 602 vos
2893 561 3008 602 rem
3037 562 3146 601 non
3181 547 3492 602 subsisten-

149 621 363 684 ἐκτὸς
381 620 490 676 τῶν
517 623 611 677 δύο
634 625 882 694 φυσικῶν
909 630 1240 699 προσώπων,
1263 635 1403 703 μήτε
1437 637 1494 687 ὲν
1511 635 1626 696 τοῖς
1651 633 1794 698 δυσὶ.

157 711 344 780 μήτε
381 713 522 768 κατὰ
543 715 770 788 Θάτερον
787 719 966 772 αὐτῶν
993 721 1154 791 μόνον
1183 723 1558 796 ὑφεστηκέναι
1583 725 1720 787 ὅλως
1735 724 1796 777 τὸ

168 803 246 854 ἓν
274 803 364 872 τῆ
422 805 671 870 ἐνὼσεως
685 809 972 879 πρόσωπόν
994 829 1153 882 φατε,
1181 816 1464 888 προδήλως
1491 816 1795 871 ὄτιάνυπό·

157 895 466 948 στατὸντι
485 898 578 950 καὶ
595 899 944 971 ἀνάπλασμα,
969 907 1062 958 καὶ
1079 905 1234 974 Λόγῳ
1255 909 1414 978 μόνον
1428 906 1484 960 ἓν
1502 909 1795 978 πρόσωπον

159 985 238 1049 ἐξ
265 985 536 1051 ἐνώσεως
561 991 810 1056 φυσικῶν
843 995 1154 1066 προσώπων
1183 993 1324 1053 εἶναι
1345 997 1720 1070 δογματίζετε·
1738 1000 1794 1054 ὃ·

163 1095 304 1150 περ
369 1081 494 1136 οὑτε
531 1085 616 1156 τῷ
643 1086 883 1156 Χριστοῦ
928 1089 1144 1160 φυσικῷ
1169 1091 1354 1162 ὅμοιον
1379 1091 1460 1158 ὃν,
1487 1092 1594 1146 τίνι
1643 1093 1794 1147 ἔσται

163 1173 394 1242 ὅμοιον
411 1176 624 1245 εἴπατε,
642 1180 692 1232 ει
721 1182 814 1234 acati.
829 1181 1194 1254 ὑφεστηκέναι
1211 1184 1338 1256 δοθῇ
1355 1187 1493 1240 κατὰ
1505 1184 1796 1256 συγχώρηο

172 1285 278 1320 σιν
308 1284 326 1296 ·
349 1269 402 1322 εἰ
429 1267 486 1322 δὲ
516 1269 719 1325 εἴποιτε
734 1274 864 1336 τσως
887 1274 948 1328 τὸ
962 1275 1189 1344 φυσικὸν
1220 1277 1456 1346 Χριστοῦ
1499 1279 1794 1349 πρόσωπον

173 1355 343 1412 εἶναι
383 1360 446 1414 τὺ
472 1362 530 1429 ἐξ
559 1364 808 1430 ὲνὼσεως
825 1365 883 1419 ἓν
909 1364 970 1420 ὃν
997 1369 1292 1440 εῑρημὲνον
1343 1371 1496 1440 ἡμῖν,
1531 1371 1580 1421 εἰ
1601 1371 1666 1423 ὲκ
1690 1367 1792 1439 τῆς

171 1452 308 1506 τῶν
331 1453 434 1508 δύο
457 1455 766 1526 προσώπων
793 1460 1039 1530 φυσικῶν
1077 1460 1328 1526 ὲνὼσεως
1375 1461 1548 1526 ὅντως
1576 1461 1788 1529 γέγονε,

171 1539 276 1605 τίς
317 1545 351 1598 ὁ
373 1544 470 1598 τοῦ
493 1547 786 1611 ἑνωθέντος
822 1537 945 1604 κατ’
967 1551 1098 1606 αὑτὸ
1121 1551 1356 1621 φυσικοῦ
1385 1553 1680 1625 προσώπου
1697 1551 1792 1606 ἄνα

178 1630 460 1703 (igua-0;;
500 1638 528 1690 ὁ
557 1639 710 1708 παρὰ
745 1640 861 1694 τόν.
887 1681 900 1694 .
920 1681 934 1696 .
969 1637 1078 1714 ἆρα
1103 1642 1162 1696 δὲ
1183 1639 1279 1698 οὖν
1307 1643 1406 1698 καὶ
1429 1644 1491 1698 τὸ
1513 1643 1646 1697 αὑτὸ
1667 1645 1792 1697 ἐαυ-

1902 641 2035 698 tem,
2063 647 2312 688 errorem
2341 634 2566 702 docere,
2593 644 2650 691 et
2685 637 2830 692 hanc
2864 653 3156 707 personam
3189 654 3257 692 ex
3287 638 3492 714 unione

1898 729 2239 782 naturalium
2260 745 2623 798 personarum
2646 733 2878 787 credere
2907 747 3016 787 non
3045 733 3148 786 nisi
3184 733 3238 786 in
3263 733 3487 803 verbis;

1898 835 2022 890 qum
2062 835 2188 875 cum
2219 821 2292 875 sit
2335 821 2619 878 dissimilis
2653 839 2904 894 personae
2955 825 3196 878 naturali
3241 822 3488 887 Christi,

1897 926 1999 966 cur
2027 911 2101 966 sit
2151 911 2348 967 similis
2411 913 2516 983 ipsi
2580 914 2855 981 proferte,
2907 915 3127 970 etiamsi
3181 915 3489 970 subsistere

1897 1003 2140 1075 gratuito
2169 1003 2528 1058 concedatur.
2557 1003 2711 1070 Quod
2741 1005 2787 1061 si
2821 1005 3155 1061 contenditis
3181 1005 3486 1060 naturalem

1897 1094 2102 1150 Christi
2127 1109 2422 1166 personam
2449 1107 2570 1150 eam
2605 1111 2748 1160 esse,
2785 1109 2908 1166 qua:
2939 1113 3046 1152 una
3073 1113 3140 1152 ex
3167 1097 3373 1152 unione
3397 1095 3480 1150 dt-

1895 1185 2152 1248 cebatur,
2205 1183 2353 1254 quod
2396 1185 2442 1240 si
2481 1197 2550 1239 ex
2596 1183 2814 1239 duabus
2849 1185 3200 1240 naturalibus
3235 1183 3485 1256 personis

1893 1277 2104 1350 junctis
2130 1273 2325 1332 eﬂ‘ecta
2353 1285 2460 1340 est,
2491 1277 2618 1346 quis
2645 1283 2731 1331 est
2757 1277 2850 1332 ille
2873 1277 3038 1330 homo
3069 1277 3226 1346 cujus
3261 1288 3488 1331 natura.

1897 1371 1966 1425 lis
1993 1383 2227 1440 persona
2258 1385 2382 1423 cum
2435 1370 2612 1438 seipsa
2666 1369 2899 1422 unitur?
2954 1367 3130 1423 llomo
3168 1377 3384 1422 contra.
3419 1405 3460 1422 ..

1897 1459 1966 1512 Et
1995 1459 2076 1514 sic
2101 1458 2293 1514 eadem
2309 1469 2547 1534 persena
2577 1457 2902 1521 exsistebat,
2926 1466 3126 1514 etnata
3153 1467 3243 1514 est
3273 1469 3484 1528 postea,

1897 1549 2026 1619 quia
2059 1559 2221 1606 antea
2259 1549 2534 1604 existebat
2571 1557 2634 1604 ut
2679 1549 2990 1615 naturalis,
3017 1557 3075 1605 et
3128 1559 3254 1604 nata
3295 1559 3382 1605 est
3417 1565 3486 1606 ex

1897 1641 2104 1696 unione
2129 1649 2254 1711 post
2280 1652 2602 1696 naturarum
2629 1641 2995 1712 junctionem.

176 1727 290 1780 τοῦ
314 1731 646 1802 προῦπῆρχέ
681 1751 739 1788 τε
773 1735 870 1789 καὶ
899 1736 1288 1808 μεταγάγονεν,
1319 1741 1478 1812 εῐπερ
1515 1741 1592 1804 ὡς
1626 1735 1857 1811 φυσικὸν
1885 1735 2081 1807 προῆν,
2134 1735 2210 1801 ὡς
2238 1736 2324 1796 δὲ,
2354 1737 2414 1802 ἐξ
2474 1736 2724 1800 ἑνώσεως
2797 1737 2938 1808 μετὰ
2993 1736 3096 1810 τὴν
3129 1738 3346 1792 σύνοδον
3376 1739 3486 1792 τῶν

180 1819 456 1886 φυσικῶν
486 1821 712 1888 γέγονεν
728 1841 744 1892 ;

801 1919 1050 1976 ΚΕΦΑΛ.
1079 1921 1205 1985 AE’.

268 2005 339 2060 Ei
361 2007 556 2088 ἔστινιὸ
584 2010 756 2078 Λόγος
779 2012 808 2065 ὃ
845 2009 935 2084 ἦν,
963 2017 1058 2069 καὶ
1103 2015 1252 2070 ἔστιν
1275 2015 1568 2086 ὃγέγονεν,
1599 2013 1672 2089 ἦν
1693 2019 1794 2091 μὲν

187 2095 360 2160 Θεὸς,
391 2097 584 2165 γέγονε
619 2099 675 2152 δὲ
694 2100 1057 2172 ἄνθρωπος-ὲν
1075 2105 1158 2159 ἑνὶ
1179 2107 1458 2179 προσώπῳ
1479 2109 1572 2162 τοῦ
1594 2109 1791 2177 Λόγου,

185 2187 257 2240 οὑ
285 2187 520 2243 δύναται
543 2185 682 2245 εἶναι
705 2195 1014 2267 ἀμφότερον
1047 2197 1168 2260 ὅλος
1195 2198 1306 2270 γὰρ
1337 2200 1567 2270 γέγονεν·
1587 2200 1795 2271 ἄνθρω-

192 2295 329 2342 πος,
386 2279 548 2350 φύσιν
574 2281 710 2352 ἔχων
767 2285 1058 2356 ἀνθρώπου
1093 2290 1188 2342 καὶ
1216 2292 1534 2361 πρόσωπον.
1567 2293 1714 2346 Ἀλλ’
1741 2295 1792 2348 εἶ

189 2369 298 2422 καὶ
327 2373 396 2440 τῇ
423 2372 779 2444 ὲμπροσώπῳ
814 2375 952 2429 Θεοῦ
992 2377 1152 2445 φύσει
1182 2379 1314 2444 Θεὸς
1347 2375 1416 2452 ἦν
1444 2381 1474 2436 ὁ
1503 2382 1681 2451 Λόγος
1715 2382 1792 2449 ὡς

192 2461 424 2532 φύσεως
447 2463 599 2529 Θείας
623 2465 698 2520 ὣν
727 2465 952 2538 δηλαδὴ,
989 2469 1087 2542 τὴν
1117 2471 1415 2526 ὑπόστασιν
1457 2473 1648 2536 αὑτοῦ,
1691 2477 1792 2547 οὑχ

193 2552 276 2618 ὡς
303 2554 494 2620 ἁπλῶς
515 2557 819 2622 ὑπόστασις
835 2555 904 2630 ἦν
919 2561 1074 2626 Θεὸς,
1104 2563 1218 2616 ἀλλ’
1241 2565 1317 2628 ὡς
1333 2567 1550 2620 τοιᾶσδε
1575 2566 1792 2636 φύσεως

199 2648 378 2720 οὔσης
409 2651 562 2722 αὑτῷ
583 2653 680 2722 τῆς
701 2653 1057 2720 ὑποστάσεως
1077 2675 1092 2689 ο
1115 2659 1241 2712 ἐπεὶ
1264 2663 1292 2713 ὁ
1308 2661 1496 2733 ιιατήρ
1519 2663 1621 2716 οὑκ
1637 2664 1790 2716 ἔσται

197 2743 360 2807 Θεὸς,
391 2743 513 2796 ἐπεὶ
569 2745 642 2814 μὴ
681 2747 890 2800 τοιᾶσδε
920 2749 1042 2812 οἵας
1093 2750 1123 2802 ὁ
1163 2749 1338 2820 Λόγος
1368 2754 1515 2806 ἐστὶν
1550 2753 1789 2809 ὑποστά-

201 2851 380 2898 σεως⁹
433 2836 527 2888 καὶ
557 2835 846 2907 ἄνθρωπος
881 2840 991 2912 ἄρα
1043 2841 1270 2908 γέγονεν
1327 2845 1394 2912 τῇ
1424 2843 1524 2912 τῆς
1573 2845 1790 2913 φύσεως

197 2926 304 2996 τῆς
339 2927 691 3000 ἀνθρωπίνης
755 2931 1084 3004 προσλήψει,
1139 2935 1190 2987 εἰ
1249 2935 1344 2988 καὶ
1383 2935 1707 3009 ἀπροσὼπῳ
1755 2939 1788 3009 ἡ

203 3019 347 3090 αὑτὴ
378 3019 675 3087 ὑπόστασις
708 3023 803 3076 τοῦ
832 3025 1008 3092 Λόγου
1027 3041 1043 3056 ’
1067 3027 1118 3078 εἰ
1151 3026 1252 3094 μὲν
1283 3027 1396 3096 γὰρ
1422 3031 1517 3082 καὶ
1543 3029 1788 3082 ὑπόστα-

204 3129 294 3166 σιν
339 3115 543 3184 σαρκὺς
577 3116 944 3186 προσελάϐετο
977 3119 1008 3187 ἡ
1039 3117 1338 3180 ὑπόστασις
1365 3117 1460 3172 τοῦ
1491 3120 1692 3184 Λόγου,
1725 3121 1788 3172 οὑ

205 3203 432 3273 γέγονεν
453 3208 480 3259 ὁ
501 3207 672 3274 Λόγος
701 3206 859 3277 σὰρξ,
889 3207 1003 3260 ἀλλ’
1029 3209 1300 3278 ἐκτήσατο
1331 3209 1509 3278 σάρκα
1538 3211 1566 3262 ὁ
1592 3210 1784 3278 Λόγοςο

2499 1921 2654 1978 CAP.
2696 1920 2915 1978 XXXV.

1968 2015 2026 2072 Si
2056 2015 2296 2072 Verbum
2329 2023 2414 2070 est
2446 2015 2612 2070 simdl
2649 2015 2800 2086 quod
2831 2023 2971 2081 erat,
3009 2024 3066 2070 et
3093 2015 3242 2086 quod
3278 2015 3484 2072 factmn

1893 2114 1999 2172 est,
2031 2115 2088 2162 et
2117 2117 2238 2162 erat
2264 2108 2430 2172 Deus,
2458 2106 2635 2162 factus
2677 2118 2763 2162 est
2804 2106 2971 2162 homo
3007 2107 3060 2160 in
3091 2124 3197 2162 tina
3245 2123 3483 2178 persona

1893 2197 2083 2261 Verbi,
2112 2208 2410 2268 utrumque
2435 2213 2547 2252 non
2577 2204 2759 2268 potest
2785 2195 3012 2262 salvari,
3032 2198 3305 2268 siquidem
3333 2208 3484 2255 totus

1897 2286 2062 2342 homo
2095 2288 2275 2344 factus
2299 2295 2406 2354 est,
2443 2304 2570 2344 cum
2601 2295 2798 2344 natura
2838 2297 2898 2344 et
2933 2281 3173 2359 persona
3213 2288 3476 2345 hominis.

1895 2379 1952 2436 Si
1983 2390 2178 2436 natura
2206 2382 2375 2436 Deum
2408 2383 2620 2438 ferente
2651 2383 2796 2438 Deus
2827 2391 2949 2438 erat
2981 2381 3244 2449 Verbum,
3279 2398 3480 2453 nempe

1892 2479 2088 2526 natura
2129 2472 2316 2527 divina
2365 2473 2684 2542 praeditum,
2719 2487 2877 2527 suam
2925 2487 3217 2543 personam
3258 2473 3475 2532 habuit,

1893 2577 2002 2616 non
2049 2563 2196 2633 quod
2233 2563 2324 2618 illa
2360 2579 2596 2634 persona
2629 2563 2888 2618 absolute
2917 2563 3066 2618 Deus
3085 2563 3179 2625 sit,
3219 2562 3316 2617 sed
3347 2561 3478 2632 quia

1895 2651 2018 2706 talis
2056 2659 2266 2707 natura:
2312 2661 2436 2708 erat
2471 2653 2586 2706 haec
2633 2667 2889 2721 persona.
2924 2651 3098 2706 Seeus
3129 2653 3280 2707 enim
3333 2652 3483 2706 Deus

1891 2757 2003 2797 non
2033 2753 2180 2798 esset
2211 2744 2395 2809 Pater,
2430 2745 2526 2814 qui
2559 2744 2808 2817 eamdem
2847 2759 3139 2814 personam
3174 2760 3282 2798 non
3317 2745 3482 2800 habet

1891 2842 2059 2904 atque
2099 2833 2366 2890 Verbum.
2428 2835 2492 2890 Et
2531 2835 2756 2890 aliunde
2802 2835 2968 2891 Verbi
3019 2852 3254 2906 persona
3315 2837 3480 2890 homo

1890 2923 2033 2980 facta
2085 2935 2188 2990 est,
2221 2940 2510 2981 assumens
2548 2935 2804 2982 naturam
2861 2927 3178 2988 humanam,
3249 2932 3306 2980 et
3357 2941 3477 2978 eam
3573 2942 3588 2950 -

1890 3015 2338 3086 impersonalem.
2370 3019 2667 3072 Personam
2704 3019 2852 3074 enim
2887 3017 3070 3072 carnis
3095 3016 3140 3070 si
3179 3015 3484 3084 accepisset

1890 3106 2054 3162 Verbi
2107 3121 2366 3176 persona,
2403 3109 2641 3164 Verbum
2685 3125 2817 3164 caro
2867 3125 2976 3163 non
3019 3111 3223 3162 factum
3257 3107 3474 3170 fuisset,

1890 3197 1988 3252 sed
2035 3212 2257 3253 carnem
2309 3183 2734 3268 acquisivisset;
2788 3208 2845 3254 et
2878 3199 2947 3262 si,
3001 3209 3062 3254 ut
3118 3213 3370 3267 persona,
3407 3198 3480 3251 ita

207 3299 256 3352 el
287 3299 345 3352 δὲ
376 3299 470 3352 καὶ
502 3300 536 3368 ἡ
583 3297 746 3368 φύσις
781 3299 950 3352 αὑτοῦ
977 3301 1170 3368 γέγονε
1206 3301 1412 3369 σαρκὸς
1440 3301 1622 3370 φύσις,
1651 3302 1728 3366 ὡς
1755 3304 1788 3374 ἡ

1895 3297 2090 3342 natura
2135 3288 2308 3357 ipsius
2341 3287 2484 3344 facta
2527 3289 2723 3344 fuisset
2773 3297 2970 3343 natura
2998 3290 3200 3353 carnis,
3235 3286 3478 3342 Verbum

209 3392 528 3454 ὑπόστασις,
561 3391 662 3444 οὑκ
707 3391 1023 3460 ἐσκήνωσεν
1055 3395 1113 3446 ἐν
1159 3395 1294 3464 ἡμῖν
1337 3397 1450 3457 τοῖς
1483 3399 1790 3464 σαρκικοῖς,
1847 3463 1850 3470 Ι

210 3483 375 3554 ἤγουν
395 3485 472 3544 et;
496 3483 698 3552 σάρκα,
729 3483 843 3535 ἀλλ’
879 3484 1094 3555 ἐτράπη
1119 3487 1200 3546 εἰς
1227 3485 1400 3556 αὑτὴν
1425 3488 1454 3540 ὁ
1481 3485 1675 3554 Λῦγος·
1701 3487 1793 3541 δύ-

211 3591 366 3627 ναται
383 3571 477 3626 οὑν
495 3573 564 3627 τὰ
581 3575 784 3642 φύσικᾶ
811 3575 1052 3646 ὀνόματα
1069 3577 1356 3649 ἀμφότερα
1373 3579 1560 3648 φέρειν
1580 3577 1794 3646 ὑΛόγος

212 3665 270 3715 ὲν
304 3662 375 3730 τῷ
405 3665 488 3716 ἐνὶ
525 3664 705 3733 διφυεῐ
731 3663 846 3726 νῦν,
905 3663 1076 3718 πάλαι
1103 3667 1160 3719 δὲ
1211 3669 1470 3736 μονοφυεί
1513 3667 1796 3738 προσώπῳ

213 3755 486 3832 αὖτούχεί
515 3757 572 3810 δὲ
601 3755 750 3822 λέγοι
795 3771 879 3817 τις
929 3756 1004 3826 μὴ
1057 3756 1323 3811 δύνασθαι
1353 3759 1544 3830 φέρειν
1597 3760 1794 3832 ἑτέραν

215 3847 370 3916 φύσιν
405 3826 462 3900 ἓν
515 3847 716 3917 ἐαυτῷ.
775 3847 886 3900 οὐδ’
914 3848 1024 3920 ἄρα
1059 3849 1130 3902 τὰ
1174 3850 1276 3920 τῆς
1318 3855 1588 3923 σαρκικῆς
1635 3853 1792 3924 ἡμῶν

217 3937 422 4008 φύσεως
447 3937 544 4006 τῆς
570 3937 664 3990 νῦν
687 3941 956 4008 πρύσωπα
976 3941 1076 4012 τὴν
1106 3944 1486 4014 πνευματικὴν
1502 3943 1688 4014 φύσιν,
1718 3947 1776 3998 ἐν

214 4035 280 4103 τῇ
309 4029 576 4102 μελλούσῃ
603 4031 901 4086 ἀναϐιώσει
937 4033 1330 4099 καταδέξανται
1361 4036 1504 4090 αὑτά
1524 4052 1540 4068 ⁸
1579 4037 1696 4090 ἀλλ’
1751 4039 1786 4109 ἢ

217 4124 306 4175 καὶ
349 4121 540 4191 ἐτέρας
569 4121 898 4186 ὑποστάσεις
929 4121 1168 4191 ἕξουσιν,
1220 4122 1254 4194 ἢ
1284 4123 1405 4178 οὑδὲ
1461 4125 1564 4190 τὰς
1595 4125 1788 4196 φύσεις

217 4212 464 4282 ἀμείνους
481 4229 496 4243 ·
529 4212 748 4281 φύσεως
773 4213 832 4266 δὲ
855 4213 950 4268 καὶ
976 4215 1330 4278 ὑποστάσεως
1351 4217 1402 4270 εἰ
1430 4216 1590 4287 μόνος
1607 4217 1638 4270 ὁ
1655 4217 1790 4284 Θεὸς

220 4305 400 4369 αἰτιος,
433 4305 489 4358 τί
517 4305 578 4358 τὸ
632 4305 842 4360 κωλύον
889 4306 1052 4360 αὑτὸν
1087 4305 1437 4376 μετατιθέναι
1471 4307 1634 4378 φύσιν
1667 4311 1790 4364 τινὰ

221 4397 294 4459 et;
322 4396 510 4468 ἑτέραν
535 4397 838 4450 ὑπόστασιν
861 4415 875 4462 ;
905 4399 1001 4452 καὶ
1035 4396 1339 4452 ὑπόστασιν
1369 4399 1679 4472 ἀλλοτρίαν,
1706 4401 1790 4466 εἰς

222 4489 396 4560 ἑτέραν
453 4491 646 4558 φύσινς
687 4493 850 4561 εἴπερ
895 4490 1047 4562 αὑτῷ
1077 4491 1260 4546 πάντα
1303 4493 1508 4548 δυνατὰ
1533 4493 1784 4568 ἀληθῶς·

221 4584 342 4637 ὃπου
367 4600 429 4652 γε
449 4584 544 4637 καὶ
569 4583 679 4637 τῶν
708 4586 1090 4640 ὲνυποστάτων
1121 4585 1276 4649 ζώων
1301 4587 1396 4640 καὶ
1423 4587 1663 4657 βοτανῶν
1687 4591 1788 4654 τὰς
1820 4634 1864 4689 D

225 4674 419 4744 φύσεις,
452 4675 535 4738 εἰς
569 4675 764 4746 ἑτέρας
809 4675 1142 4739 ὑποστάσεις
1176 4677 1610 4749 μετατιθεμένας
1641 4682 1784 4752 ὁρῶ-

227 4785 314 4836 μεν
344 4767 547 4837 σαφῶς.
576 4769 672 4835 ἀφ’
697 4762 772 4821 ὧν
806 4769 1066 4839 τρέφεται
1088 4769 1159 4824 τὰ
1194 4771 1532 4842 τρεφόμενα·
1566 4773 1662 4827 καὶ
1688 4774 1789 4838 τὰς

223 4859 528 4923 ὑποστάσεις
567 4860 644 4921 εἰς
670 4861 864 4930 ἐτέρας
899 4860 1115 4928 φύσεις,
1141 4857 1255 4917 οἷον
1281 4863 1374 4916 ἐπὶ
1407 4864 1518 4918 τῶν
1548 4865 1615 4918 ὲκ
1646 4865 1791 4920 σκώ-

224 4950 366 5022 ληκος
386 4951 466 5014 εἰς
495 4950 698 5020 πτηνὸν
729 4951 1179 5020 μεταφυομένων.

681 5052 689 5062 ·
762 5022 1031 5094 seem.
1065 5044 1207 5112 Acr.

289 5127 353 5180 Τὸ
373 5127 532 5198 φύσει
561 5129 692 5192 Υἱὸς
715 5127 809 5180 τοῦ
839 5127 998 5192 Θεοῦ,
1033 5133 1130 5184 καὶ
1157 5133 1218 5186 τὸ
1247 5135 1410 5203 φύσει
1433 5139 1550 5204 υἱὸς
1572 5141 1786 5214 ἀνθρώ·-

227 5235 336 5282 που,
361 5219 706 5284 ὑποστάσεώς
758 5220 876 5271 ἐστι
917 5219 1180 5289 ὀνόματα,
1211 5217 1288 5278 ὧν
1315 5230 1487 5300 χωρὶς
1506 5231 1606 5286 οὐκ
1634 5235 1784 5288 ἐνδέ-

227 5329 358 5383 χεται
383 5310 558 5384 ὀρθῶς
583 5311 871 5382 ὁμολογεῖν
897 5310 991 5364 τδν
1014 5312 1463 5388 Χριστιανισμὸν,
1491 5324 1586 5376 καὶ
1604 5325 1784 5394 ἀμφό-

226 5419 340 5476 τερα
363 5404 422 5456 ἐν
447 5401 525 5474 τῷ
557 5405 638 5460 ἑνὶ
665 5401 892 5472 Χριστῷ
920 5405 1285 5473 ὁμολογεῖται,
1312 5411 1413 5464 οὑκ
1443 5413 1502 5464 ἐν
1533 5413 1782 5487 ἐκατέρῳ

227 5494 509 5566 ἀμφότερα.
542 5491 931 5556 ’Υποστάσεως
963 5494 1084 5563 μὲν,
1117 5497 1255 5552 ἀλλὰ
1273 5499 1375 5568 τῆς
1412 5502 1586 5572 αὑτῆς
1613 5507 1786 5574 πρόσ-

230 5585 328 5652 θες*
362 5588 410 5640 εἰ
436 5588 544 5660 γὰρ
577 5585 758 5660 ὀρθῶς
791 5585 1078 5658 ἀμφότερα
1115 5589 1173 5642 ὲν
1195 5589 1272 5660 τῷ
1296 5591 1378 5645 ἑνὶ
1403 5593 1626 5664 Χριστῷ
1654 5597 1785 5666 ὁμο-

231 5678 462 5748 λογιῖται,
487 5681 556 5734 τὰ
575 5679 670 5733 δύο
692 5678 936 5748 ὀνόματα
975 5679 1068 5731 ἐπὶ
1092 5679 1190 5750 τῆς
1221 5683 1394 5752 αὐτῆς
1418 5685 1784 5750 ὑποστάσεως

232 5769 308 5826 τοῦ
349 5773 460 5839 se;
492 5768 736 5848 Χριστοὺ
765 5771 962 5838 κεῖται,
990 5770 1177 5844 ῶσπερ
1210 5774 1302 5826 ἐπὶ
1354 5774 1464 5830 τῶν
1492 5775 1778 5848 διωνύςλων

1897 3393 2009 3432 non
2038 3377 2340 3432 habitasset
2361 3377 2416 3431 in
2443 3378 2606 3434 nobis
2633 3378 2969 3442 carnalibus,
3003 3377 3059 3432 id
3088 3387 3174 3433 est
3208 3377 3262 3432 in
3289 3391 3476 3440 carne,

1895 3469 1993 3526 sed
2045 3471 2099 3525 in
2141 3469 2314 3540 ipsam
2365 3471 2561 3526 fuisset
2607 3485 2956 3526 conversum.
3028 3471 3260 3526 Nomina
3310 3470 3474 3540 igitur

1896 3564 2186 3634 utriusque
2247 3571 2458 3618 natura:
2491 3570 2671 3633 potest
2699 3563 2956 3632 excipere
2997 3563 3262 3626 Verbum,
3321 3561 3472 3631 quod

1896 3658 1952 3713 in
2003 3675 2110 3714 una
2151 3675 2387 3730 persona
2443 3659 2685 3730 duplicis
2738 3669 2949 3716 natura:
2985 3659 3148 3714 hodie
3200 3661 3474 3728 subsistit,

1894 3758 2054 3805 antea
2086 3750 2140 3805 in
2173 3752 2338 3806 unius
2365 3765 2601 3806 naturae.
2643 3749 2699 3805 Si
2731 3751 2918 3806 adhuc
2967 3751 3252 3807 diceretur
3284 3768 3314 3804 a
3342 3767 3478 3820 per-

1895 3857 2030 3898 sona
2067 3843 2234 3899 unius
2283 3850 2493 3898 natura:
2541 3843 2773 3897 alteram
2829 3851 3080 3897 naturam
3125 3843 3298 3912 accipi
3364 3858 3477 3897 non

1893 3947 2078 4004 posse,
2136 3947 2316 4003 neque
2391 3947 2626 4002 persona
2687 3939 2893 3986 nostra:
2949 3931 3192 3986 carnalis
3265 3938 3482 3986 natura:

1889 4023 2238 4094 spiritualem
2268 4031 2524 4078 naturam
2553 4021 2609 4076 in
2649 4021 2832 4076 futura
2886 4023 3298 4078 resurrectione
3326 4023 3476 4078 acci-
3544 4085 3565 4094 κ

1891 4131 2025 4188 pere
2051 4123 2280 4185 posset;
2315 4113 2412 4170 sed
2445 4113 2530 4170 vel
2579 4114 2752 4169 altera
2799 4129 3034 4184 persona
3063 4115 3322 4179 daretur,
3366 4132 3476 4172 non

1891 4208 2198 4263 haberetur
2247 4204 2446 4258 melior
2477 4199 2713 4260 natura.
2769 4203 2908 4260 Cum
2954 4213 3138 4260 autem
3180 4216 3391 4261 natura:
3421 4217 3480 4262 et

1891 4310 2144 4369 persona:
2174 4295 2328 4349 solus
2354 4294 2502 4348 Deus
2532 4294 2605 4348 sit
2635 4303 2862 4360 auctor,
2898 4296 3030 4364 quid
3061 4311 3190 4350 eum
3219 4297 3478 4366 prohibet

1893 4404 2058 4444 unam
2109 4396 2366 4442 naturam
2426 4385 2483 4440 in
2535 4387 2764 4441 alteram
2805 4402 3097 4456 personam
3142 4389 3478 4444 transferre?

1892 4486 1989 4534 aut
2037 4476 2276 4532 alienam
2322 4492 2618 4546 personam
2657 4477 2714 4533 in
2747 4478 2978 4533 alteram
3009 4481 3304 4534 naturam?
3340 4479 3479 4537 lluic

1893 4568 2142 4640 profecto
2187 4568 2374 4622 omnia
2408 4567 2696 4638 possibilia
2727 4576 2892 4634 sunt,
2942 4569 3205 4640 quoniam
3251 4583 3480 4627 natm-as

1887 4675 2275 4734 personarum,
2296 4659 2623 4715 animalium
2644 4669 2700 4714 et
2728 4661 3063 4730 plantarum,
3093 4661 3298 4730 quibus
3321 4663 3479 4716 alun-

1889 4766 1982 4812 tur
2018 4755 2325 4812 nutriendae
2357 4755 2479 4811 aliae
2506 4771 2778 4825 personae,
2807 4754 3062 4810 videmus
3094 4755 3149 4810 in
3175 4771 3271 4810 eas
3301 4765 3478 4814 trans-

1889 4847 2161 4914 formari;
2219 4849 2309 4901 vel
2350 4845 2534 4901 adhuc
2579 4860 2844 4916 personas
2891 4845 2948 4899 in
2989 4861 3187 4900 novam
3221 4857 3478 4902 naturam

1889 4940 2152 5012 migrare,
2184 4953 2402 4994 vermes
2431 4939 2488 4992 in
2515 4937 2759 4992 volatilia
2790 4937 3016 4990 mutari.
3396 4943 3414 4958 '

2475 5043 2626 5100 CAP.
2663 5041 2906 5099 XXXVI.

1963 5141 2224 5198 Personae
2267 5140 2494 5197 nomina
2541 5147 2674 5195 sunt
2717 5139 2855 5203 ista,
2898 5139 3074 5196 Filius
3109 5141 3206 5197 Dei
3254 5151 3474 5208 natura,

1889 5241 2093 5288 natura
2125 5232 2272 5288 ﬁlius
2299 5232 2573 5296 hominis.
2612 5230 2733 5286 sine
2762 5229 2968 5300 quibus
2993 5230 3476 5289 Christianismum

1891 5333 2044 5381 recte
2073 5325 2327 5381 confiteri
2360 5333 2447 5381 est
2471 5323 2844 5395 impossibile;
2880 5325 3044 5380 ambo
3071 5324 3142 5380 de
3173 5341 3284 5380 uno
3310 5326 3477 5381 Chri-

1890 5427 2001 5481 sto,
2032 5433 2144 5471 non
2173 5417 2244 5472 de
2267 5419 2540 5473 alterutro
2575 5418 2736 5472 ambo
2763 5417 3048 5472 dicuntur.
3083 5418 3319 5474 Nomina
3348 5423 3478 5473 sunt

1890 5523 2178 5578 personae,
2233 5507 2333 5564 sed
2383 5509 2633 5580 ejusdem
2681 5523 2932 5579 persona:
2968 5527 2981 5562 :
3014 5509 3060 5564 si
3088 5509 3237 5564 enim
3269 5509 3338 5562 de
3365 5524 3479 5563 uno

1887 5597 2113 5654 Christo
2150 5599 2318 5654 ambo
2348 5610 2498 5656 recte
2529 5607 2890 5670 usurpantur,
2921 5599 2990 5654 ad
3013 5599 3262 5654 eamdem
3291 5613 3480 5667 perso-

1888 5704 2014 5743 nam
2048 5691 2216 5746 unius
2243 5691 2474 5754 Christi,
2513 5703 2738 5762 accepta
2771 5708 2836 5748 ex
2865 5707 2976 5746 uno
3003 5701 3060 5745 et
3086 5693 3257 5745 altero
3283 5691 3474 5756 verbo,

1886 5780 2240 5849 referuntur,
2279 5785 2744 5855 quemadmodum
2781 5783 2969 5840 evenit
3015 5783 3106 5840 his
3146 5785 3314 5842 rebus
3353 5801 3477 5856 qua
