3932 6152
443 243 582 306 1595

1724 241 2038 304 LEONTII
2077 239 2489 302 BYZANTINI

3649 227 3797 294 1596

441 353 664 406 duabus
705 352 1026 411 nominibus
1069 363 1360 412 vocantur.
1419 353 1630 410 Eodem
1673 353 1840 410 modo
1885 353 2030 410 idem

2179 352 2376 418 Ξάλλου
2407 351 2504 406 xa‘t
2525 350 2688 406 άλλου
2705 348 3011 421 εἰλημμένα
3037 347 3196 416 λόγου
3217 364 3231 378 ν
3261 345 3453 408 οὕτως
3489 341 3666 409 γοῦν
3691 346 3788 396 εισι

441 443 770 498 Timotheus
804 447 861 499 in
891 461 999 500 una
1027 462 1260 516 persona
1291 446 1439 502 [ilius
1459 446 1614 502 Pauli
1640 453 1785 510 erat,
1805 455 1861 500 et
1884 445 2030 500 [ilius

442 532 643 587 Graeci.
674 533 739 587 Et
761 535 988 590 aliunde
1014 537 1120 591 ista
1143 536 1374 592 nomina
1399 551 1692 606 personam
1714 536 2028 609 designant,

444 623 542 678 sed
576 624 766 680 habita
800 625 1017 682 ratione
1039 637 1368 683 naturarum
1397 635 1456 684 et
1479 626 1731 698 originis.

1012 808 1166 866 CAP.
1199 809 1468 866 XXXVII.

516 899 612 956 Vel
641 899 778 956 illud
799 916 1025 967 nomen,
1053 901 1298 966 Verbum,
1321 901 1463 956 duas
1477 913 1747 970 personas
1762 899 2032 964 nominat,

447 1007 568 1045 eam
600 1007 724 1061 quae
751 1007 862 1048 non
891 1001 978 1048 est
1007 991 1150 1048 facta
1176 991 1410 1047 Domina
1433 1031 1452 1058 ,
1489 999 1546 1046 et
1573 1006 1696 1048 eam
1739 1007 1863 1061 quae
1891 991 2035 1046 facta

445 1089 566 1143 est;
595 1081 680 1136 vel
711 1080 850 1137 duas
871 1082 1200 1138 medietates
1222 1081 1390 1136 unius
1407 1095 1656 1151 personae
1676 1087 1734 1136 et
1749 1079 1918 1136 unius
1931 1081 2038 1134 Do-

447 1173 620 1239 mini;
653 1181 710 1228 et
731 1189 896 1228 nemo
919 1174 976 1226 lit
997 1175 1172 1244 gratia
1199 1172 1348 1244 quod
1368 1181 1453 1228 est
1480 1181 1697 1228 natura.
1731 1171 1788 1227 Si
1819 1171 1911 1226 illa
1931 1187 2036 1226 vox

447 1265 716 1320 Dominus
736 1281 1024 1334 personam
1048 1265 1210 1322 Verbi
1236 1283 1346 1322 non
1363 1275 1618 1322 naturam
1635 1265 1908 1332 nominat,
1930 1265 2038 1322 Pa-

454 1367 538 1412 ter
567 1365 624 1412 et
654 1357 896 1428 Spiritus
922 1373 1033 1413 non
1055 1366 1186 1414 sunt
1213 1357 1452 1425 Domini,
1475 1359 1752 1430 siquidem
1772 1373 1884 1414 non
1909 1368 2038 1415 sunt

451 1449 702 1520 ejusdem
733 1466 1017 1520 personae;
1054 1452 1098 1506 si
1130 1465 1264 1506 vero
1293 1459 1573 1517 naturam,
1605 1460 1758 1522 patet
1782 1460 2037 1508 naturam

453 1542 751 1596 humanam
803 1541 941 1597 illud
989 1542 1165 1614 gratia
1207 1543 1548 1609 obtinuisse,
1591 1545 1738 1614 quod
1771 1545 2040 1602 Divinitas

453 1644 651 1690 natura
679 1635 868 1700 habet,
895 1649 1094 1704 nempe
1120 1635 1308 1690 vocari
1333 1635 1658 1702 Dominum;
1688 1645 1747 1693 et
1769 1637 1872 1708 ipsi
1901 1637 2041 1694 fale-

2131 444 2395 514 Τιμόθεος
2425 445 2454 498 ὁ
2494 443 2658 507 αὐτὸς
2691 445 2750 498 ὲν
2799 443 2900 514 μιᾷ
2933 444 2998 512 τῇ
3034 439 3338 494 ὑποστάσει
3387 435 3622 498 αὐτη-3,
3665 437 3790 496 υἱός

2129 557 2190 594 τε
2215 534 2282 610 ἦν
2304 537 2518 592 Παύλου
2541 537 2636 591 καὶ
2666 535 2872 606 πατρὸς
2887 535 3152 604 Ἕλληνος
3180 549 3193 562 ’
3221 531 3409 594 ἄλλως
3425 530 3492 582 δὲ
3519 527 3714 586 τάδε.
3734 529 3784 579 εξ

2132 632 2228 686 καὶ
2262 629 2405 685 κατὰ
2434 629 2810 692 ὑποστάσεως,
2840 625 2955 680 ἀλλ’
3003 627 3068 678 ἐκ
3101 624 3209 677 τῶν
3251 622 3494 692 φύσεων
3521 619 3784 690 ὠνόμα-

2135 737 2259 774 σται
2293 719 2389 774 καὶ
2424 718 2534 773 τῶν
2553 717 2864 788 γεννήσεων
2897 714 3102 784 σαφῶς.

2717 807 2968 864 ΚΕΦΛΛ.
3001 807 3118 862 ΛΖ’.

2207 900 2277 954 Ἦ
2295 898 2388 953 δύο
2411 896 2762 953 ὑποστάσεών
2787 898 2933 950 ἐστιν
2947 895 3118 966 ὅνομα
3140 896 3169 948 ὁ
3197 895 3398 962 Λόγος,
3417 895 3535 964 τῆς
3557 892 3784 960 ἀποιή-

2136 1008 2230 1046 του
2280 991 2512 1062 Κυρίου,
2574 991 2670 1043 καὶ
2721 989 2824 1055 τῆς
2861 987 3239 1056 πεποιημένης
3276 983 3535 1056 Κυρξου,
3605 983 3647 1054 ἢ
3689 983 3782 1037 δύο

2137 1081 2383 1153 ἡμίσεων
2410 1081 2510 1150 τῆς
2544 1082 2675 1150 μιᾶς
2709 1080 3066 1142 ὑποστάσεως
3088 1077 3183 1131 τοῦ
3213 1077 3334 1140 ἐνὸς
3358 1075 3613 1146 Κυρίου
3645 1092 3667 1108 ο
3687 1073 3784 1128 οὐ.

2137 1175 2247 1238 δεὶς
2297 1173 2356 1228 δὲ
2383 1173 2594 1243 γίνεται
2625 1174 2767 1228 κατὰ
2796 1171 2978 1246 χάριν,
3015 1171 3046 1242 ᾇ
3081 1172 3203 1224 ἐστι
3252 1167 3408 1223 κατὰ
3445 1166 3673 1236 φύσιν.
3717 1167 3782 1220 Εἰ

2141 1271 2242 1339 τῆς
2269 1267 2622 1331 ὑποστάσεως
2653 1266 2748 1322 τοῦ
2775 1266 2952 1334 Λόγιυ
2981 1264 3134 1318 ἐστὶν
3172 1262 3350 1332 δνομα
3400 1261 3476 1314 τὺ
3505 1261 3778 1328 Κύριος.

2139 1362 2234 1416 καὶ
2247 1361 2308 1414 οὐ
2338 1361 2438 1430 τῆς
2463 1359 2700 1430 φύσεως,
2736 1362 2765 1414 ό
2790 1358 2980 1430 Πατὴρ
3009 1357 3120 1428 ἄρα
3154 1355 3250 1410 καὶ¹
3278 1355 3346 1408 τὸ
3381 1353 3682 1422 Πνεῦμα,
3716 1353 3778 1404 οὗ

2139 1451 2360 1522 Κύριοι,
2392 1451 2513 1504 ἐπεὶ
2537 1449 2600 1502 οὐ
2627 1449 2726 1520 τῆς
2763 1449 2932 1518 αὐτῆς
2991 1449 3132 1500 εἰσιν
3174 1445 3604 1506 ὑποστάσεως·
3639 1445 3697 1495 εξ
3723 1440 3778 1494 δὲ

2141 1541 2357 1612 φύσεώς
2402 1543 2542 1606 ἐστι,
2577 1541 2736 1610 δῆλον
2782 1539 2924 1612 ὡςή
2977 1537 3296 1610 ἀνθρωπίνη
3330 1535 3521 1605 φύσις
3571 1534 3780 1602 γέγονε

2142 1634 2286 1689 κατὰ
2310 1634 2469 1704 χάριν
2492 1632 2650 1688 τοῦτο
2675 1633 2852 1700 eam
2883 1632 3025 1686 κατὰ
3055 1630 3217 1700 φύσιν
3248 1631 3282 1699 ή
3305 1627 3568 1698 Θεότης,
3597 1627 3780 1696 ἦγε-δν

455 1726 623 1794 mini,
673 1734 903 1797 pr0pter
951 1725 1180 1782 nimiam
1224 1727 1548 1784 charitatem
1608 1697 1926 1785 Divinilatis
1983 1731 2038 1784 in

2179 1727 2374 1798 ἱύριος,
2419 1726 2495 1789 ὡς
2549 1728 2644 1780 καὶ⁵
2675 1727 2834 1797 ὑμεῖς
2860 1724 3144 1795 εἰρήκατε,
3173 1721 3266 1776 διὰ
3291 1723 3398 1792 τῆς
3436 1719 3656 1790 ἄκρας
3683 1719 3780 1786 τῆς

439 1817 853 1872 humanitatem
903 1815 1010 1886 ipsi
1051 1817 1304 1888 proprias
1331 1815 1557 1872 divitias
1589 1817 1645 1872 in
1675 1833 1774 1872 sua
1801 1833 2040 1888 persona

453 1907 874 1965 commodantis.
1347 1929 1375 1956 ο

1021 1999 1177 2057 CAP.
1211 2000 1498 2058 XXXVIII.

526 2091 583 2146 Si
616 2091 861 2147 Verbum
905 2101 993 2148 est
1032 2093 1182 2148 Deus
1223 2093 1538 2156 divinitate,
1571 2093 1618 2148 si
1646 2093 1814 2148 homo
1845 2091 2048 2147 huma-

454 2183 630 2240 nitate
650 2225 666 2248 ,
707 2184 763 2239 in
790 2184 1010 2240 duabus
1037 2186 1294 2256 personis
1321 2197 1406 2241 est
1432 2186 1607 2241 Filius
1629 2185 1751 2252 Dei,
1785 2193 1843 2242 et
1870 2185 2046 2240 Filius

457 2273 732 2341 hominis,
784 2276 932 2332 sicut
979 2275 1201 2332 duabus
1231 2277 1448 2334 naturis
1489 2286 1576 2334 est
1603 2279 1748 2334 Deus
1773 2289 1831 2333 et
1855 2277 2043 2332 homo.

457 2367 513 2420 Si
563 2367 782 2424 duabus
827 2369 1062 2434 naturis,
1100 2378 1164 2426 ut
1193 2371 1400 2441 inquis,
1436 2371 1738 2426 divinitate
1765 2379 1822 2427 et
1846 2371 2046 2426 buma-

456 2455 652 2520 nitate,
687 2457 832 2514 Deus
865 2465 922 2516 et
950 2459 1120 2515 homo
1143 2469 1231 2516 est
1259 2459 1404 2516 idem
1435 2460 1532 2516 Dei
1560 2461 1770 2526 Filius,
1820 2468 2047 2532 reputa-

459 2544 613 2599 bitur
644 2551 961 2606 necessario
1005 2551 1148 2608 duas
1179 2561 1434 2618 naturas,
1469 2567 1584 2609 non
1615 2553 1754 2623 duas
1780 2567 2048 2624 personas

460 2637 690 2696 habere.
1719 2638 1724 2643 ’

1037 2817 1192 2876 CAP.
1227 2819 1472 2902 xxxnt.

534 2912 590 2966 Si
633 2911 801 2968 unius
834 2927 1084 2984 personae
1134 2931 1247 2972 non
1281 2917 1476 2982 factae,
1529 2925 1586 2972 et
1628 2915 1784 2972 factas
1820 2915 2052 2972 alterius

2142 1822 2283 1876 κατὰ
2312 1821 2440 1894 μίαν
2465 1819 2768 1874 ὑπόστασιν
2796 1819 2938 1890 πρὸς
2967 1817 3143 1886 αὐτὴν
3193 1813 3468 1884 εὐφυΐας,
3526 1829 3782 1884 χαρισα-

2147 1915 2316 1985 μένης
2355 1913 2495 1984 αὐτῇ
2517 1913 2590 1966 τὰ
2624 1912 2732 1966 ἴδια
2757 1910 2986 1980 φυσικά-

2727 2003 2980 2058 ΚΕΦΛΛ..
3016 2001 3148 2054 All'.

2216 2099 2281 2154 Εί
2319 2097 2534 2168 θεότητι
2559 2096 2693 2162 Θεδς
2717 2098 2746 2150 ὁ
2767 2095 2960 2164 Λόγος,
2997 2094 3094 2148 καὶ
3115 2091 3532 2162 ἀνθρωπότητι
3555 2091 3786 2160 ἄνθρω-

2146 2208 2248 2256 πος
2271 2191 2300 2244 ὁ
2319 2191 2516 2260 Λόγος,
2547 2191 2606 2244 ὲν
2632 2189 2786 2243 δυσὶν
2810 2187 2921 2258 ἄρα
2937 2183 3299 2240 ὑποστάσεσεν
3333 2186 3507 2236 ἐστιν
3535 2183 3570 2235 ὁ
3598 2183 3783 2249 Λόγος

2146 2284 2277 2348 Υἱὸς
2325 2282 2424 2337 τοῦ
2467 2282 2604 2337 Θεοῦ
2644 2281 2742 2337 καὶ
2774 2281 2906 2346 Υίδς
2950 2275 3274 2351 ἀνθρώπου·
3328 2273 3554 2346 ὥσπερ
3587 2275 3695 2326 καὶ
3721 2277 3778 2326 ἐν

2146 2377 2270 2433 δυσὶ
2307 2375 2502 2448 φύσεσι
2541 2376 2676 2441 Θεὸς
2721 2377 2818 2430 καὶ¹
2846 2374 3158 2446 ἄνθρωπος.
3192 2371 3258 2451 Ei
3291 2370 3356 2422 ὲν
3397 2368 3628 2437 φύσεσι
3657 2367 3776 2420 δυσὶ

2147 2469 2281 2535 Θεὸς
2307 2471 2405 2525 καὶ
2435 2469 2744 2541 ἄνθρωπος,
2769 2468 2846 2533 ὡς
2893 2468 3053 2536 ἔφης,
3083 2465 3250 2528 ἐστὶν,
3273 2463 3334 2515 ἐν
3375 2461 3650 2529 θεότητι,
3673 2461 3778 2528 ἄρα

2149 2559 2247 2615 καὶ
2293 2559 2711 2630 ἁνθρωπότητι,
2757 2557 2852 2610 δύο
2906 2556 3104 2626 φύσεις
3151 2551 3490 2622 ἀναγκαίως
3537 2551 3648 2604 καὶ
3715 2549 3772 2601 οὗ

2149 2652 2244 2708 δύο
2302 2643 2631 2714 ὑποστάσεις
2701 2651 2730 2703 ὁ
2795 2647 2960 2713 αὐτὸς
3027 2645 3360 2718 νοηθήσεται
3419 2637 3588 2698 εἶναι
3651 2641 3774 2702 Tib;

2151 2743 2310 2798 Θεοῦ.
3191 2785 3202 2800 .

2743 2831 2996 2887 ΚΕΦᾹΛ.
3025 2827 3150 2884 ΛΘ⁹.

2224 2929 2288 2984 Εἰ
2319 2927 2449 2999 μίαν
2469 2926 2586 2998 ἔχει
2612 2929 2640 2980 ὁ
2661 2926 2832 2995 Λόγος
2865 2923 3170 2978 ὑπόστασιν
3203 2919 3488 2991 ἀποίητον
3517 2921 3628 2975 καὶ
3651 2920 3777 2990 uia»

461 3005 878 3072 csLVerbum,
933 3007 1030 3077 qui
1085 3008 1272 3066 aufert
1319 3025 1616 3065 numerum
1661 3025 2049 3080 personarum,

2179 3038 2357 3092 ιεποιη
2365 3020 2554 3092 μένην,
2575 3021 2604 3073 ὁ
2629 3018 2872 3089 ἀναιρῶν
2891 3015 3002 3071 τῶν
3020 3013 3387 3070 ὑποστάσεων
3407 3012 3516 3066 τὸν
3531 3012 3774 3083 ἀριθμόν

461 3095 630 3152 Verbi
664 3099 1182 3168 personanhaufert
1203 3141 1218 3166 ,
1267 3103 1386 3158 sive
1428 3117 1539 3156 non
1569 3101 1793 3172 factam,
1825 3101 1942 3157 sive
1971 3101 2054 3157 fa-

462 3194 628 3242 ctam.
675 3187 782 3242 Scd
821 3204 985 3244 nemo
1016 3189 1311 3262 religiosus
1340 3191 1481 3247 duas
1509 3206 1633 3248 esse
1659 3191 1829 3248 Verbi
1859 3207 2053 3263 perso-

463 3295 564 3334 nas
610 3279 946 3346 conﬁtetur;
1005 3289 1062 3336 at
1113 3281 1335 3338 unicam
1389 3284 1511 3355 ejus
1539 3298 1834 3354 personam
1879 3283 2059 3338 credit

467 3379 638 3426 totum
705 3371 862 3442 prius
913 3387 1036 3430 esse
1089 3373 1448 3444 conspicuam
1504 3391 1574 3431 ex
1623 3375 2060 3447 proprietatibus

469 3463 752 3528 increatis,
786 3480 938 3520 nunc
969 3481 1102 3520 vero
1131 3467 1322 3523 verbis
1347 3477 1404 3522 et
1425 3468 1642 3524 actibus
1667 3484 1782 3524 suae
1809 3483 2061 3540 personae

470 3571 644 3610 novos
674 3557 1030 3612 characteres
1061 3557 1442 3615 manifestare.

1109 3759 1262 3815 CAP.
1301 3760 1418 3814 XL.

547 3851 603 3906 Si
639 3866 748 3906 non
775 3851 953 3906 solum
984 3850 1054 3906 ad
1085 3851 1328 3906 Verbum
1361 3851 1482 3916 Dei,
1516 3851 1612 3906 sed
1641 3851 1810 3907 etiam
1846 3851 1914 3907 ad
1943 3867 2063 3908 car-

476 3959 602 4000 nem
627 3944 870 4015 pertinet
896 3961 1006 4000 non
1029 3960 1152 4001 esse
1175 3956 1500 4016 generatum
1529 3962 1597 4001 ex
1617 3947 1790 4002 altera
1806 3947 2066 4004 substan-

479 4037 555 4092 tia
607 4051 666 4092 et
705 4053 939 4108 persona
967 4079 983 4105 ,
1033 4054 1198 4110 quam
1249 4039 1464 4104 Patris,
1511 4040 1622 4096 erit
1669 4055 1800 4096 caro
1843 4058 1910 4098 ex
1951 4042 2068 4098 sola

480 4129 787 4188 substantia
820 4129 1020 4196 Patris,
1047 4145 1205 4200 atque
1233 4146 1298 4186 ac
1323 4131 1590 4188 Verbum.
1631 4132 1747 4188 l-loc
1781 4149 1911 4189 vere
1941 4149 2069 4204 pro-

481 4222 666 4292 prium
714 4231 800 4278 est
849 4223 1022 4294 ipsius
1061 4223 1263 4291 Verbi,
1319 4239 1486 4281 carne
1514 4225 1762 4280 nondum
1790 4235 2072 4296 assumpta

485 4317 540 4374 in
569 4315 979 4383 incarnatione,
1015 4325 1071 4372 et
1099 4317 1394 4374 character
1419 4327 1507 4374 est
1534 4319 1793 4390 proprius
1823 4334 2073 4389 persona:

2157 3121 2374 3191 ἀναιρεῖ
2403 3117 2496 3171 τοῦ
2515 3117 2692 3186 Λόγου
2718 3115 2818 3185 τὴν
2844 3114 3172 3178 ὑπόστασιν,
3201 3109 3237 3184 ἢ
3269 3111 3376 3178 τὴν
3408 3108 3770 3180 (hminum!

2155 3211 2256 3282 τὴν
2278 3209 2680 3279 πεποιημένην.
2729 3205 2870 3260 Ἀλλ’
2904 3204 3084 3266 οὐδεὶς
3111 3201 3362 3256 εὐσεϐῶν
3387 3200 3494 3254 δύο
3524 3201 3770 3254 ὑποστά-

2159 3321 2274 3368 σεις
2289 3303 2436 3374 ἔχειν
2454 3301 2618 3356 αὐτόν
2640 3317 2773 3370 φησι
2795 3297 2964 3362 ὖντως
2983 3295 3074 3350 τὸν
3096 3297 3270 3363 Λόγον
3294 3309 3306 3321 ⁸
3341 3293 3494 3348 ἀλλὰ
3517 3293 3627 3365 τὴν
3647 3293 3774 3364 μίαν

2159 3395 2328 3454 αὐτοῦ
2381 3396 2710 3456 ὑπόστασιν,
2743 3391 2914 3446 πάλαι
2973 3389 3071 3460 μὲν
3103 3387 3162 3454 ὲξ
3207 3387 3508 3454 ἀποιήτων
3561 3387 3626 3439 τὸ
3653 3385 3774 3439 ὃὶον

2161 3483 2526 3557 γνωρίζεσθαι
2555 3481 2864 3552 ἰδιωμάτων
2891 3475 3142 3540 ἐντελῶς,
3165 3475 3261 3530 νῦν
3289 3473 3472 3528 δὲ’καὶ
3501 3476 3577 3528 ἐκ
3617 3492 3776 3543 ποιη-

2162 3579 2272 3634 τῶν
2291 3576 2435 3648 ἔχειν
2466 3575 2640 3644 λόγων
2664 3573 2760 3626 καὶ
2809 3570 3162 3642 πραγμάτων
3187 3569 3254 3622 ὲκ
3287 3567 3640 3638 περιουσίας
3673 3567 3772 3626 τάς

2167 3667 2540 3729 ὐποστατικάς
2569 3665 2773 3737 ἑαυτῆς
2807 3661 3154 3733 ὑπογραφάς.

2765 3756 3022 3810 ΚΕΦΔΛ.
3051 3754 3145 3808 Μ’.

2239 3851 2304 3905 lii.
2335 3853 2436 3906 οὐκ
2471 3849 2621 3904 ἐστιν
2666 3847 2851 3910 ἱδικῶς
2891 3845 2987 3898 τοῦ
3031 3842 3168 3897 Θεοῦ
3211 3841 3390 3910 Λόγου
3417 3843 3482 3894 rb
3527 3839 3608 3911 μὴ
3631 3836 3774 3894 eiu:

2167 3939 2572 4012 γεννηθένταὲξ
2595 3939 2790 4010 ἑτέρας
2825 3935 3016 3998 οὐσίας
3041 3933 3076 4002 ἦ
3107 3931 3466 3992 ὑποστάσεως
3503 3929 3654 4000 πλὴν
3672 3930 3772 3998 τῆς

2168 4029 2264 4086 τοῦ
2299 4029 2533 4100 Πατρός,
2566 4026 2706 4082 ἀλλὰ
2736 4026 2832 4082 καὶ
2869 4025 2970 4096 τῆς
3005 4021 3228 4092 σαρκὸς,
3263 4021 3422 4074 ἔσται
3443 4018 3561 4089 ἄρα
3616 4021 3768 4086 καὶὴ

2173 4123 2313 4194 σάρξ
2335 4125 2398 4178 ἐκ
2429 4121 2530 4192 τῆς
2569 4119 2760 4182 οὐσίας
2789 4119 2960 4188 μόνης
2990 4113 3084 4168 τοῦ
3121 4112 3354 4184 Πατρδς,
3389 4111 3652 4180 καθάπερ
3677 4113 3768 4164 καὶ

2172 4217 2202 4270 ὁ
2230 4215 2362 4277 Θεὸς
2391 4213 2584 4281 Λόγος.
2613 4213 2774 4266 Ἐστι
2801 4209 2902 4281 μὲν
2959 4201 3054 4261 οὖν
3088 4202 3257 4258 αὐτοῦ
3303 4203 3492 4265 ἰδικῶς
3521 4203 3648 4256 τόδε
3677 4201 3768 4254 τοιῦ

2177 4309 2354 4378 Λόγου
2407 4307 2574 4372 ῐδιον,
2607 4302 2720 4358 ἀλλ’
2770 4300 2922 4354 οὔπω
2952 4299 3048 4369 μὲν
3101 4298 3280 4367 σάρκα
3314 4293 3764 4366 προσλαϐομένην

481 4406 632 4462 illius
662 4407 930 4479 simplicis
959 4419 1016 4465 et
1045 4412 1207 4466 unius
1232 4426 1480 4481 personae
1505 4427 1520 4478 ;
1574 4427 1699 4466 cum
1732 4421 1918 4468 autem
1962 4426 2054 4466 no-

2179 4397 2296 4454 καθ’
2319 4399 2537 4460 ἕνωσιν,
2562 4395 2641 4459 ὡς
2671 4389 3028 4453 ὑποστάσεως
3063 4386 3230 4441 αὐτοῦ
3255 4386 3765 4456 χαρακτηριστικὸτ

488 4513 612 4551 vam
666 4499 1042 4567 acceptioncm
1092 4501 1288 4555 habuit
1335 4517 1535 4557 nomen
1586 4503 1839 4559 naturale
1889 4502 2066 4564 illius,

485 4598 618 4644 tunc
649 4588 746 4644 fuit
780 4591 1037 4661 proprius
1066 4607 1248 4646 rerum
1281 4592 1334 4648 in
1357 4609 1591 4664 persona
1619 4595 2067 4666 congenitarum;

485 4699 650 4738 unam
695 4693 910 4752 partem
955 4683 1210 4756 designat
1251 4688 1504 4756 proprie,
1536 4704 1648 4742 non
1677 4696 1847 4742 totam
1874 4703 2071 4758 perso-

488 4788 614 4827 nam
661 4789 784 4843 quae
819 4773 983 4830 hodie
1013 4775 1216 4846 gaudet
1253 4776 1360 4832 hoc
1381 4777 1629 4834 nomine.
1667 4779 1874 4834 Eodem
1907 4777 2072 4832 modo

487 4865 661 4919 solius
703 4866 902 4920 animat
949 4874 1030 4923 est
1071 4867 1337 4924 indicium
1371 4869 1688 4926 intellectus
1718 4877 1775 4924 et
1801 4869 2072 4933 scientize,

489 4969 599 5007 non
630 4953 756 5009 ideo
782 4964 970 5012 autem
1002 4957 1152 5012 illam
1187 4967 1340 5015 trans
1362 4961 1768 5016 humanitatem
1797 4959 2070 5025 collocat;

460 5043 664 5121 ,sulius
692 5054 886 5115 gustus
914 5057 1001 5104 est
1033 5064 1230 5106 succos
1257 5051 1710 5122 apprehendere,
1761 5049 1858 5106 sed
1907 5065 1976 5106 ex
2007 5065 2075 5105 co

490 5148 603 5190 non
631 5134 800 5192 habet
832 5152 1122 5208 personam
1151 5141 1455 5211 propriam.

1116 5408 1268 5466 CAP.
1306 5409 1420 5466 XLI
1433 5453 1445 5465 .

567 5499 802 5570 Quando
829 5499 1029 5557 divina:
1054 5499 1353 5572 Scriptum
1379 5502 1660 5558 Christum
1685 5479 1886 5557 vocant
1906 5517 2074 5556 unum

501 5590 802 5659 hominem,
835 5591 879 5648 si
907 5591 1059 5646 illum
1085 5608 1210 5648 cum
1238 5594 1346 5649 Deo
1369 5593 1680 5664 intelligqu
1710 5594 1814 5648 hoc
1833 5593 2076 5661 nomine,

505 5683 726 5741 videtur
779 5685 924 5757 quod
977 5687 1120 5744 Deus
1170 5686 1240 5744 sit
1297 5687 1472 5744 media
1518 5703 1646 5758 pars
1691 5686 1950 5743 hominis.
2011 5686 2076 5741 Et

2181 4492 2312 4546 ῐδιον
2338 4493 2440 4560 τῆς
2477 4488 2657 4557 άπλῆς
2682 4485 2778 4540 καὶ
2803 4479 3106 4554 μοιδοφυοῦς
3137 4481 3332 4550 ὁρᾶται
3352 4495 3366 4508 ·
3415 4478 3686 4531 συνθέτου
3715 4476 3764 4528 δὲ

2178 4581 2473 4652 γενομένου
2521 4575 2616 4632 τοῦ
2679 4572 2912 4644 φυσικοῦ
2968 4571 3138 4640 αὐτῆς
3187 4569 3379 4636 λόγου,
3413 4567 3518 4636 οὐχ
3545 4567 3625 4630 ὡς
3679 4567 3766 4634 τῆς

2178 4673 2316 4736 ὅλως
2344 4669 2697 4732 ὑποστάσεως
2724 4667 2864 4720 κατὰ
2889 4663 2980 4716 τὸν
2999 4661 3230 4730 φυσικὸν
3252 4657 3426 4726 αὐτῆς
3454 4657 3624 4726 λόγον
3645 4659 3766 4712 tam

2179 4767 2298 4830 νῦν,
2336 4765 2452 4820 ἀλλ’
2495 4763 2572 4826 ὡς
2607 4760 2808 4832 μέρους
2844 4757 2962 4821 ἑνὸς
3010 4754 3092 4818 ὃν,
3132 4755 3266 4808 ἴδιον
3293 4751 3406 4806 τῶν
3436 4753 3494 4804 ἐν
3535 4755 3605 4822 τῇ
3639 4751 3763 4805 ὑπσ-

2183 4861 2371 4913 στάσει
2388 4853 2826 4926 συμπεφυκότων
2855 4849 3203 4918 πραγμάτων
3227 4843 3565 4915 νοηθήσεται
3590 4862 3604 4874 ·
3633 4845 3768 4896 οὕτω

2180 4953 2314 5024 γοῦν
2363 4952 2460 5004 καὶ
2499 4949 2677 5020 ψυχῆς
2729 4951 2891 5018 μόνον
2943 4945 3082 5005 ἐστὶ,
3110 4941 3173 4996 τδ
3201 4939 3293 4995 νοῦ
3321 4937 3414 4991 καὶ
3459 4937 3768 5005 ἐπιστήμης

2181 5044 2450 5102 δεικτικόν
2468 5059 2482 5074 ο
2513 5041 2610 5095 καὶ
2633 5041 2694 5093 οὐ
2714 5038 2869 5109 παρὰ
2901 5035 3019 5090 τόδε
3049 5033 3158 5106 ἰδίᾳ
3183 5030 3336 5102 παρὰ
3393 5028 3489 5082 τὸν
3525 5029 3656 5099 ὅρον
3680 5029 3766 5081 τοῦ

2183 5138 2478 5210 ἀνθρώπου
2508 5130 2650 5188 εἶναι
2681 5133 2853 5201 αὐτὴν
2875 5126 3202 5198 παρίστησιν
3223 5140 3236 5154 ο
3257 5121 3392 5176 ἀλλὰ
3410 5121 3506 5174 καὶ
3531 5121 3769 5189 γεύσεως

2185 5225 2318 5280 ἴδιον
2343 5223 2536 5295 μόνης,
2569 5219 2756 5274 τδτῶν
2786 5217 2978 5290 χυμῶν
3006 5211 3395 5282 ἁντιληπτικόν
3413 5227 3428 5239 ·
3465 5211 3564 5264 καὶ
3583 5211 3686 5266 οὐκ
3713 5212 3771 5263 ἐκ

2183 5315 2360 5382 τοῦδε,
2391 5313 2536 5384 ίδικὴ
2558 5310 2764 5382 ταύτης
2789 5305 3295 5368 ὲστὶν’ὑπόστασις.

2772 5399 3024 5454 ΚΕΦΛΛ.
3052 5398 3106 5451 Μ
3115 5400 3188 5450 ιν.

2259 5501 2320 5554 Εἰ
2347 5500 2530 5570 ὅτανή
2565 5497 2686 5551 θεία
2715 5493 2909 5566 Γραφὴ
2941 5489 3032 5543 τὸν
3080 5489 3318 5558 Χριστδν
3353 5487 3450 5540 ἕνα
3506 5491 3645 5561 καλῇ
3679 5493 3769 5544 ἇν-

2188 5595 2428 5661 θρωπον,
2463 5587 2600 5659 μετὰ
2631 5585 2727 5640 τοῦ
2760 5583 2898 5636 Θεοῦ
2939 5582 3092 5636 καλεί
3125 5579 3288 5634 αὐτὸν
3319 5579 3420 5632 ἕνα
3467 5579 3768 5649 ἄνθρωπον,

2188 5685 2344 5755 δῆλον
2385 5683 2464 5737 ὅτι
2485 5683 2657 5752 ἥμισυ
2678 5678 2768 5736 τοῦ
2792 5677 2908 5741 ἑνὸς
2933 5671 3220 5744 ἀνθρώπου
3258 5672 3409 5726 ἐστὶν
3441 5675 3470 5727 ὁ
3490 5672 3641 5738 Θεός.
3667 5675 3767 5730 Καὶ
