3932 6152
145 297 310 359 ιῖιίἘἹ
1107 295 1510 358 ADVERSUS
1541 290 1754 354 NEST(

1875 291 2090 352 ANOS.
2126 319 2190 330 ·--
2233 294 2382 354 LIB.
2420 296 2504 357 II.
3323 295 3459 364 1598

139 408 252 460 ὅτε
286 399 394 459 οὖν
423 405 572 473 λέγει
601 405 778 476 σάρκα
803 395 896 460 τὸν
921 404 1229 477 ἄνθρωπον,
1257 407 1333 470 ὡς
1362 407 1421 458 ἐν
1447 404 1548 474 τῷ,
1580 423 1597 456 ι
1629 402 1754 474 Πρὸς

1875 401 2099 470 quando
2135 402 2300 457 homo
2328 419 2460 458 caro
2485 403 2711 472 dicitur,
2740 405 2887 462 sicut
2912 403 3019 463 hoc
3043 407 3170 464 loco
3199 380 3224 462 ἶ
3249 425 3270 461 ι
3297 407 3380 464 Ad
3406 419 3458 463 te

146 501 217 551 σὲ
255 499 420 552 πᾶσα
443 497 738 570 σὰρξῆξει,
759 517 780 550 ι
807 499 944 566 μετὰ
962 499 1060 568 τῆς
1074 498 1254 568 ψυχῆς
1278 498 1434 552 καλεῖ
1454 496 1620 552 αὑτὸν
1645 495 1754 566 piat

1877 493 2061 548 omnis
2091 510 2223 550 caro
2254 497 2437 552 veniet
2466 515 2485 549 ι
2510 539 2526 564 ,
2569 496 2660 552 ille
2691 513 2816 552 cum
2848 498 3032 554 anima
3073 514 3204 553 caro
3231 499 3456 564 dicitur,

147 591 390 662 adyta,
440 590 596 661 δῆλον
627 591 710 645 ὅτι
742 591 914 660 ἥμισυ
962 591 1062 661 τῆς
1095 589 1224 660 μιᾶς
1276 589 1480 660 σαρκός
1539 591 1692 644 ἔστιν
1737 588 1776 658 ἡ

144 678 350 763 ψυχή-

266 801 274 807 '
774 793 1028 848 ΚΕΦΛΛ.
1053 793 1188 849 MB'.

253 905 324 961 Ὀ
341 905 626 977 ὁμολογῶν
651 907 745 960 τὸν
765 907 1002 978 Χριστὸν
1018 906 1152 978 ὁμοῦ
1183 907 1315 960 Θεὸν
1347 906 1440 960 καὶ
1466 905 1772 976 ἄνθρωπον,

156 999 268 1050 καὶ
337 997 418 1069 μὴ
445 997 622 1066 λέγων
655 999 747 1053 τὸν
799 999 1038 1075 Χριστὸν
1072 998 1209 1071 ὁμοῦ
1241 998 1449 1071 ἔτερον,
1485 998 1584 1070 τὴν
1636 997 1775 1052 ἰδίαν

155 1089 404 1160 ἀναιρεί
455 1091 770 1160 ὁμολογίαν.
805 1093 916 1146 Καὶ
965 1092 1084 1156 πῶς
1141 1093 1367 1145 δυνατὸν
1403 1091 1464 1144 τὸ
1492 1092 1628 1146 αὑτὸ
1654 1091 1774 1144 ὅλον

157 1179 446 1249 Χριστοῦ,
479 1180 668 1254 ἔτερον
698 1184 791 1236 καὶ
811 1182 1001 1254 ἔτερον
1020 1185 1140 1238 ὅλον
1173 1184 1292 1247 ἑνὸς
1323 1184 1562 1255 Χριστοῦ
1587 1187 1731 1238 νοεῖν
1755 1200 1770 1248 ;

159 1269 284 1339 ἄρα
325 1265 425 1324 οὖν
449 1271 514 1323 ὲκ
543 1273 744 1343 μέρους
773 1273 868 1326 καὶ
891 1276 1028 1346 πρδς
1061 1276 1228 1346 μέρος
1264 1275 1428 1330 αὑτοῦ
1477 1279 1626 1329 ἔστιν
1653 1275 1772 1328 ἔτε-

167 1379 269 1431 ρος
301 1363 400 1414 καὶ
425 1363 611 1434 ἔτερος
645 1365 674 1417 ὁ
698 1359 780 1428 εἷς
799 1365 1058 1438 Χριστός.

766 1501 1022 1556 ΚΕΦΔΛ.
1069 1503 1202 1558 ΜΡ.

245 1613 428 1666 Φασὶν
457 1614 538 1668 ἔτι
574 1615 656 1669 ὅτι
684 1616 732 1668 εἰ
756 1616 981 1685 γέγονεν
1017 1617 1306 1688 ἄνθρωπος
1334 1619 1363 1672 6
1389 1619 1584 1688 Λογος,
1612 1618 1772 1691 δῆλον

163 1705 253 1758 ὅτι
277 1722 368 1770 τις
398 1705 683 1778 ἄνθρωπος
701 1726 716 1740 ·
745 1709 844 1762 οὑκ
864 1709 980 1762 ἔστι
1010 1695 1118 1780 γάρ
1139 1710 1448 1781 ἄνθρωπος,
1483 1711 1559 1783 μὴ
1591 1710 1665 1764 ῶν
1681 1729 1764 1775 τις

163 1796 472 1865 ἄνθρωπος
495 1814 509 1829 ·
541 1801 568 1853 6
587 1799 643 1852 δέ
668 1817 750 1864 τις
777 1800 1084 1871 ἄνθρωπος,
1111 1801 1401 1874 ἀνθρώπου
1432 1803 1761 1866 ὑπόστασις’

165 1885 202 1954 ἦ
245 1887 347 1940 οὖν
380 1887 474 1942 δύο
505 1890 840 1954 ὑποστάσεις
878 1892 1141 1969 Χριστοῦ,
1189 1893 1222 1964 ἢ
1256 1895 1292 1965 ή
1341 1894 1433 1947 τοῦ
1471 1895 1645 1962 Λόγου
1682 1894 1768 1962 ἐξ·

163 1976 386 2033 ἐλιπεν.
423 1979 566 2034 Ἀλλ’
595 1981 778 2046 ἔνθεος
801 1984 865 2036 ὲκ
889 1983 1114 2056 πρώτης
1137 1984 1426 2054 ὑπάρξεως
1447 1981 1602 2042 οὗτος
1627 1987 1657 2040 6
1682 1989 1767 2051 τὶς

163 2069 465 2142 ἄνθρωπος
499 2073 735 2145 Χριστὸς
764 2075 860 2145 τὴν
889 2076 1188 2130 ὑπόστασεν
1235 2079 1388 2132 ἔστιν
1407 2093 1422 2108 ⁸
1478 2078 1618 2150 ὅπερ
1644 2073 1766 2131 ἴσον

162 2164 247 2232 τῷ
278 2164 418 2228 Θεὸς
463 2167 640 2220 εἰπεῖν
671 2167 1098 2240 ὲνανθρωπήσας
1152 2170 1254 2242 τὴν
1305 2170 1628 2235 ὑπόστασιν,
1676 2169 1766 2224 διὰ

162 2258 268 2326 τῆς
303 2257 447 2328 πρὸς
479 2257 578 2329 τὴν
613 2259 760 2312 θείαν
789 2259 980 2321 οὐσίαν
1006 2262 1255 2326 ἔνὼσεως
1284 2261 1765 2335 τῆςάνορωπίνης

162 2347 381 2410 οὐσίας.

754 2467 1008 2522 ΚΕΦΑΛ.
1038 2470 1092 2522 Μ
1097 2471 1170 2522 Δ⁹.

236 2581 378 2634 Φασὶ
399 2580 561 2634 πάλιν
587 2581 670 2636 ὅτι
699 2584 748 2634 εἰ
773 2582 992 2652 ἔμεινεν
1027 2583 1057 2638 6
1084 2583 1220 2649 Θεὸς
1256 2583 1432 2653 Λόγος
1474 2585 1502 2640 ὃ
1533 2581 1622 2657 ἦν,
1665 2589 1762 2640 καὶ

166 2673 396 2743 γέγονεν
415 2672 446 2726 6
475 2673 576 2727 οὑκ
600 2669 690 2745 ἦν,
718 2673 878 2745 δῆλον
907 2675 988 2729 ὅτι
1020 2674 1237 2746 ἔμεινεν
1261 2677 1506 2748 ἄσαρκος
1532 2679 1633 2750 τὴν
1667 2681 1760 2734 οὑ-

169 2764 296 2818 σὶαν
331 2764 362 2819 ὃ
414 2767 509 2819 καὶ
541 2761 631 2838 ἢν.
663 2768 772 2820 Καὶ
816 2767 926 2840 γάρ
960 2769 1114 2821 ἔστιν
1151 2766 1323 2832 ὅντως
1370 2769 1614 2842 ἄσαρκος
1660 2771 1762 2841 τὴν

165 2855 360 2910 οὐσίαν
382 2873 397 2888 ο
446 2856 563 2910 ἀλλ’
593 2857 716 2929 οὑχὶ¹
751 2859 912 2913 τοῦτο
956 2859 1178 2928 καὶτῆς
1207 2859 1563 2926 ὑποστάσεως
1594 2862 1759 2916 αὑτοῦ

166 2945 265 3000 νῦν
293 2948 493 3002 οἰκεῖον
525 2949 918 3022 κατηγόρημα,
946 2951 1136 3022 ὥσπερ
1171 2953 1268 3008 καὶ
1299 2953 1524 3024 ἡψυχὴ,
1558 2953 1761 3019 ζῶντες

169 3040 264 3093 ἐπὶ
285 3041 386 3112 γῆς
410 3041 490 3094 ἔτι
513 3043 820 3109 Βασιλείου,
850 3045 1096 3116 ἄσαρκος
1129 3047 1228 3117 μὲν
1253 3047 1352 3117 τὴν
1403 3047 1617 3112 οὐσίαν,
1669 3063 1759 3100 σε·

173 3133 504 3204 σαρκωμένη
531 3133 590 3187 δέ
611 3135 728 3188 ἐστι
765 3135 864 3206 τὴν
896 3135 1218 3190 ὑπόστασιν.

781 3240 1036 3301 ΚΕΦΛΛ.
1061 3248 1196 3300 ΜΕ¹.

255 3355 318 3409 Ἥ
360 3355 496 3426 σὰρξ
529 3357 579 3410 ει
615 3356 691 3428 μὴ
717 3357 834 3412 ἔστι
879 3359 1023 3424 τινὸς
1053 3358 1368 3430 ἀνθρώπου,
1405 3361 1568 3432 φύσει
1605 3365 1756 3436 παρᾶ

173 3447 264 3501 τὸν
285 3447 417 3500 Θεὸν
451 3449 625 3516 Λόγον
650 3448 840 3516 ἑτέρου
897 3451 1068 3514 ὑντος.
1123 3451 1260 3505 ἀλλὰ
1281 3453 1376 3505 τοῦ
1410 3454 1567 3520 Θεοῦ,
1597 3456 1756 3526 δῆλον

175 3540 256 3594 ὅτι
285 3543 312 3594 ό
337 3540 438 3612 τῆς
471 3543 676 3613 σαρκὸς
699 3545 1046 3615 Δημιουργὺς
1064 3545 1160 3598 καὶ
1189 3543 1340 3608 Θεὸς,
1369 3545 1462 3600 τοῦ
1489 3547 1624 3602 Θεοῦ
1651 3549 1753 3602 Λό-

175 3651 272 3703 γου
305 3634 419 3687 ἐστὶ
464 3635 797 3707 δημιουργὸς
847 3639 941 3691 κα)⁸
979 3637 1134 3700 Θεός.
1182 3637 1324 3691 Ἀλλ’
1361 3639 1511 3692 ἔστιν
1561 3640 1754 3712 ἑτέρας

178 3727 274 3798 μὲν
294 3727 528 3796 φύσεως.
567 3727 864 3799 προσώπου
894 3729 950 3783 δὲ
972 3731 1092 3801 οὑχε
1111 3747 1126 3762 ο
1158 3731 1274 3785 ἀλλ’
1291 3731 1457 3785 αὑτοῦ
1491 3732 1752 3804 ἰδιοποιη-

177 3819 405 3887 σαμένου
443 3820 614 3890 αὑτὴν
636 3819 729 3873 τοῦ
760 3820 934 3889 Λόγου
969 3823 1274 3894 προσλήψει
1302 3825 1368 3894 τῇ
1396 3824 1477 3887 εἰς
1490 3823 1590 3894 τὴν
1615 3823 1752 3878 ἰδίαν

177 3910 330 3966 ⁶ιὺτοῦ
353 3912 670 3968 ὑπόστασιν.

731 4025 985 4084 ΚΕΦΛΛ.
1027 4028 1178 4094 Μετ’.

249 4138 308 4192 Ὀ
337 4137 514 4210 σάρκα
541 4138 640 4208 μὲν
666 4137 806 4210 ἔχων
836 4141 930 4194 καὶ
973 4139 1152 4213 ψυχὴν
1181 4143 1429 4215 λογικὴν,
1461 4143 1751 4216 ἄνθρωπον

173 4229 226 4282 δὲ
253 4229 322 4299 μὴ
352 4230 513 4301 ἔχων,
541 4229 834 4301 ἄνθρωπός
860 4234 1009 4286 ἐστιν
1045 4233 1228 4304 μόνος·
1259 4235 1287 4288 6
1311 4235 1366 4289 δὲ
1393 4235 1536 4306 ἔχων
1571 4237 1751 4307 σάρκα

175 4322 264 4372 καὶ
291 4321 490 4392 ψυχὴν,
520 4323 658 4392 ἔχων
685 4323 742 4376 δὲ
785 4325 881 4377 καὶ
924 4324 1017 4378 τὸν
1057 4325 1370 4397 ἄνθρωπον,
1404 4329 1592 4402 ἕτερός
1630 4333 1748 4384 ἔστι

175 4414 317 4483 παρὰ
339 4415 428 4467 τὸν
460 4415 772 4486 ἄνθρωπον·
807 4419 900 4472 καὶ
927 4421 956 4472 6
983 4419 1117 4484 Θεὸς
1147 4417 1240 4475 οὖν
1268 4423 1461 4490 Λόγος,
1493 4425 1542 4478 εξ
1569 4424 1746 4496 σάρκα

175 4505 278 4574 ἔχει
312 4503 665 4578 ἐψυχωμένην
704 4509 850 4581 ψυχῇ
882 4510 1095 4584 λογικῇ,
1131 4513 1192 4578 ἐξ
1229 4515 1476 4589 ἀνάγκης
1507 4517 1744 4587 ἔχεικαὶ

173 4597 257 4648 τὶν
294 4595 592 4667 ἄνθρωπον.
629 4599 692 4652 Ei
723 4600 818 4654 οὑν
853 4603 882 4655 6
927 4604 1106 4674 σάρκα
1147 4623 1209 4659 τε
1253 4607 1392 4661 ἀλλὰ
1425 4609 1522 4662 καὶ
1562 4609 1742 4683 ψυχὴν

175 4687 322 4757 ἔχων,
338 4686 622 4757 ἄνθρωπον
643 4691 696 4743 δὲ
718 4691 793 4760 μὴ
812 4691 970 4762 ἔχων,
996 4696 1280 4768 ἄνθρωπός
1305 4701 1475 4767 ἔστιν,
1507 4701 1582 4766 ὡς
1613 4706 1738 4776 φῂς,

173 4783 233 4849 τῇ
263 4779 550 4832 ὑποστάσει
583 4783 648 4852 τῇ
687 4783 784 4853 μιᾷ
815 4777 920 4847 εἷς’
963 4787 1058 4839 καὶ
1086 4789 1114 4840 6
1141 4788 1274 4853 Θεὸς
1300 4789 1473 4858 Λόγος
1508 4791 1618 4862 ἄρα
1647 4791 1740 4844 τὸν

175 4870 441 4942 ἄνθρωπον
467 4871 628 4943 ἔχων,
661 4873 842 4945 σάρκα
884 4892 943 4929 τε
977 4878 1071 4930 καὶ
1101 4878 1281 4950 ψυχὴν
1315 4880 1449 4952 ἔχει’
1485 4883 1544 4946 ἐξ
1571 4885 1740 4952 ἀνάγ-

176 4980 269 5034 κης
310 4959 400 5016 οὖν
437 4963 573 5035 πρὸς
601 4968 667 5036 τῇ
721 4966 936 5041 θεότητι
971 4971 1000 5022 6
1045 4969 1333 5042 ἄνθρωπος
1387 4970 1470 5039 εἷς
1519 4977 1634 5030 ἐστι
1669 4979 1734 5048 τῇ

177 5056 454 5110 ὑποστάσει
486 5058 582 5112 καὶ
629 5057 786 5114 κατὰ¹
817 5059 906 5120 σὲ,
949 5060 1111 5135 εἴπερ
1153 5066 1247 5118 καὶ
1289 5065 1437 5139 ψυχὴ
1476 5069 1614 5139 προς
1657 5069 1737 5142 τῷ

179 5143 388 5218 σώματι,
417 5147 494 5214 ὡς
531 5147 714 5214 εἶπας.

721 5265 978 5321 ΚΕΦΛΛ.
1031 5269 1163 5324 ΜΖ’.

239 5375 292 5428 Εἰ
319 5371 373 5426 ἓν
398 5373 620 5445 ἄτομον,
652 5378 808 5444 φησι,
837 5372 988 5432 ἔστιν
1015 5379 1060 5434 6’
1079 5380 1314 5450 Χριστὸς
1348 5383 1528 5452 μόνον,
1560 5385 1594 5454 ἢ
1633 5403 1731 5456 μο-

175 5466 350 5530 νοειδές
369 5484 444 5534 τι,
483 5465 654 5538 ἡτῶν
687 5469 794 5525 ὑπὸ
827 5465 969 5536 εἶδος
1009 5475 1224 5538 πάντως
1265 5473 1462 5544 (ἄλλως
1493 5478 1602 5548 γάρ
1631 5479 1732 5533 οὑκ

177 5559 285 5628 ἔνι).
311 5561 339 5630 ἢ
366 5559 460 5614 οὑν
490 5560 543 5614 τι
581 5561 698 5615 ἔστι
735 5563 902 5618 αὑτοῦ
924 5564 986 5618 τὸ
1014 5563 1173 5630 εἶδος,
1201 5566 1234 5638 ἢ
1270 5567 1377 5620 ὑπὸ
1403 5571 1554 5622 ποῖον
1587 5563 1728 5634 εἶδός

177 5653 295 5713 ἔστι,
322 5652 527 5722 λέγετε.
569 5653 724 5709 Ἐπεὶ
759 5651 854 5711 οὖν
887 5655 1060 5721 οὑτως
1092 5658 1364 5730 ἐπωρώθη
1390 5661 1458 5714 τὰ
1482 5664 1730 5734 νοήματα

179 5744 270 5798 τῶν
289 5743 548 5815 ἀπίστων,
590 5745 665 5812 ὡς
703 5747 935 5820 ἀγχόθεν
972 5750 1343 5822 σφαδάζοντας
1389 5754 1462 5827 μὴ
1501 5755 1725 5828 διςιινγά⁹

1876 597 1983 640 nec
2017 593 2199 642 tamen
2233 586 2472 643 habetur
2499 588 2687 643 anima
2719 603 2850 659 pars
2873 588 3056 644 media
3081 589 3288 644 carnis.

2485 789 2640 847 CAP.
2679 790 2843 847 XLII.

1947 901 2050 970 Qui
2073 902 2373 959 confitetur
2394 904 2672 960 Christum
2698 907 2860 962 simul
2881 907 3050 962 Deum
3075 917 3132 963 et
3153 907 3456 974 hominem,

1877 1007 1980 1048 nec
2008 993 2143 1047 dicit
2170 993 2334 1048 simul
2363 993 2645 1049 Christum
2675 1005 2732 1050 et
2759 997 3014 1062 alterum,
3050 1013 3162 1052 non
3191 997 3295 1052 sibi
3323 1013 3458 1052 con-

1877 1083 2067 1136 sentit.
2131 1082 2238 1137 Sed
2293 1083 2544 1153 nunquid
2590 1085 2856 1154 possibile
2889 1095 2972 1142 est
3006 1087 3061 1141 in
3093 1095 3209 1142 toto
3236 1087 3460 1142 Christo

1875 1175 2017 1230 duos
2062 1175 2294 1245 reperiri
2333 1175 2586 1232 Christos
2622 1178 2968 1246 completos?
3009 1179 3147 1235 Cum
3176 1180 3458 1249 loquimur

1877 1271 1946 1326 de
1979 1285 2090 1324 uno
2119 1267 2343 1324 Christo
2373 1268 2549 1324 altero
2577 1279 2634 1322 et
2663 1268 2866 1334 altero,
2903 1283 2934 1322 a
2969 1278 3125 1339 parte
3158 1269 3212 1324 in
3244 1279 3459 1340 partem

1879 1361 2201 1416 transimus~

2477 1497 2632 1555 CAP.
2665 1498 2853 1554 XLIII.

1945 1613 2000 1669 Si
2057 1612 2298 1668 Verbum
2350 1611 2519 1666 homo
2562 1608 2765 1664 factum
2804 1617 2928 1674 est,
2979 1607 3225 1678 profecto
3258 1608 3462 1678 aliquis

1877 1706 2044 1762 homo
2085 1713 2171 1762 est
2225 1705 2425 1776 (homo
2451 1703 2598 1758 enim
2630 1719 2740 1756 non
2764 1689 2870 1766 est,
2897 1701 2990 1771 qui
3017 1718 3126 1757 non
3152 1711 3237 1756 est
3258 1701 3460 1772 aliquis

1866 1797 2290 1872 homo);aliquis
2313 1797 2478 1851 homo
2493 1805 2577 1850 est
2595 1809 2858 1864 persona;
2889 1793 3054 1862 igitur
3077 1794 3161 1848 vel
3185 1795 3457 1848 dum-sunt

1867 1889 2072 1945 Christi
2116 1903 2407 1959 personae,
2461 1887 2549 1942 vel
2593 1885 2780 1940 delicit
2822 1885 2984 1940 Verbi
3025 1902 3282 1956 persona.
3350 1885 3456 1941 Iste

1867 1985 2071 2056 aliquis
2096 1985 2284 2046 homo,
2315 1983 2593 2047 Christus,
2628 1983 2852 2037 divinus
2877 1990 2963 2037 est
2995 1998 3255 2053 persona,
3283 1998 3313 2036 a
3341 1984 3456 2053 pri-

1865 2094 1958 2132 mo
1986 2077 2212 2132 instanti
2244 2075 2602 2140 exsistentiae,
2637 2073 2784 2144 quod
2817 2073 2965 2128 idem
2991 2081 3074 2127 est
3101 2088 3168 2128 ac
3191 2073 3235 2128 si
3259 2072 3450 2127 dicas:

1867 2170 2014 2225 Deus
2059 2168 2426 2238 personaliter
2457 2167 2627 2222 homo
2659 2166 2839 2221 factus
2870 2172 2990 2230 est,
3027 2165 3219 2236 juncta
3252 2163 3454 2220 divina:

1867 2260 2188 2318 substantia:
2223 2260 2466 2315 humana
2491 2257 2824 2314 substantia.

2468 2470 2620 2527 CAP.
2657 2469 2844 2526 XLIV.

1941 2592 2141 2647 Dicunt
2181 2589 2346 2644 etiam
2367 2631 2381 2650 ,
2415 2587 2560 2658 quod
2599 2587 2644 2642 si
2679 2586 2921 2642 Verbum
2954 2587 3052 2641 Dei
3084 2593 3272 2640 manet
3299 2583 3448 2655 quod

1862 2691 2002 2746 erat,
2039 2688 2096 2734 et
2125 2679 2271 2750 quod
2303 2693 2413 2732 non
2435 2688 2562 2734 erat
2591 2678 2795 2732 factum
2824 2686 2928 2742 est,
2959 2677 3084 2732 ideo
3113 2675 3450 2746 incorporea)

1863 2771 2187 2828 substantia:
2232 2771 2499 2826 remansit
2550 2771 2700 2840 quod
2743 2778 2865 2824 erat
2905 2770 3088 2823 antea.
3125 2768 3328 2831 Etiam,
3365 2776 3450 2823 est

1864 2864 2205 2934 incorporea:
2231 2861 2579 2923 substantiae,
2615 2876 2764 2916 nunc
2795 2869 2978 2914 autem
3015 2858 3148 2913 illud
3181 2859 3449 2928 pradica-

1865 2966 1981 3012 tum
2016 2971 2128 3010 non
2151 2961 2237 3010 est
2261 2955 2546 3024 pr0prium
2575 2967 2826 3023 persona:
2849 2951 2999 3019 ejus;
3035 2950 3202 3013 sicut,
3225 2948 3449 3003 vivente

1864 3049 1918 3102 in
1951 3047 2116 3101 terris
2142 3046 2366 3109 Basilio,
2401 3045 2582 3101 anima
2610 3045 2934 3112 incorporea
2962 3041 3187 3112 quidem
3211 3053 3298 3096 est
3318 3039 3447 3095 sub-

1864 3137 2088 3203 stantia,
2121 3135 2218 3192 sed
2251 3151 2517 3204 corporea
2547 3134 2619 3188 ob
2645 3149 2960 3204 personam.

2473 3258 2626 3315 CAP.
2666 3257 2829 3312 XLV.

1925 3371 2041 3427 Nisi
2071 3385 2200 3427 caro
2231 3370 2304 3426 sit
2330 3369 2564 3436 alicujus
2589 3367 2829 3422 hominis
2875 3366 2970 3436 qui
2999 3373 3194 3421 natura
3230 3381 3338 3420 non
3361 3375 3446 3422 est

1855 3463 2097 3519 Verbum
2143 3461 2274 3528 Dei,
2311 3461 2358 3516 si
2391 3459 2464 3515 sit
2493 3459 2613 3521 Dei,
2649 3466 2865 3514 certum
2893 3466 2977 3511 est
3003 3455 3190 3511 carnis
3212 3455 3445 3511 Creato-

1856 3568 1972 3607 rem
2021 3562 2078 3608 et
2121 3552 2295 3607 Deum
2343 3565 2467 3606 esse
2502 3548 2668 3604 Verbi
2701 3547 2794 3602 Dei
2827 3556 3134 3602 creatorem
3165 3557 3222 3602 et
3247 3547 3442 3603 Deum.

1853 3647 1952 3702 Est
1977 3644 2200 3716 quidem
2225 3643 2456 3698 alterius
2480 3650 2710 3705 naturae,
2737 3641 2833 3696 sed
2858 3657 2967 3695 non
2991 3653 3260 3709 personae,
3277 3635 3441 3709 quam

1855 3746 2110 3792 naturam
2163 3735 2269 3790 sibi
2317 3733 2599 3804 propriam
2653 3732 2785 3789 fecit
2819 3732 3092 3799 Verbum,
3133 3747 3260 3788 cum
3295 3731 3442 3786 illam

1853 3829 2152 3901 assumpsit
2186 3829 2243 3884 in
2276 3827 2496 3900 propria
2526 3842 2780 3898 persona.

2454 4025 2604 4082 CAP.
2646 4024 2832 4081 XLVI.

1919 4139 2023 4206 Qui
2045 4155 2267 4195 carnem
2293 4139 2462 4193 habet
2487 4150 2540 4193 et
2568 4139 2809 4192 animam
2834 4139 3238 4201 rationabilem,
3262 4138 3441 4193 homi-

1851 4248 1976 4286 nem
2008 4241 2193 4286 autem
2226 4247 2334 4286 non
2375 4231 2562 4295 habet,
2598 4231 2763 4284 homo
2799 4238 2884 4285 est
2909 4231 3092 4297 solus;
3128 4233 3224 4302 qui
3255 4239 3438 4285 autem

1851 4321 2020 4377 habet
2048 4338 2268 4377 carnem
2304 4331 2360 4376 et
2385 4320 2645 4384 animam,
2677 4320 2843 4374 habet
2875 4337 3096 4391 quoque
3131 4322 3435 4385 hominem,

1852 4415 1992 4470 alius
2019 4416 2116 4483 estf
2137 4416 2293 4486 juxta
2324 4413 2632 4469 hominem.‘
2665 4413 2733 4468 Et
2769 4415 2914 4468 Deus
2972 4414 3142 4485 igitur
3171 4414 3434 4478 Verbum,

1851 4507 1897 4562 si
1931 4522 2152 4562 carnem
2201 4507 2366 4562 habet
2411 4506 2708 4562 animatam
2756 4506 3066 4563 rationabili
3113 4507 3318 4571 anima,
3369 4523 3438 4562 ex

1850 4598 2178 4654 necessitate
2208 4598 2377 4654 habet
2399 4599 2566 4654 etiam
2595 4598 2874 4654 hominem
2902 4617 2914 4652 :
2940 4598 2984 4652 si
3013 4597 3179 4669 igitur
3197 4599 3288 4670 qui
3317 4614 3438 4654 car-

1849 4706 1975 4744 nem
2025 4699 2081 4746 et
2113 4691 2350 4745 animam
2391 4691 2574 4756 habet,
2607 4692 2886 4747 hominem
2923 4707 3054 4747 vero
3089 4708 3198 4746 non
3247 4692 3434 4758 habet,

1848 4781 2015 4835 homo
2052 4789 2157 4848 est,
2190 4789 2252 4834 ut
2295 4781 2454 4846 dicis,
2504 4782 2560 4836 in
2609 4781 2965 4837 subsistentia
3013 4797 3121 4836 una
3166 4798 3342 4846 unus;
3377 4789 3436 4836 et

1845 4871 1994 4926 Deus
2021 4871 2264 4927 Verbum
2295 4871 2576 4926 hominem
2609 4872 2822 4927 habens
2855 4888 3076 4927 carnem
3106 4879 3162 4928 et
3190 4871 3430 4926 animam

1845 4963 2034 5029 habet,
2065 4979 2131 5018 ex
2163 4963 2487 5020 necessitate
2511 4978 2642 5034 ergo
2671 4973 2868 5033 praeter
2891 4963 3234 5018 divinitatem
3267 4963 3433 5016 homo

1845 5070 1988 5110 unus
2017 5064 2102 5111 est
2133 5054 2185 5111 in
2208 5055 2588 5121 subsistentia,
2619 5064 2676 5110 et
2705 5054 3010 5108 Secundum
3047 5063 3120 5122 te,
3159 5054 3430 5124 siquidem

1841 5157 1899 5204 et
1925 5149 2110 5204 anima
2149 5157 2233 5204 est
2265 5156 2464 5220 praeter
2493 5163 2718 5218 corpus,
2752 5155 2813 5200 ut
2840 5146 3046 5202 dixisti.

2360 5309 2369 5317 .
2433 5260 2587 5317 CAP.
2627 5257 2840 5315 XLVII.

1915 5379 1972 5433 Si
2025 5393 2155 5434 vero
2202 5376 2537 5432 indivisibile
2585 5375 2870 5445 quiddam,
2920 5372 3302 5440 ait,Christus
3345 5380 3426 5426 est

1841 5481 2074 5536 tantum,
2111 5482 2208 5526 aut
2236 5470 2402 5526 unius
2429 5469 2654 5540 speciei,
2689 5479 2786 5524 aut
2809 5484 2876 5523 ex
2910 5469 2997 5523 his
3023 5483 3144 5538 qua:
3175 5466 3279 5521 sub
3300 5480 3424 5533 spe-

1837 5569 1920 5624 cie
1953 5576 2082 5622 sunt
2101 5566 2452 5637 generaliter,
2487 5565 2652 5619 aliter
2710 5564 2858 5618 enim
2905 5577 3026 5616 esse
3065 5577 3172 5615 non
3211 5568 3424 5628 potest;

1837 5664 1920 5717 vel
1956 5662 2124 5732 igitur
2169 5677 2292 5730 qua:
2333 5659 2404 5715 sit
2445 5659 2564 5730 ejus
2591 5657 2824 5728 species,
2859 5655 2940 5709 vel
2973 5655 3076 5709 sub
3105 5670 3210 5723 qua
3241 5655 3423 5722 specie

1837 5761 1928 5825 sit,
1958 5754 2143 5810 dicite.
2175 5753 2312 5810 Cum
2345 5771 2472 5824 ergo
2505 5753 2582 5808 sic
2620 5752 2964 5807 nhdurentur
3006 5747 3421 5804 incredulorum
