3932 6152
515 257 654 323 150⁷9

1787 251 2101 313 LEONTII
2137 250 2546 313 ΒΥΖΑΝΤΙΝΙ

3717 255 3846 316 υἱεῖ]

513 384 747 444 mentes,
776 381 838 430 ut
869 385 1040 445 prope
1069 371 1274 428 versati
1303 384 1414 426 non
1447 369 1787 442 perspiciam
1815 367 2100 439 Evangelii

2209 374 2424 438 ἰιντοὺς
2435 367 2724 438 λόγουςτοῦ
2743 369 3100 438 Εύαγγελίου,
3129 368 3352 424 λεκτέον
3379 371 3492 424 καὶ
3521 369 3678 436 ιτςμῖν
3709 376 3844 440 πριις

512 485 596 526 vc:
610 470 702 533 ba,
737 467 1030 522 dicendum
1060 465 1224 520 nobis
1261 465 1328 518 ad
1357 463 1500 528 illos,
1531 463 1680 533 quod
1704 477 1867 516 omne
1893 460 2101 516 indivi-

512 560 694 623 sibile,
743 557 892 627 quod
929 565 1026 610 aut
1071 556 1240 610 unius
1281 553 1486 624 speciei
1525 561 1613 608 est
1641 559 1738 608 aut
1772 553 1876 608 sub
1917 552 2102 622 specie

515 667 683 707 unum
709 651 840 720 quid
873 649 1164 703 ordinatur
1200 657 1439 710 tantum,
1471 646 1677 700 nullam
1709 645 1880 700 habet
1913 653 2102 700 extra-

512 759 670 798 neam
707 743 880 812 magis
909 741 1053 796 circa
1083 739 1270 794 omnia
1300 738 1448 793 entia
1483 746 1804 792 naturarum
1838 737 2101 791 unionem

513 836 570 888 in
618 835 820 904 scipso.
853 832 910 888 Si
945 833 1113 904 igitur
1143 831 1288 886 istud
1325 830 1680 894 indivisibile,
1709 829 1917 884 Christi
1949 829 2101 884 scili-

513 935 600 982 cet
644 942 960 997 personam,
997 924 1174 994 reipsa
1219 939 1510 978 commune
1559 922 1768 993 aliquid
1815 930 1872 977 et
1905 937 2100 984 unum,

515 1017 756 1088 plurium
787 1018 963 1072 nostis
1004 1016 1262 1069 unionem
1307 1023 1628 1072 naturarum
1678 1015 1734 1067 iu
1781 1013 1872 1067 illa
1914 1022 2102 1068 extra-

514 1126 672 1166 team
719 1125 828 1164 non
873 1108 1268 1178 intelligentes,
1305 1107 1443 1161 bene
1497 1105 1815 1176 collegistis.
1861 1105 1917 1161 Si
1969 1119 2102 1158 vero

512 1202 658 1256 (irca
691 1201 874 1256 omnia
908 1201 1058 1255 entia
1091 1200 1286 1254 factam
1331 1213 1453 1253 esse
1494 1198 1548 1252 in
1593 1197 1690 1252 Dei
1726 1205 1784 1252 et
1814 1196 2102 1251 hominum

519 1295 820 1349 Irrediatore
877 1293 1136 1347 unionem
1185 1299 1510 1358 naturarum
1561 1297 1618 1345 et
1669 1305 1766 1344 vos
1813 1289 2097 1353 fatemini,

516 1385 699 1440 statim
735 1383 868 1438 illud
907 1383 1054 1454 quod
1089 1382 1461 1448 concessistis,
1511 1396 1705 1436 rursus
1747 1381 1851 1450 ipsi
1887 1379 2097 1444 tollitis,

515 1493 642 1534 cmn
674 1477 975 1532 secundum
1003 1477 1277 1547 quoddam
1311 1477 1554 1541 illorum,
1580 1491 1704 1544 quae
1739 1475 1796 1530 in
1835 1475 2100 1530 universo

517 1572 646 1619 sunt
677 1564 1116 1628 indivisibilium,
1149 1574 1202 1620 et
1237 1563 1372 1620 illud
1411 1580 1533 1621 esse
1575 1564 1893 1636 agnoscitis.
1925 1565 2100 1620 Aliter

516 1671 618 1711 nos
643 1655 802 1710 vobis
832 1656 1170 1727 iilegitimam
1197 1656 1613 1712 conclusionem
1643 1657 1698 1711 in
1729 1656 1954 1712 Christo
1983 1665 2098 1712 sta-

518 1758 754 1812 tuemus,
785 1747 1056 1813 dicentes,
1088 1749 1239 1804 omni
1266 1749 1504 1820 cogitato
1547 1750 1889 1806 inaccessum
1922 1758 1979 1805 et
2007 1766 2096 1806 ra-

519 1839 968 1894 tiocinationibus
995 1839 1484 1895 indemonstrabile
1503 1839 1743 1896 Verbum
1776 1855 1918 1896 esse.
1937 1839 2098 1896 Com-

516 1921 780 1986 munibus
801 1933 950 1986 enim
990 1932 1362 1989 intellectibus
1401 1933 1730 2002 impervium
1761 1933 2096 2004 prodigium,

514 2030 573 2076 et
615 2038 781 2092 supra
818 2025 1084 2078 naturalia
1119 2025 1384 2095 positum,
1418 2025 1825 2100 inintelligibile
1873 2035 1976 2082 est.
2019 2027 2099 2081 Ex

515 2115 843 2171 necessitate
887 2131 1019 2188 ergo
1048 2117 1132 2172 vel
1167 2117 1416 2188 ejusdem
1453 2117 1653 2184 formae
1697 2129 1864 2190 atque
1907 2135 2099 2176 omnes

511 2217 570 2262 et
598 2205 731 2261 illud
771 2206 1104 2264 indivisibile
1139 2223 1261 2264 esse
1284 2210 1624 2276 concedetis,
1653 2219 1712 2266 et
1735 2227 1856 2281 qua:
1887 2211 1945 2266 in
1977 2228 2098 2266 om-

515 2297 682 2352 nibus
712 2299 859 2369 viget
892 2308 948 2354 et
977 2301 1033 2354 in
1066 2300 1160 2355 illo
1205 2301 1478 2357 rationem
1512 2303 1793 2372 quaeretis,
1828 2303 1912 2358 vel
1949 2304 2098 2360 absi-

517 2389 730 2444 milium
761 2392 962 2446 rationi
991 2393 1212 2448 demum
1241 2403 1298 2449 et
1327 2394 1462 2449 illud
1505 2409 1728 2466 quoque
1768 2411 1880 2452 non
1921 2397 2099 2467 subji-

514 2482 710 2546 tietis;
747 2493 802 2539 et
841 2485 958 2540 hate
996 2485 1072 2540 ita
1105 2487 1355 2556 quidem.
1385 2486 1656 2543 Caeterum
1686 2497 1872 2544 autem
1898 2490 2102 2546 nihilo-

517 2573 721 2640 minus,
753 2575 1112 2632 indivisibilia
1157 2595 1188 2633 a
1235 2579 1394 2634 vobis
1431 2580 1773 2636 ostendenda
1808 2589 1939 2636 sunt
1979 2599 2102 2654 quae

517 2681 698 2747 neque
751 2669 917 2724 unius
961 2669 1288 2740 simpliciter
1321 2672 1435 2728 sint
1485 2672 1720 2742 speciei,
1768 2690 1950 2745 neque
1997 2677 2102 2732 sub

519 2774 630 2814 una
667 2767 878 2815 tantum
909 2764 1111 2832 specie,
1147 2763 1244 2819 sed
1273 2765 1376 2820 sub
1419 2765 1665 2824 diversas
1697 2770 1910 2838 species
1937 2771 2102 2826 indu-

520 2861 734 2906 cantur.
763 2854 980 2908 Etenim
1011 2855 1398 2924 phasianarum
1431 2857 1616 2912 avium
1645 2865 1702 2914 et
1741 2860 1932 2915 talium
1961 2862 2104 2917 indi-

521 2943 738 3000 visibile
781 2945 1079 3016 singulare,
1109 2962 1288 3016 neque
1319 2949 1486 3004 unius
1525 2949 1728 3020 speciei
1763 2950 1872 3007 dici
1902 2961 2101 3022 potest,

3480 462 3509 474 ς

2203 460 2422 525 αὐτοὺς,
2471 459 2548 522 ὡς
2597 460 2708 514 πᾶν
2741 460 2966 530 ἄτομον,
2997 461 3137 532 ὅπερ
3183 463 3218 524 ἢ
3272 461 3586 529 μονοειδές
3621 463 3838 530 ἐστινῆ

2203 551 2310 604 ὑπὸ
2339 547 2478 616 εἶδος
2506 551 2566 605 ἐν
2587 569 2642 604 τι
2669 551 2932 607 τέτακται
2963 553 3145 623 μόνον,
3170 553 3439 623 οὐδεμίαν
3465 553 3612 622 ἔχει
3651 570 3842 606 καινο-

2202 643 2369 714 τέραν
2395 643 2548 713 παρά
2578 644 2756 698 πάντα
2786 644 2856 698 τὰ
2880 644 3008 697 ὄντα
3039 645 3255 714 φύσεων
3282 646 3496 698 ἕνωσιν
3530 648 3604 699 ἐν
3627 647 3836 717 ἐαυτῷ·

2202 737 2251 788 εί
2289 729 2385 788 οὖν
2405 735 2498 788 καὶ
2523 735 2642 788 τόδε
2665 736 2730 788 τὸ
2754 735 2976 808 ἄτομον,
3005 735 3244 807 Χριστοῦ
3270 737 3446 806 ἤγουν
3489 736 3832 806 πρόςωπον,

2202 825 2372 888 ὅντως
2401 828 2579 881 κοινόν
2615 845 2668 881 τι
2689 829 2782 882 καὶ
2815 827 2874 880 ἓν
2907 827 3017 882 τῶν
3063 826 3273 881 πολλῶν
3306 829 3429 880 ἴστε
3458 827 3699 880 ἕνωσιν
3738 832 3832 896 :7;-

2205 935 2344 972 σεων
2393 921 2450 973 ἐν
2497 920 2648 990 αὐτῷ
2685 920 3005 990 καινοτέραν
3058 920 3158 973 οὐκ
3187 919 3420 984 εἰδότες,
3459 920 3683 982 καλῶς
3719 937 3829 973 sw-

2203 1009 2542 1080 ἐλογίσασθεο
2569 1015 2620 1066 εί
2651 1011 2709 1066 δὲ
2742 1013 2894 1084 παρά
2919 1013 3095 1066 πάντα
3115 1013 3184 1066 τὰ
3201 1011 3332 1066 ὄντα
3352 1010 3645 1080 γενέσθαι
3677 1015 3743 1066 ἐν
3761 1014 3828 1084 τῷ

2201 1102 2412 1175 Μεσίτῃ
2477 1102 2613 1158 Θεοῦ
2663 1105 2758 1158 καὶ
2805 1103 3109 1174 ἀνθρώπων
3167 1105 3364 1158 ἕνωσιν
3430 1104 3690 1172 φύσεων
3741 1107 3824 1159 καὶ

2203 1195 2364 1266 ὑμεῖς
2412 1195 2829 1268 ὡμολογήσατε,
2859 1196 3087 1250 αὐτόθεν
3139 1197 3301 1250 τοῦτο
3350 1199 3507 1269 ὅπερ
3574 1200 3820 1258 διᾶἑατε,

2203 1287 2366 1341 πάλιν
2401 1289 2626 1352 ἑαυτοὺς
2675 1290 2970 1361 ἀναιρεῖτε,
3005 1288 3147 1342 κατά
3187 1307 3240 1342 τι
3283 1289 3396 1343 τῶν
3429 1295 3496 1343 ἐν
3657 1299 3819 1345 παντὶ

2200 1383 2440 1452 ἀτόμων,
2474 1383 2568 1436 καὶ
2617 1383 2772 1436 τοῦτο
2821 1381 3181 1452 γινώσκοντες
3214 1379 3378 1436 εἶναι.
3418 1385 3661 1446 ’Λλὶως
3695 1386 3818 1451 τοῖν

2201 1475 2362 1544 ἡμεῖς
2383 1473 2512 1543 ὑμῖν
2537 1473 2599 1527 τὸ
2623 1473 3010 1542 ἀσυλλόγιστον
3041 1475 3239 1544 μᾶλλον
3266 1476 3363 1528 ἐπὶ
3398 1473 3673 1544 Χριστοῦ
3701 1477 3818 1528 συλ-

2199 1564 2530 1637 λογισόμεθα
2560 1566 2830 1635 λέγοντες,
2866 1567 2942 1631 ῶς
2985 1568 3185 1630 παντὸς
3229 1568 3560 1636 παραδόξου
3601 1569 3814 1639 Stupri:-

2205 1657 2314 1720 ιτός
2367 1674 2429 1710 τε
2499 1658 2594 1712 καὶ
2635 1658 3014 1727 συλλογισμοῖς
3070 1657 3459 1722 ἀναπόδεικτος
3525 1662 3560 1712 ὁ
3620 1661 3810 1728 Λόγος.

2203 1750 2414 1803 Κοινῶν
2438 1750 2548 1820 γὰρ
2579 1749 2800 1803 ἐννοιῶν
2828 1750 3034 1820 ἄπορον
3065 1751 3126 1803 τὸ
3163 1751 3392 1803 σπάνιον
3423 1751 3532 1826 καὶ
3560 1756 3818 1819 φυσικοῖς

2199 1841 2260 1894 τὸ
2281 1841 2579 1912 ὑπερφυὲς,
2601 1842 2998 1912 ἀπερίληπτον.
3031 1842 3120 1906 Ἐξ
3151 1843 3402 1912 ἀνάγκης
3425 1843 3536 1897 οὖν
3559 1843 3596 1914 ἦ
3628 1847 3811 1914 ὁμοιό-

2200 1951 2402 2005 τροπον
2459 1935 2593 1988 πᾶσι
2629 1937 2722 1989 καὶ
2767 1935 2886 1990 τόδε
2936 1935 3138 2005 ἄτομον
3190 1935 3431 1998 δώσετε,
3479 1938 3596 1990 καὶ
3632 1938 3731 1990 τὸν
3764 1940 3812 1990 ἐν

2200 2030 2336 2081 πᾶσι
2369 2027 2646 2099 λόγον-καὶ
2673 2029 2760 2080 ἐπ’
2783 2026 2936 2099 αὐτῷ
2977 2027 3333 2098 ἐκζητήσετε,
3357 2026 3393 2098 ἢ
3432 2029 3605 2099 παρὰ
3637 2031 3810 2083 uisu

2199 2119 2267 2174 τά
2304 2119 2432 2174 ὄντα
2463 2097 2644 2190 ἄτομα
2671 2119 2829 2174 τοῦτο
2877 2119 3348 2190 συγκεκροτῆσθαι
3389 2121 3670 2187 φυσικῶς
3702 2123 3812 2174 ἐπι·

2199 2211 2510 2276 νεύσαντες,
2541 2209 2620 2280 τῷ
2653 2210 2763 2265 τῶν
2792 2209 3063 2280 ἀνομοίων
3113 2208 3258 2279 λόγῳ
3301 2211 3497 2263 λοιπον
3545 2213 3652 2267 καὶ
3699 2213 3812 2266 τόδε

2200 2303 2298 2372 οὐχ
2345 2301 2688 2356 ὑποϐαλεῖτε.
2737 2303 2844 2355 Καὶ
2897 2301 3069 2364 οὕτως
3100 2303 3198 2372 μὲν
3225 2303 3374 2356 τάδε.
3420 2303 3526 2356 Ἐκ
3583 2322 3810 2376 περιου-

2203 2395 2324 2459 σίας
2353 2395 2411 2448 δὲ
2455 2395 2626 2464 ὅμως,
2681 2395 2776 2447 καὶ
2820 2393 3000 2464 ἄτομα
3027 2393 3174 2448 ἐστιν
3220 2396 3349 2464 ὑμῖν
3383 2395 3572 2463 δεῖξαι
3613 2397 3652 2451 ἃ
3687 2397 3808 2450 οὔτε

2205 2489 2454 2561 μονοειδῆ
2485 2489 2633 2540 ἐστιν
2666 2485 2852 2550 ἁπλῶς
2884 2483 3011 2540 οὔτε
3053 2486 3157 2539 ὑπὸ
3195 2487 3254 2538 ἓν
3284 2488 3450 2557 μόνον
3487 2485 3670 2552 εἶδος,

2204 2580 2309 2636 ὑπὸ
2337 2579 2569 2651 διάφορα
2618 2578 2732 2649 εἴδη
2781 2578 3064 2644 ἀνάγεται.
3096 2577 3220 2630 Τῶν
3263 2578 3373 2650 γὰρ
3407 2577 3808 2650 δρνιθοφασια-

2203 2672 2311 2728 νῶν
2341 2673 2434 2726 καὶ
2465 2669 2685 2724 τοιῶνδε
2713 2668 2774 2722 τὸ
2811 2669 3130 2724 καθέκαστα
3157 2669 3380 2740 ἄτομον,
3415 2671 3554 2724 οὔτε
3597 2691 3805 2742 μονοει-

2203 2766 2290 2829 δές
2319 2783 2372 2818 τι
2403 2765 2548 2818 ἐστιν
2580 2765 2776 2824 εἰπεῖν,
2811 2761 2935 2816 οὔτε
2979 2763 3085 2815 ὺπὸ
3117 2761 3177 2814 ἐι
3220 2779 3273 2814 τι
3308 2759 3451 2824 εἶδος
3477 2780 3494 2794 ο
3533 2764 3674 2818 οὔτε
3707 2767 3806 2835 vi?

2204 2862 2319 2922 τοῖς
2357 2855 2638 2929 καθαροῖς,
2669 2855 2794 2910 οὔτε
2842 2857 2957 2918 τοῖς
3014 2855 3346 2927 ἀκαθάρτοις
3398 2856 3618 2910 εἴδεσιν
3667 2858 3809 2912 ivvi-

2205 2951 2405 3004 τακταί
2438 2966 2538 3021 πη·
2571 2950 2664 3003 καὶ
2689 2947 2884 3007 ἄλλως·
2922 2949 3038 3002 Πᾶν
3064 2944 3206 3012 εἶδος
3242 2949 3301 3000 ἐν
3341 2947 3528 3020 ἐαυτῷ
3575 2951 3680 3004 καὶ
3718 2951 3805 3002 οἰκ

520 3028 701 3108 neque
733 3037 838 3092 sub
882 3053 990 3092 una
1037 3039 1254 3108 specie;
1289 3053 1469 3110 neque
1514 3041 1738 3098 mundis
1773 3058 1952 3113 neque
2000 3044 2105 3098 im-

2215 3045 2273 3097 ἐν
2313 3042 2520 3113 ἑτέροις
2559 3041 2756 3096 εἴδεσιν
2795 3041 3120 3112 ὑφέστηκεν⁸
3159 3040 3336 3112 τούτῳ
3385 3041 3446 3095 δὲ
3494 3041 3637 3095 καθ’
3679 3042 3806 3096 ὑπό-

521 3130 743 3184 mundis
792 3131 1084 3201 speciebus
1131 3140 1558 3187 annumeratum
1607 3139 1693 3188 est
1738 3150 1991 3205 usquam.
2040 3136 2108 3191 Et

519 3221 630 3275 alio
665 3221 826 3276 modo
860 3239 872 3276 :
901 3221 1092 3276 Omnis
1127 3222 1339 3291 species
1370 3222 1428 3277 in
1451 3239 1514 3279 se
1541 3239 1722 3295 neque
1752 3225 1807 3280 in
1834 3226 1957 3280 aliis
1979 3242 2108 3296 spe-

520 3313 714 3367 ciebus
755 3313 1040 3380 subsistit;
1079 3313 1205 3381 ideo
1251 3314 1298 3371 si
1343 3315 1651 3370 secundum
1694 3316 2107 3372 subsistentiam

453 3437 464 3442 -
521 3403 773 3460 aufertur
811 3406 1090 3475 phasiante
1131 3407 1252 3460 avis
1294 3407 1530 3476 species,
1563 3406 1728 3462 simul
1769 3417 1828 3464 et
1860 3407 2111 3464 aufertur

523 3497 923 3566 compositum;
959 3506 1109 3568 patet
1157 3497 1345 3568 igitur,
1392 3499 1750 3554 indivisibilia
1780 3515 1910 3556 esse
1937 3503 2110 3573 magis

523 3598 806 3654 extranea,
843 3607 1014 3646 unum
1054 3599 1112 3646 et
1151 3591 1312 3662 plura
1351 3591 1575 3658 similia,
1605 3607 1730 3648 cum
1773 3594 1987 3663 species
2015 3610 2111 3649 na-

528 3683 721 3738 turalis
749 3693 1008 3741 extranea
1035 3684 1206 3756 magis
1244 3685 1298 3740 in
1334 3684 1445 3740 illis
1480 3701 1591 3741 non
1627 3686 1909 3742 subsistat.
1938 3687 1998 3741 In
2024 3687 2110 3742 his

521 3783 710 3830 autem
740 3775 906 3847 virga:
937 3777 1184 3832 Mosaicae
1217 3777 1272 3830 in
1295 3787 1612 3848 serpentem
1643 3792 1941 3842 conversas,
1977 3777 2110 3850 quid

526 3867 863 3923 indivisibile
915 3867 1082 3922 fuisse
1131 3867 1419 3931 dixeritis,
1468 3868 1776 3923 audiemus.
1825 3868 2110 3939 Siquidem

523 3963 672 4016 enim
718 3963 885 4016 unius
934 3961 1159 4032 speciei,
1210 3960 1392 4032 qualis
1422 3959 1526 4016 fuit
1580 3961 1672 4016 illa
1728 3961 1894 4016 unius
1943 3962 2113 4033 virga:

523 4054 759 4125 species,
790 4069 912 4126 quae
939 4069 1118 4124 neque
1144 4053 1316 4124 virga,
1347 4068 1529 4124 neque
1561 4069 1790 4124 serpens
1814 4055 1981 4110 statui
2013 4070 2113 4125 po-

528 4148 672 4203 test?
699 4147 755 4202 Si
781 4163 914 4202 vero
947 4145 1052 4202 sub
1073 4162 1178 4201 una
1204 4153 1416 4200 tantum
1446 4147 1650 4216 specie,
1676 4146 1856 4216 qualis
1877 4156 1962 4202 est
1988 4146 2114 4202 illa?

525 4239 698 4307 Quam
733 4241 880 4296 enim
921 4241 1092 4295 solam
1125 4239 1398 4304 dixeritis,
1439 4239 1670 4294 alteram
1717 4239 2112 4309 disperdidisse

526 4333 945 4388 convincimini.
976 4333 1140 4404 Ergo,
1177 4349 1289 4386 non
1319 4331 1576 4387 mosaicm
1603 4331 1772 4402 virgae
1813 4347 1912 4402 par
1957 4333 2112 4388 vobis

2212 3150 2402 3186 στασιν
2424 3132 2809 3202 ἀναιρεθέντος
2845 3129 2940 3184 τοῦ
2973 3130 3298 3200 φασιανικοῦ
3323 3131 3580 3202 ὀρνιθίου
3611 3135 3803 3196 εἷδους,

2210 3227 2614 3294 συναναιρεῖται
2647 3224 2743 3278 καί⁵
2789 3225 2822 3293 ἡ
2877 3223 3165 3287 σύστασις·
3225 3221 3375 3277 ἔστιν
3426 3223 3544 3296 ἄρα
3592 3227 3805 3294 σατρῶς.

2209 3316 2389 3384 ἄτομα
2415 3315 2516 3384 μὲν
2543 3299 2685 3368 εἶναι
2709 3313 3024 3385 καινότερα,
3048 3315 3108 3367 ἓν
3137 3331 3198 3366 τε
3229 3315 3324 3366 καὶ
3351 3313 3590 3368 πλείονα
3624 3318 3808 3386 ὃμοια,

2209 3406 2382 3470 εἴδους
2411 3405 2644 3476 φυσικοῦ
2675 3406 2992 3477 καινοτέρου
3026 3409 3084 3461 ἐν
3135 3407 3319 3470 αὐτοῖς
3351 3405 3430 3476 μὴ
3465 3409 3810 3475 συνιοταμέο

2210 3515 2323 3552 νου·
2347 3498 2443 3552 ἐπὶ
2471 3500 2684 3562 τούτοις
2715 3499 2774 3552 δὲ
2807 3499 2904 3552 καὶ
2949 3499 3049 3568 τῆς
3088 3499 3578 3569 δρακοντουμένης
3609 3501 3810 3572 ῥάϐδου
3845 3481 3854 3489 ’

2211 3591 2536 3663 Μωσαῖκῆς,
2563 3590 2615 3644 τί
2651 3607 2788 3660 φατε
2833 3591 2894 3644 τὸ
2919 3589 3146 3662 ἄτομον,
3180 3590 3570 3660 ἀκουσόμεθα·
3603 3596 3654 3646 εξ
3711 3596 3807 3664 μὲν

2210 3685 2321 3754 γὰρ
2362 3684 2637 3754 μονοειδές
2662 3701 2744 3750 τε,
2783 3685 2874 3736 καὶ
2899 3685 3052 3736 ποῖον
3085 3684 3203 3736 τόδε
3250 3683 3312 3736 τὺ
3341 3683 3462 3736 κατ’
3494 3685 3683 3756 αὐτὴν
3711 3690 3806 3758 μεῖ-

2211 3794 2310 3846 νην
2340 3773 2501 3842 εἶδος,
2528 3775 2558 3829 δ
2585 3776 2724 3845 μήτε
2750 3775 2967 3846 ῥάϐδος,
3007 3775 3157 3845 ,μήτε
3201 3773 3420 3843 δράκων
3445 3776 3696 3846 ὁρίζοιτο
3721 3796 3738 3844 ;
3764 3783 3808 3832 εξ

2209 3871 2266 3924 δὲ
2298 3869 2402 3924 ὑπὸ
2424 3865 2562 3933 εἶδος
2591 3867 2652 3920 ἓν
2683 3867 2863 3936 μόνον,
2893 3869 3046 3920 ποῖον
3084 3865 3276 3931 τοῦτο;
3302 3865 3332 3917 ὂ
3360 3865 3469 3936 γὰρ
3494 3865 3570 3920 ἄν
3598 3869 3808 3922 εἴποιτε

2216 3962 2400 4032 μόνον,
2459 3960 2520 4012 τὸ
2581 3959 2772 4030 ἕτερον
2811 3957 3099 4026 ἐλέγχεσθε
3153 3956 3652 4027 παραϐλάψαντες·
3701 3961 3806 4028 ἀρα

2211 4047 2304 4106 οὖν
2323 4051 2444 4106 οὐδὲ
2473 4051 2572 4121 τῆς
2595 4051 2898 4119 Μωσαῖκῆς
2929 4047 3127 4121 ῥάϐδου
3157 4043 3274 4100 ἴσον
3309 4049 3441 4119 ὑμῖν
3469 4049 3534 4101 τὸ
3569 4049 3680 4120 τῆς
3712 4051 3806 4103 τοῦ

2213 4143 2389 4214 Λόγου
2416 4141 2747 4214 σαρκώσεως
2771 4140 2956 4210 θαῦμα
2985 4141 3151 4202 δοκεῖ,
3180 4139 3430 4193 ἀλλ-’ἔστι
3457 4140 3675 4212 ταύτην
3708 4143 3806 4212 μὲν

2211 4237 2288 4300 ὡς
2315 4235 2641 4306 καινοτέραν
2680 4231 3120 4302 συλλογίζεσθαι,
3155 4233 3372 4302 ἐκείνην
3407 4233 3468 4286 δὲ
3498 4233 3627 4304 οὐχί
3651 4251 3667 4264 ·
3705 4235 3802 4302 φεῦ

2211 4329 2314 4400 τῆς
2339 4325 2623 4391 ἀσεϐείαςί

528 4427 694 4483 Verbi
745 4427 1142 4482 incarnationis
1190 4423 1502 4495 prodigium
1550 4424 1804 4494 videtur,
1846 4425 1944 4480 sed
1987 4427 2108 4484 haec
2143 4433 2464 4484 extraneam
2532 4420 2706 4492 magis
2766 4418 2936 4474 fuisse
2964 4416 3316 4474 statuendum
3351 4423 3459 4482 cst,
3487 4415 3642 4472 illam
3679 4435 3798 4472 vero

528 4518 773 4574 minime.
803 4516 848 4574 Ο
880 4516 1250 4588 impietatem!

1106 4657 1259 4714 CAP.
1298 4655 1532 4714 XLVIII.

599 4796 655 4852 Si
683 4797 819 4868 ipse,
853 4793 1132 4866 inquiunt,
1167 4791 1406 4864 seipsum
1447 4791 1722 4848 suscitans
1745 4799 1830 4848 est
1859 4789 2114 4849 Christus

526 4900 559 4940 e
605 4885 871 4948 mortuis,
921 4896 978 4940 ct
1027 4883 1362 4952 suscitatus,
1415 4889 1637 4954 oportet
1684 4882 1840 4937 illum
1880 4882 2111 4939 dicere:

533 4993 556 5026 ‹
591 4975 800 5030 Solvite
845 4976 1108 5046 templum
1156 4975 1326 5038 istud,
1359 4983 1416 5030 et
1449 4974 1505 5028 in
1544 4973 1722 5028 tribus
1747 4973 1946 5028 diebus
1975 4990 2113 5030 reae-

492 5065 860 5129 ;ditieabo"?
891 5087 908 5114 ι
938 5067 1082 5135 Quid
1111 5082 1246 5137 ergo
1276 5082 1387 5120 non
1421 5065 1760 5120 contrarium
1795 5075 2110 5132 cernentes,

529 5157 752 5212 unoculi
796 5157 1053 5226 pietatem
1100 5155 1402 5226 perfectam
1453 5154 1832 5225 praatenditis?
1869 5155 1915 5210 si
1963 5157 2111 5212 enim

525 5249 668 5304 alius
711 5249 953 5304 solutum
999 5247 1318 5314 resediiicat,
1345 5247 1495 5318 quod
1523 5263 1590 5303 ex
1617 5257 1772 5319 parte
1814 5258 1954 5316 erat,
1984 5265 2113 5307 cor-

526 5352 662 5408 pore
690 5336 904 5394 scilicet
931 5351 1056 5402 suo,
1084 5336 1181 5408 qui
1223 5335 1360 5394 istos
1387 5336 1791 5409 alloquebatur,
1822 5339 2116 5412 oportebat

525 5431 733 5498 dicere,
771 5431 984 5488 Solvite
1027 5431 1293 5502 templum
1316 5433 1465 5490 istud
1499 5434 1578 5510 (id
1624 5443 1712 5491 est
1751 5451 1956 5506 corpus
1993 5437 2114 5506 ejus

525 5527 871 5602 evidenter),
903 5538 962 5586 et
1003 5529 1060 5585 in
1107 5528 1288 5587 tribus
1325 5530 1526 5589 diebus
1578 5531 1916 5590 restaurabit
1950 5530 2110 5637 illud,

602 5688 646 5718 ‘°
676 5687 835 5748 Joan.
871 5705 927 5755 ιι,
963 5691 1046 5747 l9.

2787 4650 3038 4705 ΚΕΦΑΛ.
3087 4648 3230 4703 MII’.

2291 4791 2354 4845 Εί
2404 4789 2588 4854 αὐτὸς,
2613 4785 2802 4857 φασιν,
2827 4787 2857 4840 ὁ
2885 4784 3082 4840 ἑαυτὸν
3110 4782 3331 4852 ἐγείρας
3354 4783 3600 4854 Χριστὸς
3633 4785 3702 4838 ἐκ
3728 4802 3798 4837 νε·

2218 4883 2388 4958 κρῶν,
2415 4881 2512 4938 καὶ⁷
2545 4879 2811 4952 ἐγερθεὶς,
2835 4878 2946 4932 ἔδει
2977 4875 3140 4930 αὑτὸν
3173 4877 3369 4929 εἰπεῖν’
3409 4893 3429 4926 ι
3466 4875 3688 4930 Λύσατε
3719 4879 3796 4931 τὶν

2219 4977 2347 5033 ναὸν
2383 4974 2594 5040 τοῦτον,
2627 4973 2723 5027 καὶ
2747 4973 2805 5026 ἐν
2828 4972 3070 5045 ἡμέραις
3115 4973 3296 5038 τρισὶν
3325 4971 3711 5043 ἐγερθήσομαι
3736 4992 3751 5040 ;
3780 4994 3796 5024 ι
3872 5005 3873 5045 γ

2220 5067 2369 5123 Τίδέ
2399 5065 2494 5120 οῦν
2542 5065 2618 5138 μὴ
2667 5066 2762 5119 καὶ
2789 5065 3100 5118 τούναντίον
3144 5063 3478 5127 σκοποῦντες
3511 5065 3802 5140 ἡμίγληνοι

2219 5160 2318 5230 τὴν
2349 5156 2628 5210 εὐσέϐειαν
2653 5155 2882 5218 ἐντελῶς
2910 5153 3324 5222 καταυγάζεσθε
3349 5171 3365 5220 ;
3399 5153 3450 5206 εἰ
3477 5155 3591 5225 γὰρ
3615 5156 3802 5227 ἔτερος

2220 5253 2414 5322 ἀνιστᾷ
2442 5250 2532 5303 τὸν
2563 5248 2843 5318 λυόμενον,
2883 5245 2941 5312 ὃς
2969 5241 3039 5317 ἦν
3072 5245 3180 5299 ἀπὸ
3227 5248 3452 5329 μέρους,
3497 5248 3674 5316 ἠγουν
3714 5247 3804 5300 τοῦ

2223 5345 2477 5416 σώματος
2531 5344 2719 5411 αὑτοῦ,
2773 5345 2803 5397 ὁ
2855 5340 3382 5414 προσδιαλεγόμενος
3442 5339 3634 5405 αὐτοῖς
3657 5381 3674 5402 ,
3707 5342 3806 5394 ἔδει

2223 5441 2418 5503 εἰπεῖν,
2448 5437 2660 5492 Λύσατε
2685 5436 2777 5491 τὸν
2800 5429 2928 5491 ναὸν
2951 5433 3161 5499 τοῦτον,
3185 5433 3355 5504 ἤγουν
3370 5431 3434 5485 τδ
3459 5432 3625 5502 σῶμα
3647 5433 3804 5487 αὐτοῦ

2223 5529 2532 5597 δεικτικῶς,
2569 5531 2664 5584 καὶ
2697 5529 2756 5583 ἐν
2785 5527 2962 5600 τρισὶν
2993 5526 3232 5598 ἡμέραις
3262 5526 3451 5594 ἐγερεῖ
3497 5525 3686 5592 αὐτὸν,
3715 5527 3751 5596 ἧ
3782 5527 3805 5580 ι
