3932 6152
110 273 268 340 περι

1099 223 1498 330 Anvsasus
1536 263 2092 330 NESTORIANOS.
2118 265 2348 325 --LIB.
2393 266 2475 326 11.

3285 268 3417 336 1603

100 384 284 448 Θεὸς,
321 381 355 450 ἢ
401 379 586 451 ἕτερος
630 378 852 446 ἁπλῶς,
885 379 947 432 οὐ
991 378 1098 448 μὴν
1133 376 1245 444 ἐγὼ
1287 379 1315 430 ὁ
1347 375 1721 446 διαλεγόμενος

1835 371 1918 426 vel
1968 373 2134 436 Deus,
2182 373 2265 426 vcl
2315 373 2456 428 alius
2499 373 2703 444 quivis,
2747 389 2856 429 non
2893 391 2996 447 ego
3025 385 3176 432 certe
3204 381 3298 449 qui
3331 397 3428 438 vos

100 476 286 546 ὑμῖν,
315 475 378 536 ὃς
409 469 478 544 ἢν
527 473 720 541 σαφῶς
753 473 850 526 καὶ
887 469 1036 542 ψυχὴ
1068 469 1165 524 καὶ
1192 470 1376 540 σῶμα·
1417 467 1576 538 δῆλον
1617 467 1725 537 ἄρα

95 565 193 629 ὡς
232 567 300 619 τδ
319 565 454 619 αύτδ
487 564 782 637 πρόσωπον
811 563 871 615 τὸ
902 562 990 615 διὰ
1011 561 1113 631 τῆς
1147 559 1488 631 ἀντωνυμίας
1523 575 1726 628 σημαι-

97 657 358 728 νόμενον
399 657 498 727 τῆς
545 656 694 726 ἐγὼ,
743 655 806 708 τό
850 672 911 708 τε
963 655 1223 723 λυόμενον
1268 651 1451 720 σῶμα,
1486 651 1580 703 καὶ
1623 649 1724 720 τὴν

102 750 534 820 διαλεγομένην
566 747 744 819 ψυχὴν
779 748 866 800 διὰ
898 745 1172 818 σώματος,
1196 743 1292 797 καὶ
1321 741 1724 812 τδνῖγείραντα

101 841 262 896 Θεὸν
293 841 356 894 τ’)
378 841 558 907 λυθὲν,
591 842 860 911 περιέχει.

711 972 943 1026 ΚΕΦΛΛ
955 1013 968 1026 .
1020 970 1154 1024 MG’.

197 1127 223 1164 α
259 1111 392 1166 Ὀτι
417 1110 475 1162 ὲν
504 1107 654 1178 αὐτῷ
683 1109 932 1160 κατοικεῖ
951 1107 1057 1160 πᾶν
1083 1105 1142 1158 τὸ
1171 1103 1446 1175 πλήρωμα
1474 1103 1574 1173 τῆς
1593 1102 1721 1156 Θεό-

101 1220 291 1272 τητος
321 1199 674 1271 σωματικῶς,
709 1218 726 1251 ι
763 1197 1007 1267 δηλονότι
1052 1199 1110 1250 ἐν
1151 1195 1229 1266 τῷ
1260 1194 1722 1264 προονομασοέντι

105 1299 152 1348 Χ
171 1295 373 1366 ριστῷ,
393 1294 610 1365 ,εἴρηται
645 1290 722 1362 τῷ
773 1291 1104 1362 Ἀποστόλῳ.
1132 1289 1257 1352 Πῶς
1281 1284 1374 1342 οὖν
1414 1292 1511 1357 οὐχ
1535 1286 1721 1356 ἕτερον

106 1389 294 1456 φύσει
329 1386 392 1438 τὸ
432 1384 708 1454 πλήρωμα
763 1383 862 1452 τῆς
913 1381 1200 1452 Θεότητος,
1254 1379 1411 1449 παρὰ
1463 1378 1718 1447 Χριστὸν,

104 1479 287 1549 εἴπερ
310 1477 496 1548 ἕτερον
540 1473 602 1527 τὸ
626 1475 683 1528 ἓν
716 1493 822 1529 τινι
861 1473 955 1527 τοῦ
991 1476 1048 1526 ὲν
1089 1468 1133 1542 ᾧ
1161 1476 1297 1534 ὲστι,
1327 1475 1422 1528 καὶ
1452 1473 1512 1526 τὸ
1538 1490 1720 1526 κατοιο

104 1570 259 1622 κοῦν
317 1567 454 1638 προς
497 1566 558 1618 τὸ
618 1565 1080 1635 κατοικούμενον;
1139 1563 1393 1618 Τοιοῦτον
1430 1564 1560 1633 γοῦν
1603 1567 1719 1617 ἐστι

115 1661 228 1714 καὶ
272 1659 354 1723 τὸ,
388 1659 520 1722 Θεὸς
547 1655 616 1730 ἦν
651 1661 709 1712 ὲν
739 1658 982 1730 Χριστῷ.
1010 1653 1162 1729 *Λρα
1201 1653 1297 1711 οὖν
1336 1657 1456 1710 ἐπεὶ
1481 1659 1717 1728 εἴρηται,

1843 464 2119 534 alloquor,
2150 481 2314 535 quem
2348 473 2500 535 patet
2525 480 2646 522 csse
2673 482 2874 538 corpus
2898 478 2956 524 et
2993 469 3254 524 animam.
3291 472 3426 527 Evi-

1837 555 1978 610 dens
2003 555 2170 626 igitur
2195 565 2279 612 cst
2307 558 2454 627 quod
2485 557 2679 612 cadem
2723 575 2959 629 persona
2992 575 3094 630 per
3137 561 3280 616 hanc
3326 579 3426 632 ap-

1833 648 2188 718 pellationem
2233 666 2326 720 ego
2369 649 2695 720 signiﬁcata,
2745 653 2984 706 solutum
3035 668 3258 723 corpus,
3303 657 3424 710 ani-

1843 754 2102 809 mamque
2157 757 2256 810 per
2301 736 2512 812 corpus
2555 742 2904 812 loquentem,
2956 752 3013 798 et
3066 745 3422 800 suscitantem

1831 830 2006 886 Deum
2037 831 2187 901 quod
2221 833 2462 886 solutum
2487 845 2628 900 erat,
2657 834 3065 904 complectitur.

2429 964 2583 1020 CAP.
2624 965 2811 1020 XLIX.

1913 1125 1932 1157 ι
1968 1103 2105 1172 Quia
2143 1121 2200 1159 tu
2231 1105 2351 1175 ipso
2387 1101 2660 1158 inhabitat
2690 1102 2872 1157 omnis
2891 1103 3178 1172 plenitudo
3204 1104 3437 1159 Divini-’

1831 1197 1960 1252 tatis
2005 1195 2458 1266 corporaliter“,
2510 1213 2529 1245 ι
2585 1194 2872 1249 evidenter
2921 1193 2978 1248 in
3033 1197 3420 1266 prmappellato

1835 1289 2081 1356 Christo,
2115 1291 2324 1344 dictum
2369 1296 2456 1343 est
2499 1287 2567 1342 ab
2610 1287 2896 1356 Apostolo.
2921 1287 3209 1353 Quomodo
3252 1289 3420 1358 igitur

1828 1399 1944 1438 non
1989 1384 2096 1437 alia
2149 1391 2348 1436 natura
2403 1389 2489 1434 est
2543 1379 2832 1449 plenitudo
2889 1379 3222 1443 Diviuitatis,
3272 1383 3418 1450 apud

1827 1475 2133 1538 Christum,
2166 1473 2212 1529 si
2243 1471 2390 1527 aliud
2431 1472 2486 1526 in
2515 1471 2701 1540 aliquo
2720 1480 2804 1525 cst
2831 1485 2896 1524 ac
2919 1471 3064 1540 quod
3094 1471 3149 1524 in
3184 1471 3288 1524 isto
3310 1479 3416 1534 est,

1827 1577 1884 1622 et
1909 1567 2227 1620 inhabitans
2255 1565 2324 1619 ad
2364 1563 2767 1618 inhabitatum?
2793 1563 2922 1618 Tale
2969 1579 3166 1633 nempe
3213 1573 3298 1619 est
3337 1574 3415 1628 et,

1827 1659 1978 1713 Deus
2009 1668 2128 1712 crat
2152 1658 2205 1710 in
2229 1655 2472 1713 Christo.
2502 1655 2696 1726 Igitur,
2725 1655 2945 1725 quando
2975 1655 3182 1710 dictum
3215 1666 3318 1720 cst,
3348 1657 3416 1711 ad

109 1749 273 1820 Πρὸς
330 1748 523 1817 φθόνον
575 1747 827 1802 ἐπιποθεῖ
869 1747 930 1802 τὸ
961 1747 1200 1816 πνεῦμα,
1235 1745 1264 1800 ὃ
1303 1747 1626 1819 κατῴκησεν
1661 1750 1719 1802 ὲν

1830 1750 2087 1804 invidiam
2134 1747 2326 1802 incitat
2355 1745 2596 1816 Spiritus
2625 1746 2720 1816 qui
2771 1745 3095 1801 inbabitavit
3135 1747 3192 1802 in
3233 1747 3415 1809 nobis,

107 1841 285 1909 ἡμῖν,
314 1838 506 1909 ἕτερον
539 1839 701 1909 ἡμεῖς
744 1840 841 1892 καὶ
874 1839 1063 1909 ἕτερον
1095 1839 1158 1890 τὸ
1186 1837 1480 1892 κατοικοῦν
1509 1839 1566 1891 ὲν
1589 1839 1721 1908 ἡμῖν

108 1928 372 1998 πνεῦμα,
411 1929 590 1983 εῐτουν
617 1931 651 2000 ἡ
679 1929 826 2000 ψυχὴ
861 1929 1042 2000 ἡμῶν·
1067 1931 1160 1983 καὶ
1183 1930 1313 1984 ὅταν
1343 1929 1498 2003 λέγῃο
1536 1931 1640 1983 Ἐα
1666 1930 1721 1984 δὲ

106 2025 260 2088 τοὺς
293 2027 684 2088 κατοικοῦντας
715 2027 918 2089 οἰκίαις
949 2026 1224 2096 πηλίναις,
1255 2027 1312 2092 ἐξ
1343 2020 1418 2080 ὧν
1449 2028 1543 2080 καὶ
1568 2026 1724 2081 αὐτοὶ

119 2119 195 2170 ἐκ
231 2115 333 2169 τοῦ
363 2117 530 2170 αὑτοῦ
562 2117 733 2188 πηλοῦ
757 2119 945 2189 ἐσμενο
990 2121 1148 2190 ἡμεῖς
1191 2115 1285 2174 οὖν
1313 2119 1498 2191 ἕτερος
1527 2118 1718 2188 πηλὸς,

109 2211 220 2262 aut
255 2208 394 2278 ἄλλη
427 2211 460 2279 ἡ
502 2211 652 2263 οἰκία
755 2209 1040 2280 πηλίνη,ἢ
1083 2211 1261 2279 δῆλον,
1301 2209 1378 2274 ὡς
1417 2213 1487 2266 τὰ
1518 2209 1720 2273 τοιάδε,

109 2302 175 2354 ἐν
208 2319 321 2354 τινι
346 2300 422 2364 ὡς
454 2300 619 2371 μέρος
645 2303 704 2355 ὲν
732 2301 809 2371 τῷ
841 2300 958 2372 ἰδίῳ
982 2303 1089 2372 ὅλῳ
1109 2301 1357 2370 ).ἐγεται;
1389 2302 1478 2354 Ἐν
1503 2301 1722 2372 Χριστῷ

108 2391 212 2448 οὖν
243 2391 327 2462 τῷ
356 2393 438 2445 ἐνὶ
469 2391 944 2464 συντετελεσμὲνῳ
964 2392 1262 2464 προσώπῳ,
1283 2393 1358 2456 ὡς
1387 2394 1553 2464 μέρος
1575 2395 1722 2450 ἐστὶν

109 2483 296 2536 αὑτοῦ
337 2482 436 2551 τῆς
467 2481 818 2546 ὑποστάσεως
860 2484 896 2553 ἡ
931 2484 1155 2552 Θεότης.
1179 2485 1238 2536 ἐν
1272 2483 1421 2552 αὐτῷ
1455 2484 1720 2555 νοουμένη

110 2574 267 2646 μετὰ
310 2574 411 2642 τὴν
445 2573 723 2642 σάρκωςιν
751 2573 972 2644 ἑαυτῆςο
1011 2574 1084 2636 ὡς
1113 2575 1170 2628 δὲ
1198 2576 1487 2630 κατοικοῠν
1504 2577 1562 2630 ὲν
1591 2593 1723 2630 κατ-

109 2662 462 2732 ο-ικουμένῳο
496 2661 634 2716 διότι
660 2679 726 2732 γε
759 2663 944 2717 τελεία
973 2665 1068 2718 καὶ
1091 2665 1386 2736 ὁλόκληρος
1409 2666 1526 2719 ἐστι
1560 2665 1722 2734 φύσις

106 2753 286 2808 τοῦτο
320 2752 379 2804 τὸ
407 2751 483 2817 ὡς
516 2753 681 2822 μέρος
711 2753 1004 2822 πρόσωπον
1051 2753 1426 2825 θεωρούμενον
1461 2757 1520 2808 ἐν
1573 2755 1723 2825 αύτῷ

110 2846 212 2898 καὶ
248 2843 601 2914 ὲτεροούσιον
638 2845 776 2915 πρὸς
812 2845 874 2897 τὸ
901 2846 1327 2917 κατοικούμενον
1356 2846 1522 2900 αὐτοῦ
1559 2849 1723 2919 μέρος

113 2935 214 2987 ὑπ’
241 2933 423 3003 αὐτῆς
444 2949 457 2961 ·
495 2933 702 2988 τοιόσδε
753 2937 862 3006 γὰρ
889 2936 918 2989 ὁ
959 2936 1072 2990 τῶν
1106 2939 1270 2990 οἴκων
1309 2939 1406 2991 καὶ
1428 2937 1723 2992 οἰκούντων

111 3028 314 3096 λόγος.
365 3025 438 3078 Τὸ
470 3025 527 3078 δὲ
579 3027 913 3096 σωματικῶς
944 3023 1214 3099 εἶναιτὴν
1261 3029 1580 3099 κατοίκησιν
1621 3028 1723 3098 τῆς

109 3121 394 3186 Θεότητος
427 3118 484 3168 ὲν
532 3116 773 3188 Χριστῷ,
809 3117 976 3186 ἤγουν
1006 3119 1063 3170 ἰν
1088 3121 1156 3188 τῇ
1194 3119 1360 3186 σαρκὶ
1399 3118 1588 3184 αὑτοῦ,
1619 3121 1722 3188 μέ·

115 3226 252 3276 ρους
283 3207 457 3260 αὐτοῦ
483 3205 672 3277 οΰσης,
701 3209 794 3259 καὶ
817 3211 885 3276 τῇ
933 3206 1026 3261 τοῦ
1067 3209 1190 3261 ὅλου
1218 3210 1556 3280 προσηγορίᾳ
1589 3228 1721 3264 κατ-

113 3299 526 3371 ονοματοείσης
557 3297 672 3350 νῦν·
710 3298 771 3351 ού
811 3299 872 3351 τὸ
911 3301 988 3370 μὴ
1019 3301 1160 3354 κατὰ
1193 3302 1542 3372 περιγραφὴν
1569 3319 1722 3355 τοπι-

123 3393 257 3460 κήν·
294 3389 370 3451 ὡς
420 3391 612 3460 ἐτέρας
653 3390 1053 3462 περιεχομένης
1093 3387 1233 3445 εἶναι
1269 3393 1368 3462 τὴν
1399 3391 1718 3464 κατοίκησιν

119 3482 416 3550 δυνάμεων
461 3479 561 3547 τῆς
606 3481 970 3552 κατοικούσης
1012 3481 1229 3551 φύσεως
1259 3483 1340 3546 εἰς
1395 3481 1494 3554 τὴν
1537 3501 1719 3537 κατοι·

121 3573 432 3645 κουμένην·
471 3571 616 3626 οὓτω
654 3576 763 3646 γὰρ
789 3575 883 3627 καὶ
910 3574 1070 3645 μόνον
1100 3575 1310 3646 πέφυκε
1339 3579 1614 3630 κατοικεῖν
1637 3579 1715 3641 εἰς

123 3672 365 3741 σώματα
411 3670 480 3723 τὰ
521 3669 810 3740 ἀσώματα·
856 3670 950 3724 κα)⁵
993 3669 1132 3740 αὕτη
1178 3671 1328 3723 ἐστὶν
1360 3672 1394 3743 ἡ
1428 3671 1716 3742 σωματικὴ

121 3758 390 3813 κατοικία
433 3759 541 3812 τιῖιν
590 3759 929 3830 ἀσωμάτωνο
964 3758 1028 3812 ού
1085 3759 1227 3814 κατὰ
1258 3759 1550 3832 περίληψιν
1591 3777 1718 3830 συγ-

123 3849 468 3919 κλειομένων
501 3849 608 3903 τῶν
637 3851 1062 3922 ἀσχηματίστων
1092 3851 1170 3916 εἰς
1202 3851 1272 3905 τὰ
1305 3853 1719 3923 ἐσχηματισμὲ-

125 3961 217 4005 νοι.
270 3941 386 3996 ἀλλ’
419 3942 658 3996 εἰσδύσει
711 3943 820 3996 τῶν
863 3943 1080 3997 οἰκείων
1113 3942 1396 4012 δυνάμεων
1441 3943 1503 3997 τὸ
1559 3945 1720 4014 φύσει

124 4035 411 4104 ἁῧύναμον
453 4034 592 4105 πρὸς
637 4035 922 4105 ἐνέργειαν
971 4035 1393 4106 δυναμούντων’
1434 4035 1531 4090 καὶ
1577 4035 1722 4090 οὕτω

129 4127 266 4200 μίαν
297 4126 598 4182 ὑπόστασιν
631 4130 698 4200 τῇ
725 4126 835 4182 τῶν
869 4126 1087 4199 φύσεων
1118 4127 1375 4201 κοινωνίᾳ⁵
1398 4129 1724 4184 ἀποτελούνο

127 4235 263 4271 των.

202 4371 250 4404 ’ί
285 4371 498 4430 Coloss.
536 4392 574 4430 ιι
621 4377 676 4432 9.

1830 1840 1980 1896 aliud
2013 1856 2118 1896 nos
2145 1848 2202 1894 et
2230 1839 2378 1896 aliud
2415 1838 2736 1894 inhabitans
2765 1837 2820 1892 in
2851 1837 3010 1894 nobis
3051 1837 3284 1907 spiritus
3309 1847 3416 1904 est,

1827 1935 1879 1992 id
1905 1944 1990 1990 est
2019 1934 2204 1990 anima
2235 1941 2424 1988 nostra
2454 1951 2468 1986 :
2495 1941 2552 1988 et
2584 1947 2709 1988 cum
2737 1932 2828 1987 die
2851 1943 2940 1986 tur
2967 1950 2982 1987 :
3015 1950 3034 1983 ι
3075 1931 3288 2002 Linque
3321 1947 3420 1986 au-

1827 2039 1934 2086 tem
1961 2028 2336 2084 inhabitantes
2355 2025 2614 2082 domibus
2637 2026 2826 2090 luteis,
2855 2041 2886 2080 e
2911 2025 3114 2096 quibus
3138 2033 3194 2081 et
3219 2025 3323 2094 ipsi
3349 2040 3419 2081 ex

1823 2123 2020 2177 eodem
2072 2121 2190 2175 luto
2239 2134 2474 2182 sumus;
2513 2137 2533 2170 ι
2584 2133 2686 2172 nos
2731 2117 2898 2187 igitur
2932 2116 3084 2172 aliud
3125 2117 3326 2181 lutum,
3360 2124 3420 2172 et

1831 2213 1980 2268 aliud
2018 2213 2216 2267 domus
2245 2211 2414 2272 lutea.
2445 2217 2540 2265 aut
2573 2218 2726 2280 patet
2753 2209 2870 2263 llth
2898 2208 3024 2264 talia
3057 2208 3112 2262 in
3142 2208 3326 2277 aliquo
3357 2217 3420 2261 ut

1825 2315 2044 2376 partem
2090 2304 2145 2358 in
2194 2301 2516 2374 particulari
2553 2310 2672 2356 toto
2705 2300 2854 2355 dici?
2900 2301 2958 2354 lu
2996 2299 3220 2355 Christo
3261 2314 3416 2371 ergo,

1832 2411 1940 2450 una
1979 2397 2252 2465 completa
2279 2410 2536 2464 persona,
2569 2403 2628 2448 ut
2656 2407 2782 2463 pars
2821 2400 2904 2446 est
2935 2391 3084 2446 illius
3110 2391 3418 2446 subsisten-

1827 2489 1916 2543 tia:
1947 2487 2237 2553 Divinitas,
2273 2487 2328 2541 in
2364 2488 2457 2541 illo
2493 2486 2769 2541 intellecta
2809 2491 2935 2554 post
2968 2497 3124 2538 suam
3161 2482 3418 2537 incarna-

1827 2581 2059 2646 tionem,
2099 2589 2163 2636 ut
2203 2578 2524 2634 inhabitans
2568 2577 2626 2632 in
2671 2574 3002 2632 inhabitato.
3047 2573 3416 2640 Quamobrem

1823 2675 2069 2745 perfecta
2099 2679 2158 2728 et
2187 2670 2460 2740 completa
2508 2676 2596 2724 est
2641 2677 2844 2722 natura
2882 2667 2996 2730 illa,
3037 2673 3101 2718 ut
3140 2678 3269 2734 pars
3305 2670 3414 2725 est.

1824 2780 2062 2837 persona
2103 2765 2162 2819 in
2210 2763 2330 2834 ipso
2373 2760 2610 2816 visibilis
2641 2770 2700 2816 et
2742 2757 2974 2814 alterius
3003 2755 3324 2813 substantiae
3351 2768 3418 2811 ac

1825 2874 1954 2928 pars
1985 2857 2136 2913 illius
2163 2854 2467 2910 inhabitata
2494 2852 2566 2908 ab
2593 2852 2716 2918 illa;
2751 2851 2875 2906 talis
2899 2850 3048 2906 enim
3086 2858 3173 2904 est
3202 2846 3417 2902 habita-

1827 2949 2041 3004 tionum
2079 2954 2137 3003 et
2184 2945 2553 3001 habitantium
2598 2940 2763 3008 ratio.
2806 2939 3183 3012 Corporaliter
3227 2947 3414 2994 autem

1827 3039 2138 3094 inhabitare
2179 3036 2532 3092 Divinitatem
2571 3035 2628 3089 in
2669 3033 2892 3089 Christo
2918 3074 2932 3096 ,
2978 3041 3110 3104 puta
3161 3032 3217 3086 in
3268 3031 3444 3088 illius-

1779 3119 1794 3136 ⁸
1827 3121 2015 3193 carne,
2051 3144 2174 3198 quae
2219 3128 2370 3182 illius
2415 3141 2544 3196 pars
2592 3135 2699 3190 est,
2732 3134 2790 3180 et
2829 3125 3000 3180 totius
3043 3123 3413 3193 appellatione

1825 3222 1974 3275 nunc
1997 3219 2281 3274 nominata
2308 3225 2415 3282 est,
2447 3232 2558 3271 non
2585 3230 2684 3286 per
2713 3216 2942 3271 localem
2971 3215 3032 3270 tlt
3063 3215 3414 3280 circumscri-

1823 3315 2090 3386 ptionem,
2123 3312 2202 3367 ita
2249 3320 2311 3366 ut
2349 3311 2457 3365 alia
2496 3309 2835 3365 circumdata
2869 3309 2942 3363 sit
2971 3305 3411 3362 inhabitatiot‘a-

1823 3407 2092 3462 cultatum
2111 3401 2472 3459 inbabitantis
2489 3412 2720 3464 naturae,
2739 3402 2794 3456 in
2815 3399 3118 3455 inhabitata
3135 3415 3148 3452 :
3163 3397 3243 3454 sic
3259 3397 3412 3453 enim

1821 3494 2092 3566 contingit
2126 3493 2182 3548 in
2213 3491 2545 3562 corporibus
2572 3490 2887 3546 inhabitare
2925 3487 3324 3558 incorporalia;
3353 3496 3412 3542 et

1823 3586 1919 3641 illa
1948 3596 2034 3640 est
2081 3585 2383 3654 corporalis
2423 3582 2755 3638 inbabitatio
2799 3580 3259 3650 iucorporalium;
3295 3594 3413 3634 non

1823 3692 1924 3748 per
1949 3675 2314 3730 inclusionem
2343 3674 2712 3730 insidentibus
2743 3673 2831 3729 his
2869 3689 2991 3743 qua:
3034 3671 3266 3726 formam
3295 3685 3412 3725 non

1825 3766 2036 3823 habent
2077 3765 2132 3820 in
2165 3765 2276 3821 illis
2313 3781 2436 3836 quae
2466 3765 2694 3831 habent,
2724 3764 2820 3820 sed
2849 3780 2948 3834 per
2979 3761 3411 3818 insinuationem

1830 3859 2181 3932 propriarum
2214 3858 2536 3913 facultatum
2567 3856 2715 3928 quod
2758 3866 2952 3912 natura
2987 3854 3170 3910 debile
3210 3863 3294 3908 est
3317 3866 3410 3909 re.

1819 3952 1954 4008 bore
2000 3951 2449 4016 instaurantium,
2479 3958 2535 4006 et
2580 3951 2653 4006 ita
2703 3965 2867 4004 unam
2905 3947 3319 4005 subsistentiam
3359 3949 3419 4004 in

1821 4053 2145 4104 naturarum
2177 4043 2573 4102 communitate
2601 4041 3028 4113 perliciendum.
