3932 6152
527 273 664 342 1603

1777 260 2084 323 LEONTII
2125 259 2430 321 ΒΥΖΛΝἸῚ
2443 259 2522 320 Nl

727 492 2768 528 NW”.

3720 254 3832 312 mn

3483 485 3817 500 Μ

2773 489 3473 504 ρᾜῌ

1873 652 2245 746 ΛΟΓΟΣ
2315 638 2428 736 Γ’.

793 849 1000 914 Τρίτης
1026 843 1308 910 ἀσεϐείας
1335 839 1537 896 αὐτῶν
1559 841 1814 910 ἔλεγχος
1837 838 1950 893 δύο
1977 835 2150 903 υἱοὺς
2177 833 2400 889 ειδέναι
2430 831 2584 888 κατὰ
2620 830 2734 901 τὴν
2762 831 3112 901 οἰκονομίαν
3127 824 3602 897 βουλομένων.

1845 1141 2228 1243 LIBER
2341 1139 2517 1239 Ill.

782 1354 968 1409 Tcrtiw
1010 1355 1297 1422 impietatis
1329 1357 1706 1422 argumentum
1741 1363 1922 1403 eorum
1955 1347 2048 1418 qui
2078 1347 2207 1400 duos
2241 1362 2351 1400 esse
2381 1346 2525 1416 apud
2552 1346 2974 1400 incarnationem
3007 1343 3148 1411 filios
3174 1342 3356 1397 videre
3391 1339 3634 1396 volarit.

1037 1648 1268 1705 CAPUT
1307 1647 1595 1704 PRIMUM.

605 1743 662 1799 Si
681 1744 852 1798 Deum
876 1741 1114 1798 Verbum
1169 1741 1507 1808 semiﬁlium,
1531 1741 1810 1812 inquiunt,
1828 1749 1886 1795 et
1908 1739 2119 1794 incom-

531 1837 741 1906 pletum
776 1845 838 1889 ut
867 1834 939 1890 sit
969 1835 1142 1890 Filius
1171 1851 1280 1890 non
1312 1834 1666 1899 existimetis,
1698 1842 1756 1888 et
1781 1833 1966 1888 adhuc
1990 1847 2116 1886 car-

531 1941 660 1980 nem
694 1941 860 1996 quam
892 1941 962 1980 ex
992 1925 1156 1980 nobis
1203 1927 1383 1980 vivam
1434 1925 1738 1996 assumpsit
1783 1923 2119 1993 inexpletam

537 2026 598 2072 ut
643 2018 717 2072 sit
769 2017 887 2087 ipsa
936 2017 1109 2071 Filius
1151 2031 1259 2071 non
1315 2017 1560 2086 putetis,
1603 2013 1883 2086 quomodo
1931 2013 2120 2088 dicitis

537 2116 754 2163 tantum
791 2123 962 2162 unum
996 2108 1192 2162 Filium
1246 2123 1346 2178 per
1393 2105 1852 2176 compositionem
1893 2119 1963 2158 ex
1999 2104 2120 2158 istis

535 2201 757 2255 duobus
801 2199 1032 2269 perﬁci?
1062 2199 1201 2254 Illud
1249 2199 1400 2254 enim
1449 2197 1609 2268 quasi
1663 2196 1870 2262 deﬁcit,
1915 2197 2120 2266 quippe

535 2302 836 2363 utrumque
865 2293 934 2347 ad
970 2294 1077 2347 hoc
1102 2291 1351 2347 conferat
1375 2302 1434 2346 ut
1467 2293 1542 2346 sit
1565 2292 1739 2346 Filius
1763 2307 1778 2356 ;
1807 2300 1864 2346 et
1889 2291 1962 2344 ita
1988 2291 2122 2345 Ver-

537 2386 668 2440 bum
695 2400 863 2440 carne
895 2385 1242 2454 compleatur
1263 2395 1324 2439 ut
1351 2385 1423 2440 sit
1457 2383 1650 2448 Filius,
1681 2393 1738 2439 et
1781 2383 2021 2439 Verbum
2055 2398 2119 2436 ea

537 2493 597 2531 re
644 2493 814 2532 carne
858 2478 1168 2546 compleat;
1220 2477 1346 2532 ideo
1395 2477 1579 2533 Verbo
1624 2491 1812 2540 carne,
1866 2485 1923 2529 et
1965 2473 2120 2528 carui

535 2568 720 2623 Verbo
754 2567 823 2620 ad
874 2567 926 2620 id
975 2582 1116 2636 opus
1166 2581 1310 2633 esse,
1344 2566 1603 2622 Lil'niliter
1649 2563 1964 2634 exponitis:
1995 2577 2122 2633 pars

538 2662 689 2714 enim
715 2677 744 2713 a
768 2669 947 2730 parte,
976 2668 1037 2712 ut
1064 2675 1210 2728 pars,
1239 2658 1378 2712 nihil
1410 2657 1597 2712 diﬁert
1630 2673 1642 2708 :
1679 2655 1846 2726 igitur
1869 2671 1990 2724 qua-
2013 2655 2120 2709 sibi

539 2753 827 2823 aequaliter
882 2763 1136 2806 mutuum
1190 2752 1480 2806 manifeste
1533 2753 1652 2820 ipsa
1706 2750 2010 2819 eademque
2062 2764 2121 2802 re

540 2855 806 2916 praestant
835 2859 996 2914 opus,
1035 2843 1194 2898 vobis
1220 2843 1338 2913 pari
1373 2843 1586 2898 honore
1616 2850 1747 2898 sunt
1772 2843 2046 2896 habenda.

612 2937 721 2992 Sed
757 2937 998 2992 Verbum
1033 2951 1156 2991 esse
1185 2936 1580 3006 incompletum
1612 2946 1671 2990 ut
1711 2936 1785 2990 sit
1817 2935 1988 2990 Filius
2022 2935 2119 2990 Dei

2141 1646 2194 1705 A

2595 1675 2598 1685 -
2641 1641 3040 1698 ΚΕΦΑΛΑΙΟΝ
3081 1642 3386 1697 ΠΡΩΤΟΝ.

2297 1733 2362 1788 Εἰ
2414 1736 2490 1804 μὴ
2527 1733 2618 1787 τὸν
2665 1733 2800 1786 Θεὸν
2854 1734 3026 1801 Λόγον
3079 1733 3298 1802 ἡμιυιδν
3343 1734 3505 1793 ῐστε.
3559 1733 3727 1802 φασι,
3756 1743 3824 1787 ιιι

2225 1827 2392 1895 ἀτελῆ
2435 1826 2576 1896 προς
2617 1827 2678 1880 τὸ
2723 1823 2863 1880 εἶναι
2906 1826 3052 1889 Υἱὺν,
3085 1826 3164 1878 ἔτι
3200 1825 3255 1879 δὲ
3287 1827 3391 1878 καὶ
3441 1826 3566 1896 τὴν
3603 1826 3672 1890 ἐξ
3701 1828 3819 1897 ﬁeri

2226 1919 2472 1990 ἔμψυχον
2494 1919 2680 1991 σάρκα
2712 1921 2761 1972 εἰ
2799 1919 2873 1991 μὴ
2898 1919 3033 1988 πρὸς
3065 1919 3126 1972 τὸ
3164 1913 3302 1971 εἶναι
3338 1919 3490 1972 Υἱὺν
3513 1920 3827 1989 ἀπὶήρωτςν

2227 2013 2500 2082 νομίζετε,
2543 2013 2659 2077 πῶς
2699 2014 2848 2068 κατᾶ
2889 2013 3138 2068 σύνθεσιν
3181 2013 3240 2079 ἐξ
3271 2017 3502 2084 ἀμφοῖν
3537 2016 3718 2069 τῶνδε
3757 2015 3825 2067 ἕνα

2228 2103 2356 2158 Υἱὸν
2379 2105 2761 2160 ἀποτελεῖσθαι
2787 2123 2923 2176 φατε
2953 2107 3111 2169 μόνον
3134 2122 3149 2170 ;
3171 2107 3266 2160 τοῦ
3281 2123 3333 2159 το
3351 2106 3478 2178 γὰρ
3505 2108 3597 2171 ὡς
3613 2108 3786 2160 ἔλλιπε
3811 2149 3822 2166 ,

2228 2194 2382 2258 ὄντος
2429 2197 2696 2268 ἑκατέρου
2740 2196 2877 2268 πρὸς
2911 2197 2968 2250 τὸ
2996 2191 3136 2250 εἶναι
3165 2197 3313 2260 Υίὸν,
3357 2198 3623 2266 ὁρᾶταιο
3654 2201 3746 2251 καὶ
3771 2197 3825 2261 ἐς

2226 2287 2606 2352 τελειωθέντος
2653 2287 2748 2341 τοῦ
2780 2306 2839 2342 τε
2865 2289 3040 2358 Λόγου
3095 2289 3200 2342 ὑπὸ
3252 2288 3362 2358 τῆς
3404 2291 3642 2360 σαρκὸς
3683 2293 3757 2353 εἰς
3782 2292 3824 2342 τέ)

2228 2377 2368 2434 εἶναι
2401 2381 2552 2447 Υἰὸν,
2586 2383 2679 2435 καὶ
2722 2381 3112 2446 τελειώσαντος
3151 2381 3246 2434 καὶ
3291 2381 3485 2436 αὐτοῦ
3521 2384 3738 2452 ταύτην
3763 2387 3825 2445 εἷς

2227 2473 2378 2528 τόδε·
2411 2474 2493 2528 διὸ
2520 2475 2613 2528 καὶ
2642 2474 2898 2544 δεόμενον
2924 2475 3097 2545 αὐτῆς
3135 2475 3272 2547 πρὸς
3307 2476 3467 2541 τόδε,
3510 2478 3621 2530 καὶ
3659 2479 3820 2547 65.03153

2228 2579 2328 2634 νην
2375 2564 2540 2616 αὐτοῦ
2587 2567 2666 2627 εἰς
2713 2565 2890 2628 τοῦτο,
2942 2564 3144 2634 ὁμοίως
3197 2567 3641 2636 παριστάνετεο
3685 2572 3820 2639 μ’ροε

2229 2657 2339 2726 γὰρ
2367 2657 2590 2728 μέρους,
2617 2655 2754 2711 καθὸ
2777 2659 2966 2728 μέρος,
2991 2657 3143 2712 οὐδὲν
3169 2658 3427 2730 διαφέρει
3451 2676 3469 2688 ·
3515 2661 3724 2716 οὐκοῦν
3748 2665 3817 2713 ni

2228 2751 2470 2821 ὁμότιμά
2503 2751 2650 2804 ἐστιν
2698 2752 2828 2822 ὑμῖν
2853 2751 3003 2816 τάδε,
3042 2750 3111 2805 τὰ
3153 2750 3360 2820 ἐπίσης
3391 2752 3673 2824 ἀλλήλων
3713 2774 3746 2807 π

2227 2843 2291 2896 τὸ
2318 2843 2452 2896 αὐτὸ
2483 2843 2714 2914 δεόμενα
2741 2843 2948 2912 σαφῶς.

2314 2935 2455 2990 Ἀλλ’
2483 2937 2586 3000 οὐκ
2630 2935 2797 3004 ἀτελῆ
2833 2936 2972 3008 πρὸς
3015 2937 3076 2990 τὸ
3110 2933 3250 2990 εἶναι
3285 2935 3424 2989 Υἱδν
3469 2938 3630 2992 θεοῦ
3688 2943 3814 3010 pia-:1

3752 2756 3816 2792 ρ).

3752 2793 3814 2806 ΩΙ.

3747 2793 3798 2824 τι

540 3027 717 3082 solum
753 3042 863 3081 non
911 3026 1336 3082 existimamus:
1366 3025 1511 3080 absit
1545 3027 1557 3080 !
1596 3042 1776 3096 neque
1809 3042 2033 3080 carnem
2064 3034 2123 3080 ut

2232 3028 2390 3100 ἴσμεν
2419 3029 2512 3083 τὸν
2544 3029 2756 3096 Λόγον·
2795 3027 2870 3100 μὴ
2900 3030 3138 3098 γένοιτοι
3185 3028 3329 3082 Ἀλλ’
3364 3031 3502 3084 οὐδὲ
3533 3033 3642 3102 τὴν
3673 3009 3816 3104 ea...

541 3120 614 3174 sit
668 3119 814 3175 illius
864 3119 1107 3174 hominis
1156 3119 1335 3173 solum
1397 3118 1542 3173 :sed
1593 3126 1654 3172 ut
1710 3118 1863 3188 quod
1906 3127 1992 3172 est
2039 3117 2126 3171 di-

540 3210 732 3264 vinum
761 3251 777 3274 ,
824 3212 978 3282 juxta
1018 3211 1296 3280 propriam
1335 3211 1734 3281 apparentiam,
1778 3210 2020 3264 hominis
2063 3209 2126 3263 ﬁo

540 3303 651 3357 lius
675 3303 1005 3366 aestimetur,
1033 3313 1085 3358 ct
1107 3303 1254 3372 quod
1273 3313 1355 3357 est
1382 3303 1684 3358 humanum
1714 3302 1886 3358 Filius
1911 3302 2008 3356 Dei
2039 3301 2125 3356 vi-

546 3395 765 3462 deatur,
786 3395 1108 3460 asserimus,
1129 3404 1428 3466 utrumque
1445 3410 1702 3452 essevere
1728 3396 2122 3466 incompletum

545 3497 602 3543 ct
633 3488 852 3558 utrique
889 3491 1256 3544 necessariam
1289 3507 1412 3546 esse
1445 3490 1878 3545 inenarrabilem
1928 3490 1981 3543 in
2025 3507 2126 3544 na-

545 3583 687 3638 turis
720 3583 1000 3648 unionem,
1025 3600 1095 3637 ne
1117 3584 1243 3653 quis
1269 3585 1322 3637 in
1349 3599 1512 3638 unam
1540 3583 1905 3652 eamdemque
1933 3599 2125 3654 perso-
2160 3631 2168 3638 .

545 3691 674 3730 nam
720 3674 938 3730 duabus
986 3677 1454 3731 convenientibus
1503 3677 1739 3741 naturis,
1795 3677 1952 3745 cujus
1999 3685 2128 3731 sunt

547 3765 867 3826 tiliationes.
921 3767 1154 3820 alteram
1206 3767 1527 3821 ﬁliationem
1562 3767 1864 3837 perfectam
1898 3767 2086 3842 videre
2109 3808 2124 3831 ,

545 3856 683 3926 quin
713 3866 771 3910 et
807 3857 1037 3911 alteram
1076 3857 1386 3928 conspiciat
1436 3867 1715 3918 naturam.
1765 3868 1824 3912 et
1868 3869 2126 3927 tanquam

547 3951 688 4003 duos
733 3948 878 4005 ﬁiios
926 3949 1298 4018 subiacentes,
1339 3950 1434 4003 sed
1469 3965 1639 4002 unum
1675 3950 1728 4002 in
1761 3949 1980 4004 duabus
2023 3965 2127 4003 na-

549 4040 690 4096 turis
717 4049 775 4094 et
810 4039 1174 4096 ﬁliationibus
1202 4041 1486 4098 Christum
1517 4043 1882 4112 contemplari
1924 4042 2125 4097 valeat.

547 4133 688 4215 Illud
748 4133 896 4188 enim
945 4134 1173 4189 unionis
1225 4135 1597 4190 inenarrabile
1650 4151 1852 4189 munus
1903 4136 2129 4192 realiter

544 4227 803 4282 exsistit:
834 4227 1111 4297 siquidem
1161 4244 1272 4284 non
1321 4229 1547 4283 nomine
1597 4238 1809 4284 tantum
1841 4229 2012 4298 ipsam
2037 4230 2126 4284 di-

547 4319 687 4372 vinae
715 4327 772 4372 et
798 4319 1054 4373 humanae
1081 4327 1295 4374 natura:
1331 4321 1594 4376 unionem
1629 4338 1751 4378 esse
1775 4322 2032 4377 dicimus.
2067 4323 2123 4378 Si
2153 4341 2198 4401 ς

543 4408 692 4461 enim
729 4423 858 4462 vere
885 4410 1135 4485 quaedam
1161 4411 1455 4481 conjuncta
1479 4413 1592 4466 sint
1623 4413 2038 4468 immutabiliter
2067 4422 2124 4468 et

547 4498 778 4568 integre,
813 4501 999 4556 omnia
1030 4517 1152 4570 quae
1179 4501 1248 4555 de
1283 4518 1612 4572 unoquoque
1649 4504 1938 4568 aﬁirmata,
1966 4513 2022 4558 et
2055 4503 2124 4559 de

546 4594 836 4664 utriusque
873 4595 1184 4664 composito
1233 4595 1598 4651 aliirmantur.
1638 4596 1775 4652 Cum
1832 4598 2002 4668 igitur
2035 4597 2126 4652 Fi-

545 4686 654 4743 lius
686 4687 783 4742 Dei
811 4696 868 4742 et
897 4687 1046 4741 ﬁlius
1072 4688 1338 4752 hominis,
1367 4689 1500 4744 licet
1552 4707 1660 4744 non
1705 4706 1805 4760 per
1851 4706 1948 4746 eos
1989 4691 2126 4747 sub~

543 4781 705 4835 sistat
754 4779 907 4844 unio,
951 4779 1064 4835 sint
1115 4781 1416 4850 conjuncti,
1469 4791 1524 4837 et
1579 4791 1753 4837 totum
1806 4799 1874 4838 ex
1921 4783 2125 4838 unione

543 4873 830 4943 proﬂuens
849 4887 935 4929 est
979 4874 1154 4929 Filius
1184 4875 1279 4929 Dei
1314 4883 1370 4929 et
1401 4875 1547 4931 ﬁlius
1583 4877 1826 4932 hominis
1855 4895 1869 4931 :
1902 4889 1961 4932 et
1995 4892 2124 4932 cum

544 4964 784 5019 Verbum
812 4975 1016 5021 etcaro
1043 4967 1096 5021 in
1120 4984 1291 5022 unum
1321 4968 1674 5032 conveniant,
1699 4968 1842 5022 idem
1869 4977 1954 5022 est
1985 4984 2126 5022 unus

546 5053 694 5109 Deus
729 5057 1008 5126 perfectus
1037 5069 1093 5112 et
1128 5061 1409 5128 perfectus
1438 5060 1608 5114 homo
1643 5078 1654 5113 :
1689 5075 1799 5114 non
1829 5059 1975 5114 enim
2021 5061 2126 5114 ali-

478 5146 484 5152 ’
545 5143 680 5215 quid
712 5145 838 5199 ideo
865 5157 950 5201 est
983 5148 1314 5217 perfectum,
1360 5163 1428 5201 ex
1463 5162 1532 5201 eo
1559 5148 1706 5216 quod
1753 5163 1862 5200 non
1895 5148 2128 5218 recipiat

547 5237 714 5294 ullam
750 5239 1059 5294 secundum
1088 5239 1299 5310 aliquid
1329 5239 1482 5293 aliud
1515 5237 1936 5308 perfectionem.
1963 5239 2127 5296 Certe

545 5329 830 5403 perfectus
862 5341 980 5385 erat
1015 5332 1118 5386 sub
1143 5332 1353 5385 ratione
1377 5330 1600 5402 physica
1627 5331 1870 5387 hominis
1895 5327 2155 5403 legispe-'

549 5420 690 5474 ritus
731 5417 820 5485 (de
868 5433 980 5488 quo
1015 5427 1206 5472 narrat
1255 5418 1660 5490 Evangelium),
1697 5427 1754 5474 et
1790 5419 1998 5488 pariter
2044 5419 2130 5473 di-

546 5507 736 5563 scebat
763 5506 948 5562 adhuc
983 5505 1332 5577 spiritualem
1385 5506 1653 5562 doctrinae
1689 5506 1895 5562 Christi
1948 5505 2129 5576 perfe-

547 5600 788 5656 Ctiunem
815 5616 936 5671 qua:
974 5601 1176 5656 docet:
1214 5620 1231 5651 ι
1264 5599 1319 5655 Si
1357 5599 1440 5654 vis
1467 5599 1744 5668 perlectus
1770 5597 1914 5659 ﬁeri,
1949 5597 2126 5652 vende

546 5707 667 5760 qua-
687 5692 857 5748 habcs
891 5705 942 5750 et
975 5693 1040 5749 da
1067 5692 1427 5765 pauperibus,
1455 5697 1511 5745 et
1541 5689 1669 5744 tolle
1697 5704 1920 5746 crucem
1943 5697 2116 5756 tuam,

2227 3116 2272 3175 ὦ
2306 3114 2474 3183 οὗτοι,
2509 3121 2644 3191 πρὸς
2667 3121 2727 3174 τὸ
2751 3116 2888 3175 εἶναι
2917 3122 3033 3175 υἱὸν
3064 3120 3358 3192 ἀνθρώπου
3389 3124 3602 3192 μόνον·
3643 3125 3724 3187 εἰς
3747 3127 3838 3194 μὲν·

2226 3227 2308 3266 τοι
2332 3213 2394 3264 τὸ
2431 3213 2522 3265 καὶ
2551 3213 2610 3264 τὸ
2636 3212 2780 3265 θεῖον
2809 3215 2956 3266 κατὰ
2976 3213 3074 3284 τὴν
3093 3213 3298 3266 οἰκείαν
3328 3215 3614 3268 εὐδοκίαν
3640 3216 3821 3282 avsa;-

2230 3325 2334 3361 που
2387 3307 2504 3361 υἱὸν
2537 3305 2888 3378 δοξασθῆναι,
2924 3307 3018 3359 καὶ
3051 3307 3110 3359 τὸ
3153 3306 3518 3375 ἀνθρώπινον
3549 3310 3686 3362 “by
3711 3309 3821 3363 Θεοῦ

2228 3399 2486 3468 φανῆναι,
2519 3397 2686 3467 ἄμφω
2717 3397 2885 3460 ὅντως
2926 3397 3104 3468 φαμὲν
3139 3396 3331 3468 eum}
3380 3395 3566 3462 εἶναι,
3613 3403 3709 3455 καὶ
3735 3401 3825 3454 δεῖ·

2230 3489 2356 3542 σθαι
2396 3489 2495 3558 τῆς
2536 3492 2816 3560 ἁφράστου
2849 3488 3094 3558 ἀλλήλων
3133 3491 3276 3543 κατὰ
3309 3491 3416 3553 τὰς
3467 3493 3684 3560 (pinei;
3712 3495 3828 3546 ἐνὼο

2231 3601 2367 3646 σεως
2385 3601 2401 3615 ο
2431 3583 2518 3636 ἵνα
2560 3585 2619 3638 ὲν
2643 3584 2722 3636 ἐνὶ
2749 3583 2842 3636 καὶ
2869 3581 2947 3654 τῷ
2974 3581 3120 3652 αὐτῷ
3153 3583 3438 3653 πρισώπῳ
3477 3588 3710 3656 ἀμφοῖν
3740 3589 3830 3640 τῶν

2229 3675 2449 3744 φύσεων
2493 3675 2886 3741 συνελθουσῶν,
2917 3671 2992 3729 ὧν
3018 3677 3154 3728 εἰσιν
3179 3676 3234 3727 αἱ
3265 3676 3562 3746 υἱότητες,
3599 3680 3688 3750 μὴ
3731 3681 3829 3750 ἔχει

2229 3785 2314 3830 τις
2350 3767 2588 3838 θατέραν
2635 3765 2850 3820 τελείαν
2885 3767 3132 3838 υἱότητα,
3161 3767 3290 3821 ἄνευ
3335 3768 3441 3838 τῆς
3491 3773 3833 3844 συνθεωρὶας

2227 3859 2327 3930 τῆς
2369 3859 2563 3928 ἐτέρας
2611 3858 2829 3928 φύσεως
2875 3859 3114 3912 εἰδέναι·
3161 3859 3236 3923 ὡς
3286 3862 3380 3914 καὶ
3421 3860 3530 3915 δύο
3579 3867 3745 3928 υἱοὺς
3781 3869 3834 3919 ἐκ

2228 3950 2382 4005 τοῦδε
2406 3953 2538 4024 ὁρᾷν
2572 3952 2987 4023 ὑποκειμένους,
3023 3952 3137 4006 ἀλλ’
3169 3953 3265 4006 ἕνα
3299 3953 3394 4006 τὸν
3424 3957 3493 4008 ἐν
3521 3956 3627 4009 δύο
3647 3959 3834 4026 φύσεσι

2230 4041 2325 4095 καὶ
2369 4043 2580 4113 υἱότησι
2627 4043 2897 4113 Χριστόν·
2950 4043 3112 4096 τοῦτο
3153 4044 3267 4115 γὰρ
3312 4044 3378 4096 τὸ
3425 4046 3541 4115 τῆς
3585 4049 3831 4109 ἑνὼσεως

2229 4137 2507 4205 ἄφραστον
2541 4134 2773 4206 δώρημα
2810 4135 3222 4207 πραγματωδῶς
3295 4138 3494 4190 ἐστιν’
3549 4140 3724 4211 εἰπερ
3767 4142 3831 4210 μή

2229 4227 2456 4297 ὀνόματι
2485 4229 2645 4297 μόνον
2675 4228 2844 4298 αὐτὴν
2873 4229 3105 4298 λέγομεν
3139 4223 3278 4280 εἶναι
3315 4228 3476 4292 Θείας
3519 4247 3583 4284 τε
3621 4235 3724 4285 καὶ
3749 4234 3808 4286 ἅν

2231 4315 2508 4386 θρωπίνης
2533 4318 2770 4386 φύσεως.
2786 4318 2846 4371 Ei
2863 4317 2970 4388 γὰρ
2991 4319 3162 4381 ὅντως
3178 4316 3512 4386 ήνώθητινὰ
3537 4321 3826 4392 ἄτρεπτα

2229 4411 2324 4461 καὶ
2348 4408 2658 4478 ἁμειώτως,
2685 4410 2946 4464 πάντατά
2970 4408 3174 4462 τούτων
3194 4409 3447 4478 ἑκατέρῳ
3474 4417 3822 4482 autcaesa;-

2230 4517 2390 4570 μενοι,
2414 4501 2511 4554 καὶ
2526 4502 2619 4555 τοῦ
2641 4501 2900 4555 συνθέτου
2919 4502 3038 4564 ἐνὸς
3053 4501 3510 4570 ἀποτελέσματος
3523 4505 3724 4557 αὐτῶν
3739 4523 3819 4556 u-

2227 4595 2572 4665 ταφάσκεται
2591 4613 2606 4626 ·
2637 4595 2760 4647 ἐπεὶ
2788 4589 2882 4647 οὖν
2905 4593 3031 4656 Υἱὸς
3053 4591 3208 4654 Θεοῦ,
3233 4593 3327 4645 καὶ
3348 4591 3470 4654 υἱὸς
3503 4594 3814 4664 ἀνθρώ-στι,

2227 4689 2274 4740 ει
2306 4687 2400 4740 καὶ
2426 4685 2501 4756 μὴ
2530 4684 2879 4757 προῦποστὰς
2905 4685 3002 4754 τῆς
3035 4681 3283 4746 ἑνὼσεώς
3320 4683 3440 4735 ἐστι
3487 4685 3565 4737 τὰ
3597 4686 3812 4738 ἑνωθέν-

2228 4797 2318 4844 τα,
2346 4779 2443 4831 καὶ
2470 4777 2532 4831 τὸ
2553 4779 2617 4830 ἐκ
2640 4776 2736 4846 τῆς
2768 4775 3012 4838 ὲνώσεως
3043 4773 3185 4840 ὅλον,
3220 4772 3348 4835 Υἱὸς
3381 4772 3532 4827 Θεοῦ
3571 4776 3684 4828 καὶ
3725 4778 3814 4834 cii;

2229 4871 2518 4942 ἀνθρώπου
2539 4886 2552 4900 ·
2586 4869 2682 4923 καὶ
2734 4870 2860 4920 ἐπεὶ
2896 4867 3069 4935 Λόγος
3097 4867 3190 4919 καὶ
3217 4863 3357 4935 σὰρξ
3381 4863 3452 4918 τὰ
3489 4867 3814 4922 συνελθόντι

2230 4967 2310 5027 εἰς
2341 4963 2418 5028 ἓν,
2454 4966 2481 5016 ό
2507 4961 2669 5025 αὐτὸς
2697 4955 2776 5024 εἷς
2807 4960 2939 5022 Θεὸς
2970 4959 3197 5022 τέλειος,
3248 4959 3343 5012 καὶ
3393 4957 3708 5028 ἄνθρωπος
3743 4977 3815 5010 τε·

2227 5057 2404 5118 λειος’
2436 5055 2535 5123 οὐχ
2564 5053 2646 5106 ὃτι
2677 5052 2786 5121 γάρ
2815 5050 2930 5104 ἐστι
2960 5067 3014 5102 τι
3045 5049 3274 5112 τέλειον,
3320 5049 3470 5102 κατὰ
3507 5050 3640 5102 τόδε
3675 5051 3818 5118 τὴνέε

2233 5146 2307 5216 μὴ
2338 5142 2688 5212 ἐπιδέχεσθαι
2713 5141 2844 5195 αὐτὸ
2872 5142 2964 5195 καὶ
2996 5139 3094 5212 τὴν
3124 5139 3243 5193 κατ’
3270 5138 3400 5193 ἄλλο
3443 5155 3504 5192 τι
3551 5143 3822 5208 taurea}-

2228 5254 2317 5298 τα,
2348 5235 2562 5306 ἀνάγκη
2581 5251 2594 5264 ·
2624 5235 2718 5288 καὶ
2748 5233 2856 5306 γὰρ
2876 5233 3080 5296 τέλειος
3112 5226 3181 5302 ἦν
3215 5229 3293 5300 τῷ
3321 5231 3550 5300 φυσικῷ
3584 5231 3695 5284 τοῦ
3743 5234 3825 5284 ἀνα

2232 5320 2454 5392 θρώπου
2485 5321 2628 5391 λόγῳ
2651 5322 2680 5372 ό
2712 5321 2956 5390 νομικὸς,
3001 5320 3096 5373 καὶ
3130 5319 3279 5390 ὅμως
3333 5319 3418 5372 ἔτι
3482 5320 3823 5378 ἐδιδάσκεττι,

2229 5413 2331 5484 τὴν
2356 5413 2454 5483 τῆς
2482 5411 2745 5483 Χριστοῦ,
2768 5413 3115 5476 asumma;
3159 5410 3486 5482 τελειότητα
3523 5431 3827 5486 πνευματι-

2232 5503 2334 5575 κὴν
2390 5504 2660 5572 λέγοντος,
2694 5504 2775 5557 ὅτι
2803 5521 2821 5555 ι
2853 5503 2915 5556 Et
2945 5503 3118 5566 θέλεις
3143 5502 3350 5564 τέλειος
3382 5505 3688 5572 γενέσθαι,
3726 5505 3825 5556 πώ-

2231 5597 2398 5668 λησόν
2421 5613 2515 5649 σου
2547 5597 2724 5650 πάντα.
2749 5597 2815 5650 τὰ
2847 5596 3161 5667 ὑπάρχοντα
3187 5595 3282 5650 καὶ
3311 5596 3407 5660 δὸς
3439 5604 3726 5669 πτωχοῖς,
3753 5603 3828 5649 11':

2229 5684 2362 5760 ἆρον
2395 5686 2485 5741 τὸν
2523 5688 2756 5760 σταυρόν
2790 5706 2903 5755 σου,
2929 5689 3022 5743 καὶ
3037 5685 3198 5758 δεῦρο
3230 5686 3534 5744 ἀκολούθει
3563 5709 3688 5762 μοι.
3711 5708 3733 5743 ι
3766 5688 3828 5737 ET-
