3858 6156
159 316 337 386 1603

1167 315 1566 380 ADVERSUS
1602 316 2153 382 NESTORIANOS.
2177 345 2243 356 ·-
2266 322 2414 382 LlB.
2457 321 2572 382 lll.

3321 325 3458 393 1606

153 433 297 503 μὴν
330 430 650 500 Νικόδημος
681 428 888 494 τέλειός
919 445 978 482 τε
1029 423 1101 498 ἦν
1139 427 1256 492 υίὸς
1289 427 1435 481 κατὰ
1478 406 1658 498 σάρκα
1687 429 1767 482 κατ

1885 438 1942 484 et
1968 445 2207 500 sequcre
2250 436 2380 492 met.
2396 430 2595 486 Adhuc
2635 430 2866 500 insuper
2896 429 3232 487 Nicodamus
3281 436 3463 503 perfe-

143 525 233 578 ὲκ
265 522 482 576 πολλοῦ
515 523 914 592 γεγεννημένος
947 519 1234 590 ἄνθρωπος
1253 535 1269 552 ο
1301 519 1438 590 πρὸς
1465 519 1523 572 δὲ
1543 520 1605 572 τὸ
1635 513 1777 574 εἶναι

1885 528 2007 575 ctus
2036 531 2158 576 erat
2189 523 2336 577 lilius
2367 521 2672 577 secundum
2695 536 2914 577 carnem
2945 529 3002 576 et
3031 535 3098 576 ex
3123 523 3298 578 multo
3320 534 3463 580 tem-

144 616 274 684 οὐχ
333 613 527 674 ἁπλῶς
557 614 692 667 ἀλλά
718 610 1089 682 πνευματικὸς
1111 609 1418 682 ἄνθρωπος,
1445 610 1546 680 τῆς
1570 610 1659 664 διὰ
1685 611 1767 664 τοῦ

1882 627 2019 682 pore
2065 613 2245 669 factus
2288 615 2458 668 homo
2487 635 2500 670 :
2539 622 2604 669 ut
2655 629 2789 669 vero
2821 623 2969 670 esset
3001 630 3110 670 non
3137 615 3466 686 simpliciter

145 706 510 776 ιινεύματος
555 707 723 759 ἐδεῖτο
776 705 1192 776 ἀναγεννήσεως
1245 704 1338 757 καὶ
1397 703 1775 774 τελειότητος·

147 796 352 852 Οὕτω
379 797 510 867 γοῦν
544 796 640 850 καὶ
679 799 706 849 ό
735 795 930 864 Λόγος,
965 795 1044 858 είς
1076 796 1138 849 τὸ
1175 793 1316 850 εἶναι
1351 795 1480 860 Υίὸς
1515 794 1652 848 Θεοῦ
1682 794 1780 848 καὶ

149 888 344 952 Θεὸς,
399 885 623 949 τελείως
673 880 819 956 εἶχεν
865 885 990 938 ἀεί’
1031 885 1168 954 πρὸς
1197 884 1256 938 δὲ
1307 884 1370 938 τὸ
1415 883 1776 954 ἐκπληρῶσαι

149 978 276 1050 τὴν
320 977 463 1031 ἰδίαν
493 976 742 1030 εὐδοκίαν
768 979 833 1050 ,ἐν
859 975 1084 1040 οἰκείοις
1114 978 1230 1040 τοῖς
1258 975 1508 1046 ὑστέροις
1537 977 1773 1047 καιροῖς,

152 1049 306 1124 καθ’
347 1071 419 1142 ἣν
447 1069 546 1140 οὐχ
571 1049 865 1142 ἁρπαγμὸν
912 1069 1218 1142 ἡγούμενος
1249 1072 1310 1122 τὸ
1338 1065 1481 1123 εἶναι
1509 1069 1600 1124 ῐσα
1629 1069 1774 1136 Θεῷ,

162 1163 412 1232 μορφὴν
445 1160 633 1216 δούλω
657 1161 843 1215 λαϐεῖν
873 1163 980 1234 πρὸ
1031 1162 1243 1216 αἰώνων
1275 1161 1434 1215 eam
1485 1163 1582 1214 καὶ
1645 1178 1780 1232 προ-

157 1251 396 1322 ώρισεν
425 1252 604 1324 ἑαυτῷ
625 1270 640 1284 °
683 1255 778 1306 καὶ
811 1255 942 1325 πρὶν
993 1255 1218 1324 ποιῆσαι
1267 1255 1336 1306 τά
1361 1254 1558 1318 πάντα,
1589 1252 1688 1322 τὴν
1717 1255 1775 1305 ὲν

155 1345 414 1418 Χριστῷ
448 1347 667 1400 πάντων
702 1345 1180 1416 ἀνακεφαλαίωσιν
1206 1346 1302 1398 καὶ
1327 1345 1524 1398 θέωσιν
1558 1345 1615 1397 ὲν
1644 1345 1773 1398 ἑαυ-

156 1437 254 1508 τῷ
287 1436 408 1490 τῶν
426 1438 487 1490 οὐ
513 1437 672 1492 θείων
703 1437 936 1507 φύσεων,
1015 1454 1180 1508 φησιν
1199 1438 1228 1490 ό
1262 1433 1604 1500 Ἀπόστολος,
1632 1435 1776 1488 ἐλλι-

159 1527 301 1592 πῶς
347 1526 493 1600 εἶχεν
543 1530 625 1583 ἔτι
678 1531 812 1600 πρὸς
857 1531 1166 1601 φανέρωσιν
1196 1527 1290 1582 τοῦ
1361 1527 1776 1600 προορισθέντος

161 1619 340 1690 αὐτῷ
372 1619 759 1691 κεκρυμμένου
792 1619 1094 1691 μυστηρίου
1129 1621 1226 1690 τῆς
1258 1619 1394 1682 ιδίας
1423 1619 1774 1691 ένανθρωπή-

164 1727 347 1774 σεως.
382 1711 623 1782 Οὐδεμία
657 1708 750 1764 οὖν
795 1711 1048 1764 ἐντεῦθεν
1105 1712 1415 1785 κατηγορία
1445 1713 1596 1765 ἐστὶν
1643 1713 1772 1766 ἀτε-

163 1803 360 1869 λείας,
411 1803 534 1857 κατ’
563 1803 705 1858 ἰδίαν
745 1805 1046 1874 νοουμένης
1096 1805 1347 1876 υίότητος
1379 1804 1648 1876 ἑκατέρας
1679 1803 1772 1874 φύο
1799 1789 1848 1849 Β

169 1913 324 1959 σεως
349 1911 364 1928 ⁶
397 1895 533 1950 ἁλλά
575 1895 733 1967 χρεία
760 1896 918 1966 μόνον
947 1897 1085 1969 πρὸς
1107 1897 1505 1968 συμπλήρωσιν
1531 1897 1630 1966 τῆς
1651 1895 1772 1951 κατ’

167 1986 438 2041 εὐδοκίαν
485 1986 622 2039 Θεοῦ
677 1986 816 2058 πρὸς
865 1985 1188 2056 ἀνθρώπους
1235 1988 1483 2052 ένώσεως
1531 1987 1772 2057 ἑκατέρα

169 2079 345 2148 φύσει
377 2079 482 2149 τῆς
513 2079 707 2150 ἐτέρας
734 2081 814 2143 εἰς
847 2079 1200 2150 ἀποτέλεσμα
1231 2079 1324 2132 τοῦ
1375 2075 1518 2135 εἶναι
1559 2081 1626 2133 ὲκ
1661 2079 1771 2131 τῶν

169 2173 515 2241 πεφυκότων
555 2170 992 2243 διακεκριμένως
1043 2173 1102 2224 ὲν
1139 2171 1422 2241 διαφόροις
1460 2169 1767 2224 ὑποστάσε-

173 2283 266 2318 σιν
297 2265 534 2334 ὁρᾶσθαι
569 2263 786 2332 φύσεων
825 2267 921 2317 καὶ
961 2263 1226 2334 υίοτήτων
1281 2263 1527 2332 τελείων,
1558 2263 1680 2318 καθ’
1711 2263 1771 2316 ἓν

171 2357 241 2411 τὸ
276 2355 450 2410 αὐτοῦ
490 2355 785 2426 πρόσωπον
834 2355 1093 2424 γενέσθαι
1136 2355 1449 2410 συνέλευσιν
1474 2370 1487 2384 ’
1521 2357 1616 2410 καὶ
1643 2355 1770 2410 τάδε

177 2448 283 2518 μὲν
311 2445 510 2510 οὕτως.
544 2447 607 2500 Εἰ
629 2443 724 2500 οὖν
753 2447 887 2500 διότι
919 2449 1089 2517 ἄμφω
1120 2447 1261 2518 μέρη
1289 2447 1506 2516 λέγεται
1536 2449 1612 2512 ὡς
1636 2450 1770 2520 πρὸς

173 2539 239 2591 τὸ
273 2537 398 2592 ὅλον
435 2537 613 2602 τέλος,
650 2536 904 2590 τουτέστι
951 2539 1208 2608 Χριστὸν,
1244 2539 1331 2592 διὰ
1367 2538 1486 2592 τόδε
1514 2538 1678 2608 ἀτελῆ
1709 2555 1768 2591 τε

177 2627 372 2691 ἁπλῶς
408 2627 500 2682 καλ⁴
533 2630 752 2698 ἰσότιμα
787 2627 928 2698 μέρη
965 2627 1090 2681 τάδε
1123 2627 1283 2697 φατὲ,
1309 2629 1416 2699 ἄρα
1439 2645 1502 2696 γε
1531 2629 1654 2682 ἐπεὶ
1674 2629 1770 2682 καὶ

179 2718 324 2790 πρὸς
356 2719 420 2772 τὸ
451 2719 573 2772 ὅλον
605 2719 759 2781 τέλος
805 2716 900 2770 τοῦ
939 2717 1166 2788 ὁπλίτην
1211 2718 1416 2776 ¹ἑαυτὸν
1463 2719 1769 2790 ἐμφανίσαι

178 2810 260 2882 τῷ
291 2809 508 2880 στρατῷ
538 2811 631 2863 τὸν
665 2808 996 2880 στρατηγὸν,
1027 2810 1192 2881 μέρος
1217 2827 1274 2864 τε
1305 2809 1468 2874 αὑτός
1495 2811 1634 2874 ἐστι,
1666 2811 1765 2864 καὶ⁸

177 2903 242 2956 τὸ
270 2902 438 2956 ὅπλον
465 2901 656 2968 αὐτοῦ,
695 2901 896 2971 όμοῖως
942 2901 1108 2969 ἀτελῆ
1159 2902 1328 2973 ἄμφω
1371 2903 1554 2956 ἐστίν’
1602 2903 1696 2956 καὶ
1741 2904 1771 2956 ό

185 2995 288 3066 μὲν
321 2995 430 3050 οὐδ’
463 2999 540 3059 εἰς
569 2994 912 3067 ἀνθρώπους,
946 2994 1006 3047 τὸ
1051 2993 1107 3047 δὲ
1141 2997 1222 3058 είς
1255 2995 1317 3048 τὸ
1350 2995 1513 3048 ὅπλον
1539 2991 1682 3048 εἶναι
1705 2995 1766 3047 οὐ

181 3087 598 3160 λογισθήσεταιο
635 3090 697 3141 οὺ
729 3087 992 3141 διοίσουσί
1032 3103 1092 3140 τε
1131 3085 1400 3156 ἀλλήλων,
1448 3089 1572 3140 ἐπεὶ
1605 3087 1768 3156 μέρος

125 3171 131 3176 ’
187 3185 388 3252 μέρους
437 3180 590 3234 οὐδὲν
661 3179 914 3250 διαφέρει
965 3177 1182 3248 ἀληθῶς
1230 3177 1366 3231 καθὸ
1427 3179 1624 3249 μέρος·
1681 3184 1774 3231 καὶ

185 3275 374 3339 ἁπλῶς
413 3274 636 3342 ἰσότιμα
673 3271 828 3326 ἔσται
857 3272 979 3326 καθ’
1015 3271 1160 3341 ὑμᾶς
1193 3272 1288 3324 καὶ
1325 3271 1475 3332 τάδε,
1517 3270 1775 3340 ἀγχινοὺ-

189 3383 394 3419 στατοι.
425 3363 565 3416 Ἀλλ’
586 3363 695 3416 ὑπδ
729 3363 1030 3426 συνειδότος
1060 3363 1378 3434 βαλλόμενοι
1395 3363 1470 3432 μὴ
1491 3359 1775 3432 ἀποχρών-

185 3473 292 3520 τως
325 3455 471 3526 ἔχειν
513 3457 596 3519 είς
626 3453 928 3523 ἀπολογίαν
966 3455 1066 3524 τῆς
1099 3455 1310 3510 ἑαυτῶν
1351 3453 1774 3522 δεισιδαιμονίας

189 3550 287 3611 τὰς
356 3546 656 3619 εἰρημένας
711 3547 904 3608 αὐτοῖς
951 3547 1312 3614 αἰτιολογίας,
1369 3546 1566 3618 ἑτέρας
1610 3546 1773 3600 πάλιν

189 3639 444 3710 ἀφορμὰς
505 3639 928 3710 μεταποιοῦνται
955 3681 970 3706 ,
1029 3639 1108 3703 ὠς
1163 3639 1479 3708 ἀναγκαίως
1513 3637 1772 3692 ἀσεϐοῦσι

191 3730 402 3787 πείθειν
439 3731 893 3802 ἀποπειρώμενοι
912 3746 926 3760 ο
966 3730 1102 3798 φασὶ
1133 3730 1263 3799 γοῦν
1291 3729 1386 3811 κα)
1419 3729 1566 3783 τάδε·

787 3841 1045 3894 ΚΕΦΑΛ.
1091 3840 1166 3894 B'.

269 3951 330 4007 '0
358 3951 566 4027 κυρίως
597 3953 731 4016 υίὸς,
767 3951 891 4014 ὅλος
925 3949 1044 4003 ἐστὶ
1078 3950 1171 4002 τοῦ
1211 3951 1580 4020 γεννήσαντος
1613 3949 1726 4012 υίός
1753 3965 1768 3980 ο

192 4045 340 4098 οὐδὲν
386 4047 492 4114 γὰρ
545 4045 610 4098 ἐκ
674 4045 873 4114 μέρους
926 4042 990 4097 ὃν
1047 4042 1112 4096 ἐκ
1165 4059 1331 4104 τινος,
1364 4041 1583 4110 λέγεται
1613 4042 1770 4096 τοῦδε

195 4135 328 4198 υίός⁸
367 4134 482 4188 ἀλλ’
520 4133 644 4188 οὐδὲ
688 4135 871 4206 πατήρ
913 4135 1062 4186 ἐστιν
1107 4135 1136 4186 ὁ
1179 4131 1382 4203 μέρους
1429 4131 1622 4193 αἴτιος,
1679 4131 1772 4184 καὶ

194 4227 252 4279 οὐ
279 4225 368 4279 τοῦ
402 4225 556 4279 ὅλου·
590 4225 781 4296 ἀμέλει
819 4225 944 4279 ὅλου
973 4224 1068 4279 τοῦ
1106 4223 1384 4294 ὲκιψυχῆς
1410 4222 1638 4294 λογικῆς
1677 4224 1773 4276 καὶ

199 4317 440 4388 σώματος
469 4315 610 4382 ζὼου
651 4317 950 4388 λεγομένου
986 4315 1107 4370 υἱοῦ
1143 4314 1434 4386 ἀνθρώπου
1457 4330 1471 4344 ·
1507 4315 1556 4366 εἰ
1590 4314 1770 4386 συμϐῇ

197 4409 377 4462 τούτου
408 4410 468 4462 τὸ
499 4409 558 4462 ἓν
590 4409 756 4480 μέρος
787 4411 958 4480 χωρὶς
990 4407 1221 4478 θατέρου
1249 4407 1350 4476 τῆς
1385 4407 1597 4478 μήτρας
1621 4405 1772 4470 ἐξελ-

1797 3147 1841 3208 C

199 4499 323 4560 θεῖν,
355 4499 690 4572 ὲξὰμὸλωμα
718 4501 813 4553 καὶ
839 4501 938 4570 οὐχ
962 4499 1076 4552 υἱὸν
1109 4498 1230 4562 ἔθος
1268 4499 1402 4568 ἡμῖν
1447 4496 1760 4567 ὀνομάζειν,
1787 4481 1842 4540 Ῐ)

199 4589 451 4660 ἔτιτρωσίν
494 4608 554 4644 τε
591 4592 682 4644 καὶ
727 4593 788 4644 οὐ
827 4591 1080 4661 γέννησιν
1111 4590 1204 4642 ἐπὶ
1255 4589 1350 4642 τοῦ
1393 4587 1664 4642 τοιούτου.
1702 4587 1767 4641 Εἰ

199 4676 286 4736 οὖν
309 4684 370 4736 ὲκ
398 4683 594 4753 μέρους
619 4683 732 4736 υίὸν
771 4681 1062 4752 ἀνθρώπου
1089 4679 1228 4750 φατὲ
1267 4678 1358 4732 τὸν
1382 4680 1638 4746 Χριστὸν,
1671 4679 1768 4749 δῆ-

199 4773 282 4826 λον
311 4774 382 4838 ὡς
423 4775 545 4828 οὐδὲ
593 4775 805 4842 πατρὸς
841 4773 1046 4843 κυρίως
1087 4771 1210 4824 οὐδὲ
1247 4770 1349 4840 τῆς
1400 4769 1607 4840 μητρός
1641 4785 1656 4800 ο
1683 4769 1766 4822 τί-

201 4881 281 4927 νος
309 4861 398 4918 οὗν
445 4867 561 4918 ἐστι
619 4865 781 4934 φύσει
833 4863 970 4926 υἱὸς,
1019 4861 1209 4928 λέγετε
1249 4863 1404 4931 ἡμῖν.
1447 4859 1513 4911 Τί
1572 4854 1684 4920 οὖν,
1721 4853 1766 4913 ὦ

199 4951 350 5022 οὗτοι,
383 4957 638 5027 ψεύδεται
687 4958 836 5010 πᾶσα
885 4959 919 5026 ἡ
963 4955 1096 5021 ἁγία
1140 4955 1355 5026 Γραφὴ,
1389 4951 1468 5020 πῆ
1509 4951 1610 5023 μὲν
1635 4951 1766 5004 Υίὸν

199 5046 323 5100 Θεοῦ
345 5089 358 5112 ,
394 5052 469 5120 πῆ
515 5049 572 5102 ἑὲ
611 5050 728 5102 υἱὸν
775 5045 1063 5116 ἀνθρώπου
1110 5045 1201 5100 τὸν
1235 5045 1398 5099 αὑτὸν
1425 5042 1766 5112 ὀνομάζουσα

201 5141 456 5212 Χριστόν;
518 5143 613 5194 καὶ
663 5141 747 5204 τίς
800 5139 871 5192 τά
925 5137 1169 5207 ὑμέτερα
1222 5137 1596 5208 ληρῳδήματα
1647 5133 1757 5188 τῶν

201 5231 344 5285 θείων
379 5231 810 5302 προαποδέξεται
863 5227 1161 5298 ῥημάτωνς
1194 5227 1248 5279 τί
1280 5227 1338 5282 δὲ
1383 5227 1642 5296 λέγοιμεν
1667 5224 1762 5278 ἐπὶ

201 5321 442 5390 Χριστοῦ,
483 5322 578 5374 καὶ
619 5321 712 5374 ἐπὶ
758 5317 924 5384 Υἱοῦ;
953 5318 1000 5369 εἰ
1049 5317 1180 5388 γὰρ,
1215 5309 1361 5370 καθά
1394 5317 1488 5370 καὶ
1514 5317 1672 5386 ὑμεῖς
1703 5318 1762 5368 ὲν

201 5417 300 5478 τοῖς
335 5413 482 5477 ἰδίοις
535 5415 796 5486 εἰρήκατε
853 5411 1136 5474 πολλάκις,
1173 5415 1237 5465 ἐκ
1276 5412 1481 5485 μέρους
1535 5412 1632 5465 καὶ
1669 5411 1761 5464 τὸν

199 5507 464 5579 ἄνθρωπον
509 5507 674 5560 αὑτὸν
715 5506 837 5560 ὅλον
885 5503 1141 5558 καλεῖτά
1178 5505 1301 5575 ιερὰ
1342 5504 1536 5573 Λόγια,
1566 5504 1644 5568 ὡς
1674 5503 1756 5570 τὸ,

207 5601 330 5672 Πρὸς
359 5599 420 5656 σὲ
449 5600 584 5672 σὰρξ
616 5599 765 5670 ἥξει·
799 5597 892 5650 καὶ
922 5595 1002 5662 τὸ,
1039 5614 1056 5646 ι
1095 5597 1293 5652 Ἰακὼϐ
1313 5600 1367 5654 δὲ
1397 5595 1646 5666 εἰσῆλθεν
1677 5597 1759 5661 είς

259 5764 479 5821 ίΜιιιιΙι.
517 5780 630 5831 xu,
666 5762 714 5818 l.
793 5760 832 5788 "
865 5757 1065 5826 Ephcs,
1105 5774 1141 5824 ι,
1184 5763 1236 5818 'J.

1881 705 1977 760 sed
2004 705 2310 776 spiritualis
2341 707 2530 770 homo,
2580 721 2812 762 necesse
2847 716 2969 762 erat
3001 707 3155 761 illum
3191 723 3220 762 a
3246 707 3462 778 "Spiritu

1881 797 2198 864 regenerari
2223 805 2280 852 et
2303 797 2516 866 perﬁci.
2560 796 2652 852 Sic
2689 807 2746 852 et
2776 798 2982 862 Verbo,
3025 811 3086 852 ut
3119 807 3266 853 esset
3288 799 3464 854 Filius

1879 887 1977 942 Dei
2011 896 2069 943 et
2099 889 2264 954 Deus,
2297 889 2436 943 nihil
2483 905 2725 959 unquam
2753 889 2934 945 defuit
2961 908 2976 944 :
3013 891 3108 945 sed
3138 891 3206 945 ad
3230 892 3460 962 explen-

1878 979 2003 1035 dam
2028 981 2308 1050 propriam
2331 981 2709 1050 apparentiam
2729 981 2782 1034 in
2809 982 3074 1051 proximis
3096 982 3460 1052 temporibus,

1871 1069 2028 1140 juxta
2064 1083 2230 1139 quam
2260 1085 2371 1123 non
2409 1070 2662 1138 rapinam
2700 1071 3006 1126 arbitratus
3039 1088 3098 1127 se
3127 1088 3250 1128 esse
3276 1089 3462 1143 mqua-

1866 1162 1985 1216 lcm
2018 1161 2133 1216 Deo
2172 1161 2406 1215 formam
2449 1162 2594 1216 servi
2629 1164 2882 1232 accipere
2919 1173 3048 1219 ante
3077 1165 3277 1220 szecula
3315 1165 3462 1220 desi~

1877 1253 2098 1309 deravit
2141 1261 2198 1307 et
2243 1269 2301 1308 se
2338 1253 2794 1324 praedestinavit:
2827 1262 2885 1309 et
2921 1265 3220 1324 antequam
3253 1255 3462 1310 laceret

1877 1345 2157 1411 omnia,in
2173 1343 2399 1399 Christo
2419 1345 2668 1398 omnium
2695 1345 3129 1414 assumptionvm
3155 1355 3211 1398 et
3237 1344 3462 1398 deiﬁca-

1881 1436 2086 1492 tionem
2135 1435 2189 1490 in
2237 1437 2424 1506 seipso
2467 1443 2795 1490 naturarum
2844 1451 2958 1490 non
3011 1435 3348 1499 divinarum,
3381 1436 3460 1488 illi

1878 1527 2086 1598 aliquid
2127 1527 2364 1592 deerat,
2401 1536 2462 1582 ut
2504 1527 2582 1582 ait
2627 1527 2928 1596 Apostolus
2959 1526 3100 1589 “,ad
3143 1527 3462 1582 manifesta-

1879 1622 2087 1676 tionem
2119 1621 2364 1693 mysterii
2398 1619 2713 1675 absconditi
2753 1620 2858 1690 ipsi
2907 1620 3294 1690 prmdestinati
3336 1637 3466 1690 pro.

1877 1715 2011 1784 priaz
2035 1714 2420 1768 humanitatis.
2455 1713 2614 1768 Nulla
2656 1714 2786 1768 inde
2826 1714 2999 1784 igitur
3037 1722 3124 1768 est
3171 1713 3316 1768 ratio
3359 1715 3467 1768 im~

1877 1805 2238 1875 perfectionis
2269 1847 2284 1872 ,
2337 1805 2470 1860 licet
2519 1805 2715 1860 ﬁliatio
2765 1805 3206 1876 uniuscujusque
3256 1812 3466 1858 natura:

1878 1908 2130 1950 seorsum
2175 1893 2569 1948 consideretur
2603 1910 2618 1946 :
2651 1892 2748 1948 sed
2802 1901 2862 1947 ut
2909 1893 3288 1963 compleretur
3331 1891 3464 1946 unio

1879 1985 1955 2039 ita
1986 1993 2046 2040 ut
2077 1999 2264 2039 coram
2295 1983 2615 2038 hominibus
2645 1984 2794 2038 Deus
2820 1991 3134 2053 appareret,
3159 1982 3462 2052 unicuique

1877 2085 2091 2132 natura:
2117 2077 2291 2132 altera
2319 2085 2516 2131 natura
2545 2091 2686 2146 Opus
2717 2084 2861 2141 erat,
2897 2083 2958 2130 ut
2990 2084 3204 2130 natura:
3231 2083 3289 2130 et
3324 2073 3462 2128 ﬁlia-

1879 2171 2059 2225 tiones
2094 2167 2372 2238 perfectae,
2409 2177 2552 2238 apter
2589 2167 2853 2222 distincte
2898 2169 2956 2222 in
3013 2166 3251 2222 diversis
3287 2167 3462 2238 hypo-

1877 2261 2121 2317 stasibus
2174 2261 2375 2323 videri,
2439 2269 2911 2331 componerentur
2972 2270 3034 2316 ut
3087 2261 3143 2315 in
3205 2261 3457 2332 ejusdem

1875 2363 2166 2418 personam
2194 2349 2554 2404 convenirent
2587 2367 2602 2403 :
2643 2365 2767 2420 quae
2797 2349 3026 2420 quidem
3065 2349 3162 2404 ita.
3189 2350 3247 2405 Si
3289 2350 3461 2421 igitur

1876 2438 2018 2494 duas
2046 2449 2253 2510 partes,
2309 2451 2604 2511 prepterea
2635 2441 2785 2512 quod
2835 2441 2904 2496 ad
2954 2441 3120 2497 ﬁnem
3171 2451 3372 2508 totum,
3405 2443 3459 2497 id

1875 2541 1985 2597 est,
2017 2531 2328 2597 Christum,
2359 2541 2614 2604 vergant,
2650 2534 3003 2604 imperfectas
3049 2535 3379 2605 simpliciter
3406 2545 3463 2589 ct

1875 2625 1996 2695 pari
2051 2625 2264 2700 honore
2311 2625 2497 2681 dicitis
2549 2625 2852 2688 habendas,
2912 2626 3057 2681 idem
3093 2626 3346 2696 profecto
3391 2621 3462 2680 de

1875 2715 2018 2770 duce
2041 2717 2138 2786 qui
2162 2716 2230 2770 ad
2261 2717 2426 2770 linem
2461 2725 2636 2770 totum
2663 2716 2860 2771 militis
2890 2717 2944 2772 in
2975 2717 3226 2772 exercitu
3255 2717 3459 2788 vergit,

1877 2807 2173 2862 dicendum
2231 2808 2341 2862 erit
2387 2823 2402 2861 :
2455 2808 2573 2878 ipse
2622 2818 2712 2864 est
2761 2825 2911 2880 pars,
2959 2825 3089 2880 pars
3134 2816 3264 2864 sunt
3313 2809 3462 2863 illius

1875 2914 2050 2966 arma,
2077 2915 2235 2970 aeque
2264 2900 2428 2956 ambo
2451 2909 2584 2955 sunt
2614 2899 2938 2970 imperfecta
2969 2918 2984 2954 :
3018 2899 3129 2954 dux
3159 2899 3284 2954 ideo
3320 2899 3459 2954 nihil

1877 2991 2020 3046 inter
2048 2991 2324 3058 homines,
2353 3007 2505 3047 arma
2535 2992 2672 3046 nihil
2705 2991 2852 3048 inter
2882 3008 3033 3048 arma
3059 2991 3462 3062 computaban-

1880 3090 2010 3135 tur:
2043 3081 2158 3136 dux
2209 3098 2323 3138 non
2377 3084 2602 3139 diﬁ‘eret
2652 3083 2722 3138 ab
2770 3085 2962 3147 armis,
3022 3085 3228 3153 quippe
3265 3099 3395 3152 pars
3427 3097 3460 3136 ιι

1876 3181 2029 3243 parte
2052 3183 2329 3244 quatenus
2362 3185 2444 3230 est
2470 3190 2618 3244 pars,
2649 3191 2762 3229 non
2794 3191 2925 3230 vere
2950 3174 3175 3229 diﬁ‘crat
3201 3192 3216 3228 :
3244 3184 3301 3230 et
3325 3175 3460 3230 sim-

1876 3264 2100 3332 pliciter
2134 3265 2280 3334 apud
2318 3280 2418 3320 vos
2448 3266 2568 3334 pari
2611 3265 2824 3320 honore
2857 3273 3044 3330 erunt,
3069 3274 3126 3320 et
3149 3266 3268 3320 haec
3301 3281 3459 3337 saga-

1875 3356 2086 3412 cissimi
2141 3357 2415 3413 asseritis.
2473 3357 2579 3414 Sed
2633 3373 2760 3414 cum
2820 3358 3114 3414 manifeste
3161 3359 3457 3429 probatum

1874 3447 2046 3504 fuerit
2067 3465 2206 3504 vana
2237 3464 2362 3504 esse
2393 3458 2716 3520 argumenta
2747 3465 2871 3519 quae
2903 3450 2972 3505 ad
2999 3467 3156 3506 suam
3187 3454 3458 3522 supersti-

1875 3543 2085 3598 tionem
2124 3541 2386 3597 tuendam
2420 3541 2678 3612 allegant,
2719 3542 2858 3597 alias
2904 3542 3011 3598 sibi
3045 3542 3332 3599 vindicant
3363 3562 3458 3600 oc-

1875 3635 2128 3690 casiones
2153 3643 2214 3688 nt
2239 3634 2628 3688 necessitatem
2657 3649 2770 3689 sua:
2801 3634 3103 3702 impietatis
3133 3651 3456 3705 persuasam

1875 3725 2138 3782 efﬁciant.
2165 3725 2292 3781 Haec
2315 3725 2486 3796 igitur
2516 3725 2736 3782 dicunt.

2533 3841 2687 3898 CAP.
2729 3842 2796 3897 II.

1943 3955 2046 4022 Qui
2083 3965 2169 4010 est
2220 3955 2446 4025 proprie
2497 3953 2646 4010 ﬁlius
2673 3994 2689 4020 ,
2729 3963 2878 4010 totus
2913 3963 2998 4011 est
3041 3955 3162 4027 ejus
3193 3955 3288 4027 qui
3324 3971 3453 4010 eum

1873 4047 2071 4118 genuit
2117 4047 2264 4102 ﬁlius
2316 4063 2331 4101 :
2378 4046 2530 4101 nulla
2581 4047 2731 4101 enim
2780 4057 2867 4103 est
2915 4063 3048 4118 pars
3077 4063 3201 4118 quae
3237 4047 3456 4104 dicatur

1872 4141 1994 4211 ejus
2022 4137 2170 4194 ﬁlius
2206 4155 2221 4193 :
2259 4137 2356 4194 sed
2409 4147 2567 4208 pater
2601 4139 2794 4208 nequit
2833 4155 2957 4195 esse
2993 4139 3188 4210 partis,
3214 4140 3350 4210 quin
3381 4141 3456 4195 sit

1875 4231 2046 4288 totius
2075 4238 2308 4297 auctor;
2339 4229 2412 4286 sit
2448 4230 2760 4300 exemplum
2807 4239 2985 4284 totum
3033 4230 3181 4301 quod
3235 4241 3455 4286 constat

1873 4336 1942 4375 ex
1969 4321 2154 4375 anima
2197 4319 2458 4375 rationali
2505 4329 2564 4374 et
2603 4334 2839 4390 corpore
2889 4320 3102 4386 viventi
3144 4330 3366 4377 constat
3395 4330 3454 4377 et

1873 4413 2021 4484 quod
2047 4412 2254 4468 dicitur
2283 4411 2431 4467 ﬁlius
2459 4411 2702 4467 hominis
2729 4428 2746 4466 :
2776 4411 2823 4468 si
2849 4413 3120 4468 acciderit
3154 4415 3301 4485 quod
3341 4431 3452 4470 una

1870 4520 2000 4575 pars
2033 4503 2196 4558 istius
2219 4503 2391 4558 totius
2417 4504 2538 4559 sine
2566 4504 2738 4558 altera
2770 4519 2836 4559 ex
2869 4514 3043 4560 matre
3068 4515 3250 4570 exeat,
3283 4507 3451 4562 abor-

1871 4597 2046 4656 tivum
2081 4606 2138 4652 et
2166 4611 2280 4650 non
2310 4595 2484 4651 lilium
2517 4596 2810 4651 nominare
2853 4597 3118 4662 solemus,
3165 4598 3453 4655 addimus-

1869 4704 1978 4758 que
2012 4687 2270 4742 abortum
2302 4687 2493 4751 fuisse,
2538 4703 2651 4743 non
2682 4687 3050 4744 nativitatem.
3089 4688 3144 4744 Si
3181 4689 3352 4760 igitur
3377 4707 3448 4746 ex

1869 4788 2024 4850 parte
2052 4779 2227 4834 ﬁlium
2255 4779 2497 4836 hominis
2519 4780 2706 4836 dicitis
2739 4766 3050 4847 Christum,
3094 4782 3451 4839 manifestum

1867 4880 1953 4926 est
1985 4869 2133 4940 quod
2169 4885 2272 4925 nec
2296 4871 2470 4941 patris
2505 4871 2750 4940 proprie,
2784 4887 2887 4927 nec
2911 4871 3106 4927 matris
3135 4881 3223 4928 est
3249 4873 3394 4929 ﬁlius
3433 4891 3448 4928 :

1868 4961 2026 5030 cujus
2073 4959 2242 5030 igitur
2273 4971 2472 5015 natura
2501 4959 2573 5015 sit
2601 4960 2772 5024 ﬁlius,
2797 4961 2962 5018 nobis
2988 4963 3452 5032 ostendite.Quid
3544 4997 3546 4999 >

1867 5068 2022 5124 ergo,
2057 5068 2092 5108 0
2122 5068 2242 5116 vos,
2269 5053 2536 5108 mentitur
2567 5053 2750 5108 omnis
2790 5053 3077 5124 Scriptura
3103 5071 3284 5123 sacra,
3329 5073 3456 5127 quae

1867 5143 2034 5199 modo
2087 5144 2288 5200 Filium
2323 5143 2438 5210 Dei,
2483 5143 2646 5200 modo
2677 5144 2850 5221 ﬁlium
2901 5146 3143 5203 hominis
3191 5150 3452 5204 eumdem

1869 5235 2120 5290 nominat
2146 5236 2475 5292 Christum?
2503 5238 2572 5293 Et
2614 5237 2740 5308 quis
2765 5248 2980 5294 vestras
3025 5256 3200 5312 nugas
3247 5243 3453 5298 divinis

1856 5338 2172 5398 anteponet
2232 5331 2636 5388 sermonibus?
2689 5331 2832 5398 Quid
2883 5349 3020 5388 vero
3073 5333 3326 5390 dicamus
3381 5335 3450 5390 de

1866 5419 2112 5488 Christo,
2146 5431 2204 5478 et
2247 5424 2316 5478 de
2345 5425 2530 5479 Filio?
2560 5424 2618 5480 Si
2663 5427 2836 5492 enim,
2885 5427 3348 5498 quemadmodum
3392 5436 3450 5481 ct

1866 5529 1966 5570 vos
1993 5514 2146 5571 hunc
2187 5517 2452 5588 loquendi
2501 5518 2728 5574 modum
2780 5521 3070 5575 occasione
3110 5520 3237 5574 data
3289 5534 3450 5572 usur-

1867 5606 2060 5677 pastis,
2112 5624 2182 5663 ex
2235 5621 2392 5680 parte
2451 5609 2732 5666 hominem
2785 5611 2964 5682 ipsum
3016 5619 3191 5665 totum
3245 5617 3448 5666 vocant
