3932 6152
312 276 449 361 1609

1260 273 1658 341 ADVERSUS
1694 272 2240 341 NESTORIANOS.
2268 305 2336 316 —
2372 274 2519 343 LIB.
2562 278 2678 340 III.

3439 273 3574 342 1610

300 391 477 462 γόνων
528 388 771 443 λαϐοῦσα
821 387 970 443 αἰτία
1028 388 1124 443 τοῦ
1178 386 1388 462 εἰναιηὴ
1412 387 1548 461 ἁγία
1600 385 1881 463 Παρθένος

1990 386 2099 450 Deo
2128 409 2230 465 per
2253 400 2515 464 parentes
2558 389 2795 461 accepit,
2835 398 2894 445 et
2937 389 3145 460 aliquid
3174 389 3409 446 alterum
3438 405 3576 461 pro.

302 485 443 551 ἐστὶ,
474 479 535 538 τὸ
562 483 619 539 δὴ
648 484 744 538 καὶ
775 480 920 544 ἰδίως
950 484 1016 537 ἐκ
1048 483 1143 538 τοῦ
1191 481 1351 554 ἁγίου
1381 484 1705 556 Ιινεύματος
1730 484 1889 539 δυνα-

308 576 573 649 μωθεῖσα,
607 574 711 646 τῆς
747 590 809 629 τε
860 575 1039 648 ψυχῆς
1071 574 1238 630 αὑτοῦ
1273 577 1462 648 μήτηρ
1494 575 1666 642 ἐστὶν,
1702 575 1763 641 ἑξ
1791 575 1890 629 αὖ·

302 670 407 740 τῆς
439 669 576 742 πρὸς
603 666 702 741 τὴν
733 669 972 741 φυσικὴν
999 668 1093 723 τοῦ
1127 668 1259 724 ἰδίου
1288 664 1594 740 ἐνδύματος
1622 666 1888 738 συζυγίαν

302 761 875 834 νυμφοστολουμένης.
929 761 1024 816 καὶ
1072 762 1149 827 ὡς
1183 764 1248 816 ὲκ
1283 761 1533 833 βαλϐίδος
1584 760 1729 826 τινὸς
1781 772 1890 815 πα-

305 854 434 909 στοῦ
470 854 627 922 ἁγίου
659 856 724 924 τῇ
752 856 847 907 ἀπ’
878 853 1051 922 αὐτῆς
1094 855 1347 926 γεννήσει
1378 856 1460 919 εἰς
1490 856 1552 908 τὸ
1585 851 1725 909 εἰναι
1752 869 1889 923 προ-

192 959 197 965 ·
304 945 482 999 ελθεῖν
515 943 645 1001 ὑπὸ,
669 944 807 997 Θεοῦ
860 944 1239 1016 τεταγμένης·
1279 946 1374 999 καὶ
1417 945 1520 1016 τῆς
1542 942 1795 1013 θεότητος
1831 944 1890 998 δὲ

303 1032 493 1100 αὐτοῦ,
550 1032 756 1107 ἀληθὴς
787 1036 1112 1107 γεννήτειρά
1150 1036 1267 1090 ἐστι
1296 1036 1392 1090 τοῦ
1438 1037 1613 1105 Λόγου
1665 1034 1759 1089 τοῦ
1788 1035 1888 1107 ἀπ’

304 1121 521 1179 αἰώνων
555 1125 801 1196 ἀσάρκου
847 1126 942 1178 καὶ
970 1125 1271 1181 ἀσυνθέτου
1300 1125 1360 1193 ἐξ
1385 1126 1558 1197 αὐτῆς
1580 1124 1888 1196 ἀρξαμένου

301 1218 401 1286 τῆς
437 1217 576 1288 μετά
609 1216 812 1286 σαρκὸς
843 1216 1091 1289 ἐμψύχου
1116 1218 1527 1290 συνυπάρξεως,
1556 1217 1624 1272 δι’
1654 1220 1889 1272 ὑποστα-

301 1306 464 1376 τικῆς
498 1304 746 1370 ὲνώσεως
779 1306 860 1369 εἰς
891 1306 1175 1379 πλήρωσιν
1225 1308 1328 1378 τῆς
1373 1309 1580 1372 οἰκείας
1616 1306 1886 1370 εὐδοκίας.

305 1394 516 1449 Οὐκοῦν
543 1398 592 1449 εἰ
625 1396 721 1450 καὶ
766 1396 842 1467 μὴ
876 1397 1160 1463 ὡσαύτως,
1190 1397 1305 1452 ἀλλ’
1340 1398 1489 1470 ὅμως
1535 1397 1753 1452 πάντων
1780 1397 1889 1450 τῶν

305 1487 546 1558 Χριστοῦ
594 1488 779 1559 μερῶν
840 1490 1025 1559 μήτηρ
1076 1491 1173 1545 καὶ
1218 1490 1316 1544 τοῦ
1369 1491 1494 1545 ὅλου
1544 1491 1652 1563 ἄρα
1686 1492 1720 1561 ἡ
1756 1489 1889 1559 ἀγία

306 1578 610 1650 Παρθένος·
653 1578 833 1650 ἀρχῆς
864 1581 975 1650 γάρ
1013 1595 1159 1643 τινος
1202 1580 1282 1650 τῷ
1308 1580 1637 1652 γεννωμένῳ
1669 1579 1889 1643 πάντως

303 1672 477 1734 αῐτιος
508 1670 538 1722 ὁ
564 1671 817 1725 ὁπωσοῦν
854 1670 1148 1743 λεγόμενός
1185 1689 1311 1726 τινα
1342 1673 1605 1743 γεννῆσαι
1646 1671 1886 1742 ἀληθῶς,

1990 487 2109 557 prie
2134 501 2166 542 e
2197 494 2389 549 sancto
2418 483 2631 555 Spiritu
2658 481 3003 548 elformavit;
3045 490 3130 538 est
3156 482 3328 537 etiam
3374 490 3572 548 mater,

1988 577 2110 650 ejus
2138 579 2337 634 anima:
2360 593 2484 649 qua:
2516 576 2745 648 quidem
2779 573 2846 630 ad
2883 575 3139 630 naturale
3162 574 3374 645 proprii
3407 575 3574 630 indu-

1990 671 2164 727 menti
2195 670 2514 741 cenjugium
2541 681 2743 738 sponsa
2771 674 2970 721 ornata
3003 666 3168 721 ducta
3195 664 3322 730 fuit,
3347 674 3406 720 et
3439 664 3517 721 ita
3543 680 3573 721 a

1989 764 2104 818 Deo
2131 762 2397 832 disposita
2438 771 2525 816 est
2555 767 2617 815 ut
2662 759 2844 815 exiret
2872 757 2940 813 ad
2991 757 3373 813 exsisteudum
3414 756 3574 827 quasi

1988 870 2020 911 e
2051 855 2311 925 repagula
2343 854 2580 925 alicujus
2618 852 2747 908 lecti
2789 850 3054 921 nuptialis
3105 850 3301 909 sancti.
3340 865 3574 920 generao

1992 948 2142 1002 tione
2198 946 2268 1001 ab
2322 947 2438 1016 ipsa
2480 952 2748 1016 accepta:
2782 953 2839 999 et
2886 943 3198 999 divinitatis
3242 942 3385 1013 ejus,
3443 958 3576 995 vera

1954 1048 1957 1051 ‘
1989 1037 2229 1113 genitrix
2262 1046 2348 1095 est
2387 1036 2554 1093 Verbi
2586 1036 2735 1107 quod
2780 1045 2903 1092 erat
2935 1053 2966 1092 a
3004 1035 3222 1092 saeculis
3254 1034 3374 1089 sine
3408 1049 3577 1088 carne

1987 1140 2044 1187 et
2072 1129 2522 1200 incompositum,
2567 1128 2826 1198 quodque
2862 1142 2963 1197 per
3000 1126 3175 1199 ipsam
3220 1125 3423 1196 incepit
3452 1125 3576 1180 ani-

1988 1224 2273 1279 maticum
2299 1236 2469 1277 carne
2509 1218 2979 1284 coexsistentiam,
3027 1234 3128 1289 per
3174 1218 3577 1290 hypostaticam
3682 1291 3687 1297 _

1988 1317 2275 1381 unionem,
2308 1315 2376 1369 ad
2425 1312 2809 1384 complendam
2854 1312 3136 1385 propriam
3170 1310 3575 1381 apparentiam.

1989 1407 2161 1478 Igitur
2198 1404 2418 1461 etiamsi
2448 1418 2562 1459 non
2587 1402 2783 1458 eodem
2806 1401 2991 1463 modo,
3024 1400 3120 1456 sed
3146 1415 3300 1469 seque
3328 1401 3576 1455 omnium

1988 1499 2199 1557 Christi
2244 1499 2484 1570 partium
2536 1504 2712 1551 mater
2760 1505 2817 1551 et
2861 1495 3032 1550 totius
3078 1501 3230 1549 certe
3261 1501 3348 1548 est
3383 1502 3576 1549 saneta

1989 1592 2205 1662 Virgo:
2254 1590 2493 1660 alicujus
2530 1589 2682 1644 enim
2726 1585 2960 1657 originis
3012 1584 3204 1656 genito
3258 1592 3452 1640 auctor
3494 1593 3579 1640 est

1991 1683 2220 1741 omnino
2245 1680 2341 1753 qui
2366 1680 2573 1737 dicitur
2615 1674 2951 1751 quocunque
2977 1678 3144 1733 modo
3177 1674 3414 1748 aliquem
3449 1692 3578 1733 vere

302 1764 365 1818 οὐ
399 1762 585 1834 μέντοι
615 1762 833 1849 πάντως
852 1762 954 1833 τῆς
1000 1760 1096 1816 τοῦ
1129 1760 1271 1818 εῖναι
1297 1763 1361 1816 ὲκ
1385 1763 1460 1834 μὴ
1486 1763 1682 1818 ὄντων·
1713 1764 1747 1835 ἦ
1778 1763 1886 1835 γὰρ

1990 1766 2270 1849 genuisse,
2295 1790 2407 1830 non
2436 1780 2619 1830 tamen
2651 1772 2879 1829 omnino
2913 1770 3145 1842 originis
3173 1786 3338 1841 quam
3367 1785 3434 1825 ex
3463 1786 3578 1826 non

304 1859 374 1913 ἂν
413 1856 577 1925 οὕτω,
610 1856 733 1912 οὐδὲ
762 1846 886 1911 καθ’
920 1856 1085 1911 αὑτὸν
1132 1858 1161 1911 ὁ
1214 1857 1412 1926 Λόγος,
1441 1856 1605 1928 φύσει
1641 1856 1771 1921 Υἱὸς
1815 1852 1885 1929 ἦν

302 1949 399 2004 τοῦ
428 1949 643 2023 Πατρός
661 1964 675 1979 ο
706 1949 768 2003 οὐ
801 1950 911 2020 γὰρ
949 1949 1031 2012 εἰς
1052 1948 1115 2003 τὸ
1143 1944 1285 2005 εἶναι
1318 1950 1386 2004 ὲκ
1413 1952 1492 2024 μὴ
1520 1950 1693 2005 ὄντων
1721 1950 1885 2020 γεγέ-

303 2056 464 2114 νηται
490 2042 582 2096 ὑπ’
607 2041 775 2098 αὑτοῦ
807 2044 834 2096 ὁ
864 2042 1155 2108 συναῒδιος.

917 2258 1166 2318 ΚΕΦΛΛ.
1209 2261 1283 2318 l"’.

379 2373 503 2430 Ἔτι
537 2376 732 2446 φασὶν,
772 2377 819 2430 εἰ
851 2376 915 2430 ὲκ
951 2377 1151 2449 μέρους
1201 2376 1231 2430 ὁ
1279 2376 1514 2449 Χριστὸς
1556 2375 1711 2447 ὑμῶν
1760 2374 1891 2439 Υἰὸς

302 2468 462 2534 Θεοῦ,
512 2468 605 2521 καὶ
657 2469 723 2523 ὲκ
763 2468 962 2539 μέρους
1008 2468 1117 2540 ἄρα
1163 2469 1295 2533 Θεὸς
1339 2469 1606 2539 δηλονότι,
1649 2468 1746 2524 καὶ
1777 2469 1876 2541 οὐχ

302 2561 447 2627 ὅλος,
473 2559 701 2633 ἡμίθεος
733 2562 861 2632 ἀρα.
904 2562 1042 2616 Ἀλλ’
1073 2563 1207 2633 ἡμῖν
1247 2563 1371 2626 ὅλος
1396 2563 1529 2626 Θεὸς
1572 2578 1887 2634 προσκυνη-

303 2654 397 2717 τὸς
425 2647 506 2717 εἰς
540 2656 568 2706 ὁ
602 2652 838 2724 Χριστός
863 2667 877 2682 ·
915 2652 1012 2706 τοῦ
1046 2653 1145 2724 μὲν
1178 2653 1286 2709 τῶν
1312 2655 1370 2707 ὲν
1394 2653 1544 2725 αὐτῷ
1569 2653 1648 2724 τῷ
1681 2653 1762 2707 ἐνὶ
1782 2652 1889 2724 ὅλῳ

308 2744 511 2817 μερῶν,
542 2744 665 2799 κατ’
695 2745 887 2799 οὐσίαν
911 2745 1066 2809 ὄντος
1094 2745 1305 2800 τελείου
1331 2745 1475 2799 θείου
1493 2762 1508 2777 ο
1533 2744 1629 2799 τοῦ
1660 2745 1717 2799 δὲ
1745 2744 1888 2798 κατά

309 2836 599 2910 μετουσίαν
626 2837 724 2891 τοῦ
750 2838 1029 2909 ήνωμένου
1058 2836 1211 2909 αὐτῷ
1243 2839 1364 2891 κατ’
1392 2837 1583 2891 οὐσίαν
1608 2836 1754 2891 θείου
1787 2835 1888 2907 μέ-

308 2946 433 3001 ρους
459 2945 475 2961 ο
509 2930 558 2982 εἰ
587 2928 645 2983 δὲ
692 2929 824 3000 ἡμῖν
852 2928 945 2982 τὸν
974 2928 1211 3001 Χριστὸν
1242 2927 1377 2982 διότι
1403 2926 1467 2981 τὸ
1499 2926 1558 2981 ἓν
1590 2925 1757 2999 μέρος
1792 2924 1888 2978 αὑ-

305 3019 401 3073 τοῦ
440 3021 600 3091 μόνον
631 3018 745 3091 ἔχει
776 3020 842 3074 τὸ
881 3019 1043 3090 φύσει
1064 3020 1228 3083 θεῖον,
1255 3018 1481 3090 ἡμίθεον
1516 3019 1778 3088 συνάγετε
1810 3012 1885 3070 εἴ·

1988 1867 2384 1925 exsistentibus
2415 1866 2704 1922 extrahit:
2751 1873 2904 1922 certe
2946 1865 3096 1920 enim
3135 1863 3230 1930 ita,
3278 1878 3388 1918 non
3425 1861 3573 1934 apud

1989 1961 2196 2032 ipsum,
2241 1959 2487 2017 Verbum
2528 1959 2702 2013 Filius
2740 1963 2862 2012 erat
2902 1955 3129 2011 Patris:
3164 1967 3274 2009 non
3323 1953 3470 2009 enim
3513 1964 3577 2009 ut

1964 2062 2135 2110 .esset
2181 2067 2250 2107 ex
2299 2068 2412 2109 non
2454 2050 2863 2123 gxsistentibus
2909 2048 3157 2120 genitum
3207 2054 3293 2101 est
3340 2047 3410 2125 ab
3453 2046 3575 2117 ipso

1986 2156 2343 2203 coaetemum.

2629 2259 2781 2316 CAP.
2823 2255 2915 2314 III.

2060 2369 2259 2426 Adhuc
2292 2369 2583 2441 inquiunt,
2614 2369 2661 2424 si
2699 2384 2764 2424 ex
2805 2376 2962 2439 parte
2991 2367 3247 2424 Christus
3270 2377 3455 2424 vester
3489 2376 3574 2424 cst

1989 2462 2086 2518 Dei
2116 2462 2312 2529 Filius,
2336 2472 2393 2519 et
2420 2478 2489 2519 ex
2516 2472 2675 2533 parte
2713 2454 2867 2516 certe
2902 2461 3070 2525 Deus,
3106 2460 3460 2517 manifestum
3488 2471 3576 2516 est

1988 2555 2138 2626 quod
2168 2572 2279 2611 non
2306 2562 2475 2619 totus,
2506 2555 2602 2610 sed
2631 2554 2941 2610 semi-Deus
2970 2562 3075 2609 est.
3121 2553 3381 2609 Attamen
3410 2553 3576 2608 nobis

1990 2655 2143 2704 totus
2193 2649 2342 2703 Deus
2378 2647 2682 2702 adorabilis
2728 2660 2875 2701 unus
2913 2645 3210 2701 Christus:
3250 2645 3384 2700 hinc
3423 2646 3577 2701 enim

1988 2750 2118 2795 sunt
2132 2740 2189 2794 in
2206 2740 2329 2810 ipso
2347 2754 2458 2794 uno
2486 2747 2604 2794 toto
2623 2747 2813 2808 partes
2842 2753 2964 2808 quae
2986 2738 3099 2793 sint
3119 2737 3424 2794 secundum
3441 2738 3546 2794 sub
3562 2767 3578 2780 -

1986 2835 2247 2888 stantiam
2280 2831 2561 2903 perfectus
2590 2832 2758 2896 Deus,
2791 2819 3054 2902 illincque
3090 2846 3222 2900 pars
3253 2830 3440 2886 divina
3474 2846 3577 2901 per

1986 2925 2469 2996 participationem
2498 2924 2603 2995 ipsi
2631 2924 2937 2980 secundum
2963 2923 3330 2979 substantiam
3362 2922 3582 2978 unitur.

1989 3016 2047 3072 Si
2089 3030 2224 3071 vero
2269 3024 2463 3072 contra
2506 3030 2613 3070 nos
2655 3012 2964 3077 Christum,
3012 3012 3143 3083 quia
3188 3027 3355 3066 unam
3404 3011 3578 3080 ipsius

306 3129 416 3176 ναι,
461 3112 616 3166 αὑτοί⁵
663 3110 799 3182 μηδὲ
848 3110 912 3165 τὸ
973 3110 1093 3164 ὅλον
1132 3111 1270 3180 μηδὲ
1304 3110 1467 3182 μέρος
1515 3110 1679 3179 φύσει
1740 3109 1884 3161 θεῖον

1990 3114 2198 3176 partem
2245 3107 2417 3161 solum
2464 3106 2635 3160 habet
2686 3113 2886 3159 natura
2934 3104 3200 3168 divinam,
3244 3102 3579 3159 semi-deum

307 3205 589 3269 παντελῶς
611 3206 670 3257 ἐν
698 3203 851 3275 αὐτῷ
880 3203 1108 3267 εἰδότες,
1138 3202 1299 3272 δῆλον
1320 3202 1395 3266 ὠς
1424 3202 1544 3256 οὐδὲ
1573 3201 1712 3265 ὅλως
1731 3201 1885 3267 Θεὸν,

307 3296 446 3351 ἀλλά
478 3296 634 3367 ψιλὸν
692 3294 981 3367 ἄνθρωπον
1008 3294 1186 3366 πάντη
1225 3294 1349 3348 καθ’
1377 3294 1526 3365 ἡμᾶς
1553 3289 1694 3349 εῖναι
1725 3292 1890 3362 γινώ-

311 3402 469 3441 σκετε
505 3386 694 3442 αὐτόν.

909 3585 1163 3643 ΚΕΦΛΛ.
1203 3581 1278 3642 Δ’.

390 3692 538 3753 Ἀλλ’
569 3698 650 3761 εἰς
702 3696 897 3769 ἐτέρας
948 3699 1362 3770 παρακειμένας
1408 3696 1738 3766 αἰτιολογίας
1788 3690 1891 3762 τῆς

308 3788 568 3854 ἀσεσείας
615 3790 796 3844 αὐτῶν
830 3788 1341 3860 μετακυλισθέντες,
1376 3790 1510 3859 φασὶ
1545 3788 1636 3842 διὰ
1660 3788 1778 3842 τόδε
1812 3787 1888 3857 μὴ

309 3880 490 3949 λέγειν
517 3880 576 3934 ἒν
607 3881 705 3935 καλ⁸
735 3881 796 3935 τὸ
837 3878 970 3935 αὐτὸ
1019 3882 1180 3946 ζῶον,
1215 3883 1311 3936 καὶ
1348 3881 1476 3952 μίαν
1507 3880 1738 3950 ὁλότητα
1770 3876 1887 3931 υἰοῦ

313 3975 483 4044 μόνην
538 3974 605 4026 ἐκ
654 3969 808 4037 θείας
859 3989 917 4025 τε
973 3974 1070 4027 καὶ
1124 3971 1480 4044 ἀνθρωπίνης
1503 3966 1644 4027 εἶναι
1675 3972 1889 4041 φύσεως

309 4067 448 4135 ἅμα,
479 4064 614 4118 διότι
670 4065 847 4118 πάντα
894 4064 1007 4118 υἰὸν
1062 4065 1349 4135 ὁμοούσιον
1400 4063 1632 4136 ὁρᾶσθαι
1674 4063 1885 4134 ἀνάγκη

308 4156 421 4219 τοῖς
463 4154 777 4209 τίκτουσιν·
813 4152 1078 4225 ἀνελλιπῆ
1137 4172 1198 4209 τε
1236 4156 1329 4208 καὶ
1375 4154 1667 4224 ἀπέριττον
1721 4152 1885 4224 ἔχειν,

309 4247 407 4319 τὴν
437 4248 575 4319 πρὸς
600 4247 729 4311 τοὺς
760 4245 965 4315 φύντας
1001 4246 1165 4300 αὑτὸν
1200 4247 1300 4317 τῆς
1337 4246 1527 4310 οὐσίας
1554 4244 1882 4316 ὁμοιότηταο

306 4337 336 4388 ὁ
366 4337 601 4408 Χριστὸς
650 4337 708 4391 δὲ
765 4338 920 4409 ὑμῶν
951 4339 980 4390 ὁ
1010 4336 1146 4391 Θεοῦ
1200 4354 1261 4391 τε
1301 4337 1394 4392 καὶ
1423 4335 1711 4409 ἀνθρώπου
1735 4336 1884 4402 Υἱὸς,

1991 3210 2114 3250 esse
2144 3193 2396 3264 arguitis,
2450 3193 2557 3263 ipsi
2602 3208 2707 3248 nec
2753 3200 2928 3247 totum
2978 3206 3083 3246 nec
3113 3200 3325 3261 partem
3376 3201 3580 3245 natura

1991 3284 2201 3349 divina,
2249 3281 2505 3340 absolute
2554 3284 2610 3338 in
2664 3286 2785 3354 ipso
2812 3283 3088 3347 videntes,
3132 3282 3422 3337 manifeste
3467 3297 3580 3337 non

1989 3376 2218 3431 omnino
2250 3376 2448 3441 Deum,
2496 3375 2593 3433 sed
2641 3375 2854 3431 nudum
2901 3374 3185 3430 hominem
3239 3374 3578 3438 omnimode,

1985 3466 2141 3537 juxta
2172 3482 2275 3522 nos
2310 3466 2463 3521 illum
2497 3481 2746 3522 asserere
2769 3464 3006 3520 debetis.

2637 3581 2792 3638 CAP.
2829 3580 2920 3637 IV.

2063 3697 2170 3754 Sed
2207 3698 2262 3754 in
2292 3699 2399 3755 alia
2433 3698 2683 3769 subjecta
2711 3703 3037 3768 argumenta
3066 3694 3372 3767 impietatis
3395 3704 3580 3750 trans-

1990 3788 2200 3860 voluti,
2242 3792 2401 3848 aiunt
2429 3808 2441 3844 :
2469 3791 2743 3865 quianon
2773 3788 2981 3844 dicitur
3015 3803 3187 3844 unum
3214 3794 3271 3843 et
3304 3786 3452 3842 idem
3492 3788 3580 3841 vi-

1988 3901 2122 3941 vum
2158 3893 2216 3940 et
2247 3901 2413 3941 unam
2458 3884 2787 3939 totalitatem
2834 3880 2932 3936 ﬁlii
2968 3880 3140 3937 solam
3186 3896 3256 3935 ex
3299 3879 3487 3935 divina
3523 3887 3581 3934 et

1989 3979 2227 4033 humana
2259 3988 2517 4034 constare
2545 3987 2745 4032 natura
2775 3975 2962 4041 simul,
2983 3972 3109 4030 ideo
3133 3988 3353 4029 omnem
3403 3970 3579 4026 ﬁlium

1988 4069 2515 4126 consubstantialem
2565 4081 2690 4124 esse
2733 4065 3061 4137 parentibus
3111 4079 3338 4120 necesse
3385 4072 3492 4127 est,
3520 4072 3578 4116 et

1990 4159 2102 4217 imo
2129 4161 2457 4232 completam
2504 4165 2561 4216 et
2599 4159 2944 4229 adaequatam
2989 4155 3195 4212 habere
3223 4169 3350 4211 cum
3385 4163 3577 4209 aucto-

1990 4252 2145 4310 ribus
2185 4252 2303 4309 suis
2329 4252 2656 4308 substantiae
2687 4250 3108 4307 similitudinem
3143 4268 3156 4304 :
3193 4250 3292 4305 sed
3321 4247 3576 4305 Christus
3623 4321 3631 4325 _

1987 4354 2172 4402 vester
2198 4344 2296 4400 Dei
2322 4354 2379 4399 et
2402 4343 2644 4399 hominis
2672 4340 2862 4409 Filius,
2898 4340 3011 4397 Deo
3066 4341 3274 4412 aliquid
3311 4341 3570 4412 amplius,
3632 4326 3641 4331 H

309 4428 402 4480 καὶ
434 4427 571 4481 Θεοῦ
624 4429 831 4496 πλεῖον,
860 4430 956 4484 καὶ
1005 4429 1294 4507 ἀνθρώπου
1322 4431 1585 4502 περισσόν
1634 4448 1688 4483 τι
1730 4429 1879 4501 ἔχει·

1990 4437 2212 4493 homine
2262 4434 2471 4507 aliquid
2510 4435 2766 4505 superius
2810 4433 3019 4489 habet:
3067 4432 3353 4503 quomodo
3398 4431 3570 4502 igitur

311 4515 429 4579 πῶς
458 4513 551 4571 οὖν
584 4517 756 4583 ὅντως
788 4521 885 4573 καὶ
916 4519 1046 4584 Υἱὸς
1080 4505 1285 4573 τούτων
1330 4521 1503 4582 ἔσται,
1539 4522 1567 4574 ὁ
1597 4520 1672 4591 μὴ
1701 4521 1880 4592 πάντη

308 4608 493 4678 ὅμοιος
518 4609 702 4673 αὐτοῖς
730 4609 828 4681 τὴν
857 4610 1050 4679 φύσιν;
1091 4596 1254 4675 Ἀλλ’,
1278 4603 1505 4675 ὧοῦτοι,
1534 4600 1759 4683 πρῶτοιῖ
1789 4611 1887 4683 μὲν

309 4699 405 4751 καὶ
432 4699 492 4752 τὸ
520 4698 809 4771 ὁμοούσιον
842 4701 982 4772 ἔχει,
1012 4704 1150 4773 πρὸς
1175 4705 1347 4774 ἄμφω
1378 4703 1563 4774 μέντοι
1598 4703 1715 4773 ἅμα
1757 4718 1889 4772 συγ-

306 4790 625 4861 κρινόμενος
648 4791 773 4855 τοὺς
794 4793 1054 4856 τεκόντας
1080 4793 1243 4848 αὐτὸν
1268 4797 1296 4848 ό
1318 4794 1579 4865 Χριστός·
1606 4795 1701 4849 καὶ
1729 4796 1762 4865 ἡ
1772 4793 1887 4864 μῶν

308 4880 416 4952 γὰρ
465 4881 697 4947 ἕκαστος
726 4883 932 4953 ἀμφοῖν
979 4888 1092 4949 τοῖς
1142 4886 1361 4955 γονεῦσι
1403 4886 1889 4958 παραϐαλλόμενος

311 4972 451 5045 ἀμα,
479 4974 707 5039 δεόντως
730 4975 968 5046 κρίνοιτο
990 4977 1057 5029 ἂν
1079 4973 1218 5030 εἶναι
1244 4979 1490 5050 ὀμοφυὴς
1521 4982 1634 5042 τοῖς
1663 4979 1887 5041 οἰκείοις

312 5065 527 5130 αἰτίοις,
558 5066 792 5139 ἐπείπερ
822 5068 916 5120 καὶ
951 5067 1322 5140 μητρῷἀ’τινα
1361 5070 1496 5142 ἔχει,
1523 5069 1560 5124 ἀ
1607 5071 1707 5125 οὐκ
1740 5070 1887 5124 ἐστιν

313 5156 444 5227 ὀρᾷν
482 5157 540 5210 ἒν
566 5156 644 5226 τῷ
669 5157 873 5229 πατρί·
911 5160 1005 5213 καὶ
1046 5160 1279 5231 πατρῷά
1305 5178 1424 5215 τινα
1452 5161 1489 5216 ἃ
1513 5162 1614 5215 οὐκ
1653 5161 1800 5215 ἐστιν
1829 5161 1887 5214 ἐν

311 5251 377 5318 τῇ
418 5248 587 5319 μητρὶ
611 5248 872 5313 πολλάκις
891 5266 906 5281 ο
935 5251 986 5302 εἰ
1011 5249 1066 5302 δὲ
1090 5252 1185 5304 καὶ
1216 5252 1321 5304 ἀνά
1356 5253 1521 5323 μέρος
1563 5252 1886 5324 κρινόμενος

309 5339 561 5410 ἑκατέρῳ
597 5339 873 5394 δείκνυται
898 5341 1084 5412 ὅμοιος
1121 5341 1432 5412 ἄνθρωπος,
1458 5343 1582 5396 ἐπεὶ
1604 5342 1885 5414 συμϐέϐη-

306 5446 405 5499 κεν
440 5431 500 5495 ὲξ
524 5430 797 5501 ,ὁμοειδῶν
841 5434 1170 5504 ἀμφοτέρων
1215 5436 1471 5506 τεχθῆναι
1515 5436 1699 5500 αὑτὸν,
1728 5435 1886 5488 τοῦτο

304 5520 609 5592 θεωρεῖται·
634 5523 695 5576 οὑ
717 5525 827 5594 γὰρ
844 5525 910 5596 δὴ
930 5526 1025 5581 καὶ⁵
1041 5526 1133 5579 ἐπὶ
1154 5526 1264 5580 τῶν
1287 5527 1670 5596 ἀνομοιοειδῶν
1692 5527 1884 5582 αἰτίων

304 5612 396 5667 τοῦ
419 5615 760 5686 γεννωμένου
793 5616 910 5670 τόδε
937 5617 1138 5688 ὁμοίως
1153 5620 1347 5691 δρᾶται
1362 5634 1374 5646 ·
1400 5618 1518 5683 πῶς
1538 5618 1649 5691 γὰρ
1667 5619 1736 5674 ἂν
1753 5621 1887 5690 ὀμο-

309 5705 441 5776 φυὲς
469 5706 574 5778 ἰδίᾳ
604 5706 823 5779 κριθείη
851 5709 1107 5782 ἀλέκτορι
1130 5714 1223 5765 καὶ
1259 5712 1508 5785 φασιανῷ
1528 5713 1589 5767 τὸ
1618 5714 1681 5768 ὲκ
1715 5714 1883 5768 τῶνδε

627 5801 900 5864 Ριτιιοι.
943 5803 1061 5865 Gn.
1106 5805 1261 5865 LXX
1278 5806 1446 5870 XVI.

1990 4542 2121 4584 vere
2148 4527 2368 4582 illorum
2390 4524 2563 4582 Filius
2585 4526 2715 4592 erit,
2742 4525 2839 4596 qui
2864 4540 2977 4580 non
3005 4531 3091 4579 est
3120 4522 3228 4577 illis
3254 4520 3571 4576 omnimodo

1988 4630 2187 4676 natura
2226 4618 2464 4675 similis?
2494 4618 2604 4674 Sed
2636 4616 2877 4690 primum
2921 4616 3161 4672 similem
3202 4614 3568 4671 substantiam

1990 4713 2158 4768 habet
2184 4710 2461 4775 Christus,
2505 4711 2551 4766 si
2594 4709 2914 4767 conferatur
2962 4710 3129 4764 simul
3175 4722 3301 4762 cum
3352 4704 3573 4761 duobus

1989 4804 2084 4873 qui
2127 4817 2255 4858 eum
2307 4810 2623 4874 genuerunt
2655 4819 2669 4856 :
2698 4809 2952 4857 nostrum
2987 4799 3137 4854 enim
3191 4796 3570 4867 unusquisque

1989 4893 2261 4949 ambobus
2339 4892 2664 4964 parentibus
2736 4907 2843 4946 una
2937 4898 3291 4960 comparatus
3370 4901 3564 4942 conve-

1988 4985 2210 5040 nienter
2230 4983 2580 5056 judicaretur
2611 4997 2734 5038 esse
2768 4981 2995 5052 aequalis
3025 4990 3240 5035 naturas
3271 4995 3337 5035 ac
3358 4978 3568 5051 proprii

1987 5087 2264 5141 auctores,
2295 5077 2500 5147 quippe
2543 5084 2601 5130 et
2647 5083 2896 5130 materna
2942 5074 3192 5145 quaedam
3227 5073 3418 5138 habet,
3451 5087 3571 5142 qum

1990 5170 2045 5224 in
2070 5178 2230 5240 patre
2257 5182 2370 5224 non
2400 5166 2779 5236 reperiuntur,
2825 5175 2881 5220 et
2907 5173 3138 5236 paterna
3163 5164 3415 5236 quaedam
3449 5176 3568 5232 qua

1990 5259 2045 5315 in
2098 5270 2276 5315 matre
2331 5275 2475 5330 saepe
2513 5259 2713 5314 desunt
2753 5257 2846 5314 :si
2885 5273 3017 5313 vero
3052 5274 3152 5329 per
3184 5266 3398 5328 partem
3417 5253 3572 5326 judi-

1988 5360 2145 5408 catus
2199 5352 2503 5422 unicuique
2556 5352 2871 5409 ostenditur
2920 5352 3121 5408 similis
3169 5340 3358 5415 liomo,
3414 5347 3573 5401 illum

1987 5442 2161 5499 fuisse
2199 5459 2268 5498 ex
2290 5445 2563 5501 ambobus
2587 5445 2835 5518 ejusdem
2878 5445 3085 5518 speciei
3128 5444 3448 5505 formatum,
3494 5439 3574 5495 fa,

1987 5535 2093 5591 cile
2115 5545 2344 5606 apparet
2370 5555 2384 5591 :
2411 5553 2523 5592 non
2553 5539 2703 5594 enim
2730 5539 2799 5595 de
2833 5539 2926 5595 illo
2957 5538 3054 5610 qui
3081 5553 3149 5593 ex
3179 5536 3413 5595 diversa:
3444 5547 3571 5603 spe-

1987 5628 2092 5684 ciei
2123 5630 2450 5686 auctoribus
2472 5641 2629 5688 ortus
2651 5640 2757 5694 est,
2789 5631 2996 5703 pariter
3019 5637 3256 5686 constat.
3281 5625 3572 5693 Quomodo

1988 5717 2159 5784 enim,
2185 5719 2420 5791 exempli
2467 5721 2926 5792 causa,ejusdem
2971 5727 3185 5775 natura:
3228 5717 3575 5779 iudicaretur

2996 5811 3069 5872 51
