  <div class='ocr_page' id='page_1' title='image "/cluster/home/n/w/nwhite01/storage/ocr_20150623/86 pt.1/mdp.39015028803867/813.png"; bbox 0 0 3932 6152; ppageno 0'>
   <div class='ocr_carea' id='block_1_1' title="bbox 460 255 703 327">
    <p class='ocr_par' dir='ltr' id='par_1_1' title="bbox 460 255 703 327">
     <span class='ocr_line' id='line_1_1' title="bbox 460 255 703 327; baseline 0.016 -2"><span class='ocrx_word' id='word_1_1' title='bbox 460 260 592 327; x_wconf 84' lang='lat'><strong>1611</strong></span> <span class='ocrx_word' id='word_1_2' title='bbox 696 255 703 266; x_wconf 78' lang='grc'><em>’</em></span> 
     </span>
    </p>
   </div>
   <div class='ocr_carea' id='block_1_2' title="bbox 1725 278 2494 374">
    <p class='ocr_par' dir='ltr' id='par_1_2' title="bbox 1725 278 2494 374">
     <span class='ocr_line' id='line_1_2' title="bbox 1725 278 2494 374; baseline 0.007 -35"><span class='ocrx_word' id='word_1_3' title='bbox 1725 278 2033 342; x_wconf 85' lang='lat' dir='ltr'><strong>LEONTII</strong></span> <span class='ocrx_word' id='word_1_4' title='bbox 2074 281 2494 374; x_wconf 66' lang='lat' dir='ltr'><strong>BrzAN&#39;riNn</strong></span> 
     </span>
    </p>
   </div>
   <div class='ocr_carea' id='block_1_3' title="bbox 3602 299 3733 371">
    <p class='ocr_par' dir='ltr' id='par_1_3' title="bbox 3602 299 3733 371">
     <span class='ocr_line' id='line_1_3' title="bbox 3602 299 3733 371; baseline 0.038 -7"><span class='ocrx_word' id='word_1_5' title='bbox 3602 299 3733 371; x_wconf 80' lang='lat'><strong>1612</strong></span> 
     </span>
    </p>
   </div>
   <div class='ocr_carea' id='block_1_4' title="bbox 396 376 2008 480">
    <p class='ocr_par' dir='ltr' id='par_1_4' title="bbox 396 376 2008 450">
     <span class='ocr_line' id='line_1_4' title="bbox 396 376 2008 450; baseline 0.014 -24"><span class='ocrx_word' id='word_1_6' title='bbox 396 382 405 390; x_wconf 84' lang='lat'><strong>‘</strong></span> <span class='ocrx_word' id='word_1_7' title='bbox 453 376 602 446; x_wconf 81' lang='lat' dir='ltr'><strong>quod</strong></span> <span class='ocrx_word' id='word_1_8' title='bbox 644 392 677 436; x_wconf 79' lang='grc' dir='ltr'><strong>ε</strong></span> <span class='ocrx_word' id='word_1_9' title='bbox 703 377 848 450; x_wconf 83' lang='lat' dir='ltr'><strong>gallo</strong></span> <span class='ocrx_word' id='word_1_10' title='bbox 877 387 933 434; x_wconf 87' lang='lat' dir='ltr'><strong>et</strong></span> <span class='ocrx_word' id='word_1_11' title='bbox 964 380 1234 450; x_wconf 92' lang='lat' dir='ltr'><strong>phasiano</strong></span> <span class='ocrx_word' id='word_1_12' title='bbox 1266 395 1451 442; x_wconf 90' lang='lat' dir='ltr'><strong>ortum</strong></span> <span class='ocrx_word' id='word_1_13' title='bbox 1484 388 1678 444; x_wconf 82' lang='lat' dir='ltr'><strong>esset?</strong></span> <span class='ocrx_word' id='word_1_14' title='bbox 1705 389 1920 448; x_wconf 76' lang='lat' dir='ltr'><strong>Pariter</strong></span> <span class='ocrx_word' id='word_1_15' title='bbox 1945 407 2008 448; x_wconf 91' lang='lat' dir='ltr'><strong>au</strong></span> 
     </span>
    </p>
   </div>
   <div class='ocr_carea' id='block_1_5' title="bbox 2111 376 3731 480">
    <p class='ocr_par' dir='ltr' id='par_1_5' title="bbox 2111 395 3731 480">
     <span class='ocr_line' id='line_1_5' title="bbox 2111 395 3731 480; baseline 0.016 -32"><span class='ocrx_word' id='word_1_16' title='bbox 2111 445 2118 458; x_wconf 70' lang='grc'><strong>,</strong></span> <span class='ocrx_word' id='word_1_17' title='bbox 2143 395 2364 466; x_wconf 83' lang='grc' dir='ltr'>τεχθέν;</span> <span class='ocrx_word' id='word_1_18' title='bbox 2400 399 2552 468; x_wconf 83' lang='grc' dir='ltr'>ὅμως</span> <span class='ocrx_word' id='word_1_19' title='bbox 2575 400 2630 454; x_wconf 77' lang='grc' dir='ltr'>δὲ</span> <span class='ocrx_word' id='word_1_20' title='bbox 2657 401 2842 472; x_wconf 74' lang='grc' dir='ltr'>λέγετε</span> <span class='ocrx_word' id='word_1_21' title='bbox 2871 405 3024 477; x_wconf 74' lang='grc' dir='ltr'>ἡμῖν,</span> <span class='ocrx_word' id='word_1_22' title='bbox 3049 407 3388 480; x_wconf 72' lang='grc' dir='ltr'><strong>φυσιολόγοι·</strong></span> <span class='ocrx_word' id='word_1_23' title='bbox 3417 413 3540 468; x_wconf 76' lang='grc' dir='ltr'>υἱὸν</span> <span class='ocrx_word' id='word_1_24' title='bbox 3569 417 3731 474; x_wconf 79' lang='grc' dir='ltr'>τῶνδε</span> 
     </span>
    </p>
   </div>
   <div class='ocr_carea' id='block_1_6' title="bbox 453 468 2035 548">
    <p class='ocr_par' dir='ltr' id='par_1_6' title="bbox 453 468 2035 548">
     <span class='ocr_line' id='line_1_6' title="bbox 453 468 2035 548; baseline 0.011 -25"><span class='ocrx_word' id='word_1_25' title='bbox 453 477 565 524; x_wconf 84' lang='lat' dir='ltr'><strong>tem</strong></span> <span class='ocrx_word' id='word_1_26' title='bbox 595 468 762 526; x_wconf 77' lang='lat' dir='ltr'><strong>dicite</strong></span> <span class='ocrx_word' id='word_1_27' title='bbox 801 471 983 542; x_wconf 84' lang='lat' dir='ltr'><strong>nobis,</strong></span> <span class='ocrx_word' id='word_1_28' title='bbox 1007 473 1318 548; x_wconf 86' lang='lat' dir='ltr'><strong>physiologi</strong></span> <span class='ocrx_word' id='word_1_29' title='bbox 1351 495 1365 532; x_wconf 85' lang='lat'><strong>:</strong></span> <span class='ocrx_word' id='word_1_30' title='bbox 1394 477 1551 536; x_wconf 82' lang='lat' dir='ltr'><strong>Anne</strong></span> <span class='ocrx_word' id='word_1_31' title='bbox 1581 480 1756 537; x_wconf 93' lang='lat' dir='ltr'><strong>ﬁlium</strong></span> <span class='ocrx_word' id='word_1_32' title='bbox 1802 483 2035 540; x_wconf 89' lang='lat' dir='ltr'><strong>istorum</strong></span> 
     </span>
    </p>
   </div>
   <div class='ocr_carea' id='block_1_7' title="bbox 449 562 2034 633">
    <p class='ocr_par' dir='ltr' id='par_1_7' title="bbox 449 562 2034 633">
     <span class='ocr_line' id='line_1_7' title="bbox 449 562 2034 633; baseline 0.012 -19"><span class='ocrx_word' id='word_1_33' title='bbox 449 562 663 620; x_wconf 86' lang='lat' dir='ltr'><strong>vocatis</strong></span> <span class='ocrx_word' id='word_1_34' title='bbox 711 563 845 619; x_wconf 89' lang='lat' dir='ltr'><strong>illud</strong></span> <span class='ocrx_word' id='word_1_35' title='bbox 894 564 1208 632; x_wconf 89' lang='lat' dir='ltr'><strong>minimum,</strong></span> <span class='ocrx_word' id='word_1_36' title='bbox 1235 580 1294 626; x_wconf 87' lang='lat' dir='ltr'><strong>et</strong></span> <span class='ocrx_word' id='word_1_37' title='bbox 1342 570 1634 631; x_wconf 87' lang='lat' dir='ltr'><strong>habetisne</strong></span> <span class='ocrx_word' id='word_1_38' title='bbox 1683 575 1820 630; x_wconf 90' lang='lat' dir='ltr'><strong>illud</strong></span> <span class='ocrx_word' id='word_1_39' title='bbox 1868 593 2034 633; x_wconf 87' lang='lat' dir='ltr'><strong>unam</strong></span> 
     </span>
    </p>
   </div>
   <div class='ocr_carea' id='block_1_8' title="bbox 419 653 2030 740">
    <p class='ocr_par' dir='ltr' id='par_1_8' title="bbox 419 653 2030 740">
     <span class='ocr_line' id='line_1_8' title="bbox 419 653 2030 740; baseline 0.011 -32"><span class='ocrx_word' id='word_1_40' title='bbox 419 673 421 675; x_wconf 57' lang='grc' dir='ltr'><strong>ί</strong></span> <span class='ocrx_word' id='word_1_41' title='bbox 450 653 706 710; x_wconf 82' lang='lat' dir='ltr'><strong>animalis</strong></span> <span class='ocrx_word' id='word_1_42' title='bbox 723 655 1071 726; x_wconf 88' lang='lat' dir='ltr'><strong>totalitatem,</strong></span> <span class='ocrx_word' id='word_1_43' title='bbox 1095 662 1336 718; x_wconf 85' lang='lat' dir='ltr'><strong>nec-ne?</strong></span> <span class='ocrx_word' id='word_1_44' title='bbox 1365 661 1422 719; x_wconf 92' lang='lat' dir='ltr'><strong>Si</strong></span> <span class='ocrx_word' id='word_1_45' title='bbox 1451 665 1601 722; x_wconf 90' lang='lat' dir='ltr'><strong>enim</strong></span> <span class='ocrx_word' id='word_1_46' title='bbox 1626 665 1683 722; x_wconf 89' lang='lat' dir='ltr'><strong>id</strong></span> <span class='ocrx_word' id='word_1_47' title='bbox 1699 683 1898 740; x_wconf 86' lang='lat' dir='ltr'><strong>negare</strong></span> <span class='ocrx_word' id='word_1_48' title='bbox 1918 685 2030 725; x_wconf 85' lang='lat' dir='ltr'><strong>non</strong></span> 
     </span>
    </p>
   </div>
   <div class='ocr_carea' id='block_1_9' title="bbox 449 744 2031 833">
    <p class='ocr_par' dir='ltr' id='par_1_9' title="bbox 449 744 2031 833">
     <span class='ocr_line' id='line_1_9' title="bbox 449 744 2031 833; baseline 0.01 -33"><span class='ocrx_word' id='word_1_49' title='bbox 449 744 615 800; x_wconf 91' lang='lat' dir='ltr'><strong>detur</strong></span> <span class='ocrx_word' id='word_1_50' title='bbox 648 746 828 814; x_wconf 86' lang='lat' dir='ltr'><strong>vobis,</strong></span> <span class='ocrx_word' id='word_1_51' title='bbox 869 751 1148 819; x_wconf 82' lang='lat' dir='ltr'><strong>quomodo</strong></span> <span class='ocrx_word' id='word_1_52' title='bbox 1178 751 1247 809; x_wconf 92' lang='lat' dir='ltr'><strong>de</strong></span> <span class='ocrx_word' id='word_1_53' title='bbox 1294 753 1384 811; x_wconf 90' lang='lat' dir='ltr'><strong>his</strong></span> <span class='ocrx_word' id='word_1_54' title='bbox 1427 773 1550 828; x_wconf 69' lang='lat' dir='ltr'><strong>quae</strong></span> <span class='ocrx_word' id='word_1_55' title='bbox 1591 768 1724 814; x_wconf 88' lang='lat' dir='ltr'><strong>sunt</strong></span> <span class='ocrx_word' id='word_1_56' title='bbox 1769 771 2031 833; x_wconf 89' lang='lat' dir='ltr'><strong>tanquam</strong></span> 
     </span>
    </p>
   </div>
   <div class='ocr_carea' id='block_1_10' title="bbox 447 833 2029 922">
    <p class='ocr_par' dir='ltr' id='par_1_10' title="bbox 447 833 2029 922">
     <span class='ocr_line' id='line_1_10' title="bbox 447 833 2029 922; baseline 0.013 -34"><span class='ocrx_word' id='word_1_57' title='bbox 447 833 517 890; x_wconf 89' lang='lat' dir='ltr'><strong>de</strong></span> <span class='ocrx_word' id='word_1_58' title='bbox 548 833 634 890; x_wconf 90' lang='lat' dir='ltr'><strong>his</strong></span> <span class='ocrx_word' id='word_1_59' title='bbox 653 851 777 906; x_wconf 60' lang='lat' dir='ltr'><strong>quae</strong></span> <span class='ocrx_word' id='word_1_60' title='bbox 805 852 919 893; x_wconf 89' lang='lat' dir='ltr'><strong>non</strong></span> <span class='ocrx_word' id='word_1_61' title='bbox 941 850 1072 897; x_wconf 87' lang='lat' dir='ltr'><strong>sunt</strong></span> <span class='ocrx_word' id='word_1_62' title='bbox 1097 841 1428 913; x_wconf 87' lang='lat' dir='ltr'><strong>loquimini?</strong></span> <span class='ocrx_word' id='word_1_63' title='bbox 1452 845 1560 902; x_wconf 87' lang='lat' dir='ltr'><strong>Sed</strong></span> <span class='ocrx_word' id='word_1_64' title='bbox 1591 848 1805 914; x_wconf 88' lang='lat' dir='ltr'><strong>talium,</strong></span> <span class='ocrx_word' id='word_1_65' title='bbox 1827 850 2029 922; x_wconf 89' lang='lat' dir='ltr'><strong>inquit,</strong></span> 
     </span>
    </p>
   </div>
   <div class='ocr_carea' id='block_1_11' title="bbox 445 925 2028 1011">
    <p class='ocr_par' dir='ltr' id='par_1_11' title="bbox 445 925 2028 1011">
     <span class='ocr_line' id='line_1_11' title="bbox 445 925 2028 1011; baseline 0.013 -32"><span class='ocrx_word' id='word_1_66' title='bbox 445 932 532 980; x_wconf 86' lang='lat' dir='ltr'><strong>est</strong></span> <span class='ocrx_word' id='word_1_67' title='bbox 557 925 745 982; x_wconf 91' lang='lat' dir='ltr'><strong>mistio</strong></span> <span class='ocrx_word' id='word_1_68' title='bbox 775 937 832 984; x_wconf 91' lang='lat' dir='ltr'><strong>et</strong></span> <span class='ocrx_word' id='word_1_69' title='bbox 859 929 1114 997; x_wconf 87' lang='lat' dir='ltr'><strong>confusio</strong></span> <span class='ocrx_word' id='word_1_70' title='bbox 1141 935 1348 1006; x_wconf 82' lang='lat' dir='ltr'><strong>speciei</strong></span> <span class='ocrx_word' id='word_1_71' title='bbox 1374 937 1530 1008; x_wconf 80' lang='lat' dir='ltr'><strong>juxta</strong></span> <span class='ocrx_word' id='word_1_72' title='bbox 1559 942 1975 1011; x_wconf 78' lang='lat' dir='ltr'><strong>generationem</strong></span> <span class='ocrx_word' id='word_1_73' title='bbox 2014 963 2028 999; x_wconf 89' lang='lat'><strong>:</strong></span> 
     </span>
    </p>
   </div>
   <div class='ocr_carea' id='block_1_12' title="bbox 447 1015 2026 1106">
    <p class='ocr_par' dir='ltr' id='par_1_12' title="bbox 447 1015 2026 1106">
     <span class='ocr_line' id='line_1_12' title="bbox 447 1015 2026 1106; baseline 0.015 -36"><span class='ocrx_word' id='word_1_74' title='bbox 447 1015 524 1072; x_wconf 90' lang='lat' dir='ltr'><strong>ita</strong></span> <span class='ocrx_word' id='word_1_75' title='bbox 557 1026 619 1072; x_wconf 89' lang='lat' dir='ltr'><strong>ut</strong></span> <span class='ocrx_word' id='word_1_76' title='bbox 641 1034 754 1074; x_wconf 90' lang='lat' dir='ltr'><strong>non</strong></span> <span class='ocrx_word' id='word_1_77' title='bbox 773 1020 1055 1093; x_wconf 88' lang='lat' dir='ltr'><strong>judicetur</strong></span> <span class='ocrx_word' id='word_1_78' title='bbox 1079 1025 1216 1081; x_wconf 86' lang='lat' dir='ltr'><strong>illud</strong></span> <span class='ocrx_word' id='word_1_79' title='bbox 1241 1043 1366 1085; x_wconf 90' lang='lat' dir='ltr'><strong>esse</strong></span> <span class='ocrx_word' id='word_1_80' title='bbox 1385 1029 1444 1084; x_wconf 92' lang='lat' dir='ltr'><strong>in</strong></span> <span class='ocrx_word' id='word_1_81' title='bbox 1475 1031 1610 1104; x_wconf 80' lang='lat' dir='ltr'><strong>ipsis</strong></span> <span class='ocrx_word' id='word_1_82' title='bbox 1630 1045 1843 1104; x_wconf 91' lang='lat' dir='ltr'><strong>partem</strong></span> <span class='ocrx_word' id='word_1_83' title='bbox 1874 1037 2026 1106; x_wconf 87' lang='lat' dir='ltr'><strong>equi,</strong></span> 
     </span>
    </p>
   </div>
   <div class='ocr_carea' id='block_1_13' title="bbox 444 1107 2030 1196">
    <p class='ocr_par' dir='ltr' id='par_1_13' title="bbox 444 1107 2030 1196">
     <span class='ocr_line' id='line_1_13' title="bbox 444 1107 2030 1196; baseline 0.015 -36"><span class='ocrx_word' id='word_1_84' title='bbox 444 1115 502 1161; x_wconf 91' lang='lat' dir='ltr'><strong>ct</strong></span> <span class='ocrx_word' id='word_1_85' title='bbox 521 1107 670 1166; x_wconf 89' lang='lat' dir='ltr'><strong>istud</strong></span> <span class='ocrx_word' id='word_1_86' title='bbox 713 1122 928 1182; x_wconf 90' lang='lat' dir='ltr'><strong>partem</strong></span> <span class='ocrx_word' id='word_1_87' title='bbox 974 1115 1140 1184; x_wconf 87' lang='lat' dir='ltr'><strong>asini,</strong></span> <span class='ocrx_word' id='word_1_88' title='bbox 1165 1117 1262 1174; x_wconf 90' lang='lat' dir='ltr'><strong>sed</strong></span> <span class='ocrx_word' id='word_1_89' title='bbox 1291 1121 1474 1177; x_wconf 90' lang='lat' dir='ltr'><strong>omnia</strong></span> <span class='ocrx_word' id='word_1_90' title='bbox 1499 1137 1620 1179; x_wconf 87' lang='lat' dir='ltr'><strong>esse</strong></span> <span class='ocrx_word' id='word_1_91' title='bbox 1647 1125 1892 1196; x_wconf 90' lang='lat' dir='ltr'><strong>ipsorum</strong></span> <span class='ocrx_word' id='word_1_92' title='bbox 1919 1128 2030 1184; x_wconf 85' lang='lat' dir='ltr'><strong>alia</strong></span> 
     </span>
    </p>
   </div>
   <div class='ocr_carea' id='block_1_14' title="bbox 445 1197 2027 1286">
    <p class='ocr_par' dir='ltr' id='par_1_14' title="bbox 445 1197 2027 1286">
     <span class='ocr_line' id='line_1_14' title="bbox 445 1197 2027 1286; baseline 0.015 -33"><span class='ocrx_word' id='word_1_93' title='bbox 445 1197 696 1258; x_wconf 85' lang='lat' dir='ltr'><strong>membra</strong></span> <span class='ocrx_word' id='word_1_94' title='bbox 749 1214 809 1260; x_wconf 91' lang='lat' dir='ltr'><strong>et</strong></span> <span class='ocrx_word' id='word_1_95' title='bbox 865 1205 1242 1265; x_wconf 87' lang='lat' dir='ltr'><strong>indistincta:</strong></span> <span class='ocrx_word' id='word_1_96' title='bbox 1295 1211 1342 1266; x_wconf 88' lang='lat' dir='ltr'><strong>si</strong></span> <span class='ocrx_word' id='word_1_97' title='bbox 1403 1213 1566 1270; x_wconf 85' lang='lat' dir='ltr'><strong>talem</strong></span> <span class='ocrx_word' id='word_1_98' title='bbox 1631 1216 1802 1286; x_wconf 81' lang='lat' dir='ltr'><strong>igitur</strong></span> <span class='ocrx_word' id='word_1_99' title='bbox 1849 1226 1907 1274; x_wconf 92' lang='lat' dir='ltr'><strong>et</strong></span> <span class='ocrx_word' id='word_1_100' title='bbox 1969 1219 2027 1276; x_wconf 91' lang='lat' dir='ltr'><strong>in</strong></span> 
     </span>
    </p>
   </div>
   <div class='ocr_carea' id='block_1_15' title="bbox 447 1291 2028 1378">
    <p class='ocr_par' dir='ltr' id='par_1_15' title="bbox 447 1291 2028 1378">
     <span class='ocr_line' id='line_1_15' title="bbox 447 1291 2028 1378; baseline 0.015 -33"><span class='ocrx_word' id='word_1_101' title='bbox 447 1291 668 1350; x_wconf 83' lang='lat' dir='ltr'><strong>Christo</strong></span> <span class='ocrx_word' id='word_1_102' title='bbox 715 1293 1030 1354; x_wconf 87' lang='lat' dir='ltr'><strong>mistionem</strong></span> <span class='ocrx_word' id='word_1_103' title='bbox 1079 1301 1518 1360; x_wconf 87' lang='lat' dir='ltr'><strong>substantiarum</strong></span> <span class='ocrx_word' id='word_1_104' title='bbox 1571 1301 1862 1378; x_wconf 85' lang='lat' dir='ltr'><strong>asseritis,</strong></span> <span class='ocrx_word' id='word_1_105' title='bbox 1927 1327 2028 1368; x_wconf 88' lang='lat' dir='ltr'><strong>vos</strong></span> 
     </span>
    </p>
   </div>
   <div class='ocr_carea' id='block_1_16' title="bbox 446 1385 2027 1486">
    <p class='ocr_par' dir='ltr' id='par_1_16' title="bbox 446 1385 2027 1486">
     <span class='ocr_line' id='line_1_16' title="bbox 446 1385 2027 1486; baseline 0.013 -46"><span class='ocrx_word' id='word_1_106' title='bbox 446 1385 616 1442; x_wconf 79' lang='lat' dir='ltr'><strong>dicite</strong></span> <span class='ocrx_word' id='word_1_107' title='bbox 671 1387 834 1446; x_wconf 89' lang='lat' dir='ltr'><strong>nobis</strong></span> <span class='ocrx_word' id='word_1_108' title='bbox 893 1391 1027 1462; x_wconf 92' lang='lat' dir='ltr'><strong>quid</strong></span> <span class='ocrx_word' id='word_1_109' title='bbox 1067 1393 1341 1450; x_wconf 88' lang='lat' dir='ltr'><strong>sentiatis.</strong></span> <span class='ocrx_word' id='word_1_110' title='bbox 1387 1395 1496 1452; x_wconf 88' lang='lat' dir='ltr'><strong>Sed</strong></span> <span class='ocrx_word' id='word_1_111' title='bbox 1541 1413 1651 1454; x_wconf 90' lang='lat' dir='ltr'><strong>non</strong></span> <span class='ocrx_word' id='word_1_112' title='bbox 1684 1400 1753 1455; x_wconf 90' lang='lat' dir='ltr'><strong>ad</strong></span> <span class='ocrx_word' id='word_1_113' title='bbox 1782 1402 2027 1486; x_wconf 53' lang='lat' dir='ltr'><strong>.demon-</strong></span> 
     </span>
    </p>
   </div>
   <div class='ocr_carea' id='block_1_17' title="bbox 441 1479 2028 1561">
    <p class='ocr_par' dir='ltr' id='par_1_17' title="bbox 441 1479 2028 1561">
     <span class='ocr_line' id='line_1_17' title="bbox 441 1479 2028 1561; baseline 0.013 -29"><span class='ocrx_word' id='word_1_114' title='bbox 441 1479 765 1535; x_wconf 88' lang='lat' dir='ltr'><strong>strationcm</strong></span> <span class='ocrx_word' id='word_1_115' title='bbox 795 1481 994 1538; x_wconf 85' lang='lat' dir='ltr'><strong>similis</strong></span> <span class='ocrx_word' id='word_1_116' title='bbox 1021 1483 1244 1541; x_wconf 88' lang='lat' dir='ltr'><strong>unionis</strong></span> <span class='ocrx_word' id='word_1_117' title='bbox 1277 1485 1395 1544; x_wconf 66' lang='lat' dir='ltr'><strong>haec</strong></span> <span class='ocrx_word' id='word_1_118' title='bbox 1414 1491 1756 1561; x_wconf 84' lang='lat' dir='ltr'><strong>accepimus,</strong></span> <span class='ocrx_word' id='word_1_119' title='bbox 1783 1479 1858 1549; x_wconf 72' lang='lat' dir='ltr'><strong>ad</strong></span> <span class='ocrx_word' id='word_1_120' title='bbox 1895 1511 2028 1552; x_wconf 88' lang='lat' dir='ltr'><strong>con-</strong></span> 
     </span>
    </p>
   </div>
   <div class='ocr_carea' id='block_1_18' title="bbox 437 1565 2024 1646">
    <p class='ocr_par' dir='ltr' id='par_1_18' title="bbox 437 1565 2024 1646">
     <span class='ocr_line' id='line_1_18' title="bbox 437 1565 2024 1646; baseline 0.014 -26"><span class='ocrx_word' id='word_1_121' title='bbox 437 1565 765 1625; x_wconf 85' lang='lat' dir='ltr'><strong>futationem</strong></span> <span class='ocrx_word' id='word_1_122' title='bbox 818 1587 954 1628; x_wconf 91' lang='lat' dir='ltr'><strong>vero</strong></span> <span class='ocrx_word' id='word_1_123' title='bbox 1015 1573 1074 1629; x_wconf 88' lang='lat' dir='ltr'><strong>in</strong></span> <span class='ocrx_word' id='word_1_124' title='bbox 1133 1590 1378 1646; x_wconf 82' lang='lat' dir='ltr'><strong>praesens</strong></span> <span class='ocrx_word' id='word_1_125' title='bbox 1437 1587 1655 1637; x_wconf 86' lang='lat' dir='ltr'><strong>tantum</strong></span> <span class='ocrx_word' id='word_1_126' title='bbox 1709 1591 2024 1642; x_wconf 89' lang='lat' dir='ltr'><strong>vestrorum</strong></span> 
     </span>
    </p>
   </div>
   <div class='ocr_carea' id='block_1_19' title="bbox 437 1662 2022 1745">
    <p class='ocr_par' dir='ltr' id='par_1_19' title="bbox 437 1662 2022 1745">
     <span class='ocr_line' id='line_1_19' title="bbox 437 1662 2022 1745; baseline 0.012 -32"><span class='ocrx_word' id='word_1_127' title='bbox 437 1662 826 1730; x_wconf 88' lang='lat' dir='ltr'><strong>oraculorum,</strong></span> <span class='ocrx_word' id='word_1_128' title='bbox 884 1674 1209 1736; x_wconf 89' lang='lat' dir='ltr'><strong>generatum</strong></span> <span class='ocrx_word' id='word_1_129' title='bbox 1275 1679 1538 1740; x_wconf 85' lang='lat' dir='ltr'><strong>oportere</strong></span> <span class='ocrx_word' id='word_1_130' title='bbox 1599 1687 1724 1730; x_wconf 90' lang='lat' dir='ltr'><strong>esse</strong></span> <span class='ocrx_word' id='word_1_131' title='bbox 1779 1674 2022 1745; x_wconf 80' lang='lat' dir='ltr'><strong>perfecte</strong></span> 
     </span>
    </p>
   </div>
   <div class='ocr_carea' id='block_1_20' title="bbox 2137 487 3729 581">
    <p class='ocr_par' dir='ltr' id='par_1_20' title="bbox 2137 487 3729 581">
     <span class='ocr_line' id='line_1_20' title="bbox 2137 487 3729 581; baseline 0.015 -39"><span class='ocrx_word' id='word_1_132' title='bbox 2137 487 2353 544; x_wconf 82' lang='grc' dir='ltr'>καλεῖτε</span> <span class='ocrx_word' id='word_1_133' title='bbox 2386 491 2447 545; x_wconf 85' lang='grc' dir='ltr'><strong>τὸ</strong></span> <span class='ocrx_word' id='word_1_134' title='bbox 2487 493 2684 564; x_wconf 81' lang='grc' dir='ltr'>μικρὸν</span> <span class='ocrx_word' id='word_1_135' title='bbox 2715 495 2854 564; x_wconf 86' lang='grc' dir='ltr'>τόδε,</span> <span class='ocrx_word' id='word_1_136' title='bbox 2886 499 2980 552; x_wconf 80' lang='grc' dir='ltr'><strong>καὶ</strong></span> <span class='ocrx_word' id='word_1_137' title='bbox 3016 500 3146 570; x_wconf 91' lang='grc' dir='ltr'>μίαν</span> <span class='ocrx_word' id='word_1_138' title='bbox 3176 503 3289 556; x_wconf 75' lang='grc' dir='ltr'>ἴστε</span> <span class='ocrx_word' id='word_1_139' title='bbox 3324 503 3465 570; x_wconf 81' lang='grc' dir='ltr'>ζώου</span> <span class='ocrx_word' id='word_1_140' title='bbox 3496 507 3729 581; x_wconf 78' lang='grc' dir='ltr'>ὀλότητα</span> 
     </span>
    </p>
   </div>
   <div class='ocr_carea' id='block_1_21' title="bbox 2133 579 3726 673">
    <p class='ocr_par' dir='ltr' id='par_1_21' title="bbox 2133 579 3726 673">
     <span class='ocr_line' id='line_1_21' title="bbox 2133 579 3726 673; baseline 0.014 -40"><span class='ocrx_word' id='word_1_141' title='bbox 2133 579 2315 648; x_wconf 85' lang='grc' dir='ltr'>τοῦτο,</span> <span class='ocrx_word' id='word_1_142' title='bbox 2340 583 2549 656; x_wconf 80' lang='grc' dir='ltr'>ἢούχί;</span> <span class='ocrx_word' id='word_1_143' title='bbox 2579 587 2628 638; x_wconf 81' lang='grc' dir='ltr'><strong>εί</strong></span> <span class='ocrx_word' id='word_1_144' title='bbox 2653 585 2760 658; x_wconf 79' lang='grc' dir='ltr'>γὰρ</span> <span class='ocrx_word' id='word_1_145' title='bbox 2784 590 2903 643; x_wconf 83' lang='grc' dir='ltr'>τόδε</span> <span class='ocrx_word' id='word_1_146' title='bbox 2923 591 3205 663; x_wconf 82' lang='grc' dir='ltr'><strong>ἀρνεῖσθαι</strong></span> <span class='ocrx_word' id='word_1_147' title='bbox 3226 597 3286 649; x_wconf 77' lang='grc' dir='ltr'><strong>οὐ</strong></span> <span class='ocrx_word' id='word_1_148' title='bbox 3321 597 3558 656; x_wconf 75' lang='grc' dir='ltr'>δυνατὸν</span> <span class='ocrx_word' id='word_1_149' title='bbox 3581 579 3726 673; x_wconf 74' lang='grc' dir='ltr'>ὑμῖν,</span> 
     </span>
    </p>
   </div>
   <div class='ocr_carea' id='block_1_22' title="bbox 2133 671 3722 763">
    <p class='ocr_par' dir='ltr' id='par_1_22' title="bbox 2133 671 3722 763">
     <span class='ocr_line' id='line_1_22' title="bbox 2133 671 3722 763; baseline 0.016 -38"><span class='ocrx_word' id='word_1_150' title='bbox 2133 671 2253 737; x_wconf 89' lang='grc' dir='ltr'><strong>πῶς</strong></span> <span class='ocrx_word' id='word_1_151' title='bbox 2269 675 2338 729; x_wconf 84' lang='grc' dir='ltr'>τὰ</span> <span class='ocrx_word' id='word_1_152' title='bbox 2368 674 2496 732; x_wconf 74' lang='grc' dir='ltr'>ὄντα</span> <span class='ocrx_word' id='word_1_153' title='bbox 2509 677 2584 742; x_wconf 86' lang='grc' dir='ltr'>ὠς</span> <span class='ocrx_word' id='word_1_154' title='bbox 2609 680 2685 752; x_wconf 80' lang='grc' dir='ltr'>μὴ</span> <span class='ocrx_word' id='word_1_155' title='bbox 2704 679 2830 761; x_wconf 75' lang='grc' dir='ltr'>ὄντα</span> <span class='ocrx_word' id='word_1_156' title='bbox 2844 681 3054 738; x_wconf 78' lang='grc' dir='ltr'>λαλεῖτε</span> <span class='ocrx_word' id='word_1_157' title='bbox 3079 701 3094 752; x_wconf 88' lang='grc'><strong>;</strong></span> <span class='ocrx_word' id='word_1_158' title='bbox 3121 683 3282 740; x_wconf 85' lang='grc' dir='ltr'>Ἀλλὰ</span> <span class='ocrx_word' id='word_1_159' title='bbox 3311 689 3422 744; x_wconf 86' lang='grc' dir='ltr'><strong>τῶν</strong></span> <span class='ocrx_word' id='word_1_160' title='bbox 3441 671 3722 763; x_wconf 72' lang='grc' dir='ltr'>τοιούτων,</span> 
     </span>
    </p>
   </div>
   <div class='ocr_carea' id='block_1_23' title="bbox 2134 758 3726 858">
    <p class='ocr_par' dir='ltr' id='par_1_23' title="bbox 2134 758 3726 858">
     <span class='ocr_line' id='line_1_23' title="bbox 2134 758 3726 858; baseline 0.016 -41"><span class='ocrx_word' id='word_1_161' title='bbox 2134 766 2270 836; x_wconf 69' lang='grc' dir='ltr'>φησι</span> <span class='ocrx_word' id='word_1_162' title='bbox 2298 768 2515 838; x_wconf 83' lang='grc' dir='ltr'>,κρᾶσίς</span> <span class='ocrx_word' id='word_1_163' title='bbox 2543 771 2662 824; x_wconf 79' lang='grc' dir='ltr'>ἐστι</span> <span class='ocrx_word' id='word_1_164' title='bbox 2703 758 2798 826; x_wconf 79' lang='grc' dir='ltr'><strong>καὶ</strong></span> <span class='ocrx_word' id='word_1_165' title='bbox 2828 774 3093 846; x_wconf 87' lang='grc' dir='ltr'>σύγχυσις</span> <span class='ocrx_word' id='word_1_166' title='bbox 3119 777 3216 832; x_wconf 85' lang='grc' dir='ltr'><strong>τοῦ</strong></span> <span class='ocrx_word' id='word_1_167' title='bbox 3246 779 3430 846; x_wconf 74' lang='grc' dir='ltr'>εἴδους</span> <span class='ocrx_word' id='word_1_168' title='bbox 3451 785 3609 839; x_wconf 81' lang='grc' dir='ltr'>κατὰ</span> 
     </span>
    </p>
   </div>
   <div class='ocr_carea' id='block_1_24' title="bbox 2138 855 3724 940">
    <p class='ocr_par' dir='ltr' id='par_1_24' title="bbox 2138 855 3724 940">
     <span class='ocr_line' id='line_1_24' title="bbox 2138 855 3724 940; baseline 0.013 -31"><span class='ocrx_word' id='word_1_169' title='bbox 2138 855 2430 928; x_wconf 82' lang='grc' dir='ltr'>γέννησιν”</span> <span class='ocrx_word' id='word_1_170' title='bbox 2465 859 2540 924; x_wconf 86' lang='grc' dir='ltr'>ὡς</span> <span class='ocrx_word' id='word_1_171' title='bbox 2573 861 2706 932; x_wconf 79' lang='grc' dir='ltr'>μηδὲ</span> <span class='ocrx_word' id='word_1_172' title='bbox 2737 864 3020 936; x_wconf 85' lang='grc' dir='ltr'>κρίνεσθαι</span> <span class='ocrx_word' id='word_1_173' title='bbox 3059 867 3181 922; x_wconf 85' lang='grc' dir='ltr'>τόδε</span> <span class='ocrx_word' id='word_1_174' title='bbox 3244 869 3346 940; x_wconf 85' lang='grc' dir='ltr'>μὲν</span> <span class='ocrx_word' id='word_1_175' title='bbox 3370 867 3512 927; x_wconf 75' lang='grc' dir='ltr'>εῖναι</span> <span class='ocrx_word' id='word_1_176' title='bbox 3560 875 3628 928; x_wconf 80' lang='grc' dir='ltr'>τὸ</span> <span class='ocrx_word' id='word_1_177' title='bbox 3669 855 3724 931; x_wconf 76' lang='grc' dir='ltr'><strong>έν</strong></span> 
     </span>
    </p>
   </div>
   <div class='ocr_carea' id='block_1_25' title="bbox 2132 945 3719 1020">
    <p class='ocr_par' dir='ltr' id='par_1_25' title="bbox 2132 945 3719 1020">
     <span class='ocr_line' id='line_1_25' title="bbox 2132 945 3719 1020; baseline 0.011 -21"><span class='ocrx_word' id='word_1_178' title='bbox 2132 945 2316 1011; x_wconf 80' lang='grc' dir='ltr'>αὐτοῖς</span> <span class='ocrx_word' id='word_1_179' title='bbox 2339 948 2505 1020; x_wconf 83' lang='grc' dir='ltr'><strong>μέρος</strong></span> <span class='ocrx_word' id='word_1_180' title='bbox 2537 950 2727 1019; x_wconf 81' lang='grc' dir='ltr'>ἵππου,</span> <span class='ocrx_word' id='word_1_181' title='bbox 2751 953 2844 1006; x_wconf 78' lang='grc' dir='ltr'>καὶ</span> <span class='ocrx_word' id='word_1_182' title='bbox 2869 953 2988 1008; x_wconf 89' lang='grc' dir='ltr'>τόδε</span> <span class='ocrx_word' id='word_1_183' title='bbox 3017 953 3164 1020; x_wconf 75' lang='grc' dir='ltr'>ὄνου,</span> <span class='ocrx_word' id='word_1_184' title='bbox 3193 957 3330 1011; x_wconf 75' lang='grc' dir='ltr'>ἀλλὰ</span> <span class='ocrx_word' id='word_1_185' title='bbox 3359 961 3544 1014; x_wconf 78' lang='grc' dir='ltr'>πάντα</span> <span class='ocrx_word' id='word_1_186' title='bbox 3579 957 3719 1017; x_wconf 68' lang='grc' dir='ltr'>εἶναι</span> 
     </span>
    </p>
   </div>
   <div class='ocr_carea' id='block_1_26' title="bbox 2130 1041 3718 1121">
    <p class='ocr_par' dir='ltr' id='par_1_26' title="bbox 2130 1041 3718 1121">
     <span class='ocr_line' id='line_1_26' title="bbox 2130 1041 3718 1121; baseline 0.01 -26"><span class='ocrx_word' id='word_1_187' title='bbox 2130 1041 2313 1097; x_wconf 83' lang='grc' dir='ltr'>αὐτῶν</span> <span class='ocrx_word' id='word_1_188' title='bbox 2357 1043 2546 1098; x_wconf 86' lang='grc' dir='ltr'>ἀλλοῖα</span> <span class='ocrx_word' id='word_1_189' title='bbox 2595 1047 2667 1100; x_wconf 83' lang='grc' dir='ltr'>τὰ</span> <span class='ocrx_word' id='word_1_190' title='bbox 2717 1047 2854 1121; x_wconf 84' lang='grc' dir='ltr'>μέλη</span> <span class='ocrx_word' id='word_1_191' title='bbox 2886 1049 2982 1103; x_wconf 78' lang='grc' dir='ltr'><strong>καὶ</strong></span> <span class='ocrx_word' id='word_1_192' title='bbox 3015 1049 3358 1120; x_wconf 77' lang='grc' dir='ltr'>ἅδιάγνωστα</span> <span class='ocrx_word' id='word_1_193' title='bbox 3381 1071 3394 1085; x_wconf 93' lang='grc'><strong>·</strong></span> <span class='ocrx_word' id='word_1_194' title='bbox 3426 1055 3477 1108; x_wconf 83' lang='grc' dir='ltr'><strong>εί</strong></span> <span class='ocrx_word' id='word_1_195' title='bbox 3502 1058 3718 1111; x_wconf 76' lang='grc' dir='ltr'><strong>τοιάνδε</strong></span> 
     </span>
    </p>
   </div>
   <div class='ocr_carea' id='block_1_27' title="bbox 2128 1125 3716 1214">
    <p class='ocr_par' dir='ltr' id='par_1_27' title="bbox 2128 1125 3716 1214">
     <span class='ocr_line' id='line_1_27' title="bbox 2128 1125 3716 1214; baseline 0.01 -31"><span class='ocrx_word' id='word_1_196' title='bbox 2128 1125 2224 1184; x_wconf 83' lang='grc' dir='ltr'>οὖν</span> <span class='ocrx_word' id='word_1_197' title='bbox 2255 1132 2352 1185; x_wconf 76' lang='grc' dir='ltr'><strong>καὶ</strong></span> <span class='ocrx_word' id='word_1_198' title='bbox 2390 1131 2489 1204; x_wconf 79' lang='grc' dir='ltr'>τὴν</span> <span class='ocrx_word' id='word_1_199' title='bbox 2535 1135 2602 1188; x_wconf 86' lang='grc' dir='ltr'>έν.</span> <span class='ocrx_word' id='word_1_200' title='bbox 2641 1135 2864 1207; x_wconf 85' lang='grc' dir='ltr'><strong>Χριστῷ</strong></span> <span class='ocrx_word' id='word_1_201' title='bbox 2915 1136 3114 1208; x_wconf 86' lang='grc' dir='ltr'>φύρσιν</span> <span class='ocrx_word' id='word_1_202' title='bbox 3163 1140 3275 1194; x_wconf 84' lang='grc' dir='ltr'><strong>τῶν</strong></span> <span class='ocrx_word' id='word_1_203' title='bbox 3321 1142 3528 1197; x_wconf 81' lang='grc' dir='ltr'>οὐσιῶν</span> <span class='ocrx_word' id='word_1_204' title='bbox 3559 1162 3716 1214; x_wconf 87' lang='grc' dir='ltr'>φατε,</span> 
     </span>
    </p>
   </div>
   <div class='ocr_carea' id='block_1_28' title="bbox 2131 1221 3718 1310">
    <p class='ocr_par' dir='ltr' id='par_1_28' title="bbox 2131 1221 3718 1310">
     <span class='ocr_line' id='line_1_28' title="bbox 2131 1221 3718 1310; baseline 0.011 -35"><span class='ocrx_word' id='word_1_205' title='bbox 2131 1221 2290 1293; x_wconf 79' lang='grc' dir='ltr'>ὑμεῖς</span> <span class='ocrx_word' id='word_1_206' title='bbox 2336 1223 2528 1279; x_wconf 69' lang='grc' dir='ltr'>εἴπατε</span> <span class='ocrx_word' id='word_1_207' title='bbox 2550 1227 2704 1298; x_wconf 77' lang='grc' dir='ltr'>ἡμῖν,</span> <span class='ocrx_word' id='word_1_208' title='bbox 2745 1228 2954 1297; x_wconf 74' lang='grc' dir='ltr'>φασίνσ</span> <span class='ocrx_word' id='word_1_209' title='bbox 2991 1230 3110 1284; x_wconf 80' lang='grc' dir='ltr'>ἀλλ’</span> <span class='ocrx_word' id='word_1_210' title='bbox 3133 1231 3196 1284; x_wconf 79' lang='grc' dir='ltr'><strong>οὐ</strong></span> <span class='ocrx_word' id='word_1_211' title='bbox 3239 1232 3380 1304; x_wconf 82' lang='grc' dir='ltr'>πρὸς</span> <span class='ocrx_word' id='word_1_212' title='bbox 3425 1235 3598 1300; x_wconf 78' lang='grc' dir='ltr'><strong>δεῖξιν</strong></span> <span class='ocrx_word' id='word_1_213' title='bbox 3620 1240 3718 1310; x_wconf 79' lang='grc' dir='ltr'>τῆς</span> 
     </span>
    </p>
   </div>
   <div class='ocr_carea' id='block_1_29' title="bbox 2128 1315 3714 1396">
    <p class='ocr_par' dir='ltr' id='par_1_29' title="bbox 2128 1315 3714 1396">
     <span class='ocr_line' id='line_1_29' title="bbox 2128 1315 3714 1396; baseline 0.011 -29"><span class='ocrx_word' id='word_1_214' title='bbox 2128 1315 2322 1386; x_wconf 81' lang='grc' dir='ltr'><strong>ὁμοίας</strong></span> <span class='ocrx_word' id='word_1_215' title='bbox 2348 1317 2594 1382; x_wconf 80' lang='grc' dir='ltr'>ἑνώσεως</span> <span class='ocrx_word' id='word_1_216' title='bbox 2609 1317 2736 1373; x_wconf 80' lang='grc' dir='ltr'>τάδε</span> <span class='ocrx_word' id='word_1_217' title='bbox 2756 1320 3200 1396; x_wconf 86' lang='grc' dir='ltr'>παρειλήφαμεν,</span> <span class='ocrx_word' id='word_1_218' title='bbox 3223 1318 3270 1379; x_wconf 81' lang='grc' dir='ltr'>ὧ</span> <span class='ocrx_word' id='word_1_219' title='bbox 3293 1319 3461 1392; x_wconf 73' lang='grc' dir='ltr'>οὗτοι,</span> <span class='ocrx_word' id='word_1_220' title='bbox 3486 1327 3610 1383; x_wconf 69' lang='grc' dir='ltr'>ἀλλ’</span> <span class='ocrx_word' id='word_1_221' title='bbox 3639 1333 3714 1393; x_wconf 76' lang='grc' dir='ltr'>εἰς</span> 
     </span>
    </p>
   </div>
   <div class='ocr_carea' id='block_1_30' title="bbox 2127 1407 3713 1492">
    <p class='ocr_par' dir='ltr' id='par_1_30' title="bbox 2127 1407 3713 1492">
     <span class='ocr_line' id='line_1_30' title="bbox 2127 1407 3713 1492; baseline 0.009 -30"><span class='ocrx_word' id='word_1_222' title='bbox 2127 1407 2441 1482; x_wconf 82' lang='grc' dir='ltr'>ἀνατροπὴν</span> <span class='ocrx_word' id='word_1_223' title='bbox 2472 1410 2650 1482; x_wconf 90' lang='grc' dir='ltr'>μόνων</span> <span class='ocrx_word' id='word_1_224' title='bbox 2679 1411 2791 1465; x_wconf 85' lang='grc' dir='ltr'><strong>τῶν</strong></span> <span class='ocrx_word' id='word_1_225' title='bbox 2823 1413 2960 1486; x_wconf 84' lang='grc' dir='ltr'>πρὸς</span> <span class='ocrx_word' id='word_1_226' title='bbox 2991 1415 3056 1468; x_wconf 78' lang='grc' dir='ltr'>τὸ</span> <span class='ocrx_word' id='word_1_227' title='bbox 3095 1416 3272 1487; x_wconf 85' lang='grc' dir='ltr'>παρὸν</span> <span class='ocrx_word' id='word_1_228' title='bbox 3299 1417 3595 1492; x_wconf 85' lang='grc' dir='ltr'>ὑμετέρων</span> <span class='ocrx_word' id='word_1_229' title='bbox 3625 1421 3713 1476; x_wconf 82' lang='grc' dir='ltr'><strong>θε-</strong></span> 
     </span>
    </p>
   </div>
   <div class='ocr_carea' id='block_1_31' title="bbox 2129 1499 3709 1572">
    <p class='ocr_par' dir='ltr' id='par_1_31' title="bbox 2129 1499 3709 1572">
     <span class='ocr_line' id='line_1_31' title="bbox 2129 1499 3709 1572; baseline 0.01 -22"><span class='ocrx_word' id='word_1_230' title='bbox 2129 1499 2476 1570; x_wconf 85' lang='grc' dir='ltr'>σπισμάτων,</span> <span class='ocrx_word' id='word_1_231' title='bbox 2517 1501 2804 1572; x_wconf 83' lang='grc' dir='ltr'>ὀμοούσιον</span> <span class='ocrx_word' id='word_1_232' title='bbox 2849 1503 3154 1571; x_wconf 82' lang='grc' dir='ltr'>ἀνελλιπῶς</span> <span class='ocrx_word' id='word_1_233' title='bbox 3183 1503 3324 1562; x_wconf 81' lang='grc' dir='ltr'>εἶναι</span> <span class='ocrx_word' id='word_1_234' title='bbox 3367 1508 3483 1565; x_wconf 81' lang='grc' dir='ltr'>δεῖν</span> <span class='ocrx_word' id='word_1_235' title='bbox 3511 1512 3709 1568; x_wconf 77' lang='grc' dir='ltr'>ἐκατέ-</span> 
     </span>
    </p>
   </div>
   <div class='ocr_carea' id='block_1_32' title="bbox 2128 1590 3711 1676">
    <p class='ocr_par' dir='ltr' id='par_1_32' title="bbox 2128 1590 3711 1676">
     <span class='ocr_line' id='line_1_32' title="bbox 2128 1590 3711 1676; baseline 0.01 -33"><span class='ocrx_word' id='word_1_236' title='bbox 2128 1607 2237 1662; x_wconf 89' lang='grc' dir='ltr'><strong>ρων</strong></span> <span class='ocrx_word' id='word_1_237' title='bbox 2267 1590 2378 1644; x_wconf 89' lang='grc' dir='ltr'><strong>τῶν</strong></span> <span class='ocrx_word' id='word_1_238' title='bbox 2401 1593 2638 1662; x_wconf 81' lang='grc' dir='ltr'>φύντων,</span> <span class='ocrx_word' id='word_1_239' title='bbox 2673 1593 2734 1649; x_wconf 82' lang='grc' dir='ltr'>τὸ</span> <span class='ocrx_word' id='word_1_240' title='bbox 2771 1597 3115 1669; x_wconf 82' lang='grc' dir='ltr'>γεννώμενον</span> <span class='ocrx_word' id='word_1_241' title='bbox 3139 1600 3550 1673; x_wconf 86' lang='grc' dir='ltr'>κηρυττόντων,</span> <span class='ocrx_word' id='word_1_242' title='bbox 3577 1604 3613 1676; x_wconf 80' lang='grc' dir='ltr'>ἢ</span> <span class='ocrx_word' id='word_1_243' title='bbox 3641 1605 3711 1674; x_wconf 73' lang='grc' dir='ltr'><strong>μὴ</strong></span> 
     </span>
    </p>
   </div>
   <div class='ocr_carea' id='block_1_33' title="bbox 2126 1683 3710 1768">
    <p class='ocr_par' dir='ltr' id='par_1_33' title="bbox 2126 1683 3710 1768">
     <span class='ocr_line' id='line_1_33' title="bbox 2126 1683 3710 1768; baseline 0.009 -32"><span class='ocrx_word' id='word_1_244' title='bbox 2126 1683 2410 1739; x_wconf 78' lang='grc' dir='ltr'>καλεῖσθαι</span> <span class='ocrx_word' id='word_1_245' title='bbox 2434 1687 2598 1742; x_wconf 82' lang='grc' dir='ltr'>αὑτὸν</span> <span class='ocrx_word' id='word_1_246' title='bbox 2637 1687 2767 1744; x_wconf 88' lang='grc' dir='ltr'>Υἱόν</span> <span class='ocrx_word' id='word_1_247' title='bbox 2787 1705 2804 1722; x_wconf 76' lang='grc' dir='ltr'><strong><em>ο</em></strong></span> <span class='ocrx_word' id='word_1_248' title='bbox 2841 1690 2959 1744; x_wconf 84' lang='grc' dir='ltr'>τόδε</span> <span class='ocrx_word' id='word_1_249' title='bbox 2995 1689 3089 1746; x_wconf 80' lang='grc' dir='ltr'><strong>οῦν</strong></span> <span class='ocrx_word' id='word_1_250' title='bbox 3115 1691 3248 1747; x_wconf 81' lang='grc' dir='ltr'>αὐτὸ</span> <span class='ocrx_word' id='word_1_251' title='bbox 3272 1693 3336 1749; x_wconf 80' lang='grc' dir='ltr'>τὸ</span> <span class='ocrx_word' id='word_1_252' title='bbox 3356 1698 3710 1768; x_wconf 73' lang='grc' dir='ltr'>πεφυρμένον</span> 
     </span>
    </p>
   </div>
   <div class='ocr_carea' id='block_1_34' title="bbox 437 1741 2008 1858">
    <p class='ocr_par' dir='ltr' id='par_1_34' title="bbox 437 1753 2008 1838">
     <span class='ocr_line' id='line_1_34' title="bbox 437 1753 2008 1838; baseline 0.013 -32"><span class='ocrx_word' id='word_1_253' title='bbox 437 1753 746 1811; x_wconf 82' lang='lat' dir='ltr'><strong>substantia</strong></span> <span class='ocrx_word' id='word_1_254' title='bbox 781 1757 1078 1831; x_wconf 81' lang='lat' dir='ltr'><strong>unicuique</strong></span> <span class='ocrx_word' id='word_1_255' title='bbox 1127 1759 1415 1832; x_wconf 85' lang='lat' dir='ltr'><strong>generanti</strong></span> <span class='ocrx_word' id='word_1_256' title='bbox 1461 1763 1705 1822; x_wconf 89' lang='lat' dir='ltr'><strong>similem</strong></span> <span class='ocrx_word' id='word_1_257' title='bbox 1757 1783 2008 1838; x_wconf 65' lang='lat' dir='ltr'><strong>pratum]-</strong></span> 
     </span>
    </p>
   </div>
   <div class='ocr_carea' id='block_1_35' title="bbox 2111 1741 3711 1858">
    <p class='ocr_par' dir='ltr' id='par_1_35' title="bbox 2125 1741 3711 1858">
     <span class='ocr_line' id='line_1_35' title="bbox 2580 1741 3708 1768; baseline 0.009 -10"><span class='ocrx_word' id='word_1_258' title='bbox 2580 1741 2586 1742; x_wconf 47' lang='grc' dir='ltr'>ί</span> <span class='ocrx_word' id='word_1_259' title='bbox 2647 1741 2657 1742; x_wconf 43' lang='grc' dir='ltr'>ί</span> <span class='ocrx_word' id='word_1_260' title='bbox 2718 1741 2757 1744; x_wconf 71' lang='lat'><strong>&quot;</strong></span> <span class='ocrx_word' id='word_1_261' title='bbox 2855 1741 2956 1744; x_wconf 80' lang='lat'><strong>&quot;&quot;</strong></span> <span class='ocrx_word' id='word_1_262' title='bbox 3003 1741 3080 1746; x_wconf 82' lang='lat'><strong>&quot;&#39;</strong></span> <span class='ocrx_word' id='word_1_263' title='bbox 3118 1741 3245 1747; x_wconf 75' lang='lat'><strong>&quot;“&#39;</strong></span> <span class='ocrx_word' id='word_1_264' title='bbox 3283 1741 3708 1768; x_wconf 74' lang='lat' dir='ltr'><strong>&quot;&quot;&quot;l&quot;l&#39;l&quot;&quot;&quot;</strong></span> 
     </span>
     <span class='ocr_line' id='line_1_36' title="bbox 2125 1775 3711 1858; baseline 0.006 -29"><span class='ocrx_word' id='word_1_265' title='bbox 2125 1775 2221 1830; x_wconf 71' lang='grc' dir='ltr'><strong>καὶ</strong></span> <span class='ocrx_word' id='word_1_266' title='bbox 2273 1775 2642 1846; x_wconf 78' lang='grc' dir='ltr'>ἀδιάγνωστον</span> <span class='ocrx_word' id='word_1_267' title='bbox 2690 1779 2786 1834; x_wconf 87' lang='grc' dir='ltr'><strong>τοῦ</strong></span> <span class='ocrx_word' id='word_1_268' title='bbox 2841 1781 3041 1849; x_wconf 70' lang='grc' dir='ltr'>εἴδους,</span> <span class='ocrx_word' id='word_1_269' title='bbox 3094 1785 3187 1838; x_wconf 73' lang='grc' dir='ltr'>ἐπὶ</span> <span class='ocrx_word' id='word_1_270' title='bbox 3249 1787 3460 1840; x_wconf 85' lang='grc' dir='ltr'>τούτων</span> <span class='ocrx_word' id='word_1_271' title='bbox 3507 1789 3711 1858; x_wconf 78' lang='grc' dir='ltr'>μᾶλλον</span> 
     </span>
    </p>
   </div>
   <div class='ocr_carea' id='block_1_36' title="bbox 439 1848 2023 1936">
    <p class='ocr_par' dir='ltr' id='par_1_36' title="bbox 439 1848 2023 1936">
     <span class='ocr_line' id='line_1_37' title="bbox 439 1848 2023 1936; baseline 0.011 -34"><span class='ocrx_word' id='word_1_272' title='bbox 439 1848 717 1917; x_wconf 90' lang='lat' dir='ltr'><strong>tiantium,</strong></span> <span class='ocrx_word' id='word_1_273' title='bbox 746 1862 842 1908; x_wconf 92' lang='lat' dir='ltr'><strong>aut</strong></span> <span class='ocrx_word' id='word_1_274' title='bbox 872 1851 1052 1926; x_wconf 82' lang='lat' dir='ltr'><strong>ipsum</strong></span> <span class='ocrx_word' id='word_1_275' title='bbox 1074 1871 1188 1912; x_wconf 90' lang='lat' dir='ltr'><strong>non</strong></span> <span class='ocrx_word' id='word_1_276' title='bbox 1211 1858 1396 1913; x_wconf 85' lang='lat' dir='ltr'><strong>vocari</strong></span> <span class='ocrx_word' id='word_1_277' title='bbox 1422 1858 1622 1915; x_wconf 90' lang='lat' dir='ltr'><strong>Filium</strong></span> <span class='ocrx_word' id='word_1_278' title='bbox 1647 1878 1660 1914; x_wconf 91' lang='lat'><strong>:</strong></span> <span class='ocrx_word' id='word_1_279' title='bbox 1687 1861 1826 1918; x_wconf 89' lang='lat' dir='ltr'><strong>illud</strong></span> <span class='ocrx_word' id='word_1_280' title='bbox 1852 1863 2023 1936; x_wconf 84' lang='lat' dir='ltr'><strong>igitur</strong></span> 
     </span>
    </p>
   </div>
   <div class='ocr_carea' id='block_1_37' title="bbox 435 1942 2020 2028">
    <p class='ocr_par' dir='ltr' id='par_1_37' title="bbox 435 1942 2020 2028">
     <span class='ocr_line' id='line_1_38' title="bbox 435 1942 2020 2028; baseline 0.013 -35"><span class='ocrx_word' id='word_1_281' title='bbox 435 1942 660 1996; x_wconf 89' lang='lat' dir='ltr'><strong>mistum</strong></span> <span class='ocrx_word' id='word_1_282' title='bbox 682 1952 738 1997; x_wconf 89' lang='lat' dir='ltr'><strong>et</strong></span> <span class='ocrx_word' id='word_1_283' title='bbox 763 1943 1148 2002; x_wconf 81' lang='lat' dir='ltr'><strong>indistinctum</strong></span> <span class='ocrx_word' id='word_1_284' title='bbox 1179 1949 1404 2018; x_wconf 86' lang='lat' dir='ltr'><strong>speciei,</strong></span> <span class='ocrx_word' id='word_1_285' title='bbox 1433 1949 1521 2007; x_wconf 85' lang='lat' dir='ltr'><strong>his</strong></span> <span class='ocrx_word' id='word_1_286' title='bbox 1545 1951 1614 2008; x_wconf 86' lang='lat' dir='ltr'><strong>de</strong></span> <span class='ocrx_word' id='word_1_287' title='bbox 1643 1953 1814 2010; x_wconf 81' lang='lat' dir='ltr'><strong>rebus</strong></span> <span class='ocrx_word' id='word_1_288' title='bbox 1845 1957 2020 2028; x_wconf 85' lang='lat' dir='ltr'><strong>magis</strong></span> 
     </span>
    </p>
   </div>
   <div class='ocr_carea' id='block_1_38' title="bbox 433 2031 2019 2110">
    <p class='ocr_par' dir='ltr' id='par_1_38' title="bbox 433 2031 2019 2110">
     <span class='ocr_line' id='line_1_39' title="bbox 433 2031 2019 2110; baseline 0.014 -26"><span class='ocrx_word' id='word_1_289' title='bbox 433 2031 746 2089; x_wconf 83' lang='lat' dir='ltr'><strong>confutahit</strong></span> <span class='ocrx_word' id='word_1_290' title='bbox 791 2044 1032 2092; x_wconf 83' lang='lat' dir='ltr'><strong>vestram</strong></span> <span class='ocrx_word' id='word_1_291' title='bbox 1063 2041 1544 2110; x_wconf 86' lang='lat' dir='ltr'><strong>propositionem:</strong></span> <span class='ocrx_word' id='word_1_292' title='bbox 1577 2043 1624 2100; x_wconf 86' lang='lat' dir='ltr'><strong>si</strong></span> <span class='ocrx_word' id='word_1_293' title='bbox 1665 2045 1815 2101; x_wconf 87' lang='lat' dir='ltr'><strong>enim</strong></span> <span class='ocrx_word' id='word_1_294' title='bbox 1855 2057 1912 2103; x_wconf 90' lang='lat' dir='ltr'><strong>et</strong></span> <span class='ocrx_word' id='word_1_295' title='bbox 1949 2047 2019 2106; x_wconf 91' lang='lat' dir='ltr'><strong>de</strong></span> 
     </span>
    </p>
   </div>
   <div class='ocr_carea' id='block_1_39' title="bbox 431 2121 2016 2198">
    <p class='ocr_par' dir='ltr' id='par_1_39' title="bbox 431 2121 2016 2198">
     <span class='ocr_line' id='line_1_40' title="bbox 431 2121 2016 2198; baseline 0.015 -24"><span class='ocrx_word' id='word_1_296' title='bbox 431 2121 520 2177; x_wconf 88' lang='lat' dir='ltr'><strong>his</strong></span> <span class='ocrx_word' id='word_1_297' title='bbox 545 2139 782 2194; x_wconf 87' lang='lat' dir='ltr'><strong>quorum</strong></span> <span class='ocrx_word' id='word_1_298' title='bbox 807 2127 963 2198; x_wconf 78' lang='lat' dir='ltr'><strong>juxta</strong></span> <span class='ocrx_word' id='word_1_299' title='bbox 987 2129 1299 2186; x_wconf 87' lang='lat' dir='ltr'><strong>membrum</strong></span> <span class='ocrx_word' id='word_1_300' title='bbox 1345 2133 1526 2190; x_wconf 92' lang='lat' dir='ltr'><strong>solum</strong></span> <span class='ocrx_word' id='word_1_301' title='bbox 1559 2136 1866 2194; x_wconf 87' lang='lat' dir='ltr'><strong>similitudo</strong></span> <span class='ocrx_word' id='word_1_302' title='bbox 1889 2155 2016 2196; x_wconf 91' lang='lat' dir='ltr'><strong>cum</strong></span> 
     </span>
    </p>
   </div>
   <div class='ocr_carea' id='block_1_40' title="bbox 431 2216 2018 2294">
    <p class='ocr_par' dir='ltr' id='par_1_40' title="bbox 431 2216 2018 2294">
     <span class='ocr_line' id='line_1_41' title="bbox 431 2216 2018 2294; baseline 0.014 -26"><span class='ocrx_word' id='word_1_303' title='bbox 431 2216 699 2272; x_wconf 90' lang='lat' dir='ltr'><strong>alterutro</strong></span> <span class='ocrx_word' id='word_1_304' title='bbox 739 2221 1126 2288; x_wconf 86' lang='lat' dir='ltr'><strong>generantium</strong></span> <span class='ocrx_word' id='word_1_305' title='bbox 1165 2238 1280 2280; x_wconf 88' lang='lat' dir='ltr'><strong>non</strong></span> <span class='ocrx_word' id='word_1_306' title='bbox 1315 2236 1591 2294; x_wconf 83' lang='lat' dir='ltr'><strong>servatur,</strong></span> <span class='ocrx_word' id='word_1_307' title='bbox 1617 2229 1721 2285; x_wconf 87' lang='lat' dir='ltr'><strong>ﬁlii</strong></span> <span class='ocrx_word' id='word_1_308' title='bbox 1754 2230 2018 2290; x_wconf 82' lang='lat' dir='ltr'><strong>dicuntur</strong></span> 
     </span>
    </p>
   </div>
   <div class='ocr_carea' id='block_1_41' title="bbox 315 2298 2013 2396">
    <p class='ocr_par' dir='ltr' id='par_1_41' title="bbox 315 2298 2013 2396">
     <span class='ocr_line' id='line_1_42' title="bbox 315 2298 2013 2396; baseline 0.014 -38"><span class='ocrx_word' id='word_1_309' title='bbox 315 2298 322 2307; x_wconf 73' lang='grc'><strong>“</strong></span> <span class='ocrx_word' id='word_1_310' title='bbox 429 2321 703 2378; x_wconf 88' lang='lat' dir='ltr'><strong>equorum</strong></span> <span class='ocrx_word' id='word_1_311' title='bbox 736 2311 1075 2380; x_wconf 66' lang='lat' dir='ltr'><strong>senii-asini,</strong></span> <span class='ocrx_word' id='word_1_312' title='bbox 1111 2323 1168 2371; x_wconf 86' lang='lat' dir='ltr'><strong>et</strong></span> <span class='ocrx_word' id='word_1_313' title='bbox 1210 2315 1312 2371; x_wconf 90' lang='lat' dir='ltr'><strong>ﬁlii</strong></span> <span class='ocrx_word' id='word_1_314' title='bbox 1353 2317 1638 2375; x_wconf 89' lang='lat' dir='ltr'><strong>asinorum</strong></span> <span class='ocrx_word' id='word_1_315' title='bbox 1685 2323 2013 2396; x_wconf 89' lang='lat' dir='ltr'><strong>semi-equi,</strong></span> 
     </span>
    </p>
   </div>
   <div class='ocr_carea' id='block_1_42' title="bbox 431 2394 2015 2479">
    <p class='ocr_par' dir='ltr' id='par_1_42' title="bbox 431 2394 2015 2479">
     <span class='ocr_line' id='line_1_43' title="bbox 431 2394 2015 2479; baseline 0.015 -30"><span class='ocrx_word' id='word_1_316' title='bbox 431 2398 711 2465; x_wconf 89' lang='lat' dir='ltr'><strong>quomodo</strong></span> <span class='ocrx_word' id='word_1_317' title='bbox 752 2409 978 2472; x_wconf 85' lang='lat' dir='ltr'><strong>propter</strong></span> <span class='ocrx_word' id='word_1_318' title='bbox 1023 2394 1268 2474; x_wconf 73' lang='lat' dir='ltr'><strong>aliquam</strong></span> <span class='ocrx_word' id='word_1_319' title='bbox 1315 2422 1384 2462; x_wconf 81' lang='lat' dir='ltr'><strong>ex</strong></span> <span class='ocrx_word' id='word_1_320' title='bbox 1415 2417 1571 2479; x_wconf 86' lang='lat' dir='ltr'><strong>parte</strong></span> <span class='ocrx_word' id='word_1_321' title='bbox 1601 2394 2015 2471; x_wconf 76' lang='lat' dir='ltr'><strong>dissimilitudi-</strong></span> 
     </span>
    </p>
   </div>
   <div class='ocr_carea' id='block_1_43' title="bbox 427 2493 2014 2574">
    <p class='ocr_par' dir='ltr' id='par_1_43' title="bbox 427 2493 2014 2574">
     <span class='ocr_line' id='line_1_44' title="bbox 427 2493 2014 2574; baseline 0.015 -33"><span class='ocrx_word' id='word_1_322' title='bbox 427 2502 580 2556; x_wconf 85' lang='lat' dir='ltr'><strong>nem,</strong></span> <span class='ocrx_word' id='word_1_323' title='bbox 627 2505 738 2546; x_wconf 89' lang='lat' dir='ltr'><strong>non</strong></span> <span class='ocrx_word' id='word_1_324' title='bbox 765 2507 928 2562; x_wconf 85' lang='lat' dir='ltr'><strong>posse</strong></span> <span class='ocrx_word' id='word_1_325' title='bbox 975 2493 1149 2551; x_wconf 82' lang='lat' dir='ltr'><strong>lilium</strong></span> <span class='ocrx_word' id='word_1_326' title='bbox 1198 2514 1395 2556; x_wconf 86' lang='lat' dir='ltr'><strong>vocare</strong></span> <span class='ocrx_word' id='word_1_327' title='bbox 1424 2502 1586 2556; x_wconf 88' lang='lat' dir='ltr'><strong>illum</strong></span> <span class='ocrx_word' id='word_1_328' title='bbox 1633 2504 1728 2574; x_wconf 91' lang='lat' dir='ltr'><strong>qui</strong></span> <span class='ocrx_word' id='word_1_329' title='bbox 1778 2521 1893 2562; x_wconf 84' lang='lat' dir='ltr'><strong>non</strong></span> <span class='ocrx_word' id='word_1_330' title='bbox 1927 2519 2014 2565; x_wconf 89' lang='lat' dir='ltr'><strong>est</strong></span> 
     </span>
    </p>
   </div>
   <div class='ocr_carea' id='block_1_44' title="bbox 428 2580 2012 2658">
    <p class='ocr_par' dir='ltr' id='par_1_44' title="bbox 428 2580 2012 2658">
     <span class='ocr_line' id='line_1_45' title="bbox 428 2580 2012 2658; baseline 0.013 -25"><span class='ocrx_word' id='word_1_331' title='bbox 428 2580 748 2637; x_wconf 79' lang='lat' dir='ltr'><strong>omnimodo</strong></span> <span class='ocrx_word' id='word_1_332' title='bbox 802 2584 1002 2640; x_wconf 87' lang='lat' dir='ltr'><strong>similis</strong></span> <span class='ocrx_word' id='word_1_333' title='bbox 1049 2588 1406 2658; x_wconf 78' lang='lat' dir='ltr'><strong>genitoribus</strong></span> <span class='ocrx_word' id='word_1_334' title='bbox 1453 2593 1822 2651; x_wconf 84' lang='lat' dir='ltr'><strong>asseruistis?</strong></span> <span class='ocrx_word' id='word_1_335' title='bbox 1868 2598 2012 2655; x_wconf 85' lang='lat' dir='ltr'><strong>Illud</strong></span> 
     </span>
    </p>
   </div>
   <div class='ocr_carea' id='block_1_45' title="bbox 428 2667 2010 2754">
    <p class='ocr_par' dir='ltr' id='par_1_45' title="bbox 428 2667 2010 2754">
     <span class='ocr_line' id='line_1_46' title="bbox 428 2667 2010 2754; baseline 0.013 -29"><span class='ocrx_word' id='word_1_336' title='bbox 428 2667 572 2726; x_wconf 82' lang='lat' dir='ltr'><strong>bene</strong></span> <span class='ocrx_word' id='word_1_337' title='bbox 601 2671 902 2729; x_wconf 91' lang='lat' dir='ltr'><strong>dicendum</strong></span> <span class='ocrx_word' id='word_1_338' title='bbox 941 2675 1224 2734; x_wconf 88' lang='lat' dir='ltr'><strong>haberetis</strong></span> <span class='ocrx_word' id='word_1_339' title='bbox 1263 2679 1407 2737; x_wconf 79' lang='lat' dir='ltr'><strong>forte</strong></span> <span class='ocrx_word' id='word_1_340' title='bbox 1443 2683 1552 2738; x_wconf 85' lang='lat' dir='ltr'><strong>illis</strong></span> <span class='ocrx_word' id='word_1_341' title='bbox 1591 2685 1686 2754; x_wconf 91' lang='lat' dir='ltr'><strong>qui</strong></span> <span class='ocrx_word' id='word_1_342' title='bbox 1727 2685 2010 2746; x_wconf 88' lang='lat' dir='ltr'><strong>Christum</strong></span> 
     </span>
    </p>
   </div>
   <div class='ocr_carea' id='block_1_46' title="bbox 425 2763 2011 2856">
    <p class='ocr_par' dir='ltr' id='par_1_46' title="bbox 425 2763 2011 2856">
     <span class='ocr_line' id='line_1_47' title="bbox 425 2763 2011 2856; baseline 0.014 -38"><span class='ocrx_word' id='word_1_343' title='bbox 425 2763 665 2820; x_wconf 81' lang='lat' dir='ltr'><strong>similem</strong></span> <span class='ocrx_word' id='word_1_344' title='bbox 700 2765 1016 2824; x_wconf 87' lang='lat' dir='ltr'><strong>substantia</strong></span> <span class='ocrx_word' id='word_1_345' title='bbox 1045 2784 1146 2825; x_wconf 90' lang='lat' dir='ltr'><strong>sua</strong></span> <span class='ocrx_word' id='word_1_346' title='bbox 1179 2773 1404 2842; x_wconf 88' lang='lat' dir='ltr'><strong>utrique</strong></span> <span class='ocrx_word' id='word_1_347' title='bbox 1441 2778 1660 2845; x_wconf 87' lang='lat' dir='ltr'><strong>parenti</strong></span> <span class='ocrx_word' id='word_1_348' title='bbox 1703 2794 1826 2837; x_wconf 90' lang='lat' dir='ltr'><strong>esse</strong></span> <span class='ocrx_word' id='word_1_349' title='bbox 1859 2785 2011 2856; x_wconf 84' lang='lat' dir='ltr'><strong>cogi-</strong></span> 
     </span>
    </p>
   </div>
   <div class='ocr_carea' id='block_1_47' title="bbox 427 2859 2011 2938">
    <p class='ocr_par' dir='ltr' id='par_1_47' title="bbox 427 2859 2011 2938">
     <span class='ocr_line' id='line_1_48' title="bbox 427 2859 2011 2938; baseline 0.013 -28"><span class='ocrx_word' id='word_1_350' title='bbox 427 2863 565 2920; x_wconf 90' lang='lat' dir='ltr'><strong>tant,</strong></span> <span class='ocrx_word' id='word_1_351' title='bbox 597 2872 711 2912; x_wconf 87' lang='lat' dir='ltr'><strong>non</strong></span> <span class='ocrx_word' id='word_1_352' title='bbox 741 2875 872 2914; x_wconf 84' lang='lat' dir='ltr'><strong>vero</strong></span> <span class='ocrx_word' id='word_1_353' title='bbox 897 2859 1063 2915; x_wconf 87' lang='lat' dir='ltr'><strong>nobis</strong></span> <span class='ocrx_word' id='word_1_354' title='bbox 1090 2861 1186 2932; x_wconf 90' lang='lat' dir='ltr'><strong>qui</strong></span> <span class='ocrx_word' id='word_1_355' title='bbox 1211 2863 1390 2932; x_wconf 89' lang='lat' dir='ltr'><strong>ipsius</strong></span> <span class='ocrx_word' id='word_1_356' title='bbox 1417 2882 1710 2938; x_wconf 87' lang='lat' dir='ltr'><strong>personam</strong></span> <span class='ocrx_word' id='word_1_357' title='bbox 1736 2885 1803 2926; x_wconf 82' lang='lat' dir='ltr'><strong>ex</strong></span> <span class='ocrx_word' id='word_1_358' title='bbox 1828 2873 2011 2932; x_wconf 87' lang='lat' dir='ltr'><strong>diver-</strong></span> 
     </span>
    </p>
   </div>
   <div class='ocr_carea' id='block_1_48' title="bbox 313 2947 1462 3026">
    <p class='ocr_par' dir='ltr' id='par_1_48' title="bbox 313 2947 1462 3026">
     <span class='ocr_line' id='line_1_49' title="bbox 313 2947 1462 3026; baseline 0.011 -25"><span class='ocrx_word' id='word_1_359' title='bbox 313 2956 315 2959; x_wconf 87' lang='lat'>&#39;</span> <span class='ocrx_word' id='word_1_360' title='bbox 423 2947 504 3002; x_wconf 80' lang='lat' dir='ltr'><strong>sis</strong></span> <span class='ocrx_word' id='word_1_361' title='bbox 525 2950 742 3006; x_wconf 80' lang='lat' dir='ltr'><strong>naturis</strong></span> <span class='ocrx_word' id='word_1_362' title='bbox 775 2954 1092 3011; x_wconf 87' lang='lat' dir='ltr'><strong>constitisse</strong></span> <span class='ocrx_word' id='word_1_363' title='bbox 1117 2956 1462 3026; x_wconf 89' lang='lat' dir='ltr'><strong>proﬁtemur.</strong></span> 
     </span>
    </p>
   </div>
   <div class='ocr_carea' id='block_1_49' title="bbox 491 3030 2008 3118">
    <p class='ocr_par' dir='ltr' id='par_1_49' title="bbox 491 3030 2008 3118">
     <span class='ocr_line' id='line_1_50' title="bbox 491 3030 2008 3118; baseline 0.015 -22"><span class='ocrx_word' id='word_1_364' title='bbox 491 3030 626 3107; x_wconf 63' lang='lat' dir='ltr'><strong>Quae</strong></span> <span class='ocrx_word' id='word_1_365' title='bbox 659 3043 884 3113; x_wconf 84' lang='lat' dir='ltr'><strong>quidem</strong></span> <span class='ocrx_word' id='word_1_366' title='bbox 911 3057 1042 3103; x_wconf 86' lang='lat' dir='ltr'><strong>sunt</strong></span> <span class='ocrx_word' id='word_1_367' title='bbox 1071 3047 1258 3104; x_wconf 87' lang='lat' dir='ltr'><strong>adhuc</strong></span> <span class='ocrx_word' id='word_1_368' title='bbox 1289 3065 1354 3106; x_wconf 91' lang='lat' dir='ltr'><strong>ea</strong></span> <span class='ocrx_word' id='word_1_369' title='bbox 1385 3051 1454 3108; x_wconf 91' lang='lat' dir='ltr'><strong>de</strong></span> <span class='ocrx_word' id='word_1_370' title='bbox 1490 3067 1551 3108; x_wconf 91' lang='lat' dir='ltr'><strong>re</strong></span> <span class='ocrx_word' id='word_1_371' title='bbox 1578 3059 1892 3118; x_wconf 87' lang='lat' dir='ltr'><strong>accuratius</strong></span> <span class='ocrx_word' id='word_1_372' title='bbox 1916 3062 2008 3118; x_wconf 84' lang='lat' dir='ltr'><strong>‘in-</strong></span> 
     </span>
    </p>
   </div>
   <div class='ocr_carea' id='block_1_50' title="bbox 424 3127 2007 3208">
    <p class='ocr_par' dir='ltr' id='par_1_50' title="bbox 424 3127 2007 3208">
     <span class='ocr_line' id='line_1_51' title="bbox 424 3127 2007 3208; baseline 0.018 -28"><span class='ocrx_word' id='word_1_373' title='bbox 424 3127 697 3196; x_wconf 90' lang='lat' dir='ltr'><strong>quirenda</strong></span> <span class='ocrx_word' id='word_1_374' title='bbox 723 3149 740 3185; x_wconf 86' lang='lat'><strong><em>:</em></strong></span> <span class='ocrx_word' id='word_1_375' title='bbox 771 3133 857 3187; x_wconf 85' lang='lat' dir='ltr'><strong>vel</strong></span> <span class='ocrx_word' id='word_1_376' title='bbox 885 3134 1035 3189; x_wconf 90' lang='lat' dir='ltr'><strong>enim</strong></span> <span class='ocrx_word' id='word_1_377' title='bbox 1057 3137 1232 3194; x_wconf 87' lang='lat' dir='ltr'><strong>totius</strong></span> <span class='ocrx_word' id='word_1_378' title='bbox 1261 3139 1568 3200; x_wconf 91' lang='lat' dir='ltr'><strong>similitudo</strong></span> <span class='ocrx_word' id='word_1_379' title='bbox 1596 3147 1759 3204; x_wconf 88' lang='lat' dir='ltr'><strong>vobis</strong></span> <span class='ocrx_word' id='word_1_380' title='bbox 1783 3151 2007 3208; x_wconf 89' lang='lat' dir='ltr'><strong>videtur</strong></span> 
     </span>
    </p>
   </div>
   <div class='ocr_carea' id='block_1_51' title="bbox 421 3217 2002 3312">
    <p class='ocr_par' dir='ltr' id='par_1_51' title="bbox 421 3217 2002 3312">
     <span class='ocr_line' id='line_1_52' title="bbox 421 3217 2002 3312; baseline 0.02 -41"><span class='ocrx_word' id='word_1_381' title='bbox 421 3217 744 3278; x_wconf 86' lang='lat' dir='ltr'><strong>tiliationem</strong></span> <span class='ocrx_word' id='word_1_382' title='bbox 778 3237 1179 3295; x_wconf 86' lang='lat' dir='ltr'><strong>repraesentare</strong></span> <span class='ocrx_word' id='word_1_383' title='bbox 1207 3232 1460 3300; x_wconf 90' lang='lat' dir='ltr'><strong>omnino,</strong></span> <span class='ocrx_word' id='word_1_384' title='bbox 1479 3237 1566 3292; x_wconf 92' lang='lat' dir='ltr'><strong>vel</strong></span> <span class='ocrx_word' id='word_1_385' title='bbox 1596 3253 1708 3296; x_wconf 89' lang='lat' dir='ltr'><strong>non</strong></span> <span class='ocrx_word' id='word_1_386' title='bbox 1742 3259 1756 3295; x_wconf 90' lang='lat'>:</span> <span class='ocrx_word' id='word_1_387' title='bbox 1788 3243 1836 3298; x_wconf 90' lang='lat' dir='ltr'><strong>si</strong></span> <span class='ocrx_word' id='word_1_388' title='bbox 1866 3259 2002 3312; x_wconf 91' lang='lat' dir='ltr'><strong>non,</strong></span> 
     </span>
    </p>
   </div>
   <div class='ocr_carea' id='block_1_52' title="bbox 418 3309 2004 3393">
    <p class='ocr_par' dir='ltr' id='par_1_52' title="bbox 418 3309 2004 3393">
     <span class='ocr_line' id='line_1_53' title="bbox 418 3309 2004 3393; baseline 0.018 -28"><span class='ocrx_word' id='word_1_389' title='bbox 418 3309 623 3368; x_wconf 82' lang='lat' dir='ltr'><strong>frustra</strong></span> <span class='ocrx_word' id='word_1_390' title='bbox 661 3317 912 3386; x_wconf 68' lang='lat' dir='ltr'><strong>quaeritis</strong></span> <span class='ocrx_word' id='word_1_391' title='bbox 943 3335 976 3375; x_wconf 90' lang='lat' dir='ltr'><strong>a</strong></span> <span class='ocrx_word' id='word_1_392' title='bbox 1009 3321 1175 3378; x_wconf 89' lang='lat' dir='ltr'><strong>nobis</strong></span> <span class='ocrx_word' id='word_1_393' title='bbox 1209 3339 1282 3379; x_wconf 86' lang='lat' dir='ltr'><strong>an</strong></span> <span class='ocrx_word' id='word_1_394' title='bbox 1323 3325 1397 3382; x_wconf 89' lang='lat' dir='ltr'><strong>sit</strong></span> <span class='ocrx_word' id='word_1_395' title='bbox 1425 3342 1590 3384; x_wconf 89' lang='lat' dir='ltr'><strong>causa</strong></span> <span class='ocrx_word' id='word_1_396' title='bbox 1625 3330 1902 3392; x_wconf 86' lang='lat' dir='ltr'><strong>liliationis</strong></span> <span class='ocrx_word' id='word_1_397' title='bbox 1932 3309 2004 3393; x_wconf 88' lang='lat' dir='ltr'><strong>ad</strong></span> 
     </span>
    </p>
   </div>
   <div class='ocr_carea' id='block_1_53' title="bbox 418 3401 2002 3488">
    <p class='ocr_par' dir='ltr' id='par_1_53' title="bbox 418 3401 2002 3488">
     <span class='ocr_line' id='line_1_54' title="bbox 418 3401 2002 3488; baseline 0.018 -32"><span class='ocrx_word' id='word_1_398' title='bbox 418 3401 596 3472; x_wconf 87' lang='lat' dir='ltr'><strong>ipsius</strong></span> <span class='ocrx_word' id='word_1_399' title='bbox 635 3407 1170 3470; x_wconf 88' lang='lat' dir='ltr'><strong>demonstrationem</strong></span> <span class='ocrx_word' id='word_1_400' title='bbox 1201 3435 1214 3470; x_wconf 89' lang='lat'><strong>:</strong></span> <span class='ocrx_word' id='word_1_401' title='bbox 1242 3419 1428 3488; x_wconf 91' lang='lat' dir='ltr'><strong>quoad</strong></span> <span class='ocrx_word' id='word_1_402' title='bbox 1461 3421 1614 3476; x_wconf 89' lang='lat' dir='ltr'><strong>enim</strong></span> <span class='ocrx_word' id='word_1_403' title='bbox 1653 3423 2002 3486; x_wconf 88' lang='lat' dir='ltr'><strong>demonstra-</strong></span> 
     </span>
    </p>
   </div>
   <div class='ocr_carea' id='block_1_54' title="bbox 420 3493 2002 3592">
    <p class='ocr_par' dir='ltr' id='par_1_54' title="bbox 420 3493 2002 3592">
     <span class='ocr_line' id='line_1_55' title="bbox 420 3493 2002 3592; baseline 0.02 -46"><span class='ocrx_word' id='word_1_404' title='bbox 420 3493 620 3562; x_wconf 89' lang='lat' dir='ltr'><strong>tiones,</strong></span> <span class='ocrx_word' id='word_1_405' title='bbox 653 3514 756 3569; x_wconf 90' lang='lat' dir='ltr'><strong>per</strong></span> <span class='ocrx_word' id='word_1_406' title='bbox 794 3517 990 3561; x_wconf 86' lang='lat' dir='ltr'><strong>causas</strong></span> <span class='ocrx_word' id='word_1_407' title='bbox 1021 3505 1184 3562; x_wconf 89' lang='lat' dir='ltr'><strong>istam</strong></span> <span class='ocrx_word' id='word_1_408' title='bbox 1219 3513 1487 3568; x_wconf 90' lang='lat' dir='ltr'><strong>constitui</strong></span> <span class='ocrx_word' id='word_1_409' title='bbox 1519 3513 1844 3574; x_wconf 86' lang='lat' dir='ltr'><strong>ﬁliationem</strong></span> <span class='ocrx_word' id='word_1_410' title='bbox 1869 3537 2002 3592; x_wconf 90' lang='lat' dir='ltr'><strong>per-</strong></span> 
     </span>
    </p>
   </div>
   <div class='ocr_carea' id='block_1_55' title="bbox 415 3589 2000 3671">
    <p class='ocr_par' dir='ltr' id='par_1_55' title="bbox 415 3589 2000 3671">
     <span class='ocr_line' id='line_1_56' title="bbox 415 3589 2000 3671; baseline 0.018 -33"><span class='ocrx_word' id='word_1_411' title='bbox 415 3599 640 3642; x_wconf 87' lang='lat' dir='ltr'><strong>suasum</strong></span> <span class='ocrx_word' id='word_1_412' title='bbox 689 3589 906 3648; x_wconf 87' lang='lat' dir='ltr'><strong>habetis</strong></span> <span class='ocrx_word' id='word_1_413' title='bbox 943 3601 1201 3652; x_wconf 88' lang='lat' dir='ltr'><strong>tantum:</strong></span> <span class='ocrx_word' id='word_1_414' title='bbox 1233 3600 1408 3671; x_wconf 81' lang='lat' dir='ltr'><strong>igitur</strong></span> <span class='ocrx_word' id='word_1_415' title='bbox 1445 3603 1584 3660; x_wconf 86' lang='lat' dir='ltr'><strong>Abel</strong></span> <span class='ocrx_word' id='word_1_416' title='bbox 1633 3606 1834 3664; x_wconf 89' lang='lat' dir='ltr'><strong>similis</strong></span> <span class='ocrx_word' id='word_1_417' title='bbox 1863 3589 2000 3667; x_wconf 67' lang='lat' dir='ltr'><strong>Cain</strong></span> 
     </span>
    </p>
   </div>
   <div class='ocr_carea' id='block_1_56' title="bbox 409 3677 1997 3770">
    <p class='ocr_par' dir='ltr' id='par_1_56' title="bbox 409 3677 1997 3770">
     <span class='ocr_line' id='line_1_57' title="bbox 409 3677 1997 3770; baseline 0.018 -40"><span class='ocrx_word' id='word_1_418' title='bbox 409 3677 566 3746; x_wconf 61' lang='lat' dir='ltr'><strong>juxta</strong></span> <span class='ocrx_word' id='word_1_419' title='bbox 595 3687 766 3738; x_wconf 85' lang='lat' dir='ltr'><strong>totam</strong></span> <span class='ocrx_word' id='word_1_420' title='bbox 802 3683 978 3766; x_wconf 89' lang='lat' dir='ltr'><strong>ipsius</strong></span> <span class='ocrx_word' id='word_1_421' title='bbox 1010 3689 1376 3749; x_wconf 87' lang='lat' dir='ltr'><strong>substantiam</strong></span> <span class='ocrx_word' id='word_1_422' title='bbox 1401 3703 1458 3750; x_wconf 92' lang='lat' dir='ltr'><strong>et</strong></span> <span class='ocrx_word' id='word_1_423' title='bbox 1487 3695 1636 3752; x_wconf 90' lang='lat' dir='ltr'><strong>ﬁlius</strong></span> <span class='ocrx_word' id='word_1_424' title='bbox 1665 3699 1820 3755; x_wconf 77' lang='lat' dir='ltr'><strong>illius</strong></span> <span class='ocrx_word' id='word_1_425' title='bbox 1855 3711 1997 3770; x_wconf 86' lang='lat' dir='ltr'><strong>erat,</strong></span> 
     </span>
    </p>
   </div>
   <div class='ocr_carea' id='block_1_57' title="bbox 413 3770 1999 3865">
    <p class='ocr_par' dir='ltr' id='par_1_57' title="bbox 413 3770 1999 3865">
     <span class='ocr_line' id='line_1_58' title="bbox 413 3770 1999 3865; baseline 0.017 -41"><span class='ocrx_word' id='word_1_426' title='bbox 413 3777 472 3824; x_wconf 88' lang='lat' dir='ltr'><strong>et</strong></span> <span class='ocrx_word' id='word_1_427' title='bbox 525 3770 655 3828; x_wconf 89' lang='lat' dir='ltr'><strong>ideo</strong></span> <span class='ocrx_word' id='word_1_428' title='bbox 699 3773 822 3843; x_wconf 90' lang='lat' dir='ltr'><strong>ﬁlii,</strong></span> <span class='ocrx_word' id='word_1_429' title='bbox 863 3793 978 3834; x_wconf 90' lang='lat' dir='ltr'><strong>non</strong></span> <span class='ocrx_word' id='word_1_430' title='bbox 996 3782 1180 3838; x_wconf 84' lang='lat' dir='ltr'><strong>fratris</strong></span> <span class='ocrx_word' id='word_1_431' title='bbox 1228 3783 1600 3843; x_wconf 86' lang='lat' dir='ltr'><strong>interfector?</strong></span> <span class='ocrx_word' id='word_1_432' title='bbox 1637 3789 1745 3846; x_wconf 88' lang='lat' dir='ltr'><strong>Sed</strong></span> <span class='ocrx_word' id='word_1_433' title='bbox 1791 3793 1999 3865; x_wconf 92' lang='lat' dir='ltr'><strong>quippe</strong></span> 
     </span>
    </p>
   </div>
   <div class='ocr_carea' id='block_1_58' title="bbox 414 3861 2000 3942">
    <p class='ocr_par' dir='ltr' id='par_1_58' title="bbox 414 3861 2000 3942">
     <span class='ocr_line' id='line_1_59' title="bbox 414 3861 2000 3942; baseline 0.016 -27"><span class='ocrx_word' id='word_1_434' title='bbox 414 3861 680 3920; x_wconf 88' lang='lat' dir='ltr'><strong>similium</strong></span> <span class='ocrx_word' id='word_1_435' title='bbox 709 3881 870 3937; x_wconf 60' lang='lat' dir='ltr'><strong>mque</strong></span> <span class='ocrx_word' id='word_1_436' title='bbox 903 3877 990 3926; x_wconf 87' lang='lat' dir='ltr'><strong>est</strong></span> <span class='ocrx_word' id='word_1_437' title='bbox 1033 3873 1255 3940; x_wconf 82' lang='lat' dir='ltr'><strong>relatio,</strong></span> <span class='ocrx_word' id='word_1_438' title='bbox 1308 3887 1366 3930; x_wconf 88' lang='lat' dir='ltr'><strong>et</strong></span> <span class='ocrx_word' id='word_1_439' title='bbox 1407 3876 1543 3933; x_wconf 89' lang='lat' dir='ltr'><strong>Cain</strong></span> <span class='ocrx_word' id='word_1_440' title='bbox 1592 3861 1825 3937; x_wconf 69' lang='lat' dir='ltr'><strong>scilicet</strong></span> <span class='ocrx_word' id='word_1_441' title='bbox 1853 3861 2000 3942; x_wconf 78' lang='lat' dir='ltr'><strong>ﬁlius</strong></span> 
     </span>
    </p>
   </div>
   <div class='ocr_carea' id='block_1_59' title="bbox 410 3954 1996 4044">
    <p class='ocr_par' dir='ltr' id='par_1_59' title="bbox 410 3954 1996 4044">
     <span class='ocr_line' id='line_1_60' title="bbox 410 3954 1996 4044; baseline 0.015 -36"><span class='ocrx_word' id='word_1_442' title='bbox 410 3954 552 4010; x_wconf 80' lang='lat' dir='ltr'><strong>Abel</strong></span> <span class='ocrx_word' id='word_1_443' title='bbox 582 3956 845 4014; x_wconf 87' lang='lat' dir='ltr'><strong>similiter</strong></span> <span class='ocrx_word' id='word_1_444' title='bbox 872 3961 980 4016; x_wconf 90' lang='lat' dir='ltr'><strong>erit</strong></span> <span class='ocrx_word' id='word_1_445' title='bbox 1013 3979 1026 4016; x_wconf 93' lang='lat'><strong>:</strong></span> <span class='ocrx_word' id='word_1_446' title='bbox 1062 3963 1235 4036; x_wconf 80' lang='lat' dir='ltr'><strong>igitur</strong></span> <span class='ocrx_word' id='word_1_447' title='bbox 1259 3981 1394 4038; x_wconf 84' lang='lat' dir='ltr'><strong>ergo</strong></span> <span class='ocrx_word' id='word_1_448' title='bbox 1410 3977 1468 4022; x_wconf 87' lang='lat' dir='ltr'><strong>et</strong></span> <span class='ocrx_word' id='word_1_449' title='bbox 1496 3971 1672 4040; x_wconf 86' lang='lat' dir='ltr'><strong>patris</strong></span> <span class='ocrx_word' id='word_1_450' title='bbox 1695 3973 1884 4044; x_wconf 90' lang='lat' dir='ltr'><strong>potius</strong></span> <span class='ocrx_word' id='word_1_451' title='bbox 1911 3975 1996 4030; x_wconf 89' lang='lat' dir='ltr'><strong>in-</strong></span> 
     </span>
    </p>
   </div>
   <div class='ocr_carea' id='block_1_60' title="bbox 411 4045 1995 4134">
    <p class='ocr_par' dir='ltr' id='par_1_60' title="bbox 411 4045 1995 4134">
     <span class='ocr_line' id='line_1_61' title="bbox 411 4045 1995 4134; baseline 0.015 -36"><span class='ocrx_word' id='word_1_452' title='bbox 411 4045 684 4102; x_wconf 87' lang='lat' dir='ltr'><strong>terfector</strong></span> <span class='ocrx_word' id='word_1_453' title='bbox 704 4055 792 4104; x_wconf 91' lang='lat' dir='ltr'><strong>est</strong></span> <span class='ocrx_word' id='word_1_454' title='bbox 824 4068 837 4104; x_wconf 90' lang='lat'><strong>:</strong></span> <span class='ocrx_word' id='word_1_455' title='bbox 871 4049 1080 4109; x_wconf 88' lang='lat' dir='ltr'><strong>idcirco</strong></span> <span class='ocrx_word' id='word_1_456' title='bbox 1134 4063 1193 4110; x_wconf 93' lang='lat' dir='ltr'><strong>et</strong></span> <span class='ocrx_word' id='word_1_457' title='bbox 1224 4054 1281 4111; x_wconf 85' lang='lat' dir='ltr'><strong>in</strong></span> <span class='ocrx_word' id='word_1_458' title='bbox 1315 4057 1511 4114; x_wconf 91' lang='lat' dir='ltr'><strong>eodem</strong></span> <span class='ocrx_word' id='word_1_459' title='bbox 1545 4057 1694 4117; x_wconf 89' lang='lat' dir='ltr'><strong>ﬁlius</strong></span> <span class='ocrx_word' id='word_1_460' title='bbox 1725 4072 1782 4118; x_wconf 87' lang='lat' dir='ltr'><strong>et</strong></span> <span class='ocrx_word' id='word_1_461' title='bbox 1813 4073 1995 4134; x_wconf 88' lang='lat' dir='ltr'><strong>pater,</strong></span> 
     </span>
    </p>
   </div>
   <div class='ocr_carea' id='block_1_61' title="bbox 413 4137 1996 4229">
    <p class='ocr_par' dir='ltr' id='par_1_61' title="bbox 413 4137 1996 4229">
     <span class='ocr_line' id='line_1_62' title="bbox 413 4137 1996 4229; baseline 0.015 -38"><span class='ocrx_word' id='word_1_462' title='bbox 413 4145 472 4224; x_wconf 81' lang='lat' dir='ltr'><strong>et</strong></span> <span class='ocrx_word' id='word_1_463' title='bbox 495 4137 668 4196; x_wconf 88' lang='lat' dir='ltr'><strong>frater</strong></span> <span class='ocrx_word' id='word_1_464' title='bbox 691 4152 812 4198; x_wconf 91' lang='lat' dir='ltr'><strong>erat</strong></span> <span class='ocrx_word' id='word_1_465' title='bbox 833 4142 970 4200; x_wconf 79' lang='lat' dir='ltr'><strong>Cain</strong></span> <span class='ocrx_word' id='word_1_466' title='bbox 995 4145 1092 4216; x_wconf 90' lang='lat' dir='ltr'><strong>qui</strong></span> <span class='ocrx_word' id='word_1_467' title='bbox 1127 4145 1284 4203; x_wconf 90' lang='lat' dir='ltr'><strong>illum</strong></span> <span class='ocrx_word' id='word_1_468' title='bbox 1313 4149 1540 4218; x_wconf 88' lang='lat' dir='ltr'><strong>occidit,</strong></span> <span class='ocrx_word' id='word_1_469' title='bbox 1587 4153 1724 4210; x_wconf 87' lang='lat' dir='ltr'><strong>Abel</strong></span> <span class='ocrx_word' id='word_1_470' title='bbox 1765 4155 1836 4212; x_wconf 90' lang='lat' dir='ltr'><strong>ab</strong></span> <span class='ocrx_word' id='word_1_471' title='bbox 1874 4158 1996 4229; x_wconf 92' lang='lat' dir='ltr'><strong>ipso</strong></span> 
     </span>
    </p>
   </div>
   <div class='ocr_carea' id='block_1_62' title="bbox 407 4215 1998 4314">
    <p class='ocr_par' dir='ltr' id='par_1_62' title="bbox 407 4215 1998 4314">
     <span class='ocr_line' id='line_1_63' title="bbox 407 4215 1998 4314; baseline 0.014 -31"><span class='ocrx_word' id='word_1_472' title='bbox 407 4215 782 4290; x_wconf 75' lang='lat' dir='ltr'><strong>interfectus:</strong></span> <span class='ocrx_word' id='word_1_473' title='bbox 815 4244 872 4292; x_wconf 91' lang='lat' dir='ltr'><strong>et</strong></span> <span class='ocrx_word' id='word_1_474' title='bbox 909 4215 1046 4294; x_wconf 80' lang='lat' dir='ltr'><strong>Cain</strong></span> <span class='ocrx_word' id='word_1_475' title='bbox 1074 4237 1173 4294; x_wconf 87' lang='lat' dir='ltr'><strong>ﬁlii</strong></span> <span class='ocrx_word' id='word_1_476' title='bbox 1205 4249 1262 4298; x_wconf 90' lang='lat' dir='ltr'><strong>et</strong></span> <span class='ocrx_word' id='word_1_477' title='bbox 1309 4243 1488 4314; x_wconf 91' lang='lat' dir='ltr'><strong>patris</strong></span> <span class='ocrx_word' id='word_1_478' title='bbox 1518 4215 1576 4300; x_wconf 87' lang='lat' dir='ltr'><strong>et</strong></span> <span class='ocrx_word' id='word_1_479' title='bbox 1604 4243 1795 4302; x_wconf 81' lang='lat' dir='ltr'><strong>fratris</strong></span> <span class='ocrx_word' id='word_1_480' title='bbox 1824 4215 1998 4305; x_wconf 65' lang='lat' dir='ltr'><strong>inter-</strong></span> 
     </span>
    </p>
   </div>
   <div class='ocr_carea' id='block_1_63' title="bbox 409 4323 1998 4398">
    <p class='ocr_par' dir='ltr' id='par_1_63' title="bbox 409 4323 1998 4398">
     <span class='ocr_line' id='line_1_64' title="bbox 409 4323 1998 4398; baseline 0.013 -20"><span class='ocrx_word' id='word_1_481' title='bbox 409 4323 592 4380; x_wconf 88' lang='lat' dir='ltr'><strong>fector</strong></span> <span class='ocrx_word' id='word_1_482' title='bbox 617 4342 636 4382; x_wconf 87' lang='lat'><strong>:</strong></span> <span class='ocrx_word' id='word_1_483' title='bbox 670 4328 798 4398; x_wconf 90' lang='lat' dir='ltr'><strong>quis</strong></span> <span class='ocrx_word' id='word_1_484' title='bbox 827 4345 958 4386; x_wconf 89' lang='lat' dir='ltr'><strong>vere</strong></span> <span class='ocrx_word' id='word_1_485' title='bbox 989 4347 1102 4388; x_wconf 89' lang='lat' dir='ltr'><strong>non</strong></span> <span class='ocrx_word' id='word_1_486' title='bbox 1132 4333 1392 4392; x_wconf 87' lang='lat' dir='ltr'><strong>irridedit</strong></span> <span class='ocrx_word' id='word_1_487' title='bbox 1429 4345 1648 4394; x_wconf 88' lang='lat' dir='ltr'><strong>vestras</strong></span> <span class='ocrx_word' id='word_1_488' title='bbox 1681 4338 1874 4398; x_wconf 91' lang='lat' dir='ltr'><strong>inanes</strong></span> <span class='ocrx_word' id='word_1_489' title='bbox 1903 4356 1998 4398; x_wconf 88' lang='lat' dir='ltr'><strong>co-</strong></span> 
     </span>
    </p>
   </div>
   <div class='ocr_carea' id='block_1_64' title="bbox 2121 1864 3704 1952">
    <p class='ocr_par' dir='ltr' id='par_1_64' title="bbox 2121 1864 3704 1952">
     <span class='ocr_line' id='line_1_65' title="bbox 2121 1864 3704 1952; baseline 0.012 -34"><span class='ocrx_word' id='word_1_490' title='bbox 2121 1864 2418 1952; x_wconf 56' lang='grc' dir='ltr'>ανατρέψει</span> <span class='ocrx_word' id='word_1_491' title='bbox 2439 1868 2540 1939; x_wconf 82' lang='grc' dir='ltr'><strong>τὴν</strong></span> <span class='ocrx_word' id='word_1_492' title='bbox 2578 1869 2852 1942; x_wconf 81' lang='grc' dir='ltr'>ὑμετέραν</span> <span class='ocrx_word' id='word_1_493' title='bbox 2887 1874 3224 1941; x_wconf 74' lang='grc' dir='ltr'>ἀπόφανσινσ</span> <span class='ocrx_word' id='word_1_494' title='bbox 3265 1879 3314 1932; x_wconf 86' lang='grc' dir='ltr'>εἰ</span> <span class='ocrx_word' id='word_1_495' title='bbox 3343 1883 3452 1950; x_wconf 82' lang='grc' dir='ltr'>γὰρ</span> <span class='ocrx_word' id='word_1_496' title='bbox 3491 1883 3598 1936; x_wconf 69' lang='grc' dir='ltr'><strong>καὶ</strong></span> <span class='ocrx_word' id='word_1_497' title='bbox 3626 1885 3704 1952; x_wconf 75' lang='grc' dir='ltr'><strong>ἐφ’</strong></span> 
     </span>
    </p>
   </div>
   <div class='ocr_carea' id='block_1_65' title="bbox 2119 1943 3710 2041">
    <p class='ocr_par' dir='ltr' id='par_1_65' title="bbox 2119 1943 3710 2041">
     <span class='ocr_line' id='line_1_66' title="bbox 2119 1943 3710 2041; baseline 0.013 -36"><span class='ocrx_word' id='word_1_498' title='bbox 2119 1943 2194 2006; x_wconf 83' lang='grc' dir='ltr'>ὧν</span> <span class='ocrx_word' id='word_1_499' title='bbox 2255 1955 2391 2026; x_wconf 82' lang='grc' dir='ltr'>μηδὲ</span> <span class='ocrx_word' id='word_1_500' title='bbox 2423 1957 2564 2011; x_wconf 78' lang='grc' dir='ltr'>κατὰ</span> <span class='ocrx_word' id='word_1_501' title='bbox 2598 1959 2761 2029; x_wconf 83' lang='grc' dir='ltr'><strong>μέλος</strong></span> <span class='ocrx_word' id='word_1_502' title='bbox 2791 1962 2974 2017; x_wconf 77' lang='grc' dir='ltr'>οίαοῦν</span> <span class='ocrx_word' id='word_1_503' title='bbox 3005 1963 3259 2038; x_wconf 84' lang='grc' dir='ltr'><strong>ὁμοιότης</strong></span> <span class='ocrx_word' id='word_1_504' title='bbox 3308 1943 3546 2034; x_wconf 76' lang='grc' dir='ltr'>σῶζεται</span> <span class='ocrx_word' id='word_1_505' title='bbox 3575 1943 3710 2041; x_wconf 66' lang='grc' dir='ltr'>πρός</span> 
     </span>
    </p>
   </div>
   <div class='ocr_carea' id='block_1_66' title="bbox 2121 2045 3706 2126">
    <p class='ocr_par' dir='ltr' id='par_1_66' title="bbox 2121 2045 3706 2126">
     <span class='ocr_line' id='line_1_67' title="bbox 2121 2045 3706 2126; baseline 0.01 -28"><span class='ocrx_word' id='word_1_506' title='bbox 2121 2045 2350 2116; x_wconf 86' lang='grc' dir='ltr'>θάτερον</span> <span class='ocrx_word' id='word_1_507' title='bbox 2391 2047 2502 2102; x_wconf 89' lang='grc' dir='ltr'><strong>τῶν</strong></span> <span class='ocrx_word' id='word_1_508' title='bbox 2533 2051 2850 2119; x_wconf 79' lang='grc' dir='ltr'>τικτόντων,</span> <span class='ocrx_word' id='word_1_509' title='bbox 2900 2055 3008 2108; x_wconf 88' lang='grc' dir='ltr'>υἱοί</span> <span class='ocrx_word' id='word_1_510' title='bbox 3043 2073 3104 2108; x_wconf 91' lang='grc' dir='ltr'><strong>τε</strong></span> <span class='ocrx_word' id='word_1_511' title='bbox 3149 2056 3397 2126; x_wconf 85' lang='grc' dir='ltr'>λέγονται</span> <span class='ocrx_word' id='word_1_512' title='bbox 3435 2061 3632 2115; x_wconf 78' lang='grc' dir='ltr'>ἵππων</span> <span class='ocrx_word' id='word_1_513' title='bbox 3657 2063 3706 2116; x_wconf 82' lang='lat' dir='ltr'><strong>oi</strong></span> 
     </span>
    </p>
   </div>
   <div class='ocr_carea' id='block_1_67' title="bbox 2119 2137 3705 2218">
    <p class='ocr_par' dir='ltr' id='par_1_67' title="bbox 2119 2137 3705 2218">
     <span class='ocr_line' id='line_1_68' title="bbox 2119 2137 3705 2218; baseline 0.011 -28"><span class='ocrx_word' id='word_1_514' title='bbox 2119 2137 2356 2210; x_wconf 81' lang='grc' dir='ltr'>ἡμίονοι,</span> <span class='ocrx_word' id='word_1_515' title='bbox 2380 2139 2477 2194; x_wconf 72' lang='grc' dir='ltr'>καὶ</span> <span class='ocrx_word' id='word_1_516' title='bbox 2517 2141 2684 2196; x_wconf 86' lang='grc' dir='ltr'>τέκνα</span> <span class='ocrx_word' id='word_1_517' title='bbox 2714 2143 2852 2197; x_wconf 74' lang='grc' dir='ltr'>ὄνων</span> <span class='ocrx_word' id='word_1_518' title='bbox 2879 2147 2930 2198; x_wconf 79' lang='grc' dir='ltr'><strong>οἱ</strong></span> <span class='ocrx_word' id='word_1_519' title='bbox 2961 2147 3248 2218; x_wconf 83' lang='grc' dir='ltr'>ήμίιπποι,</span> <span class='ocrx_word' id='word_1_520' title='bbox 3284 2150 3401 2214; x_wconf 88' lang='grc' dir='ltr'><strong>πῶς</strong></span> <span class='ocrx_word' id='word_1_521' title='bbox 3426 2150 3521 2204; x_wconf 76' lang='grc' dir='ltr'><strong>διὰ</strong></span> <span class='ocrx_word' id='word_1_522' title='bbox 3557 2153 3622 2207; x_wconf 78' lang='grc' dir='ltr'><strong>τὸ</strong></span> <span class='ocrx_word' id='word_1_523' title='bbox 3644 2156 3705 2207; x_wconf 79' lang='grc' dir='ltr'>ὲκ</span> 
     </span>
    </p>
   </div>
   <div class='ocr_carea' id='block_1_68' title="bbox 2121 2229 3700 2316">
    <p class='ocr_par' dir='ltr' id='par_1_68' title="bbox 2121 2229 3700 2316">
     <span class='ocr_line' id='line_1_69' title="bbox 2121 2229 3700 2316; baseline 0.01 -34"><span class='ocrx_word' id='word_1_524' title='bbox 2121 2229 2324 2300; x_wconf 84' lang='grc' dir='ltr'>μέρους</span> <span class='ocrx_word' id='word_1_525' title='bbox 2372 2231 2654 2304; x_wconf 82' lang='grc' dir='ltr'>ἀνόμοιον,</span> <span class='ocrx_word' id='word_1_526' title='bbox 2685 2234 2759 2288; x_wconf 68' lang='grc' dir='ltr'>οὐ.</span> <span class='ocrx_word' id='word_1_527' title='bbox 2795 2235 3061 2292; x_wconf 85' lang='grc' dir='ltr'>δύνασθαι</span> <span class='ocrx_word' id='word_1_528' title='bbox 3113 2239 3230 2304; x_wconf 31' lang='grc' dir='ltr'>υιίὺν</span> <span class='ocrx_word' id='word_1_529' title='bbox 3277 2241 3465 2296; x_wconf 83' lang='grc' dir='ltr'>καλεῖν</span> <span class='ocrx_word' id='word_1_530' title='bbox 3495 2245 3594 2297; x_wconf 73' lang='grc' dir='ltr'>τὸν</span> <span class='ocrx_word' id='word_1_531' title='bbox 3629 2246 3700 2316; x_wconf 74' lang='grc' dir='ltr'>μὴ</span> 
     </span>
    </p>
   </div>
   <div class='ocr_carea' id='block_1_69' title="bbox 2107 2304 3699 2403">
    <p class='ocr_par' dir='ltr' id='par_1_69' title="bbox 2107 2304 3699 2403">
     <span class='ocr_line' id='line_1_70' title="bbox 2107 2304 3699 2403; baseline 0.008 -28"><span class='ocrx_word' id='word_1_532' title='bbox 2107 2304 2297 2394; x_wconf 56' lang='grc' dir='ltr'>’πάντη</span> <span class='ocrx_word' id='word_1_533' title='bbox 2346 2323 2534 2396; x_wconf 83' lang='grc' dir='ltr'>ὅμοιον</span> <span class='ocrx_word' id='word_1_534' title='bbox 2567 2328 2680 2390; x_wconf 83' lang='grc' dir='ltr'>τοῖς</span> <span class='ocrx_word' id='word_1_535' title='bbox 2711 2327 2966 2384; x_wconf 81' lang='grc' dir='ltr'>τεκοῦσιν</span> <span class='ocrx_word' id='word_1_536' title='bbox 3016 2329 3180 2384; x_wconf 75' lang='grc' dir='ltr'>αὑτὸν</span> <span class='ocrx_word' id='word_1_537' title='bbox 3211 2333 3468 2403; x_wconf 79' lang='grc' dir='ltr'>εἰρήκατε</span> <span class='ocrx_word' id='word_1_538' title='bbox 3497 2350 3514 2398; x_wconf 90' lang='grc'><strong>;</strong></span> <span class='ocrx_word' id='word_1_539' title='bbox 3543 2304 3699 2388; x_wconf 73' lang='grc' dir='ltr'>τοῦτο</span> 
     </span>
    </p>
   </div>
   <div class='ocr_carea' id='block_1_70' title="bbox 2113 2412 3698 2495">
    <p class='ocr_par' dir='ltr' id='par_1_70' title="bbox 2113 2412 3698 2495">
     <span class='ocr_line' id='line_1_71' title="bbox 2113 2412 3698 2495; baseline 0.006 -26"><span class='ocrx_word' id='word_1_540' title='bbox 2113 2413 2172 2468; x_wconf 83' lang='grc' dir='ltr'>δὲ</span> <span class='ocrx_word' id='word_1_541' title='bbox 2198 2415 2265 2470; x_wconf 84' lang='grc' dir='ltr'>ἂν</span> <span class='ocrx_word' id='word_1_542' title='bbox 2287 2417 2470 2482; x_wconf 86' lang='grc' dir='ltr'>καλῶς</span> <span class='ocrx_word' id='word_1_543' title='bbox 2496 2412 2644 2489; x_wconf 73' lang='grc' dir='ltr'>εἶχεν</span> <span class='ocrx_word' id='word_1_544' title='bbox 2671 2420 2802 2490; x_wconf 86' lang='grc' dir='ltr'>ὑμῖν</span> <span class='ocrx_word' id='word_1_545' title='bbox 2835 2421 3020 2490; x_wconf 89' lang='grc' dir='ltr'>λέγειν</span> <span class='ocrx_word' id='word_1_546' title='bbox 3049 2421 3200 2488; x_wconf 77' lang='grc' dir='ltr'>ἴσως,</span> <span class='ocrx_word' id='word_1_547' title='bbox 3237 2423 3372 2495; x_wconf 75' lang='grc' dir='ltr'>πρὸς</span> <span class='ocrx_word' id='word_1_548' title='bbox 3409 2426 3544 2490; x_wconf 81' lang='grc' dir='ltr'>τοὺς</span> <span class='ocrx_word' id='word_1_549' title='bbox 3563 2426 3698 2480; x_wconf 69' lang='grc' dir='ltr'>κατὰ</span> 
     </span>
    </p>
   </div>
   <div class='ocr_carea' id='block_1_71' title="bbox 2117 2506 3696 2587">
    <p class='ocr_par' dir='ltr' id='par_1_71' title="bbox 2117 2506 3696 2587">
     <span class='ocr_line' id='line_1_72' title="bbox 2117 2506 3696 2587; baseline 0.006 -29"><span class='ocrx_word' id='word_1_550' title='bbox 2117 2506 2246 2576; x_wconf 91' lang='grc' dir='ltr'>μίαν</span> <span class='ocrx_word' id='word_1_551' title='bbox 2271 2508 2438 2562; x_wconf 86' lang='grc' dir='ltr'>αὐτοῦ</span> <span class='ocrx_word' id='word_1_552' title='bbox 2464 2509 2564 2579; x_wconf 77' lang='grc' dir='ltr'>τὴν</span> <span class='ocrx_word' id='word_1_553' title='bbox 2596 2511 2790 2566; x_wconf 82' lang='grc' dir='ltr'>οὐσίαν</span> <span class='ocrx_word' id='word_1_554' title='bbox 2821 2512 3007 2582; x_wconf 83' lang='grc' dir='ltr'>ὅμοιον</span> <span class='ocrx_word' id='word_1_555' title='bbox 3029 2509 3170 2567; x_wconf 77' lang='grc' dir='ltr'>εἶναι</span> <span class='ocrx_word' id='word_1_556' title='bbox 3193 2515 3286 2568; x_wconf 82' lang='grc' dir='ltr'><strong>τὸν</strong></span> <span class='ocrx_word' id='word_1_557' title='bbox 3307 2515 3548 2587; x_wconf 74' lang='grc' dir='ltr'>Χριστὸν</span> <span class='ocrx_word' id='word_1_558' title='bbox 3569 2517 3696 2568; x_wconf 79' lang='grc' dir='ltr'>ἑκα-</span> 
     </span>
    </p>
   </div>
   <div class='ocr_carea' id='block_1_72' title="bbox 2111 2599 3694 2682">
    <p class='ocr_par' dir='ltr' id='par_1_72' title="bbox 2111 2599 3694 2682">
     <span class='ocr_line' id='line_1_73' title="bbox 2111 2599 3694 2682; baseline 0.006 -30"><span class='ocrx_word' id='word_1_559' title='bbox 2111 2599 2288 2670; x_wconf 84' lang='grc' dir='ltr'>τέρων</span> <span class='ocrx_word' id='word_1_560' title='bbox 2309 2601 2418 2654; x_wconf 89' lang='grc' dir='ltr'><strong>τῶν</strong></span> <span class='ocrx_word' id='word_1_561' title='bbox 2446 2602 2650 2671; x_wconf 82' lang='grc' dir='ltr'>γονέων</span> <span class='ocrx_word' id='word_1_562' title='bbox 2669 2601 3018 2670; x_wconf 78' lang='grc' dir='ltr'>δοξάζοντας,</span> <span class='ocrx_word' id='word_1_563' title='bbox 3043 2604 3104 2658; x_wconf 85' lang='grc' dir='ltr'>οὐ</span> <span class='ocrx_word' id='word_1_564' title='bbox 3130 2605 3239 2677; x_wconf 86' lang='grc' dir='ltr'>μὴν</span> <span class='ocrx_word' id='word_1_565' title='bbox 3260 2607 3356 2682; x_wconf 74' lang='grc' dir='ltr'><strong>καὶ</strong></span> <span class='ocrx_word' id='word_1_566' title='bbox 3383 2607 3526 2678; x_wconf 82' lang='grc' dir='ltr'>πρὸς</span> <span class='ocrx_word' id='word_1_567' title='bbox 3553 2610 3694 2680; x_wconf 77' lang='grc' dir='ltr'>ἡμᾶς</span> 
     </span>
    </p>
   </div>
   <div class='ocr_carea' id='block_1_73' title="bbox 2111 2691 3691 2768">
    <p class='ocr_par' dir='ltr' id='par_1_73' title="bbox 2111 2691 3691 2768">
     <span class='ocr_line' id='line_1_74' title="bbox 2111 2691 3691 2768; baseline 0.007 -24"><span class='ocrx_word' id='word_1_568' title='bbox 2111 2691 2238 2755; x_wconf 85' lang='grc' dir='ltr'>τοὺς</span> <span class='ocrx_word' id='word_1_569' title='bbox 2269 2691 2411 2746; x_wconf 83' lang='grc' dir='ltr'>κατὰ</span> <span class='ocrx_word' id='word_1_570' title='bbox 2470 2693 2764 2764; x_wconf 82' lang='grc' dir='ltr'>διαφόρους</span> <span class='ocrx_word' id='word_1_571' title='bbox 2819 2696 3014 2764; x_wconf 83' lang='grc' dir='ltr'>φύσεις</span> <span class='ocrx_word' id='word_1_572' title='bbox 3068 2695 3468 2768; x_wconf 75' lang='grc' dir='ltr'>ὁμολογοῦντας</span> <span class='ocrx_word' id='word_1_573' title='bbox 3528 2701 3691 2755; x_wconf 76' lang='grc' dir='ltr'>αὑτοῦ</span> 
     </span>
    </p>
   </div>
   <div class='ocr_carea' id='block_1_74' title="bbox 2113 2783 2982 2858">
    <p class='ocr_par' dir='ltr' id='par_1_74' title="bbox 2113 2783 2982 2858">
     <span class='ocr_line' id='line_1_75' title="bbox 2113 2783 2982 2858; baseline 0.006 -22"><span class='ocrx_word' id='word_1_574' title='bbox 2113 2784 2501 2856; x_wconf 83' lang='grc' dir='ltr'>συνεστηκέναι</span> <span class='ocrx_word' id='word_1_575' title='bbox 2535 2783 2636 2858; x_wconf 84' lang='grc' dir='ltr'><strong>τὴν</strong></span> <span class='ocrx_word' id='word_1_576' title='bbox 2664 2785 2982 2840; x_wconf 80' lang='grc' dir='ltr'>ὑπόστασιν.</span> 
     </span>
    </p>
   </div>
   <div class='ocr_carea' id='block_1_75' title="bbox 2175 3052 3690 3130">
    <p class='ocr_par' dir='ltr' id='par_1_75' title="bbox 2175 3052 3690 3130">
     <span class='ocr_line' id='line_1_76' title="bbox 2175 3052 3690 3130; baseline 0.005 -25"><span class='ocrx_word' id='word_1_577' title='bbox 2175 3053 2304 3107; x_wconf 82' lang='grc' dir='ltr'>Ἔτι</span> <span class='ocrx_word' id='word_1_578' title='bbox 2353 3052 2409 3106; x_wconf 77' lang='grc' dir='ltr'>δὲ</span> <span class='ocrx_word' id='word_1_579' title='bbox 2469 3052 2824 3123; x_wconf 81' lang='grc' dir='ltr'>βασανιστέον</span> <span class='ocrx_word' id='word_1_580' title='bbox 2879 3053 2975 3108; x_wconf 73' lang='grc' dir='ltr'><strong>καὶ</strong></span> <span class='ocrx_word' id='word_1_581' title='bbox 3025 3054 3416 3130; x_wconf 76' lang='grc' dir='ltr'>ἀκριϐέστερον</span> <span class='ocrx_word' id='word_1_582' title='bbox 3460 3057 3534 3112; x_wconf 76' lang='grc' dir='ltr'>τὰ</span> <span class='ocrx_word' id='word_1_583' title='bbox 3563 3060 3690 3128; x_wconf 70' lang='grc' dir='ltr'>περὶ</span> 
     </span>
    </p>
   </div>
   <div class='ocr_carea' id='block_1_76' title="bbox 2106 3143 3686 3218">
    <p class='ocr_par' dir='ltr' id='par_1_76' title="bbox 2106 3143 3686 3218">
     <span class='ocr_line' id='line_1_77' title="bbox 2106 3143 3686 3218; baseline 0.003 -20"><span class='ocrx_word' id='word_1_584' title='bbox 2106 3143 2264 3198; x_wconf 80' lang='grc' dir='ltr'>τοῦδε</span> <span class='ocrx_word' id='word_1_585' title='bbox 2283 3161 2296 3174; x_wconf 87' lang='grc'><strong>·</strong></span> <span class='ocrx_word' id='word_1_586' title='bbox 2327 3145 2360 3216; x_wconf 82' lang='grc' dir='ltr'>ἥ</span> <span class='ocrx_word' id='word_1_587' title='bbox 2387 3143 2497 3216; x_wconf 82' lang='grc' dir='ltr'>γὰρ</span> <span class='ocrx_word' id='word_1_588' title='bbox 2522 3146 2556 3216; x_wconf 84' lang='grc' dir='ltr'>ἡ</span> <span class='ocrx_word' id='word_1_589' title='bbox 2585 3145 2679 3198; x_wconf 87' lang='grc' dir='ltr'><strong>τοῦ</strong></span> <span class='ocrx_word' id='word_1_590' title='bbox 2724 3145 2852 3200; x_wconf 80' lang='grc' dir='ltr'>ὅλου</span> <span class='ocrx_word' id='word_1_591' title='bbox 2889 3147 3143 3217; x_wconf 75' lang='grc' dir='ltr'>ὁμοιότης</span> <span class='ocrx_word' id='word_1_592' title='bbox 3173 3147 3303 3218; x_wconf 86' lang='grc' dir='ltr'>ὑμῖν</span> <span class='ocrx_word' id='word_1_593' title='bbox 3350 3148 3504 3202; x_wconf 85' lang='grc' dir='ltr'>δοκεῖ</span> <span class='ocrx_word' id='word_1_594' title='bbox 3548 3145 3686 3203; x_wconf 74' lang='grc' dir='ltr'>εἶναι</span> 
     </span>
    </p>
   </div>
   <div class='ocr_carea' id='block_1_77' title="bbox 2105 3235 3690 3313">
    <p class='ocr_par' dir='ltr' id='par_1_77' title="bbox 2105 3235 3690 3313">
     <span class='ocr_line' id='line_1_78' title="bbox 2105 3235 3690 3313; baseline 0.004 -25"><span class='ocrx_word' id='word_1_595' title='bbox 2105 3237 2205 3304; x_wconf 85' lang='grc' dir='ltr'><strong>τῆς</strong></span> <span class='ocrx_word' id='word_1_596' title='bbox 2244 3235 2492 3306; x_wconf 85' lang='grc' dir='ltr'>υίότητος</span> <span class='ocrx_word' id='word_1_597' title='bbox 2533 3238 2914 3308; x_wconf 80' lang='grc' dir='ltr'>παραστατικὴ</span> <span class='ocrx_word' id='word_1_598' title='bbox 2964 3240 3202 3306; x_wconf 80' lang='grc' dir='ltr'>πάντως,</span> <span class='ocrx_word' id='word_1_599' title='bbox 3243 3241 3456 3312; x_wconf 82' lang='grc' dir='ltr'>ἢούχί·</span> <span class='ocrx_word' id='word_1_600' title='bbox 3509 3243 3690 3313; x_wconf 80' lang='grc' dir='ltr'>εἰμὲν</span> 
     </span>
    </p>
   </div>
   <div class='ocr_carea' id='block_1_78' title="bbox 2105 3322 3687 3404">
    <p class='ocr_par' dir='ltr' id='par_1_78' title="bbox 2105 3322 3687 3404">
     <span class='ocr_line' id='line_1_79' title="bbox 2105 3322 3687 3404; baseline 0.006 -25"><span class='ocrx_word' id='word_1_601' title='bbox 2105 3322 2199 3380; x_wconf 78' lang='grc' dir='ltr'><strong>οὖν</strong></span> <span class='ocrx_word' id='word_1_602' title='bbox 2225 3327 2368 3398; x_wconf 77' lang='grc' dir='ltr'>οὐχὶ,</span> <span class='ocrx_word' id='word_1_603' title='bbox 2405 3327 2582 3398; x_wconf 83' lang='grc' dir='ltr'>μάτην</span> <span class='ocrx_word' id='word_1_604' title='bbox 2638 3327 2853 3399; x_wconf 78' lang='grc' dir='ltr'>ζητεῖτε</span> <span class='ocrx_word' id='word_1_605' title='bbox 2902 3328 3033 3400; x_wconf 73' lang='grc' dir='ltr'>παρ’</span> <span class='ocrx_word' id='word_1_606' title='bbox 3061 3327 3220 3400; x_wconf 81' lang='grc' dir='ltr'>ἡμῶν</span> <span class='ocrx_word' id='word_1_607' title='bbox 3263 3331 3327 3386; x_wconf 76' lang='grc' dir='ltr'>τὸ</span> <span class='ocrx_word' id='word_1_608' title='bbox 3385 3333 3462 3404; x_wconf 80' lang='grc' dir='ltr'>μὴ</span> <span class='ocrx_word' id='word_1_609' title='bbox 3517 3335 3687 3388; x_wconf 67' lang='grc' dir='ltr'>αἴτιον</span> 
     </span>
    </p>
   </div>
   <div class='ocr_carea' id='block_1_79' title="bbox 2105 3414 3682 3494">
    <p class='ocr_par' dir='ltr' id='par_1_79' title="bbox 2105 3414 3682 3494">
     <span class='ocr_line' id='line_1_80' title="bbox 2105 3414 3682 3494; baseline 0.005 -24"><span class='ocrx_word' id='word_1_610' title='bbox 2105 3419 2348 3490; x_wconf 88' lang='grc' dir='ltr'>υἱότητος</span> <span class='ocrx_word' id='word_1_611' title='bbox 2396 3420 2476 3482; x_wconf 88' lang='grc' dir='ltr'><strong>είς</strong></span> <span class='ocrx_word' id='word_1_612' title='bbox 2521 3418 2796 3486; x_wconf 80' lang='grc' dir='ltr'>ἀπόδειξιν</span> <span class='ocrx_word' id='word_1_613' title='bbox 2844 3421 3051 3490; x_wconf 84' lang='grc' dir='ltr'>αὐτῆς·</span> <span class='ocrx_word' id='word_1_614' title='bbox 3083 3422 3139 3474; x_wconf 77' lang='grc' dir='ltr'>αἱ</span> <span class='ocrx_word' id='word_1_615' title='bbox 3207 3422 3320 3494; x_wconf 82' lang='grc' dir='ltr'><strong>γὰρ</strong></span> <span class='ocrx_word' id='word_1_616' title='bbox 3355 3414 3682 3492; x_wconf 65' lang='grc' dir='ltr'>ἀποδείξεις,</span> 
     </span>
    </p>
   </div>
   <div class='ocr_carea' id='block_1_80' title="bbox 2102 3507 3686 3586">
    <p class='ocr_par' dir='ltr' id='par_1_80' title="bbox 2102 3507 3686 3586">
     <span class='ocr_line' id='line_1_81' title="bbox 2102 3507 3686 3586; baseline 0.006 -26"><span class='ocrx_word' id='word_1_617' title='bbox 2102 3508 2192 3562; x_wconf 83' lang='grc' dir='ltr'><strong>διὰ</strong></span> <span class='ocrx_word' id='word_1_618' title='bbox 2222 3507 2331 3561; x_wconf 87' lang='grc' dir='ltr'><strong>τῶν</strong></span> <span class='ocrx_word' id='word_1_619' title='bbox 2360 3508 2548 3562; x_wconf 75' lang='grc' dir='ltr'>αἰτίων</span> <span class='ocrx_word' id='word_1_620' title='bbox 2571 3507 2775 3580; x_wconf 83' lang='grc' dir='ltr'>ταύτην</span> <span class='ocrx_word' id='word_1_621' title='bbox 2810 3509 3143 3579; x_wconf 81' lang='grc' dir='ltr'>ὑφίστασθαι</span> <span class='ocrx_word' id='word_1_622' title='bbox 3163 3512 3265 3582; x_wconf 81' lang='grc' dir='ltr'>τὴν</span> <span class='ocrx_word' id='word_1_623' title='bbox 3297 3513 3528 3586; x_wconf 84' lang='grc' dir='ltr'>υίότητα</span> <span class='ocrx_word' id='word_1_624' title='bbox 3568 3516 3686 3570; x_wconf 78' lang='grc' dir='ltr'>πεί-</span> 
     </span>
    </p>
   </div>
   <div class='ocr_carea' id='block_1_81' title="bbox 2103 3597 3683 3674">
    <p class='ocr_par' dir='ltr' id='par_1_81' title="bbox 2103 3597 3683 3674">
     <span class='ocr_line' id='line_1_82' title="bbox 2103 3597 3683 3674; baseline 0.006 -22"><span class='ocrx_word' id='word_1_625' title='bbox 2103 3599 2262 3654; x_wconf 84' lang='grc' dir='ltr'>θεσθε</span> <span class='ocrx_word' id='word_1_626' title='bbox 2293 3600 2482 3672; x_wconf 80' lang='grc' dir='ltr'>μόνον·</span> <span class='ocrx_word' id='word_1_627' title='bbox 2513 3597 2624 3674; x_wconf 82' lang='grc' dir='ltr'><strong>ἆρά</strong></span> <span class='ocrx_word' id='word_1_628' title='bbox 2653 3617 2718 3670; x_wconf 86' lang='grc' dir='ltr'><strong>γε</strong></span> <span class='ocrx_word' id='word_1_629' title='bbox 2755 3601 2924 3656; x_wconf 76' lang='grc' dir='ltr'>Ἅϐελ</span> <span class='ocrx_word' id='word_1_630' title='bbox 2957 3604 3100 3658; x_wconf 84' lang='grc' dir='ltr'>Κὰῖν</span> <span class='ocrx_word' id='word_1_631' title='bbox 3132 3605 3322 3674; x_wconf 84' lang='grc' dir='ltr'>ὅμοιος</span> <span class='ocrx_word' id='word_1_632' title='bbox 3351 3606 3428 3659; x_wconf 85' lang='grc' dir='ltr'>ὣν</span> <span class='ocrx_word' id='word_1_633' title='bbox 3459 3609 3604 3663; x_wconf 77' lang='grc' dir='ltr'>κατὰ</span> <span class='ocrx_word' id='word_1_634' title='bbox 3623 3610 3683 3664; x_wconf 67' lang='grc' dir='ltr'>τὸ</span> 
     </span>
    </p>
   </div>
   <div class='ocr_carea' id='block_1_82' title="bbox 2100 3691 3683 3771">
    <p class='ocr_par' dir='ltr' id='par_1_82' title="bbox 2100 3691 3683 3771">
     <span class='ocr_line' id='line_1_83' title="bbox 2100 3691 3683 3771; baseline 0.006 -26"><span class='ocrx_word' id='word_1_635' title='bbox 2100 3691 2220 3746; x_wconf 86' lang='grc' dir='ltr'>ὃλον</span> <span class='ocrx_word' id='word_1_636' title='bbox 2249 3693 2347 3764; x_wconf 87' lang='grc' dir='ltr'><strong>τῆς</strong></span> <span class='ocrx_word' id='word_1_637' title='bbox 2375 3693 2560 3758; x_wconf 79' lang='grc' dir='ltr'>οὐσίας</span> <span class='ocrx_word' id='word_1_638' title='bbox 2591 3695 2782 3759; x_wconf 84' lang='grc' dir='ltr'>αὑτοῦ,</span> <span class='ocrx_word' id='word_1_639' title='bbox 2826 3696 2920 3750; x_wconf 72' lang='grc' dir='ltr'>καὶ</span> <span class='ocrx_word' id='word_1_640' title='bbox 2955 3698 3070 3762; x_wconf 82' lang='grc' dir='ltr'>υἱὸς</span> <span class='ocrx_word' id='word_1_641' title='bbox 3106 3697 3274 3752; x_wconf 79' lang='grc' dir='ltr'>αὑτοῦ</span> <span class='ocrx_word' id='word_1_642' title='bbox 3295 3693 3387 3771; x_wconf 84' lang='grc' dir='ltr'>ἦν,</span> <span class='ocrx_word' id='word_1_643' title='bbox 3410 3701 3683 3763; x_wconf 81' lang='grc' dir='ltr'>υἱοκτόνος</span> 
     </span>
    </p>
   </div>
   <div class='ocr_carea' id='block_1_83' title="bbox 2099 3781 3680 3861">
    <p class='ocr_par' dir='ltr' id='par_1_83' title="bbox 2099 3781 3680 3861">
     <span class='ocr_line' id='line_1_84' title="bbox 2099 3781 3680 3861; baseline 0.004 -23"><span class='ocrx_word' id='word_1_644' title='bbox 2099 3781 2213 3849; x_wconf 81' lang='grc' dir='ltr'>οὗν,</span> <span class='ocrx_word' id='word_1_645' title='bbox 2235 3784 2336 3839; x_wconf 82' lang='grc' dir='ltr'><strong>οὑκ</strong></span> <span class='ocrx_word' id='word_1_646' title='bbox 2349 3783 2734 3854; x_wconf 82' lang='grc' dir='ltr'>ἀδελφοκτόνος</span> <span class='ocrx_word' id='word_1_647' title='bbox 2748 3783 2817 3860; x_wconf 83' lang='grc' dir='ltr'>ἦν</span> <span class='ocrx_word' id='word_1_648' title='bbox 2839 3806 2855 3856; x_wconf 90' lang='grc'><strong>;</strong></span> <span class='ocrx_word' id='word_1_649' title='bbox 2874 3787 2988 3843; x_wconf 83' lang='grc' dir='ltr'>ἀλλ’</span> <span class='ocrx_word' id='word_1_650' title='bbox 3005 3787 3194 3861; x_wconf 77' lang='grc' dir='ltr'>ἐπειδὴ</span> <span class='ocrx_word' id='word_1_651' title='bbox 3207 3789 3318 3844; x_wconf 87' lang='grc' dir='ltr'><strong>τῶν</strong></span> <span class='ocrx_word' id='word_1_652' title='bbox 3339 3790 3543 3861; x_wconf 79' lang='grc' dir='ltr'>ὁμοίων</span> <span class='ocrx_word' id='word_1_653' title='bbox 3559 3793 3680 3846; x_wconf 74' lang='grc' dir='ltr'>έπε-</span> 
     </span>
    </p>
   </div>
   <div class='ocr_carea' id='block_1_84' title="bbox 2101 3876 3680 3953">
    <p class='ocr_par' dir='ltr' id='par_1_84' title="bbox 2101 3876 3680 3953">
     <span class='ocr_line' id='line_1_85' title="bbox 2101 3876 3680 3953; baseline 0.003 -24"><span class='ocrx_word' id='word_1_654' title='bbox 2101 3893 2202 3947; x_wconf 85' lang='grc' dir='ltr'><strong>σης</strong></span> <span class='ocrx_word' id='word_1_655' title='bbox 2230 3877 2345 3931; x_wconf 79' lang='grc' dir='ltr'>ἐστὶ</span> <span class='ocrx_word' id='word_1_656' title='bbox 2371 3879 2404 3950; x_wconf 83' lang='grc' dir='ltr'><strong>ή</strong></span> <span class='ocrx_word' id='word_1_657' title='bbox 2435 3879 2640 3948; x_wconf 85' lang='grc' dir='ltr'>σχέσις,</span> <span class='ocrx_word' id='word_1_658' title='bbox 2675 3880 2772 3934; x_wconf 80' lang='grc' dir='ltr'><strong>καὶ</strong></span> <span class='ocrx_word' id='word_1_659' title='bbox 2799 3881 2942 3935; x_wconf 84' lang='grc' dir='ltr'><strong>Κάῖν</strong></span> <span class='ocrx_word' id='word_1_660' title='bbox 2967 3876 3076 3953; x_wconf 78' lang='grc' dir='ltr'>ἄρα</span> <span class='ocrx_word' id='word_1_661' title='bbox 3109 3880 3225 3943; x_wconf 77' lang='grc' dir='ltr'>υἱὸς</span> <span class='ocrx_word' id='word_1_662' title='bbox 3256 3880 3424 3936; x_wconf 75' lang='grc' dir='ltr'>’Δὸελ</span> <span class='ocrx_word' id='word_1_663' title='bbox 3475 3881 3680 3952; x_wconf 76' lang='grc' dir='ltr'>ὁμοίως</span> 
     </span>
    </p>
   </div>
   <div class='ocr_carea' id='block_1_85' title="bbox 2099 3966 3681 4045">
    <p class='ocr_par' dir='ltr' id='par_1_85' title="bbox 2099 3966 3681 4045">
     <span class='ocr_line' id='line_1_86' title="bbox 2099 3966 3681 4045; baseline 0.004 -25"><span class='ocrx_word' id='word_1_664' title='bbox 2099 3966 2273 4022; x_wconf 80' lang='grc' dir='ltr'>ἔσται·</span> <span class='ocrx_word' id='word_1_665' title='bbox 2291 3967 2398 4042; x_wconf 83' lang='grc' dir='ltr'>ἄρα</span> <span class='ocrx_word' id='word_1_666' title='bbox 2413 3969 2507 4024; x_wconf 77' lang='grc' dir='ltr'><strong>οὖν</strong></span> <span class='ocrx_word' id='word_1_667' title='bbox 2532 3972 2628 4024; x_wconf 75' lang='grc' dir='ltr'><strong>καὶ</strong></span> <span class='ocrx_word' id='word_1_668' title='bbox 2654 3972 3020 4045; x_wconf 86' lang='grc' dir='ltr'>πατροκτόνος</span> <span class='ocrx_word' id='word_1_669' title='bbox 3049 3972 3250 4044; x_wconf 81' lang='grc' dir='ltr'>μᾶλλόν</span> <span class='ocrx_word' id='word_1_670' title='bbox 3274 3973 3422 4028; x_wconf 78' lang='grc' dir='ltr'>ἐστιν</span> <span class='ocrx_word' id='word_1_671' title='bbox 3438 3990 3452 4004; x_wconf 92' lang='grc'><strong>·</strong></span> <span class='ocrx_word' id='word_1_672' title='bbox 3481 3975 3681 4028; x_wconf 73' lang='grc' dir='ltr'>οὐκοῦν</span> 
     </span>
    </p>
   </div>
   <div class='ocr_carea' id='block_1_86' title="bbox 2097 4057 3676 4137">
    <p class='ocr_par' dir='ltr' id='par_1_86' title="bbox 2097 4057 3676 4137">
     <span class='ocr_line' id='line_1_87' title="bbox 2097 4057 3676 4137; baseline 0.004 -25"><span class='ocrx_word' id='word_1_673' title='bbox 2097 4057 2194 4113; x_wconf 72' lang='grc' dir='ltr'>καὶ</span> <span class='ocrx_word' id='word_1_674' title='bbox 2219 4061 2275 4114; x_wconf 81' lang='grc' dir='ltr'><strong>έν</strong></span> <span class='ocrx_word' id='word_1_675' title='bbox 2293 4061 2497 4132; x_wconf 83' lang='grc' dir='ltr'>ταυτῷ,</span> <span class='ocrx_word' id='word_1_676' title='bbox 2515 4063 2632 4127; x_wconf 84' lang='grc' dir='ltr'>υἱός</span> <span class='ocrx_word' id='word_1_677' title='bbox 2657 4081 2718 4118; x_wconf 84' lang='grc' dir='ltr'><strong>τε</strong></span> <span class='ocrx_word' id='word_1_678' title='bbox 2745 4065 2840 4118; x_wconf 76' lang='grc' dir='ltr'><strong>καὶ</strong></span> <span class='ocrx_word' id='word_1_679' title='bbox 2867 4065 3052 4136; x_wconf 84' lang='grc' dir='ltr'>πατὴρ</span> <span class='ocrx_word' id='word_1_680' title='bbox 3081 4064 3174 4120; x_wconf 73' lang='grc' dir='ltr'><strong>καὶ</strong></span> <span class='ocrx_word' id='word_1_681' title='bbox 3198 4064 3429 4135; x_wconf 81' lang='grc' dir='ltr'>ἀδελφὸς</span> <span class='ocrx_word' id='word_1_682' title='bbox 3445 4061 3515 4137; x_wconf 81' lang='grc' dir='ltr'>ἦν</span> <span class='ocrx_word' id='word_1_683' title='bbox 3541 4068 3676 4122; x_wconf 79' lang='grc' dir='ltr'><strong>Κάῖν</strong></span> 
     </span>
    </p>
   </div>
   <div class='ocr_carea' id='block_1_87' title="bbox 2097 4151 3676 4229">
    <p class='ocr_par' dir='ltr' id='par_1_87' title="bbox 2097 4151 3676 4229">
     <span class='ocr_line' id='line_1_88' title="bbox 2097 4151 3676 4229; baseline 0.005 -24"><span class='ocrx_word' id='word_1_684' title='bbox 2097 4151 2192 4206; x_wconf 84' lang='grc' dir='ltr'><strong>τοῦ</strong></span> <span class='ocrx_word' id='word_1_685' title='bbox 2207 4153 2520 4218; x_wconf 83' lang='grc' dir='ltr'>κτείναντος</span> <span class='ocrx_word' id='word_1_686' title='bbox 2545 4154 2734 4222; x_wconf 78' lang='grc' dir='ltr'>αὑτὸν,</span> <span class='ocrx_word' id='word_1_687' title='bbox 2763 4153 2932 4210; x_wconf 78' lang='grc' dir='ltr'>Ἀσελ</span> <span class='ocrx_word' id='word_1_688' title='bbox 2951 4156 2981 4208; x_wconf 81' lang='grc' dir='ltr'>ὁ</span> <span class='ocrx_word' id='word_1_689' title='bbox 3003 4155 3347 4229; x_wconf 76' lang='grc' dir='ltr'>ἀνῃρημένος</span> <span class='ocrx_word' id='word_1_690' title='bbox 3365 4158 3456 4212; x_wconf 77' lang='grc' dir='ltr'>ὑπ’</span> <span class='ocrx_word' id='word_1_691' title='bbox 3477 4159 3642 4213; x_wconf 82' lang='grc' dir='ltr'>αὐτοῦ</span> <span class='ocrx_word' id='word_1_692' title='bbox 3659 4175 3676 4190; x_wconf 71' lang='grc' dir='ltr'><strong>ο</strong></span> 
     </span>
    </p>
   </div>
   <div class='ocr_carea' id='block_1_88' title="bbox 2097 4245 3679 4318">
    <p class='ocr_par' dir='ltr' id='par_1_88' title="bbox 2097 4245 3679 4318">
     <span class='ocr_line' id='line_1_89' title="bbox 2097 4245 3679 4318; baseline 0.003 -20"><span class='ocrx_word' id='word_1_693' title='bbox 2097 4245 2195 4300; x_wconf 75' lang='grc' dir='ltr'><strong>καὶ</strong></span> <span class='ocrx_word' id='word_1_694' title='bbox 2243 4245 2384 4299; x_wconf 83' lang='grc' dir='ltr'><strong>Κάῖν</strong></span> <span class='ocrx_word' id='word_1_695' title='bbox 2433 4245 2708 4311; x_wconf 86' lang='grc' dir='ltr'>υίοκτόνος</span> <span class='ocrx_word' id='word_1_696' title='bbox 2734 4265 2795 4300; x_wconf 84' lang='grc' dir='ltr'><strong>τε</strong></span> <span class='ocrx_word' id='word_1_697' title='bbox 2829 4247 2928 4302; x_wconf 74' lang='grc' dir='ltr'><strong>καὶ</strong></span> <span class='ocrx_word' id='word_1_698' title='bbox 2973 4251 3344 4318; x_wconf 84' lang='grc' dir='ltr'>πατροκτόνος</span> <span class='ocrx_word' id='word_1_699' title='bbox 3397 4251 3490 4304; x_wconf 72' lang='grc' dir='ltr'><strong>καὶ</strong></span> <span class='ocrx_word' id='word_1_700' title='bbox 3518 4249 3679 4305; x_wconf 85' lang='grc' dir='ltr'>ἀδελ-</span> 
     </span>
    </p>
   </div>
   <div class='ocr_carea' id='block_1_89' title="bbox 2097 4335 3678 4413">
    <p class='ocr_par' dir='ltr' id='par_1_89' title="bbox 2097 4335 3678 4413">
     <span class='ocr_line' id='line_1_90' title="bbox 2097 4335 3678 4413; baseline 0.003 -24"><span class='ocrx_word' id='word_1_701' title='bbox 2097 4335 2358 4406; x_wconf 86' lang='grc' dir='ltr'>φοκτόνος</span> <span class='ocrx_word' id='word_1_702' title='bbox 2380 4351 2396 4368; x_wconf 77' lang='grc' dir='ltr'><strong>ο</strong></span> <span class='ocrx_word' id='word_1_703' title='bbox 2431 4336 2528 4390; x_wconf 70' lang='grc' dir='ltr'><strong>καὶ</strong></span> <span class='ocrx_word' id='word_1_704' title='bbox 2555 4337 2638 4401; x_wconf 87' lang='grc' dir='ltr'>τις</span> <span class='ocrx_word' id='word_1_705' title='bbox 2661 4339 2722 4392; x_wconf 80' lang='grc' dir='ltr'><strong>οὑ</strong></span> <span class='ocrx_word' id='word_1_706' title='bbox 2751 4338 2972 4408; x_wconf 83' lang='grc' dir='ltr'>γελάσει</span> <span class='ocrx_word' id='word_1_707' title='bbox 2995 4339 3123 4394; x_wconf 87' lang='grc' dir='ltr'>τάδε</span> <span class='ocrx_word' id='word_1_708' title='bbox 3150 4339 3306 4410; x_wconf 88' lang='grc' dir='ltr'>ὑμῶν</span> <span class='ocrx_word' id='word_1_709' title='bbox 3326 4340 3396 4394; x_wconf 81' lang='grc' dir='ltr'>τὰ</span> <span class='ocrx_word' id='word_1_710' title='bbox 3424 4340 3678 4413; x_wconf 66' lang='grc' dir='ltr'>γλαφυρὰ</span> 
     </span>
    </p>
   </div>
   <div class='ocr_carea' id='block_1_90' title="bbox 409 4417 2008 4512">
    <p class='ocr_par' dir='ltr' id='par_1_90' title="bbox 409 4417 1992 4512">
     <span class='ocr_line' id='line_1_91' title="bbox 409 4417 1992 4512; baseline 0.012 -42"><span class='ocrx_word' id='word_1_711' title='bbox 409 4417 748 4487; x_wconf 89' lang='lat' dir='ltr'><strong>gitationes?</strong></span> <span class='ocrx_word' id='word_1_712' title='bbox 776 4420 1204 4493; x_wconf 87' lang='lat' dir='ltr'><strong>Dijudicandum</strong></span> <span class='ocrx_word' id='word_1_713' title='bbox 1253 4435 1342 4483; x_wconf 89' lang='lat' dir='ltr'><strong>est</strong></span> <span class='ocrx_word' id='word_1_714' title='bbox 1383 4427 1554 4500; x_wconf 86' lang='lat' dir='ltr'><strong>igitur</strong></span> <span class='ocrx_word' id='word_1_715' title='bbox 1586 4429 1880 4489; x_wconf 81' lang='lat' dir='ltr'><strong>manifeste</strong></span> <span class='ocrx_word' id='word_1_716' title='bbox 1931 4443 1992 4512; x_wconf 85' lang='lat' dir='ltr'><strong>ut</strong></span> 
     </span>
    </p>
   </div>
   <div class='ocr_carea' id='block_1_91' title="bbox 2111 4417 3678 4512">
    <p class='ocr_par' dir='ltr' id='par_1_91' title="bbox 2111 4425 3678 4507">
     <span class='ocr_line' id='line_1_92' title="bbox 2111 4425 3678 4507; baseline -0.001 -20"><span class='ocrx_word' id='word_1_717' title='bbox 2111 4434 2378 4507; x_wconf 78' lang='grc' dir='ltr'>ῑόγματα;</span> <span class='ocrx_word' id='word_1_718' title='bbox 2407 4425 2694 4506; x_wconf 85' lang='grc' dir='ltr'>Διορατέον</span> <span class='ocrx_word' id='word_1_719' title='bbox 2741 4431 2836 4488; x_wconf 78' lang='grc' dir='ltr'><strong>οὖν</strong></span> <span class='ocrx_word' id='word_1_720' title='bbox 2881 4433 3070 4504; x_wconf 81' lang='grc' dir='ltr'>σαφῶς</span> <span class='ocrx_word' id='word_1_721' title='bbox 3098 4431 3176 4499; x_wconf 84' lang='grc' dir='ltr'>ὡς</span> <span class='ocrx_word' id='word_1_722' title='bbox 3207 4437 3304 4491; x_wconf 84' lang='grc' dir='ltr'>καὶ</span> <span class='ocrx_word' id='word_1_723' title='bbox 3333 4433 3542 4505; x_wconf 83' lang='grc' dir='ltr'>ταύτην</span> <span class='ocrx_word' id='word_1_724' title='bbox 3581 4433 3678 4504; x_wconf 80' lang='grc' dir='ltr'>τὴν</span> 
     </span>
    </p>
   </div>
   <div class='ocr_carea' id='block_1_92' title="bbox 409 4506 1997 4591">
    <p class='ocr_par' dir='ltr' id='par_1_92' title="bbox 409 4506 1997 4591">
     <span class='ocr_line' id='line_1_93' title="bbox 409 4506 1997 4591; baseline 0.014 -29"><span class='ocrx_word' id='word_1_725' title='bbox 409 4506 590 4565; x_wconf 88' lang='lat' dir='ltr'><strong>Lucas</strong></span> <span class='ocrx_word' id='word_1_726' title='bbox 617 4514 976 4584; x_wconf 81' lang='lat' dir='ltr'><strong>evangelista,</strong></span> <span class='ocrx_word' id='word_1_727' title='bbox 1003 4517 1098 4586; x_wconf 91' lang='lat' dir='ltr'><strong>qui</strong></span> <span class='ocrx_word' id='word_1_728' title='bbox 1129 4517 1289 4573; x_wconf 89' lang='lat' dir='ltr'><strong>istam</strong></span> <span class='ocrx_word' id='word_1_729' title='bbox 1320 4534 1389 4574; x_wconf 87' lang='lat' dir='ltr'><strong>ex</strong></span> <span class='ocrx_word' id='word_1_730' title='bbox 1417 4528 1576 4591; x_wconf 89' lang='lat' dir='ltr'><strong>parte</strong></span> <span class='ocrx_word' id='word_1_731' title='bbox 1599 4538 1820 4580; x_wconf 88' lang='lat' dir='ltr'><strong>causam</strong></span> <span class='ocrx_word' id='word_1_732' title='bbox 1850 4535 1906 4582; x_wconf 91' lang='lat' dir='ltr'><strong>et</strong></span> <span class='ocrx_word' id='word_1_733' title='bbox 1929 4507 1997 4584; x_wconf 82' lang='lat' dir='ltr'><strong>ex</strong></span> 
     </span>
    </p>
   </div>
   <div class='ocr_carea' id='block_1_93' title="bbox 409 4603 1994 4683">
    <p class='ocr_par' dir='ltr' id='par_1_93' title="bbox 409 4603 1994 4683">
     <span class='ocr_line' id='line_1_94' title="bbox 409 4603 1994 4683; baseline 0.011 -27"><span class='ocrx_word' id='word_1_734' title='bbox 409 4611 568 4672; x_wconf 87' lang='lat' dir='ltr'><strong>parte</strong></span> <span class='ocrx_word' id='word_1_735' title='bbox 611 4603 1038 4664; x_wconf 88' lang='lat' dir='ltr'><strong>similitudinem</strong></span> <span class='ocrx_word' id='word_1_736' title='bbox 1068 4609 1246 4667; x_wconf 89' lang='lat' dir='ltr'><strong>solum</strong></span> <span class='ocrx_word' id='word_1_737' title='bbox 1277 4612 1566 4683; x_wconf 83' lang='lat' dir='ltr'><strong>conspexit</strong></span> <span class='ocrx_word' id='word_1_738' title='bbox 1601 4612 1659 4670; x_wconf 89' lang='lat' dir='ltr'><strong>in</strong></span> <span class='ocrx_word' id='word_1_739' title='bbox 1687 4615 1863 4672; x_wconf 87' lang='lat' dir='ltr'><strong>Adam</strong></span> <span class='ocrx_word' id='word_1_740' title='bbox 1902 4635 1994 4674; x_wconf 92' lang='lat' dir='ltr'><strong>re-</strong></span> 
     </span>
    </p>
   </div>
   <div class='ocr_carea' id='block_1_94' title="bbox 410 4688 1994 4770">
    <p class='ocr_par' dir='ltr' id='par_1_94' title="bbox 410 4688 1994 4770">
     <span class='ocr_line' id='line_1_95' title="bbox 410 4688 1994 4770; baseline 0.011 -20"><span class='ocrx_word' id='word_1_741' title='bbox 410 4706 602 4766; x_wconf 88' lang='lat' dir='ltr'><strong>spectu</strong></span> <span class='ocrx_word' id='word_1_742' title='bbox 637 4701 814 4770; x_wconf 88' lang='lat' dir='ltr'><strong>patris</strong></span> <span class='ocrx_word' id='word_1_743' title='bbox 829 4688 1136 4768; x_wconf 39' lang='lat' dir='ltr'><strong>&#39;spirituum</strong></span> <span class='ocrx_word' id='word_1_744' title='bbox 1181 4705 1278 4760; x_wconf 91' lang='lat' dir='ltr'><strong>Dei</strong></span> <span class='ocrx_word' id='word_1_745' title='bbox 1307 4723 1320 4758; x_wconf 90' lang='lat'>:</span> <span class='ocrx_word' id='word_1_746' title='bbox 1357 4708 1665 4763; x_wconf 88' lang='lat' dir='ltr'><strong>secundum</strong></span> <span class='ocrx_word' id='word_1_747' title='bbox 1693 4711 1842 4765; x_wconf 89' lang='lat' dir='ltr'><strong>enim</strong></span> <span class='ocrx_word' id='word_1_748' title='bbox 1873 4713 1994 4768; x_wconf 89' lang='lat' dir='ltr'><strong>ani-</strong></span> 
     </span>
    </p>
   </div>
   <div class='ocr_carea' id='block_1_95' title="bbox 409 4792 1988 4877">
    <p class='ocr_par' dir='ltr' id='par_1_95' title="bbox 409 4792 1988 4877">
     <span class='ocr_line' id='line_1_96' title="bbox 409 4792 1988 4877; baseline 0.012 -34"><span class='ocrx_word' id='word_1_749' title='bbox 409 4803 557 4844; x_wconf 89' lang='lat' dir='ltr'><strong>mam</strong></span> <span class='ocrx_word' id='word_1_750' title='bbox 585 4792 762 4848; x_wconf 90' lang='lat' dir='ltr'><strong>solum</strong></span> <span class='ocrx_word' id='word_1_751' title='bbox 793 4793 1113 4852; x_wconf 86' lang='lat' dir='ltr'><strong>immediata</strong></span> <span class='ocrx_word' id='word_1_752' title='bbox 1145 4811 1311 4854; x_wconf 87' lang='lat' dir='ltr'><strong>causa</strong></span> <span class='ocrx_word' id='word_1_753' title='bbox 1334 4797 1414 4855; x_wconf 89' lang='lat' dir='ltr'><strong>illi</strong></span> <span class='ocrx_word' id='word_1_754' title='bbox 1443 4809 1564 4857; x_wconf 89' lang='lat' dir='ltr'><strong>erat</strong></span> <span class='ocrx_word' id='word_1_755' title='bbox 1593 4801 1758 4871; x_wconf 92' lang='lat' dir='ltr'><strong>Deus,</strong></span> <span class='ocrx_word' id='word_1_756' title='bbox 1784 4804 1988 4877; x_wconf 90' lang='lat' dir='ltr'><strong>quippe</strong></span> 
     </span>
    </p>
   </div>
   <div class='ocr_carea' id='block_1_96' title="bbox 409 4879 1987 4966">
    <p class='ocr_par' dir='ltr' id='par_1_96' title="bbox 409 4879 1987 4966">
     <span class='ocr_line' id='line_1_97' title="bbox 409 4879 1987 4966; baseline 0.012 -32"><span class='ocrx_word' id='word_1_757' title='bbox 409 4879 616 4938; x_wconf 89' lang='lat' dir='ltr'><strong>indidit</strong></span> <span class='ocrx_word' id='word_1_758' title='bbox 663 4885 766 4956; x_wconf 90' lang='lat' dir='ltr'><strong>ipsi</strong></span> <span class='ocrx_word' id='word_1_759' title='bbox 803 4887 1085 4958; x_wconf 88' lang='lat' dir='ltr'><strong>spiramen</strong></span> <span class='ocrx_word' id='word_1_760' title='bbox 1125 4890 1253 4948; x_wconf 62' lang='lat' dir='ltr'><strong>vitae</strong></span> <span class='ocrx_word' id='word_1_761' title='bbox 1295 4892 1352 4948; x_wconf 90' lang='lat' dir='ltr'><strong>in</strong></span> <span class='ocrx_word' id='word_1_762' title='bbox 1395 4893 1635 4950; x_wconf 89' lang='lat' dir='ltr'><strong>animam</strong></span> <span class='ocrx_word' id='word_1_763' title='bbox 1683 4896 1987 4966; x_wconf 87' lang='lat' dir='ltr'><strong>viventem,</strong></span> 
     </span>
    </p>
   </div>
   <div class='ocr_carea' id='block_1_97' title="bbox 408 4980 1984 5047">
    <p class='ocr_par' dir='ltr' id='par_1_97' title="bbox 408 4980 1984 5047">
     <span class='ocr_line' id='line_1_98' title="bbox 408 4980 1984 5047; baseline 0.011 -19"><span class='ocrx_word' id='word_1_764' title='bbox 408 4987 536 5028; x_wconf 91' lang='lat' dir='ltr'><strong>cum</strong></span> <span class='ocrx_word' id='word_1_765' title='bbox 586 4989 788 5047; x_wconf 88' lang='lat' dir='ltr'><strong>corpus</strong></span> <span class='ocrx_word' id='word_1_766' title='bbox 830 4994 862 5034; x_wconf 92' lang='lat' dir='ltr'><strong>e</strong></span> <span class='ocrx_word' id='word_1_767' title='bbox 907 4980 1041 5036; x_wconf 93' lang='lat' dir='ltr'><strong>limo</strong></span> <span class='ocrx_word' id='word_1_768' title='bbox 1095 4981 1175 5038; x_wconf 90' lang='lat' dir='ltr'><strong>illi</strong></span> <span class='ocrx_word' id='word_1_769' title='bbox 1230 4983 1536 5041; x_wconf 86' lang='lat' dir='ltr'><strong>formavit:</strong></span> <span class='ocrx_word' id='word_1_770' title='bbox 1569 4994 1626 5041; x_wconf 91' lang='lat' dir='ltr'><strong>et</strong></span> <span class='ocrx_word' id='word_1_771' title='bbox 1675 4989 1984 5047; x_wconf 83' lang='lat' dir='ltr'><strong>secundum</strong></span> 
     </span>
    </p>
   </div>
   <div class='ocr_carea' id='block_1_98' title="bbox 405 5059 1988 5148">
    <p class='ocr_par' dir='ltr' id='par_1_98' title="bbox 405 5059 1988 5148">
     <span class='ocr_line' id='line_1_99' title="bbox 405 5059 1988 5148; baseline 0.013 -30"><span class='ocrx_word' id='word_1_772' title='bbox 405 5064 646 5122; x_wconf 88' lang='lat' dir='ltr'><strong>animam</strong></span> <span class='ocrx_word' id='word_1_773' title='bbox 678 5078 890 5126; x_wconf 90' lang='lat' dir='ltr'><strong>tantum</strong></span> <span class='ocrx_word' id='word_1_774' title='bbox 921 5071 1130 5128; x_wconf 91' lang='lat' dir='ltr'><strong>homini</strong></span> <span class='ocrx_word' id='word_1_775' title='bbox 1178 5059 1300 5130; x_wconf 83' lang='lat' dir='ltr'><strong>esse</strong></span> <span class='ocrx_word' id='word_1_776' title='bbox 1336 5076 1406 5130; x_wconf 88' lang='lat' dir='ltr'><strong>ad</strong></span> <span class='ocrx_word' id='word_1_777' title='bbox 1459 5077 1754 5148; x_wconf 88' lang='lat' dir='ltr'><strong>imaginem</strong></span> <span class='ocrx_word' id='word_1_778' title='bbox 1792 5081 1888 5136; x_wconf 92' lang='lat' dir='ltr'><strong>Dei</strong></span> <span class='ocrx_word' id='word_1_779' title='bbox 1931 5093 1988 5140; x_wconf 88' lang='lat' dir='ltr'><strong>et</strong></span> 
     </span>
    </p>
   </div>
   <div class='ocr_carea' id='block_1_99' title="bbox 404 5160 1986 5235">
    <p class='ocr_par' dir='ltr' id='par_1_99' title="bbox 404 5160 1986 5235">
     <span class='ocr_line' id='line_1_100' title="bbox 404 5160 1986 5235; baseline 0.011 -20"><span class='ocrx_word' id='word_1_780' title='bbox 404 5160 830 5218; x_wconf 88' lang='lat' dir='ltr'><strong>similitudinem</strong></span> <span class='ocrx_word' id='word_1_781' title='bbox 858 5165 1130 5221; x_wconf 83' lang='lat' dir='ltr'><strong>remansit</strong></span> <span class='ocrx_word' id='word_1_782' title='bbox 1161 5185 1174 5220; x_wconf 91' lang='lat'><strong>:</strong></span> <span class='ocrx_word' id='word_1_783' title='bbox 1205 5165 1390 5223; x_wconf 91' lang='lat' dir='ltr'><strong>sciens</strong></span> <span class='ocrx_word' id='word_1_784' title='bbox 1433 5168 1612 5235; x_wconf 90' lang='lat' dir='ltr'><strong>illum,</strong></span> <span class='ocrx_word' id='word_1_785' title='bbox 1636 5171 1688 5226; x_wconf 89' lang='lat' dir='ltr'><strong>vi</strong></span> <span class='ocrx_word' id='word_1_786' title='bbox 1718 5186 1900 5230; x_wconf 84' lang='lat' dir='ltr'><strong>causae</strong></span> <span class='ocrx_word' id='word_1_787' title='bbox 1929 5187 1986 5233; x_wconf 86' lang='lat' dir='ltr'><strong>et</strong></span> 
     </span>
    </p>
   </div>
   <div class='ocr_carea' id='block_1_100' title="bbox 402 5251 1985 5326">
    <p class='ocr_par' dir='ltr' id='par_1_100' title="bbox 402 5251 1985 5326">
     <span class='ocr_line' id='line_1_101' title="bbox 402 5251 1985 5326; baseline 0.011 -18"><span class='ocrx_word' id='word_1_788' title='bbox 402 5251 791 5309; x_wconf 88' lang='lat' dir='ltr'><strong>similitudinis</strong></span> <span class='ocrx_word' id='word_1_789' title='bbox 817 5270 886 5310; x_wconf 84' lang='lat' dir='ltr'><strong>ex</strong></span> <span class='ocrx_word' id='word_1_790' title='bbox 909 5265 1062 5326; x_wconf 85' lang='lat' dir='ltr'><strong>parte</strong></span> <span class='ocrx_word' id='word_1_791' title='bbox 1089 5273 1212 5313; x_wconf 84' lang='lat' dir='ltr'><strong>esse</strong></span> <span class='ocrx_word' id='word_1_792' title='bbox 1249 5259 1540 5317; x_wconf 87' lang='lat' dir='ltr'><strong>evidenter</strong></span> <span class='ocrx_word' id='word_1_793' title='bbox 1567 5262 1768 5318; x_wconf 83' lang='lat' dir='ltr'><strong>Filium</strong></span> <span class='ocrx_word' id='word_1_794' title='bbox 1804 5265 1985 5326; x_wconf 82' lang='lat' dir='ltr'><strong>Patris</strong></span> 
     </span>
    </p>
   </div>
   <div class='ocr_carea' id='block_1_101' title="bbox 399 5327 1985 5426">
    <p class='ocr_par' dir='ltr' id='par_1_101' title="bbox 399 5327 1985 5426">
     <span class='ocr_line' id='line_1_102' title="bbox 399 5327 1985 5426; baseline 0.011 -26"><span class='ocrx_word' id='word_1_795' title='bbox 399 5327 700 5416; x_wconf 80' lang='lat' dir='ltr'><strong>spirituum</strong></span> <span class='ocrx_word' id='word_1_796' title='bbox 726 5347 846 5415; x_wconf 90' lang='lat' dir='ltr'><strong>Dei,</strong></span> <span class='ocrx_word' id='word_1_797' title='bbox 865 5347 971 5403; x_wconf 91' lang='lat' dir='ltr'><strong>fuit</strong></span> <span class='ocrx_word' id='word_1_798' title='bbox 995 5349 1190 5418; x_wconf 87' lang='lat' dir='ltr'><strong>Adam,</strong></span> <span class='ocrx_word' id='word_1_799' title='bbox 1217 5353 1593 5426; x_wconf 79' lang='lat' dir='ltr'><strong>genealogiam</strong></span> <span class='ocrx_word' id='word_1_800' title='bbox 1619 5357 1692 5412; x_wconf 89' lang='lat' dir='ltr'><strong>ita</strong></span> <span class='ocrx_word' id='word_1_801' title='bbox 1715 5358 1985 5418; x_wconf 82' lang='lat' dir='ltr'><strong>ordinans</strong></span> 
     </span>
    </p>
   </div>
   <div class='ocr_carea' id='block_1_102' title="bbox 400 5435 1983 5516">
    <p class='ocr_par' dir='ltr' id='par_1_102' title="bbox 400 5435 1983 5516">
     <span class='ocr_line' id='line_1_103' title="bbox 400 5435 1983 5516; baseline 0.013 -28"><span class='ocrx_word' id='word_1_802' title='bbox 400 5442 456 5489; x_wconf 82' lang='lat' dir='ltr'><strong>et</strong></span> <span class='ocrx_word' id='word_1_803' title='bbox 481 5435 708 5494; x_wconf 87' lang='lat' dir='ltr'><strong>dicens:</strong></span> <span class='ocrx_word' id='word_1_804' title='bbox 750 5457 768 5490; x_wconf 82' lang='grc' dir='ltr'><strong>ι</strong></span> <span class='ocrx_word' id='word_1_805' title='bbox 801 5438 908 5506; x_wconf 84' lang='lat' dir='ltr'><strong>Qui</strong></span> <span class='ocrx_word' id='word_1_806' title='bbox 938 5441 1042 5496; x_wconf 86' lang='lat' dir='ltr'><strong>fuit</strong></span> <span class='ocrx_word' id='word_1_807' title='bbox 1075 5441 1246 5498; x_wconf 84' lang='lat' dir='ltr'><strong>Adam</strong></span> <span class='ocrx_word' id='word_1_808' title='bbox 1283 5446 1378 5515; x_wconf 90' lang='lat' dir='ltr'><strong>qui</strong></span> <span class='ocrx_word' id='word_1_809' title='bbox 1419 5446 1525 5503; x_wconf 84' lang='lat' dir='ltr'><strong>fuit</strong></span> <span class='ocrx_word' id='word_1_810' title='bbox 1568 5449 1665 5505; x_wconf 87' lang='lat' dir='ltr'><strong>Dei</strong></span> <span class='ocrx_word' id='word_1_811' title='bbox 1693 5451 1736 5516; x_wconf 84' lang='grc'><strong>²,</strong></span> <span class='ocrx_word' id='word_1_812' title='bbox 1770 5468 1788 5502; x_wconf 78' lang='grc' dir='ltr'><strong>ι</strong></span> <span class='ocrx_word' id='word_1_813' title='bbox 1833 5451 1983 5508; x_wconf 90' lang='lat' dir='ltr'><strong>sicut</strong></span> 
     </span>
    </p>
   </div>
   <div class='ocr_carea' id='block_1_103' title="bbox 401 5525 1979 5608">
    <p class='ocr_par' dir='ltr' id='par_1_103' title="bbox 401 5525 1979 5608">
     <span class='ocr_line' id='line_1_104' title="bbox 401 5525 1979 5608; baseline 0.011 -26"><span class='ocrx_word' id='word_1_814' title='bbox 401 5525 574 5584; x_wconf 76' lang='lat' dir='ltr'><strong>dixit:</strong></span> <span class='ocrx_word' id='word_1_815' title='bbox 606 5550 624 5582; x_wconf 81' lang='grc' dir='ltr'><strong>ι</strong></span> <span class='ocrx_word' id='word_1_816' title='bbox 662 5529 768 5598; x_wconf 86' lang='lat' dir='ltr'><strong>Qui</strong></span> <span class='ocrx_word' id='word_1_817' title='bbox 800 5530 906 5588; x_wconf 88' lang='lat' dir='ltr'><strong>fuit</strong></span> <span class='ocrx_word' id='word_1_818' title='bbox 936 5532 1070 5589; x_wconf 83' lang='lat' dir='ltr'><strong>Scth</strong></span> <span class='ocrx_word' id='word_1_819' title='bbox 1092 5535 1184 5605; x_wconf 86' lang='lat' dir='ltr'><strong>qui</strong></span> <span class='ocrx_word' id='word_1_820' title='bbox 1212 5536 1318 5591; x_wconf 88' lang='lat' dir='ltr'><strong>fuit</strong></span> <span class='ocrx_word' id='word_1_821' title='bbox 1352 5537 1524 5595; x_wconf 74' lang='lat' dir='ltr'><strong>Adam</strong></span> <span class='ocrx_word' id='word_1_822' title='bbox 1555 5541 1596 5608; x_wconf 87' lang='grc'>³,</span> <span class='ocrx_word' id='word_1_823' title='bbox 1633 5561 1650 5592; x_wconf 78' lang='grc' dir='ltr'><strong>ι</strong></span> <span class='ocrx_word' id='word_1_824' title='bbox 1676 5541 1979 5601; x_wconf 83' lang='lat' dir='ltr'><strong>seilicetcx</strong></span> 
     </span>
    </p>
   </div>
   <div class='ocr_carea' id='block_1_104' title="bbox 475 5705 1168 5776">
    <p class='ocr_par' dir='ltr' id='par_1_104' title="bbox 475 5705 1168 5776">
     <span class='ocr_line' id='line_1_105' title="bbox 475 5705 1168 5776; baseline 0.013 -18"><span class='ocrx_word' id='word_1_825' title='bbox 475 5705 493 5734; x_wconf 79' lang='grc'>³</span> <span class='ocrx_word' id='word_1_826' title='bbox 520 5705 651 5762; x_wconf 82' lang='lat' dir='ltr'><strong>Luc.</strong></span> <span class='ocrx_word' id='word_1_827' title='bbox 686 5724 765 5776; x_wconf 84' lang='grc' dir='ltr'>ιιι,</span> <span class='ocrx_word' id='word_1_828' title='bbox 791 5709 878 5766; x_wconf 81' lang='lat'><strong>58.</strong></span> <span class='ocrx_word' id='word_1_829' title='bbox 958 5712 976 5742; x_wconf 88' lang='grc'>³</span> <span class='ocrx_word' id='word_1_830' title='bbox 1010 5710 1168 5767; x_wconf 72' lang='grc' dir='ltr'>ιωα.”</span> 
     </span>
    </p>
   </div>
   <div class='ocr_carea' id='block_1_105' title="bbox 2095 4525 3674 4601">
    <p class='ocr_par' dir='ltr' id='par_1_105' title="bbox 2095 4525 3674 4601">
     <span class='ocr_line' id='line_1_106' title="bbox 2095 4525 3674 4601; baseline -0.001 -20"><span class='ocrx_word' id='word_1_831' title='bbox 2095 4527 2332 4601; x_wconf 76' lang='grc' dir='ltr'>μερικὴν</span> <span class='ocrx_word' id='word_1_832' title='bbox 2358 4527 2538 4582; x_wconf 81' lang='grc' dir='ltr'>αἰτίαν</span> <span class='ocrx_word' id='word_1_833' title='bbox 2559 4527 2656 4580; x_wconf 78' lang='grc' dir='ltr'>καὶ</span> <span class='ocrx_word' id='word_1_834' title='bbox 2679 4525 2910 4598; x_wconf 79' lang='grc' dir='ltr'>μερικὴν</span> <span class='ocrx_word' id='word_1_835' title='bbox 2941 4525 3240 4598; x_wconf 85' lang='grc' dir='ltr'>ὁμοιότητα</span> <span class='ocrx_word' id='word_1_836' title='bbox 3275 4526 3436 4598; x_wconf 86' lang='grc' dir='ltr'>μόνον</span> <span class='ocrx_word' id='word_1_837' title='bbox 3462 4525 3674 4597; x_wconf 70' lang='grc' dir='ltr'>θεωρή-</span> 
     </span>
    </p>
   </div>
   <div class='ocr_carea' id='block_1_106' title="bbox 2093 4614 3674 4689">
    <p class='ocr_par' dir='ltr' id='par_1_106' title="bbox 2093 4614 3674 4689">
     <span class='ocr_line' id='line_1_107' title="bbox 2093 4614 3674 4689; baseline -0.004 -15"><span class='ocrx_word' id='word_1_838' title='bbox 2093 4637 2194 4684; x_wconf 91' lang='grc' dir='ltr'><strong>σας</strong></span> <span class='ocrx_word' id='word_1_839' title='bbox 2226 4620 2444 4682; x_wconf 86' lang='grc' dir='ltr'>Λουκᾶς</span> <span class='ocrx_word' id='word_1_840' title='bbox 2479 4620 2508 4672; x_wconf 84' lang='grc' dir='ltr'>ὁ</span> <span class='ocrx_word' id='word_1_841' title='bbox 2549 4615 2944 4689; x_wconf 83' lang='grc' dir='ltr'>εὐαγγελιστὴς</span> <span class='ocrx_word' id='word_1_842' title='bbox 2987 4616 3218 4671; x_wconf 78' lang='grc' dir='ltr'>ἐνοῦσαν</span> <span class='ocrx_word' id='word_1_843' title='bbox 3259 4615 3356 4671; x_wconf 78' lang='grc' dir='ltr'>καὶ</span> <span class='ocrx_word' id='word_1_844' title='bbox 3381 4615 3462 4686; x_wconf 82' lang='grc' dir='ltr'>τῷ</span> <span class='ocrx_word' id='word_1_845' title='bbox 3501 4614 3674 4685; x_wconf 74' lang='grc' dir='ltr'>Ἀδὰμ</span> 
     </span>
    </p>
   </div>
   <div class='ocr_carea' id='block_1_107' title="bbox 2091 4705 3672 4787">
    <p class='ocr_par' dir='ltr' id='par_1_107' title="bbox 2091 4705 3672 4787">
     <span class='ocr_line' id='line_1_108' title="bbox 2091 4705 3672 4787; baseline -0.007 -18"><span class='ocrx_word' id='word_1_846' title='bbox 2091 4714 2228 4787; x_wconf 78' lang='grc' dir='ltr'>πρὸς</span> <span class='ocrx_word' id='word_1_847' title='bbox 2275 4713 2368 4768; x_wconf 81' lang='grc' dir='ltr'><strong>τὸν</strong></span> <span class='ocrx_word' id='word_1_848' title='bbox 2408 4714 2630 4786; x_wconf 81' lang='grc' dir='ltr'>’πατέρα</span> <span class='ocrx_word' id='word_1_849' title='bbox 2675 4712 2786 4766; x_wconf 88' lang='grc' dir='ltr'><strong>τῶν</strong></span> <span class='ocrx_word' id='word_1_850' title='bbox 2843 4711 3172 4782; x_wconf 83' lang='grc' dir='ltr'>πνευμάτων</span> <span class='ocrx_word' id='word_1_851' title='bbox 3195 4709 3356 4764; x_wconf 77' lang='grc' dir='ltr'>Θεόνο</span> <span class='ocrx_word' id='word_1_852' title='bbox 3393 4707 3541 4761; x_wconf 80' lang='grc' dir='ltr'>κατὰ</span> <span class='ocrx_word' id='word_1_853' title='bbox 3567 4705 3672 4776; x_wconf 79' lang='grc' dir='ltr'><strong>γὰρ</strong></span> 
     </span>
    </p>
   </div>
   <div class='ocr_carea' id='block_1_108' title="bbox 2086 4797 3674 4878">
    <p class='ocr_par' dir='ltr' id='par_1_108' title="bbox 2086 4797 3674 4878">
     <span class='ocr_line' id='line_1_109' title="bbox 2086 4797 3674 4878; baseline -0.005 -20"><span class='ocrx_word' id='word_1_854' title='bbox 2086 4805 2266 4878; x_wconf 81' lang='grc' dir='ltr'>ψυχὴν</span> <span class='ocrx_word' id='word_1_855' title='bbox 2303 4802 2464 4878; x_wconf 87' lang='grc' dir='ltr'>μόνον</span> <span class='ocrx_word' id='word_1_856' title='bbox 2497 4806 2772 4877; x_wconf 82' lang='grc' dir='ltr'>προσεχὴς</span> <span class='ocrx_word' id='word_1_857' title='bbox 2802 4803 2976 4868; x_wconf 76' lang='grc' dir='ltr'>αἴτιος</span> <span class='ocrx_word' id='word_1_858' title='bbox 3001 4801 3150 4873; x_wconf 86' lang='grc' dir='ltr'>αὐτῷ</span> <span class='ocrx_word' id='word_1_859' title='bbox 3179 4797 3248 4872; x_wconf 78' lang='grc' dir='ltr'>ἦν</span> <span class='ocrx_word' id='word_1_860' title='bbox 3287 4802 3316 4854; x_wconf 88' lang='grc' dir='ltr'><strong>ὁ</strong></span> <span class='ocrx_word' id='word_1_861' title='bbox 3367 4798 3524 4866; x_wconf 81' lang='grc' dir='ltr'>Θεὸς,</span> <span class='ocrx_word' id='word_1_862' title='bbox 3581 4800 3674 4867; x_wconf 73' lang='grc' dir='ltr'><strong>ἑμ-</strong></span> 
     </span>
    </p>
   </div>
   <div class='ocr_carea' id='block_1_109' title="bbox 2101 4888 3670 4970">
    <p class='ocr_par' dir='ltr' id='par_1_109' title="bbox 2101 4888 3670 4970">
     <span class='ocr_line' id='line_1_110' title="bbox 2101 4888 3670 4970; baseline -0.007 -18"><span class='ocrx_word' id='word_1_863' title='bbox 2101 4897 2290 4968; x_wconf 89' lang='grc' dir='ltr'>φυσῶν</span> <span class='ocrx_word' id='word_1_864' title='bbox 2333 4897 2484 4967; x_wconf 85' lang='grc' dir='ltr'>αὐτῷ</span> <span class='ocrx_word' id='word_1_865' title='bbox 2531 4897 2750 4970; x_wconf 86' lang='grc' dir='ltr'>πνεῦμα</span> <span class='ocrx_word' id='word_1_866' title='bbox 2805 4895 2954 4967; x_wconf 78' lang='grc' dir='ltr'>ζωῆς</span> <span class='ocrx_word' id='word_1_867' title='bbox 2981 4897 3061 4959; x_wconf 81' lang='grc' dir='ltr'><strong>εἰς</strong></span> <span class='ocrx_word' id='word_1_868' title='bbox 3087 4893 3269 4966; x_wconf 82' lang='grc' dir='ltr'>ψυχὴν</span> <span class='ocrx_word' id='word_1_869' title='bbox 3313 4891 3518 4958; x_wconf 79' lang='grc' dir='ltr'>ζῶσαν,</span> <span class='ocrx_word' id='word_1_870' title='bbox 3552 4888 3670 4942; x_wconf 67' lang='grc' dir='ltr'>ἐπεὶ</span> 
     </span>
    </p>
   </div>
   <div class='ocr_carea' id='block_1_110' title="bbox 2089 4983 3671 5064">
    <p class='ocr_par' dir='ltr' id='par_1_110' title="bbox 2089 4983 3671 5064">
     <span class='ocr_line' id='line_1_111' title="bbox 2089 4983 3671 5064; baseline -0.005 -18"><span class='ocrx_word' id='word_1_871' title='bbox 2089 4993 2150 5046; x_wconf 84' lang='grc' dir='ltr'>τὸ</span> <span class='ocrx_word' id='word_1_872' title='bbox 2177 4993 2339 5064; x_wconf 89' lang='grc' dir='ltr'>σῶμα</span> <span class='ocrx_word' id='word_1_873' title='bbox 2371 4992 2482 5046; x_wconf 83' lang='grc' dir='ltr'>ἀπὸ</span> <span class='ocrx_word' id='word_1_874' title='bbox 2507 4993 2608 5062; x_wconf 80' lang='grc' dir='ltr'>γῆς</span> <span class='ocrx_word' id='word_1_875' title='bbox 2638 4991 2790 5064; x_wconf 82' lang='grc' dir='ltr'>αὐτῷ</span> <span class='ocrx_word' id='word_1_876' title='bbox 2810 4989 3177 5064; x_wconf 80' lang='grc' dir='ltr'>προδιέπλασε</span> <span class='ocrx_word' id='word_1_877' title='bbox 3199 5005 3214 5019; x_wconf 84' lang='grc'><em>’</em></span> <span class='ocrx_word' id='word_1_878' title='bbox 3246 4989 3342 5042; x_wconf 75' lang='grc' dir='ltr'>καὶ</span> <span class='ocrx_word' id='word_1_879' title='bbox 3373 4985 3519 5040; x_wconf 81' lang='grc' dir='ltr'>κατὰ</span> <span class='ocrx_word' id='word_1_880' title='bbox 3541 4983 3671 5038; x_wconf 79' lang='grc' dir='ltr'>ταύο</span> 
     </span>
    </p>
   </div>
   <div class='ocr_carea' id='block_1_111' title="bbox 2089 5077 3666 5156">
    <p class='ocr_par' dir='ltr' id='par_1_111' title="bbox 2089 5077 3666 5156">
     <span class='ocr_line' id='line_1_112' title="bbox 2089 5077 3666 5156; baseline -0.006 -18"><span class='ocrx_word' id='word_1_881' title='bbox 2089 5102 2188 5156; x_wconf 81' lang='grc' dir='ltr'><strong>την</strong></span> <span class='ocrx_word' id='word_1_882' title='bbox 2256 5082 2563 5156; x_wconf 79' lang='grc' dir='ltr'>σωζόμενον</span> <span class='ocrx_word' id='word_1_883' title='bbox 2619 5084 2780 5156; x_wconf 84' lang='grc' dir='ltr'>μόνον</span> <span class='ocrx_word' id='word_1_884' title='bbox 2835 5083 2897 5136; x_wconf 80' lang='grc' dir='ltr'>τὸ</span> <span class='ocrx_word' id='word_1_885' title='bbox 2949 5082 3069 5138; x_wconf 81' lang='grc' dir='ltr'>κατ’</span> <span class='ocrx_word' id='word_1_886' title='bbox 3124 5080 3314 5136; x_wconf 79' lang='grc' dir='ltr'>εἰκόνα</span> <span class='ocrx_word' id='word_1_887' title='bbox 3371 5077 3506 5132; x_wconf 78' lang='grc' dir='ltr'>Θεοῦ</span> <span class='ocrx_word' id='word_1_888' title='bbox 3576 5077 3666 5130; x_wconf 73' lang='grc' dir='ltr'><strong>καὶ</strong></span> 
     </span>
    </p>
   </div>
   <div class='ocr_carea' id='block_1_112' title="bbox 2090 5167 3667 5248">
    <p class='ocr_par' dir='ltr' id='par_1_112' title="bbox 2090 5167 3667 5248">
     <span class='ocr_line' id='line_1_113' title="bbox 2090 5167 3667 5248; baseline -0.008 -16"><span class='ocrx_word' id='word_1_889' title='bbox 2090 5176 2352 5246; x_wconf 82' lang='grc' dir='ltr'>ὁμοίωσιν</span> <span class='ocrx_word' id='word_1_890' title='bbox 2379 5174 2457 5246; x_wconf 81' lang='grc' dir='ltr'>τῷ</span> <span class='ocrx_word' id='word_1_891' title='bbox 2485 5174 2791 5248; x_wconf 82' lang='grc' dir='ltr'>ἀνθρώπῳ·</span> <span class='ocrx_word' id='word_1_892' title='bbox 2823 5171 2978 5238; x_wconf 77' lang='grc' dir='ltr'>εἰδὼς</span> <span class='ocrx_word' id='word_1_893' title='bbox 3003 5173 3070 5226; x_wconf 84' lang='grc' dir='ltr'>ὲκ</span> <span class='ocrx_word' id='word_1_894' title='bbox 3096 5171 3331 5245; x_wconf 86' lang='grc' dir='ltr'>μερικῆς</span> <span class='ocrx_word' id='word_1_895' title='bbox 3366 5169 3550 5234; x_wconf 72' lang='grc' dir='ltr'>αἰτίας</span> <span class='ocrx_word' id='word_1_896' title='bbox 3578 5167 3667 5222; x_wconf 83' lang='grc' dir='ltr'>καὶ</span> 
     </span>
    </p>
   </div>
   <div class='ocr_carea' id='block_1_113' title="bbox 2088 5263 3666 5342">
    <p class='ocr_par' dir='ltr' id='par_1_113' title="bbox 2088 5263 3666 5342">
     <span class='ocr_line' id='line_1_114' title="bbox 2088 5263 3666 5342; baseline -0.008 -16"><span class='ocrx_word' id='word_1_897' title='bbox 2088 5268 2399 5342; x_wconf 85' lang='grc' dir='ltr'>ὁμοιώσεως</span> <span class='ocrx_word' id='word_1_898' title='bbox 2429 5267 2558 5322; x_wconf 73' lang='grc' dir='ltr'>Υῑὸν</span> <span class='ocrx_word' id='word_1_899' title='bbox 2586 5269 2774 5338; x_wconf 84' lang='grc' dir='ltr'>σαφῶς</span> <span class='ocrx_word' id='word_1_900' title='bbox 2801 5266 2897 5320; x_wconf 84' lang='grc' dir='ltr'><strong>τοῦ</strong></span> <span class='ocrx_word' id='word_1_901' title='bbox 2927 5263 3140 5338; x_wconf 78' lang='grc' dir='ltr'>ΙΙατρδς</span> <span class='ocrx_word' id='word_1_902' title='bbox 3184 5265 3294 5320; x_wconf 84' lang='grc' dir='ltr'><strong>τῶν</strong></span> <span class='ocrx_word' id='word_1_903' title='bbox 3341 5263 3666 5334; x_wconf 83' lang='grc' dir='ltr'>πνευμάτων</span> 
     </span>
    </p>
   </div>
   <div class='ocr_carea' id='block_1_114' title="bbox 2089 5352 3666 5430">
    <p class='ocr_par' dir='ltr' id='par_1_114' title="bbox 2089 5352 3666 5430">
     <span class='ocr_line' id='line_1_115' title="bbox 2089 5352 3666 5430; baseline -0.006 -14"><span class='ocrx_word' id='word_1_904' title='bbox 2089 5361 2246 5428; x_wconf 88' lang='grc' dir='ltr'>Θεοῦ,</span> <span class='ocrx_word' id='word_1_905' title='bbox 2301 5361 2396 5416; x_wconf 72' lang='grc' dir='ltr'><strong>καὶ</strong></span> <span class='ocrx_word' id='word_1_906' title='bbox 2443 5360 2534 5414; x_wconf 79' lang='grc' dir='ltr'><strong>τὸν</strong></span> <span class='ocrx_word' id='word_1_907' title='bbox 2574 5361 2747 5430; x_wconf 71' lang='grc' dir='ltr'>’ᾼδᾰμ</span> <span class='ocrx_word' id='word_1_908' title='bbox 2791 5359 3216 5427; x_wconf 72' lang='grc' dir='ltr'>ἐγενεαλόγησεν</span> <span class='ocrx_word' id='word_1_909' title='bbox 3251 5355 3424 5420; x_wconf 75' lang='grc' dir='ltr'>οὕτως</span> <span class='ocrx_word' id='word_1_910' title='bbox 3470 5352 3666 5408; x_wconf 80' lang='grc' dir='ltr'>ἀνατά-</span> 
     </span>
    </p>
   </div>
   <div class='ocr_carea' id='block_1_115' title="bbox 2090 5445 3663 5546">
    <p class='ocr_par' dir='ltr' id='par_1_115' title="bbox 2090 5445 3663 5546">
     <span class='ocr_line' id='line_1_116' title="bbox 2090 5445 3663 5546; baseline -0.006 -39"><span class='ocrx_word' id='word_1_911' title='bbox 2090 5455 2186 5522; x_wconf 83' lang='grc' dir='ltr'><strong>ξας</strong></span> <span class='ocrx_word' id='word_1_912' title='bbox 2217 5455 2311 5508; x_wconf 74' lang='grc' dir='ltr'><strong>καὶ</strong></span> <span class='ocrx_word' id='word_1_913' title='bbox 2349 5452 2538 5518; x_wconf 73' lang='grc' dir='ltr'>εἰπὼν,</span> <span class='ocrx_word' id='word_1_914' title='bbox 2572 5449 2710 5507; x_wconf 84' lang='grc' dir='ltr'>εἶναι</span> <span class='ocrx_word' id='word_1_915' title='bbox 2761 5450 2854 5506; x_wconf 85' lang='grc' dir='ltr'><strong>τοῦ</strong></span> <span class='ocrx_word' id='word_1_916' title='bbox 2918 5451 3092 5524; x_wconf 76' lang='grc' dir='ltr'>Ἀδὰμ</span> <span class='ocrx_word' id='word_1_917' title='bbox 3135 5451 3229 5505; x_wconf 75' lang='grc' dir='ltr'><strong>τοῦ</strong></span> <span class='ocrx_word' id='word_1_918' title='bbox 3277 5447 3436 5513; x_wconf 85' lang='grc' dir='ltr'>Θεοῦ,</span> <span class='ocrx_word' id='word_1_919' title='bbox 3477 5445 3663 5546; x_wconf 68' lang='grc' dir='ltr'>ὥσπερ</span> 
     </span>
    </p>
   </div>
   <div class='ocr_carea' id='block_1_116' title="bbox 2087 5541 3658 5619">
    <p class='ocr_par' dir='ltr' id='par_1_116' title="bbox 2087 5541 3658 5619">
     <span class='ocr_line' id='line_1_117' title="bbox 2087 5541 3658 5619; baseline -0.008 -17"><span class='ocrx_word' id='word_1_920' title='bbox 2087 5547 2212 5619; x_wconf 81' lang='grc' dir='ltr'>ἔφη,</span> <span class='ocrx_word' id='word_1_921' title='bbox 2260 5547 2406 5600; x_wconf 81' lang='grc' dir='ltr'>(Τοῦ</span> <span class='ocrx_word' id='word_1_922' title='bbox 2461 5545 2568 5619; x_wconf 82' lang='grc' dir='ltr'><strong>Σὴο</strong></span> <span class='ocrx_word' id='word_1_923' title='bbox 2628 5545 2720 5600; x_wconf 87' lang='grc' dir='ltr'><strong>τοῦ</strong></span> <span class='ocrx_word' id='word_1_924' title='bbox 2782 5545 3026 5615; x_wconf 72' lang='grc' dir='ltr'>Ἀδὰμ,›</span> <span class='ocrx_word' id='word_1_925' title='bbox 3083 5546 3252 5618; x_wconf 70' lang='grc' dir='ltr'>ἡγουν</span> <span class='ocrx_word' id='word_1_926' title='bbox 3307 5542 3400 5598; x_wconf 79' lang='grc' dir='ltr'><strong>τὸν</strong></span> <span class='ocrx_word' id='word_1_927' title='bbox 3443 5541 3510 5595; x_wconf 77' lang='grc' dir='ltr'>ἔκ</span> <span class='ocrx_word' id='word_1_928' title='bbox 3570 5541 3658 5592; x_wconf 68' lang='grc' dir='ltr'>τοῦ</span> 
     </span>
    </p>
   </div>
  </div>
