3932 6152
401 295 538 365 1613

1322 302 1718 370 ADVERSUS
1743 305 2302 390 .NESTORIANOS.
2333 335 2400 346 -
2424 310 2570 371 LIB.
2613 309 2730 370 III.

3526 303 3663 368 16M.

412 412 614 484 Ἀδάμ’
668 411 764 466 καὶ
813 413 1005 486 ὥσπερ
1057 409 1202 484 εἶπε,
1256 417 1404 472 (Τοῦ
1455 418 1708 486 Ἰσαὰκ,›
1760 407 1900 491 ὅπερ
1948 421 2005 476 ὁ,

2111 420 2288 477 idum:
2322 429 2380 478 et
2407 419 2882 490 quemadmodum
2907 416 3029 472 ait:
3063 435 3083 468 ‹
3115 415 3222 482 Qui
3285 415 3391 472 fuit
3446 416 3598 473 Isaae
3639 435 3660 470 ι

403 505 685 570 Ματθαῖος
713 503 934 575 ἔλεγεν·
965 527 985 557 α
1021 507 1276 580 Ἀϐραὰμ
1308 511 1568 581 ἐγέννησε
1605 511 1695 566 τὸν
1737 512 1976 577 Ἰσαὰκ,ι

2111 512 2234 584 [uod
2255 512 2541 570 Mattheus
2565 511 2817 570 vertebat
2835 509 3172 569 :IAbraham
3201 509 3398 582 genuit
3415 511 3569 566 Isaac
3584 510 3662 574 ⁸,»

405 599 582 665 οὕτως
615 599 722 672 εφη
743 641 759 667 ,
790 599 938 654 «Τοῦ
979 601 1152 674 ’Δδὰμ
1174 596 1271 656 τοῦ
1301 603 1461 658 Θεοῦ.
1507 623 1528 657 ι
1573 603 1731 660 Οὕτω
1763 607 1864 678 μὲν
1892 605 1983 666 οῦν

408 691 584 764 ἐχέτω
611 693 742 748 τάδε
760 709 776 726 ο
803 693 1098 749 ἀκουστέον
1126 693 1185 748 δὲ
1211 695 1308 750 καὶ⁸
1333 694 1445 751 τῶν
1477 695 1703 752 λοιπῶν.

1010 808 1265 868 ΚΕΦΔΔ.
1306 810 1384 864 E'.

483 923 548 980 Et
575 921 668 981 οὖν
701 926 863 996 φύσει
903 927 1052 980 ἐστὶν
1102 925 1232 992 Υίδς
1263 926 1400 982 Θεοῦ
1429 926 1459 980 6
1505 926 1760 998 Χριστὸς,
1789 925 1882 980 καὶ
1924 923 1987 980 οὐ

411 1017 554 1072 κατὰ
586 1017 748 1088 χάριν
799 1016 1074 1081 υἱοθεσίας
1114 1013 1368 1088 ἠξίωται,
1401 1017 1558 1087 φασὶ,
1600 1017 1720 1080 πῶς
1773 1016 1990 1088 εἴρηται

409 1112 492 1162 έτι
521 1107 704 1178 πολλῷ
733 1107 936 1178 μᾶλλον
959 1109 994 1179 ἠ
1023 1109 1187 1179 χάρις
1209 1107 1305 1161 καὶ
1339 1109 1372 1180 ἡ
1405 1101 1587 1178 δωρεά
1612 1106 1706 1161 τοῦ
1739 1107 1899 1171 Θεοῦ,
1933 1107 1990 1160 έν

407 1199 597 1270 χάριτι
639 1199 736 1252 τοῦ
773 1199 893 1262 ένδς
917 1197 1207 1272 ἀνθρώπου
1248 1196 1425 1269 Ἰησοῦ
1459 1199 1722 1270 Χριστοῦ,
1753 1201 1836 1262 είς
1861 1199 1992 1263 τοὺς

414 1291 644 1354 πολλοὺς
685 1290 1085 1362 περιέσσευσες
1135 1291 1233 1344 καὶ
1277 1291 1382 1353 ὅτι,
1426 1308 1444 1342 ι
1477 1289 1806 1362 Ἐχαρίσατο
1841 1289 1992 1361 αὐτῷ

409 1383 438 1436 6
459 1381 594 1445 Θεὸς
617 1380 789 1451 θνομα
809 1379 871 1434 τδ
894 1381 1036 1452 ὑπὲρ
1055 1382 1162 1436 πᾶν
1176 1380 1377 1452 Morta;
1403 1399 1422 1434 ι
1445 1381 1560 1447 καὶ,
1592 1400 1612 1433 ι
1631 1383 1693 1435 '0
1713 1380 1789 1454 μὴ
1814 1380 1993 1451 ἑαυτῷ

410 1473 470 1527 δὲ
517 1472 700 1526 λαΰὼν
737 1471 838 1543 τὴν
871 1471 1062 1543 τιμὴν,
1113 1471 1252 1527 ἀλλὰ
1295 1473 1521 1545 κληθεὶς
1569 1472 1677 1526 ὑπὸ
1722 1472 1818 1526 τοῦ
1853 1473 1992 1528 Θεοῦ

413 1565 670 1637 καθάπερ
721 1565 816 1619 καὶ
854 1565 1090 1636 Ἀαρὼν,
1114 1584 1132 1616 ι
1171 1565 1227 1619 τί
1275 1567 1424 1622 ἐστιν
1475 1557 1632 1630 οὗτος
1671 1568 1700 1620 6
1736 1567 1992 1638 Χριστξς,

410 1656 623 1713 εἴπατε.
661 1657 833 1712 Πάλιν
863 1657 1228 1728 παρεκδοχαῖ,
1255 1657 1420 1712 πάλιν
1453 1653 1798 1730 μεταγωγαὶ,
1829 1657 1993 1712 πάλιν

2085 607 2165 664 ita
2189 605 2330 662 dixit
2359 623 2376 662 :
2417 624 2437 660 ι
2470 604 2576 673 Qui
2596 605 2703 660 fuit
2725 601 2898 660 Adam
2919 603 3016 675 qui
3047 601 3158 659 fuit
3177 603 3301 660 Dei.
3328 622 3348 658 ι
3391 603 3473 658 ita
3498 603 3670 676 igitur

2089 698 2210 759 haec
2233 698 2384 756 sint:
2415 697 2514 756 sed
2536 697 2750 769 reliqua
2775 695 3058 752 audienda
3083 705 3238 753 sunt.
3569 731 3573 734 -

2747 810 2903 866 CAP.
2938 811 3003 866 ν.

2159 923 2218 982 Si
2239 940 2370 996 ergo
2397 935 2598 980 natura
2620 933 2726 1001 _est
2761 922 2938 981 Filius
2971 924 3071 980 Dei
3104 925 3385 993 Christus,
3434 935 3492 983 et
3548 942 3661 982 non

2090 1019 2401 1076 secundum
2437 1017 2676 1088 gratiam
2710 1016 2954 1072 ﬁliorum
2986 1017 3306 1088 adoptionis
3330 1019 3534 1090 dignus
3569 1019 3672 1072 ha-

2090 1111 2246 1166 bitus
2275 1119 2383 1175 est,
2415 1109 2595 1174 aiunt,
2627 1107 2906 1178 quomodo
2939 1107 3149 1164 dictum
3184 1119 3300 1177 est;
3343 1111 3520 1165 multo
3553 1125 3672 1164 ma-

2093 1203 2180 1275 gis
2211 1202 2393 1275 gratia
2420 1209 2478 1256 et
2509 1201 2720 1256 donum
2771 1199 2892 1266 Dei,
2924 1199 2983 1254 in
3010 1201 3186 1272 gratia
3218 1203 3388 1258 unius
3429 1203 3674 1258 hominis

2090 1293 2223 1352 Iesu
2249 1290 2456 1350 Christi
2476 1293 2532 1347 in
2569 1291 2760 1364 plures
2789 1291 3096 1348 abundavit
3124 1292 3185 1347 ⁵2
3211 1302 3268 1349 et
3299 1293 3485 1350 istud:
3526 1295 3674 1348 «Do-

2091 1390 2248 1446 navit
2281 1389 2363 1444 illi
2391 1389 2542 1443 Deus
2595 1401 2800 1442 nomen
2833 1387 2983 1466 quod
3033 1395 3120 1444 est
3173 1403 3344 1460 super
3376 1404 3540 1446 omne
3573 1405 3678 1444 no-

2093 1493 2223 1533 men
2246 1476 2302 1532 “?
2334 1495 2352 1529 ι
2385 1483 2444 1532 et
2474 1493 2488 1530 :
2531 1495 2549 1528 ι
2572 1475 2679 1544 Qui
2712 1492 2826 1531 non
2857 1479 3077 1550 accepit
3116 1479 3227 1534 sibi
3257 1479 3554 1546 honorem,
3579 1479 3676 1536 sed

2093 1575 2326 1625 vocatus
2372 1575 2460 1624 est
2488 1582 2519 1623 a
2569 1566 2681 1622 Deo
2735 1575 3000 1639 tanquam
3048 1571 3234 1626 Aaron
3254 1573 3378 1626 3'?»
3408 1572 3545 1643 quid
3592 1581 3679 1628 est

2095 1661 2200 1716 iste
2219 1658 2496 1726 Christus,
2516 1659 2706 1714 dicite.
2729 1657 2874 1716 Usus
2895 1661 3062 1716 modo
3091 1663 3492 1734 synecdocbes,
3511 1664 3679 1720 modo

409 1751 470 1806 al
505 1747 761 1820 συνήθεις
797 1748 1176 1820 μετωνυμίαιδ
1213 1748 1311 1805 καὶ
1355 1749 1546 1820 θαῦμά
1607 1767 1674 1819 γε
1707 1749 1882 1813 οὔτως
1908 1749 1995 1802 εὑ-

2111 1753 2460 1823 rnetaphorte,
2505 1751 2670 1806 modo
2697 1752 3050 1823 metonymia:
3081 1765 3419 1826 usurpatur:
3470 1764 3528 1811 et
3571 1755 3680 1810 mi-

411 1841 778 1912 ιπιλήσμονές
806 1843 932 1896 ἐστε
956 1842 1052 1896 καὶ
1081 1834 1158 1898 ὧν
1183 1842 1338 1914 ὑμεῖς
1356 1843 1617 1908 πολλάκις
1637 1844 1918 1914 εἰρήκατε,
1945 1843 1994 1895 εἰ

416 1935 496 2006 μὴ
534 1936 643 2006 ἄρα
679 1935 742 1990 τὸ
787 1935 883 1990 τοῦ
937 1934 1224 2008 ληθάργου
1259 1936 1433 2001 πάθος
1481 1939 1720 2001 νοσεῖτε’
1765 1936 1848 1990 ὅτι
1886 1937 1996 2008 γὰρ

414 2027 513 2082 καὶ
541 2025 610 2080 τὰ
639 2026 733 2081 τοῦ
761 2027 881 2090 ένδς
911 2025 1019 2081 τῶν
1053 2025 1236 2098 μερῶν
1275 2026 1442 2080 αὑτοῦ
1477 2027 1574 2080 τοῦ
1605 2027 1806 2100 μέρους
1857 2043 1996 2082 κατ-

414 2121 720 2192 ηγορεῖται,
752 2119 854 2172 οὐκ
877 2119 1126 2189 ἀγνοεῖτε
1146 2135 1163 2152 ·
1193 2117 1271 2184 ὡς
1299 2117 1382 2185 τὸ,
1425 2137 1444 2172 ι
1469 2119 1696 2174 Ἐθεντο
1717 2119 1786 2174 τά
1813 2119 1998 2191 θνησι-

419 2214 558 2284 μαῖα
595 2211 707 2266 τῶν
745 2211 952 2265 δούλων
979 2225 1098 2277 σου,
1127 2209 1399 2282 βρώματα
1439 2214 1554 2276 τοῖς
1601 2213 1871 2276 πετεινοῖς
1900 2211 1996 2264 τοῦ

415 2301 667 2374 οὐρανοῦ,
695 2303 797 2364 τὰς
821 2303 1033 2374 σάρκας
1060 2302 1170 2355 τῶν
1193 2301 1359 2357 ὁσίων
1389 2319 1483 2357 σου
1515 2305 1627 2368 τοῖς
1655 2302 1869 2375 θηρίοις
1897 2302 1999 2373 τῆς

416 2396 540 2464 γῆς.
585 2414 604 2448 ι
658 2394 819 2448 Ἀλλά
870 2394 964 2447 καὶ
1004 2395 1088 2448 ὅτι
1117 2393 1186 2448 τὰ
1209 2393 1304 2447 τοῦ
1330 2393 1454 2448 ὅλου
1497 2395 1696 2466 μέρους
1725 2395 1870 2450 κατὰ
1901 2393 1997 2450 τοῦ

419 2484 544 2541 ὅλου
572 2484 810 2553 λέγεται,
845 2485 988 2538 ίστε·
1023 2485 1098 2550 ὡς
1119 2485 1201 2551 τὺ,
1234 2504 1253 2538 r
1287 2486 1438 2540 Ἐκεῖ
1461 2485 1670 2556 ἔθαψαν
1711 2485 1987 2556 Ἀϐραὰμ,

421 2580 516 2632 καὶ
549 2578 768 2650 Σάρραν
795 2577 896 2650 τὴν
932 2579 1166 2646 γυναῖκα
1193 2577 1380 2634 αὑτοῦ.
1429 2599 1448 2631 ι
1485 2579 1599 2634 Καὶ
1627 2578 1902 2633 ἀνάπαλιν
1931 2578 2002 2632 τὰ

420 2687 453 2724 τ
473 2669 518 2722 ιῦ
551 2670 697 2736 ὅλου,
736 2671 878 2723 κατᾶ
899 2670 992 2724 τοῦ
1041 2669 1244 2742 μέρους
1268 2686 1280 2700 ·
1307 2669 1384 2734 ὡς
1417 2669 1500 2737 τὺ,
1531 2689 1550 2722 ι
1577 2671 1686 2725 Καὶ
1744 2669 2001 2740 είσῆλθεν

435 2761 631 2817 Ἰακὼό
652 2763 708 2814 ἐν
737 2769 810 2815 οε⁹
835 2763 1036 2832 ψυχαῖς
1055 2765 1135 2827 είς
1155 2762 1432 2832 Αίγυπτον
1449 2777 1464 2792 ·
1493 2782 1512 2816 ι
1547 2761 1628 2816 ἔτι
1661 2761 1766 2834 μὴν
1795 2764 1876 2816 ὅτι
1907 2762 2004 2816 καὶ

421 2855 490 2907 τά
506 2853 600 2907 τοῦ
613 2855 735 2908 ὅλου
751 2854 890 2908 κατὰ
907 2854 1002 2908 τοῦ
1017 2859 1220 2926 μέρους
1237 2853 1404 2909 αὐτοῦ
1423 2854 1646 2925 λέγεταί
1661 2872 1792 2908 ποτε
1814 2855 2002 2926 μόνου,

423 2945 736 3018 ὁμολογεῖτε
765 2965 778 2978 ·
814 2945 890 3010 ὠς
934 2949 993 2999 ἒν
1041 2946 1140 3018 τῷ,
1189 2966 1208 3000 ι
1239 2947 1564 3012 Ἐνύσταξεν
1618 2947 1653 3018 ἡ
1699 2946 1846 3017 ψυχή
1898 2963 2000 3018 μου

427 3039 534 3094 ἀπὸ
580 3038 832 3110 ἀκηδίας.
869 3057 888 3090 ι
942 3037 1082 3092 Οὔτε
1137 3040 1246 3109 γὰρ
1289 3039 1470 3110 σῶμα,
1519 3036 1644 3091 οὔτε
1683 3038 1832 3108 ψυχὴ
1875 3037 2000 3090 καθ’

431 3133 606 3202 αὐτὴν
629 3129 906 3194 νυστόιξει⁸
925 3130 1020 3182 καὶ
1039 3129 1099 3181 έν
1125 3130 1256 3199 τῷ,‹
1279 3130 1488 3200 Ἐκχεῶ
1508 3130 1616 3183 ἀπὸ
1638 3129 1734 3184 τοῦ
1758 3130 1892 3184 πνεύ
1903 3149 2008 3200 μα-

427 3225 520 3288 τὸς
561 3239 663 3292 μου
707 3221 802 3274 ἐπὶ
835 3221 1018 3273 πᾶσαν
1062 3219 1260 3290 σάρκαο
1293 3239 1310 3270 ι
1343 3217 1407 3272 οὐ
1451 3219 1562 3290 γὰρ
1589 3219 1654 3291 δὴ
1679 3219 1778 3291 τὴν
1802 3220 2009 3292 ἄψυχόν

431 3331 568 3386 φησι
585 3331 600 3344 ο
631 3313 728 3366 καὶ
755 3311 838 3365 ὅτι
863 3309 921 3362 δὲ
942 3309 1012 3363 τὰ
1037 3308 1131 3362 τοῦ
1180 3309 1302 3363 ὅλου
1330 3309 1473 3363 κατὰ
1503 3309 1597 3364 τοῦ
1621 3311 1744 3364 ὅλου
1763 3310 2007 3379 λέγεται,

440 3408 806 3476 ἁναμφίϐολον
837 3407 1030 3461 πᾶσιν·
1068 3405 1142 3469 ὡς
1169 3405 1259 3468 τὺ,
1295 3407 1484 3460 Ἰσαάκ
1513 3406 1570 3460 δὲ
1601 3405 1896 3479 ἐπορεύετο
1924 3406 2014 3461 διὰ

431 3503 533 3574 τῆς
559 3503 767 3574 ἐρήμου
788 3501 929 3556 κατὰ
955 3501 1016 3552 τδ
1047 3498 1228 3569 φρέαρ
1257 3499 1354 3567 τῆς
1375 3497 1654 3571 ὁράσεως·
1672 3497 1734 3551 τὸ
1755 3498 1810 3552 δὲ
1833 3498 2008 3568 παρά-

431 3592 583 3659 δοξον
613 3589 844 3662 ἐροῦμεν
873 3589 954 3644 ἔτι
973 3605 987 3620 ·
1023 3589 1104 3642 ὅτι
1129 3588 1222 3642 ἐπὶ
1255 3587 1366 3641 τῶν
1411 3585 1660 3658 φυσικῶν
1685 3585 2014 3642 οίκειὼσεων

369 3664 376 3670 1
434 3687 585 3741 ἔστιν
619 3685 746 3751 ίδεῖν
780 3682 870 3736 διὰ
903 3683 1002 3752 τὴν
1033 3683 1098 3735 ἐκ
1122 3681 1222 3751 τῆς
1251 3679 1499 3744 ένώσεως
1541 3677 1888 3750 συμπάθειαν
1921 3680 2016 3733 ἐπὶ

431 3777 544 3831 τῶν
559 3774 807 3830 ὁπωσοῦν
823 3772 1164 3843 παθημάτων
1183 3772 1479 3843 ήνωμένων
1503 3790 1570 3842 με
1579 3771 1707 3842 ρῶν,
1733 3772 1817 3827 ὃτι
1836 3772 1929 3825 καὶ
1948 3771 2015 3826 τὰ

429 3868 667 3938 θατέρου
689 3866 800 3919 τῶν
824 3865 1006 3936 μερῶν
1027 3864 1120 3917 τοῦ
1142 3863 1288 3928 ὅλου,
1310 3861 1453 3916 κατὰ
1481 3862 1576 3916 τοῦ
1605 3863 1793 3934 ἐτέρου
1816 3862 2017 3934 μέρους

437 3957 606 4014 αὐτοῦ
667 3957 1096 4028 κατηγορεῖται·
1135 3953 1212 4018 ὡς
1255 3955 1339 4017 τὸ,
1392 3953 1575 4025 ψυχὴν
1619 3951 1717 4007 τοῦ
1779 3952 2013 4022 φονέως,

438 4053 559 4108 ἀντὶ
603 4051 706 4122 τῆς
758 4049 936 4120 ψυχῆς
982 4045 1075 4102 τοῦ
1116 4045 1492 4115 φονευθέντος,
1553 4043 1975 4100 άποκτείνεσθαι
1997 4060 2010 4076 ·

439 4145 620 4200 καίτοι
671 4142 722 4196 οἱ
765 4138 1160 4201 ἁποκτένοντες
1189 4177 1204 4202 ,
1243 4137 1308 4192 τὸ
1379 4136 1540 4208 σῶμα
1601 4136 1966 4191 ἀποκτείνουσι
1998 4179 2014 4204 ,

445 4237 584 4306 μετὰ
609 4234 668 4289 δὲ
707 4230 866 4286 τοῦτο
909 4230 1013 4284 οὐκ
1037 4228 1220 4300 έχουσι
1249 4227 1303 4282 τί
1328 4228 1719 4300 περισσότερον
1753 4228 2014 4299 ποιῆσαι·

439 4325 644 4380 ⁴τοιόνδε
697 4323 765 4394 δή
817 4323 934 4376 ἔστι
971 4320 1067 4374 καὶ
1115 4319 1196 4384 τὸ,
1239 4337 1258 4371 ι
1292 4315 1644 4372 Ἐταπείνουν
1683 4317 1742 4370 έν
1791 4319 2020 4390 νηστείᾳ

439 4417 538 4490 τὴν
574 4417 756 4487 ψυχήν
796 4431 896 4486 μου
919 4431 933 4446 ·
961 4433 980 4466 ι
1012 4413 1107 4468 καὶ
1140 4411 1250 4483 γὰρ
1279 4409 1342 4464 τὸ
1376 4409 1538 4482 σῶμα
1572 4409 1803 4482 πρώτως
1831 4428 1892 4464 τε
1926 4411 2019 4466 καὶ

440 4507 612 4570 ὄντως
642 4506 758 4562 ἐστὶ
775 4505 836 4558 τὸ
865 4505 1294 4573 ταπεινούμενον
1323 4501 1418 4557 ἐπὶ
1445 4503 1692 4574 νηστείᾳ,
1722 4505 1756 4574 ἡ
1787 4501 1844 4558 δὲ
1872 4505 2020 4577 ψυχὴ

443 4599 538 4653 καὶ
573 4597 774 4668 μᾶλλον
797 4597 956 4670 νήφει
983 4597 1078 4650 καὶ
1097 4593 1330 4666 ὑψοῦται
1355 4593 1550 4665 ἐφόσον
1563 4594 1592 4646 ὁ
1611 4592 2024 4667 ἔξω-ἄνθρωπος

441 4687 814 4745 ταπεινοῦταιο
839 4689 956 4752 καὶ,
977 4687 1162 4758 «Φωνὴ
1179 4688 1412 4758 αἵματος
1431 4687 1528 4740 τοῦ
1554 4685 1789 4756 ἀδελφοῦ
1808 4703 1902 4740 σου
1929 4687 2028 4760 βοᾷ

446 4785 585 4855 πρός
623 4800 689 4854 με
710 4801 723 4815 ·
747 4801 766 4834 t
798 4781 895 4836 καὶ
919 4781 1030 4852 γὰρ
1052 4781 1168 4846 καὶ,
1200 4778 1346 4835 κατὰ
1372 4777 1465 4833 τὸν
1507 4777 1854 4846 Ἀπόστολον,
1885 4781 2026 4834 ἀπο-

446 4874 625 4928 θανὼν
655 4871 734 4926 ἔτι
764 4871 920 4926 λαλεῖ
945 4870 1022 4934 ὡς
1045 4868 1156 4936 ζῶν
1191 4871 1222 4924 6
1263 4867 1452 4935 Ἅϐελ,
1485 4868 1587 4922 οὐκ
1617 4867 1770 4940 αὐτῷ
1801 4868 2022 4939 αῖματι,

431 4963 582 5022 ’ἀλλὰ
609 4966 676 5036 τῆ
698 4963 869 5033 ψυχῇ.
1213 4967 1219 4974 ”

500 5053 698 5125 -Σαφὶς
735 5049 828 5107 οῦν
858 5052 942 5107 ὅτι
979 5053 1016 5108 ἃ.
1065 5053 1328 5126 εἰρήκατε
1373 5053 1576 5118 πάντα,
1631 5051 1764 5123 περὶ
1821 5049 2027 5124 μέρους

443 5147 663 5215 λέγεται
685 5147 782 5201 τοῦ
805 5146 1152 5218 ἀνθρωπίνου
1186 5145 1458 5218 Χριστοῦσ
1481 5148 1516 5218 ἡ
1551 5133 1650 5216 μὲν
1689 5143 1796 5217 γὰρ
1825 5143 1936 5198 τῶν
1967 5147 2027 5197 έν

447 5240 598 5311 αὐτῷ
647 5238 900 5309 φύσεων,·
937 5237 1070 5302 Θεός
1103 5255 1165 5291 τε
1195 5238 1288 5293 καὶ
1320 5237 1450 5302 Υίδς
1479 5235 1618 5292 Θεοῦ
1662 5237 1780 5291 ἐστι
1823 5253 1884 5290 τε
1933 5236 2029 5290 καὶ

445 5331 796 5404 ὀνομάζεται,
817 5330 1066 5386 οὐσιὼδει
1093 5330 1241 5402 λόγῳ
1262 5346 1276 5362 ο
1311 5331 1346 5401 ἡ
1387 5330 1448 5384 δὲ
1476 5331 1660 5401 χάριτι
1682 5328 1900 5400 ἀληθῶς
1929 5331 2027 5384 καὶ

423 5425 630 5504 θωρεᾲ
661 5429 814 5494 θείας
850 5429 1021 5500 τιμῆς
1042 5427 1142 5483 καὶ
1163 5425 1466 5498 ὀνομασίας
1499 5425 1752 5496 ἠξίωται,
1779 5424 1896 5478 ἀλλ’
1927 5426 2030 5496 οὐχ

447 5520 636 5584 ἁπλῶς
663 5520 836 5591 ὄνομα
862 5518 1029 5594 οὔσης
1053 5518 1230 5590 ψιλὸν,
1255 5521 1490 5590 πρᾶγμα
1518 5514 1878 5589 ὑποκείμενον
1909 5519 2029 5572 ὀνο-

517 5679 542 5714 ⁶
569 5679 764 5736 Matth.
794 5697 833 5746 ι,
861 5680 917 5735 2.
993 5681 1014 5713 ⁸
1042 5678 1201 5738 Dom.
1223 5695 1282 5748 ν,
1306 5679 1398 5736 20.
1472 5682 1492 5714 ⁶
1518 5679 1702 5750 Philip

439 5761 635 5820 cum,
665 5750 757 5806 28.
839 5751 878 5784 ¹¹
911 5751 1056 5807 Psal.
1090 5767 1272 5819 xxxiv,
1299 5751 1386 5808 l5.
1471 5752 1513 5785 ¹¹
1539 5751 1677 5810 Gen.
1708 5750 1808 5818 ’iv,
1845 5751 1929 5806 l0.

1706 5696 1761 5751 p.
1781 5695 1820 5734 ιι
1845 5679 1900 5734 9.
1978 5678 2183 5736 'llebr.
2211 5697 2264 5742 ι’.
2284 5680 2334 5735 6.
2368 5679 2388 5711 '
2411 5679 2453 5733 Ρ
2481 5688 2527 5728 s.
2563 5687 2786 5740 Lxxvtn,
2806 5676 2860 5728 2.
2956 5677 2979 5709 ’
3001 5675 3290 5739 Gen.xxv,
3319 5669 3406 5726 10.

2096 1858 2222 1900 rum
2237 1842 2386 1914 quod
2409 1841 2486 1896 ita
2511 1857 2632 1914 quae
2645 1849 2701 1898 et
2719 1857 2818 1898 vos
2834 1857 2974 1914 saepe
2992 1842 3234 1912 dixistis,
3258 1844 3650 1900 fueritis‘obliti
3663 1887 3678 1909 ,

2097 1936 2206 1993 nisi
2227 1935 2512 2006 lethargiat
2545 1935 2740 1991 morbo
2787 1933 3054 1990 laboretis
3084 1952 3234 1992 :non
3273 1938 3423 1993 enim
3459 1937 3682 2010 ignora-

2101 2025 2174 2081 tis
2207 2040 2333 2096 quae
2369 2033 2500 2080 sunt
2526 2024 2693 2080 unius
2723 2041 2790 2080 ex
2811 2025 3062 2096 partibus
3085 2027 3152 2082 de
3178 2027 3298 2098 ipsa
3339 2037 3498 2100 parte
3537 2027 3683 2084 amr-

2099 2117 2279 2174 mari:
2346 2116 2494 2174 sicut
2523 2118 2581 2173 in
2613 2117 2724 2173 hoc
2771 2117 2934 2174 loco:
2995 2118 3358 2174 «Posuerunt
3407 2121 3680 2175 cadavera

2098 2223 2390 2264 servorum
2409 2217 2635 2263 tuorum
2667 2207 2723 2263 in
2749 2223 2935 2264 escam
2952 2209 3277 2286 volatilibus
3304 2209 3458 2274 coeli,
3483 2226 3683 2266 carnes
3796 2259 3800 2263 .

2101 2303 2418 2352 sanctorum
2444 2307 2665 2352 tuorum
2687 2296 2883 2352 bestiis
2910 2306 3072 2353 terrae
3103 2299 3160 2366 3;
3189 2318 3208 2351 ι
3246 2299 3342 2356 sed
3366 2301 3536 2355 etiam
3571 2300 3682 2355 sci-

2103 2389 2177 2443 tis
2211 2403 2336 2458 qute
2370 2388 2501 2442 sunt
2533 2388 2703 2444 totius
2734 2389 2933 2460 partis,
2957 2389 3026 2444 de
3057 2391 3349 2446 toto'dici:
3387 2401 3449 2448 ut
3478 2392 3532 2446 in
3577 2391 3684 2444 hoc

2068 2483 2078 2490 '
2101 2479 2212 2535 alio
2227 2479 2352 2534 loco
2374 2496 2387 2532 :
2415 2497 2432 2530 ι
2453 2477 2554 2533 Hic
2571 2477 2914 2548 sepelierunt
2929 2479 3206 2550 Abraham
3227 2489 3284 2537 et
3305 2480 3438 2537 Sara
3455 2497 3681 2536 uxorem

2101 2572 2222 2643 ejus
2247 2571 2268 2603 ’
2289 2612 2304 2638 ,
2329 2589 2348 2622 ι
2386 2579 2444 2626 et
2477 2571 2700 2635 iterum,
2735 2587 2858 2642 quae
2881 2579 3014 2626 sunt
3049 2573 3242 2638 totius,
3280 2572 3348 2628 de
3379 2581 3573 2643 parte:
3623 2583 3686 2627 ut

2103 2663 2163 2718 in
2197 2663 2327 2729 isto,
2365 2681 2384 2714 ‹
2407 2663 2697 2736 Ingressus
2713 2671 2797 2719 est
2827 2665 3000 2720 Jacob
3031 2680 3157 2720 cum
3179 2666 3298 2722 suis
3314 2665 3606 2721 animabus
3628 2665 3685 2720 in

2102 2755 2421 2830 Egyptum,
2455 2777 2474 2809 ι
2507 2757 2690 2814 adhuc
2711 2757 3054 2814 conﬁtemini
3081 2775 3205 2830 quae
3227 2770 3358 2815 sunt
3413 2761 3582 2816 totius
3617 2759 3688 2813 de

2103 2850 2262 2920 parte
2279 2849 2396 2920 ipsa
2417 2849 2527 2904 diei
2545 2849 2842 2920 aliquando
2857 2851 2994 2917 sola,
3015 2851 3160 2908 sicut
3175 2853 3232 2907 in
3249 2867 3316 2908 eo
3333 2852 3456 2907 loco
3477 2871 3489 2906 :
3518 2851 3688 2906 «Dor-

2102 2938 2324 2994 mitavit
2374 2939 2562 2994 anima
2625 2955 2748 2996 mea
2796 2956 2912 3012 prre
2956 2941 3122 2997 taedio
3173 2943 3254 3009 1°;
3287 2961 3306 2994 ι
3361 2959 3474 2996 non
3535 2941 3686 2996 enim

2107 3047 2333 3103 corpus,
2379 3047 2565 3105 neque
2611 3033 2797 3088 anima
2845 3036 3153 3090 secundum
3193 3035 3691 3106 seipsam_perno-

2110 3127 2242 3185 ctat,
2269 3128 2326 3174 et
2361 3119 2418 3174 in
2447 3119 2578 3184 alio,
2617 3120 2885 3176 «Eﬂ’undo
2903 3121 2972 3177 de
3003 3123 3203 3192 spiritu
3226 3137 3352 3178 meo
3389 3138 3690 3193 superom-

2109 3226 2238 3266 nem
2268 3225 2524 3271 carnem;
2555 3229 2574 3262 ι
2606 3227 2719 3266 non
2755 3213 2904 3268 enim
2937 3213 3084 3268 illam
3139 3215 3259 3269 sine
3299 3214 3484 3270 anima
3525 3215 3688 3274 dicit:

2110 3312 2168 3360 et
2219 3318 2344 3374 quae
2394 3310 2526 3358 sunt
2582 3304 2756 3360 totius
2817 3304 2886 3362 de
2935 3313 3052 3360 toto
3102 3304 3236 3372 dici,
3291 3314 3544 3376 apertum
3607 3318 3693 3363 est

2110 3394 2413 3461 erunibus;
2486 3393 2632 3449 sicut
2693 3393 2757 3448 in
2805 3395 3002 3462 altero,
3060 3397 3231 3476 Isaac‘
3269 3398 3384 3454 ibat
3433 3414 3536 3470 per
3590 3400 3692 3456 de-

2113 3495 2324 3542 sertum
2351 3487 2512 3557 juxta
2537 3483 2741 3542 fossam
2767 3485 3042 3553 visionis;
3091 3465 3301 3558 aliquid
3353 3506 3490 3546 vero
3531 3491 3694 3546 inau-

2113 3577 2295 3633 ditum
2345 3577 2806 3649 superaddemus,
2866 3593 3069 3650 nempe
3125 3580 3273 3651 quod
3345 3591 3558 3653 spectat
3623 3585 3692 3639 ad

2115 3676 2398 3732 naturales
2471 3675 2937 3749 conjunctiones,
2985 3675 3150 3734 datur
3217 3677 3410 3736 videre
3456 3689 3687 3750 propter

2117 3769 2484 3843 sympathiam
2536 3785 2662 3841 quae
2707 3785 2779 3826 ex
2825 3769 3033 3827 unione
3089 3771 3271 3827 oritur
3319 3772 3505 3843 quoad
3559 3773 3697 3828 alic-

2117 3847 2240 3915 ctus
2300 3858 2547 3930 partium
2607 3857 2926 3927 unitarum,
2991 3875 3113 3930 qua:
3165 3869 3296 3917 sunt
3351 3861 3582 3918 alterius
3631 3877 3700 3916 ex

2120 3951 2376 4024 partibus
2424 3950 2617 4018 totius,
2649 3951 2718 4009 de
2757 3951 2934 4008 altera
2970 3961 3130 4024 parte
3177 3952 3356 4024 ipsius
3401 3954 3696 4019 atlirmari;

2119 4046 2202 4102 sic
2227 4045 2456 4110 dicitur,
2484 4047 2725 4102 animam
2775 4045 3098 4112 homicida},
3154 4063 3258 4118 pro
3285 4049 3470 4110 anima
3520 4049 3700 4104 inter-

2121 4138 2276 4203 fecti,
2295 4139 2502 4206 occidi;
2523 4154 2692 4212 porro
2714 4139 3102 4196 interfectores
3113 4156 3318 4212 corpus
3333 4141 3673 4198 interficiun:
3690 4195 3696 4200 .

2119 4239 2248 4302 post
2276 4230 2384 4286 hoc
2411 4245 2546 4286 vero
2589 4245 2703 4284 non
2748 4229 2958 4286 habent
3011 4231 3250 4302 amplius
3287 4230 3422 4302 quid
3473 4229 3698 4290 faciant.

2125 4322 2306 4378 simile
2352 4330 2440 4385 est
2493 4319 2600 4375 hoc
2646 4337 2660 4374 :
2716 4339 2736 4372 ι
2775 4319 3150 4377 Humiliabam
3201 4323 3260 4388 in
3318 4322 3530 4395 jejunio
3588 4323 3704 4379 ani-

2125 4429 2272 4469 mam
2300 4417 2482 4467 meam
2520 4411 2598 4478 “;
2629 4429 2648 4464 ι
2675 4426 2877 4481 corpus
2926 4411 3076 4467 enim
3105 4411 3347 4484 primum
3395 4423 3454 4468 et
3477 4413 3704 4468 realiter

2126 4505 2264 4561 illud
2297 4512 2385 4560 est
2407 4503 2558 4574 quod
2581 4503 2910 4558 humiliatur
2931 4503 2986 4558 in
3007 4503 3245 4576 jejunio,
3278 4504 3461 4560 anima
3477 4521 3612 4560 vero
3635 4511 3704 4560 eo

2127 4595 2304 4668 magis
2335 4595 2530 4668 vigilat
2569 4603 2626 4652 et
2652 4596 2949 4662 exaltatur,
2979 4597 3126 4668 quod
3155 4597 3485 4653 humiliatur
3520 4606 3704 4654 exter-

2127 4705 2233 4745 nus
2266 4689 2470 4756 homo,
2523 4697 2584 4744 et
2609 4688 2782 4744 illud:
2819 4689 2968 4746 «Vox
3021 4689 3314 4760 sanguinis
3370 4689 3563 4748 fratris
3614 4691 3697 4746 tui

2127 4781 2331 4836 clamat
2361 4781 2430 4836 ad
2459 4796 2548 4837 me
2567 4781 2648 4849 ¹²;
2674 4800 2693 4833 ι
2730 4781 2938 4836 etenim
2961 4779 3702 4851 etsecundumApostolum,

2127 4873 2428 4929 defunctus
2466 4872 2650 4928 adhuc
2701 4873 2950 4943 loquitur
2995 4881 3259 4942 tanquam
3308 4871 3501 4928 vivens
3543 4872 3702 4938 Abel,

2129 4980 2242 5020 non
2270 4965 2392 5035 ipso
2416 4965 2711 5035 sanguine,
2737 4964 2832 5020 sed
2864 4964 3068 5020 anima.

2203 5057 2553 5114 Manifestum
2602 5063 2688 5111 est
2745 5056 2916 5127 igitur
2963 5054 3150 5111 omnia
3203 5071 3325 5126 quae
3373 5056 3592 5112 dixistis
3637 5055 3710 5110 de

2132 5159 2289 5223 parte
2319 5150 2432 5206 dici
2481 5147 2687 5206 Christi
2735 5148 3002 5210 humani:
3036 5165 3148 5203 una
3179 5149 3328 5204 enim
3381 5159 3706 5202 naturarum

2133 5259 2256 5315 qua:
2283 5251 2414 5299 sunt
2449 5241 2506 5298 in
2527 5241 2671 5312 ipso,
2694 5241 2842 5297 Deus
2871 5250 2928 5296 et
2971 5241 3146 5298 Filius
3175 5241 3272 5297 Dei
3313 5251 3399 5295 εει
3429 5249 3486 5296 et
3525 5239 3709 5294 nomiv-
3801 5261 3808 5268 σ

2131 5344 2299 5392 natur
2335 5334 2619 5391 essentiali
2648 5334 2854 5390 verbo:
2895 5334 3068 5389 altera
3097 5349 3232 5390 vero
3289 5333 3464 5404 gratia
3503 5346 3634 5386 vere
3655 5339 3711 5384 ct

2133 5425 2305 5491 dono,
2338 5423 2593 5480 divinum
2622 5425 2896 5480 honorem
2917 5432 2974 5480 et
3001 5420 3512 5479 denominationem
3560 5421 3707 5475 acci-

2137 5517 2242 5589 pit,
2279 5530 2403 5586 quae
2427 5530 2540 5571 non
2565 5528 2698 5572 sunt
2731 5515 3058 5586 simpliciter
3085 5527 3288 5567 nomen
3319 5509 3552 5578 nudum,
3585 5510 3707 5580 qui-

3493 5669 3533 5702 ‘°
3564 5670 3706 5728 Psnl.
