3932 6152
359 290 491 358 1615
1149 308 1158 320 “
1605 301 1926 365 LEONTII

2028 301 2369 364 YZANTINI
3464 298 3502 365 1
3514 299 3649 367 616

350 401 455 457 bus
480 398 625 456 desit
649 415 742 458 res
797 402 885 458 isti
939 399 1152 459 nomini
1207 403 1504 477 subiacens
1551 421 1677 478 qua:
1700 406 1925 478 proprie

2028 407 2232 480 μαστὸν
2284 405 2434 468 ίδίως
2483 403 2621 476 τῷδε
2667 403 2748 476 τῷ
2788 405 3016 476 ὀνόματι
3057 403 3160 458 οὐκ
3210 401 3468 482 ἐχούσης,
3508 403 3651 462 οἷόν

347 490 624 546 nominari
649 491 846 563 possit,
867 493 1014 550 sicut
1047 493 1244 550 dicunt
1270 495 1332 550 τὸ
1355 497 1650 568 κριέλαφος
1688 505 1744 554 et
1777 498 1929 555 simi-

2030 515 2164 568 φασι
2207 499 2272 552 τδ
2329 496 2648 569 κριέλαφος.
2703 497 2803 552 καὶ
2852 496 2922 552 τὰ
2969 495 3172 569 ὃμοια·
3205 495 3344 552 ἀλλὰ
3391 501 3486 554 διὰ
3524 502 3651 573 τῆς

348 580 458 649 lia;
516 582 614 639 sed
661 583 934 640 honorem
980 584 1226 642 nominis
1273 587 1399 642 Filii
1451 588 1548 645 Dei
1573 597 1632 645 et
1657 589 1790 657 Dei,
1821 590 1928 661 ipsi

2029 588 2166 662 πρὸς
2195 588 2296 642 τὸν
2341 588 2502 658 φύσει
2549 587 2683 642 Θεδν
2736 585 2984 650 ἑνώσεως
3018 587 3193 659 αὐτῆς
3237 587 3648 660 ὑποστατικῆς

349 673 616 730 traditum
675 683 904 748 propter
969 677 1235 735 unionem
1303 681 1708 753 hypostaticam
1730 683 1930 754 ~ipsius

347 780 472 820 cum
511 766 612 822 Dei
637 776 871 838 natura;
906 769 983 827 ita
1018 771 1171 826 enim
1219 771 1443 828 reall'ler
1479 772 1624 828 dona
1650 782 1706 829 et
1750 773 1929 829 honor

345 868 404 914 et
428 858 812 916 denominatio
860 876 1058 933 magna
1087 861 1331 918 deiﬁcati
1383 862 1454 918 ab
1484 863 1582 919 illo
1638 863 1736 934 qui
1793 880 1926 920 vere

347 949 503 1005 illum
531 949 814 1009 deiﬁcavit
863 968 996 1008 vero
1025 954 1137 1009 Deo
1167 952 1226 1008 in
1261 953 1564 1010 donatione
1611 955 1698 1010 sui
1749 956 1928 1027 ipsius

344 1043 818 1113 demonstrantur,
874 1045 983 1102 nisi
1034 1045 1293 1102 ﬁctitium
1347 1046 1422 1102 sit
1471 1047 1928 1120 nomen‘gratiﬁ-

345 1137 524 1192 cautis
553 1137 702 1208 quod
733 1137 816 1192 illi
856 1139 1084 1209 proprie
1118 1138 1311 1194 datum
1344 1149 1450 1196 est.
1472 1139 1592 1196 Non
1624 1139 1731 1195 sibi
1759 1141 1928 1212 igitur

345 1229 582 1300 accepit,
639 1243 838 1300 nempe
861 1245 893 1286 a
937 1231 1124 1301 seipso
1150 1231 1422 1312 honorem
1448 1249 1461 1284 :
1497 1246 1681 1302 neque
1711 1240 1929 1288 semet-

347 1319 535 1390 ipsum
581 1319 916 1392 gloriﬁcavit
942 1320 1220 1389 Christus,
1261 1323 1412 1394 quod
1445 1339 1597 1381 nunc
1649 1323 1928 1396 signiﬁcat

347 1414 634 1470 hominem
693 1414 1003 1471 secundum
1036 1431 1095 1474 se
1123 1425 1458 1488 spectatum,
1479 1417 1575 1472 sed
1602 1417 1834 1488 loquens
1855 1417 1926 1474 ad

345 1521 474 1562 eum
505 1505 653 1562 Deus
677 1505 904 1562 realiter
930 1514 988 1563 et
1017 1505 1212 1563 dicens
1232 1517 1360 1562 actu
1390 1507 1514 1578 ipso
1545 1524 1656 1579 quo
1686 1507 1924 1565 efﬁcitur

347 1599 466 1670 ipse
501 1599 701 1666 Filius,
726 1614 839 1655 non
877 1609 1065 1656 autem
1091 1599 1264 1656 verbo
1297 1599 1482 1655 nudo:
1515 1618 1533 1652 ι
1558 1599 1736 1657 Filius
1765 1616 1925 1657 meus

345 1707 408 1748 cs
428 1700 510 1758 tu,
531 1706 637 1764 ego
665 1691 834 1748 hodie
849 1693 1018 1764 genui
1036 1701 1090 1748 te
1115 1693 1182 1760 ¹³,
1203 1711 1223 1746 ι
1255 1693 1431 1764 gratia
1454 1692 1690 1761 scilicet,
1709 1709 1776 1749 ex
1811 1709 1924 1764 quo

2032 681 2457 754 μεταδιδομένης
2492 681 2632 752 αὐτῇ
2658 680 2762 752 τῆς
2787 680 2882 734 τοῦ
2932 679 3200 751 ὀνόματος
3228 679 3323 735 τοῦ
3346 680 3488 736 Υίοῦ
3526 680 3644 736 τοῦ

2029 771 2168 827 Θεοῦ
2219 774 2314 826 καὶ
2361 769 2498 826 Θεοῦ
2555 771 2762 843 τιμῆς·
2814 769 2959 826 οὕτω
2995 771 3106 844 γὰρ
3157 773 3646 844 πραγματιωδῶς

2029 861 2344 934 χαρίσματα
2370 861 2466 916 καὶ
2497 859 2631 932 τιμὴ
2671 861 2769 914 καὶ
2799 859 3068 932 ὀνομασία
3106 863 3453 933 μεγάλητοῦ
3473 863 3644 918 Θεω-

2030 954 2216 1017 οέντος
2241 935 2394 1024 παρὰ
2419 950 2514 1006 τοῦ
2543 951 2762 1022 ἀληθῶς
2789 951 3096 1016 θεώσαντος
3117 953 3263 1008 αὐτὸ
3291 954 3430 1008 Θεοῦ
3483 957 3644 1027 ἁλη-

2029 1041 2158 1106 θοῦς
2183 1043 2241 1096 ὲν
2273 1041 2418 1095 δόσει
2453 1041 2648 1095 ἑαυτοῦ
2677 1041 2976 1106 δείκνυται,
3005 1041 3171 1114 εἴπερ
3221 1043 3298 1116 μὴ
3342 1045 3644 1114 ψευδωνῦο

2031 1150 2146 1204 μως
2163 1129 2536 1202 χαριζόμενος
2563 1131 2712 1202 αὐτῷ
2735 1129 2796 1184 τὸ
2822 1129 3151 1202 ίδιονδωμα
3179 1133 3434 1191 λέλεκται
3459 1153 3494 1176 ο.
3517 1138 3641 1210 οὐχ

2027 1222 2208 1291 ἑαυτῷ
2241 1221 2333 1275 οῦν
2353 1220 2564 1289 ἐλαϐεν,
2593 1221 2762 1292 ἡγουν
2790 1222 2885 1290 ἀφ’
2903 1221 3129 1289 ἑαυτοῦ,
3153 1222 3252 1294 τὴν
3266 1227 3472 1297 τιμήν*
3491 1229 3641 1282 οὐδὲ

2018 1311 2219 1365 ’ἑαυτὸν
2255 1310 2507 1376 ἐδόξασεν
2539 1312 2568 1364 ό
2589 1309 2848 1382 Χριστὸς,
2876 1311 3016 1381 ὅπερ
3060 1313 3320 1383 σημαίνει
3357 1315 3472 1369 ινῦν
3526 1317 3638 1372 σὺν

2026 1405 2148 1458 κατ’
2195 1405 2359 1458 αὐτὸν
2406 1402 2716 1476 ἄνθρωπον,
2759 1403 2878 1458 ἀλλ’
2919 1405 2948 1457 6
2999 1403 3242 1476 λαλήσας
3272 1407 3415 1479 πρὸς
3447 1409 3638 1464 αὑτὸν

2002 1497 2160 1560 -Θεδς
2181 1496 2642 1569 πραγματιωδῶς,
2663 1497 2770 1551 καὶ
2801 1495 2976 1552 εἰπὼν
3021 1497 3100 1570 τῷ
3129 1498 3280 1572 ἔργῳ
3321 1505 3424 1574 τῆς
3455 1505 3636 1577 ,πρὸς

2026 1591 2189 1645 αὐτὸν
2219 1590 2494 1653 υίοποιίας
2536 1588 2702 1644 αὐτοῦ
2731 1591 2827 1644 καὶ
2849 1592 2913 1644 οὐ
2937 1590 3081 1662 λόγῳ
3108 1593 3270 1664 ψιλῷ,
3307 1614 3326 1648 ι
3351 1597 3638 1668 Υἱός-μου

2026 1677 2079 1736 εἷ
2111 1683 2210 1744 σὺ,
2231 1679 2637 1754 ἑγὼσήμερον
2671 1682 2982 1753 γεγέννηκά
3018 1699 3100 1748 σε,
3131 1702 3150 1736 ι
3188 1685 3371 1756 χάριτι
3416 1689 3631 1758 ἤγουν,

349 1792 402 1839 ιο
433 1761 726 1848 Filio-meo
750 1761 950 1840 natdra
981 1784 1134 1856 juxta
1168 1761 1335 1839 unam
1371 1782 1710 1855 hypostasim
1733 1761 1922 1840 univi:

2029 1776 2126 1844 ἀφ’
2155 1769 2218 1828 οῦ
2247 1773 2326 1844 τῷ
2351 1772 2513 1842 φύσει
2553 1791 2658 1845 μου
2707 1773 2822 1844 Υἱῷ
2853 1791 2914 1827 σε
2941 1777 3273 1846 προσήνωσα
3304 1779 3451 1834 κατὰ
3480 1780 3636 1851 μίαν

345 1875 552 1931 etenim
565 1891 686 1946 qua:
699 1874 818 1946 ipse
834 1874 975 1930 dixit
991 1873 1132 1931 facta
1145 1875 1339 1941 fuisse,
1352 1885 1408 1932 et
1424 1875 1764 1948 impossibile
1774 1893 1929 1932 men-

348 1965 440 2021 tiri
462 1966 659 2034 Deum,
682 1967 1000 2038 accepimus
1012 1967 1082 2023 ab
1104 1968 1246 2039 ipso.
1271 1968 1398 2025 Haec
1413 1968 1583 2040 igitur
1601 1969 1926 2036 ostendunt,

345 2055 495 2128 quod
526 2074 637 2113 non
668 2073 700 2112 a
726 2057 912 2130 seipso
947 2058 1162 2116 electus
1208 2059 1360 2116 ﬁlius
1391 2061 1638 2117 hominis
1659 2061 1930 2133 gloriatur

347 2143 528 2204 Deum
559 2149 766 2206 habere
813 2151 1066 2217 Patrem,
1099 2151 1197 2208 sed
1225 2168 1256 2207 a
1294 2153 1410 2208 Deo
1463 2161 1697 2210 vocatus
1733 2163 1820 2210 est
1868 2155 1928 2210 in

345 2241 831 2312 participationem
860 2241 1014 2297 illius
1053 2241 1258 2299 divinae
1285 2241 1592 2312 ﬁliationis,
1633 2256 1692 2304 et
1729 2246 1928 2304 aeterni

347 2333 527 2403 ipsius
552 2335 876 2402 sacerdotii,
906 2335 1056 2406 quod
1083 2351 1194 2391 non
1227 2336 1718 2418 nominetantum,
1745 2339 1844 2396 sed
1869 2348 1928 2396 et

345 2440 406 2480 re
460 2425 820 2496 intelligitur:
875 2425 1022 2494 «Qui
1066 2428 1215 2484 enim
1252 2429 1463 2500 iuravit
1507 2429 1561 2486 ei
1619 2431 1925 2497 Dominus,

345 2531 448 2570 nec
463 2516 744 2584 paenituit,
776 2517 858 2572 Tu
882 2533 944 2573 es
967 2517 1307 2574 sacerdosin
1329 2529 1596 2577 aeternum
1621 2522 1926 2578 secundum

344 2610 596 2665 ordinem
636 2610 1044 2666 Melchisedech
1077 2611 1158 2676 ";
1187 2629 1204 2663 ι
1241 2611 1359 2681 ipse
1389 2620 1514 2668 erat
1559 2612 1630 2668 de
1674 2629 1788 2684 quo
1841 2613 1930 2669 di-

345 2712 494 2759 ctum
521 2711 632 2759 est:
674 2721 691 2756 ι
721 2701 992 2759 Dominus
1035 2702 1180 2758 dixit
1212 2703 1279 2759 ad
1324 2719 1436 2770 me,
1474 2705 1651 2762 Filius
1679 2722 1927 2764 meuses

347 2805 445 2862 tu;
483 2813 502 2846 ι
545 2794 713 2865 igitur
739 2795 826 2850 hae
849 2809 1041 2860 voces,
1076 2795 1238 2850 sicut
1290 2795 1474 2852 Aaron
1525 2795 1766 2854 similem
1809 2815 1930 2856 mo-

345 2881 477 2937 dum
506 2880 881 2936 donationisa
900 2881 1014 2937 Deo
1038 2880 1196 2938 facta:
1223 2881 1501 2938 donorum
1527 2892 1588 2940 et
1616 2885 1928 2943 vocationis

347 2971 403 3024 in
429 2970 612 3026 Aaron
647 2981 704 3026 et
729 2971 784 3026 in
812 2971 1058 3040 Christo,
1076 2987 1198 3028 non
1215 2981 1402 3030 tamen
1432 2973 1580 3031 dona
1619 2975 1823 3034 similia
1850 2977 1930 3034 si-

346 3062 650 3131 gniﬁcant:
707 3074 857 3120 certe
909 3064 1060 3120 enim
1081 3073 1138 3122 et
1173 3063 1374 3122 Aaron
1415 3067 1635 3124 dictum
1679 3067 1996 3164 fuissetac

253 3191 258 3196 -
355 3173 374 3204 ι
401 3154 575 3211 Filius
601 3171 758 3212 meus
781 3172 842 3212 es
877 3164 958 3224 tu,
979 3177 998 3210 ι
1020 3173 1064 3214 κε
1123 3157 1358 3230 reliqua.

415 3328 575 3400 Quod
607 3332 756 3388 enim
786 3335 942 3390 nulla
979 3335 1054 3392 sit
1080 3336 1228 3394 ratio
1259 3353 1364 3408 pro
1387 3339 1612 3410 aequali
1659 3339 1928 3413 dignitate

348 3421 642 3480 sacerdotii
671 3427 857 3483 Aaron
887 3427 1112 3484 Christo
1140 3431 1526 3502 comparandi.
1561 3433 1796 3490 evidens
1816 3442 1925 3491 est:

350 3515 559 3588 quippe
589 3533 692 3587 pro
713 3517 898 3591 Moyse
941 3519 1038 3590 qui
1083 3521 1191 3578 Fuit
1245 3521 1369 3594 ipso
1417 3524 1596 3594 major
1639 3525 1929 3596 amplioris

349 3607 542 3678 gloria
563 3607 767 3680 dignus
789 3619 878 3667 est
907 3611 1153 3677 habitus,
1183 3622 1395 3684 quanto
1439 3615 1770 3686 ampliorem
1821 3617 1928 3674 ho-

349 3715 542 3756 norem
580 3686 770 3758 .habet
819 3703 1020 3760 domus
1073 3704 1172 3776 qui
1196 3704 1495 3762 fabricavit
1525 3707 1712 3764 illam:
1742 3709 1930 3767 adhuc

349 3793 656 3863 apostolica
689 3795 978 3853 dicamus:
1002 3815 1023 3850 ι
1048 3795 1106 3853 Si
1145 3799 1553 3856 consummatio
1607 3816 1708 3871 per
1745 3801 1928 3860 simile

347 3886 729 3943 sacerdotium
784 3898 926 3954 erat,
973 3889 1109 3960 quid
1159 3891 1540 3948 necessarium
1584 3892 1710 3958 fuit,
1757 3895 1928 3952 alium

349 3993 687 4050 consurgere
756 3980 1102 4038 sacerdotem
1153 3997 1220 4039 ac
1288 3984 1598 4043 secundum
1673 3985 1928 4043 ordinem

348 4071 532 4128 Aaron
563 4071 677 4128 dici
720 4072 806 4126 ³⁵2
828 4091 846 4124 ι
877 4073 1056 4130 Aliter
1091 4073 1137 4130 si
1167 4090 1277 4130 non
1297 4061 1639 4133 .tra'nslatum
1683 4078 1790 4134 fuit
1835 4095 1928 4134 sa-

348 4164 682 4234 cerdotium,
708 4181 893 4237 neque
933 4181 1162 4224 necesse
1212 4167 1318 4225 fuit
1370 4177 1432 4224 ut
1469 4171 1613 4242 legis
1641 4172 1928 4228 translatio

348 4253 532 4324 ﬁeret,
567 4265 630 4314 ut
653 4257 794 4314 dicit
832 4257 950 4330 ipse
978 4259 1186 4318 Paulus
1229 4263 1526 4334 apostolus
1551 4264 1619 4331 ¹⁶,
1663 4265 1758 4320 sed
1807 4274 1930 4321 tan-

353 4357 474 4402 tum
503 4348 790 4405 successio
814 4366 830 4416 ;
859 4349 934 4406 ita
955 4365 1092 4422 ergo
1114 4359 1171 4406 et
1196 4351 1314 4408 haec
1334 4353 1506 4410 verba
1535 4371 1548 4408 :
1584 4374 1603 4406 ι
1627 4354 1930 4414 Vocabitur

2028 1869 2330 1922 ὑπόστασιν
2403 1868 2486 1921 ὅτι
2521 1867 2698 1938 γὰρ.ᾱ
2731 1865 2798 1920 ἂν
2829 1867 2992 1930 αὐτὸς
3038 1863 3163 1922 εἷπε
3208 1869 3308 1924 καὶ
3349 1871 3637 1943 ἐγενήθη-

2029 1975 2150 2024 σαν,
2187 1960 2283 2012 καὶ
2321 1959 2402 2012 ὅτι
2452 1956 2718 2013 ἀδύνατον
2753 1957 3243 2024 ψεύδεσθαι.Θεδν,
3277 1961 3632 2034 petraeque-

2030 2069 2128 2124 μεν
2166 2051 2297 2124 παρ’
2323 2049 2513 2108 αὐτοῦ.
2549 2051 2714 2123 Δηλοῑ
2737 2049 2832 2105 οῦν
2851 2051 3001 2116 τάδε,
3030 2053 3114 2108 ὅτι
3135 2053 3236 2108 οὐκ
3266 2054 3360 2124 ἀφ’
3385 2055 3625 2122 ἑαυτοῦ.

2025 2144 2352 2216 αἱρούμενος
2404 2146 2434 2198 6
2479 2143 2597 2204 υίὸς
2663 2141 2760 2196 τοῦ
2821 2142 3114 2216 ἀνθρώπου
3149 2185 3164 2206 .
3223 2145 3628 2211 ἀλαζονεύεται

2029 2235 2250 2306 Πατέρα
2277 2235 2434 2302 Θεὸν,
2473 2234 2591 2289 ἀλλ’
2617 2236 2724 2290 ὑπὸ
2768 2236 2863 2289 τοῦ
2901 2235 3038 2290 Θεοῦ
3070 2237 3334 2308 κέκληται
3375 2242 3457 2304 είς
3510 2241 3628 2313 τὴν

2027 2328 2186 2394 ἀξίαν
2215 2329 2316 2399 τῆς
2338 2328 2487 2392 θείας
2520 2328 2770 2398 υίότητος
2807 2328 3038 2400 ταύτης,
3071 2330 3170 2384 καὶ
3190 2331 3290 2401 τῆς
3319 2331 3625 2402 διηνεκοῦς

2025 2419 2202 2476 αὐτοῦ
2219 2419 2540 2492 ἱερωσύνης,
2559 2421 2668 2474 οὐδ’
2691 2420 2862 2491 αὐτῆς
2882 2420 3043 2491 μόνον
3065 2421 3316 2493 ὀνόματι,
3341 2423 3482 2478 ἀλλὰ
3511 2427 3620 2480 καὶ

2014 2513 2314 2584 ,πράγματι
2367 2510 2704 2582 νοουμένηςο
2743 2530 2762 2563 ι
2798 2509 2856 2566 '0
2898 2511 3262 2583 γὰρόμόσας
3309 2514 3464 2585 αὐτῷ
3488 2515 3621 2570 K6-

2005 2619 2158 2675 _ptoc.
2189 2603 2286 2656 καὶ
2322 2602 2382 2656 οὐ
2411 2601 2914 2674 μεταμελούμενος,
2936 2603 3020 2656 ὅτι
3048 2621 3068 2655 ι
3096 2604 3173 2658 Σὺ
3233 2601 3286 2658 εί
3317 2604 3497 2674 ἱερεὺς
3529 2607 3624 2670 είς

2025 2695 2119 2750 τδν
2151 2694 2326 2749 αίῶνα
2359 2695 2501 2749 κατὰ
2550 2694 2652 2766 τὴν
2683 2693 2856 2760 ,τάξω
2896 2695 3260 2764 Μελχισεδὲκ,
3292 2716 3312 2748 ι
3349 2697 3511 2762 αὐτὸς
3543 2695 3621 2769 ἦν

2027 2787 2126 2842 καὶ
2167 2787 2296 2858 περὶ
2319 2781 2389 2860 οῦ
2431 2787 2652 2858 εἴρηται
2671 2805 2684 2819 ·
2711 2807 2745 2840 -ι
2777 2787 2986 2856 Κύριος
3033 2783 3157 2842 εἶπε
3188 2789 3324 2860 πρός
3355 2806 3443 2859 με,
3475 2789 3621 2854 Υἱός

2032 2897 2134 2952 μου
2166 2875 2218 2934 εἴ
2252 2879 2318 2934 σύ
2340 2896 2398 2934 ἰ»
2427 2878 2623 2934 οὐκοῦν
2655 2879 2716 2932 τδ
2735 2878 3128 2950 καθάπερκαὶ
3175 2880 3392 2954 ’Δαρὼν
3420 2883 3622 2952 ὅμοιον

2027 2969 2135 3042 μὲν
2181 2971 2383 3043 τρόπον
2425 2970 2526 3040 τῆς
2565 2971 2631 3024 ἐκ
2673 2969 2810 3023 Θεοῦ
2854 2969 3056 3034 δόσεως
3101 2969 3210 3024 τῶν
3249 2972 3620 3044 χαρισμάτων

2029 3061 2310 3135 σημαίνει,
2337 3062 2434 3117 καὶ
2464 3061 2795 3132 κλήσεωςοέν
2817 3079 2881 3115 τε
2905 3060 3138 3134 Ἀαρὼν,
3157 3063 3252 3117 καὶ
3281 3065 3340 3118 ἐν
3362 3065 3615 3136 Χριστῷ,

2028 3155 2091 3210 οὐ
2123 3153 2305 3225 μέντοι
2335 3153 2429 3208 καὶ
2471 3151 2786 3224 χαρίσματα
2823 3153 3013 3224 ὃμοια⁸
3045 3147 3082 3224 ἦ
3119 3153 3228 3224 γὰρ
3267 3152 3336 3208 ἂν
3373 3156 3482 3209 καὶ
3528 3157 3618 3226 τῷ

2033 3243 2253 3316 Ἀαρὼν
2283 3242 2483 3316 ξρῤἐθη
2511 3243 2593 3309 τδ,
2618 3243 2776 3308 (Υἱός
2807 3261 2908 3314 μου
2934 3239 2987 3298 εἴ
3013 3245 3078 3298 σύ
3099 3261 3114 3276 ⁸
3139 3263 3160 3296 ι
3179 3245 3292 3299 καὶ
3321 3247 3392 3299 τὰ
3411 3246 3614 3303 λοιπά.

2099 3337 2224 3392 Ὅτι
2266 3337 2378 3407 γὰρ
2558 3335 2674 3407 ἔχει
2701 3335 2859 3406 λόγον
2891 3337 3034 3391 κατὰ
3071 3337 3170 3407 τὴν
3203 3339 3479 3408 ἰσοτιμίαν
3504 3341 3612 3408 τῆς

2009 3427 2334 3502 ίερωσύνης
2363 3425 2594 3500 ’Δαρων
2647 3427 3040 3502 συγκρίνεσθαι
3065 3427 3144 3498 τῷ
3185 3429 3435 3502 Χριστῷ,
3472 3431 3615 3501 πρό-

2027 3521 2220 3592 δηλονο
2251 3522 2410 3592 εἰπερ
2446 3521 2542 3574 καὶ
2573 3519 2856 3583 Μωῦσέως
2897 3519 2995 3574 τοῦ
3045 3521 3296 3592 μείζονος
3331 3523 3500 3576 αὐτοῦ
3529 3541 3621 3578 τοο

2031 3611 2190 3667 σοῦτο
2245 3611 2494 3675 πλείονος
2550 3610 2712 3676 δόξης
2762 3610 2992 3682 ἠξίωται
3043 3613 3282 3684 Χριστὸς
3305 3655 3321 3680 ,
3375 3613 3616 3670 καθόσον

2029 3703 2253 3759 πλείονα
2272 3701 2442 3776 τιμὴν
2469 3701 2583 3774 ἔχει
2613 3702 2708 3758 τοῦ
2733 3703 2886 3757 οἴκου
2917 3703 2948 3756 6
2971 3707 3389 3770 κατασκευάσας
3409 3707 3577 3761 αὐτόν
3597 3723 3614 3740 ·

2029 3796 2110 3850 ἔτι
2145 3795 2252 3868 μὴν
2289 3793 2666 3858 ἀποπολικῶς
2721 3795 2931 3850 εἰπεῖν·
2991 3815 3009 3848 ι
3033 3797 3098 3850 Εἰ
3141 3797 3175 3868 ἡ
3219 3797 3501 3862 τελείωσις
3541 3799 3616 3853 δι’

2028 3889 2223 3960 ὁμοίας
2259 3886 2560 3960 ίερωσύνης
2607 3881 2700 3959 ἦν,
2745 3885 2832 3952 τίς
2882 3887 3045 3958 χρεία
3069 3889 3258 3960 ἓτερον
3285 3890 3616 3945 ἀνίστασθαι

2029 3982 2182 4053 ἱερέα
2211 3981 2352 4035 κατά
2381 3981 2484 4052 τὴν
2521 3978 2674 4045 τάξιν
2714 3978 2928 4050 Ἀαρὼν
2973 3979 3257 4050 λέγεσθαις
3287 3969 3518 4046 »ἄλλως
3549 3999 3617 4036 τε

2028 4074 2078 4128 εί
2112 4073 2188 4146 μὴ
2241 4070 2504 4144 μετετέθη
2564 4073 2598 4144 ἡ
2629 4071 2924 4142 ἱερωσύνη,
2947 4071 3072 4126 οὐδὲ
3107 4069 3184 4138 οὲξ
3222 4073 3474 4143 ἀνάγκης
3515 4074 3618 4129 καὶ

1985 4194 1987 4197 ι
2028 4164 2194 4235 νόμου
2229 4163 2518 4236 μετάθεσις
2548 4155 2853 4235 γέ,γονεν,ᾖ
2883 4179 3049 4234 φησιν
3073 4164 3100 4216 6
3141 4161 3304 4228 αὐτὸς
3338 4164 3551 4226 Παῦλος
3586 4165 3620 4218 6

2028 4258 2345 4322 ἀπόστολος,
2379 4257 2518 4311 ἀλλὰ
2571 4258 2736 4328 μόνον
2779 4258 2998 4330 διαδοχή
3027 4275 3040 4288 ·
3073 4257 3248 4324 οὕτως
3281 4259 3375 4314 οὖν
3399 4262 3495 4315 καὶ
3525 4263 3614 4327 τὸ,

2034 4370 2054 4404 ι
2080 4350 2430 4422 κληθήσεται
2465 4349 2594 4414 Υἱὸς
2625 4348 2762 4404 Θεοῦ
2791 4367 2853 4430 τι
2889 4351 2982 4404 καὶ
3019 4350 3104 4415 τὸ,
3142 4371 3161 4404 r
3185 4351 3318 4418 Υίὸς
3355 4353 3618 4424 Ὑψίστου

349 4439 526 4516 Filius
539 4441 638 4498 Dei
657 4460 706 4510 ;o
742 4451 800 4498 et
819 4443 958 4500 ista:
991 4463 1010 4497 ι
1036 4444 1211 4502 Filius
1233 4445 1504 4502 Altissimi
1527 4449 1818 4504 vocabitur
1841 4449 1929 4502 ιη’

2030 4443 2388 4516 κληθήσεται,
2414 4461 2434 4494 ι
2469 4441 2567 4498 καὶ
2601 4441 2670 4497 τὰ
2711 4443 2876 4498 λοιπὰ
2901 4444 3128 4500 νοείσθω
3149 4462 3164 4475 ·
3190 4447 3288 4502 καὶ
3316 4447 3378 4501 τδ
3409 4446 3620 4516 γεννώ-

349 4539 408 4586 et
458 4533 674 4604 reliqua
704 4535 986 4608 intellige:
1037 4537 1190 4607 quod
1221 4539 1370 4594 enim
1430 4548 1624 4596 natum
1675 4549 1762 4598 est
1796 4557 1927 4598 san-

349 4631 502 4679 ctum
531 4635 674 4692 erat,
721 4635 779 4682 et
817 4643 930 4684 non
975 4629 1328 4688 solummodo
1379 4634 1784 4692 sanctiﬁcatum
1825 4653 1929 4708 per

350 4717 659 4790 ingenitum
685 4719 954 4792 Spiritum
1012 4731 1266 4779 sanctum
1311 4725 1405 4796 qui
1449 4741 1576 4782 cum
1611 4727 1733 4800 ipso
1783 4738 1926 4796 erat,

355 4801 498 4864 Quod
528 4816 616 4866 est
643 4819 701 4867 et
718 4810 960 4868 Verbum
992 4820 1213 4883 partum
1237 4829 1304 4872 ex
1322 4815 1576 4890 Virgine:
1606 4820 1756 4891 quod
1778 4822 1930 4878 enim

365 4900 416 4954 in
443 4913 504 4954 ea
533 4910 894 4974 conceptum,
925 4903 1064 4961 dicit
1085 4905 1336 4978 angelus,
1365 4923 1432 4964 ex
1470 4908 1680 4981 Spiritu
1710 4921 1924 4979 sancto,

354 4986 597 5060 Spiritus
617 5002 846 5050 sanctus
873 5001 962 5050 est
989 5011 1005 5049 :
1037 4996 1184 5053 sicut
1212 5005 1272 5053 et
1309 4999 1460 5069 quod
1487 5016 1556 5056 ex
1577 5016 1766 5068 carne,
1800 5017 1930 5058 caro

353 5080 564 5136 dictum
596 5088 684 5137 est
711 5097 870 5139 esse:
905 5085 1150 5156 Spiritus
1179 5103 1313 5144 vero
1341 5089 1509 5154 Deus,
1535 5099 1614 5154 et
1639 5089 1784 5146 Deus
1811 5100 1932 5148 erat

353 5174 642 5234 Christus:
681 5176 831 5248 quod
857 5188 1190 5250 conceptum
1215 5181 1364 5236 idem
1389 5191 1477 5237 est
1508 5196 1575 5238 ac
1613 5183 1761 5252 quod
1799 5200 1932 5255 par-

352 5277 472 5324 tum
513 5267 618 5324 fuit
654 5283 808 5325 :non
837 5270 965 5326 vani
1014 5271 1184 5342 igitur
1213 5272 1460 5328 nominis
1508 5283 1642 5330 sunt
1687 5268 1832 5332 dona
1859 5277 1930 5332 de

351 5361 596 5430 Christo,
628 5361 866 5427 scilicet,
897 5361 1046 5420 Deus
1077 5371 1134 5420 et
1160 5363 1336 5420 Filius
1367 5365 1464 5422 Dei
1503 5375 1561 5422 et
1593 5365 1928 5440 Unigenitus
1959 5419 1973 5433 .

351 5454 706 5512 ct'Dominus
734 5456 944 5527 gloriae,
973 5464 1030 5512 et
1059 5455 1295 5529 reliqua,
1325 5459 1422 5513 sed
1469 5459 1638 5515 realia
1659 5477 1674 5514 :
1693 5460 1741 5516 si
1775 5461 1926 5516 enim

354 5545 470 5604 haec
489 5565 601 5606 non
634 5549 707 5606 ita
729 5561 940 5618 essent,
963 5551 1162 5608 falsum
1195 5567 1396 5607 nomen
1431 5553 1637 5608 donum
1671 5555 1932 5610 nomina-

426 5731 470 5763 “
499 5732 639 5788 i‘sal.
695 5751 751 5800 ιι,
787 5737 852 5804 7;
888 5734 1056 5793 Hebr.
1094 5753 1147 5806 ν,
1174 5736 1225 5792 5.

2027 4551 2190 4606 μενον
2211 4534 2324 4606 γὰρ
2345 4535 2501 4604 ἅγιον
2525 4531 2594 4606 ἦν
2614 4549 2630 4567 ·
2663 4534 2760 4589 καὶ
2790 4535 2853 4588 οὐ
2885 4533 3048 4606 μόνον
3074 4537 3410 4609 ἡγιασμένον
3437 4537 3524 4594 διὰ
3552 4539 3622 4595 tu

2025 4627 2426 4698 συγγενόμενον
2451 4625 2600 4698 αὐτῷ
2644 4627 2942 4696 ἀγέννητον
2971 4627 3197 4700 Πνεῦμα
3227 4631 3408 4698 ἅγιον,
3440 4631 3471 4686 ὅ
3495 4633 3622 4688 ἔστι

2025 4720 2122 4773 καὶ
2149 4721 2176 4773 6
2203 4721 2378 4789 Λόγος
2422 4719 2636 4791 τεχθεὶς
2692 4720 2758 4773 ἐκ
2797 4719 2900 4791 τῇς
2947 4721 3260 4788 Παρθένουο
3290 4722 3355 4776 τδ
3399 4724 3508 4796 γὰρ
3557 4726 3622 4779 ὲν

2028 4812 2166 4885 αὐτῇ
2199 4811 2524 4885 συλληφθὲν,
2589 4812 2757 4884 φησιν
2807 4815 2836 4867 6
2880 4811 3138 4884 ἄγγελος,
3190 4814 3258 4869 ὲκ
3297 4814 3624 4886 Πνεύματος

2027 4905 2206 4974 ἁγίου,
2242 4904 2468 4976 Πνεῦμα
2516 4904 2672 4974 ἆγιόν
2717 4906 2872 4962 ἔστιν
2897 4921 2912 4936 ⁸
2953 4905 3146 4978 ὥσπερ
3181 4908 3277 4960 καὶ
3310 4907 3372 4960 τὸ
3403 4908 3470 4962 ὲκ
3512 4907 3623 4980 τῆς

2029 4998 2252 5071 σαρκὸς,
2286 4997 2423 5070 σὰρξ
2463 4995 2683 5068 είρηται
2723 4992 2865 5052 εἶναι
2889 5015 2904 5030 ⁸
2933 4997 3164 5070 Πνεῦμα
3188 4999 3245 5053 δὲ
3270 4999 3300 5054 6
3323 4999 3458 5064 Θεός
3478 5015 3496 5032 ·
3517 5001 3622 5054 καὶ

2027 5087 2159 5154 Θεὸς
2193 5089 2252 5142 δὲ
2287 5085 2356 5160 ἦν
2386 5091 2416 5144 ὁ
2445 5090 2714 5161 Χριστός·
2745 5091 2808 5144 τὸ
2853 5090 3160 5164 συλληφθὲν
3189 5089 3350 5146 τοῦτό
3377 5093 3497 5146 ἐστι
3518 5093 3622 5148 καὶ

2027 5182 2088 5236 τὸ
2124 5182 2432 5254 ωντεχθέν.
2498 5183 2574 5237 Οὐ
2619 5183 2792 5240 κενῶν
2835 5179 2931 5239 οῦν
2978 5184 3260 5256 ὀνομάτων
3299 5184 3622 5257 χαρίσματα

2033 5275 2125 5328 ἐπὶ
2150 5275 2410 5348 Χριστοῦ,
2444 5275 2507 5331 τό
2531 5294 2592 5331 τε
2632 5277 2766 5342 Θεὸς
2809 5278 2903 5331 καὶ
2932 5277 3063 5342 Υίδς
3085 5277 3223 5332 Θεοῦ
3247 5279 3338 5332 καὶ
3377 5279 3622 5346 Μονογε-

2035 5370 2132 5440 νὴς
2161 5373 2256 5424 καὶ
2275 5369 2480 5442 Κύριος
2505 5370 2606 5442 τῆς
2634 5371 2814 5440 δόξης,
2846 5371 2945 5440 καί
2971 5371 3039 5425 τὰ
3081 5369 3271 5438 λοιπὰ,
3304 5369 3440 5426 ἀλλὰ
3470 5370 3620 5442 πρά-

2035 5481 2206 5533 γματι
2239 5463 2410 5519 όντων
2431 5479 2447 5495 ο
2474 5465 2524 5518 εί
2571 5465 2682 5536 γὰρ
2711 5464 2786 5537 μὴ
2808 5465 2936 5520 τάδε
2965 5465 3140 5529 οὕτως
3171 5463 3308 5536 ἔχοι,
3338 5463 3616 5534 ψευδωνυο

2041 5555 2140 5626 μία
2169 5555 2230 5609 τὸ
2255 5555 2430 5628 δῶρον
2457 5557 2556 5627 τῆς
2587 5557 2886 5628 ὀνομασίας
2914 5555 3010 5610 τοῦ
3043 5555 3180 5610 Θεοῦ
3221 5555 3375 5610 ἔσται
3395 5556 3452 5609 ἒν
3481 5555 3593 5627 Χρι

1307 5737 1350 5768 ⁸⁸
1381 5735 1526 5792 Psal.
1555 5752 1660 5803 cu,
1725 5738 1779 5793 4.
1855 5738 1896 5770 ¹⁵¹
1927 5738 1929 5791 ξ

2028 5753 2095 5794 η’.
2129 5753 2224 5806 vn,
2255 5740 2340 5794 Η.
2421 5741 2464 5773 ⁸⁸
2488 5739 2627 5796 ibid.
2657 5740 2743 5796 1‘2.
2831 5741 2874 5774 ¹⁷
2905 5739 3040 5796 Luc.
3075 5755 3113 5806 ι,
3168 5737 3257 5794 32.
