  <div class='ocr_page' id='page_1' title='image "/cluster/home/n/w/nwhite01/storage/ocr_20150623/86 pt.1/mdp.39015028803867/816.png"; bbox 0 0 3932 6152; ppageno 0'>
   <div class='ocr_carea' id='block_1_1' title="bbox 390 230 519 299">
    <p class='ocr_par' dir='ltr' id='par_1_1' title="bbox 390 230 519 299">
     <span class='ocr_line' id='line_1_1' title="bbox 390 230 519 299; baseline -0.016 -1"><span class='ocrx_word' id='word_1_1' title='bbox 390 230 519 299; x_wconf 77' lang='grc'><strong>1617</strong></span> 
     </span>
    </p>
   </div>
   <div class='ocr_carea' id='block_1_2' title="bbox 1294 221 2717 289">
    <p class='ocr_par' dir='ltr' id='par_1_2' title="bbox 1294 221 2717 289">
     <span class='ocr_line' id='line_1_2' title="bbox 1294 221 2717 289; baseline -0.003 -2"><span class='ocrx_word' id='word_1_2' title='bbox 1294 226 1691 289; x_wconf 82' lang='lat' dir='ltr'><strong>ADVERSUS</strong></span> <span class='ocrx_word' id='word_1_3' title='bbox 1731 222 2278 286; x_wconf 82' lang='lat' dir='ltr'><strong>NESTORIANOS.</strong></span> <span class='ocrx_word' id='word_1_4' title='bbox 2312 247 2384 259; x_wconf 91' lang='lat'><em>--</em></span> <span class='ocrx_word' id='word_1_5' title='bbox 2412 223 2558 283; x_wconf 90' lang='lat' dir='ltr'><strong>LIB.</strong></span> <span class='ocrx_word' id='word_1_6' title='bbox 2599 221 2717 283; x_wconf 90' lang='lat' dir='ltr'><strong>III.</strong></span> 
     </span>
    </p>
   </div>
   <div class='ocr_carea' id='block_1_3' title="bbox 3501 216 3638 282">
    <p class='ocr_par' dir='ltr' id='par_1_3' title="bbox 3501 216 3638 282">
     <span class='ocr_line' id='line_1_3' title="bbox 3501 216 3638 282; baseline 0.007 -2"><span class='ocrx_word' id='word_1_7' title='bbox 3501 216 3638 282; x_wconf 80' lang='lat'><strong>1618</strong></span> 
     </span>
    </p>
   </div>
   <div class='ocr_carea' id='block_1_4' title="bbox 384 327 1967 413">
    <p class='ocr_par' dir='ltr' id='par_1_4' title="bbox 384 336 1958 413">
     <span class='ocr_line' id='line_1_4' title="bbox 384 336 1958 413; baseline -0.007 -15"><span class='ocrx_word' id='word_1_8' title='bbox 384 342 495 413; x_wconf 79' lang='grc' dir='ltr'><strong>στῶ</strong></span> <span class='ocrx_word' id='word_1_9' title='bbox 518 358 534 375; x_wconf 70' lang='grc' dir='ltr'><strong>ν</strong></span> <span class='ocrx_word' id='word_1_10' title='bbox 568 340 774 411; x_wconf 85' lang='grc' dir='ltr'>ταύτης</span> <span class='ocrx_word' id='word_1_11' title='bbox 809 338 867 393; x_wconf 80' lang='grc' dir='ltr'>δὲ</span> <span class='ocrx_word' id='word_1_12' title='bbox 898 339 992 392; x_wconf 83' lang='grc' dir='ltr'><strong>καὶ</strong></span> <span class='ocrx_word' id='word_1_13' title='bbox 1018 337 1213 392; x_wconf 75' lang='grc' dir='ltr'>εἴδωλα</span> <span class='ocrx_word' id='word_1_14' title='bbox 1240 339 1333 392; x_wconf 90' lang='grc' dir='ltr'><strong>καὶ</strong></span> <span class='ocrx_word' id='word_1_15' title='bbox 1361 338 1542 409; x_wconf 75' lang='grc' dir='ltr'>ἥρωες</span> <span class='ocrx_word' id='word_1_16' title='bbox 1567 336 1660 389; x_wconf 89' lang='grc' dir='ltr'><strong>καὶ</strong></span> <span class='ocrx_word' id='word_1_17' title='bbox 1706 336 1958 405; x_wconf 87' lang='grc' dir='ltr'>δαίμονες</span> 
     </span>
    </p>
   </div>
   <div class='ocr_carea' id='block_1_5' title="bbox 2071 327 3640 413">
    <p class='ocr_par' dir='ltr' id='par_1_5' title="bbox 2071 327 3640 390">
     <span class='ocr_line' id='line_1_5' title="bbox 2071 327 3640 390; baseline -0.003 -2"><span class='ocrx_word' id='word_1_18' title='bbox 2071 334 2231 390; x_wconf 72' lang='lat' dir='ltr'><strong>tionis</strong></span> <span class='ocrx_word' id='word_1_19' title='bbox 2260 333 2358 389; x_wconf 87' lang='lat' dir='ltr'><strong>Dei</strong></span> <span class='ocrx_word' id='word_1_20' title='bbox 2394 332 2503 388; x_wconf 85' lang='lat' dir='ltr'><strong>erit</strong></span> <span class='ocrx_word' id='word_1_21' title='bbox 2532 331 2593 387; x_wconf 90' lang='lat' dir='ltr'><strong>in</strong></span> <span class='ocrx_word' id='word_1_22' title='bbox 2615 330 2869 387; x_wconf 87' lang='lat' dir='ltr'><strong>Christo:</strong></span> <span class='ocrx_word' id='word_1_23' title='bbox 2908 328 3055 385; x_wconf 89' lang='lat' dir='ltr'><strong>hanc</strong></span> <span class='ocrx_word' id='word_1_24' title='bbox 3081 327 3232 384; x_wconf 86' lang='lat' dir='ltr'><strong>enim</strong></span> <span class='ocrx_word' id='word_1_25' title='bbox 3275 335 3334 383; x_wconf 90' lang='lat' dir='ltr'><strong>et</strong></span> <span class='ocrx_word' id='word_1_26' title='bbox 3385 327 3529 384; x_wconf 87' lang='lat' dir='ltr'><strong>idola</strong></span> <span class='ocrx_word' id='word_1_27' title='bbox 3582 337 3640 383; x_wconf 78' lang='lat' dir='ltr'><strong>ct</strong></span> 
     </span>
    </p>
   </div>
   <div class='ocr_carea' id='block_1_6' title="bbox 384 424 1958 504">
    <p class='ocr_par' dir='ltr' id='par_1_6' title="bbox 384 424 1958 504">
     <span class='ocr_line' id='line_1_6' title="bbox 384 424 1958 504; baseline -0.006 -14"><span class='ocrx_word' id='word_1_28' title='bbox 384 435 550 490; x_wconf 82' lang='grc' dir='ltr'>πάλαι</span> <span class='ocrx_word' id='word_1_29' title='bbox 591 435 806 502; x_wconf 69' lang='grc' dir='ltr'>ἔτυχον,</span> <span class='ocrx_word' id='word_1_30' title='bbox 833 424 902 504; x_wconf 72' lang='grc' dir='ltr'>ἧς</span> <span class='ocrx_word' id='word_1_31' title='bbox 944 429 1038 483; x_wconf 71' lang='grc' dir='ltr'>ἐπὶ</span> <span class='ocrx_word' id='word_1_32' title='bbox 1078 429 1397 502; x_wconf 83' lang='grc' dir='ltr'><strong>καθαιρέσει</strong></span> <span class='ocrx_word' id='word_1_33' title='bbox 1451 428 1621 491; x_wconf 77' lang='grc' dir='ltr'>ὅντως</span> <span class='ocrx_word' id='word_1_34' title='bbox 1674 429 1704 481; x_wconf 99' lang='lat'><strong>6</strong></span> <span class='ocrx_word' id='word_1_35' title='bbox 1749 426 1958 498; x_wconf 81' lang='grc' dir='ltr'>ἀληθὴς</span> 
     </span>
    </p>
   </div>
   <div class='ocr_carea' id='block_1_7' title="bbox 383 520 1960 596">
    <p class='ocr_par' dir='ltr' id='par_1_7' title="bbox 383 520 1960 596">
     <span class='ocr_line' id='line_1_7' title="bbox 383 520 1960 596; baseline -0.008 -12"><span class='ocrx_word' id='word_1_36' title='bbox 383 529 511 593; x_wconf 81' lang='grc' dir='ltr'>Υἱὸς</span> <span class='ocrx_word' id='word_1_37' title='bbox 536 527 630 581; x_wconf 83' lang='grc' dir='ltr'><strong>τοῦ</strong></span> <span class='ocrx_word' id='word_1_38' title='bbox 664 523 804 580; x_wconf 89' lang='grc' dir='ltr'>Θεοῦ</span> <span class='ocrx_word' id='word_1_39' title='bbox 826 523 1136 596; x_wconf 65' lang='grc' dir='ltr'>ἐπεδήμησε</span> <span class='ocrx_word' id='word_1_40' title='bbox 1157 540 1217 577; x_wconf 89' lang='grc' dir='ltr'><strong>τε</strong></span> <span class='ocrx_word' id='word_1_41' title='bbox 1243 526 1337 577; x_wconf 89' lang='grc' dir='ltr'><strong>καὶ</strong></span> <span class='ocrx_word' id='word_1_42' title='bbox 1360 522 1588 576; x_wconf 85' lang='grc' dir='ltr'>πλεῖστα</span> <span class='ocrx_word' id='word_1_43' title='bbox 1610 520 1960 593; x_wconf 83' lang='grc' dir='ltr'>ᾠκονόμησεν</span> 
     </span>
    </p>
   </div>
   <div class='ocr_carea' id='block_1_8' title="bbox 383 611 1961 691">
    <p class='ocr_par' dir='ltr' id='par_1_8' title="bbox 383 611 1961 691">
     <span class='ocr_line' id='line_1_8' title="bbox 383 611 1961 691; baseline -0.006 -16"><span class='ocrx_word' id='word_1_44' title='bbox 383 621 733 691; x_wconf 67' lang='grc' dir='ltr'><strong>ἐπιδημήσας</strong></span> <span class='ocrx_word' id='word_1_45' title='bbox 753 632 768 648; x_wconf 90' lang='grc'><strong>·</strong></span> <span class='ocrx_word' id='word_1_46' title='bbox 804 617 898 672; x_wconf 87' lang='grc' dir='ltr'><strong>καὶ</strong></span> <span class='ocrx_word' id='word_1_47' title='bbox 931 617 1032 671; x_wconf 86' lang='grc' dir='ltr'><strong>οὑκ</strong></span> <span class='ocrx_word' id='word_1_48' title='bbox 1077 614 1144 670; x_wconf 77' lang='grc' dir='ltr'>ἂν</span> <span class='ocrx_word' id='word_1_49' title='bbox 1197 614 1355 687; x_wconf 73' lang='grc' dir='ltr'>κακῷ</span> <span class='ocrx_word' id='word_1_50' title='bbox 1383 614 1443 668; x_wconf 86' lang='lat'><em>1:6</em></span> <span class='ocrx_word' id='word_1_51' title='bbox 1468 614 1638 669; x_wconf 83' lang='grc' dir='ltr'>κακόν</span> <span class='ocrx_word' id='word_1_52' title='bbox 1662 630 1745 676; x_wconf 91' lang='grc' dir='ltr'><strong>τις</strong></span> <span class='ocrx_word' id='word_1_53' title='bbox 1772 611 1961 667; x_wconf 81' lang='grc' dir='ltr'>ίᾶσθαι</span> 
     </span>
    </p>
   </div>
   <div class='ocr_carea' id='block_1_9' title="bbox 383 704 1961 776">
    <p class='ocr_par' dir='ltr' id='par_1_9' title="bbox 383 704 1961 776">
     <span class='ocr_line' id='line_1_9' title="bbox 383 704 1961 776; baseline -0.006 -10"><span class='ocrx_word' id='word_1_54' title='bbox 383 712 548 766; x_wconf 81' lang='grc' dir='ltr'>αὑτὸν</span> <span class='ocrx_word' id='word_1_55' title='bbox 578 711 722 765; x_wconf 84' lang='grc' dir='ltr'>είποι</span> <span class='ocrx_word' id='word_1_56' title='bbox 741 726 758 743; x_wconf 78' lang='grc' dir='ltr'><strong>ο</strong></span> <span class='ocrx_word' id='word_1_57' title='bbox 790 708 926 763; x_wconf 82' lang='grc' dir='ltr'>ἀλλὰ</span> <span class='ocrx_word' id='word_1_58' title='bbox 975 706 1069 762; x_wconf 88' lang='grc' dir='ltr'><strong>καὶ</strong></span> <span class='ocrx_word' id='word_1_59' title='bbox 1100 705 1321 776; x_wconf 78' lang='grc' dir='ltr'>ἄγγελοι</span> <span class='ocrx_word' id='word_1_60' title='bbox 1367 706 1464 760; x_wconf 88' lang='grc' dir='ltr'><strong>καὶ</strong></span> <span class='ocrx_word' id='word_1_61' title='bbox 1493 704 1804 775; x_wconf 76' lang='grc' dir='ltr'>ἄνθρωποι,</span> <span class='ocrx_word' id='word_1_62' title='bbox 1853 704 1961 758; x_wconf 90' lang='grc' dir='ltr'>υίοὶ</span> 
     </span>
    </p>
   </div>
   <div class='ocr_carea' id='block_1_10' title="bbox 382 795 1962 870">
    <p class='ocr_par' dir='ltr' id='par_1_10' title="bbox 382 795 1962 870">
     <span class='ocr_line' id='line_1_10' title="bbox 382 795 1962 870; baseline -0.005 -12"><span class='ocrx_word' id='word_1_63' title='bbox 382 804 540 869; x_wconf 77' lang='grc' dir='ltr'>Θεοῦ,</span> <span class='ocrx_word' id='word_1_64' title='bbox 580 804 676 857; x_wconf 83' lang='grc' dir='ltr'><strong>καὶ</strong></span> <span class='ocrx_word' id='word_1_65' title='bbox 723 803 829 856; x_wconf 81' lang='grc' dir='ltr'>υἱοὶ</span> <span class='ocrx_word' id='word_1_66' title='bbox 869 798 1129 870; x_wconf 80' lang='grc' dir='ltr'>Ὑψίστου</span> <span class='ocrx_word' id='word_1_67' title='bbox 1180 796 1426 869; x_wconf 76' lang='grc' dir='ltr'>εἴρηνται</span> <span class='ocrx_word' id='word_1_68' title='bbox 1445 796 1729 860; x_wconf 89' lang='grc' dir='ltr'>πολλάκις.</span> <span class='ocrx_word' id='word_1_69' title='bbox 1761 797 1827 850; x_wconf 86' lang='grc' dir='ltr'><strong>Τί</strong></span> <span class='ocrx_word' id='word_1_70' title='bbox 1867 795 1962 850; x_wconf 85' lang='grc' dir='ltr'><strong>οῦν</strong></span> 
     </span>
    </p>
   </div>
   <div class='ocr_carea' id='block_1_11' title="bbox 386 887 1961 967">
    <p class='ocr_par' dir='ltr' id='par_1_11' title="bbox 386 887 1961 967">
     <span class='ocr_line' id='line_1_11' title="bbox 386 887 1961 967; baseline -0.006 -17"><span class='ocrx_word' id='word_1_71' title='bbox 386 896 797 967; x_wconf 86' lang='grc' dir='ltr'>περισσότερον,</span> <span class='ocrx_word' id='word_1_72' title='bbox 826 895 883 947; x_wconf 85' lang='grc' dir='ltr'>ὲν</span> <span class='ocrx_word' id='word_1_73' title='bbox 906 893 1042 964; x_wconf 81' lang='grc' dir='ltr'>τῷδε</span> <span class='ocrx_word' id='word_1_74' title='bbox 1068 889 1290 963; x_wconf 81' lang='grc' dir='ltr'><strong>Χριστῷ</strong></span> <span class='ocrx_word' id='word_1_75' title='bbox 1317 888 1396 961; x_wconf 79' lang='grc' dir='ltr'>τῷ</span> <span class='ocrx_word' id='word_1_76' title='bbox 1418 892 1701 962; x_wconf 82' lang='grc' dir='ltr'>μονογενεῖ</span> <span class='ocrx_word' id='word_1_77' title='bbox 1728 889 1843 961; x_wconf 58' lang='lat' dir='ltr'><strong>fit?)</strong></span> <span class='ocrx_word' id='word_1_78' title='bbox 1866 887 1961 942; x_wconf 91' lang='grc' dir='ltr'><strong>τοῦ</strong></span> 
     </span>
    </p>
   </div>
   <div class='ocr_carea' id='block_1_12' title="bbox 383 982 1964 1059">
    <p class='ocr_par' dir='ltr' id='par_1_12' title="bbox 383 982 1964 1059">
     <span class='ocr_line' id='line_1_12' title="bbox 383 982 1964 1059; baseline -0.006 -15"><span class='ocrx_word' id='word_1_79' title='bbox 383 990 519 1044; x_wconf 85' lang='grc' dir='ltr'><strong>Θεοῦ</strong></span> <span class='ocrx_word' id='word_1_80' title='bbox 542 1006 557 1056; x_wconf 88' lang='lat'><strong>;</strong></span> <span class='ocrx_word' id='word_1_81' title='bbox 596 988 714 1052; x_wconf 84' lang='grc' dir='ltr'><strong>πῶς</strong></span> <span class='ocrx_word' id='word_1_82' title='bbox 743 989 801 1041; x_wconf 82' lang='grc' dir='ltr'>δὲ</span> <span class='ocrx_word' id='word_1_83' title='bbox 827 988 920 1042; x_wconf 88' lang='grc' dir='ltr'><strong>καὶ</strong></span> <span class='ocrx_word' id='word_1_84' title='bbox 949 987 1281 1059; x_wconf 76' lang='grc' dir='ltr'>Μονογενὴς,</span> <span class='ocrx_word' id='word_1_85' title='bbox 1313 988 1364 1039; x_wconf 84' lang='grc' dir='ltr'>εί</span> <span class='ocrx_word' id='word_1_86' title='bbox 1386 984 1508 1039; x_wconf 86' lang='grc' dir='ltr'>κατ’</span> <span class='ocrx_word' id='word_1_87' title='bbox 1523 985 1721 1047; x_wconf 81' lang='grc' dir='ltr'>αὐτοὺς</span> <span class='ocrx_word' id='word_1_88' title='bbox 1742 983 1776 1053; x_wconf 87' lang='grc' dir='ltr'><strong>ή</strong></span> <span class='ocrx_word' id='word_1_89' title='bbox 1802 982 1964 1053; x_wconf 89' lang='grc' dir='ltr'>χάρις</span> 
     </span>
    </p>
   </div>
   <div class='ocr_carea' id='block_1_13' title="bbox 388 1073 1962 1150">
    <p class='ocr_par' dir='ltr' id='par_1_13' title="bbox 388 1073 1962 1150">
     <span class='ocr_line' id='line_1_13' title="bbox 388 1073 1962 1150; baseline -0.005 -17"><span class='ocrx_word' id='word_1_90' title='bbox 388 1083 420 1150; x_wconf 92' lang='grc' dir='ltr'><strong>ή</strong></span> <span class='ocrx_word' id='word_1_91' title='bbox 452 1082 535 1145; x_wconf 88' lang='grc' dir='ltr'><strong>είς</strong></span> <span class='ocrx_word' id='word_1_92' title='bbox 560 1079 725 1134; x_wconf 80' lang='grc' dir='ltr'>αὑτὸν</span> <span class='ocrx_word' id='word_1_93' title='bbox 762 1081 859 1150; x_wconf 84' lang='grc' dir='ltr'>τῆς</span> <span class='ocrx_word' id='word_1_94' title='bbox 899 1077 1203 1150; x_wconf 76' lang='grc' dir='ltr'>θεὼσεωςή</span> <span class='ocrx_word' id='word_1_95' title='bbox 1227 1077 1509 1148; x_wconf 79' lang='grc' dir='ltr'>υίότητοςς</span> <span class='ocrx_word' id='word_1_96' title='bbox 1539 1076 1736 1147; x_wconf 88' lang='grc' dir='ltr'>Χάριτι</span> <span class='ocrx_word' id='word_1_97' title='bbox 1772 1073 1865 1126; x_wconf 84' lang='grc' dir='ltr'><strong>οὖν</strong></span> <span class='ocrx_word' id='word_1_98' title='bbox 1894 1074 1962 1143; x_wconf 80' lang='grc' dir='ltr'>τῇ</span> 
     </span>
    </p>
   </div>
   <div class='ocr_carea' id='block_1_14' title="bbox 385 1162 1965 1241">
    <p class='ocr_par' dir='ltr' id='par_1_14' title="bbox 385 1162 1965 1241">
     <span class='ocr_line' id='line_1_14' title="bbox 385 1162 1965 1241; baseline -0.006 -17"><span class='ocrx_word' id='word_1_99' title='bbox 385 1172 453 1224; x_wconf 89' lang='grc' dir='ltr'>δι’</span> <span class='ocrx_word' id='word_1_100' title='bbox 479 1170 724 1235; x_wconf 78' lang='grc' dir='ltr'>ἑνώσεως</span> <span class='ocrx_word' id='word_1_101' title='bbox 766 1170 1137 1239; x_wconf 83' lang='grc' dir='ltr'>ὑποστατικῆς</span> <span class='ocrx_word' id='word_1_102' title='bbox 1189 1169 1328 1241; x_wconf 83' lang='grc' dir='ltr'>πρὸς</span> <span class='ocrx_word' id='word_1_103' title='bbox 1389 1168 1482 1222; x_wconf 78' lang='grc' dir='ltr'>τὸν</span> <span class='ocrx_word' id='word_1_104' title='bbox 1515 1165 1676 1237; x_wconf 85' lang='grc' dir='ltr'>φύσει</span> <span class='ocrx_word' id='word_1_105' title='bbox 1700 1164 1849 1230; x_wconf 83' lang='grc' dir='ltr'>Υίὸν,</span> <span class='ocrx_word' id='word_1_106' title='bbox 1883 1162 1965 1216; x_wconf 82' lang='grc' dir='ltr'><strong>εί-</strong></span> 
     </span>
    </p>
   </div>
   <div class='ocr_carea' id='block_1_15' title="bbox 390 1257 1963 1333">
    <p class='ocr_par' dir='ltr' id='par_1_15' title="bbox 390 1257 1963 1333">
     <span class='ocr_line' id='line_1_15' title="bbox 390 1257 1963 1333; baseline 0.001 -20"><span class='ocrx_word' id='word_1_107' title='bbox 390 1261 757 1333; x_wconf 74' lang='grc' dir='ltr'>ρηταισαφῶς</span> <span class='ocrx_word' id='word_1_108' title='bbox 783 1261 909 1325; x_wconf 84' lang='grc' dir='ltr'>Υίδς</span> <span class='ocrx_word' id='word_1_109' title='bbox 938 1260 1032 1315; x_wconf 82' lang='grc' dir='ltr'><strong>τοῦ</strong></span> <span class='ocrx_word' id='word_1_110' title='bbox 1063 1259 1199 1316; x_wconf 85' lang='grc' dir='ltr'><strong>Θεοῦ</strong></span> <span class='ocrx_word' id='word_1_111' title='bbox 1229 1260 1323 1315; x_wconf 87' lang='grc' dir='ltr'>τοῦ</span> <span class='ocrx_word' id='word_1_112' title='bbox 1354 1259 1553 1325; x_wconf 74' lang='grc' dir='ltr'>ζῶντος</span> <span class='ocrx_word' id='word_1_113' title='bbox 1581 1261 1609 1312; x_wconf 89' lang='grc' dir='ltr'>ὁ</span> <span class='ocrx_word' id='word_1_114' title='bbox 1629 1257 1963 1328; x_wconf 82' lang='grc' dir='ltr'>Μονογενής.</span> 
     </span>
    </p>
   </div>
   <div class='ocr_carea' id='block_1_16' title="bbox 975 1460 1360 1529">
    <p class='ocr_par' dir='ltr' id='par_1_16' title="bbox 975 1460 1360 1529">
     <span class='ocr_line' id='line_1_16' title="bbox 975 1460 1360 1529; baseline 0.003 -14"><span class='ocrx_word' id='word_1_115' title='bbox 975 1460 1226 1515; x_wconf 55' lang='lat' dir='ltr'><strong>xm“.</strong></span> <span class='ocrx_word' id='word_1_116' title='bbox 1269 1461 1360 1529; x_wconf 71' lang='grc' dir='ltr'><strong>ς’.</strong></span> 
     </span>
    </p>
   </div>
   <div class='ocr_carea' id='block_1_17' title="bbox 471 1569 1969 1644">
    <p class='ocr_par' dir='ltr' id='par_1_17' title="bbox 471 1569 1969 1644">
     <span class='ocr_line' id='line_1_17' title="bbox 471 1569 1969 1644; baseline 0.001 -21"><span class='ocrx_word' id='word_1_117' title='bbox 471 1569 655 1634; x_wconf 82' lang='grc' dir='ltr'>Ἀλλὰ,</span> <span class='ocrx_word' id='word_1_118' title='bbox 691 1572 877 1640; x_wconf 84' lang='grc' dir='ltr'>φασὶν,</span> <span class='ocrx_word' id='word_1_119' title='bbox 916 1572 965 1625; x_wconf 80' lang='grc' dir='ltr'>εί</span> <span class='ocrx_word' id='word_1_120' title='bbox 1017 1573 1093 1643; x_wconf 86' lang='grc' dir='ltr'>μὴ</span> <span class='ocrx_word' id='word_1_121' title='bbox 1142 1571 1500 1642; x_wconf 77' lang='grc' dir='ltr'><strong>οἰκονομικῶς</strong></span> <span class='ocrx_word' id='word_1_122' title='bbox 1537 1574 1771 1644; x_wconf 80' lang='grc' dir='ltr'>εἴρηται,</span> <span class='ocrx_word' id='word_1_123' title='bbox 1799 1571 1875 1636; x_wconf 82' lang='grc' dir='ltr'><strong>ὡς</strong></span> <span class='ocrx_word' id='word_1_124' title='bbox 1902 1570 1969 1627; x_wconf 80' lang='grc' dir='ltr'><strong>ἂν</strong></span> 
     </span>
    </p>
   </div>
   <div class='ocr_carea' id='block_1_18' title="bbox 2062 417 3637 488">
    <p class='ocr_par' dir='ltr' id='par_1_18' title="bbox 2062 417 3637 488">
     <span class='ocr_line' id='line_1_18' title="bbox 2062 417 3637 488; baseline -0.005 -9"><span class='ocrx_word' id='word_1_125' title='bbox 2062 424 2266 480; x_wconf 86' lang='lat' dir='ltr'><strong>heroes</strong></span> <span class='ocrx_word' id='word_1_126' title='bbox 2294 433 2352 479; x_wconf 87' lang='lat' dir='ltr'><strong>et</strong></span> <span class='ocrx_word' id='word_1_127' title='bbox 2404 423 2685 478; x_wconf 60' lang='lat' dir='ltr'><strong>daemones</strong></span> <span class='ocrx_word' id='word_1_128' title='bbox 2739 422 2871 475; x_wconf 91' lang='lat' dir='ltr'><strong>olim</strong></span> <span class='ocrx_word' id='word_1_129' title='bbox 2927 419 3313 482; x_wconf 84' lang='lat' dir='ltr'><strong>obtinuerunt,</strong></span> <span class='ocrx_word' id='word_1_130' title='bbox 3351 417 3419 472; x_wconf 90' lang='lat' dir='ltr'><strong>ad</strong></span> <span class='ocrx_word' id='word_1_131' title='bbox 3472 433 3637 488; x_wconf 82' lang='lat' dir='ltr'><strong>quam</strong></span> 
     </span>
    </p>
   </div>
   <div class='ocr_carea' id='block_1_19' title="bbox 2061 510 3639 573">
    <p class='ocr_par' dir='ltr' id='par_1_19' title="bbox 2061 510 3639 573">
     <span class='ocr_line' id='line_1_19' title="bbox 2061 510 3639 573; baseline -0.004 -1"><span class='ocrx_word' id='word_1_132' title='bbox 2061 515 2355 573; x_wconf 85' lang='lat' dir='ltr'><strong>delendam</strong></span> <span class='ocrx_word' id='word_1_133' title='bbox 2375 515 2613 571; x_wconf 82' lang='lat' dir='ltr'><strong>omnino</strong></span> <span class='ocrx_word' id='word_1_134' title='bbox 2628 529 2796 570; x_wconf 88' lang='lat' dir='ltr'><strong>verus</strong></span> <span class='ocrx_word' id='word_1_135' title='bbox 2826 512 2999 567; x_wconf 85' lang='lat' dir='ltr'><strong>Filius</strong></span> <span class='ocrx_word' id='word_1_136' title='bbox 3027 512 3122 567; x_wconf 88' lang='lat' dir='ltr'><strong>Dei</strong></span> <span class='ocrx_word' id='word_1_137' title='bbox 3154 512 3310 566; x_wconf 81' lang='lat' dir='ltr'><strong>venit</strong></span> <span class='ocrx_word' id='word_1_138' title='bbox 3361 518 3420 567; x_wconf 89' lang='lat' dir='ltr'><strong>et</strong></span> <span class='ocrx_word' id='word_1_139' title='bbox 3463 510 3639 565; x_wconf 88' lang='lat' dir='ltr'><strong>multa</strong></span> 
     </span>
    </p>
   </div>
   <div class='ocr_carea' id='block_1_20' title="bbox 2062 601 3643 679">
    <p class='ocr_par' dir='ltr' id='par_1_20' title="bbox 2062 601 3643 679">
     <span class='ocr_line' id='line_1_20' title="bbox 2062 601 3643 679; baseline -0.006 -14"><span class='ocrx_word' id='word_1_140' title='bbox 2062 607 2339 679; x_wconf 78' lang='lat' dir='ltr'><strong>disposuit</strong></span> <span class='ocrx_word' id='word_1_141' title='bbox 2369 615 2496 679; x_wconf 88' lang='lat' dir='ltr'><strong>post</strong></span> <span class='ocrx_word' id='word_1_142' title='bbox 2522 606 2824 663; x_wconf 76' lang='lat' dir='ltr'><strong>adventum</strong></span> <span class='ocrx_word' id='word_1_143' title='bbox 2846 622 2862 659; x_wconf 86' lang='lat'><strong>:</strong></span> <span class='ocrx_word' id='word_1_144' title='bbox 2884 604 3069 659; x_wconf 87' lang='lat' dir='ltr'><strong>nullus</strong></span> <span class='ocrx_word' id='word_1_145' title='bbox 3089 612 3175 659; x_wconf 90' lang='lat' dir='ltr'><strong>est</strong></span> <span class='ocrx_word' id='word_1_146' title='bbox 3219 604 3371 658; x_wconf 88' lang='lat' dir='ltr'><strong>enim</strong></span> <span class='ocrx_word' id='word_1_147' title='bbox 3392 601 3491 672; x_wconf 91' lang='lat' dir='ltr'><strong>qui</strong></span> <span class='ocrx_word' id='word_1_148' title='bbox 3524 616 3643 655; x_wconf 87' lang='lat' dir='ltr'><strong>ma-</strong></span> 
     </span>
    </p>
   </div>
   <div class='ocr_carea' id='block_1_21' title="bbox 2061 693 3641 765">
    <p class='ocr_par' dir='ltr' id='par_1_21' title="bbox 2061 693 3641 765">
     <span class='ocr_line' id='line_1_21' title="bbox 2061 693 3641 765; baseline -0.006 -9"><span class='ocrx_word' id='word_1_149' title='bbox 2061 700 2180 756; x_wconf 90' lang='lat' dir='ltr'><strong>lum</strong></span> <span class='ocrx_word' id='word_1_150' title='bbox 2213 700 2358 755; x_wconf 91' lang='lat' dir='ltr'><strong>malo</strong></span> <span class='ocrx_word' id='word_1_151' title='bbox 2380 698 2592 754; x_wconf 88' lang='lat' dir='ltr'><strong>mederi</strong></span> <span class='ocrx_word' id='word_1_152' title='bbox 2618 697 2796 753; x_wconf 77' lang='lat' dir='ltr'><strong>dicat:</strong></span> <span class='ocrx_word' id='word_1_153' title='bbox 2831 695 2930 752; x_wconf 90' lang='lat' dir='ltr'><strong>sed</strong></span> <span class='ocrx_word' id='word_1_154' title='bbox 2957 702 3015 751; x_wconf 90' lang='lat' dir='ltr'><strong>et</strong></span> <span class='ocrx_word' id='word_1_155' title='bbox 3047 694 3231 765; x_wconf 86' lang='lat' dir='ltr'><strong>angeli</strong></span> <span class='ocrx_word' id='word_1_156' title='bbox 3262 703 3319 749; x_wconf 85' lang='lat' dir='ltr'><strong>et</strong></span> <span class='ocrx_word' id='word_1_157' title='bbox 3382 693 3641 749; x_wconf 83' lang='lat' dir='ltr'><strong>homines</strong></span> 
     </span>
    </p>
   </div>
   <div class='ocr_carea' id='block_1_22' title="bbox 2064 785 3638 858">
    <p class='ocr_par' dir='ltr' id='par_1_22' title="bbox 2064 785 3638 858">
     <span class='ocr_line' id='line_1_22' title="bbox 2064 785 3638 858; baseline -0.006 -10"><span class='ocrx_word' id='word_1_158' title='bbox 2064 793 2165 848; x_wconf 91' lang='lat' dir='ltr'><strong>ﬁlii</strong></span> <span class='ocrx_word' id='word_1_159' title='bbox 2204 792 2324 854; x_wconf 90' lang='lat' dir='ltr'><strong>Dei,</strong></span> <span class='ocrx_word' id='word_1_160' title='bbox 2369 798 2435 847; x_wconf 48' lang='lat' dir='ltr'><strong>et.</strong></span> <span class='ocrx_word' id='word_1_161' title='bbox 2466 790 2564 845; x_wconf 91' lang='lat' dir='ltr'><strong>ﬁlii</strong></span> <span class='ocrx_word' id='word_1_162' title='bbox 2613 789 2883 847; x_wconf 81' lang='lat' dir='ltr'><strong>Altissimi</strong></span> <span class='ocrx_word' id='word_1_163' title='bbox 2921 803 3066 858; x_wconf 62' lang='lat' dir='ltr'><strong>saepe</strong></span> <span class='ocrx_word' id='word_1_164' title='bbox 3105 787 3245 843; x_wconf 88' lang='lat' dir='ltr'><strong>dicti</strong></span> <span class='ocrx_word' id='word_1_165' title='bbox 3285 794 3452 841; x_wconf 90' lang='lat' dir='ltr'><strong>sunt:</strong></span> <span class='ocrx_word' id='word_1_166' title='bbox 3504 785 3638 856; x_wconf 83' lang='lat' dir='ltr'><strong>quid</strong></span> 
     </span>
    </p>
   </div>
   <div class='ocr_carea' id='block_1_23' title="bbox 2064 878 3643 957">
    <p class='ocr_par' dir='ltr' id='par_1_23' title="bbox 2064 878 3643 957">
     <span class='ocr_line' id='line_1_23' title="bbox 2064 878 3643 957; baseline -0.005 -17"><span class='ocrx_word' id='word_1_167' title='bbox 2064 884 2235 957; x_wconf 86' lang='lat' dir='ltr'><strong>igitur</strong></span> <span class='ocrx_word' id='word_1_168' title='bbox 2258 884 2509 954; x_wconf 34' lang='lat' dir='ltr'><strong>amplius,</strong></span> <span class='ocrx_word' id='word_1_169' title='bbox 2530 884 2582 937; x_wconf 92' lang='lat' dir='ltr'><strong>in</strong></span> <span class='ocrx_word' id='word_1_170' title='bbox 2602 882 2827 938; x_wconf 88' lang='lat' dir='ltr'><strong>Christo</strong></span> <span class='ocrx_word' id='word_1_171' title='bbox 2860 880 3147 952; x_wconf 84' lang='lat' dir='ltr'><strong>unigenito</strong></span> <span class='ocrx_word' id='word_1_172' title='bbox 3172 880 3313 936; x_wconf 89' lang='lat' dir='ltr'><strong>Filio</strong></span> <span class='ocrx_word' id='word_1_173' title='bbox 3339 878 3480 935; x_wconf 89' lang='lat' dir='ltr'><strong>Dei?</strong></span> <span class='ocrx_word' id='word_1_174' title='bbox 3503 894 3643 949; x_wconf 91' lang='lat' dir='ltr'><strong>quo-</strong></span> 
     </span>
    </p>
   </div>
   <div class='ocr_carea' id='block_1_24' title="bbox 2064 967 3639 1042">
    <p class='ocr_par' dir='ltr' id='par_1_24' title="bbox 2064 967 3639 1042">
     <span class='ocr_line' id='line_1_24' title="bbox 2064 967 3639 1042; baseline -0.006 -12"><span class='ocrx_word' id='word_1_175' title='bbox 2064 974 2232 1030; x_wconf 91' lang='lat' dir='ltr'><strong>modo</strong></span> <span class='ocrx_word' id='word_1_176' title='bbox 2251 973 2402 1029; x_wconf 90' lang='lat' dir='ltr'><strong>enim</strong></span> <span class='ocrx_word' id='word_1_177' title='bbox 2429 972 2637 1029; x_wconf 86' lang='lat' dir='ltr'><strong>dicitur</strong></span> <span class='ocrx_word' id='word_1_178' title='bbox 2652 971 3007 1042; x_wconf 88' lang='lat' dir='ltr'><strong>Unigenitus,</strong></span> <span class='ocrx_word' id='word_1_179' title='bbox 3034 969 3078 1025; x_wconf 90' lang='lat' dir='ltr'><strong>si</strong></span> <span class='ocrx_word' id='word_1_180' title='bbox 3105 968 3253 1040; x_wconf 89' lang='lat' dir='ltr'><strong>apud</strong></span> <span class='ocrx_word' id='word_1_181' title='bbox 3280 969 3431 1039; x_wconf 89' lang='lat' dir='ltr'><strong>ipsos</strong></span> <span class='ocrx_word' id='word_1_182' title='bbox 3443 967 3639 1021; x_wconf 90' lang='lat' dir='ltr'><strong>eadem</strong></span> 
     </span>
    </p>
   </div>
   <div class='ocr_carea' id='block_1_25' title="bbox 2066 1056 3643 1137">
    <p class='ocr_par' dir='ltr' id='par_1_25' title="bbox 2066 1056 3643 1137">
     <span class='ocr_line' id='line_1_25' title="bbox 2066 1056 3643 1137; baseline -0.008 -15"><span class='ocrx_word' id='word_1_183' title='bbox 2066 1065 2140 1123; x_wconf 85' lang='lat' dir='ltr'><strong>sit</strong></span> <span class='ocrx_word' id='word_1_184' title='bbox 2162 1064 2338 1137; x_wconf 88' lang='lat' dir='ltr'><strong>gratia</strong></span> <span class='ocrx_word' id='word_1_185' title='bbox 2360 1080 2425 1121; x_wconf 87' lang='lat' dir='ltr'><strong>ae</strong></span> <span class='ocrx_word' id='word_1_186' title='bbox 2443 1063 2588 1136; x_wconf 87' lang='lat' dir='ltr'><strong>apud</strong></span> <span class='ocrx_word' id='word_1_187' title='bbox 2620 1064 2801 1134; x_wconf 89' lang='lat' dir='ltr'><strong>ipsum</strong></span> <span class='ocrx_word' id='word_1_188' title='bbox 2820 1060 3188 1117; x_wconf 88' lang='lat' dir='ltr'><strong>deiﬁcationis</strong></span> <span class='ocrx_word' id='word_1_189' title='bbox 3209 1068 3305 1115; x_wconf 90' lang='lat' dir='ltr'><strong>aut</strong></span> <span class='ocrx_word' id='word_1_190' title='bbox 3323 1056 3643 1114; x_wconf 85' lang='lat' dir='ltr'><strong>ﬁliationis?</strong></span> 
     </span>
    </p>
   </div>
   <div class='ocr_carea' id='block_1_26' title="bbox 2064 1151 3641 1230">
    <p class='ocr_par' dir='ltr' id='par_1_26' title="bbox 2064 1151 3641 1230">
     <span class='ocr_line' id='line_1_26' title="bbox 2064 1151 3641 1230; baseline -0.008 -15"><span class='ocrx_word' id='word_1_191' title='bbox 2064 1158 2251 1215; x_wconf 85' lang='lat' dir='ltr'><strong>Gratia</strong></span> <span class='ocrx_word' id='word_1_192' title='bbox 2279 1157 2449 1230; x_wconf 79' lang='lat' dir='ltr'><strong>igitur</strong></span> <span class='ocrx_word' id='word_1_193' title='bbox 2476 1165 2710 1228; x_wconf 85' lang='lat' dir='ltr'><strong>propter</strong></span> <span class='ocrx_word' id='word_1_194' title='bbox 2740 1153 3005 1210; x_wconf 90' lang='lat' dir='ltr'><strong>unionem</strong></span> <span class='ocrx_word' id='word_1_195' title='bbox 3053 1151 3460 1224; x_wconf 81' lang='lat' dir='ltr'><strong>hypostalicam</strong></span> <span class='ocrx_word' id='word_1_196' title='bbox 3512 1163 3641 1205; x_wconf 86' lang='lat' dir='ltr'><strong>cum</strong></span> 
     </span>
    </p>
   </div>
   <div class='ocr_carea' id='block_1_27' title="bbox 2066 1238 3643 1313">
    <p class='ocr_par' dir='ltr' id='par_1_27' title="bbox 2066 1238 3643 1313">
     <span class='ocr_line' id='line_1_27' title="bbox 2066 1238 3643 1313; baseline -0.008 -9"><span class='ocrx_word' id='word_1_197' title='bbox 2066 1249 2207 1305; x_wconf 83' lang='lat' dir='ltr'><strong>Filio</strong></span> <span class='ocrx_word' id='word_1_198' title='bbox 2229 1250 2287 1304; x_wconf 90' lang='lat' dir='ltr'><strong>in</strong></span> <span class='ocrx_word' id='word_1_199' title='bbox 2312 1258 2531 1313; x_wconf 91' lang='lat' dir='ltr'><strong>natura,</strong></span> <span class='ocrx_word' id='word_1_200' title='bbox 2562 1246 2747 1302; x_wconf 90' lang='lat' dir='ltr'><strong>dictus</strong></span> <span class='ocrx_word' id='word_1_201' title='bbox 2775 1253 2861 1301; x_wconf 88' lang='lat' dir='ltr'><strong>est</strong></span> <span class='ocrx_word' id='word_1_202' title='bbox 2890 1243 3181 1299; x_wconf 84' lang='lat' dir='ltr'><strong>manifeste</strong></span> <span class='ocrx_word' id='word_1_203' title='bbox 3225 1242 3400 1297; x_wconf 90' lang='lat' dir='ltr'><strong>Filius</strong></span> <span class='ocrx_word' id='word_1_204' title='bbox 3427 1238 3526 1296; x_wconf 87' lang='lat' dir='ltr'><strong>Dei</strong></span> <span class='ocrx_word' id='word_1_205' title='bbox 3555 1239 3643 1293; x_wconf 90' lang='lat' dir='ltr'><strong>vi-</strong></span> 
     </span>
    </p>
   </div>
   <div class='ocr_carea' id='block_1_28' title="bbox 2066 1340 2620 1419">
    <p class='ocr_par' dir='ltr' id='par_1_28' title="bbox 2066 1340 2620 1419">
     <span class='ocr_line' id='line_1_28' title="bbox 2066 1340 2620 1419; baseline -0.013 -18"><span class='ocrx_word' id='word_1_206' title='bbox 2066 1342 2251 1401; x_wconf 77' lang='lat' dir='ltr'><strong>ventis</strong></span> <span class='ocrx_word' id='word_1_207' title='bbox 2279 1340 2620 1419; x_wconf 79' lang='lat' dir='ltr'><strong>unigenitus.</strong></span> 
     </span>
    </p>
   </div>
   <div class='ocr_carea' id='block_1_29' title="bbox 2706 1452 3012 1510">
    <p class='ocr_par' dir='ltr' id='par_1_29' title="bbox 2706 1452 3012 1510">
     <span class='ocr_line' id='line_1_29' title="bbox 2706 1452 3012 1510; baseline -0.01 0"><span class='ocrx_word' id='word_1_208' title='bbox 2706 1453 2857 1510; x_wconf 84' lang='lat' dir='ltr'><strong>CAP.</strong></span> <span class='ocrx_word' id='word_1_209' title='bbox 2921 1452 3012 1508; x_wconf 74' lang='lat' dir='ltr'><strong>VI.</strong></span> 
     </span>
    </p>
   </div>
   <div class='ocr_carea' id='block_1_30' title="bbox 2142 1564 3645 1645">
    <p class='ocr_par' dir='ltr' id='par_1_30' title="bbox 2142 1564 3645 1645">
     <span class='ocr_line' id='line_1_30' title="bbox 2142 1564 3645 1645; baseline -0.011 -13"><span class='ocrx_word' id='word_1_210' title='bbox 2142 1575 2273 1641; x_wconf 89' lang='lat' dir='ltr'><strong>Sed,</strong></span> <span class='ocrx_word' id='word_1_211' title='bbox 2300 1570 2597 1645; x_wconf 90' lang='lat' dir='ltr'><strong>inquiunt,</strong></span> <span class='ocrx_word' id='word_1_212' title='bbox 2621 1568 2669 1626; x_wconf 91' lang='lat' dir='ltr'><strong>si</strong></span> <span class='ocrx_word' id='word_1_213' title='bbox 2696 1584 2808 1624; x_wconf 91' lang='lat' dir='ltr'><strong>non</strong></span> <span class='ocrx_word' id='word_1_214' title='bbox 2832 1566 3246 1623; x_wconf 88' lang='lat' dir='ltr'><strong>accommodate</strong></span> <span class='ocrx_word' id='word_1_215' title='bbox 3276 1564 3488 1620; x_wconf 90' lang='lat' dir='ltr'><strong>dictum</strong></span> <span class='ocrx_word' id='word_1_216' title='bbox 3537 1572 3645 1626; x_wconf 89' lang='lat' dir='ltr'><strong>est,</strong></span> 
     </span>
    </p>
   </div>
   <div class='ocr_carea' id='block_1_31' title="bbox 388 1655 1967 1741">
    <p class='ocr_par' dir='ltr' id='par_1_31' title="bbox 388 1662 1963 1736">
     <span class='ocr_line' id='line_1_31' title="bbox 388 1662 1963 1736; baseline 0.001 -20"><span class='ocrx_word' id='word_1_217' title='bbox 388 1662 554 1729; x_wconf 85' lang='grc' dir='ltr'>εῐποι,</span> <span class='ocrx_word' id='word_1_218' title='bbox 585 1664 742 1734; x_wconf 82' lang='grc' dir='ltr'><strong>ὑμεῖς</strong></span> <span class='ocrx_word' id='word_1_219' title='bbox 782 1663 1076 1734; x_wconf 81' lang='grc' dir='ltr'>φεύγοντες</span> <span class='ocrx_word' id='word_1_220' title='bbox 1096 1666 1196 1735; x_wconf 83' lang='grc' dir='ltr'>τὴν</span> <span class='ocrx_word' id='word_1_221' title='bbox 1226 1664 1429 1736; x_wconf 77' lang='grc' dir='ltr'>ἀκριϐῆ</span> <span class='ocrx_word' id='word_1_222' title='bbox 1469 1664 1579 1718; x_wconf 88' lang='grc' dir='ltr'><strong>τῶν</strong></span> <span class='ocrx_word' id='word_1_223' title='bbox 1614 1665 1963 1736; x_wconf 80' lang='grc' dir='ltr'>σημαινομέ-</span> 
     </span>
    </p>
   </div>
   <div class='ocr_carea' id='block_1_32' title="bbox 2071 1655 3646 1741">
    <p class='ocr_par' dir='ltr' id='par_1_32' title="bbox 2071 1655 3646 1741">
     <span class='ocr_line' id='line_1_32' title="bbox 2071 1655 3646 1741; baseline -0.01 -16"><span class='ocrx_word' id='word_1_224' title='bbox 2071 1668 2302 1741; x_wconf 85' lang='lat' dir='ltr'><strong>perinde</strong></span> <span class='ocrx_word' id='word_1_225' title='bbox 2347 1682 2412 1722; x_wconf 89' lang='lat' dir='ltr'><strong>ac</strong></span> <span class='ocrx_word' id='word_1_226' title='bbox 2438 1667 2484 1721; x_wconf 92' lang='lat' dir='ltr'><strong>si</strong></span> <span class='ocrx_word' id='word_1_227' title='bbox 2507 1668 2645 1720; x_wconf 76' lang='lat' dir='ltr'><strong>voce</strong></span> <span class='ocrx_word' id='word_1_228' title='bbox 2694 1677 2796 1718; x_wconf 92' lang='lat' dir='ltr'><strong>vos</strong></span> <span class='ocrx_word' id='word_1_229' title='bbox 2818 1670 3137 1719; x_wconf 88' lang='lat' dir='ltr'><strong>accuratam</strong></span> <span class='ocrx_word' id='word_1_230' title='bbox 3168 1673 3358 1714; x_wconf 90' lang='lat' dir='ltr'><strong>rerum</strong></span> <span class='ocrx_word' id='word_1_231' title='bbox 3386 1655 3646 1728; x_wconf 90' lang='lat' dir='ltr'><strong>designa-</strong></span> 
     </span>
    </p>
   </div>
   <div class='ocr_carea' id='block_1_33' title="bbox 389 1755 1967 1830">
    <p class='ocr_par' dir='ltr' id='par_1_33' title="bbox 389 1755 1967 1830">
     <span class='ocr_line' id='line_1_33' title="bbox 389 1755 1967 1830; baseline 0.004 -22"><span class='ocrx_word' id='word_1_232' title='bbox 389 1772 498 1809; x_wconf 91' lang='grc' dir='ltr'><strong>νων</strong></span> <span class='ocrx_word' id='word_1_233' title='bbox 529 1755 804 1821; x_wconf 77' lang='grc' dir='ltr'>ἐξέτασιν·</span> <span class='ocrx_word' id='word_1_234' title='bbox 834 1758 928 1811; x_wconf 87' lang='grc' dir='ltr'><strong>καὶ</strong></span> <span class='ocrx_word' id='word_1_235' title='bbox 962 1759 1011 1812; x_wconf 88' lang='grc' dir='ltr'>εί</span> <span class='ocrx_word' id='word_1_236' title='bbox 1046 1758 1122 1830; x_wconf 84' lang='grc' dir='ltr'><strong>μή</strong></span> <span class='ocrx_word' id='word_1_237' title='bbox 1148 1758 1247 1813; x_wconf 86' lang='grc' dir='ltr'><strong>οὑκ</strong></span> <span class='ocrx_word' id='word_1_238' title='bbox 1292 1757 1409 1830; x_wconf 74' lang='grc' dir='ltr'>ἔχει</span> <span class='ocrx_word' id='word_1_239' title='bbox 1454 1758 1773 1830; x_wconf 77' lang='grc' dir='ltr'>κυρίαντὴν</span> <span class='ocrx_word' id='word_1_240' title='bbox 1797 1757 1967 1814; x_wconf 74' lang='grc' dir='ltr'>ἐκϐα-</span> 
     </span>
    </p>
   </div>
   <div class='ocr_carea' id='block_1_34' title="bbox 390 1845 1964 1925">
    <p class='ocr_par' dir='ltr' id='par_1_34' title="bbox 390 1845 1964 1925">
     <span class='ocr_line' id='line_1_34' title="bbox 390 1845 1964 1925; baseline 0.003 -23"><span class='ocrx_word' id='word_1_241' title='bbox 390 1865 476 1902; x_wconf 88' lang='grc' dir='ltr'><strong>σιν</strong></span> <span class='ocrx_word' id='word_1_242' title='bbox 501 1848 534 1920; x_wconf 78' lang='grc' dir='ltr'>ἢ</span> <span class='ocrx_word' id='word_1_243' title='bbox 569 1850 853 1922; x_wconf 84' lang='grc' dir='ltr'>παραϐολῇ</span> <span class='ocrx_word' id='word_1_244' title='bbox 898 1851 931 1925; x_wconf 74' lang='grc' dir='ltr'><strong>ἢ</strong></span> <span class='ocrx_word' id='word_1_245' title='bbox 980 1851 1338 1924; x_wconf 78' lang='grc' dir='ltr'>ἀλληγορίᾳῆ</span> <span class='ocrx_word' id='word_1_246' title='bbox 1367 1845 1636 1925; x_wconf 78' lang='grc' dir='ltr'>φαντασίᾳ</span> <span class='ocrx_word' id='word_1_247' title='bbox 1660 1851 1692 1924; x_wconf 79' lang='grc' dir='ltr'>ἢ</span> <span class='ocrx_word' id='word_1_248' title='bbox 1724 1852 1964 1924; x_wconf 83' lang='grc' dir='ltr'><strong>δοκήσει,</strong></span> 
     </span>
    </p>
   </div>
   <div class='ocr_carea' id='block_1_35' title="bbox 387 1942 1969 2017">
    <p class='ocr_par' dir='ltr' id='par_1_35' title="bbox 387 1942 1969 2017">
     <span class='ocr_line' id='line_1_35' title="bbox 387 1942 1969 2017; baseline 0.002 -23"><span class='ocrx_word' id='word_1_249' title='bbox 387 1942 483 1995; x_wconf 87' lang='grc' dir='ltr'><strong>καὶ</strong></span> <span class='ocrx_word' id='word_1_250' title='bbox 514 1943 657 1996; x_wconf 83' lang='grc' dir='ltr'>κατὰ</span> <span class='ocrx_word' id='word_1_251' title='bbox 683 1944 843 2015; x_wconf 82' lang='grc' dir='ltr'>κενῆς</span> <span class='ocrx_word' id='word_1_252' title='bbox 872 1947 1048 1998; x_wconf 86' lang='grc' dir='ltr'>κεῖται</span> <span class='ocrx_word' id='word_1_253' title='bbox 1093 1946 1170 2007; x_wconf 79' lang='grc' dir='ltr'>ὡς</span> <span class='ocrx_word' id='word_1_254' title='bbox 1203 1947 1340 2017; x_wconf 80' lang='grc' dir='ltr'>πρὸς</span> <span class='ocrx_word' id='word_1_255' title='bbox 1371 1945 1626 2000; x_wconf 83' lang='grc' dir='ltr'>ὑπόνοιαν</span> <span class='ocrx_word' id='word_1_256' title='bbox 1670 1944 1830 2016; x_wconf 89' lang='grc' dir='ltr'>μόνον</span> <span class='ocrx_word' id='word_1_257' title='bbox 1855 1945 1969 2009; x_wconf 86' lang='grc' dir='ltr'>τοῖς</span> 
     </span>
    </p>
   </div>
   <div class='ocr_carea' id='block_1_36' title="bbox 388 2036 1968 2110">
    <p class='ocr_par' dir='ltr' id='par_1_36' title="bbox 388 2036 1968 2110">
     <span class='ocr_line' id='line_1_36' title="bbox 388 2036 1968 2110; baseline 0.003 -22"><span class='ocrx_word' id='word_1_258' title='bbox 388 2036 687 2106; x_wconf 79' lang='grc' dir='ltr'><strong>ἀκροαταῖς</strong></span> <span class='ocrx_word' id='word_1_259' title='bbox 717 2037 785 2089; x_wconf 86' lang='grc' dir='ltr'>τὰ</span> <span class='ocrx_word' id='word_1_260' title='bbox 826 2036 1119 2108; x_wconf 81' lang='grc' dir='ltr'>λεγόμενα,</span> <span class='ocrx_word' id='word_1_261' title='bbox 1168 2039 1256 2102; x_wconf 88' lang='grc' dir='ltr'><strong>τίς</strong></span> <span class='ocrx_word' id='word_1_262' title='bbox 1310 2040 1459 2093; x_wconf 81' lang='grc' dir='ltr'>ἐστιν</span> <span class='ocrx_word' id='word_1_263' title='bbox 1483 2041 1512 2093; x_wconf 87' lang='grc' dir='ltr'><strong>ὁ</strong></span> <span class='ocrx_word' id='word_1_264' title='bbox 1555 2038 1668 2103; x_wconf 80' lang='grc' dir='ltr'>υἱὸς</span> <span class='ocrx_word' id='word_1_265' title='bbox 1696 2038 1754 2103; x_wconf 85' lang='lat'><em>6;</em></span> <span class='ocrx_word' id='word_1_266' title='bbox 1796 2038 1968 2110; x_wconf 72' lang='grc' dir='ltr'>ἔμαθε</span> 
     </span>
    </p>
   </div>
   <div class='ocr_carea' id='block_1_37' title="bbox 387 2120 1971 2199">
    <p class='ocr_par' dir='ltr' id='par_1_37' title="bbox 387 2120 1971 2199">
     <span class='ocr_line' id='line_1_37' title="bbox 387 2120 1971 2199; baseline 0.001 -20"><span class='ocrx_word' id='word_1_267' title='bbox 387 2126 483 2180; x_wconf 91' lang='grc' dir='ltr'><strong>καὶ</strong></span> <span class='ocrx_word' id='word_1_268' title='bbox 522 2126 615 2196; x_wconf 82' lang='grc' dir='ltr'><strong>ἀφ’</strong></span> <span class='ocrx_word' id='word_1_269' title='bbox 648 2120 723 2181; x_wconf 86' lang='grc' dir='ltr'>ὧν</span> <span class='ocrx_word' id='word_1_270' title='bbox 778 2126 949 2181; x_wconf 75' lang='grc' dir='ltr'>ἔπαθε</span> <span class='ocrx_word' id='word_1_271' title='bbox 1001 2127 1102 2198; x_wconf 80' lang='grc' dir='ltr'>τὴν</span> <span class='ocrx_word' id='word_1_272' title='bbox 1159 2128 1443 2199; x_wconf 82' lang='grc' dir='ltr'>ὑπακοήν;</span> <span class='ocrx_word' id='word_1_273' title='bbox 1473 2145 1492 2180; x_wconf 74' lang='grc' dir='ltr'><strong>ι</strong></span> <span class='ocrx_word' id='word_1_274' title='bbox 1524 2128 1584 2181; x_wconf 85' lang='grc' dir='ltr'>Ὀ</span> <span class='ocrx_word' id='word_1_275' title='bbox 1633 2128 1728 2182; x_wconf 87' lang='grc' dir='ltr'><strong>καὶ</strong></span> <span class='ocrx_word' id='word_1_276' title='bbox 1754 2128 1971 2199; x_wconf 81' lang='grc' dir='ltr'>δεήσεις</span> 
     </span>
    </p>
   </div>
   <div class='ocr_carea' id='block_1_38' title="bbox 386 2219 1970 2291">
    <p class='ocr_par' dir='ltr' id='par_1_38' title="bbox 386 2219 1970 2291">
     <span class='ocr_line' id='line_1_38' title="bbox 386 2219 1970 2291; baseline 0.001 -19"><span class='ocrx_word' id='word_1_277' title='bbox 386 2219 482 2271; x_wconf 85' lang='grc' dir='ltr'><strong>καὶ</strong></span> <span class='ocrx_word' id='word_1_278' title='bbox 512 2219 794 2291; x_wconf 78' lang='grc' dir='ltr'>ἱκετηρίας</span> <span class='ocrx_word' id='word_1_279' title='bbox 824 2219 961 2291; x_wconf 81' lang='grc' dir='ltr'>μετὰ</span> <span class='ocrx_word' id='word_1_280' title='bbox 990 2222 1241 2291; x_wconf 83' lang='grc' dir='ltr'>κραυγῆς</span> <span class='ocrx_word' id='word_1_281' title='bbox 1265 2219 1360 2274; x_wconf 91' lang='grc' dir='ltr'><strong>καὶ</strong></span> <span class='ocrx_word' id='word_1_282' title='bbox 1391 2219 1642 2289; x_wconf 84' lang='grc' dir='ltr'>δακρύων</span> <span class='ocrx_word' id='word_1_283' title='bbox 1673 2220 1970 2291; x_wconf 83' lang='grc' dir='ltr'>προσενέγ-</span> 
     </span>
    </p>
   </div>
   <div class='ocr_carea' id='block_1_39' title="bbox 386 2311 1969 2384">
    <p class='ocr_par' dir='ltr' id='par_1_39' title="bbox 386 2311 1969 2384">
     <span class='ocr_line' id='line_1_39' title="bbox 386 2311 1969 2384; baseline 0.003 -20"><span class='ocrx_word' id='word_1_284' title='bbox 386 2326 512 2377; x_wconf 88' lang='grc' dir='ltr'>κας,</span> <span class='ocrx_word' id='word_1_285' title='bbox 565 2314 659 2366; x_wconf 91' lang='grc' dir='ltr'><strong>καὶ</strong></span> <span class='ocrx_word' id='word_1_286' title='bbox 710 2311 1087 2378; x_wconf 77' lang='grc' dir='ltr'>εἰσακουσθεὶς</span> <span class='ocrx_word' id='word_1_287' title='bbox 1142 2313 1252 2368; x_wconf 77' lang='grc' dir='ltr'><strong>άπὸ</strong></span> <span class='ocrx_word' id='word_1_288' title='bbox 1302 2314 1404 2384; x_wconf 83' lang='grc' dir='ltr'><strong>τῆς</strong></span> <span class='ocrx_word' id='word_1_289' title='bbox 1455 2313 1765 2380; x_wconf 80' lang='grc' dir='ltr'>εὐλαϐείας,</span> <span class='ocrx_word' id='word_1_290' title='bbox 1813 2332 1834 2368; x_wconf 75' lang='grc' dir='ltr'><strong>ι</strong></span> <span class='ocrx_word' id='word_1_291' title='bbox 1873 2316 1969 2369; x_wconf 89' lang='grc' dir='ltr'><strong>καὶ</strong></span> 
     </span>
    </p>
   </div>
   <div class='ocr_carea' id='block_1_40' title="bbox 386 2402 1968 2478">
    <p class='ocr_par' dir='ltr' id='par_1_40' title="bbox 386 2402 1968 2478">
     <span class='ocr_line' id='line_1_40' title="bbox 386 2402 1968 2478; baseline 0.003 -22"><span class='ocrx_word' id='word_1_292' title='bbox 386 2402 721 2469; x_wconf 78' lang='grc' dir='ltr'>τελειωθεὶς,</span> <span class='ocrx_word' id='word_1_293' title='bbox 776 2406 871 2459; x_wconf 90' lang='grc' dir='ltr'><strong>καὶ</strong></span> <span class='ocrx_word' id='word_1_294' title='bbox 930 2404 1287 2478; x_wconf 83' lang='grc' dir='ltr'>σταυρωθεὶς,</span> <span class='ocrx_word' id='word_1_295' title='bbox 1334 2405 1431 2460; x_wconf 89' lang='grc' dir='ltr'><strong>καὶ</strong></span> <span class='ocrx_word' id='word_1_296' title='bbox 1489 2406 1684 2475; x_wconf 83' lang='grc' dir='ltr'>ταφείς</span> <span class='ocrx_word' id='word_1_297' title='bbox 1707 2422 1721 2437; x_wconf 90' lang='grc'>·</span> <span class='ocrx_word' id='word_1_298' title='bbox 1756 2406 1853 2460; x_wconf 88' lang='grc' dir='ltr'><strong>καὶ</strong></span> <span class='ocrx_word' id='word_1_299' title='bbox 1907 2406 1968 2460; x_wconf 80' lang='grc' dir='ltr'>ὃν</span> 
     </span>
    </p>
   </div>
   <div class='ocr_carea' id='block_1_41' title="bbox 386 2494 1970 2569">
    <p class='ocr_par' dir='ltr' id='par_1_41' title="bbox 386 2494 1970 2569">
     <span class='ocr_line' id='line_1_41' title="bbox 386 2494 1970 2569; baseline 0.003 -21"><span class='ocrx_word' id='word_1_300' title='bbox 386 2494 610 2565; x_wconf 76' lang='grc' dir='ltr'>ἧγειρεν</span> <span class='ocrx_word' id='word_1_301' title='bbox 631 2497 659 2549; x_wconf 89' lang='lat'><strong>6</strong></span> <span class='ocrx_word' id='word_1_302' title='bbox 684 2495 817 2559; x_wconf 80' lang='grc' dir='ltr'>Θεὸς</span> <span class='ocrx_word' id='word_1_303' title='bbox 854 2497 921 2550; x_wconf 81' lang='grc' dir='ltr'>ὲκ</span> <span class='ocrx_word' id='word_1_304' title='bbox 947 2496 1182 2569; x_wconf 85' lang='grc' dir='ltr'>νεκρῶν,</span> <span class='ocrx_word' id='word_1_305' title='bbox 1216 2496 1310 2551; x_wconf 90' lang='grc' dir='ltr'><strong>καὶ</strong></span> <span class='ocrx_word' id='word_1_306' title='bbox 1338 2498 1368 2550; x_wconf 94' lang='lat'><strong>6</strong></span> <span class='ocrx_word' id='word_1_307' title='bbox 1396 2496 1634 2567; x_wconf 77' lang='grc' dir='ltr'>ὑψωθεὶς</span> <span class='ocrx_word' id='word_1_308' title='bbox 1678 2498 1773 2551; x_wconf 90' lang='grc' dir='ltr'><strong>καὶ</strong></span> <span class='ocrx_word' id='word_1_309' title='bbox 1812 2497 1970 2563; x_wconf 82' lang='grc' dir='ltr'>δοξα-</span> 
     </span>
    </p>
   </div>
   <div class='ocr_carea' id='block_1_42' title="bbox 388 2586 1967 2663">
    <p class='ocr_par' dir='ltr' id='par_1_42' title="bbox 388 2586 1967 2663">
     <span class='ocr_line' id='line_1_42' title="bbox 388 2586 1967 2663; baseline 0.003 -24"><span class='ocrx_word' id='word_1_310' title='bbox 388 2586 558 2653; x_wconf 87' lang='grc' dir='ltr'>σθεὶς,</span> <span class='ocrx_word' id='word_1_311' title='bbox 588 2589 681 2642; x_wconf 86' lang='grc' dir='ltr'><strong>καὶ</strong></span> <span class='ocrx_word' id='word_1_312' title='bbox 713 2589 782 2644; x_wconf 84' lang='grc' dir='ltr'><strong>τά</strong></span> <span class='ocrx_word' id='word_1_313' title='bbox 835 2589 1000 2644; x_wconf 86' lang='grc' dir='ltr'>λοιπά</span> <span class='ocrx_word' id='word_1_314' title='bbox 1020 2606 1036 2623; x_wconf 87' lang='grc'><strong>·</strong></span> <span class='ocrx_word' id='word_1_315' title='bbox 1070 2588 1195 2644; x_wconf 77' lang='grc' dir='ltr'>οὔτε</span> <span class='ocrx_word' id='word_1_316' title='bbox 1237 2590 1347 2663; x_wconf 83' lang='grc' dir='ltr'><strong>γὰρ</strong></span> <span class='ocrx_word' id='word_1_317' title='bbox 1382 2590 1489 2645; x_wconf 84' lang='grc' dir='ltr'>ίδια</span> <span class='ocrx_word' id='word_1_318' title='bbox 1517 2590 1613 2644; x_wconf 91' lang='grc' dir='ltr'><strong>τοῦ</strong></span> <span class='ocrx_word' id='word_1_319' title='bbox 1644 2590 1817 2660; x_wconf 81' lang='grc' dir='ltr'><strong>Λόγου</strong></span> <span class='ocrx_word' id='word_1_320' title='bbox 1840 2590 1967 2645; x_wconf 85' lang='grc' dir='ltr'>τάδε</span> 
     </span>
    </p>
   </div>
   <div class='ocr_carea' id='block_1_43' title="bbox 386 2679 1967 2753">
    <p class='ocr_par' dir='ltr' id='par_1_43' title="bbox 386 2679 1967 2753">
     <span class='ocr_line' id='line_1_43' title="bbox 386 2679 1967 2753; baseline 0.004 -22"><span class='ocrx_word' id='word_1_321' title='bbox 386 2695 472 2742; x_wconf 88' lang='grc' dir='ltr'><strong>τις</strong></span> <span class='ocrx_word' id='word_1_322' title='bbox 516 2679 779 2750; x_wconf 83' lang='grc' dir='ltr'>τολμήσει</span> <span class='ocrx_word' id='word_1_323' title='bbox 837 2681 913 2752; x_wconf 77' lang='grc' dir='ltr'>μὴ</span> <span class='ocrx_word' id='word_1_324' title='bbox 965 2681 1236 2752; x_wconf 82' lang='grc' dir='ltr'>δαιμονῶν</span> <span class='ocrx_word' id='word_1_325' title='bbox 1269 2683 1668 2753; x_wconf 81' lang='grc' dir='ltr'>καταφάσκειν,</span> <span class='ocrx_word' id='word_1_326' title='bbox 1698 2682 1823 2737; x_wconf 75' lang='grc' dir='ltr'>οὔτε</span> <span class='ocrx_word' id='word_1_327' title='bbox 1869 2684 1967 2738; x_wconf 76' lang='grc' dir='ltr'><strong>σὺν</strong></span> 
     </span>
    </p>
   </div>
   <div class='ocr_carea' id='block_1_44' title="bbox 388 2770 1968 2848">
    <p class='ocr_par' dir='ltr' id='par_1_44' title="bbox 388 2770 1968 2848">
     <span class='ocr_line' id='line_1_44' title="bbox 388 2770 1968 2848; baseline 0.003 -24"><span class='ocrx_word' id='word_1_328' title='bbox 388 2770 557 2842; x_wconf 78' lang='grc' dir='ltr'>ἑτέρῳ</span> <span class='ocrx_word' id='word_1_329' title='bbox 587 2770 760 2837; x_wconf 73' lang='grc' dir='ltr'>ὄντος.</span> <span class='ocrx_word' id='word_1_330' title='bbox 805 2772 946 2827; x_wconf 84' lang='grc' dir='ltr'>Ἀλλ’</span> <span class='ocrx_word' id='word_1_331' title='bbox 978 2773 1080 2845; x_wconf 83' lang='grc' dir='ltr'>’ήδη</span> <span class='ocrx_word' id='word_1_332' title='bbox 1123 2774 1386 2839; x_wconf 83' lang='grc' dir='ltr'>πολλάκις</span> <span class='ocrx_word' id='word_1_333' title='bbox 1435 2774 1566 2846; x_wconf 84' lang='grc' dir='ltr'>ὑμῖν</span> <span class='ocrx_word' id='word_1_334' title='bbox 1619 2773 1843 2848; x_wconf 69' lang='grc' dir='ltr'>ἐρρέθη,</span> <span class='ocrx_word' id='word_1_335' title='bbox 1891 2774 1968 2838; x_wconf 83' lang='grc' dir='ltr'><strong>ῶς</strong></span> 
     </span>
    </p>
   </div>
   <div class='ocr_carea' id='block_1_45' title="bbox 388 2863 1967 2938">
    <p class='ocr_par' dir='ltr' id='par_1_45' title="bbox 388 2863 1967 2938">
     <span class='ocr_line' id='line_1_45' title="bbox 388 2863 1967 2938; baseline 0.003 -22"><span class='ocrx_word' id='word_1_336' title='bbox 388 2863 498 2917; x_wconf 72' lang='grc' dir='ltr'>ἀπὸ</span> <span class='ocrx_word' id='word_1_337' title='bbox 528 2865 730 2935; x_wconf 78' lang='grc' dir='ltr'>μέρους</span> <span class='ocrx_word' id='word_1_338' title='bbox 763 2864 825 2918; x_wconf 78' lang='grc' dir='ltr'>τὸ</span> <span class='ocrx_word' id='word_1_339' title='bbox 851 2866 973 2920; x_wconf 82' lang='grc' dir='ltr'>ὅλον</span> <span class='ocrx_word' id='word_1_340' title='bbox 1002 2864 1265 2932; x_wconf 73' lang='grc' dir='ltr'>πολλάκις</span> <span class='ocrx_word' id='word_1_341' title='bbox 1286 2869 1697 2938; x_wconf 78' lang='grc' dir='ltr'>κατηγορεῖται,</span> <span class='ocrx_word' id='word_1_342' title='bbox 1724 2867 1877 2938; x_wconf 88' lang='grc' dir='ltr'>νόμῳ</span> <span class='ocrx_word' id='word_1_343' title='bbox 1906 2883 1967 2920; x_wconf 89' lang='grc' dir='ltr'><strong>τε</strong></span> 
     </span>
    </p>
   </div>
   <div class='ocr_carea' id='block_1_46' title="bbox 387 2954 1969 3031">
    <p class='ocr_par' dir='ltr' id='par_1_46' title="bbox 387 2954 1969 3031">
     <span class='ocr_line' id='line_1_46' title="bbox 387 2954 1969 3031; baseline 0.003 -24"><span class='ocrx_word' id='word_1_344' title='bbox 387 2954 713 3028; x_wconf 76' lang='grc' dir='ltr'>διαλεκτικῷ</span> <span class='ocrx_word' id='word_1_345' title='bbox 726 2958 910 3029; x_wconf 86' lang='grc' dir='ltr'>κοινῷ,</span> <span class='ocrx_word' id='word_1_346' title='bbox 930 2958 1023 3013; x_wconf 91' lang='grc' dir='ltr'><strong>καὶ</strong></span> <span class='ocrx_word' id='word_1_347' title='bbox 1036 2959 1158 3031; x_wconf 79' lang='grc' dir='ltr'>ὶδίῳ</span> <span class='ocrx_word' id='word_1_348' title='bbox 1173 2959 1285 3013; x_wconf 74' lang='grc' dir='ltr'>ἔθει</span> <span class='ocrx_word' id='word_1_349' title='bbox 1296 2959 1395 3031; x_wconf 83' lang='grc' dir='ltr'>τῆς</span> <span class='ocrx_word' id='word_1_350' title='bbox 1409 2959 1570 3027; x_wconf 83' lang='grc' dir='ltr'>ἁγίας</span> <span class='ocrx_word' id='word_1_351' title='bbox 1585 2959 1832 3030; x_wconf 82' lang='grc' dir='ltr'>Γραφῆς.</span> <span class='ocrx_word' id='word_1_352' title='bbox 1854 2958 1969 3013; x_wconf 82' lang='grc' dir='ltr'>Οὐκ</span> 
     </span>
    </p>
   </div>
   <div class='ocr_carea' id='block_1_47' title="bbox 387 3046 1972 3124">
    <p class='ocr_par' dir='ltr' id='par_1_47' title="bbox 387 3046 1972 3124">
     <span class='ocr_line' id='line_1_47' title="bbox 387 3046 1972 3124; baseline 0.003 -23"><span class='ocrx_word' id='word_1_353' title='bbox 387 3046 496 3119; x_wconf 77' lang='grc' dir='ltr'>ἄρα</span> <span class='ocrx_word' id='word_1_354' title='bbox 511 3048 603 3102; x_wconf 84' lang='grc' dir='ltr'><strong>οῦν</strong></span> <span class='ocrx_word' id='word_1_355' title='bbox 619 3048 840 3120; x_wconf 82' lang='grc' dir='ltr'>δοκήσει</span> <span class='ocrx_word' id='word_1_356' title='bbox 862 3050 896 3120; x_wconf 83' lang='grc' dir='ltr'>ἢ</span> <span class='ocrx_word' id='word_1_357' title='bbox 919 3051 1202 3124; x_wconf 83' lang='grc' dir='ltr'>παραϐολῇ</span> <span class='ocrx_word' id='word_1_358' title='bbox 1221 3052 1256 3122; x_wconf 75' lang='grc' dir='ltr'><strong>ἡ</strong></span> <span class='ocrx_word' id='word_1_359' title='bbox 1277 3068 1384 3105; x_wconf 87' lang='grc' dir='ltr'>τινι</span> <span class='ocrx_word' id='word_1_360' title='bbox 1404 3049 1596 3122; x_wconf 81' lang='grc' dir='ltr'>τοιῷδε</span> <span class='ocrx_word' id='word_1_361' title='bbox 1615 3052 1819 3122; x_wconf 83' lang='grc' dir='ltr'>τρόπῳ,</span> <span class='ocrx_word' id='word_1_362' title='bbox 1840 3050 1972 3105; x_wconf 87' lang='grc' dir='ltr'>ταῦ-</span> 
     </span>
    </p>
   </div>
   <div class='ocr_carea' id='block_1_48' title="bbox 385 3141 1971 3214">
    <p class='ocr_par' dir='ltr' id='par_1_48' title="bbox 385 3141 1971 3214">
     <span class='ocr_line' id='line_1_48' title="bbox 385 3141 1971 3214; baseline 0.003 -22"><span class='ocrx_word' id='word_1_363' title='bbox 385 3141 457 3195; x_wconf 83' lang='grc' dir='ltr'><strong>τά</strong></span> <span class='ocrx_word' id='word_1_364' title='bbox 477 3144 611 3195; x_wconf 74' lang='grc' dir='ltr'>ἑστι·</span> <span class='ocrx_word' id='word_1_365' title='bbox 640 3143 738 3195; x_wconf 85' lang='grc' dir='ltr'><strong>σὺν</strong></span> <span class='ocrx_word' id='word_1_366' title='bbox 757 3141 989 3213; x_wconf 75' lang='grc' dir='ltr'>ἀληθείᾳ</span> <span class='ocrx_word' id='word_1_367' title='bbox 1005 3143 1082 3209; x_wconf 82' lang='grc' dir='ltr'>δὲ,</span> <span class='ocrx_word' id='word_1_368' title='bbox 1111 3143 1250 3214; x_wconf 82' lang='grc' dir='ltr'>μετὰ</span> <span class='ocrx_word' id='word_1_369' title='bbox 1278 3142 1389 3197; x_wconf 88' lang='grc' dir='ltr'><strong>τῶν</strong></span> <span class='ocrx_word' id='word_1_370' title='bbox 1434 3142 1619 3212; x_wconf 82' lang='grc' dir='ltr'>μέντοι</span> <span class='ocrx_word' id='word_1_371' title='bbox 1647 3142 1971 3213; x_wconf 85' lang='grc' dir='ltr'>πρεπόντων</span> 
     </span>
    </p>
   </div>
   <div class='ocr_carea' id='block_1_49' title="bbox 387 3231 1971 3304">
    <p class='ocr_par' dir='ltr' id='par_1_49' title="bbox 387 3231 1971 3304">
     <span class='ocr_line' id='line_1_49' title="bbox 387 3231 1971 3304; baseline 0.004 -21"><span class='ocrx_word' id='word_1_372' title='bbox 387 3231 748 3301; x_wconf 86' lang='grc' dir='ltr'>διανοητικῶν</span> <span class='ocrx_word' id='word_1_373' title='bbox 782 3233 1222 3304; x_wconf 85' lang='grc' dir='ltr'>προσδιορισμῶν</span> <span class='ocrx_word' id='word_1_374' title='bbox 1258 3233 1562 3304; x_wconf 70' lang='grc' dir='ltr'>ἔκληπτέον</span> <span class='ocrx_word' id='word_1_375' title='bbox 1587 3234 1758 3289; x_wconf 75' lang='grc' dir='ltr'>αὐτάο</span> <span class='ocrx_word' id='word_1_376' title='bbox 1784 3234 1971 3299; x_wconf 82' lang='grc' dir='ltr'>ἁπλῶς</span> 
     </span>
    </p>
   </div>
   <div class='ocr_carea' id='block_1_50' title="bbox 388 3322 1971 3397">
    <p class='ocr_par' dir='ltr' id='par_1_50' title="bbox 388 3322 1971 3397">
     <span class='ocr_line' id='line_1_50' title="bbox 388 3322 1971 3397; baseline 0.004 -22"><span class='ocrx_word' id='word_1_377' title='bbox 388 3322 445 3375; x_wconf 82' lang='grc' dir='ltr'>δὲ</span> <span class='ocrx_word' id='word_1_378' title='bbox 464 3323 560 3377; x_wconf 84' lang='grc' dir='ltr'><strong>καὶ</strong></span> <span class='ocrx_word' id='word_1_379' title='bbox 579 3323 757 3394; x_wconf 80' lang='grc' dir='ltr'>ὑμεῖς,</span> <span class='ocrx_word' id='word_1_380' title='bbox 770 3324 819 3376; x_wconf 85' lang='grc' dir='ltr'>εί</span> <span class='ocrx_word' id='word_1_381' title='bbox 835 3325 982 3396; x_wconf 61' lang='grc' dir='ltr'>μὴξὲν</span> <span class='ocrx_word' id='word_1_382' title='bbox 1003 3323 1141 3396; x_wconf 84' lang='grc' dir='ltr'>τῷδε</span> <span class='ocrx_word' id='word_1_383' title='bbox 1157 3325 1309 3397; x_wconf 82' lang='grc' dir='ltr'>αὐτῷ</span> <span class='ocrx_word' id='word_1_384' title='bbox 1323 3326 1403 3397; x_wconf 81' lang='grc' dir='ltr'>τῷ</span> <span class='ocrx_word' id='word_1_385' title='bbox 1417 3325 1606 3397; x_wconf 80' lang='grc' dir='ltr'>τοιῷδε</span> <span class='ocrx_word' id='word_1_386' title='bbox 1621 3343 1971 3397; x_wconf 78' lang='grc' dir='ltr'>καταφασκο-</span> 
     </span>
    </p>
   </div>
   <div class='ocr_carea' id='block_1_51' title="bbox 396 3412 1971 3488">
    <p class='ocr_par' dir='ltr' id='par_1_51' title="bbox 396 3412 1971 3488">
     <span class='ocr_line' id='line_1_51' title="bbox 396 3412 1971 3488; baseline 0.005 -23"><span class='ocrx_word' id='word_1_387' title='bbox 396 3412 546 3483; x_wconf 78' lang='grc' dir='ltr'>μένῳ</span> <span class='ocrx_word' id='word_1_388' title='bbox 577 3413 657 3485; x_wconf 84' lang='grc' dir='ltr'>τῷ</span> <span class='ocrx_word' id='word_1_389' title='bbox 686 3414 930 3486; x_wconf 82' lang='grc' dir='ltr'>Χριστῷ,</span> <span class='ocrx_word' id='word_1_390' title='bbox 963 3416 1059 3470; x_wconf 89' lang='grc' dir='ltr'><strong>καὶ</strong></span> <span class='ocrx_word' id='word_1_391' title='bbox 1083 3418 1113 3470; x_wconf 92' lang='lat'><strong>6</strong></span> <span class='ocrx_word' id='word_1_392' title='bbox 1142 3414 1305 3487; x_wconf 85' lang='grc' dir='ltr'>φύσει</span> <span class='ocrx_word' id='word_1_393' title='bbox 1345 3417 1472 3482; x_wconf 77' lang='grc' dir='ltr'>Υίδς</span> <span class='ocrx_word' id='word_1_394' title='bbox 1514 3417 1775 3473; x_wconf 83' lang='grc' dir='ltr'>τοῦΘεοῦ</span> <span class='ocrx_word' id='word_1_395' title='bbox 1798 3419 1971 3488; x_wconf 73' lang='grc' dir='ltr'>Λόγος</span> 
     </span>
    </p>
   </div>
   <div class='ocr_carea' id='block_1_52' title="bbox 376 3504 1970 3579">
    <p class='ocr_par' dir='ltr' id='par_1_52' title="bbox 376 3504 1970 3579">
     <span class='ocr_line' id='line_1_52' title="bbox 376 3504 1970 3579; baseline 0.005 -23"><span class='ocrx_word' id='word_1_396' title='bbox 376 3506 598 3572; x_wconf 41' lang='grc' dir='ltr'>,νοεῖται</span> <span class='ocrx_word' id='word_1_397' title='bbox 628 3504 758 3575; x_wconf 88' lang='grc' dir='ltr'>ὑμῖν</span> <span class='ocrx_word' id='word_1_398' title='bbox 787 3505 1122 3577; x_wconf 69' lang='grc' dir='ltr'>ἐνυπάρχειν</span> <span class='ocrx_word' id='word_1_399' title='bbox 1172 3506 1398 3573; x_wconf 80' lang='grc' dir='ltr'>ἀπαθῶς</span> <span class='ocrx_word' id='word_1_400' title='bbox 1448 3507 1569 3579; x_wconf 77' lang='grc' dir='ltr'>μὲν,</span> <span class='ocrx_word' id='word_1_401' title='bbox 1595 3507 1689 3562; x_wconf 75' lang='grc' dir='ltr'><strong>καὶ</strong></span> <span class='ocrx_word' id='word_1_402' title='bbox 1718 3509 1883 3573; x_wconf 81' lang='grc' dir='ltr'>αὑτὸς</span> <span class='ocrx_word' id='word_1_403' title='bbox 1912 3509 1970 3564; x_wconf 75' lang='grc' dir='ltr'>δὲ</span> 
     </span>
    </p>
   </div>
   <div class='ocr_carea' id='block_1_53' title="bbox 386 3595 1969 3669">
    <p class='ocr_par' dir='ltr' id='par_1_53' title="bbox 386 3595 1969 3669">
     <span class='ocr_line' id='line_1_53' title="bbox 386 3595 1969 3669; baseline 0.004 -20"><span class='ocrx_word' id='word_1_404' title='bbox 386 3596 562 3650; x_wconf 88' lang='grc' dir='ltr'>τοῖσδε</span> <span class='ocrx_word' id='word_1_405' title='bbox 590 3595 688 3667; x_wconf 79' lang='grc' dir='ltr'><strong>τὴν</strong></span> <span class='ocrx_word' id='word_1_406' title='bbox 717 3596 881 3667; x_wconf 85' lang='grc' dir='ltr'>φύσιν</span> <span class='ocrx_word' id='word_1_407' title='bbox 905 3598 1353 3669; x_wconf 73' lang='grc' dir='ltr'>ὑποϐεϐλημένος</span> <span class='ocrx_word' id='word_1_408' title='bbox 1374 3598 1463 3653; x_wconf 82' lang='grc' dir='ltr'>δίὰ</span> <span class='ocrx_word' id='word_1_409' title='bbox 1487 3599 1655 3669; x_wconf 82' lang='grc' dir='ltr'>μέσου</span> <span class='ocrx_word' id='word_1_410' title='bbox 1680 3599 1774 3654; x_wconf 90' lang='grc' dir='ltr'><strong>τοῦ</strong></span> <span class='ocrx_word' id='word_1_411' title='bbox 1794 3600 1969 3669; x_wconf 85' lang='grc' dir='ltr'>Λόγου</span> 
     </span>
    </p>
   </div>
   <div class='ocr_carea' id='block_1_54' title="bbox 388 3688 1971 3765">
    <p class='ocr_par' dir='ltr' id='par_1_54' title="bbox 388 3688 1971 3765">
     <span class='ocr_line' id='line_1_54' title="bbox 388 3688 1971 3765; baseline 0.003 -23"><span class='ocrx_word' id='word_1_412' title='bbox 388 3690 489 3758; x_wconf 86' lang='grc' dir='ltr'>τῆς</span> <span class='ocrx_word' id='word_1_413' title='bbox 541 3690 896 3753; x_wconf 84' lang='grc' dir='ltr'>ὑποστάσεως</span> <span class='ocrx_word' id='word_1_414' title='bbox 953 3688 1156 3744; x_wconf 77' lang='grc' dir='ltr'>αὐτοῦ’</span> <span class='ocrx_word' id='word_1_415' title='bbox 1191 3690 1293 3743; x_wconf 87' lang='grc' dir='ltr'>ποῦ</span> <span class='ocrx_word' id='word_1_416' title='bbox 1329 3688 1603 3761; x_wconf 78' lang='grc' dir='ltr'>ζητοῦμεν</span> <span class='ocrx_word' id='word_1_417' title='bbox 1641 3692 1734 3745; x_wconf 83' lang='grc' dir='ltr'><strong>τὸν</strong></span> <span class='ocrx_word' id='word_1_418' title='bbox 1781 3691 1971 3765; x_wconf 70' lang='grc' dir='ltr'>ἕτερον</span> 
     </span>
    </p>
   </div>
   <div class='ocr_carea' id='block_1_55' title="bbox 388 3778 1969 3855">
    <p class='ocr_par' dir='ltr' id='par_1_55' title="bbox 388 3778 1969 3855">
     <span class='ocr_line' id='line_1_55' title="bbox 388 3778 1969 3855; baseline 0.003 -22"><span class='ocrx_word' id='word_1_419' title='bbox 388 3779 516 3834; x_wconf 84' lang='grc' dir='ltr'>Υίδν</span> <span class='ocrx_word' id='word_1_420' title='bbox 537 3780 633 3835; x_wconf 89' lang='grc' dir='ltr'><strong>τοῦ</strong></span> <span class='ocrx_word' id='word_1_421' title='bbox 660 3780 820 3846; x_wconf 83' lang='grc' dir='ltr'>Θεοῦ,</span> <span class='ocrx_word' id='word_1_422' title='bbox 844 3782 973 3853; x_wconf 89' lang='grc' dir='ltr'>περὶ</span> <span class='ocrx_word' id='word_1_423' title='bbox 997 3778 1058 3836; x_wconf 73' lang='grc' dir='ltr'>οὗ</span> <span class='ocrx_word' id='word_1_424' title='bbox 1088 3781 1300 3853; x_wconf 74' lang='grc' dir='ltr'>εἴρηται</span> <span class='ocrx_word' id='word_1_425' title='bbox 1331 3783 1414 3837; x_wconf 78' lang='grc' dir='ltr'>ὅτι</span> <span class='ocrx_word' id='word_1_426' title='bbox 1438 3800 1457 3834; x_wconf 74' lang='grc' dir='ltr'><strong>ι</strong></span> <span class='ocrx_word' id='word_1_427' title='bbox 1494 3782 1585 3836; x_wconf 87' lang='grc' dir='ltr'>Ἐν</span> <span class='ocrx_word' id='word_1_428' title='bbox 1617 3780 1800 3855; x_wconf 74' lang='grc' dir='ltr'>μορφῇ</span> <span class='ocrx_word' id='word_1_429' title='bbox 1832 3782 1969 3837; x_wconf 81' lang='grc' dir='ltr'>Θεοῦ</span> 
     </span>
    </p>
   </div>
   <div class='ocr_carea' id='block_1_56' title="bbox 389 3872 1969 3949">
    <p class='ocr_par' dir='ltr' id='par_1_56' title="bbox 389 3872 1969 3949">
     <span class='ocr_line' id='line_1_56' title="bbox 389 3872 1969 3949; baseline 0.003 -24"><span class='ocrx_word' id='word_1_430' title='bbox 389 3872 677 3944; x_wconf 79' lang='grc' dir='ltr'>ὑπάρχων,</span> <span class='ocrx_word' id='word_1_431' title='bbox 726 3875 920 3929; x_wconf 78' lang='grc' dir='ltr'>ἑαυτὸν</span> <span class='ocrx_word' id='word_1_432' title='bbox 967 3875 1224 3943; x_wconf 79' lang='grc' dir='ltr'>ὲκένωσε,</span> <span class='ocrx_word' id='word_1_433' title='bbox 1273 3877 1369 3931; x_wconf 85' lang='grc' dir='ltr'><strong>καὶ</strong></span> <span class='ocrx_word' id='word_1_434' title='bbox 1418 3876 1685 3949; x_wconf 76' lang='grc' dir='ltr'>αἰσχύνης</span> <span class='ocrx_word' id='word_1_435' title='bbox 1735 3877 1969 3933; x_wconf 84' lang='grc' dir='ltr'>θανάτου</span> 
     </span>
    </p>
   </div>
   <div class='ocr_carea' id='block_1_57' title="bbox 387 3970 1972 4043">
    <p class='ocr_par' dir='ltr' id='par_1_57' title="bbox 387 3970 1972 4043">
     <span class='ocr_line' id='line_1_57' title="bbox 387 3970 1972 4043; baseline 0.004 -20"><span class='ocrx_word' id='word_1_436' title='bbox 387 3970 621 4043; x_wconf 83' lang='grc' dir='ltr'>σταυροῦ</span> <span class='ocrx_word' id='word_1_437' title='bbox 654 3972 1061 4043; x_wconf 84' lang='grc' dir='ltr'>κατεφρόνησε;</span> <span class='ocrx_word' id='word_1_438' title='bbox 1089 3992 1109 4025; x_wconf 72' lang='grc' dir='ltr'><strong>ι</strong></span> <span class='ocrx_word' id='word_1_439' title='bbox 1146 3973 1244 4027; x_wconf 75' lang='grc' dir='ltr'><strong>καὶ¹</strong></span> <span class='ocrx_word' id='word_1_440' title='bbox 1292 3973 1396 4028; x_wconf 87' lang='grc' dir='ltr'>ποῦ</span> <span class='ocrx_word' id='word_1_441' title='bbox 1438 3977 1466 4028; x_wconf 90' lang='lat'><strong>6</strong></span> <span class='ocrx_word' id='word_1_442' title='bbox 1491 3973 1619 4037; x_wconf 82' lang='grc' dir='ltr'>Υἱὸς</span> <span class='ocrx_word' id='word_1_443' title='bbox 1641 3972 1736 4028; x_wconf 88' lang='grc' dir='ltr'><strong>τοῦ</strong></span> <span class='ocrx_word' id='word_1_444' title='bbox 1767 3974 1903 4029; x_wconf 83' lang='grc' dir='ltr'>Θεοῦ</span> <span class='ocrx_word' id='word_1_445' title='bbox 1942 3977 1972 4029; x_wconf 93' lang='lat'><strong>6</strong></span> 
     </span>
    </p>
   </div>
   <div class='ocr_carea' id='block_1_58' title="bbox 390 4064 1971 4138">
    <p class='ocr_par' dir='ltr' id='par_1_58' title="bbox 390 4064 1971 4138">
     <span class='ocr_line' id='line_1_58' title="bbox 390 4064 1971 4138; baseline 0.002 -20"><span class='ocrx_word' id='word_1_446' title='bbox 390 4064 707 4135; x_wconf 77' lang='grc' dir='ltr'>μονογενὴς,</span> <span class='ocrx_word' id='word_1_447' title='bbox 732 4066 893 4129; x_wconf 82' lang='grc' dir='ltr'>αὐτὸς</span> <span class='ocrx_word' id='word_1_448' title='bbox 921 4068 949 4120; x_wconf 86' lang='grc' dir='ltr'>ὀ</span> <span class='ocrx_word' id='word_1_449' title='bbox 981 4066 1121 4138; x_wconf 79' lang='grc' dir='ltr'>ὑπὲρ</span> <span class='ocrx_word' id='word_1_450' title='bbox 1144 4064 1303 4136; x_wconf 88' lang='grc' dir='ltr'>ήμῶν</span> <span class='ocrx_word' id='word_1_451' title='bbox 1326 4068 1566 4131; x_wconf 78' lang='grc' dir='ltr'>ἐκδοθεὶς</span> <span class='ocrx_word' id='word_1_452' title='bbox 1600 4067 1706 4121; x_wconf 83' lang='grc' dir='ltr'><strong>ὑπὸ</strong></span> <span class='ocrx_word' id='word_1_453' title='bbox 1730 4067 1826 4121; x_wconf 90' lang='grc' dir='ltr'>τοῦ</span> <span class='ocrx_word' id='word_1_454' title='bbox 1861 4065 1971 4121; x_wconf 82' lang='grc' dir='ltr'><strong>[Ια-</strong></span> 
     </span>
    </p>
   </div>
   <div class='ocr_carea' id='block_1_59' title="bbox 385 4156 1969 4231">
    <p class='ocr_par' dir='ltr' id='par_1_59' title="bbox 385 4156 1969 4231">
     <span class='ocr_line' id='line_1_59' title="bbox 385 4156 1969 4231; baseline 0.004 -23"><span class='ocrx_word' id='word_1_455' title='bbox 385 4156 603 4227; x_wconf 81' lang='grc' dir='ltr'>τρός;.ι</span> <span class='ocrx_word' id='word_1_456' title='bbox 635 4157 823 4222; x_wconf 73' lang='grc' dir='ltr'>Οὕτως</span> <span class='ocrx_word' id='word_1_457' title='bbox 870 4157 1002 4227; x_wconf 85' lang='grc' dir='ltr'>γὰρ,</span> <span class='ocrx_word' id='word_1_458' title='bbox 1044 4160 1232 4229; x_wconf 79' lang='grc' dir='ltr'>φησὶν,</span> <span class='ocrx_word' id='word_1_459' title='bbox 1266 4158 1557 4231; x_wconf 76' lang='grc' dir='ltr'>ἠγάπησεν</span> <span class='ocrx_word' id='word_1_460' title='bbox 1605 4160 1661 4212; x_wconf 87' lang='lat'><em>6.</em></span> <span class='ocrx_word' id='word_1_461' title='bbox 1689 4159 1822 4223; x_wconf 82' lang='grc' dir='ltr'>Θεὸς</span> <span class='ocrx_word' id='word_1_462' title='bbox 1879 4160 1969 4214; x_wconf 72' lang='grc' dir='ltr'>τὸν</span> 
     </span>
    </p>
   </div>
   <div class='ocr_carea' id='block_1_60' title="bbox 385 4249 1962 4324">
    <p class='ocr_par' dir='ltr' id='par_1_60' title="bbox 385 4249 1962 4324">
     <span class='ocr_line' id='line_1_60' title="bbox 385 4249 1962 4324; baseline 0.003 -22"><span class='ocrx_word' id='word_1_463' title='bbox 385 4250 613 4321; x_wconf 81' lang='grc' dir='ltr'>κόσμον,</span> <span class='ocrx_word' id='word_1_464' title='bbox 641 4249 784 4304; x_wconf 85' lang='grc' dir='ltr'>ὥστε</span> <span class='ocrx_word' id='word_1_465' title='bbox 811 4254 902 4304; x_wconf 81' lang='grc' dir='ltr'><strong>τὸν</strong></span> <span class='ocrx_word' id='word_1_466' title='bbox 931 4249 1061 4304; x_wconf 81' lang='grc' dir='ltr'>Υίδν</span> <span class='ocrx_word' id='word_1_467' title='bbox 1088 4250 1255 4304; x_wconf 81' lang='grc' dir='ltr'>αὑτοῦ</span> <span class='ocrx_word' id='word_1_468' title='bbox 1278 4250 1370 4306; x_wconf 78' lang='grc' dir='ltr'><strong>τὸν</strong></span> <span class='ocrx_word' id='word_1_469' title='bbox 1392 4252 1691 4324; x_wconf 74' lang='grc' dir='ltr'>μονογενῆ,</span> <span class='ocrx_word' id='word_1_470' title='bbox 1720 4253 1912 4310; x_wconf 80' lang='grc' dir='ltr'>ἔδωκε.</span> <span class='ocrx_word' id='word_1_471' title='bbox 1943 4274 1962 4307; x_wconf 77' lang='grc' dir='ltr'><strong>ι</strong></span> 
     </span>
    </p>
   </div>
   <div class='ocr_carea' id='block_1_61' title="bbox 454 4519 1969 4596">
    <p class='ocr_par' dir='ltr' id='par_1_61' title="bbox 454 4519 1969 4596">
     <span class='ocr_line' id='line_1_61' title="bbox 454 4519 1969 4596; baseline 0.001 -20"><span class='ocrx_word' id='word_1_472' title='bbox 454 4519 551 4585; x_wconf 82' lang='grc' dir='ltr'>Τίς</span> <span class='ocrx_word' id='word_1_473' title='bbox 575 4538 634 4574; x_wconf 87' lang='grc' dir='ltr'><strong>τε</strong></span> <span class='ocrx_word' id='word_1_474' title='bbox 658 4523 687 4575; x_wconf 93' lang='lat'><strong>6</strong></span> <span class='ocrx_word' id='word_1_475' title='bbox 716 4522 989 4592; x_wconf 74' lang='grc' dir='ltr'>πεμφθεὶς</span> <span class='ocrx_word' id='word_1_476' title='bbox 1010 4521 1303 4594; x_wconf 81' lang='grc' dir='ltr'>μονογενὴς</span> <span class='ocrx_word' id='word_1_477' title='bbox 1339 4520 1465 4584; x_wconf 77' lang='grc' dir='ltr'>Υίὺς</span> <span class='ocrx_word' id='word_1_478' title='bbox 1492 4523 1587 4577; x_wconf 89' lang='grc' dir='ltr'><strong>τοῦ</strong></span> <span class='ocrx_word' id='word_1_479' title='bbox 1625 4522 1833 4596; x_wconf 80' lang='grc' dir='ltr'>Κυρίου</span> <span class='ocrx_word' id='word_1_480' title='bbox 1871 4523 1969 4578; x_wconf 90' lang='grc' dir='ltr'>τοῦ</span> 
     </span>
    </p>
   </div>
   <div class='ocr_carea' id='block_1_62' title="bbox 275 4610 1971 4687">
    <p class='ocr_par' dir='ltr' id='par_1_62' title="bbox 275 4610 1971 4687">
     <span class='ocr_line' id='line_1_62' title="bbox 275 4610 1971 4687; baseline 0.005 -24"><span class='ocrx_word' id='word_1_481' title='bbox 275 4621 297 4644; x_wconf 79' lang='grc'><strong><em>⁸</em></strong></span> <span class='ocrx_word' id='word_1_482' title='bbox 385 4610 710 4682; x_wconf 78' lang='grc' dir='ltr'>ἀμπελῶνος</span> <span class='ocrx_word' id='word_1_483' title='bbox 737 4614 875 4682; x_wconf 77' lang='grc' dir='ltr'>μετὰ</span> <span class='ocrx_word' id='word_1_484' title='bbox 930 4615 1058 4677; x_wconf 80' lang='grc' dir='ltr'>τοὺς</span> <span class='ocrx_word' id='word_1_485' title='bbox 1111 4613 1487 4687; x_wconf 86' lang='grc' dir='ltr'>προλαϐόντας</span> <span class='ocrx_word' id='word_1_486' title='bbox 1549 4614 1772 4679; x_wconf 81' lang='grc' dir='ltr'>δούλους</span> <span class='ocrx_word' id='word_1_487' title='bbox 1807 4615 1971 4681; x_wconf 76' lang='grc' dir='ltr'>ὄντας</span> 
     </span>
    </p>
   </div>
   <div class='ocr_carea' id='block_1_63' title="bbox 385 4692 1972 4777">
    <p class='ocr_par' dir='ltr' id='par_1_63' title="bbox 385 4692 1972 4777">
     <span class='ocr_line' id='line_1_63' title="bbox 385 4692 1972 4777; baseline 0.004 -21"><span class='ocrx_word' id='word_1_488' title='bbox 385 4702 595 4768; x_wconf 88' lang='grc' dir='ltr'>πάντας</span> <span class='ocrx_word' id='word_1_489' title='bbox 623 4703 760 4774; x_wconf 67' lang='grc' dir='ltr'>πρὸς</span> <span class='ocrx_word' id='word_1_490' title='bbox 792 4692 1168 4769; x_wconf 79' lang='grc' dir='ltr'>τοὺς’κακοὺς</span> <span class='ocrx_word' id='word_1_491' title='bbox 1222 4706 1524 4777; x_wconf 77' lang='grc' dir='ltr'>γεωργοὺς,</span> <span class='ocrx_word' id='word_1_492' title='bbox 1552 4705 1607 4759; x_wconf 81' lang='grc' dir='ltr'>εί</span> <span class='ocrx_word' id='word_1_493' title='bbox 1644 4724 1763 4771; x_wconf 88' lang='grc' dir='ltr'><strong>πως</strong></span> <span class='ocrx_word' id='word_1_494' title='bbox 1808 4708 1972 4762; x_wconf 83' lang='grc' dir='ltr'>αὑτὸν</span> 
     </span>
    </p>
   </div>
   <div class='ocr_carea' id='block_1_64' title="bbox 387 4789 1971 4871">
    <p class='ocr_par' dir='ltr' id='par_1_64' title="bbox 387 4789 1971 4871">
     <span class='ocr_line' id='line_1_64' title="bbox 387 4789 1971 4871; baseline 0.006 -26"><span class='ocrx_word' id='word_1_495' title='bbox 387 4793 824 4868; x_wconf 64' lang='grc' dir='ltr'>ἐντραπήσονται</span> <span class='ocrx_word' id='word_1_496' title='bbox 880 4813 896 4863; x_wconf 92' lang='lat'><strong>;</strong></span> <span class='ocrx_word' id='word_1_497' title='bbox 962 4797 1057 4851; x_wconf 86' lang='grc' dir='ltr'><strong>καὶ</strong></span> <span class='ocrx_word' id='word_1_498' title='bbox 1101 4797 1187 4862; x_wconf 89' lang='grc' dir='ltr'><strong>τίς</strong></span> <span class='ocrx_word' id='word_1_499' title='bbox 1242 4798 1360 4853; x_wconf 78' lang='grc' dir='ltr'>ἐστι</span> <span class='ocrx_word' id='word_1_500' title='bbox 1418 4789 1481 4850; x_wconf 80' lang='grc' dir='ltr'>οὗ</span> <span class='ocrx_word' id='word_1_501' title='bbox 1534 4796 1830 4853; x_wconf 70' lang='grc' dir='ltr'>ἐθεάσαντο</span> <span class='ocrx_word' id='word_1_502' title='bbox 1868 4799 1971 4871; x_wconf 79' lang='grc' dir='ltr'>τὴν</span> 
     </span>
    </p>
   </div>
   <div class='ocr_carea' id='block_1_65' title="bbox 384 4878 1967 4961">
    <p class='ocr_par' dir='ltr' id='par_1_65' title="bbox 384 4878 1967 4961">
     <span class='ocr_line' id='line_1_65' title="bbox 384 4878 1967 4961; baseline 0.002 -22"><span class='ocrx_word' id='word_1_503' title='bbox 384 4885 541 4952; x_wconf 79' lang='grc' dir='ltr'>δόξαν</span> <span class='ocrx_word' id='word_1_504' title='bbox 604 4886 679 4949; x_wconf 86' lang='grc' dir='ltr'><strong>ὡς</strong></span> <span class='ocrx_word' id='word_1_505' title='bbox 732 4886 1052 4957; x_wconf 75' lang='grc' dir='ltr'>μονογενοῦς</span> <span class='ocrx_word' id='word_1_506' title='bbox 1102 4886 1254 4961; x_wconf 78' lang='grc' dir='ltr'>παρὰ</span> <span class='ocrx_word' id='word_1_507' title='bbox 1310 4878 1523 4959; x_wconf 84' lang='grc' dir='ltr'>Πατρδς</span> <span class='ocrx_word' id='word_1_508' title='bbox 1572 4889 1622 4943; x_wconf 86' lang='grc' dir='ltr'>οί</span> <span class='ocrx_word' id='word_1_509' title='bbox 1674 4888 1915 4961; x_wconf 83' lang='grc' dir='ltr'>μαθηταί</span> <span class='ocrx_word' id='word_1_510' title='bbox 1951 4908 1967 4957; x_wconf 88' lang='grc'>;</span> 
     </span>
    </p>
   </div>
   <div class='ocr_carea' id='block_1_66' title="bbox 386 4974 1971 5052">
    <p class='ocr_par' dir='ltr' id='par_1_66' title="bbox 386 4974 1971 5052">
     <span class='ocr_line' id='line_1_66' title="bbox 386 4974 1971 5052; baseline 0.003 -22"><span class='ocrx_word' id='word_1_511' title='bbox 386 4974 467 5031; x_wconf 72' lang='grc' dir='ltr'>ἔτι</span> <span class='ocrx_word' id='word_1_512' title='bbox 526 4978 634 5049; x_wconf 80' lang='grc' dir='ltr'>μὴν</span> <span class='ocrx_word' id='word_1_513' title='bbox 677 4977 764 5040; x_wconf 87' lang='grc' dir='ltr'><strong>τίς</strong></span> <span class='ocrx_word' id='word_1_514' title='bbox 814 4978 843 5032; x_wconf 88' lang='lat'><strong>6</strong></span> <span class='ocrx_word' id='word_1_515' title='bbox 891 4977 1131 5048; x_wconf 80' lang='grc' dir='ltr'>όρισθείς</span> <span class='ocrx_word' id='word_1_516' title='bbox 1194 4980 1318 5043; x_wconf 75' lang='grc' dir='ltr'>Υἱὸς</span> <span class='ocrx_word' id='word_1_517' title='bbox 1350 4979 1487 5034; x_wconf 88' lang='grc' dir='ltr'>Θεοῦ</span> <span class='ocrx_word' id='word_1_518' title='bbox 1546 4979 1689 5034; x_wconf 74' lang='grc' dir='ltr'>κατὰ</span> <span class='ocrx_word' id='word_1_519' title='bbox 1752 4979 1971 5052; x_wconf 82' lang='grc' dir='ltr'>πνεῦμα</span> 
     </span>
    </p>
   </div>
   <div class='ocr_carea' id='block_1_67' title="bbox 385 5069 1971 5143">
    <p class='ocr_par' dir='ltr' id='par_1_67' title="bbox 385 5069 1971 5143">
     <span class='ocr_line' id='line_1_67' title="bbox 385 5069 1971 5143; baseline 0.001 -18"><span class='ocrx_word' id='word_1_520' title='bbox 385 5069 696 5141; x_wconf 80' lang='grc' dir='ltr'>ἁγιωσύνης</span> <span class='ocrx_word' id='word_1_521' title='bbox 727 5087 742 5137; x_wconf 90' lang='grc'>;</span> <span class='ocrx_word' id='word_1_522' title='bbox 770 5071 854 5136; x_wconf 89' lang='grc' dir='ltr'><strong>τίς</strong></span> <span class='ocrx_word' id='word_1_523' title='bbox 871 5087 927 5125; x_wconf 87' lang='grc' dir='ltr'><strong>τε</strong></span> <span class='ocrx_word' id='word_1_524' title='bbox 959 5072 989 5125; x_wconf 91' lang='lat'><strong>6</strong></span> <span class='ocrx_word' id='word_1_525' title='bbox 1015 5070 1371 5136; x_wconf 75' lang='grc' dir='ltr'>καταϐὰςκαὶ</span> <span class='ocrx_word' id='word_1_526' title='bbox 1393 5072 1690 5143; x_wconf 83' lang='grc' dir='ltr'>είσκριθεὶς</span> <span class='ocrx_word' id='word_1_527' title='bbox 1711 5073 1789 5136; x_wconf 78' lang='grc' dir='ltr'>ὡς</span> <span class='ocrx_word' id='word_1_528' title='bbox 1816 5073 1971 5137; x_wconf 81' lang='grc' dir='ltr'>ὑετὸς</span> 
     </span>
    </p>
   </div>
   <div class='ocr_carea' id='block_1_68' title="bbox 2072 1750 3647 1831">
    <p class='ocr_par' dir='ltr' id='par_1_68' title="bbox 2072 1750 3647 1831">
     <span class='ocr_line' id='line_1_68' title="bbox 2072 1750 3647 1831; baseline -0.01 -14"><span class='ocrx_word' id='word_1_529' title='bbox 2072 1770 2256 1817; x_wconf 90' lang='lat' dir='ltr'><strong>tarum</strong></span> <span class='ocrx_word' id='word_1_530' title='bbox 2289 1758 2703 1831; x_wconf 88' lang='lat' dir='ltr'><strong>inquisitionem</strong></span> <span class='ocrx_word' id='word_1_531' title='bbox 2750 1755 3024 1820; x_wconf 88' lang='lat' dir='ltr'><strong>vitarctis,</strong></span> <span class='ocrx_word' id='word_1_532' title='bbox 3055 1762 3115 1810; x_wconf 92' lang='lat' dir='ltr'><strong>et</strong></span> <span class='ocrx_word' id='word_1_533' title='bbox 3162 1753 3212 1809; x_wconf 88' lang='lat' dir='ltr'><strong>si</strong></span> <span class='ocrx_word' id='word_1_534' title='bbox 3257 1750 3484 1823; x_wconf 66' lang='lat' dir='ltr'><strong>praefata</strong></span> <span class='ocrx_word' id='word_1_535' title='bbox 3532 1763 3647 1803; x_wconf 91' lang='lat' dir='ltr'><strong>non</strong></span> 
     </span>
    </p>
   </div>
   <div class='ocr_carea' id='block_1_69' title="bbox 2071 1843 3648 1922">
    <p class='ocr_par' dir='ltr' id='par_1_69' title="bbox 2071 1843 3648 1922">
     <span class='ocr_line' id='line_1_69' title="bbox 2071 1843 3648 1922; baseline -0.008 -14"><span class='ocrx_word' id='word_1_536' title='bbox 2071 1853 2309 1909; x_wconf 86' lang='lat' dir='ltr'><strong>habeant</strong></span> <span class='ocrx_word' id='word_1_537' title='bbox 2339 1849 2703 1922; x_wconf 85' lang='lat' dir='ltr'><strong>principalem</strong></span> <span class='ocrx_word' id='word_1_538' title='bbox 2731 1848 3043 1920; x_wconf 90' lang='lat' dir='ltr'><strong>digressum</strong></span> <span class='ocrx_word' id='word_1_539' title='bbox 3079 1856 3178 1901; x_wconf 89' lang='lat' dir='ltr'><strong>aut</strong></span> <span class='ocrx_word' id='word_1_540' title='bbox 3229 1843 3516 1918; x_wconf 89' lang='lat' dir='ltr'><strong>parabola,</strong></span> <span class='ocrx_word' id='word_1_541' title='bbox 3549 1850 3648 1897; x_wconf 86' lang='lat' dir='ltr'><strong>aut</strong></span> 
     </span>
    </p>
   </div>
   <div class='ocr_carea' id='block_1_70' title="bbox 2068 1924 3645 2015">
    <p class='ocr_par' dir='ltr' id='par_1_70' title="bbox 2068 1924 3645 2015">
     <span class='ocr_line' id='line_1_70' title="bbox 2068 1924 3645 2015; baseline -0.008 -16"><span class='ocrx_word' id='word_1_542' title='bbox 2068 1943 2357 2015; x_wconf 77' lang='lat' dir='ltr'><strong>allegoria,</strong></span> <span class='ocrx_word' id='word_1_543' title='bbox 2385 1924 2907 2013; x_wconf 84' lang='lat' dir='ltr'><strong>autimaginatione,</strong></span> <span class='ocrx_word' id='word_1_544' title='bbox 2931 1947 3030 1994; x_wconf 90' lang='lat' dir='ltr'><strong>aut</strong></span> <span class='ocrx_word' id='word_1_545' title='bbox 3051 1937 3247 2010; x_wconf 89' lang='lat' dir='ltr'><strong>ﬁgura,</strong></span> <span class='ocrx_word' id='word_1_546' title='bbox 3272 1944 3330 1992; x_wconf 92' lang='lat' dir='ltr'><strong>et</strong></span> <span class='ocrx_word' id='word_1_547' title='bbox 3359 1936 3418 1990; x_wconf 91' lang='lat' dir='ltr'><strong>in</strong></span> <span class='ocrx_word' id='word_1_548' title='bbox 3441 1950 3645 1990; x_wconf 88' lang='lat' dir='ltr'><strong>vanum</strong></span> 
     </span>
    </p>
   </div>
   <div class='ocr_carea' id='block_1_71' title="bbox 2068 2023 3647 2106">
    <p class='ocr_par' dir='ltr' id='par_1_71' title="bbox 2068 2023 3647 2106">
     <span class='ocr_line' id='line_1_71' title="bbox 2068 2023 3647 2106; baseline -0.009 -14"><span class='ocrx_word' id='word_1_549' title='bbox 2068 2051 2183 2092; x_wconf 92' lang='lat' dir='ltr'><strong>non</strong></span> <span class='ocrx_word' id='word_1_550' title='bbox 2203 2036 2486 2106; x_wconf 83' lang='lat' dir='ltr'><strong>jactentur</strong></span> <span class='ocrx_word' id='word_1_551' title='bbox 2509 2041 2772 2103; x_wconf 89' lang='lat' dir='ltr'><strong>tanquam</strong></span> <span class='ocrx_word' id='word_1_552' title='bbox 2803 2031 2985 2086; x_wconf 90' lang='lat' dir='ltr'><strong>solum</strong></span> <span class='ocrx_word' id='word_1_553' title='bbox 3025 2028 3094 2085; x_wconf 91' lang='lat' dir='ltr'><strong>ad</strong></span> <span class='ocrx_word' id='word_1_554' title='bbox 3127 2025 3445 2082; x_wconf 89' lang='lat' dir='ltr'><strong>illudendos</strong></span> <span class='ocrx_word' id='word_1_555' title='bbox 3485 2023 3647 2080; x_wconf 91' lang='lat' dir='ltr'><strong>audi—</strong></span> 
     </span>
    </p>
   </div>
   <div class='ocr_carea' id='block_1_72' title="bbox 2068 2120 3649 2199">
    <p class='ocr_par' dir='ltr' id='par_1_72' title="bbox 2068 2120 3649 2199">
     <span class='ocr_line' id='line_1_72' title="bbox 2068 2120 3649 2199; baseline -0.01 -14"><span class='ocrx_word' id='word_1_556' title='bbox 2068 2139 2239 2195; x_wconf 86' lang='lat' dir='ltr'><strong>tores,</strong></span> <span class='ocrx_word' id='word_1_557' title='bbox 2266 2127 2394 2199; x_wconf 86' lang='lat' dir='ltr'><strong>quis</strong></span> <span class='ocrx_word' id='word_1_558' title='bbox 2415 2137 2502 2182; x_wconf 89' lang='lat' dir='ltr'><strong>est</strong></span> <span class='ocrx_word' id='word_1_559' title='bbox 2533 2125 2682 2181; x_wconf 89' lang='lat' dir='ltr'><strong>ﬁlius</strong></span> <span class='ocrx_word' id='word_1_560' title='bbox 2712 2122 2810 2195; x_wconf 91' lang='lat' dir='ltr'><strong>qui</strong></span> <span class='ocrx_word' id='word_1_561' title='bbox 2844 2121 3048 2179; x_wconf 88' lang='lat' dir='ltr'><strong>didicit</strong></span> <span class='ocrx_word' id='word_1_562' title='bbox 3074 2136 3143 2177; x_wconf 86' lang='lat' dir='ltr'><strong>ex</strong></span> <span class='ocrx_word' id='word_1_563' title='bbox 3194 2120 3265 2175; x_wconf 90' lang='lat' dir='ltr'><strong>iis</strong></span> <span class='ocrx_word' id='word_1_564' title='bbox 3298 2133 3421 2190; x_wconf 67' lang='lat' dir='ltr'><strong>quae</strong></span> <span class='ocrx_word' id='word_1_565' title='bbox 3448 2130 3649 2188; x_wconf 91' lang='lat' dir='ltr'><strong>passus</strong></span> 
     </span>
    </p>
   </div>
   <div class='ocr_carea' id='block_1_73' title="bbox 2067 2209 3649 2286">
    <p class='ocr_par' dir='ltr' id='par_1_73' title="bbox 2067 2209 3649 2286">
     <span class='ocr_line' id='line_1_73' title="bbox 2067 2209 3649 2286; baseline -0.011 -6"><span class='ocrx_word' id='word_1_566' title='bbox 2067 2229 2154 2280; x_wconf 77' lang='lat' dir='ltr'><strong>est</strong></span> <span class='ocrx_word' id='word_1_567' title='bbox 2173 2218 2588 2278; x_wconf 82' lang='lat' dir='ltr'><strong>obedientiam?</strong></span> <span class='ocrx_word' id='word_1_568' title='bbox 2619 2236 2638 2270; x_wconf 77' lang='grc' dir='ltr'><strong>ι</strong></span> <span class='ocrx_word' id='word_1_569' title='bbox 2659 2215 2764 2284; x_wconf 86' lang='lat' dir='ltr'><strong>Qui</strong></span> <span class='ocrx_word' id='word_1_570' title='bbox 2795 2224 2853 2271; x_wconf 92' lang='lat' dir='ltr'><strong>et</strong></span> <span class='ocrx_word' id='word_1_571' title='bbox 2888 2229 3085 2286; x_wconf 90' lang='lat' dir='ltr'><strong>preces</strong></span> <span class='ocrx_word' id='word_1_572' title='bbox 3130 2220 3187 2269; x_wconf 90' lang='lat' dir='ltr'><strong>et</strong></span> <span class='ocrx_word' id='word_1_573' title='bbox 3215 2209 3649 2283; x_wconf 87' lang='lat' dir='ltr'><strong>supplicationes</strong></span> 
     </span>
    </p>
   </div>
   <div class='ocr_carea' id='block_1_74' title="bbox 2068 2302 3650 2379">
    <p class='ocr_par' dir='ltr' id='par_1_74' title="bbox 2068 2302 3650 2379">
     <span class='ocr_line' id='line_1_74' title="bbox 2068 2302 3650 2379; baseline -0.01 -8"><span class='ocrx_word' id='word_1_574' title='bbox 2068 2330 2198 2372; x_wconf 88' lang='lat' dir='ltr'><strong>cum</strong></span> <span class='ocrx_word' id='word_1_575' title='bbox 2223 2313 2466 2370; x_wconf 90' lang='lat' dir='ltr'><strong>clamore</strong></span> <span class='ocrx_word' id='word_1_576' title='bbox 2500 2310 2685 2366; x_wconf 90' lang='lat' dir='ltr'><strong>valido</strong></span> <span class='ocrx_word' id='word_1_577' title='bbox 2719 2317 2776 2364; x_wconf 90' lang='lat' dir='ltr'><strong>et</strong></span> <span class='ocrx_word' id='word_1_578' title='bbox 2796 2307 3059 2379; x_wconf 86' lang='lat' dir='ltr'><strong>lacrymis</strong></span> <span class='ocrx_word' id='word_1_579' title='bbox 3086 2304 3311 2367; x_wconf 85' lang='lat' dir='ltr'><strong>obtulit,</strong></span> <span class='ocrx_word' id='word_1_580' title='bbox 3342 2302 3436 2374; x_wconf 90' lang='lat' dir='ltr'><strong>qui</strong></span> <span class='ocrx_word' id='word_1_581' title='bbox 3482 2316 3650 2357; x_wconf 81' lang='lat' dir='ltr'><strong>exau-</strong></span> 
     </span>
    </p>
   </div>
   <div class='ocr_carea' id='block_1_75' title="bbox 2068 2401 3649 2477">
    <p class='ocr_par' dir='ltr' id='par_1_75' title="bbox 2068 2401 3649 2477">
     <span class='ocr_line' id='line_1_75' title="bbox 2068 2401 3649 2477; baseline -0.011 -12"><span class='ocrx_word' id='word_1_582' title='bbox 2068 2409 2222 2466; x_wconf 90' lang='lat' dir='ltr'><strong>ditus</strong></span> <span class='ocrx_word' id='word_1_583' title='bbox 2259 2416 2346 2462; x_wconf 91' lang='lat' dir='ltr'><strong>est</strong></span> <span class='ocrx_word' id='word_1_584' title='bbox 2374 2420 2478 2477; x_wconf 85' lang='lat' dir='ltr'><strong>pro</strong></span> <span class='ocrx_word' id='word_1_585' title='bbox 2502 2419 2602 2461; x_wconf 90' lang='lat' dir='ltr'><strong>sua</strong></span> <span class='ocrx_word' id='word_1_586' title='bbox 2630 2402 2948 2460; x_wconf 88' lang='lat' dir='ltr'><strong>reverentia</strong></span> <span class='ocrx_word' id='word_1_587' title='bbox 2983 2401 3050 2466; x_wconf 81' lang='grc'>¹⁸,</span> <span class='ocrx_word' id='word_1_588' title='bbox 3083 2420 3101 2451; x_wconf 77' lang='grc' dir='ltr'><strong>ι</strong></span> <span class='ocrx_word' id='word_1_589' title='bbox 3131 2410 3188 2454; x_wconf 90' lang='lat' dir='ltr'><strong>et</strong></span> <span class='ocrx_word' id='word_1_590' title='bbox 3222 2404 3649 2455; x_wconf 89' lang='lat' dir='ltr'><strong>consummatus</strong></span> 
     </span>
    </p>
   </div>
   <div class='ocr_carea' id='block_1_76' title="bbox 2069 2489 3650 2567">
    <p class='ocr_par' dir='ltr' id='par_1_76' title="bbox 2069 2489 3650 2567">
     <span class='ocr_line' id='line_1_76' title="bbox 2069 2489 3650 2567; baseline -0.01 -10"><span class='ocrx_word' id='word_1_591' title='bbox 2069 2507 2128 2558; x_wconf 89' lang='lat' dir='ltr'><strong>et</strong></span> <span class='ocrx_word' id='word_1_592' title='bbox 2183 2498 2504 2562; x_wconf 79' lang='lat' dir='ltr'><strong>cruciﬁxus,</strong></span> <span class='ocrx_word' id='word_1_593' title='bbox 2558 2507 2617 2553; x_wconf 90' lang='lat' dir='ltr'><strong>et</strong></span> <span class='ocrx_word' id='word_1_594' title='bbox 2668 2497 2953 2567; x_wconf 87' lang='lat' dir='ltr'><strong>sepultus;</strong></span> <span class='ocrx_word' id='word_1_595' title='bbox 3010 2503 3067 2549; x_wconf 90' lang='lat' dir='ltr'><strong>et</strong></span> <span class='ocrx_word' id='word_1_596' title='bbox 3125 2507 3292 2563; x_wconf 87' lang='lat' dir='ltr'><strong>quem</strong></span> <span class='ocrx_word' id='word_1_597' title='bbox 3355 2489 3650 2546; x_wconf 88' lang='lat' dir='ltr'><strong>suscitavit</strong></span> 
     </span>
    </p>
   </div>
   <div class='ocr_carea' id='block_1_77' title="bbox 2069 2582 3651 2657">
    <p class='ocr_par' dir='ltr' id='par_1_77' title="bbox 2069 2582 3651 2657">
     <span class='ocr_line' id='line_1_77' title="bbox 2069 2582 3651 2657; baseline -0.008 -9"><span class='ocrx_word' id='word_1_598' title='bbox 2069 2593 2220 2648; x_wconf 91' lang='lat' dir='ltr'><strong>Deus</strong></span> <span class='ocrx_word' id='word_1_599' title='bbox 2242 2606 2311 2647; x_wconf 81' lang='lat' dir='ltr'><strong>ex</strong></span> <span class='ocrx_word' id='word_1_600' title='bbox 2343 2589 2600 2657; x_wconf 86' lang='lat' dir='ltr'><strong>mortuis,</strong></span> <span class='ocrx_word' id='word_1_601' title='bbox 2626 2596 2683 2646; x_wconf 91' lang='lat' dir='ltr'><strong>et</strong></span> <span class='ocrx_word' id='word_1_602' title='bbox 2699 2588 2806 2645; x_wconf 78' lang='lat' dir='ltr'><strong>fuit</strong></span> <span class='ocrx_word' id='word_1_603' title='bbox 2833 2586 3109 2643; x_wconf 82' lang='lat' dir='ltr'><strong>exaltatus</strong></span> <span class='ocrx_word' id='word_1_604' title='bbox 3124 2593 3181 2641; x_wconf 91' lang='lat' dir='ltr'><strong>et</strong></span> <span class='ocrx_word' id='word_1_605' title='bbox 3206 2582 3564 2656; x_wconf 85' lang='lat' dir='ltr'><strong>gioriﬁcatus,</strong></span> <span class='ocrx_word' id='word_1_606' title='bbox 3591 2591 3651 2636; x_wconf 87' lang='lat' dir='ltr'><strong>et</strong></span> 
     </span>
    </p>
   </div>
   <div class='ocr_carea' id='block_1_78' title="bbox 2070 2671 3641 2754">
    <p class='ocr_par' dir='ltr' id='par_1_78' title="bbox 2070 2671 3641 2754">
     <span class='ocr_line' id='line_1_78' title="bbox 2070 2671 3641 2754; baseline -0.008 -16"><span class='ocrx_word' id='word_1_607' title='bbox 2070 2683 2322 2754; x_wconf 86' lang='lat' dir='ltr'><strong>reliqua:</strong></span> <span class='ocrx_word' id='word_1_608' title='bbox 2368 2696 2534 2737; x_wconf 90' lang='lat' dir='ltr'><strong>nemo</strong></span> <span class='ocrx_word' id='word_1_609' title='bbox 2552 2681 2702 2737; x_wconf 91' lang='lat' dir='ltr'><strong>enim</strong></span> <span class='ocrx_word' id='word_1_610' title='bbox 2722 2681 2843 2735; x_wconf 65' lang='lat' dir='ltr'><strong>haec</strong></span> <span class='ocrx_word' id='word_1_611' title='bbox 2862 2693 2985 2735; x_wconf 89' lang='lat' dir='ltr'><strong>esse</strong></span> <span class='ocrx_word' id='word_1_612' title='bbox 3012 2675 3177 2733; x_wconf 92' lang='lat' dir='ltr'><strong>Verbi</strong></span> <span class='ocrx_word' id='word_1_613' title='bbox 3216 2673 3441 2745; x_wconf 88' lang='lat' dir='ltr'><strong>propria</strong></span> <span class='ocrx_word' id='word_1_614' title='bbox 3471 2671 3641 2728; x_wconf 82' lang='lat' dir='ltr'><strong>aude-</strong></span> 
     </span>
    </p>
   </div>
   <div class='ocr_carea' id='block_1_79' title="bbox 2069 2765 3645 2838">
    <p class='ocr_par' dir='ltr' id='par_1_79' title="bbox 2069 2765 3645 2838">
     <span class='ocr_line' id='line_1_79' title="bbox 2069 2765 3645 2838; baseline -0.006 -8"><span class='ocrx_word' id='word_1_615' title='bbox 2069 2775 2153 2830; x_wconf 83' lang='lat' dir='ltr'><strong>bit</strong></span> <span class='ocrx_word' id='word_1_616' title='bbox 2177 2774 2284 2831; x_wconf 92' lang='lat' dir='ltr'><strong>nisi</strong></span> <span class='ocrx_word' id='word_1_617' title='bbox 2326 2774 2613 2831; x_wconf 86' lang='lat' dir='ltr'><strong>insaniens</strong></span> <span class='ocrx_word' id='word_1_618' title='bbox 2654 2770 2949 2838; x_wconf 79' lang='lat' dir='ltr'><strong>aiﬁrmare,</strong></span> <span class='ocrx_word' id='word_1_619' title='bbox 3003 2785 3108 2826; x_wconf 91' lang='lat' dir='ltr'><strong>nec</strong></span> <span class='ocrx_word' id='word_1_620' title='bbox 3155 2768 3373 2825; x_wconf 90' lang='lat' dir='ltr'><strong>etiamsi</strong></span> <span class='ocrx_word' id='word_1_621' title='bbox 3405 2765 3645 2823; x_wconf 85' lang='lat' dir='ltr'><strong>Verbum</strong></span> 
     </span>
    </p>
   </div>
   <div class='ocr_carea' id='block_1_80' title="bbox 2070 2860 3649 2936">
    <p class='ocr_par' dir='ltr' id='par_1_80' title="bbox 2070 2860 3649 2936">
     <span class='ocr_line' id='line_1_80' title="bbox 2070 2860 3649 2936; baseline -0.008 -13"><span class='ocrx_word' id='word_1_622' title='bbox 2070 2883 2200 2925; x_wconf 86' lang='lat' dir='ltr'><strong>cum</strong></span> <span class='ocrx_word' id='word_1_623' title='bbox 2236 2868 2413 2923; x_wconf 87' lang='lat' dir='ltr'><strong>altero</strong></span> <span class='ocrx_word' id='word_1_624' title='bbox 2432 2874 2605 2923; x_wconf 86' lang='lat' dir='ltr'><strong>esset.</strong></span> <span class='ocrx_word' id='word_1_625' title='bbox 2631 2864 2743 2921; x_wconf 90' lang='lat' dir='ltr'><strong>Sed</strong></span> <span class='ocrx_word' id='word_1_626' title='bbox 2772 2865 2885 2936; x_wconf 85' lang='lat' dir='ltr'><strong>jam</strong></span> <span class='ocrx_word' id='word_1_627' title='bbox 2922 2879 3067 2935; x_wconf 60' lang='lat' dir='ltr'><strong>saepe</strong></span> <span class='ocrx_word' id='word_1_628' title='bbox 3106 2862 3267 2919; x_wconf 89' lang='lat' dir='ltr'><strong>vobis</strong></span> <span class='ocrx_word' id='word_1_629' title='bbox 3320 2860 3533 2916; x_wconf 89' lang='lat' dir='ltr'><strong>dictum</strong></span> <span class='ocrx_word' id='word_1_630' title='bbox 3564 2866 3649 2914; x_wconf 89' lang='lat' dir='ltr'><strong>est</strong></span> 
     </span>
    </p>
   </div>
   <div class='ocr_carea' id='block_1_81' title="bbox 2069 2953 3648 3031">
    <p class='ocr_par' dir='ltr' id='par_1_81' title="bbox 2069 2953 3648 3031">
     <span class='ocr_line' id='line_1_81' title="bbox 2069 2953 3648 3031; baseline -0.003 -18"><span class='ocrx_word' id='word_1_631' title='bbox 2069 2975 2172 3031; x_wconf 80' lang='lat' dir='ltr'><strong>per</strong></span> <span class='ocrx_word' id='word_1_632' title='bbox 2193 2964 2407 3029; x_wconf 89' lang='lat' dir='ltr'><strong>partem</strong></span> <span class='ocrx_word' id='word_1_633' title='bbox 2442 2965 2618 3013; x_wconf 90' lang='lat' dir='ltr'><strong>totum</strong></span> <span class='ocrx_word' id='word_1_634' title='bbox 2649 2972 2793 3028; x_wconf 67' lang='lat' dir='ltr'><strong>saepe</strong></span> <span class='ocrx_word' id='word_1_635' title='bbox 2818 2957 3098 3029; x_wconf 91' lang='lat' dir='ltr'><strong>designari</strong></span> <span class='ocrx_word' id='word_1_636' title='bbox 3130 2964 3187 3011; x_wconf 90' lang='lat' dir='ltr'><strong>et</strong></span> <span class='ocrx_word' id='word_1_637' title='bbox 3218 2956 3337 3026; x_wconf 82' lang='lat' dir='ltr'><strong>lege</strong></span> <span class='ocrx_word' id='word_1_638' title='bbox 3359 2953 3648 3010; x_wconf 88' lang='lat' dir='ltr'><strong>dialectica</strong></span> 
     </span>
    </p>
   </div>
   <div class='ocr_carea' id='block_1_82' title="bbox 2072 3047 3648 3121">
    <p class='ocr_par' dir='ltr' id='par_1_82' title="bbox 2072 3047 3648 3121">
     <span class='ocr_line' id='line_1_82' title="bbox 2072 3047 3648 3121; baseline -0.004 -14"><span class='ocrx_word' id='word_1_639' title='bbox 2072 3050 2375 3116; x_wconf 90' lang='lat' dir='ltr'><strong>communi,</strong></span> <span class='ocrx_word' id='word_1_640' title='bbox 2421 3058 2480 3105; x_wconf 88' lang='lat' dir='ltr'><strong>et</strong></span> <span class='ocrx_word' id='word_1_641' title='bbox 2523 3051 2753 3121; x_wconf 87' lang='lat' dir='ltr'><strong>proprio</strong></span> <span class='ocrx_word' id='word_1_642' title='bbox 2803 3065 2910 3106; x_wconf 92' lang='lat' dir='ltr'><strong>usu</strong></span> <span class='ocrx_word' id='word_1_643' title='bbox 2959 3064 3132 3106; x_wconf 74' lang='lat' dir='ltr'><strong>sacrae</strong></span> <span class='ocrx_word' id='word_1_644' title='bbox 3166 3047 3503 3119; x_wconf 63' lang='lat' dir='ltr'><strong>Scriptura:</strong></span> <span class='ocrx_word' id='word_1_645' title='bbox 3540 3060 3648 3101; x_wconf 93' lang='lat' dir='ltr'><strong>non</strong></span> 
     </span>
    </p>
   </div>
   <div class='ocr_carea' id='block_1_83' title="bbox 2069 3138 3650 3215">
    <p class='ocr_par' dir='ltr' id='par_1_83' title="bbox 2069 3138 3650 3215">
     <span class='ocr_line' id='line_1_83' title="bbox 2069 3138 3650 3215; baseline -0.004 -17"><span class='ocrx_word' id='word_1_646' title='bbox 2069 3141 2323 3215; x_wconf 79' lang='lat' dir='ltr'><strong>profecto</strong></span> <span class='ocrx_word' id='word_1_647' title='bbox 2350 3142 2521 3213; x_wconf 83' lang='lat' dir='ltr'><strong>igitur</strong></span> <span class='ocrx_word' id='word_1_648' title='bbox 2546 3142 2664 3197; x_wconf 68' lang='lat' dir='ltr'><strong>haec</strong></span> <span class='ocrx_word' id='word_1_649' title='bbox 2698 3149 2959 3197; x_wconf 86' lang='lat' dir='ltr'><strong>constant</strong></span> <span class='ocrx_word' id='word_1_650' title='bbox 3011 3142 3185 3213; x_wconf 92' lang='lat' dir='ltr'><strong>ﬁgura</strong></span> <span class='ocrx_word' id='word_1_651' title='bbox 3233 3147 3330 3194; x_wconf 88' lang='lat' dir='ltr'><strong>aut</strong></span> <span class='ocrx_word' id='word_1_652' title='bbox 3387 3138 3650 3211; x_wconf 87' lang='lat' dir='ltr'><strong>allegoria</strong></span> 
     </span>
    </p>
   </div>
   <div class='ocr_carea' id='block_1_84' title="bbox 2070 3231 3652 3304">
    <p class='ocr_par' dir='ltr' id='par_1_84' title="bbox 2070 3231 3652 3304">
     <span class='ocr_line' id='line_1_84' title="bbox 2070 3231 3652 3304; baseline -0.003 -13"><span class='ocrx_word' id='word_1_653' title='bbox 2070 3242 2168 3291; x_wconf 76' lang='lat' dir='ltr'><strong>aut</strong></span> <span class='ocrx_word' id='word_1_654' title='bbox 2189 3233 2456 3304; x_wconf 82' lang='lat' dir='ltr'><strong>parabola</strong></span> <span class='ocrx_word' id='word_1_655' title='bbox 2478 3241 2577 3289; x_wconf 92' lang='lat' dir='ltr'><strong>aut</strong></span> <span class='ocrx_word' id='word_1_656' title='bbox 2598 3233 2789 3304; x_wconf 90' lang='lat' dir='ltr'><strong>aliquo</strong></span> <span class='ocrx_word' id='word_1_657' title='bbox 2822 3233 2992 3290; x_wconf 85' lang='lat' dir='ltr'><strong>simili</strong></span> <span class='ocrx_word' id='word_1_658' title='bbox 3016 3241 3179 3303; x_wconf 91' lang='lat' dir='ltr'><strong>tropo</strong></span> <span class='ocrx_word' id='word_1_659' title='bbox 3204 3250 3217 3287; x_wconf 90' lang='lat'><strong>:</strong></span> <span class='ocrx_word' id='word_1_660' title='bbox 3251 3231 3346 3288; x_wconf 90' lang='lat' dir='ltr'><strong>sed</strong></span> <span class='ocrx_word' id='word_1_661' title='bbox 3379 3248 3510 3287; x_wconf 89' lang='lat' dir='ltr'><strong>vere</strong></span> <span class='ocrx_word' id='word_1_662' title='bbox 3534 3231 3652 3302; x_wconf 81' lang='lat' dir='ltr'><strong>ipsa</strong></span> 
     </span>
    </p>
   </div>
   <div class='ocr_carea' id='block_1_85' title="bbox 2071 3323 3652 3394">
    <p class='ocr_par' dir='ltr' id='par_1_85' title="bbox 2071 3323 3652 3394">
     <span class='ocr_line' id='line_1_85' title="bbox 2071 3323 3652 3394; baseline -0.003 -14"><span class='ocrx_word' id='word_1_663' title='bbox 2071 3323 2552 3394; x_wconf 86' lang='lat' dir='ltr'><strong>interpretandum</strong></span> <span class='ocrx_word' id='word_1_664' title='bbox 2575 3334 2663 3380; x_wconf 91' lang='lat' dir='ltr'><strong>est</strong></span> <span class='ocrx_word' id='word_1_665' title='bbox 2690 3339 2816 3380; x_wconf 91' lang='lat' dir='ltr'><strong>cum</strong></span> <span class='ocrx_word' id='word_1_666' title='bbox 2851 3324 3320 3381; x_wconf 87' lang='lat' dir='ltr'><strong>convenientibus</strong></span> <span class='ocrx_word' id='word_1_667' title='bbox 3348 3332 3407 3380; x_wconf 87' lang='lat' dir='ltr'><strong>et</strong></span> <span class='ocrx_word' id='word_1_668' title='bbox 3442 3323 3652 3378; x_wconf 88' lang='lat' dir='ltr'><strong>intelli-</strong></span> 
     </span>
    </p>
   </div>
   <div class='ocr_carea' id='block_1_86' title="bbox 2070 3416 3653 3492">
    <p class='ocr_par' dir='ltr' id='par_1_86' title="bbox 2070 3416 3653 3492">
     <span class='ocr_line' id='line_1_86' title="bbox 2070 3416 3653 3492; baseline -0.002 -19"><span class='ocrx_word' id='word_1_669' title='bbox 2070 3418 2350 3492; x_wconf 85' lang='lat' dir='ltr'><strong>gibilibus</strong></span> <span class='ocrx_word' id='word_1_670' title='bbox 2398 3416 2949 3475; x_wconf 85' lang='lat' dir='ltr'><strong>modiﬁcationibus:</strong></span> <span class='ocrx_word' id='word_1_671' title='bbox 3009 3417 3106 3473; x_wconf 90' lang='lat' dir='ltr'><strong>sed</strong></span> <span class='ocrx_word' id='word_1_672' title='bbox 3163 3433 3263 3474; x_wconf 70' lang='lat' dir='ltr'><strong>sos</strong></span> <span class='ocrx_word' id='word_1_673' title='bbox 3319 3416 3653 3488; x_wconf 89' lang='lat' dir='ltr'><strong>simpliciter</strong></span> 
     </span>
    </p>
   </div>
   <div class='ocr_carea' id='block_1_87' title="bbox 2070 3509 3652 3580">
    <p class='ocr_par' dir='ltr' id='par_1_87' title="bbox 2070 3509 3652 3580">
     <span class='ocr_line' id='line_1_87' title="bbox 2070 3509 3652 3580; baseline -0.004 -12"><span class='ocrx_word' id='word_1_674' title='bbox 2070 3509 2263 3576; x_wconf 89' lang='lat' dir='ltr'><strong>dicite,</strong></span> <span class='ocrx_word' id='word_1_675' title='bbox 2310 3509 2362 3566; x_wconf 88' lang='lat' dir='ltr'><strong>si</strong></span> <span class='ocrx_word' id='word_1_676' title='bbox 2401 3524 2515 3565; x_wconf 92' lang='lat' dir='ltr'><strong>non</strong></span> <span class='ocrx_word' id='word_1_677' title='bbox 2555 3509 2876 3580; x_wconf 90' lang='lat' dir='ltr'><strong>concipitur</strong></span> <span class='ocrx_word' id='word_1_678' title='bbox 2911 3510 3073 3565; x_wconf 89' lang='lat' dir='ltr'><strong>vobis</strong></span> <span class='ocrx_word' id='word_1_679' title='bbox 3098 3509 3156 3564; x_wconf 91' lang='lat' dir='ltr'><strong>in</strong></span> <span class='ocrx_word' id='word_1_680' title='bbox 3207 3510 3327 3580; x_wconf 92' lang='lat' dir='ltr'><strong>ipso</strong></span> <span class='ocrx_word' id='word_1_681' title='bbox 3378 3518 3652 3579; x_wconf 86' lang='lat' dir='ltr'><strong>quatenus</strong></span> 
     </span>
    </p>
   </div>
   <div class='ocr_carea' id='block_1_88' title="bbox 2074 3600 3649 3660">
    <p class='ocr_par' dir='ltr' id='par_1_88' title="bbox 2074 3600 3649 3660">
     <span class='ocr_line' id='line_1_88' title="bbox 2074 3600 3649 3660; baseline -0.003 -1"><span class='ocrx_word' id='word_1_682' title='bbox 2074 3605 2197 3660; x_wconf 89' lang='lat' dir='ltr'><strong>talis</strong></span> <span class='ocrx_word' id='word_1_683' title='bbox 2224 3603 2527 3659; x_wconf 86' lang='lat' dir='ltr'><strong>aﬁirmatur</strong></span> <span class='ocrx_word' id='word_1_684' title='bbox 2562 3602 2789 3659; x_wconf 87' lang='lat' dir='ltr'><strong>Christo</strong></span> <span class='ocrx_word' id='word_1_685' title='bbox 2824 3611 3024 3659; x_wconf 89' lang='lat' dir='ltr'><strong>natura</strong></span> <span class='ocrx_word' id='word_1_686' title='bbox 3048 3601 3252 3657; x_wconf 85' lang='lat' dir='ltr'><strong>Filium</strong></span> <span class='ocrx_word' id='word_1_687' title='bbox 3285 3602 3383 3657; x_wconf 91' lang='lat' dir='ltr'><strong>Dei</strong></span> <span class='ocrx_word' id='word_1_688' title='bbox 3408 3600 3649 3657; x_wconf 80' lang='lat' dir='ltr'><strong>Verbum</strong></span> 
     </span>
    </p>
   </div>
   <div class='ocr_carea' id='block_1_89' title="bbox 2071 3694 3654 3767">
    <p class='ocr_par' dir='ltr' id='par_1_89' title="bbox 2071 3694 3654 3767">
     <span class='ocr_line' id='line_1_89' title="bbox 2071 3694 3654 3767; baseline -0.003 -15"><span class='ocrx_word' id='word_1_689' title='bbox 2071 3696 2418 3767; x_wconf 90' lang='lat' dir='ltr'><strong>impassibile</strong></span> <span class='ocrx_word' id='word_1_690' title='bbox 2445 3711 2569 3752; x_wconf 90' lang='lat' dir='ltr'><strong>esse</strong></span> <span class='ocrx_word' id='word_1_691' title='bbox 2598 3702 2657 3751; x_wconf 90' lang='lat' dir='ltr'><strong>et</strong></span> <span class='ocrx_word' id='word_1_692' title='bbox 2683 3696 2932 3753; x_wconf 88' lang='lat' dir='ltr'><strong>Verbum</strong></span> <span class='ocrx_word' id='word_1_693' title='bbox 2978 3695 3160 3767; x_wconf 89' lang='lat' dir='ltr'><strong>ipsum</strong></span> <span class='ocrx_word' id='word_1_694' title='bbox 3217 3694 3527 3750; x_wconf 85' lang='lat' dir='ltr'><strong>secundum</strong></span> <span class='ocrx_word' id='word_1_695' title='bbox 3557 3709 3654 3748; x_wconf 86' lang='lat' dir='ltr'><strong>na-</strong></span> 
     </span>
    </p>
   </div>
   <div class='ocr_carea' id='block_1_90' title="bbox 2071 3787 3653 3863">
    <p class='ocr_par' dir='ltr' id='par_1_90' title="bbox 2071 3787 3653 3863">
     <span class='ocr_line' id='line_1_90' title="bbox 2071 3787 3653 3863; baseline -0.002 -19"><span class='ocrx_word' id='word_1_696' title='bbox 2071 3797 2252 3844; x_wconf 90' lang='lat' dir='ltr'><strong>turam</strong></span> <span class='ocrx_word' id='word_1_697' title='bbox 2274 3789 2768 3863; x_wconf 82' lang='lat' dir='ltr'><strong>hisce‘subjectum</strong></span> <span class='ocrx_word' id='word_1_698' title='bbox 2815 3788 3100 3845; x_wconf 88' lang='lat' dir='ltr'><strong>mediante</strong></span> <span class='ocrx_word' id='word_1_699' title='bbox 3127 3787 3292 3844; x_wconf 86' lang='lat' dir='ltr'><strong>Verbi</strong></span> <span class='ocrx_word' id='word_1_700' title='bbox 3324 3787 3499 3859; x_wconf 79' lang='lat' dir='ltr'><strong>ip&#39;sius</strong></span> <span class='ocrx_word' id='word_1_701' title='bbox 3527 3803 3653 3858; x_wconf 84' lang='lat' dir='ltr'><strong>per-</strong></span> 
     </span>
    </p>
   </div>
   <div class='ocr_carea' id='block_1_91' title="bbox 2070 3879 3652 3953">
    <p class='ocr_par' dir='ltr' id='par_1_91' title="bbox 2070 3879 3652 3953">
     <span class='ocr_line' id='line_1_91' title="bbox 2070 3879 3652 3953; baseline -0.005 -12"><span class='ocrx_word' id='word_1_702' title='bbox 2070 3882 2360 3941; x_wconf 73' lang='lat' dir='ltr'><strong>sona:ubi</strong></span> <span class='ocrx_word' id='word_1_703' title='bbox 2404 3896 2720 3953; x_wconf 65' lang='lat' dir='ltr'><strong>quaeremus</strong></span> <span class='ocrx_word' id='word_1_704' title='bbox 2762 3880 2933 3937; x_wconf 89' lang='lat' dir='ltr'><strong>alium</strong></span> <span class='ocrx_word' id='word_1_705' title='bbox 2983 3880 3187 3936; x_wconf 89' lang='lat' dir='ltr'><strong>Filium</strong></span> <span class='ocrx_word' id='word_1_706' title='bbox 3240 3879 3362 3941; x_wconf 82' lang='lat' dir='ltr'><strong>Dei.</strong></span> <span class='ocrx_word' id='word_1_707' title='bbox 3412 3879 3482 3935; x_wconf 85' lang='lat' dir='ltr'><strong>de</strong></span> <span class='ocrx_word' id='word_1_708' title='bbox 3540 3895 3652 3949; x_wconf 89' lang='lat' dir='ltr'><strong>quo</strong></span> 
     </span>
    </p>
   </div>
   <div class='ocr_carea' id='block_1_92' title="bbox 2070 3972 3751 4036">
    <p class='ocr_par' dir='ltr' id='par_1_92' title="bbox 2070 3972 3751 4036">
     <span class='ocr_line' id='line_1_92' title="bbox 2070 3972 3751 4036; baseline -0.002 -5"><span class='ocrx_word' id='word_1_709' title='bbox 2070 3973 2280 4032; x_wconf 88' lang='lat' dir='ltr'><strong>dictum</strong></span> <span class='ocrx_word' id='word_1_710' title='bbox 2329 3983 2416 4032; x_wconf 91' lang='lat' dir='ltr'><strong>est</strong></span> <span class='ocrx_word' id='word_1_711' title='bbox 2458 3991 2473 4029; x_wconf 90' lang='lat'><strong>:</strong></span> <span class='ocrx_word' id='word_1_712' title='bbox 2515 3974 2697 4031; x_wconf 69' lang='lat' dir='ltr'><strong>«Cum</strong></span> <span class='ocrx_word' id='word_1_713' title='bbox 2745 3973 2804 4030; x_wconf 90' lang='lat' dir='ltr'><strong>in</strong></span> <span class='ocrx_word' id='word_1_714' title='bbox 2856 3972 3036 4030; x_wconf 82' lang='lat' dir='ltr'><strong>forma</strong></span> <span class='ocrx_word' id='word_1_715' title='bbox 3082 3972 3179 4031; x_wconf 91' lang='lat' dir='ltr'><strong>Dei</strong></span> <span class='ocrx_word' id='word_1_716' title='bbox 3226 3982 3397 4036; x_wconf 91' lang='lat' dir='ltr'><strong>esset,</strong></span> <span class='ocrx_word' id='word_1_717' title='bbox 3444 3981 3649 4029; x_wconf 84' lang='lat' dir='ltr'><strong>semet-</strong></span> <span class='ocrx_word' id='word_1_718' title='bbox 3738 3992 3751 4005; x_wconf 61' lang='grc' dir='ltr'><strong>κ</strong></span> 
     </span>
    </p>
   </div>
   <div class='ocr_carea' id='block_1_93' title="bbox 2071 4064 3651 4139">
    <p class='ocr_par' dir='ltr' id='par_1_93' title="bbox 2071 4064 3651 4139">
     <span class='ocr_line' id='line_1_93' title="bbox 2071 4064 3651 4139; baseline 0 -18"><span class='ocrx_word' id='word_1_719' title='bbox 2071 4066 2251 4139; x_wconf 90' lang='lat' dir='ltr'><strong>ipsum</strong></span> <span class='ocrx_word' id='word_1_720' title='bbox 2287 4066 2614 4131; x_wconf 76' lang='lat' dir='ltr'><strong>exinanivit,</strong></span> <span class='ocrx_word' id='word_1_721' title='bbox 2661 4074 2721 4122; x_wconf 90' lang='lat' dir='ltr'><strong>et</strong></span> <span class='ocrx_word' id='word_1_722' title='bbox 2779 4064 3163 4123; x_wconf 81' lang='lat' dir='ltr'><strong>confusionem</strong></span> <span class='ocrx_word' id='word_1_723' title='bbox 3219 4064 3415 4121; x_wconf 91' lang='lat' dir='ltr'><strong>mortis</strong></span> <span class='ocrx_word' id='word_1_724' title='bbox 3468 4065 3651 4121; x_wconf 84' lang='lat' dir='ltr'><strong>crucis</strong></span> 
     </span>
    </p>
   </div>
   <div class='ocr_carea' id='block_1_94' title="bbox 2070 4158 3653 4230">
    <p class='ocr_par' dir='ltr' id='par_1_94' title="bbox 2070 4158 3653 4230">
     <span class='ocr_line' id='line_1_94' title="bbox 2070 4158 3653 4230; baseline 0 -15"><span class='ocrx_word' id='word_1_725' title='bbox 2070 4159 2407 4230; x_wconf 88' lang='lat' dir='ltr'><strong>contempsit</strong></span> <span class='ocrx_word' id='word_1_726' title='bbox 2442 4158 2518 4212; x_wconf 68' lang='grc' dir='ltr'><strong>ποι</strong></span> <span class='ocrx_word' id='word_1_727' title='bbox 2547 4177 2565 4212; x_wconf 76' lang='grc' dir='ltr'><strong>ι</strong></span> <span class='ocrx_word' id='word_1_728' title='bbox 2596 4158 2669 4214; x_wconf 89' lang='lat' dir='ltr'><strong>Et</strong></span> <span class='ocrx_word' id='word_1_729' title='bbox 2696 4158 2793 4213; x_wconf 91' lang='lat' dir='ltr'><strong>ubi</strong></span> <span class='ocrx_word' id='word_1_730' title='bbox 2826 4159 2939 4214; x_wconf 88' lang='lat' dir='ltr'><strong>erit</strong></span> <span class='ocrx_word' id='word_1_731' title='bbox 2968 4158 3144 4214; x_wconf 86' lang='lat' dir='ltr'><strong>Filius</strong></span> <span class='ocrx_word' id='word_1_732' title='bbox 3195 4158 3292 4213; x_wconf 88' lang='lat' dir='ltr'><strong>Dei</strong></span> <span class='ocrx_word' id='word_1_733' title='bbox 3329 4158 3653 4229; x_wconf 85' lang='lat' dir='ltr'><strong>unigenitus</strong></span> 
     </span>
    </p>
   </div>
   <div class='ocr_carea' id='block_1_95' title="bbox 2071 4247 3650 4327">
    <p class='ocr_par' dir='ltr' id='par_1_95' title="bbox 2071 4247 3650 4327">
     <span class='ocr_line' id='line_1_95' title="bbox 2071 4247 3650 4327; baseline -0.002 -20"><span class='ocrx_word' id='word_1_734' title='bbox 2071 4252 2191 4322; x_wconf 90' lang='lat' dir='ltr'><strong>ipse</strong></span> <span class='ocrx_word' id='word_1_735' title='bbox 2221 4266 2321 4321; x_wconf 92' lang='lat' dir='ltr'><strong>pro</strong></span> <span class='ocrx_word' id='word_1_736' title='bbox 2352 4248 2515 4306; x_wconf 91' lang='lat' dir='ltr'><strong>nobis</strong></span> <span class='ocrx_word' id='word_1_737' title='bbox 2544 4247 2708 4303; x_wconf 90' lang='lat' dir='ltr'><strong>datus</strong></span> <span class='ocrx_word' id='word_1_738' title='bbox 2736 4263 2767 4305; x_wconf 90' lang='lat' dir='ltr'><strong>a</strong></span> <span class='ocrx_word' id='word_1_739' title='bbox 2799 4248 2999 4303; x_wconf 87' lang='lat' dir='ltr'><strong>Patre?</strong></span> <span class='ocrx_word' id='word_1_740' title='bbox 3037 4267 3055 4300; x_wconf 76' lang='grc' dir='ltr'><strong>ι</strong></span> <span class='ocrx_word' id='word_1_741' title='bbox 3082 4247 3177 4305; x_wconf 90' lang='lat' dir='ltr'><strong>Sic</strong></span> <span class='ocrx_word' id='word_1_742' title='bbox 3204 4247 3379 4313; x_wconf 91' lang='lat' dir='ltr'><strong>enim,</strong></span> <span class='ocrx_word' id='word_1_743' title='bbox 3413 4249 3515 4315; x_wconf 90' lang='lat' dir='ltr'><strong>ait,</strong></span> <span class='ocrx_word' id='word_1_744' title='bbox 3562 4250 3650 4327; x_wconf 50' lang='lat' dir='ltr'><strong>dif</strong></span> 
     </span>
    </p>
   </div>
   <div class='ocr_carea' id='block_1_96' title="bbox 1999 4339 3650 4408">
    <p class='ocr_par' dir='ltr' id='par_1_96' title="bbox 1999 4339 3650 4408">
     <span class='ocr_line' id='line_1_96' title="bbox 1999 4339 3650 4408; baseline -0.005 -5"><span class='ocrx_word' id='word_1_745' title='bbox 1999 4343 2047 4403; x_wconf 82' lang='grc' dir='ltr'>ι)</span> <span class='ocrx_word' id='word_1_746' title='bbox 2072 4342 2204 4399; x_wconf 76' lang='lat' dir='ltr'><strong>lexit</strong></span> <span class='ocrx_word' id='word_1_747' title='bbox 2226 4343 2373 4399; x_wconf 91' lang='lat' dir='ltr'><strong>Deus</strong></span> <span class='ocrx_word' id='word_1_748' title='bbox 2403 4340 2698 4407; x_wconf 90' lang='lat' dir='ltr'><strong>mundum,</strong></span> <span class='ocrx_word' id='word_1_749' title='bbox 2737 4348 2802 4395; x_wconf 90' lang='lat' dir='ltr'><strong>ut</strong></span> <span class='ocrx_word' id='word_1_750' title='bbox 2833 4339 3035 4395; x_wconf 85' lang='lat' dir='ltr'><strong>Filium</strong></span> <span class='ocrx_word' id='word_1_751' title='bbox 3089 4355 3251 4396; x_wconf 91' lang='lat' dir='ltr'><strong>suum</strong></span> <span class='ocrx_word' id='word_1_752' title='bbox 3302 4339 3650 4408; x_wconf 79' lang='lat' dir='ltr'><strong>unigenitum</strong></span> 
     </span>
    </p>
   </div>
   <div class='ocr_carea' id='block_1_97' title="bbox 2066 4432 2361 4490">
    <p class='ocr_par' dir='ltr' id='par_1_97' title="bbox 2066 4432 2361 4490">
     <span class='ocr_line' id='line_1_97' title="bbox 2066 4432 2361 4490; baseline -0.017 0"><span class='ocrx_word' id='word_1_753' title='bbox 2066 4432 2224 4490; x_wconf 85' lang='lat' dir='ltr'><strong>daret</strong></span> <span class='ocrx_word' id='word_1_754' title='bbox 2247 4434 2315 4488; x_wconf 71' lang='lat'><strong>&#39;°.</strong></span> <span class='ocrx_word' id='word_1_755' title='bbox 2343 4453 2361 4485; x_wconf 72' lang='grc' dir='ltr'><strong>ι</strong></span> 
     </span>
    </p>
   </div>
   <div class='ocr_carea' id='block_1_98' title="bbox 2138 4522 3653 4596">
    <p class='ocr_par' dir='ltr' id='par_1_98' title="bbox 2138 4522 3653 4596">
     <span class='ocr_line' id='line_1_98' title="bbox 2138 4522 3653 4596; baseline 0.001 -17"><span class='ocrx_word' id='word_1_756' title='bbox 2138 4525 2273 4593; x_wconf 84' lang='lat' dir='ltr'><strong>Quis</strong></span> <span class='ocrx_word' id='word_1_757' title='bbox 2304 4532 2389 4581; x_wconf 89' lang='lat' dir='ltr'><strong>est</strong></span> <span class='ocrx_word' id='word_1_758' title='bbox 2414 4524 2581 4580; x_wconf 90' lang='lat' dir='ltr'><strong>etiam</strong></span> <span class='ocrx_word' id='word_1_759' title='bbox 2615 4522 2711 4596; x_wconf 92' lang='lat' dir='ltr'><strong>qui</strong></span> <span class='ocrx_word' id='word_1_760' title='bbox 2742 4524 2949 4581; x_wconf 87' lang='lat' dir='ltr'><strong>missus</strong></span> <span class='ocrx_word' id='word_1_761' title='bbox 2982 4524 3088 4581; x_wconf 82' lang='lat' dir='ltr'><strong>fuit</strong></span> <span class='ocrx_word' id='word_1_762' title='bbox 3124 4523 3451 4596; x_wconf 89' lang='lat' dir='ltr'><strong>unigenitus</strong></span> <span class='ocrx_word' id='word_1_763' title='bbox 3480 4525 3653 4581; x_wconf 89' lang='lat' dir='ltr'><strong>Filius</strong></span> 
     </span>
    </p>
   </div>
   <div class='ocr_carea' id='block_1_99' title="bbox 2068 4614 3654 4686">
    <p class='ocr_par' dir='ltr' id='par_1_99' title="bbox 2068 4614 3654 4686">
     <span class='ocr_line' id='line_1_99' title="bbox 2068 4614 3654 4686; baseline -0.002 -15"><span class='ocrx_word' id='word_1_764' title='bbox 2068 4614 2289 4671; x_wconf 90' lang='lat' dir='ltr'><strong>Domini</strong></span> <span class='ocrx_word' id='word_1_765' title='bbox 2321 4615 2500 4671; x_wconf 70' lang='lat' dir='ltr'><strong>vineae</strong></span> <span class='ocrx_word' id='word_1_766' title='bbox 2531 4624 2657 4686; x_wconf 84' lang='lat' dir='ltr'><strong>post</strong></span> <span class='ocrx_word' id='word_1_767' title='bbox 2680 4630 2876 4672; x_wconf 89' lang='lat' dir='ltr'><strong>omnes</strong></span> <span class='ocrx_word' id='word_1_768' title='bbox 2913 4614 3011 4686; x_wconf 90' lang='lat' dir='ltr'><strong>qui</strong></span> <span class='ocrx_word' id='word_1_769' title='bbox 3064 4614 3221 4670; x_wconf 91' lang='lat' dir='ltr'><strong>illum</strong></span> <span class='ocrx_word' id='word_1_770' title='bbox 3250 4622 3654 4685; x_wconf 70' lang='lat' dir='ltr'><strong>praecesserant</strong></span> 
     </span>
    </p>
   </div>
   <div class='ocr_carea' id='block_1_100' title="bbox 2070 4704 3649 4779">
    <p class='ocr_par' dir='ltr' id='par_1_100' title="bbox 2070 4704 3649 4779">
     <span class='ocr_line' id='line_1_100' title="bbox 2070 4704 3649 4779; baseline -0.003 -15"><span class='ocrx_word' id='word_1_771' title='bbox 2070 4722 2284 4773; x_wconf 86' lang='lat' dir='ltr'><strong>servos,</strong></span> <span class='ocrx_word' id='word_1_772' title='bbox 2320 4707 2389 4762; x_wconf 92' lang='lat' dir='ltr'><strong>ad</strong></span> <span class='ocrx_word' id='word_1_773' title='bbox 2428 4707 2601 4764; x_wconf 89' lang='lat' dir='ltr'><strong>malos</strong></span> <span class='ocrx_word' id='word_1_774' title='bbox 2625 4705 2919 4779; x_wconf 86' lang='lat' dir='ltr'><strong>agricolas,</strong></span> <span class='ocrx_word' id='word_1_775' title='bbox 2947 4715 3010 4763; x_wconf 92' lang='lat' dir='ltr'><strong>ut</strong></span> <span class='ocrx_word' id='word_1_776' title='bbox 3046 4713 3333 4762; x_wconf 88' lang='lat' dir='ltr'><strong>constaret</strong></span> <span class='ocrx_word' id='word_1_777' title='bbox 3368 4714 3451 4761; x_wconf 78' lang='lat' dir='ltr'><strong>an“</strong></span> <span class='ocrx_word' id='word_1_778' title='bbox 3493 4704 3649 4760; x_wconf 91' lang='lat' dir='ltr'><strong>illum</strong></span> 
     </span>
    </p>
   </div>
   <div class='ocr_carea' id='block_1_101' title="bbox 2069 4796 3654 4869">
    <p class='ocr_par' dir='ltr' id='par_1_101' title="bbox 2069 4796 3654 4869">
     <span class='ocr_line' id='line_1_101' title="bbox 2069 4796 3654 4869; baseline -0.001 -17"><span class='ocrx_word' id='word_1_779' title='bbox 2069 4807 2401 4856; x_wconf 86' lang='lat' dir='ltr'><strong>vererentur</strong></span> <span class='ocrx_word' id='word_1_780' title='bbox 2422 4799 2509 4853; x_wconf 71' lang='grc' dir='ltr'><strong>’ίῖ</strong></span> <span class='ocrx_word' id='word_1_781' title='bbox 2546 4798 2683 4867; x_wconf 87' lang='lat' dir='ltr'><strong>Quis</strong></span> <span class='ocrx_word' id='word_1_782' title='bbox 2713 4807 2799 4854; x_wconf 90' lang='lat' dir='ltr'><strong>est</strong></span> <span class='ocrx_word' id='word_1_783' title='bbox 2829 4799 2993 4869; x_wconf 86' lang='lat' dir='ltr'><strong>cujus</strong></span> <span class='ocrx_word' id='word_1_784' title='bbox 3017 4797 3277 4868; x_wconf 90' lang='lat' dir='ltr'><strong>discipuli</strong></span> <span class='ocrx_word' id='word_1_785' title='bbox 3309 4796 3494 4852; x_wconf 90' lang='lat' dir='ltr'><strong>mirati</strong></span> <span class='ocrx_word' id='word_1_786' title='bbox 3523 4806 3654 4854; x_wconf 91' lang='lat' dir='ltr'><strong>sunt</strong></span> 
     </span>
    </p>
   </div>
   <div class='ocr_carea' id='block_1_102' title="bbox 2066 4890 3652 4963">
    <p class='ocr_par' dir='ltr' id='par_1_102' title="bbox 2066 4890 3652 4963">
     <span class='ocr_line' id='line_1_102' title="bbox 2066 4890 3652 4963; baseline -0.001 -16"><span class='ocrx_word' id='word_1_787' title='bbox 2066 4892 2300 4963; x_wconf 85' lang='lat' dir='ltr'><strong>gloriam</strong></span> <span class='ocrx_word' id='word_1_788' title='bbox 2331 4892 2489 4962; x_wconf 91' lang='lat' dir='ltr'><strong>quasi</strong></span> <span class='ocrx_word' id='word_1_789' title='bbox 2515 4891 2790 4963; x_wconf 91' lang='lat' dir='ltr'><strong>unigeniti</strong></span> <span class='ocrx_word' id='word_1_790' title='bbox 2820 4908 2852 4948; x_wconf 90' lang='lat' dir='ltr'><strong>a</strong></span> <span class='ocrx_word' id='word_1_791' title='bbox 2876 4891 3083 4948; x_wconf 83' lang='lat' dir='ltr'><strong>Patre?</strong></span> <span class='ocrx_word' id='word_1_792' title='bbox 3103 4890 3237 4959; x_wconf 91' lang='lat' dir='ltr'><strong>Quis</strong></span> <span class='ocrx_word' id='word_1_793' title='bbox 3268 4890 3456 4947; x_wconf 83' lang='lat' dir='ltr'><strong>adhuc</strong></span> <span class='ocrx_word' id='word_1_794' title='bbox 3508 4890 3652 4947; x_wconf 89' lang='lat' dir='ltr'><strong>dell-</strong></span> 
     </span>
    </p>
   </div>
   <div class='ocr_carea' id='block_1_103' title="bbox 2065 4982 3654 5054">
    <p class='ocr_par' dir='ltr' id='par_1_103' title="bbox 2065 4982 3654 5054">
     <span class='ocr_line' id='line_1_103' title="bbox 2065 4982 3654 5054; baseline -0.001 -16"><span class='ocrx_word' id='word_1_795' title='bbox 2065 4982 2219 5040; x_wconf 92' lang='lat' dir='ltr'><strong>nitus</strong></span> <span class='ocrx_word' id='word_1_796' title='bbox 2244 4991 2330 5039; x_wconf 87' lang='lat' dir='ltr'><strong>est</strong></span> <span class='ocrx_word' id='word_1_797' title='bbox 2349 4983 2523 5040; x_wconf 88' lang='lat' dir='ltr'><strong>Filius</strong></span> <span class='ocrx_word' id='word_1_798' title='bbox 2543 4983 2641 5039; x_wconf 90' lang='lat' dir='ltr'><strong>Dei</strong></span> <span class='ocrx_word' id='word_1_799' title='bbox 2674 4983 2981 5040; x_wconf 89' lang='lat' dir='ltr'><strong>secundum</strong></span> <span class='ocrx_word' id='word_1_800' title='bbox 3015 4982 3275 5054; x_wconf 89' lang='lat' dir='ltr'><strong>spiritum</strong></span> <span class='ocrx_word' id='word_1_801' title='bbox 3306 4982 3654 5041; x_wconf 89' lang='lat' dir='ltr'><strong>sanctitatis?</strong></span> 
     </span>
    </p>
   </div>
   <div class='ocr_carea' id='block_1_104' title="bbox 2065 5072 3652 5147">
    <p class='ocr_par' dir='ltr' id='par_1_104' title="bbox 2065 5072 3652 5147">
     <span class='ocr_line' id='line_1_104' title="bbox 2065 5072 3652 5147; baseline -0.001 -16"><span class='ocrx_word' id='word_1_802' title='bbox 2065 5074 2202 5143; x_wconf 91' lang='lat' dir='ltr'><strong>Quis</strong></span> <span class='ocrx_word' id='word_1_803' title='bbox 2237 5082 2323 5131; x_wconf 89' lang='lat' dir='ltr'><strong>est</strong></span> <span class='ocrx_word' id='word_1_804' title='bbox 2356 5074 2453 5145; x_wconf 91' lang='lat' dir='ltr'><strong>qui</strong></span> <span class='ocrx_word' id='word_1_805' title='bbox 2487 5072 2784 5130; x_wconf 90' lang='lat' dir='ltr'><strong>descendit</strong></span> <span class='ocrx_word' id='word_1_806' title='bbox 2805 5078 2864 5130; x_wconf 91' lang='lat' dir='ltr'><strong>et</strong></span> <span class='ocrx_word' id='word_1_807' title='bbox 2897 5073 3220 5145; x_wconf 89' lang='lat' dir='ltr'><strong>penetravit</strong></span> <span class='ocrx_word' id='word_1_808' title='bbox 3266 5075 3415 5132; x_wconf 91' lang='lat' dir='ltr'><strong>sicut</strong></span> <span class='ocrx_word' id='word_1_809' title='bbox 3463 5075 3652 5147; x_wconf 84' lang='lat' dir='ltr'><strong>pluvia</strong></span> 
     </span>
    </p>
   </div>
   <div class='ocr_carea' id='block_1_105' title="bbox 384 5154 1967 5238">
    <p class='ocr_par' dir='ltr' id='par_1_105' title="bbox 384 5154 1964 5237">
     <span class='ocr_line' id='line_1_105' title="bbox 384 5154 1964 5237; baseline 0.001 -20"><span class='ocrx_word' id='word_1_810' title='bbox 384 5164 477 5218; x_wconf 69' lang='grc' dir='ltr'>ὲπὶ</span> <span class='ocrx_word' id='word_1_811' title='bbox 526 5163 694 5217; x_wconf 85' lang='grc' dir='ltr'>πόκον</span> <span class='ocrx_word' id='word_1_812' title='bbox 735 5154 842 5229; x_wconf 79' lang='grc' dir='ltr'><strong>;οἶ¹›</strong></span> <span class='ocrx_word' id='word_1_813' title='bbox 876 5163 986 5232; x_wconf 78' lang='grc' dir='ltr'>πρὸ</span> <span class='ocrx_word' id='word_1_814' title='bbox 1011 5162 1106 5217; x_wconf 90' lang='grc' dir='ltr'><strong>τοῦ</strong></span> <span class='ocrx_word' id='word_1_815' title='bbox 1162 5162 1314 5233; x_wconf 87' lang='grc' dir='ltr'>ήλίου</span> <span class='ocrx_word' id='word_1_816' title='bbox 1366 5164 1612 5235; x_wconf 81' lang='grc' dir='ltr'>διαμένει</span> <span class='ocrx_word' id='word_1_817' title='bbox 1658 5164 1719 5218; x_wconf 83' lang='grc' dir='ltr'><strong>τὸ</strong></span> <span class='ocrx_word' id='word_1_818' title='bbox 1792 5164 1964 5237; x_wconf 75' lang='grc' dir='ltr'>ὄνομα</span> 
     </span>
    </p>
   </div>
   <div class='ocr_carea' id='block_1_106' title="bbox 2071 5154 3654 5238">
    <p class='ocr_par' dir='ltr' id='par_1_106' title="bbox 2071 5165 3654 5238">
     <span class='ocr_line' id='line_1_106' title="bbox 2071 5165 3654 5238; baseline 0 -16"><span class='ocrx_word' id='word_1_819' title='bbox 2071 5168 2128 5222; x_wconf 94' lang='lat' dir='ltr'><strong>in</strong></span> <span class='ocrx_word' id='word_1_820' title='bbox 2161 5165 2563 5238; x_wconf 85' lang='lat' dir='ltr'><strong>vellus?Cujus</strong></span> <span class='ocrx_word' id='word_1_821' title='bbox 2588 5181 2714 5222; x_wconf 89' lang='lat' dir='ltr'><strong>cum</strong></span> <span class='ocrx_word' id='word_1_822' title='bbox 2742 5167 2858 5223; x_wconf 88' lang='lat' dir='ltr'><strong>sole</strong></span> <span class='ocrx_word' id='word_1_823' title='bbox 2884 5175 3176 5238; x_wconf 87' lang='lat' dir='ltr'><strong>permanet</strong></span> <span class='ocrx_word' id='word_1_824' title='bbox 3199 5184 3403 5225; x_wconf 90' lang='lat' dir='ltr'><strong>nomen</strong></span> <span class='ocrx_word' id='word_1_825' title='bbox 3431 5176 3490 5223; x_wconf 91' lang='lat' dir='ltr'><strong>et</strong></span> <span class='ocrx_word' id='word_1_826' title='bbox 3525 5177 3654 5223; x_wconf 90' lang='lat' dir='ltr'><strong>ante</strong></span> 
     </span>
    </p>
   </div>
   <div class='ocr_carea' id='block_1_107' title="bbox 384 5254 1967 5331">
    <p class='ocr_par' dir='ltr' id='par_1_107' title="bbox 384 5254 1961 5327">
     <span class='ocr_line' id='line_1_107' title="bbox 384 5254 1961 5327; baseline 0.001 -17"><span class='ocrx_word' id='word_1_827' title='bbox 384 5255 551 5310; x_wconf 81' lang='grc' dir='ltr'>αὑτοῦ</span> <span class='ocrx_word' id='word_1_828' title='bbox 582 5256 678 5311; x_wconf 89' lang='grc' dir='ltr'><strong>καὶ</strong></span> <span class='ocrx_word' id='word_1_829' title='bbox 716 5257 833 5327; x_wconf 51' lang='grc' dir='ltr'>πρὸ,</span> <span class='ocrx_word' id='word_1_830' title='bbox 866 5256 966 5326; x_wconf 84' lang='grc' dir='ltr'>τῆς</span> <span class='ocrx_word' id='word_1_831' title='bbox 1000 5254 1230 5326; x_wconf 81' lang='grc' dir='ltr'>σελήνης</span> <span class='ocrx_word' id='word_1_832' title='bbox 1275 5256 1471 5309; x_wconf 85' lang='grc' dir='ltr'>ὲστὶνό</span> <span class='ocrx_word' id='word_1_833' title='bbox 1505 5256 1693 5327; x_wconf 86' lang='grc' dir='ltr'>θρόνος</span> <span class='ocrx_word' id='word_1_834' title='bbox 1738 5276 1752 5324; x_wconf 89' lang='grc'><strong>;</strong></span> <span class='ocrx_word' id='word_1_835' title='bbox 1784 5258 1869 5322; x_wconf 88' lang='grc' dir='ltr'><strong>τίς</strong></span> <span class='ocrx_word' id='word_1_836' title='bbox 1899 5275 1961 5311; x_wconf 87' lang='grc' dir='ltr'><strong>τε</strong></span> 
     </span>
    </p>
   </div>
   <div class='ocr_carea' id='block_1_108' title="bbox 2071 5254 3653 5331">
    <p class='ocr_par' dir='ltr' id='par_1_108' title="bbox 2071 5257 3653 5331">
     <span class='ocr_line' id='line_1_108' title="bbox 2071 5257 3653 5331; baseline -0.001 -17"><span class='ocrx_word' id='word_1_837' title='bbox 2071 5259 2260 5314; x_wconf 90' lang='lat' dir='ltr'><strong>lunam</strong></span> <span class='ocrx_word' id='word_1_838' title='bbox 2294 5264 2379 5314; x_wconf 89' lang='lat' dir='ltr'><strong>est</strong></span> <span class='ocrx_word' id='word_1_839' title='bbox 2402 5258 2607 5313; x_wconf 89' lang='lat' dir='ltr'><strong>solium</strong></span> <span class='ocrx_word' id='word_1_840' title='bbox 2638 5257 2819 5326; x_wconf 73' lang='lat' dir='ltr'><strong>iQuis</strong></span> <span class='ocrx_word' id='word_1_841' title='bbox 2850 5269 2941 5316; x_wconf 91' lang='lat' dir='ltr'><strong>est</strong></span> <span class='ocrx_word' id='word_1_842' title='bbox 2987 5260 3084 5331; x_wconf 91' lang='lat' dir='ltr'><strong>qui</strong></span> <span class='ocrx_word' id='word_1_843' title='bbox 3117 5260 3277 5327; x_wconf 89' lang='lat' dir='ltr'><strong>dicit,</strong></span> <span class='ocrx_word' id='word_1_844' title='bbox 3324 5275 3532 5330; x_wconf 90' lang='lat' dir='ltr'><strong>corpus</strong></span> <span class='ocrx_word' id='word_1_845' title='bbox 3561 5274 3653 5313; x_wconf 84' lang='lat' dir='ltr'><strong>re-</strong></span> 
     </span>
    </p>
   </div>
   <div class='ocr_carea' id='block_1_109' title="bbox 384 5346 1967 5424">
    <p class='ocr_par' dir='ltr' id='par_1_109' title="bbox 384 5346 1966 5421">
     <span class='ocr_line' id='line_1_109' title="bbox 384 5346 1966 5421; baseline 0.002 -22"><span class='ocrx_word' id='word_1_846' title='bbox 384 5346 412 5399; x_wconf 72' lang='grc' dir='ltr'><strong>ό</strong></span> <span class='ocrx_word' id='word_1_847' title='bbox 434 5346 633 5416; x_wconf 83' lang='grc' dir='ltr'>λέγων,</span> <span class='ocrx_word' id='word_1_848' title='bbox 674 5347 842 5418; x_wconf 86' lang='grc' dir='ltr'>Σῶμα</span> <span class='ocrx_word' id='word_1_849' title='bbox 894 5346 953 5400; x_wconf 79' lang='grc' dir='ltr'>δὲ</span> <span class='ocrx_word' id='word_1_850' title='bbox 985 5346 1300 5418; x_wconf 87' lang='grc' dir='ltr'>κατηρτίσω</span> <span class='ocrx_word' id='word_1_851' title='bbox 1326 5363 1438 5417; x_wconf 88' lang='grc' dir='ltr'>-μοι</span> <span class='ocrx_word' id='word_1_852' title='bbox 1467 5364 1482 5414; x_wconf 89' lang='lat'><strong>;</strong></span> <span class='ocrx_word' id='word_1_853' title='bbox 1507 5349 1556 5400; x_wconf 86' lang='grc' dir='ltr'>εί</span> <span class='ocrx_word' id='word_1_854' title='bbox 1603 5349 1687 5421; x_wconf 75' lang='grc' dir='ltr'><strong>μη</strong></span> <span class='ocrx_word' id='word_1_855' title='bbox 1712 5347 1825 5418; x_wconf 74' lang='grc' dir='ltr'><strong>ἆραι</strong></span> <span class='ocrx_word' id='word_1_856' title='bbox 1870 5350 1966 5403; x_wconf 90' lang='grc' dir='ltr'><strong>καὶ</strong></span> 
     </span>
    </p>
   </div>
   <div class='ocr_carea' id='block_1_110' title="bbox 2071 5346 3650 5424">
    <p class='ocr_par' dir='ltr' id='par_1_110' title="bbox 2071 5350 3650 5424">
     <span class='ocr_line' id='line_1_110' title="bbox 2071 5350 3650 5424; baseline -0.001 -17"><span class='ocrx_word' id='word_1_857' title='bbox 2071 5351 2296 5407; x_wconf 80' lang='lat' dir='ltr'><strong>Stituam</strong></span> <span class='ocrx_word' id='word_1_858' title='bbox 2358 5351 2538 5405; x_wconf 88' lang='lat' dir='ltr'><strong>mihi?</strong></span> <span class='ocrx_word' id='word_1_859' title='bbox 2596 5351 2706 5406; x_wconf 90' lang='lat' dir='ltr'><strong>nisi</strong></span> <span class='ocrx_word' id='word_1_860' title='bbox 2748 5360 2901 5409; x_wconf 88' lang='lat' dir='ltr'><strong>certe</strong></span> <span class='ocrx_word' id='word_1_861' title='bbox 2957 5352 3461 5424; x_wconf 74' lang='lat' dir='ltr'><strong>prasexsistentiam</strong></span> <span class='ocrx_word' id='word_1_862' title='bbox 3520 5350 3650 5406; x_wconf 72' lang='lat' dir='ltr'><strong>Iesu</strong></span> 
     </span>
    </p>
   </div>
   <div class='ocr_carea' id='block_1_111' title="bbox 385 5436 1967 5515">
    <p class='ocr_par' dir='ltr' id='par_1_111' title="bbox 385 5436 1964 5511">
     <span class='ocr_line' id='line_1_111' title="bbox 385 5436 1964 5511; baseline 0.003 -21"><span class='ocrx_word' id='word_1_863' title='bbox 385 5437 740 5511; x_wconf 64' lang='grc' dir='ltr'>προῦπαρξιυ</span> <span class='ocrx_word' id='word_1_864' title='bbox 770 5437 871 5508; x_wconf 86' lang='grc' dir='ltr'>τῆς</span> <span class='ocrx_word' id='word_1_865' title='bbox 887 5436 1062 5509; x_wconf 87' lang='grc' dir='ltr'>Ἰησοῦ</span> <span class='ocrx_word' id='word_1_866' title='bbox 1100 5437 1281 5509; x_wconf 80' lang='grc' dir='ltr'>ψυχῆς</span> <span class='ocrx_word' id='word_1_867' title='bbox 1306 5438 1700 5510; x_wconf 81' lang='grc' dir='ltr'>ὀνειροπολεῖτε</span> <span class='ocrx_word' id='word_1_868' title='bbox 1719 5455 1733 5470; x_wconf 86' lang='grc'>⁶</span> <span class='ocrx_word' id='word_1_869' title='bbox 1768 5440 1882 5504; x_wconf 89' lang='grc' dir='ltr'><strong>πῶς</strong></span> <span class='ocrx_word' id='word_1_870' title='bbox 1909 5441 1964 5494; x_wconf 82' lang='grc' dir='ltr'>δὲ</span> 
     </span>
    </p>
   </div>
   <div class='ocr_carea' id='block_1_112' title="bbox 2071 5436 3652 5515">
    <p class='ocr_par' dir='ltr' id='par_1_112' title="bbox 2073 5442 3652 5515">
     <span class='ocr_line' id='line_1_112' title="bbox 2073 5442 3652 5515; baseline 0 -18"><span class='ocrx_word' id='word_1_871' title='bbox 2073 5442 2273 5498; x_wconf 82' lang='lat' dir='ltr'><strong>animae</strong></span> <span class='ocrx_word' id='word_1_872' title='bbox 2292 5443 2616 5499; x_wconf 89' lang='lat' dir='ltr'><strong>somnietis:</strong></span> <span class='ocrx_word' id='word_1_873' title='bbox 2648 5444 2931 5514; x_wconf 90' lang='lat' dir='ltr'><strong>quomodo</strong></span> <span class='ocrx_word' id='word_1_874' title='bbox 2961 5454 3149 5502; x_wconf 86' lang='lat' dir='ltr'><strong>autem</strong></span> <span class='ocrx_word' id='word_1_875' title='bbox 3179 5445 3272 5500; x_wconf 92' lang='lat' dir='ltr'><strong>ille</strong></span> <span class='ocrx_word' id='word_1_876' title='bbox 3298 5444 3416 5515; x_wconf 85' lang='lat' dir='ltr'><strong>ipse</strong></span> <span class='ocrx_word' id='word_1_877' title='bbox 3454 5442 3511 5497; x_wconf 90' lang='lat' dir='ltr'><strong>in</strong></span> <span class='ocrx_word' id='word_1_878' title='bbox 3542 5460 3652 5513; x_wconf 90' lang='lat' dir='ltr'><strong>quo</strong></span> 
     </span>
    </p>
   </div>
   <div class='ocr_carea' id='block_1_113' title="bbox 388 5523 1967 5609">
    <p class='ocr_par' dir='ltr' id='par_1_113' title="bbox 388 5523 1967 5600">
     <span class='ocr_line' id='line_1_113' title="bbox 388 5523 1967 5600; baseline 0.001 -16"><span class='ocrx_word' id='word_1_879' title='bbox 388 5530 545 5595; x_wconf 62' lang='grc' dir='ltr'>αὑτὸς</span> <span class='ocrx_word' id='word_1_880' title='bbox 571 5531 629 5584; x_wconf 75' lang='grc' dir='ltr'>ὲν</span> <span class='ocrx_word' id='word_1_881' title='bbox 645 5523 690 5599; x_wconf 82' lang='grc' dir='ltr'>ᾧ</span> <span class='ocrx_word' id='word_1_882' title='bbox 715 5529 785 5584; x_wconf 79' lang='grc' dir='ltr'>τὰ</span> <span class='ocrx_word' id='word_1_883' title='bbox 800 5530 974 5584; x_wconf 79' lang='grc' dir='ltr'>πάντα</span> <span class='ocrx_word' id='word_1_884' title='bbox 999 5528 1267 5595; x_wconf 75' lang='grc' dir='ltr'>ἔκτισται,</span> <span class='ocrx_word' id='word_1_885' title='bbox 1295 5528 1389 5585; x_wconf 88' lang='grc' dir='ltr'><strong>καὶ</strong></span> <span class='ocrx_word' id='word_1_886' title='bbox 1412 5529 1755 5600; x_wconf 78' lang='grc' dir='ltr'>πρωτότοκος</span> <span class='ocrx_word' id='word_1_887' title='bbox 1778 5533 1842 5586; x_wconf 71' lang='grc' dir='ltr'>ἐκ</span> <span class='ocrx_word' id='word_1_888' title='bbox 1862 5532 1967 5586; x_wconf 89' lang='grc' dir='ltr'><strong>τῶν</strong></span> 
     </span>
    </p>
   </div>
   <div class='ocr_carea' id='block_1_114' title="bbox 2071 5523 3652 5609">
    <p class='ocr_par' dir='ltr' id='par_1_114' title="bbox 2074 5534 3652 5609">
     <span class='ocr_line' id='line_1_114' title="bbox 2074 5534 3652 5609; baseline 0.002 -19"><span class='ocrx_word' id='word_1_889' title='bbox 2074 5534 2263 5590; x_wconf 89' lang='lat' dir='ltr'><strong>omnia</strong></span> <span class='ocrx_word' id='word_1_890' title='bbox 2299 5546 2486 5590; x_wconf 88' lang='lat' dir='ltr'><strong>creata</strong></span> <span class='ocrx_word' id='word_1_891' title='bbox 2537 5544 2689 5603; x_wconf 87' lang='lat' dir='ltr'><strong>sunt,</strong></span> <span class='ocrx_word' id='word_1_892' title='bbox 2740 5546 2800 5592; x_wconf 91' lang='lat' dir='ltr'><strong>et</strong></span> <span class='ocrx_word' id='word_1_893' title='bbox 2850 5536 3256 5609; x_wconf 86' lang='lat' dir='ltr'><strong>primogenitus</strong></span> <span class='ocrx_word' id='word_1_894' title='bbox 3306 5549 3373 5590; x_wconf 79' lang='lat' dir='ltr'><strong>ex</strong></span> <span class='ocrx_word' id='word_1_895' title='bbox 3413 5546 3652 5593; x_wconf 74' lang='lat' dir='ltr'><strong>mortuis</strong></span> 
     </span>
    </p>
   </div>
   <div class='ocr_carea' id='block_1_115' title="bbox 459 5670 1967 5748">
    <p class='ocr_par' dir='ltr' id='par_1_115' title="bbox 459 5670 1967 5745">
     <span class='ocr_line' id='line_1_115' title="bbox 459 5670 1967 5745; baseline 0.002 -18"><span class='ocrx_word' id='word_1_896' title='bbox 459 5673 500 5704; x_wconf 80' lang='grc'><strong>¹⁸</strong></span> <span class='ocrx_word' id='word_1_897' title='bbox 531 5670 698 5728; x_wconf 76' lang='lat' dir='ltr'><strong>Hebr.</strong></span> <span class='ocrx_word' id='word_1_898' title='bbox 770 5690 819 5740; x_wconf 79' lang='grc' dir='ltr'><strong>ν,</strong></span> <span class='ocrx_word' id='word_1_899' title='bbox 868 5675 919 5727; x_wconf 75' lang='lat'><strong>7.</strong></span> <span class='ocrx_word' id='word_1_900' title='bbox 999 5673 1039 5704; x_wconf 83' lang='grc'><strong>¹⁹</strong></span> <span class='ocrx_word' id='word_1_901' title='bbox 1082 5672 1321 5745; x_wconf 78' lang='lat' dir='ltr'><strong>Philipp.</strong></span> <span class='ocrx_word' id='word_1_902' title='bbox 1346 5689 1403 5740; x_wconf 88' lang='grc' dir='ltr'><strong>ιι,</strong></span> <span class='ocrx_word' id='word_1_903' title='bbox 1436 5675 1489 5741; x_wconf 92' lang='lat'><strong>7,</strong></span> <span class='ocrx_word' id='word_1_904' title='bbox 1521 5673 1574 5729; x_wconf 82' lang='lat'><strong>8.</strong></span> <span class='ocrx_word' id='word_1_905' title='bbox 1653 5674 1879 5730; x_wconf 81' lang='lat' dir='ltr'><strong>&quot;Joan.</strong></span> <span class='ocrx_word' id='word_1_906' title='bbox 1936 5691 1967 5731; x_wconf 83' lang='grc' dir='ltr'><strong>ιι</strong></span> 
     </span>
    </p>
   </div>
   <div class='ocr_carea' id='block_1_116' title="bbox 2071 5670 2943 5748">
    <p class='ocr_par' dir='ltr' id='par_1_116' title="bbox 2071 5672 2943 5748">
     <span class='ocr_line' id='line_1_116' title="bbox 2071 5672 2943 5748; baseline 0.003 -19"><span class='ocrx_word' id='word_1_907' title='bbox 2071 5672 2144 5730; x_wconf 83' lang='grc'><strong>16.</strong></span> <span class='ocrx_word' id='word_1_908' title='bbox 2225 5676 2266 5707; x_wconf 69' lang='grc'><strong>’³</strong></span> <span class='ocrx_word' id='word_1_909' title='bbox 2303 5674 2494 5731; x_wconf 75' lang='lat' dir='ltr'><strong>Matth.</strong></span> <span class='ocrx_word' id='word_1_910' title='bbox 2532 5692 2639 5741; x_wconf 64' lang='grc' dir='ltr'>ιιι,</span> <span class='ocrx_word' id='word_1_911' title='bbox 2681 5677 2747 5731; x_wconf 77' lang='lat'><strong>57</strong></span> <span class='ocrx_word' id='word_1_912' title='bbox 2788 5691 2943 5748; x_wconf 75' lang='lat' dir='ltr'><strong>seqq.</strong></span> 
     </span>
    </p>
   </div>
  </div>
