3932 6152
356 240 493 308 1619

1581 255 1891 318 LEONTII
1930 257 2301 321 BYZANTIN
2305 260 2333 319 Ι

3480 257 3639 324 1620

351 359 535 418 dictus
563 370 669 430 est,
706 362 762 418 in
798 362 1060 423 omnibus
1121 367 1238 439 ipse
1277 371 1602 440 pne-cellens
1644 373 1911 446 primoge-

2028 376 2239 447 νεκρῶν
2292 375 2527 448 εἴρηται,
2562 376 2620 430 ὲν
2664 378 2830 432 πᾶσιν
2861 377 3027 441 αὐτὸς
3058 377 3377 449 πρωτεύων,
3448 397 3623 453 πρω-

349 454 500 507 nitus
521 455 703 510 omnis
730 459 1039 513 creaturae?
1075 458 1268 526 Qualis
1304 470 1392 516 est
1429 463 1526 533 qui
1568 472 1656 519 est
1685 464 1755 520 de
1784 465 1929 521 caelo

348 546 626 603 secundus
649 547 820 604 homo
854 558 910 606 et
937 549 1242 607 Dominus?
1273 552 1409 621 Quis
1437 555 1507 610 de
1528 572 1641 626 quo
1675 557 1929 629 loquitur

347 637 635 694 Joannes:
693 659 713 692 ι
755 641 863 709 Qui
925 642 1221 700 desursum
1270 646 1448 712 venit,
1500 662 1673 718 super
1729 665 1927 707 omnes

347 738 432 787 est
459 733 503 764 ³³
524 732 551 787 ἳ
577 751 596 785 ι
638 732 775 800 Quis
799 743 886 790 est
909 736 1004 806 qui
1039 736 1178 793 dicit
1195 737 1427 810 gloriam
1461 738 1667 794 habere
1709 754 1741 794 a
1762 739 1926 795 Patre

346 830 643 893 antequam
694 824 938 881 mundus
994 826 1176 892 ﬁeret,
1226 836 1283 884 et
1337 829 1636 885 conﬁtetur
1692 846 1751 886 se
1798 845 1925 885 cum

345 914 504 970 Patre
533 929 704 970 unum
731 917 897 972 esse?
920 917 989 973 Et
1018 919 1146 988 quis
1188 930 1275 976 est
1313 920 1410 991 qui
1459 920 1629 975 habet
1675 930 1924 991 potesta—

348 1013 455 1061 tem
485 1008 732 1078 ponendi
760 1024 919 1065 suam
957 1010 1199 1066 animam
1237 1021 1293 1067 et
1338 1014 1595 1068 sumendi
1622 1015 1690 1079 ’³,
1742 1023 1799 1069 et
1825 1013 1923 1085 qui

340 1112 594 1154 eversum
622 1101 914 1170 proprium
955 1103 1222 1173 templum
1257 1111 1523 1175 tanquam
1553 1105 1810 1160 divinum
1860 1114 1919 1160 et

344 1205 452 1245 non
490 1191 713 1247 domum
760 1193 1150 1263 particularem
1195 1196 1443 1260 dictum,
1502 1205 1626 1266 post
1670 1196 1919 1251 triduum

342 1281 677 1337 resediilcare
706 1290 889 1351 potest
915 1283 1004 1337 "‘P
1032 1283 1325 1350 Quomodo
1357 1293 1545 1340 autem
1593 1301 1661 1340 ex
1684 1285 1791 1342 ﬁde
1830 1285 1922 1355 ju-

342 1370 492 1424 stitia
524 1371 702 1426 dicit:
735 1391 755 1423 ι
779 1373 859 1427 Ne
890 1373 1099 1430 dixeris
1139 1375 1193 1430 in
1226 1376 1394 1432 corde
1428 1387 1545 1440 tuo,
1574 1377 1701 1446 quis
1727 1391 1922 1431 ascen-

342 1463 424 1518 dit
454 1462 509 1517 in
539 1463 764 1529 coelum,
786 1464 839 1518 id
875 1474 962 1519 est
1018 1465 1308 1521 Christum
1371 1467 1650 1523 deducere
1699 1467 1769 1530 ",
1802 1485 1823 1517 ι
1864 1466 1916 1520 si

230 1614 233 1615 ν
345 1567 452 1609 non
474 1555 753 1611 caelestem
792 1572 914 1612 esse
940 1558 1096 1612 illum
1135 1567 1332 1614 etnon
1362 1560 1575 1615 nudum
1626 1558 1916 1614 mortalem

2029 466 2250 532 τότοκος
2302 467 2483 539 πάσης
2506 467 2734 531 κτίσεως
2752 485 2767 535 ;
2788 467 2942 533 ποῖός
2965 469 3025 522 τέ
3048 469 3195 522 ἐστιν
3227 471 3256 522 6
3296 469 3356 536 ἐξ
3371 470 3626 541 οὐρανοῦ

2028 558 2278 630 δεύτερος
2306 558 2590 631 ἄνθρωπος
2619 560 2715 613 xui
2735 559 2938 631 Κύριος
2960 577 2975 627 ;
3001 560 3087 625 τίς
3104 578 3165 614 τε
3180 561 3240 615 ὃν
3260 577 3393 633 φησι
3424 563 3629 617 Ἰωάν-

2029 665 2176 720 νης,ι
2211 649 2271 702 '0
2291 648 2497 704 ἄνωθεν
2519 650 2831 721 ἐρχόμενος,
2852 651 3053 722 μείζων
3068 651 3287 706 πάντων
3306 652 3450 715 iuri;
3476 671 3501 705 ι
3533 654 3628 717 τίς

2027 757 2087 796 τε
2108 741 2138 793 6
2160 740 2334 810 λέγων
2354 741 2512 808 δόξαν
2534 740 2678 812 ἔχειν
2694 742 2846 814 παρὰ
2863 741 2941 813 τῷ
2958 742 3134 814 Πατρὶ
3150 743 3255 814 πρὸ
3276 742 3368 797 τοῦ
3391 742 3492 797 τδν
3518 744 3622 797 κό-

2029 847 2166 902 σμον
2197 830 2470 901 γενέσθαι,
2519 833 2613 885 xui
2647 830 2925 903 ὁμολογῶν
2954 831 3147 886 ἑαυτὸν
3187 833 3284 887 σὺν
3314 832 3395 904 τῷ
3424 832 3625 904 Πατρὶ

2026 920 2085 973 ἓν
2124 914 2263 972 εἶναι
2287 937 2302 986 ;
2322 919 2417 973 xui
2448 920 2576 982 τίςό
2598 918 2844 985 ἐξουσίαν
2875 918 3013 989 ἔχων
3043 918 3218 974 θεῖναι
3248 920 3348 991 τὴν
3392 921 3626 975 οἰκείαν

2025 1009 2191 1064 αὑτοῦ
2212 1010 2390 1081 ψυχὴν
2418 1011 2513 1065 xui
2524 1005 2676 1083 ἆραι,
2699 1013 2791 1064 xui
2811 1009 3041 1064 λυθέντα
3067 1011 3162 1065 τὸν
3201 1011 3333 1066 ἴδιον
3353 1012 3510 1075 ναὸν,
3538 1012 3626 1076 ὡς

2026 1101 2169 1156 θεῖον
2198 1100 2287 1155 xui
2307 1101 2407 1154 οὐκ
2432 1096 2580 1156 οἷκον
2619 1100 2886 1155 ἰδιωτικὸν
2926 1100 3243 1171 λεγόμενον,
3311 1102 3369 1153 ἐν
3414 1102 3614 1173 τρισὶν

2024 1194 2262 1265 ἡμέραις
2303 1195 2516 1264 ἐγεῖραι
2550 1192 2810 1261 δυνατός;
2838 1192 2956 1257 πῶς
2987 1193 3045 1247 δὲ
3076 1194 3171 1248 xui
3198 1195 3229 1265 ἡ
3262 1195 3329 1247 ἑκ
3363 1192 3620 1260 πίστεως

2022 1284 2335 1355 δικαιοσύνη
2352 1284 2523 1353 λέγει,
2557 1303 2577 1335 ι
2607 1284 2699 1356 Μὴ
2737 1285 2900 1355 εἴπης
2935 1285 2996 1337 ὲν
3019 1288 3085 1355 τῇ
3117 1284 3316 1356 καρδίᾳ
3354 1302 3473 1351 σου,
3510 1286 3618 1349 Τίς

2021 1375 2355 1449 ἀναϐήσεται
2402 1378 2482 1439 εἰς
2516 1375 2608 1429 τὸν
2637 1377 2896 1447 οὐρανόν;
2926 1376 3171 1430 τούτὲστι
3201 1377 3437 1449 Χριστὸν
3465 1394 3615 1453 κατ-

2022 1470 2270 1537 αγαγεῖν,
2291 1487 2309 1519 ι
2338 1470 2385 1521 εἰ
2412 1468 2487 1538 μὴ
2513 1468 2605 1521 καὶ
2628 1467 2879 1539 οὐράνιον
2899 1464 3039 1522 εἶναι
3069 1469 3232 1522 αὐτὸν
3252 1470 3347 1523 xui
3364 1469 3427 1521 ού
3442 1469 3613 1539 ψιλὸν

2020 1557 2263 1627 ἐπίγειόν
2293 1575 2456 1629 φησι;
2481 1557 2563 1621 τίς
2582 1575 2642 1610 τε
2661 1560 2691 1612 6
2706 1557 2913 1630 Κύριος
2933 1559 3032 1630 τῆς
3055 1558 3237 1629 δόξης,
3258 1558 3317 1612 ὃν
3340 1558 3612 1627 ἀγνοοῦν-

340 1642 512 1697 dicit?
541 1642 676 1710 Quis
707 1654 793 1700 est
841 1646 1108 1703 Dominus
1138 1648 1329 1719 gloriae
1373 1665 1540 1720 quem
1603 1648 1911 1732 nescienth

2018 1667 2111 1715 τες
2161 1652 2515 1722 ἐσταύρωσαν
2556 1668 2572 1716 ;
2608 1650 2727 1715 πῶς
2767 1651 2824 1705 δὲ
2860 1652 2952 1706 xui
3005 1651 3161 1722 ὑμεῖς
3215 1652 3373 1706 αὐτοὶ
3403 1651 3506 1722 τὴν
3550 1652 3612 1703 ὲν

340 1735 736 1792 cruciﬁxerunt
768 1738 853 1791 “2’
898 1737 1188 1805 Quomodo
1241 1751 1298 1797 et
1331 1757 1433 1797 vos
1475 1741 1582 1811 ipsi
1636 1721 1911 1796 Nicaenain

2022 1743 2229 1815 Νικαίᾳ
2257 1721 2440 1797 πίστιν
2477 1743 2537 1797 οὑ
2583 1742 3012 1814 παραιτούμενοι
3047 1721 3145 1799 τὸν
3172 1745 3236 1797 ἐκ
3262 1742 3355 1797 τοῦ
3387 1721 3610 1814 Πατρὶς

344 1827 504 1883 [idem
559 1844 670 1885 non
717 1829 1080 1897 abdicantes,
1126 1832 1471 1889 conﬁtemini
1515 1831 1798 1888 Christum
1847 1849 1916 1887 ex

342 1919 503 1973 Patre
539 1920 786 1990 genitum
824 1929 952 1976 ante
1007 1922 1195 1976 omnia
1225 1923 1446 1988 saecula,
1507 1922 1603 1993 qui
1645 1911 1762 1993 ipse
1813 1922 1914 1977 de-‘

334 2010 554 2066 scendit
581 2012 651 2067 de
672 2013 831 2067 caelis
862 2021 920 2068 et
941 2013 1362 2070 incarnatusest
1382 2030 1451 2070 ex
1472 2013 1683 2085 Spiritu
1720 2022 1915 2070 sancto

332 2112 389 2158 et
421 2103 587 2159 Maria
608 2105 854 2175 Virgine,
875 2113 932 2161 et
961 2105 1128 2161 homo
1155 2104 1338 2165 factus
1363 2106 1490 2161 est?
1538 2115 1596 2161 et
1631 2105 1913 2176 quomodo

336 2196 645 2267 intelligilis
658 2197 845 2251 omnia
865 2196 970 2252 alia
988 2213 1111 2268 quae
1135 2214 1166 2252 a
1198 2196 1361 2253 nobis
1381 2214 1449 2253 ex
1472 2198 1644 2255 sacris
1664 2198 1912 2269 Eloquiis

333 2284 555 2353 prmiata
579 2293 710 2340 sunt
734 2285 803 2341 de
824 2285 1047 2343 Christo
1065 2326 1081 2352 ,
1115 2295 1375 2357 tanquam
1399 2285 1540 2340 Filio
1562 2285 1681 2351 Dei,
1708 2294 1764 2341 et
1789 2302 1911 2356 quae

333 2375 507 2445 gratia
535 2384 591 2430 et
641 2386 841 2432 natura
870 2376 1072 2432 Filium
1112 2376 1212 2432 Dei
1249 2377 1405 2431 illum
1434 2385 1765 2449 prreponunt
1793 2378 1817 2430 ?
1850 2377 1909 2433 Si

329 2469 477 2523 enim
504 2468 620 2524 haec
639 2485 752 2524 non
774 2469 949 2540 ﬁgura
964 2479 1061 2524 aut
1076 2469 1475 2541 imaginatione
1493 2479 1589 2525 aut
1608 2469 1677 2525 ad
1691 2470 1909 2524 illusio-

331 2578 459 2617 nem
478 2570 573 2616 aut
594 2572 821 2631 propter
845 2562 1057 2630 aliquid
1076 2578 1406 2632 eorumque
1422 2563 1743 2618 asseruistis
1759 2562 1908 2616 dicta

332 2652 540 2707 fuerint
569 2653 622 2705 in
648 2667 803 2705 sacra
848 2651 1162 2722 Scriptura,
1196 2669 1378 2723 neque
1426 2653 1654 2707 nomine
1711 2652 1907 2707 ﬁctitio

329 2748 517 2802 dictus
548 2745 883 2802 fueritDeus
915 2752 973 2799 et
994 2743 1168 2799 Filius
1194 2744 1318 2808 Dei,
1362 2752 1420 2799 et
1448 2744 1718 2800 Dominus
1757 2742 1906 2799 idem

327 2838 601 2897 Christus.
638 2836 919 2908 quomodo
948 2850 1061 2889 non
1089 2834 1237 2890 idem
1268 2835 1378 2890 erit
1421 2834 1554 2901 duo,
1598 2835 1803 2905 quippe
1837 2834 1905 2889 de

327 2929 522 2983 eodem
551 2936 851 2995 utrumque
880 2932 1167 2991 narratur,
1189 2921 1469 2995 quomodo
1493 2939 1640 2978 unus
1655 2932 1711 2978 et
1730 2922 1906 2978 Filius

333 3015 423 3070 Dei
453 3025 653 3070 natura
703 3024 760 3070 et
812 3014 988 3069 Filius
1042 3013 1142 3069 Dei
1194 3014 1393 3085 gratia,
1448 3012 1805 3083 impassibilis
1847 3021 1905 3068 ct

329 3106 628 3180 passibilis,
661 3110 912 3165 exaltans
965 3116 1023 3164 et
1060 3079 1359 3174 exaltatus,
1415 3117 1473 3163 et
1524 3079 1761 3178 reliqua,
1790 3121 1904 3162 non
1929 3079 1974 3141 Ο

328 3200 734 3257 mstimabitur?
1686 3217 1693 3225 ·

398 3295 518 3350 Νοιι
550 3295 700 3350 enim
724 3292 1087 3351 rationabiles
1130 3308 1262 3348 vere
1290 3291 1426 3348 estis
1462 3306 1584 3354 vos,
1624 3305 1658 3345 ο
1683 3288 1934 3352 verbosi,

327 3388 422 3459 qui
453 3404 552 3458 per
585 3387 964 3458 acceptionem
986 3385 1177 3459 ﬁgura:
1212 3393 1270 3440 et
1311 3382 1732 3454 imaginationis
1780 3396 1907 3452 pas-

327 3478 513 3534 siones
544 3486 601 3531 et
656 3476 935 3547 passibilis
978 3476 1206 3532 nomina
1256 3474 1480 3546 proprie
1534 3473 1807 3544 recipitis,
1850 3482 1908 3530 et

327 3569 864 3625 naturaetrealiter:
895 3567 1403 3639 impassibilitatem
1428 3579 1564 3620 vero
1580 3572 1637 3620 et
1660 3564 1904 3636 gloriam

326 3670 384 3715 et
412 3661 703 3726 honorem,
734 3668 793 3715 et
816 3674 1019 3716 nomen
1044 3656 1413 3715 deiﬁcationis
1445 3664 1502 3713 et
1531 3656 1734 3712 divina:
1769 3655 1909 3711 [ilia-

327 3753 519 3819 tionis,
550 3768 662 3807 non
687 3761 885 3808 natura
918 3750 1279 3824 generaliter,
1310 3763 1416 3806 nec
1453 3764 1512 3805 re
1544 3762 1652 3805 nec
1683 3761 1814 3803 vere
1835 3746 1905 3802 de

324 3845 568 3912 Christo,
593 3845 687 3901 sed
709 3844 908 3900 falsum
931 3855 1134 3900 nomen
1154 3853 1211 3899 et
1228 3842 1458 3915 ﬁguram
1475 3849 1531 3898 et
1552 3840 1905 3913 imaginatio-

326 3953 455 3993 nem
475 3945 531 3992 et
549 3952 744 3992 vanam
760 3933 1423 4007 appellationemhabetis
1442 3950 1455 3986 :
1474 3933 1521 3988 si
1533 3933 1683 3988 enim
1699 3932 1907 4001 etlvere

327 4028 591 4083 dicuntur
624 4026 694 4081 ab
718 4027 840 4097 ipso
868 4034 925 4082 et
954 4025 1389 4091 ‘iiunthuma‘na,
1421 4024 1519 4079 sed
1554 4023 1905 4080 considerate

326 4119 515 4175 studio
546 4118 801 4173 veritatis
855 4116 969 4188 regi
1004 4115 1232 4187 quidem
1266 4114 1459 4170 dicere
1487 4112 1732 4185 propriis
1767 4112 1904 4169 sub-

321 4211 504 4283 jcctis,
529 4225 674 4265 unus
705 4225 773 4265 ex
817 4208 976 4265 vobis
1006 4222 1151 4275 sum,
1200 4214 1257 4263 et
1294 4204 1492 4262 similis
1523 4205 1705 4272 vobis,
1736 4211 1793 4261 et
1822 4205 1906 4261 fa-

328 4317 454 4357 cere
481 4302 536 4356 in
567 4300 687 4357 acie
712 4300 986 4356 instructa
1019 4315 1143 4371 qua:
1179 4306 1311 4355 sunt
1340 4297 1536 4353 militis
1575 4296 1646 4352 ad
1692 4311 1901 4367 procu-

2022 1834 2352 1905 γεννηθὲντα
2380 1834 2486 1907 πρὸ
2528 1834 2745 1888 πάντων
2764 1834 2874 1889 τῶν
2915 1833 3145 1899 αἰώνων,
3170 1834 3263 1888 τὸν
3284 1834 3446 1888 αὐτὸν
3465 1852 3608 1888 κατ-

2020 1926 2245 1981 ελθόντα
2273 1926 2337 1979 ὲκ
2366 1925 2474 1979 τῶν
2505 1926 2752 1997 οὐρανῶν
2808 1928 2902 1981 xui
2957 1925 3312 2000 σαρκωθέντα
3359 1925 3606 1996 Χριστδν

2018 2018 2328 2091 ὁμολογεῖτε
2344 2021 2409 2072 ὲκ
2424 2017 2740 2088 Πνεῦματος
2754 2018 2908 2087 ἁγίου
2928 2020 3019 2070 xui
3038 2018 3257 2088 Μαρίας
3276 2018 3374 2088 τῆς
3393 2016 3608 2089 Παρθέ-

2017 2130 2132 2179 νου,
2145 2112 2239 2165 xui
2259 2110 2579 2183 ὲνανθρωπή
2588 2127 2755 2165 σαντα
2780 2128 2795 2178 ;
2819 2112 2915 2164 xui
2933 2107 3000 2160 τὰ
3018 2109 3240 2173 ἄλλαδὲ,
3262 2107 3380 2172 πῶς
3403 2110 3603 2172 νοεῖτε,

2016 2204 2118 2258 ὅσα
2144 2202 2473 2275 προείρηται
2502 2204 2635 2273 ἡμῖν
2662 2204 2727 2256 ὲκ
2747 2202 2858 2255 τῶν
2885 2200 3045 2273 ἱερῶν
3075 2199 3286 2270 Λογίων
3316 2199 3444 2273 περὶ
3467 2200 3607 2270 Χρι-

2019 2295 2169 2360 στοῦ,
2203 2294 2279 2358 ὠς
2319 2293 2452 2347 Υίοῦ
2495 2293 2796 2364 Θεοῦ,πρδς
2840 2295 2906 2364 τῇ
2945 2293 3129 2364 χάριτι
3157 2293 3252 2346 xui
3287 2291 3448 2361 φύσει
3468 2291 3605 2343 ὄντα

2015 2387 2142 2440 Υἰὸν
2174 2386 2333 2451 Θεοῦ,
2364 2384 2717 2456 παριστῶντα
2746 2385 2938 2451 αὑτόν;
2993 2386 3043 2438 εἰ
3104 2384 3214 2456 γὰρ
3248 2383 3325 2455 μὴ
3375 2383 3602 2452 δοκήσει

2014 2478 2047 2551 ἢ
2086 2476 2408 2548 φαντασίᾳῆ
2462 2475 2598 2548 πρὸς
2641 2476 2897 2530 ὑπόνοιαν
2940 2476 2976 2548 ἡ
3020 2494 3073 2530 τι
3121 2475 3230 2529 τῶν
3262 2475 3467 2529 λοιπῶν
3523 2467 3603 2530 ὧν

2014 2571 2180 2640 ἔφητε
2213 2568 2333 2623 οὐδὲ
2361 2567 2535 2622 ταῦτά
2563 2569 2710 2623 ἐστιν
2734 2568 3002 2641 εἰρημένα
3029 2570 3089 2622 ὲν
3114 2572 3182 2642 τῇ
3212 2569 3332 2639 θείᾳ.
3378 2569 3603 2639 Γραφῇ,

2011 2660 2135 2715 οὗτε
2196 2660 2302 2732 μὴν
2349 2660 2717 2734 ψευδωνύμως
2773 2662 2988 2734 εἴρηται
3037 2664 3170 2727 Θεός
3211 2680 3273 2716 τε
3315 2663 3412 2716 xui
3462 2661 3599 2726 Υἱὸς

2011 2752 2171 2819 Θεοῦ,
2203 2754 2299 2808 xui
2322 2750 2571 2826 Κύριοςό
2596 2753 2758 2819 αὐτὸς
2783 2753 3040 2826 Χριστὸς,
3073 2754 3191 2817 πῶς
3222 2753 3343 2824 οὑχί
3370 2755 3399 2806 ό
3429 2751 3600 2819 αὐτὸς

2010 2846 2161 2901 ἔσται
2192 2845 2380 2917 ἄμφω,
2406 2845 2566 2918 εἰπερ
2599 2846 2741 2900 κατὰ
2764 2845 2860 2900 τοῦ
2894 2845 3061 2900 αὑτοῦ
3090 2847 3329 2916 ἑκάτερα
3371 2843 3604 2913 λέγεται

2011 2940 2107 2994 xui
2134 2933 2215 3001 εἷς
2245 2939 2274 2992 ὅ
2312 2955 2371 2993 τε
2404 2937 2563 3007 φύσει
2619 2938 2748 3003 Υἰδς
2796 2937 2891 2992 τοῦ
2936 2937 3071 2992 Θεοῦ
3130 2937 3224 2992 xui
3247 2939 3275 2991 6
3300 2936 3482 3009 χάριτι
3514 2977 3537 3004 ,
3573 2938 3605 2990 ό

2010 3028 2229 3096 ἀπαθής
2247 3045 2307 3081 τε
2336 3029 2431 3081 καὶ
2460 3026 2723 3098 παθητὸς,
2742 3026 2986 3082 νὰνιστῶν
3004 3045 3065 3085 τε
3092 3028 3188 3082 xui
3210 3026 3604 3096 ἀνιστάμενος,

2009 3121 2103 3178 xui
2130 3118 2200 3177 τὰ
2226 3118 2412 3187 λοιπὰ,
2436 3118 2830 3192 δοξασθήσεται
2864 3138 2880 3188 ;

2077 3309 2154 3364 Οὐ
2209 3307 2321 3381 γὰρ
2354 3307 2569 3377 εῦλογοι
2611 3306 2779 3370 ὅντως
2828 3303 3010 3374 ὑμεῖς,
3040 3295 3088 3357 ὦ
3126 3298 3484 3372 εὑρεσιλόγοι,
3528 3295 3603 3351 δι’

2007 3401 2292 3456 εύλάὸειαν
2347 3402 2446 3472 μὲν
2508 3399 2786 3469 δοκήσεως
2842 3397 2937 3451 xui
2969 3393 3289 3467 φαντασίας,
3335 3391 3405 3446 τὰ
3447 3389 3601 3460 πάθη

2006 3512 2067 3549 τε
2116 3494 2213 3548 καὶ
2255 3494 2326 3547 τὰ
2371 3491 2467 3546 τοῦ
2550 3489 2795 3560 παθητοῦ
2851 3489 3097 3561 ὀνόματα
3164 3485 3371 3557 κυρίως
3439 3481 3602 3536 ἐκδεο

2006 3586 2247 3657 χόμενοι,
2282 3584 2376 3637 xui
2408 3584 2569 3652 φύσει
2614 3582 2709 3636 xui
2748 3578 3187 3652 πραγματιωδῶς
3206 3593 3222 3609 ’
3249 3578 3349 3647 τὴν
3367 3576 3423 3630 δὲ
3448 3574 3605 3629 άπά-

2008 3677 2158 3732 θειαν
2189 3677 2284 3730 xui
2311 3674 2472 3742 δόξαν
2507 3673 2604 3729 xui
2624 3672 2813 3745 τιμὴν,
2851 3674 2948 3726 xui
2977 3671 3038 3725 τὸ
3066 3671 3162 3739 τῆς
3206 3668 3461 3740 θεότητος
3501 3666 3604 3721 xui

2007 3766 2158 3831 θείας
2184 3766 2431 3837 υἰότητος
2453 3764 2650 3836 όνομα,
2675 3765 2736 3819 οὑ
2770 3762 2933 3835 φύσει
2960 3761 3022 3816 τὸ
3054 3760 3311 3824 καθόλου,
3359 3759 3420 3813 οὐ
3455 3757 3604 3829 πρά-

2006 3874 2214 3929 γμασιν
2256 3856 2381 3910 οὑδὲ
2411 3855 2580 3919 ὅντως
2609 3855 2703 3907 ἐπὶ
2734 3850 2998 3926 Χριστοῦ,
3032 3850 3170 3906 ἀλλὰ
3210 3847 3601 3921 ψευδωνυμίαν

2008 3949 2104 4002 xui
2139 3946 2361 4016 δόκησιν
2393 3946 2487 4000 xui
2528 3944 2824 4015 φαντασίαν
2873 3943 2972 3997 xui
3015 3941 3270 4012 διακενῆς
3317 3955 3602 4012 προσηγο-

2012 4034 2153 4104 ρίαν’
2187 4033 2240 4085 ei.
2270 4032 2378 4104 γὰρ
2407 4033 2501 4087 xui
2529 4032 2698 4096 ὅντως
2716 4031 2935 4101 λέγεται
2965 4032 3056 4085 ὑπ’
3086 4029 3254 4084 αὑτοῦ
3290 4031 3386 4083 xui
3421 4027 3600 4098 πράτ-

2008 4139 2158 4178 τεται
2186 4122 2257 4176 τὰ
2305 4120 2646 4192 ἀνθρώπινα,
2682 4120 2820 4174 ἀλλὰ
2857 4120 3113 4174 σκοπεῖτε
3152 4116 3486 4188 φιλαλήθως,
3509 4115 3597 4168 ὅτι

2009 4212 2220 4283 βασιλεῖ
2276 4212 2375 4283 μὲν
2408 4211 2588 4281 λέγειν
2631 4213 2747 4274 τοῖς
2798 4210 2948 4274 ἰδίοις
2986 4209 3252 4278 ὑπηκόοις
3292 4207 3377 4261 ὅτι
3408 4200 3502 4268 Εἷς
3528 4201 3593 4268 ἐξ

2008 4304 2163 4376 ὑμῶν
2187 4305 2327 4374 εἰμι,
2361 4303 2455 4357 xui
2501 4303 2685 4373 ὅμοιος
2726 4304 2875 4373 ὑμῖν,
2910 4302 3006 4356 xui
3035 4300 3296 4372 πράττειν
3331 4299 3388 4351 ἐν
3417 4294 3599 4366 καιρῷ

328 4395 555 4450 randam
591 4392 903 4449 communis
942 4391 1225 4463 propriam
1260 4389 1590 4462 reipublicae
1644 4389 1901 4455 salutem,

2015 4396 2371 4469 παρατάξεως
2403 4395 2474 4449 τά
2514 4395 2609 4449 τοῦ
2646 4394 3002 4468 στρατιώτου,
3054 4392 3337 4464 προθυμίᾳ
3366 4391 3465 4461 τῆς
3499 4390 3597 4442 τοῦ

322 4498 437 4542 non
456 4487 633 4542 solum
661 4500 775 4541 non
809 4500 933 4542 esse
950 4483 1500 4556 reprehendendum,
1527 4482 1626 4538 sed
1647 4490 1705 4537 et
1733 4480 1904 4537 nimis

324 4580 661 4651 gloriosum:
703 4578 937 4637 militem
961 4591 1117 4644 vero,
1140 4577 1187 4632 si
1214 4575 1365 4647 regie
1402 4582 1678 4645 proponat
1709 4582 1767 4631 et
1796 4588 1902 4629 no-

326 4675 591 4740 minetur,
627 4689 741 4729 non
773 4686 998 4742 parvam
1042 4671 1331 4726 incurrere
1374 4667 1823 4723 accusationem:
1852 4668 1901 4723 si

326 4764 494 4838 igitur
522 4765 623 4836 qui
647 4773 734 4822 est
774 4764 948 4821 Filius
975 4760 1223 4818 hominis
1249 4768 1307 4817 et
1343 4759 1510 4815 homo
1539 4759 1742 4824 solum,
1774 4758 1901 4813 uni-

323 4858 546 4930 genitus
583 4859 683 4915 Dei
740 4857 939 4923 Filius,
986 4864 1044 4911 et
1089 4853 1493 4926 primogenitus
1521 4853 1705 4908 omnis
1742 4867 1901 4907 crea-

325 4959 464 5006 turae
492 4950 557 5015 "’,
589 4960 647 5007 et
690 4967 858 5022 super
891 4965 1088 5006 omnes
1117 4949 1265 5004 Deus
1292 4948 1361 5015 ",
1393 4954 1451 5003 et
1496 4946 1735 5017 reliqua,
1789 4944 1901 5000 dici

325 5039 638 5096 consentiat
690 5048 909 5097 etcum
960 5047 1239 5111 potestate
1296 5045 1587 5108 pratponat
1628 5044 1900 5117 tanquam

323 5133 606 5197 dominus,
666 5132 725 5186 in
778 5133 954 5186 Deum
1013 5131 1336 5200 conspirare
1394 5126 1799 5181 convincitur:
1854 5126 1903 5181 si

323 5241 479 5293 vero,
503 5240 630 5281 cum
658 5224 731 5279 sit
756 5225 856 5280 Dei
877 5223 1052 5279 Filius
1090 5230 1148 5278 et
1182 5223 1348 5286 Deus,
1377 5226 1568 5273 utatur
1603 5217 1902 5287 aliquando

323 5318 585 5374 humanis
622 5318 854 5373 vocibus
881 5325 936 5372 et
968 5316 1156 5381 rebus,
1202 5312 1435 5368 evidens
1464 5317 1551 5366 est
1588 5309 1738 5381 quod
1793 5327 1905 5382 prae

324 5401 560 5470 ualui-ali
596 5410 997 5483 magnitudine,
1025 5404 1471 5463 humiliationem
1500 5417 1568 5459 ex
1598 5402 1900 5461 dilectione

325 5507 605 5563 ostendat.

392 5635 720 5699 "Joan.m,
752 5635 840 5690 3i.
924 5636 968 5667 ’³
998 5634 1156 5690 Joan.
1209 5647 1260 5698 κ,
1298 5629 1383 5685 18.
1463 5629 1507 5659 ³*
1547 5625 1702 5681 Joan.
1745 5644 1803 5692 ιι,
1860 5628 1941 5685 l9.

325 5701 370 5741 ⁸³
401 5705 607 5793 ΕιρΙιρε.
636 5722 707 5773 ιν,
741 5706 790 5761 6.

2006 4488 2189 4543 κοινοῦ
2225 4489 2327 4559 τῆς
2368 4487 2505 4551 ἰδίας
2558 4486 2831 4549 πολιτείας
2884 4483 3180 4556 σωτηρίας,
3239 4483 3301 4537 οὑ
3342 4484 3503 4552 μόνον
3531 4480 3597 4534 οὔ

2002 4579 2229 4651 ψεκτὸν,
2257 4577 2394 4633 ἀλλὰ
2430 4579 2523 4632 xui
2555 4577 2696 4647 ἄγαν
2728 4576 2969 4642 ἔνδοξον
2990 4574 3333 4647 στρατιώτην
3360 4573 3418 4627 δὲ
3443 4573 3597 4637 ὄντα,

2006 4672 2303 4744 βασιλικῶς
2352 4671 2712 4743 προστάττειν
2756 4670 2791 4740 ἢ
2843 4667 3247 4739 ὀνομάζεσθαι,
3294 4666 3357 4721 οὐ
3413 4664 3601 4735 μικρῷ

2002 4765 2290 4837 περιϐαλεῖ
2318 4764 2651 4837 ἐγκλήματιι
2684 4765 2845 4835 εἰπερ
2880 4759 2975 4818 οῦν
3006 4762 3135 4826 Υίδς
3164 4759 3242 4815 ὣν
3278 4757 3596 4830 ἀνθρώπου,

2020 4860 2115 4914 xui
2171 4858 2463 4931 ἄνθρωπος
2548 4856 2710 4926 μόνον
2740 4898 2756 4923 ,
2810 4858 2839 4910 ὁ
2908 4854 3205 4927 μονογενὴς
3273 4852 3368 4907 τοῦ
3457 4850 3598 4905 Θεοῦ

2003 4952 2156 5019 Υίὸς,
2210 4951 2307 5004 xui
2356 4948 2705 5021 πρωτότοκος
2767 4947 2950 5018 πάσης
3001 4945 3255 5009 κτίσεως,
3305 4945 3401 4998 καὶ
3435 4944 3464 4996 6
3498 4941 3594 4994 ἐπὶ

2003 5044 2222 5099 πάντων
2275 5041 2442 5109 Θεὸς,
2477 5040 2572 5094 xui
2609 5038 2679 5093 τὰ
2731 5038 2927 5104 λοιπὰ,
2958 5036 3255 5109 λεγόμενός
3300 5053 3361 5089 τε
3392 5032 3594 5089 ἀποδέο

2003 5149 2179 5204 χεται,
2209 5132 2305 5185 xui
2338 5129 2562 5201 ἐξουσία
2600 5130 2940 5202 προστάσσει
2991 5129 3068 5193 ὡς
3115 5129 3342 5200 Κύριος,
3395 5127 3594 5198 ἀνταρ·

2006 5223 2131 5288 σίας
2160 5223 2306 5277 ἑάλω
2327 5223 2463 5295 πρὸς
2488 5222 2641 5276 Θεόν·
2684 5225 2735 5277 εἰ
2779 5222 2837 5275 δὲ
2868 5222 2964 5276 xui
3007 5220 3145 5275 Θεοῦ
3176 5220 3308 5283 Υἱὸς
3340 5219 3436 5274 xui
3459 5217 3597 5282 Θεὸς

2010 5315 2179 5379 ὄντως
2204 5314 2301 5379 ὣν,
2337 5313 2536 5384 χρῆταί
2568 5330 2700 5367 ποτε
2732 5315 2848 5387 τοῖς
2882 5313 3240 5385 ἀνθρωπείοις
3266 5312 3475 5382 ῥήμασι
3496 5310 3596 5362 xui

2010 5406 2324 5478 πράγμασι,
2357 5405 2517 5476 δῆλον
2550 5406 2623 5470 ὡς
2662 5406 2800 5477 πρὸς
2845 5407 2913 5477 τῇ
2950 5394 3151 5475 φυσικῇ
3185 5402 3593 5475 μεγαλειότητι,

2010 5500 2104 5553 xui
2130 5497 2539 5566 συγκατάὸασιν
2574 5498 2633 5565 ἐξ
2660 5497 2994 5569 ἁγαθότητος
3025 5496 3413 5549 ἐπιδείκνυται.

2021 5629 2066 5660 ’³
2100 5628 2259 5683 liam.
2309 5643 2363 5694 χ,
2401 5625 2457 5684 6.
2534 5627 2579 5659 ’⁸
2616 5626 2638 5681 1
2667 5625 2796 5682 Cor.
2857 5641 2916 5692 ιι,
2951 5626 3004 5681 8.
3081 5623 3129 5656 ³⁷
3154 5622 3365 5680 Coloss.
3402 5637 3441 5687 ι,
3500 5621 3589 5675 l5.
