3858 6156
248 269 406 338 1621

1207 271 1602 334 ADVERSUS
1640 234 2188 331 NESTORIANOS.
2227 289 2298 300 -
2335 263 2481 323 LIB.
2523 259 2642 321 III.

3405 251 3542 317 1622

342 385 409 439 Εἰ
433 383 490 438 δὲ
521 381 597 454 μὴ
632 380 775 436 κατὰ
811 379 906 435 τοῦ
940 379 1106 435 αὐτοῦ
1133 379 1264 434 Υίοῦ
1305 381 1338 451 ἢ
1373 382 1692 452 προσώπου,
1722 380 1858 436 ἀλλᾶ

2030 376 2091 431 Si
2121 382 2306 431 autem
2340 388 2455 428 non
2483 372 2550 428 de
2595 370 2793 427 eodem
2831 367 2974 424 Filio
3015 375 3112 424 aut
3169 366 3365 422 eadem
3418 385 3542 438 prr-

248 473 396 531 καθ’
417 473 606 546 ἑτέρου
627 474 722 527 καὶ
743 473 930 544 ἐτέρου
950 471 1071 526 υίοῦ
1089 471 1160 526 τὰ
1181 473 1418 550 διάφορα
1443 475 1635 539 νοεῖτε,
1660 473 1778 538 πῶς
1795 471 1856 527 ού

249 566 367 622 δύο
397 568 551 629 υἱοὺς
579 559 766 637 σαφῶς
807 563 1095 632 δοξάζετε;
1146 565 1262 630 πῶς
1292 564 1362 619 δὲ²
1389 566 1449 620 ού
1487 562 1717 638 θάτερον
1757 565 1858 638 μὲν

251 659 410 713 Θεὸν
441 659 594 712 οὐδὲν
637 659 717 720 είς
745 653 1067 726 ἀνθρώπους
1113 657 1234 709 κατ’
1288 655 1481 710 οὐσίαν
1527 655 1855 719 κενωθέντα,

255 749 416 803 ἀλλὰ
449 748 610 820 μόνον
646 746 788 801 κατὰ
837 743 936 816 τὴν
973 744 1032 814 ἐξ
1063 745 1277 800 αἰώνων
1301 744 1670 819 προνοητικὴν
1692 741 1858 800 αὑτοῦ

255 839 582 910 ἐνέργειαν,
627 837 697 892 δι’
723 837 914 908 ἑτέρου
942 837 1044 909 τὴν
1077 837 1354 909 ἡμετέραν
1393 837 1670 908 σωτηρίαν
1717 837 1864 890 οίκο-

255 930 548 1002 νομοῦντά
606 943 782 998 φατες
841 927 918 991 ώς
965 927 1104 998 μηδὲ
1173 927 1460 999 ἀληθεύειν
1499 927 1690 981 λοιπὸν
1738 925 1860 981 καθ’

257 1021 421 1090 ὑμᾶς
442 1019 523 1086 τὸ,
559 1019 634 1072 Ού
673 1017 912 1090 πρέσϐυς
953 1015 1062 1071 οὐδ’
1082 1017 1336 1086 ἄγγελος,
1364 1017 1479 1071 ἀλλ’
1507 1016 1669 1082 αὐτὸς
1691 1019 1720 1071 6
1748 1015 1864 1070 Κύ-

261 1128 391 1180 ριος
468 1109 674 1164 ἔσωσεν
720 1111 889 1181 ἡμᾶς,
920 1109 1014 1164 τὸν
1059 1109 1118 1163 δὲ
1170 1109 1360 1178 ἕτερον
1405 1109 1539 1174 υἱὸν,
1575 1107 1864 1180 ἄνθρωπον

257 1203 457 1271 ψιλὸν,
503 1201 624 1256 κατ’
657 1201 814 1256 οὐδὲν
855 1201 977 1271 Θεῷ
1021 1200 1385 1255 κοινωνοῦντα
1412 1199 1446 1271 ἢ
1471 1201 1772 1272 ἡνωμένον,
1799 1200 1863 1252 ού

263 1293 463 1362 φύσει,
497 1294 596 1364 οὐχ
622 1293 924 1348 ὑποστάσει
945 1291 1198 1358 δοξάζετε
1225 1308 1241 1360 ;
1273 1294 1322 1346 εἰ
1357 1291 1453 1363 μὴ,
1483 1291 1559 1355 ὥς
1586 1309 1744 1361 φατε,
1769 1291 1867 1361 μό-

261 1400 350 1453 νῳ
391 1383 470 1455 τῷ
493 1385 716 1455 ὀνόματι
750 1385 892 1438 κατὰ
936 1385 1028 1439 τὸν
1074 1383 1186 1438 τῶν
1225 1382 1534 1453 ὁμωνύμων
1558 1382 1738 1450 λόγον·
1779 1381 1866 1452 ἐφ’

263 1468 352 1527 ὧν
381 1475 447 1530 τὸ
477 1476 577 1548 μὲν
620 1477 792 1547 ὄνομα
845 1476 1046 1542 κοινὸν,
1074 1477 1104 1528 6
1133 1475 1192 1528 δὲ
1233 1475 1378 1530 κατὰ
1422 1472 1660 1544 τοῦνομα
1709 1473 1868 1542 λόγος

264 1567 380 1637 τῆς
417 1567 629 1632 οὐσίας,
681 1567 869 1638 ἕτερός
897 1568 1047 1622 ὲστιν
1099 1565 1210 1620 ἀεί·
1257 1559 1370 1636 οἷον
1398 1565 1426 1618 ὅ
1453 1567 1513 1617 τε
1554 1563 1613 1616 ὲν
1639 1563 1869 1637 ἀληθείᾳ

266 1657 588 1728 ἄνθρωπος,
618 1660 712 1712 καὶ
743 1661 770 1714 6
795 1659 852 1712 ὲν
879 1659 1070 1730 Γραφῇ
1091 1657 1260 1728 ἄμφω
1273 1655 1564 1726 λεγόμενος
1597 1654 1867 1718 ὡσαύτως

1959 487 2114 538 soua,
2143 468 2242 526 sed
2279 469 2349 526 de
2384 481 2497 522 uno
2521 476 2578 522 et
2609 466 2789 521 altero
2815 463 2928 518 ﬁlio
2953 463 3176 518 diversa
3221 461 3539 532 concipiti‘s,

1959 559 2238 632 quomodo
2265 574 2378 614 non
2399 557 2541 612 duos
2555 571 2678 612 esse
2709 554 2855 610 ﬁlios
2880 553 3177 632 manifeste
3194 551 3542 624 opinamini?

1960 631 2240 722 quomodo
2269 662 2404 704 vero
2435 645 2670 722 alterum
2693 637 2921 719 quidem
2942 641 3116 699 Deum
3139 631 3372 697 minime
3397 641 3545 696 inter

1961 719 2219 798 homines
2253 737 2560 795 secundum
2610 719 2982 792 substantiam
3037 743 3390 796 evacuatum,
3447 731 3545 788 sed

1962 832 2142 888 solum
2163 831 2320 901 juxta
2371 821 2752 904 operationem
2794 824 2970 893 ipsius
3004 839 3071 878 ex
3113 822 3333 878 saeculis
3363 821 3548 892 provi~

1963 924 2214 987 dentem,
2246 935 2352 991 ope
2403 917 2640 974 alterius
2685 915 2754 973 de
2795 924 2985 972 nostra
3020 915 3198 970 salute
3245 913 3549 984 disponen-

1964 1022 2080 1069 tem
2143 1025 2259 1066 non
2295 1005 2522 1063 dicitis?
2554 1005 2639 1061 sic
2677 1003 2825 1076 apud
2853 1019 2956 1060 vos
3015 995 3126 1058 non
3185 1017 3314 1059 esse
3345 1017 3542 1057 verum

1966 1103 2140 1170 istud,
2173 1117 2278 1157 nec
2303 1097 2574 1164 nuntius,
2619 1111 2804 1168 neque
2849 1097 3104 1167 angelus,
3142 1095 3238 1150 sed
3267 1097 3386 1166 ipse
3438 1095 3548 1148 Do-

1967 1197 2156 1252 minus
2203 1191 2439 1251 salvavit
2478 1183 2605 1255 nos,
2662 1189 2903 1243 alterum
2937 1203 3074 1242 vero
3107 1187 3304 1251 ﬁlium,
3359 1185 3548 1266 homi-

1965 1306 2095 1347 nem
2130 1289 2370 1354 nudum,
2425 1285 2656 1340 minime
2682 1282 2798 1338 Deo
2832 1281 3268 1352 participantcm
3293 1289 3390 1336 aut
3422 1279 3550 1335 uni-

1969 1393 2110 1448 tum,
2153 1397 2260 1438 nec
2297 1373 2518 1435 natura
2544 1393 2648 1433 nec
2699 1377 2988 1450 hypostasi
3041 1372 3397 1446 opinamini?
3431 1371 3550 1428 Nisi

1967 1474 2169 1530 dicatis
2199 1473 2274 1529 ita
2307 1488 2434 1528 esse
2460 1470 2580 1528 solo
2608 1470 2860 1534 nomine,
2909 1467 3228 1526 secundum
3272 1466 3421 1541 quod
3451 1465 3553 1518 ha-

1970 1567 2136 1622 betur
2174 1581 2278 1636 pro
2303 1564 2492 1621 verbis
2521 1565 2910 1638 homonymis:
2946 1559 3130 1632 quoad
3182 1559 3285 1613 ista
3311 1571 3553 1628 quorum

1969 1673 2174 1713 nomen
2202 1672 2498 1712 commune
2556 1665 2663 1722 est,
2691 1656 2940 1711 Verbum
2996 1649 3308 1708 secundum
3344 1663 3553 1702 nomen

265 1747 422 1802 τισὶν
450 1749 910 1820 ἀπαρατηρήτως
957 1747 1261 1820 ἄνθρωπος,
1293 1745 1452 1802 Οὕτω
1486 1747 1586 1818 μὲν
1635 1744 1729 1800 οῦν
1775 1745 1870 1800 καὶ

1976 1749 2320 1814 substantiae,
2345 1750 2579 1804 alterum
2611 1757 2697 1804 est
2724 1759 2984 1816 semper;
3013 1753 3074 1800 ut
3098 1743 3157 1798 in
3181 1741 3424 1798 veritate
3449 1740 3554 1794 ho-

273 1839 414 1892 τάδε
464 1841 598 1910 παρ’
626 1839 786 1910 ἡμῶν
814 1839 1230 1894 ἀποδέδεικται·
1265 1839 1352 1892 ἵνα
1393 1839 1449 1893 δὲ
1485 1838 1621 1910 πρὸς
1651 1837 1872 1908 ἔλεγχον

268 1929 378 1998 τῆς
427 1927 624 2000 λοιπῆς
664 1929 846 1984 αὐτῶν
891 1930 1146 1994 ἀσεϐείας
1201 1931 1400 1994 αὐτοὺς
1447 1929 1871 2001 κατασύρωμεν,

271 2018 439 2072 αὐτοὶ
471 2018 781 2088 λεγέτωσαν
815 2022 968 2092 ἡμῖν·
1001 2021 1092 2076 τὸν
1123 2021 1244 2076 κατ’
1268 2021 1466 2084 αὐτοὺς
1493 2021 1728 2092 θάτερον
1762 2019 1874 2074 τῶν

274 2110 417 2164 υἱῶν
454 2111 712 2183 Χριστὸν,
739 2111 831 2166 τὸν
859 2111 1156 2166 ἀσύνθετον
1201 2111 1281 2183 τῷ
1339 2111 1522 2183 Λόγῳ,
1579 2113 1686 2166 τίνι
1707 2113 1874 2182 φασὶν

272 2199 606 2270 ὁμοούσιονς
635 2203 684 2256 εί
711 2203 820 2274 γὰρ
841 2202 1040 2269 οὐδενὶ,
1067 2203 1190 2258 οὐδὲ
1227 2203 1365 2258 Υίὸν
1404 2203 1562 2270 ὅλως,
1591 2203 1736 2268 τίνος
1767 2203 1875 2274 ἄρα

279 2293 572 2360 εἷποισαν;
615 2294 740 2348 ἐπεὶ
771 2297 884 2359 τοῖς
925 2293 1177 2349 τεκοῦσιν
1213 2293 1283 2367 ἦν
1325 2295 1718 2366 ἀνομοούσιος·
1755 2295 1876 2349 οὐδὲ

276 2382 620 2454 γεννηθέντα
658 2383 775 2448 οῦν,
819 2384 940 2438 οὐδὲ
970 2383 1112 2448 ζῶον
1137 2383 1290 2440 ἔσται
1333 2379 1478 2440 νοεῖν
1506 2384 1691 2451 αὐτὸν,
1731 2385 1876 2440 καθὰ

277 2476 382 2531 καὶ
427 2475 584 2530 αὐτοὶ
619 2481 678 2550 ἐγ
704 2479 818 2540 τοῖς
869 2475 1064 2548 πρώην
1092 2475 1416 2532 δεδώκασιν·
1458 2477 1508 2531 εί
1552 2477 1612 2532 δὲ
1642 2475 1720 2548 τῷ
1757 2475 1878 2550 Θεῷ

283 2567 474 2638 μόνον,
499 2567 612 2638 ἄρα
641 2583 706 2636 γε
747 2568 842 2622 καὶ
869 2567 966 2621 δύο
1005 2569 1137 2622 θεῖοι
1178 2568 1284 2622 υίοί
1313 2570 1442 2633 εἰσι,
1478 2561 1576 2624 καὶ
1611 2567 1811 2641 τετρὰς
1839 2570 1874 2640 ὴ

279 2657 416 2725 ἁγία
442 2657 637 2730 Τριάς·
660 2657 756 2711 καὶ
782 2655 942 2712 τοῦτο
979 2657 1037 2712 δὲ
1061 2657 1334 2728 λέγοντες,
1357 2657 1393 2730 ἦ
1422 2658 1484 2712 οὐ
1513 2658 1605 2712 τὸν
1635 2661 1702 2712 ὲκ
1727 2659 1879 2728 Παρ-

281 2749 440 2804 θένου
477 2748 643 2819 φασὶν
681 2747 822 2805 εἶναι
873 2750 1046 2816 τόνδε,
1084 2749 1118 2821 ἥ
1157 2751 1254 2804 καὶ
1283 2749 1382 2822 τὴν
1416 2743 1716 2820 Παρθένον,
1745 2749 1879 2804 Θεὸν

283 2841 438 2896 ἴσασι
471 2841 658 2911 φύσει·
694 2841 856 2914 εῐπερ
886 2841 1173 2911 ὁμοούσιος
1215 2843 1313 2896 καὶ
1341 2842 1478 2913 αὐτῇ
1518 2845 1549 2896 6
1582 2842 1880 2915 ὀμοούσιος

283 2931 428 3004 Θεῷ·
455 2932 537 2986 διὸ
565 2932 633 3006 δὴ
653 2933 750 2988 καὶ
771 2934 919 3005 ἡμᾶς
952 2935 1164 2998 πάντας
1196 2934 1324 2997 τοὺς
1355 2933 1681 3005 ὁμοουσίους
1709 2935 1876 3006 αὐτῇ,

287 3023 446 3088 Θεοῦς
487 3024 555 3080 ἂν
603 3023 812 3079 εἴποιεν
867 3024 1112 3088 εἰκότως·
1183 3025 1280 3079 καὶ
1336 3016 1724 3096 ἀπειροθεΐαν
1763 3026 1878 3078 είσ-

1974 1861 2098 1909 mo,
2129 1853 2186 1899 et
2210 1845 2266 1898 in
2295 1843 2586 1914 Scriptura
2615 1838 2778 1899 ambo
2813 1842 2998 1897 dictus
3029 1837 3364 1910 quibusdam
3388 1837 3559 1891 homo

1973 1935 2110 2008 quin
2131 1937 2314 1990 animo
2349 1934 2415 1990 ad
2453 1935 2562 1990 hoc
2589 1933 2913 1990 attendatur
2956 1949 2969 1986 :
3000 1932 3075 1986 ita
3103 1929 3333 2001 quidem
3387 1926 3561 1998 igitur

1973 2035 2031 2084 et
2061 2027 2180 2082 haec
2213 2043 2244 2081 a
2292 2025 2458 2082 nobis
2507 2025 2890 2082 demonstrata
2926 2029 3094 2077 sunt:
3157 2029 3218 2075 ut
3265 2027 3452 2073 autem
3489 2017 3559 2072 ad

1973 2119 2360 2192 probationem
2413 2118 2647 2188 reliqua:
2703 2131 2898 2171 eorum
2962 2111 3269 2184 impietatis
3297 2110 3446 2180 ipsos
3477 2120 3560 2164 at-

1975 2211 2284 2276 trahamus,
2312 2210 2418 2281 ipsi
2449 2209 2636 2265 dicant
2669 2207 2866 2263 nobis:
2897 2206 3078 2264 Unum
3108 2203 3264 2273 juxta
3313 2203 3466 2272 ipsos
3491 2216 3562 2255 ex

1979 2297 2112 2356 ﬁliis
2141 2299 2428 2356 Christum
2465 2315 2576 2353 non
2590 2297 2964 2368 compositum
2988 2293 3196 2360 Verbo,
3240 2283 3333 2348 cui
3365 2291 3562 2347 dicunt

1977 2389 2556 2448 consubstantialem?
2579 2389 2636 2446 Si
2658 2389 2807 2444 enim
2827 2387 2989 2452 nulli,
3009 2401 3114 2440 nec
3133 2384 3306 2439 ﬁlium
3331 2381 3479 2438 omni
3489 2395 3560 2434 no

1983 2481 2224 2552 alicujus
2255 2479 2510 2550 profecto
2546 2479 2762 2535 dicant!
2815 2477 3034 2533 Etenim
3065 2490 3178 2531 non
3235 2474 3318 2529 illi
3367 2473 3562 2529 eadem

1977 2591 2044 2631 ac
2065 2572 2396 2646 parentibus
2417 2580 2566 2628 esset
2591 2571 2902 2628 substantia
2927 2589 2940 2624 :
2973 2553 3157 2640 neque
3183 2567 3356 2639 igitur
3405 2564 3562 2637 geni-

1971 2649 2119 2734 tum,
2181 2681 2364 2738 neque
2410 2667 2602 2720 vivum
2655 2663 2882 2719 dabitur
2920 2661 3078 2718 illum
3135 2659 3456 2732 concipere,
3507 2667 3570 2714 ut

1979 2758 2086 2830 ipsi
2123 2751 2302 2828 nuper
2361 2764 2806 2812 concesserunt:
2855 2753 2902 2810 si
2933 2762 3123 2810 autem
3189 2752 3305 2808 Deo
3363 2751 3542 2830 solum

1979 2847 2230 2921 profecto
2265 2847 2492 2920 quidem
2515 2855 2573 2902 et
2602 2847 2716 2902 duo
2743 2831 2919 2902 divini
2943 2845 3042 2902 ﬁlii
3073 2853 3226 2910 sunt,
3253 2851 3310 2900 et
3336 2844 3567 2914 quater-

1977 2941 2128 2996 nitas
2147 2948 2245 2996 aut
2265 2950 2458 2996 sancta
2482 2939 2777 2994 Trinitas:
2818 2945 2878 2993 et
2917 2936 3058 2992 illud
3091 2945 3411 2993 asserentes
3469 2942 3570 2989 aut

1981 3046 2094 3086 non
2115 3047 2184 3085 ex
2231 3031 2456 3102 Virgine
2493 3030 2652 3085 illum
2707 3043 2832 3086 esse
2866 3027 3084 3094 dicunt,
3135 3036 3234 3083 aut
3286 3025 3568 3098 Virginem

286 3114 484 3186 ἄγουσι
517 3115 965 3188 προφανέστατα·
995 3117 1052 3180 ⁴εί
1090 3115 1148 3169 δὲ
1205 3116 1339 3185 ἡμῖν
1371 3092 1533 3186 μόνον
1585 3115 1875 3184 όμοούσιόν

1979 3122 2155 3176 Deum
2192 3129 2395 3176 natura
2435 3128 2755 3176 noverunt:
2809 3119 3018 3191 quippe
3079 3119 3152 3174 sit
3191 3119 3570 3174 consubstan-

287 3225 423 3280 φασι
450 3210 544 3264 τὸν
581 3210 843 3282 Χριστὸν,
879 3208 1010 3262 Υίὸν
1044 3204 1182 3260 Θεοῦ
1208 3206 1524 3276 λεγόμενον,
1551 3207 1606 3260 τί
1627 3207 1874 3284 διαφέροι

291 3302 358 3356 ἂν
393 3294 548 3363 οὗτος
576 3300 687 3355 τῶν
724 3298 930 3356 λοιπῶν
963 3297 1096 3352 υίῶν
1123 3297 1220 3352 τοῦ
1255 3297 1392 3352 Θεοῦ
1418 3283 1745 3370 εἰρημένων,
1788 3297 1875 3350 λε-

286 3393 551 3462 γέτωσαν·
575 3391 703 3459 περὶ
722 3383 798 3445 ὧν
833 3390 1050 3462 εἴρηται
1078 3388 1185 3444 ὑπὸ
1211 3388 1306 3442 τοῦ
1335 3387 1494 3443 Θεοῦ·
1520 3405 1542 3439 ι
1567 3388 1681 3443 Kal.
1719 3387 1874 3442 ἔσον-

285 3481 380 3538 ταί
409 3499 498 3554 μοι
523 3481 604 3546 είς
631 3483 782 3548 υἱοὺς
813 3481 909 3536 καὶ
939 3479 1243 3554 θυγατέρας
1265 3495 1280 3510 ·
1311 3477 1482 3542 »καὶμ
1517 3479 1660 3550 Ἐγὼ
1687 3475 1840 3534 εἶπον
1859 3498 1872 3512 ·

288 3572 409 3626 Θεοί
429 3573 552 3626 ἐστε
602 3573 698 3627 καὶ
727 3574 834 3628 υἱοὶ
869 3572 1124 3644 Ὑψίστου
1150 3571 1374 3639 πάντες,
1408 3590 1428 3624 ι
1459 3572 1552 3626 καὶ
1572 3572 1644 3626 τὰ
1661 3571 1864 3626 τοιάδε.

1985 3211 2130 3266 tialis
2171 3218 2230 3266 et
2273 3211 2382 3281 ipsi
2434 3209 2932 3266 consubstantialis
2973 3209 3110 3266 Deo.
3168 3203 3295 3264 Ideo
3352 3217 3410 3263 et
3468 3222 3569 3262 nos

1980 3316 2180 3357 omnes
2228 3300 2736 3358 consubstantiales
2785 3299 3022 3372 Virgini,
3076 3299 3212 3356 deos
3259 3299 3460 3354 merito
3490 3297 3578 3354 (ii-

1983 3401 2208 3450 ccrent:
2265 3400 2323 3449 et
2373 3393 2844 3464 iuexperientiam
2901 3392 3172 3448 exhibent
3226 3391 3571 3447 manifestis-

1985 3485 2158 3542 sime:
2189 3486 2236 3542 si
2271 3501 2408 3542 vero
2443 3485 2608 3542 nobis
2665 3487 2844 3543 solum
2891 3484 3428 3541 consubstantialem
3483 3482 3566 3538 di-

1977 3584 2114 3632 cunt
2139 3577 2450 3638 Christum.
2485 3577 2670 3633 Flium
2699 3577 2801 3634 Dei
2825 3576 3063 3643 dictum,
3105 3576 3164 3631 in
3206 3592 3318 3648 quo
3349 3574 3574 3630 diﬁ‘erat

287 3664 394 3721 iste
425 3680 458 3720 a
509 3664 722 3721 caeteris
753 3665 880 3721 ﬁliis
907 3664 996 3720 dei
1034 3663 1383 3736 nuncupatis,
1443 3663 1651 3732 dicant,
1683 3661 1754 3718 de
1783 3663 1986 3734 quibus
2024 3671 2302 3740 prolatum
2333 3679 2420 3726 est
2444 3687 2475 3727 a
2503 3671 2658 3727 Deo:
2701 3689 2718 3723 ι
2757 3671 2825 3726 Ει
2851 3679 3018 3727 erunt
3063 3667 3198 3724 mihi
3249 3669 3306 3724 in
3357 3667 3500 3725 ﬁlios
3517 3677 3572 3725 et

291 3755 502 3812 ﬁlias?»
534 3754 604 3810 Et
649 3774 669 3808 ι
706 3755 821 3826 Ego
849 3753 962 3836 dixi
993 3753 1119 3808 :Dii
1145 3753 1280 3810 estis
1301 3761 1359 3809 et
1389 3752 1490 3809 ﬁlii
1516 3753 1720 3810 excelsi
1747 3767 1943 3812 omnes
1970 3759 2038 3826 ὀ,
2065 3777 2084 3810 ι
2116 3767 2175 3815 et
2203 3759 2429 3816 similia.

943 3869 1142 3923 ΕΦΑΛ.
1182 3869 1263 3922 Ζ¹.

887 3869 1142 3924 ΚΕΦΑΛ.
1182 3869 1263 3922 Ζ¹.
1396 3894 1398 3897 ·

359 3959 488 4016 Υίὸν
544 3959 666 4032 μὲν,
699 3959 854 4032 φησι,
883 3957 978 4014 τοῦ
1011 3957 1171 4023 Θεοῦ,
1206 3957 1368 4028 φύσει
1397 3959 1490 4014 τὸν
1530 3959 1668 4014 Θεὸν
1696 3961 1873 4032 Λόγον

295 4051 470 4124 μόνον,
500 4051 593 4106 τὸν
615 4051 902 4122 όμοούσιον
933 4049 1012 4122 τῷ
1043 4048 1221 4122 Πατρί
1253 4067 1437 4122 φαμεν
1466 4067 1481 4082 ·
1515 4051 1608 4106 τὸν
1633 4052 1690 4108 δὲ
1735 4053 1872 4126 Χρι-

295 4143 433 4206 στὸν,
465 4143 596 4198 Υἱὸν
625 4142 725 4214 μὲν
767 4139 908 4196 Θεοῦ
953 4141 1466 4213 προσαγορεύεσθαι
1493 4145 1678 4220 χάριτι
1714 4139 1884 4213 λέγοιέ

2051 3963 2254 4021 Filium
2275 3965 2522 4036 quidem,
2536 3871 2705 4035 1ηὲιέ
2709 3873 3112 4030 ἲῡὲἰιξίιιιιιιτε
3125 3961 3302 4036 Deum
3320 3959 3570 4024 Verbum

1969 4056 2176 4124 solum,
2213 4055 2748 4114 consubstantialem
2776 4055 2928 4112 Patri
2958 4044 3238 4111 dicimus:
3271 4053 3571 4130 ‘Christum

1970 4161 2107 4204 vero
2134 4147 2338 4204 Filium
2371 4147 2472 4204 Dei
2499 4147 2776 4222 appellari
2810 4146 2985 4219 gratia
3020 4153 3298 4211 tenemus,
3329 4141 3571 4202 similem

297 4252 414 4305 μεν,
449 4235 637 4306 ὅμοιον
683 4233 743 4286 δὲ
775 4227 920 4288 εἶναι
967 4233 1035 4304 τῇ
1074 4231 1238 4301 φύσει
1269 4249 1286 4266 ο
1312 4233 1374 4286 ού
1400 4231 1490 4288 διὰ
1518 4233 1640 4289 τόδε
1677 4235 1735 4289 δὲ
1772 4235 1870 4290 καὶ

1976 4253 2107 4295 vero
2151 4254 2278 4296 esse
2320 4247 2564 4295 natura:
2599 4253 2712 4311 non
2767 4245 2957 4293 autem
3003 4235 3134 4293 ideo
3177 4231 3361 4306 ipsum
3406 4235 3574 4292 nobis

293 4327 552 4398 ὁμότιμον
571 4324 738 4380 αὐτὸν
753 4325 886 4396 ἡμῖν
899 4324 1002 4396 ήδη
1022 4325 1436 4396 παριστὰνομεν
1457 4325 1605 4380 Υίόν·
1631 4328 1758 4382 ἐπεὶ
1775 4329 1872 4384 καὶ

1976 4333 2188 4388 honore
2238 4346 2430 4402 parem
2475 4329 2678 4386 Filium
2719 4329 2835 4402 jam
2877 4327 3247 4400 proponimus
3289 4345 3304 4383 :
3339 4343 3469 4384 nam
3517 4337 3576 4384 et

295 4418 456 4489 ἡμεῖς
499 4416 750 4488 χάρισμα
773 4413 1047 4479 υἱοθεσίας
1085 4414 1352 4485 ἐλάϐομεν
1395 4417 1548 4488 παρὰ
1581 4415 1754 4485 Θεοῦ,
1785 4418 1875 4473 καὶ

1983 4423 2091 4494 ipsi
2117 4422 2326 4502 donum
2352 4421 2726 4479 deiﬁcationis
2744 4406 3062 4510 accepimus
3093 4436 3125 4476 a
3154 4420 3290 4502 Deo,
3315 4427 3374 4475 et
3397 4421 3575 4493 gratia

295 4509 475 4580 χάριτί
513 4509 684 4578 ἐσμεν
717 4506 885 4562 τέκνα
911 4505 1070 4574 Θεοῦ,
1101 4506 1196 4561 καὶ
1225 4506 1552 4578 κληρονόμοι
1581 4507 1741 4571 Θεοῦ,
1779 4499 1876 4565 καὶ

299 4599 728 4673 συγκληρονόμοι
760 4585 942 4655 αὐτοῦ
969 4598 1208 4672 Χριστοῦ
1233 4615 1248 4630 ·
1280 4581 1377 4654 καί
1404 4598 1514 4652 τῶν
1539 4600 1740 4670 ὁμοίως
1769 4598 1882 4674 γὰρ

297 4691 602 4765 λεγομένων
649 4691 916 4756 πολλάκις
937 4731 954 4759 ,
985 4689 1194 4761 ἇφατος
1222 4690 1542 4762 εὑρίσκεται
1590 4691 1834 4763 διαφορά
1859 4710 1876 4726 ·

305 4784 512 4854 κυρίως
541 4775 644 4856 γὰρ
674 4783 770 4838 καὶ
797 4783 1079 4855 κτίσματα
1109 4783 1139 4838 ὃ
1163 4801 1226 4837 τε
1250 4781 1452 4853 κώνωψ
1470 4773 1565 4836 καὶ
1585 4783 1614 4837 6
1645 4784 1879 4854 ἄγγελος

301 4873 460 4945 ἄμφω
489 4874 691 4947 ὁμοίως
724 4873 976 4944 λέγεται·
1009 4875 1106 4928 καὶ
1137 4875 1378 4954 ούιπαρὰ
1397 4873 1516 4930 τόδε
1541 4876 1708 4947 ὅμοιά
1733 4877 1874 4932 ἐστι·

300 4967 428 5022 πολὺ
459 4968 568 5040 γὰρ
617 4967 680 5022 τὸ
709 4967 968 5038 διάφορον
1019 4961 1233 5022 αὐτῶν·
1271 4965 1447 5032 οὕτως
1497 4964 1594 5024 οῦν
1637 4969 1734 5039 καὶ
1779 4971 1874 5025 ἐπὶ

299 5058 401 5112 τῶν
427 5059 576 5114 θέσει
601 5059 874 5130 διαφόρων
900 5057 1036 5113 υἱῶν
1061 5057 1198 5113 Θεοῦ
1242 5061 1338 5114 καὶ
1364 5061 1549 5132 χάριτι
1604 5061 1828 5133 νοητέον
1853 5079 1868 5094 ·

303 5147 546 5212 πλείονος
601 5145 710 5220 γὰρ
742 5147 1174 5220 τιμῆςὴξίωται
1218 5149 1510 5224 ό-Χριστὸς
1571 5153 1667 5206 καὶ
1721 5154 1874 5224 παρὰ

301 5239 507 5311 Μωῦσῆ
535 5239 628 5294 τὸν
663 5239 853 5310 ,μέγαν
884 5239 942 5290 ὲν
997 5240 1332 5310 προφήταις,
1377 5241 1609 5298 καθόσον
1649 5237 1874 5300 πλείονα

303 5329 603 5410 τιμὴνίἕχει
634 5326 731 5382 τοῦ
769 5328 921 5382 οἴκου
951 5330 978 5382 6
1003 5331 1426 5395 κατασκευάσας
1456 5329 1664 5387 αὐτόν(

365 5419 430 5474 Εί
459 5418 556 5474 οῦν
591 5419 670 5490 μὴ
715 5419 810 5472 καὶ
849 5415 1024 5474 ταῦτα
1073 5422 1478 5493 προσποιεῖσθε,
1537 5423 1654 5478 ἀλλ’
1703 5425 1874 5493 ὅντως

309 5511 402 5567 κᾶν
451 5513 620 5585 τιμῆς
669 5509 765 5566 καὶ
821 5510 980 5578 ἀξίας
1011 5512 1127 5568 ἴστε
1170 5515 1464 5587 πρόκρισιν
1506 5517 1600 5572 ἐπὶ
1630 5519 1872 5592 Χριστοῦ

373 5668 418 5700 υ
447 5666 588 5722 Psal.
633 5677 809 5728 LXXXI,
840 5663 891 5718 6.
983 5666 1029 5698 ³ο
1062 5667 1220 5722 Rom.
1257 5682 1377 5734 vni,
1421 5668 1506 5722 l7.

1985 4527 2180 4569 sumus
2205 4497 2453 4580 ﬁliiDei,
2481 4521 2540 4569 et
2561 4513 2813 4592 haeredes
2837 4495 2957 4591 Dei,
2977 4521 3034 4570 et
3053 4495 3376 4592 cohaeredes
3397 4513 3572 4584 ipsius

1982 4600 2192 4662 Christi
2208 4607 2276 4660 '°.
2293 4605 2356 4662 lu
2375 4606 2464 4664 his
2484 4590 2669 4663 tamen
2686 4590 2810 4681 qua
2829 4621 2972 4685 saepe
2998 4590 3258 4683 similiter
3277 4604 3569 4672 dicuntur,

1983 4697 2209 4759 infanda
2237 4687 2518 4770 reperitur
2549 4697 2905 4756 differentia:
2957 4699 3184 4770 proprie
3225 4699 3376 4754 enim
3411 4714 3574 4756 crea-

1983 4795 2136 4845 turae
2149 4796 2206 4844 et
2231 4790 2396 4844 culex
2423 4797 2481 4846 et
2509 4790 2741 4862 angelus
2771 4789 2938 4854 ambo
2967 4787 3224 4844 similiter
3263 4787 3532 4864 dicuntur
3557 4806 3572 4844 :

1978 4888 2170 4944 etnon
2206 4881 2336 4938 ideo
2364 4881 2578 4938 similes
2611 4889 2742 4937 sunt
2765 4878 3045 4948 :multum
3085 4879 3234 4936 enim
3265 4877 3572 4935 differunt:

1977 4963 2052 5028 ita
2081 4971 2254 5044 igitur
2293 4973 2362 5030 de
2393 4973 2632 5031 diversis
2675 4971 2804 5028 ﬁliis
2833 4972 2936 5028 Dei
2976 4971 3275 5042 adoptione
3305 4969 3576 5048 etgratia

1981 5064 2386 5125 sentiendum:
2443 5065 2730 5136 amplioris
2785 5063 2938 5118 enim
2990 5063 3180 5135 gloria:
3230 5063 3432 5135 dignus
3488 5071 3574 5118 est

1981 5155 2202 5213 habitus
2245 5153 2524 5224 Christus,
2569 5164 2627 5212 et
2658 5171 2774 5228 prae
2800 5155 2986 5226 Moyse
3015 5170 3215 5228 magno
3261 5154 3406 5212 inter
3437 5166 3570 5224 pro-

1981 5249 2202 5319 phetas,
2242 5233 2454 5320 quanto
2486 5248 2812 5320 ampliorem
2847 5247 3122 5304 honorem
3155 5245 3328 5302 habet
3377 5243 3572 5298 domus

1983 5339 2078 5410 qui
2106 5339 2400 5396 fabricavit
2419 5340 2592 5396 illam.
3376 5321 3384 5330 ’

2004 5421 2010 5425 ’
2055 5428 2116 5486 Si
2165 5429 2335 5502 igitur
2375 5447 2487 5488 non
2531 5440 2591 5488 et
2641 5430 2764 5488 haec
2808 5429 3173 5494 admiseritis,
3199 5425 3298 5484 sed
3341 5435 3474 5479 vere
3515 5430 3574 5476 et

1983 5522 2218 5580 honoris
2237 5531 2298 5580 et
2315 5525 2604 5600 dignitatis
2626 5524 2898 5582 noveritis
2916 5523 3245 5582 electionem
3265 5512 3576 5594 deChristo
