3932 6152
370 248 509 313 1623

1623 261 1933 322 LEONTII
1972 264 2381 325 ΒΥΖΑΝΤΙΝΙ

3517 278 3553 332 l
3568 275 3707 335 624

364 380 536 435 supra
581 371 813 418 ceteros
859 361 1137 430 homines,
1188 380 1303 419 non
1354 373 1541 422 autem
1596 369 1942 436 substantiag,

2059 374 2201 442 παρὰ
2261 375 2387 438 τοὺς
2438 374 2661 438 λοιποὺς
2700 374 3046 447 ἀνθρώπους,
3078 376 3130 429 εὶ
3162 376 3258 430 καὶ
3308 377 3389 450 μὴ
3433 377 3699 446 οὐσίας,

364 454 645 527 quomodo
667 454 833 525 paulo
856 464 985 510 ante
1011 456 1360 513 vocationem
1393 459 1568 529 ipsius
1602 471 1657 516 et
1682 462 1950 519 honorem

366 566 534 621 quem
582 549 800 619 accepit
828 564 859 603 a
891 550 1006 604 Deo
1056 550 1296 606 similem
1339 553 1617 609 vocationi
1654 564 1712 612 et
1751 557 1953 612 honori

366 641 552 697 Aaron
570 638 879 705 afﬁrmatis,
895 641 1026 712 quia
1042 643 1188 698 sicut
1205 652 1264 699 et
1282 643 1488 712 Aaron,
1508 646 1584 700 ita
1602 654 1661 702 et
1698 646 1955 705 Christus

369 732 582 786 dictant
636 731 769 787 est?
817 730 951 799 Qum
978 721 1202 803 quidem
1252 736 1422 808 igitur
1470 739 1692 794 tandem
1722 752 1953 810 prater-

370 824 677 878 mittamus.
701 823 778 878 De
807 826 1064 895 exemplo
1087 835 1273 883 autem
1305 838 1490 885 vestro
1517 830 1790 897 dicemus,
1821 848 1950 902 per-

369 912 497 967 inde
545 929 610 969 ac
639 916 935 985 saperetis,
957 933 991 972 o
1013 919 1294 989 sophistae,
1335 921 1540 979 creatio
1577 923 1798 1005 diversa
1826 941 1956 996 pro-

369 1002 526 1058 ducit
557 1012 614 1058 et
651 1013 803 1061 creat
855 1008 1164 1063 secundum
1203 1010 1608 1068 substantiam:
1637 1002 1869 1086 insuper
1900 1027 1957 1074 et

372 1097 506 1153 facit
536 1108 600 1154 ut
630 1115 699 1155 ex
727 1116 840 1155 non
881 1102 1279 1159 exsistentibus
1322 1104 1454 1172 sint,
1488 1114 1549 1161 ut
1572 1107 1865 1175 dicebatis,
1898 1120 1956 1167 et
1988 1124 1997 1127 ‘

372 1192 603 1262 angelus
629 1200 685 1248 et
719 1194 901 1259 culex,
940 1210 1063 1264 quae
1095 1194 1322 1266 quidem
1358 1204 1557 1254 natura
1587 1200 1875 1267 diﬂ'erunt,
1901 1212 1958 1259 et

374 1283 450 1338 ita
501 1283 643 1339 facta
690 1293 819 1339 sunt
851 1285 1036 1341 divina
1084 1287 1398 1343 creatione:
1432 1290 1565 1360 quid
1596 1308 1728 1363 ergo
1772 1294 1956 1350 dicitis

370 1376 606 1446 gratiam
635 1375 820 1431 datam
837 1375 1060 1433 Christo
1091 1378 1467 1436 dilferentiam
1499 1383 1568 1438 ab
1592 1384 1714 1454 ipso
1748 1385 1957 1443 iecisse

373 1467 681 1549 secundum
709 1468 1097 1526 substantiam
1142 1471 1199 1526 in
1231 1472 1413 1544 aliqua
1449 1490 1532 1541 re,
1558 1486 1658 1532 aut
1702 1480 1854 1533 non?
1898 1480 1955 1535 Si

374 1558 600 1614 minime
630 1560 878 1630 quidem,
927 1563 1207 1632 quomodo
1261 1567 1470 1636 pariter
1524 1584 1589 1623 ac
1640 1568 1957 1627 dill‘erentia

372 1659 711 1717 creatorum,
740 1651 1059 1710 diﬂ’erentia
1093 1656 1151 1710 in
1192 1656 1371 1728 gratia
1401 1660 1780 1729 perspicitur?
1816 1662 1956 1719 Cum

373 1743 469 1797 illa
517 1743 744 1814 quidem
789 1745 1191 1803 exsistentibus
1232 1747 1398 1806 faciat
1444 1729 1809 1820 dili‘erentias,
1849 1754 1955 1811 ista

372 1834 635 1891 minime:
672 1836 910 1892 multum
938 1839 1089 1895 enim
1125 1855 1257 1896 vere
1286 1841 1425 1898 illud
1462 1842 1640 1914 ipsum
1663 1860 1695 1900 a
1722 1845 1957 1904 diversis

371 1924 674 1982 diversum.
703 1927 761 1984 Si
813 1929 1040 1998 fecerit,
1078 1932 1310 1989 evidens
1355 1944 1440 1991 est
1491 1935 1640 2005 quod
1667 1938 1955 1994 meliorem

369 2014 542 2074 eﬂlcit
568 2019 874 2076 secundum
902 2030 1161 2078 naturam
1193 2024 1351 2079 illum
1393 2041 1561 2094 quem
1601 2028 1953 2098 gratiﬁcavit.

370 2111 586 2181 Quippe
640 2111 813 2183 igitur
856 2113 1150 2170 exsistcnti
1199 2116 1410 2187 aliquid
1464 2119 1771 2174 secundum
1819 2122 1957 2177 sub-

372 2201 631 2258 stantiam
665 2202 855 2258 datum
887 2214 994 2270 est,
1030 2222 1142 2262 non
1176 2209 1324 2264 enim
1377 2209 1607 2268 minime
1666 2214 1955 2269 exsistenti

369 2289 544 2361 gratia
598 2291 784 2359 datur,
833 2309 936 2349 nec
966 2296 1113 2364 quod
1162 2296 1318 2353 nullo
1372 2299 1539 2356 modo
1586 2309 1692 2369 est,
1735 2318 1804 2358 ex
1842 2320 1954 2359 non

373 2382 775 2441 exsistentibus
801 2385 895 2452 sit,
920 2386 1037 2457 ipsa
1057 2388 1212 2455 facit,
1242 2390 1407 2445 aliter
1430 2401 1580 2449 esset
1601 2393 1720 2464 ipsa
1746 2396 1957 2452 creatio

374 2483 430 2530 et
460 2490 575 2530 non
609 2479 808 2548 gratia,
845 2480 979 2550 quid
1013 2479 1260 2547 Christo,
1309 2499 1433 2539 cum
1470 2484 1574 2543 iste
1616 2494 1764 2542 esset
1795 2497 1956 2543 antea

374 2565 684 2620 secundum
735 2569 1123 2633 substantiam,
1174 2572 1331 2628 dedit
1380 2575 1498 2645 ipsa
1551 2577 1767 2647 gratia?
1812 2578 1957 2645 Quid

373 2657 509 2713 fecit
532 2658 769 2729 amplius
800 2660 856 2715 in
880 2661 973 2715 illo
1002 2670 1203 2719 natura
1236 2664 1539 2722 ell'ormans
1565 2676 1622 2723 et
1646 2669 1954 2726 secundum

375 2748 745 2804 substantiam
793 2749 1081 2805 meliorem
1126 2750 1409 2808 eﬂiciens?
1455 2754 1513 2811 Si
1546 2757 1694 2812 enim
1740 2759 1956 2816 homini

373 2837 525 2895 nudo
554 2837 745 2894 datum
781 2847 890 2905 est,
934 2839 1176 2908 primum
1212 2842 1438 2911 quidem
1492 2844 1589 2899 ubi
1632 2855 1691 2899 et
1734 2848 1956 2916 quando

371 2938 495 2984 erat
513 2928 629 2994 ille,
655 2928 851 2983 dicite:
871 2936 1062 2998 postea
1091 2930 1267 3000 gratia
1303 2929 1443 3000 ipsa,
1481 2945 1608 2986 cum
1629 2947 1760 2988 vere
1780 2935 1956 3004 gratia

375 3020 663 3075 meliorem
720 3019 876 3074 illum
926 3019 1098 3076 eﬂicit
1132 3022 1439 3109 secundum
1493 3032 1748 3080 naturam
1791 3041 1953 3095 quem
1983 3062 2028 3122 ε

374 3110 727 3182 gratiﬁcavit,
750 3110 797 3166 si
827 3119 977 3167 esset
1017 3111 1207 3178 homo,
1240 3111 1530 3168 evidenter
1570 3115 1825 3185 angelum
1862 3125 1959 3172 aut

374 3203 584 3274 aliquid
610 3202 789 3259 simile
822 3202 1131 3259 secundum
1158 3212 1413 3259 naturam
1437 3214 1533 3261 aut
1557 3204 1733 3260 Deum
1763 3222 1959 3263 neces-

373 3293 522 3352 sario
545 3293 710 3349 fecit:
746 3293 888 3349 nihil
912 3294 1061 3349 enim
1103 3292 1255 3349 aliud
1299 3310 1468 3366 super
1501 3295 1619 3351 haec
1656 3298 1844 3367 potius
1875 3306 1960 3354 est

374 3385 600 3440 homine
629 3384 933 3440 secundum
964 3385 1365 3441 substantiam:
1391 3386 1437 3442 si
1460 3402 1594 3443 vero
1619 3387 1755 3443 illud
1777 3388 1958 3459 ipsum

372 3478 654 3534 hominem
711 3478 889 3547 ipsum
956 3478 1264 3534 secundum
1339 3479 1704 3536 substantiam
1754 3482 1954 3539 melius

373 3568 584 3626 faciens
609 3570 786 3641 gratia
813 3569 1020 3638 eﬁ‘ccit,
1049 3570 1282 3627 evidens
1314 3571 1462 3642 quod
1491 3571 1699 3642 aliquid
1728 3574 1952 3630 volatile

371 3671 469 3716 aut
499 3676 668 3731 pecus
707 3668 804 3716 aut
851 3661 1045 3731 reptile
1072 3669 1200 3716 ante
1239 3661 1472 3732 gratiam
1505 3672 1627 3718 erat
1655 3663 1759 3718 iste
1786 3679 1952 3734 quem

371 3752 703 3823 gratiﬁcavit
736 3753 877 3824 ipsa.
910 3751 1044 3818 Quae
1067 3753 1293 3822 quidem
1324 3752 1494 3824 igitur
1518 3753 1742 3810 videtur
1762 3755 1951 3811 dicere

370 3843 441 3900 de
468 3842 693 3899 Christo
730 3862 743 3898 :
780 3842 943 3899 aliter
974 3843 1049 3899 ita
1077 3853 1135 3899 et
1179 3858 1373 3900 omnes
1417 3843 1673 3900 homines
1698 3845 1950 3916 ejusdem

369 3935 563 4007 gratiae
608 3940 667 3990 et
710 3941 838 3990 ante
884 3935 1065 4005 ipsum
1090 3942 1297 3990 etcum
1332 3936 1455 4005 ipso
1496 3942 1554 3992 et
1602 3944 1728 4006 post
1768 3937 1950 4008 ipsum

371 4027 669 4099 participes
693 4035 900 4084 erunt:
930 4036 985 4082 et
1019 4027 1245 4097 quidem
1275 4027 1515 4097 amplius
1553 4042 1619 4084 ac
1657 4027 1797 4098 ipse,
1822 4044 1948 4084 cum

2057 466 2172 530 πῶς
2212 469 2319 537 πρὸ
2351 464 2551 538 μικροῦ
2580 465 2680 537 τὴν
2712 466 2906 535 κλῆσιν
2933 466 3099 521 αὑτοῦ
3132 469 3228 522 καὶ
3257 469 3361 540 τὴν
3388 470 3591 542 τιμὴν
3620 470 3699 543 ἦν

2056 557 2216 611 ἔλαϐε
2267 558 2418 628 παρὰ
2445 558 2604 625 Θεοῦ,
2634 559 2826 629 ὁμοίαν
2856 555 2997 614 εἶναι
3032 560 3134 632 τῆς
3177 560 3397 633 ’Δαρὼν
3442 562 3700 633 διισχυο

2058 651 2299 722 ριζεσθε,
2322 652 2412 706 διὰ
2450 651 2514 706 τὺ
2572 651 2828 724 καθάπερ
2860 653 2955 706 καὶ
3003 651 3251 725 ’Δαρὼν,
3281 653 3471 718 οὕτως
3499 656 3623 708 καὶ
3662 659 3697 708 6

2056 744 2291 815 Χριστὸς
2324 743 2579 814 εἰρῆσθαι
2604 761 2620 810 ;
2653 744 2765 797 Καὶ
2784 744 2944 798 τοῦτο
2975 746 3073 814 μὲν
3091 744 3186 800 οὖν
3211 746 3351 809 τέως
3372 747 3693 816 ἀφείσθωο

2056 836 2189 907 περὶ
2210 834 2267 889 δὲ
2283 834 2868 906 ιτοῦαπαραδειγματος
2893 835 3049 906 ὑμῶν
3077 836 3338 909 ἐροῦμεν,
3362 839 3447 902 ὡς
3473 840 3527 892 εἰ
3569 857 3697 893 xa-

2055 930 2323 992 τανοεῖτε,
2356 922 2401 983 ὦ
2437 929 2711 997 σοφισταὶ,
2739 929 2774 1000 ἡ
2796 927 2972 994 κτίσις
3005 929 3246 1001 διάφορα
3277 930 3531 1001 προάγει
3570 931 3692 984 καὶ

2057 1021 2234 1085 κτίζει
2284 1019 2407 1074 κατ’
2434 1019 2623 1074 οὐσίαν
2646 1035 2661 1048 ⁸
2690 1019 2770 1073 ἔτι
2827 1019 2888 1073 δὲ
2931 1022 3029 1075 καὶ
3080 1023 3147 1075 ὲκ
3196 1021 3270 1092 μὴ
3306 1021 3488 1075 ὄντων
3510 1017 3694 1077 εἶναι

2058 1113 2223 1179 ποιεῖ,
2252 1110 2443 1181 ὥσπερ
2476 1110 2642 1182 ἐφητε
2662 1153 2678 1179 ,
2703 1113 2801 1164 καὶ
2831 1111 2926 1164 τὸν
2957 1110 3191 1181 ἄγγελον
3243 1112 3340 1165 καὶ
3388 1112 3492 1164 τὸν
3550 1112 3694 1166 κώ-

2056 1221 2236 1269 νωπα,
2271 1205 2398 1259 τάδε
2430 1203 2500 1258 τὰ
2529 1205 2762 1275 διάφορα
2791 1204 2921 1257 ὄντα
2938 1207 3007 1275 τῇ
3037 1202 3223 1273 φύσει,
3256 1203 3356 1257 καὶ
3383 1204 3541 1259 οὕτω
3572 1222 3685 1273 γε-

2057 1295 2259 1363 νόμενα
2291 1293 2398 1348 ὑπὸ
2421 1292 2521 1361 τῆς
2542 1292 2694 1357 θείας
2722 1292 2970 1356 κτίσεως
2998 1294 3051 1346 τί
3081 1293 3176 1347 οὖν
3204 1310 3381 1362 (pars;
3420 1293 3527 1346 καὶ
3562 1296 3679 1364 rip.

2050 1386 2301 1457 δοθεῖσαν
2330 1385 2493 1456 χάριν
2520 1383 2744 1455 Χριστῷ
2771 1384 3039 1456 διαφορὰν
3064 1384 3233 1439 αὐτοῦ
3270 1385 3511 1456 ποιῆσαι
3531 1385 3684 1438 κατ’

2057 1477 2247 1554 οὑσίμν
2291 1476 2446 1546 πρός
2482 1475 2624 1545 τι,ἢ
2687 1475 2853 1546 οὐχίς
2894 1478 2943 1529 εἰ
3000 1477 3098 1545 μὲν
3157 1475 3270 1547 γὰρ
3328 1474 3501 1546 οὐχὶ,
3532 1474 3685 1535 πῶς

2058 1567 2262 1637 ὁμοίως
2287 1569 2388 1636 τῆς
2429 1567 2697 1638 διαφορᾶς
2725 1566 2835 1620 τῶν
2864 1566 3125 1633 κτιστῶν,
3157 1568 3188 1637 ἡ
3220 1568 3278 1620 ὲν
3304 1567 3500 1637 χάριτι
3532 1566 3686 1620 διει-

2059 1658 2202 1729 φορὰ
2224 1657 2417 1727 ὁρᾶται
2447 1672 2467 1720 ;,
2502 1657 2661 1726 εἴπερ
2691 1656 2874 1728 εκείνη
2910 1657 3010 1727 μὲν
3038 1658 3185 1709 ποιεῖ
3217 1655 3510 1718 οὐσιῶδεις
3535 1655 3690 1707 διαο

2058 1750 2254 1818 φορὰς,
2288 1747 2429 1818 αὕτη
2476 1747 2532 1801 δὲ
2587 1747 2707 1816 οὐχί
2732 1764 2746 1778 ο
2780 1747 2917 1801 πολὺ
2967 1747 3077 1818 γὰρ
3108 1744 3185 1808 ὡς
3233 1744 3457 1814 ἀληθῶς
3490 1744 3688 1797 τοῦτο

2056 1840 2192 1894 αὐτὸ
2222 1839 2283 1893 τὸ
2329 1838 2441 1892 τῶν
2491 1839 2764 1909 διαφόρων
2784 1838 3042 1908 διάφορον
3072 1852 3087 1866 ’
3123 1836 3173 1889 εἰ
3226 1834 3285 1888 δὲ
3344 1834 3679 1903 πεποίηκε,

2055 1931 2300 2002 δηλονότι
2351 1932 2596 2000 κρειττοϊ
2644 1928 2832 1982 τοῦτον
2865 1928 3009 1984 κατὰ
3051 1927 3151 1998 τὴν
3184 1926 3348 1995 φύσιν
3374 1923 3587 1990 αὐτοῦ,
3624 1916 3683 1990 ᾧ

2057 2023 2383 2095 κεχάρισται
2406 2039 2419 2053 ·
2443 2022 2566 2073 ἐπεὶ
2614 2015 2710 2073 οὖν
2763 2020 2880 2072 ὄντι
2921 2035 2975 2071 τι
3006 2018 3107 2086 τὴν
3136 2017 3326 2072 οὐσίαν
3357 2017 3527 2087 ἐδόθη
3570 2014 3677 2085 (οὗ

2055 2118 2166 2190 γὰρ
2192 2115 2270 2187 τῷ
2293 2114 2368 2187 μὴ
2394 2114 2558 2183 ὄντιὴ
2584 2110 2767 2183 χάρις,
2794 2110 2916 2164 οὐδὲ
2949 2110 3055 2181 μὴν
3082 2109 3141 2163 τὸ
3162 2109 3339 2180 πάντη
3375 2108 3455 2179 μὴ
3482 2109 3573 2172 ὃν,
3596 2112 3677 2164 ὲκ

2062 2210 2136 2281 μὴ
2166 2209 2336 2263 ὄντων
2367 2204 2506 2261 εἶναι
2543 2205 2683 2276 αὕτη
2721 2206 2868 2258 ποιεῖ
2888 2222 2900 2234 ·
2931 2203 3085 2257 ἔσται
3118 2202 3227 2275 γὰρ
3272 2202 3340 2257 ἂν
3370 2201 3526 2256 οὕτω
3553 2204 3671 2257 καὶ

2057 2303 2194 2371 αὕτη
2227 2302 2403 2365 κτίσις
2432 2300 2528 2353 καὶ
2560 2300 2622 2352 οὐ
2653 2297 2859 2369 χάρις),
2888 2298 2942 2351 τι
2971 2297 3083 2353 ὄντι
3107 2297 3284 2369 τούτῳ
3308 2296 3388 2367 τῷ
3417 2296 3670 2368 Χριστῷ

2057 2396 2179 2448 κατ’
2209 2393 2399 2447 οὐσίαν
2426 2390 2620 2462 πρώην
2653 2390 2811 2458 ἐδόθη
2840 2391 2873 2460 ἡ
2904 2390 3064 2460 χάρις
3088 2387 3231 2458 αὕτη
3256 2406 3272 2455 ;
3303 2389 3401 2442 καὶ
3448 2388 3509 2441 τί
3547 2405 3662 2441 πε-

2059 2487 2290 2558 ποίηκεν
2319 2483 2483 2540 αὐτὸν
2513 2477 2654 2537 εἶναι
2682 2484 2748 2552 τῇ
2781 2480 3297 2551 φύσειὲγγενομὲνη
3329 2479 3425 2532 καὶ
3456 2496 3664 2547 κρειτ-

2057 2577 2281 2631 τώσασα
2330 2573 2493 2628 αὑτὸν
2538 2575 2661 2627 κατ’
2694 2571 2887 2626 οὐσίαν
2913 2589 2927 2637 ;
2958 2573 3008 2624 εἰ
3071 2572 3173 2641 μὲν
3213 2571 3322 2641 γὰρ
3365 2569 3663 2640 ἀνθρώπῳ

2058 2668 2202 2740 ψιλῷ
2254 2666 2439 2736 ἐδόθη,
2465 2664 2660 2736 πρῶτα
2692 2664 2790 2735 μὲν
2819 2662 2924 2717 ποῦ
2963 2680 3024 2717 τε
3063 2662 3161 2717 καὶ
3189 2663 3320 2716 πότε
3345 2657 3417 2733 ἦν
3460 2654 3656 2726 οὗτος,

2059 2762 2254 2816 εἴπατε
2282 2775 2297 2791 ·
2331 2754 2454 2812 εἷτα
2505 2757 2623 2829 an;
2661 2756 2821 2827 χάρις
2849 2752 3011 2824 αὕτη,
3037 2753 3198 2838 εἴπερ
3245 2752 3419 2816 ὄντως
3481 2753 3660 2823 χάρις

2060 2851 2181 2906 ἐστὶ
2209 2845 2537 2922 κρειττοῦσα
2555 2843 2746 2899 τοῦτον
2768 2844 2911 2898 κατὰ
2940 2843 3102 2913 φύσιν
3205 2842 3564 2913 κεχάρισται,
3598 2845 3658 2895 εἰ

2065 2942 2351 3013 ἄνθρωπος
2373 2934 2463 3010 ἦν,
2497 2937 2654 3008 δῆλον
2676 2936 2758 2990 ὄτι
2788 2934 3021 3004 ἄγγελον
3054 2935 3088 3005 ἧ
3120 2951 3173 2988 τι
3222 2932 3471 2987 τοιοῦτον
3500 2927 3656 2985 εἶναι

2060 3034 2158 3105 τὴν
2200 3032 2366 3103 φύσιν
2383 3018 2460 3102 (ἢ
2498 3028 2631 3083 Θεὸν
2678 3027 2738 3093 ἐξ
2777 3028 3024 3096 ἀνάγκης
3054 3024 3220 3078 αὐτὸν
3251 3018 3391 3080 εἶναι
3422 3022 3655 3077 δεικνυ-

2062 3141 2150 3179 σιν
2180 3140 2194 3153 °
2223 3121 2376 3176 οὐδὲν
2404 3118 2512 3192 γὰρ
2533 3118 2666 3174 ἄλλο
2697 3115 2849 3188 παρὰ
2878 3115 3030 3180 τάδε,
3064 3116 3317 3186 κρεῖττον
3342 3110 3654 3182 ἀνθρώπου

2057 3214 2154 3286 τὴν
2209 3213 2400 3267 οὐσίαν
2455 3210 2572 3266 ἔστι
2592 3226 2608 3244 ο
2639 3211 2689 3262 εἰ
2714 3208 2772 3263 δὲ
2804 3207 2935 3261 αὐτὸ
2960 3205 3118 3261 τοῦτο
3159 3204 3445 3277 ἄνθρωπον
3475 3203 3652 3257 αὑτὸν

2057 3306 2179 3362 κατ’
2211 3304 2403 3360 οὐσίαν
2428 3301 2757 3375 κρειττοῦσα
2785 3302 2818 3369 ἠ
2850 3298 3014 3372 χάρις
3067 3298 3322 3369 ἐποίησε,
3352 3297 3519 3366 δῆλον
3565 3295 3651 3358 ὡς

2057 3394 2307 3451 πετεινόν
2336 3411 2390 3448 τι
2423 3393 2458 3465 ἢ
2495 3392 2692 3463 κτῆνος
2722 3390 2757 3462 ἢ
2793 3389 2994 3461 νηκτδν
3019 3387 3053 3459 ἦ
3080 3385 3316 3459 ἑρπετὸν
3373 3384 3484 3455 πρὸ
3542 3385 3650 3453 τῆς

2057 3487 2280 3558 χάριτος
2330 3480 2398 3557 ἦν
2448 3478 2604 3547 οὗτος
2630 3474 2676 3551 ᾧ
2726 3481 3053 3553 κεχάρισται
3084 3479 3250 3548 αὕτη.
3278 3472 3429 3549 ’Δρὰ
3452 3493 3523 3544 γε
3546 3471 3651 3529 οὖν

2057 3575 2234 3632 ταῦτα
2275 3574 2374 3645 μὲν
2393 3572 2540 3626 δοκεῖ
2563 3572 2743 3639 λέγειν
2769 3571 2899 3642 περὶ
2925 3568 3166 3642 Χριστοῦ
3196 3587 3212 3629 ς
3237 3566 3412 3630 ἄλλως
3449 3582 3514 3619 τε
3545 3564 3645 3618 οῦ-

2056 3684 2168 3731 τως
2221 3666 2319 3720 καὶ
2368 3664 2571 3728 πάντες
2628 3662 2908 3735 ἄνθρωποι
2947 3660 3049 3731 τῆς
3079 3661 3251 3731 αὐτῆς
3279 3659 3504 3730 χάριτος
3545 3658 3649 3711 καὶ

2060 3758 2168 3831 πρὸ
2189 3754 2357 3812 αὐτοῦ
2397 3757 2491 3810 καὶ
2538 3757 2637 3810 σὺν
2663 3753 2813 3826 αὐτῷ
2835 3753 2928 3809 καὶ
2957 3752 3075 3824 μετ’
3104 3752 3268 3806 αὐτὸν
3291 3750 3509 3803 ἔσονται
3543 3748 3646 3818 μὲ-

2059 3866 2207 3919 τοχοι
2240 3865 2256 3881 ο
2291 3846 2428 3902 ἀλλὰ
2467 3845 2565 3900 καὶ
2601 3845 2804 3917 μᾶλλον
2848 3845 3038 3907 αὐτοῦ.
3065 3845 3130 3898 ὲκ
3164 3841 3379 3913 φύσεως
3413 3840 3645 3911 πρώτης

2058 3940 2276 4011 ἔχοντες
2302 3938 2400 4009 τὴν
2420 3938 2576 4006 ἀξίαν
2591 3938 2692 4008 τῆς
2709 3937 3128 4010 ἀνθρωπότητος
3143 3977 3159 4002 ,
3208 3930 3291 4006 ἦς
3306 3934 3467 3997 αὐτὸς
3496 3933 3644 3986 κατὰ

2057 4032 2220 4103 χάριν
2236 4028 2445 4102 ἡξιὼοη
2483 4029 2574 4108 tta:
2601 4029 2841 4099 φυσικῆς
2871 4027 3269 4099 κρειττὼσεως.

371 4137 439 4176 ex
486 4128 679 4176 natura
714 4121 892 4191 prima
923 4118 1162 4175 habeant
1206 4120 1531 4193 dignitatem
1586 4120 1945 4191 humanitatis
1980 4138 2091 4196 qua
2150 4123 2335 4195 ipsum
2397 4122 2575 4193 gratia
2606 4120 2834 4193 dignata
2859 4128 2946 4177 est
2976 4120 3266 4176 meliorem
3311 4114 3641 4173 naturaliter

372 4212 679 4270 cﬂiciendo.

1001 4306 1155 4363 CAP.
1185 4305 1326 4362 VIII.

441 4399 582 4468 Quid
622 4413 778 4471 ergo,
817 4398 1016 4468 inquit,
1044 4397 1102 4453 in
1136 4396 1700 4454 consubstantialibus
1732 4413 1841 4454 non
1865 4406 1956 4455 est

374 4492 690 4550 diﬂ‘erentia
714 4492 904 4548 forsan
931 4489 1051 4546 auri
1081 4489 1290 4545 metalli
1311 4504 1342 4544 a
1363 4488 1589 4558 plumbo
1612 4497 1708 4544 aut
1729 4506 1760 4545 a
1790 4500 1952 4553 testa,

370 4593 429 4639 et
468 4581 726 4652 Baptista:
769 4579 1000 4637 Joannis
1049 4595 1080 4634 a
1112 4579 1396 4653 proditore
1429 4578 1609 4635 Juda?
1633 4578 1741 4637 Sed
1770 4595 1834 4636 ea
1868 4587 1956 4636 est

2661 4301 2915 4357 ΚΕΦΑΛ.
2955 4299 3038 4355 Η⁹.

2127 4395 2194 4448 Τί
2227 4388 2342 4458 οὖν,
2376 4392 2531 4464 φησι,
2560 4392 2618 4445 ὲν
2644 4395 2760 4455 τοῖς
2789 4389 3100 4462 ὁμοουσιοις
3151 4389 3253 4443 οὐκ
3288 4387 3406 4443 ἔστι
3454 4389 3641 4460 διαφο-

2056 4486 2127 4557 ρὰ
2184 4483 2387 4557 χρυσοῦ
2442 4483 2605 4555 τυχὸν
2662 4484 2757 4538 τοῦ
2812 4482 3081 4554 μετάλλου
3120 4481 3262 4551 πρὸς
3324 4478 3578 4551 μόλιϐδον
3600 4481 3637 4553 ἦ

2057 4579 2197 4651 πρὸς
2243 4578 2511 4648 ὄστρακον
2537 4618 2552 4641 ,
2583 4576 2679 4629 καὶ
2713 4573 2809 4628 τοῦ
2868 4572 3174 4629 Βαπτιστοῦ
3217 4570 3469 4626 Ἰωάννου
3500 4572 3641 4643 πρὸς

262 4660 269 4661 ί
371 4674 609 4731 istorum
666 4672 1019 4736 dill‘crentia,
1070 4671 1300 4741 optimi;
1357 4670 1451 4726 illa
1505 4679 1591 4727 est
1645 4672 1949 4727 secundum

2059 4673 2146 4727 τὸν
2205 4671 2473 4743 προδότην
2515 4669 2754 4736 Ἱούδαν;
2804 4666 2965 4722 Ἀλλὰ
3027 4666 3230 4720 τούτων
3279 4666 3315 4737 ἡ
3381 4665 3634 4772 διαφορὰ,

372 4765 629 4822 accidens
678 4763 1053 4835 inseparabile
1083 4778 1115 4818 a
1141 4762 1374 4834 pulchro
1403 4764 1591 4820 colore
1618 4763 1804 4820 forsan
1836 4773 1893 4820 et
1921 4781 1953 4820 a

2059 4763 2349 4834 βέλτιστοι,
2374 4764 2408 4834 ἡ
2446 4761 2548 4833 μὲν
2578 4761 2721 4815 κατὰ
2768 4757 3121 4831 συμϐεϐηκὸς
3146 4757 3454 4829 ἀχώριστον
3500 4757 3636 4811 οὖσα

370 4856 705 4926 quibusdam
744 4856 873 4912 aliis
902 4870 1140 4928 quorum
1174 4855 1465 4913 habendus
1509 4864 1596 4912 est
1629 4864 1952 4926 respectus:

371 4962 477 5001 nec
530 4946 859 5018 simpliciter
902 4962 1006 5005 nec
1038 4962 1261 5020 semper
1287 4963 1392 5004 nec
1417 4947 1722 5004 secundum
1767 4947 1954 5001 omnia

370 5048 600 5109 superat
639 5039 869 5095 alteram
911 5058 927 5096 :
978 5056 1091 5096 non
1154 5042 1305 5097 enim
1356 5051 1413 5097 et
1467 5053 1629 5097 tauro
1674 5040 1957 5110 potentius

370 5128 613 5194 videtur,
637 5144 743 5185 nec
769 5132 885 5186 Deo
908 5132 1208 5201 pretiosius
1225 5146 1458 5188 aurum:
1494 5131 1679 5185 adhuc
1707 5132 1954 5201 reperire

368 5228 455 5278 est
484 5220 690 5293 quibus
725 5229 783 5276 et
815 5223 1036 5292 quando
1071 5230 1130 5278 et
1165 5223 1235 5278 de
1277 5222 1482 5293 quibus
1522 5231 1580 5277 et
1613 5221 1728 5289 ubi,
1780 5223 1954 5294 magis

369 5313 682 5371 necessaria
737 5312 851 5369 sint
900 5321 959 5369 et
1019 5313 1247 5369 utiliora
1302 5313 1592 5384 plumbum
1646 5320 1710 5369 et
1771 5319 1947 5369 testa:

368 5404 555 5462 hancce
581 5402 901 5460 diﬁ‘erentia
947 5417 1192 5467 rursum,
1226 5403 1532 5459 secundum
1578 5402 1866 5467 virtutem,
1899 5411 1953 5458 et

370 5509 441 5552 ex
472 5496 617 5554 facto
667 5504 726 5553 et
771 5495 1036 5569 opinione
1082 5494 1315 5552 alterius
1343 5510 1471 5568 erga
1500 5494 1736 5551 alterum
1780 5492 1956 5564 respi-

371 5587 555 5644 citur:
603 5589 887 5661 quomodo
921 5588 1089 5661 igitur
1134 5587 1325 5660 gratia:
1373 5586 1685 5643 dill'erentia
1731 5586 1841 5643 erit
1884 5587 1952 5642 de

372 5679 611 5752 Christo,
643 5683 687 5739 si
729 5684 883 5761 juxta
933 5682 1138 5756 aliquid
1189 5697 1360 5739 unum
1404 5698 1470 5739 ex
1508 5681 1627 5738 istis
1654 5681 1832 5739 solum
1867 5689 1950 5737 est

2055 4854 2312 4929 εὐχροίας
2342 4854 2505 4933 τυχόν
2536 4851 2632 4907 καὶ
2679 4851 2851 4907 ποιῶν
2892 4850 3097 4922 ἑτέρων
3127 4849 3303 4919 λόγων
3321 4889 3338 4915 ,
3368 4848 3510 4918 πρὸς
3550 4846 3632 4913 τὸ,

2056 4946 2206 5000 δοκεῖ
2227 4962 2244 4978 ο
2283 4945 2378 5000 καὶ
2422 4944 2523 5014 οὐχ
2572 4941 2760 5007 ἁπλῶς
2794 4939 2919 4996 οὐδὲ
2964 4939 3052 4995 ἀεὶ
3097 4938 3221 4994 οὐδὲ
3262 4938 3406 4993 κατὰ
3456 4936 3630 4991 πάντα

2057 5036 2315 5108 ὑπερέχει
2369 5034 2608 5109 θατέρας
2637 5048 2652 5097 _°
2685 5034 2748 5088 οὐ
2776 5033 2885 5106 γὰρ
2905 5032 2972 5105 δὴ
3004 5032 3101 5088 καὶ
3148 5031 3339 5104 ταύρῳ
3371 5028 3629 5101 κρείττων

2054 5128 2237 5194 δοκεῖ,
2265 5125 2381 5180 ἀλλ’
2426 5124 2553 5179 οὐδὲ
2591 5123 2713 5195 Θεῷ
2742 5121 3072 5195 τιμιώτερος
3097 5125 3126 5177 ό
3164 5122 3369 5194 χρυσός
3400 5138 3416 5153 ·
3448 5119 3529 5174 ἔτι
3568 5118 3627 5172 δὲ

2053 5213 2135 5286 οἷς
2167 5236 2227 5274 τε
2258 5218 2352 5272 καὶ
2371 5218 2461 5272 ὅτε
2492 5217 2588 5271 καὶ
2620 5216 2708 5288 ἐφ’
2730 5209 2806 5271 ὧν
2837 5215 2932 5270 atati.
2952 5210 3035 5283 οῖ,
3068 5213 3494 5285 ἀναγκαιότερος
3537 5211 3626 5266 καὶ

2054 5307 2474 5383 χρησιμώτερος
2498 5310 2527 5363 ὃ
2565 5325 2624 5363 τε
2660 5308 2908 5379 μόλιϐδος
2947 5307 3043 5362 καὶ
3069 5307 3130 5361 τὸ
3161 5306 3433 5378 ὄστρακον
3467 5319 3483 5335 ο
3510 5304 3545 5374 ἠ
3568 5301 3623 5356 δὲ

2058 5405 2222 5476 ἑτέρα
2262 5402 2500 5476 διαφορὰ
2553 5403 2740 5467 πάλιν,
2773 5401 2917 5456 κατὰ
2984 5400 3210 5472 ἀρετὴν,
3241 5400 3336 5454 καὶ
3375 5397 3436 5463 ἐξ
3463 5395 3620 5469 ἔργον

2058 5495 2151 5550 καὶ
2197 5493 2423 5567 γνώμης
2476 5493 2595 5548 ἐστὶ
2645 5491 2872 5563 θατέρου
2906 5491 3044 5561 πρὸς
3074 5488 3302 5560 Θάτερον
3322 5484 3573 5559 ὁρωμένη
3601 5500 3615 5515 ·

2056 5584 2174 5648 πῶς
2196 5579 2291 5638 οὖν
2318 5582 2543 5654 χάριτος
2570 5580 2725 5636 ἔσται
2751 5580 2985 5652 διαφορὰ
3007 5581 3100 5634 ἐπὶ
3129 5575 3393 5650 Χριστοῦ.
3414 5577 3464 5629 εἰ
3487 5574 3616 5628 κατὰ

2055 5695 2107 5732 τι
2141 5676 2307 5735 τῶνδέ
2358 5676 2562 5746 ἐστινὴ
2602 5674 2844 5748 ὑπεροχὴ
2873 5672 3038 5730 αὑτοῦ
3075 5670 3210 5742 πρὸς
3237 5672 3386 5741 ἡμᾶς
3420 5667 3611 5738 μόνους
