3932 6152
266 301 406 367 1625

1176 299 1573 362 ADVERSUS
1611 271 2249 358 NESTORIANOS.-4
2277 291 2426 352 LIB.
2468 289 2584 350 III.

3391 283 3530 347 1626

258 414 342 486 τῷ
373 415 484 484 γὰρ
533 413 888 484 ἐργαζομένῳ
949 412 1150 466 δίδοται
1201 412 1302 483 μὲν
1352 411 1562 483 μισθὸς,
1594 411 1657 464 οὑ
1699 410 1828 462 κατὲ

1944 421 2110 476 supra
2150 421 2252 460 nos
2279 404 2460 474 ipsius
2484 401 2852 458 excellentia?
2875 400 3150 468 Operantl"
3175 399 3326 456 cnim
3361 401 3526 457 datur

261 520 423 576 χαριν
449 504 528 570 δὲ,
557 503 696 559 ἄλλά
721 504 842 558 κατ’
871 503 1150 574 ὀφείλημα
1179 518 1195 536 ο
1233 520 1252 554 ι
1281 503 1344 556 Εἰ
1375 502 1432 556 δὲ
1464 501 1608 556 κατά
1640 502 1834 572 χάριν,

259 585 445 662 οὑκὲξ
466 596 644 668 ἔργων
673 612 688 626 ·
727 597 851 650 ἐπεὶ
878 598 912 667 ή
941 595 1100 668 χάρις
1159 595 1343 649 οὐκέτι
1377 595 1580 662 γίνεται
1607 595 1788 666 χάρις,
1813 612 1832 646 ι

260 687 337 753 ὡς
393 688 610 760 εῐρηται
630 703 644 716 ·
675 687 852 751 ἄλλως
897 687 954 740 δὲ
1019 687 1067 739 εί
1099 687 1134 757 ή
1164 686 1324 756 χάρις
1353 685 1492 756 αῦτη
1523 685 1674 757 καὶή
1704 683 1838 756 τιμὴ

259 773 328 850 ἦς
355 779 586 850 ἠξίωται
618 776 855 850 Χριστὸς
883 776 1148 846 διαφορὰν
1173 778 1318 830 ποιεῖ
1346 778 1439 830 καὶ
1473 777 1608 847 πρὸς
1638 775 1732 828 τὸν
1778 777 1836 830 ὲν

258 869 571 940 προφήταις
626 866 902 936 ἐξαίρετον
951 865 1184 942 Μωῠσῆ,
1226 865 1460 920 καθόσον
1489 864 1718 920 πλείονα
1751 883 1835 919 τι-

260 959 370 1029 μὴν
422 957 536 1028 ἔχει
569 955 664 1012 τοῦ
709 957 860 1010 οἴκου
892 956 922 1008 ὁ
969 955 1394 1020 κατασκευάσας
1456 957 1646 1023 αὑτὸν,
1676 957 1836 1028 δῆλον

254 1051 338 1105 δτι
367 1050 590 1104 κτίστου
623 1049 760 1120 πρὸς
785 1049 1014 1118 κτίσμα,
1063 1048 1304 1118 τοσαύτη
1360 1048 1509 1102 ἐστὶν
1539 1049 1572 1118 ἡ
1603 1049 1838 1120 διαφορά

253 1143 288 1212 ἡ
321 1141 416 1194 ἀπ’
449 1141 622 1212 αὑτῆς
654 1142 989 1212 ἐγγινομένη
1023 1142 1136 1205 τοῖς
1169 1141 1422 1212 μετόχοις
1458 1141 1662 1210 αὐτῆς,
1699 1142 1838 1212 πρὸς

254 1232 382 1293 τοὺς
429 1229 624 1302 πρώην
661 1229 884 1302 ὁμοίους
928 1229 1106 1284 αὑτῶν
1125 1246 1141 1265 ⁸
1170 1232 1274 1285 οὑκ
1325 1231 1436 1303 ἀρα
1468 1232 1630 1302 ἀρκεῖ
1657 1231 1779 1285 οὑδὲ
1805 1231 1838 1302 ἡ

253 1317 350 1372 τοῦ
393 1319 630 1388 ἀγγέλου
665 1318 802 1391 πρὸς
830 1318 1070 1374 κώνωπα
1117 1319 1344 1386 διὲνεξις
1375 1321 1600 1392 φυσικὴ,
1636 1321 1670 1393 ἢ
1701 1338 1836 1393 χρυ-

255 1411 352 1465 σοῦ
410 1410 548 1484 πρὸς
605 1411 904 1484 δστρακον,
956 1412 1124 1485 ἄμφω
1191 1412 1424 1468 κτιστῶν
1479 1413 1668 1478 ὄντων,
1733 1413 1838 1468 κᾶν

253 1500 515 1571 ὑπερέχοι
527 1518 582 1554 τι
596 1501 724 1556 Θάτε
733 1519 824 1574 ρον
842 1503 1094 1574 θατέρου,
1112 1505 1193 1568 είς
1209 1505 1567 1574 παράδειγμα
1578 1506 1676 1576 τῆς
1696 1505 1838 1559 κατὰ

253 1592 488 1660 Χριστὸν
503 1591 760 1664 διαφόρου
788 1594 1085 1666 πρδςὴμᾶς
1109 1595 1352 1666 χάριτος·
1380 1597 1428 1649 εί
1444 1596 1552 1668 γάρ
1585 1595 1661 1667 μὴ
1677 1597 1838 1666 ὃμοια

253 1677 396 1738 εἶναι
457 1685 610 1738 ποιεῖ
660 1685 756 1738 καὶ
781 1685 816 1756 ἡ
851 1687 928 1749 είς
963 1687 1113 1756 ἡμᾶς
1139 1687 1244 1742 ὑπὸ
1269 1687 1407 1741 Θεοῦ
1441 1689 1576 1758 τιμὴ
1606 1689 1700 1741 καὶ
1735 1689 1837 1758 χά-

1938 496 2164 567 quidem
2195 509 2436 559 merces,
2477 485 2754 549 non’vero
2798 494 3102 549 secundum
3147 493 3402 563 gratiam,
3427 491 3525 547 sed

1935 587 2243 644 secundum
2278 587 2566 642 debitum:
2610 605 2628 637 ι
2664 584 2720 639 Si
2743 591 2928 640 autem
2963 599 3030 639 ex
3058 583 3252 655 gratia,
3272 585 3386 654 jam
3411 598 3525 638 non

1935 697 2005 737 ex
2039 681 2327 752 operibus:
2353 679 2596 748 alioquin
2621 679 2797 749 gratia
2815 679 2928 748 jam
2960 693 3070 732 non
3097 685 3186 732 est
3205 675 3382 748 gratia
3403 676 3470 742 “,
3499 695 3518 727 ›

1935 773 2146 828 dictum
2197 780 2320 828 est:
2347 772 2510 826 aliter
2554 779 2740 825 autem
2763 788 2790 824 εκ
2813 769 2868 825 Si
2901 769 3076 840 gratia
3106 769 3222 840 ipsa
3257 777 3314 824 et
3343 769 3524 823 honor

1935 867 2095 936 cujus
2153 865 2357 932 dignus
2410 862 2638 917 habitus
2691 870 2779 918 est
2826 861 3080 918 Christus
3155 859 3521 916 diﬂ’erentiam

1933 955 2102 1013 efficit
2153 971 2184 1012 a
2223 955 2408 1027 Moyse
2455 954 2603 1009 inter
2656 954 2956 1024 prophetas
3008 953 3330 1024 conspicuo,
3364 959 3430 1028 ⁸οι
3449 953 3520 1007 sit

1936 1049 2172 1120 amplior
2215 1056 2424 1118 quanto
2453 1045 2778 1116 ampliorem
2813 1045 3078 1101 honorem
3126 1045 3294 1100 habet
3323 1047 3523 1100 domus

1936 1139 2034 1210 qui
2080 1137 2370 1194 fabricavit
2421 1137 2594 1202 illam,
2621 1136 2853 1192 evidens
2885 1145 2970 1193 est
3001 1136 3151 1207 quod
3193 1136 3424 1224 artiﬁcis
3451 1135 3521 1190 ab

1935 1247 2104 1302 opere
2141 1238 2293 1286 tanta
2337 1229 2410 1285 sit
2455 1227 2775 1284 differentia
2813 1236 3016 1298 quanta
3064 1228 3252 1298 gratiae
3293 1227 3520 1298 partici-

1940 1322 2195 1394 pantium
2222 1321 2292 1376 ab
2331 1321 2442 1376 illis
2469 1319 2564 1390 qui
2590 1327 2752 1374 antea
2795 1319 2944 1374 inter
2985 1333 3044 1374 se
3077 1318 3289 1372 similes
3321 1325 3520 1372 erant:

1936 1429 2047 1470 non
2075 1422 2227 1470 certe
2249 1411 2452 1468 sufﬁcit
2471 1425 2653 1481 neque
2681 1409 2859 1481 angeli
2895 1425 2924 1464 a
2950 1409 3127 1466 culice
3154 1408 3525 1479 discrepantia

1937 1505 2233 1571 naturalis,
2262 1511 2358 1559 aut
2387 1502 2509 1557 auri
2553 1517 2583 1556 a
2627 1508 2788 1566 testa,
2817 1515 2940 1580 qua:
2963 1499 3125 1554 ambo
3162 1495 3347 1554 creata
3369 1505 3522 1564 sunt,

1936 1595 2154 1652 etiamsi
2195 1597 2432 1651 alterum
2469 1594 2646 1648 altero
2683 1592 2892 1661 aliquid
2951 1597 3198 1661 superet,
3232 1589 3288 1644 in
3338 1603 3528 1644 exem-

1937 1690 2088 1758 plum
2121 1686 2315 1757 gratim
2341 1700 2466 1754 qua
2495 1685 2640 1756 apud
2686 1683 2972 1738 Christum
3011 1681 3199 1738 differt
3237 1697 3268 1736 a
3317 1681 3518 1735 nobis:

257 1790 364 1842 ρις,
400 1773 518 1828 ἀλλ’
545 1773 578 1847 ἢ
613 1776 738 1829 ὅσον
791 1777 1013 1831 κτίστου
1045 1777 1182 1848 πρὸς
1230 1778 1440 1848 κτίσμα
1466 1777 1702 1850 διαφορὰ
1733 1796 1828 1849 τρυ-

1937 1779 1984 1835 si
2029 1779 2178 1834 enim
2219 1793 2334 1832 non
2363 1775 2566 1831 similia
2603 1775 2808 1831 faciant
2855 1776 3036 1830 honor
3075 1783 3132 1830 et
3164 1773 3339 1844 gratia
3361 1773 3456 1844 qui
3492 1789 3524 1828 a

253 1861 508 1916 λάττεται
531 1863 591 1917 ὲν
621 1865 755 1934 ἡμῖν
784 1865 878 1936 καὶ
919 1865 1071 1936 αὑτῷ
1127 1867 1222 1920 ἐπὶ
1249 1869 1370 1932 ταῖς
1404 1867 1578 1933 θείαις
1617 1868 1830 1941 χάρισι,

256 1955 486 2025 κτίστην
518 1954 736 2027 ἀληθῶς
763 1957 858 2011 καὶ
887 1959 948 2012 οὑ
977 1958 1186 2030 κτίσμα
1214 1961 1452 2033 Χριστὸν
1481 1963 1642 2034 μόνον
1687 1981 1833 2036 παρ-

256 2047 470 2118 ίστησιν
497 2041 638 2102 εἶναι
663 2050 696 2119 ἠ
723 2050 1051 2123 ἐγγινομένη
1089 2052 1240 2124 αὑτῷ
1289 2053 1452 2124 χάρις
1482 2071 1498 2086 ·
1532 2053 1660 2109 οὔτε
1707 2056 1830 2110 καθ’

255 2139 404 2208 ἡμᾶς
445 2133 560 2204 οὖν,
617 2137 741 2193 οὑτε
777 2140 919 2194 κατὰ
943 2141 1156 2214 Μωῦσῆ
1187 2143 1278 2198 τὸν
1311 2143 1489 2214 μέγαν
1513 2144 1644 2198 ὂντα
1673 2145 1834 2216 μόνον

251 2224 530 2281 δείκνυσιν
566 2227 752 2296 αὐτὸν,
779 2228 920 2282 ἀλλά
953 2229 1045 2283 καὶ
1091 2229 1225 2284 Θεὸν
1268 2232 1455 2304 σαφῶς
1480 2247 1494 2262 °
1530 2233 1694 2305 μόνου
1723 2236 1834 2307 γὰρ

251 2315 389 2371 Θεοῦ
433 2318 495 2372 τὺ
532 2317 738 2384 κτίζειν
765 2321 860 2374 καὶ
905 2319 1343 2386 κατασκευάζειν
1369 2325 1435 2377 ἐκ
1467 2323 1542 2395 μὴ
1567 2323 1737 2378 ὅντων
1765 2325 1834 2380 τὰ

252 2405 433 2458 πάντα
458 2420 474 2436 ·
525 2406 748 2462 πάντων
797 2408 854 2463 δὲ
907 2409 1018 2464 τῶν
1067 2410 1208 2481 μετὰ
1260 2410 1418 2478 Θεὸν,
1447 2413 1511 2467 τὸ
1549 2413 1833 2478 κτίζεσθαι

254 2495 386 2552 ἴδιον
415 2512 430 2527 ⁶
459 2498 569 2552 τῶν
599 2499 700 2570 μὲν
753 2499 861 2554 ὑπὸ
889 2501 1028 2555 Θεοῦ
1061 2503 1305 2574 ἀμέσως,
1343 2504 1456 2559 τῶν
1489 2505 1546 2561 δὲ
1597 2509 1694 2562 καὶ
1743 2508 1834 2564 διά

249 2603 397 2653 τινος
429 2589 598 2660 μέσου
617 2590 728 2644 τῶν
751 2593 818 2646 ὲκ
835 2591 970 2648 Θεοῦ
995 2595 1436 2667 προκτισθέντων
1458 2615 1472 2630 ·
1511 2597 1708 2653 οὐκοῦν
1732 2617 1831 2654 σα-

252 2678 371 2748 φῶς
397 2681 426 2733 ό
455 2679 680 2752 χάριτος
715 2683 811 2736 καὶ
837 2684 1007 2756 τιμῆς
1033 2684 1288 2752 ἀξιωθεὶς
1315 2689 1555 2755 τοιᾶσδε,
1585 2691 1681 2745 καὶ
1707 2691 1830 2746 κτί-

253 2785 388 2840 στης
413 2771 529 2824 ἐστὶ
556 2771 652 2825 καὶ
679 2771 834 2838 Θεὸς,
864 2775 958 2828 καὶ
985 2775 1095 2830 τῶν
1130 2776 1268 2831 ὅλων
1325 2778 1578 2850 Χριστὸς,
1614 2778 1719 2833 κᾶν
1755 2779 1830 2851 μὴ

255 2859 508 2932 βούλεσθε
527 2879 542 2892 ·
573 2863 690 2917 ἀλλ’
715 2855 792 2918 ὧν
814 2882 950 2934 φατε
982 2866 1184 2936 λογίων
1211 2868 1372 2940 ὑμεῖς
1399 2869 1500 2941 τὴν
1531 2869 1766 2942 δύναμιν
1793 2871 1826 2944 ἢ

251 2951 345 3005 τὸν
401 2952 602 3006 σκοπόν
656 2954 755 3026 οὑκ
814 2957 1000 3026 ὁρᾶτε,
1029 2957 1082 3010 οί
1129 2957 1414 3024 δοκοῦντες
1447 2959 1580 3032 παρ’
1613 2962 1829 3026 ἑαυτοῖς

252 3041 500 3112 ἀκριϐεῖς
527 3040 668 3098 εἶναι
701 3045 810 3098 τῶν
835 3046 1045 3115 νοητῶν
1069 3047 1468 3118 διαγνὼμονες.

333 3319 499 3378 Ἀλλά
525 3321 620 3378 νῦν
647 3325 696 3378 οί
730 3323 932 3395 κομψοὶ
965 3324 1153 3397 ὥσπερ
1187 3325 1412 3396 χάριτος
1443 3326 1709 3399 διαφορὰς
1739 3327 1834 3381 καὶ¹

253 3415 442 3486 τιμῆς,
475 3413 647 3480 οὕτως
674 3415 769 3470 καὶ
796 3415 1081 3471 υἱοθεσιῶν
1123 3417 1402 3488 βούλονται
1439 3417 1610 3484 δεῖξαι
1643 3420 1708 3473 ὲκ
1733 3422 1833 3491 τῆς

255 3505 417 3574 ἁγίας
439 3507 665 3580 Γραφῆς
688 3523 704 3537 ·
739 3508 830 3562 ῖνα
854 3510 904 3563 εί
927 3509 1018 3564 καὶ
1045 3509 1114 3564 τὰ
1135 3511 1274 3565 αὑτά
1301 3511 1433 3583 ἡμῖν
1459 3512 1554 3566 καὶ
1581 3511 1676 3566 ἐπὶ
1698 3514 1832 3580 Χρι-
1877 3547 1889 3564 .

256 3597 385 3651 στοῦ
415 3597 658 3667 λέγουσι,
693 3597 896 3666 δόξοιέν
913 3617 974 3658 ,τι
1001 3601 1260 3673 περισσὸν
1290 3600 1440 3674 αὑτῷ
1465 3601 1662 3658 διδόναι
1690 3603 1830 3674 ὑπὲρ

251 3690 423 3760 ἡμᾶς,
455 3689 550 3743 καὶ
574 3689 650 3762 μὴ
675 3690 851 3763 πάντη
881 3693 1047 3746 πᾶσιν
1076 3693 1277 3763 ὅμοιον,
1290 3692 1502 3748 οἴεσθαι
1535 3711 1550 3725 ·
1579 3695 1745 3766 ἡμεῖς
1771 3693 1829 3748 δὲ

252 3779 334 3834 δτι
361 3779 463 3850 μὲν
497 3781 605 3834 sici.
630 3781 892 3852 διαφοραὶ
923 3782 1032 3838 τῶν
1065 3783 1326 3848 ὡσαύτως
1354 3783 1668 3854 λεγομένων
1686 3827 1700 3850 ,
1727 3785 1830 3839 οὑκ

251 3869 586 3943 ἀντεροῦμεν
617 3889 630 3905 ·
667 3871 784 3927 ἀλλ’
813 3874 898 3928 ὅτι
919 3874 968 3926 εί
998 3873 1076 3958 μὴ
1100 3873 1204 3958 τὴν
1245 3873 1322 3939 ὥς
1351 3874 1570 3929 κτίστου
1602 3874 1739 3946 πρὸς
1767 3875 1830 3930 τὸ

252 3963 458 4034 κτίσμα
511 3963 676 4018 αὑτοῦ
716 3964 861 4019 κατά
916 3965 980 4019 τὸ
1035 3955 1234 4034 λόγιον,
1265 3968 1672 4038 παραστήσειή
1733 3967 1828 4021 επὶ

251 4054 490 4122 Χριστοῦ
539 4056 673 4126 πρὸς
731 4057 880 4127 ἡμᾶς
933 4055 1202 4127 λεγομένη
1241 4057 1495 4128 διαφορὰ,
1521 4059 1623 4112 οὑκ
1656 4059 1824 4123 ὅντως

249 4143 388 4214 αὑτη
425 4144 542 4198 ἐστὶ
598 4143 722 4199 καθ’
750 4145 818 4216 ἢν
863 4145 1002 4216 ὑπὲρ
1065 4146 1308 4216 Μωῦσῆν
1335 4147 1568 4218 ὴξίωται
1615 4149 1782 4218 τιμῆς
1807 4163 1821 4178 ⁶

247 4233 408 4289 τοῦτο
465 4236 576 4306 γὰρ
623 4229 737 4291 οἷον
787 4236 1044 4308 γνώμονά
1077 4255 1199 4292 τινα
1245 4238 1342 4292 καὶ
1375 4238 1577 4294 κανόνα
1603 4239 1825 4310 τίθεμεν

250 4323 348 4394 τῆς
379 4327 515 4396 πρὸς
539 4327 688 4398 ἡμᾶς
715 4326 993 4398 ὑπεροχῆς
1011 4327 1178 4382 αὑτοῦ
1205 4327 1476 4383 δεικτικόν
1502 4345 1516 4360 ·
1547 4330 1734 4400 ἐπειδὴ
1766 4328 1824 4383 δὲ

1932 1871 2046 1927 1)οο
2076 1871 2132 1925 in
2161 1884 2266 1924 nos
2304 1869 2557 1933 veniunt,
2615 1868 2714 1924 sed
2753 1875 3020 1938 quantum
3068 1866 3334 1922 artiﬁcem
3383 1867 3526 1920 inter

1937 1971 1995 2021 et
2050 1978 2211 2034 opus,
2259 1961 2577 2017 din‘erentia
2619 1969 2875 2016 servetur
2924 1975 3028 2014 nos
3073 1960 3222 2014 inter
3247 1967 3302 2012 et
3340 1957 3522 2027 ipsum

1935 2053 2119 2125 quoad
2179 2053 2397 2108 divinas
2455 2051 2683 2122 gratias,
2741 2049 3062 2106 Creatorem
3114 2063 3246 2103 vere
3299 2056 3357 2102 et
3411 2061 3524 2100 non

1933 2153 2243 2202 creaturam
2297 2143 2528 2200 exhibet
2566 2143 2742 2215 gratia
2785 2142 2890 2213 ipsi
2921 2143 3098 2197 facta:
3139 2154 3325 2209 neque
3355 2137 3526 2208 igitur

1933 2235 2244 2291 secundum
2297 2249 2423 2296 nos,
2479 2247 2660 2302 neque
2711 2230 3018 2288 secundum
3065 2229 3288 2301 Moysen
3343 2227 3523 2281 solum

1933 2342 2193 2398 magnum
2240 2323 2486 2380 ostendit
2525 2323 2730 2394 ipsum,
2766 2324 2863 2379 sed
2901 2336 2960 2378 et
2989 2322 3163 2376 Deum
3190 2317 3518 2375 manifeste:

1932 2419 2107 2474 solius
2134 2419 2282 2474 enim
2315 2417 2413 2473 Dei
2449 2431 2640 2472 creare
2676 2423 2733 2472 et
2775 2413 3055 2469 fabricare
3097 2429 3166 2469 ex
3200 2427 3314 2468 non
3372 2411 3522 2466 exsi-

1933 2510 2210 2566 stentibus
2229 2509 2413 2564 omnia
2435 2526 2449 2572 ;
2471 2507 2720 2563 omnium
2745 2521 2876 2560 vero
2889 2521 3012 2576 quae
3031 2513 3158 2559 sunt
3180 2509 3304 2574 post
3321 2503 3516 2567 Deum,

1932 2598 2109 2655 creari
2136 2597 2446 2668 pr0prium,
2473 2596 2706 2650 aliorum
2732 2593 2956 2665 quidem
2979 2608 3006 2647 a
3029 2593 3144 2647 Deo
3179 2590 3518 2652 immediate.

1931 2689 2167 2744 aliorum
2231 2702 2368 2742 vero
2433 2685 2808 2740 mediantibus
2877 2698 2946 2738 ex
3019 2683 3134 2737 Deo
3195 2681 3519 2751 procreatis.

1930 2775 2104 2846 [gitur
2151 2772 2447 2828 manifeste
2500 2772 2596 2842 qui
2653 2770 2842 2842 gratia:
2891 2777 2947 2825 et
2998 2768 3229 2824 honoris
3287 2769 3520 2840 hujusce

1929 2867 2135 2940 dignus
2159 2867 2385 2923 habitus
2409 2873 2517 2928 est,
2547 2872 2604 2919 et
2645 2861 2876 2918 Creator
2901 2869 2986 2917 est
3009 2867 3067 2916 et
3098 2861 3265 2925 Deus,
3307 2868 3364 2916 et
3401 2877 3522 2915 om-

1929 2959 2083 3012 nium
2117 2956 2400 3019 Christus,
2458 2955 2590 3011 licet
2631 2952 2994 3009 dissentiatis.
3030 2951 3138 3007 Sed
3169 2952 3520 3022 eloquiorum

1934 3048 2002 3104 de
2031 3047 2236 3118 quibus
2259 3061 2360 3101 vos
2390 3044 2708 3116 loquimini,
2738 3043 3001 3098 virtutem
3047 3052 3146 3099 aut
3192 3043 3356 3100 ﬁnem
3405 3061 3519 3102 non

1938 3141 2162 3208 videtis,
2185 3141 2281 3211 qui
2331 3151 2514 3196 tamen
2544 3139 2955 3210 vobismetipsis
2981 3137 3248 3195 videmini
3274 3141 3520 3196 accurati

1933 3248 2055 3288 esse
2084 3230 2517 3302 intelligibilium
2538 3229 2875 3300 cognitores.

2006 3323 2115 3380 Sed
2145 3338 2296 3379 nunc
2326 3321 2540 3378 versuti
2585 3320 3046 3391 quemadmodum
3093 3321 3328 3392 gratiam
3375 3322 3520 3379 inter

1930 3423 1987 3470 et
2033 3413 2323 3478 honorem,
2377 3413 2454 3476 ita
2502 3411 2742 3468 filiorum
2803 3411 2950 3466 inter
3009 3409 3338 3482 adoptiones
3393 3427 3517 3469 esse

1931 3505 2301 3562 differentiam
2349 3503 2544 3558 volunt
2580 3501 2876 3558 ostendere
2909 3516 2978 3556 cx
3005 3517 3162 3558 sacra
3189 3502 3514 3573 Scriptura;

1933 3609 1992 3655 ut
2023 3600 2069 3655 sl
2099 3598 2293 3654 eadem
2319 3612 2443 3652 esse
2485 3612 2550 3653 ac
2579 3596 2744 3652 nobis
2789 3597 2860 3651 de
2907 3595 3132 3652 Christo
3183 3597 3392 3661 dicant,
3429 3598 3516 3652 vi-
3613 3629 3627 3640 -

1929 3691 2170 3747 deantur
2201 3688 2412 3760 aliquid
2437 3688 2678 3760 amplius
2711 3687 2816 3758 ipsi
2847 3687 3158 3744 concedere
3191 3703 3362 3758 super
3391 3704 3512 3752 nos,

1928 3795 1986 3842 et
2014 3801 2126 3842 non
2151 3781 2472 3841 om'nimode
2518 3785 2780 3840 omnibus
2810 3783 3046 3840 similem
3074 3768 3348 3839 aestimare
3372 3801 3387 3850 ;
3414 3799 3516 3839 nos

1930 3887 2114 3935 autem
2136 3892 2260 3934 esse
2288 3875 2637 3932 differentias
2667 3877 2814 3932 inter
2837 3892 2902 3932 ea
2925 3891 3048 3947 quae
3076 3877 3291 3946 pariter
3329 3877 3515 3930 nomi-

1927 3979 2149 4035 nantur,
2175 3985 2288 4024 non
2311 3983 2597 4041 negamus.
2622 3968 2730 4024 Sed
2759 3969 2804 4024 si
2831 3967 3212 4024 differentiam
3250 3977 3514 4038 tanquam

1925 4063 2206 4121 Creatoris
2229 4063 2299 4119 ab
2321 4063 2440 4134 ipso
2461 4061 2724 4118 Creatore
2753 4061 3058 4118 secundum
3089 4061 3372 4130 eloquium
3399 4075 3511 4114 non

1926 4163 2284 4226 repraesentet
2326 4151 2644 4208 differentia
2693 4151 2842 4207 dicta
2882 4151 2951 4206 de
2984 4149 3210 4206 Christo
3251 4165 3284 4204 a
3325 4149 3508 4214 nobis,

1924 4259 2037 4300 non
2094 4260 2226 4300 vere
2287 4244 2407 4314 ipsa
2445 4249 2548 4298 .est
2602 4241 2908 4297 secundum
2961 4256 3126 4311 quam
3171 4255 3287 4312 prae
3323 4240 3509 4312 Moyse

1925 4334 2128 4406 dignus
2158 4342 2246 4389 est
2280 4332 2507 4388 habitus
2535 4331 2798 4386 honoris:
2826 4329 2962 4385 illud
2997 4331 3148 4384 enim
3171 4339 3234 4386 ut
3254 4345 3507 4385 normam

246 4412 516 4486 δεινότητι
571 4421 858 4490 σοφιστικῇ
919 4419 1018 4484 τάς
1069 4415 1363 4492 προτάσεις
1413 4419 1509 4474 τοῦ
1553 4421 1822 4490 παρόντος

1931 4425 2162 4496 aliquam
2201 4431 2258 4479 et
2305 4422 2552 4494 regulam
2581 4421 2967 4493 proponimus,
3013 4435 3124 4491 qua
3185 4435 3353 4492 super
3404 4437 3508 4477 nos

249 4507 678 4576 ἐπιχειρήματος
701 4511 758 4563 ὲν
789 4509 1028 4582 πλείστῳ
1053 4511 1180 4582 ὑφει
1206 4511 1606 4578 καταξάναντες
1633 4513 1710 4578 ὡς
1741 4515 1818 4588 μὴ

247 4595 420 4666 ἔχοιεν
471 4595 692 4670 εὔδηλον
723 4599 788 4654 τὺ
815 4600 1011 4666 ἀσεὸὲς
1065 4604 1180 4667 τοῖς
1209 4604 1528 4674 ἀκροαταῖς,
1559 4605 1701 4676 μηδὲ
1728 4605 1820 4659 εὑ-

247 4687 403 4741 κολον
430 4687 529 4760 τὴν
555 4689 866 4762 ἀνατροπὴν
893 4694 1010 4757 τοῖς
1038 4693 1376 4762 ἀντιλέγουσι
1400 4733 1416 4758 ,
1449 4693 1817 4765 μεσολαϐοῦν-

245 4795 335 4843 τες
365 4778 466 4844 τὰς
493 4779 634 4851 ὑπὲρ
663 4771 738 4834 ὧν
769 4781 1128 4850 ἐγκαλοῦνται
1165 4783 1464 4854 ἀπολογίας
1485 4825 1502 4850 ,
1535 4784 1818 4858 μεθυπερ-

244 4869 426 4936 σατῶς
471 4872 570 4927 καὶ
620 4875 1044 4945 συγκεχυμένως
1091 4878 1616 4946 κατασκευάζουσιν,
1650 4879 1817 4948 ἡμεῖς

242 4960 420 5017 αὑτῶν
469 4962 563 5017 τὸν
610 4963 816 5019 σκοπὺν
852 4964 973 5020 ὅλον
1004 4965 1100 5021 τοῦ
1142 4969 1574 5042 ὶπιχειρήματος
1619 4968 1812 5024 συλλέ-

244 5053 454 5120 ξαντες,
485 5055 760 5126 ἐχομένως
785 5057 1083 5130 ἐθήκαμεν,
1113 5059 1210 5112 καὶ
1231 5059 1812 5130 ὲπικατεσκευάσαμεν

241 5145 308 5216 ἢν
337 5145 614 5217 βούλονται
651 5147 916 5220 διαφορὰν
976 5143 1118 5204 εῐναι
1171 5149 1281 5204 τῶν
1327 5149 1609 5205 υίοθεσιῶν
1640 5150 1709 5204 ὲν.
1742 5153 1810 5222 τῇ

244 5237 372 5308 ἁγίᾳ
405 5239 596 5313 Γραφῇ
628 5239 862 5313 καθεξῆς
891 5240 1162 5312 λέγοντες.

321 5413 666 5488 Ἐρρήθησαν
723 5416 854 5488 γάρ.
911 5419 1098 5488 φασιν,
1133 5419 1244 5474 otot
1277 5421 1372 5476 τοῦ
1401 5421 1540 5476 Θεοῦ
1561 5467 1574 5491 ,
1611 5422 1816 5489 πάντες

239 5507 334 5564 avo
342 5525 538 5580 ρωποι⁹
553 5511 611 5566 ἐν
629 5509 728 5583 τῷ,
751 5511 926 5582 «Ἐγὼ
941 5509 1118 5580 εἷπον,
1135 5513 1260 5569 Θεοί
1274 5517 1399 5572 ἐστι
1422 5519 1518 5574 καὶ
1533 5519 1640 5574 υἱοὶ
1656 5517 1815 5592 Ὑψί-

303 5678 340 5710 ³⁸
388 5685 546 5743 Rom.
581 5703 652 5756 ιι,
687 5687 740 5744 6.
819 5689 862 5723 ³¹
895 5691 1036 5748 Psal.
1080 5707 1260 5762 tum,
1287 5694 1338 5750 6.

1919 4516 2102 4588 ipsius
2129 4513 2458 4570 excellentia
2491 4512 2857 4569 ostendatur:
2893 4512 3345 4583 quandoquidem
3373 4528 3506 4568 vero

1918 4605 2221 4662 calliditate
2300 4603 2601 4674 sophistica
2667 4601 3148 4674 propositionibus
3218 4603 3504 4673 praesentis

1917 4695 2226 4770 argumenti
2271 4695 2601 4752 densissimo
2648 4695 2772 4750 velo
2819 4693 3124 4765 coOpertis,
3149 4683 3229 4750 ne
3273 4692 3504 4750 evidens

1916 4797 2068 4847 esset
2115 4786 2370 4858 impietas
2419 4786 2809 4851 auditoribus,
2859 4796 2957 4840 aut
3005 4784 3188 4841 facilis
3240 4785 3502 4842 refutatio

1905 4875 2458 4944 contradicentibus,
2519 4877 2850 4949 interruptis
2899 4878 3151 4948 ipsorum
3195 4875 3265 4932 de
3299 4877 3504 4946 quibus

1910 4980 2285 5046 provocantur
2303 4971 2643 5042 argumentis
2672 4985 2773 5040 per
2799 4977 3162 5026 transennam
3183 4977 3242 5024 et
3270 4969 3501 5026 confuse

1909 5071 2170 5136 arguunt,
2215 5079 2318 5119 nos
2355 5061 2700 5134 propositum
2749 5069 2924 5118 totum
2959 5075 3152 5117 eorum
3191 5062 3501 5133 argumenti

1909 5157 2254 5228 colligentes,
2285 5155 2476 5212 subito
2513 5155 2801 5227 posuimus
2831 5161 2888 5210 et
2931 5154 3290 5225 probavimus
3332 5167 3498 5224 quam

1909 5249 2086 5306 velint
2131 5247 2502 5304 differentiam
2538 5263 2662 5304 esse
2701 5246 2847 5303 inter
2895 5246 3226 5318 adoptiones
3259 5245 3316 5300 in
3340 5259 3499 5302 sacra

1922 5342 2211 5414 Scriptura
2233 5341 2496 5412 deinceps
2525 5341 2796 5412 legentes.

1991 5431 2136 5488 Dicti
2166 5437 2297 5486 sunt
2322 5430 2494 5496 enim,
2515 5430 2695 5495 aiunt,
2719 5429 2818 5485 filii
2846 5429 2968 5496 Dei,
2992 5440 3186 5486 omnes
3211 5424 3492 5480 homines:

1922 5536 2120 5594 nempe
2139 5539 2152 5578 :
2183 5541 2200 5575 ι
2213 5519 2477 5601 Egodixi,
2496 5519 2574 5577 dii
2594 5519 2732 5579 estis
2745 5529 2803 5577 et
2821 5519 2918 5576 filii
2934 5517 3151 5576 Excelsi
3171 5515 3446 5572 omnes".
3467 5531 3491 5571 ι
