3852 6134
292 884 302 893 .
419 836 632 892 credita
683 842 813 890 sunt
867 833 1110 904 eloquia,
1159 850 1177 884 ι
1229 839 1288 886 et
1347 837 1737 886 testamentum
1802 829 2000 899 ipsius,

426 256 572 326 £627
1685 254 1998 318 LEONTII
2034 254 2456 317 BYZANTINI'
3577 259 3716 327 ιω

420 377 634 434 scilicet
666 370 974 430 secundum
1009 369 1304 441 imaginem
1346 367 1490 434 Dei;
1540 366 1718 422 vocati
1775 373 1906 422 sunt
1941 375 1997 423 et

2153 383 2226 419 που
2259 367 2478 431 πάντες·
2505 385 2524 419 ι
2550 365 2637 422 διὰ
2651 367 2721 422 τι
2743 369 2862 423 κατ’
2882 371 3062 426 εἰκόνα
3089 371 3226 428 Θεοῦ
3252 389 3266 404 ο
3293 369 3638 446 ἐκλήθησαν
3659 376 3717 430 δὲ

421 467 520 529 lilii
545 467 642 523 Dei
673 467 877 521 iterum
917 470 974 519 et
1021 461 1218 524 Judaei,
1249 473 1484 530 nempe:
1523 477 1541 510 ι
1572 458 1741 515 Filios
1768 459 2000 516 mutrivi

2153 459 2208 512 οἱ
2259 457 2396 512 Θεοῦ
2447 459 2610 514 πάλιν
2662 461 2756 514 καὶ
2789 463 2839 515 οἱ
2877 463 3120 518 Ἰουδαῖοι
3147 464 3294 536 κατᾲ
3334 464 3424 530 τὸ,
3471 484 3494 518 ι
3544 465 3720 532 Υἱοῦς

419 573 479 618 et
502 559 762 625 exaltavi,
791 557 897 628 ipsi
928 563 1114 611 autem
1149 558 1480 624 spreverunt
1499 565 1588 606 me
1610 550 1730 604 ³⁸·.»
1765 551 2002 622 Propter

2153 549 2367 619 ’ἐννησα
2423 551 2520 606 καὶ
2561 540 2786 620 ὕψωσα,
2849 553 3005 607 αὐτοὶ
3043 553 3102 608 δέ
3162 573 3232 626 με
3299 556 3615 627 ἠθέτησαν
3642 597 3662 620 ,
3695 578 3716 610 ι

420 652 723 709 amicitiam
769 649 870 708 Dei
909 657 967 703 et
996 661 1170 718 supra
1204 652 1433 701 caeteras
1463 642 1718 698 nationes
1749 642 1816 699 ad
1845 644 2004 698 inno-

2153 643 2193 694 ιὶ
2245 641 2517 697 οἰκειώσει
2562 643 2700 699 Θεοῦ
2750 645 2844 698 καὶ
2900 645 3055 718 παρὰ
3098 645 3166 700 τὰ
3191 647 3360 702 λοιπά
3391 647 3539 720 ἔθνη
3575 648 3721 715 πρὸς

420 744 662 800 centiam
713 741 936 797 formati
980 748 1038 796 et
1082 741 1344 810 pietatem
1395 737 1628 794 edocti:
1673 735 1800 792 ideo
1853 737 2003 792 enim

2153 733 2518 804 θαμαρτησίαν
2551 733 3085 804 παιδαγωγούμενοι,
3119 733 3215 789 xa‘t
3248 735 3518 790 εὐσεϐεῖν
3560 738 3717 791 δεδι.

2102 823 2380 893 σκόμενοι·
2409 825 2489 890 εἱς
2519 823 2677 880 τοῦτο
2710 827 2820 898 γὰρ
2847 829 2945 882 καὶ
2965 827 3368 900 ἐπιστεύθησαν
3397 830 3479 884 τὰ
3502 830 3714 898 Λὸγια.

2108 931 2127 966 ι
2191 915 2256 968 Ἦ
2283 913 2518 986 διαθήκη
2569 915 2680 988 γὰρ
2729 915 3102 988 αὑτοῦ,φησὶ,
3135 917 3229 972 τοῦ
3284 917 3550 988 δηλῶσαι
3619 922 3716 973 αὖ·

2100 1008 2214 1070 τοῖς
2241 1023 2256 1038 ο
2299 1025 2318 1058 ι
2349 1005 2464 1072 καὶ,
2499 1025 2518 1059 ι
2546 1006 2751 1078 Λύχνος
2787 1009 2900 1073 τοῖς
2940 1009 3068 1064 ποσί
3101 1026 3205 1081 μου
3239 1011 3268 1064 ὁ
3297 1010 3481 1082 νόμος
3519 1027 3654 1064 ceu:
3690 1031 3709 1065 ι

2101 1097 2191 1151 καὶ
2202 1137 2218 1163 ,
2229 1118 2248 1151 ι
2273 1096 2330 1153 '0
2349 1097 2728 1168 ἀπαγγέλλων,
2747 1100 2900 1172 φησὶ,
2913 1099 3005 1155 τὸν
3022 1100 3180 1170 λόγον
3192 1101 3354 1156 αὐτοῦ
3367 1101 3455 1173 τῷ
3479 1104 3716 1168 Ἰακὼὸ,

2101 1188 2446 1261 δικαιώματα
2504 1191 2600 1244 καὶ
2661 1193 2909 1262 κρίματα
2969 1191 3137 1247 αὐτοῦ
3172 1192 3251 1264 τῷ
3290 1192 3530 1266 Ἰσραήλ
3562 1210 3581 1222 ·
3618 1195 3720 1249 οὐκ

2103 1281 2366 1353 ἐποίησεν
2419 1281 2591 1346 οὕτως
2622 1285 2786 1340 παντὶ
2810 1283 2972 1342 ἔθνει.
3008 1302 3028 1336 ι
3075 1285 3357 1343 Ἐντεῦθεν
3381 1285 3505 1357 γὰρ
3529 1289 3592 1342 εἱ
3623 1289 3718 1341 καὶ

2103 1378 2256 1448 φόϐῳ
2283 1377 2380 1432 τοῦ
2416 1377 2582 1450 νόμου
2615 1379 2710 1434 καὶ⁵
2741 1381 2804 1432 οὺ
2829 1381 3151 1452 προαιρέσει
3187 1381 3702 1453 ὲδικαιοπράγουν,

2103 1469 2219 1539 ἀλλ’
2257 1469 2408 1540 ὅμως
2435 1471 2538 1540 τῆς
2570 1469 2731 1538 ἀξίας
2761 1471 3086 1544 ἐπικουρίας
3109 1471 3220 1527 τῶν
3248 1473 3496 1538 δικαίως
3529 1473 3696 1544 βιοῦν

419 1571 492 1626 ab
533 1585 622 1636 eo,
663 1577 892 1640 propter
931 1563 1138 1640 justam
1170 1574 1229 1621 et
1273 1565 1630 1620 innocentem
1673 1565 1866 1629 vitam,
1904 1561 2004 1616 ﬁlii

2153 1579 2212 1615 ον
2236 1562 2516 1634 ἀπήλαυον
2545 1577 2561 1594 ·
2589 1562 2686 1617 καὶ
2715 1563 2904 1629 ἁπλῶς
2924 1563 3020 1618 ἐπὶ
3041 1564 3144 1633 γῆς
3165 1565 3240 1630 ὡς
3267 1561 3382 1620 οἷόν
3407 1583 3478 1620 τε
3517 1571 3720 1638 μιμεῖ-

421 1664 518 1720 Dei
546 1663 726 1719 vocati
765 1669 932 1717 sunt:
963 1660 1062 1716 sed
1103 1659 1312 1730 pariter
1333 1659 1426 1714 isti
1459 1666 1518 1714 et
1553 1672 1785 1729 peccare
1815 1671 2008 1728 cmpe-

2153 1653 2232 1710 iau.
2282 1653 2416 1708 Θεὸν
2469 1655 2884 1728 μεθοδευόμενοι
2934 1657 3030 1739 ύπῖ
3055 1657 3222 1710 αὑτοῦ
3254 1656 3336 1728 τῷ
3367 1657 3592 1727 δικαίῳ
3625 1659 3723 1712 καὶ

422 1759 553 1808 runt
578 1751 804 1816 iterum,
830 1749 1148 1807 versatilem
1187 1747 1373 1804 adhuc
1404 1755 1662 1802 naturam
1689 1747 1961 1804 habentes
1986 1763 2002 1800 :

2153 1745 2474 1816 ναμαρτήτῳ
2525 1744 2624 1816 βίῳ
2658 1785 2674 1808 ,
2742 1745 2850 1800 υἱοὶ
2929 1738 3066 1800 Θεοῦ
3143 1747 3472 1820 ἐκλήθησαν
3506 1766 3522 1781 ο
3598 1751 3720 1804 ἀλλ’

421 1842 573 1914 quod
603 1842 770 1914 igitur
794 1848 853 1898 et
885 1855 1030 1912 saepe
1067 1840 1331 1911 operibus
1373 1838 1768 1911 probaverunt,
1797 1853 1996 1894 secun-

2153 1852 2255 1899 ιως
2289 1828 2436 1890 οὗτοι
2470 1835 2565 1890 καὶ
2592 1835 2656 1890 τὸ
2687 1836 2957 1907 ἁμαρτεῖν
2988 1837 3305 1908 ὲπεδέχοντο
3341 1838 3545 1902 πάλιν.
3590 1857 3722 1912 τρε-

421 1937 557 1989 dum
573 1934 721 2004 quod
736 1932 946 1988 dictum
963 1942 1049 1988 est
1069 1951 1083 1987 :
1111 1951 1130 1985 ι
1150 1931 1260 2003 Ipsi
1282 1939 1465 1988 autem
1485 1945 1572 1986 me
1590 1935 1918 2001 spreverunt
1937 1947 1952 1984 :
1975 1949 1996 1983 ι

2153 1925 2250 1996 τῆς
2278 1923 2359 1979 ἔτι
2385 1925 2601 1994 φύσεως
2630 1927 2996 2000 ὑπάρχοντεςο
3018 1929 3156 2000 ὅπερ
3180 1926 3274 1983 οὖν
3301 1931 3400 1986 καὶ
3435 1930 3722 1997 πολλάκις

417 2037 476 2082 et
498 2025 664 2080 morti
687 2025 902 2081 scilicet
923 2032 978 2080 et
998 2024 1178 2095 plagis
1201 2021 1582 2094 eti'suppliciis
1613 2021 1744 2078 inde
1766 2021 2004 2095 subjecti

2153 2034 2287 2088 »γοις
2315 2017 2684 2090 ¹ἱιλέγχθηιταν,
2709 2019 2848 2075 κατὰ
2875 2021 2936 2077 τὸ
2965 2021 3274 2092 εἰρημένον·
3302 2041 3322 2074 ι
3341 2022 3522 2078 Αὐτοὶ
3549 2025 3618 2080 δέ
3651 2043 3723 2096 με

420 927 622 999 inquit,
650 937 714 982 ut
745 925 1136 982 manifestetur
1167 923 1278 979 illis
1297 923 1378 989 '3;
1413 939 1430 972 ι
1477 950 1542 960 -
1589 939 1610 974 ί
1641 921 1867 976 lucerna
1904 935 2004 992 pe-

420 1021 588 1076 dibus
635 1019 774 1075 meis
815 1020 908 1075 lex
938 1026 1031 1073 tua
1053 1015 1132 1083 ³⁸;
1165 1035 1184 1068 ι
1215 1022 1311 1070 et:
1349 1033 1368 1066 ι
1407 1012 1514 1080 Qui
1546 1011 1842 1068 annuntiat
1874 1028 2002 1068 ver-

419 1113 551 1168 bum
579 1127 741 1168 suum
759 1109 950 1174 Iacob,
975 1106 1219 1181 justitias
1235 1105 1512 1178 etjudicia
1540 1119 1638 1160 sua
1663 1103 1862 1160 Israel:
1893 1117 2003 1158 non

417 1204 552 1260 fecit
574 1203 757 1260 taliter
785 1203 937 1258 omni
957 1199 1168 1256 nationi
1193 1199 1258 1254 ⁸³.
1289 1217 1309 1250 ›
1331 1196 1466 1253 Inde
1493 1196 1642 1252 enim
1671 1195 1774 1251 etsi
1804 1197 2004 1252 timore

421 1297 561 1370 legis
582 1305 640 1352 et
666 1311 776 1353 non
801 1293 1152 1363 beneplacito
1183 1289 1458 1362 justitiam
1495 1288 1773 1354 colebant,
1797 1287 2006 1358 pariter

418 1388 632 1444 auxilio
655 1386 845 1442 debito
881 1387 1032 1458 juste
1061 1381 1380 1438 viventibus
1407 1379 1764 1436 fruebantur:
1789 1389 1846 1434 et
1867 1379 2016 1436 sim-~

419 1481 642 1552 pliciter
677 1479 734 1533 in
771 1487 920 1534 terra
942 1474 1186 1546 quandiu
1227 1473 1432 1530 imitari
1461 1473 1633 1528 Deum
1655 1471 2002 1541 quaerebant,

419 2121 588 2170 sunt:
631 2131 650 2165 ι
699 2113 970 2170 Stimulus
1011 2113 1163 2168 enim
1196 2113 1416 2180 mortis,
1446 2121 1734 2184 peccatum
1766 2121 1854 2169 est
1870 2113 1949 2168 “:
1980 2131 2001 2168 ι

417 2213 520 2261 et:
561 2225 581 2258 ι
622 2205 796 2263 Multa
839 2204 1052 2277 ﬂagella
1098 2203 1413 2275 peccatoris
1443 2205 1510 2259 ".
1563 2223 1584 2257 ι
1645 2204 1728 2259 Ita
1778 2203 2006 2275 quidem

420 2296 592 2366 igitur
616 2305 672 2352 et
696 2295 788 2354 isti
810 2314 822 2350 :
843 2296 988 2352 Dicti
1011 2309 1206 2352 sumus
1227 2311 1360 2352 vero
1388 2295 1559 2351 etiam
1579 2310 1682 2351 nos
1701 2295 2006 2352 Christiani

432 2387 533 2442 filii
558 2387 680 2452 Dei,
721 2401 922 2458 nempe
943 2428 960 2454 ,
1002 2405 1022 2439 ί
1050 2385 1256 2443 Omnes
1284 2387 1432 2442 enim
1471 2383 1571 2440 ﬁlii
1599 2385 1700 2442 Dei
1730 2386 1886 2452 estis,
1907 2401 2009 2456 per

422 2475 588 2532 fidem
615 2477 671 2531 in
699 2476 924 2533 Christo
952 2476 1166 2533 Iesu".
1189 2495 1207 2528 ›
1235 2475 1350 2532 Nos
1371 2476 1562 2548 igitur,
1589 2476 1797 2532 nedum
1823 2475 2010 2534 verbis

419 2567 490 2621 ad
530 2567 904 2622 innocentiam
951 2565 1275 2632 formemur,
1315 2567 1672 2638 etjustitiam
1727 2567 1829 2622 Dei
1888 2581 2012 2637 qua:

420 2665 510 2714 est
531 2673 702 2728 super
719 2659 968 2714 litteram
1005 2674 1038 2713 a
1060 2657 1264 2729 spiritu
1287 2657 1386 2713 Dei
1417 2658 1688 2714 docemur
1711 2677 1725 2714 :
1753 2659 1812 2714 in
1834 2659 2011 2714 liber-

423 2757 594 2805 tatem
624 2757 684 2805 et
712 2749 1184 2806 immortalitatem
1213 2751 1396 2806 vocati
1417 2765 1610 2806 sumus
1635 2761 1694 2806 et
1725 2749 1782 2804 in
1808 2749 2012 2806 immu-

422 2841 754 2896 tabilitatem
792 2857 863 2897 ex
893 2843 1311 2898 resurrectione
1375 2850 1762 2904 mortuorum:
1799 2843 2011 2914 suppli-

422 2931 571 2986 cium
592 2932 704 3002 jam
724 2946 837 2986 non
859 2929 1141 2995 timentes,
1167 2947 1272 2988 nec
1291 2933 1656 2989 mutationem
1678 2932 2016 2989 transmissa:

421 3019 599 3078 beatae
625 3021 920 3093 vitae,qui,
950 3023 1242 3080 doloribus
1267 3024 1457 3088 liberi,
1495 3031 1554 3080 et
1591 3024 2013 3082 dominantibus

421 3113 722 3170 :eternitati
759 3115 1116 3170 tenebrarum
1146 3130 1271 3172 esse
1297 3115 1586 3181 debemus,
1610 3124 1667 3171 et
1710 3117 1769 3172 in
1795 3117 2010 3174 cmlesti

2105 2109 2401 2181 ἠθέτησαν.
2438 2131 2462 2164 ι
2495 2111 2607 2165 Καὶ
2633 2109 2849 2184 θανάτῳ
2884 2111 2942 2166 δὲ
2983 2111 3184 2185 δηλαδὴ
3207 2113 3300 2168 καὶ
3326 2115 3590 2186 πληγαῖς
3627 2119 3721 2171 καὶ

2105 2201 2400 2274 τιμωρίαις
2451 2203 2700 2258 ἐντεῦθεν
2763 2203 3054 2260 ὑπέκειντο
3079 2221 3096 2238 ο
3134 2223 3154 2258 ι
3181 2205 3292 2262 Καὶ
3325 2188 3444 2280 γὰρ
3479 2207 3550 2261 rb
3587 2210 3720 2262 κέν-

2107 2310 2234 2365 τρον
2255 2293 2351 2348 τοῦ
2383 2293 2636 2362 θανάτου,
2671 2297 2705 2366 ἡ
2747 2295 2993 2368 ἁμαρτία
3017 2311 3032 2326 ⁸
3068 2315 3088 2349 ι
3157 2297 3291 2362 καὶ,
3353 2317 3372 2346 ι
3411 2299 3719 2369 Μάστιγες

2109 2385 2303 2440 πολλαὶ
2375 2385 2471 2440 τοῦ
2549 2385 2892 2458 ἀμαρτωλοῦ.
2949 2406 2970 2440 ι
3025 2386 3212 2452 Οὕτως
3269 2387 3375 2460 μὲν
3453 2389 3556 2445 οὖν
3620 2392 3716 2446 καὶ

2107 2469 2253 2531 οὗτοι
2283 2490 2298 2506 °
2329 2476 2668 2550 ὲλέγχθημεν
2717 2477 2776 2532 δὲ
2827 2477 2922 2532 καὶ
2949 2479 3000 2531 οἱ
3035 2479 3357 2548 Χριστιανοὶ
3392 2480 3514 2534 υἱοὶ
3545 2481 3712 2547 Θεοῦ,

2109 2567 2252 2622 κατά
2275 2567 2357 2634 τὸ,
2381 2586 2402 2622 ι
2430 2569 2640 2634 Πάντες
2657 2569 2768 2642 γὰρ
2791 2570 2900 2624 υἱοὶ
2913 2569 3048 2624 Θεοῦ
3065 2571 3211 2636 ἐστε,
3228 2569 3318 2624 διὰ
3333 2571 3439 2638 τῆς
3462 2571 3714 2636 πίστεως

2109 2660 2168 2714 ὲν
2191 2660 2414 2733 Χριστῷ
2455 2659 2654 2732 Ἰησοῦ.
2697 2680 2718 2716 ι
2739 2662 2925 2734 Ἡμεῖς
2953 2658 3046 2716 οὖν
3076 2663 3214 2734 πρὸς
3242 2662 3324 2733 τῷ
3351 2662 3450 2718 διὰ
3481 2665 3605 2718 τῶν
3635 2665 3715 2718 λζ-

2111 2766 2224 2820 γων
2254 2750 2608 2806 παιδεύεσθαι
2643 2751 2704 2808 τὸ
2729 2752 3145 2824 ἀναμάρτητον,
3181 2751 3277 2806 καλ⁵
3306 2752 3410 2824 τὴν
3450 2755 3609 2828 ὑπὲρ
3647 2755 3708 2808 τι

2111 2841 2346 2913 γράμμα
2397 2842 2487 2896 διὰ
2539 2841 2863 2914 Πνεύματος
2918 2843 3269 2914 δικαιοσύνην
3325 2843 3714 2917 διδασκόμεθα

2113 2931 2250 2987 Θεοῦ
2271 2948 2286 2963 ·
2320 2935 2415 2988 καὶ
2457 2935 2550 2986 ἐπὶ
2579 2933 2867 3005 ἐλευθερίᾳ
2905 2934 3002 2989 καὶ
3037 2934 3306 3007 ἀθανασίᾳ
3349 2936 3713 3008 summa»,

2115 3024 2209 3078 καὶ
2235 3024 2470 3096 ἀτρεψίᾳ
2495 3025 2557 3089 ἐξ
2585 3024 2934 3089 ἀναστάσεως
2961 3024 3174 3096 νεκρῶν
3196 3039 3210 3052 ·
3249 3027 3540 3097 τιμωρίαν
3577 3028 3714 3083 οὐκ·

2115 3118 2195 3170 ἐτι
2218 3116 2470 3183 δεδιότες,
2501 3118 2562 3190 οὐ
2593 3117 2900 3189 μεταϐολὴν
2930 3119 3031 3189 τῆς
3075 3116 3480 3192 διαδεξαμένης
3525 3139 3714 3191 μακα-

423 3206 651 3263 civitate
703 3209 928 3275 vivere;
977 3218 1036 3264 ut
1083 3208 1233 3266 enim
1275 3223 1380 3265 nos
1425 3223 1678 3266 essemus
1725 3209 1906 3265 sancti
1955 3217 2011 3264 et

2153 3211 2236 3272 ίας
2268 3208 2435 3280 ζωῆς,
2467 3211 2646 3265 πόνων
2677 3209 2975 3282 ἐλεύθεροι,
3009 3211 3105 3264 καὶ
3136 3210 3244 3264 τῶν
3275 3211 3572 3283 ἀρχόντων
3617 3213 3716 3269 τοῦ

423 3299 764 3356 immaculati
807 3301 865 3356 in
908 3310 1212 3372 conspectu
1239 3302 1362 3372 ejus
1377 3301 1444 3368 ",
1477 3301 1536 3356 in
1569 3301 1842 3357 charitate
1872 3315 2014 3370 prae-

425 3390 690 3447 destinati
735 3407 930 3448 sumus
967 3393 1022 3447 in
1065 3392 1420 3463 adoptionem
1453 3392 1694 3448 ﬁliorum
1737 3392 1836 3447 Dei
1858 3391 1926 3455 ⁸ο,
1955 3401 2016 3446 et

427 3487 490 3532 ut
556 3479 983 3536 similitudinem
1032 3480 1372 3536 haberemus
1431 3495 1558 3536 cum
1609 3480 1772 3536 Patre
1821 3487 2012 3535 nostro

426 3569 523 3640 qui
572 3569 631 3624 in
661 3570 818 3628 ccelis
849 3579 938 3626 est
965 3571 1024 3626 in
1054 3573 1380 3643 acceptione
1407 3570 1723 3642 adoptionis
1765 3570 2012 3626 filiorum

425 3675 591 3730 quam
611 3667 1024 3730 exspectamus:
1046 3661 1210 3722 simul
1227 3677 1292 3718 ac
1308 3662 1746 3733 redemptionem
1755 3663 2019 3734 corporis

425 3752 624 3818 nostri,
653 3767 885 3822 peccare
908 3753 1063 3808 nullo
1090 3753 1257 3810 modo
1287 3755 1524 3824 amplius
1543 3753 1854 3810 habenti-5:
1885 3754 2013 3810 ideo

427 3859 542 3899 non
599 3844 742 3899 mori
800 3844 1070 3901 debemus
1120 3847 1179 3901 in
1206 3844 1480 3912 futurum,
1518 3845 1616 3901 sed
1650 3860 1818 3916 super
1869 3845 2026 3902 mala-

425 3935 632 4004 quibus
658 3949 772 3989 non
795 3933 936 3990 allici
959 3933 1124 3990 datur
1145 3943 1344 3991 natura
1367 3935 1686 3992 extollimur
1706 3955 1720 3990 :
1743 3944 2014 4007 quantum

431 4025 604 4096 igitur
645 4025 1016 4081 assimilemur
1052 4027 1166 4082 Deo
1211 4027 1518 4082 secundum
1567 4026 1699 4082 haec-
1735 4027 1902 4084 simul
1949 4041 2016 4083 ac

427 4116 560 4172 olim
585 4116 758 4174 Israel
782 4117 878 4188 qui
910 4117 1057 4173 ﬁlius
1076 4127 1134 4174 et
1162 4117 1282 4188 ipse
1303 4126 1532 4175 vocatus
1569 4117 1676 4174 fuit
1690 4119 1760 4186 δ’,
1781 4119 2014 4174 evidens

429 4215 536 4264 est.

499 4384 734 4444 Tantum
770 4395 954 4447 tamen
985 4397 1174 4444 nostra
1205 4387 1431 4458 adoptio
1481 4387 1720 4444 filiorum
1755 4388 2013 4459 adoptio-

429 4495 557 4538 nem
589 4497 781 4536 corum
818 4491 1042 4552 superat
1097 4491 1156 4538 et
1205 4481 1262 4536 in
1319 4482 1510 4548 tantis,
1562 4490 1624 4536 ut
1673 4491 1731 4538 et
1783 4484 2014 4555 spiritus

430 4572 719 4628 servitutis
739 4573 920 4629 hancce
943 4573 1160 4629 dicatur
1179 4573 1238 4628 in
1267 4574 1524 4629 timorem
1550 4581 1608 4630 et
1635 4575 1692 4629 in
1726 4574 2012 4631 vinculum

427 4664 542 4736 jugi
579 4664 886 4731 servitutis,
911 4665 1061 4720 illam
1101 4680 1231 4722 vero
1263 4664 1496 4736 Spiritus
1527 4665 1844 4738 adoptionis
1870 4665 2014 4723 filio-

430 4774 554 4812 rum
590 4759 646 4814 in
665 4773 778 4829 quo
799 4759 1120 4825 clamamus,
1147 4777 1166 4811 ι
1189 4758 1346 4816 Abba
1373 4759 1536 4815 Pater
1554 4760 1635 4816 “:
1667 4779 1688 4812 ›
1720 4761 1868 4832 quod
1894 4763 2014 4818 haec

430 4848 618 4906 dicere
675 4865 963 4922 nunquam
1014 4850 1324 4906 sustinuit:
1363 4851 1570 4908 etenim
1622 4851 1744 4923 ipsa
1805 4852 2013 4909 dicitur

431 4941 656 5010 proprie
701 4943 932 4999 libertas
987 4958 1097 5014 qua
1145 4942 1402 5000 Christus
1445 4959 1548 5000 nos
1591 4945 1888 5000 liberavit:
1935 4947 2014 5001 ita

430 5030 657 5100 quidem
693 5031 864 5102 igitur
908 5041 967 5089 et
999 5033 1138 5088 ista:
1172 5034 1414 5089 Vocatus
1451 5045 1539 5090 est
1567 5043 1778 5101 autem,
1807 5035 2013 5106 inquit,

323 5161 332 5172 .
421 5131 491 5186 ,οι
517 5121 838 5179 Dominicus
865 5123 1052 5188 homo,
1081 5123 1255 5178 Filius
1301 5125 1434 5178 Dei:
1479 5135 1788 5202 nempe,_et
1817 5146 1836 5179 ι
1870 5127 2019 5185 filius

421 5213 652 5283 ,Excelsi
709 5215 999 5270 vocabitur
1018 5216 1095 5269 ἠε
1146 5233 1166 5266 ι
1222 5215 1326 5270 iste
1373 5231 1530 5281 vero,
1583 5227 1784 5286 prater
1835 5222 2019 5277 omnia

434 5313 624 5361 nostra
653 5305 914 5376 specialia
961 5305 1014 5358 in
1046 5304 1254 5374 quibus
1282 5308 1480 5364 similis
1513 5308 1675 5365 nobis
1705 5319 1761 5367 et
1808 5311 2012 5368 dicitur

400 5391 576 5464 besse,
597 5409 685 5455 est
713 5396 1115 5470 primogenitus
1144 5399 1200 5454 in
1222 5399 1413 5455 multis
1439 5400 1704 5460 fratribus
1726 5403 1772 5436 ⁸⁵
1799 5419 1830 5460 a
1857 5420 2012 5460 com-

2031 4433 2092 4492 Ι)

2113 3301 2309 3366 αἰῶνος
2332 3300 2428 3356 τοῦ
2469 3301 2698 3365 σκότους
2724 3303 2992 3374 ἐσόμενοι,
3019 3303 3078 3356 ὲν
3121 3302 3360 3374 οὐρανίῳ
3413 3321 3482 3357 τε
3550 3305 3715 3359 πολι-

2112 3399 2234 3468 τείᾳ
2289 3395 2577 3466 βιώσοντες
2601 3413 2616 3428 ·
2647 3397 2730 3460 είς
2757 3397 2864 3468 γὰρ
2909 3395 2970 3450 τὸ
3017 3391 3157 3451 εἶναι
3203 3397 3353 3468 ἡμᾶς
3382 3397 3591 3468 ἁγίους
3617 3401 3716 3454 καὶ

2113 3485 2754 3558 ἀμώμους.κατενὼπιον
2807 3486 2974 3540 αὑτοῦ
3001 3488 3060 3541 ὲν
3109 3487 3300 3561 ἀγάπῃ
3335 3491 3714 3563 προωρίσθη-

2117 3592 2216 3642 μεν
2244 3575 2326 3639 είς
2355 3573 2630 3651 υἱοθεσίαν
2655 3573 2814 3642 Θεοῦ,
2845 3575 2940 3630 καὶ
2967 3573 3068 3645 τὴν
3103 3575 3364 3646 ὁμοίωσιν
3416 3575 3580 3648 ἔχειν
3612 3581 3718 3651 τὴν

2115 3666 2252 3736 πρὸς
2319 3664 2413 3720 τὸν
2459 3665 2710 3738 οὐράνιον
2741 3665 2902 3738 ἡμῶν
2931 3667 3174 3742 Πατέρα,
3215 3669 3272 3722 ὲν
3303 3670 3372 3740 τῇ
3426 3671 3718 3742 ἀπολήψει

2113 3756 2214 3826 τῆς
2249 3757 2543 3826 υἱοθεσίας,
2563 3751 2638 3832 ,ἦς
2671 3757 3084 3831 ἀπεκδεχόμεθα
3117 3775 3132 3792 ο
3165 3760 3334 3830 ἤγουν
3358 3759 3469 3832 τῆς
3500 3763 3721 3819 ἀπολυ-

2114 3847 2378 3920 τρώσεως
2403 3845 2498 3902 τοῦ
2525 3847 2779 3920 σώματος
2805 3849 2983 3920 ἡμῶν,
3017 3848 3079 3926 τδ
3117 3849 3461 3924 ἁμαρτάνειν
3491 3852 3580 3906 ἔτι
3621 3855 3717 3909 οὐ·

2113 3939 2226 3994 δενὶ
2251 3939 2439 4010 τρόπῳ
2485 3939 2737 4016 ἔχοντεςξ
2765 3939 2848 3994 διὸ
2904 3939 3036 3994 οὐδὲν
3063 3939 3338 4013 ,θνήσκειν
3387 3944 3718 4012 πεφυκότες

2115 4029 2322 4096 λοιπον,
2383 4029 2498 4084 ἀλλ’
2529 4031 2588 4083 ὲν
2623 4028 2702 4100 τῷ
2728 4015 2892 4101 ’μηδὲ
2942 4029 3168 4102 δυνάμει
3219 4025 3363 4085 εῖναι
3407 4031 3716 4098 δεκτικοὺς

2114 4121 2224 4175 τῶν
2257 4119 2446 4175 κακῶν
2471 4119 2572 4193 τὴν
2631 4119 2794 4190 φύσιν
2841 4121 3249 4193 ὑπεραρθέντες
3277 4139 3292 4154 ο
3331 4123 3463 4177 ὅσον
3486 4123 3588 4178 οὖν
3625 4127 3716 4194 ἐξ·

2028 4256 2056 4278 ,
2113 4209 2452 4282 ομοιούμεθα
2482 4208 2604 4281 Θεῷ
2636 4211 2779 4264 κατά
2802 4209 2928 4264 τάδε
2969 4210 3124 4282 παρὰ
3152 4210 3244 4272 τόν
3277 4228 3412 4266 ποτε
3465 4214 3713 4288 Ἰσραὴλ,

2114 4302 2228 4356 υἱὸν
2255 4302 2350 4356 καὶ
2383 4301 2546 4354 αὐτὸν
2578 4300 2866 4373 κληθέντα,
2895 4301 3076 4372 δῆλον.

2187 4391 2454 4450 Τοσοῦτον
2483 4391 2617 4461 γοῦν
2675 4393 2710 4463 ἡ
2753 4393 3007 4464 ἡμετέρα
3051 4392 3296 4447 υἱοθεσία
3326 4395 3430 4467 τῇς
3481 4397 3718 4453 ἐκείνων

2117 4482 2350 4556 προῦχει
2369 4483 2466 4538 καὶ
2477 4485 2535 4538 ἐν
2548 4483 2844 4554 τοσούτοις,
2863 4484 2940 4550 ὡς
2958 4485 3052 4539 καὶ
3067 4483 3286 4556 πνεῦμα
3304 4485 3564 4553 δουλείας
3583 4492 3716 4545 sua.

2112 4595 2208 4649 νην
2241 4575 2496 4646 λέγεσθαι
2527 4579 2608 4640 είς
2639 4576 2804 4648 φόϐον
2861 4577 2958 4632 καὶ
2987 4576 3158 4646 ζυγοῦ
3185 4576 3440 4650 δουλείας
3473 4581 3713 4654 ἐνοχήνο

2107 4667 2388 4740 ταύτην-δὲ
2410 4667 2628 4739 πνεῦμα
2642 4667 2912 4731 υἱοθεσίας
2929 4670 2986 4722 ἐν
3010 4663 3056 4737 ᾧ
3085 4668 3202 4722 ἐστι
3226 4667 3517 4739 κράζεινοι
3545 4671 3716 4726 ’Δὸὃᾶ

2108 4762 2136 4814 ὁ
2151 4760 2362 4832 Πατήρ·
2376 4779 2395 4812 ι
2414 4761 2551 4832 ὅπερ
2563 4760 2744 4832 ἐκείνη
2763 4759 2945 4830 λέγειν
2959 4760 3020 4813 οὐ
3037 4760 3616 4839 τετόλμηκεπιὶιποτε·
3631 4765 3717 4818 καὶ

2112 4851 2224 4922 γὰρ
2269 4848 2408 4922 αὕτη
2436 4849 2654 4920 λέγεται
2708 4850 2856 4915 ἰδίως
2885 4851 3192 4922 ἐλευθερία,
3222 4845 3258 4926 ᾖ
3287 4851 3534 4925 Χριστὸς
3571 4857 3718 4928 ἡμᾶς

2117 4941 2510 5013 ἠλευθέρωσεν’
2527 4941 2700 5006 οὕτως
2726 4941 2826 5012 μὲν
2849 4940 2941 4996 οὖν
2959 4942 3054 4996 καὶ
3069 4941 3185 5010 ἥδε.
3201 4941 3442 5016 Ἐκλήθη
3457 4944 3541 5010 δὲ,
3555 4946 3720 5018 φησὶ,

2119 5035 2216 5087 καὶ
2244 5033 2274 5086 ὁ
2309 5033 2584 5105 Κυριακὸς
2639 5031 2946 5106 ἄνθρωπος,
3007 5032 3138 5098 Υίὺς
3193 5031 3334 5086 Θεοῦ
3367 5051 3382 5064 ·
3426 5037 3582 5090 κατά
3633 5041 3718 5102 τὸ,

2127 5143 2146 5178 ι
2181 5125 2293 5180 Καὶ
2318 5124 2444 5188 Υἱὸς
2487 5123 2740 5196 Ὑψίστου
2771 5126 3130 5198 κληθήσεται.
3192 5144 3210 5178 ι
3247 5119 3417 5188 Οὗτος
3459 5127 3521 5181 δὲ
3581 5131 3722 5202 πρὸς

2123 5222 2237 5284 τοῖς
2265 5218 2560 5292 ἡμετέροις
2599 5221 2765 5275 πᾶσιν
2794 5221 3120 5293 ἐξαιρέτοις,
3151 5221 3209 5275 ἐν
3235 5217 3319 5285 οἷς
3350 5223 3546 5292 ὅμοιος
3587 5227 3726 5297 ἡμῖν

2119 5309 2195 5363 ὢν
2223 5311 2319 5365 καὶ
2343 5310 2564 5380 λέγεται
2585 5307 2749 5379 εἶναι,
2772 5314 2801 5366 ὀ
2832 5311 3178 5383 πρωτότοκος
3215 5313 3279 5365 ὲν
3295 5311 3522 5378 πολλοῖς
3561 5317 3728 5371 ἀδελ-

2119 5405 2240 5474 φοῖς
2282 5402 2361 5474 τῷ
2419 5403 2581 5476 κοινῷ
2619 5405 2836 5459 πάντων
2865 5403 3040 5476 Πατρὶ
3072 5403 3194 5474 Θεῷ
3217 5420 3231 5433 ·
3263 5405 3362 5458 καὶ
3384 5404 3564 5477 ἔτερα
3615 5409 3731 5482 εχει

507 5536 576 5568 ⁸²⁴
609 5534 713 5606 lsa.
767 5549 806 5596 I,
854 5533 1024 5606 1””
1047 5533 1190 5606 Psal:
1230 5537 1500 5606 fumi-1.
1577 5537 1793 5596 “Psal.
1883 5557 2067 5606 cxvm,
2109 5540 2230 5596 105.
2311 5539 2358 5571 ³⁸
2389 5539 2534 5595 Psal.
2593 5556 2791 5602 c-vau,
2843 5540 2932 5602 l9,
2979 5538 3070 5593 20.
3152 5538 3250 5593 ³⁸1
3287 5537 3420 5592 Cor.
3478 5556 3580 5606 xv,
3637 5543 3722 5598 56-

432 5605 482 5682 ξξ
513 5605 659 5682 Psal.
706 5620 851 5682 augt,
907 5603 1025 5682 l_0.__
1071 5603 1116 5636 ³⁸
1147 5603 1453 5682 ϐοἱοι.λιι,
1511 5608 1600 5664 26.
1681 5613 1724 5645 ’9
1755 5611 1960 5682 Epltcs.
1994 5603 2125 5675 ι,’4.

435 5673 484 5707 δ’
516 5675 648 5729 Luc.
675 5691 712 5740 ι,
746 5675 834 5730 52.
916 5675 959 5708 ³³
990 5675 1147 5730 Hom.
1179 5691 1298 5742 vm,
1320 5673 1410 5728 9.9.

2237 5610 2284 5642 ⁸ο
2308 5609 2443 5666 ibid.
2472 5612 2526 5666 5.
2608 5638 2614 5646 -
2640 5613 2681 5644 ⁸⁸
2709 5611 2882 5668 Exod.
2912 5626 2987 5676 IV,
3008 5609 3100 5664 29..
3213 5609 3260 5640 δ’
3287 5608 3453 5664 Rom.
3483 5628 3620 5680 vm,
3645 5615 3712 5671 15
