3852 6134
154 290 301 356 1629

1095 287 1492 351 ADVERSUS
1528 284 2076 348 NESTORIANOS.
2099 312 2168 322 —
2197 288 2347 353 LIB.
2386 290 2512 350 III.

3284 290 3422 355 1630

159 400 274 454 ῐδια
306 395 665 470 χαρίσμαιικι,¹
690 396 754 462 ἐξ
782 389 858 451 ὧν
882 396 977 451 καὶ
1004 395 1315 467 Μονογενὴς
1346 394 1423 466 τῷ
1444 394 1621 465 Πατρὶ
1650 394 1744 465 ep-

1856 394 1999 449 muni
2033 394 2279 449 omnium
2332 396 2495 451 Patre
2551 396 2698 451 Deo:
2732 404 2790 453 et
2825 398 2931 453 alia
2984 398 3154 454 habet
3197 402 3418 471 propria

152 491 301 563 ρήθη
326 506 342 521 ο
385 490 503 543 ἐστι
530 488 588 542 δὲ
638 487 838 557 ταῦτα,
865 487 1083 559 πρῶτον
1137 488 1260 559 μὲν,
1300 487 1383 541 ὅτι
1417 488 1482 540 ἐκ
1522 486 1739 541 πάντων

153 580 374 653 ὁρατῶν
409 580 507 635 καὶ
535 580 786 652 ἀοράτων
810 579 1124 651 κτισμάτων
1155 578 1463 651 ἀφώρισται
1508 578 1604 633 καὶ
1650 577 1744 643 ἐξ·

150 673 399 726 είλεκται
431 671 549 745 ἅμα
574 672 654 743 τῷ
680 669 842 737 εἶναι,
874 671 969 726 καὶ
997 670 1098 743 τὴν
1126 671 1220 726 τοῦ
1252 669 1394 726 εἶναι
1422 671 1551 735 Υἱὸς
1578 670 1739 737 ἀξίαν

155 766 338 820 λαϐὼν
366 767 554 838 χάριτι
590 783 605 798 ⁸
636 766 827 838 ὥσπερ
852 765 1019 830 εττις
1051 765 1165 828 υἱὸς
1188 764 1454 837 βασιλέως
1478 763 1574 820 ἐπὶ
1604 779 1739 834 πορ-

156 859 311 930 φύρᾳ
355 857 593 929 τεχθεὶς,
622 859 655 930 ἢ
683 858 766 912 ἔτι
810 857 1111 929 κυούμενος
1141 859 1201 912 ὲν
1249 859 1434 932 μήτρᾳ
1466 856 1740 927 πεφθεὶς,

154 949 598 1020 διαζωννυμένης
621 948 715 1003 τὸν
738 950 1003 1018 στέφανον
1026 948 1130 1018 τῆς
1170 950 1400 1020 μητρὸς,
1454 950 1594 1021 ὅπερ
1653 948 1743 1018 γί-

155 1057 306 1095 νεται
335 1039 616 1103 πολλάκις.
652 1040 766 1094 Καὶ
789 1040 964 1104 οὕτως
989 1040 1171 1112 ⁴ἱινὼθη
1200 1040 1279 1111 τῷ
1314 1040 1433 1111 Θεῷ
1452 1041 1613 1111 Λόγῳ
1634 1040 1744 1095 ἀπὸ

157 1128 384 1202 πρώτης
426 1129 596 1184 αὐτοῦ
648 1132 921 1200 κτίσεως,
953 1137 1049 1190 καὶ
1079 1137 1203 1199 Υἱὸς
1240 1137 1538 1208 ὠνομάσθη
1565 1137 1627 1191 οὐ
1652 1136 1742 1191 διά

155 1222 255 1293 τὴν
282 1300 289 1303 ¹
319 1222 444 1277 καθ’
505 1225 656 1296 ἡμᾶς
712 1226 1021 1294 υἱοθεσίαν,
1075 1229 1192 1283 ἀλλ’
1251 1229 1326 1294 ὡς
1402 1228 1747 1300 συνημμένος

157 1312 236 1385 τῷ
265 1314 424 1386 Λόγῳ
452 1318 589 1385 πρὸς
631 1317 731 1388 τὴν
785 1320 993 1373 ἐκείνου
1048 1322 1388 1390 φανέρωσινο
1440 1320 1536 1376 καὶ⁸
1582 1318 1744 1374 αὑτοῦ

159 1411 220 1463 τὸ
280 1410 572 1481 πρόσωπον
614 1411 850 1483 ἐπέχων,
916 1413 1083 1469 αὐτοῦ
1136 1415 1236 1487 τὴν
1299 1415 1468 1487 τιμὴν
1498 1456 1514 1481 ,
1576 1413 1745 1485 αὐτοῦ

166 1501 265 1572 τὴν
340 1499 498 1566 ἀξίαν
567 1503 750 1576 φέρων
799 1521 815 1537 ο
879 1506 973 1559 καὶ
1027 1524 1048 1560 ι
1127 1507 1412 1561 Ἐκάθισεν
1476 1508 1534 1559 ὲν
1599 1504 1750 1576 δεξιᾷ

162 1591 252 1646 τοῦ
310 1591 483 1658 Θεοῦ,
536 1594 794 1664 ὑπεράνω
869 1596 1052 1668 πάσης
1110 1596 1356 1662 ἐξουσίας
1411 1596 1508 1650 καὶ
1558 1595 1747 1667 κυριό-

163 1702 327 1756 τητος
380 1685 478 1739 καλ⁸
528 1686 814 1757 δυνάμεως
837 1727 854 1754 ,
904 1688 1076 1760 ὄνομα
1133 1688 1314 1744 λάὸὼν
1371 1688 1554 1760 μεῖζον
1607 1705 1747 1745 παν-

161 1776 254 1838 τὸς
302 1776 570 1847 ὀνόματος
622 1776 1050 1851 ὀνομαζομένου,
1087 1780 1148 1837 οὐ
1201 1778 1359 1851 μόνον
1386 1779 1444 1832 ἐν
1475 1777 1555 1849 τῷ
1584 1779 1743 1833 αἱῶνι

162 1865 333 1937 τούτῳ
369 1907 386 1932 ,
450 1867 587 1923 ἀλλά
631 1869 729 1923 καὶ
759 1872 818 1925 ὲν
867 1871 946 1942 τῷ
983 1872 1270 1944 μέλλοντι·
1301 1890 1322 1925 ι
1362 1900 1432 1912 -
1465 1890 1485 1924 ι
1523 1870 1640 1948 Ἵνα
1687 1873 1745 1925 ὲν

164 1958 240 2029 τῷ
287 1960 514 2032 ὀνόματι
579 1962 756 2034 Ἰησοῦ
812 1964 921 2019 πᾶν
970 1964 1100 2033 γόνυ
1160 1965 1353 2037 κάμψῃ
1402 1965 1746 2036 ἐπουρανίων

167 2053 260 2105 καὶ
331 2052 592 2120 ἐπιγείων
668 2055 767 2108 καὶ
849 2056 1258 2127 καταχθονίων·
1302 2075 1322 2108 ι
1387 2056 1567 2110 πάντα
1635 2054 1744 2126 γὰρ

167 2144 353 2208 ἁπλῶς
382 2143 647 2210 ὑπέταξεν
679 2147 786 2201 ὑπὸ
811 2149 939 2212 τοὺς
971 2149 1141 2212 πόδας
1167 2149 1332 2204 αὐτοῦ
1349 2163 1364 2179 ⁸
1389 2148 1483 2203 καὶ
1525 2146 1618 2202 ἀπ’
1643 2147 1745 2200 αὐ·

124 2268 130 2273 ι
166 2235 258 2289 τοῦ
288 2236 366 2307 τῷ
396 2235 526 2307 θείῳ
547 2238 726 2309 Λόγῳ,
760 2230 909 2293 οἶῖτὸ
939 2241 1232 2310 πρόσωπον
1263 2240 1449 2309 ἐπέχει
1469 2254 1486 2271 ο
1513 2238 1609 2292 καὶ
1635 2237 1748 2292 ἀπ’

168 2328 398 2394 ἐκείνου,
421 2329 499 2399 τῷ
517 2329 697 2401 Πατρὶ
715 2330 794 2402 τῷ
817 2331 1109 2402 ἀχωρίστῳ
1131 2331 1319 2394 αὐτοῦ,
1346 2331 1463 2400 ἅμα
1478 2327 1748 2400 τῷεΠνεύ-

170 2439 298 2493 ματι
334 2421 413 2492 τῷ
440 2423 582 2494 ἁγίῳ
607 2439 622 2456 ·
652 2424 747 2478 καὶ
777 2424 922 2479 οὓτω
957 2425 1231 2495 μεσιτεύει
1261 2422 1382 2494 Θεῷ
1412 2422 1509 2477 καὶ
1536 2420 1748 2494 ἀνθρώ-

169 2528 292 2575 ποις
323 2529 336 2543 ’
365 2513 574 2568 τούτων
598 2513 653 2567 δὲ
681 2515 832 2569 οὐδὲν
861 2515 1024 2571 πλέον
1053 2514 1204 2585 αὐτῷ
1248 2531 1380 2567 ποτε
1408 2513 1740 2583 παρέξουσιν

165 2606 217 2658 οἱ
247 2604 493 2659 συνθέσει
534 2605 789 2674 λέγοντες
817 2607 914 2661 τοῦ
942 2607 1119 2675 Λόγου
1157 2607 1253 2660 καὶ
1298 2605 1392 2660 τοῦ
1430 2603 1744 2676 ἀνθρώπου,

166 2694 259 2749 τὸν
294 2697 530 2767 Χριστὸν
576 2697 876 2767 ὑφεστάναι
908 2716 925 2733 ο
958 2700 1008 2752 εἱ
1048 2699 1107 2753 δὲ
1160 2698 1369 2752 τούτων
1414 2697 1750 2767 ἀσύγκριτος

168 2791 276 2840 τῶν
307 2787 591 2843 υἱοθεσιῶν
614 2792 649 2862 ὴ
675 2791 998 2862 παράθεσις,
1031 2789 1149 2854 πῶς
1185 2806 1350 2860 φασιν
1374 2789 1456 2843 ὅτι
1484 2787 1749 2858 ὁμότιμον

168 2878 301 2947 ἡμῖν
353 2895 535 2950 φαμεν
571 2879 665 2932 τὸν
707 2881 988 2951 Χριστόνς
1025 2879 1160 2934 διότι
1180 2881 1243 2934 οὐ
1273 2880 1431 2950 φύσει
1454 2878 1602 2942 Υἱὸν,
1630 2877 1751 2931 οὐδὲ

171 2968 333 3023 αὐτὸν
381 2968 549 3036 Θεοῦ,
574 2969 710 3024 ἀλλὰ
761 2973 944 3042 χάριτι
1000 2971 1359 3026 υἱοθετετσθαι
1411 2969 1706 3039 δοξάζομεν
1731 2986 1746 3003 ο

1841 487 2006 553 dona,
2028 502 2098 542 ex
2126 487 2684 559 quibusUnigenitus
2715 504 2746 543 a
2774 489 2934 545 Patre
2956 490 3140 547 dictus
3169 502 3275 547 est.
3295 490 3420 547 Haec

1838 593 1974 634 vero
2003 586 2155 645 sunt,
2204 579 2447 649 primum
2480 579 2706 649 quidem
2738 594 2806 634 ex
2839 581 3055 636 cunctis
3101 582 3423 639 visibilibus

1841 678 1898 726 et
1925 669 2303 726 invisibilibus
2345 672 2619 727 creaturis
2659 682 2944 743 separatus
2984 680 3042 728 et
3082 674 3294 729 electus
3336 682 3421 729 est

1841 761 2009 818 simul
2052 777 2117 818 ac
2163 761 2291 828 fuit,
2315 770 2370 818 et
2402 778 2525 818 esse
2559 763 2734 819 Filius
2765 764 2937 835 gratia
2965 764 3165 836 dignus
3195 765 3423 821 habitus

1842 860 1965 909 est:
1999 853 2245 922 perinde
2263 869 2328 910 ac
2365 855 2412 910 si
2451 854 2599 910 ﬁlius
2629 854 2773 927 regis
2801 855 2858 910 in
2887 870 3136 927 purpura
3173 858 3417 927 genitus,

1843 954 1940 1002 aut
1968 946 2151 1002 adhuc
2194 947 2253 1002 in
2293 956 2486 1004 ventre
2527 949 2722 1003 matris
2755 958 3075 1015 coronatus,
3109 950 3422 1020 praecincta

1846 1038 2041 1094 matris
2065 1053 2326 1094 coronam
2352 1039 2650 1109 acciperet;
2676 1039 2825 1110 quod
2858 1038 2920 1094 ﬁt
2949 1055 3112 1110 saepe.
3132 1041 3212 1096 Ita
3229 1042 3422 1097 unitus

1844 1141 1932 1190 est
1958 1134 2072 1190 Deo
2096 1134 2282 1190 Verbo
2327 1150 2356 1189 a
2401 1134 2577 1204 prima
2604 1131 2783 1204 ipsius
2829 1133 3132 1197 creatione,
3163 1142 3219 1189 et
3247 1136 3423 1191 Filius

1847 1226 2155 1298 appellatus
2183 1234 2269 1281 est
2304 1240 2414 1280 non
2452 1233 2680 1296 propter
2712 1226 3019 1281 secundum
3044 1242 3146 1281 nos
3177 1227 3419 1281 ﬁliorum

1847 1312 2223 1382 adoptionem,
2267 1311 2365 1368 sed
2399 1323 2460 1366 ut
2491 1313 2674 1369 Verbo
2707 1314 2900 1369 unitus
2945 1314 3014 1368 ad
3044 1314 3195 1369 illius
3243 1319 3419 1369 mani-

1848 1404 2229 1460 testationem:
2280 1412 2338 1459 et
2389 1405 2537 1460 illius
2592 1421 2882 1476 personam
2928 1408 3193 1472 retinens,
3248 1406 3422 1477 ipsius

1849 1496 2140 1560 honorem,
2172 1496 2351 1566 ipsius
2372 1496 2603 1568 gloriam
2633 1513 2745 1568 prae
2773 1513 2836 1554 se
2873 1498 3096 1555 ferens:
3123 1508 3179 1554 et
3215 1519 3235 1551 ι
3277 1498 3417 1554 Con-

1849 1587 2030 1643 stituit
2055 1586 2124 1641 ad
2138 1586 2422 1643 dexteram
2444 1587 2566 1655 Dei,
2595 1572 2652 1643 in
2677 1590 2999 1645 cmlestibus
3022 1605 3185 1660 supra
3201 1605 3421 1645 omnem

1849 1681 2224 1750 principatum
2242 1687 2299 1736 et
2320 1680 2754 1736 dominationem
2769 1690 2825 1736 et
2848 1690 3196 1752 potestatem,
3216 1697 3423 1738 nomen

1847 1771 2061 1828 habens
2089 1773 2264 1843 majus
2303 1773 2457 1827 omni
2507 1774 2731 1828 nomine
2762 1774 2909 1843 quod
2936 1774 3277 1838 nominatur,
3308 1789 3422 1829 non

1849 1864 2027 1919 solum
2068 1864 2127 1919 in
2171 1865 2279 1921 hoc
2318 1865 2539 1931 saaeulo,
2567 1865 2665 1920 sed
2692 1866 2859 1920 etiam
2891 1866 2948 1920 in
2976 1866 3163 1921 futuro
3181 1866 3257 1920 M':
3296 1886 3316 1918 ι
3346 1866 3421 1919 ita

1856 1980 1873 2009 ο
1917 1965 1978 2011 ιιι
2024 1956 2081 2011 in
2117 1957 2344 2011 nomine
2374 1957 2502 2013 Jesu
2536 1972 2699 2011 omne
2763 1973 2908 2028 genu
2952 1957 3207 2012 ﬂectatur
3250 1965 3425 2011 terre-

1849 2048 2070 2115 strium,
2112 2048 2420 2105 cmlestium
2441 2058 2498 2104 et
2520 2049 2864 2104 infernorum
2884 2049 2961 2104 “z
3000 2069 3018 2101 ι
3066 2050 3249 2104 omnia
3275 2050 3424 2104 enim
3498 2048 3500 2050 ’

1848 2139 2179 2210 simpliciter
2224 2140 2463 2212 subjecit
2511 2141 2617 2196 sub
2673 2141 2914 2212 pedibus
2950 2142 3073 2213 ejus
3095 2141 3176 2195 ":
3227 2150 3284 2195 et
3324 2154 3426 2209 per

1850 2231 2034 2301 ipsum
2068 2230 2260 2287 divino
2277 2232 2484 2298 Verbo,
2506 2233 2670 2302 cuius
2689 2247 2985 2302 personam
3014 2233 3220 2287 retinet
3242 2239 3299 2284 et
3326 2244 3426 2300 per

1849 2323 2018 2378 istum
2063 2324 2214 2380 Patri
2269 2325 2339 2380 ab
2390 2325 2514 2395 ipSo
2565 2324 2920 2395 inseparabili
2970 2325 3133 2379 simul
3191 2331 3246 2379 et
3298 2338 3426 2377 cum

1850 2417 2062 2488 Spiritu
2093 2425 2286 2474 sancto
2307 2418 2629 2489 participat:
2654 2427 2710 2474 et
2738 2419 2814 2473 ita
2846 2418 3121 2473 mediator
3141 2426 3225 2472 est
3249 2416 3344 2469 Dei
3372 2423 3429 2470 et

1850 2509 2238 2565 hominum“:
2292 2511 2432 2566 nihil
2479 2521 2664 2567 autem
2727 2511 2962 2581 amplius
3020 2511 3126 2580 ipsi
3184 2524 3427 2579 unquam

1848 2602 2181 2673 prabebunt
2235 2602 2331 2673 qui
2386 2612 2640 2659 asserunt
2704 2602 3102 2672 compositione
3149 2601 3316 2657 Verbi
3372 2607 3432 2654 et

1851 2692 2101 2749 hominis
2153 2693 2435 2749 Christum
2493 2693 2842 2749 substitisse:
2893 2694 2941 2748 si
3007 2709 3143 2749 vero
3199 2693 3431 2747 istarum

1852 2782 2095 2839 ﬁliorum
2134 2783 2494 2854 adoptionum
2525 2784 2644 2840 ﬁeri
2669 2785 2861 2856 nequit
2905 2785 3266 2856 comparatio,
3294 2800 3434 2855 quo-

1851 2874 2022 2929 modo
2054 2874 2250 2931 dicunt
2278 2890 2381 2931 nos
2409 2875 2600 2930 dicere
2651 2876 2774 2945 pari
2824 2875 3039 2932 honore
3080 2892 3147 2932 ac
3178 2891 3280 2931 nos
3310 2891 3433 2931 esse

1851 2965 2178 3022 Christum?
2213 2968 2343 3023 ldeo
2407 2984 2517 3023 non
2565 2976 2766 3023 natura
2807 2969 3035 3036 Filium,
3084 2984 3195 3024 non
3251 2969 3434 3039 ipsum

171 3057 295 3113 οὗτε
326 3058 436 3132 γὰρ
453 3060 537 3126 τὸ,
569 3061 717 3123 υἱοὺς
747 3060 1026 3129 λέγεσθαι,
1051 3060 1173 3113 οὐδὲ
1224 3060 1286 3113 τὸ
1329 3063 1513 3131 χάριτι
1569 3058 1749 3113 υἱοθεσ-

1856 3058 1975 3121 Dei,
2002 3059 2096 3113 sed
2120 3060 2295 3128 gratia
2309 3060 2505 3113 Filium
2532 3060 2781 3129 adoptari
2809 3061 3133 3130 opinamur:
3152 3076 3265 3114 non
3285 3060 3432 3115 enim

171 3149 402 3211 τείσθαι,
433 3150 566 3214 τούς
613 3168 674 3203 τε
721 3148 1043 3219 ἀνθρώπους
1095 3150 1307 3214 πάντας
1332 3150 1426 3203 καὶ
1468 3151 1596 3213 τοὺς
1621 3150 1752 3203 Ἰου-

174 3238 357 3301 δαίους
404 3239 500 3291 καὶ
540 3240 667 3302 τοὺς
720 3238 1108 3309 Χριστιανοὺς,
1154 3238 1251 3290 καὶ
1292 3238 1384 3293 τὸν
1422 3239 1659 3309 Χριστὸν
1690 3241 1752 3293 ὲν

177 3328 361 3400 ὀλίγῳ,
390 3329 424 3400 ἢ
454 3329 605 3396 παρὰ
629 3329 693 3383 τὸ
728 3329 930 3401 μᾶλλον
956 3331 1053 3384 καὶ
1077 3324 1240 3401 ἦττον
1263 3328 1378 3400 ἔχει
1424 3329 1525 3402 τὴν
1565 3329 1755 3399 διαφο-

184 3420 280 3491 ρὰν
300 3419 589 3474 δέδεικται.
1468 3470 1477 3478 .

250 3511 395 3581 Πρὸς
437 3510 563 3565 τάδε
600 3507 692 3566 οὖν
721 3512 902 3567 πάντα
934 3515 1034 3569 σὺν
1061 3512 1182 3585 Θεῷ
1225 3530 1427 3585 φαμεν,
1471 3515 1552 3568 ὅτι
1576 3513 1755 3579 Δὅντως

183 3600 416 3672 διαφορὰ
440 3601 556 3657 ἔστι
578 3602 750 3657 τῶνδε
785 3605 896 3658 τῶν
921 3607 1063 3661 κατὰ
1091 3605 1253 3678 χάριν
1281 3605 1538 3660 δοθεισῶν
1578 3605 1756 3660 υἱοθε-

194 3693 346 3745 σιῶν·
374 3691 427 3747 τί
455 3689 546 3747 οὖν
580 3711 752 3763 φατε;
787 3696 827 3765 η’
863 3696 986 3750 καθ’
1029 3699 1179 3768 ἡμᾶς
1218 3698 1345 3760 τοὺς
1393 3695 1757 3767 Χριστιανοὺς

182 3782 443 3851 υἱοθεσία,
475 3786 885 3855 πνευματικοὺς
911 3770 1318 3857 ἀπδσαρκικῆς
1343 3785 1560 3857 φύσεως
1592 3801 1759 3855 μετα-

181 3873 410 3929 ποιοῦσα
442 3877 500 3928 ὲν
519 3874 598 3946 τῷ
628 3875 895 3946 μέλλοντι,
924 3879 1023 3935 καὶ
1054 3877 1361 3941 ἀθανάτους
1402 3876 1525 3933 ἀντὶ
1550 3875 1760 3947 θνητῶν

180 3963 455 4029 δεικνῦσα,
480 3964 576 4018 καὶ
606 3964 925 4036 ἐλευθέρους
952 3966 1052 4038 τὴν
1075 3967 1241 4034 φύσιν
1269 3967 1390 4023 ἀντὶ
1417 3966 1639 4033 δούλων,
1666 3968 1762 4022 καὶ

182 4053 419 4125 ἀφόϐους
450 4055 554 4126 τὴν
591 4055 738 4127 ζωὴν
769 4058 952 4115 πᾶσαν
976 4060 1104 4124 τοὺς
1128 4060 1189 4112 ὲν
1228 4058 1404 4129 θλίψει
1435 4058 1533 4113 καὶ
1564 4059 1624 4113 ἐν
1647 4057 1764 4113 ὀδύ-

182 4165 299 4212 ναις
332 4147 439 4201 ἁειο
469 4149 563 4203 καὶ
586 4149 645 4201 ὲν
675 4150 948 4223 εὐμαρείᾳ
998 4152 1127 4215 τοὺς
1155 4152 1216 4206 ὲν
1242 4151 1637 4221 περισπασμῷ,
1666 4151 1764 4205 καὶ

182 4239 602 4312 ἀναμαρτήτους
651 4242 744 4296 τὸν
783 4242 900 4314 βίον
926 4245 1047 4298 ἀντὶ
1076 4244 1440 4316 ἁμαρτωλῶν,
1480 4245 1576 4299 καὶ
1599 4244 1764 4315 ἀτρέ-

184 4346 353 4393 πτους
389 4332 510 4385 ἀντὶ
534 4333 787 4405 τρεπτῶν
813 4334 912 4405 τὴν
957 4335 1171 4402 οὐσίαν,
1224 4335 1302 4400 ὡς
1344 4334 1482 4408 μηδὲ
1536 4336 1764 4406 δυνάμει

1852 3149 2001 3204 inter
2047 3149 2188 3204 ﬁlios
2242 3150 2355 3208 dici
2406 3160 2464 3205 et
2513 3152 2688 3221 gratia
2737 3151 2880 3207 ﬁlios
2933 3152 3187 3222 adoptari
3244 3166 3438 3207 omnes

1853 3239 2109 3296 homines
2144 3248 2202 3296 et
2222 3241 2443 3298 Judaaos
2467 3251 2525 3297 et
2548 3241 2902 3298 Christianos
2929 3252 2986 3298 et
3011 3243 3295 3297 Christum
3329 3244 3436 3298 sub

1854 3346 2025 3401 parvo
2054 3340 2331 3402 respectu,
2358 3347 2469 3386 non
2491 3332 2712 3388 exsistit
2738 3333 2806 3387 ad
2838 3334 2960 3403 plus
2975 3343 3032 3389 et
3064 3333 3250 3388 minus
3278 3333 3440 3389 diﬁ‘e-

1856 3422 2066 3488 rentia;
2094 3431 2156 3477 ut
2190 3431 2561 3478 monstratum
2590 3433 2696 3479 est.

1931 3513 2141 3569 Praeter
2161 3513 2280 3569 hazc
2300 3514 2470 3585 igitur
2495 3515 2680 3571 omnia
2725 3530 2850 3571 cum
2904 3516 3017 3570 Deo
3046 3515 3285 3571 dicimus
3306 3532 3439 3572 vere

1857 3618 1980 3660 esse
2003 3603 2374 3660 diﬁ'erentiam
2392 3605 2540 3661 inter
2555 3606 2676 3663 illas
2696 3605 3003 3661 secundum
3026 3607 3258 3677 gratiam
3282 3607 3441 3664 datas

1855 3696 2098 3750 ﬁliorum
2127 3696 2490 3766 adoptiones:
2519 3697 2653 3766 quid
2699 3696 2870 3767 igitur
2915 3696 3102 3753 dicitis
3121 3697 3145 3751 ἱ
3166 3696 3439 3751 Filiorum

1859 3787 2084 3858 adoptio
2113 3788 2260 3858 apud
2288 3804 2393 3843 nos
2423 3787 2790 3854 Christianos,
2828 3789 3145 3861 spirituales
3172 3806 3203 3844 a
3231 3789 3441 3844 carnali

1859 3886 2057 3933 natura
2081 3877 2325 3935 eﬁiciens
2356 3878 2414 3933 in
2451 3878 2665 3946 futuro,
2691 3888 2748 3935 et
2787 3880 3130 3935 immortales
3158 3896 3261 3951 pro
3290 3895 3442 3935 mor-

1861 3970 2066 4025 talibus
2093 3970 2419 4037 ostendens,
2452 3980 2509 4027 et
2539 3977 2739 4026 natura
2780 3971 2985 4027 liberos
3028 3985 3131 4042 pro
3160 3970 3356 4035 servis,
3386 3978 3445 4025 et

1863 4062 1983 4117 sine
2001 4063 2200 4118 timore
2214 4078 2317 4133 per
2334 4072 2502 4119 totam
2518 4067 2690 4119 vitam
2711 4064 3067 4119 tribulatione
3082 4071 3140 4119 et
3155 4062 3444 4119 doloribus
3476 4108 3483 4111 .

1864 4169 2085 4225 semper
2112 4155 2449 4221 laborantes,
2472 4164 2529 4211 et
2563 4156 2620 4210 in
2650 4156 3060 4226 tranquillitate
3087 4155 3181 4226 qui
3206 4163 3363 4210 erant
3387 4157 3443 4210 in

1865 4246 2154 4317 angustiis,
2204 4256 2261 4302 et
2309 4248 2636 4303 innocentes
2665 4262 2769 4317 pro
2803 4247 3211 4318 peccatoribus,
3242 4254 3299 4302 et
3343 4245 3446 4301 im-

1866 4337 2162 4393 mutabiles
2202 4352 2305 4407 pro
2331 4336 2693 4395 mutabilibus
2716 4337 3020 4393 secundum
3051 4337 3442 4403 substantiam,

186 4419 329 4490 έχειν
357 4422 545 4511 λοιπὸν
568 4427 631 4478 τὸ
660 4427 929 4498 σφαλερὸν
976 4427 1045 4481 δι’
1070 4420 1132 4483 οὗ
1164 4426 1227 4481 τὸ
1269 4428 1566 4500 τιμωρίαις
1591 4427 1753 4483 ὑπεύ-

1869 4429 1956 4485 ita
1979 4437 2044 4511 ut
2069 4428 2334 4498 deinceps
2360 4442 2472 4483 non
2498 4429 2677 4499 possit
2717 4444 3014 4484 occanere
3045 4427 3178 4498 quid
3224 4427 3447 4499 pericu-

187 4512 379 4567 Ouv0v°
423 4510 535 4586 ἆρά
584 4517 996 4590 γελδιαφόρους
1032 4521 1181 4572 ποιεῖ
1227 4521 1349 4573 κατ’
1393 4520 1582 4573 οὐσίαν
1630 4519 1760 4584 τοὺς

191 4606 450 4677 μετόχους
497 4609 700 4679 αὐτῆς,
752 4612 905 4682 παρὰ
966 4614 1095 4677 τοὺς
1157 4615 1420 4685 μετόχους
1468 4614 1569 4683 τῆς
1629 4612 1764 4667 Ἰου-

185 4696 378 4767 δαϊκῆς
440 4697 715 4763 υἱοθεσίας
738 4740 752 4765 ,
819 4702 942 4773 ἥτις
1007 4702 1236 4775 θνητοὺς
1291 4704 1372 4757 ἔτι
1443 4704 1540 4758 καὶ
1601 4720 1764 4757 πται-

188 4788 350 4851 στοὺς
401 4788 495 4842 καὶ
558 4789 779 4856 δούλους
832 4793 929 4847 καὶ
981 4795 1278 4864 ὲμφόϐους,
1336 4797 1433 4849 καὶ
1490 4810 1766 4866 τιμωρου-
1809 4780 1816 4787 ’

192 4880 409 4950 μένους,
459 4881 559 4934 καὶ
607 4883 666 4935 ὲν
713 4881 963 4955 ’πληγαῖς
1009 4885 1253 4940 δείκνυσι
1313 4888 1438 4950 τοὺς
1497 4887 1618 4939 κατ’
1664 4887 1765 4940 at“)-

188 4971 316 5033 τοὺς
341 4971 812 5044 υἱοθετουμένους,
843 4974 878 5047 ἢ
909 4976 1067 5047 οὺχὶ;
1100 4979 1148 5030 εἱ
1175 4977 1252 5032 δὲΔ
1282 4978 1502 5042 πάντως
1543 4977 1604 5032 τὸ
1630 4977 1768 5033 ἀθά-

188 5077 348 5115 νατον
377 5059 516 5126 ζῶον
545 5066 640 5119 καὶ
670 5064 962 5138 ἄτρεπτον,
990 5069 1086 5122 καὶ
1115 5069 1186 5122 τὰ
1231 5068 1397 5124 λοιπὰ
1428 5069 1765 5141 ἕτεροούσιον

186 5152 283 5206 τοῦ
304 5154 504 5227 θνητοῦ
531 5159 625 5213 καὶ
649 5158 887 5231 τρεπτοῦ
919 5160 1016 5214 καὶ
1035 5162 1104 5215 τὰ
1132 5162 1295 5233 ὃμοια
1326 5163 1766 5235 ὲπιδεδειγμένου

189 5244 330 5312 ἐστὶ,
365 5249 672 5319 σκοπητέον
710 5248 897 5304 λοιπὸν
930 5252 1028 5305 καὶ
1058 5254 1157 5323 τὴν
1203 5252 1346 5307 κατὰ
1389 5255 1626 5326 Χριστὸν
1654 5256 1769 5308 υἱο-

189 5334 400 5390 θεσίαν·
427 5333 540 5409 ἆρά
553 5357 618 5409 γε
641 5342 742 5395 οὒκ
771 5343 981 5397 εἴποιτε
1008 5346 1104 5398 καὶ
1130 5344 1302 5414 αὐτὴν
1320 5344 1573 5399 τοσοῦτον
1602 5345 1773 5416 ὑπερ-

189 5424 338 5496 έχειν
365 5427 467 5498 τῆς
499 5428 624 5483 καθ’
654 5431 800 5502 ἡμᾶς
850 5432 978 5496 τοὺς
1024 5432 1248 5495 λοιποὺς
1277 5432 1600 5505 ἀνθρώπους
1628 5435 1771 5505 Χρι-

194 5521 440 5586 τιτιανοὺς
474 5523 767 5590 υἱοθεσίας,
796 5524 900 5578 κᾶν
921 5526 1045 5579 ὅσον
1072 5542 1136 5594 γε
1165 5527 1199 5594 ἡ
1222 5526 1470 5597 ἡμετέρα
1496 5525 1597 5594 τῆς
1635 5525 1766 5580 Ἰου-

242 5669 281 5706 ‘3
313 5674 508 5730 (allies.
534 5677 767 5746 1,20,2l.
812 5681 858 5715 ⁸⁸
879 5682 1116 5753 Philipp.
1159 5640 1217 5739 ll.
1245 5684 1331 5740 -ιο.
1412 5686 1455 5719 ⁸⁷
1483 5684 1686 5755 Epiros.
1712 5685 1849 5753 1,ἓὲ-

1863 4518 2048 4575 losum
2068 4527 2367 4589 prepterea
2389 4520 2537 4589 quod
2554 4519 2843 4590 suppliciis
2862 4518 3000 4572 nihil
3021 4518 3091 4572 sit
3110 4516 3444 4573 obnoxium:

1865 4625 2009 4665 anne
2043 4609 2366 4665 differentes
2398 4610 2532 4666 facit
2560 4611 2866 4666 secundum
2900 4607 3269 4664 substantiam
3316 4623 3448 4679 para

1868 4701 2068 4771 ticipes
2118 4701 2298 4772 ipsius
2319 4717 2348 4756 a
2371 4702 2741 4773 participibus
2771 4701 3014 4758 Judaicze
3047 4701 3286 4754 ﬁliorum
3316 4699 3449 4752 ado-

1868 4790 2098 4861 ptionis,
2131 4806 2254 4861 qua:
2275 4793 2537 4848 mortales
2570 4792 2754 4847 adhuc
2781 4800 2840 4847 et
2867 4792 3131 4861 deceptos
3177 4797 3234 4845 et
3256 4804 3449 4844 servos

1868 4891 1926 4937 et
1955 4881 2298 4948 terrefactos,
2326 4890 2383 4939 et
2410 4883 2665 4950 aﬁlictos,
2688 4891 2745 4939 et
2767 4884 2822 4939 in
2836 4882 3016 4959 plagis
3033 4880 3279 4936 ostendit
3302 4880 3448 4950 apud

1871 4973 2024 5044 ipsos
2068 4972 2126 5028 in
2175 4973 2528 5044 adoptionem
2591 4983 2866 5046 receptos,
2921 4991 2992 5030 an
3046 4972 3287 5029 non?Si
3315 4988 3450 5028 vero

1871 5064 2099 5121 omnino
2121 5064 2434 5121 immortale
2460 5066 2656 5122 vivens
2683 5075 2739 5122 et
2761 5066 3103 5122 immutabile
3125 5073 3182 5122 et
3211 5064 3448 5135 reliqua,

1869 5157 2098 5214 alterius
2125 5168 2211 5214 est
2236 5158 2561 5215 substantiae
2580 5173 2647 5214 ac
2666 5158 2815 5230 quod
2843 5159 3078 5214 mortale
3101 5166 3155 5214 et
3188 5156 3452 5213 mutabile

1870 5256 1926 5302 et
1955 5247 2179 5314 similia,
2219 5250 2536 5315 exhibetur,
2580 5250 2984 5307 consideranda
3045 5258 3132 5307 est
3189 5250 3452 5317 deinceps

1874 5339 2019 5409 apud
2051 5339 2334 5397 Christum
2387 5342 2626 5398 ﬁliorum
2675 5343 2933 5414 adoptio:
2968 5345 3165 5400 Nonne
3193 5339 3454 5398 diceretis

1874 5440 1932 5488 et
1960 5432 2134 5503 ipsam
2169 5440 2380 5489 tantum
2414 5435 2685 5491 excellere
2713 5435 2954 5491 ﬁliorum
2985 5434 3278 5504 adoptione
3304 5429 3452 5499 apud

1875 5541 1979 5581 nos
2006 5516 2235 5583 caeteros
2277 5527 2534 5586 homines
2582 5528 2937 5596 christianos,
2966 5536 3235 5599 quantum
3264 5527 3459 5581 nostra

2048 5684 2304 5741 "l'l‘im.
2340 5703 2396 5755 ιι,
2432 5688 2479 5744 5.
