3852 6134
465 206 614 273 ΙΒ31³
681 259 688 264 .

1723 199 2033 262 LEONTII
2074 199 2484 268 ΒῩΖΑΝἸἾΝῘ

3633 191 3767 257 16εέ

459 322 716 388 Iudaica,-
741 336 811 376 nc
847 319 1026 376 dicam
1059 314 1502 389 quid-amplius?
1533 315 1594 371 Si
1623 314 1776 370 enim
1803 329 1916 368 non
1949 329 2046 368 cx-
2073 363 2079 373 ,

2201 321 2362 390 ιῖκῆς,
2396 319 2482 373 ἵνα
2537 317 2611 387 μὴ
2662 313 2835 383 λέγω·
2861 329 2916 364 τι
2967 311 3188 375 «tam;
3224 307 3298 366 El
3343 307 3458 379 μὲν
3490 305 3620 378 γὰρ
3677 308 3766 377 οὐχ

463 415 638 478 uellit,
665 429 798 470 ecce
829 411 975 482 apud
999 426 1106 466 nos
1127 413 1191 465 -in
1228 409 1504 481 dignitate
1541 405 1722 463 solum
1747 403 2048 460 Christiani

461 505 722 562 Christus
761 511 880 560 est:
907 504 954 559 si
976 517 1113 558 vero
1141 501 1416 558 excellere
1444 513 1564 554 eam
1592 497 1818 553 omnino
1842 493 2046 560 dicitis,

466 597 628 653 sicut.
669 603 728 652 et
781 596 896 667 jam
959 591 1332 656 concessistis,
1388 597 1542 646 certe
1595 585 1944 658 superiorem
1993 591 2053 638 et

466 691 650 762 ipsum
683 689 870 746 effecit
895 695 1082 744 nostra
1113 685 1421 742 substantia
1453 693 1667 739 tantum
1695 686 1968 751 quantum
1993 684 2051 732 et

465 798 572 840 nos
616 781 808 838 ﬁdeles
859 779 1174 836 inﬁdelibus
1226 777 1548 850 superiores
1609 772 1810 830 efﬁciet
1861 777 2052 826 nostra

468 873 711 930 ﬁliorum
742 872 992 944 adoptio.

537 965 1007 1037 Superior-igitur
1037 962 1201 1018 nobis
1235 959 1588 1024 hominibus;-
1612 954 1671 1012 e't
1705 955 1843 1027 ipsis
1885 951 2052 1024 spiri-

471 1055 714 1113 tualibus
722 1054 1058 1132 Christianis
1073 1052 1379 1109 secundum
1395 1047 1763 1106 substantiam
1775 1041 2052 1108 Christus,

472 1147 608 1220 quid
658 1144 824 1217 igit‘ur
869 1146 981 1202 erit
1033 1143 1344 1202 secundum
1399 1137 1695 1196 naturam?
1745 1137 2056 1191 Aut-certe

475 1237 764 1297 cherubim
810 1245 908 1293 aut
952 1237 1201 1308 angelus,
1255 1243 1354 1291 aut
1399 1233 1602 1302 aliquis
1644 1225 2058 1298 ext-legionibus

475 1347 600 1402 qua:
631 1338 761 1386 sunt
817 1330 875 1384 in
927 1329 1136 1390 medio,
1194 1335 1292 1381 aut
1335 1325 1483 1380 Deus
1529 1335 1662 1378 vere
1719 1315 2057 1374 necessario.

472 1421 612 1477 Cum
662 1419 830 1490 igitur
869 1414 1302 1488 angelum-ﬁeri.
1331 1414 1512 1484 ipsum
1549 1407 1864 1466 secundum
1926 1403 2058 1460 sub-

477 1512 759 1577 stantiam,
804 1510 874 1565 ab
907 1507 1168 1564 omnibus
1196 1501 1518 1562 omnimode
1553 1498 1932 1570 improbatum
1965 1495 2059 1560 sit,

2151 412 2433 482 ὐπερέχει,
2474 409 2583 463 ίδοὺ
2617 405 2740 462 καθ’
2765 407 2916 478 ἡμᾶς
2955 405 3014 457 ἑν
3052 401 3179 474 ἀξίᾳ
3205 400 3374 470 μόνον
3411 399 3766 470 Χριστιαπί

2148 506 2178 557 ό
2205 503 2441 574 Χριστός
2470 504 2618 556 ἐστιν
2641 515 2654 532 ο
2683 501 2732 554 εί
2764 499 2822 554 δὲ
2853 499 2916 552 τὸ
2949 494 3242 567 ὑπερέχειν
3293 492 3493 562 αὐτὴν
3543 491 3768 555 πάντως

2151 594 2310 664 φατὲ,
2346 591 2530 656 καθὼς
2574 591 2667 646 καὶ
2715 589 2818 662 ἤδη
2857 587 3150 652 δεδώκατε,
3203 584 3314 656 ἄρα
3347 599 3424 652 γε
3474 581 3766 652 κρείττονι

2152 687 2248 742 καὶ
2283 686 2448 742 αὐτὸν
2475 667 2746 752 πεποίηκε
2789 679 2890 750 τῆς
2916 677 3041 732 καθ’
3075 677 3222 748 ἡμᾶς
3257 673 3470 736 οὐσίας
3507 671 3766 726 τοσοῦτον

2151 779 2278 834 ὅσον
2303 777 2402 832 καὶ
2431 776 2582 848 ἡμᾶς
2607 773 2738 837 τοὺς
2759 771 2986 836 πιστοὺς
3005 769 3124 823 τῶν
3145 768 3406 822 ἀπίστων
3438 763 3767 836 κρείττονας

2153 871 2373 941 ποιήσει
2398 869 2434 940 ἡ
2462 866 2708 939 ἡμετέρα
2736 863 3000 919 υἱοθεσία.

2223 959 2506 1030 Κρείττων
2536 951 2630 1011 οὗν
2678 953 2840 1026 ἡμῶν
2888 951 3000 1006 τῶν
3044 949 3377 1022 ἀνθρώπων,
3443 949 3559 1002 καὶ
3603 947 3767 1001 necs:

2154 1050 2266 1106 τῶν
2286 1046 2676 1122 πνευματικῶν
2703 1042 3052 1116 Χριστιανῶν
3079 1043 3201 1098 κατ’
3231 1042 3441 1096 οὐσίαν
3474 1037 3563 1093 ὢν
3589 1040 3624 1092 ό
3645 1039 3762 1106 39-.-

2157 1143 2302 1210 στὸς,
2337 1143 2390 1197 τί
2419 1141 2529 1212 ἄρα
2558 1140 2708 1194 ἔσται
2737 1137 2836 1209 τὴν
2888 1135 3087 1204 φύσιν;
3131 1134 3165 1206 ἢ
3196 1134 3306 1205 γὰρ
3356 1129 3767 1202 Χερουϐὶμή

2153 1234 2414 1304 ἄγγελος,
2451 1232 2486 1303 ἥ
2522 1248 2576 1283 τι
2609 1229 2717 1283 τῶν
2749 1230 2807 1282 ὲν
2855 1227 3006 1300 μέσῳ
3023 1223 3344 1296 ταγμάτων,
3373 1222 3416 1294 ἢ
3471 1222 3626 1284 Θεὸς
3652 1222 3770 1290 άλη-

2158 1327 2268 1390 θῶς
2297 1323 2358 1392 ἐξ
2391 1323 2662 1391 ἀνάγκης·
2701 1319 2828 1375 ἐπεὶ
2855 1314 2950 1373 οὖν
2993 1317 3057 1372 τδ
3087 1315 3327 1386 ἄγγελον
3356 1313 3658 1383 γενέσθαι
3685 1314 3770 1365 αξη-

2157 1415 2250 1469 τδν
2277 1413 2377 1486 τὴν
2409 1412 2620 1476 οὐσίαν,
2657 1411 2794 1465 πᾶσι
2833 1408 3010 1478 πάντη
3049 1402 3631 1476 άπαράδεκτον,-καὶ
3661 1401 3774 1470 ὖμῆ

2159 1507 2217 1562 δὲ
2262 1506 2447 1568 αὐτοῖς
2481 1502 2708 1574 (ψευδὴς
2736 1501 2848 1573 γὰρ
2874 1500 3028 1554 ἔσται
3049 1498 3092 1570 ἡ
3111 1515 3183 1552 τε
3211 1493 3677 1565 ὲνανθρώπησις
3698 1492 3776 1545 τοῦ

477 1604 1036 1676 etavobismetipsis,
1075 1602 1240 1658 fallax
1261 1599 1374 1656 erit
1413 1605 1508 1652 aut
1537 1592 1858 1650 humanitas
1897 1585 2058 1646 Verbi

2201 1599 2362 1666 ῥγου,
2396 1595 2492 1649 καὶ
2523 1592 2789 1662 ἠιθέωσις
2815 1591 2915 1660 τῆς
2950 1588 3184 1661 σαρκὸς,
3209 1587 3308 1641 καὶ
3350 1583 3432 1639 τὰ
3473 1585 3662 1638 λοιπὰ
3690 1583 3779 1636 iss

479 1707 578 1755 aut
625 1655 1138 1759 deiﬁcatiorcarnis,
1168 1702 1227 1749 et
1256 1690 1478 1760 reliqua
1516 1684 1706 1742 omnia
1753 1696 1875 1753 qua:
1917 1677 2064 1735 afﬁr-

2201 1655 2380 1756 ιογίων
2406 1655 2585 1738 πάντα
2608 1681 2679 1737 τά
2722 1681 2850 1752 περὶ
2871 1655 2973 1750 τῆς
2995 1655 3364 1748 οίκονομίαςῂ
3387 1676 3648 1746 ἀνάγκη
3670 1675 3784 1727 Orbi

483 1796 638 1846 mant
673 1789 897 1859 eloquia
921 1787 990 1842 de
1017 1783 1422 1848 incarnatione,
1449 1787 1507 1836 et
1533 1791 1764 1834 necesse
1787 1781 1874 1830 est
1892 1773 2068 1828 Deum

480 1883 664 1956 ipsum
717 1896 840 1936 esse
875 1878 1188 1936 secundum
1213 1872 1602 1937 substantiam,
1629 1869 1812 1940 gratia
1837 1867 2070 1937 hujusce

483 1975 726 2032 ﬁliorum
743 1971 1061 2042 adoptionis
1077 1969 1147 2024 de
1162 1982 1274 2039 qua
1289 1962 1618 2036 loquimini,
1634 1960 1808 2016 Deum
1827 1956 2032 2012 factum
2053 1972 2067 2009 :

481 2082 649 2124 omne
672 2079 810 2121 vero
843 2062 994 2134 quod
1025 2061 1161 2117 facit
1187 2056 1398 2128 aliquid
1427 2055 1606 2125 majus
1629 2059 1716 2108 est
1747 2065 1816 2106 eo
1840 2047 1990 2120 quod
2012 2045 2074 2100 ﬁt

480 2159 556 2213 ab
584 2158 742 2228 ipso:
779 2153 1037 2226 profecto
1075 2151 1247 2222 igitur
1284 2146 1464 2220 gratia
1509 2145 1652 2216 ipsa,
1694 2141 1870 2213 major
1895 2146 1984 2196 est
2016 2146 2076 2194 et

482 2249 690 2306 divina.
719 2263 885 2320 quam
934 2248 1054 2316 ipsa
1090 2243 1224 2299 fecit
1252 2237 1600 2297 substantia:
1636 2251 1770 2309 ergo
1803 2243 1863 2290 et
1885 2232 2076 2288 divina

483 2344 756 2416 largiente
785 2340 960 2412 ipsam
992 2336 1227 2410 gratiam
1265 2329 1604 2396 substantia,
1647 2327 1854 2400 quippe
1887 2341 1921 2381 a
1961 2324 2098 2380 De0‘

481 2435 795 2508 gratiﬁeata
819 2431 928 2488 fuit
951 2449 971 2514 ς,
996 2428 1145 2501 quod
1169 2427 1322 2486 enim
1352 2440 1466 2481 uno
1495 2439 1528 2480 e
1551 2421 1772 2478 duobus
1801 2417 2078 2476 similibus

483 2537 546 2583 et
587 2525 894 2596 aequalibus
937 2522 1200 2594 superius
1252 2525 1325 2576 et.
1356 2516 1538 2588 majus
1584 2513 1832 2576 videtur,
1885 2517 1972 2566 est
2021 2515 2079 2564 et

488 2619 668 2674 altero
685 2615 1003 2672 omnimode
1033 2611 1196 2684 quasi
1222 2609 1424 2668 lineari
1449 2606 1817 2664 necessitate:
1841 2603 1923 2658 ita
1935 2615 2079 2658 vero

478 2692 549 2765 ὀι
601 2723 708 2764 nos
755 2706 933 2779 gratia
987 2712 1046 2760 et
1095 2719 1209 2758 non
1265 2709 1468 2757 natura
1534 2697 1632 2754 ﬁlii
1671 2697 1795 2763 Dei,
1843 2695 2081 2766 majores

491 2801 704 2858 erimus
726 2801 844 2855 Deo
867 2796 1175 2854 secundum
1201 2792 1590 2858 substantiam,
1636 2799 1868 2861 propter
1910 2786 2082 2858 majo-

493 2909 610 2950 rem
636 2891 944 2948 substantia
973 2888 1208 2961 gratiam
1233 2905 1246 2942 :
1269 2899 1443 2957 quare
1473 2884 1643 2955 igitur
1664 2879 1872 2937 timetis
1896 2879 2082 2934 dicere

496 2984 821 3056 participem
871 2997 994 3039 esse
1049 2979 1251 3036 divinae
1281 2975 1604 3034 substantia:
1633 2969 1959 3032 Christum?
1986 2969 2084 3024 Est

494 3075 727 3132 effector
757 3073 960 3129 divinae
984 3080 1198 3127 natura:
1225 3083 1350 3140 qua
1381 3075 1468 3124 est
1490 3064 1650 3138 apud.
1669 3078 1769 3120 vos
1791 3071 1850 3118 et
1867 3057 2082 3117 naturis

497 3161 930 3236 superadditur:
995 3159 1337 3216 effectricem
1397 3155 1582 3226 ipsius-
1625 3162 1684 3210 et
1749 3164 1973 3208 causam
2027 3153 2086 3202 et

497 3258 777 3329 majorem
801 3255 927 3320 ista,
952 3251 1170 3310 scilicet
1195 3251 1432 3323 gratiam
1473 3247 1718 3302 ﬁliorum
1768 3239 2086 3313 adoptionis

499 3347 606 3418 ipsi
628 3345 792 3412 datis,
817 3361 922 3403 nec
946 3343 1240 3408 veremini,
1258 3356 1293 3398 o
1315 3339 1510 3396 amici:
1539 3336 1790 3397 sedJere
1813 3333 2086 3388 malorum

501 3436 678 3492 multo
715 3435 877 3508 pejus
925 3442 992 3489 et
1020 3430 1324 3504 pessimum
1354 3427 1740 3484 machinantes
1771 3421 1876 3478 visi
1915 3419 2084 3476 estis:

501 3536 560 3586 et
585 3542 718 3583 vero
746 3541 860 3582 non
895 3523 1074 3581 videri
1120 3521 1279 3594 impii
1315 3535 1463 3586 esse,
1506 3529 1822 3589 quanquam
1850 3511 2090 3568 libenter

502 3617 628 3674 sitis
651 3615 831 3687 impii,
853 3613 1105 3686 quatritis
1131 3619 1380 3668 tantum:
1421 3623 1536 3664 non
1557 3606 1712 3662 enim
1739 3602 1895 3660 scitis
1926 3601 2090 3673 plane

505 3706 562 3760 in
605 3720 716 3776 quo
760 3701 1042 3774 praecellat
1091 3699 1254 3755 vobis
1289 3697 1550 3754 Christus
1591 3709 1756 3766 quem
1791 3707 1852 3747 re
1876 3689 2089 3746 nudum

505 3793 789 3848 hominem
844 3787 1152 3846 secundum
1174 3802 1276 3842 vos
1306 3799 1430 3842 esse
1476 3779 1848 3842 existimatis:
1885 3776 2092 3849 quippe

505 3883 737 3957 gratiam
771 3891 830 3938 et
869 3881 1136 3936 honorem
1165 3886 1223 3934 et
1271 3876 1526 3948 gloriam,
1577 3872 1803 3946 nomine
1849 3876 2088 3933 tantum,

508 3977 590 4032 illi
619 3975 874 4045 aptatis:
928 3971 1172 4028 Verbum
1226 3969 1438 4024 frustra
1496 3963 1870 4038 glorificantes
1927 3972 2093 4029 supra

510 4064 717 4120 unione
754 4060 956 4116 divina:
997 4067 1054 4115 et
1109 4059 1364 4113 humanm
1403 4066 1640 4116 naturae,
1679 4060 1737 4109 et
1771 4051 1898 4107 ideo
1923 4062 2092 4119 super

511 4153 896 4211 incarnatione
921 4149 1090 4208 Verbi
1121 4161 1179 4206 et
1199 4147 1553 4204 deiﬁeatione
1581 4144 1765 4202 carnis
1786 4142 1984 4214 ipsius.

581 4246 700 4303 Jam
724 4245 872 4302 enim
897 4251 954 4299 et
979 4241 1117 4298 illud
1159 4239 1572 4312 expendamus:
1594 4233 1883 4303 Quomodo
1907 4230 2094 4287 dicitis

2168 1777 2331 1832 αὑτὸν
2366 1771 2507 1829 εἶναι
2533 1773 2635 1845 τὴν
2657 1771 2880 1836 οὐσίαν,
2921 1772 2992 1840 τῇ
3027 1766 3434 1840 χάριτιιτῆσδε
3462 1769 3583 1838 τῆς
3615 1765 3782 1819 υἱοθε-

2172 1869 2292 1932 σίας
2311 1867 2378 1939 ἥν
2403 1882 2544 1935 φατε
2571 1862 2980 1933 θεοποιηθένταε
3005 1861 3116 1914 πᾶν
3134 1859 3192 1914 δὲ
3214 1859 3279 1912 τὸ
3309 1856 3528 1912 ποιοῦν
3555 1873 3644 1918 τι.
3677 1858 3784 1928 pti-

2171 1958 2264 2026 ζον
2296 1957 2392 2011 τοῦ
2419 1953 2743 2026 ποιουμένου
2771 1953 2864 2006 ὑπ’
2895 1951 3080 2006 αὐτοῦ·
3112 1950 3223 2022 ἄρα
3259 1947 3364 2002 οὖν
3397 1950 3441 2020 ἡ
3486 1948 3672 2019 χᾲρις
3701 1946 3784 2000 αὖ·

2171 2071 2264 2126 τη,
2303 2052 2507 2124 μείζων
2528 2050 2633 2104 καὶ
2664 2051 2764 2120 τῆς
2789 2047 3091 2120 γενομένης
3131 2047 3222 2099 ὑπ’
3252 2044 3446 2116 αὐτῆς
3503 2043 3673 2106 θείας
3715 2042 3786 2093 εἰ.-

2175 2147 2317 2208 σίας·
2357 2141 2554 2198 οὐκοῦν
2584 2141 2680 2198 καὶ
2707 2141 2806 2213 τῆς
2847 2139 3224 2211 χαρισαμένης
3255 2137 3444 2208 αὐτὴν
3483 2136 3598 2208 τὴν
3641 2135 3785 2206 χάριν

2175 2237 2326 2301 Θείας
2356 2235 2545 2298 οὐσίας
2566 2274 2581 2300 ,
2619 2233 2782 2305 εἴπερ
2817 2232 2924 2286 ὑπὸ
2954 2230 3093 2286 Θεοῦ
3143 2229 3496 2300 κεχάρισται
3521 2245 3535 2257 ·
3577 2228 3646 2280 τὸ
3691 2226 3784 2294 γὰρ

2175 2331 2295 2395 ἐνὸς
2323 2329 2418 2384 δύο
2444 2327 2554 2382 τῶν
2577 2327 2784 2397 ὁμοίων
2817 2323 2911 2378 καὶ
2960 2321 3094 2376 ἴσων
3127 2321 3384 2390 κρεῖττον
3449 2319 3558 2371 καὶ
3609 2318 3784 2387 μεζσι

2177 2422 2520 2494 φαινόμενον,
2548 2418 2644 2474 καὶ
2681 2415 2776 2472 τοῦ
2817 2415 3004 2486 ἑτέρου
3045 2413 3264 2475 πάντως
3289 2413 3676 2481 γραμμικαίς
3698 2409 3784 2460 άν-

2177 2516 2398 2584 άγκαις·
2433 2510 2578 2566 οὕτω
2605 2509 2662 2563 δὲ
2690 2507 2757 2564 ἂν
2797 2506 2896 2562 καὶ
2924 2506 3087 2578 ἡμεῖς
3115 2543 3131 2568 ,
3159 2503 3352 2574 χάριτι
3379 2501 3495 2554 καὶ
3539 2501 3609 2554 οὺ
3637 2499 3780 2568 φύσει

2177 2607 2333 2669 ὄντες
2360 2603 2467 2658 υιοὶ
2493 2599 2657 2679 Θεοῢῖ,
2683 2597 2936 2672 μείζονες
2956 2591 3106 2667 ὦμεν
3133 2593 3272 2648 Θεοῦ
3301 2593 3414 2663 τὴν
3452 2592 3684 2653 οὐσίαν,
3705 2589 3778 2640 διὰ

2179 2701 2282 2770 τὴν
2315 2697 2538 2770 μείζονα
2566 2695 2667 2764 τῆς
2696 2691 3096 2762 οὐσίας.χάριν’
3129 2687 3186 2740 τί
3209 2686 3277 2757 δὴ
3309 2679 3409 2740 οὖν
3458 2681 3774 2752 εὐλαὸεῑεθε

2185 2784 2412 2857 μέτοχον
2441 2777 2778 2850 εἷναιλέγειν
2801 2777 2957 2842 θείας
2977 2775 3168 2839 οὐσίας
3195 2774 3289 2828 τὸν
3314 2773 3620 2844 Χριστόν;
3645 2789 3774 2840 ποτη-

2179 2875 2282 2946 τῆς
2308 2891 2369 2928 τε
2401 2871 2569 2944 οΰσης
2613 2870 2738 2924 καθ’
2761 2870 2908 2940 ὑμᾶς
2950 2868 3048 2922 καὶ
3099 2863 3650 2934 ἐπισυμϐαινοῦσης
3677 2863 3774 2922 ταῖς

2107 2996 2155 3055 c
2185 2966 2512 3039 φύσεσιστῆς
2557 2963 2708 3028 θείας
2738 2962 2976 3032 φύσεωςο
3006 2959 3106 3030 τὴν
3136 2954 3442 3026 ποιητικὴν
3475 2953 3668 3022 αὐτῆς
3703 2952 3775 3003 u‘:

2187 3060 2392 3116 aitiav-
2423 3055 2793 3126 καὶ-μείζονα
2829 3051 3034 3124 ταύτης
3059 3089 3075 3115 ,
3122 3049 3295 3119 ἢγουν
3347 3047 3460 3116 τὴν
3495 3047 3670 3116 χάριν
3699 3043 3775 3111 τῆς

2189 3150 2460 3214 υἱοθεσίας
2517 3146 2666 3218 αὐτῷ
2708 3146 2979 3209 διδόντες,
3011 3141 3108 3196 καὶ
3164 3138 3240 3210 μὴ
3289 3136 3776 3206 ὑποστειλάμενοι,

2192 3241 2482 3314 βέλτιστον
2518 3237 2634 3292 ἀλλ’
2666 3236 2835 3298 ὅντως
2883 3237 2941 3288 ἐν
2983 3233 3176 3294 κακοῖς
3221 3227 3281 3282 τὸ
3316 3225 3535 3298 μᾶλλον
3587 3228 3780 3296 χεῖρον,

2190 3333 2288 3388 καὶ
2313 3330 2378 3384 τὸ
2406 3330 2668 3385 κάκιστον
2701 3323 3102 3396 σκαιωροῦντες
3147 3318 3510 3391 ἐφωράθη-τε·
3561 3317 3666 3371 καὶ
3691 3315 3782 3384 γὰρ

2195 3423 2332 3498 μηδὲ
2369 3423 2548 3478 δοκεῖν
2586 3419 2824 3484 ἀσεϐεῖν,
2873 3415 3053 3490 καίτοι
3101 3410 3370 3470 ἑκουσίως
3427 3406 3780 3468 ἀσεϐοῦντες,

2194 3513 2590 3590 περιποιεῖσθε-
2624 3512 2814 3584 μόνονν
2841 3509 2903 3564 οὐ
2938 3506 3070 3579 γὰρ
3097 3505 3210 3558 τοτε
3257 3502 3402 3566 ὅλως
3435 3519 3496 3556 τι
3529 3499 3786 3571 πρςιῦχειγ

2194 3589 2350 3681 ὑμῶν
2374 3607 2466 3662 τὸν
2493 3603 2730 3676 Χριστὸν
2753 3595 3235 3672 πράγματι,ψιλδν
3254 3593 3314 3648 δὲ
3337 3593 3440 3647 άιοθ
3449 3609 3654 3662 pum:
3681 3589 3785 3643 καθ’

2197 3701 2346 3772 ὑμᾶς
2377 3693 2520 3754 εἷναι
2548 3695 2714 3750 αὐτὸν
2751 3689 3054 3762 λογίζεσθε·
3089 3687 3141 3742 εί
3179 3685 3276 3740 καὶ
3305 3684 3480 3756 χάριν
3507 3686 3616 3737 καὶ
3635 3681 3788 3752 τιμὴ-υ

2195 3791 2294 3847 καὶ
2320 3789 2500 3854 δόξαν,
2534 3786 2762 3857 ὀνόματι
2797 3781 2978 3852 μόνον,
3012 3777 3164 3849 αὐτῷ
3197 3775 3554 3844 περιάπτετε
3577 3790 3596 3804 ⁸
3629 3774 3790 3838 Λόγος

2195 3879 2454 3950 διακενῆς
2501 3877 2630 3940 τοὺς
2671 3873 2802 3945 περὶ
2851 3871 2952 3942 τῆς
2985 3867 3236 3930 Euboea);
3279 3866 3381 3934 τῆς
3419 3864 3590 3927 θείας
3620 3881 3682 3916 τε
3709 3862 3790 3916 καὶ

2197 3968 2550 4043 ἀνθρωπίνης
2571 3965 2784 4036 φύσεως
2812 3959 3142 4026 δοξάζοντες,
3179 3955 3349 4024 ἤγουν
3373 3954 3510 4043 τοὺς
3539 3953 3680 4023 περὶ
3707 3951 3789 4019 τῆς

2199 4060 2532 4140 σαρκώσεως
2559 4055 2656 4110 τοῦ
2682 4053 2883 4122 Λόγου,
2905 4049 3002 4105 καὶ.
3024 4047 3128 4119 τῆς
3159 4044 3414 4107 θεώσεως
3447 4042 3560 4110 τῆς
3599 4042 3788 4114 σαρκὸς

2197 4151 2385 4210 αὐτοῦ.

2280 4239 2649 4310 Ἐξεταζέσθω
2697 4237 2807 4309 γὰρ
2856 4234 2965 4306 ἥδη
3011 4230 3108 4287 καὶ
3147 4229 3266 4284 τόδε
3290 4243 3304 4258 ’
3342 4225 3477 4290 Πῶς
3510 4240 3664 4294 φατε
3705 4221 3784 4289 τὴν

515 4335 776 4390 unionem
811 4335 972 4390 istam
994 4344 1168 4403 'quam
1216 4311 1426 4401 ﬁngitis
1455 4327 1749 4384 admittere
1779 4323 2079 4408 Verbicun

2201 4333 2396 4388 Ενωσιν
2429 4329 2656 4400 ταύτην,
2693 4329 2762 4400 ἢν
2807 4321 3196 4396 προσποιεῖσθε
3231 4317 3528 4390 ὁμολογεῖν
3564 4313 3665 4367 τοῦ
3694 4311 3778 4364 A6-

513 4427 739 4483 Christo
778 4424 874 4496 qui
903 4423 1064 4479 vobis
1093 4422 1320 4478 videtur
1353 4421 1540 4485 homo,
1593 4418 1740 4472 inter
1785 4414 1968 4470 omnia
2023 4413 2094 4468 ab

517 4517 677 4574 initio
733 4513 1114 4585 conceptionis
1171 4513 1347 4584 ipsius
1404 4509 1700 4588 confestim
1751 4506 1872 4562 fieri
1917 4505 2096 4576 ipsam

518 4617 830 4668 asserentes
846 4607 1030 4679 specie
1045 4604 1290 4676 pietatis,
1307 4602 1401 4674 qui
1422 4612 1610 4658 tamen
1628 4595 2098 4670 compositionem

521 4701 686 4761 Verbi
734 4715 861 4756 cum
913 4712 1083 4753 carne
1133 4695 1258 4752 ﬁeri
1307 4693 1562 4766 negatis:
1615 4691 1750 4747 unio
1793 4689 1965 4753 enim,
1991 4685 2103 4742 nisi

521 4793 827 4851 secundum
845 4787 1306 4862 compositionem
1331 4786 1442 4854 ﬁat,
1454 4786 1682 4842 omnino
1694 4782 1782 4840 vel
1797 4779 2100 4840 secundum

525 4885 928 4955 appositionem
954 4881 1186 4937 localem
1219 4879 1467 4944 videtur,
1499 4876 1644 4933 sicut
1668 4873 1870 4945 lapidis
1898 4880 1956 4926 et
1979 4869 2104 4924 auri

523 4975 582 5031 in
617 4977 824 5032 annulo
845 4984 902 5032 et
925 4974 1118 5031 ﬁnium
1139 4973 1341 5030 Iudaea:
1358 4970 1600 5042 regionis
1626 4968 1693 5023 ad
1716 4967 1855 5022 ﬁnes
1873 4961 2107 5020 conﬁnis

527 5067 628 5138 ipsi
669 5067 951 5135 Samaria,
985 5075 1044 5124 et
1071 5067 1202 5124 talia
1227 5085 1242 5120 :
1273 5065 1361 5120 vel
1390 5061 1699 5120 secundum
1728 5058 1979 5114 habitum
2009 5069 2106 5110 vo-

525 5159 768 5215 luntarie
787 5159 1050 5226 electum,
1069 5167 1135 5214 ut
1155 5173 1214 5214 se
1238 5157 1410 5212 habet
1427 5153 1552 5210 auri
1568 5159 1782 5208 amator
1799 5149 1869 5206 ad
1884 5163 2104 5213 aurum,

525 5266 794 5322 equorum
824 5250 895 5306 ad
927 5265 1122 5320 equos,
1165 5255 1222 5303 et
1258 5247 1605 5318 voluptatum
1639 5243 1708 5298 ad
1743 5241 2106 5312 voluptatem,

528 5353 586 5402 et
606 5343 702 5400 Dei
735 5343 948 5400 amicus
974 5341 1042 5398 ad
1069 5342 1265 5406 Deum,
1295 5347 1354 5396 et
1383 5339 1590 5396 similia
1614 5356 1628 5394 :
1669 5337 1759 5394 vel
1799 5333 2108 5392 secundum

531 5437 780 5493 habitum
815 5434 1125 5492 naturalem
1155 5430 1472 5504 quemdam,
1500 5430 1958 5500 sicutparentum
1981 5439 2110 5496 erga

527 5531 775 5602 ejusdem
827 5539 1040 5586 natura:
1071 5527 1251 5594 ﬁlios;
1294 5536 1391 5582 aut
1430 5524 1627 5581 similis
1656 5521 1980 5579 substantiae
2009 5519 2112 5599 lto-

531 5624 778 5689 minum,
825 5633 918 5679 aut
967 5637 1272 5694 equorum,
1322 5627 1417 5674 aut
1471 5617 1778 5690 aquilarum
1839 5614 2108 5682 omnium,

2195 4442 2318 4494 γου,
2365 4421 2504 4492 πρὸς
2547 4420 2640 4473 τὸν
2689 4416 2950 4471 δοκοῦντα
3000 4413 3134 4485 ὑμῖν
3185 4408 3485 4480 ἄνθρωπον
3534 4402 3776 4476 Χριστὸν,

2199 4493 2353 4587 παρὰ
2381 4512 2565 4568 πάντα
2591 4527 2650 4566 τε
2679 4509 2774 4564 καὶ
2805 4508 2901 4562 ἀπ’
2934 4505 3112 4576 ἀρχῆς
3152 4502 3408 4572 κυήσεως
3431 4497 3618 4552 αὑτοῦ
3642 4493 3768 4553 εὗθὲς

2207 4606 2384 4678 αὐτὴν
2417 4605 2670 4674 λέγοντες
2701 4599 2976 4670 γενέσθαι,
3007 4591 3409 4662 εὖσεὸοφανῶς,
3457 4589 3512 4642 οἱ

2198 4697 2294 4752 τοῦ
2327 4672 2502 4766 λόγου
2548 4693 2688 4764 πρὸς
2719 4690 2820 4762 τὴν
2865 4691 3046 4761 σάρκα
3071 4683 3328 4756 γενέσθαι
3363 4681 3446 4751 μὴ

2205 4805 2357 4862 μενοι
2379 4805 2396 4855 ;
2421 4789 2456 4858 ἡ
2486 4785 2604 4856 γὰρ
2624 4785 2822 4846 ἕνωσις
2840 4782 2874 4852 ἠ
2899 4779 2978 4852 μὴ
2998 4773 3436 4862 κατὰ-σύνθεσιν
3466 4768 3640 4862 οὖσα,
3668 4767 3776 4819 πάν-

2201 4857 2310 4940 τως
2343 4881 2377 4951 ἢ
2429 4857 2573 4933 κατὰ
2611 4875 2915 4946 παράθεσιν
2959 4871 3155 4943 ὁρᾶται
3190 4861 3448 4933 τοπικὴν,
3496 4857 3624 4914 οἷον
3653 4858 3778 4911 λίθω

2204 4972 2300 5027 καὶ
2331 4950 2554 5042 χρυσίου
2588 4969 2646 5022 ὲν
2677 4963 2969 5034 δακτυλίῳ,
2998 4962 3096 5016 καὶ
3119 4958 3356 5029 πέρατος
3385 4956 3494 5023 τῆς
3529 4950 3783 5009 Ἰουδαίας

2205 5041 2388 5134 χώρας
2417 5059 2556 5132 πρὸς
2590 5057 2652 5112 τὸ
2689 5056 2864 5128 πέρας
2909 5053 3010 5124 τῆς
3055 5048 3458 5122 άγχιτέρμονος
3497 5044 3656 5114 αὐτῇ
3699 5041 3786 5093 Ia-

2209 5133 2464 5228 μαρείας,
2492 5152 2590 5205 καὶ
2625 5150 2706 5204 τὰ.
2746 5147 2927 5202 τοιάδε
2949 5160 2962 5175 ο
2989 5144 3022 5214 ἦ
3055 5142 3198 5197 κατὰ
3239 5136 3652 5212 προαιρετικὴν
3683 5133 3786 5204 σχέ-

2209 5263 2316 5328 σιν,
2349 5245 2427 5309 ὡς
2475 5243 2507 5296 ό
2547 5241 2872 5312 φιλόχρυσος
2898 5235 3037 5310 πρὸς
3063 5233 3157 5288 τὸν
3193 5229 3418 5304 χρυσὸν,
3450 5230 3482 5282 ό
3530 5227 3784 5298 φίλιππος

2210 5317 2347 5411 πρὶς
2371 5337 2502 5400 τοὺς
2533 5333 2756 5398 ἵππους,
2789 5329 2888 5386 καὶ
2923 5327 3262 5400 όφιλήδονος
3285 5323 3428 5394 πρὸς
3445 5321 3566 5392 τὴν
3587 5317 3784 5391 ἡδονὴν.

2211 5408 2306 5485 xui.
2333 5427 2579 5498 φιλόθεος
2626 5425 2766 5498 πρὸς
2803 5423 2897 5477 τὸν
2932 5419 3088 5486 Θεδνδ
3123 5418 3216 5473 καὶ
3252 5415 3329 5470 τά
3364 5415 3568 5484 ὅμοιαι
3592 5412 3632 5483 ἢ
3665 5408 3784 5464 κατὰ

2213 5521 2398 5590 σχέσιν
2430 5517 2669 5588 φυσικήν
2722 5531 2876 5580 τινα,
2907 5509 3020 5567 οἷον
3070 5509 3238 5583 ἡτῶν
3287 5507 3503 5576 γονέων
3555 5505 3702 5576 πρὸς
3735 5501 3784 5554 τὰ

2214 5609 2432 5682 όμοςυῆ
2457 5607 2635 5664 αὐτῶν
2675 5605 2862 5662 τέκνα·
2903 5606 2937 5677 ἦ
2987 5603 3094 5658 τῶν
3124 5601 3436 5674 όμοουσίων
3475 5597 3782 5672 ἀνθρώπων.

3824 4991 3830 5332 Ι
