3852 6134
113 270 262 336 11533

1050 268 1458 333 'ADVERSUS
1494 268 2304 336 NESTORIA’NOS.-‘IIB.
2327 272 2455 335 'III.

3273 273 3408 341 1633

102 383 139 454 ἢ
174 382 397 442 ἵππων,
425 376 461 449 ἢ
499 375 682 433 ἀετῶν
706 375 945 442 πάντων,
964 373 1053 446 τῷ
1069 375 1216 447 λόγῳ
1236 376 1332 432 τοῦ
1363 376 1526 432 ἀετοῦ
1553 375 1710 439 εἴδους

1828 377 2036 449 quippe
2057 377 2153 449 qui
2181 394 2353 434 unum
2377 378 2482 434 sub
2503 376 2729 435 ratione
2744 378 2948 450 speCiei
2980 377 3179 450 aquilae
3205 379 3411 436 eﬂieiat

100 471 165 524 ἓν
208 468 458 524 ποιοῦσα
495 469 570 523 τά
600 467 724 521 κατ’
765 467 927 521 αὐτὸν
958 467 1137 521 πάντα
1167 467 1368 539 ἄτομα,
1413 469 1617 539 φυσικῇ
1649 468 1719 539 τῇ

104 561 429 633 ὁμοιότητι·
484 560 524 631 ἢ
568 559 646 624 ὡς
687 559 893 622 εἰκόνος
936 557 1079 631 πρὸς
1129 558 1549 632 τὸ·ἀρχέτυπον·
1580 559 1615 632 ἦ
1649 561 1719 632 τῇ

104 654 408 723 tamen,“
437 652 611 708 πάλιν
640 652 735 707 καὶ
758 651 930 723 αὐτὴν
960 651 1224 707 συνάπτει
1255 652 1319 706 τὸ
1345 652 1405 707 ὲν
1439 653 1722 725 ἑκατέροις

104 739 277 808 εἶδος·
317 745 372 796 εἰ
421 743 529 814 μὲν
549 741 644 797 οὖν
672 744 817 797 κατά
844 742 1152 815 παράθεσιν
1185 744 1588 814 τοπικήνοφατε
1618 745 1721 815 τὴν

104 833 314 887 ἕνωσιν
340 833 443 887 τοῦ
481 833 664 902 Λόγου
700 833 838 904 πρὸς
867 833 959 886 τὸν
995 833 1251 904 Χριστὸν,
1288 835 1449 906 σῶμά
1474 852 1535 889 τε
1562 837 1591 890 ό
1618 835 1721 889 Λό-

105 939 212 992 γος
246 924 278 976 ό
328 923 506 987 θεῖος,
543 925 639 978 καὶ
671 923 886 993 ὁρατὸς,
934 926 1028 977 καὶ
1068 926 1260 991 άπτὸς,
1310 926 1406 981 καὶ
1453 928 1514 981 έν
1544 928 1717 999 τόπῳ,

104 1014 210 1067 καὶ
247 1013 665 1087 περιγραπτὸς,
713 1015 808 1068 καὶ
839 1015 908 1069 τά
936 1015 1100 1071 λοιπά
1145 1016 1347 1072 ἀτοπαο
1377 1020 1427 1073 εἰ
1467 1018 1525 1073 δὲ
1577 1020 1720 1076 κατά

106 1104 535 1175 προαιρετικὴν
586 1106 796 1176 σχέσιν,
838 1108 899 1160 οὐ
954 1108 1196 1179 Χριστοῦ
1238 1110 1401 1180 μόνου
1442 1113 1581 1184 πρὸς
1626 1114 1719 1168 τὸν

103 1195 247 1249 Θεὸν
276 1198 312 1266 ἡ
354 1197 585 1265 ἓνωσις,
617 1198 877 1253 ἀλλὰκαὶ
919 1200 1085 1254 Ἅϐελ
1129 1202 1225 1256 καὶ
1267 1202 1438 1276 Ἑνὼχ
1467 1206 1562 1260 καὶ
1591 1205 1719 1261 Νῶε

102 1286 206 1339 καὶ
250 1287 524 1359 ’Δὸραάμ
552 1289 649 1343 καὶ
691 1288 876 1343 Ἰσαὰκ
910 1292 1002 1344 καὶ
1048 1291 1264 1358 Ἰακὼϐ,
1288 1295 1591 1361 Μωῡσέως,
1623 1298 1720 1352 καὶ

103 1375 407 1448 Σαμουὴλ,
426 1379 540 1433 ικαὶ
574 1378 759 1443 Δαϐὶδ,
793 1381 887 1434 καὶ
920 1381 1216 1455 Ἰερεμίου,
1252 1387 1348 1440 καὶ
1384 1386 1493 1441 τῶν
1514 1387 1718 1446 λοιπῶν

105 1466 390 1538 Πατέρων
445 1471 547 1524 καὶ
610 1473 969 1543 πατριαρχῶν
1012 1475 1116 1529 ικαὶ
1134 1462 1443 1548 προφητῶν
1498 1479 1718 1534 πάντων

102 1558 220 1610 τῶν
278 1559 488 1630 μέχρις
536 1561 784 1616 Ἰωάννου
820 1564 915 1616 τοῦ
944 1564 1288 1632 θαπτιστοῦ,
1329 1569 1425 1622 καὶ
1470 1570 1581 1624 τῶν
1610 1570 1718 1625 ἀπὸ

117 1650 416 1717 Ἰωάννου,
449 1655 551 1708 καὶ
583 1654 745 1727 μέχρι
777 1654 874 1709 τοῦ
923 1655 1020 1709 νῦν
1058 1657 1546 1731 εὐαρεστησάντων
1572 1663 1713 1735 Θεῷ·

103 1741 168 1793 οὐ
214 1742 334 1814 γάρ
364 1744 590 1816 εἴρηται
620 1747 749 1815 περὶ
774 1748 893 1813 ἑνὸς
923 1748 1106 1820 μόνου,
1146 1728 1262 1803 ἀλλ’
1306 1728 1390 1805 ότι
1441 1728 1720 1809 ιἘὐδοκεϊ
1747 1728 1791 1783 Β

106 1833 328 1906 Κύριος
353 1838 417 1891 ὲν
430 1842 554 1902 τοῖς
583 1839 939 1912 φοϐουμένοις
966 1843 1149 1909 αὐτὸν,
1176 1844 1235 1896 ὲν
1266 1845 1401 1898 πᾶσι
1419 1847 1533 1908 τοῖς
1561 1846 1714 1901 ιλπι-

107 1922 315 1986 ζουσιν
367 1929 469 1982 ἐπὶ
517 1929 579 1983 τὸ
638 1929 788 1993 έλεος
855 1931 1044 1986 αὐτοῦ.
1092 1951 1112 1984 ι
1186 1933 1316 1997 Καὶ,
1388 1952 1407 1986 ι
1444 1934 1560 1988 Οὐκ
1586 1937 1716 1990 ’ἐστι

108 2019 572 2092 προσωποληψια
607 2022 762 2092 παρά
786 2021 877 2093 ’τῷ
915 2023 1055 2094 Θεῷ,
1094 2044 1113 2078 ι
1152 2025 1267 2078 ἀλλ’
1292 2027 1353 2080 ἒν
1379 2028 1543 2081 παντὶ
1573 2028 1716 2083 ἔθνει

103 2104 135 2155 ό
175 2107 533 2181 φοϐούμενος
563 2112 726 2168 αὐτὸν
779 2116 874 2168 καὶ
926 2115 1293 2187 ἐργαζόμενος
1334 2118 1712 2191 δικαιοσύνην,

104 2194 309 2262 δεκτὸς
338 2203 497 2273 αὐτῷ
543 2205 684 2258 ἐστι’
715 2206 894 2275 ’σαφὲς
923 2207 1036 2273 οὖν,
1071 2208 1148 2273 ὡς
1179 2210 1301 2264 οὐδὲ
1334 2212 1401 2265 ὲκ
1430 2210 1593 2282 τῆσδε
1615 2212 1715 2284 τῆς

106 2289 397 2359 ένὼσεως,
423 2299 579 2353 οὐδὲν
616 2300 780 2355 πλέον
817 2303 883 2356 ἐκ
909 2304 1020 2355 τῶν
1060 2305 1202 2375 ὑπὲρ
1232 2306 1359 2368 τοὺς
1393 2306 1488 2359 ἀπ’
1515 2306 1715 2371 αἰῶνος

104 2377 320 2450 ἄνδρας
354 2386 659 2456 θεοφόόους
706 2391 799 2447 καὶ
852 2393 1116 2461 ἀγγέλους
1170 2395 1325 2448 ἔσται
1357 2396 1710 2466 Χριστοῦοοού

104 2470 351 2528 δύνασθε
388 2478 490 2532 οὖν
532 2480 715 2550 λέγειν
756 2484 840 2536 ὅτι
874 2483 1160 2550 ἐξελέξατο
1201 2487 1366 2541 αὐτὸν
1407 2490 1570 2559 μόνον
1602 2489 1714 2545 ἀπὸ

108 2566 343 2623 πάντων
377 2571 599 2645 ὁρατῶν
642 2577 737 2629 καὶ
770 2577 1041 2647 ἀοράτων·
1076 2580 1175 2633 καὶ
1212 2581 1295 2634 ὅτι
1326 2582 1466 2652 ὑπὲρ
1499 2583 1713 2649 πάντας

94 2654 347 2725 ἠξίωται
412 2664 587 2735 τιμῆς
633 2683 778 2731 τινος
817 2668 850 2739 ἢ
898 2667 1144 2736 ἑνώσεως
1192 2671 1225 2743 ἢ
1258 2672 1507 2745 υῐότητος
1540 2675 1572 2746 ἥ
1611 2677 1712 2747 χά-

99 2764 268 2816 prro;
304 2753 373 2808 ὲκ
414 2754 521 2825 τῆς
545 2759 803 2828 τοιαύτης
838 2758 1108 2823 ένώσεως.

172 2839 251 2895 “Et
282 2844 342 2897 δὲ
373 2846 440 2901 οὐ
479 2846 703 2917 ταύτην,
738 2848 875 2903 ἀλλά
908 2848 1005 2923 τὴν
1042 2850 1186 2905 κατά
1240 2852 1423 2924 σχέσιν
1474 2856 1711 2926 φυσικὴν

110 2930 309 3000 λέγετε
356 2926 560 2993 ἕνωσιν
612 2940 708 2995 τοῦ
746 2943 920 3011 Λόγου
960 2944 1100 3015 πρὸς
1139 2945 1231 2999 τὸν
1285 2947 1541 3018 Χριστὸν,
1588 2951 1710 3002 ἐπεὶ

112 3025 261 3099 αὐτη
291 3031 350 3086 ὲν
391 3035 506 3096 τοῖς
530 3034 839 3104 όμοουσίοις
891 3036 1107 3105 όρᾶται’
1157 3037 1269 3090 πᾶν
1322 3037 1431 3108 γάρ
1480 3039 1618 3103 ζῶον
1654 3043 1714 3096 τὸ
1742 3056 1784 3112 c

113 3115 312 3187 ὅμοιον
348 3124 562 3195 ἀγαπᾷ,
594 3126 655 3177 οὐ
685 3124 748 3177 τὸ
778 3124 853 3195 μὴ
903 3125 1111 3195 ὅμοιονο
1152 3126 1186 3195 ἢ
1219 3128 1361 3181 κατά
1389 3146 1543 3189 τινας
1576 3146 1714 3203 συμ-

117 3206 422 3280 6ε6ηκυίας
484 3214 651 3267 τινῶν
688 3215 1038 3286 ὁμοιότητας,
1080 3217 1238 3287 δῆλον
1283 3219 1425 3291 ὡςῆ
1474 3223 1621 3276 κατά
1660 3240 1715 3276 τι

120 3315 187 3351 συ
197 3301 481 3375 μϐεϐηκὸς
501 3306 687 3375 ὅμοιον
714 3307 805 3359 τὸν
825 3308 998 3378 Λόγον
1020 3298 1241 3382 Χριστῷ
1267 3306 1407 3366 εἶναι
1431 3330 1587 3381 φατε,
1620 3316 1716 3370 καὶ

119 3390 184 3441 οὐ
214 3391 353 3457 Θεὸς
384 3396 535 3449 ἔσται
570 3398 599 3450 ὸ
632 3398 804 3464 Λόγος
831 3399 990 3473 οὐσίᾳ
1023 3402 1115 3455 καὶ
1141 3404 1550 3475 συμῦεσηκόσιν
1614 3407 1716 3477 ὐφ-

123 3482 311 3571 εστὼς
355 3488 415 3540 τὸ
458 3488 592 3542 ῐόιον
619 3490 988 3562 πρόσωπονοῆ
1032 3493 1154 3546 κατ’
1185 3494 1394 3561 οὐσίαν,
1431 3499 1525 3551 καὶ
1555 3498 1741 3571 δῆλον,

119 3569 197 3632 ὠς
253 3574 287 3646 ἢ
335 3578 427 3630 τὸν
459 3580 631 3647 Λόγον
662 3580 843 3648 σάρκα
876 3584 989 3636 ῐστε
1023 3583 1243 3656 ὁμοφυῆ
1274 3590 1341 3659 τῇ
1368 3590 1527 3659 σαρκὶ
1558 3569 1711 3657 ὄντα,

122 3662 224 3755 καὶ
272 3665 452 3722 λείπει
501 3671 629 3739 ὑμῖν
664 3674 696 3739 ἡ
731 3670 850 3725 θεία
879 3673 1051 3745 Τριάς
1092 3676 1173 3729 ἑνὶ
1205 3677 1504 3751 προσώπῳο
1550 3682 1582 3755 ἢ
1621 3683 1714 3738 καὶ

120 3754 226 3827 τὴν
259 3760 460 3832 σάρκα,
491 3761 625 3816 Θεὸν
669 3765 954 3834 όμοούσιον
1001 3766 1096 3821 τοῦ
1156 3768 1333 3839 Λόγου
1374 3754 1577 3838 οἴεσθε,
1619 3773 1714 3827 καὶ

125 3854 444 3920 περιττεύει
497 3856 625 3927 ὑμῖν
657 3858 690 3927 ή
722 3856 854 3925 ἁγία
910 3858 1078 3927 Τριὰς
1141 3863 1240 3935 μιᾷ
1283 3864 1601 3919 ὑποστάσει·
1654 3867 1714 3931 ἐξ

122 3941 379 4016 ἀνάγκης
407 3946 500 4001 οὖν
534 3947 702 4003 δυάδα
734 3948 766 4020 ἢ
819 3951 1056 4022 τετράδα
1105 3957 1484 4023 προσκυνεῖτε·
1529 3956 1629 4027 τὴν
1657 3957 1714 4011 δὲ

123 4032 293 4101 ἁγίαν
328 4034 557 4109 Τριάδα,
594 4040 814 4107 πάντως
839 4045 1314 4115 παραχαράττειν
1345 4048 1394 4100 ει
1423 4047 1480 4101 δὲ
1507 4048 1726 4117 τούτων,

125 4123 235 4177 τῶν
277 4130 526 4184 ένώσεων
575 4132 833 4202 οὐδεμίαν
868 4135 1238 4206 καταδέχεσθε
1290 4136 1470 4206 λέγειν
1520 4138 1608 4193 διὰ
1644 4139 1713 4193 τὰ

124 4212 330 4283 ἄτοπα,
354 4222 477 4277 οὐδὲ
504 4222 604 4293 τὴν
642 4225 782 4277 κατὰ
826 4225 1076 4281 σύνθεσιν
1122 4226 1314 4283 ἕνωσιν
1343 4229 1433 4284 διὰ
1474 4229 1545 4283 τά
1573 4231 1710 4301 ὐμέ-

125 4322 262 4377 τερα
291 4311 559 4381 δόγματαο
592 4318 641 4369 εἰ
676 4318 754 4383 δὲ,
797 4318 873 4382 ὡς
920 4319 1257 4390 ὁμολογεῖτε,
1283 4322 1400 4385 πῶς
1427 4323 1609 4393 λέγειν
1632 4323 1714 4377 δο-

125 4401 276 4454 κεῖτε
315 4406 411 4457 ἐπὶ
445 4408 538 4461 τοῦ
581 4409 758 4476 Λόγου
802 4411 898 4465 καὶ
939 4413 1037 4482 τῆς
1091 4414 1294 4484 σαρκὸς
1336 4414 1570 4483 ἕνωσιν,
1603 4417 1710 4470 πά-
1741 4401 1785 4455 Ῑ)

127 4504 231 4559 σης
289 4495 537 4561 ἑνώσεως
590 4502 791 4571 τρόπον
862 4503 1269 4575 ἀπαρνούμενοι
1326 4508 1385 4559 έν
1451 4508 1704 4575 έαυτοϊςς

122 4579 508 4672 οὐκοῦνδῆλον
529 4589 774 4658 γέγονεν,
809 4594 884 4658 ὡς
908 4596 1193 4667 μόρφωσιν
1223 4599 1511 4665 εὐσεϐείας
1547 4601 1708 4672 μόνον

126 4669 493 4763 ὑποκρίνεσθε
519 4719 534 4746 ν
570 4680 668 4753 τὴν
694 4682 923 4755 δύναμιν
954 4688 1127 4760 αὐτῆς
1157 4691 1457 4763 ἠρνημένοι
1482 4669 1559 4746 τὸ-
1585 4693 1710 4746 σύν-

124 4762 267 4817 ολονο
295 4772 391 4823 καὶ
419 4771 529 4844 γὰρ
552 4771 617 4843 δὴ
639 4775 734 4828 καὶ
776 4778 834 4829 ὲν
861 4781 974 4843 τοῖς
1000 4780 1149 4853 ἑξῆς,
1189 4762 1385 4838 τοιοῖδε
1419 4784 1706 4856 ἐλέγχεσθε

122 4857 205 4918 εἰς
235 4863 547 4935 φανέρωσιν
573 4865 667 4920 τοῦ
696 4867 869 4936 Λόγου
911 4871 1116 4941 ταύτην
1156 4872 1408 4943 λέγοντες
1435 4870 1575 4930 εἶναι
1610 4876 1707 4949 τὴν

122 4951 342 5022 ἕνωσιν,
366 4958 461 5012 καὶ
476 4960 555 5023 εἰς
571 4961 864 5033 πρόσωπον
892 4964 991 5017 οὐκ
1021 4959 1137 5018 οῖδα
1168 4966 1284 5031 πῶς
1307 4968 1707 5033 ἀποκαλοῦντες

124 5048 322 5124 αὐτήν.
342 5052 585 5126 Τῷδγὰρ,
606 5056 759 5125 φησι,
784 5056 844 5109 τὸ
866 5057 1156 5128 πρόσωπον
1178 5060 1397 5132 ἐπέχειν
1418 5061 1511 5116 τοῦ
1533 5062 1706 5131 Λόγου

125 5139 216 5193 τὸν
243 5144 500 5216 Χριστὸν,
533 5145 737 5216 ταύτην
771 5146 951 5217 ἴσμεν.

213 5408 375 5477 ’Λλλ’,
406 5408 452 5465 ὦ
486 5411 736 5480 σοφισταὶ
776 5412 870 5466 καλ⁵
899 5415 960 5465 οὐ
987 5411 1163 5481 σοφᾱο,
1190 5414 1330 5482 τάχα
1363 5412 1418 5464 δὲ
1449 5414 1541 5465 καὶ
1574 5413 1708 5483 πρὸς

128 5504 287 5559 τοῦτο
331 5505 580 5575 ἀδόκιμοι
609 5520 622 5534 ο
672 5504 769 5575 οὐχ
815 5503 987 5567 οὕτως
1035 5505 1180 5558 ἐστίν
1217 5507 1249 5574 ἡ
1281 5506 1358 5567 εἰς
1414 5505 1705 5574 πρόσωπον

197 5684 240 5717 δ’
270 5685 409 5742 Psal.
450 5701 622 5752 exui,
666 5685 746 5741 ll.

856 5687 901 5719 ”
930 5686 1087 5741 Deut.
1118 5700 1226 5755 xw,
1276 5686 1369 5753 l7;
1428 5684 1584 5740 [loti].
1617 5700 1677 5751 ιι,
1713 5683 1799 5738 Η.

1824 469 1972 538 apud
2009 468 2185 540 ipsam
2214 471 2400 526 omnia
2443 469 2827 534 indivisibilia,
2868 472 3108 527 naturali
3150 472 3411 527 similitu-

1822 559 1990 615 dine:
2033 571 2130 617 aut
2159 570 2222 616 ut
2250 561 2477 616 habitus
2505 561 2762 633 imaginis
2793 561 2860 616 ad
2887 562 3285 634 archetypum:
3312 562 3409 632 qui

1821 652 2187 709 similitudine
2212 653 2415 709 iterum
2446 662 2505 709 et
2531 654 2704 724 ipsam
2730 663 2954 724 coaptat
2984 654 3039 708 in
3068 669 3409 725 unoquoque

1821 743 2086 814 speciem.
2115 744 2173 800 Si
2198 745 2368 815 igitur
2399 746 2621 816 quidem
2659 745 2967 801 secundum
2998 745 3405 817 appositionem

1822 837 2055 892 localem
2091 837 2281 895 dicitis
2328 838 2447 894 ﬁeri
2487 839 2752 894 unionem
2784 839 2970 895 ‘Verbi
3006 855 3131 895 cum
3158 839 3404 900 Christo,

1821 943 2133 1002 corpusque
2182 940 2267 986 est
2286 931 2535 988 Verbum
2562 931 2834 996 divinum,
2869 940 2925 987 et
2964 931 3139 986 videri
3170 939 3227 986 et
3248 930 3406 1000 tangi

1819 1026 2024 1089 potest,
2041 1022 2172 1077 etin
2192 1021 2318 1077 loco
2339 1028 2615 1085 versatur,
2638 1020 3002 1076 etlimitatum
3016 1029 3123 1085 est,
3144 1028 3407 1075 etetetera

1819 1111 2098 1168 absurda:
2147 1113 2194 1169 si
2241 1128 2377 1167 vero
2425 1111 2733 1169 secundum
2787 1113 3039 1167 habitum
3082 1110 3407 1168 voluntarie

1815 1200 2077 1265 electum,
2101 1217 2212 1257 non
2244 1199 2449 1257 Christi
2480 1201 2654 1257 solius
2680 1216 2805 1256 cum
2853 1202 2966 1256 Deo
2980 1202 3129 1256 'unio
3152 1201 3280 1264 erit,
3307 1198 3403 1255 sed

1819 1300 1876 1347 et
1898 1292 2041 1348 “Abel
2070 1300 2125 1349 et
2171 1293 2398 1350 [lenoch
2433 1303 2489 1349 et
2532 1294 2650 1349 Noe
2682 1302 2739 1350 et
2766 1294 3047 1350 Abraham
3079 1302 3135 1349 et
3168 1293 3321 1348 Isaac
3349 1299 3406 1348 et

1815 1387 2010 1451 Jacob,
2034 1387 2237 1460 Moysis
2273 1398 2329 1443 et
2356 1386 2599 1452 Samuel,
2633 1396 2688 1444 et
2704 1388 2913 1454 'David,
2956 1397 3013 1443 et
3052 1388 3325 1455 'Jeremiae,
3346 1392 3405 1448 et

1816 1487 2143 1534 caeterorum
2160 1480 2393 1535 Patrum
2413 1487 2469 1534 et
2491 1479 2936 1549 patriarcharum
2956 1480 3206 1534 omnium
3226 1497 3404 1553 usque

1817 1569 1886 1625 ad
1939 1571 2207 1626 Joannem
2258 1570 2580 1641 Baptistam,
2638 1579 2697 1625 et
2738 1585 2932 1625 eorum
2964 1570 3059 1640 qui
3105 1587 3136 1625 a
3191 1572 3404 1629 Joanne

1821 1674 1999 1729 usque
2033 1658 2102 1713 ad
2133 1658 2188 1714 id
2235 1658 2503 1729 temporis
2542 1659 3079 1730 complacueruntin
3108 1660 3225 1715 Deo
3250 1676 3265 1714 :
3290 1676 3403 1717 non

1819 1751 1968 1805 enim
1992 1750 2202 1806 dietum
2243 1759 2329 1805 est
2369 1751 2439 1805 de
2483 1766 2597 1805 uno
2626 1751 2781 1807 solo:
2821 1770 2841 1802 ι
2878 1750 3289 1821 Beneplacitum
3317 1761 3405 1809 est

1818 1843 2053 1898 Domino
2068 1858 2242 1914 super
2271 1844 2538 1899 timentes
2563 1858 2713 1906 eum,
2746 1851 2803 1898 et
2828 1844 2883 1898 in
2908 1843 2991 1898 eis
3033 1847 3129 1913 qui
3172 1852 3403 1915 sperant

1818 1949 1987 2006 super
2012 1934 2394 1991 misericordia
2422 1936 2543 2005 eius
2560 1935 2635 2001 ‘9;
2675 1952 2694 1987 ›
2729 1944 2822 1989 et:
2855 1953 2874 1987 ι
2909 1934 3032 1989 Νοη
3078 1943 3163 1990 est
3212 1951 3407 2005 perso—

1816 2042 2013 2082 narum
2044 2027 2300 2098 acceptio
2324 2027 2468 2098 apud
2498 2028 2669 2082 Deum
2690 2027 2761 2092 '°,
2786 2025 2897 2082 scd.
2915 2027 2971 2080 in
3003 2027 3156 2081 omni
3174 2028 3401 2085 natione

1818 2118 2024 2175 timens
2045 2136 2172 2175 eum
2215 2129 2271 2176 et
2294 2122 2483 2176 colens
2509 2120 2783 2191 justitiam
2809 2120 2910 2189 ipsi
2939 2129 3201 2191 acceptus
3224 2129 3345 2177 est:
3373 2141 3393 2175 ο

1815 2211 2171 2267 manifestum
2244 2212 2413 2283 igitur
2463 2211 2613 2282 quod
2665 2226 2850 2281 neque
2891 2226 2960 2265 ex
3013 2212 3116 2267 hac
3169 2213 3398 2281 unione,

1814 2302 1956 2357 nihil
1982 2304 2218 2374 amplius
2239 2320 2307 2360 ex
2330 2304 2452 2359 istis
2472 2318 2639 2374 super
2662 2302 2919 2358 homines
2937 2303 3006 2358 ab
3024 2304 3174 2358 omni
3198 2304 3401 2361 saeculo

1814 2393 2347 2451 timentes‘Dequtt
2365 2396 2589 2467 angelos
2615 2395 2719 2450 erit
2743 2394 2997 2451 Christo:
3029 2411 3140 2450 non
3166 2395 3403 2466 potestis

1814 2485 1989 2558 igitur
2010 2487 2234 2553 dicere;
2265 2487 2433 2557 elegit
2472 2487 2651 2558 ipsum
2678 2487 2857 2542 solum
2889 2487 2959 2542 ab
2982 2488 3242 2543 omnibus
3263 2486 3401 2542 visi-

1812 2579 2020 2636 bilibus
2059 2587 2115 2635 et
2159 2578 2569 2633 invisibilibus:
2615 2588 2692 2644 et,
2738 2593 2910 2649 supra
2953 2593 3149 2634 omnes
3202 2578 3403 2649 dignus

1814 2670 2041 2726 habitus
2065 2677 2152 2725 est
2177 2668 2411 2724 honoris
2448 2668 2683 2739 alicujus
2732 2676 2829 2723 aut
2879 2669 3101 2726 unionis
3134 2678 3230 2725 aut
3260 2669 3403 2725 ﬁlia-

1816 2760 1988 2815 tionis
2017 2768 2115 2814 aut
2138 2759 2331 2830 gratia:
2356 2774 2425 2813 ex
2456 2758 2550 2813 tali
2584 2760 2813 2813 unione.

1883 2849 1941 2906 Si
1970 2866 2106 2906 vero
2139 2865 2253 2905 non
2278 2849 2456 2913 illam,
2483 2848 2581 2905 sed
2614 2842 2923 2905 secundum
2952 2851 3201 2907 habitum
3237 2860 3401 2908 natu-

1812 2942 1984 2996 ralem
2023 2940 2273 2996 asseritis
2312 2942 2577 2996 unionem
2623 2940 2791 2997 Verbi
2822 2957 2946 2997 eum
2976 2942 3199 2999 Christo
3227 2984 3241 3009 ,
3273 2960 3400 3001 cum

1820 3032 1938 3102 ipsa
1987 3032 2044 3085 in
2082 3031 2655 3087 consubstantialibus
2687 3033 2943 3089 videatur
2992 3051 3006 3089 :
3052 3050 3216 3091 omne
3249 3036 3400 3091 enim

1816 3121 2020 3176 animal
2053 3121 2232 3177 simile
2262 3122 2370 3176 sibi
2411 3134 2558 3177 amat
2585 3124 2654 3188 ⁸⁸,
2683 3139 2797 3179 non
2832 3124 3101 3181 dissimile
3139 3143 3154 3182 :
3191 3136 3288 3182 aut
3316 3144 3406 3185 se-

1816 3212 2060 3267 cundum
2110 3212 2377 3282 quasdam
2427 3213 2741 3269 accidentes
2789 3216 3154 3285 quorumdam
3203 3218 3403 3275 simili-

1816 3304 2057 3364 tudines.
2093 3304 2326 3360 evidens
2353 3304 2502 3375 quod
2550 3305 2855 3361 secundum
2901 3307 3112 3378 aliquid
3148 3309 3405 3368 accidens

1816 3395 1995 3450 simile
2020 3395 2265 3452 Verbum
2312 3395 2536 3451 Christo
2568 3411 2691 3452 esse
2738 3396 2959 3460 dicitis,
3009 3407 3066 3453 et
3101 3416 3211 3455 non
3255 3401 3405 3459 Deus

1815 3486 1924 3542 erit
1954 3487 2197 3542 Verbum
2248 3487 2558 3543 substantia
2601 3496 2659 3542 et
2700 3488 3086 3545 accidentibus
3117 3493 3402 3563 supposita

1814 3578 2039 3648 propria
2089 3593 2323 3648 persona
2356 3597 2369 3632 :
2405 3586 2502 3634 aut
2550 3580 2858 3634 secundum
2904 3582 3268 3639 substantiam
3291 3625 3306 3651 ,
3343 3595 3402 3641 et

1814 3670 2043 3724 evidens
2073 3670 2224 3740 quod
2264 3670 2507 3726 Verbum
2534 3687 2758 3727 carnem
2795 3674 3003 3743 putatis
3038 3690 3159 3731 esse
3202 3687 3401 3734 natura

1814 3761 1968 3817 carni
1999 3761 2204 3826 simile,
2235 3770 2292 3817 et
2321 3761 2483 3817 deest‘
2512 3762 2672 3817 vobis
2699 3761 2884 3818 divina
2913 3763 3157 3821 Trinitas
3188 3765 3241 3819 in
3273 3781 3401 3836 per-

1815 3869 1948 3909 sona
1979 3871 1991 3907 :
2026 3862 2122 3909 aut
2167 3868 2412 3919 carnem,
2449 3854 2621 3909 Deum
2657 3854 3186 3910 consubstantialem
3215 3857 3402 3913 Verbo

1813 3946 2143 4002 existimatis
2168 3987 2184 4012 ,
2230 3956 2288 4002 et
2328 3954 2583 4017 superest
2625 3946 2785 4002 vobis
2833 3957 3021 4003 sancta
3051 3948 3294 4006 Trinitas
3342 3950 3400 4007 in

1815 4054 1924 4093 una
1957 4037 2234 4109 bypostasi
2280 4056 2294 4092 :
2335 4039 2653 4095 necessario
2694 4039 2861 4109 igitur
2885 4040 3060 4094 Deum
3093 4040 3147 4095 in
3179 4041 3401 4098 duabus

1814 4139 1911 4184 aut
1938 4139 2176 4200 quatuor
2205 4130 2457 4200 personis
2486 4130 2734 4187 adoratis
2767 4148 2781 4184 :
2816 4139 3063 4185 sanetam
3112 4147 3246 4187 vero
3271 4132 3398 4187 Tri-

1813 4221 2045 4276 nitatem
2076 4220 2306 4275 omnino
2349 4220 2565 4275 vitiatis
2600 4237 2612 4271 :
2649 4221 2696 4275 si
2741 4231 2927 4275 autem
2978 4222 3183 4276 nullam
3216 4239 3283 4279 ex
3310 4224 3399 4281 bis

1815 4312 2117 4368 unionibus
2159 4327 2281 4367 esse
2338 4311 2643 4367 admittatis
2688 4319 2915 4382 prepter
2962 4313 3240 4381 absurda,
3293 4332 3398 4373 nec

1814 4404 2122 4459 secundum
2153 4405 2611 4474 compositionem
2656 4403 2921 4458 unionem
2961 4415 3185 4476 prepter
3213 4418 3398 4465 vestra

1815 4495 2090 4566 dogmata.
2146 4493 2238 4559 Si,
2272 4503 2331 4549 ut
2379 4492 2724 4558 convenitis,
2767 4493 2956 4564 aliquo
3008 4496 3174 4552 modo
3212 4497 3396 4555 dicere

1815 4573 2078 4643 videmini
2117 4586 2185 4641 de
2209 4586 2377 4643 Verbi
2407 4595 2464 4641 et
2491 4585 2677 4642 carnis
2707 4587 2910 4641 unione
2932 4627 2946 4652 ,
2976 4602 3193 4644 omnem
3232 4591 3396 4646 unio-

1814 4679 1903 4735 nis
1956 4679 2198 4749 speciem
2247 4678 2566 4750 rejicientes
2619 4678 2676 4732 in
2726 4677 3175 4750 vobismetipsis;
3227 4681 3395 4754 igitur

1814 4771 2044 4827 evidens
2084 4770 2290 4826 factum
2331 4780 2414 4825 est
2437 4810 2451 4831 .
2480 4770 2627 4840 quod
2677 4769 2909 4824 formam
2945 4771 3165 4841 pietatis
3188 4775 3392 4830 virtute

1815 4863 1990 4935 ipsius
2020 4876 2249 4932 prorsus
2278 4861 2575 4931 denegata,
2609 4868 2820 4916 tantum
2852 4861 3110 4933 ellingitis
3140 4880 3154 4917 :
3186 4866 3391 4921 etenim

1815 4964 1966 5010 certe
2007 4964 2064 5009 et
2098 4953 2409 5010 successive
2434 4952 2725 5022 probatum
2759 4963 2844 5008 est
2880 4969 2981 5009 vos
3013 4954 3199 5010 dicere
3230 4956 3389 5011 istam

1815 5047 2078 5101 unionem
2103 5060 2224 5101 esse
2248 5044 2316 5099 ad
2345 5043 2850 5099 manifestationem
2880 5045 3064 5111 Verbi,
3087 5047 3182 5101 sed
3210 5049 3390 5118 quoad

1804 5152 2097 5209 personam
2143 5136 2331 5190 nescio
2381 5135 2663 5205 quomodo
2702 5152 2825 5191 eam
2875 5136 3212 5206 appelletis:
3261 5154 3392 5208 pro-

1804 5237 1993 5298 plena
2026 5226 2172 5280 enim
2199 5225 2341 5295 quod
2382 5242 2675 5298 personam
2700 5228 2903 5282 retinet
2925 5228 3093 5283 Verbi
3113 5228 3389 5296 Christus,

1807 5320 1969 5374 istam
1998 5319 2275 5374 novimus.

1875 5414 1979 5467 Sed
2008 5455 2020 5478 ,
2050 5427 2084 5467 o
2112 5412 2373 5483 sophista:
2399 5421 2456 5468 ct
2487 5430 2596 5468 non
2632 5413 2933 5485 sapientes,
2960 5430 3088 5468 mox
3119 5422 3302 5469 autem
3335 5411 3419 5468 ρι’

1804 5514 2030 5576 propter
2082 5504 2187 5558 hoc
2242 5504 2467 5574 reprobi
2522 5524 2536 5559 :
2592 5522 2703 5560 non
2754 5507 2830 5561 ita
2878 5505 3051 5561 estin
3095 5517 3391 5573 personam

1866 5682 1906 5715 “
1944 5682 2113 5740 Eccli.
2138 5699 2253 5751 xm,
2287 5683 2374 5739 i9.
