3852 6134
462 209 598 278 1635

454 414 771 470 mistionem
817 412 983 475 facit,
1013 420 1076 467 ut
1110 427 1291 482 posca;
1327 413 1463 469 unio
1492 431 1506 468 :
1537 422 1596 469 et
1634 415 1780 471 sicut
1813 415 1869 470 in
1897 431 2030 472 con-

451 514 681 562 ventum
719 504 959 575 aliquem
1002 504 1175 567 unio,
1216 513 1554 560 conventum
1599 504 1763 570 facit,
1790 515 1853 561 ut
1876 507 2033 562 chori

452 599 588 653 unio
619 617 632 652 :
670 606 727 653 et
759 597 903 653 sicut
925 597 982 651 in
1013 595 1468 652 assimilationem
1501 597 1655 662 unio,
1680 599 2035 655 assimilatio-

453 704 581 744 nem
628 688 795 753 facit,
831 696 892 742 ut
933 688 1132 743 domus
1177 687 1315 744 unio
1340 704 1362 742 ἐ
1397 698 1454 745 et
1500 689 1644 745 sicut
1682 689 1739 745 in
1775 700 2033 748 naturam

450 781 697 850 aliquam
727 779 863 835 unio
905 789 1161 835 naturam
1193 778 1366 846 facit,
1400 789 1464 837 ut
1506 783 1760 853 corporis
1801 784 1936 839 unio
1963 800 2033 841 ex

456 870 626 925 variis
659 870 992 939 elementis;
1044 870 1120 926 ita
1159 871 1295 927 unio
1342 871 1399 926 in
1446 887 1741 941 personam
1790 874 2034 930 novissi-

456 974 600 1015 mam
628 968 723 1015 aut
756 961 1060 1015 novissime
1103 959 1363 1015 ostendet
1411 961 1651 1031 aliquam
1690 977 1985 1032 personam
2014 979 2030 1017 :

454 1067 566 1105 non
614 1059 764 1105 certe
813 1051 937 1105 loco
968 1049 1052 1105 sui
1096 1049 1272 1118 ipsius
1318 1050 1610 1105 ostendere
1662 1051 1904 1119 aliquam
1951 1051 2034 1105 al-

456 1151 633 1198 teram
658 1156 952 1212 personam
974 1180 990 1207 ,
1032 1147 1094 1194 ut
1125 1139 1336 1204 dicitis,
1371 1140 1505 1195 illud
1535 1147 1621 1195 est
1655 1141 1789 1196 unio
1817 1141 1873 1196 in
1904 1156 2035 1211 per--

456 1249 670 1299 sonam,
699 1241 791 1287 aut
810 1231 1185 1288 manifestatio
1204 1232 1434 1287 alterius
1449 1246 1700 1303 personae
1717 1232 2031 1304 incognitae,

456 1333 553 1388 sed
613 1345 648 1387 e
696 1328 978 1386 centrario
1023 1329 1326 1384 occultatio
1370 1343 1624 1398 personae
1675 1328 1733 1383 in
1780 1328 2034 1397 antiper-

457 1438 688 1486 sonam,
737 1423 916 1477 solum
965 1433 1149 1476 autem
1199 1419 1443 1475 nominis
1489 1418 1792 1475 declaratio
1822 1435 1842 1472 ξ
1897 1417 2033 1474 illud

452 1517 620 1571 ctiam
645 1513 764 1570 sine
792 1528 1029 1585 persona
1056 1520 1274 1582 poterat
1303 1511 1625 1566 annuntiar-i
1663 1526 1696 1565 a
1730 1510 2029 1581 propheta:

454 1623 563 1678 qua
595 1607 806 1661 ratione
836 1602 1288 1660 connectuntur?
1317 1602 1426 1659 Aut
1452 1616 1563 1672 qua
1598 1602 1816 1659 ratione
1854 1600 2032 1672 parti-

453 1699 681 1769 cipant?
704 1697 813 1752 Aut
849 1712 957 1766 qua
982 1696 1198 1750 ratione
1231 1694 1501 1749 uniuntur
1541 1703 1737 1749 mutuo
1771 1701 1833 1748 ut
1870 1693 1942 1748 sit
1966 1692 2033 1748 de

453 1791 577 1845 aliis
604 1789 771 1844 rebus
797 1788 821 1841 ?
859 1787 917 1842 Si
945 1787 1169 1857 quidem
1197 1785 1347 1841 enim
1395 1783 1763 1840 similitudine
1785 1823 1799 1848 ,
1829 1784 2033 1849 iterum

450 1884 598 1938 Deus
620 1896 784 1945 caro,
830 1893 961 1934 caro
992 1879 1240 1934 Verbum
1284 1877 1395 1933 erit
1424 1893 1440 1930 :
1485 1875 1647 1946 quale
1676 1883 1861 1930 autem
1894 1888 2035 1943 opus

455 1984 577 2033 erat
619 1974 985 2031 similitudine
1019 1988 1146 2029 cum
1178 1987 1294 2027 non
1342 1971 1401 2025 in
1437 1969 1668 2025 veritate
1712 1965 2034 2038 principalis

451 2083 713 2140 persona,
743 2067 841 2121 sed
887 2065 1088 2121 similis
1108 2062 1557 2123 manifestas-stur
1587 2059 1668 2113 illi
1701 2073 1824 2127 qua:
1848 2055 2034 2110 occul-

455 2160 557 2216 tari
588 2160 813 2215 nolebat
839 2157 1112 2227 amplius?
1146 2157 1204 2212 Si
1237 2170 1369 2210 vero
1401 2161 1487 2209 est
1520 2147 1940 2214 dissimilitudo,
1976 2147 2030 2202 in

453 2267 563 2322 quo
598 2258 817 2305 constat
866 2248 1001 2303 unio
1041 2244 1451 2318 personarum?
1506 2240 1796 2310 Quomodo
1848 2247 2033 2296 autem

457 2361 571 2400 non
623 2358 870 2398 errorem
925 2341 1102 2398 solum
1166 2338 1392 2393 inducet
1457 2333 1857 2406 investigatio,
1906 2347 2032 2388 cum

454 2434 668 2506 aliquid
693 2432 845 2488 aliud
878 2430 1207 2486 ostendetur
1233 2436 1297 2482 ut
1324 2426 1499 2490 aliud,
1525 2433 1584 2480 et
1617 2427 1821 2480 nonut
1851 2423 2030 2495 ipsum

454 2527 577 2581 est?
598 2526 820 2595 Utique,
850 2523 1050 2592 inquit,
1078 2522 1270 2577 divino
1297 2518 1523 2575 nomine
1542 2517 1815 2571 uniuntur
1833 2515 2030 2571 ambo:

453 2618 680 2689 dignum
705 2617 851 2671 enim
877 2615 1127 2670 habitum
1152 2624 1237 2669 est
1262 2612 1438 2667 divini
1470 2610 1718 2668 nominis
1746 2607 1896 2678 quod
1920 2623 2034 2662 non

454 2710 574 2759 erat
603 2710 802 2756 natura
850 2702 1121 2756 divinum.
1183 2701 1377 2756 Nonne
1420 2700 1593 2770 igitur
1636 2697 1930 2753 manifeste
1976 2696 2032 2750 in

455 2808 655 2848 vanam
706 2791 1212 2848 denominationem
1242 2790 1403 2844 vobis
1448 2802 1662 2858 magnae
1706 2785 1911 2842 Christi
1943 2784 2033 2839 di-

454 2887 692 2959 gnitates
743 2901 811 2939 ex
863 2883 1129 2938 diuturna
1193 2881 1553 2936 distinctione
1621 2877 2035 2933 occurrerunt?

1150 282 1151 285 η
1691 215 2002 277 LEONTII
2041 215 2411 280 ΒΥΖΑΝΤΙΝ
2416 221 2443 280 Ι

455 322 590 377 unio
637 337 651 374 :
705 322 850 378 sicut
886 320 1035 378 enim
1075 321 1131 376 in
1165 321 1611 379 commistionem
1643 325 1779 382 unio
1803 364 1819 390 ,
1874 340 2029 381 com-

2156 344 2348 393 ινωσιςο
2388 329 2578 402 ὥσπερ
2610 332 2720 405 γὰρ
2766 336 2800 405 ἡ
2853 337 2933 400 είς
2984 337 3184 411 φύρσιν
3233 340 3495 405 ἓνωσις,
3552 346 3785 417 φύρειν

2064 1660 2108 1715 Β

3645 234 3791 299 16$

2136 422 2304 485 ποιεί,
2336 417 2478 476 οἷονο
2505 425 2539 493 ἡ
2576 424 2671 478 τοῦ
2703 426 3008 497 ὀξυκράτου
3032 447 3048 461 ·
3078 433 3175 485 καὶ
3204 431 3412 507 ὥσπερ
3450 437 3493 507 ἠ
3528 439 3639 500 εἰς
3682 441 3781 493 σύ-

2137 509 2326 599 στασίν
2357 528 2482 567 τινα
2529 512 2743 580 ἓνωσις,
2776 515 3037 572 σύστασιν
3075 523 3242 585 ποιεῖ,
3276 518 3402 578 οἷον
3440 526 3483 596 ἡ
3530 527 3661 580 τοῦ
3690 548 3779 599 p-

2136 598 2253 670 ροῦ·
2287 603 2383 688 καί
2414 602 2608 676 ὥσπερ
2643 606 2677 676 ὴ
2704 607 2785 670 είς
2814 609 3122 681 παράθεσιν
3149 611 3374 681 ἓνωσις,

2135 693 2299 758 ποιεῖ,
2328 687 2443 748 οἷον
2486 695 2519 764 ή
2549 694 2643 749 τοῦ
2680 694 2854 751 οἴκου·
2886 700 2982 754 καὶ
3011 700 3205 775 ὥσπερ
3225 704 3261 775 ἠ
3287 706 3373 769 είς
3411 687 3613 776 φύσιν
3645 712 3772 764 τινὶ

2134 780 2350 846 ἓνωσις,
2395 785 2557 853 φύσιν
2599 792 2763 857 ποιεῖ,
2797 785 2912 846 οἷον
2955 792 2991 863 ἡ
3031 793 3127 848 τοῦ
3158 794 3431 867 σώματος
3478 799 3620 853 άπὸ
3661 804 3771 855 ὧν

2136 875 2417 946 στοιχείων
2439 894 2455 908 ·
2484 877 2630 934 οὕτω
2660 880 2756 935 καὶ
2782 882 2817 952 ἠ
2844 883 2929 945 είς
2958 885 3253 954 πρόσωπον
3303 888 3528 952 Ξνωσις
3564 894 3767 945 καινό-

2135 966 2294 1038 τερόν
2326 967 2440 1039 τιῆ
2483 972 2811 1044 καινοτέρως
2851 972 3017 1039 δείξει
3061 992 3115 1029 τι
3143 978 3480 1048 πρόσωπονο
3533 983 3618 1035 οὐ

2134 1058 2267 1128 τόγε
2296 1058 2418 1113 ἀντὶ
2463 1060 2659 1117 ἑαυτοῦ
2687 1063 2960 1119 δεικνύναι
2992 1066 3117 1122 τινὰ
3159 1067 3355 1139 ἕτερον
3400 1071 3760 1142 πρόσωπον,

2134 1148 2212 1214 ὤς
2233 1168 2391 1219 φατε,
2421 1152 2583 1208 τοῦτο
2626 1155 2660 1224 ή
2712 1154 2907 1218 ἓνωσίς
2957 1150 3079 1210 ἐστι
3127 1160 3163 1229 ἡ
3200 1160 3284 1222 είς
3330 1160 3762 1233 nmina-somn

2135 1242 2443 1314 φανέρωσις
2471 1245 2569 1299 τοῦ
2616 1245 2811 1316 ἑτέρου
2839 1245 3136 1316 προσώπου
3182 1248 3279 1303 τοῦ
3327 1251 3759 1323 άγνοωμένου,

2134 1334 2273 1389 ἀλλὰ
2299 1336 2611 1392 τούναντίον
2633 1337 2947 1410 ἀπόκρυψις
2982 1340 3280 1412 προσώπου
3310 1344 3398 1408 είς
3428 1345 3762 1418 ἄντικρύς·

2133 1444 2304 1492 ωπον,
2329 1428 2492 1497 μόνον
2517 1429 2575 1483 δὲ
2594 1428 2875 1500 ὀνόματος
2894 1430 3175 1502 ἔκφανσις·
3201 1434 3233 1488 ὃ
3259 1436 3359 1490 καὶ
3388 1437 3538 1493 ἄνευ
3572 1456 3759 1510 προισ-

2134 1516 2286 1571 ώπου
2318 1517 2540 1574 δυνατὸν
2589 1515 2659 1591 ἦν
2694 1520 3063 1591 κηρύττεσθαι
3116 1524 3186 1579 δι’
3222 1526 3527 1597 ὑποφήτου
3567 1545 3591 1561 ο
3651 1531 3759 1583 τίνι

2135 1610 2244 1680 γὰρ
2273 1612 2593 1682 συνέχεταις
2625 1612 2660 1683 ἦ
2689 1613 2798 1667 τίνι
2844 1619 3129 1682 κοινωνεῖς
3175 1617 3210 1689 ἢ
3263 1618 3374 1673 τίνι
3411 1620 3663 1691 ἥνωται
3692 1622 3762 1675 τὰ

2134 1702 2316 1756 τοιάδε
2373 1703 2609 1758 ἀντάλλα
2662 1704 2965 1776 πράγματα
3018 1706 3306 1780 ἀλλήλοιςς
3355 1712 3410 1765 εί
3478 1711 3599 1782 μὲν
3647 1714 3761 1782 γὰρ

2133 1793 2435 1864 ὁμοιότητι,
2462 1794 2628 1850 πάλιν
2664 1795 2800 1863 Θεὸς
2833 1798 2868 1869 ἡ
2914 1797 3073 1871 σὰρξ,
3103 1798 3134 1870 ἢ
3169 1799 3310 1872 σὰρξ
3336 1803 3365 1855 δ
3393 1803 3626 1871 Λόγος·
3674 1804 3761 1867 τίς

2133 1885 2191 1939 δὲ
2225 1887 2322 1939 καὶ
2361 1885 2524 1957 χρεία
2552 1881 2621 1958 ἦν
2658 1887 2761 1958 τῆς
2793 1888 3113 1961 ὁμοιότητος
3155 1891 3346 1963 οὔσης,
3386 1894 3475 1963 μὴ
3505 1895 3577 1947 ὲν
3611 1894 3758 1965 ἁλη-

2137 1978 2259 2049 θείᾳ
2296 1978 2358 2031 τὸ
2391 1979 2585 2051 κύριον
2618 1982 2936 2062 πρόσωπον,
2984 1982 3123 2037 ἀλλὰ
3157 1983 3221 2038 τὸ
3258 1985 3459 2054 ὅμοιον
3490 1986 3758 2056 ἐμφανιο

2136 2070 2331 2141 σθῆναι
2363 2069 2441 2140 τῷ
2476 2071 2553 2142 μὴ
2602 2074 2899 2144 σκαιωρεῖν
2952 2072 3265 2145 βουλομένῳ
3298 2074 3565 2144 palmi;
3610 2078 3671 2129 εἰ
3698 2077 3757 2129 δὲ

2136 2159 2370 2231 ἀνόμοιά
2409 2162 2550 2226 ἐστι,
2583 2163 2642 2215 ἐν
2666 2162 2773 2215 τίνι
2803 2164 2836 2234 ἡ
2865 2161 3061 2230 ἓνωσις
3089 2162 3196 2217 τῶν
3222 2164 3595 2234 προσώπωνς
3630 2166 3755 2227 πῶς

2132 2254 2192 2308 δὲ
2222 2253 2283 2308 οὐ
2323 2253 2591 2323 πλάνησις
2627 2247 2790 2324 μόνον
2828 2254 3173 2324 ἐπιτήδευσις
3209 2255 3387 2321 ἔσται,
3414 2256 3486 2308 τὸ
3516 2253 3667 2310 ἄλλο
3700 2273 3751 2308 τι

2133 2346 2305 2413 δεῖξαι
2327 2347 2403 2411 ὡς
2423 2345 2574 2413 ἄλλο,
2606 2345 2702 2401 καὶ
2739 2346 2839 2416 οὐχ
2870 2345 2946 2409 ὡς
2973 2345 3108 2401 αὐτὸ
3151 2346 3179 2400 ὅ
3226 2346 3347 2400 ἐστι
3366 2363 3382 2414 ;
3404 2346 3551 2413 Ναὶ,
3577 2348 3748 2419 φησὶ,

2132 2434 2211 2506 τῷ
2238 2434 2368 2506 θείῳ
2413 2435 2639 2507 ὀνόματι
2675 2436 2880 2506 ἥνωται
2910 2436 3100 2506 άμφω’
3132 2436 3342 2507 ἠξιώθη
3384 2438 3509 2509 γὰρ
3543 2440 3653 2493 καὶ
3686 2438 3747 2490 τὺ

2138 2525 2213 2596 μὴ
2247 2525 2408 2593 φύσει
2436 2524 2581 2580 θεῖον
2635 2525 2732 2578 τοῦ
2764 2524 2910 2578 θείου
2949 2524 3233 2596 ὀνόματος.
3268 2521 3430 2597 'Apz
3463 2527 3576 2580 οὐκ

2136 2616 2326 2686 σαφῶς
2351 2617 2431 2679 είς
2459 2615 2557 2687 τὴν
2584 2616 2843 2685 διακενῆς
2882 2616 3181 2685 ὀνομασίαν
3210 2616 3343 2684 ὑμῖν
3388 2615 3466 2670 τὰ
3517 2618 3742 2688 μεγάλα

2133 2706 2374 2780 Χριστοῦ
2403 2707 2693 2776 ἀξιώματα
2725 2705 2793 2759 ὲκ
2827 2705 3043 2779 μακρᾶς
3091 2704 3416 2777 διαιρέσεως
3442 2711 3741 2779 κατηντή-

2134 2816 2301 2865 κασι;
2333 2798 2564 2870 μηδενὸς
2585 2801 2693 2872 γὰρ
2725 2800 2879 2865 ὄντος
2914 2798 3065 2870 αὐτῷ
3097 2799 3219 2854 καθ’
3247 2798 3276 2853 ὃ
3312 2804 3584 2854 κοινωνεί
3620 2801 3741 2871 Θεῷ

2135 2892 2322 2964 ἑτέρου
2349 2891 2698 2967 πράγματος,
2745 2892 2886 2964 πλὴν
2932 2892 3027 2946 τοῦ
3066 2892 3328 2961 ὀνόματος
3367 2892 3569 2961 μόνον,
3619 2893 3740 2955 πῶς

453 2978 591 3033 Cum
638 2976 785 3031 enim
824 2974 975 3028 nulla
1007 2973 1081 3028 sit
1109 2972 1212 3042 ipsi
1239 2972 1345 3026 alia
1388 2987 1479 3027 res
1518 2968 1823 3026 secundum
1863 2983 2027 3038 quam

2156 2984 2255 3055 ιύχὶ
2283 2982 2427 3037 κατὰ
2450 2982 2550 3054 τὴν
2577 2983 2687 3037 τῶν
2717 2984 3025 3054 ὁμωνύμων
3055 2983 3269 3048 ἕνωσιν,
3295 2983 3401 3053 τὴν
3427 2984 3587 3036 κατὰ
3611 2982 3737 3037 τοῦ·

454 3068 748 3141 participet
786 3067 920 3129 Deo,
964 3065 1070 3120 nisi
1102 3078 1305 3120 nomen
1339 3063 1552 3127 solum,
1598 3059 1879 3131 quomodo
1917 3074 2033 3114 non

455 3157 763 3213 secundum
807 3157 1272 3225 homonymorum
1304 3151 1567 3207 unionem
1593 3149 1824 3205 habebit
1861 3148 2031 3204 Chri-

455 3260 574 3306 stus
606 3248 1087 3321 participationem
1115 3261 1243 3302 cum
1271 3246 1386 3300 Deo
1413 3259 1535 3314 quae
1560 3242 1620 3297 fit
1649 3244 1803 3314 juxta
1829 3255 2034 3296 nomen

456 3343 668 3405 solum,
696 3356 808 3395 non
835 3350 1020 3395 autem
1072 3336 1380 3394 secundum
1427 3350 1543 3391 rem
1587 3334 1798 3389 nomini
1845 3332 2035 3402 subja-

457 3434 719 3492 ccntcm?
748 3434 989 3503 Hujusce
1034 3445 1166 3485 vere
1196 3438 1251 3485 et
1282 3428 1462 3499 angeli
1491 3426 1624 3481 olim
1672 3435 1729 3481 et
1776 3425 2037 3479 homines

458 3528 582 3599 puri
614 3542 646 3581 a
692 3526 805 3581 Deo
835 3524 985 3595 digni
1019 3521 1194 3577 habiti
1225 3529 1377 3586 sunt,
1408 3526 1538 3574 ante
1581 3524 1643 3572 ut
1671 3516 1881 3571 dictum
1910 3522 2032 3570 cst:

457 3626 516 3674 et
550 3617 829 3673 daemones
853 3624 910 3671 et
949 3613 1246 3669 simulacra
1275 3620 1332 3665 et
1367 3607 1612 3665 volatilia
1636 3615 1693 3662 et
1730 3606 1951 3675 reptilia
1982 3614 2039 3660 ct

457 3708 670 3780 lapides
714 3707 865 3778 digni
898 3705 1071 3763 habiti
1112 3713 1242 3759 sunt
1277 3702 1347 3758 ab
1392 3700 1715 3756 hominibus
1752 3697 1940 3768 diique
1982 3708 2040 3755 et

461 3798 672 3854 domini
704 3804 762 3851 et
794 3795 888 3849 lilii
933 3794 1029 3849 Dei
1073 3801 1131 3847 et
1163 3792 1396 3846 deorum
1420 3789 1555 3845 dicti
1591 3795 1723 3845 sunt
1766 3805 1780 3842 :
1817 3788 1875 3842 in
1914 3788 2038 3842 istis

460 3889 630 3959 igitur
673 3888 779 3952 sita
824 3893 910 3940 est
955 3882 1295 3938 beatificatio
1344 3878 1551 3936 Christi
1597 3893 1765 3948 supra
1808 3877 2041 3934 omnes?

460 3981 588 4037 llaec
620 3988 706 4036 est
733 3977 1077 4034 excelsitudo
1099 3976 1308 4031 donum
1336 3973 1532 4044 ipsius,
1556 3970 1694 4026 falsa
1728 3970 1821 4026 Dei
1852 3972 2042 4041 appel-

461 4072 635 4129 latio?
667 4071 812 4127 Proh
840 4069 1225 4126 confusionem
1251 4064 1603 4137 dogmatuml
1635 4083 1669 4122 ο
1703 4066 1889 4123 futiles
1908 4080 2041 4136 pro-

463 4160 770 4231 positiones
795 4159 809 4212 l

535 4253 735 4308 Dicant
779 4252 947 4324 igitur
995 4251 1179 4309 adhuc
1210 4252 1373 4309 nobis
1405 4270 1419 4306 :
1470 4254 1676 4324 quippe
1705 4253 2040 4324 homonyma

2137 3094 2276 3147 νομα
2313 3077 2472 3148 μόνον
2503 3076 2657 3131 ἔσται
2683 3075 2822 3147 Ξχων
2854 3075 2952 3147 τὴν
2994 3075 3129 3146 πρὸς
3180 3074 3315 3129 Θεὸν
3349 3074 3665 3129 κοινωνίαν
3709 3077 3738 3127 ὁ

2135 3169 2391 3239 Χριστὸς,
2423 3168 2545 3239 οὐχὶ
2577 3168 2634 3221 δὲ
2667 3167 2808 3222 κατὰ
2845 3167 2907 3220 τὸ
2953 3167 3313 3237 ὑποκείμενον
3359 3165 3441 3234 τῷ
3494 3166 3736 3235 ὀνόματι

2136 3261 2370 3331 πρᾶγμα
2391 3277 2406 3326 ;
2430 3258 2644 3331 Ταύτης
2685 3259 2731 3313 δ’
2769 3258 2864 3313 οὖν
2891 3259 2986 3313 καὶ
3015 3257 3238 3328 ἄγγελοι
3272 3256 3449 3312 πάλαι
3496 3259 3602 3311 καὶ
3642 3258 3738 3312 άν-

2138 3348 2347 3419 θρωποι
2383 3349 2520 3402 ὅσιοι
2567 3348 2673 3401 ὑπὸ
2717 3346 2855 3401 Θεοῦ
2885 3345 3164 3418 ἠξίωνται,
3211 3346 3593 3417 προείρηται·
3642 3345 3737 3398 καὶ

2136 3439 2390 3510 δαίμονες
2425 3438 2484 3492 δὲ
2513 3439 2609 3492 καὶ
2643 3437 2807 3503 ξόανα
2837 3436 2933 3491 καὶ
2981 3436 3207 3491 πετεινά
3238 3436 3335 3489 καὶ
3382 3435 3608 3505 ἑρπετά
3639 3437 3738 3488 καὶ

2138 3529 2277 3584 λίθοι
2308 3528 2618 3600 ἠξιώθησαν
2661 3528 2765 3582 ὑπὸ
2812 3527 2924 3581 τῶν
2975 3527 3303 3598 ἀνθρώπων,
3349 3525 3470 3579 θεοί
3520 3542 3589 3579 τε
3640 3526 3737 3579 καὶ

2138 3622 2320 3695 κύριοι
2352 3622 2446 3676 καὶ
2467 3622 2576 3676 υἱοὶ
2601 3621 2739 3675 Θεοῦ
2761 3621 2857 3675 καὶ
2882 3620 3024 3676 θεῶν
3061 3619 3367 3692 λεχθέντες.
3390 3618 3487 3672 Ἐν
3523 3618 3737 3682 τούτοις

2139 3715 2231 3770 οῦν
2256 3717 2285 3769 ὁ
2322 3713 2669 3785 μακαρισμὸς
2695 3710 2933 3784 Χριστοῦ
2960 3710 3114 3781 παρὰ
3134 3709 3379 3774 πάντας;
3410 3709 3583 3762 τοῦτό
3616 3709 3737 3760 ἐστι

2138 3808 2202 3862 τὸ
2242 3805 2590 3877 ύπερύψωμα
2615 3805 2787 3876 δῶρον
2822 3803 3012 3864 αὐτοῦ.
3040 3804 3074 3871 ἡ
3108 3800 3471 3872 ψευδώνυμος
3501 3799 3737 3870 θεοκλη-

2143 3895 2262 3961 σία;
2292 3893 2338 3949 ὣ
2383 3896 2484 3965 τῆς
2525 3892 2788 3969 αἰσχύνης
2832 3892 2944 3947 τῶν
2982 3890 3271 3963 δογμάτων
3301 3890 3314 3943 !
3342 3888 3390 3942 ὣ
3424 3888 3530 3943 τοῦ
3558 3889 3733 3960 λήρου

2140 3987 2251 4042 τῶν
2280 3986 2489 4059 προϐλη
2497 3986 2681 4057 μάτων
2706 3984 2721 4038 l

2216 4251 2541 4322 Λεγέτωσαν
2593 4249 2686 4305 οὖν
2742 4249 2877 4320 ἡμῖν
2929 4247 3032 4302 ἔτι*
3079 4247 3203 4302 ἐπεὶ
3252 4247 3320 4301 τά
3364 4244 3727 4318 ὁμώνυμα,ἢ

465 4352 561 4400 aut
584 4360 706 4414 quae
753 4351 884 4399 sunt
911 4343 1159 4414 ejusdem
1202 4345 1524 4400 substantiae
1570 4360 1636 4399 ex
1671 4344 1896 4415 speciali
1940 4360 2036 4398 no-

2156 4343 2406 4417 5μοούσιά
2438 4344 2585 4396 ἐστιν
2613 4342 2672 4408 ἐξ
2704 4339 2875 4395 ίδικοῦ
2906 4339 3167 4410 ὀνόματος
3199 4336 3631 4408 ὁμωνυμοῦντα,
3660 4340 3728 4400 ὡς

467 4435 616 4490 mine
647 4433 794 4489 idem
844 4449 1046 4490 nomen
1091 4435 1316 4497 habent,
1349 4443 1411 4489 ut
1435 4434 1610 4489 Judas
1652 4432 1942 4489 lscariotes
1982 4443 2039 4488 et

2157 4436 2360 4500 Ἰούδας
2394 4438 2423 4490 ὁ
2449 4432 2805 4506 Ἰσκαριώτης
2849 4432 2948 4485 ml.
2999 4431 3201 4493 Ἰούδας
3229 4430 3259 4482 ὁ
3295 4426 3631 4497 άδελφόθεος
3653 4448 3666 4461 ·
3694 4431 3721 4498 ἦ

467 4526 638 4582 Judas
680 4526 852 4579 frater
893 4524 1113 4580 Domini
1154 4525 1291 4591 :_vel
1330 4532 1460 4579 sunt
1509 4525 1760 4595 quaedam
1803 4523 2036 4580 diversae

2156 4526 2463 4600 ἑτεροούσιά
2494 4524 2611 4580 ἐστί
2656 4541 2776 4579 τινα
2825 4523 2932 4578 ἀπὸ
2975 4520 3158 4576 κοινοῦ
3199 4520 3467 4591 ὀνόματος
3497 4518 3720 4591 dinum-

470 4619 792 4675 substantiae
834 4633 958 4688 quae
982 4633 1047 4673 ex
1082 4617 1363 4672 communi
1387 4617 1611 4674 nomine
1659 4617 1807 4674 idem
1835 4630 2036 4673 nomen

2156 4618 2375 4692 μοῦντα,
2399 4611 2512 4672 οἷον
2544 4616 2719 4703 άίστὴρ
2748 4615 2776 4668 ὅ
2816 4631 2877 4668 τε
2911 4612 3196 4674 θαλάττιος
3245 4611 3342 4665 καὶ
3383 4610 3664 4680 οὐράνιος,
3694 4610 3721 4678 ἢ

469 4711 738 4769 habeant.
763 4719 825 4765 ut
869 4709 1027 4765 stella
1075 4709 1245 4766 maris
1290 4717 1349 4765 et
1392 4710 1550 4765 stella
1582 4709 1708 4766 caeli
1733 4750 1749 4775 ,
1779 4708 1867 4765 vel
1912 4715 2044 4765 sunt

470 4802 721 4874 quaedam
761 4801 991 4857 diversae
1015 4801 1338 4858 substantia:
1371 4818 1608 4873 quorum
1637 4802 1872 4859 alterum
1913 4802 2043 4872 qui-

471 4896 620 4961 dem,
655 4911 723 4951 ex
769 4894 1051 4951 communi
1084 4895 1308 4951 nomine
1331 4936 1346 4962 ,
1374 4904 1431 4951 et
1451 4896 1689 4951 alterum
1717 4909 1785 4949 ex
1816 4893 2044 4964 speciali

472 4986 621 5041 idem
662 5001 864 5041 nomen
901 4987 1090 5051 habet,
1126 4996 1187 5041 ut
1217 4988 1445 5058 angelus
1469 4988 1564 5056 qui
1598 4994 1684 5042 est
1713 4986 1963 5056 spiritus,
1990 4992 2047 5040 et

473 5076 742 5148 propheta
766 5077 861 5146 qui
885 5077 1090 5133 dicitur
1117 5077 1411 5133 Malachias
1430 5085 1527 5130 aut
1549 5077 1790 5131 alterum
1816 5076 2045 5146 quidem

474 5168 804 5228 substantia,
823 5168 1057 5222 alterum
1078 5183 1215 5223 vero
1228 5167 1539 5231 substantia
1555 5182 1771 5231 carens,
1795 5178 1857 5222 ut
1880 5168 2047 5230 λύκος

474 5256 569 5328 qui
604 5266 691 5311 est
720 5255 922 5310 animal
965 5264 1019 5311 et
1067 5255 1262 5310 animae
1311 5254 1582 5311 affectus:
1624 5257 1780 5328 juxta
1829 5257 2047 5327 qualem

476 5351 740 5406 unionem
763 5348 958 5402 harum
982 5362 1163 5401 rerum
1193 5347 1498 5403 secundum
1519 5363 1722 5403 nomen
1743 5349 2047 5414 unitarum,

476 5444 667 5499 habita
721 5440 855 5497 unio
897 5438 1099 5495 Christi
1137 5439 1380 5495 nominis
1430 5455 1555 5495 cum
1581 5441 1805 5497 nomine
1849 5441 1947 5497 Dei
1995 5449 2052 5496 et

480 5534 647 5591 Verbi
667 5542 723 5589 et
742 5532 867 5589 Filii
884 5530 1002 5599 Dei,
1029 5531 1207 5601 ipsum
1236 5530 1520 5586 meliorem
1538 5575 1552 5591 .
1584 5534 2050 5590 autexcelsiorcm

2148 4709 2467 4784 ἑτεροούσιά
2497 4700 2594 4780 γει
2619 4708 2714 4762 καὶ
2750 4706 2956 4760 τούτων
2998 4704 3226 4775 θάτερον
3253 4701 3373 4773 μὲν,
3404 4702 3519 4754 ἀπὸ
3549 4700 3721 4754 κοινοῦ

2150 4802 2432 4873 ὀνόματος·
2456 4802 2551 4855 καὶ
2595 4800 2803 4871 ἕτερον,
2845 4797 2906 4864 ὲξ
2940 4794 3110 4851 ίδικοῦ
3136 4793 3449 4862 ὁμωνυμεῖ,
3484 4785 3602 4845 οἷον
3631 4791 3723 4856 άτ-

2150 4895 2308 4966 γελος
2357 4892 2418 4947 τό
2463 4909 2523 4945 τε
2573 4889 2812 4960 πνεῦμα,
2840 4889 2936 4943 καὶ
2984 4890 3012 4941 ὁ
3047 4886 3334 4956 προφήτης
3375 4883 3405 4935 δ
3437 4883 3727 4950 λεγόμενος

2151 4985 2458 5056 Μαλαχίας
2481 4983 2515 5054 ἢ
2543 4982 2768 5052 θάτερον
2797 4978 2898 5052 μὲν
2916 4980 3099 5045 οὐσία,
3128 4976 3356 5044 θάτερον
3378 4973 3435 5028 δὲ
3456 4972 3728 5035 ἀνούσιον,

2154 5077 2230 5139 ὼς
2258 5075 2421 5137 λύκος
2463 5072 2526 5126 τό
2569 5089 2629 5125 τε
2673 5071 2811 5137 ζῶον
2845 5070 2940 5123 καὶ
3003 5068 3065 5121 τὸ
3119 5066 3327 5129 πάθος·
3378 5063 3523 5117 κατά
3575 5062 3729 5117 ποίαν

2152 5167 2323 5221 τῶνδε
2345 5165 2453 5218 τῶν
2482 5165 2624 5219 κατὰ
2656 5163 2897 5235 τοΰνομα
2926 5161 3250 5232 ¹ίινωμένων,
3276 5159 3312 5228 ή
3342 5154 3440 5210 τοῦ
3465 5156 3731 5224 ὀνόματος

2156 5255 2394 5329 Χριστοῦ
2417 5256 2556 5326 πρὸς
2580 5257 2641 5309 τὸ
2666 5255 2839 5325 ὄνομα
2866 5252 2959 5307 τοῦ
2986 5250 3122 5305 Θεοῦ
3158 5248 3254 5303 καὶ⁵
3280 5247 3456 5315 Λόγου
3485 5248 3581 5300 καὶ
3602 5245 3731 5300 Υίοῦ

2156 5348 2251 5403 τοῦ
2279 5346 2416 5401 Θεοῦ
2450 5346 2645 5410 ἓνωσις
2669 5343 2824 5408 οὖσα,
2852 5342 2886 5414 ἢ
2921 5340 3042 5395 κατ’
3069 5338 3258 5393 οὐσίαν
3287 5334 3450 5389 αὐτόν
3469 5352 3526 5387 τι
3553 5351 3735 5404 κρειτ-

2157 5441 2345 5504 τώσει,
2382 5438 2416 5511 ἢ
2450 5437 2800 5510 ὐπερυψώσει
2836 5435 2869 5504 ἢ
2921 5433 3106 5503 ὀνήσει
3155 5446 3249 5495 τι;
3289 5427 3459 5481 Οὐδὲν
3491 5426 3605 5497 γὰρ
3630 5428 3732 5481 τῶν

2158 5531 2467 5604 ὁμωνύμων
2486 5528 2786 5585 ἀπολαύσει
2811 5524 2958 5588 τινὸς
2976 5522 3084 5577 τῶν
3110 5520 3206 5574 τοῦ
3227 5518 3546 5590 ὁμωνύμου·
3577 5519 3628 5571 εί
3663 5519 3733 5590 μὴ

482 5626 668 5698 aliquo
704 5625 869 5682 modo
903 5625 1071 5681 faciet
1095 5630 1191 5679 aut
1214 5622 1423 5694 aliquid
1448 5624 1549 5694 ipsi
1581 5625 1866 5695 proderit?
1904 5626 2036 5680 Nihil

2163 5624 2270 5697 ἄρα
2322 5620 2555 5694 αὐτὸἜὴ
2608 5619 2766 5674 τοῦτό
2804 5634 2971 5689 φασι,
3020 5613 3082 5668 τὸ
3125 5614 3192 5683 τῇ
3240 5609 3600 5681 ψευδώνυμίᾳ
3640 5609 3734 5679 τὴν
