3852 6134
273 307 405 378 1637

1160 318 1556 379 ADVERSUS
1594 320 2141 383 NESTORIANOS.
2163 348 2227 357 -
2260 323 2408 383 LIB.
2446 324 2565 383 IlI.

3380 322 3518 391 1638

265 422 419 480 θείαν
442 423 599 490 δόξαν
626 425 1013 498 συναρπάζειν,
1039 427 1132 481 καὶ
1153 429 1523 501 ἀποφέρεσθαι
1554 430 1692 501 πρὸς
1712 431 1833 495 τοὺς

1941 430 2091 485 enim
2131 431 2593 503 homonymorum
2644 430 2865 487 fruetur
2917 431 3105 502 aliquo
3149 444 3215 487 ex
3258 428 3349 486 his
3392 448 3515 504 qua:

265 515 595 585 ἀγνοοῦντας
624 516 724 589 τὴν
750 517 845 572 τοῦ
882 518 1042 589 φύσει
1073 519 1209 574 Θεοῦ
1242 521 1379 592 πρὸς
1411 523 1537 586 τοὺς
1565 522 1837 593 ψευδωνύ-

267 626 402 678 μους
433 608 725 680 διάκρισινο
775 611 824 663 εί
878 610 934 664 δὲ
981 609 1120 683 αὕτη
1166 613 1313 666 ἐστὶν
1370 615 1404 685 ή
1467 612 1678 684 μεγάλη
1710 613 1838 678 δόξα

262 700 527 773 Χριστοῦ,
556 701 762 772 ταύτης
796 702 977 773 πολλῷ
1010 704 1277 775 πρότερον
1308 703 1547 777 Χριστοῦ
1590 704 1838 770 διάϐολός

261 808 324 844 τε
372 793 467 845 καὶ
512 791 766 863 δαίμονες
798 793 1260 865 ἐπιθυμήσαντες,
1290 794 1646 867 ἀπήλαυσαν*
1700 796 1838 851 ἀλλὰ

264 881 357 936 καὶ
387 881 502 946 ζῶα
533 884 628 936 καὶ
657 884 861 955 ἑρπετὰ
887 882 1166 956 ἠξίωνται,
1193 886 1267 950 ὡς
1292 885 1531 958 εἴρηται,
1554 887 1716 958 τῆσδε
1737 904 1751 918 ’
1771 889 1836 943 ἐκ

263 972 479 1025 πάντων
500 970 593 1024 οὖν
619 971 884 1027 δέδεικται
918 974 1130 1044 τρανῶς
1178 974 1253 1039 ὡς
1289 974 1322 1046 ἢ
1359 976 1480 1029 οὐδέ
1516 977 1685 1048 τιμῆς
1713 978 1832 1031 οὐδὲ

259 1061 418 1132 δόξης
455 1062 576 1116 οὐδὲ
606 1062 769 1117 ἄλλου
793 1064 940 1127 τινος
967 1065 1074 1118 τῶν
1101 1065 1321 1138 ὑψηλῶν
1350 1067 1446 1121 καὶ
1479 1066 1639 1123 θείων
1661 1067 1832 1138 ήείω-

258 1170 348 1206 ται
379 1153 547 1217 ὅντως
597 1157 692 1209 καὶ
720 1157 1008 1227 πράγματι
1050 1159 1315 1228 Χριστός·
1346 1157 1379 1229 ἢ
1425 1160 1583 1232 εἴπερ
1611 1162 1827 1227 ἀληθῶς

258 1243 316 1293 ἐν
361 1242 575 1312 μεθέξει
606 1245 713 1297 τῶν
739 1245 900 1299 θείων
926 1246 1043 1300 ἐστὶ
1067 1249 1464 1320 προσηγοριῶν,
1492 1251 1569 1322 τῷ
1592 1250 1824 1322 πρώτως

257 1332 419 1384 αὑτὸν
450 1333 540 1385 τὸν
567 1333 784 1403 ἀληθῶς
816 1335 911 1388 καὶ
942 1338 1100 1404 φύσει
1134 1338 1261 1392 τάδε
1286 1340 1655 1411 οἰκειούμενον
1689 1341 1832 1413 ἔχειν

258 1424 317 1476 ἐν
365 1424 544 1491 ἐαυτῷ
573 1425 708 1478 θεοῦ
738 1426 931 1495 Λόγον·
961 1427 1051 1481 διὰ
1085 1428 1239 1483 τοῦδε
1274 1429 1385 1501 γὰρ
1415 1433 1509 1486 καὶ
1549 1420 1730 1488 πάντα
1760 1434 1831 1489 τὰ

256 1514 391 1570 Θεοῦ
440 1504 582 1568 ὶδικὰ
626 1516 787 1586 μόνον
837 1518 934 1572 καὶ
984 1519 1133 1589 αὑτῷ
1178 1522 1521 1592 συνεπόμενα
1574 1524 1831 1595 ἐξαίρετα

255 1606 499 1671 πλουτεῖ,
530 1609 624 1662 καὶ
649 1611 705 1662 ἐν
727 1610 904 1681 ἑαυτῷ
933 1610 1302 1667 ἐπιδείκνυται
1334 1614 1503 1680 ὅντως
1520 1618 1549 1670 ό
1570 1617 1826 1687 Χριστός.

1935 532 2066 579 sunt
2092 520 2411 596 homonymi
2445 542 2459 579 :
2492 525 2595 580 nisi
2627 534 2779 582 certe
2810 525 2944 580 illud
2977 525 3157 595 ipsum
3180 541 3303 582 esse
3329 525 3518 582 dicant

1935 613 2179 670 divinam
2222 616 2452 687 gloriam
2509 616 2644 672 falsa
2688 610 3067 672 nominatione
3110 618 3416 687 corripere,
3458 626 3517 673 et

1934 705 2163 776 gloriari
2212 722 2399 763 coram
2464 708 2571 763 illis
2635 708 2730 778 qui
2788 709 3044 779 ignorant
3089 708 3514 764 distinctionem

1933 798 2101 868 hujus
2135 798 2282 868 quod
2324 806 2407 853 est
2437 789 2635 853 natura
2665 807 2722 854 et
2765 799 2932 870 hujus
2970 799 3116 869 quod
3162 808 3247 855 est
3292 800 3514 854 nomine

1942 884 2139 940 ﬁctitio
2165 885 2329 941 Deus.
2359 885 2416 941 Si
2438 902 2571 941 vero
2598 890 2716 957 ipsa
2743 897 2827 943 est
2855 905 3049 958 magna
3079 889 3250 958 gloria
3281 889 3511 957 Christi,

1939 977 2091 1033 illam
2134 977 2310 1033 multo
2340 987 2466 1033 ante
2508 978 2793 1034 Christum
2837 980 3091 1035 diabolus
3137 989 3192 1035 et
3236 981 3516 1035 daemones

1938 1068 2321 1124 desiderantes
2380 1077 2750 1140 perceperunt
2805 1089 2818 1125 :
2878 1071 2975 1126 sed
3042 1082 3099 1126 et
3147 1071 3406 1126 animalia
3458 1078 3515 1126 et

1935 1161 2159 1230 reptilia
2195 1162 2342 1216 illius
2382 1161 2546 1232 digna
2595 1161 2785 1218 habita
2836 1169 3003 1228 sunt,
3039 1170 3102 1216 ut
3143 1161 3353 1218 dictum
3383 1169 3512 1217 est:

1931 1266 2000 1306 ex
2028 1252 2292 1307 omnibus
2320 1252 2489 1323 igitur
2516 1260 2887 1307 monstratum
2919 1262 3004 1308 est
3026 1253 3175 1307 clare
3210 1261 3305 1307 aut
3333 1266 3515 1322 neque

1938 1342 2189 1409 honoris,
2240 1360 2425 1415 neque
2496 1344 2708 1416 gloriae,
2752 1359 2934 1415 neque
2993 1345 3226 1415 alicujus
3283 1343 3516 1398 alterius

1928 1435 2138 1491 horum
2179 1448 2303 1506 quae
2344 1446 2475 1493 sunt
2500 1437 2719 1493 excelsa
2765 1446 2821 1491 et
2869 1436 3057 1491 divina
3089 1436 3314 1506 dignum
3350 1433 3515 1488 habi-

1930 1536 2053 1583 tum
2087 1528 2259 1584 fuisse
2293 1544 2422 1585 vere
2456 1538 2513 1585 et
2542 1530 2769 1584 realiter
2814 1527 3100 1584 Christum
3130 1568 3145 1593 ,
3182 1536 3278 1582 aut
3302 1527 3349 1582 si
3379 1539 3512 1580 vere

1934 1622 2101 1677 estin
2134 1622 2557 1693 participatione
2598 1620 2908 1676 divinarum
2936 1619 3393 1688 appellationum,
3440 1615 3516 1670 il-

252 1694 347 1753 lud
380 1710 633 1757 constare
660 1718 727 1759 ex
763 1719 830 1760 eo
858 1705 1003 1774 quod
1034 1705 1271 1779 primum
1298 1706 1497 1763 habeat
1555 1711 1611 1764 in
1642 1712 1940 1783 semetipso
1968 1714 2213 1770 Verbum
2257 1715 2377 1780 Dei,
2416 1714 2535 1770 haec
2597 1729 2729 1769 vere
2763 1724 2959 1769 natura
3019 1714 3125 1769 sibi
3172 1713 3464 1768 vindicans
3497 1726 3512 1765 :

253 1791 377 1849 ideo
405 1792 552 1850 enim
616 1807 672 1851 et
739 1797 997 1854 omnibus
1035 1800 1132 1854 Dei
1183 1801 1519 1871 specialibus
1562 1812 1777 1861 tantum
1830 1816 1886 1864 et
1947 1809 2051 1881 ipsi
2103 1809 2519 1881 pertinentibus
2571 1809 2806 1875 ditatur,
2851 1817 2907 1865 et
2952 1809 3072 1865 huic
3115 1809 3172 1864 in
3219 1807 3514 1877 semetipso

252 1884 475 1942 exhibet
501 1903 631 1943 vere
653 1888 929 1945 Christus.

328 1980 449 2033 Ἔτι
483 1982 589 2051 μὴν
613 1981 861 2045 λέγοντες
890 1976 1035 2037 οὗτοι
1060 1984 1216 2052 ἀξίας
1243 1987 1405 2041 αὐτὸν
1435 1991 1818 2062 μετειληφέναι

1993 1993 2210 2048 Rursus
2262 2006 2433 2062 porro
2496 1991 2746 2047 dicentes
2792 1991 2883 2046 isti
2952 1990 3270 2061 dignitatem
3334 1992 3514 2061 ipsum

253 2070 471 2125 οίασοῦν
503 2068 787 2144 μεγίστης,
811 2075 1292 2144 ἀποκρινέσθωσαν
1317 2080 1350 2150 η
1360 2082 1470 2147 μίν·
1498 2080 1645 2153 Αὕτη
1668 2083 1826 2137 ὁποία

255 2166 460 2237 ἐστὶνὴ
494 2165 648 2231 ἀξίας
679 2168 882 2237 φυσική
911 2185 1017 2233 τις,
1049 2168 1136 2221 οἵα
1162 2171 1194 2239 ή
1224 2171 1322 2223 τοῦ
1361 2172 1654 2243 ἀνθρώπου
1692 2176 1828 2246 πρὶς

254 2257 323 2309 τὰ
350 2259 521 2327 κτήνη
538 2257 659 2309 κατ’
682 2257 870 2311 οὐσίαν
886 2259 1149 2331 ὑπεροχὴ,
1178 2263 1310 2315 καθὸ
1336 2263 1573 2335 εἴρηται,
1603 2284 1621 2316 ι
1644 2266 1829 2322 Πάντα

257 2345 534 2411 ὑπέταξας
569 2346 829 2400 ὑποκάτω
865 2347 974 2400 τῶν
1013 2350 1191 2404 ποδῶν
1238 2353 1403 2406 αὐτοῦ
1449 2355 1700 2425 πρόϐατα
1733 2336 1829 2409 καὶ

250 2433 387 2506 ¹βόας
424 2436 669 2503 ἁπάσας
709 2455 728 2489 ι
766 2438 799 2508 ἢ
830 2439 1256 2510 συμϐεϐηκῶσα,
1285 2444 1373 2497 οἵα
1422 2446 1456 2515 ή
1510 2445 1606 2499 τοῦ
1654 2448 1827 2502 Σαοὺλ

258 2530 395 2602 πρὸς
423 2530 551 2594 τοὺς
576 2531 882 2599 ὁμοφύλους
924 2533 1165 2603 ὖψωσιςς
1190 2538 1251 2592 Ei
1280 2539 1376 2607 μὲν
1412 2540 1519 2610 γὰρ
1551 2542 1828 2614 συμϐεϐη-

258 2622 435 2687 κῶσα,
468 2622 694 2677 αὐτόθεν
728 2627 847 2678 οὐδέ
882 2620 1007 2680 ’θεία
1039 2629 1161 2681 οὑδέ
1201 2629 1478 2700 ἀξιόλογος
1509 2648 1524 2664 ⁸
1555 2635 1604 2687 εί
1629 2634 1685 2686 δὲ
1726 2653 1826 2703 φυ-

252 2714 414 2783 σικὴ,
445 2715 603 2784 δῆλον
636 2716 711 2779 ὡς
741 2717 839 2770 οὐκ
868 2717 984 2770 ἔστι
1015 2720 1183 2789 αὐτῆς
1213 2723 1461 2792 μετέχειν
1491 2724 1708 2793 ἀληθῶς
1732 2727 1828 2779 καὶ

259 2806 317 2858 οὐ
348 2805 749 2877 ψευδωνύμως,
793 2810 885 2861 τὸν
928 2808 1001 2879 μὴ
1052 2813 1314 2882 πρότερον
1365 2814 1461 2883 τῆς
1505 2817 1626 2868 κατ’
1658 2816 1828 2887 αὐτὴν

259 2895 476 2965 φύσεως
523 2898 752 2967 τυχόντα
794 2917 808 2930 ·
850 2902 1009 2972 εῐπερ
1046 2898 1138 2956 οὖν
1195 2903 1433 2974 φυσικῆς
1486 2905 1641 2971 ἀξίας
1691 2906 1826 2961 Θεοῦ

258 2989 492 3060 Χριστὸς
526 2990 837 3060 μετείληφε,
876 2993 970 3045 καὶ⁵
1001 2993 1061 3046 τὸ
1087 2994 1232 3059 Θεὸς
1263 2994 1480 3063 φύσεως
1521 2998 1693 3067 δνομα
1733 3015 1829 3052 xu-

264 3080 395 3150 ρίως
424 3082 563 3147 ἐστὶ,
591 3082 749 3152 δῆλον
770 3083 845 3145 ὡς
866 3084 965 3152 τὴν
990 3083 1153 3153 φύσιν
1183 3085 1352 3155 αὐτὴν
1384 3087 1484 3155 τὴν
1514 3086 1664 3140 θείαν
1693 3106 1829 3157 κτηο

263 3176 495 3245 σάμενος
522 3176 737 3246 πρῶτον
758 3215 772 3237 ,
815 3172 883 3248 ἦς
909 3176 1013 3228 ἰδία
1041 3177 1188 3229 ἐστὶν
1219 3179 1252 3247 ή
1285 3177 1411 3243 ἀξία
1441 3179 1535 3231 καὶ
1565 3181 1597 3247 ή
1629 3180 1828 3248 ὀνομα-

264 3265 375 3329 σία,
405 3266 500 3318 xui.
527 3264 697 3318 ταῦτα
726 3264 1176 3335 συνεκληρώσατο
1200 3283 1214 3297 ο
1249 3267 1444 3320 οὐκοῦν
1470 3266 1644 3338 ὀρθῶς
1675 3268 1828 3333 δοξά-

266 3356 433 3425 ζομεν
466 3356 713 3409 σύνθεσιν
757 3358 854 3426 τῆς
881 3356 1030 3421 θείας
1058 3358 1154 3410 καὶ
1191 3357 1536 3429 ἀνθρωπίνης
1579 3359 1792 3428 φύσεως
1813 3377 1827 3391 ο

262 3446 296 3517 ἢ
331 3448 379 3499 εί
411 3448 484 3516 μὴ
516 3446 636 3499 τόδε
660 3446 833 3507 οὕτως
860 3447 993 3517 ἔχει.
1025 3449 1184 3511 αὐτὸς
1220 3451 1453 3519 τραπεὶς
1497 3450 1577 3512 είς
1623 3450 1831 3503 τοιάνδε

265 3539 418 3593 θείαν
447 3539 607 3609 φύσιν
635 3541 663 3593 ὁ
687 3539 993 3609 ἄνθρωπος,
1030 3540 1259 3611 ἠξίωται
1290 3542 1387 3612 τῆς
1419 3543 1655 3609 φυσικῆς
1681 3542 1832 3606 θείας

265 3631 361 3683 καὶ
392 3628 687 3697 ὀνομασίας
716 3646 730 3660 ’
762 3629 855 3680 καὶ
898 3629 1051 3681 ἔσται
1104 3627 1299 3692 οὕτως,
1349 3628 1471 3682 οὐδὲ
1525 3629 1835 3698 σωζόμενος

265 3721 427 3785 αὐτὸς
460 3719 541 3774 ἔτι
563 3722 591 3773 ό
620 3718 874 3784 ἀξιωθεὶς
911 3719 1009 3789 τῆς
1044 3719 1202 3784 ἀξίας
1225 3759 1239 3782 ,
1270 3719 1389 3772 οὐδὲ
1422 3720 1599 3789 μένων
1626 3722 1653 3771 ὀ
1681 3718 1835 3783 δεξά-

271 3829 433 3883 μενος
461 3810 559 3882 τὴν
589 3810 773 3881 χάριν,
801 3809 921 3863 οὖδέ
951 3810 1046 3865 δύο
1071 3811 1263 3881 φύσεις
1290 3810 1425 3873 ὅλως
1452 3810 1832 3879 ὑποκείμεναι,

265 3904 387 3957 οὐδὲ
422 3903 727 3975 σωζόμενον
750 3903 931 3966 αὐτοῖς
965 3903 1098 3967 ὅλως
1127 3903 1188 3956 τὸ
1238 3902 1577 3973 ἀνθρώπινον
1611 3905 1669 3955 ἐν
1700 3904 1836 3973 Χρι-

270 3996 402 4069 στῷ,
457 3997 637 4050 καίτοι
668 3997 1002 4064 τούναντίον,
1042 3995 1105 4049 τὸ
1137 3994 1279 4049 θεῖον
1313 3993 1411 4049 ἀπ’
1430 3994 1594 4048 αὑτοῦ
1637 3995 1837 4065 μᾶλλον

268 4096 542 4171 περιελεῖν
566 4098 919 4169 μαχομένοις.

348 4362 552 4428 Ἡδέως
575 4363 620 4417 δ’
651 4362 720 4417 ἂν
752 4359 933 4415 αὐτῶν
955 4357 1037 4413 ἔτι
1056 4358 1150 4413 καὶ
1171 4356 1292 4411 τόδε
1315 4355 1612 4428 πυθοίμην,
1649 4357 1713 4409 Εί
1744 4355 1836 4409 τὸν

272 4453 447 4528 Αόγον
469 4453 706 4524 Χριστὸν
736 4448 1065 4522 ὀνομάζουσί
1092 4467 1208 4514 πως
1235 4466 1250 4515 ;
1275 4448 1309 4519 ἢ
1340 4449 1435 4502 καὶ
1463 4449 1553 4502 τὸν
1581 4449 1837 4519 Χριστὸν,

271 4546 321 4598 εί
343 4544 481 4615 πρὸς
505 4543 584 4613 τῷ
610 4542 723 4613 Υίῷ
743 4542 839 4595 καὶ
855 4540 993 4610 Θεῷ,
1019 4541 1154 4608 φασὶ
1195 4539 1290 4593 καὶ
1316 4538 1509 4606 Λόγον,
1548 4538 1582 4609 ἢ
1607 4538 1757 4607 οὐχί;
1792 4538 1841 4589 εἰ

1927 2096 2091 2152 quam
2122 2082 2412 2136 maximam
2458 2082 2821 2152 participasse
2851 2121 2866 2145 ,
2908 2081 3276 2150 respondeant
3300 2080 3458 2135 nobis
3493 2098 3509 2135 :

1926 2174 2115 2241 Qualis
2169 2183 2253 2230 est
2316 2174 2556 2244 dignitas
2625 2172 2767 2229 ista?
2833 2172 2975 2227 Num
3029 2189 3133 2242 qua
3200 2172 3509 2238 naturalis,

1927 2265 2106 2336 qualis
2157 2275 2245 2321 est
2309 2265 2551 2322 hominis
2607 2281 2775 2336 super
2832 2266 3087 2320 animalia
3128 2264 3511 2320 substantialis

1927 2359 2262 2427 praestantia,
2301 2365 2464 2430 prout
2508 2358 2715 2413 dictum
2746 2366 2830 2412 est
2872 2375 2884 2410 :
2924 2377 2941 2408 ι
2980 2356 3172 2411 Omnia
3224 2356 3507 2427 subjecisti

1928 2447 2033 2502 sub
2095 2449 2328 2518 pedibus
2359 2450 2513 2519 ejus,
2553 2464 2684 2504 oves
2716 2460 2772 2503 et
2821 2448 2991 2503 boves
3040 2447 3326 2501 universas
3346 2446 3445 2501 ἐἳ
3484 2463 3505 2498 ι

1928 2540 2010 2595 An
2043 2540 2318 2605 accidens,
2352 2541 2530 2610 qualis
2576 2555 2741 2610 supra
2782 2538 3126 2595 contribules
3170 2532 3350 2593 Saulis
3396 2537 3508 2591 ccl-

1929 2630 2165 2687 situdo?
2206 2630 2263 2685 Si
2304 2633 2530 2701 quidem
2578 2632 2727 2686 enim
2776 2630 3063 2694 accidens,
3121 2645 3188 2683 eo
3233 2629 3353 2698 ipso
3407 2642 3511 2682 nec

1930 2720 2151 2788 divina,
2192 2739 2297 2778 nec
2335 2722 2717 2787 memoranda;
2760 2721 2807 2777 si
2854 2737 2987 2776 vero
3029 2720 3341 2786 naturalis,
3392 2733 3512 2773 ma-

1928 2815 2188 2870 nifestum
2236 2822 2325 2870 est
2379 2830 2489 2869 non
2520 2830 2649 2869 vere
2694 2814 2922 2883 sineque
2970 2812 3190 2867 ﬁctione
3236 2826 3354 2866 eam
3385 2825 3510 2880 par-

1930 2905 2187 2975 ticipasse
2254 2905 2409 2959 illum
2473 2905 2566 2975 qui
2631 2904 2781 2974 prior
2840 2911 3036 2957 natura
3099 2918 3167 2957 ex
3224 2902 3317 2955 illa
3371 2915 3509 2956 con-

1930 3005 2108 3051 stante
2156 3012 2266 3049 non
2321 3004 2458 3049 erat.
2514 2995 2570 3051 Si
2631 3011 2763 3065 ergo
2813 2995 3120 3049 naturalem
3189 2993 3513 3064 dignitatem

1929 3086 2027 3139 Dei
2084 3084 2335 3141 Christus
2393 3086 2780 3155 partieipavit,
2844 3094 2901 3140 et
2956 3099 3157 3139 nomen
3207 3086 3351 3139 Deus
3410 3099 3514 3138 na-

1932 3183 2054 3230 tura
2096 3175 2379 3245 proprium
2423 3184 2527 3240 est,
2572 3184 2723 3243 patet
2759 3175 2934 3238 illum,
2972 3176 3089 3244 ipsa
3130 3175 3286 3243 prius
3326 3174 3513 3229 divina

1930 3264 2173 3336 positum
2192 3271 2413 3327 natura,
2432 3264 2589 3334 cujus
2614 3262 2834 3333 propria
2856 3270 2939 3317 est
2955 3261 3193 3333 dignitas
3216 3272 3271 3316 et
3288 3277 3513 3326 nomen,

1933 3366 1991 3413 et
2024 3357 2142 3412 haec
2170 3356 2334 3411 simul
2362 3355 2618 3411 sortitum
2662 3370 2803 3409 esse.
2846 3355 3014 3410 Recte
3054 3355 3223 3426 igitur
3250 3354 3515 3424 praedica-

1933 3464 2058 3504 mus
2098 3448 2298 3504 divinae
2341 3462 2467 3501 eum
2508 3447 2748 3501 humana
2794 3447 3235 3517 conjunctionem
3281 3453 3509 3499 natura.

1932 3540 2043 3595 Aut
2086 3540 2131 3595 si
2166 3554 2255 3594 res
2296 3541 2372 3594 ita
2412 3554 2472 3594 se
2517 3554 2630 3593 non
2659 3537 2846 3599 habet,
2890 3537 3057 3591 homo
3083 3536 3199 3605 ipse
3232 3536 3288 3589 in
3320 3536 3548 3606 hujus-.

1936 3628 2086 3683 modi
2118 3628 2361 3683 divinam
2403 3629 2657 3683 naturam
2693 3642 3014 3690 conversus,
3060 3627 3259 3680 divina!
3301 3633 3518 3680 natura;

1932 3716 2256 3787 dignitatem
2300 3730 2426 3771 cum
2461 3715 2684 3770 nomine
2715 3714 2976 3769 obtinuit.
3025 3714 3095 3768 Et
3121 3713 3248 3768 inde
3289 3714 3395 3767 erit
3420 3722 3519 3767 aut

1935 3822 2117 3877 neque
2146 3815 2399 3863 servetur
2429 3806 2611 3862 adhuc
2644 3806 2761 3877 ipse
2803 3806 2897 3876 qui
2932 3804 3254 3876 dignitatem
3287 3817 3510 3872 prome-

1938 3898 2072 3964 ruit,
2107 3913 2213 3954 nec
2249 3905 2570 3969 permaneat
2601 3897 2696 3971 qui
2741 3896 2950 3967 recepit
2991 3896 3245 3968 gratiam,
3276 3912 3379 3950 nec
3404 3894 3515 3950 sint

1939 3990 2167 4045 omnino
2205 3990 2328 4045 dua:
2374 3996 2587 4044 naturae
2642 3988 2921 4059 subjectae,
2962 4003 3067 4042 nec
3107 3988 3243 4058 ipsis
3287 4003 3518 4058 prorsus

1940 4084 2193 4137 Servatur
2241 4080 2390 4151 quod
2443 4089 2528 4135 est
2574 4079 2877 4134 humanum
2918 4079 2976 4133 in
3032 4077 3274 4141 Christo,
3311 4079 3440 4133 licet
3483 4093 3516 4133 e

1940 4181 2130 4229 contra
2177 4172 2324 4243 quod
2377 4180 2462 4227 est
2512 4171 2762 4227 divinum
2814 4168 2882 4225 ab
2922 4170 3043 4241 ipso
3084 4171 3268 4240 potius
3296 4170 3515 4225 auferre

1936 4258 2298 4320 Contendant.

2008 4351 2270 4406 Libenter
2306 4348 2486 4405 adhuc
2526 4349 2595 4404 ab
2643 4348 2724 4404 eis
2748 4355 2805 4403 et
2834 4348 2941 4403 hoc
2971 4347 3421 4404 sciscitaremur:
3457 4346 3516 4403 Si

1940 4442 2181 4497 Verbum
2230 4440 2508 4511 appellant
2559 4437 2878 4505 Christum,
2936 4438 3251 4509 quomodo?
3307 4437 3402 4493 Vel
3461 4446 3518 4492 et

1941 4532 2242 4597 Christum,
2289 4541 2489 4601 praeter
2513 4530 2715 4585 Filium
2748 4538 2805 4585 et
2846 4530 3040 4597 Deum,
3074 4528 3265 4584 dicunt
3297 4539 3352 4583 et
3380 4529 3517 4583 Ver-

264 4634 375 4706 ’μὲν
393 4630 486 4688 οὖν
513 4634 633 4705 οὐχὶ
655 4675 671 4699 ,
704 4633 815 4687 ίδοὺ
842 4631 1020 4686 πάντα
1047 4631 1119 4684 τὰ
1148 4630 1373 4685 δοθέντα
1404 4629 1496 4682 ὑπ’
1541 4629 1721 4682 αὐτῶν
1754 4630 1833 4692 είς

1944 4624 2095 4687 bum,
2132 4624 2218 4676 vel
2268 4637 2400 4676 non.
2458 4621 2515 4677 Si
2544 4621 2770 4691 quidem
2820 4635 2968 4686 non;
3017 4635 3149 4676 ecce
3204 4628 3404 4674 cuncta
3449 4618 3518 4673 ab

269 4725 439 4797 τιμὴν
466 4722 704 4795 Χριστοῦ
734 4722 1062 4794 ἀνέτρεψαν,
1087 4722 1181 4776 καὶ
1203 4721 1327 4776 οὐδὲ
1348 4719 1449 4791 τὴν
1470 4719 1613 4773 κατὰ
1636 4720 1698 4771 τὸ
1721 4718 1838 4771 δνο-

276 4831 353 4885 μα
382 4812 548 4884 ψιλὴν
573 4812 862 4866 κοινωνίαν
883 4811 1213 4881 παρέχουσιν
1242 4809 1313 4880 ήν
1367 4806 1791 4880 προσποιοῦνται
1820 4824 1836 4840 ο

272 4905 322 4958 εί
347 4905 460 4976 γὰρ
487 4904 562 4976 μὴ
597 4902 778 4971 λόγος,
802 4901 923 4956 οὐδὲ
959 4900 1098 4955 θεοῦ
1138 4901 1268 4965 Υίδς
1301 4900 1531 4972 φυσικὸς
1554 4938 1570 4961 ,
1601 4899 1722 4952 οὐδὲ
1764 4897 1842 4969 τῷ

1932 4716 2072 4786 ipsis
2104 4728 2363 4770 concessa
2410 4714 2466 4768 in
2494 4713 2762 4769 honorem
2786 4712 2996 4769 Christi
3042 4720 3385 4776 everterunt,
3416 4725 3521 4766 nec

1937 4806 2113 4877 ipsam
2142 4807 2285 4862 hanc
2322 4806 2626 4876 simplicem
2659 4805 2962 4860 secundum
2995 4820 3199 4859 nomen
3231 4803 3521 4872 proferunt

1942 4898 2406 4963 communionem,
2439 4912 2604 4967 quam
2634 4896 2866 4967 ﬁngunt.
2922 4895 3038 4951 Nisi
3072 4894 3222 4949 enim
3255 4894 3517 4959 Verbum,

273 4994 532 5066 δνόματιο
561 4995 689 5048 εἰδὲ
716 4993 890 5048 ταῦτα
931 4992 1349 5061 διασλεψάμενοι
1382 4991 1707 5061 ὀνομάζουσι
1749 4992 1833 5043 καί

1942 5006 2047 5047 nec
2091 4990 2189 5045 Dei
2217 4989 2393 5045 Filius
2416 4988 2705 5052 naturalis,
2759 5002 2862 5042 nec
2905 4986 3220 5042 nominalis.
3275 4985 3333 5041 Si
3366 5000 3518 5047 vero,

275 5083 446 5155 λόγον
467 5085 559 5139 τὸν
583 5083 840 5157 Χριστὸν,
864 5085 959 5137 καὶ
982 5083 1076 5137 τὸν
1101 5083 1274 5152 Λόγον
1292 5084 1548 5154 Χριστὸν,
1574 5084 1656 5145 είς
1674 5098 1844 5153 προσ-

275 5178 427 5231 ώπου
473 5175 797 5240 ἀντένδειξιν
825 5173 933 5246 ἄρα
956 5178 1051 5229 καὶ
1096 5175 1529 5247 ἀντωνομασίαν,
1563 5174 1662 5245 τῆς
1714 5174 1848 5245 κλή-

1944 5083 2069 5138 istis
2107 5082 2412 5153 perspectis
2440 5122 2454 5146 ,
2501 5080 2777 5151 appellent
2838 5078 3118 5134 Christum
3169 5077 3411 5133 Verbum
3466 5083 3524 5131 et

1948 5175 2191 5232 Verbum
2218 5175 2518 5241 Christum,
2555 5181 2687 5229 tunc
2709 5173 2778 5228 ad
2810 5187 3058 5243 personae
3086 5171 3525 5241 negationem’ac

258 5283 418 5330 ’σεως
441 5267 542 5338 τῆς
577 5265 779 5338 σαρκὸς
806 5266 905 5320 καὶ
947 5266 1039 5318 τὸν
1087 5266 1257 5333 Λόγον
1301 5267 1464 5320 αὐτὸν
1518 5266 1833 5337 μεταλαϐεἶι

1952 5266 2468 5331 contradictionem,
2513 5281 2716 5320 nomen
2745 5265 2928 5321 carnis
2972 5272 3030 5319 et
3073 5265 3250 5335 ipsum
3278 5262 3522 5317 Verbum

279 5373 445 5428 φασιν
465 5370 480 5387 ⁶
515 5359 575 5411 ἐν
594 5359 705 5428 ὅσῳ
732 5353 826 5411 οὖν
865 5357 928 5411 τὸ
972 5358 1103 5411 αὐτὸ
1134 5356 1265 5411 ίδιον
1296 5357 1587 5427 πρόσωπον
1626 5357 1833 5428 ἐπέχεις

1950 5362 2228 5432 accepisse
2258 5361 2467 5417 dicunt.
2517 5360 2579 5414 In
2621 5375 2953 5431 quocunque
2998 5374 3127 5414 sane
3156 5359 3272 5428 ipsa
3299 5352 3525 5426 propria

277 5448 377 5520 τήν
411 5451 591 5521 σάρκα
617 5449 866 5520 βούλεται
894 5450 991 5503 κα)⁸
1017 5447 1176 5503 τοῦτο
1205 5450 1533 5519 ἐμφανίσαι,
1558 5449 1848 5522 εὑρεθήσε-

278 5560 369 5599 ται
397 5543 559 5608 αὐτὸς
585 5543 647 5597 τὺ
672 5543 890 5617 ἐκείνης
932 5545 1144 5617 ἐπέχων
1168 5558 1183 5574 ’
1220 5543 1375 5599 τοῦτο
1419 5543 1476 5599 δὲ
1524 5543 1848 5599 ἀντικαταλ-

362 5718 407 5748 ⁸⁸
437 5715 580 5774 Psal.
608 5733 724 5788 Vill,
754 5717 803 5774 8.

1948 5461 2184 5523 persbna
2213 5467 2432 5508 carnem
2454 5467 2733 5508 assumere
2762 5453 2896 5507 velit
2930 5450 3097 5521 idque
3138 5446 3336 5512 videri,
3380 5445 3522 5514 ipse,

1951 5543 2101 5616 quod
2127 5552 2212 5601 est
2253 5544 2457 5610 carnis,
2504 5543 2714 5601 habere
2757 5541 3085 5615 reperietur.
3141 5537 3246 5594 Sed
3274 5536 3391 5590 haec
3416 5532 3526 5590 erit
