1926 3067
720 64 726 77 1

222 121 293 154 1639

858 122 1014 152 LEONTII
1031 121 1234 152 BYZANTINI

1804 121 1873 153 16(0

224 179 350 216 quaedam
376 177 559 213 reciprocatio
584 185 764 212 personarum
794 183 822 205 et
849 178 1008 209 nominum,

1063 177 1133 212 λαγή
1154 185 1195 207 τις
1215 176 1291 202 ἔσται
1305 174 1461 209 προσώπων
1472 174 1519 201 καὶ
1530 173 1686 209 ὀνομάτων,
1705 173 1760 200 διὰ
1788 176 1871 201 ποίη

217 228 294 263 juxta
319 229 422 253 certam
453 224 687 259 dispensationem
713 232 720 250 :
746 224 848 252 etenim
872 224 895 252 si
922 225 1009 252 solum

220 275 294 299 certe
310 269 440 297 convenit
462 268 559 304 majori
582 269 694 296 nomine
714 269 849 297 minorem
865 277 1010 304 personam

220 316 351 349 exaltare,
364 315 431 350 quid
449 322 518 350 opus
541 318 583 342 est
602 315 733 350 majorem
747 322 893 349 personam
909 315 1010 342 minori

220 362 331 390 nomine
348 361 519 396 deprimere?
536 360 615 388 Nulla
635 365 679 388 est
694 361 768 388 enim
785 361 889 387 utilitas
901 360 1010 396 gloriﬁ-

220 414 282 436 cato
306 416 340 436 ex
368 407 540 443 ignobilitate
563 407 745 442 gloriﬁcantis
772 414 845 434 eum.
875 406 931 434 Sed
959 414 1010 434 nec

220 456 309 489 ipsum
330 454 460 486 Verbum,
491 461 541 481 suo
557 453 669 489 proprio
691 453 803 480 nomine
820 461 930 480 carnem
951 453 1010 487 glo-

220 501 341 533 riﬁcans,
362 507 396 527 ex
423 500 483 535 ejus
510 499 621 526 nomine
639 499 756 534 gloriam
779 506 916 533 quaerens,
942 499 1008 526 illud

219 546 336 580 accepit.
373 545 503 579 Quaenam
532 545 616 579 igitur
638 549 681 572 est
703 553 786 572 causa
810 550 902 579 partes
923 544 1008 571 advo-

218 591 309 622 candi,
333 590 436 621 dicant,
460 582 513 616 nisi
541 593 628 616 totum
648 589 795 624 colligendi
821 589 912 616 ratio?
940 589 1008 615 Dum

217 643 284 662 vero
304 634 405 662 frustra
419 634 524 666 dicunt,
550 634 641 661 omnia
657 642 721 661 sane
745 642 917 669 quaecunque
937 634 1009 661 Deus

218 680 339 707 Verbum
356 683 408 711 est,
438 680 496 706 haec
513 684 542 706 et
567 688 627 707 esse
651 680 792 707 hominem
816 679 867 714 ipsi
887 680 1006 708 unitum.

218 724 287 751 nihil
310 724 394 752 Verbi
423 725 576 752 tribuentes
601 725 711 752 Christo
733 725 768 752 ab
790 725 836 752 illo
863 731 1006 760 separato,

217 769 356 803 quomodo
376 769 481 803 pudore
507 777 561 796 non
594 768 769 796 adicientur?
783 769 851 797 Nam
885 770 919 802 si,
939 777 1008 804 prte-

218 821 259 842 tcr
285 815 372 850 ipsius
398 816 580 843 substantiam
603 816 707 851 aliquid
730 821 773 844 est
796 816 868 844 Deus
885 816 1005 843 Verbum

218 863 292 897 quod
317 861 428 889 Christo
454 862 660 896 communicat,
689 870 722 889 eo
750 864 810 897 ipso
833 862 936 897 aliquid
965 867 1008 889 est

217 908 346 935 accidens
362 912 465 935 tantum
482 917 488 935 :
505 908 580 943 quod
606 916 660 935 non
678 916 712 936 ex
737 917 781 936 me
807 909 887 942 dico;
912 908 960 936 sed
985 909 1008 935 si

216 954 284 988 quid
309 954 336 980 in
354 954 414 988 ipso
433 957 552 988 'prorsus
575 954 706 981 accidens
732 959 855 989 putatur,
879 959 1007 982 caeterum

217 1009 272 1027 non
290 1001 343 1027 erit
357 1001 439 1027 Deus.
461 1000 488 1027 Si
505 1005 597 1027 autem
615 1005 714 1035 praeter
737 1001 919 1029 substantiam
939 1001 1008 1029 Ver-

217 1047 281 1073 bum
297 1051 339 1072 est
355 1049 460 1072 tantum
485 1045 639 1080 hypostasis
659 1046 717 1078 Dei,
732 1046 785 1073 hoc
800 1046 881 1073 etiam
904 1047 1006 1074 dicant.

217 1093 257 1120 Eo
281 1093 355 1127 quod
384 1099 459 1118 nunc
485 1092 568 1119 homo
597 1092 725 1119 Christus
752 1097 795 1120 est
815 1100 878 1120 cum
905 1093 1006 1126 Verbo,

217 1138 354 1173 quomodo
367 1146 421 1164 non
443 1138 588 1165 evidenter
613 1138 769 1166 secundum
790 1138 950 1173 hypostasin
967 1139 1005 1166 illi

218 1185 312 1212 unitus
325 1185 387 1212 est?
409 1184 457 1211 Vel
482 1184 554 1211 enim
573 1184 645 1219 apud
661 1185 782 1212 Verbum
796 1185 877 1212 aliam
889 1185 1007 1212 similam

220 1230 339 1257 hominis
364 1238 425 1257 esse
452 1230 549 1257 dicunt
578 1230 748 1265 hypostasin,
775 1229 840 1257 huic
860 1230 961 1263 datam,
979 1235 1008 1258 et

217 1280 300 1303 erunt
321 1276 377 1302 duo
392 1275 493 1307 Verba,
512 1280 541 1302 et
562 1275 613 1302 ista
633 1275 688 1302 duo
706 1275 755 1308 dii,
781 1280 809 1302 et
826 1275 881 1302 duo
901 1275 961 1307 ﬁlii,
979 1280 1008 1303 et

217 1322 395 1356 quaternaria
416 1325 509 1347 saneta
533 1320 675 1353 Trinitas;
699 1321 742 1347 vel
755 1320 777 1348 si
802 1321 860 1348 haec
879 1329 933 1348 una
953 1321 1006 1348 bu-

218 1375 305 1395 mana:
324 1372 429 1394 natura:
451 1366 663 1397 communicata,
678 1366 705 1392 id
720 1371 772 1397 est,
788 1374 850 1393 eam
863 1374 1007 1395 assumens

218 1414 246 1441 in
262 1413 419 1447 semetipsa,
437 1411 592 1439 communis
604 1415 647 1438 est
660 1411 743 1439 Verbi
759 1416 787 1439 et
799 1412 889 1439 carnis
903 1412 1006 1440 Christi

217 1458 383 1494 hypostasis,
408 1461 483 1485 recte
499 1465 549 1484 nos
568 1465 734 1485 veneramur
749 1457 776 1484 in
800 1457 910 1485 Christo
922 1458 1005 1486 Verbi

217 1510 245 1533 et
260 1505 351 1532 carnis
372 1503 523 1531 secundum
539 1503 699 1539 hypostasin
718 1503 860 1532 unionem.
876 1504 929 1532 Sed
946 1505 1007 1539 qui—
1021 1520 1041 1547 ο

217 1552 279 1579 dem
294 1559 337 1578 res
356 1551 393 1577 ita
405 1555 457 1578 est.

253 1599 353 1626 Verum
374 1597 483 1625 etiamsi
506 1604 562 1623 non
587 1601 661 1624 esset
689 1597 743 1624 ulla
762 1597 917 1625 confutatio
938 1598 1006 1625 isto-

217 1652 279 1672 rum
300 1648 529 1679 argumentorum
549 1643 583 1670 ab
605 1643 674 1678 ipsis
693 1644 838 1671 allatorum
852 1645 880 1671 in
892 1645 1007 1679 gratiam

219 1691 345 1725 ipsorum
371 1688 532 1723 impietatis,
558 1688 699 1723 quomodo
715 1697 771 1716 non
791 1689 849 1716 sola
870 1689 1009 1717 sulliceret

218 1737 252 1764 ad
269 1735 456 1771 repellendam
469 1742 565 1762 eorum
579 1735 804 1769 superstitionem
821 1736 867 1762 illa
887 1744 948 1771 qua:
964 1744 1009 1764 se-

217 1781 312 1816 quitur
327 1788 361 1807 ex
376 1780 487 1807 illorum
502 1779 738 1814 propositionibus
750 1780 927 1807 absurditas?
940 1780 1008 1808 Cum

218 1828 293 1855 enim
307 1834 380 1854 unus
395 1826 432 1853 sit
451 1826 620 1861 proprietate
640 1825 739 1857 Filius,
752 1830 782 1853 ut
802 1826 908 1859 dicunt,
923 1831 1012 1854 totus-

219 1881 274 1909 que
291 1879 388 1900 natura
403 1871 490 1899 Filius
508 1871 569 1904 Dei,
583 1875 647 1898 ante
660 1871 801 1899 Christum
816 1877 843 1899 et
858 1877 919 1907 post
930 1873 1010 1900 Chri-

218 1922 289 1944 stum
304 1916 408 1950 absque
425 1923 507 1942 carne
519 1915 686 1948 intellectus,
701 1923 752 1942 una
762 1916 868 1944 scilicet
881 1917 1010 1953 hyposta-

218 1962 266 1993 sis,
274 1968 391 1995 cumquo
400 1960 452 1986 alia
460 1959 496 1987 sit
504 1959 659 1994 hypostasis
668 1959 781 1990 Christi.
791 1964 900 1994 totaque
911 1965 1009 1988 natura

218 2007 305 2033 Filius
324 2004 443 2031 hominis
464 2007 492 2031 et
513 2004 655 2031 incarnala
672 2003 790 2038 cognita,
805 2004 851 2030 sed
867 2004 953 2039 gratia
966 2004 1008 2031 di—

218 2054 401 2089 gnationeque
414 2059 481 2086 pura
492 2059 523 2078 ac
543 2051 660 2085 simplici
677 2051 762 2078 Filius
774 2050 821 2077 Dei
841 2050 926 2082 dicta,
941 2058 1014 2085 quo-r

218 2101 300 2128 modo
315 2107 371 2126 non
396 2102 489 2125 essent
502 2097 558 2125 duo
570 2097 617 2124 ﬁlii
631 2098 690 2124 ista:
704 2097 764 2124 dum
775 2097 946 2131 hypostases,
961 2104 1010 2131 per

218 2142 362 2175 distinctas
379 2145 527 2172 ﬁliationes
543 2149 570 2172 et
590 2144 735 2171 distinctos
756 2148 848 2178 patres
861 2143 1008 2175 distinctae,

1062 223 1117 258 ἄρα
1135 222 1353 257 οἰκονομίαν;[ζί
1373 221 1427 256 γὰρ
1449 221 1481 256 δὴ
1509 221 1589 256 μόνον
1613 221 1726 256 ὑψῶσαι
1756 221 1817 247 ἔδει
1834 222 1872 256 τῷ

1063 268 1166 304 μείζονι
1180 268 1293 303 ὀνόματι
1304 268 1334 294 τὸ
1346 265 1428 303 ἦττον
1444 267 1601 303 πρόσωπον,
1618 268 1661 300 τίς
1679 267 1697 302 ἡ
1717 268 1813 302 χρεία
1824 268 1870 295 τοῦ

1060 313 1230 341 ταπεινῶσαι
1244 313 1275 339 τὸ
1291 313 1383 348 μεῖζον
1399 305 1545 347 πρόσωπον
1559 312 1600 347 τῷ
1615 313 1711 348 ἥττονι
1723 313 1870 348 ὀνόματι;

1060 360 1091 386 οὑ
1109 360 1163 395 γάρ
1182 368 1225 391 τις
1234 358 1331 394 δνησις
1345 358 1384 393 τῷ
1399 358 1570 391 δοξασθέντι,
1587 360 1620 385 ἐκ
1633 359 1685 394 τῆς
1705 359 1762 385 τοῦ
1792 359 1869 392 δοξά-

1061 414 1157 437 σαντος
1172 405 1254 432 αὑτὸν
1270 404 1392 437 ἀδοξίας·
1409 405 1466 430 ἀλλ’
1484 405 1549 431 οὑδὲ
1560 405 1639 436 αὐτὸς
1652 407 1666 431 ό
1685 405 1819 438 δοξάσεις
1831 407 1868 441 τῷ

1062 453 1119 487 ἰδίῳ
1127 452 1240 486 ὀνόματι
1252 450 1300 485 τὴν
1313 451 1403 486 σάρκα
1414 451 1511 484 Λόγος,
1527 451 1604 486 δόξης
1618 452 1757 486 δεόμενος
1774 454 1810 479 ἐκ
1822 453 1867 479 τ’οέ

1060 498 1191 532 ὀνόματος
1203 496 1288 531 αὐτῆς
1303 496 1382 523 τοῦτο
1398 497 1545 533 μετείληφε
1555 506 1563 513 ·
1572 499 1614 529 τίς
1624 497 1672 524 οὖν
1686 499 1702 533 ἡ
1715 499 1807 526 αἰτία
1819 499 1868 533 τῆς

1061 543 1255 578 μετακλήσεως
1270 542 1324 569 τῶν
1342 543 1446 578 μερῶν,
1462 544 1577 576 εἴποιεν,
1590 544 1615 570 εί
1634 543 1673 580 μὴ
1686 545 1702 570 ὁ
1717 545 1810 579 λόγος
1820 546 1866 579 τῆς

1058 589 1104 615 τοῦ
1123 589 1183 615 ὅλου
1201 587 1372 621 συνθέσεωςς
1393 589 1423 614 ἐν
1440 588 1469 614 δὲ
1486 588 1525 624 τῷ
1540 589 1630 623 λέγειν
1647 590 1758 622 αὐτοὺς
1780 591 1845 625 εἰκῆ
1857 611 1864 621 ,

1058 634 1099 660 ὅτι
1116 634 1181 666 Nz‘t,
1197 634 1285 660 πάντα
1307 634 1358 660 ὅσα
1370 634 1443 660 ἐστὶν
1458 635 1471 660 ὀ
1485 634 1552 666 Θεὸς
1565 634 1652 669 Λόγος
1663 655 1671 667 ,
1692 636 1759 662 ἐστὶ
1786 636 1836 662 καὶ
1852 637 1865 662 ὁ

1059 681 1170 711 ἐνωθεὶς
1183 680 1257 715 αὑτῷ
1269 679 1422 715 ἄνθρωπος,
1437 680 1520 715 μηδὲν
1536 680 1584 706 τοῦ
1599 681 1690 714 Λόγου
1715 680 1864 711 διόοὖντας

1058 726 1424 761 Χριπτῴδιακεχωρισμένῳ
1446 725 1550 758 αὑτοῦ,
1577 725 1637 758 πῶς
1660 727 1789 758 ἑαυτοὺς
1816 728 1865 753 οὐκ

1058 772 1295 808 ὲντραπήσονταις
1310 773 1335 797 εἰ
1350 771 1403 807 γὰρ
1417 771 1474 798 ἔστι
1488 781 1515 798 τι
1529 773 1543 798 ὁ
1554 772 1621 803 Θεὸς
1631 772 1722 806 Λόγος
1738 773 1818 808 πρὸς
1833 775 1864 806 τῇ

1058 817 1138 853 οὐσίᾳ
1153 817 1237 844 αὑτοῦ
1250 817 1264 843 ὃ
1278 817 1441 851 μεταδίδωσι
1468 817 1579 852 Χριστῷ
1591 838 1597 850 ,
1626 817 1818 853 συμϐεϐηκός
1841 826 1865 844 τι

1060 862 1120 889 κατ’
1136 863 1225 889 ἐκεῖνο
1237 863 1317 898 μόνον
1333 862 1419 894 ἐστὶν,
1433 863 1463 889 οὑ
1478 863 1549 896 λέγω
1565 861 1611 890 οὖν
1625 863 1711 895 αὑτός
1726 872 1733 879 ·
1755 864 1831 890 ἀλλὰ
1843 865 1865 890 εἰ

1060 910 1089 935 ὲν
1105 908 1180 944 αὑτῷ
1194 909 1262 940 ὅλως
1278 908 1454 943 συμϐεϐηκός
1474 917 1500 935 τι
1511 910 1623 941 νοεῖται.
1641 910 1672 936 οὑ
1687 910 1764 941 Θεὸς
1786 911 1867 936 ἔσται

1060 954 1172 980 λοιπόν¹
1194 955 1217 980 εὶ
1235 954 1262 979 δὲ
1278 954 1429 985 ὑπόστασίς
1454 954 1513 979 ἑστι
1530 953 1599 980 Θεοῦ
1621 955 1692 988 πρὸς
1720 956 1760 990 τῇ
1783 956 1866 991 οὐσίᾳ

1062 1001 1141 1035 μόνον
1152 1001 1166 1026 ὁ
1181 1000 1277 1034 Λόγος,
1301 1001 1348 1026 καὶ
1363 999 1443 1026 τοῦτο
1466 1001 1568 1026 εἴποιεν
1581 1009 1587 1015 ·
1601 1001 1643 1027 ὃτι
1654 1001 1706 1027 καὶ
1721 1003 1735 1027 ὸ
1753 1001 1867 1036 ἄνθρω-

1060 1055 1109 1077 πος
1125 1046 1242 1082 Χριστός
1254 1046 1311 1072 ἐστι
1322 1045 1369 1072 νῦν
1379 1046 1426 1072 σὺν
1439 1045 1479 1081 τῷ
1492 1047 1581 1081 Λόγῳ,
1597 1047 1656 1078 πῶς
1666 1047 1699 1072 οὐ
1712 1047 1782 1074 καθ’
1796 1048 1866 1074 ὑπό-

1060 1100 1153 1118 στασιν
1174 1091 1279 1126 ἥνωται
1301 1091 1376 1126 αὐτῷ
1402 1092 1512 1126 σαφῶς;
1530 1092 1546 1127 ἢ
1566 1092 1620 1128 γὰρ
1647 1092 1736 1128 ἄλλην
1762 1094 1866 1128 ὁμοίαν

1060 1137 1207 1163 ὑπόστασίν
1225 1145 1290 1171 φασι
1306 1137 1352 1163 τοῦ
1367 1137 1512 1172 ἀνθρώπου
1525 1139 1596 1165 κατὰ
1610 1139 1656 1165 τὸν
1666 1139 1763 1172 Λόγον
1791 1138 1865 1167 εἶναι

1057 1183 1106 1217 τὴν
1122 1183 1244 1209 δοθεῖσαν
1260 1182 1344 1217 αὐτῷ,
1356 1184 1403 1209 καὶ
1416 1183 1462 1210 δύο
1475 1184 1550 1218 λόγοι
1563 1182 1618 1210 εἶεν
1631 1205 1638 1215 ,
1658 1185 1709 1211 καὶ
1724 1185 1779 1213 δύο
1805 1185 1865 1211 θεοὶ

1058 1224 1141 1260 οὗτοι,
1158 1228 1205 1254 καὶ
1220 1227 1272 1254 υἱοὶ
1287 1228 1344 1259 δύο,
1359 1229 1407 1255 καὶ
1425 1230 1523 1264 τετρὰς
1546 1230 1562 1264 ἡ
1584 1230 1651 1264 ἁγία
1667 1231 1760 1265 Τριάς
1772 1242 1779 1247 ·
1801 1233 1819 1268 ἢ
1839 1234 1863 1259 εἰ

1058 1273 1127 1309 αὕτη
1145 1274 1196 1308 μία
1217 1273 1392 1309 μεταδοθεῖσα
1400 1276 1433 1310 τῇ
1444 1275 1565 1312 φύσειτῇ
1580 1277 1760 1313 ἀνθρωπεία.
1775 1279 1863 1313 ἡγουν

1059 1318 1311 1353 συμπαραλαϐοὖσα
1319 1320 1347 1346 ὲν
1356 1320 1454 1355 ἑαυτῇ,
1472 1322 1547 1357 κοινή
1566 1323 1622 1348 ἐστι
1638 1322 1687 1348 τοῦ
1703 1323 1802 1357 Λόγου
1816 1324 1861 1350 xz‘.

1057 1366 1106 1400 τῆς
1123 1365 1223 1401 σαρκὸς
1242 1366 1360 1401 Χριστοῦ
1378 1366 1527 1398 ὑπόστασις
1539 1386 1546 1399 ,
1567 1368 1656 1401 ὀρθῶς
1683 1368 1812 1403 σέϐομεν
1834 1370 1860 1395 ἐν

1058 1411 1168 1446 Χριστῷ
1184 1413 1234 1446 τὴν
1248 1412 1309 1438 καθ’
1327 1413 1475 1439 ὑπόστασιν
1491 1413 1536 1439 τοῦ
1553 1414 1639 1447 Λόγου
1656 1414 1707 1440 καὶ
1721 1415 1778 1449 τῆς
1796 1423 1861 1450 σαρ-

1058 1457 1105 1488 κὸς
1122 1458 1219 1484 ἕνωσιν
1232 1458 1311 1493 ἡμεῖς
1332 1466 1338 1473 ·
1359 1458 1415 1485 ἀλλ’
1428 1458 1516 1490 οὕτως
1535 1459 1585 1493 μὲν
1600 1459 1673 1486 τάδε.

1095 1591 1127 1618 Εἰ
1142 1591 1170 1618 δὲ
1182 1592 1228 1618 καὶ
1240 1592 1277 1627 μὴ
1290 1590 1323 1628 ἦν
1344 1601 1385 1625 τις
1405 1593 1545 1630 ἀνατροπὴ
1560 1594 1643 1621 τῶνδε
1661 1595 1719 1623 τῶν
1738 1598 1856 1633 εἰρημέ-

1059 1644 1112 1663 νων
1131 1637 1223 1668 αὑτοῖς
1238 1636 1448 1672 πειθανολογιῶν
1465 1639 1536 1675 ὑπὲρ
1548 1640 1597 1674 τῆς
1607 1640 1700 1667 αὑτῶν
1712 1643 1856 1676 ἀσεϐείας,

1060 1682 1119 1713 πῶς
1134 1682 1184 1708 οὐκ
1201 1682 1313 1718 ἀρκέσει
1335 1685 1382 1710 καὶ
1406 1685 1474 1720 μόνη
1502 1685 1570 1720 πρὸς
1593 1687 1782 1724 ἀποστροφὴν
1808 1691 1857 1725 τῆς

1060 1731 1120 1757 κατ’
1132 1731 1230 1762 αὐτοὺς
1242 1730 1455 1767 δεισιδαιμονίας
1468 1734 1484 1768 ἡ
1497 1734 1616 1769 ἑπομένη
1641 1736 1701 1767 τοῖς
1720 1738 1791 1772 παρ’
1807 1739 1856 1765 αὑ-

1059 1776 1112 1802 τῶν
1129 1775 1245 1811 θέμασιν
1260 1777 1380 1810 (ironia;
1397 1778 1457 1810 ἑνὸς
1470 1779 1524 1814 γὰρ
1547 1779 1612 1805 Υἱοῦ
1628 1780 1706 1812 ὄντος
1725 1782 1793 1818 ίδίᾳ,
1819 1784 1856 1815 ὦς

1060 1830 1151 1855 φασιν,
1169 1822 1230 1848 ὅλου
1245 1831 1274 1848 τε
1289 1822 1368 1856 φύσει
1384 1823 1449 1850 Υίοῦ
1464 1824 1512 1850 τοῦ
1529 1824 1607 1857 Θεοῦ,
1622 1827 1676 1861 πρὸ
1689 1827 1816 1862 Χριστοῦ
1828 1838 1855 1856 τε

1060 1868 1107 1894 καὶ
1125 1868 1194 1903 μετὰ
1211 1869 1328 1903 Χριστὸν
1345 1870 1473 1905 ἀσάρκως
1492 1872 1649 1906 νοουμένου,
1675 1873 1764 1908 ἡγουν
1791 1877 1855 1910 μιᾶς

1061 1915 1235 1947 ὑποστάσεως
1249 1935 1256 1947 ,
1272 1916 1318 1941 καὶ
1332 1916 1427 1951 ἐτέρας
1446 1917 1621 1950 ὑποστάσεως
1642 1920 1692 1954 τῆς
1713 1921 1763 1947 τοῦ
1787 1923 1853 1957 Χρι-

1062 1960 1136 1992 στοῦ,
1149 1961 1212 1995 ὅλης
1227 1969 1256 1987 τε
1271 1961 1350 1996 φύσει
1368 1962 1432 1989 Υἱοῦ
1444 1964 1587 1997 ἀνθρώπου
1603 1966 1649 1991 καὶ
1660 1967 1799 2001 ὲνσάρκου
1813 1977 1853 2003 γι-

1061 2006 1245 2041 νωσκομένης,
1264 2008 1355 2042 χάριτι
1366 2007 1394 2034 δὲ
1407 2009 1454 2035 καὶ
1466 2009 1528 2045 δόξῃ
1541 2009 1605 2045 ψιλῇ
1622 2011 1688 2046 μόνῃ
1700 2012 1852 2048 λεγομένης

1061 2050 1127 2077 Υίοῦ
1142 2051 1210 2077 Θεοῦ
1223 2071 1230 2085 ,
1250 2052 1307 2083 πῶς
1322 2053 1352 2079 οὐ
1372 2053 1419 2080 δύο
1440 2054 1494 2080 υἱοὶ
1509 2052 1563 2081 εἷεν
1579 2056 1607 2082 αἱ
1622 2056 1668 2083 δύο
1684 2057 1851 2089 ὑποστάσεις

1061 2095 1140 2124 αὗται
1151 2097 1275 2133 διάφοροί
1291 2107 1319 2124 τε
1331 2099 1379 2125 καὶ
1389 2099 1434 2126 ἐπὶ
1445 2100 1582 2136 διαφόροις
1591 2102 1725 2137 υίότησιν,
1736 2106 1786 2130 καὶ
1800 2106 1852 2131 ἀπὸ

1061 2144 1196 2180 διαφόρων
1213 2145 1315 2172 τοκέων
1327 2167 1334 2179 ,
1351 2147 1398 2173 καὶ
1425 2147 1603 2183 διωρισμέναι
1618 2150 1651 2183 τῇ
1667 2150 1789 2186 ὑπάρξει
1808 2153 1851 2179 καὶ

217 2197 245 2219 et
256 2190 426 2219 subsistendi
439 2190 520 2217 modo
532 2191 646 2224 locoque
659 2196 768 2223 semper
780 2188 923 2216 discreta?
935 2188 1008 2221 Qua-

1062 2190 1136 2225 τόπῳ
1151 2186 1210 2223 ἄεις
1224 2187 1260 2216 ὧν
1272 2192 1296 2217 εί
1310 2191 1359 2225 μὲν
1370 2192 1419 2226 τὴν
1435 2192 1514 2226 φύσει
1531 2193 1606 2221 θείαν
1620 2196 1849 2229 προσκυνοῦντες.

219 2245 278 2263 rum
289 2235 311 2261 si
321 2235 432 2270 quidem
443 2242 526 2261 unam
535 2238 633 2260 natura
644 2234 764 2260 divinam
778 2237 952 2266 venerantes,
968 2233 1010 2259 al-

219 2287 306 2308 teram
320 2286 362 2308 est
376 2280 640 2307 consubstantialem
665 2279 718 2306 sibi
742 2279 893 2306 difﬁtentur
912 2279 1009 2311 Judzei,

217 2328 318 2356 Christi
330 2326 482 2354 adversarii
494 2326 631 2353 manifesti
646 2330 729 2353 erunt
741 2334 747 2358 ;
761 2325 886 2353 dicentes
897 2330 924 2353 et
937 2325 987 2360 ipsi
1002 2334 1029 2352 :-

222 2385 230 2399 ι
244 2375 359 2408 Propter
370 2373 475 2400 nullum
483 2372 585 2400 bonum
594 2380 664 2407 opus
675 2372 829 2406 lapidamus
840 2376 876 2404 te,
887 2372 934 2399 sed
946 2372 1010 2407 quia

220 2423 247 2444 tu
264 2418 345 2444 homo
353 2425 415 2444 eum
426 2417 475 2449 sis,
487 2417 555 2444 facis
566 2417 739 2452 temetipsum
751 2417 849 2444 Filium
863 2418 921 2444 Dei.
933 2427 942 2443 ι
957 2416 1011 2444 Sed

218 2468 245 2490 ct
257 2463 279 2489 si
296 2464 374 2490 istam
389 2468 419 2490 ut
433 2464 518 2491 Deum
533 2463 658 2496 adorant,
677 2472 758 2498 quant
772 2463 944 2490 solummodo
958 2463 1010 2489 hu-

219 2516 327 2535 manam
344 2514 497 2544 agnoscunt
512 2517 573 2536 esse
590 2514 727 2539 naturam,
743 2509 829 2536 Grmci
843 2509 1009 2543 produntur,

218 2559 372 2582 creaturam
388 2555 449 2582 loco
467 2555 607 2582 Creatoris
618 2555 778 2586 adorantes,
794 2554 941 2588 reipsaque
956 2555 1011 2580 An—

219 2598 407 2632 thropolatrre,
428 2603 455 2625 et
478 2598 690 2633 quaternionem
707 2597 863 2624 divinarum
879 2598 1010 2633 hyposla-

217 2652 283 2672 seon
295 2652 327 2671 ex
342 2644 430 2671 tribus
449 2644 732 2671 consubstantialibus
742 2648 769 2671 et
781 2652 834 2671 una
845 2644 1008 2679 alienigena,

218 2690 427 2717 constituentes.
451 2691 550 2716 litnon
563 2689 674 2716 dicant:
687 2690 839 2717 Voluntate
856 2690 903 2717 Dei
921 2690 1010 2726 homi-

218 2744 280 2764 nem
298 2736 437 2764 Christum
450 2736 609 2764 adoramus.
626 2736 678 2764 Ubi
697 2737 771 2764 enim
788 2736 944 2765 docuerunt
961 2745 1010 2764 nos

218 2783 311 2810 divina
329 2783 440 2810 oracula
454 2783 593 2810 hominem
607 2788 636 2810 ut
648 2783 733 2810 Deum
748 2783 864 2811 adorare
872 2784 882 2810 ’ἲ
895 2784 926 2811 At
945 2791 1009 2811 vero

221 2837 277 2857 non
292 2834 333 2857 est
349 2830 425 2857 lorus
436 2838 490 2865 quo
500 2829 592 2857 divina
607 2829 748 2865 Scriptura
767 2837 820 2857 non
835 2836 928 2866 arguat
943 2831 1009 2857 :ales

1062 2237 1112 2270 τὴν
1129 2236 1226 2272 ἑτέραν
1238 2237 1274 2268 ὡς
1289 2238 1431 2272 όμοούσιον
1445 2239 1551 2271 ἑαυτοῖς
1571 2240 1848 2276 ἀποπροσποιοῦνται,

1069 2282 1187 2317 Ἑϐραῖοι
1198 2283 1294 2316 σαφεῖς
1307 2281 1362 2309 εἶεν
1377 2283 1556 2319 ἀντίχριστοι·
1567 2284 1691 2319 λέγοντες
1706 2287 1756 2314 καὶ
1765 2289 1847 2314 αὐτοὶ·

1065 2337 1074 2352 ι
1088 2328 1156 2362 Περὶ
1172 2327 1254 2354 καλοῦ
1272 2328 1351 2363 ἔργου
1371 2329 1401 2355 οὑ
1418 2329 1563 2365 λιθάζομέν
1574 2339 1615 2364 σε,
1628 2331 1685 2358 ω’
1700 2333 1744 2358 ὅτι
1759 2334 1794 2360 σὺ
1806 2335 1847 2361 ἇν-

1063 2373 1170 2407 θρωπος
1183 2372 1233 2405 ὢν,
1242 2375 1326 2405 ποιεῖς
1338 2374 1432 2401 ἑαυτὸν
1447 2375 1510 2402 Υεὸν
1523 2376 1591 2402 Θεοῦ
1601 2385 1608 2391 ·
1623 2386 1632 2402 ι
1644 2378 1668 2403 εἰ
1681 2377 1710 2403 δὲ
1724 2379 1776 2405 καὶ
1789 2380 1849 2405 ταὺ-

1061 2427 1111 2453 την
1124 2418 1162 2450 ὡς
1177 2419 1243 2445 Θεὸν
1266 2419 1404 2452 σέϐουσιν,
1430 2421 1462 2455 ἢν
1485 2421 1564 2455 μόνον
1581 2421 1757 2458 ἀνθρωπίνην
1784 2422 1849 2451 εἷται

1062 2464 1143 2499 φύσιν
1159 2464 1347 2498 γινώσκουσιν,
1361 2466 1491 2501 Ἕλληνες
1506 2467 1633 2502 πρόδηλοι
1645 2468 1789 2503 σεϐόμενοι
1805 2470 1851 2504 τὴν

1062 2510 1150 2536 κτίσιν
1166 2511 1242 2545 παρὰ
1259 2511 1305 2537 τὸν
1321 2512 1463 2544 κτίσαντα,
1491 2512 1540 2539 καὶ
1569 2513 1653 2544 δντως
1673 2515 1850 2550 ἁνθρωτυολά-

1061 2565 1134 2591 τραι.
1148 2557 1195 2582 καὶ
1214 2557 1331 2592 τετράδα
1348 2558 1526 2590 συνιστῶντες
1548 2559 1627 2585 θείων
1652 2560 1829 2588 ὑποστάσεων
1843 2583 1850 2594 ,

1061 2601 1093 2626 ἐκ
1107 2601 1191 2636 τριῶν
1215 2602 1366 2635 ὀμοουσίων
1383 2602 1431 2628 καὶ
1450 2603 1513 2637 μιᾶς
1530 2603 1701 2637 ἐτεροουσίου
1716 2611 1723 2618 ·
1741 2604 1789 2629 καὶ
1803 2606 1852 2630 οὐκ

1060 2647 1172 2679 εἴποιεν,
1194 2648 1235 2674 ὅτι
1259 2647 1338 2673 Ἀλλὰ
1352 2648 1476 2683 βουλήσει
1491 2648 1558 2675 Θεοῦ
1573 2649 1617 2675 τὸν
1632 2649 1776 2683 ἄνθρωπον
1788 2650 1852 2682 Χρι-

1061 2693 1122 2719 στὸν
1137 2694 1343 2729 προσκυνοῦμεν
1354 2702 1360 2708 ·
1374 2694 1426 2720 ποῦ
1443 2694 1497 2728 γὰρ
1508 2692 1584 2721 εἶπεν
1597 2695 1662 2730 ἡμῖν
1677 2695 1711 2721 τὰ
1728 2694 1790 2721 θεῖα
1802 2696 1851 2722 Λό-

1060 2747 1117 2772 για,
1145 2738 1307 2772 προσκυνεῖν
1332 2740 1410 2776 ἀνδρὶ
1426 2742 1463 2772 ὼς
1487 2741 1564 2776 Θεῷ;
1588 2741 1645 2767 ἀλλ’
1660 2741 1714 2768 οὐδ’
1731 2741 1806 2768 ἐστιν
1822 2740 1849 2769 οὗ

1061 2784 1098 2819 μὴ
1115 2785 1250 2819 ἐγκαλεῖ-ἡ
1266 2785 1331 2817 ἀγία
1346 2785 1440 2820 Γραφὴ
1455 2787 1510 2815 τοῖς
1528 2786 1640 2812 τοιοῖσδε
1653 2793 1660 2800 ⁸
1685 2786 1733 2812 καὶ
1747 2795 1849 2821 παρετ-

1060 2832 1123 2865 γυᾷ,
1137 2831 1177 2857 ὅτι
1191 2840 1198 2855 ι
1216 2830 1309 2866 Κυρίῳ
1316 2831 1353 2866 τῷ
1365 2831 1423 2866 Θεῷ
1434 2839 1480 2858 σου
1493 2832 1703 2867 προσκυνήσεις,
1719 2832 1767 2860 καὶ
1780 2832 1848 2867 αὐτῷ
