3852 6134
184 338 372 401 ’1641
1175 323 1570 396 ADVERSUS
1605 321 2224 392 NESTORIANOS.‘
2264 328 2410 394 LIB.
2455 334 2568 392 III.
3360 316 3495 379 illi!

225 455 396 521 μόνῳ
416 448 739 518 λατρεύσεις
763 464 776 476 ·
811 466 828 498 ι
859 446 971 498 ἀλλ’
1002 445 1200 515 ἴδωμεν
1228 444 1525 516 έεῆςτίκαὶ
1549 443 1682 514 πρὸς
1700 451 1746 496 τέ

1972 441 2246 498 ioratores
2302 454 2357 498 et
2414 445 2610 498 clamet
2654 459 2665 494 :
2714 445 2740 490 ἰ
2775 437 3065 494 Dominum
3120 435 3292 488 Deum
3341 442 3493 485 tuum

226 539 648 608 ἀπολογοῦνται
672 539 722 590 οί
765 537 1047 607 βέλτιστοι.

1976 534 2188 590 dorabis
2233 545 2289 590 et
2345 535 2421 589 illi
2477 536 2576 588 soli
2627 529 2837 586 servies
2861 530 2926 582 ³⁸.
2967 547 2984 578 ι
3041 526 3144 580 Sed
3198 539 3262 577 ex
3305 521 3497 576 ordine

1932 627 2218 682 videamus
2269 627 2402 696 quid
2451 627 2517 681 ad
2573 626 2689 680 hare
2733 623 2966 692 ailegent
3013 617 3102 672 isti
3154 611 3501 668 reverendis-

1931 714 2081 768 ‘simi.

822 823 1074 881 ΚΕΦΑΛ.
1134 827 1275 880 θ’·Ρ.

2528 821 2680 879 CAP.
2722 821 2887 877 lX-X.

323 914 392 975 Εἰ
418 923 544 983 τοὺς
567 921 661 974 δύο
688 921 858 984 υἱοὺς,
883 921 1038 989 φησι,
1070 917 1210 971 κατὰ
1232 915 1393 986 φύσιν
1415 913 1671 982 ἐλέγομεν
1693 905 1832 963 εἶναι

2009 916 2065 970 Si
2089 917 2240 971 .duos
2277 913 2438 981 filios,
2469 916 2750 985 inquiunt,
2784 914 3115 971 diceremus,
3153 924 3219 962 ex
3250 907 3362 962 Deo
3382 915 3503 960 esse

241 1010 316 1068 ὲκ
354 1013 456 1068 τοῦ
492 1011 650 1074 Θεοῦ,
687 1011 720 1081 ἢ
750 1012 917 1080 ἄμφω
949 1009 1088 1062 κατὰ
1125 1009 1308 1078 χάριν,
1337 1005 1506 1066 ὅντως
1545 1000 1728 1064 καλῶς

1982 1005 2244 1060 ecundum
2288 1015 2541 1060 naturam
2584 1005 2670 1059 vel
2719 1005 2881 1058 ambo
2915 1001 3214 1056 secundum
3252 998 3503 1068 gratiam.

243 1105 396 1172 ἡμῖν
453 1101 546 1155 δύο
592 1099 774 1168 λέγειν
824 1100 973 1161 υἱοὺς
1012 1097 1149 1151 Θεοῦ
1183 1097 1444 1166 συνήγετε
1474 1111 1489 1126 ⁸
1523 1093 1670 1155 υἱοὺς
1727 1107 1762 1158 Υ

1984 1103 2090 1148 acte
2119 1093 2342 1163 quidem
2371 1109 2472 1148 nos
2504 1095 2643 1148 duos
2675 1093 2859 1147 dicere
2893 1089 3037 1144 filios
3079 1089 3176 1142 Dei
3207 1085 3505 1140 inferretis.

243 1191 350 1244 δύο
383 1191 420 1261 ἢ
449 1190 663 1254 πλείους
693 1188 994 1261 τηνικαῦτα
1017 1186 1166 1254 λέγει
1205 1187 1240 1256 ἡ
1271 1186 1399 1254 ἁγία
1429 1184 1467 1237 Γ
1473 1183 1640 1254 paci],
1673 1182 1760 1253 ἠνί

1993 1200 2091 1239 uos
2138 1184 2287 1239 enim
2322 1185 2406 1239 vel
2448 1185 2637 1254 plures
2681 1182 2821 1237 ﬁlios
2860 1191 2990 1235 tunc
3045 1180 3178 1234 dicit
3224 1177 3509 1245 Scriptura

247 1287 320 1336 ἐκ
352 1281 454 1335 τοῦ
485 1281 652 1335 αὑτοῦ
676 1281 865 1349 εἴησαν
900 1281 1103 1342 πάντες
1129 1280 1179 1330 ot
1213 1274 1708 1348 συναριθμούμενοι
1740 1291 1768 1326 κ

1990 1292 2122 1342 tera,
2175 1292 2300 1330 cum
2348 1293 2415 1330 ex
2455 1275 2649 1330 eodem
2701 1284 2832 1330 sunt
2867 1288 3060 1328 omnes
3103 1271 3216 1331 isti,
3258 1284 3368 1324 uno
3393 1283 3511 1322 ser-

251 1373 412 1428 κατὰ
430 1374 521 1427 τὸν
541 1373 702 1426 αὐτὸν
729 1373 888 1440 λόγον
915 1371 1010 1424 καὶ
1040 1371 1240 1438 τρόπον
1274 1384 1289 1400 ο
1323 1368 1423 1420 εἴτ’
1467 1363 1561 1420 οὖν
1595 1364 1756 1434 φύσει

1991 1381 2108 1422 Ione
2133 1366 2436 1436 eodemque
2484 1365 2647 1420 modo
2693 1361 3096 1424 connumerati,
3129 1363 3252 1414 'sive
3297 1366 3512 1416 natura,

247 1465 420 1518 θέσει
446 1466 613 1534 ἄμφω
633 1463 988 1533 γεγενημένοι
1017 1461 1188 1530 αὐτῷ,
1241 1457 1383 1513 ὥστε
1433 1458 1528 1511 καὶ
1581 1455 1768 1522 ἀδελφι

2001 1470 2065 1510 ve
2115 1453 2410 1524 adoptione
2449 1454 2558 1509 sint
2601 1454 2763 1508 ambo
2795 1451 2975 1507 eidem
3020 1449 3288 1522 generati,
3331 1449 3404 1501 ita
3456 1455 3519 1499 ut

255 1558 471 1619 αὐτοὺς
505 1557 749 1623 ἀλλήλων
785 1553 1047 1609 δύνασθαι
1093 1553 1272 1620 λέγειν
1301 1567 1313 1581 ·
1343 1548 1518 1612 οὕτως
1567 1547 1702 1616 γοῦν
1752 1562 1776 1598 κ

1994 1557 2149 1601 'atres
2182 1561 2326 1600 unus
2353 1546 2494 1600 alius
2523 1544 2628 1599 dici
2661 1550 2885 1613 queant.
2916 1543 2994 1596 lta
3018 1541 3240 1612 quidem
3273 1537 3515 1591 dicitur:

259 1650 491 1718 εἴρηται
525 1649 558 1718 ἡ
589 1647 789 1717 Μήτηρ
821 1645 931 1698 τῶν
949 1643 1041 1696 δύο
1074 1643 1204 1696 υίῶν
1225 1639 1510 1694 Ζεϐεδαίου
1531 1654 1546 1669 ⁶
1578 1636 1673 1691 καὶ
1697 1636 1780 1688 ἔνι

1997 1639 2126 1692 [ater
2181 1635 2418 1692 duorum
2466 1635 2715 1692 Zebedmi
2763 1635 3032 1698 filiorum;
3083 1642 3140 1688 et
3185 1632 3237 1686 i‘n
3269 1627 3518 1686 Genesi:

260 1735 513 1789 Γενέσει’
543 1733 633 1804 Τῷ
658 1735 715 1788 δὲ
759 1734 956 1801 Ἰωσὴφ
979 1733 1226 1798 ἐγένοντο
1255 1730 1361 1782 υἱοὶ
1388 1727 1501 1782 δύο·
1537 1726 1632 1780 καὶ
1665 1743 1684 1777 ι
1712 1719 1781 1776 EF

2002 1725 2156 1799 )seph
2200 1738 2384 1782 autem
2433 1739 2590 1782 erant
2622 1727 2858 1781 duo-filii
2893 1745 2906 1778 :
2953 1727 3021 1780 Et
3051 1743 3064 1778 :
3104 1743 3121 1775 ι
3154 1723 3300 1777 Dixit
3325 1720 3523 1777 Ruben

271 1819 516 1895 ‘Poump.
545 1795 622 1894 τῷ
657 1823 824 1892 πατρὶ
851 1795 1055 1874 adt-06°
1096 1819 1236 1881 Τοὺς
1263 1815 1359 1871 δύο
1403 1813 1552 1877 υἱούς
1587 1829 1688 1883 μου
1717 1815 1792 1866 ἀπ

2002 1795 2100 1871 atri
2129 1829 2268 1871 suo:
2302 1815 2452 1874 Duos
2482 1815 2623 1871 ﬁlios
2658 1831 2810 1870 meos
2838 1813 3000 1869 morti
3039 1813 3210 1874 trade,
3239 1811 3284 1865 si
3313 1825 3422 1864 non
3455 1807 3523 1862 ad

265 1933 510 1982 κτεινον,
547 1917 642 1968 ἐὰν
675 1914 750 1984 μὴ
777 1913 971 1980 ἀγάγω
1001 1909 1165 1964 αὐτὸν
1188 1909 1330 1980 πρὸς
1356 1907 1438 1970 σὲ,
1471 1904 1716 1958 τουτέστι
1757 1919 1786 1953 τ

2006 1933 2009 1958 ε
2036 1907 2293 1963 reducam
2325 1909 2501 1970 illum,
2534 1907 2587 1961 id
2607 1917 2710 1970 est,
2741 1904 3024 1976 Benjamin
3046 1903 3112 1957 “.
3150 1921 3166 1952 ι
3205 1901 3527 1968 Rursusque

268 2005 560 2074 Βενιαμίν
584 2021 604 2054 ι
634 2007 728 2056 καὶ
755 2001 906 2072 παρὰ
917 1997 1314 2070 τῷἈποστόλῳ
1342 1995 1505 2049 πάλιν
1521 1993 1789 2061 γέγραπτε

2004 2001 2100 2071 pud
2138 2001 2458 2072 Apostolum
2510 2000 2776 2070 scriptum
2821 2005 2908 2054 est
2945 2015 2956 2049 :
3000 2015 3018 2046 ι
3063 1993 3220 2060 Quod
3249 1991 3525 2047 Abraham

275 2116 296 2150 ι
325 2097 454 2151 Ὅτι
469 2095 720 2166 Ἀϐραὰμ
734 2093 826 2146 δύο
843 2094 988 2154 υίοὺς
1007 2090 1183 2161 ἔσχεν·
1209 2107 1230 2141 ι
1255 2087 1383 2142 ἔνθα
1395 2083 1489 2141 οὗν
1502 2085 1594 2139 δύο
1615 2084 1649 2155 ἢ
1674 2082 1796 2135 πολ)

2012 2111 2097 2149 tos
2124 2081 2262 2150 filios
2281 2093 2475 2149 habuit
2503 2093 2570 2145 ".
2605 2111 2622 2143 ι
2657 2091 2733 2145 lbi
2769 2105 2902 2160 ergo
2931 2101 3061 2144 sunt
3083 2088 3194 2142 duo
3224 2085 3308 2140 vel
3340 2085 3533 2154 plures

263 2189 406 2250 υἱοὶ,
438 2188 532 2242 καὶ
560 2185 776 2253 ἀδελφοὶ
799 2183 1066 2256 εἴρηνται,
1085 2182 1178 2235 καὶ
1191 2180 1556 2252 πρωτοτόκια,
1578 2177 1673 2230 καὶ
1697 2175 1784 2227 ὑσῖ

2011 2185 2086 2250 lii,
2138 2185 2449 2255 fratresque
2504 2183 2786 2246 dicuntur,
2846 2191 2902 2236 et
2948 2180 3098 2250 prior
3146 2175 3532 2248 posteriorque

273 2281 506 2352 ροτόκια
538 2279 756 2346 λέγεται
814 2276 890 2339 ὠς
939 2277 997 2329 ὲν
1044 2273 1216 2328 Ἦσαῦ
1252 2273 1348 2328 καὶ
1391 2270 1584 2326 Ἰακώὸ
1629 2281 1644 2300 ⁵
1685 2270 1735 2321 εί
1765 2285 1794 2319 ο

2011 2285 2136 2338 rtus,
2169 2287 2228 2330 ut
2259 2273 2312 2329 in
2342 2276 2483 2329 Esau
2513 2282 2568 2328 et
2594 2273 2786 2340 Jacob,
2831 2279 3235 2326 memorantur.
3283 2268 3454 2338 Igitur
3484 2264 3532 2320 si

268 2371 445 2440 φύσει
475 2370 567 2422 τόν
592 2385 651 2421 τε
669 2367 840 2435 Λόγον
869 2367 964 2418 καὶ
986 2366 1080 2418 τὸν
1101 2364 1335 2435 Χριστὸν
1357 2362 1565 2432 ἔφημεν
1593 2361 1658 2413 ὲκ
1687 2357 1789 2411 Θεο

2011 2364 2204 2422 erbum
2232 2375 2286 2422 et
2307 2366 2586 2422 Christum
2613 2364 2925 2419 diceremus
2950 2377 3017 2416 ex
3050 2362 3162 2416 Deo
3192 2369 3410 2423 natura,
3442 2359 3532 2412 vel

261 2461 300 2532 ἠ
333 2459 529 2530 χάριτι
552 2457 720 2526 ἄμφω
753 2455 935 2517 καλῶς
961 2453 1027 2508 ἄν
1068 2451 1378 2522 ὲλογίζεσθε
1406 2451 1582 2523 ἡμᾶς·
1606 2448 1715 2503 ἔδει
1736 2463 1782 2516 γ;

2014 2459 2134 2514 -atia
2179 2457 2392 2523 ambos,
2424 2464 2574 2512 recte
2615 2449 2778 2511 nobis
2824 2455 2878 2510 id
2917 2452 3284 2510 causaremini
3321 2468 3334 2504 :
3369 2465 3535 2520 opor-

263 2551 364 2603 καὶ
405 2547 664 2615 ἀδελφοὺς
684 2541 936 2613 λέγεσθαι
962 2545 1160 2605 αὐτοὺς
1186 2543 1279 2596 ὥσ
1303 2542 1484 2607 ὄντας,
1513 2541 1607 2595 καὶ
1634 2539 1784 2608 eam

2021 2542 2110 2603 bat
2134 2548 2282 2603 enim
2308 2547 2452 2612 illos,
2476 2555 2667 2616 utpote
2691 2545 2852 2608 duos,
2881 2543 3080 2598 fratres
3101 2541 3232 2605 dici,
3255 2554 3535 2608 unumque

262 2641 631 2714 πρωτότοκον
661 2642 755 2693 καὶ
788 2637 1158 2709 πρεσϐύτερον
1184 2631 1325 2690 εἶναι
1349 2677 1363 2700 ,
1393 2636 1552 2702 ειπερ
1596 2636 1670 2706 μὴ
1716 2633 1783 2688 δίε

2009 2653 2084 2692 sse
2131 2636 2560 2707 primogenitum
2615 2642 2672 2690 et
2728 2643 2859 2688 natu
2917 2634 3201 2702 majorem,
3259 2628 3530 2700 siquidem

269 2753 367 2806 μοι
403 2751 416 2762 ·
445 2735 495 2787 εί
526 2733 582 2786 δὲ
610 2735 638 2786 6
677 2732 776 2801 μὲν
806 2731 976 2796 θέσει,
1015 2731 1044 2783 6
1073 2729 1130 2783 δὲ
1163 2729 1326 2799 φύσει
1357 2729 1506 2793 ἐστὶ,
1541 2731 1634 2781 καὶ
1667 2729 1788 2800 έτέρ

2019 2745 2075 2785 >ιι
2105 2729 2331 2800 gemini.
2373 2727 2429 2781 Si
2471 2736 2653 2781 autem
2680 2727 2772 2780 hic
2799 2724 3118 2794 adoptione.
3152 2719 3244 2776 ille
3271 2737 3404 2775 vero
3439 2737 3540 2774 tia--

272 2823 386 2895 μὲν
416 2823 784 2890 φύσει,ὲτέρου
816 2820 872 2873 δὲ
905 2820 1053 2873 θέσει
1084 2821 1113 2872 6
1143 2819 1380 2888 Χριστὸς
1404 2819 1552 2883 Υἱὸς,
1580 2820 1739 2888 δῆλον
1769 2821 1793 2874 ὃ

2017 2837 2110 2884 ira,
2141 2831 2198 2876 et
2215 2819 2468 2875 Christus
2497 2821 2663 2874 unius
2685 2819 2908 2888 quidem
2932 2827 3147 2878 natura.
3181 2815 3324 2870 alius
3353 2822 3538 2868 autem

269 2913 384 2966 οὐκ.
410 2912 518 2980 ἔχει
552 2910 734 2980 χώραν
760 2911 792 2981 ἡ
819 2910 927 2963 τῶν
951 2909 1044 2963 δύο
1073 2909 1205 2963 υἱῶν
1252 2909 1668 2981 συναρίθμησις.

2018 2913 2262 2982 loptione
2297 2913 2368 2968 sit
2397 2912 2588 2975 Filius,
2617 2911 2842 2966 evidens
2870 2918 2956 2964 est
2987 2927 3096 2964 nou
3124 2909 3326 2962 habere
3358 2908 3539 2960 locum

1969 3005 2205 3059 duorum
2234 3003 2472 3058 filiorum
2501 3001 3068 3058 connumeratiouem.

355 3091 550 3143 Ταῦτα
583 3088 678 3157 μὲν
703 3084 796 3142 οὖν
818 3087 991 3150 οὕτως
1021 3088 1070 3142 oi
1097 3088 1265 3150 ὅντως
1311 3087 1632 3156 παραδόξων
1663 3087 1865 3155 δογμά-

2039 3095 2166 3149 Haec
2198 3095 2416 3163 quidem
2445 3095 2518 3149 ita
2555 3094 2738 3148 ferunt
2767 3093 2854 3146 isti
2887 3093 3249 3146 fabricatores
3281 3091 3535 3142 invento-

285 3199 403 3235 των
423 3179 662 3232 πλάσται
683 3195 741 3228 τε
771 3179 866 3230 καὶ
887 3175 1198 3244 ὲφευρέται,
1247 3175 1301 3227 οἱ
1347 3175 1445 3236 τὰς
1487 3173 1582 3226 δύο
1631 3174 1806 3240 φύσεις

2034 3197 2168 3250 sque
2182 3182 2598 3250 paradoxorum,
2616 3181 2709 3249 qui
2728 3180 2864 3234 duas
2881 3191 3124 3241 naturas,
3144 3178 3386 3233 divinam
3404 3179 3551 3234 sciti.

289 3273 465 3342 ἧγουν
496 3270 594 3337 τὴν
629 3267 778 3320 Θείαν
809 3267 902 3318 καὶ
933 3265 1310 3336 ἀνθρωπίνην,
1359 3267 1439 3325 εἰς
1481 3265 1579 3317 ἕνα
1618 3264 1733 3316 υἱὸν
1776 3281 1810 3317 κ

2027 3283 2058 3326 ει
2083 3283 2138 3328 et
2159 3273 2543 3337 humanam,in
2573 3287 2744 3326 unum
2773 3271 2944 3325 tilium
2967 3280 3022 3326 et
3043 3285 3206 3324 unam
3230 3269 3548 3341 hypostasin

299 3363 434 3431 μίαν
462 3359 760 3412 ὑπόστασιν
789 3356 1096 3410 συντιθέναι
1134 3356 1209 3420 ὡς
1253 3357 1514 3411 ἀδύνατον
1556 3355 1756 3427 τρόπον
1797 3373 1820 3424 ρ

2028 3364 2284 3424 mvenire.
2309 3363 2466 3434 quasi
2492 3363 2710 3418 modum
2734 3362 3148 3433 impossibilem,
3168 3377 3276 3416 non
3296 3361 3549 3430 probant;

295 3451 645 3514 εὐδοκοῦντες
679 3467 694 3482 ο
727 3450 822 3504 καί
849 3449 944 3502 δύο
977 3449 1267 3519 πρόσωπα,
1310 3448 1406 3502 καὶ
1452 3447 1548 3502 δύο
1591 3447 1742 3510 υἱοὺς
1781 3465 1812 3500 τ

2060 3459 2196 3512 duas
2225 3472 2485 3527 personas
2507 3467 2564 3512 et
2583 3457 2721 3511 duos
2744 3454 2884 3510 filios
2900 3455 3170 3525 perfectos
3193 3455 3552 3526 proprietate-

299 3545 480 3608 λείους
518 3545 626 3614 ἰδίᾳ
655 3559 714 3595 τε
753 3542 1113 3613 κεκριμένους
1151 3542 1233 3605 εἰς
1273 3541 1370 3594 ενα
1418 3542 1534 3594 υἱὸν
1577 3541 1818 3595 συνάπτε

2033 3565 2084 3604 te
2099 3549 2368 3604 discretos
2387 3548 2442 3603 in
2465 3563 2632 3602 nnmn
2654 3546 2823 3601 filium
2844 3546 3087 3616 coaptari
3107 3546 3266 3616 plane
3283 3555 3551 3601 statuunt.

300 3635 508 3706 ἀρτίως
536 3631 952 3704 νομοθετοῦντες
985 3647 998 3658 ·
1041 3631 1294 3700 εἴποιμεν
1332 3627 1424 3684 οὖν
1469 3628 1606 3700 πρὸς
1634 3627 1821 3690 αὐτούς

2036 3643 2233 3695 icamus
2274 3639 2442 3710 igitur
2484 3639 2592 3692 illis
2623 3657 2636 3692 :
2672 3636 2873 3703 Nolite,
2915 3637 3244 3700 charissimi.
3277 3637 3557 3692 ebriorum

301 3727 397 3798 Μὴ
418 3723 779 3797 περιφέρεσθε
804 3727 918 3787 τοῖς
953 3724 1186 3794 νοήμασι
1221 3719 1675 3794 κραιπαλούντων
1697 3719 1822 3787 δίκη

2041 3741 2190 3797 star,
2243 3728 2702 3801 cogitationibus.
2720 3727 3001 3782 vacillare.
3058 3728 3154 3784 Vel
3191 3727 3338 3783 enim
3373 3729 3561 3784 varius

304 3816 354 3876 ὧ
387 3821 650 3893 βέλτιστοι
682 3833 697 3848 '
731 3818 765 3889 ἢ
798 3818 908 3888 γὰρ
938 3820 967 3871 6
1013 3817 1268 3886 ἀνόμοιος
1311 3816 1513 3886 τρόπος
1545 3814 1642 3882 τῆς
1689 3829 1825 3880 γενντ

2038 3821 2356 3876 :nerationis
2388 3819 2582 3874 modus
2603 3829 2796 3874 auctor
2837 3827 2921 3874 est
2960 3819 3101 3874 duos
3132 3820 3189 3874 in
3215 3835 3384 3874 unum
3424 3835 3559 3874 con-

309 3913 447 3976 σεὼς
486 3915 633 3964 ἐστιν
657 3911 686 3964 ό
714 3910 888 3972 αἴτιος
921 3909 1016 3961 τοῦ
1067 3907 1522 3978 συναριθμεῖσθαι
1569 3905 1670 3974 τὴν
1713 3903 1830 3958 Gud!

2038 3913 2322 3969 umerandi
2360 3912 2522 3974 filios,
2571 3911 2702 3970 licet
2757 3912 3002 3982 ejusdem
3057 3911 3167 3965 sint
3215 3911 3418 3981 patris,
3477 3917 3559 3964 vel

307 3995 416 4060 τῶν
441 4002 596 4067 υἱῶν,
633 4002 738 4056 κᾶν
765 4001 860 4056 τοῦ
895 3999 1061 4054 αὐτοῦ
1088 3996 1200 4053 εἶεν
1224 4000 1456 4070 πατρὸς,
1503 3997 1537 4068 ἢ
1575 3998 1636 4050 τὸ
1671 3999 1736 4050 ὲκ
1764 3995 1828 4048 διι

2040 4011 2279 4076 triusque
2308 4004 2404 4059 filii
2431 4019 2496 4059 ex
2521 4003 2755 4058 diversis
2773 4003 3095 4072 parentibus
3121 4002 3453 4074 procreatio,
3479 4004 3561 4056 vel

308 4091 488 4162 φόρων
517 4084 657 4142 εἶναι
689 4087 891 4157 γονέων
909 4087 1168 4158 ἑκάτερον
1205 4089 1339 4150 υἱὸν,
1367 4086 1400 4158 ἢ
1425 4087 1594 4156 ἄμφω
1614 4086 1720 4139 εἰσὶ
1759 4103 1825 4138 συ

2041 4093 2171 4158 nbo,
2203 4093 2420 4148 diversa
2463 4092 2674 4147 scilicet
2722 4091 2910 4146 ﬁliatio
2949 4101 3005 4146 et
3037 4102 3423 4162 generatorunt
3453 4093 3505 4146 di
3537 4118 3562 4134 ο

310 4184 461 4236 αίτια
510 4185 609 4252 τῆς
657 4181 996 4252 ἀναιρέσεως
1048 4181 1146 4250 τῆς
1197 4177 1386 4242 δυάδος
1431 4179 1526 4232 ἐπὶ
1557 4179 1668 4232 τῶν
1713 4179 1831 4232 υίῶι

2039 4187 2187 4248 retio,
2228 4184 2391 4240 simul
2418 4199 2596 4238 causte
2639 4191 2770 4238 sunt
2797 4199 2898 4239 cur
2947 4183 3127 4238 dualis
3170 4183 3410 4238 filiorum
3464 4201 3560 4238 nu-

307 4273 477 4343 ῆγουν
513 4273 548 4339 ἡ
598 4272 832 4341 διαφορὰ
864 4272 964 4341 τῆς
1020 4271 1266 4340 υίότητος
1303 4271 1398 4324 καὶ
1437 4270 1547 4324 τῶν
1579 4269 1828 4322 τεκόντωι

2048 4291 2179 4331 erus
2226 4275 2467 4330 tollatur.
2515 4275 2572 4330 Si
2617 4275 2843 4345 quidem
2890 4275 3059 4346 igitur
3107 4276 3360 4330 diversus
3397 4292 3564 4348 gene-

217 4355 226 4363 ’
312 4364 364 4416 εί
403 4364 502 4432 μὶν
529 4359 622 4417 οὖν
645 4366 674 4418 6
695 4364 954 4432 διάφορος
976 4362 1178 4432 τρόπος
1204 4362 1306 4430 τῆς
1351 4361 1667 4430 γεννήσεως
1701 4363 1738 4414 ἐι

2041 4366 2222 4422 ttionis
2242 4366 2438 4420 modus
2459 4366 2652 4436 estqui
2673 4380 2773 4436 pro
2795 4365 3012 4422 duobus
3032 4367 3158 4422 filiis
3181 4383 3348 4422 unum
3369 4385 3562 4424 nume-

312 4453 342 4504 6
374 4454 515 4506 κατὰ
541 4455 666 4517 τοὺς
695 4454 790 4509 δύο
817 4455 970 4515 υἱοὺς
1001 4454 1098 4511 ἕνα
1125 4453 1293 4505 ποιῶν
1319 4451 1672 4522 ἀριθμεῖσθαι
1691 4491 1706 4516 ,
1739 4451 1833 4522 πρε

2046 4460 2104 4515 iri
2144 4459 2327 4525 faciat,
2359 4458 2537 4529 primo
2573 4457 2798 4528 quidem
2838 4460 3116 4528 quomodo
3168 4459 3318 4515 hunc
3347 4476 3567 4532 quoque

313 4558 406 4596 τον
442 4544 540 4614 μὲν
571 4544 688 4607 πῶς
721 4547 812 4598 καὶ
840 4545 930 4598 τὸν
957 4545 1056 4598 ἕνα
1083 4545 1206 4598 Υἱὸν
1231 4544 1470 4614 δικάζειν
1512 4544 1616 4614 τὴν
1637 4543 1834 4613 διάφορ

2044 4565 2169 4603 num
2205 4549 2404 4603 Filium
2451 4547 2726 4618 duplicem
2755 4563 2818 4604 ac
2847 4549 3120 4606 diversam
3155 4551 3565 4623 generationem

313 4633 571 4705 γέννησιν
592 4635 829 4701 ἐλέγετε,
857 4637 914 4688 ὲν
938 4635 1015 4706 τῷ
1031 4635 1402 4690 δυσωπεῖσθαι
1426 4635 1560 4706 παρ’
1586 4633 1745 4704 ἡμῶν
1760 4633 1830 4686 Θε

2048 4641 2207 4696 abere
2248 4639 2538 4706 dicebatis,
2590 4657 2700 4696 non
2746 4643 3083 4696 sustinentes
3131 4658 3340 4698 sacram
3391 4643 3569 4714 Virgi-

315 4723 474 4779 τόκον
513 4725 694 4794 λέγειν
713 4727 811 4796 τὴν
838 4728 1003 4795 ἁγίαν
1025 4728 1299 4800 Παρθένον
1328 4744 1343 4794 ;
1371 4725 1432 4782 Et
1481 4725 1752 4796 ἐγεννήθη
1785 4726 1836 4794 γὲ

2052 4727 2132 4784 cm
2161 4745 2191 4784 a
2225 4729 2384 4784 nobis
2419 4729 2706 4800 Deiparam
2735 4731 2957 4784 vocati?
2997 4731 3051 4786 Si
3095 4732 3240 4787 enim
3273 4733 3376 4788 alia
3404 4749 3573 4804 gene~

317 4816 481 4889 ἑτέρᾳ
523 4817 809 4885 γεννήσει,
858 4819 934 4888 μὴ
984 4821 1164 4887 μεῖναι
1193 4819 1288 4872 τὸν
1319 4818 1484 4870 αὑτὸν
1513 4816 1747 4888 ἄχρονον
1767 4816 1838 4870 Υἱ‹

2049 4821 2214 4876 itione
2258 4831 2550 4890 generatus
2593 4828 2774 4881 esset.
2827 4823 3086 4877 eumdem
3147 4839 3258 4878 non
3302 4825 3570 4880 mansisse

316 4909 456 4963 Θεοῦ
488 4909 662 4978 Λόγον
689 4908 960 4978 ἐφάσκετε
979 4925 995 4941 ο
1027 4911 1090 4964 τὸ
1117 4911 1225 4985 γὰρ
1255 4909 1506 4964 ὁπωσοῦν
1527 4906 1837 4978 γεννώμενα

2072 4927 2266 4967 ernum
2313 4911 2508 4967 Filium
2539 4913 2632 4968 Dei
2660 4915 2898 4970 Verbum
2937 4914 3239 4981 dicebatis;
3277 4930 3403 4970 nam
3433 4899 3593 4988 quo-fg

317 4999 507 5071 ἓτερον
533 4997 676 5055 εἶναι
708 5001 858 5070 παρὰ
884 5002 943 5054 τὸ
969 5002 1070 5073 ήδη
1101 4983 1268 5070 προὸν
1292 5043 1307 5067 ,
1350 5001 1625 5062 παντοίως
1662 5001 1838 5068 ἀπεφα

2074 5006 2136 5053 et
2169 4997 2332 5053 modo
2371 4999 2618 5068 genitum
2655 4999 2804 5054 aliud
2850 5014 2970 5055 esse
3017 5014 3082 5054 ac
3117 5001 3228 5070 jam
3253 5011 3374 5056 erat
3407 4983 3595 5072 piane‘

319 5094 476 5147 νεσθε
511 5111 524 5124 ⁸
559 5093 736 5156 ἄλλως
767 5091 846 5151 δὲ.
875 5093 924 5146 εἰ
953 5096 982 5146 6
1009 5093 1264 5164 διάφορος
1287 5094 1490 5163 τρόπος
1525 5092 1718 5156 ἁπλῶς
1747 5093 1840 5146 ἀνα

2052 5091 2378 5163 tponebatis.
2425 5091 2658 5146 Aliunde
2701 5109 2855 5157 vero,
2911 5093 2955 5147 si
3000 5093 3231 5164 simplex
3285 5093 3431 5149 modi
3487 5095 3573 5149 di-

321 5183 409 5251 ρεῖ
438 5182 528 5236 τὸν
553 5181 787 5254 ἀριθμὸν
811 5182 922 5235 τῶν
951 5182 1105 5247 υίῶν,
1133 5181 1312 5264 καέτοι
1363 5185 1460 5237 καὶ
1495 5183 1728 5254 υίότητα
1771 5197 1842 5237 κα

2048 5185 2232 5240 arsitas
2255 5172 2547 5240 nume'rum
2575 5183 2810 5239 filiorum
2832 5186 2993 5251 tollit,
3019 5197 3169 5242 certe
3196 5196 3254 5242 et
3276 5187 3345 5242 ad
3373 5202 3569 5242 novat:

315 5275 544 5344 νοτέραν
587 5273 902 5344 προστιθεὶς
945 5273 1198 5344 Ἰωάννης
1224 5276 1253 5326 6
1298 5274 1724 5343 εὐαγγελιστὴς,
1783 5275 1836 5326 υἱ

2053 5274 2318 5328 iationem
2348 5273 2622 5343 ascriptus
2661 5273 2900 5329 Joannes
2929 5278 3295 5346 evangelista.
3331 5275 3574 5329 Domina:

319 5363 395 5418 ὢν
422 5366 570 5419 θέσει
609 5365 708 5436 τῆς
749 5363 1066 5435 Δεσποίνης,
1096 5364 1185 5418 διὰ
1225 5364 1288 5417 τὸ
1337 5367 1638 5435 εἰρημένον
1666 5365 1772 5418 ὑπὸ
1799 5381 1840 5416 τι

2046 5362 2148 5416 lius
2187 5362 2484 5431 adoptione
2513 5361 2690 5416 factus
2721 5362 2828 5418 boc
2855 5363 2909 5418 in
2936 5380 3099 5419 cruce
3132 5364 3344 5420 Domini
3375 5363 3524 5418 dicto
3555 5383 3567 5416 :

321 5456 593 5510 Δεσπότου
625 5457 681 5507 ἐν
709 5455 786 5523 τῷ
809 5455 1049 5526 σταυρῷ’
1084 5473 1103 5506 ι
1127 5454 1258 5508 Ἰδοὺ
1291 5456 1324 5524 ὴ
1359 5455 1543 5524 μήτηρ
1578 5469 1698 5506 σου·
1738 5474 1756 5505 ι
1781 5470 1842 5507 κα

2065 5455 2204 5508 Ecce
2238 5460 2415 5508 mater
2448 5461 2578 5518 tua;
2618 5474 2638 5507 ι
2670 5465 2727 5509 et
2754 5473 2768 5508 :
2817 5473 2835 5506 ι
2860 5456 2998 5511 Ecce
3027 5455 3171 5510 filius
3203 5466 3328 5510 tuus
3349 5454 3417 5516 “.
3460 5474 3479 5515 ι,
3516 5466 3573 5510 et

327 5568 344 5598 ι
371 5548 504 5601 Ἰδοὺ
533 5550 560 5601 6
583 5547 696 5608 υἱός
729 5563 844 5600 σοιν
873 5567 892 5598 ι
917 5549 943 5598 ὁ
969 5547 1026 5600 δὲ
1047 5545 1251 5616 Κύριος
1276 5547 1433 5614 φύσει
1457 5547 1569 5604 υἱὸς
1603 5547 1777 5614 αὐτῆς
1801 5544 1846 5598 ὢ

2050 5544 2291 5612 ominus,
2344 5544 2498 5600 illius
2551 5555 2744 5600 natura
2801 5546 2965 5610 filius,
3017 5561 3160 5599 unus
3221 5545 3364 5599 filius
3414 5560 3571 5600 erant

393 5728 438 5758 ⁵³
481 5727 638 5783 Dent.
683 5746 754 5786 vt.
800 5729 895 5792 l5;
935 5729 1122 5783 Matth.
1170 5743 1238 5790 Iv,
1289 5728 1368 5780 10.
1445 5729 1486 5758 ³³
1525 5728 1666 5781 (ira.
1732 5743 1856 5793 seu,
1895 5727 1982 5780 57.
2058 5727 2102 5756 ⁵⁵
2154 5725 2328 5781 Galat.
2381 5741 2451 5788 tv,
2500 5725 2590 5778 Ἡ.
2669 5725 2714 5754 ¹⁶
2749 5723 3036 5786 Malum,
3067 5721 3156 5783 96,
3191 5720 3282 5773 27.

583 5823 849 5881 ['ATBUL.
899 5824 1012 5882 Gn.
1065 5823 1384 5883 LXXXVI.
3173 5815 3252 5874 52
