3852 6134
374 275 515 341 1663

1653 279 1962 340 LEONTII
1998 274 2398 338 BYZANTINI

3507 262 3654 326 1644

373 391 556 451 ambo,
594 395 820 459 propter
845 388 1062 444 varium
1098 389 1380 447 ﬁliationis
1418 387 1676 446 modum!
1715 389 1872 458 Quod
1907 390 1947 445 si

2063 381 2139 451 εἷς
2166 385 2284 447 υἱὸς
2307 383 2476 455 ἄμφω
2521 376 2803 452 ἧσαν,’διά
2849 377 2942 430 τὸν
2988 375 3243 446 διάφορον
3295 373 3509 446 τρόπον
3551 377 3660 447 τῆς

372 493 484 536 non
521 479 896 551 generationis
929 479 1225 550 disparitas
1271 480 1368 536 sed
1405 481 1740 552 genitorum,
1778 497 1948 535 unum

368 576 424 622 et
461 582 583 623 esse
616 566 806 636 plures
833 575 1130 637 generatos
1170 567 1436 629 ostendit,
1475 569 1735 640 nunquid
1783 568 1951 639 igitur

367 652 500 723 quia
529 653 716 708 Simon
749 654 975 724 quidem
1007 653 1179 720 Jonaz,
1209 655 1451 710 Joannes
1473 664 1657 710 autem
1683 655 1950 711 Zebedaao

369 749 686 810 generatur,
730 756 876 796 unus
906 741 1054 798 ﬁlius
1080 751 1240 797 erant
1271 744 1478 798 ambo?
1527 745 1584 800 Si
1633 753 1817 798 autem
1860 743 1950 798 di-

367 846 563 886 versus
585 833 960 903 generationis
1007 835 1204 890 modus
1237 836 1731 907 generantiumque
1757 850 1950 906 perso-

369 937 568 977 narum
621 923 910 979 diversitas
942 926 1107 982 simul
1149 927 1540 982 concurrentia
1588 936 1881 998 generatos
1917 940 1950 979 a

369 1015 605 1071 diversis
639 1022 697 1071 et
739 1016 956 1074 diverse
995 1018 1246 1074 diversos
1277 1035 1450 1074 unum
1481 1019 1654 1074 tilium
1685 1019 1947 1084 eﬁiciant,

365 1119 498 1175 ergo
523 1103 761 1160 Joannes
791 1105 1085 1178 adoptione
1119 1106 1266 1162 ﬁlius
1296 1107 1539 1162 Domina:
1560 1107 1834 1164 et.Simon
1857 1123 1951 1166 na.

369 1197 495 1246 tura
523 1191 670 1248 ﬁlius
691 1191 844 1248 Jonas
877 1209 1023 1249 unus
1052 1193 1202 1250 ﬁlius
1225 1202 1384 1249 erant
1411 1204 1636 1265 propter
1666 1194 1947 1250 diversum

367 1284 596 1340 modum
647 1294 705 1340 et
757 1286 1071 1356 genitorum
1121 1286 1540 1342 diversitatem?
1593 1281 1721 1343 Haec
1759 1295 1948 1342 autem

367 1375 551 1430 omnia
584 1376 630 1432 si
660 1376 948 1433 manifeste
977 1377 1110 1432 falsa
1135 1378 1265 1445 sint,
1300 1378 1586 1434 evidenter
1616 1379 1671 1433 in
1699 1379 1800 1446 eis,
1828 1381 1952 1449 qui-

362 1465 470 1518 bus
509 1479 618 1519 una
649 1471 861 1520 tantum
916 1467 1160 1536 suppetit
1211 1465 1543 1537 liypostasis,
1593 1467 1711 1522 .hoc
1753 1483 1946 1522 verum

364 1565 468 1614 est.
491 1557 706 1612 Etenim
731 1557 980 1614 Zebedaai
1016 1568 1234 1624 natura,
1273 1559 1629 1630 Dominaeque
1651 1560 1947 1632 adoptione

367 1647 515 1703 idem
560 1657 680 1704 erat
719 1665 865 1704 unus
909 1649 1054 1705 ﬁlius
1097 1651 1278 1721 reipsa
1321 1651 1472 1706 solus
1500 1652 1769 1716 Joannes,
1819 1652 1947 1722 quia

2052 475 2301 544 υῑότητος
2326 490 2340 505 ⁸
2375 473 2424 524 ει
2454 471 2513 525 δὲ
2547 471 2607 523 οὑ
2635 469 2733 540 τῆς
2771 469 3077 538 γεννήσεως
3119 467 3153 536 ἡ
3193 466 3468 536 διαφορὰ,
3510 463 3656 519 ἀλλὰ

2050 568 2159 621 τῶν
2184 564 2583 635 γεννησάντων,
2607 561 2704 613 ἕνα
2726 557 2867 614 εἶναι
2891 559 3132 612 δείκνυσι
3153 559 3398 620 καὶτοὺς
3423 559 3657 621 πλείους

2051 657 2413 727 γεννηθέντας
2449 671 2460 683 ·
2494 649 2607 725 ἆρά
2632 669 2695 721 γε
2727 652 2860 704 διότι
2886 650 3069 720 Σίμων
3097 649 3198 719 μὲν
3238 649 3422 713 Ἰωνᾶ,
3456 649 3656 702 Ἰωάνα

2051 767 2151 820 νης
2186 750 2244 802 δὲ
2267 747 2537 816 Ζεϐεδαξῳ
2579 745 2868 810 γεννᾶται,
2903 735 2983 804 εἷς
3017 739 3134 803 υἱὸς
3170 735 3312 810 ἦσαν
3346 741 3567 811 ἄμφως
3604 741 3654 792 εἰ

2049 841 2107 894 δὲ
2151 841 2234 894 ὅτι
2289 837 2543 909 διάφορος
2594 834 2795 906 τρόπος
2864 833 2965 903 τῆς
3037 832 3366 902 γεννήσεως,
3429 833 3538 884 καὶ
3595 831 3659 881 τὸ

2048 933 2285 1003 διάφορα
2362 924 2502 983 εἶναι
2558 927 2828 998 πρόσωπα
2903 925 2973 978 τὰ
3051 925 3393 994 γεννήσαντα
3425 963 3440 984 .
3505 923 3655 978 ἀλλὰ

2052 1022 2374 1079 συνελθόντα
2437 1021 2535 1074 ἕνα
2586 1019 2700 1072 υἱὸν
2762 1017 2890 1082 τοὺς
2937 1016 3299 1086 γεννηθέντας
3351 1015 3652 1084 διαφόρως

2051 1116 2144 1172 καὶ
2212 1111 2480 1182 διαφόρως
2560 1109 2850 1179 διαφόρους
2925 1107 3306 1177 παριστῶσιν,
3396 1101 3518 1174 ἆρά
3587 1121 3654 1171 γε

2062 1206 2315 1272 Ἰωάννης
2366 1201 2513 1254 θέσει
2571 1199 2685 1263 υἱὸς
2727 1197 2802 1252 ὢν
2848 1198 2950 1268 τῆς
2991 1196 3310 1267 Δεσποίνης,
3339 1195 3538 1262 Σίμων
3591 1193 3652 1246 δὲ

2051 1297 2166 1359 υἱὸς
2194 1296 2270 1348 ὢν
2311 1294 2469 1348 Ἰωνᾶ
2491 1291 2689 1360 φύσει,
2725 1287 2805 1354 εἷς
2832 1289 2948 1353 υἱὸς
2975 1284 3112 1360 ἦσαν
3143 1287 3233 1341 διὰ
3257 1286 3351 1340 τὸν
3376 1285 3652 1355 διάφορον

2049 1387 2272 1458 τρόπον,
2300 1386 2539 1447 καὶτοὺς
2569 1383 2864 1453 διαφόρους
2892 1382 3001 1434 τῶν
3031 1378 3344 1448 γονέων;Εἰ
3378 1379 3439 1432 δὲ
3462 1378 3652 1430 ταῦτα

2039 1481 2230 1533 πάντα
2260 1476 2538 1549 προφανὲς
2557 1473 2779 1544 ψεῦδος,
2816 1473 2974 1543 δῆλον
3018 1473 3094 1534 ὼς
3128 1471 3214 1540 ἐφ’
3243 1465 3320 1524 ὧν
3353 1471 3460 1540 μία
3513 1471 3652 1524 ὑπό-

2051 1587 2242 1634 στασις
2275 1569 2560 1623 ὑπόκειται
2591 1568 2776 1639 μόνον,
2803 1567 3003 1638 ἀληθὲς
3019 1566 3137 1620 τόδε
3159 1565 3276 1618 ἐστι
3298 1581 3312 1594 ⁸
3340 1565 3652 1620 Ζεϐεδαίου

2048 1664 2160 1732 γὰρ
2193 1661 2374 1730 φύσει,
2404 1663 2501 1716 καὶ
2532 1661 2630 1732 τῆς
2655 1659 2952 1730 Δεσποίνης
2977 1656 3126 1711 θέσει
3145 1696 3159 1719 ,
3189 1656 3218 1706 ὁ
3251 1655 3422 1720 αὐτὸς
3466 1651 3544 1726 ἦν
3571 1650 3655 1718 εἷς

365 1739 586 1796 duobus
619 1741 978 1798 ﬁliationibus
1024 1742 1224 1815 subjici
1272 1753 1451 1814 potest
1481 1759 1588 1798 una
1618 1744 1947 1816 hypostasis.

2063 1754 2164 1816 υἱὸς
2195 1752 2364 1816 ὅντως
2397 1753 2556 1823 μόνος
2597 1752 2885 1820 Ἰωάννης,
2929 1751 3012 1804 ὅτι
3060 1749 3342 1821 διαφόροις
3391 1749 3653 1819 υἱότησιν

435 1919 544 1977 Sed
585 1919 793 1976 Christi
833 1930 890 1976 et
920 1921 1108 1996 _Verbi
1163 1921 1301 1976 duas
1341 1921 1666 1992 bypostases
1697 1920 1943 1990 duasque

363 2028 632 2085 personas
657 2013 932 2084 perfectas
958 2027 1071 2067 non
1090 2013 1350 2084 ambigue
1372 2012 1728 2069 conclamatis
1746 2030 1768 2066 .:
1790 2012 1942 2078 Quo-

365 2105 530 2160 modo
578 2120 710 2176 ergo
739 2103 912 2159 Filius
951 2120 1054 2174 per
1085 2103 1360 2160 diversam
1393 2105 1808 2177 generationem
1833 2104 1944 2158 erit

362 2195 620 2252 Christus
653 2204 708 2250 et
737 2195 1000 2261 Verbum,
1036 2211 1070 2251 o
1110 2195 1251 2250 mira
1283 2197 1618 2267 loquentes?
1661 2196 1752 2252 Sic
1785 2195 1944 2250 vobis

363 2283 657 2340 diversitas
688 2283 912 2338 unionis
939 2293 1088 2338 esset
1120 2297 1314 2349 causa,
1352 2292 1411 2339 et
1449 2283 1776 2347 similitudo,
1801 2283 1944 2338 ratio

363 2376 717 2432 discretionis
771 2376 826 2430 in
886 2375 1056 2430 rebus
1087 2415 1102 2440 ,
1149 2391 1273 2445 qua:
1301 2375 1526 2446 quidem
1571 2383 1698 2430 ante
1735 2389 1836 2430 vos
1875 2373 1945 2428 ab

365 2478 578 2525 aeterno
623 2467 834 2522 nemini
883 2467 1124 2524 revelata
1155 2475 1305 2522 sunt.
1357 2466 1525 2522 Certe
1571 2467 1617 2520 si
1655 2467 1844 2521 dicant
1871 2465 1944 2520 ob

362 2557 676 2628 genitorum
707 2554 1106 2621 diversitatem,
1154 2570 1328 2609 unum
1358 2569 1502 2618 esse,
1539 2554 1786 2609 ridenda:
1817 2561 1946 2607 sunt

364 2643 588 2714 ineptiae
609 2649 631 2708 ς’
659 2641 706 2696 si
733 2641 958 2711 quidem
984 2657 1052 2696 ex
1079 2641 1376 2707 similibus,
1405 2639 1550 2696 duos
1581 2655 1740 2706 esse;
1769 2656 1838 2694 ex
1861 2639 1948 2693 di-

361 2730 540 2787 versis
562 2739 747 2784 autem
782 2727 1155 2799 genitoribus,
1185 2743 1357 2781 unum
1387 2741 1510 2782 esse
1544 2726 1947 2792 ﬁlium,omncs

363 2827 580 2898 genitos
609 2821 972 2896 praetendant,
1015 2835 1147 2892 ergo
1193 2819 1374 2891 Ophni
1421 2829 1476 2875 et
1525 2819 1765 2878 Phinees
1787 2827 1948 2875 erant

363 2921 475 2974 duo
523 2917 643 2982 ﬁlii,
698 2922 888 2985 utpote
944 2929 1011 2969 ex
1055 2913 1251 2969 eodem
1309 2912 1429 2969 Heli
1483 2912 1634 2979 nati;
1683 2911 1946 2968 Jonathas

365 3022 550 3068 autent
587 3019 643 3064 et
695 3007 886 3072 David,
932 3015 1122 3077 utpote
1173 3021 1316 3062 unus
1343 3022 1411 3061 ex
1455 3005 1584 3061 Saul
1615 3014 1673 3060 et
1698 3005 1839 3060 alter
1879 3020 1946 3058 ex

2045 1848 2198 1900 ἔστιν
2225 1846 2630 1900 ὑποϐάλλεσθαι
2673 1845 2800 1915 μίαν
2831 1845 3158 1898 ὑπόστασιν.

2110 1932 2220 1988 Δύο
2243 1934 2301 1987 δὲ
2333 1933 2660 1996 ὑποστάσεις
2683 1930 2922 2002 Χριστοῦ
2945 1931 3042 1983 καὶ
3069 1927 3166 1982 τοῦ
3196 1928 3402 1996 Λόγου,
3429 1928 3536 1981 καὶ
3556 1928 3654 1982 δύο

2045 2027 2316 2096 πρόσωπα
2331 2025 2515 2079 τέλεια
2544 2025 2842 2098 διαρρήδην
2864 2023 3025 2094 βοᾶτε
3054 2039 3068 2054 ⁸
3100 2023 3218 2085 πῶς
3249 2018 3348 2075 οὖν
3381 2022 3530 2085 Υἱὸς
3560 2022 3657 2074 διὰ

2044 2117 2143 2189 τὴν
2175 2116 2435 2187 διάφορον
2459 2118 2712 2187 γέννησιν
2740 2115 2894 2167 ἔσται
2925 2111 3160 2183 Χριστὸς
3179 2112 3279 2165 καὶ
3304 2114 3333 2166 ὁ
3368 2113 3582 2179 Λόγος,
3607 2111 3656 2164 ὦ

2044 2207 2429 2280 τερατολόγοι;
2477 2206 2649 2268 οὕτως
2698 2205 2755 2258 δὲ
2813 2205 2881 2259 ἂν
2928 2205 3025 2258 καὶ
3058 2203 3144 2274 εἴη
3199 2204 3232 2274 ἡ
3269 2203 3369 2274 μὲν
3399 2202 3656 2272 διαφορά

2046 2299 2294 2368 ἐνώσεως
2343 2301 2495 2352 αἰτία
2528 2297 2650 2352 καθ’
2683 2296 2828 2367 ὑμᾶς
2852 2311 2867 2324 ⁸
2910 2297 2944 2365 ἡ
2997 2295 3054 2348 δὲ
3105 2293 3389 2364 ὁμοιότης,
3428 2293 3654 2362 διακρί-

2049 2407 2186 2452 σεως
2241 2390 2298 2442 ὲν
2350 2391 2464 2452 τοῖς
2508 2387 2878 2458 πράγμασιν
2935 2385 3079 2456 ἅπερ
3125 2384 3188 2448 ὲξ
3216 2383 3419 2446 αἰῶνος
3464 2383 3655 2434 οὐδενὶ

2047 2481 2156 2552 πρὸ
2185 2479 2342 2552 ὑμῶν
2375 2478 2742 2550 ἀπεκαλύφθη
2770 2493 2784 2506 ⁸
2819 2479 2869 2532 εἰ
2894 2479 2958 2547 δὴ
2993 2476 3209 2544 λέγοιεν
3249 2475 3340 2528 διά
3373 2475 3478 2545 τὴν
3535 2477 3653 2527 τῶν

2047 2574 2251 2643 γονέων
2283 2573 2550 2644 διαφορὰν
2571 2615 2588 2638 ,
2619 2572 2715 2625 ἕνα
2751 2568 2894 2624 εἶναι
2919 2609 2936 2636 ,
2971 2570 3180 2638 γελοῖος
3219 2567 3391 2639 λῆρος
3434 2584 3453 2602 ⁸
3509 2570 3566 2622 εἰ
3595 2569 3653 2620 τὸ

2053 2667 2152 2738 μὲν
2189 2666 2247 2734 ἐξ
2276 2667 2503 2738 ὁμοίιον,
2539 2665 2634 2719 δύο
2661 2660 2802 2719 εἶναι
2825 2681 2840 2696 ⁸
2861 2665 2922 2718 τὸ
2953 2663 3012 2717 δὲ
3041 2664 3105 2716 ὲκ
3129 2662 3412 2732 διαφόρων
3436 2664 3656 2731 γονέων

2048 2761 2145 2813 ἕνα
2179 2761 2293 2814 υἱὸν
2325 2757 2486 2826 εἶναι,
2519 2759 2732 2822 πάντας
2759 2757 2888 2821 τοὺς
2914 2756 3208 2828 τεχθέντας
3249 2757 3606 2827 παρίστησιν
3635 2773 3648 2787 ⁸

2049 2848 2159 2924 ἆρα
2191 2848 2286 2905 οὖν
2321 2853 2478 2920 Ὀφνὶ
2513 2852 2610 2921 μὲν
2641 2851 2737 2904 καὶ
2771 2851 2958 2914 Φινεὲς
2986 2849 3083 2902 δύο
3106 2849 3232 2912 υἱοὶ,
3285 2849 3416 2902 ἐπεὶ
3443 2851 3514 2902 ὲκ
3552 2849 3655 2902 τοῦ

2049 2945 2216 3000 αὑτοῦ
2283 2946 2468 2998 Ἦλεί⁸
2527 2945 2780 2998 Ἰωνάθαν
2828 2945 2885 2998 δὲ
2938 2945 3032 2998 καὶ
3068 2945 3231 2998 Δαὸὶδ
3261 2983 3277 3006 ,
3317 2945 3502 2996 ἐπεὶό
3549 2947 3656 3015 μὲν

2049 3038 2284 3100 Σαοὺλ,ὁ
2308 3038 2364 3092 δὲ
2403 3041 2462 3105 ἐξ
2508 3036 2750 3104 Ἰεσσαὶ,
2783 3038 2849 3092 οὐ
2894 3037 2989 3090 δύο
3012 3039 3140 3102 υἱοὶ,
3193 3033 3275 3100 εἷς
3331 3037 3395 3092 δὲ
3438 3039 3649 3108 μόνονά

363 3106 539 3166 Jesse,
571 3118 682 3158 non
709 3101 820 3156 duo
842 3099 963 3168 ﬁlii,
1001 3099 1098 3156 sed
1130 3114 1274 3154 unus
1307 3107 1543 3154 tantum.
1583 3099 1754 3153 Porro
1781 3098 1827 3151 si
1857 3111 1947 3150 res

2063 3130 2162 3185 ιλλ’
2194 3098 2243 3184 ει
2273 3131 2392 3184 τόδε
2423 3098 2620 3195 οὕτως,
2641 3098 2765 3186 οὐδε
2795 3132 2847 3186 οι
2873 3133 2940 3184 ὲκ
2961 3132 3102 3184 xm
3127 3098 3223 3185 ὲιαι
3248 3098 3360 3184 ἀπὸ
3379 3098 3502 3201 sto
3533 3098 3650 3185 τεᾶ

364 3194 441 3248 ita
472 3192 564 3256 sit,
597 3207 666 3246 ex
704 3189 840 3246 Cain
884 3199 942 3245 et
983 3205 1054 3245 ex
1085 3189 1219 3245 Seth
1257 3189 1496 3244 diversis
1543 3187 1651 3244 orti
1699 3203 1812 3242 non
1836 3187 1947 3244 duo

366 3281 490 3350 ﬁlii,
511 3281 608 3338 sed
647 3297 792 3337 unus
826 3281 974 3336 ﬁlius
1003 3291 1167 3336 erunt
1191 3295 1385 3336 omnes
1415 3280 1692 3335 homines.
1726 3279 1786 3334 Si
1816 3293 1946 3334 vere

365 3374 601 3445 simplex
666 3373 872 3444 speciei
942 3373 1252 3444 genitorum
1305 3372 1814 3444 disparitas‘bujus
1865 3371 1947 3426 rei

367 3477 534 3518 causa
566 3461 678 3526 sit,
717 3461 846 3532 equi
889 3470 946 3517 et
977 3462 1158 3532 pisces
1185 3471 1349 3517 erunt
1381 3476 1574 3517 omnes
1602 3475 1748 3516 unus
1777 3461 1942 3516 ﬁlius.

309 3571 326 3584 '
365 3554 501 3623 Quis
523 3555 641 3612 haec
671 3554 911 3610 absurda
951 3555 1126 3610 feret?
1167 3554 1283 3610 Hoc
1311 3555 1456 3609 enim
1492 3553 1574 3610 sic
1605 3555 1766 3625 plane
1794 3569 1950 3609 resu-

365 3647 556 3715 mitur,
607 3657 688 3715 ut,
736 3647 783 3702 si
825 3646 1104 3718 genitores
1148 3645 1356 3701 diversi
1381 3654 1550 3713 sunt,
1597 3645 1786 3716 plures
1838 3643 1951 3699 sint

364 3737 512 3794 ﬁlius
538 3752 704 3804 unus,
741 3745 820 3802 et,
847 3737 892 3791 si
921 3751 1028 3791 non
1059 3734 1262 3790 diversi
1293 3745 1442 3802 sunt,
1475 3736 1662 3807 plures
1685 3734 1952 3792 ﬁlii..Erit

366 3829 534 3900 igitur
560 3827 855 3884 diversitas
899 3827 1121 3882 unionis
1151 3836 1209 3882 et
1243 3827 1474 3883 unitatis
1511 3842 1715 3894 causa;
1743 3827 1946 3882 simili-

364 3920 500 3976 tudo
530 3928 738 3986 autem,
770 3918 1125 3975 discretionis
1147 3927 1205 3974 et
1230 3917 1603 3974 multitudinis
1635 3935 1648 3971 :
1677 3933 1799 3988 quae
1818 3924 1951 3972 sunt

370 4017 702 4072 interversa.

1021 4101 1172 4158 CAP.
1211 4099 1304 4155 Kl.

437 4197 580 4252 Ecce
596 4204 798 4261 tamen,
819 4195 1096 4266 inquiunt,
1119 4194 1186 4250 de
1199 4193 1547 4249 duabusistis
1563 4191 1769 4252 causis,
1786 4190 1948 4254 Baiae,

365 4288 577 4344 ancillae
604 4288 831 4353 Rachel,
859 4289 1136 4344 naturales
1166 4287 1286 4354 ﬁlii,
1315 4293 1444 4342 sunt
1464 4295 1524 4339 et
1539 4283 1832 4353 adoptione
1853 4281 1950 4335 ﬁlii

365 4381 592 4446 Rachel,
611 4390 667 4434 et
681 4397 792 4436 non
823 4381 1261 4450 multiplicantur
1275 4392 1528 4441 numero,
1554 4376 1696 4431 sicut
1711 4375 1781 4429 ab
1791 4389 1854 4429 ea
1871 4373 1954 4428 di-

2047 3223 2322 3292 διαφόρων
2355 3224 2450 3276 δύο
2481 3225 2610 3288 υἱοὶ,
2661 3223 2776 3277 ἀλλ’
2807 3218 2891 3288 εἷς
2925 3224 3041 3286 υἱὸς
3095 3224 3303 3284 πάντες
3331 3224 3384 3275 οἱ
3433 3222 3653 3292 ἄνθρω-

2050 3331 2142 3368 ποι
2165 3331 2180 3346 ⁸
2200 3316 2249 3369 ει
2293 3314 2353 3369 δὲ
2399 3315 2643 3386 ἀπλῶςή
2676 3315 2912 3386 διαφορά
2942 3313 3037 3368 τοῦ
3071 3313 3245 3376 εῐδους
3289 3312 3402 3365 τῶν
3435 3313 3650 3380 γονέων

2050 3407 2200 3461 αἰτία
2225 3406 2404 3472 τοῦδε,
2441 3408 2538 3461 καὶ
2570 3409 2730 3462 ἵπποι
2763 3407 2859 3462 καὶ
2895 3405 3077 3478 ἰχθύες
3103 3405 3329 3467 πάντες,
3383 3399 3470 3466 εἷς
3497 3405 3643 3469 υἱός.

2049 3499 2163 3554 Καὶ
2187 3499 2272 3563 τίς
2296 3499 2550 3567 ἀνέξεται
2574 3499 2684 3553 τῶν
2706 3499 3109 3569 ἀτοπημάτωνς
3137 3497 3323 3560 άπλώς
3345 3497 3462 3566 γὰρ
3485 3495 3652 3550 τοῦτο

2051 3591 2366 3660 συνάγεται,
2419 3592 2500 3645 ὅτι
2529 3592 2579 3646 εἰ
2617 3591 2716 3662 μὲν
2741 3591 2991 3661 διάφοροι
3051 3586 3161 3642 εἷεν
3193 3589 3242 3642 oi
3290 3590 3500 3656 γονεῖς,
3566 3583 3654 3651 εἷς

2052 3681 2168 3745 υἱὸς
2216 3683 2266 3735 οἱ
2317 3681 2538 3746 πλείους
2573 3697 2586 3714 ⁸
2615 3684 2664 3734 ει
2712 3683 2770 3736 δὲ
2809 3681 3093 3751 ἀδιάφοροι
3137 3682 3245 3733 εἰσι
3278 3719 3294 3739 .
3342 3679 3648 3743 πλείονες-⁸

2051 3774 2206 3826 ἔσται
2227 3767 2322 3826 οὖν
2347 3773 2382 3842 ἡ
2403 3771 2666 3844 διαφορὰ,
2701 3771 2948 3836 ἐνώσεως
2985 3771 3078 3825 καὶ
3105 3769 3334 3842 μονάδος
3361 3770 3526 3823 αἰτία
3565 3786 3582 3801 ⁸
3615 3773 3652 3840 ἡ

2050 3865 2107 3919 δὲ
2141 3863 2778 3936 όμοιότης,-διακρίσεως
2806 3863 2902 3919 καὶ
2938 3861 3202 3935 πλήθους,
3238 3861 3275 3916 ἀ
3303 3862 3458 3915 ἐστιν
3484 3862 3654 3917 ἀντίη

2037 3957 2318 4013 οκατάλλα.

2636 4117 2887 4170 ΚΕΦΑΛ.
2943 4116 3046 4170 IA'.

2124 4209 2266 4262 Ἀλλ’
2303 4209 2434 4275 ἰδοὺ,
2465 4207 2650 4280 φησὶν,
2671 4211 2762 4263 ἐπὶ
2787 4212 2908 4273 ταῖς
2933 4209 3028 4263 δύο
3045 4209 3246 4274 αἰτίαις
3267 4210 3319 4264 οἱ
3335 4207 3500 4277 φύσει
3532 4209 3650 4262 υἱοὶ

2049 4299 2264 4364 Βάλλας
2279 4300 2383 4370 τῆς
2416 4299 2730 4370 παιδίσκης,
2745 4302 2948 4372 Ῥαχὴλ
2964 4303 3060 4356 καὶ
3072 4304 3178 4356 υἱοὶ
3202 4301 3405 4370 Ῥαχὴλ
3418 4303 3534 4354 εἰσι
3555 4300 3651 4354 θέ-

2056 4406 2162 4454 σει,
2184 4390 2281 4444 καὶ
2309 4390 2407 4443 οὐκ
2427 4388 2756 4444 ἐπλεόνασαν
2793 4391 3012 4462 ἀριθμῷ
3032 4429 3048 4454 ,
3075 4389 3256 4454 καθὼς
3288 4390 3516 4460 εἴρηται
3551 4389 3652 4444 ὑπ’

364 4483 517 4528 ctum
538 4482 624 4528 est
643 4471 846 4528 Jacob:
875 4490 894 4524 ι
917 4471 1207 4544 Ingredere
1223 4469 1290 4525 ad
1309 4469 1561 4524 ancillam
1586 4482 1760 4523 meam
1786 4475 1843 4522 et
1861 4481 1947 4536 pa-

2063 4481 2230 4550 αὐτῆς
2247 4479 2326 4550 τῷ
2341 4478 2537 4533 Ἰακώϐ
2559 4495 2574 4510 ⁸
2611 4497 2630 4532 ι
2659 4477 2880 4533 Εῐσελθε
2895 4481 3032 4552 πρὸς
3055 4480 3156 4552 τὴν
3174 4479 3474 4550 παιδίσκην
3509 4497 3648 4550 μου,

365 4569 470 4622 rict
489 4581 656 4637 super
690 4580 866 4638 genua
895 4579 1039 4630 mea,
1065 4571 1124 4618 et
1151 4577 1254 4633 ego
1281 4559 1575 4631 suscipiam
1607 4573 1675 4614 ex
1697 4573 1763 4615 ea
1782 4557 1949 4614 sobo-

365 4663 472 4718 lem
503 4661 574 4716 ".
599 4682 618 4718 ι
655 4661 724 4717 Et
753 4673 982 4716 rursus:
1025 4677 1042 4710 ι
1069 4657 1348 4715 Judicavit
1367 4655 1503 4712 mihi
1532 4656 1678 4712 Deus
1697 4663 1754 4711 et
1773 4667 1946 4710 exau-

365 4755 506 4812 divit
550 4768 745 4814 vocem
809 4749 1009 4820 meam,
1063 4760 1120 4807 et
1169 4751 1323 4808 dedit
1383 4750 1521 4806 mihi
1567 4748 1761 4806 ﬁlium.
1813 4747 1950 4826 Rre-

359 4852 556 4915 μενοι
592 4841 891 4916 appellavit
921 4858 1124 4898 nomen
1146 4843 1268 4911 eius
1296 4842 1410 4898 Dan
1445 4841 1511 4896 ⁸⁸.
1550 4861 1568 4894 ι
1597 4837 1712 4897 Sed
1744 4847 1802 4910 et
1829 4839 1948 4910 ipsa

364 4935 586 5006 peperit
617 4945 816 5002 natura
855 4935 1060 5008 Joseph
1090 4942 1148 4990 et
1179 4933 1494 5008 Benjamin;
1541 4944 1598 4990 et
1644 4947 1755 4988 non
1796 4930 1943 4999 ideo,

363 5043 432 5084 et
463 5025 756 5083 duodecim
786 5028 1138 5098 patriarchis,
1163 5037 1399 5098 quatuor
1427 5033 1556 5082 sunt
1578 5024 1674 5079 ﬁlii
1702 5023 1944 5080 Rachel:

364 5135 476 5174 non
519 5121 671 5174 enim
718 5129 1085 5175 numerantur
1126 5117 1438 5187 adoptionis
1485 5117 1602 5169 ﬁlii.
1654 5117 1950 5172 Possemus

265 5203 268 5206 ’
365 5218 549 5265 tamen
583 5207 811 5264 dicere:
847 5207 903 5264 Si
939 5223 1052 5263 non
1099 5207 1326 5262 omnino
1375 5217 1758 5272 numerantur,
1807 5221 1948 5277 quo-

365 5301 552 5366 modo,
593 5297 707 5356 Dan
733 5309 789 5355 et
815 5299 1107 5369 Nephthali
1136 5312 1248 5353 non
1271 5297 1947 5369 computatis,oduodecim

367 5389 698 5461 patriarcha:
746 5389 920 5444 sunt?
961 5387 1071 5443 Sed
1117 5403 1214 5444 eos
1259 5404 1385 5443 cum
1433 5397 1644 5445 natura!
1675 5388 1803 5445 ﬁliis
1835 5405 1948 5444 non

367 5482 646 5542 numerari
684 5481 1037 5537 manifestum
1070 5491 1174 5537 est.
1198 5481 1368 5537 Porro
1401 5481 1446 5536 si
1481 5498 1592 5538 non
1623 5490 1684 5538 ut
1718 5481 1814 5538 ﬁlii
1843 5483 1950 5538 Ra-

366 5575 512 5642 chel,
547 5585 604 5630 at
631 5584 782 5630 certe
827 5576 974 5631 sicut
1008 5574 1108 5630 ﬁlii
1135 5574 1298 5641 Baiae,
1325 5591 1448 5646 quae
1478 5575 1581 5630 alia
1613 5583 1716 5641 est,
1749 5592 1947 5631 nume-

442 5686 486 5728 ⁸⁷
517 5686 656 5746 Gen.
691 5703 814 5758 xxx,
843 5688 898 5745 5.
975 5689 1018 5721 ⁵⁸
1049 5687 1182 5744 ibid.
1227 5688 1272 5744 6.

2054 4571 2148 4625 καὶ
2171 4571 2384 4636 τέξεται
2407 4571 2504 4626 ἐπὶ
2515 4569 2625 4624 τῶν
2655 4571 2898 4640 γονάτων
2923 4590 3024 4642 μου
3045 4571 3142 4626 καὶ
3169 4574 3651 4642 τεκνοποιήσομαι

2054 4659 2210 4730 κάγὼ
2233 4661 2292 4726 ἐξ
2305 4660 2496 4729 αὐτῆς.
2526 4679 2548 4712 ι
2584 4662 2693 4714 Καὶ
2715 4661 2896 4729 πάλιν,
2916 4662 2998 4716 ὅτι
3013 4679 3033 4710 ι
3079 4661 3298 4732 Ἐκρινέ
3313 4677 3408 4731 μοι
3429 4661 3459 4712 ὁ
3483 4660 3650 4726 Θεὸς,

2053 4751 2150 4804 καὶ
2171 4751 2444 4821 ἐπήκουσε
2468 4753 2567 4822 τῆς
2583 4749 2767 4820 φωνῆς
2788 4767 2910 4821 μου,
2931 4751 3027 4804 καὶ
3045 4751 3214 4805 ἔδωκέ
3239 4768 3330 4821 μοι
3354 4751 3474 4803 υἱόν
3502 4768 3520 4781 ⁸
3549 4751 3644 4805 διὰ

2053 4841 2212 4895 τοῦτο
2245 4841 2470 4897 ἐκάλεσε
2496 4842 2556 4896 τὸ
2596 4841 2768 4912 ὄνομα
2796 4841 2960 4896 αὑτοῦ
2992 4844 3121 4896 Δάν.
3153 4860 3199 4902 ι,
3211 4841 3416 4896 Τέτοκε
3445 4843 3512 4897 δὲ
3549 4845 3650 4897 καὶ

2053 4929 2193 5002 αὕτη
2217 4930 2378 5000 φύσει
2397 4929 2491 4985 τὸν
2527 4928 2724 5002 Ἰωσὴφ
2747 4933 2842 4986 καὶ
2864 4933 3124 5004 Βενιαμίν
3147 4947 3162 4962 ⁸
3189 4932 3281 4986 καὶ
3310 4933 3374 4986 οὐ
3403 4932 3496 4986 διὰ
3521 4936 3649 4988 τῶι

2043 5025 2310 5095 τέσσαρες
2335 5024 2440 5078 υἱοὶ
2478 5025 2580 5096 τῆς
2621 5024 2860 5097 Ῥαχὴλ,
2895 5027 2960 5079 ὲκ
3003 5025 3111 5078 τῶν
3155 5025 3222 5096 ιβ’
3271 5029 3650 5098 πατριαρχῶν

2046 5119 2184 5171 εἰσιν
2207 5133 2220 5148 ⁸
2257 5119 2319 5172 οὐ
2349 5117 2459 5189 γὰρ
2491 5117 2858 5192 ἀριθμοῦνται
2880 5117 2976 5173 καὶ
2994 5119 3044 5172 οἱ
3073 5117 3219 5172 θέσει
3266 5118 3392 5173 υἱοί.
3440 5119 3649 5175 Καίτοι

2057 5210 2308 5281 εἴποιμεν
2339 5211 2388 5264 ει
2414 5211 2539 5265 οὐδὲ
2583 5211 2721 5274 δλως
2765 5210 3130 5282 ἀριθμοῦνται
3151 5249 3168 5276 ,
3206 5209 3326 5275 πῶς
3357 5205 3456 5264 οὖν
3491 5211 3569 5282 ιβ’
3597 5215 3650 5266 ol

2057 5301 2398 5372 πατριάρχαι
2426 5304 2555 5369 εἰσὶ,
2587 5301 2696 5356 Δάν
2723 5303 2818 5357 καὶ
2865 5300 3188 5373 Νεφθαλεὶμ
3214 5301 3292 5374 μὴ
3325 5302 3653 5372 συλλογιζο-

2061 5393 2270 5464 μένων;
2299 5393 2416 5448 ἀλλ’
2463 5395 2546 5450 ὅτι
2574 5395 2676 5450 οὐκ
2705 5394 3068 5468 ἀριθμοῦνται
3105 5395 3203 5449 σὺν
3234 5397 3347 5459 τοῖς
3375 5394 3549 5464 φύσει
3600 5397 3655 5452 οἱ

2057 5483 2227 5549 θέσει,
2249 5484 2410 5554 δῆλόν
2435 5486 2582 5538 ἐστιν
2625 5501 2640 5517 ⁸
2694 5486 2743 5536 εἰ
2771 5485 2882 5555 γάρ
2906 5486 3001 5540 καὶ
3037 5483 3112 5556 μὴ
3139 5483 3214 5548 ὡς
3241 5484 3341 5555 τῆς
3393 5484 3608 5557 Ῥαχὴλ
3633 5525 3652 5550 ,

2056 5575 2191 5628 ἀλλά
2223 5591 2286 5642 γε
2313 5575 2388 5638 ὡς
2414 5575 2512 5646 τῆς
2541 5575 2749 5639 Βάλλας
2776 5576 2887 5632 ἰδοὺ
2913 5575 3275 5650 ἀριθμοῦνται
3309 5577 3510 5647 ἑτέρας
3541 5575 3649 5632 οτι-
