3852 6134
299 303 440 368 1645

1246 289 1640 354 ADVERSUS
1679 289 2226 356 NESTORIANOS.
2259 315 2326 330 ⁶-
2357 294 2504 357 LIB.
2543 298 2658 356 ΙΙΙ.

3402 301 3538 365 1646

298 431 400 483 σης
421 429 432 440 ·
465 408 560 463 icui.
587 407 682 462 δύο
705 407 805 478 μὲν
844 405 1066 477 Ῥαχὴλ,
1102 405 1194 458 δύο
1226 405 1281 458 δὲ
1308 405 1488 476 ἕτεροι
1529 405 1628 474 τῆς
1659 404 1866 467 Βάλλας

1971 416 2193 473 rantur;
2229 417 2284 462 et
2323 409 2546 479 quidem
2589 409 2703 464 duo
2750 407 2845 463 ﬁlii
2893 411 3117 477 Rachel,
3159 415 3269 469 duo
3293 431 3424 472 vero
3447 417 3538 474 al;i

297 501 442 558 εῖναι
493 501 743 568 λέγονται
785 501 843 552 ἐν
889 501 1002 561 τοῖς
1055 497 1120 565 ιβ’
1147 513 1158 526 ’
1203 497 1266 550 ἐκ
1312 496 1584 567 διαφόρων
1615 513 1675 548 τε
1719 496 1868 558 ὄντες

1971 497 2114 554 Baiae
2159 498 2424 554 dicuntur
2468 515 2590 557 esse
2635 502 2781 555 inter
2823 501 3144 567 duodecim,
3195 521 3261 562 ex
3307 507 3542 564 diversis

299 595 556 668 μητέρων
585 591 696 645 υἱοὶ
724 590 818 644 καὶ
840 589 900 654 ἐξ
919 590 1214 660 ἀδιαφόρου
1247 589 1452 658 πατρός
1485 603 1502 618 °
1532 586 1672 640 ὥστε
1701 589 1794 641 καὶ
1818 587 1870 640 οἱ

296 687 363 738 ὲκ
401 683 696 752 διαφόρων,
737 681 832 733 καὶ
861 681 912 732 οἱ
945 678 1005 743 ἐξ
1027 678 1338 748 ἀδιαφόρων
1365 677 1524 741 ὅλως,
1548 679 1595 730 εἰ
1626 676 1868 740 πλείονές

297 779 405 830 εισι
431 776 550 837 ταῖς
599 771 962 826 ὑποστάσεσιν
985 811 1000 836 ,
1040 769 1147 822 υἱοὶ
1183 768 1567 840 ἀριθμοῦνται.
1600 767 1778 822 Μόνον
1809 767 1866 821 δὲ

295 869 418 920 τότε
447 867 548 919 οὑκ
577 863 934 935 ἀριθμοῦνται
985 862 1230 924 πλείονες
1274 861 1404 924 υἱοὶ,
1454 861 1542 913 ὅτε
1581 861 1722 913 κατὰ
1759 860 1868 912 τῶν

294 957 475 1012 αὐτῶν
497 956 870 1033 ὑποστάσεων,
911 955 1127 1016 πλείους
1175 952 1441 1021 υἱοτήτων
1484 953 1675 1034 τρόποι
1726 951 1864 1004 εἰσιν

293 1051 375 1104 διὸ
405 1050 512 1103 υἱοὶ
542 1048 750 1110 Βάλλας
773 1047 891 1100 ἐπεὶ
915 1045 1010 1099 καὶ
1038 1043 1242 1115 ταύτης
1273 1045 1435 1114 φύσει
1465 1043 1560 1098 καὶ
1609 1044 1706 1114 τῆς
1747 1043 1869 1096 Ῥα-

293 1141 400 1214 γὴλ
427 1143 578 1196 θέσει
605 1140 742 1194 εἰσὶν
765 1138 871 1192 υἱοὶ
892 1141 943 1191 οἱ
971 1138 1148 1201 αὐτοὶ,
1177 1137 1276 1208 οὑχ
1329 1135 1554 1204 ἕκαστος
1573 1134 1751 1188 αὑτῶν
1779 1133 1868 1188 διὰ

293 1233 394 1297 τὰς
429 1233 522 1287 δύο
550 1232 804 1302 υἰότητας
827 1271 842 1292 ,
874 1230 968 1284 δύο
1007 1230 1113 1282 υἱοὶ
1159 1227 1640 1296 καταλογίζονταιο
1689 1225 1722 1297 ἢ
1757 1226 1866 1296 γὰρ

293 1325 362 1378 ἂν
413 1323 585 1385 οὑτως
621 1321 1017 1390 δεκατέσσαρες
1066 1315 1208 1391 ἦσαν
1249 1320 1298 1372 οἱ
1338 1317 1674 1388 πατριάρχαι
1703 1331 1718 1344 ·
1750 1315 1863 1370 ἀλλ’

293 1409 380 1476 εἷς
417 1415 698 1484 ἑκάτερος,
734 1411 1010 1482 διαφόροις
1032 1412 1244 1480 υἱότησι
1268 1410 1370 1478 τὴν
1402 1410 1654 1479 διάφορον
1683 1407 1865 1478 σχέσιν

294 1505 620 1576 ποιούμενος
661 1505 799 1576 πρὸς
827 1505 954 1566 τοὺς
983 1501 1200 1568 τοκέας,
1225 1503 1287 1555 οὑ
1310 1502 1589 1573 διαφόροις
1611 1500 1866 1569 ἀριθμοῖς

294 1596 393 1646 καὶ
427 1594 758 1648 ὑποστάσεσι
794 1591 1154 1664 μετρούμενοι
1179 1606 1194 1622 ο
1229 1593 1364 1645 ὅπου
1401 1607 1464 1658 γε
1495 1591 1556 1643 τὸ
1577 1589 1866 1658 λεγόμενον

295 1687 390 1739 ὑπ’
414 1685 614 1752 αὑτῶν,
647 1687 696 1738 εἰ
723 1683 810 1738 διὰ
849 1684 910 1738 τὸ
939 1683 1085 1737 θέσει
1108 1679 1249 1736 εἶναι
1297 1684 1386 1736 τὸν
1423 1681 1710 1753 ἄνθρωπον
1738 1680 1866 1732 Υἰὸν

1972 591 2262 658 matribus,
2293 591 2388 647 sed
2417 607 2483 647 ex
2511 602 2665 662 patre
2695 607 2804 646 non
2835 592 3078 659 diverso,
3115 596 3228 650 nati
3256 613 3270 650 :
3297 597 3372 652 ita
3406 609 3466 654 ut
3487 609 3544 656 et

1968 694 2036 735 ex
2065 680 2300 737 diversis
2323 681 2456 748 nati,
2488 691 2546 736 et
2573 696 2641 736 ex
2665 697 2776 737 non
2805 682 3040 738 diversis
3083 685 3210 749 orti,
3245 686 3289 740 si
3327 689 3541 744 ratione

1970 771 2336 842 hypostaséon
2382 773 2567 844 plures
2609 773 2747 838 sint,
2798 772 2894 827 ﬁlii
2938 787 3326 831 numerantur.
3385 777 3542 833 Tunc

1970 863 2145 918 solum
2181 877 2287 917 non
2315 873 2676 919 numerantur
2702 865 2890 933 plures
2919 863 3014 919 ﬁlii
3042 880 3166 920 cum
3207 865 3312 921 Sub
3341 867 3540 923 iisdem

1969 953 2374 1024 hypostasibus,
2420 955 2606 1022 plures
2653 954 2934 1010 ﬁliationis
2982 955 3128 1010 modi
3192 966 3338 1011 sunt.
3405 959 3542 1014 Pro-

1969 1050 2179 1110 pterea,
2205 1042 2300 1097 ﬁlii
2330 1043 2491 1108 Balae,
2542 1058 2667 1098 cum
2695 1043 2862 1098 iidem
2905 1045 3016 1099 sint
3044 1045 3207 1116 hujus
3250 1057 3446 1102 natura
3483 1059 3541 1102 et
3575 1113 3578 1118 _

1969 1131 2174 1189 Rachel
2226 1133 2524 1204 adoptione
2567 1134 2702 1198 ﬁlii,
2752 1150 2864 1190 non
2910 1135 3261 1206 singulatim,
3327 1138 3540 1193 ratione

1969 1223 2204 1279 duarum
2235 1224 2583 1290 ﬁliationum,
2605 1226 2716 1280 tluo
2741 1225 2834 1280 ﬁlii
2859 1239 3260 1282 numerantur:
3289 1230 3372 1282 sic
3389 1230 3540 1283 enim

1969 1321 2160 1368 essent
2186 1313 2602 1384 quatuordecim
2635 1315 2992 1384 patriarchae;
3013 1316 3106 1371 sed
3139 1317 3537 1388 unusquisque,

1971 1403 2204 1460 diversis
2244 1403 2604 1460 ﬁliatiouibus
2647 1405 2920 1460 diversam
2958 1407 3172 1463 habens
3217 1407 3542 1463 relationem

1967 1506 2096 1547 cum
2147 1492 2525 1562 genitoribus,
2585 1510 2696 1549 non
2758 1495 3004 1550 numeris
3047 1505 3104 1550 et
3154 1497 3544 1568 hypostasibus

1969 1583 2250 1642 deﬁnitur.
2283 1585 2385 1642 Ubi
2418 1595 2569 1642 certe
2601 1586 2810 1642 dictum
2834 1595 2920 1642 est
2947 1589 3018 1642 ab
3035 1590 3140 1655 eis,
3172 1589 3342 1660 quod,
3373 1591 3418 1646 si
3446 1607 3543 1662 per

1970 1675 2324 1746 ad0ptionem
2361 1687 2447 1733 est
2473 1678 2638 1732 homo
2668 1677 2816 1735 ﬁlius
2849 1680 2964 1746 Dei,
2996 1680 3131 1736 illud
3163 1697 3273 1736 non
3307 1684 3454 1754 cogit
3487 1684 3542 1739 in

289 1776 452 1842 Θεοῦ,
489 1775 564 1848 μὴ
589 1773 1034 1844 συναριθμεῖσθαι
1054 1775 1133 1837 εἰς
1158 1773 1328 1826 δυάδα
1357 1773 1485 1840 Υιὺν
1515 1773 1604 1824 τὸν
1629 1769 1864 1842 Χριστὸν

1971 1767 2116 1825 duali
2141 1785 2373 1826 numero
2401 1771 2576 1827 ﬁlium
2606 1773 2915 1843 computari
2941 1773 3224 1830 Christum
3250 1753 3542 1832 cumiFilio

295 1870 443 1922 ποιεῖ
467 1870 564 1922 σὺν
584 1866 662 1940 τῷ
693 1865 854 1936 φύσει
889 1865 1003 1936 Υἱῷ
1033 1865 1129 1920 τοῦ
1183 1865 1318 1919 θεοῦ
1349 1865 1425 1934 τῷ
1452 1865 1634 1934 Λόγῳ,
1675 1864 1798 1917 ἐπεὶ
1838 1866 1867 1916 ὁ

283 1957 525 2029 ἀριθμὸς
552 1959 649 2012 ἐπὶ
679 1958 788 2012 τῶν
813 1957 972 2028 φύσει
999 1957 1136 2022 ἐστὶ,
1179 1957 1336 2010 τοῦτο
1367 1957 1682 2019 δείκνυται,
1711 1955 1793 2010 ὅτι
1831 1955 1865 2025 ἢ

291 2049 366 2112 ὡς
387 2050 690 2121 ὑπερέχων,
713 2052 747 2121 ἢ
769 2051 846 2115 ὡς
873 2050 1025 2104 οὐδὲν
1039 2049 1118 2104 ὢν
1140 2050 1298 2115 ὅλως,
1333 2051 1431 2120 οὑχ
1476 2049 1597 2118 ἥξει
1629 2051 1708 2112 εἰς
1743 2049 1868 2120 ἀρι-

291 2138 431 2208 θμὸν
463 2141 594 2194 υἱῶν
631 2145 659 2195 ὁ
697 2142 843 2196 θέσει
876 2159 892 2174 ’
929 2145 978 2196 ει
1013 2143 1111 2214 μὲν
1135 2137 1229 2197 οὖν
1257 2143 1333 2204 ὡς
1359 2141 1643 2214 ὑπερέχων
1667 2140 1868 2210 μείζων

304 2230 556 2300 Ἰωάννης
583 2230 680 2284 τοῦ
723 2231 993 2286 Δεσπότου
1029 2234 1085 2285 έν
1111 2235 1247 2296 υἱοῖς
1279 2234 1377 2304 τῆς
1403 2229 1718 2300 Δεσποίνης,
1773 2229 1867 2283 καὶ

288 2323 387 2375 τοῦ
421 2323 594 2392 Λόγου
629 2324 812 2388 ἁπλῶς
832 2327 861 2378 ὁ
891 2325 1172 2394 ἄνθρωπος
1215 2323 1365 2396 παρὰ
1398 2322 1518 2395 Θεῷ
1537 2323 1623 2394 »τῷ
1652 2322 1822 2395 Πατρί
1849 2337 1862 2350 ·

289 2416 338 2465 εἰ
368 2415 426 2468 δὲ
456 2415 682 2488 χείρων,
723 2416 841 2480 πῶς
887 2410 969 2480 εἷς
1000 2417 1110 2480 υἱὸς
1152 2419 1179 2470 ὁ
1223 2417 1423 2488 χείρων
1453 2417 1550 2469 σὺν
1581 2415 1658 2487 τῷ
1687 2415 1868 2487 κρείτ-

286 2521 407 2558 τονι
433 2523 450 2572 ;
481 2508 542 2560 οὑ
584 2507 695 2578 γὰρ
743 2507 802 2560 ἓν
841 2507 911 2562 τὰ
947 2508 1180 2579 διάφορα
1207 2507 1446 2580 ἐροῦσιν.

361 2687 428 2740 Εἰ
461 2687 518 2740 δὲ
546 2687 750 2740 εἴποιεν
781 2687 862 2740 ὅτι
889 2687 965 2750 ὼς
1010 2687 1163 2740 οὐδὲν
1194 2687 1295 2753 ὢν,
1330 2687 1654 2756 ὲλήλεγκται
1685 2686 1866 2738 αὑτῶν

287 2785 323 2854 ἡ
349 2783 576 2852 δόκησις
609 2782 706 2852 τῆς
755 2782 886 2853 περὶ
933 2783 1172 2854 Χριστοῦ
1215 2784 1495 2854 νεότητος·
1532 2783 1618 2836 ἵνα
1655 2783 1712 2838 δὲ
1765 2784 1867 2836 κάν

287 2874 468 2945 τούτῳ
502 2874 762 2946 δειχθείεν
801 2875 1146 2946 ψευδόμενοι,
1179 2875 1288 2930 ἰδοὺ
1323 2879 1382 2930 ἑν
1424 2879 1492 2948 τῇ
1547 2876 1870 2947 γενεαλογίᾳ

287 2967 388 3021 τοῦ
421 2965 648 3037 Κυρίου,
685 2966 884 3037 Ἰωσὴφ
931 2965 1024 3020 τὸν
1060 2968 1346 3039 μνηστῆρα
1397 2967 1496 3035 τῆς
1543 2967 1866 3037 Δεσποίνης,

291 3059 411 3111 υἱὸν
442 3057 592 3126 λέγει
645 3056 740 3110 τοῦ
787 3057 954 3121 Ἠλεὶ,
997 3057 1172 3112 καίτοι
1209 3059 1269 3120 ἐξ
1326 3057 1520 3111 Ἰακὼδ
1550 3059 1710 3125 φύσει
1739 3057 1868 3110 ὄντα

293 3149 389 3202 τοῦ
435 3147 662 3216 ἀδελφοῦ
709 3148 876 3201 αὑτοῦ
916 3148 1280 3216 πρωτότοκον,
1312 3146 1450 3200 ἀλλὰ
1495 3148 1639 3200 κατὰ
1680 3149 1865 3216 νόμον,

295 3241 508 3293 ἐκείνου
541 3239 761 3309 σπέρμα
790 3237 884 3290 τοῦ
913 3239 1444 3308 προτελευτῆσαντος
1467 3237 1694 3302 ἄπαιδος
1722 3238 1872 3290 ἀδελ-

297 3329 400 3398 φοῦ
435 3328 933 3401 ὰναγορευόμενον·
977 3327 1059 3380 ἔτι
1100 3327 1157 3380 δὲ
1207 3326 1267 3380 τὺ
1313 3327 1640 3398 τρανότερον
1689 3326 1869 3380 αὑτῶν

299 3418 542 3490 γυμνοῦν
581 3419 683 3490 τὴν
729 3416 923 3488 διπλῆν
968 3416 1244 3485 ἀσέϐειαν,
1273 3415 1552 3488 εἴποιμεντ
1581 3419 1657 3482 ὡς
1683 3419 1746 3472 Ei
1775 3418 1869 3471 καὶ

302 3512 378 3584 μὴ
409 3511 822 3584 συναριθμεῖται
847 3514 876 3565 ὁ
896 3511 1042 3566 θέσει
1067 3513 1196 3576 Υἱὸς
1216 3511 1312 3566 τοῦ
1327 3511 1463 3566 Θεοῦ
1487 3513 1723 3584 Χριστὸς
1746 3510 1869 3566 καθ’

299 3604 444 3672 ὑμᾶς
483 3603 560 3674 τῷ
595 3603 756 3672 φύσει
785 3603 900 3675 1⁸ἱῷ
941 3603 1234 3674 καὶιΛόγῳ
1261 3603 1355 3657 τοῦ
1386 3603 1542 3670 Θεοῦ,
1575 3603 1870 3659 κάντεῦθεν

297 3693 391 3747 δύο
431 3695 581 3757 υἱοὺς
623 3692 948 3765 πρεσϐεύειν
995 3695 1094 3764 οὐχ
1119 3693 1444 3760 ἁλίσκεσθες
1471 3693 1612 3748 Ἀλλ’
1635 3695 1758 3748 ἐπεὶ
1789 3711 1869 3748 τι·

299 3784 390 3846 νός
407 3787 524 3838 ἐστι
545 3785 640 3838 καὶ
661 3787 821 3850 αὐτὸς
848 3787 1008 3856 φύσει
1030 3787 1180 3850 Υἱὸς,
1203 3787 1421 3850 πάντως
1444 3787 1540 3839 καὶ
1553 3787 1673 3840 καθ’
1701 3788 1867 3858 ὑμᾶς,

299 3875 466 3947 ἥγουν
509 3876 606 3930 τοῦ
655 3876 944 3950 ἀνθρώπου
965 3894 978 3906 ·
1013 3879 1073 3931 οὑ
1122 3877 1232 3951 γὰρ
1266 3879 1374 3932 ἀπὸ
1404 3883 1750 3952 ταυτομάτου
1779 3899 1871 3949 γε-

1894 3099 1937 3158 C

1968 1863 2090 1928 Dei,
2132 1877 2233 1933 per
2277 1873 2530 1921 naturam
2580 1865 2760 1922 Verbo
2806 1867 2906 1938 (5),
2951 1867 3057 1923 hoc
3107 1869 3540 1935 demonstratur,

1968 1954 2202 2019 scilicet,
2237 1954 2410 2010 ﬁlium
2456 1972 2555 2027 per
2587 1957 2939 2028 adoptionem
2988 1959 3072 2014 vel
3118 1959 3248 2030 quia
3296 1969 3539 2030 praestat,

1968 2043 2056 2098 vel
2101 2044 2232 2115 quia
2271 2045 2411 2100 nihil
2438 2048 2680 2102 omnino
2722 2057 2830 2114 est,
2875 2049 2930 2103 in
2965 2065 3256 2105 numerum
3305 2049 3542 2106 ﬁliorum

1969 2150 2080 2190 non
2111 2150 2234 2192 esse
2274 2144 2610 2193 venturum:
2656 2153 2844 2210 porro,
2877 2142 2921 2194 si
2951 2150 3208 2210 tanquam
3251 2152 3542 2212 prastans,

1969 2239 2100 2297 ergo
2127 2227 2384 2293 Joannes,
2407 2229 2462 2284 in
2483 2230 2728 2286 Dominae
2753 2231 2900 2296 ﬁliis,
2940 2231 3137 2287 melior
3175 2243 3260 2288 est
3281 2232 3538 2293 Domino.

1968 2329 2026 2377 et
2047 2321 2191 2392 apud
2242 2322 2413 2378 Deum
2456 2323 2672 2378 Patrem
2722 2317 2890 2379 homo
2931 2324 3182 2380 absolute
3226 2325 3421 2379 melior
3458 2331 3546 2378 est

1970 2416 2193 2472 Verbo:
2244 2416 2394 2487 quod
2442 2416 2488 2472 si
2543 2427 2800 2486 tanquam
2845 2417 3021 2488 pejor,
3062 2415 3340 2486 quomodo
3389 2415 3544 2486 pejor

1971 2523 2117 2563 unus
2147 2507 2294 2564 ﬁlius
2325 2516 2412 2565 est
2433 2523 2560 2564 cum
2585 2507 2860 2564 meliore?
2901 2506 3020 2562 Non
3062 2508 3210 2561 enim
3251 2521 3422 2560 unum
3451 2505 3540 2560 di-

1969 2615 2126 2655 versa
2154 2609 2368 2671 rogant.

2043 2688 2150 2744 Sed
2176 2699 2233 2746 et
2270 2690 2316 2744 si
2351 2689 2570 2744 dicant:
2598 2689 2726 2759 quia
2755 2687 2889 2742 nihil
2923 2697 3028 2752 est,
3059 2688 3310 2758 arguitur
3350 2702 3542 2742 eorum

1971 2779 2160 2850 opinio
2182 2780 2251 2836 de
2275 2779 2476 2836 Christi
2515 2781 2806 2835 ﬁliatione.
2843 2780 3046 2834 Verum
3073 2788 3134 2834 ut
3163 2779 3218 2834 in
3247 2779 3352 2834 hoc
3373 2781 3544 2834 etiam

1971 2871 2264 2928 mendaces
2297 2871 2680 2937 ostendantur,
2714 2871 2772 2926 in
2811 2871 3028 2926 Domini
3059 2870 3397 2942 genealogis,
3447 2869 3544 2925 Jo-

1971 2962 2128 3032 seph,
2175 2963 2422 3018 Domina:
2463 2979 2718 3034 sponsus,
2771 2963 2976 3018 dicitur
3014 2962 3160 3018 ﬁlius
3199 2963 3338 3026 Heli,
3371 2977 3544 3030 quan-

1971 3067 2138 3120 quam
2167 3067 2237 3106 ex
2261 3053 2452 3118 Iacob,
2482 3055 2650 3123 hujus
2679 3053 2870 3117 fratre,
2899 3062 3094 3108 natura
3117 3052 3540 3122 primogenitae.

1970 3143 2066 3199 sed
2091 3144 2246 3214 juxta
2277 3145 2474 3214 legem,
2517 3145 2666 3200 illius
2688 3153 2850 3199 antea
2896 3160 3018 3199 stne
3058 3145 3252 3200 liberis
3295 3143 3543 3200 defuncti

1968 3236 2156 3290 fratris
2183 3252 2369 3292 semen
2406 3237 2734 3292 declaratus.
2765 3238 2846 3292 Ad
2886 3237 3132 3307 apertius
3163 3245 3344 3291 autem
3377 3235 3536 3291 dete-

1967 3326 2202 3398 gendam
2253 3343 2448 3382 eorum
2493 3329 2768 3397 duplicem
2804 3329 3163 3398 impietatem,
3209 3327 3459 3384 dicamus
3482 3340 3543 3383 et

1970 3419 2150 3474 istud:
2177 3419 2231 3474 Si
2254 3421 2408 3491 juxta
2438 3435 2536 3476 vos
2560 3421 2732 3474 Filius
2759 3420 2855 3475 Dei
2889 3435 2987 3489 per
3011 3420 3362 3490 adoptionem
3387 3402 3544 3476 Chri-

1971 3521 2088 3566 stus
2109 3526 2218 3567 non
2239 3527 2349 3566 uno
2373 3526 2606 3567 numero
2628 3513 2891 3584 jungatur
2910 3510 3050 3566 Filio
3075 3525 3174 3581 per
3199 3519 3454 3565 naturam
3481 3519 3541 3564 et

1969 3605 2152 3662 Verbo
2189 3606 2307 3668 Dei,
2335 3605 2533 3660 exinde
2567 3604 2708 3660 duos
2745 3603 2887 3660 ﬁlios
2912 3611 3162 3660 astruere
3190 3617 3377 3660 nonne
3404 3618 3541 3659 con-

1969 3697 2313 3753 vincemini?
2354 3702 2425 3752 At
2463 3712 2624 3762 vero,
2670 3711 2795 3752 cum
2829 3706 2884 3750 et
2913 3697 3029 3766 ipse
3061 3696 3224 3766 plane
3257 3695 3541 3765 cujusdam

1969 3787 2040 3842 sit
2072 3796 2267 3842 natura
2301 3787 2464 3854 ﬁlius,
2495 3786 2554 3844 ei
2589 3789 2743 3860 juxta
2781 3803 2900 3852 vos,
2948 3787 3205 3850 hominis,
3241 3801 3352 3840 non
3391 3786 3544 3842 enim

1969 3889 2272 3951 spontanee
2297 3889 2595 3952 generatus
2621 3889 2726 3946 est,
2767 3880 2996 3936 evidens
3041 3888 3128 3934 est
3165 3879 3341 3945 illum,
3374 3878 3543 3933 etiam

300 3967 544 4039 γένηται,
572 3970 730 4040 δῆλον
759 3972 835 4036 ὡς
863 3973 990 4037 Υἱός
1031 3975 1204 4040 ἔστιν,
1239 3977 1287 4028 εἰ
1335 3976 1428 4028 καὶ
1458 3975 1532 4046 μὴ
1564 3975 1722 4042 Θεοῦ,
1753 3976 1869 4029 ἀλλ’

1971 3973 2118 4042 iuxta
2149 3987 2268 4036 vos,
2293 3972 2340 4026 si
2376 3987 2488 4027 non
2519 3973 2638 4039 Dei,
2673 3981 2729 4027 at
2759 3980 2911 4028 certe
2950 3971 3264 4027 necessario
3309 3971 3545 4040 alicujus

301 4059 451 4128 ὅμως
475 4061 690 4122 πάντως
722 4062 865 4126 τινὸς
899 4064 1193 4134 προσώπου
1232 4065 1392 4134 φύσει
1423 4068 1510 4119 καὶ
1539 4065 1662 4119 καθ’
1689 4067 1866 4136 ὑμᾶς·

298 4152 488 4205 τοῦτον
515 4153 607 4206 οὖν
645 4156 736 4212 τὸν
781 4155 842 4208 οὑ
881 4154 1034 4219 Θεὸν,
1062 4157 1184 4210 οὑδὲ
1225 4157 1362 4210 Θεοῦ
1412 4158 1572 4228 φύσει
1601 4158 1748 4224 Υιὸν,
1777 4161 1868 4212 ἀν-

1964 4081 2237 4136 personae,
2270 4075 2464 4121 natura
2491 4065 2661 4121 ﬁlium
2685 4081 2827 4122 esse.
2869 4065 3028 4122 Hunc
3049 4065 3218 4137 igitur
3238 4081 3349 4120 non
3369 4065 3541 4120 Deum

1969 4176 2073 4217 nec
2119 4161 2218 4216 Dei
2261 4160 2570 4214 naturalem
2613 4160 2836 4224 Filium,
2887 4161 2984 4216 sed
3023 4161 3180 4232 juxta
3223 4173 3323 4215 vos
3369 4160 3542 4215 ﬁlium

301 4241 521 4312 θρώπου
549 4247 607 4300 δὲ
633 4246 794 4317 φύσει
824 4247 956 4301 Υῐὺν
985 4249 1107 4303 καθ’
1133 4251 1296 4321 ὑμᾶς,
1331 4252 1424 4306 καὶ
1449 4253 1540 4306 τὸν
1561 4255 1722 4322 φύσει
1744 4255 1869 4308 Υἱὸν

1971 4249 2212 4303 hominis
2253 4248 2584 4314 naturalem,
2615 4258 2673 4302 et
2715 4250 3020 4303 naturalem
3051 4245 3249 4304 Filium
3279 4250 3377 4306 Dei
3407 4250 3544 4307 Ver-

301 4335 395 4388 τοῦ
441 4336 576 4390 Θεοῦ
627 4339 824 4408 Λόγον,
878 4339 971 4394 δύο
1014 4340 1164 4404 υῑούς
1209 4359 1381 4411 φατεο
1413 4344 1446 4414 ἢ
1473 4345 1593 4398 οὑδὲ
1620 4345 1728 4410 Σὴθ
1778 4347 1869 4400 τὸν

1971 4340 2124 4405 bum,
2174 4339 2312 4394 duos
2365 4337 2507 4394 ﬁlios
2555 4339 2765 4405 dicitis,
2808 4339 2894 4394 vel
2939 4353 3121 4410 neque
3164 4339 3322 4405 Seth,
3372 4339 3546 4396 ﬁlium

304 4426 416 4478 υἱὸν
455 4429 646 4498 ’Λδὰμ,
679 4431 772 4483 καὶ
802 4431 893 4486 τὸν
923 4432 1094 4498 Λόγον
1123 4431 1217 4486 τοῦ
1245 4433 1402 4502 Θεοῦ,
1427 4435 1521 4490 δύο
1555 4439 1704 4502 υἱοὺς
1729 4439 1869 4509 ἐρεῖ-

1971 4431 2166 4496 Adam,
2208 4439 2265 4484 et
2309 4430 2550 4487 Verbum
2586 4430 2704 4496 Dei,
2755 4441 2946 4501 utpote
2992 4431 3158 4486 unius
3207 4439 3264 4486 et
3316 4431 3548 4488 alterius

301 4533 383 4581 τε,
417 4517 604 4589 ἑτέρου
645 4522 738 4572 καὶ
780 4523 968 4593 ἑτέρου
1011 4524 1172 4588 ὄντας
1239 4526 1409 4591 υἱούς.
1466 4527 1528 4582 Εἰ
1569 4529 1626 4582 δὲ
1688 4530 1867 4598 τοῦτο,

305 4607 522 4671 ’πάντως
561 4608 720 4678 δῆλον
753 4612 827 4675 ὡς
858 4612 952 4667 δύο
991 4632 1090 4684 μεν
1137 4617 1285 4679 uicit;
1325 4617 1460 4683 ἴστε,
1490 4618 1581 4670 τόν
1611 4636 1670 4672 τε
1697 4620 1870 4690 Λόγον

304 4697 398 4748 καὶ
416 4698 507 4750 τὸν
531 4699 765 4769 Χριστόν
786 4717 798 4730 ·
822 4701 1008 4776 ὥσπερ
1021 4699 1114 4758 οὖν
1141 4704 1340 4759 καὶδύο
1363 4705 1630 4775 πρόσωπα
1650 4707 1835 4776 λέγετε
1855 4727 1868 4740 ·

305 4786 418 4840 ἀλλ’
457 4788 578 4842 οὑδὲ
605 4789 760 4854 Θεὸν,
792 4793 910 4844 οὑδὲ
941 4793 1076 4846 Θεοῦ
1107 4795 1235 4848 Υἱὸν
1269 4797 1362 4850 τὸν
1410 4797 1666 4864 Χριστὸν,
1711 4801 1873 4868 μόνον

302 4880 356 4932 δὲ
373 4881 526 4948 ψιλὸν
557 4883 670 4936 υἱὸν
701 4883 830 4938 ὄντα
858 4885 979 4937 καθ’
997 4887 1141 4956 ἡμᾶς
1173 4887 1298 4952 τοὺς
1319 4888 1639 4958 ἀνθρώπους
1659 4890 1872 4960 ἀνθρώ-

304 4989 408 5026 που
434 4989 448 5005 ο
479 4973 648 5028 ταῦτα
678 4975 734 5028 δὲ
764 4973 830 5045 ἦν
868 4977 1006 5030 αὑτὰ
1037 4977 1074 5032 ἃ
1109 4979 1274 5032 πάλαι
1321 4979 1712 5052 ἐγκαλούμενοι
1740 4985 1872 5054 παρ’

305 5064 483 5134 ἡμῶν,
531 5066 696 5137 ἄλλην
728 5067 962 5137 ἀλλοιχοῦ
1003 5069 1390 5136 διεκδύνοντες,
1435 5072 1618 5126 λαθεῖν
1659 5075 1872 5146 ἐμηχα-

305 5157 468 5210 νᾶσθε
488 5173 501 5186 ·
535 5158 627 5212 καὶ
663 5159 770 5212 ἰδοὺ
801 5159 1006 5231 θατέρᾳ
1040 5160 1274 5232 θατέραν
1303 5163 1622 5228 κακοδοξίαν
1659 5165 1870 5218 ἑαυτῶν

303 5247 648 5320 διηλέγξατε·
683 5249 840 5302 τοῦτο
871 5251 1130 5314 πολλάκις
1155 5253 1256 5304 κὰν
1285 5255 1396 5316 τοῖς
1423 5253 1744 5323 δαιμονιῶσι
1769 5257 1869 5325 τῆς

303 5341 455 5404 θείας
499 5343 780 5412 δυνάμεως
840 5343 1160 5412 δεικνύσης,
1204 5346 1297 5396 καὶ
1345 5344 1868 5414 καταναγκαζούσης

303 5433 389 5488 διὰ
417 5433 524 5487 τῶν
552 5435 732 5502 ἁγίων
750 5433 932 5502 λέγειν
958 5435 1156 5499 αὑτοὺς
1193 5437 1319 5498 τοὺς
1347 5429 1608 5504 δαίμονας
1634 5436 1870 5501 ἄκοντας

1972 4524 2138 4588 ﬁlios,
2173 4522 2312 4578 duos
2341 4521 2484 4577 ﬁlios
2517 4520 2830 4592 loquimini.
2864 4522 2972 4577 Sed
3005 4523 3051 4576 si
3083 4523 3156 4578 ita
3181 4532 3285 4586 est,
3319 4537 3546 4592 prorsus

1971 4623 2120 4684 patet
2151 4614 2298 4684 quod
2340 4629 2439 4668 vos
2480 4613 2621 4668 duos
2658 4613 2799 4668 ﬁlios
2840 4613 3160 4684 agnoscitis,
3206 4613 3450 4686 Verbum
3489 4623 3548 4667 et

1971 4705 2288 4768 Christum,
2339 4704 2806 4774 quemadmodum
2860 4703 3038 4772 reipsa
3090 4703 3231 4758 duas
3280 4717 3548 4773 personas

1972 4795 2178 4860 dicitis,
2212 4809 2406 4849 verum
2437 4811 2618 4864 neque
2641 4796 2813 4850 Deum
2844 4809 3025 4864 neque
3050 4795 3246 4849 Filium
3267 4795 3361 4848 Dei
3386 4793 3548 4850 Chri-

1976 4895 2142 4952 stum,
2174 4887 2268 4942 sed
2296 4901 2509 4941 merum
2537 4895 2595 4940 et
2617 4886 2944 4955 simplicem,
2973 4887 3115 4942 sicut
3145 4901 3246 4942 nos
3269 4885 3544 4952 homines,

1979 4977 2152 5030 ﬁlium
2189 4975 2453 5040 hominis.
2493 4971 2618 5029 llaec
2663 4984 2848 5030 autem
2899 4987 3060 5031 erant
3093 4977 3210 5046 ipsa
3231 4977 3300 5032 de
3347 4977 3549 5048 quibus

1975 5081 2006 5119 a
2056 5066 2218 5120 nobis
2271 5067 2572 5132 criminati,
2623 5068 2718 5122 alii
2765 5069 2872 5122 alio
2919 5067 3292 5140 diﬁ'ugientes,
3322 5069 3546 5140 jamjam

1973 5157 2146 5212 latere
2174 5157 2658 5214 machinabamini.
2687 5159 2754 5214 Et
2777 5175 2905 5215 ecce
2939 5175 3100 5215 unam
3127 5160 3231 5216 alia
3260 5175 3548 5230 perversae

1972 5251 2253 5309 doctrinas
2287 5264 2498 5310 vestras
2527 5254 2870 5324 prodidistis.
2904 5255 3016 5310 lloc
3045 5270 3188 5326 saepe
3228 5255 3420 5311 videre
3461 5265 3549 5308 est

1975 5345 2030 5400 in
2061 5345 2432 5424 daemoniacis,
2469 5347 2655 5402 divina
2689 5347 2936 5420 potentia
2977 5347 3242 5418 prodente
3290 5351 3548 5414 cogente-

1975 5453 2104 5508 que,
2149 5438 2349 5493 mediis
2372 5439 2567 5502 sacris,
2601 5439 2750 5509 ipsos
2794 5439 3072 5494 daemones
3117 5451 3246 5492 suos
3287 5435 3456 5490 calles
3489 5445 3548 5488 et

302 5525 401 5586 τὰς
431 5525 638 5578 ἑαυτῶν
666 5525 887 5594 ἐφόδους
913 5527 1004 5578 καὶ
1045 5527 1332 5590 ἐπιϐουλὰς
1361 5527 1456 5580 καὶ
1487 5529 1749 5598 πονηρίας
1774 5529 1869 5590 τὰς

1977 5527 2206 5584 consilia
2242 5535 2298 5582 et
2330 5528 2610 5597 nequitias
2637 5543 2766 5600 erga
2799 5541 3217 5600 energumenos,
3251 5523 3424 5580 invite
3457 5523 3548 5580 di-

373 5699 453 5772 (5)
483 5697 766 5766 Siquidem
806 5714 1076 5754 numerus
1111 5701 1166 5754 in
1192 5699 1343 5770 ﬁlios
1365 5715 1464 5769 per
1489 5710 1743 5756 naturam
1767 5700 1933 5756 cadit.
