3852 6134
371 241 503 311 1617

1663 243 1976 306 LEONTII
2016 246 2419 312 BYZANTINI

3496 254 3667 320 1648

363 371 514 421 cere,
543 363 602 408 ut
632 368 731 424 per
761 353 1090 424 semetipsos
1119 353 1374 425 proprias
1401 349 1662 424 perﬁdias
1685 362 1913 424 tanquar

2016 359 2192 417 ,κατὰ
2241 359 2353 413 τῶν
2393 363 2807 434 ἐνεργουμένων
2830 381 2842 395 ο
2879 365 2967 418 ινα
3003 366 3070 419 δι’
3103 365 3310 420 ἑαυτῶν
3353 368 3459 429 τὰς
3497 371 3666 432 ἰδίεις

363 444 770 516 triumphantes
819 443 1126 513 producant
1172 454 1370 497 etnon
1419 441 1642 496 aliunde
1666 442 1936 512 perinvi-

363 538 513 593 diam
559 533 716 590 illudi
753 521 1063 589 videantur.
1097 533 1354 588 Attamen
1383 547 1488 588 nec
1520 531 1938 587 ratiocinatione

362 645 468 686 nec
513 627 909 700 principiorum
952 625 1317 696 expositione,
1368 623 1646 695 quomodo
1691 621 1939 678 diversas

359 735 624 792 personas
670 733 778 773 non
825 717 966 772 duos
1017 717 1162 772 ﬁlios
1208 731 1330 772 esse
1379 716 1590 781 dicant,
1644 713 1938 770 ostendere

358 812 626 874 valentes,
677 826 825 866 nunc
857 809 1125 880 exemplis
1167 808 1300 863 illud
1343 807 1510 863 nobis
1553 807 1935 864 demonstrare

303 977 311 983 .
358 901 552 955 volunt
585 909 641 954 et
671 899 898 955 dicunt:

989 1013 1141 1069 CAP.
1180 1012 1298 1067 ΧΠ.

429 1134 584 1202 Saepe
611 1145 702 1185 res
728 1135 926 1182 natura
957 1125 1203 1179 diversas
1242 1138 1352 1178 uno
1396 1123 1618 1180 nomine
1655 1121 1930 1195 designari

357 1239 576 1294 unaque
597 1219 789 1275 haberi
817 1215 1179 1273 aestimatione
1201 1215 1422 1286 dignas;
1450 1215 1546 1270 sed
1573 1215 1746 1269 nihilo
1773 1229 1934 1284 pror-

359 1330 456 1371 sus
515 1315 653 1370 duas
705 1307 969 1379 reputari.
1031 1307 1244 1376 Corpus
1285 1306 1433 1360 enim
1477 1321 1599 1361 esse
1650 1307 1932 1362 credimus

355 1413 414 1460 et
442 1403 764 1466 Ecclesiam,
795 1408 851 1454 et
880 1413 1076 1469 panem
1103 1405 1375 1460 sanctum,
1404 1405 1462 1450 et
1487 1395 1847 1460 cruciﬁxum;
1875 1403 1932 1448 et

358 1506 510 1553 certe
563 1493 712 1549 aliud
757 1501 920 1561 atque
962 1489 1109 1544 aliud
1155 1488 1589 1559 unumquodque
1621 1503 1846 1553 eorum;
1873 1495 1930 1542 et

355 1590 718 1646 nihilominus
761 1586 890 1640 ideo
926 1585 1030 1639 tria
1072 1583 1276 1640 Christi
1315 1598 1544 1652 corpora
1590 1581 1776 1636 dicere
1813 1595 1926 1634 non

2041 452 2422 522 θριαμϐεύωσι
2447 455 2801 526 μιαρότητας,
2834 457 2926 510 καὶ
2957 455 3032 528 μὴ
3064 459 3154 524 ὑφ’
3182 459 3390 530 ἑτέρων
3421 460 3668 526 δόξαιεν

2039 543 2107 596 δι’
2137 544 2441 616 ἀπέχθειαν
2491 548 2974 616 συκοφαντεῖσθαι.
3036 549 3178 602 Ἀλλ’
3209 549 3334 604 οὕτε
3375 552 3668 620 συλλογι-

2040 637 2264 702 στικῶς,
2320 636 2448 692 οὔτε
2508 641 2888 709 αίτιολογικῶς
2925 641 3192 696 δεικνύειν
3232 645 3381 708 ὅπως
3432 646 3498 697 ού
3545 645 3664 698 δύο

2037 727 2188 792 υἱούς
2247 747 2414 797 φασιν
2451 727 2588 785 εἶναι
2614 733 2680 785 τὰ
2707 732 2941 803 διάφορα
2974 734 3242 802 πρόσωπα
3279 735 3660 807 δυνηθέντες,

2036 819 2133 872 νῦν
2178 822 2702 894 παραδειγματικῶς
2745 825 2874 894 ἡμῖν
2938 825 3096 880 τοῦτο
3143 826 3430 896 βούλονται
3487 842 3664 900 παρ-

2035 912 2297 980 ιστάνειν,
2331 915 2426 969 καί
2461 931 2646 984 φασιν·

2613 1031 2869 1086 ΚΕΦΛΛ.
2912 1032 3012 1086 IB'.

2106 1141 2232 1196 Ὀτι
2281 1141 2542 1206 πολλάκις
2583 1145 2653 1197 τὰ
2691 1144 2924 1216 διάφορα
2972 1147 3038 1216 τῇ
3073 1145 3253 1217 φύσει,
3279 1147 3359 1200 ἐνὶ
3383 1149 3646 1217 ὀνόματι

2032 1235 2528 1306 προσαγορεύεται,
2579 1236 2674 1290 καὶ
2726 1239 2855 1307 μιᾶς
2902 1239 3068 1306 τιμῆς
3111 1239 3374 1307 ἠξίωται·
3423 1241 3525 1294 δύο
3569 1243 3644 1295 δὲ

2030 1331 2153 1384 οὐδὲ
2188 1331 2325 1394 ὅλως
2363 1334 2592 1384 vagit-av
2633 1331 2793 1400 σῶμα
2830 1334 2939 1400 γὰρ
2978 1334 3307 1402 πιστεύομεν
3341 1330 3489 1388 εἶναι
3523 1339 3642 1406 τήν

2029 1440 2086 1478 τε
2127 1422 2476 1492 Ἐκκλησίαν,
2508 1423 2602 1476 καὶ
2637 1425 2726 1477 τὸν
2751 1425 2904 1492 ἅγιον
2934 1426 3118 1494 ἄρτον.
3153 1427 3246 1480 καὶ
3268 1427 3330 1480 τὸ
3358 1445 3640 1498 σταυρωο

2029 1514 2122 1568 θέν
2143 1531 2156 1547 ·
2191 1514 2365 1567 καίτοι
2419 1514 2547 1568 ἄλλο
2576 1517 2666 1567 καὶ
2684 1514 2810 1568 ἄλλο
2831 1515 3060 1570 ἕκαστον
3080 1517 3284 1570 τούτων
3303 1537 3318 1550 ο
3339 1521 3440 1572 καὶ
3465 1521 3643 1585 ὅμως

2027 1605 2090 1658 οὐ
2121 1604 2210 1658 διὰ
2229 1604 2515 1674 τόδε-,τρία
2552 1603 2781 1674 σώματα
2807 1605 2990 1673 λέγειν
3019 1607 3254 1675 Χριστοῦ
3286 1609 3640 1676 εἰσπραττό-

355 1679 760 1750 compellimur.
794 1675 996 1731 Verum
1027 1674 1254 1729 evidens
1281 1681 1366 1726 est
1393 1672 1549 1742 quasi
1573 1671 1778 1726 Christi
1806 1685 1913 1724 cor-

2033 1697 2192 1766 μεθα.
2229 1695 2389 1748 ’Λλλὰ
2412 1695 2570 1765 δῆλόν
2595 1697 2732 1760 ἐστι,
2764 1697 2935 1760 ὅτιὼς
2959 1697 3196 1770 Χριστοῦ
3225 1707 3482 1768 σώματα,
3514 1702 3634 1754 οὐκ

355 1787 490 1844 pora
535 1785 646 1824 non
690 1783 810 1824 esse
844 1767 955 1822 duo
1001 1766 1088 1821 vel
1127 1764 1263 1818 tria:
1296 1778 1420 1822 nam
1459 1772 1752 1834 propterea
1777 1760 1924 1831 quod

355 1860 792 1931 unumquodque
820 1873 1014 1914 eorum
1046 1856 1300 1912 eumdem
1330 1856 1622 1926 participat
1643 1855 1920 1924 spiritum,

352 1953 490 2009 iilud
542 1952 764 2022 quidem
823 1950 1178 2013 cruciﬁxum,
1223 1956 1551 2018 ungentem,
1597 1946 1746 2001 hunc
1790 1960 1924 2000 vero

349 2062 585 2118 panem,
634 2051 971 2108 sacrantem;
1007 2040 1310 2097 Ecclesium
1357 2049 1563 2104 autem,
1615 2053 1712 2093 sua
1755 2047 1924 2092 totam

349 2135 853 2194 communicatione
929 2132 1398 2196 sanctilicantcm,
1466 2131 1649 2186 omnia
1718 2143 1926 2200 corpus

350 2228 559 2285 Christi
601 2235 918 2282 censentur.
951 2225 1235 2294 Tanquam
1264 2221 1686 2293 igitur-Christi,
1718 2235 1918 2284 unum;

351 2322 395 2376 si
443 2331 626 2374 autem
679 2319 796 2373 haec
841 2317 1169 2387 simpliciter
1211 2323 1274 2370 ut
1315 2329 1549 2384 corpora
1591 2313 1922 2385 iudicamus,

349 2410 456 2465 tria
496 2418 648 2473 sunt,
689 2423 910 2478 nempe,
943 2422 1148 2477 corpus
1167 2405 1370 2461 Christi
1403 2405 1710 2474 proprium.
1742 2412 1798 2457 et
1823 2419 1922 2472 pa-

348 2503 459 2564 nis,
495 2511 553 2556 et
595 2499 864 2555 Ecclesia.
911 2499 971 2554 Si
1011 2513 1144 2568 ergo
1185 2497 1266 2553 sic
1297 2497 1535 2552 Verbum
1573 2505 1630 2551 et
1666 2495 1922 2550 Christus

349 2588 501 2644 aliud
553 2588 688 2657 quid
738 2603 1031 2642 commune
1084 2587 1444 2660 participant,
1501 2596 1558 2641 ct
1599 2587 1766 2642 ambo
1813 2586 1920 2640 hoc

349 2679 548 2735 eodem
603 2676 929 2732 llliationem
959 2678 1075 2732 .Dci
1119 2679 1434 2743 obtineant,
1485 2677 1618 2746 quid
1662 2677 1734 2731 sit
1787 2677 1920 2733 illud

348 2771 559 2837 dicant,
595 2784 812 2826 necnon
849 2769 983 2841 quid
1008 2776 1155 2825 esset
1181 2785 1278 2824 sua
1313 2768 1648 2839 proprietate
1686 2765 1920 2822 Verbum

348 2864 556 2934 absque
607 2875 695 2927 eo,
742 2876 841 2932 per
880 2862 1028 2931 quod
1058 2861 1229 2916 Filius
1279 2861 1375 2916 Dei
1421 2860 1627 2916 factum
1670 2867 1776 2916 est.
1815 2859 1918 2916 Ubi

347 2969 480 3010 sane
517 2968 689 3008 unum
731 2964 789 3007 et
829 2952 974 3008 idem
994 2951 1230 3009 diversis
1266 2952 1477 3007 naturis
1503 2951 1694 3008 datum
1721 2951 1918 3006 Filium

2027 1787 2134 1840 εἰσὶ
2160 1785 2255 1847 δύο
2277 1787 2310 1857 ἢ
2342 1786 2492 1855 τρίαο
2522 1785 2610 1838 διὰ
2629 1787 2734 1856 γὰρ
2767 1787 2829 1840 τὸ
2855 1786 2950 1840 τοῦ
2975 1787 3139 1840 αὑτοῦ
3164 1787 3480 1857 πνεύματος
3515 1807 3634 1860 με-

2027 1881 2246 1950 τασχεῖν
2287 1878 2494 1932 τούτων
2525 1879 2777 1942 ἕκαστον,
2806 1879 2898 1932 τοῦ
2929 1880 3216 1949 χρίσαντὸς
3260 1897 3321 1933 τε
3350 1881 3415 1933 τὸ
3440 1897 3630 1935 atau-

2026 1965 2199 2038 ρωθὲν
2229 1969 2421 2032 ἐκεῖνο,
2455 1969 2551 2022 καὶ
2578 1968 2900 2038 ἁγιάζοντος
2925 1966 3116 2021 τοῦτον
3157 1969 3246 2022 τὸν
3288 1969 3479 2039 ἄρτον,
3515 1972 3626 2024 καὶ

2025 2059 2124 2130 τὴν
2183 2058 2510 2131 Ἐκκλησίαν
2558 2059 2720 2113 πάλιν
2763 2060 2854 2112 διὰ
2895 2059 2991 2128 τῆς
3039 2060 3394 2129 μεταλήψεως
3436 2061 3622 2114 αὑτοῦ

2025 2151 2206 2204 πᾶσαν
2238 2149 2669 2218 ἁγιοποιοῦντος,
2718 2149 2878 2218 σῶμα
2918 2149 3152 2220 Χριστοῦ
3198 2150 3445 2203 νοοῦνται
3477 2152 3622 2204 πάν-

2021 2257 2089 2293 τα
2112 2256 2126 2270 ο
2152 2240 2227 2302 ὡς
2253 2241 2489 2311 Χριστοῦ
2512 2235 2626 2305 οὖν,
2657 2241 2716 2292 ἓν
2737 2259 2751 2272 ·
2794 2241 2843 2293 εἰ
2895 2243 3078 2312 μέντοι
3121 2240 3308 2304 ἅπλῶς
3353 2242 3488 2296 τάδε
3525 2243 3617 2304 ὡς

2024 2329 2253 2400 σώματα
2292 2332 2570 2403 κρίνομεν,
2607 2332 2736 2402 τρία
2779 2333 2916 2385 είσίο
2947 2333 3007 2385 τό
3040 2349 3098 2386 τε
3131 2333 3373 2404 Χριστοῦ
3403 2334 3612 2400 ίδικδν,

2023 2423 2170 2477 καὶὸ
2201 2423 2386 2495 ἄρτος,
2435 2426 2528 2478 καὶ
2555 2427 2589 2496 ἡ
2633 2423 2959 2496 Ἐκκλησίαο
3008 2427 3058 2479 εἰ
3103 2421 3198 2480 οὖν
3229 2425 3405 2489 οὕτως
3438 2429 3539 2482 καὶ
3583 2430 3616 2483 δ

2022 2517 2190 2585 Λόγος
2221 2518 2312 2572 καὶ
2340 2519 2368 2570 ό
2392 2519 2627 2588 Χριστὸς
2655 2518 2953 2588 μεταλήψει
2977 2517 3156 2571 κοινοῦ
3196 2536 3341 2582 τινος
3379 2521 3610 2591 ἐτέρου,

2023 2608 2192 2678 ἄμφω
2215 2609 2271 2660 δὲ
2298 2609 2392 2663 τοῦ
2433 2609 2600 2662 αὑτοῦ
2650 2609 3018 2663 υἱοποιοῦνται
3059 2608 3197 2679 Θεῷ,
3223 2609 3275 2662 τί
3303 2610 3468 2664 τοῦτό
3484 2613 3614 2666 ἐστι.

2023 2700 2331 2768 λεγέτωσαν
2360 2719 2375 2732 ·
2403 2703 2499 2754 καὶ
2541 2702 2594 2754 τί
2627 2700 2777 2765 ὄντος
2807 2702 2976 2772 χωρὶς
2999 2701 3150 2755 τοῦδε
3180 2703 3300 2755 κατ’
3333 2704 3476 2756 ίδίαν
3507 2704 3612 2758 τοῦ

2023 2792 2220 2859 Λόγου,
2249 2792 2372 2856 Υίδς
2416 2793 2638 2862 γέγονεν
2659 2795 2687 2845 ὁ
2710 2794 2881 2858 Λόγος
2919 2793 2987 2845 δι’
3013 2793 3222 2847 ἐκείνου
3243 2811 3256 2824 ο
3292 2793 3432 2846 ὅπου
3460 2812 3528 2861 γε
3558 2797 3613 2848 εί

2022 2882 2084 2934 τὸ
2125 2883 2257 2936 αὐτὸ
2291 2881 2348 2935 ἓν
2392 2883 2542 2936 δοθὲν
2571 2883 2848 2954 διαφόροις
2892 2883 3138 2952 φύσεσιν,
3172 2883 3302 2938 Υίδν
3331 2885 3471 2938 Θεοῦ
3503 2889 3614 2940 καὶ

2022 2973 2113 3026 τὸν
2143 2975 2313 3042 Λόγον
2343 2973 2564 3042 ἐποίησε
2601 2975 2691 3026 καὶ
2722 2974 2813 3028 τὸν
2843 2973 3098 3046 Χριστὸν,
3131 2974 3239 3044 ἄρα
3268 2973 3430 3044 φύσει
3471 2975 3613 3032 Υἱδν

344 3044 447 3102 Dei
485 3043 681 3100 fecerit
705 3053 760 3098 et
789 3041 1027 3099 Verbum
1069 3052 1125 3098 et
1159 3042 1465 3109 Christum,
1498 3043 1553 3098 id
1579 3059 1712 3116 ergo
1757 3042 1913 3098 faciet

2021 3065 2156 3119 Θεοῦ
2205 3041 2443 3136 ποιήσει,
2578 3065 2745 3132 θέσει;
2786 3041 3012 3120 καὶντὸν
3056 3041 3228 3136 Λόγον
3265 3041 3405 3120 εἶναι
3456 3071 3612 3124 κατὰ

347 3136 544 3210 Filium
581 3134 678 3190 Dei
717 3144 914 3190 natura
951 3135 1036 3190 vel
1081 3135 1396 3206 adoptione,
1427 3144 1484 3191 et
1522 3135 1765 3190 Verbum
1798 3149 1919 3190 esse

346 3224 649 3282 secundum
681 3222 964 3278 Christum
997 3224 1311 3280 necessario
1337 3224 1616 3280 ostendet.

963 3364 1116 3421 CAP.
1154 3359 1293 3416 Xlll.

413 3483 700 3544 Attamen,
747 3477 1040 3546 inquiunt,
1089 3489 1202 3529 non
1243 3469 1356 3525 duo
1405 3465 1644 3522 dicimus
1698 3463 1910 3534 sigilla,

343 3569 700 3642 archetypum
750 3574 808 3623 et
851 3565 1058 3630 locum,
1092 3562 1190 3618 sed
1233 3573 1426 3623 unum,
1456 3557 1586 3612 licet
1613 3553 1762 3610 aliud
1807 3569 1912 3608 nu-

344 3672 496 3714 mero
523 3657 798 3712 videntes.
825 3653 945 3720 Ast,
977 3667 1011 3708 o
1034 3668 1131 3708 vos
1159 3650 1254 3722 qui
1282 3649 1361 3704 sic
1390 3645 1704 3719 loquimini,
1732 3659 1912 3715 neque

341 3749 484 3804 duos
513 3746 769 3803 homines
803 3754 974 3800 totam
1000 3742 1420 3806 humanitatem,
1451 3751 1633 3810 neque
1655 3737 1768 3793 duo
1795 3736 1912 3790 ani-

343 3837 506 3892 malia
535 3841 710 3892 totum
741 3833 1063 3890 animalium
1091 3847 1284 3902 genus,
1319 3846 1517 3902 nempe
1540 3830 1688 3901 quod
1711 3829 1909 3886 simili-

343 3927 533 3983 tudine
575 3940 868 3984 commune
896 3933 1005 3990 est,
1044 3923 1358 3995 singulatim
1389 3922 1759 3984 nominamus,
1804 3935 1908 3974 nec

339 4033 573 4075 numero
623 4015 894 4089 plurimos
939 4013 1249 4072 videbimus
1287 4029 1408 4069 esse
1451 4023 1508 4068 et
1553 4011 1806 4067 homines
1852 4021 1908 4066 et

338 4111 619 4176 animalia,
663 4117 719 4164 et
765 4107 1014 4175 arbores,
1061 4114 1116 4162 et
1159 4104 1356 4177 sigilla,
1403 4104 1676 4174 siquidem
1711 4118 1904 4158 eorum

335 4199 582 4266 omnium
623 4198 866 4270 speciem
909 4197 966 4250 in
1005 4193 1359 4251 multitudine
1394 4194 1628 4250 similem
1658 4202 1712 4248 et
1741 4208 1904 4246 unam

333 4306 455 4348 esse
483 4290 740 4347 dicimus.
774 4289 1163 4345 Verumtamen
1190 4295 1248 4342 et
1275 4287 1385 4342 duo
1429 4294 1486 4342 et
1523 4286 1652 4352 tria,
1700 4295 1756 4340 et
1804 4284 1903 4339 de-

332 4397 455 4438 cem
483 4382 654 4438 millia
693 4381 929 4437 dicimus
971 4381 1228 4436 animalia
1259 4388 1314 4434 et
1351 4379 1621 4434 homines.
1661 4375 1730 4432 At
1771 4392 1902 4434 vero

329 4475 488 4530 vobis
547 4475 859 4544 exemplum
919 4475 1027 4528 alia
1091 4487 1238 4528 nunc
1293 4473 1616 4528 consiliatur
1663 4486 1727 4527 ac
1775 4485 1898 4540 quae

330 4568 462 4622 olim
507 4567 644 4622 estis
674 4567 884 4637 Opinati
911 4583 926 4620 :
959 4566 1100 4622 duos
1131 4565 1279 4620 enim
1319 4578 1554 4620 numero
1585 4564 1728 4619 ﬁlios
1753 4577 1894 4626 esse,

330 4661 595 4717 ﬁliatione
647 4669 831 4715 tamen
863 4659 1074 4714 similes
1114 4667 1170 4714 et
1203 4673 1314 4714 non
1350 4657 1596 4713 diversas
1631 4653 1894 4720 ostendit,

326 4767 642 4824 quanquam
677 4765 852 4822 usque
882 4749 1047 4806 modo
1074 4749 1344 4806 dicebatis
1371 4749 1532 4804 ambo
1573 4748 1659 4804 vel
1701 4758 1898 4802 natura

329 4845 414 4896 \el
455 4843 756 4913 adoptione
792 4841 936 4898 ﬁlios
967 4855 1090 4897 esse
1119 4850 1397 4913 oportere,
1425 4851 1482 4896 et
1519 4839 1730 4895 similes
1755 4837 1898 4893 ﬁlia-

329 4933 495 4986 tionis
534 4933 720 5002 specie
762 4933 818 4986 in
851 4932 1003 4989 duali
1030 4932 1270 4991 ﬁliorum
1300 4947 1530 4987 numero
1564 4931 1893 5001 computari.

328 5023 499 5092 igitur
526 5024 572 5078 si
599 5023 818 5080 diversa
862 5040 975 5080 non
1015 5035 1102 5083 est
1136 5039 1328 5080 eorum
1370 5022 1652 5078 liliationis
1682 5023 1898 5091 species

327 5125 586 5184 tauquam
636 5114 804 5183 sigilli
848 5115 1076 5171 relative
1117 5115 1187 5170 ad
1232 5115 1620 5185 archetypum,
1668 5122 1897 5184 propter

322 5205 764 5271 similitudinem,
782 5205 929 5275 iuxta
947 5221 1065 5271 vos,
1091 5206 1201 5264 duo
1220 5205 1434 5261 censeri
1452 5211 1717 5278 possunt;
1743 5212 1798 5260 et
1816 5206 1897 5260 sic

321 5297 526 5361 denuo,
544 5297 589 5351 si
614 5294 796 5350 taliter
811 5310 874 5350 ac
891 5311 980 5351 res
998 5297 1205 5353 similes
1219 5295 1284 5352 ad
1303 5312 1360 5352 se
1382 5296 1616 5351 invicem
1635 5295 1894 5351 similitu-

321 5391 507 5446 dinem
530 5389 787 5453 habeant,
823 5389 911 5442 vel
944 5402 1074 5442 caro
1105 5398 1304 5445 natura
1336 5389 1505 5445 Filius
1543 5385 1894 5454 Deieritﬁel

320 5482 489 5538 etiam
519 5481 762 5538 Verbum
808 5480 986 5553 gratia
1018 5480 1126 5535 erit
1150 5481 1246 5537 Dci
1292 5481 1481 5538 Filius.
1513 5481 1620 5537 Sed
1652 5493 1708 5542 et
1734 5483 1896 5540 Pater

319 5574 428 5628 erit
461 5589 630 5630 caro:
661 5590 784 5630 nam
819 5575 1020 5632 similia
1051 5575 1154 5630 sibi
1193 5575 1493 5630 sveundum
1524 5576 1890 5631 substantiam

321 5674 548 5737 generat
572 5667 838 5724 naturalis
859 5678 1033 5741 pater.
1066 5669 1121 5724 Si
1146 5683 1274 5740 ergo
1305 5669 1626 5741 naturaliter;
1671 5684 1891 5724 carnem

2019 3157 2253 3230 Χριστὸν
2278 3157 2442 3222 δείξει
2471 3158 2530 3225 ἐξ
2566 3159 2832 3228 ἀνάγκης.

2601 3357 2852 3412 ΚΕΦΑΛ.
2892 3358 2995 3412 lI“.

2097 3471 2375 3527 Ἀλλ“οὕτε
2405 3471 2498 3526 δύο
2528 3471 2852 3543 σφραγῖδας,
2881 3472 3035 3541 φησὶ,
3060 3471 3314 3542 λέγομεν,
3335 3472 3395 3526 τὸ
3425 3473 3608 3544 ἀρχι-

2011 3584 2184 3620 τυπον
2225 3567 2320 3620 καὶ
2363 3565 2454 3619 τὸν
2479 3565 2666 3630 τόπον,
2701 3563 2840 3618 ἀλλὰ
2871 3561 3021 3633 μίαν,
3053 3562 3232 3616 καίτοι
3277 3564 3468 3634 ἕτερον
3493 3565 3607 3618 καὶ

2009 3659 2196 3732 ἕτερον
2241 3657 2442 3722 εἰδότες
2482 3656 2558 3727 τῷ
2595 3655 2834 3726 ἀριθμῷ.
2879 3654 3043 3719 ’Λλὶ’,
3073 3647 3121 3708 ὧ
3149 3652 3315 3724 οὗτοι,
3338 3657 3417 3726 τῷ
3447 3657 3607 3728 λόγῳ

2011 3749 2166 3822 τῷδε,
2197 3748 2322 3802 οὗτε
2357 3748 2452 3802 δύο
2483 3747 2804 3818 ἀνθρώπους
2840 3749 2948 3818 ἄρα
2991 3751 3174 3804 πᾶσαν
3215 3750 3315 3820 τὴν
3375 3747 3608 3815 ἀνθρω-

2010 3841 2240 3910 πότητα,
2274 3839 2392 3892 οὐδὲ
2420 3837 2514 3892 δύο
2537 3837 2656 3902 ζῶα
2692 3839 2753 3892 τὸ
2779 3840 3011 3893 καθόλου
3049 3839 3206 3906 ζῶον,
3235 3841 3404 3911 ἢγονν
3441 3839 3501 3892 τὸ
3535 3838 3604 3904 ἐξ

2011 3929 2331 3997 ὁμοιότητος
2377 3927 2580 3992 κοινὸν,
2627 3926 2824 3991 ἑνικῶς
2871 3926 3247 3998 ὀνομάζομεν
3295 3927 3417 3980 οὐδὲ
3465 3930 3598 3979 κατ’

2007 4019 2240 4090 ἀριθμὸν
2279 4018 2498 4080 πλείους
2523 4017 2784 4088 εἰσόμεθα
2807 4013 2946 4072 εἶναι
2985 4018 3080 4073 καὶ
3107 4019 3234 4080 τοὺς
3258 4017 3595 4088 ἀνθρώπους

2007 4113 2102 4167 καὶ
2145 4112 2214 4164 τὰ
2265 4109 2382 4175 ζῶα
2421 4110 2517 4163 καὶ
2559 4110 2628 4162 τὰ
2658 4109 2800 4177 φυτὰ
2832 4109 2924 4162 καὶ
2961 4109 3056 4172 τὰς
3079 4109 3384 4180 σφραγῖδας
3413 4124 3426 4139 ·
3458 4112 3591 4162 ἐπεὶ

2008 4205 2192 4274 ὅμοιον
2227 4203 2444 4255 πάντων
2477 4201 2659 4255 αὐτῶν
2705 4217 2888 4271 φαμεν
2913 4201 2972 4254 τὸ
2993 4199 3140 4265 ,εἶδος
3181 4197 3320 4254 εἶναι
3347 4201 3412 4254 τὸ
3439 4204 3592 4255 κατὰ

2005 4296 2066 4349 τὸ
2100 4295 2303 4363 πλῆθος
2337 4295 2430 4348 καὶ
2461 4293 2550 4346 ἓν·
2584 4294 2678 4347 καὶ
2709 4294 2816 4364 μὴν
2847 4293 2944 4348 δύο
2979 4310 3038 4346 τε
3080 4293 3175 4346 καὶ
3201 4291 3326 4364 τρία
3357 4295 3454 4346 καί
3485 4311 3594 4362 μυ-

1921 4409 1978 4464 b
2015 4388 2102 4456 ρία
2137 4387 2367 4456 λέγομεν
2403 4385 2520 4451 ζῶα
2553 4387 2646 4440 καὶ
2678 4384 3030 4456 ἀνθρώπους·
3081 4386 3230 4452 ὅμως
3282 4384 3342 4437 τὺ
3396 4387 3590 4455 παρὰι-

2005 4478 2204 4547 δειγμα
2257 4476 2388 4544 ὑμῖν
2445 4476 2513 4529 τὰ
2572 4475 2790 4528 ἐναντία
2839 4474 3088 4545 βούλεται
3146 4473 3241 4528 νῦν
3283 4467 3358 4528 ὧν
3414 4475 3592 4528 πάλαι

2007 4569 2294 4634 δοξάζετε·
2327 4567 2420 4620 δύο
2466 4567 2570 4638 ,μὲν
2609 4567 2719 4638 γὰρ
2775 4562 2916 4619 εἶναι
2969 4571 3094 4630 τοὺς
3143 4567 3291 4630 υἱοὺς
3335 4565 3589 4637 ἀριθμῷ,

2005 4659 2143 4714 ἀλλά
2196 4660 2420 4729 ὁμοίους
2476 4659 2616 4712 κατὰ
2659 4656 2758 4727 τὴν
2806 4658 3029 4727 υίότητα
3071 4660 3167 4712 καὶ
3188 4659 3250 4712 οὐ
3287 4658 3591 4729 διαφόρους

2004 4750 2184 4822 δηλοῖ·
2231 4750 2406 4804 καίτοι
2461 4748 2677 4818 ἐλέγετε
2718 4749 2822 4812 ἕως
2866 4751 3013 4819 ἄρτι,
3046 4749 3122 4814 ὡς
3163 4748 3330 4818 ἄμφω
3354 4750 3390 4819 ἢ
3423 4750 3590 4818 φύσει

2005 4839 2146 4896 εἶναι
2178 4841 2260 4896 δεῖ
2317 4843 2350 4913 ἢ
2405 4842 2554 4896 θέσει
2590 4841 2776 4905 υἱούς·
2813 4843 2907 4894 καὶ
2939 4842 3154 4911 ὁμοίους
3201 4841 3278 4910 τῷ
3318 4841 3452 4894 εῖδει
3482 4843 3588 4911 τῆς

2007 4937 2254 5006 νεότητος
2313 4933 2442 4998 τοὺς
2515 4933 2953 5005 ἀριθμουμένους
2993 4935 3072 4998 είς
3121 4934 3288 4988 δυάδα
3327 4933 3495 4987 υἱῶν·
3533 4936 3582 4986 ει

2003 5023 2097 5082 οὖν
2127 5028 2416 5097 ἀδιάφορον
2441 5024 2620 5080 αὐτῶν
2652 5027 2712 5080 τδ
2739 5025 2844 5096 τῆς
2894 5027 3138 5096 υἱότητος
3185 5020 3342 5088 εἶδος,
3387 5023 3585 5093 ὥσπερ

2002 5121 2102 5188 τῆς
2153 5119 2443 5191 σφραγῖδος
2497 5118 2634 5189 πρὸς
2689 5117 2752 5170 τὸ
2794 5118 3128 5188 ἀρχέτυπον,
3172 5115 3428 5170 δύνανται
3485 5116 3582 5168 δύο

2003 5210 2241 5263 νοεῖσθςι
2291 5209 2379 5265 διὰ
2424 5209 2523 5276 τὴν
2569 5209 2864 5279 ὁμοιότητα
2907 5208 3028 5261 καθ’
3072 5209 3246 5276 ὑμᾶς·
3291 5207 3432 5260 ὥστε
3484 5202 3582 5260 οὖν

2003 5303 2164 5358 πάλιν
2199 5301 2293 5354 καὶ
2327 5304 2376 5353 εί
2415 5298 2589 5364 οὕτως
2615 5301 2796 5370 ἔχουσι
2831 5300 2926 5370 τὴν
2970 5301 3264 5371 ὁμοιότητα
3308 5301 3443 5370 πρὸς
3482 5299 3581 5352 ἄλη

2002 5395 2136 5464 ληλα
2189 5394 2264 5456 ὼς
2313 5393 2382 5447 τὰ
2426 5391 2671 5462 ὁμοειδῆ,
2722 5393 2815 5446 καὶ
2850 5393 2885 5460 ἠ
2928 5391 3064 5461 σὰρξ
3115 5391 3272 5459 φύσει
3317 5390 3442 5455 Υἱὸς
3481 5387 3579 5442 τοῦ

2001 5486 2220 5554 Geo-Sp?)
2253 5486 2394 5538 καὶὸ
2426 5484 2598 5552 Λόγος
2625 5483 2808 5552 χάριτι
2851 5482 2981 5546 Υἱὸς
3007 5481 3140 5535 Θεοῦ
3163 5499 3176 5514 ·
3214 5481 3366 5534 ἔσται
3396 5481 3454 5533 δὲ
3482 5484 3580 5534 καὶ

2000 5579 2028 5630 ό
2060 5579 2266 5646 Πατὴρ,
2307 5576 2445 5647 σάρξ
2465 5593 2479 5608 ·
2505 5576 2666 5644 ὃμοια
2692 5574 2801 5644 γὰρ
2834 5575 3010 5628 τίκτει
3032 5574 3212 5644 ἑαυτῷ
3241 5575 3359 5626 κατ’
3390 5571 3578 5626 οὐσίαν

1961 5733 1966 5740 _
2001 5673 2030 5726 ό
2059 5669 2216 5739 φύσει
2245 5669 2462 5740 πατήρ·
2492 5669 2539 5722 εἰ
2567 5666 2658 5722 οὖν
2692 5667 2870 5738 σάρκα
2889 5667 3075 5722 τὲτοκε
3105 5665 3286 5737 φύσει,
3317 5665 3410 5719 καί
3440 5662 3580 5735 σάρξ
