3858 6156
263 357 420 428 1649
973 355 998 365 ⁵
1195 355 1591 417 ADVERSUS
1629 353 1786 414 NEST

2006 352 2176 414 .NOS.
2202 377 2272 388 ο·-
2300 351 2448 416 LIB.
2488 355 2587 418 IV.
3391 354 3529 420 1650

261 477 400 530 ἔστι
424 472 583 544 φύσει
608 489 624 506 ο
651 471 744 526 καὶ
775 471 803 524 6
838 469 1006 536 Λόγος
1035 466 1091 519 δὲ
1117 465 1251 530 Θεδς
1275 465 1350 521 ὢν
1384 465 1568 534 φύσει,
1603 467 1663 519 οὐ
1693 463 1784 534 φύε

2004 464 2153 535 ignit,
2201 473 2285 520 est
2307 464 2474 520 etiam
2518 467 2851 524 naturaliter
2885 485 3034 526 caro.
3068 467 3176 526 Sed
3206 473 3264 524 et
3285 466 3527 540 Verbum

267 567 414 630 Υἱός
451 567 569 618 ἐστι
609 561 705 617 τοῦ
751 559 985 631 Πατρδς,
1015 557 1151 612 ἀλλὰ
1195 561 1377 630 χάριτι
1409 559 1505 612 σὺν
1546 561 1614 630 τῇ
1655 573 1790 627 σαρκ

2011 556 2108 612 mod
2152 567 2236 612 est
2282 558 2610 614 naturaliter
2654 559 2818 626 Deus,
2869 577 2980 617 non
3022 569 3109 617 est
3141 558 3322 615 Patris
3361 556 3534 613 Filius

267 660 340 712 ob
385 639 516 719 Θεὸς
539 655 646 726 ἄρα
669 656 696 708 6
729 654 909 723 πατὴρ
933 655 1104 718 ἐστιν,
1135 652 1245 704 εἴτε
1286 649 1380 704 οὖν
1411 651 1590 720 ὅμοιοι
1613 650 1724 703 εἴτε
1759 649 1790 702 ἀ

2007 648 2246 712 aturalis,
2285 649 2390 704 sed
2415 649 2735 706 simul'cum
2767 667 2930 707 carne
2961 651 3132 706 Filius
3155 665 3255 721 per
3277 648 3530 720 gratiam.

269 747 463 817 όμοιοί
483 749 622 799 εἰσιν
647 747 697 798 οί
723 744 828 798 υἱοὶ
851 744 944 796 καὶ
963 742 1155 806 οὕτως,
1186 742 1346 812 εἰπερ
1365 742 1421 793 al
1447 739 1741 814 σφραγῖδες
1765 757 1792 792 κ

2013 754 2081 822 on
2121 740 2268 795 Deus
2304 741 2490 810 itaque
2519 749 2677 812 pater
2714 750 2820 807 est,
2854 742 2974 798 sive
3015 742 3225 798 similes
3266 741 3384 796 sive
3433 739 3534 794 ab-

271 839 350 892 τὰ
389 838 670 908 ἀρχέτυπα
701 834 765 888 τὸ
806 834 926 888 κατ’
966 834 1198 904 ἀριθμὸν
1243 833 1502 902 διάφορον
1546 831 1782 902 ἔχουσιν,

2013 829 2170 884 miles
2203 829 2314 884 sint
2347 831 2534 886 taliter
2563 831 2684 898 filii,
2723 831 2994 903 siquidem
3027 831 3206 903 sigilla
3235 839 3294 886 et
3337 829 3534 884 arche-

275 932 381 983 xa‘t
425 929 502 999 μὴ
548 927 611 981 τὸ
644 927 786 981 κατὰ
830 925 893 980 τὺ
932 922 1070 989 εἶδος
1114 925 1464 979 διαλλάσσονο
1501 925 1596 978 καὶ
1637 923 1744 977 οἶδε
1783 941 1798 974 ιι

2008 935 2089 990 rpa
2145 921 2452 976 secundum
2509 938 2802 978 numerum
2851 922 3232 978 diversitatem
3289 919 3531 981 habent.

274 1017 508 1090 ἀριθμῷ
531 1015 1155 1088 διαφέροντες,δῦναιντο
1181 1015 1248 1068 ἂν
1276 1015 1436 1080 εἶναι,
1465 1015 1561 1069 καὶ
1591 1017 1670 1077 εἰς
1695 1013 1796 1068 δυὰ.

2010 1021 2092 1068 cet
2147 1013 2448 1068 secundum
2511 1016 2750 1084 speciem
2805 1032 2916 1070 non
2972 1015 3268 1080 diﬂ‘erant;
3327 1023 3384 1070 et
3442 1013 3533 1068 isti

278 1109 422 1162 υἱῶν
471 1108 943 1178 συναριθμεῖσθαι,
996 1105 1188 1180 ὥσπερ
1229 1105 1441 1170 Παῦλος
1483 1105 1576 1158 καὶ
1622 1093 1798 1175 Πιτξω

2012 1114 2198 1157 umero
2239 1101 2562 1158 diil‘erentes
2603 1119 2727 1158 esse
2772 1115 2998 1176 possent
3033 1115 3090 1162 et
3117 1107 3174 1160 in
3208 1104 3358 1161 duali
3395 1103 3535 1159 ﬁlio-

277 1197 314 1268 ἢ
345 1197 379 1248 6
415 1196 699 1260 δακτύλιος
741 1197 836 1250 καὶ
882 1199 911 1250 6
953 1197 1144 1267 κηρὸς,
1192 1195 1224 1267 ἢ
1273 1195 1441 1266 πηλὸς
1489 1195 1582 1249 καὶ
1617 1195 1800 1265 μόλιῆδ

2010 1209 2087 1247 πη
2126 1196 2732 1266 numem'computari,
2773 1197 2916 1252 sicut
2963 1198 3168 1253 Paulus
3209 1207 3266 1252 et
3314 1197 3533 1259 Petrus.

277 1289 758 1358 ἐντετυπωμένον
799 1288 934 1342 ἀλλὰ
973 1287 1140 1342 πάλιν
1198 1288 1297 1360 τὴν
1327 1288 1580 1360 διάφορον
1612 1287 1746 1358 ὓλην
1769 1289 1800 1340 ἀ

2014 1282 2051 1338 :l
2089 1285 2327 1339 annulus
2359 1293 2416 1339 et
2459 1301 2608 1350 cera,
2658 1295 2755 1342 aut
2795 1287 2974 1341 lutum
3013 1295 3070 1342 et
3109 1289 3396 1358 plumbum
3434 1288 3537 1342 im-

288 1377 439 1431 ελεϊν
467 1393 599 1446 φασι
638 1377 732 1431 τὸν
757 1378 990 1450 ἀριθμὸν
1007 1377 1119 1431 τῶν
1149 1377 1466 1448 σφραγίδων
1499 1376 1741 1446 ἠλιθίως,
1768 1394 1811 1430 κέ

2017 1377 2252 1430 έθεεῑοηθ
2304 1375 2537 1446 signata.
2576 1374 2684 1431 Sed
2725 1392 2946 1432 rursum
2987 1378 3173 1446 inepte
3221 1377 3415 1433 dicunt
3455 1377 3540 1432 di-

285 1467 425 1540 μίαν
449 1473 620 1523 ποιεῖν
646 1471 745 1533 τὰς
767 1469 971 1533 πολλὰς
988 1468 1230 1523 νοεῖσθαι
1251 1485 1266 1502 ο
1293 1468 1488 1522 οὐκοῦν
1515 1467 1578 1521 τὸ
1605 1467 1808 1542 διάφορι

2016 1477 2180 1519 arsam
2211 1466 2500 1521 materiam
2529 1483 2822 1523 numerum
2855 1468 3164 1538 sigillorum
3202 1469 3394 1525 tollere
3421 1469 3539 1524 etii.

279 1561 464 1630 αὐτῆς
497 1562 743 1630 εἴποιμεν
771 1561 974 1628 εἰσάξει
997 1563 1158 1618 αὐτόν
1183 1579 1196 1592 ο
1221 1563 1270 1616 εἰ
1293 1557 1402 1632 γὰρ
1435 1561 1514 1630 τῷ
1545 1561 1769 1631 ἐναντίῳ

2018 1571 2202 1626 ireque
2226 1563 2287 1610 ut
2311 1557 2483 1612 multa
2513 1568 2846 1614 censeantur
2884 1575 3081 1616 unum.
3117 1560 3283 1631 Ergo,
3328 1560 3541 1616 dicere-

281 1653 551 1715 ἐναντίον,
569 1655 624 1706 ἐν
647 1654 802 1725 κηρῷ
829 1650 921 1708 οὖν
940 1653 1102 1723 τυχὸν
1123 1647 1484 1714 οὗσαιπᾶσαι,
1509 1651 1727 1715 πλείους
1755 1645 1804 1704 εἷ

2014 1661 2109 1711 Ius,
2155 1647 2304 1717 quod
2355 1647 2633 1704 diversum
2681 1659 2767 1706 est
2805 1651 3052 1707 materiae
3101 1651 3324 1708 adducit
3368 1667 3537 1708 eum:

283 1743 586 1812 σφραγῖδες
609 1757 623 1772 ·
661 1746 719 1796 ὲν
761 1744 1042 1814 διαφόροις
1076 1743 1134 1797 δὲ
1165 1743 1318 1806 ὕλαις
1357 1742 1714 1805 τυπωθεῖσαι,
1765 1760 1804 1814 μ

2019 1753 2104 1792 um
2125 1737 2274 1794 enim
2295 1741 2570 1794 contraria
2597 1741 2893 1797 contrariis
2919 1743 3244 1812 probantur,
3270 1741 3315 1798 si
3343 1752 3542 1798 cuncta

2021 1829 2142 1852 ΔΔιὶ,
2195 1829 2247 1852 Ξ..
2298 1845 2471 1852 --_-__
2527 1831 2849 1852 ---!_I!__-,_4
2913 1834 3062 1852 ._i,_,,-
3119 1841 3292 1852 --_-_-.
3328 1832 3491 1852 -9;!II_
3527 1849 3539 1852 _

280 1831 396 1884 είσὶ
425 1831 548 1884 καθ’
582 1833 756 1901 ὑμᾶς·
785 1832 926 1886 ἀλλὰ
967 1831 1142 1886 ταῦτα
1187 1832 1423 1904 δάκρυον
1451 1832 1743 1902 ὀφείλεται,
1771 1850 1803 1888 κ

2017 1829 2146 1901 gilla
2194 1829 2252 1884 in
2293 1845 2474 1885 ceram
2519 1831 2874 1900 cecidissent,
2913 1834 3072 1904 plura
3110 1841 3297 1890 essent
3325 1832 3539 1904 sigilla:

281 1923 501 1991 γέλωτα
529 1924 678 1995 ὅμως
707 1925 856 1995 ἡμᾶς
877 1923 1146 1990 ὲκϐιάζει.

2016 1923 2064 1978 ιὰ
2095 1923 2151 1978 in
2178 1923 2414 1980 diversis
2445 1926 2693 1980 materiis
2722 1925 3009 1994 impressa,
3038 1927 3192 1996 juxta
3219 1941 3338 1990 vos,
3369 1939 3539 1980 unum

1968 2021 2117 2069 sunt.
2166 2014 2372 2070 Verum
2415 2014 2544 2070 talia
2587 2013 2706 2070 ﬁeri
2755 2015 2961 2071 debent
2989 2023 3044 2072 et
3074 2024 3258 2070 tamen
3295 2013 3466 2070 risum
3511 2029 3544 2068 ι

1970 2105 2128 2162 nobis
2161 2105 2412 2164 eliciunt.

889 2193 1140 2249 ΚΕΦΑΔ.
1176 2193 1269 2248 1Δ’.

2589 2201 2738 2257 CAP.
2777 2200 2915 2256 XIV.

365 2279 438 2332 Τί
460 2274 576 2343 οὖν,
607 2279 779 2350 (mai;
813 2280 908 2333 δύο
932 2281 1082 2349 λόγοι
1107 2283 1264 2347 εἰσιν,
1295 2284 1324 2336 ὅ
1343 2299 1402 2336 τε
1435 2284 1746 2355 λεγόμενος,
1775 2289 1869 2340 καὶ

2045 2288 2186 2356 Quid
2219 2291 2404 2364 igitur,
2437 2291 2635 2347 aiunt?
2661 2290 2874 2350 Suntne
2901 2289 3014 2345 duo
3040 2291 3220 2348 Verba
3249 2296 3308 2344 et
3335 2290 3541 2345 dictum

285 2372 320 2424 6
359 2370 728 2440 ἁκουόμενοςς
773 2371 935 2426 Ἀλλὰ
963 2373 1104 2426 κάπὶ
1147 2375 1373 2440 τούτων,
1400 2375 1616 2445 πρῶτον
1645 2378 1745 2448 μὲν
1773 2379 1808 2432 ἄ

2022 2382 2354 2438 .auditum?
2399 2380 2508 2437 Sed
2549 2389 2748 2452 praeter
2786 2380 2892 2436 ista
2917 2379 3098 2450 primo
3129 2379 3352 2450 quidem
3395 2378 3545 2446 aliud

287 2458 382 2523 λος
425 2460 454 2513 6
503 2459 829 2526 ἐνδιάθετος,
881 2465 975 2517 καὶ
1018 2464 1178 2527 ἄλλος
1219 2467 1248 2520 6
1290 2466 1433 2519 κατὰ
1471 2466 1737 2522 διάνοιαν·
1774 2485 1810 2523 κη

2025 2482 2054 2528 ιι
2093 2473 2346 2527 intimum
2394 2472 2588 2536 menti,
2619 2479 2676 2526 et
2701 2468 2850 2524 aliud
2889 2469 2944 2524 in
2987 2468 3352 2540 cogitatione;
3397 2465 3548 2522 aliud

285 2550 478 2620 ἓτερος
504 2552 533 2605 6
561 2553 922 2623 προφορικὸς,
955 2553 1050 2608 καὶ
1079 2557 1107 2608 6
1137 2556 1244 2609 ὑπὸ
1285 2555 1506 2610 τοῦτονο
1535 2561 1564 2613 6
1585 2561 1808 2630 γραπτὰ

2024 2564 2120 2620 10d
2168 2578 2264 2618 ore
2296 2560 2577 2633 profertur
2609 2570 2666 2616 et
2692 2558 2844 2614 aliud
2873 2557 2944 2613 ab
2974 2557 3082 2612 isto
3117 2557 3370 2629 pendens
3407 2556 3547 2612 scri-

289 2643 388 2696 καὶ
413 2643 552 2711 μετὰ
578 2643 800 2708 τούτους
817 2645 846 2698 6
869 2645 1198 2712 ἁκουόμενός
1213 2648 1330 2700 ἐστι
1351 2665 1364 2679 ·
1381 2649 1703 2704 καὶτούτων
1729 2651 1788 2706 δὲ
1809 2674 1812 2686 ι

2026 2671 2162 2722 .um;
2215 2661 2272 2710 et
2321 2661 2448 2724 post
2495 2653 2590 2708 illa
2634 2651 2789 2706 venit
2845 2649 3119 2704 auditum.
3170 2647 3279 2704 Sed
3326 2647 3549 2703 illorum

289 2735 470 2786 κοινόν
487 2749 504 2766 ο
531 2733 734 2804 ὁμοίως
778 2737 914 2806 ταῖς,
935 2737 1226 2804 σφραγῖσιν
1252 2736 1310 2788 ἓν
1341 2735 1394 2789 τί
1420 2737 1538 2790 ἐστι
1563 2737 1624 2791 τὸ
1640 2739 1782 2792 κατὰ
1809 2762 1812 2773 ι

2027 2759 2216 2815 noque,
2255 2751 2515 2814 tanquam
2550 2742 2608 2796 in
2653 2741 2870 2812 sigillis,
2913 2754 3207 2796 commune
3254 2747 3311 2794 et
3344 2738 3550 2810 aliquid

213 2841 216 2845 '
292 2828 696 2898 σημαινόμενον
719 2829 780 2882 τὸ
807 2828 938 2881 αὑτό
961 2844 973 2860 ·
1003 2828 1080 2892 ὡς
1100 2829 1150 2882 εί
1177 2828 1285 2882 τῶν
1306 2829 1638 2898 πολυσήμων
1671 2846 1736 2889 τις

2024 2853 2182 2904 rium,
2232 2837 2289 2890 in
2331 2850 2398 2891 eo
2446 2833 2754 2890 consistens
2799 2832 2947 2902 quod
2997 2831 3143 2887 idem
3190 2829 3547 2902 signiﬁcetur.

289 2918 452 2988 λόγος
487 2921 584 2974 εἰτ’
615 2919 708 2990 οὖν
743 2919 1084 2991 ὁμωνύμωνο
1121 2921 1224 2976 κᾶν
1266 2922 1348 2976 ἑνὶ
1385 2921 1532 2992 μόνῳ
1575 2921 1800 2993 λέγηται

2030 2931 2136 2986 elut
2183 2928 2229 2985 si
2276 2927 2500 2998 quidam
2525 2935 2674 2983 esset
2697 2941 2882 2982 sermo
2915 2925 3076 2996 plura
3115 2922 3432 2995 signiﬁcans
3457 2933 3553 2978 aut

290 3011 574 3080 ἀκούηται,
612 3013 709 3081 οὐχ
751 3008 832 3076 εἷς
859 3013 1017 3080 λόγος
1059 3012 1140 3066 ἔτι
1173 3012 1423 3082 λέγεται·
1467 3012 1570 3068 κᾶν
1613 3015 1710 3084 μιᾷ
1740 3030 1813 3082 πρ

2030 3017 2252 3087 iplicem
2295 3031 2519 3075 sensum
2551 3015 2760 3082 ferens,
2791 3013 2898 3070 etsi
2942 3013 3040 3068 uni
3083 3023 3299 3069 tantum
3336 3011 3553 3068 dicatur

291 3103 438 3172 φορᾷ
471 3101 887 3170 ἐξαγγέλληται,
923 3099 1061 3152 ἀλλὰ
1109 3100 1328 3162 πλείους
1369 3099 1518 3166 λόγοι
1547 3094 1686 3152 εἶναι
1719 3116 1814 3170 παε

2030 3107 2058 3160 :l
2101 3105 2384 3170 audiatur,
2424 3120 2535 3160 non
2591 3103 2775 3159 adhuc
2829 3119 2976 3160 unus
3007 3119 3190 3160 sermo
3222 3103 3454 3170 dicitur;
3498 3113 3553 3158 et

292 3193 425 3246 πᾶσι
450 3195 561 3254 τοῖς
583 3191 941 3255 διαλεκτικοῖς
968 3190 1374 3261 ὡμολόγηνταιο
1397 3189 1554 3260 δῆλον
1575 3187 1666 3243 οὖν
1695 3190 1771 3254 ὡς
1790 3209 1815 3242 τ

2028 3203 2109 3250 cet
2159 3210 2270 3250 una
2319 3193 2626 3265 prolatione
2672 3192 3067 3258 annuntietur,
3126 3193 3314 3262 plures
3371 3201 3551 3247 tamen

293 3284 677 3354 σημαινομένῳ
721 3283 784 3336 τὸ
823 3283 1030 3355 κυρίως
1055 3281 1114 3336 ἓν
1133 3282 1228 3336 τοῦ
1271 3282 1430 3352 λόγου
1454 3283 1600 3352 ἑστίῃ
1630 3285 1679 3336 εί
1703 3283 1760 3336 δὲ
1784 3284 1816 3336 ὅ

2035 3302 2096 3342 se
2131 3299 2419 3342 sermones
2445 3300 2478 3339 a
2505 3282 2721 3340 cunctis
2741 3283 3048 3340 dialecticis
3068 3283 3400 3338 admittitur.
3426 3283 3555 3338 Evi-

293 3375 582 3444 συμϐαίνει
622 3375 714 3428 τὸν
759 3374 922 3428 αὐτὸν
961 3375 1058 3429 ἕνα
1083 3373 1164 3446 τῷ
1212 3373 1436 3446 ἀριθμῷ
1461 3375 1640 3444 λόγον,
1675 3375 1816 3428 λεκτ‹

2033 3392 2109 3432 ens
2133 3376 2303 3448 igitur
2333 3385 2420 3432 est
2451 3389 2625 3430 unum
2669 3374 2827 3430 verbi
2866 3373 3156 3446 proprium
3193 3375 3250 3430 in
3281 3375 3556 3447 signiﬁca-

288 3485 348 3520 τε
381 3463 519 3520 εἶναι
564 3466 645 3540 τῷ
689 3467 919 3530 είπόντι,
955 3467 1050 3520 καὶ
1093 3466 1360 3520 ἀκουστὸν
1405 3465 1486 3536 τῷ
1531 3467 1811 3538 παρεστῶτ

2034 3483 2126 3524 me
2168 3482 2312 3524 esse.
2348 3465 2406 3524 Si
2451 3481 2608 3533 vero,
2645 3481 2771 3522 cum
2806 3465 3012 3522 accidit
3041 3465 3298 3522 eumdem
3341 3480 3557 3523 sermo-

299 3559 433 3615 εἴποι
462 3574 548 3622 τις
575 3556 748 3621 οὕτως
779 3556 876 3610 ἕνα
912 3557 1074 3611 αὐτὸν
1102 3552 1263 3624 εἶναι,
1297 3557 1397 3610 οὐκ
1444 3557 1558 3626 ἔχοι
1588 3557 1656 3612 ἂν
1682 3559 1822 3628 ὀμοιέ

2034 3576 2126 3627 ιω,
2158 3573 2392 3615 numero
2415 3573 2610 3626 unum,
2641 3572 2766 3614 esse
2793 3557 3004 3614 dictum
3029 3557 3280 3628 loquenti
3310 3568 3368 3614 et
3398 3557 3557 3615 audi-

293 3664 432 3717 τητα
465 3647 598 3719 ὑμῖν
624 3647 688 3701 τὺ
715 3647 1098 3717 παράδειγμα·
1134 3649 1254 3702 οὐδὲ
1277 3651 1386 3720 γὰρ
1437 3647 1754 3703 ὑπόκεινται
1777 3649 1816 3702 δε

2035 3668 2090 3708 ιιι
2139 3651 2441 3719 assistenti,
2494 3649 2663 3717 dicat,
2693 3649 2818 3721 quis
2865 3649 3021 3705 illum
3063 3651 3145 3706 sic
3193 3665 3365 3705 unum
3409 3665 3553 3717 esse.

291 3740 414 3805 τινα
456 3739 676 3810 ἀριθμῷ
729 3739 937 3802 ἐνθάδε,
969 3739 1149 3794 εττουν
1185 3738 1279 3793 δύο
1325 3739 1472 3809 λόγοι
1515 3740 1598 3794 ἑνὶ
1645 3739 1814 3812 όνόμα

2028 3760 2084 3800 in
2119 3742 2350 3799 haberet
2393 3741 2817 3798 similitudinem
2864 3742 3025 3799 vobis
3075 3743 3182 3798 hoc
3219 3743 3551 3821 exemplum.

293 3823 692 3900 ὀνομαζόμενα,
739 3829 928 3901 ὥσπερ
973 3831 1036 3884 τό
1081 3847 1140 3884 τε
1183 3831 1478 3901 πρόσωπον
1507 3829 1749 3900 Χριστοῦ
1776 3849 1816 3886 κε

2035 3851 2092 3893 m
2119 3835 2266 3892 enim
2292 3835 2386 3890 hic
2412 3835 2711 3907 subiacent
2741 3834 2853 3892 duo
2884 3834 3134 3906 quaedam
3157 3849 3411 3901 numero,
3433 3849 3558 3907 quae

293 3922 388 3978 τοῦ
423 3924 596 3990 Λόγου
639 3922 732 3975 δύο
762 3921 927 3986 οὔσας
971 3921 1280 3993 ἀριθμητὰς
1311 3923 1659 3986 ὑποστάσεις,
1691 3923 1814 3978 ὲδόκ

2034 3948 2086 3988 ιο
2115 3931 2288 3988 verba
2328 3947 2440 3988 uno
2490 3932 2718 3987 nomine
2770 3931 3051 3996 dicantur,
3087 3930 3557 4002 quemadmodum

297 4017 421 4084 ὑμῖν
445 4015 540 4070 ἕνα
571 4014 698 4068 Υἱδν
721 4016 933 4084 λέγειν·
967 4015 1104 4070 ἀλλὰ
1128 4016 1438 4070 τούναντίον
1465 4016 1722 4087 βούλεσθε
1755 4017 1820 4071 δε¹

2032 4041 2266 4082 :rsonam
2284 4023 2491 4082 Christi
2513 4033 2571 4080 ct
2589 4024 2756 4081 Verbi
2779 4024 2916 4080 duas
2941 4038 3184 4080 numero
3213 4023 3555 4096 hypostases.

297 4109 404 4174 ξαι,
443 4107 504 4162 ἓν
536 4109 756 4180 ἀριθμῷ
789 4109 1148 4180 ὑποκείμενον
1192 4108 1448 4172 ἐνταῦθα,
1491 4109 1586 4164 δύο
1608 4110 1817 4182 όνόμασ

2036 4133 2146 4173 ium
2173 4117 2374 4173 Filium
2402 4117 2587 4173 dicere
2614 4117 2776 4174 vobis
2816 4117 3017 4188 placet.
3068 4115 3178 4172 Sed
3217 4114 3559 4170 contrarium

297 4205 406 4258 ἀπὸ
448 4205 705 4277 διαφόρου
754 4205 993 4277 σχέσεως
1040 4207 1581 4278 προσαγορευόμενόν
1627 4209 1814 4261 ἐστιν·

2035 4205 2142 4261 Iltis
2182 4207 2510 4271 ostendere;
2567 4222 2740 4261 unum
2790 4205 2884 4260 hic
2934 4219 3170 4260 numero
3221 4203 3558 4274 subjectum,

295 4295 402 4366 γὰρ
448 4297 608 4360 αὐτὸς
655 4291 734 4361 εἷς
783 4297 1004 4368 ἀριθμῷ
1049 4298 1207 4366 λόγος
1253 4299 1446 4368 μόνος·
1485 4299 1596 4352 ἀπὸ
1627 4299 1818 4368 σχέο-ευ

2034 4297 2196 4353 robus
2237 4297 2558 4352 nominibus
2600 4312 2632 4352 a
2677 4297 2900 4352 diversa
2961 4295 3233 4351 relatione
3277 4303 3557 4351 vocatum.

301 4387 396 4458 μὲν
422 4389 515 4442 τοῦ
544 4389 808 4454 είπόντος,
843 4390 1060 4454 λεκτός*
1081 4389 1189 4444 ἀπὸ
1207 4389 1264 4442 δὲ
1283 4390 1520 4460 σχέσεως
1541 4389 1636 4444 τοῦ
1665 4391 1824 4458 ἀκροο

2036 4405 2124 4444 em
2147 4388 2297 4444 enim
2335 4403 2570 4458 numero
2621 4388 2854 4444 verbum
2884 4403 3059 4444 unum
3109 4395 3197 4442 est
3237 4395 3486 4442 tantum:
3531 4405 3559 4444 a

297 4479 408 4542 τοῦ,
441 4480 704 4544 ἁκουστὸς
737 4480 1030 4552 ὠνομάσθη
1053 4498 1070 4514 ο
1101 4481 1261 4536 πάλιν
1310 4481 1402 4536 οὖν
1447 4482 1542 4535 καὶ
1575 4480 1748 4544 οὕτως
1783 4485 1820 4534 si

2036 4479 2301 4534 orarentis
2331 4477 2621 4544 relatione,
2667 4478 2914 4542 dictum;
2949 4478 3020 4534 ab
3055 4477 3340 4534 audientis
3371 4485 3559 4534 autem

299 4570 586 4640 πρόςωπον
616 4573 770 4644 ὑμῶν
807 4576 1198 4648 ἀπικαταρῤεἴ
1232 4573 1300 4628 τὰ
1343 4573 1586 4646 ὑμέτερα
1621 4573 1822 4628 ἅναπτέ

2040 4569 2268 4652 latione,
2309 4569 2558 4626 auditum
2599 4571 2938 4626 nominatur.
2978 4571 3196 4627 Rursus
3225 4569 3394 4644 igitur
3418 4571 3474 4626 in
3499 4585 3563 4626 os

301 4675 500 4729 σματα.
763 4739 769 4750 1
1975 4669 2220 4718 vestrum
2245 4662 2570 4718 relabuntur
2593 4673 2756 4734 sputa
2778 4670 2985 4720 vestra.

497 5096 782 5166 Tctdprnc
805 5093 1003 5150 αὐτῶν
1027 5095 1305 5164 ἀσεϐείας
1327 5096 1586 5169 ἔλεγχος.
1606 5101 2098 5173 παραιτουμένων
2117 5100 2322 5171 λέγειν
2351 5099 2644 5154 Θεοτόκον
2670 5097 2788 5168 τὴν
2811 5079 2992 5170 ἁγίαν
3025 5094 3352 5166 Παρθένον.

1897 5222 1975 5238 -
2192 5222 2230 5238 κ

1621 5331 1979 5420 LIBER
2078 5334 2250 5423 IV.

609 5481 852 5544 Ipsorum
893 5489 1106 5528 sacram
1141 5473 1409 5546 Virginem
1437 5476 1728 5549 Deiparam
1765 5481 1934 5535 dicere
1964 5483 2318 5536 recusantium
2353 5487 2560 5550 quarta:
2591 5480 2880 5550 impietatis
2909 5481 3224 5552 confutatio.

1913 5603 1982 5614 »Δ

751 5693 1147 5751 ΚΕΦΑΛΜΟΝ
1191 5693 1485 5748 ΠΡΩΤΟΝ.

2505 5691 2732 5750 CAPUT
2763 5691 3050 5750 PRIMUM.
3408 5743 3411 5748 λ

369 5783 474 5844 Βόα
513 5789 642 5862 γοῦν
675 5788 839 5852 αὐτὸς
869 5785 966 5840 κοιλ¹
989 5787 1045 5839 ὲν
1072 5787 1186 5849 τοῖς
1219 5786 1343 5858 ὲῇς
1380 5787 1440 5841 1:6
1472 5786 1602 5840 αὐτὸ
1629 5786 1869 5860 ἐνθύμη-

2054 5786 2190 5844 Vide
2222 5786 2390 5860 igitur
2417 5788 2531 5856 ipse
2575 5787 2629 5842 in
2659 5789 2742 5842 eis
2776 5801 2898 5857 qua
2929 5785 3032 5842 sibi
3067 5783 3374 5841 succedunt
3413 5781 3559 5838 idem
