  <div class='ocr_page' id='page_1' title='image "/cluster/home/n/w/nwhite01/storage/ocr_20150623/86 pt.1/mdp.39015028803867/833.png"; bbox 0 0 3852 6134; ppageno 0'>
   <div class='ocr_carea' id='block_1_1' title="bbox 278 249 410 314">
    <p class='ocr_par' dir='ltr' id='par_1_1' title="bbox 278 249 410 314">
     <span class='ocr_line' id='line_1_1' title="bbox 278 249 410 314; baseline -0.008 0"><span class='ocrx_word' id='word_1_1' title='bbox 278 249 410 314; x_wconf 78' lang='grc'><strong>1651</strong></span> 
     </span>
    </p>
   </div>
   <div class='ocr_carea' id='block_1_2' title="bbox 269 359 1928 434">
    <p class='ocr_par' dir='ltr' id='par_1_2' title="bbox 269 359 1928 434">
     <span class='ocr_line' id='line_1_2' title="bbox 269 359 1928 434; baseline -0.005 -13"><span class='ocrx_word' id='word_1_2' title='bbox 269 365 452 422; x_wconf 86' lang='lat' dir='ltr'><strong>latens</strong></span> <span class='ocrx_word' id='word_1_3' title='bbox 483 361 782 434; x_wconf 85' lang='lat' dir='ltr'><strong>cogitatum</strong></span> <span class='ocrx_word' id='word_1_4' title='bbox 811 375 1002 418; x_wconf 83' lang='lat' dir='ltr'><strong>eorum</strong></span> <span class='ocrx_word' id='word_1_5' title='bbox 1029 360 1127 430; x_wconf 89' lang='lat' dir='ltr'><strong>qui</strong></span> <span class='ocrx_word' id='word_1_6' title='bbox 1169 375 1334 414; x_wconf 88' lang='lat' dir='ltr'><strong>unam</strong></span> <span class='ocrx_word' id='word_1_7' title='bbox 1367 359 1561 414; x_wconf 89' lang='lat' dir='ltr'><strong>dicunt</strong></span> <span class='ocrx_word' id='word_1_8' title='bbox 1591 359 1854 430; x_wconf 89' lang='lat' dir='ltr'><strong>hyposta-</strong></span> <span class='ocrx_word' id='word_1_9' title='bbox 1888 363 1928 418; x_wconf 75' lang='grc' dir='ltr'><strong>Α</strong></span> 
     </span>
    </p>
   </div>
   <div class='ocr_carea' id='block_1_3' title="bbox 271 450 1852 518">
    <p class='ocr_par' dir='ltr' id='par_1_3' title="bbox 271 450 1852 518">
     <span class='ocr_line' id='line_1_3' title="bbox 271 450 1852 518; baseline -0.004 -5"><span class='ocrx_word' id='word_1_10' title='bbox 271 459 358 514; x_wconf 80' lang='lat' dir='ltr'><strong>sin</strong></span> <span class='ocrx_word' id='word_1_11' title='bbox 396 457 603 513; x_wconf 90' lang='lat' dir='ltr'><strong>Christi</strong></span> <span class='ocrx_word' id='word_1_12' title='bbox 636 471 701 511; x_wconf 90' lang='lat' dir='ltr'><strong>ac</strong></span> <span class='ocrx_word' id='word_1_13' title='bbox 730 453 990 510; x_wconf 90' lang='lat' dir='ltr'><strong>unionem</strong></span> <span class='ocrx_word' id='word_1_14' title='bbox 1013 453 1110 509; x_wconf 86' lang='lat' dir='ltr'><strong>Dei</strong></span> <span class='ocrx_word' id='word_1_15' title='bbox 1138 452 1305 509; x_wconf 72' lang='lat' dir='ltr'><strong>Verbi</strong></span> <span class='ocrx_word' id='word_1_16' title='bbox 1336 467 1462 507; x_wconf 90' lang='lat' dir='ltr'><strong>cum</strong></span> <span class='ocrx_word' id='word_1_17' title='bbox 1493 467 1680 507; x_wconf 88' lang='lat' dir='ltr'><strong>carne.</strong></span> <span class='ocrx_word' id='word_1_18' title='bbox 1709 450 1852 518; x_wconf 82' lang='lat' dir='ltr'><strong>Quid</strong></span> 
     </span>
    </p>
   </div>
   <div class='ocr_carea' id='block_1_4' title="bbox 271 542 1853 614">
    <p class='ocr_par' dir='ltr' id='par_1_4' title="bbox 271 542 1853 614">
     <span class='ocr_line' id='line_1_4' title="bbox 271 542 1853 614; baseline -0.004 -9"><span class='ocrx_word' id='word_1_19' title='bbox 271 551 420 605; x_wconf 84' lang='lat' dir='ltr'><strong>enim</strong></span> <span class='ocrx_word' id='word_1_20' title='bbox 456 546 848 604; x_wconf 89' lang='lat' dir='ltr'><strong>inveniendum</strong></span> <span class='ocrx_word' id='word_1_21' title='bbox 879 555 966 602; x_wconf 89' lang='lat' dir='ltr'><strong>est</strong></span> <span class='ocrx_word' id='word_1_22' title='bbox 999 547 1055 600; x_wconf 91' lang='lat' dir='ltr'><strong>in</strong></span> <span class='ocrx_word' id='word_1_23' title='bbox 1091 560 1226 602; x_wconf 87' lang='lat' dir='ltr'><strong>voce</strong></span> <span class='ocrx_word' id='word_1_24' title='bbox 1264 542 1524 614; x_wconf 81' lang='lat' dir='ltr'><strong>Deipara,</strong></span> <span class='ocrx_word' id='word_1_25' title='bbox 1572 544 1683 598; x_wconf 84' lang='lat' dir='ltr'><strong>illis</strong></span> <span class='ocrx_word' id='word_1_26' title='bbox 1710 558 1853 614; x_wconf 73' lang='lat' dir='ltr'><strong>prae-</strong></span> 
     </span>
    </p>
   </div>
   <div class='ocr_carea' id='block_1_5' title="bbox 271 635 1855 708">
    <p class='ocr_par' dir='ltr' id='par_1_5' title="bbox 271 635 1855 708">
     <span class='ocr_line' id='line_1_5' title="bbox 271 635 1855 708; baseline -0.005 -12"><span class='ocrx_word' id='word_1_27' title='bbox 271 639 464 695; x_wconf 83' lang='lat' dir='ltr'><strong>sertim</strong></span> <span class='ocrx_word' id='word_1_28' title='bbox 514 637 910 693; x_wconf 81' lang='lat' dir='ltr'><strong>adhibentibus</strong></span> <span class='ocrx_word' id='word_1_29' title='bbox 962 635 1111 707; x_wconf 82' lang='lat' dir='ltr'><strong>quod</strong></span> <span class='ocrx_word' id='word_1_30' title='bbox 1150 637 1306 708; x_wconf 81' lang='lat' dir='ltr'><strong>juxta</strong></span> <span class='ocrx_word' id='word_1_31' title='bbox 1359 635 1749 706; x_wconf 85' lang='lat' dir='ltr'><strong>pr0prietatem</strong></span> <span class='ocrx_word' id='word_1_32' title='bbox 1799 641 1855 689; x_wconf 90' lang='lat' dir='ltr'><strong>et</strong></span> 
     </span>
    </p>
   </div>
   <div class='ocr_carea' id='block_1_6' title="bbox 268 727 1854 798">
    <p class='ocr_par' dir='ltr' id='par_1_6' title="bbox 268 727 1854 798">
     <span class='ocr_line' id='line_1_6' title="bbox 268 727 1854 798; baseline -0.001 -16"><span class='ocrx_word' id='word_1_33' title='bbox 268 729 568 785; x_wconf 84' lang='lat' dir='ltr'><strong>veritatem</strong></span> <span class='ocrx_word' id='word_1_34' title='bbox 597 737 704 796; x_wconf 88' lang='lat' dir='ltr'><strong>est,</strong></span> <span class='ocrx_word' id='word_1_35' title='bbox 735 728 842 784; x_wconf 89' lang='lat' dir='ltr'><strong>nisi</strong></span> <span class='ocrx_word' id='word_1_36' title='bbox 879 729 986 784; x_wconf 89' lang='lat' dir='ltr'><strong>hoc</strong></span> <span class='ocrx_word' id='word_1_37' title='bbox 1022 728 1166 795; x_wconf 84' lang='lat' dir='ltr'><strong>idem</strong></span> <span class='ocrx_word' id='word_1_38' title='bbox 1208 727 1357 798; x_wconf 89' lang='lat' dir='ltr'><strong>quod</strong></span> <span class='ocrx_word' id='word_1_39' title='bbox 1397 728 1451 781; x_wconf 86' lang='lat' dir='ltr'><strong>in</strong></span> <span class='ocrx_word' id='word_1_40' title='bbox 1491 727 1735 798; x_wconf 82' lang='lat' dir='ltr'><strong>syntbcsi</strong></span> <span class='ocrx_word' id='word_1_41' title='bbox 1765 742 1854 782; x_wconf 88' lang='lat' dir='ltr'><strong>se-</strong></span> 
     </span>
    </p>
   </div>
   <div class='ocr_carea' id='block_1_7' title="bbox 269 819 1854 891">
    <p class='ocr_par' dir='ltr' id='par_1_7' title="bbox 269 819 1854 891">
     <span class='ocr_line' id='line_1_7' title="bbox 269 819 1854 891; baseline 0 -19"><span class='ocrx_word' id='word_1_42' title='bbox 269 829 527 891; x_wconf 81' lang='lat' dir='ltr'><strong>paratum</strong></span> <span class='ocrx_word' id='word_1_43' title='bbox 561 819 898 881; x_wconf 83' lang='lat' dir='ltr'><strong>invenimus.</strong></span> <span class='ocrx_word' id='word_1_44' title='bbox 924 835 1035 874; x_wconf 91' lang='lat' dir='ltr'><strong>non</strong></span> <span class='ocrx_word' id='word_1_45' title='bbox 1069 819 1298 875; x_wconf 87' lang='lat' dir='ltr'><strong>definito</strong></span> <span class='ocrx_word' id='word_1_46' title='bbox 1327 834 1438 889; x_wconf 88' lang='lat' dir='ltr'><strong>quo</strong></span> <span class='ocrx_word' id='word_1_47' title='bbox 1465 835 1630 874; x_wconf 87' lang='lat' dir='ltr'><strong>sensu</strong></span> <span class='ocrx_word' id='word_1_48' title='bbox 1654 833 1854 874; x_wconf 89' lang='lat' dir='ltr'><strong>nomen</strong></span> 
     </span>
    </p>
   </div>
   <div class='ocr_carea' id='block_1_8' title="bbox 269 909 1852 981">
    <p class='ocr_par' dir='ltr' id='par_1_8' title="bbox 269 909 1852 981">
     <span class='ocr_line' id='line_1_8' title="bbox 269 909 1852 981; baseline -0.003 -15"><span class='ocrx_word' id='word_1_49' title='bbox 269 912 534 981; x_wconf 85' lang='lat' dir='ltr'><strong>Deipara,</strong></span> <span class='ocrx_word' id='word_1_50' title='bbox 583 911 746 966; x_wconf 85' lang='lat' dir='ltr'><strong>sicut.</strong></span> <span class='ocrx_word' id='word_1_51' title='bbox 793 927 998 966; x_wconf 89' lang='lat' dir='ltr'><strong>nomen</strong></span> <span class='ocrx_word' id='word_1_52' title='bbox 1043 911 1190 966; x_wconf 90' lang='lat' dir='ltr'><strong>Deus</strong></span> <span class='ocrx_word' id='word_1_53' title='bbox 1236 909 1455 964; x_wconf 74' lang='lat' dir='ltr'><strong>diverse</strong></span> <span class='ocrx_word' id='word_1_54' title='bbox 1507 909 1852 974; x_wconf 88' lang='lat' dir='ltr'><strong>adhibitum,</strong></span> 
     </span>
    </p>
   </div>
   <div class='ocr_carea' id='block_1_9' title="bbox 271 987 1862 1074">
    <p class='ocr_par' dir='ltr' id='par_1_9' title="bbox 271 987 1862 1074">
     <span class='ocr_line' id='line_1_9' title="bbox 271 987 1862 1074; baseline -0.002 -16"><span class='ocrx_word' id='word_1_55' title='bbox 271 987 699 1072; x_wconf 71' lang='lat' dir='ltr'><strong>explicatibnem</strong></span> <span class='ocrx_word' id='word_1_56' title='bbox 730 1002 923 1074; x_wconf 86' lang='lat' dir='ltr'><strong>pietati</strong></span> <span class='ocrx_word' id='word_1_57' title='bbox 951 1002 1292 1058; x_wconf 88' lang='lat' dir='ltr'><strong>conformem</strong></span> <span class='ocrx_word' id='word_1_58' title='bbox 1325 1001 1543 1056; x_wconf 88' lang='lat' dir='ltr'><strong>habeat.</strong></span> <span class='ocrx_word' id='word_1_59' title='bbox 1575 1001 1732 1056; x_wconf 83' lang='lat' dir='ltr'><strong>Nunc</strong></span> <span class='ocrx_word' id='word_1_60' title='bbox 1759 1016 1862 1055; x_wconf 88' lang='lat' dir='ltr'><strong>au-</strong></span> 
     </span>
    </p>
   </div>
   <div class='ocr_carea' id='block_1_10' title="bbox 275 1093 1854 1166">
    <p class='ocr_par' dir='ltr' id='par_1_10' title="bbox 275 1093 1854 1166">
     <span class='ocr_line' id='line_1_10' title="bbox 275 1093 1854 1166; baseline -0.001 -16"><span class='ocrx_word' id='word_1_61' title='bbox 275 1106 408 1161; x_wconf 86' lang='lat' dir='ltr'><strong>tem,</strong></span> <span class='ocrx_word' id='word_1_62' title='bbox 445 1097 672 1166; x_wconf 84' lang='lat' dir='ltr'><strong>proprio</strong></span> <span class='ocrx_word' id='word_1_63' title='bbox 698 1103 755 1152; x_wconf 90' lang='lat' dir='ltr'><strong>et</strong></span> <span class='ocrx_word' id='word_1_64' title='bbox 789 1095 1013 1151; x_wconf 83' lang='lat' dir='ltr'><strong>veritati</strong></span> <span class='ocrx_word' id='word_1_65' title='bbox 1063 1094 1333 1150; x_wconf 84' lang='lat' dir='ltr'><strong>conformi</strong></span> <span class='ocrx_word' id='word_1_66' title='bbox 1365 1109 1531 1149; x_wconf 88' lang='lat' dir='ltr'><strong>sensu</strong></span> <span class='ocrx_word' id='word_1_67' title='bbox 1561 1093 1692 1148; x_wconf 86' lang='lat' dir='ltr'><strong>huic</strong></span> <span class='ocrx_word' id='word_1_68' title='bbox 1731 1096 1854 1149; x_wconf 85' lang='lat' dir='ltr'><strong>voci</strong></span> 
     </span>
    </p>
   </div>
   <div class='ocr_carea' id='block_1_11' title="bbox 275 1186 1856 1260">
    <p class='ocr_par' dir='ltr' id='par_1_11' title="bbox 275 1186 1856 1260">
     <span class='ocr_line' id='line_1_11' title="bbox 275 1186 1856 1260; baseline 0.001 -19"><span class='ocrx_word' id='word_1_69' title='bbox 275 1187 578 1258; x_wconf 88' lang='lat' dir='ltr'><strong>assignato,</strong></span> <span class='ocrx_word' id='word_1_70' title='bbox 609 1203 733 1243; x_wconf 90' lang='lat' dir='ltr'><strong>eam</strong></span> <span class='ocrx_word' id='word_1_71' title='bbox 765 1188 917 1242; x_wconf 91' lang='lat' dir='ltr'><strong>omni</strong></span> <span class='ocrx_word' id='word_1_72' title='bbox 949 1188 1232 1258; x_wconf 82' lang='lat' dir='ltr'><strong>impietate</strong></span> <span class='ocrx_word' id='word_1_73' title='bbox 1262 1197 1558 1260; x_wconf 87' lang='lat' dir='ltr'><strong>apertaque</strong></span> <span class='ocrx_word' id='word_1_74' title='bbox 1593 1186 1856 1257; x_wconf 87' lang='lat' dir='ltr'><strong>blasphe-</strong></span> 
     </span>
    </p>
   </div>
   <div class='ocr_carea' id='block_1_12' title="bbox 273 1279 1857 1352">
    <p class='ocr_par' dir='ltr' id='par_1_12' title="bbox 273 1279 1857 1352">
     <span class='ocr_line' id='line_1_12' title="bbox 273 1279 1857 1352; baseline 0 -18"><span class='ocrx_word' id='word_1_75' title='bbox 273 1281 384 1345; x_wconf 82' lang='lat' dir='ltr'><strong>mia</strong></span> <span class='ocrx_word' id='word_1_76' title='bbox 401 1281 778 1352; x_wconf 84' lang='lat' dir='ltr'><strong>repleverunt.</strong></span> <span class='ocrx_word' id='word_1_77' title='bbox 805 1279 889 1335; x_wconf 83' lang='lat' dir='ltr'><strong>Ab</strong></span> <span class='ocrx_word' id='word_1_78' title='bbox 914 1279 997 1338; x_wconf 89' lang='lat' dir='ltr'><strong>eis</strong></span> <span class='ocrx_word' id='word_1_79' title='bbox 1021 1289 1202 1337; x_wconf 89' lang='lat' dir='ltr'><strong>tamen</strong></span> <span class='ocrx_word' id='word_1_80' title='bbox 1225 1279 1584 1350; x_wconf 60' lang='lat' dir='ltr'><strong>quarendum</strong></span> <span class='ocrx_word' id='word_1_81' title='bbox 1613 1287 1700 1335; x_wconf 88' lang='lat' dir='ltr'><strong>est</strong></span> <span class='ocrx_word' id='word_1_82' title='bbox 1721 1279 1857 1350; x_wconf 89' lang='lat' dir='ltr'><strong>quid</strong></span> 
     </span>
    </p>
   </div>
   <div class='ocr_carea' id='block_1_13' title="bbox 276 1372 1854 1445">
    <p class='ocr_par' dir='ltr' id='par_1_13' title="bbox 276 1372 1854 1445">
     <span class='ocr_line' id='line_1_13' title="bbox 276 1372 1854 1445; baseline -0.001 -17"><span class='ocrx_word' id='word_1_83' title='bbox 276 1375 409 1444; x_wconf 88' lang='lat' dir='ltr'><strong>ipsis</strong></span> <span class='ocrx_word' id='word_1_84' title='bbox 456 1373 734 1445; x_wconf 78' lang='lat' dir='ltr'><strong>signiﬁcat</strong></span> <span class='ocrx_word' id='word_1_85' title='bbox 760 1373 906 1430; x_wconf 80' lang='lat' dir='ltr'><strong>talis</strong></span> <span class='ocrx_word' id='word_1_86' title='bbox 951 1373 1330 1429; x_wconf 89' lang='lat' dir='ltr'><strong>denominatio</strong></span> <span class='ocrx_word' id='word_1_87' title='bbox 1359 1386 1579 1444; x_wconf 85' lang='lat' dir='ltr'><strong>quoque</strong></span> <span class='ocrx_word' id='word_1_88' title='bbox 1615 1372 1854 1443; x_wconf 87' lang='lat' dir='ltr'><strong>cogitatu</strong></span> 
     </span>
    </p>
   </div>
   <div class='ocr_carea' id='block_1_14' title="bbox 242 1465 1860 1537">
    <p class='ocr_par' dir='ltr' id='par_1_14' title="bbox 242 1465 1860 1537">
     <span class='ocr_line' id='line_1_14' title="bbox 242 1465 1860 1537; baseline -0.001 -18"><span class='ocrx_word' id='word_1_89' title='bbox 242 1486 250 1491; x_wconf 91' lang='grc'>·</span> <span class='ocrx_word' id='word_1_90' title='bbox 276 1466 413 1535; x_wconf 86' lang='lat' dir='ltr'><strong>ipsis</strong></span> <span class='ocrx_word' id='word_1_91' title='bbox 449 1474 534 1521; x_wconf 77' lang='lat' dir='ltr'><strong>est</strong></span> <span class='ocrx_word' id='word_1_92' title='bbox 562 1465 822 1537; x_wconf 80' lang='lat' dir='ltr'><strong>sumpta?</strong></span> <span class='ocrx_word' id='word_1_93' title='bbox 847 1465 931 1520; x_wconf 84' lang='lat' dir='ltr'><strong>An</strong></span> <span class='ocrx_word' id='word_1_94' title='bbox 963 1467 1108 1524; x_wconf 86' lang='lat' dir='ltr'><strong>sicut</strong></span> <span class='ocrx_word' id='word_1_95' title='bbox 1135 1465 1372 1522; x_wconf 87' lang='lat' dir='ltr'><strong>dicimus</strong></span> <span class='ocrx_word' id='word_1_96' title='bbox 1405 1465 1734 1535; x_wconf 88' lang='lat' dir='ltr'><strong>mariparam</strong></span> <span class='ocrx_word' id='word_1_97' title='bbox 1761 1473 1860 1518; x_wconf 84' lang='lat' dir='ltr'><strong>aut</strong></span> 
     </span>
    </p>
   </div>
   <div class='ocr_carea' id='block_1_15' title="bbox 273 1555 1863 1627">
    <p class='ocr_par' dir='ltr' id='par_1_15' title="bbox 273 1555 1863 1627">
     <span class='ocr_line' id='line_1_15' title="bbox 273 1555 1863 1627; baseline -0.001 -17"><span class='ocrx_word' id='word_1_98' title='bbox 273 1556 659 1627; x_wconf 89' lang='lat' dir='ltr'><strong>feminiparam</strong></span> <span class='ocrx_word' id='word_1_99' title='bbox 731 1556 1020 1613; x_wconf 81' lang='lat' dir='ltr'><strong>mulierem</strong></span> <span class='ocrx_word' id='word_1_100' title='bbox 1073 1573 1196 1626; x_wconf 68' lang='lat' dir='ltr'><strong>qua:</strong></span> <span class='ocrx_word' id='word_1_101' title='bbox 1251 1572 1432 1612; x_wconf 83' lang='lat' dir='ltr'><strong>mares</strong></span> <span class='ocrx_word' id='word_1_102' title='bbox 1487 1565 1585 1615; x_wconf 84' lang='lat' dir='ltr'><strong>aut</strong></span> <span class='ocrx_word' id='word_1_103' title='bbox 1625 1555 1863 1618; x_wconf 79' lang='lat' dir='ltr'><strong>feminas</strong></span> 
     </span>
    </p>
   </div>
   <div class='ocr_carea' id='block_1_16' title="bbox 274 1646 1856 1717">
    <p class='ocr_par' dir='ltr' id='par_1_16' title="bbox 274 1646 1856 1717">
     <span class='ocr_line' id='line_1_16' title="bbox 274 1646 1856 1717; baseline -0.002 -15"><span class='ocrx_word' id='word_1_104' title='bbox 274 1661 470 1715; x_wconf 88' lang='lat' dir='ltr'><strong>parere</strong></span> <span class='ocrx_word' id='word_1_105' title='bbox 517 1647 834 1709; x_wconf 84' lang='lat' dir='ltr'><strong>consuevit.</strong></span> <span class='ocrx_word' id='word_1_106' title='bbox 893 1647 974 1703; x_wconf 90' lang='lat' dir='ltr'><strong>sic</strong></span> <span class='ocrx_word' id='word_1_107' title='bbox 1028 1646 1310 1717; x_wconf 83' lang='lat' dir='ltr'><strong>deiparam</strong></span> <span class='ocrx_word' id='word_1_108' title='bbox 1363 1655 1563 1703; x_wconf 87' lang='lat' dir='ltr'><strong>vocant</strong></span> <span class='ocrx_word' id='word_1_109' title='bbox 1610 1653 1856 1702; x_wconf 89' lang='lat' dir='ltr'><strong>sanctam</strong></span> 
     </span>
    </p>
   </div>
   <div class='ocr_carea' id='block_1_17' title="bbox 276 1711 1934 1809">
    <p class='ocr_par' dir='ltr' id='par_1_17' title="bbox 276 1711 1934 1809">
     <span class='ocr_line' id='line_1_17' title="bbox 276 1711 1934 1809; baseline 0 -17"><span class='ocrx_word' id='word_1_110' title='bbox 276 1711 526 1803; x_wconf 56' lang='lat' dir='ltr'><strong>Mariam,</strong></span> <span class='ocrx_word' id='word_1_111' title='bbox 548 1753 670 1793; x_wconf 86' lang='lat' dir='ltr'><strong>eam</strong></span> <span class='ocrx_word' id='word_1_112' title='bbox 696 1738 764 1793; x_wconf 88' lang='lat' dir='ltr'><strong>ad</strong></span> <span class='ocrx_word' id='word_1_113' title='bbox 789 1737 926 1794; x_wconf 90' lang='lat' dir='ltr'><strong>deos</strong></span> <span class='ocrx_word' id='word_1_114' title='bbox 951 1711 1257 1809; x_wconf 73' lang='lat' dir='ltr'><strong>gignendos</strong></span> <span class='ocrx_word' id='word_1_115' title='bbox 1279 1745 1465 1792; x_wconf 86' lang='lat' dir='ltr'><strong>natam</strong></span> <span class='ocrx_word' id='word_1_116' title='bbox 1490 1737 1594 1792; x_wconf 89' lang='lat' dir='ltr'><strong>hac</strong></span> <span class='ocrx_word' id='word_1_117' title='bbox 1615 1736 1865 1792; x_wconf 81' lang='lat' dir='ltr'><strong>dictione</strong></span> <span class='ocrx_word' id='word_1_118' title='bbox 1895 1711 1934 1763; x_wconf 62' lang='grc' dir='ltr'><strong>Β</strong></span> 
     </span>
    </p>
   </div>
   <div class='ocr_carea' id='block_1_18' title="bbox 275 1829 1864 1902">
    <p class='ocr_par' dir='ltr' id='par_1_18' title="bbox 275 1829 1864 1902">
     <span class='ocr_line' id='line_1_18' title="bbox 275 1829 1864 1902; baseline 0 -20"><span class='ocrx_word' id='word_1_119' title='bbox 275 1829 707 1902; x_wconf 70' lang='lat' dir='ltr'><strong>significantes?</strong></span> <span class='ocrx_word' id='word_1_120' title='bbox 739 1830 837 1886; x_wconf 87' lang='lat' dir='ltr'><strong>sed</strong></span> <span class='ocrx_word' id='word_1_121' title='bbox 865 1839 1000 1886; x_wconf 90' lang='lat' dir='ltr'><strong>tunc</strong></span> <span class='ocrx_word' id='word_1_122' title='bbox 1024 1846 1166 1900; x_wconf 89' lang='lat' dir='ltr'><strong>quos</strong></span> <span class='ocrx_word' id='word_1_123' title='bbox 1203 1830 1338 1888; x_wconf 90' lang='lat' dir='ltr'><strong>deos</strong></span> <span class='ocrx_word' id='word_1_124' title='bbox 1373 1831 1634 1902; x_wconf 76' lang='lat' dir='ltr'><strong>genuerit</strong></span> <span class='ocrx_word' id='word_1_125' title='bbox 1675 1829 1864 1890; x_wconf 81' lang='lat' dir='ltr'><strong>dicant</strong></span> 
     </span>
    </p>
   </div>
   <div class='ocr_carea' id='block_1_19' title="bbox 272 1920 1867 1992">
    <p class='ocr_par' dir='ltr' id='par_1_19' title="bbox 272 1920 1867 1992">
     <span class='ocr_line' id='line_1_19' title="bbox 272 1920 1867 1992; baseline -0.001 -16"><span class='ocrx_word' id='word_1_126' title='bbox 272 1930 332 1977; x_wconf 91' lang='lat' dir='ltr'><strong>et</strong></span> <span class='ocrx_word' id='word_1_127' title='bbox 360 1937 474 1977; x_wconf 88' lang='lat' dir='ltr'><strong>rem</strong></span> <span class='ocrx_word' id='word_1_128' title='bbox 508 1922 750 1992; x_wconf 79' lang='lat' dir='ltr'><strong>ignotam</strong></span> <span class='ocrx_word' id='word_1_129' title='bbox 785 1921 1039 1978; x_wconf 86' lang='lat' dir='ltr'><strong>doceant.</strong></span> <span class='ocrx_word' id='word_1_130' title='bbox 1085 1923 1170 1976; x_wconf 72' lang='lat' dir='ltr'><strong>An</strong></span> <span class='ocrx_word' id='word_1_131' title='bbox 1202 1921 1350 1992; x_wconf 89' lang='lat' dir='ltr'><strong>quod</strong></span> <span class='ocrx_word' id='word_1_132' title='bbox 1394 1921 1567 1976; x_wconf 91' lang='lat' dir='ltr'><strong>Deum</strong></span> <span class='ocrx_word' id='word_1_133' title='bbox 1615 1920 1807 1992; x_wconf 77' lang='lat' dir='ltr'><strong>genuit</strong></span> <span class='ocrx_word' id='word_1_134' title='bbox 1839 1921 1867 1974; x_wconf 58' lang='lat'><strong>?‘</strong></span> 
     </span>
    </p>
   </div>
   <div class='ocr_carea' id='block_1_20' title="bbox 276 2012 1863 2085">
    <p class='ocr_par' dir='ltr' id='par_1_20' title="bbox 276 2012 1863 2085">
     <span class='ocr_line' id='line_1_20' title="bbox 276 2012 1863 2085; baseline -0.004 -15"><span class='ocrx_word' id='word_1_135' title='bbox 276 2015 334 2070; x_wconf 93' lang='lat' dir='ltr'><strong>Si</strong></span> <span class='ocrx_word' id='word_1_136' title='bbox 366 2015 532 2071; x_wconf 86' lang='lat' dir='ltr'><strong>etiam</strong></span> <span class='ocrx_word' id='word_1_137' title='bbox 568 2014 660 2085; x_wconf 91' lang='lat' dir='ltr'><strong>pio</strong></span> <span class='ocrx_word' id='word_1_138' title='bbox 706 2031 812 2070; x_wconf 89' lang='lat' dir='ltr'><strong>una</strong></span> <span class='ocrx_word' id='word_1_139' title='bbox 845 2015 965 2070; x_wconf 86' lang='lat' dir='ltr'><strong>vice</strong></span> <span class='ocrx_word' id='word_1_140' title='bbox 1008 2015 1206 2068; x_wconf 90' lang='lat' dir='ltr'><strong>volunt</strong></span> <span class='ocrx_word' id='word_1_141' title='bbox 1238 2013 1384 2068; x_wconf 88' lang='lat' dir='ltr'><strong>istud</strong></span> <span class='ocrx_word' id='word_1_142' title='bbox 1414 2012 1728 2083; x_wconf 78' lang='lat' dir='ltr'><strong>signiﬁcare</strong></span> <span class='ocrx_word' id='word_1_143' title='bbox 1766 2026 1863 2079; x_wconf 90' lang='lat' dir='ltr'><strong>per</strong></span> 
     </span>
    </p>
   </div>
   <div class='ocr_carea' id='block_1_21' title="bbox 277 2105 1860 2176">
    <p class='ocr_par' dir='ltr' id='par_1_21' title="bbox 277 2105 1860 2176">
     <span class='ocr_line' id='line_1_21' title="bbox 277 2105 1860 2176; baseline -0.004 -15"><span class='ocrx_word' id='word_1_144' title='bbox 277 2107 444 2162; x_wconf 87' lang='lat' dir='ltr'><strong>talem</strong></span> <span class='ocrx_word' id='word_1_145' title='bbox 492 2106 736 2176; x_wconf 72' lang='lat' dir='ltr'><strong>Virginis</strong></span> <span class='ocrx_word' id='word_1_146' title='bbox 781 2105 1314 2169; x_wconf 82' lang='lat' dir='ltr'><strong>denominationem,</strong></span> <span class='ocrx_word' id='word_1_147' title='bbox 1352 2105 1636 2159; x_wconf 90' lang='lat' dir='ltr'><strong>nescimus</strong></span> <span class='ocrx_word' id='word_1_148' title='bbox 1677 2108 1860 2156; x_wconf 87' lang='lat' dir='ltr'><strong>tamen</strong></span> 
     </span>
    </p>
   </div>
   <div class='ocr_carea' id='block_1_22' title="bbox 277 2194 1760 2276">
    <p class='ocr_par' dir='ltr' id='par_1_22' title="bbox 277 2194 1760 2276">
     <span class='ocr_line' id='line_1_22' title="bbox 277 2194 1760 2276; baseline -0.004 -22"><span class='ocrx_word' id='word_1_149' title='bbox 277 2215 348 2255; x_wconf 90' lang='lat' dir='ltr'><strong>an</strong></span> <span class='ocrx_word' id='word_1_150' title='bbox 399 2197 580 2270; x_wconf 80' lang='lat' dir='ltr'><strong>possit</strong></span> <span class='ocrx_word' id='word_1_151' title='bbox 621 2198 726 2254; x_wconf 81' lang='lat' dir='ltr'><strong>hoc</strong></span> <span class='ocrx_word' id='word_1_152' title='bbox 772 2197 1067 2276; x_wconf 70' lang='lat' dir='ltr'><strong>ostendere</strong></span> <span class='ocrx_word' id='word_1_153' title='bbox 1119 2198 1247 2252; x_wconf 90' lang='lat' dir='ltr'><strong>talis</strong></span> <span class='ocrx_word' id='word_1_154' title='bbox 1285 2195 1527 2252; x_wconf 89' lang='lat' dir='ltr'><strong>nominis</strong></span> <span class='ocrx_word' id='word_1_155' title='bbox 1564 2194 1760 2250; x_wconf 84' lang='lat' dir='ltr'><strong>forma.</strong></span> 
     </span>
    </p>
   </div>
   <div class='ocr_carea' id='block_1_23' title="bbox 273 2467 1860 2542">
    <p class='ocr_par' dir='ltr' id='par_1_23' title="bbox 273 2467 1860 2542">
     <span class='ocr_line' id='line_1_23' title="bbox 273 2467 1860 2542; baseline -0.003 -18"><span class='ocrx_word' id='word_1_156' title='bbox 273 2475 288 2488; x_wconf 89' lang='lat'><strong>&#39;</strong></span> <span class='ocrx_word' id='word_1_157' title='bbox 353 2490 372 2524; x_wconf 77' lang='grc' dir='ltr'>ι</span> <span class='ocrx_word' id='word_1_158' title='bbox 398 2471 694 2542; x_wconf 78' lang='lat' dir='ltr'><strong>Disperd‘et</strong></span> <span class='ocrx_word' id='word_1_159' title='bbox 715 2471 982 2526; x_wconf 84' lang='lat' dir='ltr'><strong>Dominus</strong></span> <span class='ocrx_word' id='word_1_160' title='bbox 1007 2469 1190 2526; x_wconf 83' lang='lat' dir='ltr'><strong>omnia</strong></span> <span class='ocrx_word' id='word_1_161' title='bbox 1211 2467 1356 2527; x_wconf 84' lang='lat' dir='ltr'><strong>labia</strong></span> <span class='ocrx_word' id='word_1_162' title='bbox 1389 2467 1600 2532; x_wconf 78' lang='lat' dir='ltr'><strong>dolesa,</strong></span> <span class='ocrx_word' id='word_1_163' title='bbox 1617 2467 1860 2536; x_wconf 86' lang='lat' dir='ltr'><strong>linguam</strong></span> 
     </span>
    </p>
   </div>
   <div class='ocr_carea' id='block_1_24' title="bbox 275 2559 1862 2636">
    <p class='ocr_par' dir='ltr' id='par_1_24' title="bbox 275 2559 1862 2636">
     <span class='ocr_line' id='line_1_24' title="bbox 275 2559 1862 2636; baseline -0.005 -16"><span class='ocrx_word' id='word_1_164' title='bbox 275 2563 705 2636; x_wconf 82' lang='lat' dir='ltr'><strong>magniloquam,</strong></span> <span class='ocrx_word' id='word_1_165' title='bbox 746 2579 844 2619; x_wconf 89' lang='lat' dir='ltr'><strong>eos</strong></span> <span class='ocrx_word' id='word_1_166' title='bbox 891 2563 983 2632; x_wconf 90' lang='lat' dir='ltr'><strong>qui</strong></span> <span class='ocrx_word' id='word_1_167' title='bbox 1023 2561 1260 2618; x_wconf 82' lang='lat' dir='ltr'><strong>dicunt:</strong></span> <span class='ocrx_word' id='word_1_168' title='bbox 1297 2559 1558 2630; x_wconf 85' lang='lat' dir='ltr'><strong>Linguam</strong></span> <span class='ocrx_word' id='word_1_169' title='bbox 1619 2565 1862 2614; x_wconf 87' lang='lat' dir='ltr'><strong>nostram</strong></span> 
     </span>
    </p>
   </div>
   <div class='ocr_carea' id='block_1_25' title="bbox 279 2651 1866 2727">
    <p class='ocr_par' dir='ltr' id='par_1_25' title="bbox 279 2651 1866 2727">
     <span class='ocr_line' id='line_1_25' title="bbox 279 2651 1866 2727; baseline -0.004 -15"><span class='ocrx_word' id='word_1_170' title='bbox 279 2653 795 2727; x_wconf 79' lang='lat' dir='ltr'><strong>magniﬁcabimus;</strong></span> <span class='ocrx_word' id='word_1_171' title='bbox 831 2653 977 2710; x_wconf 86' lang='lat' dir='ltr'><strong>labia</strong></span> <span class='ocrx_word' id='word_1_172' title='bbox 1029 2663 1214 2718; x_wconf 83' lang='lat' dir='ltr'><strong>nostra</strong></span> <span class='ocrx_word' id='word_1_173' title='bbox 1268 2669 1300 2708; x_wconf 88' lang='lat' dir='ltr'><strong>a</strong></span> <span class='ocrx_word' id='word_1_174' title='bbox 1333 2653 1492 2719; x_wconf 80' lang='lat' dir='ltr'><strong>nobis</strong></span> <span class='ocrx_word' id='word_1_175' title='bbox 1531 2659 1699 2716; x_wconf 86' lang='lat' dir='ltr'><strong>sunt;</strong></span> <span class='ocrx_word' id='word_1_176' title='bbox 1738 2651 1866 2719; x_wconf 85' lang='lat' dir='ltr'><strong>quis</strong></span> 
     </span>
    </p>
   </div>
   <div class='ocr_carea' id='block_1_26' title="bbox 277 2739 1869 2809">
    <p class='ocr_par' dir='ltr' id='par_1_26' title="bbox 277 2739 1869 2809">
     <span class='ocr_line' id='line_1_26' title="bbox 277 2739 1869 2809; baseline -0.004 -6"><span class='ocrx_word' id='word_1_177' title='bbox 277 2754 468 2809; x_wconf 77' lang='lat' dir='ltr'><strong>noster</strong></span> <span class='ocrx_word' id='word_1_178' title='bbox 501 2745 772 2807; x_wconf 82' lang='lat' dir='ltr'><strong>Dominus</strong></span> <span class='ocrx_word' id='word_1_179' title='bbox 787 2739 1220 2802; x_wconf 65' lang='lat' dir='ltr'><strong>est&#39;-‘?»Dicitis</strong></span> <span class='ocrx_word' id='word_1_180' title='bbox 1238 2743 1418 2804; x_wconf 86' lang='lat' dir='ltr'><strong>nobis.</strong></span> <span class='ocrx_word' id='word_1_181' title='bbox 1451 2758 1486 2798; x_wconf 91' lang='grc' dir='ltr'>ο</span> <span class='ocrx_word' id='word_1_182' title='bbox 1508 2757 1609 2798; x_wconf 85' lang='lat' dir='ltr'><strong>vos</strong></span> <span class='ocrx_word' id='word_1_183' title='bbox 1633 2742 1869 2798; x_wconf 87' lang='lat' dir='ltr'><strong>auctori-</strong></span> 
     </span>
    </p>
   </div>
   <div class='ocr_carea' id='block_1_27' title="bbox 274 2831 1868 2906">
    <p class='ocr_par' dir='ltr' id='par_1_27' title="bbox 274 2831 1868 2906">
     <span class='ocr_line' id='line_1_27' title="bbox 274 2831 1868 2906; baseline -0.001 -16"><span class='ocrx_word' id='word_1_184' title='bbox 274 2847 388 2892; x_wconf 85' lang='lat' dir='ltr'><strong>tate</strong></span> <span class='ocrx_word' id='word_1_185' title='bbox 444 2837 618 2906; x_wconf 73' lang='lat' dir='ltr'><strong>legem</strong></span> <span class='ocrx_word' id='word_1_186' title='bbox 675 2835 938 2900; x_wconf 87' lang='lat' dir='ltr'><strong>ferentes,</strong></span> <span class='ocrx_word' id='word_1_187' title='bbox 988 2851 1100 2890; x_wconf 90' lang='lat' dir='ltr'><strong>non</strong></span> <span class='ocrx_word' id='word_1_188' title='bbox 1149 2850 1220 2894; x_wconf 66' lang='lat' dir='ltr'><strong>ex.</strong></span> <span class='ocrx_word' id='word_1_189' title='bbox 1247 2847 1362 2890; x_wconf 89' lang='lat' dir='ltr'><strong>uno</strong></span> <span class='ocrx_word' id='word_1_190' title='bbox 1393 2832 1491 2890; x_wconf 87' lang='lat' dir='ltr'><strong>sed</strong></span> <span class='ocrx_word' id='word_1_191' title='bbox 1519 2848 1588 2890; x_wconf 80' lang='lat' dir='ltr'><strong>ex</strong></span> <span class='ocrx_word' id='word_1_192' title='bbox 1614 2831 1868 2903; x_wconf 88' lang='lat' dir='ltr'><strong>pluribus</strong></span> 
     </span>
    </p>
   </div>
   <div class='ocr_carea' id='block_1_28' title="bbox 275 2922 1864 2996">
    <p class='ocr_par' dir='ltr' id='par_1_28' title="bbox 275 2922 1864 2996">
     <span class='ocr_line' id='line_1_28' title="bbox 275 2922 1864 2996; baseline -0.002 -15"><span class='ocrx_word' id='word_1_193' title='bbox 275 2925 424 2981; x_wconf 88' lang='lat' dir='ltr'><strong>natis</strong></span> <span class='ocrx_word' id='word_1_194' title='bbox 454 2941 654 2982; x_wconf 83' lang='lat' dir='ltr'><strong>nomen</strong></span> <span class='ocrx_word' id='word_1_195' title='bbox 701 2925 952 2996; x_wconf 76' lang='lat' dir='ltr'><strong>accipere</strong></span> <span class='ocrx_word' id='word_1_196' title='bbox 989 2925 1316 2996; x_wconf 81' lang='lat' dir='ltr'><strong>parientem.</strong></span> <span class='ocrx_word' id='word_1_197' title='bbox 1363 2922 1626 2994; x_wconf 80' lang='lat' dir='ltr'><strong>Nunquid</strong></span> <span class='ocrx_word' id='word_1_198' title='bbox 1676 2923 1864 2995; x_wconf 90' lang='lat' dir='ltr'><strong>igitur,</strong></span> 
     </span>
    </p>
   </div>
   <div class='ocr_carea' id='block_1_29' title="bbox 279 3010 1932 3108">
    <p class='ocr_par' dir='ltr' id='par_1_29' title="bbox 279 3010 1932 3108">
     <span class='ocr_line' id='line_1_29' title="bbox 279 3010 1932 3108; baseline -0.001 -36"><span class='ocrx_word' id='word_1_199' title='bbox 279 3035 408 3075; x_wconf 81' lang='lat' dir='ltr'><strong>cun)</strong></span> <span class='ocrx_word' id='word_1_200' title='bbox 450 3018 770 3089; x_wconf 86' lang='lat' dir='ltr'><strong>unigenitus</strong></span> <span class='ocrx_word' id='word_1_201' title='bbox 794 3019 868 3082; x_wconf 81' lang='lat' dir='ltr'><strong>sit</strong></span> <span class='ocrx_word' id='word_1_202' title='bbox 891 3010 1038 3074; x_wconf 84' lang='lat' dir='ltr'><strong>Sara:</strong></span> <span class='ocrx_word' id='word_1_203' title='bbox 1066 3021 1240 3088; x_wconf 83' lang='lat' dir='ltr'><strong>Isaac,</strong></span> <span class='ocrx_word' id='word_1_204' title='bbox 1269 3019 1439 3074; x_wconf 80' lang='lat' dir='ltr'><strong>Annae</strong></span> <span class='ocrx_word' id='word_1_205' title='bbox 1479 3015 1720 3081; x_wconf 82' lang='lat' dir='ltr'><strong>Samuel,</strong></span> <span class='ocrx_word' id='word_1_206' title='bbox 1745 3018 1862 3074; x_wconf 86' lang='lat' dir='ltr'><strong>Eli—</strong></span> <span class='ocrx_word' id='word_1_207' title='bbox 1889 3050 1932 3108; x_wconf 62' lang='grc' dir='ltr'><strong>ρ</strong></span> 
     </span>
    </p>
   </div>
   <div class='ocr_carea' id='block_1_30' title="bbox 277 3110 1858 3181">
    <p class='ocr_par' dir='ltr' id='par_1_30' title="bbox 277 3110 1858 3181">
     <span class='ocr_line' id='line_1_30' title="bbox 277 3110 1858 3181; baseline -0.003 -13"><span class='ocrx_word' id='word_1_208' title='bbox 277 3111 476 3168; x_wconf 85' lang='lat' dir='ltr'><strong>sabeth-</strong></span> <span class='ocrx_word' id='word_1_209' title='bbox 497 3111 761 3176; x_wconf 81' lang='lat' dir='ltr'><strong>Joannes,</strong></span> <span class='ocrx_word' id='word_1_210' title='bbox 783 3120 840 3174; x_wconf 85' lang='lat' dir='ltr'><strong>et</strong></span> <span class='ocrx_word' id='word_1_211' title='bbox 867 3111 1036 3168; x_wconf 70' lang='lat' dir='ltr'><strong>Anna:</strong></span> <span class='ocrx_word' id='word_1_212' title='bbox 1053 3110 1240 3177; x_wconf 78' lang='lat' dir='ltr'><strong>Maria,</strong></span> <span class='ocrx_word' id='word_1_213' title='bbox 1265 3110 1312 3166; x_wconf 85' lang='lat' dir='ltr'><strong>si</strong></span> <span class='ocrx_word' id='word_1_214' title='bbox 1339 3111 1468 3181; x_wconf 90' lang='lat' dir='ltr'><strong>quis</strong></span> <span class='ocrx_word' id='word_1_215' title='bbox 1497 3111 1636 3169; x_wconf 84' lang='lat' dir='ltr'><strong>istos</strong></span> <span class='ocrx_word' id='word_1_216' title='bbox 1663 3119 1724 3166; x_wconf 54' lang='lat' dir='ltr'><strong>et»</strong></span> <span class='ocrx_word' id='word_1_217' title='bbox 1741 3125 1858 3164; x_wconf 85' lang='lat' dir='ltr'><strong>om-</strong></span> 
     </span>
    </p>
   </div>
   <div class='ocr_carea' id='block_1_31' title="bbox 278 3203 1857 3274">
    <p class='ocr_par' dir='ltr' id='par_1_31' title="bbox 278 3203 1857 3274">
     <span class='ocr_line' id='line_1_31' title="bbox 278 3203 1857 3274; baseline 0 -16"><span class='ocrx_word' id='word_1_218' title='bbox 278 3219 398 3268; x_wconf 89' lang='lat' dir='ltr'><strong>nes,</strong></span> <span class='ocrx_word' id='word_1_219' title='bbox 429 3204 590 3274; x_wconf 88' lang='lat' dir='ltr'><strong>plane</strong></span> <span class='ocrx_word' id='word_1_220' title='bbox 614 3203 934 3274; x_wconf 83' lang='lat' dir='ltr'><strong>quicunque</strong></span> <span class='ocrx_word' id='word_1_221' title='bbox 993 3204 1083 3259; x_wconf 85' lang='lat' dir='ltr'><strong>vel</strong></span> <span class='ocrx_word' id='word_1_222' title='bbox 1105 3218 1447 3274; x_wconf 61' lang='lat' dir='ltr'><strong>quacunque</strong></span> <span class='ocrx_word' id='word_1_223' title='bbox 1491 3219 1661 3264; x_wconf 86' lang='lat' dir='ltr'><strong>unum</strong></span> <span class='ocrx_word' id='word_1_224' title='bbox 1683 3203 1857 3258; x_wconf 84' lang='lat' dir='ltr'><strong>lilium</strong></span> 
     </span>
    </p>
   </div>
   <div class='ocr_carea' id='block_1_32' title="bbox 279 3294 1862 3360">
    <p class='ocr_par' dir='ltr' id='par_1_32' title="bbox 279 3294 1862 3360">
     <span class='ocr_line' id='line_1_32' title="bbox 279 3294 1862 3360; baseline 0.001 -12"><span class='ocrx_word' id='word_1_225' title='bbox 279 3304 375 3353; x_wconf 87' lang='lat' dir='ltr'><strong>aut</strong></span> <span class='ocrx_word' id='word_1_226' title='bbox 403 3294 571 3352; x_wconf 78' lang='lat' dir='ltr'><strong>tiliam</strong></span> <span class='ocrx_word' id='word_1_227' title='bbox 606 3309 770 3350; x_wconf 91' lang='lat' dir='ltr'><strong>unam</strong></span> <span class='ocrx_word' id='word_1_228' title='bbox 795 3304 1007 3350; x_wconf 83' lang='lat' dir='ltr'><strong>tantum</strong></span> <span class='ocrx_word' id='word_1_229' title='bbox 1041 3295 1300 3354; x_wconf 81' lang='lat' dir='ltr'><strong>habuisse</strong></span> <span class='ocrx_word' id='word_1_230' title='bbox 1315 3295 1656 3360; x_wconf 84' lang='lat' dir='ltr'><strong>scribuntur,</strong></span> <span class='ocrx_word' id='word_1_231' title='bbox 1679 3295 1862 3350; x_wconf 85' lang='lat' dir='ltr'><strong>nomi-</strong></span> 
     </span>
    </p>
   </div>
   <div class='ocr_carea' id='block_1_33' title="bbox 279 3386 1858 3457">
    <p class='ocr_par' dir='ltr' id='par_1_33' title="bbox 279 3386 1858 3457">
     <span class='ocr_line' id='line_1_33' title="bbox 279 3386 1858 3457; baseline 0 -17"><span class='ocrx_word' id='word_1_232' title='bbox 279 3402 414 3442; x_wconf 88' lang='lat' dir='ltr'><strong>nare</strong></span> <span class='ocrx_word' id='word_1_233' title='bbox 433 3386 620 3452; x_wconf 83' lang='lat' dir='ltr'><strong>vellet,</strong></span> <span class='ocrx_word' id='word_1_234' title='bbox 666 3400 735 3440; x_wconf 80' lang='lat' dir='ltr'><strong>ex</strong></span> <span class='ocrx_word' id='word_1_235' title='bbox 771 3389 1038 3456; x_wconf 85' lang='lat' dir='ltr'><strong>progenie</strong></span> <span class='ocrx_word' id='word_1_236' title='bbox 1064 3386 1351 3457; x_wconf 81' lang='lat' dir='ltr'><strong>prolisque</strong></span> <span class='ocrx_word' id='word_1_237' title='bbox 1379 3396 1580 3446; x_wconf 89' lang='lat' dir='ltr'><strong>natura</strong></span> <span class='ocrx_word' id='word_1_238' title='bbox 1629 3399 1858 3450; x_wconf 87' lang='lat' dir='ltr'><strong>vocans,</strong></span> 
     </span>
    </p>
   </div>
   <div class='ocr_carea' id='block_1_34' title="bbox 279 3475 1861 3546">
    <p class='ocr_par' dir='ltr' id='par_1_34' title="bbox 279 3475 1861 3546">
     <span class='ocr_line' id='line_1_34' title="bbox 279 3475 1861 3546; baseline 0.001 -17"><span class='ocrx_word' id='word_1_239' title='bbox 279 3491 392 3530; x_wconf 90' lang='lat' dir='ltr'><strong>non</strong></span> <span class='ocrx_word' id='word_1_240' title='bbox 433 3475 736 3546; x_wconf 84' lang='lat' dir='ltr'><strong>mariparas</strong></span> <span class='ocrx_word' id='word_1_241' title='bbox 766 3475 848 3530; x_wconf 90' lang='lat' dir='ltr'><strong>vel</strong></span> <span class='ocrx_word' id='word_1_242' title='bbox 875 3476 1234 3546; x_wconf 84' lang='lat' dir='ltr'><strong>feminiparas</strong></span> <span class='ocrx_word' id='word_1_243' title='bbox 1287 3475 1519 3534; x_wconf 86' lang='lat' dir='ltr'><strong>auderet</strong></span> <span class='ocrx_word' id='word_1_244' title='bbox 1547 3475 1752 3531; x_wconf 82' lang='lat' dir='ltr'><strong>dicere.</strong></span> <span class='ocrx_word' id='word_1_245' title='bbox 1789 3475 1861 3531; x_wconf 89' lang='lat' dir='ltr'><strong>Et</strong></span> 
     </span>
    </p>
   </div>
   <div class='ocr_carea' id='block_1_35' title="bbox 281 3566 1860 3644">
    <p class='ocr_par' dir='ltr' id='par_1_35' title="bbox 281 3566 1860 3644">
     <span class='ocr_line' id='line_1_35' title="bbox 281 3566 1860 3644; baseline 0.004 -27"><span class='ocrx_word' id='word_1_246' title='bbox 281 3567 427 3635; x_wconf 84' lang='lat' dir='ltr'><strong>quis,</strong></span> <span class='ocrx_word' id='word_1_247' title='bbox 457 3566 663 3622; x_wconf 82' lang='lat' dir='ltr'><strong>talibus</strong></span> <span class='ocrx_word' id='word_1_248' title='bbox 723 3566 948 3632; x_wconf 87' lang='lat' dir='ltr'><strong>audi-tis,</strong></span> <span class='ocrx_word' id='word_1_249' title='bbox 981 3567 1098 3644; x_wconf 75' lang='lat' dir='ltr'><strong>haec</strong></span> <span class='ocrx_word' id='word_1_250' title='bbox 1123 3576 1332 3640; x_wconf 79' lang='lat' dir='ltr'><strong>vestra</strong></span> <span class='ocrx_word' id='word_1_251' title='bbox 1365 3569 1703 3639; x_wconf 80' lang='lat' dir='ltr'><strong>sophismata</strong></span> <span class='ocrx_word' id='word_1_252' title='bbox 1747 3583 1860 3624; x_wconf 92' lang='lat' dir='ltr'><strong>non</strong></span> 
     </span>
    </p>
   </div>
   <div class='ocr_carea' id='block_1_36' title="bbox 281 3657 1860 3728">
    <p class='ocr_par' dir='ltr' id='par_1_36' title="bbox 281 3657 1860 3728">
     <span class='ocr_line' id='line_1_36' title="bbox 281 3657 1860 3728; baseline 0.005 -18"><span class='ocrx_word' id='word_1_253' title='bbox 281 3657 558 3728; x_wconf 82' lang='lat' dir='ltr'><strong>conspuit,</strong></span> <span class='ocrx_word' id='word_1_254' title='bbox 589 3658 871 3717; x_wconf 82' lang='lat' dir='ltr'><strong>omiseri?</strong></span> <span class='ocrx_word' id='word_1_255' title='bbox 901 3659 1005 3716; x_wconf 88' lang='lat' dir='ltr'><strong>Sed</strong></span> <span class='ocrx_word' id='word_1_256' title='bbox 1045 3667 1101 3716; x_wconf 89' lang='lat' dir='ltr'><strong>et</strong></span> <span class='ocrx_word' id='word_1_257' title='bbox 1133 3661 1178 3715; x_wconf 87' lang='lat' dir='ltr'><strong>si</strong></span> <span class='ocrx_word' id='word_1_258' title='bbox 1201 3676 1290 3716; x_wconf 89' lang='lat' dir='ltr'><strong>res</strong></span> <span class='ocrx_word' id='word_1_259' title='bbox 1315 3670 1377 3717; x_wconf 89' lang='lat' dir='ltr'><strong>ut</strong></span> <span class='ocrx_word' id='word_1_260' title='bbox 1409 3660 1568 3716; x_wconf 81' lang='lat' dir='ltr'><strong>fertis</strong></span> <span class='ocrx_word' id='word_1_261' title='bbox 1590 3669 1742 3727; x_wconf 87' lang='lat' dir='ltr'><strong>sunt,</strong></span> <span class='ocrx_word' id='word_1_262' title='bbox 1760 3675 1860 3718; x_wconf 83' lang='lat' dir='ltr'><strong>vos</strong></span> 
     </span>
    </p>
   </div>
   <div class='ocr_carea' id='block_1_37' title="bbox 285 3748 1866 3818">
    <p class='ocr_par' dir='ltr' id='par_1_37' title="bbox 285 3748 1866 3818">
     <span class='ocr_line' id='line_1_37' title="bbox 285 3748 1866 3818; baseline 0.003 -16"><span class='ocrx_word' id='word_1_263' title='bbox 285 3749 382 3817; x_wconf 85' lang='lat' dir='ltr'><strong>qui</strong></span> <span class='ocrx_word' id='word_1_264' title='bbox 409 3748 626 3804; x_wconf 86' lang='lat' dir='ltr'><strong>nescire</strong></span> <span class='ocrx_word' id='word_1_265' title='bbox 658 3764 727 3804; x_wconf 91' lang='lat' dir='ltr'><strong>an</strong></span> <span class='ocrx_word' id='word_1_266' title='bbox 750 3749 1012 3818; x_wconf 87' lang='lat' dir='ltr'><strong>possibile</strong></span> <span class='ocrx_word' id='word_1_267' title='bbox 1037 3751 1110 3806; x_wconf 82' lang='lat' dir='ltr'><strong>sit</strong></span> <span class='ocrx_word' id='word_1_268' title='bbox 1146 3750 1250 3806; x_wconf 91' lang='lat' dir='ltr'><strong>hoc</strong></span> <span class='ocrx_word' id='word_1_269' title='bbox 1289 3751 1382 3806; x_wconf 89' lang='lat' dir='ltr'><strong>tali</strong></span> <span class='ocrx_word' id='word_1_270' title='bbox 1414 3751 1657 3807; x_wconf 84' lang='lat' dir='ltr'><strong>nominis</strong></span> <span class='ocrx_word' id='word_1_271' title='bbox 1681 3751 1866 3807; x_wconf 81' lang='lat' dir='ltr'><strong>forma</strong></span> 
     </span>
    </p>
   </div>
   <div class='ocr_carea' id='block_1_38' title="bbox 280 3842 1864 3912">
    <p class='ocr_par' dir='ltr' id='par_1_38' title="bbox 280 3842 1864 3912">
     <span class='ocr_line' id='line_1_38' title="bbox 280 3842 1864 3912; baseline 0.003 -18"><span class='ocrx_word' id='word_1_272' title='bbox 280 3843 651 3899; x_wconf 81' lang='lat' dir='ltr'><strong>demonstrari</strong></span> <span class='ocrx_word' id='word_1_273' title='bbox 679 3842 888 3906; x_wconf 81' lang='lat' dir='ltr'><strong>dicitis,</strong></span> <span class='ocrx_word' id='word_1_274' title='bbox 917 3844 1196 3912; x_wconf 85' lang='lat' dir='ltr'><strong>quomodo</strong></span> <span class='ocrx_word' id='word_1_275' title='bbox 1242 3859 1342 3898; x_wconf 87' lang='lat' dir='ltr'><strong>vos</strong></span> <span class='ocrx_word' id='word_1_276' title='bbox 1366 3843 1765 3912; x_wconf 80' lang='lat' dir='ltr'><strong>Christiparam</strong></span> <span class='ocrx_word' id='word_1_277' title='bbox 1806 3851 1864 3900; x_wconf 86' lang='lat' dir='ltr'><strong>et</strong></span> 
     </span>
    </p>
   </div>
   <div class='ocr_carea' id='block_1_39' title="bbox 281 3933 1864 4004">
    <p class='ocr_par' dir='ltr' id='par_1_39' title="bbox 281 3933 1864 4004">
     <span class='ocr_line' id='line_1_39' title="bbox 281 3933 1864 4004; baseline 0.002 -17"><span class='ocrx_word' id='word_1_278' title='bbox 281 3933 685 4002; x_wconf 82' lang='lat' dir='ltr'><strong>hominiparam</strong></span> <span class='ocrx_word' id='word_1_279' title='bbox 718 3947 840 3988; x_wconf 82' lang='lat' dir='ltr'><strong>eam</strong></span> <span class='ocrx_word' id='word_1_280' title='bbox 895 3949 1018 4003; x_wconf 66' lang='lat' dir='ltr'><strong>quae</strong></span> <span class='ocrx_word' id='word_1_281' title='bbox 1055 3949 1246 3988; x_wconf 87' lang='lat' dir='ltr'><strong>revera</strong></span> <span class='ocrx_word' id='word_1_282' title='bbox 1277 3933 1510 4004; x_wconf 84' lang='lat' dir='ltr'><strong>Deipara</strong></span> <span class='ocrx_word' id='word_1_283' title='bbox 1537 3943 1624 3988; x_wconf 88' lang='lat' dir='ltr'><strong>est</strong></span> <span class='ocrx_word' id='word_1_284' title='bbox 1665 3949 1864 3990; x_wconf 85' lang='lat' dir='ltr'><strong>vocare</strong></span> 
     </span>
    </p>
   </div>
   <div class='ocr_carea' id='block_1_40' title="bbox 281 4025 1865 4098">
    <p class='ocr_par' dir='ltr' id='par_1_40' title="bbox 281 4025 1865 4098">
     <span class='ocr_line' id='line_1_40' title="bbox 281 4025 1865 4098; baseline 0 -14"><span class='ocrx_word' id='word_1_285' title='bbox 281 4027 624 4098; x_wconf 85' lang='lat' dir='ltr'><strong>intelligitis?</strong></span> <span class='ocrx_word' id='word_1_286' title='bbox 651 4025 709 4082; x_wconf 87' lang='lat' dir='ltr'><strong>Si</strong></span> <span class='ocrx_word' id='word_1_287' title='bbox 739 4027 890 4085; x_wconf 84' lang='lat' dir='ltr'><strong>enim</strong></span> <span class='ocrx_word' id='word_1_288' title='bbox 917 4043 984 4082; x_wconf 79' lang='lat' dir='ltr'><strong>ex</strong></span> <span class='ocrx_word' id='word_1_289' title='bbox 1004 4041 1118 4082; x_wconf 93' lang='lat' dir='ltr'><strong>uno</strong></span> <span class='ocrx_word' id='word_1_290' title='bbox 1155 4034 1317 4096; x_wconf 86' lang='lat' dir='ltr'><strong>partu</strong></span> <span class='ocrx_word' id='word_1_291' title='bbox 1343 4043 1453 4082; x_wconf 90' lang='lat' dir='ltr'><strong>non</strong></span> <span class='ocrx_word' id='word_1_292' title='bbox 1480 4035 1566 4082; x_wconf 88' lang='lat' dir='ltr'><strong>est</strong></span> <span class='ocrx_word' id='word_1_293' title='bbox 1603 4027 1865 4098; x_wconf 73' lang='lat' dir='ltr'><strong>possibile</strong></span> 
     </span>
    </p>
   </div>
   <div class='ocr_carea' id='block_1_41' title="bbox 284 4119 1862 4190">
    <p class='ocr_par' dir='ltr' id='par_1_41' title="bbox 284 4119 1862 4190">
     <span class='ocr_line' id='line_1_41' title="bbox 284 4119 1862 4190; baseline 0 -14"><span class='ocrx_word' id='word_1_294' title='bbox 284 4121 686 4190; x_wconf 83' lang='lat' dir='ltr'><strong>parturienlem</strong></span> <span class='ocrx_word' id='word_1_295' title='bbox 721 4120 976 4190; x_wconf 84' lang='lat' dir='ltr'><strong>accipere</strong></span> <span class='ocrx_word' id='word_1_296' title='bbox 1001 4135 1226 4184; x_wconf 87' lang='lat' dir='ltr'><strong>nomen,</strong></span> <span class='ocrx_word' id='word_1_297' title='bbox 1255 4119 1340 4175; x_wconf 91' lang='lat' dir='ltr'><strong>vel</strong></span> <span class='ocrx_word' id='word_1_298' title='bbox 1369 4120 1559 4190; x_wconf 84' lang='lat' dir='ltr'><strong>plures</strong></span> <span class='ocrx_word' id='word_1_299' title='bbox 1591 4121 1862 4185; x_wconf 81' lang='lat' dir='ltr'><strong>Christus,</strong></span> 
     </span>
    </p>
   </div>
   <div class='ocr_carea' id='block_1_42' title="bbox 280 4211 1868 4282">
    <p class='ocr_par' dir='ltr' id='par_1_42' title="bbox 280 4211 1868 4282">
     <span class='ocr_line' id='line_1_42' title="bbox 280 4211 1868 4282; baseline -0.001 -16"><span class='ocrx_word' id='word_1_300' title='bbox 280 4213 369 4268; x_wconf 81' lang='lat' dir='ltr'><strong>vel</strong></span> <span class='ocrx_word' id='word_1_301' title='bbox 401 4228 572 4282; x_wconf 85' lang='lat' dir='ltr'><strong>puros</strong></span> <span class='ocrx_word' id='word_1_302' title='bbox 593 4211 844 4267; x_wconf 85' lang='lat' dir='ltr'><strong>homines</strong></span> <span class='ocrx_word' id='word_1_303' title='bbox 868 4211 1074 4282; x_wconf 86' lang='lat' dir='ltr'><strong>putatis</strong></span> <span class='ocrx_word' id='word_1_304' title='bbox 1111 4211 1396 4282; x_wconf 86' lang='lat' dir='ltr'><strong>peperisse</strong></span> <span class='ocrx_word' id='word_1_305' title='bbox 1447 4226 1660 4266; x_wconf 86' lang='lat' dir='ltr'><strong>sacram</strong></span> <span class='ocrx_word' id='word_1_306' title='bbox 1691 4211 1868 4282; x_wconf 68' lang='lat' dir='ltr'><strong>\‘irgi-</strong></span> 
     </span>
    </p>
   </div>
   <div class='ocr_carea' id='block_1_43' title="bbox 285 4302 1869 4370">
    <p class='ocr_par' dir='ltr' id='par_1_43' title="bbox 285 4302 1869 4370">
     <span class='ocr_line' id='line_1_43' title="bbox 285 4302 1869 4370; baseline -0.001 -11"><span class='ocrx_word' id='word_1_307' title='bbox 285 4319 433 4370; x_wconf 85' lang='lat' dir='ltr'><strong>nem,</strong></span> <span class='ocrx_word' id='word_1_308' title='bbox 474 4305 568 4367; x_wconf 77' lang='lat' dir='ltr'><strong>vel</strong></span> <span class='ocrx_word' id='word_1_309' title='bbox 589 4319 696 4360; x_wconf 89' lang='lat' dir='ltr'><strong>nec</strong></span> <span class='ocrx_word' id='word_1_310' title='bbox 723 4303 942 4367; x_wconf 80' lang='lat' dir='ltr'><strong>habetis</strong></span> <span class='ocrx_word' id='word_1_311' title='bbox 969 4303 1097 4359; x_wconf 86' lang='lat' dir='ltr'><strong>talia</strong></span> <span class='ocrx_word' id='word_1_312' title='bbox 1113 4304 1340 4364; x_wconf 89' lang='lat' dir='ltr'><strong>nomina</strong></span> <span class='ocrx_word' id='word_1_313' title='bbox 1367 4303 1436 4360; x_wconf 82' lang='lat' dir='ltr'><strong>de</strong></span> <span class='ocrx_word' id='word_1_314' title='bbox 1468 4319 1536 4360; x_wconf 85' lang='lat' dir='ltr'><strong>ea</strong></span> <span class='ocrx_word' id='word_1_315' title='bbox 1562 4302 1869 4360; x_wconf 86' lang='lat' dir='ltr'><strong>adhibendi.</strong></span> 
     </span>
    </p>
   </div>
   <div class='ocr_carea' id='block_1_44' title="bbox 283 4393 1869 4468">
    <p class='ocr_par' dir='ltr' id='par_1_44' title="bbox 283 4393 1869 4468">
     <span class='ocr_line' id='line_1_44' title="bbox 283 4393 1869 4468; baseline 0.003 -18"><span class='ocrx_word' id='word_1_316' title='bbox 283 4411 528 4460; x_wconf 80' lang='lat' dir='ltr'><strong>causam,</strong></span> <span class='ocrx_word' id='word_1_317' title='bbox 551 4410 585 4452; x_wconf 91' lang='grc' dir='ltr'>ο</span> <span class='ocrx_word' id='word_1_318' title='bbox 615 4393 933 4457; x_wconf 82' lang='lat' dir='ltr'><strong>miserrimi.</strong></span> <span class='ocrx_word' id='word_1_319' title='bbox 960 4395 1068 4452; x_wconf 85' lang='lat' dir='ltr'><strong>Sed</strong></span> <span class='ocrx_word' id='word_1_320' title='bbox 1093 4396 1342 4466; x_wconf 86' lang='lat' dir='ltr'><strong>sequitur</strong></span> <span class='ocrx_word' id='word_1_321' title='bbox 1357 4411 1424 4452; x_wconf 75' lang='lat' dir='ltr'><strong>ex</strong></span> <span class='ocrx_word' id='word_1_322' title='bbox 1453 4405 1637 4455; x_wconf 82' lang='lat' dir='ltr'><strong>vestra</strong></span> <span class='ocrx_word' id='word_1_323' title='bbox 1661 4412 1869 4468; x_wconf 85' lang='lat' dir='ltr'><strong>suppo-</strong></span> 
     </span>
    </p>
   </div>
   <div class='ocr_carea' id='block_1_45' title="bbox 285 4486 1867 4560">
    <p class='ocr_par' dir='ltr' id='par_1_45' title="bbox 285 4486 1867 4560">
     <span class='ocr_line' id='line_1_45' title="bbox 285 4486 1867 4560; baseline -0.001 -16"><span class='ocrx_word' id='word_1_324' title='bbox 285 4488 486 4544; x_wconf 85' lang='lat' dir='ltr'><strong>sitione</strong></span> <span class='ocrx_word' id='word_1_325' title='bbox 525 4501 706 4559; x_wconf 85' lang='lat' dir='ltr'><strong>neque</strong></span> <span class='ocrx_word' id='word_1_326' title='bbox 749 4486 980 4542; x_wconf 88' lang='lat' dir='ltr'><strong>unicum</strong></span> <span class='ocrx_word' id='word_1_327' title='bbox 1019 4488 1242 4545; x_wconf 86' lang='lat' dir='ltr'><strong>Patrem</strong></span> <span class='ocrx_word' id='word_1_328' title='bbox 1296 4489 1462 4544; x_wconf 89' lang='lat' dir='ltr'><strong>unius</strong></span> <span class='ocrx_word' id='word_1_329' title='bbox 1497 4489 1619 4560; x_wconf 78' lang='lat' dir='ltr'><strong>ejus</strong></span> <span class='ocrx_word' id='word_1_330' title='bbox 1653 4489 1778 4544; x_wconf 85' lang='lat' dir='ltr'><strong>Filii</strong></span> <span class='ocrx_word' id='word_1_331' title='bbox 1808 4496 1867 4544; x_wconf 86' lang='lat' dir='ltr'><strong>et</strong></span> 
     </span>
    </p>
   </div>
   <div class='ocr_carea' id='block_1_46' title="bbox 285 4579 1865 4653">
    <p class='ocr_par' dir='ltr' id='par_1_46' title="bbox 285 4579 1865 4653">
     <span class='ocr_line' id='line_1_46' title="bbox 285 4579 1865 4653; baseline 0.002 -19"><span class='ocrx_word' id='word_1_332' title='bbox 285 4579 454 4634; x_wconf 80' lang='lat' dir='ltr'><strong>Verbi</strong></span> <span class='ocrx_word' id='word_1_333' title='bbox 512 4579 612 4635; x_wconf 88' lang='lat' dir='ltr'><strong>Dei</strong></span> <span class='ocrx_word' id='word_1_334' title='bbox 651 4580 958 4650; x_wconf 86' lang='lat' dir='ltr'><strong>genitorem</strong></span> <span class='ocrx_word' id='word_1_335' title='bbox 1021 4579 1170 4646; x_wconf 89' lang='lat' dir='ltr'><strong>dici;</strong></span> <span class='ocrx_word' id='word_1_336' title='bbox 1208 4580 1337 4653; x_wconf 87' lang='lat' dir='ltr'><strong>quia</strong></span> <span class='ocrx_word' id='word_1_337' title='bbox 1388 4580 1616 4639; x_wconf 80' lang='lat' dir='ltr'><strong>unicum</strong></span> <span class='ocrx_word' id='word_1_338' title='bbox 1650 4589 1708 4637; x_wconf 88' lang='lat' dir='ltr'><strong>et</strong></span> <span class='ocrx_word' id='word_1_339' title='bbox 1752 4595 1865 4646; x_wconf 80' lang='lat' dir='ltr'><strong>non</strong></span> 
     </span>
    </p>
   </div>
   <div class='ocr_carea' id='block_1_47' title="bbox 286 4669 1869 4741">
    <p class='ocr_par' dir='ltr' id='par_1_47' title="bbox 286 4669 1869 4741">
     <span class='ocr_line' id='line_1_47' title="bbox 286 4669 1869 4741; baseline 0 -17"><span class='ocrx_word' id='word_1_340' title='bbox 286 4669 473 4739; x_wconf 82' lang='lat' dir='ltr'><strong>plures</strong></span> <span class='ocrx_word' id='word_1_341' title='bbox 509 4669 702 4741; x_wconf 81' lang='lat' dir='ltr'><strong>genuit</strong></span> <span class='ocrx_word' id='word_1_342' title='bbox 730 4669 892 4724; x_wconf 89' lang='lat' dir='ltr'><strong>Deos.</strong></span> <span class='ocrx_word' id='word_1_343' title='bbox 927 4670 994 4724; x_wconf 89' lang='lat' dir='ltr'><strong>Et</strong></span> <span class='ocrx_word' id='word_1_344' title='bbox 1015 4669 1297 4740; x_wconf 87' lang='lat' dir='ltr'><strong>quomodo</strong></span> <span class='ocrx_word' id='word_1_345' title='bbox 1315 4685 1442 4726; x_wconf 89' lang='lat' dir='ltr'><strong>eum</strong></span> <span class='ocrx_word' id='word_1_346' title='bbox 1495 4684 1616 4725; x_wconf 90' lang='lat' dir='ltr'><strong>esse</strong></span> <span class='ocrx_word' id='word_1_347' title='bbox 1645 4671 1869 4740; x_wconf 88' lang='lat' dir='ltr'><strong>proprie</strong></span> 
     </span>
    </p>
   </div>
   <div class='ocr_carea' id='block_1_48' title="bbox 283 4761 1868 4832">
    <p class='ocr_par' dir='ltr' id='par_1_48' title="bbox 283 4761 1868 4832">
     <span class='ocr_line' id='line_1_48' title="bbox 283 4761 1868 4832; baseline 0.002 -18"><span class='ocrx_word' id='word_1_348' title='bbox 283 4761 385 4817; x_wconf 87' lang='lat' dir='ltr'><strong>Dei</strong></span> <span class='ocrx_word' id='word_1_349' title='bbox 403 4763 708 4832; x_wconf 88' lang='lat' dir='ltr'><strong>genitorem</strong></span> <span class='ocrx_word' id='word_1_350' title='bbox 736 4762 958 4818; x_wconf 84' lang='lat' dir='ltr'><strong>dicitis?</strong></span> <span class='ocrx_word' id='word_1_351' title='bbox 981 4761 1079 4816; x_wconf 87' lang='lat' dir='ltr'><strong>sed</strong></span> <span class='ocrx_word' id='word_1_352' title='bbox 1099 4777 1231 4818; x_wconf 85' lang='lat' dir='ltr'><strong>vere</strong></span> <span class='ocrx_word' id='word_1_353' title='bbox 1247 4761 1500 4817; x_wconf 78' lang='lat' dir='ltr'><strong>dicentes</strong></span> <span class='ocrx_word' id='word_1_354' title='bbox 1525 4780 1540 4816; x_wconf 91' lang='lat'><strong>:</strong></span> <span class='ocrx_word' id='word_1_355' title='bbox 1567 4779 1586 4813; x_wconf 78' lang='grc' dir='ltr'>ι</span> <span class='ocrx_word' id='word_1_356' title='bbox 1619 4761 1730 4816; x_wconf 79' lang='lat' dir='ltr'><strong>Vos</strong></span> <span class='ocrx_word' id='word_1_357' title='bbox 1746 4777 1868 4817; x_wconf 89' lang='lat' dir='ltr'><strong>esse</strong></span> 
     </span>
    </p>
   </div>
   <div class='ocr_carea' id='block_1_49' title="bbox 287 4853 1868 4924">
    <p class='ocr_par' dir='ltr' id='par_1_49' title="bbox 287 4853 1868 4924">
     <span class='ocr_line' id='line_1_49' title="bbox 287 4853 1868 4924; baseline 0.001 -17"><span class='ocrx_word' id='word_1_358' title='bbox 287 4854 565 4924; x_wconf 80' lang='lat' dir='ltr'><strong>sapientes</strong></span> <span class='ocrx_word' id='word_1_359' title='bbox 596 4855 749 4909; x_wconf 87' lang='lat' dir='ltr'><strong>stulti</strong></span> <span class='ocrx_word' id='word_1_360' title='bbox 777 4854 905 4910; x_wconf 91' lang='lat' dir='ltr'><strong>facti</strong></span> <span class='ocrx_word' id='word_1_361' title='bbox 929 4854 1086 4920; x_wconf 89' lang='lat' dir='ltr'><strong>estis,</strong></span> <span class='ocrx_word' id='word_1_362' title='bbox 1125 4863 1182 4910; x_wconf 91' lang='lat' dir='ltr'><strong>et</strong></span> <span class='ocrx_word' id='word_1_363' title='bbox 1219 4855 1570 4910; x_wconf 86' lang='lat' dir='ltr'><strong>obscuratum</strong></span> <span class='ocrx_word' id='word_1_364' title='bbox 1618 4863 1704 4908; x_wconf 89' lang='lat' dir='ltr'><strong>est</strong></span> <span class='ocrx_word' id='word_1_365' title='bbox 1729 4853 1868 4908; x_wconf 88' lang='lat' dir='ltr'><strong>insi-</strong></span> 
     </span>
    </p>
   </div>
   <div class='ocr_carea' id='block_1_50' title="bbox 287 4941 1872 5012">
    <p class='ocr_par' dir='ltr' id='par_1_50' title="bbox 287 4941 1872 5012">
     <span class='ocr_line' id='line_1_50' title="bbox 287 4941 1872 5012; baseline 0 -16"><span class='ocrx_word' id='word_1_366' title='bbox 287 4943 448 5012; x_wconf 75' lang='lat' dir='ltr'><strong>piens</strong></span> <span class='ocrx_word' id='word_1_367' title='bbox 463 4958 561 4997; x_wconf 93' lang='lat' dir='ltr'><strong>cor</strong></span> <span class='ocrx_word' id='word_1_368' title='bbox 574 4951 820 4999; x_wconf 87' lang='lat' dir='ltr'><strong>vestrum</strong></span> <span class='ocrx_word' id='word_1_369' title='bbox 837 4953 904 4999; x_wconf 73' lang='grc' dir='ltr'>ω.</span> <span class='ocrx_word' id='word_1_370' title='bbox 931 4963 950 4996; x_wconf 72' lang='grc' dir='ltr'>ι</span> <span class='ocrx_word' id='word_1_371' title='bbox 985 4945 1142 5000; x_wconf 87' lang='lat' dir='ltr'><strong>Tunc</strong></span> <span class='ocrx_word' id='word_1_372' title='bbox 1160 4943 1309 5000; x_wconf 91' lang='lat' dir='ltr'><strong>enim</strong></span> <span class='ocrx_word' id='word_1_373' title='bbox 1337 4942 1726 4999; x_wconf 87' lang='lat' dir='ltr'><strong>tantummodo</strong></span> <span class='ocrx_word' id='word_1_374' title='bbox 1748 4941 1872 5012; x_wconf 86' lang='lat' dir='ltr'><strong>plu-</strong></span> 
     </span>
    </p>
   </div>
   <div class='ocr_carea' id='block_1_51' title="bbox 289 5033 1869 5098">
    <p class='ocr_par' dir='ltr' id='par_1_51' title="bbox 289 5033 1869 5098">
     <span class='ocr_line' id='line_1_51' title="bbox 289 5033 1869 5098; baseline -0.001 -12"><span class='ocrx_word' id='word_1_375' title='bbox 289 5033 427 5088; x_wconf 85' lang='lat' dir='ltr'><strong>ritas</strong></span> <span class='ocrx_word' id='word_1_376' title='bbox 480 5033 549 5088; x_wconf 89' lang='lat' dir='ltr'><strong>ad</strong></span> <span class='ocrx_word' id='word_1_377' title='bbox 609 5033 1120 5090; x_wconf 88' lang='lat' dir='ltr'><strong>denominationem</strong></span> <span class='ocrx_word' id='word_1_378' title='bbox 1169 5035 1512 5090; x_wconf 83' lang='lat' dir='ltr'><strong>denominati</strong></span> <span class='ocrx_word' id='word_1_379' title='bbox 1565 5033 1869 5098; x_wconf 76' lang='lat' dir='ltr'><strong>confertur,</strong></span> 
     </span>
    </p>
   </div>
   <div class='ocr_carea' id='block_1_52' title="bbox 289 5123 1868 5196">
    <p class='ocr_par' dir='ltr' id='par_1_52' title="bbox 289 5123 1868 5196">
     <span class='ocr_line' id='line_1_52' title="bbox 289 5123 1868 5196; baseline -0.001 -16"><span class='ocrx_word' id='word_1_380' title='bbox 289 5141 416 5180; x_wconf 85' lang='lat' dir='ltr'><strong>cum</strong></span> <span class='ocrx_word' id='word_1_381' title='bbox 449 5124 699 5196; x_wconf 87' lang='lat' dir='ltr'><strong>subjecta</strong></span> <span class='ocrx_word' id='word_1_382' title='bbox 729 5141 840 5190; x_wconf 88' lang='lat' dir='ltr'><strong>res,</strong></span> <span class='ocrx_word' id='word_1_383' title='bbox 867 5142 1100 5182; x_wconf 87' lang='lat' dir='ltr'><strong>numero</strong></span> <span class='ocrx_word' id='word_1_384' title='bbox 1121 5125 1345 5196; x_wconf 89' lang='lat' dir='ltr'><strong>quidem</strong></span> <span class='ocrx_word' id='word_1_385' title='bbox 1369 5125 1578 5194; x_wconf 88' lang='lat' dir='ltr'><strong>plures,</strong></span> <span class='ocrx_word' id='word_1_386' title='bbox 1604 5123 1868 5194; x_wconf 88' lang='lat' dir='ltr'><strong>singulari</strong></span> 
     </span>
    </p>
   </div>
   <div class='ocr_carea' id='block_1_53' title="bbox 289 5212 1834 5285">
    <p class='ocr_par' dir='ltr' id='par_1_53' title="bbox 289 5212 1834 5285">
     <span class='ocr_line' id='line_1_53' title="bbox 289 5212 1834 5285; baseline -0.002 -16"><span class='ocrx_word' id='word_1_387' title='bbox 289 5225 474 5270; x_wconf 86' lang='lat' dir='ltr'><strong>autem</strong></span> <span class='ocrx_word' id='word_1_388' title='bbox 501 5215 827 5270; x_wconf 88' lang='lat' dir='ltr'><strong>charactere</strong></span> <span class='ocrx_word' id='word_1_389' title='bbox 884 5215 1126 5269; x_wconf 87' lang='lat' dir='ltr'><strong>nominis</strong></span> <span class='ocrx_word' id='word_1_390' title='bbox 1163 5215 1412 5285; x_wconf 90' lang='lat' dir='ltr'><strong>usurpati</strong></span> <span class='ocrx_word' id='word_1_391' title='bbox 1454 5221 1716 5284; x_wconf 86' lang='lat' dir='ltr'><strong>tanquam</strong></span> <span class='ocrx_word' id='word_1_392' title='bbox 1749 5212 1834 5267; x_wconf 92' lang='lat' dir='ltr'><strong>col</strong></span> 
     </span>
    </p>
   </div>
   <div class='ocr_carea' id='block_1_54' title="bbox 289 5303 1869 5376">
    <p class='ocr_par' dir='ltr' id='par_1_54' title="bbox 289 5303 1869 5376">
     <span class='ocr_line' id='line_1_54' title="bbox 289 5303 1869 5376; baseline -0.001 -17"><span class='ocrx_word' id='word_1_393' title='bbox 289 5305 474 5361; x_wconf 86' lang='lat' dir='ltr'><strong>lectivi</strong></span> <span class='ocrx_word' id='word_1_394' title='bbox 500 5305 882 5376; x_wconf 87' lang='lat' dir='ltr'><strong>designantur.</strong></span> <span class='ocrx_word' id='word_1_395' title='bbox 907 5303 998 5360; x_wconf 86' lang='lat' dir='ltr'><strong>Sic</strong></span> <span class='ocrx_word' id='word_1_396' title='bbox 1046 5305 1303 5361; x_wconf 86' lang='lat' dir='ltr'><strong>videlicet</strong></span> <span class='ocrx_word' id='word_1_397' title='bbox 1337 5305 1467 5360; x_wconf 87' lang='lat' dir='ltr'><strong>vitis</strong></span> <span class='ocrx_word' id='word_1_398' title='bbox 1507 5321 1615 5360; x_wconf 91' lang='lat' dir='ltr'><strong>una</strong></span> <span class='ocrx_word' id='word_1_399' title='bbox 1650 5304 1869 5359; x_wconf 86' lang='lat' dir='ltr'><strong>vineam</strong></span> 
     </span>
    </p>
   </div>
   <div class='ocr_carea' id='block_1_55' title="bbox 242 5394 1874 5471">
    <p class='ocr_par' dir='ltr' id='par_1_55' title="bbox 242 5394 1874 5471">
     <span class='ocr_line' id='line_1_55' title="bbox 242 5394 1874 5471; baseline -0.001 -19"><span class='ocrx_word' id='word_1_400' title='bbox 242 5465 248 5471; x_wconf 30' lang='grc' dir='ltr'><strong>ο</strong></span> <span class='ocrx_word' id='word_1_401' title='bbox 290 5412 400 5452; x_wconf 83' lang='lat' dir='ltr'><strong>non</strong></span> <span class='ocrx_word' id='word_1_402' title='bbox 426 5398 766 5465; x_wconf 87' lang='lat' dir='ltr'><strong>constituet;</strong></span> <span class='ocrx_word' id='word_1_403' title='bbox 805 5413 908 5454; x_wconf 90' lang='lat' dir='ltr'><strong>nec</strong></span> <span class='ocrx_word' id='word_1_404' title='bbox 937 5396 1143 5454; x_wconf 87' lang='lat' dir='ltr'><strong>vitibus</strong></span> <span class='ocrx_word' id='word_1_405' title='bbox 1188 5394 1425 5454; x_wconf 82' lang='lat' dir='ltr'><strong>feracem</strong></span> <span class='ocrx_word' id='word_1_406' title='bbox 1478 5397 1737 5469; x_wconf 80' lang='lat' dir='ltr'><strong>depinget</strong></span> <span class='ocrx_word' id='word_1_407' title='bbox 1775 5395 1874 5450; x_wconf 87' lang='lat' dir='ltr'><strong>ali-</strong></span> 
     </span>
    </p>
   </div>
   <div class='ocr_carea' id='block_1_56' title="bbox 291 5489 1872 5564">
    <p class='ocr_par' dir='ltr' id='par_1_56' title="bbox 291 5489 1872 5564">
     <span class='ocr_line' id='line_1_56' title="bbox 291 5489 1872 5564; baseline 0 -23"><span class='ocrx_word' id='word_1_408' title='bbox 291 5489 417 5560; x_wconf 75' lang='lat' dir='ltr'><strong>quis</strong></span> <span class='ocrx_word' id='word_1_409' title='bbox 447 5491 609 5548; x_wconf 87' lang='lat' dir='ltr'><strong>talem</strong></span> <span class='ocrx_word' id='word_1_410' title='bbox 639 5493 942 5564; x_wconf 82' lang='lat' dir='ltr'><strong>regionem,</strong></span> <span class='ocrx_word' id='word_1_411' title='bbox 990 5506 1092 5544; x_wconf 88' lang='lat' dir='ltr'><strong>nec</strong></span> <span class='ocrx_word' id='word_1_412' title='bbox 1123 5489 1464 5560; x_wconf 82' lang='lat' dir='ltr'><strong>frugiferam,</strong></span> <span class='ocrx_word' id='word_1_413' title='bbox 1499 5507 1602 5547; x_wconf 87' lang='lat' dir='ltr'><strong>nec</strong></span> <span class='ocrx_word' id='word_1_414' title='bbox 1627 5489 1872 5558; x_wconf 86' lang='lat' dir='ltr'><strong>piscibus</strong></span> 
     </span>
    </p>
   </div>
   <div class='ocr_carea' id='block_1_57' title="bbox 326 5672 1320 5746">
    <p class='ocr_par' dir='ltr' id='par_1_57' title="bbox 326 5672 1320 5746">
     <span class='ocr_line' id='line_1_57' title="bbox 326 5672 1320 5746; baseline -0.013 -9"><span class='ocrx_word' id='word_1_415' title='bbox 326 5673 393 5719; x_wconf 64' lang='lat'><strong>&quot;1</strong></span> <span class='ocrx_word' id='word_1_416' title='bbox 429 5678 572 5736; x_wconf 77' lang='lat' dir='ltr'><strong>Psal.</strong></span> <span class='ocrx_word' id='word_1_417' title='bbox 599 5693 673 5744; x_wconf 70' lang='lat' dir='ltr'><strong>xu,</strong></span> <span class='ocrx_word' id='word_1_418' title='bbox 715 5677 822 5746; x_wconf 62' lang='lat'><strong>1,5.</strong></span> <span class='ocrx_word' id='word_1_419' title='bbox 902 5687 939 5714; x_wconf 78' lang='grc' dir='ltr'><strong>ιη</strong></span> <span class='ocrx_word' id='word_1_420' title='bbox 969 5674 1127 5730; x_wconf 73' lang='lat' dir='ltr'><strong>Rom.</strong></span> <span class='ocrx_word' id='word_1_421' title='bbox 1164 5689 1198 5742; x_wconf 77' lang='grc' dir='ltr'><strong>ι,</strong></span> <span class='ocrx_word' id='word_1_422' title='bbox 1231 5672 1320 5727; x_wconf 71' lang='grc'><strong>22.</strong></span> 
     </span>
    </p>
   </div>
   <div class='ocr_carea' id='block_1_58' title="bbox 1544 243 2302 309">
    <p class='ocr_par' dir='ltr' id='par_1_58' title="bbox 1544 243 2302 309">
     <span class='ocr_line' id='line_1_58' title="bbox 1544 243 2302 309; baseline -0.004 -2"><span class='ocrx_word' id='word_1_423' title='bbox 1544 245 1855 309; x_wconf 79' lang='lat' dir='ltr'><strong>LEONTII</strong></span> <span class='ocrx_word' id='word_1_424' title='bbox 1895 243 2268 306; x_wconf 77' lang='grc' dir='ltr'><strong>ΒΥΖΑΝἸΊΝ</strong></span> <span class='ocrx_word' id='word_1_425' title='bbox 2274 245 2302 304; x_wconf 92' lang='grc' dir='ltr'><strong>Ι</strong></span> 
     </span>
    </p>
   </div>
   <div class='ocr_carea' id='block_1_59' title="bbox 3411 241 3600 309">
    <p class='ocr_par' dir='ltr' id='par_1_59' title="bbox 3411 241 3600 309">
     <span class='ocr_line' id='line_1_59' title="bbox 3411 241 3600 309; baseline -0.021 -1"><span class='ocrx_word' id='word_1_426' title='bbox 3411 241 3600 309; x_wconf 74' lang='lat'><strong>1652</strong></span> 
     </span>
    </p>
   </div>
   <div class='ocr_carea' id='block_1_60' title="bbox 1964 357 3596 431">
    <p class='ocr_par' dir='ltr' id='par_1_60' title="bbox 1964 357 3596 431">
     <span class='ocr_line' id='line_1_60' title="bbox 1964 357 3596 431; baseline 0.002 -21"><span class='ocrx_word' id='word_1_427' title='bbox 1964 376 2039 428; x_wconf 89' lang='grc' dir='ltr'><strong>μα</strong></span> <span class='ocrx_word' id='word_1_428' title='bbox 2077 358 2463 431; x_wconf 73' lang='grc' dir='ltr'>κεκρυμμένον</span> <span class='ocrx_word' id='word_1_429' title='bbox 2488 357 2596 411; x_wconf 85' lang='grc' dir='ltr'><strong>τῶν</strong></span> <span class='ocrx_word' id='word_1_430' title='bbox 2629 357 2756 430; x_wconf 82' lang='grc' dir='ltr'>μίαν</span> <span class='ocrx_word' id='word_1_431' title='bbox 2781 358 3050 428; x_wconf 88' lang='grc' dir='ltr'>λεγόντων</span> <span class='ocrx_word' id='word_1_432' title='bbox 3095 358 3194 431; x_wconf 75' lang='grc' dir='ltr'>τὴν</span> <span class='ocrx_word' id='word_1_433' title='bbox 3245 357 3596 414; x_wconf 75' lang='grc' dir='ltr'><strong>ὑπόστασιν</strong></span> 
     </span>
    </p>
   </div>
   <div class='ocr_carea' id='block_1_61' title="bbox 1955 451 3594 523">
    <p class='ocr_par' dir='ltr' id='par_1_61' title="bbox 1955 451 3594 523">
     <span class='ocr_line' id='line_1_61' title="bbox 1955 451 3594 523; baseline -0.001 -17"><span class='ocrx_word' id='word_1_434' title='bbox 1955 452 2219 523; x_wconf 83' lang='grc' dir='ltr'>Χριστοῦ,</span> <span class='ocrx_word' id='word_1_435' title='bbox 2252 453 2347 507; x_wconf 79' lang='grc' dir='ltr'>καὶ</span> <span class='ocrx_word' id='word_1_436' title='bbox 2395 452 2644 506; x_wconf 77' lang='grc' dir='ltr'>σύνθεσιν</span> <span class='ocrx_word' id='word_1_437' title='bbox 2690 451 2786 505; x_wconf 89' lang='grc' dir='ltr'><strong>τοῦ</strong></span> <span class='ocrx_word' id='word_1_438' title='bbox 2840 451 2978 506; x_wconf 86' lang='grc' dir='ltr'>Θεοῦ</span> <span class='ocrx_word' id='word_1_439' title='bbox 3035 453 3208 522; x_wconf 74' lang='grc' dir='ltr'>Λόγου</span> <span class='ocrx_word' id='word_1_440' title='bbox 3262 452 3406 521; x_wconf 80' lang='grc' dir='ltr'>πρὸς</span> <span class='ocrx_word' id='word_1_441' title='bbox 3460 453 3594 522; x_wconf 61' lang='grc' dir='ltr'>τὴν</span> 
     </span>
    </p>
   </div>
   <div class='ocr_carea' id='block_1_62' title="bbox 1958 543 3587 616">
    <p class='ocr_par' dir='ltr' id='par_1_62' title="bbox 1958 543 3587 616">
     <span class='ocr_line' id='line_1_62' title="bbox 1958 543 3587 616; baseline -0.001 -19"><span class='ocrx_word' id='word_1_442' title='bbox 1958 545 2159 616; x_wconf 75' lang='grc' dir='ltr'>σάρκα.</span> <span class='ocrx_word' id='word_1_443' title='bbox 2201 545 2266 598; x_wconf 83' lang='grc' dir='ltr'>Τί</span> <span class='ocrx_word' id='word_1_444' title='bbox 2306 544 2416 616; x_wconf 85' lang='grc' dir='ltr'><strong>γὰρ</strong></span> <span class='ocrx_word' id='word_1_445' title='bbox 2457 544 2606 598; x_wconf 80' lang='grc' dir='ltr'>ἔστιν</span> <span class='ocrx_word' id='word_1_446' title='bbox 2631 543 2812 614; x_wconf 70' lang='grc' dir='ltr'>εὑρεῖν</span> <span class='ocrx_word' id='word_1_447' title='bbox 2844 544 2902 597; x_wconf 83' lang='grc' dir='ltr'>ὲν</span> <span class='ocrx_word' id='word_1_448' title='bbox 2930 546 2995 614; x_wconf 81' lang='grc' dir='ltr'><strong>τῇ</strong></span> <span class='ocrx_word' id='word_1_449' title='bbox 3047 545 3338 610; x_wconf 75' lang='grc' dir='ltr'>Θεοτόκος</span> <span class='ocrx_word' id='word_1_450' title='bbox 3372 547 3587 614; x_wconf 72' lang='grc' dir='ltr'>φωνῇ,</span> 
     </span>
    </p>
   </div>
   <div class='ocr_carea' id='block_1_63' title="bbox 1958 635 3591 706">
    <p class='ocr_par' dir='ltr' id='par_1_63' title="bbox 1958 635 3591 706">
     <span class='ocr_line' id='line_1_63' title="bbox 1958 635 3591 706; baseline 0 -18"><span class='ocrx_word' id='word_1_451' title='bbox 1958 635 2391 706; x_wconf 81' lang='grc' dir='ltr'><strong>προστιθεμένου</strong></span> <span class='ocrx_word' id='word_1_452' title='bbox 2425 635 2662 706; x_wconf 85' lang='grc' dir='ltr'>μάλιστα</span> <span class='ocrx_word' id='word_1_453' title='bbox 2691 637 2880 698; x_wconf 82' lang='grc' dir='ltr'>αὐτοῖς</span> <span class='ocrx_word' id='word_1_454' title='bbox 2909 635 3002 688; x_wconf 89' lang='grc' dir='ltr'><strong>τοῦ</strong></span> <span class='ocrx_word' id='word_1_455' title='bbox 3035 636 3243 706; x_wconf 80' lang='grc' dir='ltr'>κυρίως</span> <span class='ocrx_word' id='word_1_456' title='bbox 3271 636 3372 689; x_wconf 76' lang='grc' dir='ltr'><strong>καὶ</strong></span> <span class='ocrx_word' id='word_1_457' title='bbox 3408 635 3591 690; x_wconf 66' lang='grc' dir='ltr'>κατὰ</span> 
     </span>
    </p>
   </div>
   <div class='ocr_carea' id='block_1_64' title="bbox 1957 725 3590 798">
    <p class='ocr_par' dir='ltr' id='par_1_64' title="bbox 1957 725 3590 798">
     <span class='ocr_line' id='line_1_64' title="bbox 1957 725 3590 798; baseline 0.001 -19"><span class='ocrx_word' id='word_1_458' title='bbox 1957 727 2246 797; x_wconf 57' lang='lat' dir='ltr'><strong>emet-ta»;</strong></span> <span class='ocrx_word' id='word_1_459' title='bbox 2277 727 2310 798; x_wconf 78' lang='grc' dir='ltr'><strong>ἢ</strong></span> <span class='ocrx_word' id='word_1_460' title='bbox 2349 727 2480 780; x_wconf 74' lang='grc' dir='ltr'>αὐτὸ</span> <span class='ocrx_word' id='word_1_461' title='bbox 2529 725 2688 780; x_wconf 89' lang='grc' dir='ltr'>τοῦτο</span> <span class='ocrx_word' id='word_1_462' title='bbox 2736 728 2873 797; x_wconf 83' lang='grc' dir='ltr'>ὅπερ</span> <span class='ocrx_word' id='word_1_463' title='bbox 2905 727 2964 779; x_wconf 78' lang='grc' dir='ltr'>ἔν</span> <span class='ocrx_word' id='word_1_464' title='bbox 2991 730 3058 798; x_wconf 82' lang='grc' dir='ltr'><strong>τῇ</strong></span> <span class='ocrx_word' id='word_1_465' title='bbox 3091 726 3345 780; x_wconf 76' lang='grc' dir='ltr'><strong>συνθέσει</strong></span> <span class='ocrx_word' id='word_1_466' title='bbox 3378 743 3590 798; x_wconf 78' lang='grc' dir='ltr'>κεκω-</span> 
     </span>
    </p>
   </div>
   <div class='ocr_carea' id='block_1_65' title="bbox 1960 821 3588 896">
    <p class='ocr_par' dir='ltr' id='par_1_65' title="bbox 1960 821 3588 896">
     <span class='ocr_line' id='line_1_65' title="bbox 1960 821 3588 896; baseline -0.001 -20"><span class='ocrx_word' id='word_1_467' title='bbox 1960 824 2218 896; x_wconf 82' lang='grc' dir='ltr'>ρισμένον</span> <span class='ocrx_word' id='word_1_468' title='bbox 2247 825 2585 894; x_wconf 80' lang='grc' dir='ltr'>εὑρήκαμεν,</span> <span class='ocrx_word' id='word_1_469' title='bbox 2625 822 3085 896; x_wconf 83' lang='grc' dir='ltr'>ἁπροσδιορίστως</span> <span class='ocrx_word' id='word_1_470' title='bbox 3113 821 3206 874; x_wconf 89' lang='grc' dir='ltr'><strong>τοῦ</strong></span> <span class='ocrx_word' id='word_1_471' title='bbox 3237 821 3588 886; x_wconf 84' lang='grc' dir='ltr'>Θεοτόκος,</span> 
     </span>
    </p>
   </div>
   <div class='ocr_carea' id='block_1_66' title="bbox 1957 903 3589 988">
    <p class='ocr_par' dir='ltr' id='par_1_66' title="bbox 1957 903 3589 988">
     <span class='ocr_line' id='line_1_66' title="bbox 1957 903 3589 988; baseline -0.002 -17"><span class='ocrx_word' id='word_1_472' title='bbox 1957 917 2032 982; x_wconf 84' lang='grc' dir='ltr'>ὡς</span> <span class='ocrx_word' id='word_1_473' title='bbox 2065 917 2160 972; x_wconf 89' lang='grc' dir='ltr'><strong>τοῦ</strong></span> <span class='ocrx_word' id='word_1_474' title='bbox 2194 917 2340 984; x_wconf 85' lang='grc' dir='ltr'><strong>Θεὸς</strong></span> <span class='ocrx_word' id='word_1_475' title='bbox 2371 917 2632 988; x_wconf 85' lang='grc' dir='ltr'>ὀνόματος</span> <span class='ocrx_word' id='word_1_476' title='bbox 2677 917 2962 986; x_wconf 78' lang='grc' dir='ltr'>πολλαχῶς</span> <span class='ocrx_word' id='word_1_477' title='bbox 3004 915 3321 985; x_wconf 73' lang='grc' dir='ltr'><strong>λεγομένου,</strong></span> <span class='ocrx_word' id='word_1_478' title='bbox 3370 903 3476 984; x_wconf 68' lang='grc' dir='ltr'>οίχέ</span> <span class='ocrx_word' id='word_1_479' title='bbox 3483 932 3589 968; x_wconf 80' lang='grc' dir='ltr'>σει</span> 
     </span>
    </p>
   </div>
   <div class='ocr_carea' id='block_1_67' title="bbox 1960 1009 3590 1080">
    <p class='ocr_par' dir='ltr' id='par_1_67' title="bbox 1960 1009 3590 1080">
     <span class='ocr_line' id='line_1_67' title="bbox 1960 1009 3590 1080; baseline -0.001 -16"><span class='ocrx_word' id='word_1_480' title='bbox 1960 1027 2076 1076; x_wconf 85' lang='grc' dir='ltr'>πως</span> <span class='ocrx_word' id='word_1_481' title='bbox 2107 1011 2206 1080; x_wconf 79' lang='grc' dir='ltr'>τὴν</span> <span class='ocrx_word' id='word_1_482' title='bbox 2249 1011 2344 1064; x_wconf 75' lang='grc' dir='ltr'><strong>ἐπὶ</strong></span> <span class='ocrx_word' id='word_1_483' title='bbox 2392 1011 2452 1064; x_wconf 78' lang='grc' dir='ltr'>τὸ</span> <span class='ocrx_word' id='word_1_484' title='bbox 2501 1011 2726 1074; x_wconf 77' lang='grc' dir='ltr'>εὐσεϐὲς</span> <span class='ocrx_word' id='word_1_485' title='bbox 2762 1009 3096 1080; x_wconf 81' lang='grc' dir='ltr'>διασάφησιν</span> <span class='ocrx_word' id='word_1_486' title='bbox 3137 1009 3251 1080; x_wconf 74' lang='grc' dir='ltr'>ἔχει</span> <span class='ocrx_word' id='word_1_487' title='bbox 3275 1025 3290 1040; x_wconf 76' lang='grc' dir='ltr'>ο</span> <span class='ocrx_word' id='word_1_488' title='bbox 3347 1010 3482 1064; x_wconf 68' lang='grc' dir='ltr'>νυνὶ</span> <span class='ocrx_word' id='word_1_489' title='bbox 3515 1009 3590 1062; x_wconf 63' lang='grc' dir='ltr'><strong>δὲ</strong></span> 
     </span>
    </p>
   </div>
   <div class='ocr_carea' id='block_1_68' title="bbox 1958 1097 3585 1172">
    <p class='ocr_par' dir='ltr' id='par_1_68' title="bbox 1958 1097 3585 1172">
     <span class='ocr_line' id='line_1_68' title="bbox 1958 1097 3585 1172; baseline -0.001 -18"><span class='ocrx_word' id='word_1_490' title='bbox 1958 1101 2054 1154; x_wconf 90' lang='grc' dir='ltr'><strong>τοῦ</strong></span> <span class='ocrx_word' id='word_1_491' title='bbox 2116 1101 2322 1172; x_wconf 82' lang='grc' dir='ltr'><strong>κυρίως</strong></span> <span class='ocrx_word' id='word_1_492' title='bbox 2377 1103 2471 1156; x_wconf 72' lang='grc' dir='ltr'>καὶ</span> <span class='ocrx_word' id='word_1_493' title='bbox 2500 1097 2642 1156; x_wconf 84' lang='grc' dir='ltr'>κατᾶ</span> <span class='ocrx_word' id='word_1_494' title='bbox 2690 1101 2954 1172; x_wconf 80' lang='grc' dir='ltr'>ἀλήθειαν</span> <span class='ocrx_word' id='word_1_495' title='bbox 3019 1101 3434 1170; x_wconf 77' lang='grc' dir='ltr'><strong>προσκειμένου</strong></span> <span class='ocrx_word' id='word_1_496' title='bbox 3501 1103 3585 1170; x_wconf 79' lang='grc' dir='ltr'><strong>τῇ</strong></span> 
     </span>
    </p>
   </div>
   <div class='ocr_carea' id='block_1_69' title="bbox 1965 1191 3584 1263">
    <p class='ocr_par' dir='ltr' id='par_1_69' title="bbox 1965 1191 3584 1263">
     <span class='ocr_line' id='line_1_69' title="bbox 1965 1191 3584 1263; baseline -0.002 -17"><span class='ocrx_word' id='word_1_497' title='bbox 1965 1193 2139 1263; x_wconf 75' lang='grc' dir='ltr'>φωνῇ,</span> <span class='ocrx_word' id='word_1_498' title='bbox 2184 1193 2366 1263; x_wconf 85' lang='grc' dir='ltr'>πάσης</span> <span class='ocrx_word' id='word_1_499' title='bbox 2405 1192 2662 1257; x_wconf 78' lang='grc' dir='ltr'>ἀσεϐείας</span> <span class='ocrx_word' id='word_1_500' title='bbox 2688 1192 2784 1246; x_wconf 76' lang='grc' dir='ltr'>καὶ</span> <span class='ocrx_word' id='word_1_501' title='bbox 2817 1191 3271 1262; x_wconf 79' lang='grc' dir='ltr'>άπερικαλύπτου</span> <span class='ocrx_word' id='word_1_502' title='bbox 3293 1191 3584 1262; x_wconf 71' lang='grc' dir='ltr'>βλασφη-</span> 
     </span>
    </p>
   </div>
   <div class='ocr_carea' id='block_1_70' title="bbox 1963 1283 3590 1354">
    <p class='ocr_par' dir='ltr' id='par_1_70' title="bbox 1963 1283 3590 1354">
     <span class='ocr_line' id='line_1_70' title="bbox 1963 1283 3590 1354; baseline 0.002 -21"><span class='ocrx_word' id='word_1_503' title='bbox 1963 1283 2091 1352; x_wconf 77' lang='grc' dir='ltr'>μίας</span> <span class='ocrx_word' id='word_1_504' title='bbox 2123 1283 2294 1352; x_wconf 81' lang='grc' dir='ltr'>αὐτὴν</span> <span class='ocrx_word' id='word_1_505' title='bbox 2326 1284 2956 1354; x_wconf 80' lang='grc' dir='ltr'>ἀνεπλήρωσαν.-Ὄμως</span> <span class='ocrx_word' id='word_1_506' title='bbox 2992 1283 3294 1354; x_wconf 75' lang='grc' dir='ltr'>ὲρωτητέον</span> <span class='ocrx_word' id='word_1_507' title='bbox 3324 1283 3590 1349; x_wconf 75' lang='grc' dir='ltr'>αὐτοὺς,</span> 
     </span>
    </p>
   </div>
   <div class='ocr_carea' id='block_1_71' title="bbox 1958 1372 3586 1446">
    <p class='ocr_par' dir='ltr' id='par_1_71' title="bbox 1958 1372 3586 1446">
     <span class='ocr_line' id='line_1_71' title="bbox 1958 1372 3586 1446; baseline 0.002 -20"><span class='ocrx_word' id='word_1_508' title='bbox 1958 1373 2012 1426; x_wconf 89' lang='grc' dir='ltr'><strong>τί</strong></span> <span class='ocrx_word' id='word_1_509' title='bbox 2046 1372 2299 1443; x_wconf 86' lang='grc' dir='ltr'>βούλεται</span> <span class='ocrx_word' id='word_1_510' title='bbox 2324 1376 2509 1438; x_wconf 80' lang='grc' dir='ltr'>αὐτοῖς</span> <span class='ocrx_word' id='word_1_511' title='bbox 2534 1377 2567 1446; x_wconf 79' lang='grc' dir='ltr'><strong>ὴ</strong></span> <span class='ocrx_word' id='word_1_512' title='bbox 2593 1375 2769 1429; x_wconf 79' lang='grc' dir='ltr'>τοιάδε</span> <span class='ocrx_word' id='word_1_513' title='bbox 2789 1375 3076 1443; x_wconf 81' lang='grc' dir='ltr'>ὀνομασία.</span> <span class='ocrx_word' id='word_1_514' title='bbox 3095 1376 3188 1429; x_wconf 76' lang='grc' dir='ltr'>καὶ</span> <span class='ocrx_word' id='word_1_515' title='bbox 3218 1375 3367 1429; x_wconf 81' lang='grc' dir='ltr'>κατὰ</span> <span class='ocrx_word' id='word_1_516' title='bbox 3393 1375 3586 1429; x_wconf 73' lang='grc' dir='ltr'>ποίαν</span> 
     </span>
    </p>
   </div>
   <div class='ocr_carea' id='block_1_72' title="bbox 1959 1461 3588 1540">
    <p class='ocr_par' dir='ltr' id='par_1_72' title="bbox 1959 1461 3588 1540">
     <span class='ocr_line' id='line_1_72' title="bbox 1959 1461 3588 1540; baseline 0.002 -22"><span class='ocrx_word' id='word_1_517' title='bbox 1959 1465 2142 1528; x_wconf 81' lang='grc' dir='ltr'>αὐτοῖς</span> <span class='ocrx_word' id='word_1_518' title='bbox 2211 1465 2421 1522; x_wconf 73' lang='grc' dir='ltr'>ἔννοιαν</span> <span class='ocrx_word' id='word_1_519' title='bbox 2454 1466 2804 1538; x_wconf 73' lang='grc' dir='ltr'>ἑξείληπται;</span> <span class='ocrx_word' id='word_1_520' title='bbox 2855 1461 3035 1537; x_wconf 76' lang='grc' dir='ltr'>Ἀρα,</span> <span class='ocrx_word' id='word_1_521' title='bbox 3074 1466 3155 1532; x_wconf 80' lang='grc' dir='ltr'>ὥς</span> <span class='ocrx_word' id='word_1_522' title='bbox 3215 1485 3422 1538; x_wconf 80' lang='grc' dir='ltr'>φαμεν,</span> <span class='ocrx_word' id='word_1_523' title='bbox 3465 1469 3588 1540; x_wconf 71' lang='grc' dir='ltr'><strong>ἆῤ-</strong></span> 
     </span>
    </p>
   </div>
   <div class='ocr_carea' id='block_1_73' title="bbox 1962 1553 3587 1628">
    <p class='ocr_par' dir='ltr' id='par_1_73' title="bbox 1962 1553 3587 1628">
     <span class='ocr_line' id='line_1_73' title="bbox 1962 1553 3587 1628; baseline 0.002 -20"><span class='ocrx_word' id='word_1_524' title='bbox 1962 1553 2264 1626; x_wconf 77' lang='grc' dir='ltr'>ρενοτὸκον,</span> <span class='ocrx_word' id='word_1_525' title='bbox 2343 1557 2376 1626; x_wconf 79' lang='grc' dir='ltr'>ἦ</span> <span class='ocrx_word' id='word_1_526' title='bbox 2448 1555 2743 1626; x_wconf 83' lang='grc' dir='ltr'>θηλυτόκον</span> <span class='ocrx_word' id='word_1_527' title='bbox 2819 1559 3054 1625; x_wconf 83' lang='grc' dir='ltr'>γυναῖκα</span> <span class='ocrx_word' id='word_1_528' title='bbox 3075 1599 3092 1624; x_wconf 90' lang='grc'><strong>,</strong></span> <span class='ocrx_word' id='word_1_529' title='bbox 3142 1559 3244 1628; x_wconf 79' lang='grc' dir='ltr'><strong>τὴν</strong></span> <span class='ocrx_word' id='word_1_530' title='bbox 3297 1558 3587 1612; x_wconf 83' lang='grc' dir='ltr'>είωθεῖαν</span> 
     </span>
    </p>
   </div>
   <div class='ocr_carea' id='block_1_74' title="bbox 1963 1645 3586 1717">
    <p class='ocr_par' dir='ltr' id='par_1_74' title="bbox 1963 1645 3586 1717">
     <span class='ocr_line' id='line_1_74' title="bbox 1963 1645 3586 1717; baseline 0.002 -19"><span class='ocrx_word' id='word_1_531' title='bbox 1963 1645 2202 1717; x_wconf 72' lang='grc' dir='ltr'>ἄρρενας</span> <span class='ocrx_word' id='word_1_532' title='bbox 2249 1646 2284 1717; x_wconf 75' lang='grc' dir='ltr'>ἢ</span> <span class='ocrx_word' id='word_1_533' title='bbox 2340 1647 2508 1717; x_wconf 78' lang='grc' dir='ltr'>θήλεα</span> <span class='ocrx_word' id='word_1_534' title='bbox 2563 1647 2770 1702; x_wconf 78' lang='grc' dir='ltr'><strong>τίκτειν</strong></span> <span class='ocrx_word' id='word_1_535' title='bbox 2795 1689 2810 1715; x_wconf 90' lang='grc'><strong>,</strong></span> <span class='ocrx_word' id='word_1_536' title='bbox 2865 1649 3038 1712; x_wconf 77' lang='grc' dir='ltr'>οὕτως</span> <span class='ocrx_word' id='word_1_537' title='bbox 3116 1649 3270 1703; x_wconf 73' lang='grc' dir='ltr'>αὐτοὶ</span> <span class='ocrx_word' id='word_1_538' title='bbox 3330 1649 3586 1717; x_wconf 78' lang='grc' dir='ltr'>λέγουσι</span> 
     </span>
    </p>
   </div>
   <div class='ocr_carea' id='block_1_75' title="bbox 1965 1737 3586 1812">
    <p class='ocr_par' dir='ltr' id='par_1_75' title="bbox 1965 1737 3586 1812">
     <span class='ocr_line' id='line_1_75' title="bbox 1965 1737 3586 1812; baseline 0.002 -22"><span class='ocrx_word' id='word_1_539' title='bbox 1965 1737 2227 1790; x_wconf 85' lang='grc' dir='ltr'>Θεοτόκον</span> <span class='ocrx_word' id='word_1_540' title='bbox 2278 1737 2376 1808; x_wconf 82' lang='grc' dir='ltr'>τὴν</span> <span class='ocrx_word' id='word_1_541' title='bbox 2431 1739 2595 1806; x_wconf 86' lang='grc' dir='ltr'>ἁγίαν</span> <span class='ocrx_word' id='word_1_542' title='bbox 2645 1740 2890 1812; x_wconf 78' lang='grc' dir='ltr'>Μαρίαν,</span> <span class='ocrx_word' id='word_1_543' title='bbox 2938 1741 3095 1805; x_wconf 81' lang='grc' dir='ltr'>θεοὺς</span> <span class='ocrx_word' id='word_1_544' title='bbox 3149 1740 3320 1811; x_wconf 75' lang='grc' dir='ltr'>αὐτὴν</span> <span class='ocrx_word' id='word_1_545' title='bbox 3377 1757 3586 1810; x_wconf 75' lang='grc' dir='ltr'>πεφυ-</span> 
     </span>
    </p>
   </div>
   <div class='ocr_carea' id='block_1_76' title="bbox 1965 1827 3580 1902">
    <p class='ocr_par' dir='ltr' id='par_1_76' title="bbox 1965 1827 3580 1902">
     <span class='ocr_line' id='line_1_76' title="bbox 1965 1827 3580 1902; baseline 0.011 -23"><span class='ocrx_word' id='word_1_546' title='bbox 1965 1827 2126 1880; x_wconf 82' lang='grc' dir='ltr'>κυῖαν</span> <span class='ocrx_word' id='word_1_547' title='bbox 2151 1827 2383 1891; x_wconf 79' lang='grc' dir='ltr'>τίκτειν,</span> <span class='ocrx_word' id='word_1_548' title='bbox 2408 1828 2499 1882; x_wconf 84' lang='grc' dir='ltr'><strong>διὰ</strong></span> <span class='ocrx_word' id='word_1_549' title='bbox 2531 1829 2632 1899; x_wconf 82' lang='grc' dir='ltr'><strong>τῆς</strong></span> <span class='ocrx_word' id='word_1_550' title='bbox 2658 1830 2874 1884; x_wconf 77' lang='grc' dir='ltr'>τοιᾶσδε</span> <span class='ocrx_word' id='word_1_551' title='bbox 2924 1830 3121 1896; x_wconf 82' lang='grc' dir='ltr'>λέξεως</span> <span class='ocrx_word' id='word_1_552' title='bbox 3153 1829 3538 1902; x_wconf 82' lang='grc' dir='ltr'>σημαίνοντες</span> <span class='ocrx_word' id='word_1_553' title='bbox 3560 1849 3580 1895; x_wconf 79' lang='grc' dir='ltr'>ς</span> 
     </span>
    </p>
   </div>
   <div class='ocr_carea' id='block_1_77' title="bbox 1965 1918 3583 1990">
    <p class='ocr_par' dir='ltr' id='par_1_77' title="bbox 1965 1918 3583 1990">
     <span class='ocr_line' id='line_1_77' title="bbox 1965 1918 3583 1990; baseline 0.004 -20"><span class='ocrx_word' id='word_1_554' title='bbox 1965 1918 2058 1971; x_wconf 80' lang='grc' dir='ltr'>καὶ</span> <span class='ocrx_word' id='word_1_555' title='bbox 2109 1919 2297 1982; x_wconf 84' lang='grc' dir='ltr'>ποίους</span> <span class='ocrx_word' id='word_1_556' title='bbox 2363 1919 2523 1982; x_wconf 85' lang='grc' dir='ltr'>θεοὺς</span> <span class='ocrx_word' id='word_1_557' title='bbox 2575 1921 2890 1990; x_wconf 70' lang='grc' dir='ltr'>ἐγέννησεν,</span> <span class='ocrx_word' id='word_1_558' title='bbox 2939 1924 3278 1982; x_wconf 78' lang='grc' dir='ltr'>εἰπάτωσαν,</span> <span class='ocrx_word' id='word_1_559' title='bbox 3337 1923 3434 1977; x_wconf 79' lang='grc' dir='ltr'>καὶ</span> <span class='ocrx_word' id='word_1_560' title='bbox 3509 1925 3583 1977; x_wconf 72' lang='grc' dir='ltr'>τὸ</span> 
     </span>
    </p>
   </div>
   <div class='ocr_carea' id='block_1_78' title="bbox 1965 2009 3582 2084">
    <p class='ocr_par' dir='ltr' id='par_1_78' title="bbox 1965 2009 3582 2084">
     <span class='ocr_line' id='line_1_78' title="bbox 1965 2009 3582 2084; baseline 0.002 -20"><span class='ocrx_word' id='word_1_561' title='bbox 1965 2011 2327 2080; x_wconf 81' lang='grc' dir='ltr'>ἀγνοούμενον</span> <span class='ocrx_word' id='word_1_562' title='bbox 2355 2009 2782 2067; x_wconf 85' lang='grc' dir='ltr'>διδασκέτωσαν.</span> <span class='ocrx_word' id='word_1_563' title='bbox 2831 2013 2906 2067; x_wconf 85' lang='grc' dir='ltr'><em>Ἢ</em></span> <span class='ocrx_word' id='word_1_564' title='bbox 2948 2015 3032 2068; x_wconf 80' lang='grc' dir='ltr'>ὅτι</span> <span class='ocrx_word' id='word_1_565' title='bbox 3061 2013 3192 2068; x_wconf 82' lang='grc' dir='ltr'>Θεὸν</span> <span class='ocrx_word' id='word_1_566' title='bbox 3221 2016 3538 2084; x_wconf 76' lang='grc' dir='ltr'>ἐγέννησεν</span> <span class='ocrx_word' id='word_1_567' title='bbox 3556 2033 3582 2083; x_wconf 89' lang='lat'><strong>;</strong></span> 
     </span>
    </p>
   </div>
   <div class='ocr_carea' id='block_1_79' title="bbox 1964 2101 3578 2176">
    <p class='ocr_par' dir='ltr' id='par_1_79' title="bbox 1964 2101 3578 2176">
     <span class='ocr_line' id='line_1_79' title="bbox 1964 2101 3578 2176; baseline 0.002 -20"><span class='ocrx_word' id='word_1_568' title='bbox 1964 2101 2030 2156; x_wconf 80' lang='lat' dir='ltr'><strong>Et</strong></span> <span class='ocrx_word' id='word_1_569' title='bbox 2066 2104 2162 2156; x_wconf 80' lang='grc' dir='ltr'>καὶ</span> <span class='ocrx_word' id='word_1_570' title='bbox 2207 2102 2346 2174; x_wconf 82' lang='grc' dir='ltr'>πρὸς</span> <span class='ocrx_word' id='word_1_571' title='bbox 2383 2103 2532 2170; x_wconf 75' lang='grc' dir='ltr'><strong>ἅπαξ</strong></span> <span class='ocrx_word' id='word_1_572' title='bbox 2561 2102 2724 2158; x_wconf 86' lang='grc' dir='ltr'>τοῦτο</span> <span class='ocrx_word' id='word_1_573' title='bbox 2765 2104 3008 2159; x_wconf 74' lang='grc' dir='ltr'><strong>ἐθέλουσι</strong></span> <span class='ocrx_word' id='word_1_574' title='bbox 3038 2107 3302 2176; x_wconf 81' lang='grc' dir='ltr'><strong>σημᾶναι,</strong></span> <span class='ocrx_word' id='word_1_575' title='bbox 3332 2105 3427 2160; x_wconf 72' lang='grc' dir='ltr'><strong>διὰ</strong></span> <span class='ocrx_word' id='word_1_576' title='bbox 3465 2106 3578 2160; x_wconf 81' lang='grc' dir='ltr'><strong>τοῦ</strong></span> 
     </span>
    </p>
   </div>
   <div class='ocr_carea' id='block_1_80' title="bbox 1965 2192 3573 2268">
    <p class='ocr_par' dir='ltr' id='par_1_80' title="bbox 1965 2192 3573 2268">
     <span class='ocr_line' id='line_1_80' title="bbox 1965 2192 3573 2268; baseline 0.003 -22"><span class='ocrx_word' id='word_1_577' title='bbox 1965 2193 2140 2256; x_wconf 79' lang='grc' dir='ltr'>οὕτως</span> <span class='ocrx_word' id='word_1_578' title='bbox 2167 2192 2457 2262; x_wconf 79' lang='grc' dir='ltr'>ὀνομάζειν</span> <span class='ocrx_word' id='word_1_579' title='bbox 2491 2193 2592 2266; x_wconf 79' lang='grc' dir='ltr'>τὴν</span> <span class='ocrx_word' id='word_1_580' title='bbox 2622 2195 2935 2268; x_wconf 72' lang='grc' dir='ltr'>Παρθένονσ</span> <span class='ocrx_word' id='word_1_581' title='bbox 2965 2195 3081 2249; x_wconf 80' lang='grc' dir='ltr'>ἀλλ’</span> <span class='ocrx_word' id='word_1_582' title='bbox 3107 2196 3208 2248; x_wconf 87' lang='grc' dir='ltr'><strong>οὐκ</strong></span> <span class='ocrx_word' id='word_1_583' title='bbox 3241 2197 3482 2266; x_wconf 79' lang='grc' dir='ltr'>οἴδαμεν</span> <span class='ocrx_word' id='word_1_584' title='bbox 3519 2201 3573 2251; x_wconf 79' lang='grc' dir='ltr'>εἰ</span> 
     </span>
    </p>
   </div>
   <div class='ocr_carea' id='block_1_81' title="bbox 1964 2284 3574 2362">
    <p class='ocr_par' dir='ltr' id='par_1_81' title="bbox 1964 2284 3574 2362">
     <span class='ocr_line' id='line_1_81' title="bbox 1964 2284 3574 2362; baseline 0.002 -22"><span class='ocrx_word' id='word_1_585' title='bbox 1964 2285 2185 2340; x_wconf 80' lang='grc' dir='ltr'>δύναται</span> <span class='ocrx_word' id='word_1_586' title='bbox 2221 2284 2384 2339; x_wconf 89' lang='grc' dir='ltr'>τοῦτο</span> <span class='ocrx_word' id='word_1_587' title='bbox 2411 2285 2650 2356; x_wconf 81' lang='grc' dir='ltr'>δηλῶσαι</span> <span class='ocrx_word' id='word_1_588' title='bbox 2678 2289 2738 2340; x_wconf 85' lang='grc' dir='ltr'><strong>τὺ</strong></span> <span class='ocrx_word' id='word_1_589' title='bbox 2764 2285 2974 2342; x_wconf 85' lang='grc' dir='ltr'>τοιοῦτο</span> <span class='ocrx_word' id='word_1_590' title='bbox 3007 2288 3194 2358; x_wconf 80' lang='grc' dir='ltr'>σχῆμα</span> <span class='ocrx_word' id='word_1_591' title='bbox 3223 2289 3317 2343; x_wconf 85' lang='grc' dir='ltr'><strong>τοῦ</strong></span> <span class='ocrx_word' id='word_1_592' title='bbox 3348 2291 3574 2362; x_wconf 77' lang='grc' dir='ltr'>ὀνόμα-</span> 
     </span>
    </p>
   </div>
   <div class='ocr_carea' id='block_1_82' title="bbox 1965 2395 2083 2443">
    <p class='ocr_par' dir='ltr' id='par_1_82' title="bbox 1965 2395 2083 2443">
     <span class='ocr_line' id='line_1_82' title="bbox 1965 2395 2083 2443; baseline 0.025 -11"><span class='ocrx_word' id='word_1_593' title='bbox 1965 2395 2083 2443; x_wconf 82' lang='grc' dir='ltr'>τος.</span> 
     </span>
    </p>
   </div>
   <div class='ocr_carea' id='block_1_83' title="bbox 2041 2467 3568 2542">
    <p class='ocr_par' dir='ltr' id='par_1_83' title="bbox 2041 2467 3568 2542">
     <span class='ocr_line' id='line_1_83' title="bbox 2041 2467 3568 2542; baseline 0.005 -22"><span class='ocrx_word' id='word_1_594' title='bbox 2041 2487 2068 2520; x_wconf 64' lang='grc' dir='ltr'><strong>ιι</strong></span> <span class='ocrx_word' id='word_1_595' title='bbox 2101 2467 2508 2540; x_wconf 83' lang='grc' dir='ltr'>Ἐξολοθρεύσει</span> <span class='ocrx_word' id='word_1_596' title='bbox 2541 2469 2748 2538; x_wconf 83' lang='grc' dir='ltr'>Κύριος</span> <span class='ocrx_word' id='word_1_597' title='bbox 2781 2472 2961 2525; x_wconf 83' lang='grc' dir='ltr'>πάντα</span> <span class='ocrx_word' id='word_1_598' title='bbox 2991 2470 3059 2524; x_wconf 83' lang='grc' dir='ltr'><strong>τὰ</strong></span> <span class='ocrx_word' id='word_1_599' title='bbox 3097 2472 3250 2542; x_wconf 66' lang='grc' dir='ltr'>χείλη</span> <span class='ocrx_word' id='word_1_600' title='bbox 3273 2471 3344 2526; x_wconf 78' lang='grc' dir='ltr'>τὰ</span> <span class='ocrx_word' id='word_1_601' title='bbox 3373 2473 3568 2532; x_wconf 80' lang='grc' dir='ltr'>δόλια.</span> 
     </span>
    </p>
   </div>
   <div class='ocr_carea' id='block_1_84' title="bbox 1967 2555 3568 2632">
    <p class='ocr_par' dir='ltr' id='par_1_84' title="bbox 1967 2555 3568 2632">
     <span class='ocr_line' id='line_1_84' title="bbox 1967 2555 3568 2632; baseline 0.006 -24"><span class='ocrx_word' id='word_1_602' title='bbox 1967 2555 2220 2624; x_wconf 86' lang='grc' dir='ltr'>γλῶσσαν</span> <span class='ocrx_word' id='word_1_603' title='bbox 2261 2557 2742 2630; x_wconf 59' lang='grc' dir='ltr'>μγαλορῤήμονα,</span> <span class='ocrx_word' id='word_1_604' title='bbox 2777 2561 2903 2623; x_wconf 78' lang='grc' dir='ltr'>τοὺς</span> <span class='ocrx_word' id='word_1_605' title='bbox 2935 2562 3204 2624; x_wconf 76' lang='grc' dir='ltr'>εἰπόντας·</span> <span class='ocrx_word' id='word_1_606' title='bbox 3231 2563 3344 2632; x_wconf 78' lang='grc' dir='ltr'><strong>Τὴν</strong></span> <span class='ocrx_word' id='word_1_607' title='bbox 3369 2564 3568 2632; x_wconf 74' lang='grc' dir='ltr'>γλῶσ-</span> 
     </span>
    </p>
   </div>
   <div class='ocr_carea' id='block_1_85' title="bbox 1971 2650 3579 2726">
    <p class='ocr_par' dir='ltr' id='par_1_85' title="bbox 1971 2650 3579 2726">
     <span class='ocr_line' id='line_1_85' title="bbox 1971 2650 3579 2726; baseline 0.004 -24"><span class='ocrx_word' id='word_1_608' title='bbox 1971 2665 2071 2703; x_wconf 84' lang='grc' dir='ltr'><strong>σαν</strong></span> <span class='ocrx_word' id='word_1_609' title='bbox 2099 2650 2266 2720; x_wconf 76' lang='grc' dir='ltr'>ἡμῶν.</span> <span class='ocrx_word' id='word_1_610' title='bbox 2289 2651 2735 2722; x_wconf 76' lang='grc' dir='ltr'>μεγαλυνοῦμενο</span> <span class='ocrx_word' id='word_1_611' title='bbox 2767 2653 2836 2706; x_wconf 85' lang='grc' dir='ltr'>τὰ</span> <span class='ocrx_word' id='word_1_612' title='bbox 2863 2654 3016 2722; x_wconf 77' lang='grc' dir='ltr'>χείλη</span> <span class='ocrx_word' id='word_1_613' title='bbox 3061 2654 3218 2725; x_wconf 79' lang='grc' dir='ltr'>ἡμῶν</span> <span class='ocrx_word' id='word_1_614' title='bbox 3250 2656 3388 2724; x_wconf 83' lang='grc' dir='ltr'>παρ’</span> <span class='ocrx_word' id='word_1_615' title='bbox 3422 2659 3579 2726; x_wconf 63' lang='grc' dir='ltr'>ἡμῖν</span> 
     </span>
    </p>
   </div>
   <div class='ocr_carea' id='block_1_86' title="bbox 1967 2742 3568 2818">
    <p class='ocr_par' dir='ltr' id='par_1_86' title="bbox 1967 2742 3568 2818">
     <span class='ocr_line' id='line_1_86' title="bbox 1967 2742 3568 2818; baseline 0.005 -24"><span class='ocrx_word' id='word_1_616' title='bbox 1967 2742 2117 2796; x_wconf 62' lang='grc' dir='ltr'>ἐστιν</span> <span class='ocrx_word' id='word_1_617' title='bbox 2147 2743 2231 2806; x_wconf 88' lang='grc' dir='ltr'><strong>τίς</strong></span> <span class='ocrx_word' id='word_1_618' title='bbox 2268 2743 2428 2814; x_wconf 75' lang='grc' dir='ltr'>ἡμῶν</span> <span class='ocrx_word' id='word_1_619' title='bbox 2454 2743 2660 2816; x_wconf 78' lang='grc' dir='ltr'>Κύριός</span> <span class='ocrx_word' id='word_1_620' title='bbox 2687 2747 2875 2811; x_wconf 65' lang='grc' dir='ltr'>εει-τινι</span> <span class='ocrx_word' id='word_1_621' title='bbox 2905 2764 2922 2796; x_wconf 73' lang='grc' dir='ltr'>ι</span> <span class='ocrx_word' id='word_1_622' title='bbox 2957 2746 3160 2800; x_wconf 72' lang='grc' dir='ltr'>Εἴπατε</span> <span class='ocrx_word' id='word_1_623' title='bbox 3191 2749 3346 2818; x_wconf 74' lang='grc' dir='ltr'>ἡμῖν,</span> <span class='ocrx_word' id='word_1_624' title='bbox 3373 2749 3426 2800; x_wconf 74' lang='lat' dir='ltr'><strong>oi</strong></span> <span class='ocrx_word' id='word_1_625' title='bbox 3455 2751 3568 2802; x_wconf 72' lang='grc' dir='ltr'><strong>αὑ·-</strong></span> 
     </span>
    </p>
   </div>
   <div class='ocr_carea' id='block_1_87' title="bbox 1969 2831 3576 2906">
    <p class='ocr_par' dir='ltr' id='par_1_87' title="bbox 1969 2831 3576 2906">
     <span class='ocr_line' id='line_1_87' title="bbox 1969 2831 3576 2906; baseline 0.005 -22"><span class='ocrx_word' id='word_1_626' title='bbox 1969 2831 2154 2905; x_wconf 80' lang='grc' dir='ltr'>θεντίᾳ</span> <span class='ocrx_word' id='word_1_627' title='bbox 2201 2832 2645 2903; x_wconf 83' lang='grc' dir='ltr'>νομοθετοῦντες,</span> <span class='ocrx_word' id='word_1_628' title='bbox 2679 2833 2752 2906; x_wconf 82' lang='grc' dir='ltr'>μὴ</span> <span class='ocrx_word' id='word_1_629' title='bbox 2783 2835 2846 2902; x_wconf 75' lang='grc' dir='ltr'>ἐξ</span> <span class='ocrx_word' id='word_1_630' title='bbox 2883 2836 3025 2899; x_wconf 76' lang='grc' dir='ltr'>ἑνὸς,</span> <span class='ocrx_word' id='word_1_631' title='bbox 3058 2835 3170 2890; x_wconf 65' lang='grc' dir='ltr'>ἀλλ’</span> <span class='ocrx_word' id='word_1_632' title='bbox 3196 2838 3262 2894; x_wconf 75' lang='grc' dir='ltr'>ἐκ</span> <span class='ocrx_word' id='word_1_633' title='bbox 3289 2837 3576 2894; x_wconf 73' lang='grc' dir='ltr'>πλειόνων</span> 
     </span>
    </p>
   </div>
   <div class='ocr_carea' id='block_1_88' title="bbox 1968 2923 3541 3000">
    <p class='ocr_par' dir='ltr' id='par_1_88' title="bbox 1968 2923 3541 3000">
     <span class='ocr_line' id='line_1_88' title="bbox 1968 2923 3541 3000; baseline 0.006 -25"><span class='ocrx_word' id='word_1_634' title='bbox 1968 2926 2144 2979; x_wconf 82' lang='grc' dir='ltr'>τόκων</span> <span class='ocrx_word' id='word_1_635' title='bbox 2169 2923 2460 2995; x_wconf 79' lang='grc' dir='ltr'>ὀνομάζειν</span> <span class='ocrx_word' id='word_1_636' title='bbox 2497 2923 2598 2996; x_wconf 78' lang='grc' dir='ltr'>τὴν</span> <span class='ocrx_word' id='word_1_637' title='bbox 2621 2925 2914 2980; x_wconf 81' lang='grc' dir='ltr'>τίκτουσαν</span> <span class='ocrx_word' id='word_1_638' title='bbox 2937 2944 2950 2956; x_wconf 81' lang='lat'><strong><em>°</em></strong></span> <span class='ocrx_word' id='word_1_639' title='bbox 2977 2923 3086 2999; x_wconf 78' lang='grc' dir='ltr'>ἆρα</span> <span class='ocrx_word' id='word_1_640' title='bbox 3119 2925 3211 2980; x_wconf 78' lang='grc' dir='ltr'><strong>οὖν</strong></span> <span class='ocrx_word' id='word_1_641' title='bbox 3241 2929 3366 2982; x_wconf 70' lang='grc' dir='ltr'>ἐπεὶ</span> <span class='ocrx_word' id='word_1_642' title='bbox 3395 2947 3541 3000; x_wconf 77' lang='grc' dir='ltr'>μονο</span> 
     </span>
    </p>
   </div>
   <div class='ocr_carea' id='block_1_89' title="bbox 1977 3017 3561 3092">
    <p class='ocr_par' dir='ltr' id='par_1_89' title="bbox 1977 3017 3561 3092">
     <span class='ocr_line' id='line_1_89' title="bbox 1977 3017 3561 3092; baseline 0.002 -21"><span class='ocrx_word' id='word_1_643' title='bbox 1977 3017 2141 3088; x_wconf 82' lang='grc' dir='ltr'>γενὴς</span> <span class='ocrx_word' id='word_1_644' title='bbox 2166 3020 2231 3088; x_wconf 84' lang='grc' dir='ltr'><strong>τῇ</strong></span> <span class='ocrx_word' id='word_1_645' title='bbox 2266 3017 2454 3090; x_wconf 71' lang='grc' dir='ltr'>Σάρρᾳ</span> <span class='ocrx_word' id='word_1_646' title='bbox 2482 3021 2512 3071; x_wconf 86' lang='grc' dir='ltr'><em>ὁ</em></span> <span class='ocrx_word' id='word_1_647' title='bbox 2544 3019 2750 3082; x_wconf 86' lang='grc' dir='ltr'>Ἰσαὰκ,</span> <span class='ocrx_word' id='word_1_648' title='bbox 2780 3021 2846 3089; x_wconf 77' lang='grc' dir='ltr'>τῇ</span> <span class='ocrx_word' id='word_1_649' title='bbox 2885 3020 3056 3090; x_wconf 80' lang='grc' dir='ltr'>’Δννῃ</span> <span class='ocrx_word' id='word_1_650' title='bbox 3093 3021 3124 3072; x_wconf 81' lang='grc' dir='ltr'>ὁ</span> <span class='ocrx_word' id='word_1_651' title='bbox 3164 3021 3445 3091; x_wconf 76' lang='grc' dir='ltr'><strong>Σαμουὴλ,</strong></span> <span class='ocrx_word' id='word_1_652' title='bbox 3489 3028 3561 3092; x_wconf 78' lang='grc' dir='ltr'>τῇ</span> 
     </span>
    </p>
   </div>
   <div class='ocr_carea' id='block_1_90' title="bbox 1977 3107 3560 3180">
    <p class='ocr_par' dir='ltr' id='par_1_90' title="bbox 1977 3107 3560 3180">
     <span class='ocr_line' id='line_1_90' title="bbox 1977 3107 3560 3180; baseline 0 -14"><span class='ocrx_word' id='word_1_653' title='bbox 1977 3107 2258 3166; x_wconf 76' lang='grc' dir='ltr'>Ἐλισάθετ</span> <span class='ocrx_word' id='word_1_654' title='bbox 2309 3111 2338 3162; x_wconf 79' lang='grc' dir='ltr'>ὁ</span> <span class='ocrx_word' id='word_1_655' title='bbox 2394 3109 2668 3178; x_wconf 76' lang='grc' dir='ltr'>Ἰωάννης,</span> <span class='ocrx_word' id='word_1_656' title='bbox 2723 3111 2790 3179; x_wconf 80' lang='grc' dir='ltr'>τῇ</span> <span class='ocrx_word' id='word_1_657' title='bbox 2847 3109 3016 3180; x_wconf 78' lang='grc' dir='ltr'>Ἀννῃ</span> <span class='ocrx_word' id='word_1_658' title='bbox 3069 3111 3102 3180; x_wconf 80' lang='grc' dir='ltr'>ὴ</span> <span class='ocrx_word' id='word_1_659' title='bbox 3163 3111 3422 3180; x_wconf 82' lang='grc' dir='ltr'>Μαριὰμ,</span> <span class='ocrx_word' id='word_1_660' title='bbox 3454 3117 3560 3166; x_wconf 76' lang='grc' dir='ltr'>καὶ</span> 
     </span>
    </p>
   </div>
   <div class='ocr_carea' id='block_1_91' title="bbox 1949 3184 3558 3275">
    <p class='ocr_par' dir='ltr' id='par_1_91' title="bbox 1949 3184 3558 3275">
     <span class='ocr_line' id='line_1_91' title="bbox 1949 3184 3558 3275; baseline 0 -20"><span class='ocrx_word' id='word_1_661' title='bbox 1949 3184 2147 3264; x_wconf 50' lang='grc' dir='ltr'><strong>’ἁπλῶς</strong></span> <span class='ocrx_word' id='word_1_662' title='bbox 2193 3199 2396 3264; x_wconf 85' lang='grc' dir='ltr'>πάντες</span> <span class='ocrx_word' id='word_1_663' title='bbox 2420 3202 2534 3254; x_wconf 82' lang='grc' dir='ltr'>ὅσοι</span> <span class='ocrx_word' id='word_1_664' title='bbox 2573 3217 2632 3254; x_wconf 85' lang='grc' dir='ltr'><strong>τε</strong></span> <span class='ocrx_word' id='word_1_665' title='bbox 2662 3201 2756 3258; x_wconf 77' lang='grc' dir='ltr'><strong>καὶ</strong></span> <span class='ocrx_word' id='word_1_666' title='bbox 2783 3202 2905 3257; x_wconf 79' lang='grc' dir='ltr'>ὅσαι</span> <span class='ocrx_word' id='word_1_667' title='bbox 2935 3201 3033 3254; x_wconf 68' lang='lat' dir='ltr'><strong>Eva.</strong></span> <span class='ocrx_word' id='word_1_668' title='bbox 3061 3200 3177 3254; x_wconf 74' lang='grc' dir='ltr'>υίδν</span> <span class='ocrx_word' id='word_1_669' title='bbox 3209 3201 3244 3272; x_wconf 76' lang='grc' dir='ltr'><strong>ἢ</strong></span> <span class='ocrx_word' id='word_1_670' title='bbox 3271 3201 3558 3275; x_wconf 78' lang='grc' dir='ltr'><strong>θυγατέρα</strong></span> 
     </span>
    </p>
   </div>
   <div class='ocr_carea' id='block_1_92' title="bbox 1964 3293 3564 3366">
    <p class='ocr_par' dir='ltr' id='par_1_92' title="bbox 1964 3293 3564 3366">
     <span class='ocr_line' id='line_1_92' title="bbox 1964 3293 3564 3366; baseline 0.002 -20"><span class='ocrx_word' id='word_1_671' title='bbox 1964 3293 2092 3362; x_wconf 86' lang='grc' dir='ltr'>μίαν</span> <span class='ocrx_word' id='word_1_672' title='bbox 2125 3293 2288 3362; x_wconf 83' lang='grc' dir='ltr'>μόνον</span> <span class='ocrx_word' id='word_1_673' title='bbox 2320 3293 2742 3366; x_wconf 76' lang='grc' dir='ltr'>ἐπιγράφονται,</span> <span class='ocrx_word' id='word_1_674' title='bbox 2784 3293 2886 3364; x_wconf 66' lang='grc' dir='ltr'><strong>ἤδη</strong></span> <span class='ocrx_word' id='word_1_675' title='bbox 2937 3294 3064 3347; x_wconf 82' lang='grc' dir='ltr'>καθ’</span> <span class='ocrx_word' id='word_1_676' title='bbox 3111 3293 3278 3362; x_wconf 78' lang='grc' dir='ltr'>ὑμᾶς,</span> <span class='ocrx_word' id='word_1_677' title='bbox 3321 3295 3564 3360; x_wconf 68' lang='grc' dir='ltr'>τούτους</span> 
     </span>
    </p>
   </div>
   <div class='ocr_carea' id='block_1_93' title="bbox 1959 3383 3560 3454">
    <p class='ocr_par' dir='ltr' id='par_1_93' title="bbox 1959 3383 3560 3454">
     <span class='ocr_line' id='line_1_93' title="bbox 1959 3383 3560 3454; baseline 0.001 -14"><span class='ocrx_word' id='word_1_678' title='bbox 1959 3387 2074 3454; x_wconf 84' lang='grc' dir='ltr'>εἴγε</span> <span class='ocrx_word' id='word_1_679' title='bbox 2111 3402 2196 3448; x_wconf 83' lang='grc' dir='ltr'><strong>τις</strong></span> <span class='ocrx_word' id='word_1_680' title='bbox 2241 3383 2532 3454; x_wconf 79' lang='grc' dir='ltr'>ὀνομάζειν</span> <span class='ocrx_word' id='word_1_681' title='bbox 2577 3384 2774 3443; x_wconf 81' lang='grc' dir='ltr'><strong>ὲθέλοι.</strong></span> <span class='ocrx_word' id='word_1_682' title='bbox 2828 3384 2892 3439; x_wconf 77' lang='grc' dir='ltr'>ἐκ</span> <span class='ocrx_word' id='word_1_683' title='bbox 2948 3403 3008 3438; x_wconf 88' lang='grc' dir='ltr'><strong>τε</strong></span> <span class='ocrx_word' id='word_1_684' title='bbox 3061 3386 3154 3439; x_wconf 86' lang='grc' dir='ltr'><strong>τοῦ</strong></span> <span class='ocrx_word' id='word_1_685' title='bbox 3195 3388 3422 3441; x_wconf 80' lang='grc' dir='ltr'>τοκετοῦ</span> <span class='ocrx_word' id='word_1_686' title='bbox 3456 3393 3560 3442; x_wconf 77' lang='grc' dir='ltr'>καὶ</span> 
     </span>
    </p>
   </div>
   <div class='ocr_carea' id='block_1_94' title="bbox 1959 3473 3558 3546">
    <p class='ocr_par' dir='ltr' id='par_1_94' title="bbox 1959 3473 3558 3546">
     <span class='ocr_line' id='line_1_94' title="bbox 1959 3473 3558 3546; baseline -0.007 -6"><span class='ocrx_word' id='word_1_687' title='bbox 1959 3475 2058 3546; x_wconf 76' lang='grc' dir='ltr'>τῆς</span> <span class='ocrx_word' id='word_1_688' title='bbox 2094 3474 2307 3544; x_wconf 72' lang='grc' dir='ltr'>φύσεως</span> <span class='ocrx_word' id='word_1_689' title='bbox 2341 3473 2434 3528; x_wconf 90' lang='grc' dir='ltr'><strong>τοῦ</strong></span> <span class='ocrx_word' id='word_1_690' title='bbox 2463 3473 2748 3544; x_wconf 82' lang='grc' dir='ltr'>τεχθέντος</span> <span class='ocrx_word' id='word_1_691' title='bbox 2793 3473 2993 3540; x_wconf 85' lang='grc' dir='ltr'>καλῶν,</span> <span class='ocrx_word' id='word_1_692' title='bbox 3013 3475 3114 3529; x_wconf 85' lang='grc' dir='ltr'>οὐκ</span> <span class='ocrx_word' id='word_1_693' title='bbox 3135 3477 3558 3546; x_wconf 75' lang='grc' dir='ltr'>ἀῤῥενοτὸκους,</span> 
     </span>
    </p>
   </div>
   <div class='ocr_carea' id='block_1_95' title="bbox 1961 3566 3556 3639">
    <p class='ocr_par' dir='ltr' id='par_1_95' title="bbox 1961 3566 3556 3639">
     <span class='ocr_line' id='line_1_95' title="bbox 1961 3566 3556 3639; baseline 0.002 -17"><span class='ocrx_word' id='word_1_694' title='bbox 1961 3568 1994 3639; x_wconf 81' lang='grc' dir='ltr'><strong>ἢ</strong></span> <span class='ocrx_word' id='word_1_695' title='bbox 2030 3567 2360 3637; x_wconf 79' lang='grc' dir='ltr'>θηλυτόκους</span> <span class='ocrx_word' id='word_1_696' title='bbox 2409 3566 2675 3637; x_wconf 74' lang='grc' dir='ltr'>τολμήσοι</span> <span class='ocrx_word' id='word_1_697' title='bbox 2707 3566 2922 3636; x_wconf 85' lang='grc' dir='ltr'>λέγειν;</span> <span class='ocrx_word' id='word_1_698' title='bbox 2955 3568 3051 3622; x_wconf 73' lang='grc' dir='ltr'>καὶ</span> <span class='ocrx_word' id='word_1_699' title='bbox 3078 3568 3162 3632; x_wconf 77' lang='grc' dir='ltr'><strong>τίς</strong></span> <span class='ocrx_word' id='word_1_700' title='bbox 3190 3568 3455 3636; x_wconf 82' lang='grc' dir='ltr'>ἀκούσας,</span> <span class='ocrx_word' id='word_1_701' title='bbox 3491 3573 3556 3625; x_wconf 80' lang='grc' dir='ltr'><strong>οῦ</strong></span> 
     </span>
    </p>
   </div>
   <div class='ocr_carea' id='block_1_96' title="bbox 1963 3655 3554 3730">
    <p class='ocr_par' dir='ltr' id='par_1_96' title="bbox 1963 3655 3554 3730">
     <span class='ocr_line' id='line_1_96' title="bbox 1963 3655 3554 3730; baseline 0.001 -16"><span class='ocrx_word' id='word_1_702' title='bbox 1963 3659 2269 3714; x_wconf 83' lang='grc' dir='ltr'>καταπτύει</span> <span class='ocrx_word' id='word_1_703' title='bbox 2293 3657 2402 3714; x_wconf 82' lang='grc' dir='ltr'><strong>τῶν</strong></span> <span class='ocrx_word' id='word_1_704' title='bbox 2433 3659 2694 3714; x_wconf 77' lang='grc' dir='ltr'>τοιούτων</span> <span class='ocrx_word' id='word_1_705' title='bbox 2721 3659 2880 3730; x_wconf 75' lang='grc' dir='ltr'>ὑμῶν</span> <span class='ocrx_word' id='word_1_706' title='bbox 2901 3661 3274 3730; x_wconf 76' lang='grc' dir='ltr'>σοφισμάτων,</span> <span class='ocrx_word' id='word_1_707' title='bbox 3306 3655 3352 3714; x_wconf 75' lang='grc' dir='ltr'>ὦ</span> <span class='ocrx_word' id='word_1_708' title='bbox 3378 3663 3554 3716; x_wconf 76' lang='grc' dir='ltr'>τάλα-</span> 
     </span>
    </p>
   </div>
   <div class='ocr_carea' id='block_1_97' title="bbox 1966 3745 3553 3823">
    <p class='ocr_par' dir='ltr' id='par_1_97' title="bbox 1966 3745 3553 3823">
     <span class='ocr_line' id='line_1_97' title="bbox 1966 3745 3553 3823; baseline 0.001 -19"><span class='ocrx_word' id='word_1_709' title='bbox 1966 3769 2088 3816; x_wconf 84' lang='grc' dir='ltr'>νες;</span> <span class='ocrx_word' id='word_1_710' title='bbox 2111 3751 2174 3808; x_wconf 84' lang='lat' dir='ltr'><strong>El.</strong></span> <span class='ocrx_word' id='word_1_711' title='bbox 2223 3750 2282 3806; x_wconf 80' lang='grc' dir='ltr'><strong>δὲ</strong></span> <span class='ocrx_word' id='word_1_712' title='bbox 2334 3751 2428 3806; x_wconf 75' lang='grc' dir='ltr'>καὶ</span> <span class='ocrx_word' id='word_1_713' title='bbox 2473 3749 2650 3814; x_wconf 76' lang='grc' dir='ltr'>οὕτως</span> <span class='ocrx_word' id='word_1_714' title='bbox 2692 3745 2840 3820; x_wconf 82' lang='grc' dir='ltr'>εἶχεν</span> <span class='ocrx_word' id='word_1_715' title='bbox 2875 3749 2950 3814; x_wconf 80' lang='grc' dir='ltr'>ὣς</span> <span class='ocrx_word' id='word_1_716' title='bbox 2986 3768 3121 3820; x_wconf 79' lang='grc' dir='ltr'>φατε</span> <span class='ocrx_word' id='word_1_717' title='bbox 3153 3755 3203 3806; x_wconf 76' lang='lat' dir='ltr'><strong>oi</strong></span> <span class='ocrx_word' id='word_1_718' title='bbox 3237 3752 3312 3823; x_wconf 84' lang='grc' dir='ltr'>μὴ</span> <span class='ocrx_word' id='word_1_719' title='bbox 3347 3752 3553 3808; x_wconf 76' lang='grc' dir='ltr'>εἰδέναι</span> 
     </span>
    </p>
   </div>
   <div class='ocr_carea' id='block_1_98' title="bbox 1964 3842 3554 3915">
    <p class='ocr_par' dir='ltr' id='par_1_98' title="bbox 1964 3842 3554 3915">
     <span class='ocr_line' id='line_1_98' title="bbox 1964 3842 3554 3915; baseline 0.001 -17"><span class='ocrx_word' id='word_1_720' title='bbox 1964 3849 2014 3899; x_wconf 87' lang='grc' dir='ltr'>εἰ</span> <span class='ocrx_word' id='word_1_721' title='bbox 2051 3843 2278 3898; x_wconf 79' lang='grc' dir='ltr'>δυνατὸν</span> <span class='ocrx_word' id='word_1_722' title='bbox 2319 3843 2476 3898; x_wconf 85' lang='grc' dir='ltr'>τοῦτο</span> <span class='ocrx_word' id='word_1_723' title='bbox 2521 3842 2811 3912; x_wconf 80' lang='grc' dir='ltr'>δηλοῦσθαι</span> <span class='ocrx_word' id='word_1_724' title='bbox 2847 3842 2934 3897; x_wconf 81' lang='grc' dir='ltr'><strong>διὰ</strong></span> <span class='ocrx_word' id='word_1_725' title='bbox 2977 3843 3219 3898; x_wconf 82' lang='grc' dir='ltr'>τοιούτου</span> <span class='ocrx_word' id='word_1_726' title='bbox 3269 3845 3554 3915; x_wconf 78' lang='grc' dir='ltr'>σχήματος</span> 
     </span>
    </p>
   </div>
   <div class='ocr_carea' id='block_1_99' title="bbox 1963 3935 3558 4008">
    <p class='ocr_par' dir='ltr' id='par_1_99' title="bbox 1963 3935 3558 4008">
     <span class='ocr_line' id='line_1_99' title="bbox 1963 3935 3558 4008; baseline 0 -16"><span class='ocrx_word' id='word_1_727' title='bbox 1963 3938 2242 4008; x_wconf 81' lang='grc' dir='ltr'>λέγοντες,</span> <span class='ocrx_word' id='word_1_728' title='bbox 2271 3935 2392 3998; x_wconf 85' lang='grc' dir='ltr'><strong>πῶς</strong></span> <span class='ocrx_word' id='word_1_729' title='bbox 2421 3935 2579 4005; x_wconf 83' lang='grc' dir='ltr'>ὑμεῖς</span> <span class='ocrx_word' id='word_1_730' title='bbox 2623 3935 2986 4006; x_wconf 81' lang='grc' dir='ltr'>Χριστοτόκον</span> <span class='ocrx_word' id='word_1_731' title='bbox 3017 3937 3110 3990; x_wconf 74' lang='grc' dir='ltr'>καὶ</span> <span class='ocrx_word' id='word_1_732' title='bbox 3137 3937 3558 4007; x_wconf 80' lang='grc' dir='ltr'>ἁνθρωποτόκον</span> 
     </span>
    </p>
   </div>
   <div class='ocr_carea' id='block_1_100' title="bbox 1967 4024 3558 4098">
    <p class='ocr_par' dir='ltr' id='par_1_100' title="bbox 1967 4024 3558 4098">
     <span class='ocr_line' id='line_1_100' title="bbox 1967 4024 3558 4098; baseline -0.001 -15"><span class='ocrx_word' id='word_1_733' title='bbox 1967 4027 2152 4084; x_wconf 79' lang='grc' dir='ltr'>καλεῖν</span> <span class='ocrx_word' id='word_1_734' title='bbox 2182 4027 2280 4098; x_wconf 81' lang='grc' dir='ltr'>τὴν</span> <span class='ocrx_word' id='word_1_735' title='bbox 2305 4025 2485 4089; x_wconf 81' lang='grc' dir='ltr'>ὅντως</span> <span class='ocrx_word' id='word_1_736' title='bbox 2516 4024 2780 4078; x_wconf 74' lang='grc' dir='ltr'>Θεοτὼιον</span> <span class='ocrx_word' id='word_1_737' title='bbox 2822 4025 3126 4094; x_wconf 78' lang='grc' dir='ltr'>συνεξδετε;</span> <span class='ocrx_word' id='word_1_738' title='bbox 3161 4029 3210 4080; x_wconf 82' lang='grc' dir='ltr'><strong>εί</strong></span> <span class='ocrx_word' id='word_1_739' title='bbox 3236 4027 3343 4098; x_wconf 80' lang='grc' dir='ltr'><strong>γάρ</strong></span> <span class='ocrx_word' id='word_1_740' title='bbox 3375 4027 3438 4080; x_wconf 80' lang='grc' dir='ltr'>ἐκ</span> <span class='ocrx_word' id='word_1_741' title='bbox 3461 4028 3558 4081; x_wconf 81' lang='grc' dir='ltr'><strong>τοῦ</strong></span> 
     </span>
    </p>
   </div>
   <div class='ocr_carea' id='block_1_101' title="bbox 1967 4117 3556 4189">
    <p class='ocr_par' dir='ltr' id='par_1_101' title="bbox 1967 4117 3556 4189">
     <span class='ocr_line' id='line_1_101' title="bbox 1967 4117 3556 4189; baseline -0.004 -12"><span class='ocrx_word' id='word_1_742' title='bbox 1967 4122 2087 4186; x_wconf 81' lang='grc' dir='ltr'>ἐνὸς</span> <span class='ocrx_word' id='word_1_743' title='bbox 2136 4121 2300 4175; x_wconf 81' lang='grc' dir='ltr'>τόκου</span> <span class='ocrx_word' id='word_1_744' title='bbox 2347 4119 2408 4173; x_wconf 88' lang='grc' dir='ltr'><strong>οὐ</strong></span> <span class='ocrx_word' id='word_1_745' title='bbox 2466 4117 2690 4172; x_wconf 79' lang='grc' dir='ltr'>δυνατὸν</span> <span class='ocrx_word' id='word_1_746' title='bbox 2730 4117 3091 4187; x_wconf 71' lang='grc' dir='ltr'>ὀνομάζεσθαι</span> <span class='ocrx_word' id='word_1_747' title='bbox 3126 4118 3224 4189; x_wconf 78' lang='grc' dir='ltr'>τὴν</span> <span class='ocrx_word' id='word_1_748' title='bbox 3267 4120 3556 4173; x_wconf 85' lang='grc' dir='ltr'>τίκτουσαν</span> 
     </span>
    </p>
   </div>
   <div class='ocr_carea' id='block_1_102' title="bbox 1968 4205 3558 4279">
    <p class='ocr_par' dir='ltr' id='par_1_102' title="bbox 1968 4205 3558 4279">
     <span class='ocr_line' id='line_1_102' title="bbox 1968 4205 3558 4279; baseline -0.003 -14"><span class='ocrx_word' id='word_1_749' title='bbox 1968 4211 2200 4276; x_wconf 82' lang='grc' dir='ltr'>τοιάνδε,</span> <span class='ocrx_word' id='word_1_750' title='bbox 2248 4209 2284 4278; x_wconf 77' lang='grc' dir='ltr'><strong>ἢ</strong></span> <span class='ocrx_word' id='word_1_751' title='bbox 2336 4207 2554 4272; x_wconf 83' lang='grc' dir='ltr'>πλείους</span> <span class='ocrx_word' id='word_1_752' title='bbox 2591 4207 2881 4277; x_wconf 80' lang='grc' dir='ltr'>Χριστοὺς,</span> <span class='ocrx_word' id='word_1_753' title='bbox 2919 4207 2952 4278; x_wconf 82' lang='grc' dir='ltr'><strong>ἢ</strong></span> <span class='ocrx_word' id='word_1_754' title='bbox 3015 4207 3202 4270; x_wconf 78' lang='grc' dir='ltr'>ἁπλῶς</span> <span class='ocrx_word' id='word_1_755' title='bbox 3241 4205 3558 4279; x_wconf 74' lang='grc' dir='ltr'>ἀνθρώπως</span> 
     </span>
    </p>
   </div>
   <div class='ocr_carea' id='block_1_103' title="bbox 1967 4295 3562 4368">
    <p class='ocr_par' dir='ltr' id='par_1_103' title="bbox 1967 4295 3562 4368">
     <span class='ocr_line' id='line_1_103' title="bbox 1967 4295 3562 4368; baseline -0.002 -13"><span class='ocrx_word' id='word_1_756' title='bbox 1967 4299 2147 4356; x_wconf 71' lang='grc' dir='ltr'>οἴεσθε</span> <span class='ocrx_word' id='word_1_757' title='bbox 2177 4301 2368 4353; x_wconf 85' lang='grc' dir='ltr'>τεκεῖν</span> <span class='ocrx_word' id='word_1_758' title='bbox 2399 4297 2496 4368; x_wconf 76' lang='grc' dir='ltr'>τὴν</span> <span class='ocrx_word' id='word_1_759' title='bbox 2534 4297 2700 4366; x_wconf 85' lang='grc' dir='ltr'>ἁγίαν</span> <span class='ocrx_word' id='word_1_760' title='bbox 2733 4295 3033 4367; x_wconf 82' lang='grc' dir='ltr'>Παρθένον,</span> <span class='ocrx_word' id='word_1_761' title='bbox 3065 4297 3100 4366; x_wconf 80' lang='grc' dir='ltr'>ἢ</span> <span class='ocrx_word' id='word_1_762' title='bbox 3135 4298 3259 4351; x_wconf 71' lang='grc' dir='ltr'><strong>οὐδὲ</strong></span> <span class='ocrx_word' id='word_1_763' title='bbox 3290 4297 3463 4352; x_wconf 75' lang='grc' dir='ltr'>ταῦτα</span> <span class='ocrx_word' id='word_1_764' title='bbox 3487 4300 3562 4352; x_wconf 77' lang='grc' dir='ltr'><strong>τὰ.</strong></span> 
     </span>
    </p>
   </div>
   <div class='ocr_carea' id='block_1_104' title="bbox 1971 4385 3558 4461">
    <p class='ocr_par' dir='ltr' id='par_1_104' title="bbox 1971 4385 3558 4461">
     <span class='ocr_line' id='line_1_104' title="bbox 1971 4385 3558 4461; baseline -0.002 -16"><span class='ocrx_word' id='word_1_765' title='bbox 1971 4387 2422 4461; x_wconf 73' lang='grc' dir='ltr'>ὀνόματαέχοιτε</span> <span class='ocrx_word' id='word_1_766' title='bbox 2468 4387 2650 4456; x_wconf 79' lang='grc' dir='ltr'>λέγειν</span> <span class='ocrx_word' id='word_1_767' title='bbox 2689 4387 2777 4439; x_wconf 79' lang='grc' dir='ltr'><strong>ἐπ’</strong></span> <span class='ocrx_word' id='word_1_768' title='bbox 2812 4387 3003 4456; x_wconf 82' lang='grc' dir='ltr'>αὐτῆς,</span> <span class='ocrx_word' id='word_1_769' title='bbox 3036 4385 3381 4441; x_wconf 74' lang='grc' dir='ltr'>ἀθλιώτατοι.</span> <span class='ocrx_word' id='word_1_770' title='bbox 3403 4387 3558 4442; x_wconf 76' lang='grc' dir='ltr'><strong>Ἀκό-</strong></span> 
     </span>
    </p>
   </div>
   <div class='ocr_carea' id='block_1_105' title="bbox 1974 4475 3562 4552">
    <p class='ocr_par' dir='ltr' id='par_1_105' title="bbox 1974 4475 3562 4552">
     <span class='ocr_line' id='line_1_105' title="bbox 1974 4475 3562 4552; baseline -0.003 -18"><span class='ocrx_word' id='word_1_771' title='bbox 1974 4481 2166 4536; x_wconf 85' lang='grc' dir='ltr'>λουθον</span> <span class='ocrx_word' id='word_1_772' title='bbox 2229 4479 2284 4532; x_wconf 78' lang='grc' dir='ltr'><strong>δὲ</strong></span> <span class='ocrx_word' id='word_1_773' title='bbox 2334 4480 2402 4552; x_wconf 74' lang='grc' dir='ltr'>τῇ</span> <span class='ocrx_word' id='word_1_774' title='bbox 2444 4477 2689 4550; x_wconf 63' lang='grc' dir='ltr'>ἡμετέρᾳ.</span> <span class='ocrx_word' id='word_1_775' title='bbox 2730 4475 3007 4543; x_wconf 78' lang='grc' dir='ltr'>ὑποθέσει,</span> <span class='ocrx_word' id='word_1_776' title='bbox 3053 4477 3188 4548; x_wconf 83' lang='grc' dir='ltr'>μηδὲ</span> <span class='ocrx_word' id='word_1_777' title='bbox 3235 4477 3328 4531; x_wconf 73' lang='grc' dir='ltr'>τὸν</span> <span class='ocrx_word' id='word_1_778' title='bbox 3399 4477 3562 4550; x_wconf 79' lang='grc' dir='ltr'>μόνον</span> 
     </span>
    </p>
   </div>
   <div class='ocr_carea' id='block_1_106' title="bbox 1981 4568 3558 4645">
    <p class='ocr_par' dir='ltr' id='par_1_106' title="bbox 1981 4568 3558 4645">
     <span class='ocr_line' id='line_1_106' title="bbox 1981 4568 3558 4645; baseline -0.004 -16"><span class='ocrx_word' id='word_1_779' title='bbox 1981 4576 2203 4645; x_wconf 83' lang='grc' dir='ltr'>Πατέρα</span> <span class='ocrx_word' id='word_1_780' title='bbox 2233 4569 2328 4625; x_wconf 78' lang='grc' dir='ltr'><strong>τοῦ</strong></span> <span class='ocrx_word' id='word_1_781' title='bbox 2365 4573 2527 4638; x_wconf 82' lang='grc' dir='ltr'>μόνου</span> <span class='ocrx_word' id='word_1_782' title='bbox 2567 4569 2700 4623; x_wconf 54' lang='grc' dir='ltr'>Υἱνοῦ</span> <span class='ocrx_word' id='word_1_783' title='bbox 2746 4568 2910 4624; x_wconf 78' lang='grc' dir='ltr'>αὐτοῦ</span> <span class='ocrx_word' id='word_1_784' title='bbox 2939 4570 3034 4623; x_wconf 76' lang='grc' dir='ltr'>καὶ</span> <span class='ocrx_word' id='word_1_785' title='bbox 3058 4570 3234 4637; x_wconf 82' lang='grc' dir='ltr'>Λόγου</span> <span class='ocrx_word' id='word_1_786' title='bbox 3261 4569 3399 4623; x_wconf 82' lang='grc' dir='ltr'><strong>Θεοῦ</strong></span> <span class='ocrx_word' id='word_1_787' title='bbox 3429 4587 3558 4637; x_wconf 80' lang='grc' dir='ltr'>γεν-</span> 
     </span>
    </p>
   </div>
   <div class='ocr_carea' id='block_1_107' title="bbox 1976 4659 3559 4736">
    <p class='ocr_par' dir='ltr' id='par_1_107' title="bbox 1976 4659 3559 4736">
     <span class='ocr_line' id='line_1_107' title="bbox 1976 4659 3559 4736; baseline -0.002 -19"><span class='ocrx_word' id='word_1_788' title='bbox 1976 4667 2178 4736; x_wconf 84' lang='grc' dir='ltr'>νήτορα</span> <span class='ocrx_word' id='word_1_789' title='bbox 2224 4661 2511 4730; x_wconf 81' lang='grc' dir='ltr'>λέγεσθαι”</span> <span class='ocrx_word' id='word_1_790' title='bbox 2565 4661 2687 4712; x_wconf 70' lang='grc' dir='ltr'><strong>ἐπεὶ</strong></span> <span class='ocrx_word' id='word_1_791' title='bbox 2737 4660 2833 4712; x_wconf 77' lang='grc' dir='ltr'>ἕνα</span> <span class='ocrx_word' id='word_1_792' title='bbox 2892 4661 3053 4729; x_wconf 88' lang='grc' dir='ltr'>μόνον</span> <span class='ocrx_word' id='word_1_793' title='bbox 3102 4661 3196 4713; x_wconf 76' lang='grc' dir='ltr'>καὶ</span> <span class='ocrx_word' id='word_1_794' title='bbox 3249 4661 3310 4713; x_wconf 85' lang='grc' dir='ltr'>οὐ</span> <span class='ocrx_word' id='word_1_795' title='bbox 3342 4659 3559 4724; x_wconf 76' lang='grc' dir='ltr'>πλείους</span> 
     </span>
    </p>
   </div>
   <div class='ocr_carea' id='block_1_108' title="bbox 1975 4745 3558 4824">
    <p class='ocr_par' dir='ltr' id='par_1_108' title="bbox 1975 4745 3558 4824">
     <span class='ocr_line' id='line_1_108' title="bbox 1975 4745 3558 4824; baseline -0.003 -17"><span class='ocrx_word' id='word_1_796' title='bbox 1975 4754 2133 4807; x_wconf 77' lang='grc' dir='ltr'>ἔτεκε</span> <span class='ocrx_word' id='word_1_797' title='bbox 2173 4755 2302 4816; x_wconf 75' lang='grc' dir='ltr'>τοὺς</span> <span class='ocrx_word' id='word_1_798' title='bbox 2349 4752 2504 4824; x_wconf 72' lang='grc' dir='ltr'>θεοῦς</span> <span class='ocrx_word' id='word_1_799' title='bbox 2529 4769 2544 4782; x_wconf 71' lang='grc' dir='ltr'><strong>ο</strong></span> <span class='ocrx_word' id='word_1_800' title='bbox 2579 4751 2671 4804; x_wconf 83' lang='grc' dir='ltr'>καὶ</span> <span class='ocrx_word' id='word_1_801' title='bbox 2711 4751 2829 4814; x_wconf 78' lang='grc' dir='ltr'><strong>πῶς</strong></span> <span class='ocrx_word' id='word_1_802' title='bbox 2874 4752 3040 4804; x_wconf 73' lang='grc' dir='ltr'>αὐτὸν</span> <span class='ocrx_word' id='word_1_803' title='bbox 3068 4745 3209 4804; x_wconf 82' lang='grc' dir='ltr'>εἶναι</span> <span class='ocrx_word' id='word_1_804' title='bbox 3236 4751 3328 4805; x_wconf 78' lang='grc' dir='ltr'>τὸν</span> <span class='ocrx_word' id='word_1_805' title='bbox 3353 4751 3558 4822; x_wconf 87' lang='grc' dir='ltr'>κυρίως</span> 
     </span>
    </p>
   </div>
   <div class='ocr_carea' id='block_1_109' title="bbox 1975 4840 3550 4914">
    <p class='ocr_par' dir='ltr' id='par_1_109' title="bbox 1975 4840 3550 4914">
     <span class='ocr_line' id='line_1_109' title="bbox 1975 4840 3550 4914; baseline -0.004 -14"><span class='ocrx_word' id='word_1_806' title='bbox 1975 4846 2238 4901; x_wconf 83' lang='grc' dir='ltr'>Θεοτόκον</span> <span class='ocrx_word' id='word_1_807' title='bbox 2253 4847 2475 4914; x_wconf 81' lang='grc' dir='ltr'>λέγετε;</span> <span class='ocrx_word' id='word_1_808' title='bbox 2499 4862 2517 4896; x_wconf 86' lang='grc' dir='ltr'>ι</span> <span class='ocrx_word' id='word_1_809' title='bbox 2545 4844 2685 4898; x_wconf 79' lang='grc' dir='ltr'>Ἀλλ’</span> <span class='ocrx_word' id='word_1_810' title='bbox 2702 4843 2871 4906; x_wconf 73' lang='grc' dir='ltr'>ὅντως</span> <span class='ocrx_word' id='word_1_811' title='bbox 2891 4843 3193 4910; x_wconf 78' lang='grc' dir='ltr'>φάσκοντες</span> <span class='ocrx_word' id='word_1_812' title='bbox 3216 4840 3356 4897; x_wconf 76' lang='grc' dir='ltr'>εἶναι</span> <span class='ocrx_word' id='word_1_813' title='bbox 3380 4843 3550 4910; x_wconf 78' lang='grc' dir='ltr'>σοφοὶ,</span> 
     </span>
    </p>
   </div>
   <div class='ocr_carea' id='block_1_110' title="bbox 1977 4933 3556 5007">
    <p class='ocr_par' dir='ltr' id='par_1_110' title="bbox 1977 4933 3556 5007">
     <span class='ocr_line' id='line_1_110' title="bbox 1977 4933 3556 5007; baseline -0.003 -16"><span class='ocrx_word' id='word_1_814' title='bbox 1977 4935 2336 5007; x_wconf 84' lang='grc' dir='ltr'>ὲμωράνθητε</span> <span class='ocrx_word' id='word_1_815' title='bbox 2359 4951 2372 4966; x_wconf 84' lang='lat'><strong><em>°</em></strong></span> <span class='ocrx_word' id='word_1_816' title='bbox 2403 4936 2499 4989; x_wconf 72' lang='grc' dir='ltr'>καὶ</span> <span class='ocrx_word' id='word_1_817' title='bbox 2545 4933 2838 5004; x_wconf 76' lang='grc' dir='ltr'>ἐσκοτίσθη</span> <span class='ocrx_word' id='word_1_818' title='bbox 2881 4936 2914 5004; x_wconf 79' lang='grc' dir='ltr'><strong>ἡ</strong></span> <span class='ocrx_word' id='word_1_819' title='bbox 2955 4933 3214 4998; x_wconf 70' lang='grc' dir='ltr'>ἀσύνετος</span> <span class='ocrx_word' id='word_1_820' title='bbox 3243 4934 3556 5004; x_wconf 49' lang='grc' dir='ltr'>ὑμῶνααρ-</span> 
     </span>
    </p>
   </div>
   <div class='ocr_carea' id='block_1_111' title="bbox 1979 5023 3552 5095">
    <p class='ocr_par' dir='ltr' id='par_1_111' title="bbox 1979 5023 3552 5095">
     <span class='ocr_line' id='line_1_111' title="bbox 1979 5023 3552 5095; baseline -0.003 -15"><span class='ocrx_word' id='word_1_821' title='bbox 1979 5026 2086 5080; x_wconf 89' lang='grc' dir='ltr'>δία.</span> <span class='ocrx_word' id='word_1_822' title='bbox 2119 5045 2139 5079; x_wconf 75' lang='grc' dir='ltr'>ι</span> <span class='ocrx_word' id='word_1_823' title='bbox 2172 5025 2307 5080; x_wconf 85' lang='grc' dir='ltr'>Τότε</span> <span class='ocrx_word' id='word_1_824' title='bbox 2339 5025 2449 5095; x_wconf 77' lang='grc' dir='ltr'>γὰρ</span> <span class='ocrx_word' id='word_1_825' title='bbox 2473 5025 2634 5095; x_wconf 78' lang='grc' dir='ltr'>μόνον</span> <span class='ocrx_word' id='word_1_826' title='bbox 2656 5024 2944 5095; x_wconf 49' lang='grc' dir='ltr'>τὺηπλῆθος</span> <span class='ocrx_word' id='word_1_827' title='bbox 2963 5025 3102 5095; x_wconf 83' lang='grc' dir='ltr'>πρὸς</span> <span class='ocrx_word' id='word_1_828' title='bbox 3142 5024 3338 5095; x_wconf 79' lang='grc' dir='ltr'>κυρίαν</span> <span class='ocrx_word' id='word_1_829' title='bbox 3358 5023 3552 5092; x_wconf 82' lang='grc' dir='ltr'>ὀνομα-</span> 
     </span>
    </p>
   </div>
   <div class='ocr_carea' id='block_1_112' title="bbox 1981 5113 3552 5188">
    <p class='ocr_par' dir='ltr' id='par_1_112' title="bbox 1981 5113 3552 5188">
     <span class='ocr_line' id='line_1_112' title="bbox 1981 5113 3552 5188; baseline -0.001 -18"><span class='ocrx_word' id='word_1_830' title='bbox 1981 5117 2102 5170; x_wconf 83' lang='grc' dir='ltr'>σίαν</span> <span class='ocrx_word' id='word_1_831' title='bbox 2142 5117 2236 5170; x_wconf 83' lang='grc' dir='ltr'><strong>τοῦ</strong></span> <span class='ocrx_word' id='word_1_832' title='bbox 2282 5115 2684 5188; x_wconf 79' lang='grc' dir='ltr'>ὀνομαζομένου</span> <span class='ocrx_word' id='word_1_833' title='bbox 2739 5115 3132 5185; x_wconf 76' lang='grc' dir='ltr'>συμϐάλλεται,</span> <span class='ocrx_word' id='word_1_834' title='bbox 3173 5116 3304 5168; x_wconf 83' lang='grc' dir='ltr'>ὅταν</span> <span class='ocrx_word' id='word_1_835' title='bbox 3337 5113 3552 5168; x_wconf 77' lang='grc' dir='ltr'>πλείονά</span> 
     </span>
    </p>
   </div>
   <div class='ocr_carea' id='block_1_113' title="bbox 1977 5205 3548 5280">
    <p class='ocr_par' dir='ltr' id='par_1_113' title="bbox 1977 5205 3548 5280">
     <span class='ocr_line' id='line_1_113' title="bbox 1977 5205 3548 5280; baseline -0.001 -20"><span class='ocrx_word' id='word_1_836' title='bbox 1977 5225 2099 5261; x_wconf 88' lang='grc' dir='ltr'>τινα</span> <span class='ocrx_word' id='word_1_837' title='bbox 2130 5207 2210 5277; x_wconf 79' lang='grc' dir='ltr'>τῷ</span> <span class='ocrx_word' id='word_1_838' title='bbox 2242 5206 2462 5280; x_wconf 73' lang='grc' dir='ltr'>ἀριθμῷ</span> <span class='ocrx_word' id='word_1_839' title='bbox 2497 5207 2854 5277; x_wconf 83' lang='grc' dir='ltr'>ὑποκείμενα,</span> <span class='ocrx_word' id='word_1_840' title='bbox 2903 5205 3068 5276; x_wconf 79' lang='grc' dir='ltr'>ἑνικῷ</span> <span class='ocrx_word' id='word_1_841' title='bbox 3115 5206 3423 5279; x_wconf 83' lang='grc' dir='ltr'>χαρακτῆρι</span> <span class='ocrx_word' id='word_1_842' title='bbox 3457 5205 3548 5258; x_wconf 86' lang='grc' dir='ltr'><strong>τοῦ</strong></span> 
     </span>
    </p>
   </div>
   <div class='ocr_carea' id='block_1_114' title="bbox 1979 5298 3550 5372">
    <p class='ocr_par' dir='ltr' id='par_1_114' title="bbox 1979 5298 3550 5372">
     <span class='ocr_line' id='line_1_114' title="bbox 1979 5298 3550 5372; baseline -0.002 -20"><span class='ocrx_word' id='word_1_843' title='bbox 1979 5299 2238 5370; x_wconf 82' lang='grc' dir='ltr'>ὀνόματος</span> <span class='ocrx_word' id='word_1_844' title='bbox 2263 5299 2358 5354; x_wconf 82' lang='grc' dir='ltr'><strong>τοῦ</strong></span> <span class='ocrx_word' id='word_1_845' title='bbox 2380 5301 2678 5369; x_wconf 79' lang='grc' dir='ltr'>λεγομένου</span> <span class='ocrx_word' id='word_1_846' title='bbox 2709 5299 2787 5362; x_wconf 85' lang='grc' dir='ltr'><strong>ὡς</strong></span> <span class='ocrx_word' id='word_1_847' title='bbox 2815 5298 3165 5372; x_wconf 78' lang='grc' dir='ltr'>περιεκτικοῦ</span> <span class='ocrx_word' id='word_1_848' title='bbox 3199 5298 3550 5368; x_wconf 68' lang='grc' dir='ltr'>σημαίνεταιε</span> 
     </span>
    </p>
   </div>
   <div class='ocr_carea' id='block_1_115' title="bbox 1981 5389 3557 5466">
    <p class='ocr_par' dir='ltr' id='par_1_115' title="bbox 1981 5389 3557 5466">
     <span class='ocr_line' id='line_1_115' title="bbox 1981 5389 3557 5466; baseline -0.003 -19"><span class='ocrx_word' id='word_1_849' title='bbox 1981 5395 2123 5448; x_wconf 79' lang='grc' dir='ltr'>κατὰ</span> <span class='ocrx_word' id='word_1_850' title='bbox 2161 5394 2355 5448; x_wconf 85' lang='grc' dir='ltr'>τοῦτον</span> <span class='ocrx_word' id='word_1_851' title='bbox 2390 5393 2500 5466; x_wconf 81' lang='grc' dir='ltr'>γὰρ</span> <span class='ocrx_word' id='word_1_852' title='bbox 2543 5392 2634 5448; x_wconf 77' lang='grc' dir='ltr'><strong>τὸν</strong></span> <span class='ocrx_word' id='word_1_853' title='bbox 2685 5392 2908 5464; x_wconf 78' lang='grc' dir='ltr'>τρόπον,</span> <span class='ocrx_word' id='word_1_854' title='bbox 2939 5391 3182 5461; x_wconf 77' lang='grc' dir='ltr'>ἄμπελος</span> <span class='ocrx_word' id='word_1_855' title='bbox 3212 5392 3310 5461; x_wconf 88' lang='grc' dir='ltr'><strong>μία</strong></span> <span class='ocrx_word' id='word_1_856' title='bbox 3341 5391 3432 5443; x_wconf 81' lang='grc' dir='ltr'>τὸν</span> <span class='ocrx_word' id='word_1_857' title='bbox 3455 5389 3557 5457; x_wconf 78' lang='grc' dir='ltr'><strong>ἁμ-</strong></span> 
     </span>
    </p>
   </div>
   <div class='ocr_carea' id='block_1_116' title="bbox 1985 5479 3557 5556">
    <p class='ocr_par' dir='ltr' id='par_1_116' title="bbox 1985 5479 3557 5556">
     <span class='ocr_line' id='line_1_116' title="bbox 1985 5479 3557 5556; baseline -0.002 -18"><span class='ocrx_word' id='word_1_858' title='bbox 1985 5486 2200 5540; x_wconf 81' lang='grc' dir='ltr'>πε).ῶνα</span> <span class='ocrx_word' id='word_1_859' title='bbox 2231 5487 2289 5539; x_wconf 81' lang='grc' dir='ltr'>οὑ</span> <span class='ocrx_word' id='word_1_860' title='bbox 2331 5486 2698 5556; x_wconf 82' lang='grc' dir='ltr'>συστήσεται·</span> <span class='ocrx_word' id='word_1_861' title='bbox 2729 5485 2852 5540; x_wconf 77' lang='grc' dir='ltr'><strong>οὐδὲ</strong></span> <span class='ocrx_word' id='word_1_862' title='bbox 2901 5483 3284 5555; x_wconf 80' lang='grc' dir='ltr'>ἁμπελοφόρον</span> <span class='ocrx_word' id='word_1_863' title='bbox 3325 5479 3460 5536; x_wconf 75' lang='grc' dir='ltr'>εἶναι</span> <span class='ocrx_word' id='word_1_864' title='bbox 3499 5483 3557 5535; x_wconf 58' lang='grc' dir='ltr'>τὶ</span> 
     </span>
    </p>
   </div>
  </div>
