3858 6156
301 277 461 350 ιοδε
1269 282 1666 344 ADVERSUS
1701 280 1918 345 NEST(

2023 278 2326 341 MNOS.—
2357 277 2502 338 LIB.
2552 277 2652 339 IV.
3433 271 3572 340 1654

299 396 521 471 χωρίον
562 392 853 465 διαγράψει
900 409 984 456 τις
1027 390 1222 454 οὕτως,
1269 391 1392 444 οὐδὲ
1449 390 1820 460 καρποφόρον,
1859 389 1894 463 ἢ

2023 386 2297 442 ’ecundam
2333 401 2550 457 aquam.
2582 383 2692 440 Sed
2715 383 2832 440 haec
2869 391 3000 440 sunt
3048 383 3242 456 prima:
3267 392 3464 440 vestra:
3513 386 3571 441 in

296 487 635 558 ιχθυσγόνον
667 485 725 539 τὸ
767 485 930 556 ὕδωρ.
980 481 1138 536 nm
1166 483 1338 535 ταῦτα
1366 482 1466 551 μὲν
1509 482 1576 535 τὰ
1621 483 1719 552 τῆς
1749 479 1894 551 πρώ-

2023 493 2098 533 I08
2130 477 2575 548 reprehensionis
2604 485 2824 548 puncta.
2853 476 3012 532 Nunc
3039 485 3222 532 autem
3253 491 3575 534 recensean-

303 581 418 648 τῆς
447 577 603 648 ὑμῶν
649 574 772 630 καθ’
807 572 964 646 ήμῶν
1001 573 1294 645 μέμψεωςο
1325 571 1672 638 ἐξεταζέσθω
1701 572 1757 626 δὲ
1801 575 1896 626 καὶ

307 670 390 724 τὰ
417 669 544 739 ἑξῆς
570 665 702 739 ύμῖν
732 666 1000 738 εἰρημένα
1036 663 1351 736 βλάσφημα,
1387 661 1482 717 καὶ
1523 665 1600 735 μὴ
1635 662 1896 718 λανθανὲ-

310 776 402 812 τω
433 757 582 820 τινὰς
612 754 686 828 μὴ
713 753 1164 826 στηλιτευόμενα.

929 867 1178 921 ΚΕΦΑΛ.
1217 865 1294 922 B'.

397 959 506 1013 Τοῦ
565 959 721 1025 Θαίς
770 958 1059 1029 ὀνόματος,
1093 958 1247 1026 φασὶ,
1270 957 1553 1028 πολλαχῶς
1602 957 1903 1028 λεγομένου

329 1052 485 1122 παρὰ
525 1052 593 1122 τῇ
639 1049 756 1121 θείᾳ
792 1050 1008 1121 Γραφῇ,
1046 1041 1162 1102 οἷον
1207 1049 1460 1120 ἐπείπερ,
1486 1068 1506 1101 ι
1544 1044 1638 1114 Εἷς
1675 1049 1807 1110 Θεὸς
1845 1048 1904 1112 ὃς

329 1141 615 1196 δικαιώσει
665 1141 967 1212 περιτομὴν
1015 1143 1084 1196 ἐκ
1127 1139 1362 1204 πίστεως
1399 1139 1494 1194 καὶ
1538 1139 1906 1211 ἀκροϐυστίαν

329 1235 427 1288 διὰ
451 1235 548 1314 τῇς
574 1235 830 1297 πίστεως·
857 1253 876 1285 ι
909 1234 1001 1286 καὶ⁷
1031 1232 1214 1298 πάλιν,
1241 1249 1260 1283 ι
1281 1231 1339 1286 '0
1367 1230 1498 1295 Θεὸς
1526 1229 1658 1300 ἔστη
1687 1231 1748 1284 εν
1781 1247 1907 1285 συν·

329 1327 526 1395 αγωγῇ
557 1324 716 1390 θεῶν,
750 1325 810 1377 ὲν
849 1323 999 1394 μέσῳ
1039 1323 1095 1376 δὲ
1133 1322 1289 1386 θεοὺς
1317 1321 1602 1392 διακρινεῖ⁶
1637 1341 1658 1375 ι
1687 1322 1783 1375 καὶ
1810 1321 1904 1377 αὖ·

327 1416 434 1479 θις·
473 1434 492 1467 ι
532 1417 742 1486 Ὠσπερ
779 1414 886 1468 εἰσὶ
937 1413 1050 1468 θεοὶ
1077 1413 1264 1468 πολλοὶ
1304 1414 1397 1466 καὶ
1430 1412 1612 1483 κύριοι
1634 1411 1840 1476 πολλοὶ,
1881 1432 1902 1465 ›

251 1513 264 1522 '
327 1509 474 1560 κατὰ
513 1509 667 1561 ποῖον
695 1504 1010 1574 ὲξείληπται
1037 1504 1439 1576 σημαινόμενον
1463 1505 1647 1566 αὐτοῖς
1675 1503 1910 1558 ἐνταῦθα

327 1595 392 1648 τὸ
417 1597 564 1663 Θεὸς
594 1597 765 1666 ὄνομα
792 1596 886 1649 επὶ
931 1595 1032 1666 τῆς
1077 1595 1375 1664 Θεστόκους
1413 1594 1571 1650 Κατὰ
1604 1594 1666 1648 τὸ
1694 1594 1910 1666 πρῶτον

327 1687 469 1758 ὅπερ
499 1689 618 1740 ἐστὶ
659 1689 820 1757 φύσει
863 1687 1042 1755 λέγειν
1087 1687 1252 1750 Θεὸν,
1288 1687 1322 1758 ἢ
1376 1687 1518 1740 κατὰ
1563 1687 1626 1740 τὸ
1656 1687 1910 1756 δεύτερον

329 1779 582 1832 τουτέστι
614 1779 780 1844 θέσει,
817 1779 851 1850 ἢ
884 1779 1024 1832 κατὰ
1063 1779 1123 1832 τὸ
1154 1779 1336 1848 τρίτον
1363 1779 1501 1849 ὅπερ
1531 1779 1650 1832 ἐστὶ
1689 1778 1749 1831 τὸ
1775 1779 1911 1848 ψευ-

329 1869 452 1936 δές;
488 1869 623 1925 ἀλλὰ
655 1871 796 1925 κατὰ
823 1871 884 1924 τὸ
911 1865 1160 1942 ὕστερον,
1195 1871 1296 1924 οὐκ
1345 1871 1414 1924 ἂν
1457 1872 1686 1936 εἴποιεν,
1717 1870 1838 1950 οὐδε
1862 1871 1911 1924 εί

331 1962 589 2032 δαίμονες
643 1962 907 2032 γένοιντο.
957 1961 1099 2015 Ἀλλ’
1157 1963 1208 2016 εί
1243 1961 1386 2016 κατὰ
1436 1961 1499 2016 τὸ
1540 1961 1790 2032 δεύτερον
1821 1963 1912 2016 λέ-

331 2069 507 2120 γοιεν,
534 2054 770 2107 ῐστωσαν
799 2054 881 2107 ὅτι
911 2052 1044 2116 Θεὸς
1079 2053 1227 2106 θέσει
1259 2053 1359 2108 οὐκ
1383 2053 1634 2122 ἄγγελος,
1657 2053 1758 2107 οὐκ
1789 2052 1912 2108 ἄλο-

334 2160 434 2212 γον
471 2143 632 2208 ζῶον,
664 2144 727 2197 οῦ
769 2161 822 2197 τι
871 2143 980 2198 τῶν
1035 2143 1351 2214 κτισμάτων
1398 2143 1594 2215 ἐλέχθη
1653 2143 1803 2214 παρὰ
1842 2147 1908 2216 τῇ

334 2234 460 2306 θείᾳ
499 2236 688 2306 Γραφῇ
737 2249 889 2290 ποτε.
929 2235 1001 2288 Ἢ
1043 2235 1460 2305 ἀνθρωποτόκον
1504 2235 1596 2290 οὖν
1635 2253 1767 2304 φασι
1811 2236 1912 2306 τὴν

338 2325 606 2394 παρθένον
633 2326 818 2394 φύσει;
845 2324 962 2378 ἀλλ’
983 2325 1341 2394 ἐπιλέλησμαι
1357 2325 1456 2396 τῆς
1477 2325 1792 2397 προσθήκης
1815 2324 1910 2379 τοῦ

337 2416 556 2482 κυρίως
582 2416 676 2470 καλ⁸
709 2416 857 2470 κατὰ
885 2415 1192 2482 ἀλήθειαν
1228 2417 1290 2468 τὸ
1322 2415 1430 2486 γὰρ
1466 2415 1682 2484 κυρίως
1717 2415 1914 2487 παρεί-

339 2505 548 2576 ληπται
573 2507 759 2570 αὐτοῖς
790 2507 883 2559 ἐπὶ
913 2505 1145 2575 δηλώσει
1173 2504 1268 2558 τοῦ
1302 2505 1463 2574 φύσει
1488 2504 1622 2560 Θεὸν
1653 2522 1913 2577 γεγεννη-

341 2595 498 2649 κέναι
522 2595 620 2666 τὴν
652 2597 946 2668 Παρθένον·
978 2596 1096 2650 ἀλλ’
1127 2598 1176 2650 el
1203 2596 1476 2666 ἐνδέχεται
1501 2593 1680 2660 τοῦτο,
1712 2597 1807 2648 καὶ
1838 2596 1913 2668 μὴ

341 2690 640 2744 ἀντίκειται
665 2692 774 2754 τοῖς
805 2692 1004 2754 κοινοῖς
1033 2689 1466 2760 ὁμολογήμασιν,
1499 2688 1718 2758 ίδωμεν.
1751 2687 1916 2758 Ὅμο-

341 2781 562 2849 λογοῦσι
583 2782 691 2854 γὰρ
714 2781 985 2852 ἄτρεπτον
1007 2777 1146 2835 εἶναι
1169 2781 1262 2834 τὸν
1285 2780 1419 2834 Θεὸν
1434 2779 1606 2848 Λόγον
1634 2779 1726 2832 καὶ
1753 2777 1915 2832 ἀναλ-

340 2871 562 2926 λοίωτον
591 2873 734 2926 κατὰ
761 2874 858 2944 τὴν
888 2871 1103 2927 ἔκθεσιν
1141 2871 1250 2926 τῶν
1280 2871 1473 2925 κοινῶν
1513 2871 1774 2942 Πατέρων
1813 2870 1915 2941 τῆς

343 2963 404 3014 ὲν
437 2960 642 3032 Νικαιᾳ
689 2960 834 3028 λέγω
889 2961 1128 3014 συνόδου·
1165 2960 1193 3013 ὁ
1227 2960 1285 3014 δὲ
1315 2959 1586 3031 ἄτρεπτος
1623 2961 1720 3012 καὶ
1753 2959 1916 3013 ἀναλ-

289 3057 305 3065 “
342 3051 584 3116 λοίωτος,
613 3050 738 3104 οὔτε
769 3051 969 3122 χείρων
994 3051 1190 3104 ἑαυτοῦ
1219 3052 1533 3120 γενήσεται,
1572 3049 1697 3104 οὒτε
1723 3049 1912 3120 κρείτ-

341 3159 472 3204 των,
495 3142 610 3196 ἀλλ’
635 3143 724 3196 ἀεὶ
751 3143 894 3196 κατὰ
922 3142 983 3195 τὸ
1012 3141 1144 3195 αὐτὸ
1179 3141 1350 3212 μένει,
1387 3141 1462 3210 μὴ
1509 3141 1911 3211 ἀλλοιούμενος,

343 3233 513 3294 ἀΐδιος
538 3231 632 3286 ῶν·
659 3234 750 3286 καὶ
776 3233 1033 3286 οὐδέποτε
1055 3233 1155 3286 οὐκ
1193 3233 1291 3297 ῶν,
1329 3232 1508 3302 ἀρχὴν
1538 3231 1635 3284 τοῦ
1674 3227 1814 3286 εἶναι
1844 3232 1918 3304 μὴ

345 3321 657 3392 δεξάμενοςο
695 3321 1020 3392 θεασώμεθα
1047 3323 1180 3394 γοῦν
1211 3325 1261 3376 εἰ
1291 3323 1366 3394 μὴ
1397 3322 1552 3376 λύσει
1575 3323 1827 3392 γέννησις
1857 3325 1922 3377 ὲκ

347 3413 604 3481 γυναικὸς
635 3416 1087 3488 κατηγορουμένη
1121 3415 1217 3468 τοῦ
1246 3415 1382 3470 Θεοῦ
1404 3413 1580 3482 Λόγου
1610 3413 1726 3486 ἣτὸ
1752 3414 1922 3469 ἀΐδιον

350 3501 536 3568 αὑτοῦ,
576 3503 607 3575 ἢ
635 3504 696 3558 τὸ
744 3505 1123 3571 ἀναλλοίωτον,
1160 3507 1256 3560 καὶ
1287 3505 1520 3562 καθόλου
1551 3506 1623 3560 τὰ
1653 3506 1925 3576 προσόντα

351 3593 500 3666 αὖτῷ
545 3596 641 3649 καὶ
680 3595 1090 3666 ὁμολογούμενα
1123 3598 1249 3667 παρ’
1277 3597 1436 3668 ἡμῶν
1463 3595 1663 3662 κοινῶς
1691 3597 1767 3661 ώς
1801 3595 1924 3668 Θεῷ

353 3689 446 3742 καὶ
471 3688 580 3741 τῶν
619 3688 891 3743 ἁπάντων.

419 3857 537 3913 Νῦν
578 3858 680 3913 οὐκ
725 3861 792 3913 ἐκ
835 3858 931 3915 τοῦ
971 3860 1045 3932 μὴ
1079 3861 1327 3926 πολλοὺς,
1378 3862 1496 3916 ἀλλ’
1535 3863 1601 3917 ἐκ
1634 3863 1728 3916 τοῦ
1791 3865 1926 3936 μηδὲ

353 3949 446 4004 τὸν
473 3950 569 4003 ἕνα
591 3950 752 4003 αὐτὸν
780 3950 872 4004 τὸν
907 3951 1166 4021 τεχθέντα
1212 3953 1418 4022 κυρίως
1449 3949 1588 4008 εἶναι
1611 3954 1765 4020 Θεὸν,
1793 3957 1928 4011 ἀνα-

355 4039 580 4109 τρέπειν
604 4040 704 4112 τὴν
742 4041 834 4094 ἐπὶ
866 4043 966 4111 τῆς
1007 4041 1166 4110 ἁγίας
1213 4043 1490 4114 Παρθένου
1531 4043 1630 4116 τὴν
1655 4046 1757 4114 τῆς
1797 4047 1928 4101 Θεο-

353 4133 513 4186 τόκου
541 4133 724 4203 φωνῆς
751 4132 958 4186 ἔννοιαν
997 4134 1201 4204 κυρίως
1229 4130 1394 4188 οὖσαν
1420 4136 1516 4189 καὶ
1539 4135 1755 4205 ἀληθῶς
1776 4137 1931 4207 λεγο-

359 4222 547 4292 μένην,
591 4222 946 4292 ἐτολμήσατε.
985 4223 1060 4277 Τὸ
1087 4225 1196 4295 γὰρ
1229 4224 1374 4292 Θεὸς
1403 4223 1597 4296 ὄνομα,
1629 4227 1932 4298 ὁμωνύμως

357 4312 649 4383 λεγόμενον
679 4315 772 4366 ἐπὶ
803 4313 1076 4386 διαφόρων
1099 4314 1257 4368 τινῶν
1288 4319 1354 4387 τῇ
1385 4316 1549 4388 οὐσία
1583 4319 1930 4388 παραγαγόν-

1999 578 2089 625 tur
2114 580 2172 627 et
2221 579 2517 641 sequentes
2572 577 2770 626 vestrae
2795 568 3172 642 blasphemiae,
3201 579 3258 628 et
3295 571 3570 628 neminem

2003 661 2172 716 lateat
2202 676 2293 716 eas
2324 675 2446 716 esse
2475 660 2782 716 damnatas.

2633 863 2783 919 CAP.
2818 864 2884 919 ll.

2076 955 2288 1012 Nomen
2322 955 2488 1019 Deus,
2516 955 2696 1020 aiunt,
2743 955 2898 1009 vario
2953 954 3116 1010 modo
3152 953 3299 1026 apud
3331 955 3574 1010 divinam

2009 1046 2352 1117 Scripturam
2390 1052 2689 1118 usurpatur
2720 1061 2735 1098 :
2768 1046 2921 1101 verbi
2981 1047 3175 1118 gratia,
3213 1046 3396 1102 «Unus
3432 1047 3579 1103 Deus

2005 1142 2100 1212 qui
2128 1139 2452 1212 iustiﬁcabit
2496 1139 2976 1194 circumcisionem
3007 1155 3076 1195 ex
3105 1140 3212 1196 ﬁde
3259 1149 3316 1196 et
3359 1155 3578 1211 praepu-

2008 1233 2146 1288 tium
2178 1247 2278 1304 per
2313 1231 2476 1288 ﬁdem
2493 1239 2575 1285 ιι.)
2600 1231 2664 1310 ξι
2700 1245 2924 1286 rursum
2961 1248 2976 1285 :
3007 1232 3182 1287 «Deus
3206 1232 3360 1287 stetit
3390 1231 3444 1285 in
3499 1245 3581 1300 sy-

2007 1340 2219 1397 nagoga
2239 1325 2494 1392 deorum,
2511 1325 2566 1379 in
2588 1324 2772 1380 medio
2801 1331 2985 1379 autem
3003 1323 3138 1379 deos
3161 1323 3488 1394 dijudicat°.
3511 1325 3581 1381 Et

2007 1422 2194 1478 adhuc
2225 1438 2240 1475 :
2280 1439 2298 1472 ι
2333 1419 2490 1476 Sicut
2511 1427 2642 1476 sunt
2671 1418 2749 1474 dii
2780 1418 2939 1473 multi
2971 1427 3028 1475 et
3053 1417 3262 1474 domini
3292 1417 3452 1473 multi
3476 1425 3525 1471 ι’.
3559 1439 3576 1470 ι

2007 1513 2255 1581 Quonam
2280 1527 2448 1583 porro
2471 1527 2636 1568 sensu
2661 1510 2756 1566 hic
2785 1509 3030 1566 indicato
3058 1525 3261 1566 nomen
3284 1511 3427 1566 Deus
3459 1526 3582 1566 cum
3639 1527 3643 1532 ·

2009 1607 2190 1678 agitur
2207 1605 2275 1660 de
2305 1605 2576 1674 Deipara?
2602 1603 2743 1658 Num
2773 1605 2830 1658 in
2861 1604 3060 1674 primo,
3085 1603 3141 1658 id
3173 1613 3276 1671 est,
3309 1605 3452 1660 Deus
3490 1621 3588 1660 na-

2013 1707 2175 1762 tura;
2209 1704 2304 1750 aut
2334 1694 2388 1750 in
2411 1695 2674 1761 secundo,
2710 1694 2766 1750 id
2823 1703 2907 1750 est
2944 1696 3087 1750 Deus
3126 1695 3454 1766 adoptione;
3493 1706 3587 1752 aut

2011 1791 2072 1846 in
2097 1790 2261 1847 tertio
2296 1789 2392 1860 qui
2423 1789 2692 1846 estfalsus
2717 1789 2741 1842 ἲ
2765 1788 2873 1844 Sed
2895 1789 2953 1843 in
2982 1795 3265 1859 postremo
3302 1804 3585 1859 nunquam

2013 1881 2288 1944 dicerent,
2322 1893 2392 1933 ne
2421 1877 2467 1933 si
2516 1877 2793 1933 daemones
2827 1877 3051 1948 quidem
3097 1887 3304 1933 essent.
3335 1876 3491 1944 Quod
3540 1879 3586 1933 si

2011 1971 2070 2025 in
2105 1966 2350 2024 secundo
2379 1966 2648 2030 dicerent,
2681 1967 2859 2021 sciant
2885 1967 3056 2022 Deum
3101 1965 3400 2036 adoptione
3441 1984 3587 2022 nun-

2012 2070 2176 2127 quam
2195 2069 2376 2124 neque
2395 2053 2671 2125 angelum,
2699 2068 2880 2122 neque
2909 2053 3229 2109 irrationale
3252 2053 3474 2120 animal,
3492 2071 3589 2110 ne-

2013 2163 2119 2217 que
2142 2146 2308 2202 ullam
2371 2161 2440 2200 ex
2470 2144 2744 2200 creaturis
2765 2143 3093 2199 allirmatum
3125 2143 3294 2200 fuisse
3325 2144 3382 2200 in
3401 2144 3588 2200 divina

2011 2239 2321 2309 Scriptura.
2341 2237 2484 2293 Num
2511 2235 2680 2307 igitur
2701 2235 3010 2291 inhominis
3042 2235 3368 2306 genitricem
3394 2235 3590 2290 dicunt

2012 2328 2293 2398 Virginem
2310 2326 2336 2380 τ
2371 2325 2481 2381 Sed
2512 2324 2813 2379 obliviscor
2825 2323 2982 2378 verbi
3007 2324 3217 2394 proprie
3231 2331 3287 2379 et
3309 2325 3587 2380 veraciter.

2010 2419 2147 2474 Nam
2186 2416 2418 2473 verbum
2442 2417 2655 2487 proprie
2675 2415 2744 2470 ab
2765 2415 2901 2485 ipsis
2929 2423 3226 2485 usurpatur
3259 2413 3328 2470 ad
3356 2414 3588 2471 demon-

2012 2508 2299 2565 strandum
2335 2507 2605 2578 virginem
2626 2506 2883 2578 genuisse
2913 2506 3082 2562 Deum
3111 2515 3327 2562 natura.
3369 2505 3480 2562 Sed
3507 2506 3619 2562 vio.

2013 2599 2243 2654 deamus
2275 2607 2462 2652 utrum
2496 2595 2823 2650 admittatur
2848 2595 2985 2650 illud
3009 2605 3065 2651 et
3108 2611 3220 2652 non
3268 2597 3593 2654 adversetur

2013 2687 2402 2742 communibus
2429 2684 2719 2740 confessis.
2761 2683 3028 2739 Fatentur
3073 2686 3223 2740 enim
3254 2685 3424 2740 Deum
3455 2687 3596 2744 Ver-

2012 2779 2146 2835 bum
2186 2777 2584 2833 immutabilem
2621 2791 2743 2832 esse
2783 2785 2839 2831 et
2871 2777 3049 2833 omnis
3077 2779 3453 2835 conversionis
3495 2793 3595 2834 ex-

2013 2878 2226 2941 pertem
2235 2913 2249 2934 ,
2260 2869 2464 2924 secund
2473 2884 2562 2922 um
2577 2868 2972 2937 expositionem
2985 2871 3359 2925 communium
3371 2870 3444 2927 Pa
3453 2883 3596 2928 trum

2012 2957 2234 3012 Nicenae
2254 2953 2467 3026 synodi.
2507 2953 2664 3020 Quod
2692 2953 2860 3024 igitur
2883 2963 2967 3009 est
3021 2955 3359 3012 immutabile
3385 2965 3440 3013 et
3461 2972 3597 3013 con-

2019 3045 2292 3101 versionis
2316 3059 2532 3114 expers,
2563 3059 2744 3116 neque
2777 3045 2960 3116 seipse
2997 3046 3178 3100 minor
3203 3062 3384 3118 neque
3426 3049 3600 3120 major

2021 3139 2137 3203 ﬁet,
2169 3135 2268 3192 sed
2297 3150 2515 3206 semper
2540 3134 2688 3189 idem
2718 3143 2923 3200 manet,
2953 3150 3064 3191 non
3091 3146 3360 3204 mutatus,
3388 3155 3512 3194 cum
3529 3141 3602 3196 sit

2018 3236 2278 3293 aeternus,
2306 3233 2364 3280 et
2388 3239 2669 3294 nunquam
2689 3239 2801 3278 non
2826 3223 3115 3288 exsistens,
3138 3239 3264 3279 cum
3301 3226 3602 3282 exsistendi

2021 3319 2239 3373 initium
2267 3331 2376 3372 non
2432 3314 2728 3385 acceperit.
2787 3313 3216 3370 Consideremus
3263 3315 3432 3386 igitur
3469 3333 3604 3373 num

2023 3410 2272 3481 obiectus
2307 3405 2474 3463 Verbi
2506 3405 2606 3461 Dei
2635 3411 2830 3476 partus
2871 3419 2940 3460 ex
2995 3406 3224 3462 muliere
3265 3407 3440 3463 solvet
3487 3409 3604 3464 sive

2023 3503 2144 3574 ejus
2195 3498 2580 3562 aeternitatem,
2644 3497 2760 3552 sive
2805 3496 3324 3566 immutabilitatem,
3385 3509 3441 3556 et
3495 3515 3606 3556 uno

2023 3593 2216 3660 verbo,
2251 3589 2398 3662 quod
2444 3589 2548 3660 ipsi
2600 3588 2894 3645 essentiale
2942 3597 3046 3656 est,
3088 3591 3344 3661 quodque
3389 3592 3494 3662 ipsi
3546 3603 3606 3648 ut

2026 3688 2138 3744 Deo
2167 3684 2486 3742 attribuitur
2521 3690 2636 3738 tum
2658 3697 2690 3738 a
2718 3681 2904 3748 nobis,
2929 3690 3042 3738 tum
3069 3684 3232 3739 simul
3276 3693 3333 3740 et
3384 3687 3454 3742 ab
3477 3687 3607 3743 'om-

2025 3781 2208 3836 nibus.

2097 3871 2255 3926 Nune
2280 3883 2390 3924 non
2421 3882 2489 3923 ex
2518 3881 2588 3922 eo
2615 3864 2760 3936 quod
2794 3881 2903 3920 non
2933 3866 3094 3921 multi
3117 3865 3231 3922 sint
3281 3868 3382 3934 dii,
3413 3868 3510 3925 sed
3539 3884 3608 3927 eo

2029 3962 2177 4035 quod
2205 3977 2308 4018 nec
2349 3974 2493 4015 unus
2532 3957 2650 4029 ipse
2690 3959 2912 4029 genitus
2961 3965 3018 4015 et
3043 3959 3265 4029 proprie
3311 3959 3458 4017 Deus
3511 3961 3606 4026 sit,

2030 4061 2357 4110 convertere
2381 4065 2500 4106 eam
2529 4064 2652 4121 qua:
2691 4049 2762 4105 de
2813 4058 3003 4104 sancta
3051 4049 3276 4121 Virgine
3321 4050 3467 4106 dicta
3526 4062 3612 4108 est

2031 4145 2254 4218 proprie
2271 4151 2328 4200 et
2348 4141 2618 4198 veraciter
2671 4140 2825 4195 vocis
2881 4141 3128 4209 Deiparaa
3165 4141 3445 4197 notionem
3490 4143 3610 4198 ausi

2031 4239 2188 4294 estis.
2221 4235 2434 4292 Nomen
2453 4235 2602 4289 enim
2629 4233 2776 4288 Deus
2800 4233 3007 4302 pariter
3029 4249 3136 4288 una
3158 4232 3365 4289 dictum
3394 4233 3464 4290 de
3483 4235 3611 4305 qui-

2033 4323 2268 4380 busdam
2291 4329 2490 4376 natura
2541 4319 2931 4375 differentibus
2976 4319 3414 4386 introducentes,
3443 4321 3615 4377 vultis

355 4420 467 4468 τες,
507 4403 760 4474 βούλεσθε
799 4406 856 4458 ὲν
883 4405 1058 4475 τούτῳ
1073 4423 1131 4459 τε
1153 4407 1248 4460 καὶ
1275 4407 1354 4478 τῷ
1381 4409 1634 4480 ἑπομένῳ
1661 4411 1788 4480 ἑξῆς
1807 4413 1918 4464 ὲπι-

2031 4417 2090 4471 in
2122 4413 2230 4469 hoc
2250 4413 2382 4468 etin
2407 4410 2660 4481 sequenti
2702 4417 2888 4466 vestro
2946 4411 3245 4465 tentamine
3297 4410 3610 4477 ostendere,

357 4493 650 4564 χειρήματι
696 4494 850 4564 ὑμῶν
889 4495 1182 4560 δεικνύναι,
1219 4496 1408 4569 ῶσπερ
1449 4496 1544 4552 οῦν
1590 4500 1686 4554 καὶ
1717 4500 1785 4554 δι’
1805 4501 1934 4572 ὅλης

359 4583 514 4653 ὑμῶν
551 4584 712 4656 τῆσδε
767 4586 865 4658 τῆς
908 4587 1234 4655 ὑποθέσεως,
1265 4589 1328 4643 οὐ
1363 4589 1455 4644 τὸν
1490 4589 1648 4660 φύσει
1676 4590 1810 4645 Θεὸν
1841 4593 1936 4647 ἐπὶ

358 4675 596 4747 Χριστοῦ
640 4676 929 4748 λεγόμενον
977 4679 1282 4749 σημαίνειν,
1327 4679 1442 4734 ἀλλ’
1480 4679 1608 4735 οὐδέ
1631 4697 1752 4736 τινα
1785 4682 1937 4753 ὅμως

357 4766 468 4820 τῶν
488 4766 854 4840 ψευδωνύμως
883 4769 1190 4841 λεγομένων
1211 4771 1352 4825 θεῶν
1382 4771 1603 4844 δηλαδήο
1634 4773 1796 4827 τοῦτο
1824 4775 1935 4844 γὰρ

359 4855 455 4912 καὶ
501 4859 720 4930 δαίμοσι
769 4863 1132 4932 παραιτητέον
1184 4862 1570 4935 ὡμολογήσατε
1593 4881 1608 4894 ο
1659 4864 1798 4918 ἀλλὰ
1843 4864 1938 4918 τὸν

361 4955 507 5010 θέσει
537 4957 692 5022 Θεὸν,
727 4955 818 5010 διὰ
856 4956 951 5010 τοῦ
991 4957 1196 5010 τοιοῦδε
1235 4958 1496 5030 ὀνόματος
1540 4957 1636 5011 ἐπὶ
1688 4957 1932 5028 Χριστοῦ

364 5045 742 5116 σημαίνεσθαι.
776 5045 935 5099 Θέσει
966 5045 1024 5098 δὲ
1061 5046 1229 5111 Θεὸς,
1266 5046 1344 5111 ῶς
1393 5064 1554 5116 φατε,
1601 5046 1726 5101 οὔτε
1758 5051 1932 5118 ἄγγε-

360 5135 468 5202 λος,
495 5134 618 5190 οὔτε
664 5135 792 5190 ἄλλο
833 5152 888 5189 τι
921 5135 1080 5202 ζῶον,
1113 5135 1254 5208 πλὴν
1297 5138 1586 5210 ἀνθρώπου
1610 5177 1626 5200 ,
1676 5141 1742 5210 τῇ
1796 5139 1930 5211 ἁγίᾳ

363 5225 552 5297 Γραφῇ
601 5225 836 5297 εἴρηται·
871 5225 1067 5280 οὐκοῦν
1109 5225 1168 5291 ἑξ
1197 5227 1444 5298 ἀνάγκης
1485 5227 1608 5282 καθ’
1640 5228 1806 5300 ὑμᾶς,
1833 5229 1930 5284 ἄν-

363 5315 576 5385 θρωπός
605 5332 664 5368 τε
690 5318 718 5369 ό
743 5315 978 5386 τεχθεὶς,
1027 5315 1123 5368 καὶ
1173 5315 1586 5388 ἀνθρωποτόκος
1627 5319 1662 5389 ἡ
1694 5319 1930 5374 τεκοῦσα

363 5406 704 5477 λεχθήσεται.
745 5408 806 5460 El
857 5408 915 5461 δὲ
965 5407 1249 5476 ἄνθρωπος
1285 5411 1314 5462 ό
1353 5391 1585 5480 τεχθεὶς,
1641 5410 1736 5463 καὶ
1782 5409 1930 5464 θέσει

364 5493 494 5558 Θεὸς
521 5513 534 5530 ο
568 5499 596 5548 ό
627 5497 683 5550 δὲ
714 5499 872 5566 φύσει
905 5497 1037 5562 Θεὸς
1068 5501 1390 5569 προστάττει
1417 5501 1582 5553 πᾶσιν
1622 5500 1932 5569 ἀνθρώποις

364 5689 368 5697 ι
435 5647 652 5706 ιιοιιυω.
677 5669 753 5715 nt.
785 5655 871 5710 '50.

2037 4506 2181 4564 sicut
2225 4513 2283 4560 et
2313 4519 2416 4575 per
2462 4511 2634 4558 totam
2685 4503 2829 4557 hanc
2863 4510 3103 4558 vestram
3159 4503 3611 4572 propositionem,

2036 4609 2148 4650 non
2163 4601 2360 4658 natura
2388 4592 2560 4647 Deum
2589 4589 2658 4646 de
2696 4587 2917 4646 Christo
2943 4587 3154 4644 dictum
3193 4589 3459 4656 indicare,
3516 4590 3614 4647 sed

2034 4701 2140 4742 nec
2165 4683 2463 4756 quemdam
2517 4681 2777 4738 videlicet
2823 4695 2892 4736 ex
2920 4679 3062 4735 falso
3100 4679 3267 4736 dictis
3303 4680 3454 4748 diis;
3487 4696 3614 4736 nam

2035 4778 2106 4833 ab
2133 4777 2238 4832 hoc
2253 4775 2553 4831 abhorrere
2582 4773 2752 4828 etiam
2775 4771 3012 4827 daemoni
3046 4770 3282 4827 confessi
3303 4771 3479 4837 estis;
3519 4769 3616 4826 sed

2037 4871 2212 4924 Deum
2241 4867 2536 4938 adoptione
2563 4880 2664 4936 per
2709 4863 3024 4936 bujusmodi
3059 4877 3260 4918 nomen
3289 4863 3358 4919 de
3397 4862 3618 4921 Christo

2038 4956 2290 5014 indicari.
2342 4957 2488 5012 Deus
2541 4962 2725 5009 autem
2779 4953 3096 5024 adoptione,
3130 4963 3191 5008 ut
3253 4952 3440 5010 dicitis
3490 4953 3616 5025 ipsi,

2037 5063 2220 5120 neque
2257 5047 2506 5120 angelus,
2543 5059 2725 5116 neque
2775 5045 2950 5100 ullum
2987 5044 3190 5100 animal
3215 5055 3414 5117 praeter
3443 5045 3620 5100 homi-

2036 5157 2164 5197 nem
2187 5155 2340 5196 sacra
2371 5137 2654 5210 Scriptura
2695 5137 2878 5193 dictus
2932 5146 3038 5192 est.
3092 5136 3264 5209 Igitur
3306 5131 3618 5193 necessario

2032 5233 2344 5291 secundum
2370 5240 2613 5289 vestram
2643 5238 2905 5296 mentem,
2924 5237 2981 5285 et
3010 5229 3228 5302 genitus
3265 5228 3480 5284 dicetur
3511 5228 3615 5282 ho-

2035 5342 2130 5380 mo
2175 5333 2234 5380 et
2258 5324 2480 5394 pariens
2513 5323 2734 5378 dicetur
2762 5320 3006 5376 hominis
3031 5321 3276 5392 genitrth
3303 5337 3320 5374 :
3348 5318 3396 5375 si
3429 5324 3616 5372 autent

2031 5415 2256 5486 genitus
2283 5422 2370 5469 est
2388 5413 2572 5476 homo,
2605 5421 2688 5469 est
2711 5414 2857 5468 Deus
2875 5411 3188 5482 adoptione.
3213 5411 3382 5464 Porro
3402 5407 3494 5462 ille
3521 5407 3616 5476 qui

2012 5509 2120 5558 ἐει
2139 5511 2338 5557 natura
2382 5502 2702 5576 Deusjubet
2731 5501 2992 5558 omnibus
3031 5497 3350 5555 hominibus
3395 5511 3464 5552 ne
3497 5511 3615 5552 ser-

955 5663 982 5691 ο
1017 5654 1158 5709 Psal.
1217 5671 1394 5722 Lxxxt,
1434 5655 1479 5708 Ι.
1555 5651 1632 5708 Pl
1672 5655 1797 5711 Cor.
1837 5672 1950 5722 vm,
1983 5655 2068 5710 5..
