1926 3067
125 89 193 121 Ῐῦίὸ

746 98 900 128 LEONTII
922 123 924 126 .

984 99 1123 128 iANTiNl‘
1692 97 1797 129 ΜΞξῶ

123 160 197 186 viant
212 160 246 187 iis
263 162 309 196 qni
330 170 385 189 non
406 167 471 190 sunt
497 168 593 191 natura
621 165 662 191 Dii
683 174 690 192 :
715 166 804 200 palam
826 171 916 193 autem

984 168 1006 202 ιὴ
1023 168 1158 194 δουλεύειν
1177 170 1232 198 τοῖς
1247 168 1284 202 μὴ
1297 167 1376 202 φύσει
1389 166 1448 194 οὖσι
1469 167 1550 199 θεοῖς·
1567 167 1731 203 διαρρήδην
1747 169 1789 195 δὲ

122 207 223 234 eiamat
245 216 252 233 :
277 208 436 236 «Dominum
450 210 536 237 Deum
564 215 641 238 tuum
662 212 791 239 adorabis
813 219 841 239 et
874 213 912 239 illi

984 214 1025 248 οᾷ,
1040 222 1049 238 ε
1065 214 1159 248 Κυρίῳ
1176 213 1215 248 τῷ
1238 213 1297 248 Θεῷ
1322 222 1367 239 σου
1382 214 1594 248 προσκυνήσεις,
1618 214 1668 240 καὶ
1687 214 1790 250 αὐτῷ

123 252 174 277 soli
187 253 292 281 servies
305 258 344 280 ει.»
360 253 437 282 Unde
447 256 572 290 sequitur
583 265 632 284 vos
648 265 703 284 non
711 258 827 285 adorare
835 258 914 285 Chri-

123 302 198 323 stum
221 306 310 333 neque
334 299 374 326 illi
397 300 513 333 servire,
533 309 596 328 cum
621 302 667 334 sit,
684 303 762 336 juxta
792 308 914 330 vestrum

122 350 260 375 errorem,
275 344 423 379 adoptione
440 354 495 373 non
508 352 607 375 natura
618 348 691 375 Deus
705 357 712 381 ;
730 349 778 375 sed
795 356 844 376 vos
857 349 916 376 evi-

122 388 221 416 denter
236 397 296 417 esse
308 391 440 425 quosdam
452 392 648 423 Antichristos.
663 402 715 422 nec
727 394 813 421 videri
835 394 916 421 Chri-

123 436 236 463 stianos.
249 436 313 469 Aut,
327 437 348 463 si
365 437 417 464 hoc
428 438 540 472 quidem
556 439 668 472 timetis,
687 439 834 466 adorantes
852 448 916 467 eum

124 480 218 514 illique
227 481 388 515 servientes,
404 488 537 511 creatura:
545 484 685 518 cujusdam
698 490 726 510 et
739 484 916 518 anthropola-

125 532 173 553 trae
188 528 320 562 propriea
336 529 416 556 nobis
427 529 677 564 deprehendimini.
693 530 732 556 Ne
750 529 833 564 igitur
846 537 916 563 aegre

123 571 219 598 feratis
235 572 269 600 de
286 578 386 600 ere-tero
402 582 450 601 vos
474 574 511 601 ita
525 575 635 607 vocari;
654 577 682 601 et
695 573 776 600 talem
790 573 823 600 de
838 573 918 600 vobis

125 618 284 652 opinionem
301 624 430 647 excutere
445 620 584 647 conamini
598 627 668 652 ;nec
689 623 787 647 cuncta
804 620 917 646 miscete

124 663 158 690 ad
174 663 416 691 demonstrandum
432 673 481 693 vos
510 666 577 692 tales
589 673 641 692 non
655 666 753 696 videri,
772 666 843 692 sicut
861 666 917 700 jam

125 716 175 742 per
197 709 330 743 plurimas
346 714 451 738 vestras
464 710 730 745 prolixasorationes
739 709 856 745 probare
873 717 918 737 co-

126 754 182 781 nati
210 755 287 783 estis.

483 811 558 839 CAP.
577 811 621 839 Ill.

162 855 260 883 Omnis
278 857 419 891 generatio
433 862 498 884 nota
513 866 546 885 ex
574 857 717 892 Scriptura
737 858 840 890 divina,
860 858 918 885 sive

126 901 305 928 constituitur
318 910 400 929 causa
417 903 585 930 exsistenlim
598 904 672 931 illius
691 904 737 938 qui
755 904 863 939 genitus
878 904 919 930 di-

127 949 209 978 citur.
244 953 274 974 ut
307 948 459 975 «Abraham
488 950 582 983 genuit
608 949 684 976 lsaac
703 954 752 981 ις»
782 950 839 976 sive
864 957 919 976 non

127 994 305 1021 constituitur
320 1002 402 1022 causa
426 995 512 1030 ipsius
533 996 709 1027 exsistentize,
742 995 920 1030 quemadmo-

128 1041 193 1067 dum
207 1041 353 1075 Apostolus
371 1042 464 1076 genuit
478 1042 646 1074 Corinthios,
676 1042 827 1069 secundum
846 1042 920 1076 quod

129 1085 232 1112 dictum
241 1090 284 1112 est
300 1095 306 1111 :
327 1085 372 1112 «In
387 1085 499 1113 Christo
513 1086 586 1112 enim
602 1086 666 1113 Jesu
682 1094 731 1120 per
741 1086 919 1120 Evangelium

128 1137 179 1164 ego
190 1138 239 1156 vos
250 1131 332 1164 genui
345 1136 383 1157 ι.»
401 1130 549 1158 Generatio
579 1135 671 1157 antem
691 1137 751 1165 qua!
774 1135 816 1156 est
839 1136 921 1156 causa

129 1178 309 1209 exsistentim.
339 1179 392 1205 alia
420 1178 531 1214 quidem
559 1179 691 1205 exsistere
716 1178 781 1205 facit
798 1178 920 1212 genitum

130 1225 210 1251 simul
220 1234 281 1251 eum
294 1225 431 1259 gignente,
447 1225 499 1251 alia
512 1229 603 1252 autent
616 1225 752 1259 posterius
766 1225 899 1251 exsistere
913 1233 919 1250 :

130 1271 237 1298 exsistit
253 1279 350 1306 nempe
360 1271 433 1298 Deus
444 1271 563 1298 \‘erbum
578 1271 659 1298 simul
678 1269 924 1305 cumPatre,geni-

132 1322 177 1343 lus
191 1324 225 1343 ex
243 1316 303 1350 ipso
316 1324 323 1342 :
335 1316 444 1343 exsistit
466 1324 533 1343 vero
552 1322 611 1351 post
628 1316 764 1343 Abraham
796 1317 881 1348 Isaac,
895 1321 923 1343 et

130 1362 170 1387 sic
187 1361 278 1395 quivis
289 1360 457 1395 bujusmodi.
471 1361 618 1388 Generalio
629 1365 720 1388 autem
738 1369 798 1395 quae
810 1369 865 1388 non
881 1365 923 1388 est

129 1414 212 1434 causa
231 1407 396 1434 exsistentiae
424 1407 520 1442 geniti,
539 1407 591 1434 alia
607 1407 718 1441 quidem
751 1407 923 1434 demonstrat

130 1451 253 1485 genitum
281 1452 372 1485 seipso
387 1451 542 1483 meliorem,
560 1452 614 1478 alia
638 1459 704 1478 vero
720 1451 840 1486 pejorem
864 1459 923 1478 me-

130 1497 234 1524 liorem-
255 1496 378 1532 quidem,
397 1501 426 1523 ut
456 1507 464 1522 ι
483 1497 623 1532 Quotquot
645 1501 735 1524 autem
759 1502 924 1532 receperunt

131 1551 205 1576 eum,
224 1543 300 1570 dedit
312 1543 353 1570 eis
374 1547 538 1577 potestatem
555 1543 626 1571 filios
642 1537 689 1570 De'i
704 1543 775 1576 fieri,
794 1544 842 1578 qui
868 1551 922 1570 non

130 1597 165 1615 ex
175 1588 366 1624 sanguinibus,
379 1596 470 1623 neque
482 1597 516 1616 ex
526 1589 665 1616 voluntate
674 1590 775 1622 carnis,
789 1597 877 1623 neque
890 1598 923 1617 ex

131 1636 273 1663 voluniate
287 1636 358 1668 viri,
376 1636 423 1663 sed
437 1644 470 1663 ex
494 1636 549 1663 Deo
564 1636 621 1662 nati
648 1641 712 1662 sunt
728 1636 769 1662 ι.»
801 1637 923 1670 pejorem

132 1690 208 1713 vero.
223 1687 251 1709 ut
269 1682 427 1709 «Genimina
439 1682 605 1716 viperarum,
622 1682 685 1716 quis
711 1673 790 1708 vobis
813 1681 925 1708 demon-

132 1729 230 1755 stravit
243 1728 336 1762 fugere
344 1736 359 1755 a
368 1733 483 1755 ventura
493 1729 532 1755 ira
543 1732 557 1746 “
566 1729 591 1754 ’ίι
607 1728 763 1755 Secundum
777 1736 924 1762 quamnam

133 1775 215 1809 igitur
234 1774 438 1809 generationem
463 1775 585 1808 genitum
606 1774 691 1801 fuisse
705 1774 790 1801 Deum
804 1774 925 1802 Verbum

132 1828 166 1847 ex
179 1821 292 1848 muliere
313 1820 429 1847 dicunt?
445 1820 540 1848 Utrum
557 1820 708 1848 secundum
721 1828 782 1847 eam
805 1828 866 1855 quae
880 1820 927 1847 (lat

132 1866 320 1893 exsistentiam
346 1866 460 1901 genito?
478 1866 548 1900 Ergo
574 1874 628 1893 non
651 1872 771 1893 aeternus
796 1872 838 1894 est
855 1867 927 1894 Deus

137 1911 266 1939 Verbum.
282 1912 362 1939 Nulla
379 1912 453 1939 enim
466 1912 528 1938 talis
540 1912 682 1947 generatio
699 1912 775 1939 novit
797 1913 926 1947 praeexsi—

135 1963 207 1984 stcre
223 1958 344 1992 genitum
352 1957 474 1991 gignenti
492 1966 498 1983 :
511 1957 585 1991 quod
597 1961 687 1983 autem
698 1965 751 1984 non
764 1956 928 1991 prmexsistit

135 2004 262 2037 cuiquam
276 2010 329 2029 non
341 2007 453 2033 atterite,
472 2010 526 2028 non
552 2006 593 2029 est
607 2006 750 2029 Meritum.
768 2001 846 2035 Quod
877 2002 928 2028 im—

136 2050 211 2083 pium
224 2054 267 2076 est
278 2048 370 2076 dicere
382 2049 415 2076 de
430 2049 486 2075 Deo
513 2049 612 2076 Verbo.
631 2048 684 2075 Sed
696 2048 791 2076 dicunt
806 2049 928 2083 genitum

137 2095 223 2121 fuisse
240 2094 394 2122 secundum
408 2094 481 2121 illam
500 2094 703 2129 generationem
717 2102 777 2129 qua:
799 2102 854 2121 non
884 2095 930 2121 dat

136 2141 229 2175 genito
241 2142 441 2168 exsistentiam.
457 2141 541 2175 Igitur
554 2141 694 2167 variabilis
709 2141 780 2167 Deus
794 2141 929 2172 Verbum,

135 2191 165 2214 et
194 2194 248 2213 non
260 2187 701 2221 iunnutabilis,cumquzeeunque
717 2187 777 2213 talis
788 2187 929 2222 generatio
946 2185 967 2212 D

137 2231 195 2259 sive
205 2233 345 2259 meliorem
356 2232 413 2258 sive
433 2232 553 2266 pejorem
582 2232 703 2266 praebeat
726 2232 859 2266 genitum.
879 2232 931 2265 Qui

137 2283 229 2304 autem
245 2278 275 2304 fit
287 2278 378 2312 seipso
393 2277 491 2304 melior
500 2277 541 2304 vel
569 2278 654 2312 pejor,
671 2277 693 2304 is
714 2277 856 2304 evidenter
884 2285 933 2312 per

145 2324 215 2351 hanc
231 2324 410 2351 mutationem
425 2323 599 2350 convincitur
614 2331 674 2350 esse
686 2323 827 2350 mutabilis
840 2328 867 2350 et
882 2332 930 2350 va-

140 2370 287 2400 riabilis.Si
301 2375 392 2397 autem
405 2378 460 2397 non
474 2370 614 2397 mutabilis
628 2370 700 2396 Deus
708 2370 931 2403 Verbum,neque

139 2424 193 2444 non
211 2417 427 2450 wternusjgitur
443 2424 496 2443 non
509 2416 619 2450 proprie
629 2419 656 2442 et
672 2415 823 2442 secundum
831 2416 933 2442 verita-

141 2468 193 2489 tem
204 2467 283 2489 natus
291 2467 369 2489 estex
376 2462 501 2494 muliere,
512 2470 600 2497 neque
608 2463 720 2489 omnino
726 2462 933 2497 ejusprazdicari

141 2514 230 2543 potest
256 2509 397 2543 generatio
412 2517 445 2535 ex
462 2509 588 2540 muliere,
601 2509 634 2535 ad
650 2509 798 2542 Scriptura:
810 2516 929 2535 sensum.

179 2554 270 2581 Multis
286 2554 433 2581 verborum
445 2554 687 2581 subslitutionibus
698 2558 725 2579 et
740 2554 935 2580 sententiarum

142 2599 342 2626 mutationibus
358 2598 443 2624 latere
467 2603 615 2630 conantes,
636 2598 765 2632 perfacile
784 2599 936 2624 tamenim-

146 2645 255 2679 pietatis
270 2644 307 2671 rei
326 2643 577 2678 deprehendimini.
601 2644 665 2670 Esto
682 2644 753 2670 enim
786 2643 854 2670 alios
876 2651 936 2670 esse

145 2692 194 2719 llUS
202 2691 409 2727 generationum
425 2690 518 2717 modos
532 2694 560 2717 et
572 2690 637 2716 alias
654 2698 748 2716 corum
766 2698 937 2725 consequen-

145 2737 216 2770 tias,
234 2738 387 2766 utdixistis.
417 2737 469 2764 Sed
489 2736 561 2771 quod
579 2744 651 2763 nunc
673 2746 686 2762 ιι
700 2737 776 2763 vobis
792 2745 841 2764 nos
861 2745 935 2771 qua:-

185 2815 286 2844 "Deut.
300 2825 335 2848 vi,
350 2817 398 2848 15;
418 2816 510 2843 f‘latlh.
523 2825 558 2849 ιγ,
578 2815 617 2842 it).
641 2821 651 2834 τ
678 2816 770 2844 .‘latth.
789 2816 856 2847 11,2.

912 2818 921 2831 ε
942 2813 1024 2842 [Cant
1040 2821 1074 2845 iv,
1099 2813 1139 2839 lii.

967 259 1039 294 μόνῳ
1053 259 1221 294 λατρεύσεις·
1237 268 1246 285 ι
1261 260 1406 286 ἀκόλουθον
1416 260 1487 294 ὑμᾶς
1500 261 1567 294 μήτε
1584 262 1786 294 προσκυνεῖν,

969 306 1038 340 μήτε
1055 306 1199 341 λατρεύειν
1216 305 1254 340 τῷ
1276 306 1387 341 Χριστῷ
1404 306 1477 332 θέσει
1492 305 1549 332 ὖντι
1568 306 1614 332 καὶ
1630 306 1661 332 οὐ
1679 306 1786 340 φύσει

966 351 1035 385 Θεῷ,
1050 351 1121 377 κατὰ
1136 352 1185 386 τὴν
1204 351 1340 386 ὑμετέραν
1364 351 1484 385 πλάνην·
1509 351 1566 377 ἀλλ’
1592 349 1663 378 εἶναι
1688 352 1786 386 ὑμᾶς

967 397 1108 432 παρρησίᾳ
1124 397 1199 428 τινὰς
1218 397 1427 432 Ἀντιχρίστους,
1439 398 1487 423 καὶ
1505 397 1542 432 μὴ
1559 398 1706 432 ὑποκρίσει
1725 398 1787 423 δο-

967 444 1025 469 κεῖν
1044 452 1073 469 τε
1095 443 1274 478 Χριστιανοὺς
1297 441 1375 469 εἶναι.
1396 443 1463 469 “Hei
1487 443 1565 469 τοῦτο
1587 444 1782 475 εὐλαϐεῖσθε,

968 489 1183 523 προσκυνοῦντες
1199 489 1246 514 καὶ
1258 488 1434 523 λατρεύοντες
1454 488 1539 523 αὑτῷ,
1561 489 1673 515 κτιστοῦ
1688 497 1786 519 τινος

968 535 1155 569 προσκυνηταὶ
1181 534 1227 560 καὶ
1249 534 1475 569 ἀνθρωπολάτραι
1502 535 1604 569 κυρίως
1620 536 1689 569 ἡμῖν
1705 543 1784 568 φωρ

970 579 1130 614 ραθήσεσθε.
1149 578 1193 613 Μὴ
1214 579 1372 614 δυσφορεῖτε
1387 577 1433 605 οὖν
1451 579 1544 605 λοιπὸν
1557 579 1644 611 οὕτως
1660 580 1784 613 ὀνομα-

969 625 1095 659 ζόμενοι,
1112 625 1159 651 καὶ
1176 625 1224 658 τὴν
1248 625 1375 658 τοιαύτην
1401 625 1465 658 περὶ
1491 624 1567 659 ὑμῶν
1589 625 1670 656 δόξαν
1694 626 1783 651 ἁπο-

970 669 1089 695 σείεσθαι
1114 669 1289 701 σπουδάζετε·
1308 669 1375 704 μηδὲ
1386 669 1475 695 πάντα
1489 670 1591 695 κυκᾶτε
1609 669 1679 703 πρὸς
1696 669 1786 695 ἀπό-

969 715 1051 747 δειξιν
1068 715 1114 741 τοῦ
1133 716 1170 751 μή
1191 715 1307 742 τοιοῦτοι
1322 715 1420 747 δοκεῖν,
1436 715 1527 746 καθὼς
1542 716 1591 751 ἢδη
1616 716 1662 741 διὰ
1687 716 1783 741 πλεί-

971 770 1041 788 στων
1055 761 1132 796 ὑμῶν
1147 762 1336 796 μακρολογιῶν
1352 762 1521 796 ἡγωνίσασθε
1537 762 1733 796 παραστῆσαι.

1276 822 1401 847 ΚΕΦΛΛ.
1419 822 1457 847 Γ¹.

1007 869 1084 894 Πᾶσα
1103 868 1229 902 γέννησις
1246 868 1403 903 ὲγνωσμένη
1423 869 1456 902 τῇ
1476 867 1536 903 Θεία
1557 868 1665 903 Γραφῇ,
1682 868 1698 902 ἦ
1716 869 1782 901 τῆς

970 915 1114 950 ὑπάρξεως
1139 915 1226 948 αὐτῆς
1250 914 1419 950 καθέστηκεν
1445 915 1518 942 αἰτία
1545 916 1591 942 τοῦ
1613 916 1782 950 λεγομένου.

970 961 1159 996 γεγεννῆσθαι,
1179 959 1233 987 οἷον
1249 971 1257 986 ι
1269 961 1394 996 Ἀϐραὰμ
1410 962 1537 996 ἐγέννησε
1562 962 1606 988 τὸν
1625 963 1738 988 Ἰσαάκ·
1764 972 1777 988 ι

970 1009 986 1043 ἢ
1009 1008 1038 1033 οὒ
1055 1008 1103 1041 τῆς
1119 1006 1261 1041 ὑπάρξεως
1285 1006 1369 1041 αὐτῆς
1387 1006 1557 1041 καθέστηκεν
1573 1007 1658 1036 αἰτία,
1675 1004 1739 1032 οἷον
1758 1008 1780 1036 ὁ,

977 1053 1137 1084 Ἀπόστολος
1151 1053 1279 1087 ἐγέννησε
1292 1053 1354 1083 τοὺς
1363 1051 1541 1087 Κορινθίους,
1558 1052 1628 1078 κατὰ
1642 1052 1673 1077 τὸ
1685 1053 1778 1086 εἰρη-

972 1100 1063 1134 μένον,
1082 1108 1091 1124 ‹
1104 1098 1148 1124 Ἐν
1162 1098 1215 1133 γὰρ
1230 1098 1340 1132 Χριστῷ
1360 1097 1449 1132 Ἰησοῦ
1466 1098 1509 1124 διὰ
1526 1098 1571 1124 τῦῦ
1594 1098 1777 1132 Εὑαγγελίου

971 1144 1026 1178 ἐγὼ
1038 1144 1109 1178 ὑμᾶς
1125 1144 1269 1178 ἐγέννησα.
1286 1153 1295 1168 ι
1310 1143 1365 1178 Τῆς
1374 1143 1401 1169 δὲ
1415 1144 1502 1174 αίτίας
1513 1143 1561 1169 τοῦ
1571 1141 1640 1169 εῖναι
1655 1144 1777 1177 γινομέ-

972 1199 1020 1225 νης
1033 1190 1175 1224 γενέσεως,
1190 1190 1205 1224 ή
1224 1189 1272 1223 μὲν
1294 1189 1476 1224 συνυπάρχειν
1496 1191 1566 1215 ποιεῖ
1583 1189 1613 1215 τὸ
1623 1189 1775 1224 γεννώμε-

972 1245 1016 1262 νον
1029 1235 1067 1270 τῷ
1079 1235 1217 1269 γεννῶντι·
1233 1236 1250 1269 ἡ
1266 1235 1293 1261 δὲ
1311 1235 1509 1270 μεθυπάρχειν.
1524 1235 1699 1269 Συνυπάρχει
1715 1235 1775 1269 μὲν

972 1280 1025 1316 γὰρ
1040 1282 1053 1306 ὸ
1069 1280 1135 1311 Θεὸς
1145 1280 1230 1314 Λόγος
1244 1280 1282 1314 τῷ
1296 1280 1383 1315 Πατρὶ
1394 1280 1532 1314 γεννηθεὶς
1546 1281 1576 1312 ἐξ
1585 1280 1679 1307 αὑτοῦ·
1699 1280 1773 1314 μεθ-

974 1327 1092 1362 υπάρχει
1121 1326 1149 1352 δὲ
1168 1325 1215 1352 τοῦ
1246 1326 1371 1361 ’Λὸραὰμ
1385 1326 1398 1352 6
1423 1326 1516 1353 Ίσαὰκ
1533 1326 1580 1352 καὶ
1593 1326 1659 1357 είτις
1673 1325 1773 1352 τοιοῦ-

972 1380 1026 1404 τος·
1046 1373 1095 1407 τῆς
1109 1372 1136 1398 δὲ
1156 1372 1193 1407 μὴ
1208 1372 1254 1398 τοῦ
1269 1370 1338 1398 εἶναι
1357 1372 1502 1406 γινομένης
1520 1372 1609 1402 αίτίας
1631 1371 1679 1397 τοῦ
1700 1379 1772 1405 γεν-

973 1418 1106 1454 νωμένου,
1124 1419 1140 1452 ὴ
1160 1418 1208 1452 μὲν
1229 1418 1373 1452 κρείττονα
1389 1417 1486 1443 ἑαυτοῦ
1503 1417 1623 1443 δείκνυσι
1642 1417 1689 1443 τὸν
1703 1425 1774 1451 γεν-

974 1465 1106 1499 νώμενον,
1130 1464 1146 1498 ἡ
1175 1463 1203 1490 δὲ
1233 1464 1355 1498 χείρονα·
1385 1463 1431 1490 καὶ
1458 1463 1600 1497 κρείττονα
1629 1462 1690 1497 μὲν,
1709 1460 1773 1489 οἷον

936 1519 961 1547 (ςι
976 1523 985 1539 ι
998 1512 1075 1538 Ὅσοι
1086 1511 1115 1537 δὲ
1125 1510 1221 1537 ἕλαὸον
1234 1510 1324 1541 αὐτὸν,
1339 1509 1436 1536 ἔδωκεν
1448 1509 1538 1540 αὐτοῖς
1552 1509 1674 1540 ἐξουσίαν
1683 1508 1772 1535 τέκνα.

974 1558 1042 1585 Θεοῦ
1060 1556 1198 1591 γενέσθαι·
1215 1555 1240 1582 οἳ
1256 1555 1304 1582 οὐκ
1331 1555 1360 1586 ἐξ
1377 1555 1511 1590 αἱμάτων,
1523 1555 1583 1581 οὐδὲ
1598 1555 1629 1580 ὲκ
1646 1554 1777 1589 θελήμα-.

975 1614 1021 1636 τος
1040 1603 1152 1637 σαρκὸς,
1168 1602 1228 1629 οὐδὲ
1243 1603 1275 1628 ὲκ
1291 1601 1443 1636 θελήματος
1460 1601 1566 1636 ἀνδρὸς.
1583 1601 1640 1627 ἀλλ’
1653 1601 1685 1627 ἑκ
1698 1601 1772 1627 Θεοῦ

976 1650 1169 1685 ἐγεννήθησαν·
1183 1648 1308 1683 »χεέρονα
1320 1648 1358 1678 δὲ,
1371 1645 1437 1673 οἷον·
1451 1657 1460 1672 ι
1472 1646 1631 1682 Γεννήματα
1643 1647 1770 1681 ἐχιδνῶν,

976 1696 1016 1727 τίς
1035 1696 1099 1730 ὑμῖν
1124 1694 1263 1727 ὑπέδειξεν
1285 1694 1381 1727 φυγεῖν
1398 1692 1452 1719 ἀπὸ
1476 1692 1525 1727 τῆς
1553 1692 1702 1727 μελλούσης
1722 1693 1771 1728 ὀρ-

978 1743 1027 1777 γῆς
1036 1751 1049 1775 ;η
1061 1751 1070 1768 ι
1081 1743 1151 1769 κατὰ
1163 1742 1241 1768 ποίοιν
1253 1739 1298 1768 οὖν
1310 1741 1436 1775 γέννησιν
1449 1740 1626 1774 γεγεννῆσθαι
1639 1741 1684 1766 τὸν
1700 1740 1770 1766 Θεὸν

980 1789 1068 1822 Λόγον
1083 1789 1116 1814 ὲκ
1129 1787 1258 1821 γυναικός
1275 1795 1356 1820 (pact;
1368 1787 1439 1812 κατὰ
1451 1786 1500 1819 τὴν
1515 1786 1544 1812 τὸ
1559 1784 1627 1812 εἶναι
1641 1785 1771 1812 διδοῦσαν

977 1833 1017 1868 τῷ
1043 1834 1219 1868 γεννωμένῳς
1249 1832 1354 1859 Οὐκοῦν
1377 1832 1427 1858 οὐκ
1455 1831 1541 1862 ἀΐδιος
1556 1832 1569 1857 ὁ
1585 1831 1651 1862 Θεὸς
1669 1830 1768 1863 Λόγοςε

978 1880 1094 1915 οὐδεμία
1108 1879 1162 1914 γὰρ
1176 1878 1288 1912 τοιαύτη
1305 1877 1433 1912 γέννησις
1447 1876 1636 1911 προῦπάρχειν
1650 1874 1705 1901 οἶδε
1718 1875 1769 1901 τὸν

979 1925 1149 1960 γεννώμενον
1163 1924 1210 1950 τοῦ
1226 1924 1383 1958 γεννῶντος·
1397 1923 1427 1949 τὸ
1443 1922 1471 1948 δὲ
1484 1922 1521 1957 μὴ
1534 1921 1709 1958 προϋπάρχον
1719 1921 1768 1946 τοῦ

982 1972 1019 2007 μὴ
1036 1971 1131 2003 ἀϊδίου,
1148 1970 1196 1996 οὑκ
1219 1970 1318 1996 ἀΐδιον·
1341 1969 1410 2003 ὅπερ
1429 1967 1526 1998 ἀσεϐὲς
1547 1967 1638 2000 λέγειν
1658 1966 1705 1992 ἐπὶ
1719 1965 1768 1992 τοῦ

980 2019 1047 2045 Θεοῦ
1064 2019 1162 2051 Λόγου.
1187 2016 1266 2043 ’Λλλὰ
1294 2015 1363 2041 κατὰ
1382 2015 1432 2050 τὴν
1459 2014 1496 2049 μὴ
1511 2013 1540 2039 τὸ
1563 2011 1632 2039 εἶναι
1645 2012 1768 2039 διδοῦσαν

980 2064 1019 2098 τῷ
1037 2063 1198 2098 γεννωμένῳ
1220 2062 1285 2095 φασὶ
1307 2060 1499 2095 γεγεννῆσθαι·
1515 2060 1629 2094 τρεπτὸς
1641 2057 1736 2084 οὐκοῦν
1754 2059 1768 2084 ό

982 2111 1048 2141 Θεὸς
1058 2110 1153 2143 Λόγος,
1170 2109 1216 2135 καὶ
1231 2109 1281 2134 οὐκ
1296 2106 1485 2137 ἀναλλοίωτος·
1497 2105 1557 2132 ἐπεὶ
1566 2106 1641 2131 πᾶσα
1658 2104 1767 2137 τοιαύτη

983 2157 1121 2190 γέννησις,
1136 2155 1151 2189 ἢ
1168 2154 1310 2189 κρείττονα
1323 2153 1339 2188 ἦ
1359 2153 1467 2187 χείρονα
1479 2151 1598 2177 δείκνυσι
1612 2150 1657 2176 τὸν
1671 2148 1772 2182 γεννὼε

987 2210 1076 2236 μενον·
1105 2202 1118 2226 ὁ
1144 2201 1171 2226 δὲ
1187 2200 1331 2234 ¹κρείττων
1347 2199 1362 2233 ἦ
1378 2198 1477 2233 χείρων
1500 2196 1599 2222 ἑαυτοῦ
1617 2196 1768 2229 γινόμενος,

983 2247 1027 2273 διὰ
1042 2247 1091 2280 τῆς
1104 2246 1211 2272 τοιᾶσδε
1227 2244 1379 2279 μεταῦολῆς
1401 2243 1522 2277 δηλονότι
1533 2241 1647 2276 τρεπτὸς
1662 2240 1769 2273 ἐλέγχε-

983 2301 1028 2319 ται
1044 2293 1081 2319 ὦν
1101 2293 1147 2318 καὶ
1165 2291 1320 2322 ἁλλοιωτός.
1334 2291 1365 2316 Εἰ
1380 2290 1407 2316 δὲ
1425 2290 1456 2315 οὑ
1474 2288 1590 2324 τρεπτδς
1608 2288 1622 2313 ό
1636 2287 1701 2317 Θεὸς
1717 2286 1769 2312 Ari-

984 2346 1042 2372 γος,
1056 2337 1117 2364 οὔτε
1132 2338 1183 2363 οὐκ
1202 2337 1298 2369 ἀΐδιος,
1312 2336 1361 2362 οὐκ
1375 2336 1428 2371 ἄρα
1443 2335 1542 2369 κυρίως
1557 2334 1605 2360 καὶ
1623 2332 1691 2359 κατὰ
1705 2332 1769 2367 ἁλή-

985 2385 1060 2411 θειαν
1073 2384 1205 2419 ἐγεννήθη
1215 2384 1247 2409 ὲκ
1261 2382 1398 2418 γυναικὸς,
1414 2381 1474 2407 οὐδὲ
1482 2381 1549 2411 ὅλως
1559 2378 1769 2413 κατηγορεῖσθαι

985 2431 1096 2456 δύναται
1124 2430 1250 2464 γέννησις
1275 2430 1306 2455 ὲκ
1331 2427 1468 2462 γυναικὸς,
1485 2426 1554 2453 κατὰ
1566 2425 1615 2460 τὴν
1632 2424 1768 2459 Γραφικὴν

991 2477 1121 2503 διάνοιαν.

1023 2554 1138 2585 Πολλαῖς
1163 2554 1341 2588 ἀντεμῦολαῖς
1362 2553 1448 2587 λόγων
1469 2553 1516 2579 καὶ
1541 2552 1699 2579 ἁλλοιώσεσι
1712 2559 1767 2585 var;

990 2600 1082 2634 μάτων
1095 2599 1236 2626 λανθάνειν
1250 2599 1427 2634 πειρώμενοι,
1441 2599 1514 2632 ὅμως
1527 2596 1670 2623 ἁλίσκεσθε
1688 2596 1766 2631 ῥᾷστα

988 2646 1037 2680 τὴν
1050 2646 1189 2672 ἀσέϐειαν.
1209 2646 1301 2671 Ἔστω
1316 2645 1370 2679 γὰρ
1391 2644 1500 2678 ἑτέρους
1514 2641 1584 2669 εἶναι
1599 2642 1693 2668 τούσδε
1711 2641 1766 2676 τρόο

991 2700 1056 2722 πους
1077 2691 1130 2716 τῶν
1145 2691 1307 2725 γεννήσεων,
1325 2691 1371 2716 καὶ
1386 2690 1466 2724 ἕτερα
1482 2690 1516 2715 τὰ
1534 2688 1639 2719 τούτοις
1654 2687 1764 2722 παρεπό-

991 2745 1069 2770 μενα,
1085 2736 1122 2766 ὡς
1136 2736 1276 2771 εἰρήκατε·
1289 2735 1355 2762 ἀλλὰ
1374 2735 1402 2760 τὸ
1416 2735 1461 2760 νῦν
1474 2735 1539 2768 ἡμῖν
1555 2733 1717 2768 ζητούμενον
1731 2732 1764 2762 εἰς

1180 2814 1188 2829 ¹
1207 2812 1286 2839 Joan.
1301 2822 1318 2846 ι,
1340 2813 1379 2844 l2,
1401 2812 1440 2838 l5.
1479 2810 1602 2837 “Matth.
1622 2817 1661 2841 ιιι,
1677 2809 1704 2835 7.

1892 2393 1907 2858 γ
