3858 6156
1493 105 1542 123 a-

105 311 236 377 657

1082 313 1492 376 ADVERSUS
1531 311 2157 376 NESTORIANOS.—-
2185 315 2332 378 LIB.
2375 317 2486 380 IV.

3272 317 3412 381 1658

71 401 399 468 ιπόδειξιν
422 402 551 474 παρ’
578 402 730 474 ὑμῶν
760 403 898 466 ἐστι,
932 403 981 455 ει
1006 400 1223 470 ἀληθῶς
1255 401 1323 454 οὑ
1355 400 1582 454 δυνατὸν
1607 398 1704 452 ἕνα
1731 409 1751 458 λ

1845 400 1982 456 imus
2009 402 2062 454 in
2096 401 2651 469 demonstrationem,
2674 404 2810 460 illud
2833 416 2920 460 est
2955 405 3196 478 ;Nempe
3229 415 3412 462 utrum

73 511 86 538 τ
121 491 220 547 ινὰ
245 493 472 549 καὶτὸν
489 495 653 548 αὑτὸν
681 491 864 556 καθὼς
888 493 1050 563 ἡμεῖς
1078 490 1258 560 φαμὲν
1291 489 1387 544 δύο
1414 490 1570 552 τινὰς
1591 504 1712 556 γεν-

72 579 302 649 .-ήσεις
335 585 548 640 τούτων
581 584 764 638 αὐτῶν
793 583 901 636 τῶν
935 581 1209 652 διαφόρων
1247 581 1560 650 γεννήσεων
1611 579 1716 648 ὐφ-

75 696 98 728 :
125 675 410 740 στασθαι,
441 677 526 730 ἵνα
552 675 648 728 καὶ
681 677 794 736 τοῖς
824 671 1113 743 ἑπομένοις
1163 671 1409 742 ἑκατέρα
1433 670 1545 724 τῶν
1589 687 1716 740 γεν-

91 758 332 831 ’ήσεων
353 765 992 837 γνωρέζηταιΣκεπτέον
1011 765 1120 833 γὰρ
1139 765 1221 818 ὅτι
1245 763 1453 816 ἐθνικοὶ
1475 763 1716 816 πλεῖστοι

26 851 212 908 ,τῶν
253 859 321 910 ὲν
350 855 574 928 Χριστῷ
611 855 789 926 Ἰησοῦ
821 854 909 908 διὰ
955 853 1296 923 Εὑαγγελίου
1355 853 1460 906 ὑπὸ
1499 851 1716 906 Παύλου

25 949 518 1018 ςτεννηθέντων,
571 945 966 1016 προγεγονότες
1007 941 1149 1018 ἦσαν
1198 947 1374 1002 αὐτοῦ
1422 949 1565 1002 κατὰ
1617 947 1716 1018 τὴν

25 1041 402 1111 βαρκικὴν
436 1039 690 1108 γέννησιν
731 1037 1192 1109 ὡμολογημένως·
1253 1035 1365 1111 ἄρα
1411 1035 1506 1094 οὖν
1561 1041 1660 1111 οὐχ
1687 1041 1724 1092 ό

27 1128 290 1195 sib-rb;
332 1127 477 1184 εἶναι
501 1129 718 1197 λέγοιτό
749 1147 834 1194 τις
860 1129 970 1184 τῶν
1011 1130 1229 1184 ἐκείνου
1265 1131 1546 1204 μαθητῶν,
1580 1148 1717 1202 προ-

25 1222 259 1308 ζἐξ-Ξῖνοιξ
325 1241 387 1276 τε
421 1223 514 1276 τοῦ
552 1221 684 1276 ίδίου
724 1222 929 1292 πατρὸς
973 1223 1068 1277 καὶ
1107 1222 1437 1276 διδασκάλου
1475 1223 1713 1285 Παύλου,

33 1312 211 1402 ὲκαὶ
254 1317 502 1386 μετεῖναι
531 1313 976 1384 μαρτυρούμενος
1008 1313 1200 1380 τοῦδες
1234 1315 1342 1377 πᾶς
1376 1313 1476 1384 μὲν
1509 1313 1604 1367 οὖν
1627 1330 1714 1376 τις

60 1399 460 1488 γῦμολογήσοι
485 1407 606 1470 ,ιὼς
643 1399 817 1475 οἶμαι·
854 1403 992 1458 ἀλλὰ
1043 1405 1167 1460 κατ’
1195 1405 1322 1460 ἄλλο
1351 1406 1447 1458 καὶ
1475 1405 1603 1458 ἄλλο
1623 1404 1717 1458 τὸν

81 1498 293 1584 ιαῦτδν
338 1497 436 1552 τοῦ
465 1497 630 1551 αὐτοῦ
663 1496 1041 1568 προϋπάρχειν
1092 1513 1155 1550 τε
1207 1497 1306 1551 ⁴καὶ
1345 1495 1718 1566 μεθυπάρχειν

65 1591 266 1677 τὲρετῖ·
299 1591 399 1645 καὶ
447 1590 556 1660 γὰρ
588 1589 782 1653 δντως,
827 1588 902 1651 ὡς
935 1587 1126 1658 έφητε,
1176 1589 1320 1641 κατὰ
1343 1588 1442 1657 τὴν
1457 1587 1551 1641 τοῦ
1577 1585 1716 1640 εἶναι

105 1681 408 1752 γέννησιν,
432 1680 831 1751 προϋπάρχεινο
873 1679 1016 1734 κατὰ
1049 1679 1108 1733 δὲ
1137 1681 1236 1749 τὴν
1266 1681 1346 1744 εἰς
1367 1679 1428 1733 τὸ
1468 1679 1716 1748 Εὐαγγέ-

1826 506 1956 546 vere
1988 507 2100 546 non
2127 493 2246 548 ﬁeri
2279 495 2454 564 possit
2486 511 2657 552 unum
2708 495 3002 566 quemdam
3041 506 3098 550 et
3134 495 3414 561 eumdem,

1826 589 1888 634 ut
1919 597 2020 635 nos
2046 583 2304 649 dicimus,
2334 585 2472 640 duas
2510 587 2725 656 aliquas
2774 586 3184 658 generationes,
3211 601 3278 640 ex
3334 586 3420 642 his

1826 673 1996 728 variis
2020 677 2496 744 generationibus,
2545 679 2756 742 sortiri,
2803 689 2862 734 ut
2890 688 2948 734 et
3005 679 3422 750 eonsequentiis

1821 771 2059 835 utraque
2112 769 2396 838 generatio
2445 769 2837 840 dignoscatur.
2877 771 3188 826 Notandum
3269 771 3420 826 enim

1821 862 1908 908 est
1967 855 2222 912 ethnicos
2275 859 2571 928 plerosque
2628 875 2697 914 ex
2779 849 2865 915 bis
2944 860 3123 929 quiin
3199 859 3420 915 Christo

1819 945 1958 1028 Jesu.
1980 962 2079 1016 per
2105 948 2464 1019 Evangelium
2493 966 2524 1005 a
2553 951 2724 1007 Paulo
2747 952 2917 1021 geniti
2955 959 3120 1015 sunt,
3155 951 3256 1020 ipsi
3278 967 3416 1020 pra-.-

1822 1037 2120 1104 exstitisse,
2175 1041 2480 1096 secundum
2533 1043 2810 1097 carnalem
2869 1044 3304 1114 generationem,
3347 1053 3404 1098 ut

1823 1132 1878 1186 in
1893 1131 2145 1188 confesso
2161 1133 2360 1189 est.An
2388 1134 2558 1204 igitur
2589 1151 2700 1188 non
2743 1133 2887 1188 idem
2911 1136 3195 1190 diceretur
3223 1134 3423 1204 quisvx

1768 1247 1780 1257 -
1822 1220 2248 1294 ejusdiscipulis
2264 1232 2320 1278 et
2345 1223 2724 1293 praeexsistere
2749 1239 2852 1278 suo
2883 1226 3020 1292 patri
3069 1231 3124 1278 et
3151 1225 3413 1293 magistro

1822 1322 1994 1378 Paulo
2023 1316 2261 1373 simulet
2287 1315 2406 1384 ipso
2423 1315 2699 1384 posterior
2714 1315 2904 1378 fuisse,
2925 1331 2993 1370 ex
3025 1317 3146 1386 ejus
3170 1317 3420 1370 teStimo-

1822 1412 1954 1467 nio?
1985 1409 2104 1464 Non
2135 1416 2217 1462 est
2241 1411 2413 1467 certe,
2447 1421 2592 1470 reor,
2623 1405 2714 1474 qui
2743 1419 2850 1458 non
2877 1405 3280 1472 fateretur;sed
3297 1405 3395 1460 sub

1836 1503 2060 1558 diverso
2083 1507 2338 1568 respectu
2370 1496 2519 1550 dicet
2548 1496 2804 1551 eumdem
2831 1495 3013 1551 eidem
3038 1497 3426 1567 praeessistere

1824 1593 1988 1650 simul
2035 1601 2090 1646 et
2131 1589 2493 1660 posteriorem
2561 1604 2685 1644 esse
2728 1589 2937 1645 scilicet
2973 1589 3299 1653 secundum,
3371 1596 3430 1643 ut

1823 1682 2022 1746 dicitis,
2042 1679 2446 1750 generationem
2465 1677 2792 1752 exsistentiae
2807 1679 3182 1748 prazeasistere
3203 1693 3218 1741 ;
3236 1689 3432 1730 secun-

77 1772 241 1854 ¹λιον
271 1749 551 1843 γέννησιν,
587 1749 978 1842 μεθυπάρχειν·
1011 1773 1212 1838 ὁμοίως
1240 1773 1298 1826 δὲ
1346 1773 1440 1826 καὶ
1490 1771 1560 1826 τὰ
1603 1749 1751 1838 γεν-ἲ

1845 1779 1954 1831 lum
1986 1787 2114 1826 vero
2139 1771 2551 1842 generationem
2584 1769 2638 1822 in
2664 1767 3016 1838 Evangelium
3062 1767 3426 1836 posteriorem

57 1865 82 1894 -'
110 1865 357 1936 νήματα
379 1863 488 1916 τῶν
517 1861 760 1932 ἐχιδνῶν,
785 1863 836 1916 οἱ
861 1863 969 1916 ἀπὸ
999 1863 1100 1933 μὲν
1117 1863 1213 1916 τοῦ
1259 1861 1510 1933 Ἀϐραὰμ
1538 1860 1724 1926 ἔθνους

58 1963 82 1995 ~‘
111 1952 278 2005 κατὰ
311 1952 516 2023 σάρκα,
547 1953 658 2014 τοῖς
693 1952 842 2029 ἰδίοις
895 1952 1109 2017 τέκνοις
1151 1953 1320 2024 ἤγουν
1356 1955 1468 2014 τοῖς
1491 1951 1722 2006 ἀποστό-

59 2042 78 2092 ':
115 2045 250 2109 λοις
287 2043 740 2116 μαθητευόμενοι,
770 2045 1192 2115 ἐπιστρέφοντος
1227 2042 1323 2097 τοῦ
1354 2042 1560 2112 Κυρίου
1591 2059 1728 2114 κ’λΡ·

53 2151 68 2182 ι
119 2131 256 2196 δίας
278 2131 536 2201 πατέρων
570 2131 667 2184 ἐπὶ
693 2133 881 2196 τέκνα,
915 2133 1030 2197 πῶς
1060 2132 1158 2202 οὐχ
1197 2134 1246 2185 οί
1300 2132 1457 2185 αὐτοὶ
1488 2132 1728 2200 λέγοιντο

48 2243 68 2271 ητ
123 2223 393 2291 προεῖναι
421 2220 519 2290 μὲν
548 2219 692 2273 κατὰ
709 2219 806 2288 τὴν
833 2221 1102 2291 σαρκικὴν
1135 2221 1410 2290 γέννησιν,
1448 2219 1730 2290 μεθυπάρ-

47 2337 68 2368 .-
123 2329 258 2382 χειν
317 2311 376 2365 δὲ
441 2313 588 2367 κατὰ
634 2313 736 2384 τὴν
789 2313 1170 2383 πνευματικὴν
1213 2312 1573 2381 ἁναγέννησιν
1624 2311 1732 2366 τῶν

53 2431 61 2442 ο
137 2399 294 2454 ιδίων
336 2399 468 2453 υἱῶν
491 2418 506 2467 ;
535 2402 598 2454 Ei
624 2400 680 2454 δὲ
705 2400 880 2454 ταῦτα
910 2401 1082 2463 οὕτως
1105 2400 1239 2472 ἔχει,
1269 2402 1322 2454 τί
1350 2400 1581 2455 ἄπιστον
1603 2402 1741 2470 ὑμῖν,

41 2523 53 2555 τ
135 2494 294 2547 δοκεῖ
322 2494 418 2547 καὶ
443 2494 537 2546 ἐπὶ
567 2491 662 2546 τοῦ
686 2493 884 2561 Λόγου,
909 2493 1030 2546 καθ’
1060 2493 1256 2564 ἑτέραν
1289 2494 1388 2563 μὲν
1411 2493 1576 2548 αὐτοῦ
1611 2493 1731 2561 γέν-

44 2619 51 2626 -
137 2603 326 2654 νησιν,
360 2587 530 2641 ἀΐδιόν
561 2603 622 2640 τε
667 2585 935 2656 ὑπάρχειν
982 2587 1144 2641 αὐτὸν
1190 2588 1286 2641 καὶ
1347 2586 1554 2640 ἁπλοῦν
1601 2587 1737 2658 ἀλη-

43 2729 48 2742 ,
141 2677 280 2743 θῶς,
313 2677 438 2732 καθ’
473 2678 666 2750 ἑτέραν
699 2678 757 2732 δὲ
792 2680 1098 2748 ἀρχόμενον
1126 2677 1220 2732 τοῦ
1254 2677 1530 2742 συνθέτως
1560 2673 1734 2745 sim;

39 2803 56 2836 ςι
143 2769 292 2840 μετὰ
322 2769 752 2842 προσλήμματος
801 2769 913 2839 γάρ
943 2787 1095 2834 τινος
1127 2769 1438 2840 πρόσφατος
1469 2769 1738 2836 γινώσκε-

41 2879 48 2928 ς
143 2877 264 2928 ται,
321 2860 416 2914 καὶ
461 2859 560 2930 οὐχ
586 2858 792 2924 ἁπλοῦς
839 2861 1014 2929 Λόγος
1061 2861 1270 2926 λοιπὸν,
1295 2860 1434 2914 ἀλλὰ
1485 2861 1738 2926 σύνθετος

41 2989 47 3001 .
145 2950 392 3025 Χριστὸς
431 2949 782 3022 ὀνομάζεται.
813 2949 1002 3014 Οὕτως
1038 2949 1098 3003 δὲ
1139 2949 1286 3020 ἔχειν
1317 2950 1526 3004 τούτων
1555 2949 1738 3004 δοθέν-

147 3058 284 3106 των,
345 3043 380 3112 ή
433 3042 532 3110 μὲν
581 3039 814 3096 τεκοῦσα
850 3039 914 3092 τὸ
974 3037 1251 3102 σύνθετον,
1282 3041 1502 3102 πάντως
1542 3041 1638 3094 καὶ
1678 3040 1740 3092 τὺ

159 3133 374 3188 ἁπλοῦν
399 3134 638 3187 τέτοκενο
667 3133 726 3186 ὲν
760 3133 871 3200 γὰρ
901 3125 980 3200 τῷ
1009 3130 1250 3200 συνθέτῳ
1276 3133 1394 3183 ἐστὶ
1425 3130 1600 3184 τοῦτο·
1635 3134 1664 3184 ό
1686 3132 1744 3183 δὲ

40 3271 48 3282 ,
151 3225 220 3280 τὸ
253 3223 462 3278 ἁπλοῦν
489 3223 688 3286 τεκὼν,
716 3223 778 3274 οὑ
806 3222 992 3274 τέτοκε
1020 3223 1118 3274 καὶ
1149 3221 1211 3274 τὸ
1242 3220 1517 3274 σύνθετον·
1549 3221 1610 3275 οὺ
1635 3221 1744 3294 γὰρ

155 3318 219 3370 ὲν
260 3314 340 3386 τῷ
387 3314 546 3384 ἁπλῷ
591 3313 654 3366 τὸ
685 3313 960 3366 σύνθετον·
995 3309 1195 3364 οὐκοῦν
1248 3312 1388 3365 κατὰ
1425 3313 1524 3382 μὲν
1551 3313 1651 3380 τὴν
1681 3312 1746 3366 τὸ

160 3403 306 3462 εἶναι
332 3407 424 3461 καὶ
453 3403 641 3470 ἁῖδίως
669 3398 810 3458 εῖναι
857 3401 1110 3457 διδοῦσαν
1142 3394 1396 3473 γέννησιν
1426 3403 1506 3472 τῷ
1543 3419 1747 3472 γεννω-

167 3501 317 3571 μένῳ
347 3499 504 3568 Λόγῳ
531 3497 740 3561 ἁπλῶς,
781 3496 842 3550 οὗ
881 3496 1091 3568 μητέρα
1116 3495 1295 3565 φαμὲν
1317 3495 1418 3566 τὴν
1449 3493 1747 3567 Παρθένον

160 3591 308 3646 κατὰ
339 3589 517 3661 δὲτὴν
545 3588 767 3642 τοιῶσδε
799 3584 940 3640 εἶναι
965 3589 1135 3658 ἤγουν
1167 3588 1623 3659 σεσαρκωμένην,
1655 3589 1750 3642 καὶ

35 3737 66 3770 ἐξ
164 3683 224 3735 έν
249 3681 413 3752 σαρκὶ
457 3683 522 3751 τῇ
555 3679 661 3734 ὑπὸ
701 3680 894 3751 χρόνον
923 3676 1063 3732 εἶναι
1089 3678 1340 3733 διδοῦσαν
1373 3680 1523 3750 αὐτῷ
1552 3679 1746 3752 γέννη‹

167 3790 274 3839 σιν,
327 3773 401 3838 ὡς
453 3771 761 3842 συγχρόνως
806 3771 944 3841 αὐτῇ
977 3772 1044 3840 τῇ
1077 3771 1240 3840 σαρκὶ
1287 3770 1465 3839 ἔχοντι
1494 3769 1592 3839 τὴν
1627 3771 1753 3823 σύν-

167 3869 318 3922 θεσιν
341 3862 536 3919 ἑαυτοῦ
566 3861 1053 3943 συγγεγεννημένῳ
1081 3860 1256 3934 ταύτῃ
1287 3860 1348 3926 ἐξ
1379 3863 1549 3932 αὐτῆς
1587 3860 1753 3933 οὔσης

169 3959 313 4014 κατὰ
339 3959 401 4011 τὸ
431 3953 574 4010 εἶναι
624 3956 941 4026 ὑποχρόνως
963 3996 978 4018 ,
1009 3955 1242 4027 Μητέρα
1273 3954 1493 4023 ἀληθῶς
1525 3955 1621 4008 καὶ
1659 3955 1752 4008 τοῦ

177 4049 370 4106 ἁπλοῦ’
401 4049 490 4102 διὰ
538 4047 722 4118 μέντοι
783 4044 1088 4106 συνθέσεως
1136 4043 1438 4114 γενομένην
1473 4043 1630 4113 ἴσμεν
1655 4043 1755 4112 τὴν

176 4143 434 4214 ἀμίαντον
457 4155 472 4170 °
505 4141 570 4192 ἐκ
601 4139 775 4205 Λόγου
807 4138 917 4207 γὰρ
948 4135 1118 4190 ἀϊδίου
1167 4137 1262 4190 καὶ
1289 4133 1492 4207 σαρκὸς
1517 4133 1756 4206 ὑποχρύ-

178 4253 288 4296 νου,
313 4235 342 4288 ό
365 4232 642 4302 Δεσπότης
674 4229 830 4301 ἡμῶν
853 4228 1089 4298 Χριστὸς
1127 4228 1247 4290 ὂλος
1279 4230 1602 4300 συνέστηκε·
1634 4243 1758 4296 γεν-

179 4325 428 4398 νηθέντος
471 4323 568 4392 μὲν
601 4319 696 4374 τοῦ
727 4320 902 4388 Λόγου
953 4318 1056 4380 δὶς,
1091 4317 1350 4386 ἀσάρκως
1409 4315 1510 4386 μὲν
1550 4317 1616 4368 ἐκ
1661 4313 1756 4368 τοῦ

1827 1869 2251 1926 esse.Similiter
2273 1873 2456 1920 autem
2495 1871 2550 1916 et
2579 1861 2854 1932 genimina
2889 1861 3223 1930 viperarum,
3255 1858 3309 1912 hi
3331 1859 3426 1926 qui

1829 1965 1897 2018 de
1914 1976 2115 2034 genere
2135 1966 2264 2014 sunt
2281 1956 2516 2012 Abrahae
2537 1953 2840 2008 secundum
2855 1966 3074 2004 carnem
3096 1965 3124 2003 a
3143 1949 3257 2004 suis
3275 1948 3423 2014 ﬁliis,

1831 2055 2096 2126 apostolis
2120 2052 2350 2114 scilicet,
2375 2048 2578 2112 edocti,
2611 2053 2970 2100 convertente
2999 2042 3230 2096 Domino
3257 2041 3426 2096 corda

1833 2157 2053 2219 patrum
2120 2145 2174 2198 in
2215 2141 2378 2202 filios,
2410 2137 2688 2208 quomodo
2721 2150 2830 2189 non
2883 2133 3050 2188 iidem
3103 2131 3426 2186 dicerentur

1830 2237 2214 2309 praeexsistere
2240 2231 2465 2302 quidem
2492 2226 2798 2284 secundum
2837 2223 3252 2295 generationem
3297 2237 3420 2275 car-

1831 2330 2009 2385 nalem
2029 2327 2144 2382 suis
2176 2325 2320 2385 ﬁliis,
2347 2321 2687 2393 posteriores
2709 2327 2891 2371 tamen
2942 2330 3064 2370 esse
3121 2313 3426 2370 secundum

1835 2419 2140 2489 spiritalem
2183 2409 2718 2484 regenerationem?
2760 2406 2816 2462 Si
2856 2415 3040 2460 autem
3084 2405 3200 2459 haec
3243 2403 3316 2457 ita
3369 2419 3429 2457 se

1835 2511 2100 2576 habeant,
2134 2507 2267 2578 quid
2287 2503 2610 2560 incredibile
2656 2501 2814 2555 vobis
2847 2499 3068 2554 videtur
3111 2497 3179 2552 de
3225 2495 3428 2552 Verbo.

1843 2601 2152 2658 secundum
2197 2599 2432 2652 alteram
2487 2607 2640 2649 suam
2681 2593 3125 2662 generationem,
3160 2595 3430 2642 aeternum

1837 2695 2060 2766 quidem
2081 2693 2261 2762 ipsum
2292 2688 2557 2744 exsistere
2581 2693 2638 2738 et
2665 2683 2899 2752 simplex
2919 2696 3084 2746 vere;
3118 2677 3424 2734 secundum

1840 2786 2070 2840 alteram
2099 2795 2232 2836 vero
2261 2777 2482 2833 initium
2524 2775 2737 2830 habere
2772 2780 2828 2828 et
2853 2787 2976 2826 esse
3015 2768 3382 2838 compositum
3411 2767 3435 2820 Υ

1839 2875 1976 2932 Cum
2023 2870 2379 2943 adiunctione
2407 2866 2555 2922 enim
2607 2865 2843 2936 quadam
2895 2877 3038 2916 novo
3077 2859 3300 2915 nomine
3342 2873 3436 2912 co-

1842 2962 2153 3036 gnoscitur,
2188 2967 2374 3014 etnon
2443 2956 2678 3025 simplex
2731 2953 2975 3009 Verbum
3027 2949 3270 3012 tandem,
3339 2946 3436 3002 sed

1844 3054 2184 3124 compositus
2218 3050 2473 3105 Christus
2503 3056 2752 3102 vocatur.
2783 3045 2878 3098 llis
2903 3053 3085 3098 autem
3118 3042 3197 3096 sic
3249 3055 3308 3094 se
3336 3039 3438 3093 lia-

1845 3147 1979 3202 berc
2016 3141 2318 3206 concessis,
2366 3154 2490 3208 qua:
2537 3137 2760 3206 quidem
2807 3134 2999 3204 genuit
3045 3129 3436 3200 compositum,

1847 3237 2076 3292 omnino
2127 3231 2320 3304 genuit
2366 3237 2424 3284 et
2486 3227 2761 3296 simplex;
2816 3225 2871 3278 in
2937 3223 3242 3291 composito
3289 3218 3436 3273 enim

1846 3327 1980 3382 illud
2001 3332 2106 3380 est.
2147 3322 2252 3389 Qui
2311 3328 2494 3374 autem
2523 3315 2709 3388 genuit
2737 3315 2990 3382 simplex,
3018 3327 3130 3365 non
3190 3309 3316 3364 ideo
3341 3323 3436 3376 ge-

1845 3418 1969 3474 nuit
2021 3426 2076 3472 et
2099 3412 2464 3494 compositum
2493 3427 2508 3476 ;
2535 3423 2646 3462 non
2676 3406 2822 3462 enim
2858 3405 2912 3458 in
2945 3403 3181 3472 simplici
3214 3415 3441 3470 compo-

1849 3513 2040 3567 situm.
2073 3493 2257 3578 Igitur
2278 3503 2581 3559 secundum
2611 3515 2730 3555 eam
2759 3497 3169 3568 generationem
3199 3509 3324 3563 qua:
3348 3493 3442 3546 dat

1849 3599 2176 3670 simpliciter
2222 3595 2410 3666 genito
2446 3591 2626 3647 Verbo
2665 3587 3064 3649 exsistentiam,
3121 3592 3178 3637 ct
3217 3581 3440 3653 quidem

1850 3690 2226 3750 exsistentiam
2255 3697 2536 3750 aeternam,
2587 3697 2698 3738 non
2745 3689 2976 3735 matrem
3000 3676 3236 3731 dicimus
3267 3673 3444 3743 Virgi-

1851 3800 1998 3840 nem.
2039 3779 2358 3837 Secundum
2386 3790 2519 3830 vero
2558 3787 2678 3828 eam
2724 3768 3135 3841 generationem
3173 3779 3308 3841 _qu:e
3349 3762 3452 3817 dat

1851 3873 1903 3928 ei
1943 3848 2321 3926 exsistentiain
2382 3865 2566 3926 talem,
2616 3860 2830 3916 scilicet
2885 3835 3247 3916 incarnatain,
3297 3860 3358 3905 ut
3387 3851 3442 3904 in

1853 3973 2020 4016 carne
2049 3957 2252 4012 habeat
2282 3951 2660 4010 exsistentiam
2693 3945 3074 4016 temporalem,
3118 3941 3193 3996 ita
3225 3948 3287 3995 ut
3313 3953 3446 3994 con-

1853 4046 2234 4118 temporaliter
2257 4043 2361 4115 ipsi
2387 4040 2537 4097 carni
2567 4039 2766 4094 habeat
2809 4032 3264 4104 compositionem
3291 4043 3444 4083 suam

1853 4113 2016 4193 simul
2051 4148 2176 4188 cum
2223 4113 2340 4200 ipsa
2373 4129 2592 4199 genitus
2625 4141 2693 4180 ex
2746 4123 2918 4178 Matre
2961 4116 3262 4175 secundum
3295 4113 3446 4172 essi-

1857 4225 2114 4284 slentiam
2137 4219 2514 4290 temporalem,
2550 4215 2780 4268 Matrem
2831 4225 2960 4266 vere
3001 4208 3236 4262 dicimus
3279 4203 3447 4258 etiam

1859 4314 2144 4386 simplicis.
2208 4311 2280 4366 Et
2317 4307 2542 4380 quidem
2593 4319 2694 4374 per
2727 4298 3184 4370 compositionem
3245 4293 3452 4350 scimus

181 4393 410 4487 Ιῐατρὺς,
433 4412 864 4484 σεσαρκωμένως
889 4411 948 4464 δὲ
979 4411 1043 4462 ὲκ
1065 4409 1308 4479 Μητρὸς.
1342 4409 1442 4478 τῆς
1462 4408 1520 4462 δὲ
1555 4407 1751 4478 σαρκὸς

1859 4425 1980 4465 eam
1997 4407 2193 4462 factam
2218 4403 2504 4457 illibatam.
2521 4399 2600 4452 Ex
2625 4395 2804 4452 Verbo
2831 4393 2981 4448 enim
3013 4400 3222 4446 aeterno
3247 4395 3304 4442 et
3327 4401 3451 4440 car-

185 4509 327 4576 ἆπαξ
381 4507 476 4561 καὶ
531 4505 692 4576 μόνον
733 4501 1086 4572 γεννηθείσης
1123 4503 1188 4554 ex
1221 4500 1446 4572 Μητρὸς
1471 4500 1750 4570 ἀσπόρως.
1793 4522 1797 4526 ·

197 4598 346 4654 Ἐπεὶ
399 4592 494 4652 οὖν
544 4595 678 4659 Θεὸς
711 4594 918 4664 ἀληθὴς
961 4592 1200 4662 ἄσαρκός
1241 4608 1302 4644 τε
1337 4591 1434 4658 ὢν,
1470 4591 1564 4645 καὶ
1621 4588 1757 4660 μετὰ

189 4690 384 4762 σαρκὸς
413 4691 443 4744 ό
475 4690 670 4756 Λόγος,
707 4684 951 4740 θεοτόκοι
977 4685 1100 4740 καθ’
1127 4682 1400 4754 ἑκατέραν
1421 4681 1676 4752 γέννησιν
1705 4683 1754 4734 οί

187 4782 368 4837 τούτου
395 4781 717 4850 γεννήτορες
741 4775 980 4846 ἀληθῶς.
1008 4775 1196 4842 Ταῦτα
1251 4776 1350 4844 μὲν
1393 4772 1486 4828 οὖν
1515 4771 1584 4826 τὰ
1628 4773 1757 4842 περὶ

188 4872 284 4943 τῆς
320 4873 460 4927 κατὰ
489 4871 588 4934 τὰς
625 4869 909 4938 γεννήσεις
955 4867 1214 4937 διαφόρου
1255 4863 1632 4935 προελεύσεως
1657 4862 1754 4916 τοῦ

191 4965 378 5033 Λόγου·
411 4964 472 5018 αἱ
495 4963 555 5016 δὲ
596 4959 742 5016 κατὰ
765 4958 1053 5030 προκοπὴν
1087 4957 1274 5020 ἁπλῶς
1301 4957 1398 5014 καὶ
1434 4954 1503 5008 τὰ.
1532 4953 1762 5008 τοιαῦτα

193 5055 519 5127 παραγωγαὶ
549 5055 658 5108 τῶν
680 5054 1010 5122 γεννήσεων,
1041 5049 1312 5118 περιττῶς
1343 5048 1472 5118 ὑμῖν
1497 5047 1592 5098 ἐπὶ
1620 5047 1760 5115 Χρι-

199 5148 314 5202 στοῦ
351 5145 782 5218 παραφέρονται·
818 5143 880 5196 οὐ
927 5142 1038 5212 γὰρ
1090 5141 1154 5193 ὲκ
1196 5138 1400 5192 τοιοῦδε
1440 5137 1645 5208 τρόπου
1677 5136 1762 5200 τὶς

198 5240 342 5308 λόγος
383 5239 644 5293 Θεοτόκον
688 5237 793 5307 ἔφη
849 5233 981 5288 ποτὲ
1025 5232 1126 5300 τὴν
1170 5230 1458 5300 ἄχραντον·
1501 5229 1624 5280 οὐδὲ
1655 5227 1761 5280 τῶν

199 5333 310 5387 λίαν
331 5332 628 5400 ἀλογίστων
655 5332 762 5383 τινὶ
783 5327 910 5382 τάδε
944 5326 1024 5387 εἰς
1048 5320 1346 5392 φαντασίαν
1374 5319 1686 5388 γεγένηται.

1861 4513 1932 4555 ne
1958 4490 2246 4564 temporali
2276 4489 2540 4544 Dominus
2579 4493 2768 4538 noster
2799 4481 2958 4560 Jesus
3005 4477 3263 4534 Christus
3305 4484 3454 4530 totus

1863 4557 2090 4646 constat
2111 4602 2127 4650 ;
2180 4581 2364 4638 Verbo
2407 4577 2634 4648 quidem
2672 4574 2760 4628 bis
2806 4557 3014 4642 genito,
3076 4567 3289 4624 scilicet
3337 4564 3456 4620 sine

1862 4695 2030 4738 carne
2054 4693 2122 4732 ex
2161 4676 2317 4729 Patre
2341 4681 2398 4726 et
2427 4684 2552 4725 cum
2579 4680 2745 4723 carne
2777 4679 2844 4719 ex
2870 4663 3042 4716 Matre
3069 4676 3084 4727 ;
3151 4671 3320 4714 carne
3355 4671 3456 4710 au-

1866 4782 1975 4829 tem
1995 4769 2162 4827 semel
2184 4775 2398 4822 tantum
2420 4761 2604 4834 genita
2632 4775 2701 4815 ex
2731 4759 2906 4812 Matre
2926 4755 3048 4810 sine
3070 4753 3301 4808 semine.
3319 4748 3458 4805 Cum

1865 4866 2033 4937 igitur
2065 4863 2208 4917 Deus
2229 4873 2392 4914 verus
2421 4857 2540 4911 sine
2564 4867 2730 4909 carne
2756 4859 2814 4905 et
2839 4864 2965 4904 cum
2993 4860 3160 4902 carne
3193 4842 3458 4908 Verbum,

1869 4959 1965 5013 Dei
2008 4972 2138 5011 vere
2169 4961 2299 5008 sunt
2331 4950 2612 5022 genitores
2635 4943 2941 5000 secundum
2978 4951 3271 5008 utramque
3295 4951 3462 5008 gene-

1871 5049 2140 5104 rationem
2192 5044 2288 5115 qui
2337 5041 2473 5097 illud
2535 5043 2865 5110 genuerunt.
2899 5033 3026 5088 Haec
3056 5030 3225 5100 igitur
3254 5027 3324 5082 de
3374 5023 3462 5082 di-

1869 5153 2031 5193 verso
2067 5135 2242 5208 quoad
2277 5130 2666 5206 generationes
2710 5125 2951 5180 adventu
3003 5120 3196 5176 Verbi.
3249 5116 3462 5173 Produ-

1872 5231 2084 5285 ctiones
2109 5237 2294 5284 autem
2349 5223 2764 5298 generationum
2795 5215 3098 5272 secundum
3118 5221 3465 5284 progressum

1874 5320 2218 5390 simpliciter,
2243 5325 2301 5372 et
2330 5297 2436 5370 alia
2483 5311 2706 5375 similia,
2736 5309 2940 5363 frustra
2972 5322 3002 5360 a
3031 5303 3191 5359 vobis
3218 5301 3286 5356 de
3309 5297 3467 5354 Chri«

203 5441 282 5486 sto
309 5427 680 5498 proferuntur.
712 5425 791 5478 Ex
813 5423 917 5475 hoc
937 5420 1082 5475 enim
1106 5414 1267 5470 modo
1293 5413 1477 5466 nullus
1509 5427 1748 5480 unquam
1774 5427 1954 5466 sermo
1986 5413 2270 5481 Deiparain
2295 5409 2435 5464 dixit
2460 5407 2733 5478 virginem
2757 5404 3023 5458 illibatam
3050 5415 3065 5466 ;
3105 5412 3206 5452 nec
3241 5389 3463 5447 irratioo

209 5525 400 5583 talium
451 5521 749 5577 admodum
775 5518 1030 5586 cuiquam
1067 5515 1182 5568 haec
1215 5512 1270 5565 in
1309 5520 1548 5564 mentem
1579 5517 1871 5564 venerunt.

778 5611 1032 5664 ΚΕΦᾹΛ.
1081 5610 1152 5658 Δ’.

279 5712 334 5767 Ei
388 5708 585 5781 κυρίως
633 5707 725 5762 καὶ
775 5702 892 5758 κατ’
923 5701 1178 5770 ἀλήθειαν
1235 5698 1267 5765 ἡ
1309 5697 1370 5748 ἐκ
1429 5693 1638 5764 [ἰατρὸς
1677 5692 1772 5750 τοῦ

2485 5595 2635 5652 CAP.
2674 5591 2764 5646 Ν.

1957 5689 2010 5744 Si
2049 5689 2268 5758 Proprie
2296 5689 2442 5744 dicta
2470 5701 2530 5743 ct.-
2555 5701 2681 5742 tera
2711 5691 2802 5738 est
2823 5673 3103 5752 generatio
3137 5669 3234 5726 Dei
3291 5665 3460 5727 Verbi
