3852 6134
573 233 599 297 ι·
1747 225 2054 288 LEONTII
2100 224 2469 284 ΒΥΖΑΝΊῚΝ
2476 224 2501 283 Ι
2959 221 2970 230 ’
3629 221 3760 286 181’!

437 359 507 397 rx
536 343 720 406 Patre,
750 355 868 396 non
923 340 1144 410 proprie
1181 339 1328 393 dicta
1375 353 1429 393 et
1469 354 1597 392 vera
1651 348 1737 392 est
1786 354 1850 394 ea
1907 351 2025 407 quae

2133 331 2267 386 Θεοῦ
2306 333 2482 401 Λόγου
2509 331 2762 400 γέννησίς
2789 332 2958 398 ἐστιν,
2981 329 3042 385 οὐ
3071 331 3284 402 κυρίως
3311 331 3419 386 καὶ
3457 331 3605 383 κατ’
3637 335 3772 404 ἑλιξ-

441 433 768 504 prtedicatur
815 431 1097 502 generatio
1150 431 1244 485 Dei
1275 431 1440 484 Verbi
1484 447 1552 484 ex
1603 439 1802 493 matre,
1836 437 2025 498 utpote

2133 426 2280 478 θειαν
2317 427 2349 495 ή
2385 427 2448 478 ὲκ
2483 423 2742 493 γυναικὸς
2771 421 3217 495 ἐπιφημιζομὲνη
3245 421 3352 475 τοῦ
3378 422 3552 476 Θεοῦ
3583 423 3764 490 Λέγε)

444 230 599 294 ιδεθ·

438 539 562 594 qua:
591 523 769 578 amba:
799 539 908 577 non
975 521 1214 586 similes;
1237 522 1346 576 .sed
1377 521 1422 574 si
1478 520 1633 591 prius
1668 536 1879 583 verum,
1914 535 2022 573 non

439 615 819 685 posterius.—-
843 614 951 669 Sed
973 616 1022 670 si
1063 615 1339 684 propriam
1373 615 1678 668 et‘uuicam
1702 611 1890 667 dicitis
1928 627 2024 680 ge-

437 707 803 772 nerationem,
838 722 958 762 eam
984 723 1109 776 qum
1134 717 1221 762 est
1250 706 1342 761 Dei
1371 705 1536 760 Verbi
1564 703 1869 760 secundum
1889 717 2040 758 cau-~

435 813 551 854 sam
595 809 827 861 tantum,
853 807 910 853 et
939 808 1066 853 ante
1102 811 1372 868 tempora,
1399 807 1456 852 et
1480 806 1813 852 coaeternam
1852 793 2020 857 Patri,

434 888 522 942 vel
561 903 682 958 quae
713 889 1058 944 demonstrat
1087 889 1333 958 genitum
1365 889 1729 947 coexsistere,
1751 882 2051 956 gignenti,.

434 994 566 1048 ergo
587 994 707 1034 eam
733 981 1144 1050 generationem
1185 995 1308 1050 quae
1334 995 1446 1034 non
1477 986 1558 1034 est
1591 977 1724 1032 huic
1777 971 1976 1030 similis
2001 1009 2019 1040 ,

435 1081 539 1120 nec
563 1067 784 1137 proprie
811 1067 1223 1137 generationem
1273 1066 1590 1136 agnoscitis.
1623 1063 1888 1134 Superest
1923 1061 2026 1132 igi-L

437 1163 528 1209 tur
552 1164 611 1208 ut
653 1171 760 1208 non
793 1154 1072 1224 propriam
1104 1153 1412 1224 agnoscatis
1440 1151 1848 1223 generationem
1874 1149 2023 1204 Isaac

434 1263 504 1300 ex
533 1247 831 1312 Abraham,
859 1247 975 1301 sive
1004 1245 1248 1316 cujusvis
1275 1247 1417 1300 alius
1443 1244 1766 1299 bominiscx
1781 1241 2024 1312 quodam

433 1333 678 1399 homine,
715 1333 830 1388 sive
864 1333 1117 1389 animalis
1160 1349 1226 1386 ex
1254 1331 1502 1396 animali,
1552 1331 1670 1384 sive
1725 1330 1925 1400 plantat
1954 1344 2021 1384 ex

434 1425 657 1494 planta;
691 1442 800 1480 non
825 1425 971 1480 enim
1005 1425 1122 1480 haec
1169 1431 1298 1478 sunt
1321 1423 1442 1478 sine
1468 1431 1738 1491 tempore,
1771 1435 1875 1475 nec
1925 1433 2022 1473 co-

432 1524 635 1571 aeterna
671 1532 774 1586 nec
823 1515 1149 1586 simpliciter
1206 1513 1602 1570 coexsistentia.
1647 1510 2053 1582 gignentibus._

327 1659 343 1669 .
433 1609 620 1678 Neque
653 1609 798 1662 enim
835 1609 1019 1663 omnia
1059 1607 1372 1678 bujusmodi
1417 1607 1714 1676 gignuntur
1745 1619 1813 1659 eo
1856 1602 2020 1657 modo

434 1675 544 1766 quo
566 1700 709 1752 Deus
738 1699 974 1753 etPatcr
1027 1675 1263 1754 Verbum
1319 1675 1530 1766 genuit.
1569 1694 1626 1750 Si
1677 1703 1857 1750 autem
1892 1709 2021 1750 vera
2045 1675 2098 1734 Β

439 1796 603 1842 estet
633 1789 914 1858 generatio
948 1791 1095 1846 Isaac
1123 1807 1189 1845 ex
1225 1789 1520 1854 Abraham,
1550 1798 1610 1844 ut
1643 1797 1700 1844 et
1739 1805 1838 1844 vos
1888 1790 2019 1846 alibi

433 1877 670 1938 dixist‘s,
703 1890 759 1933 ct
791 1889 1117 1935 cancrorum
1153 1889 1266 1936 tum
1303 1880 1622 1935 animalium
1654 1891 1768 1936 tum
1805 1882 2020 1951 planta-

436 1985 580 2034 rum,
618 1972 933 2040 temporalis
954 1986 1078 2027 cum
1108 1973 1180 2028 sit
1203 1983 1258 2028 et
1309 1972 1586 2042 posterius
1622 1987 1744 2028 esse
1791 1971 2020 2026 demon-

432 2071 574 2116 stret
601 2065 872 2132 genitum,
907 2065 978 2118 ita
1025 2073 1111 2120 est
1141 2065 1284 2120 etde
1315 2064 1672 2135 generatione
1697 2064 1883 2118 divina
1900 2079 2024 2134 qua:

433 2154 675 2220 pertinet
703 2155 772 2207 ad
815 2155 1058 2210 inﬁnitas
1098 2166 1152 2209 et
1183 2171 1355 2224 prope
1399 2169 1592 2210 omnes
1639 2155 1882 2210 rationes
1918 2171 2023 2226 ge-

437 2243 808 2301 nerationum.
845 2246 963 2300 Non
984 2246 1150 2316 igitur
1175 2261 1238 2300 ea
1301 2255 1510 2301 tantum
1536 2245 1786 2302 eritvera
1815 2255 1869 2301 et
1890 2262 2023 2316 pro-

439 2334 557 2404 prie
586 2335 730 2390 dicta
780 2337 1081 2406 generatio,
1123 2339 1426 2392 secundum
1447 2337 1981 2408 vestrum-placitum
2005 2378 2020 2400 ,

435 2437 559 2491 quae
589 2423 658 2478 de
687 2423 872 2479 Verbo
905 2425 1234 2495 intelligitur
1275 2441 1343 2482 ex
1369 2427 1480 2481 Deo
1509 2427 1677 2481 Patre
1697 2441 1765 2481 ex
1791 2435 2018 2482 aeterno.

437 2509 494 2563 Si
524 2525 655 2581 ergo
703 2521 762 2566 et
786 2513 902 2568 haec
928 2523 986 2568 et
1025 2514 1132 2568 illas
1176 2531 1320 2569 vera:
1351 2524 1480 2569 sunt
1499 2524 1555 2570 et
1575 2515 1836 2571 dicuntur
1855 2513 2025 2587 gene-

435 2602 700 2668 rationes,
748 2603 864 2658 veri
889 2605 1062 2675 igitur
1091 2615 1145 2662 et
1183 2607 1488 2662 secundum
1535 2607 1808 2663 diversam
1854 2607 2025 2663 ratio-

435 2708 563 2748 nem
589 2694 1005 2764 generationum
1054 2695 1132 2749 illi
1167 2695 1260 2764 qui
1297 2695 1558 2752 dicuntur
1581 2698 1880 2768 gignentes.
1915 2699 2025 2769 Igi-

436 2794 528 2840 tur
548 2795 603 2841 et
628 2785 830 2840 Paulus
860 2800 962 2855 per
997 2785 1378 2858 Evangelium,
1435 2797 1491 2844 et
1517 2787 1758 2856 Spiritus
1802 2805 1901 2858 per
1923 2789 2024 2844 ba-

437 2880 720 2950 ptismum,
735 2889 791 2936 et
807 2879 1082 2936 Abraham
1095 2895 1165 2936 ex.
1179 2881 1406 2947 femore,
1429 2889 1486 2936 et
1500 2879 1705 2936 Rachel
1726 2895 1795 2934 ex
1811 2889 2036 2946 ventre,

435 2981 494 3026 et
515 2972 676 3027 Pater
695 2987 760 3026 ex
779 2974 1078 3043 semetipso
1094 2983 1150 3029 et
1165 2973 1219 3028 in
1236 2973 1533 3044 semetipso
1557 2973 1805 3044 gignens,
1832 2988 2026 3029 omnes

436 3077 566 3118 vere
588 3064 869 3134 genitores
895 3074 1024 3120 sunt
1047 3079 1104 3122 et
1139 3065 1420 3122 dicuntur.
1455 3065 1513 3120 Si
1560 3066 1728 3136 igitur
1753 3073 1810 3120 et
1837 3065 2026 3136 plures

437 3155 739 3211 secundum
765 3157 948 3228 plures
973 3174 1040 3212 ex
1064 3159 1148 3214 bis
1167 3159 1360 3213 modos
1387 3166 1572 3214 essent
1592 3157 1839 3230 ejusdem
1861 3157 2048 3214 unius.-

435 3247 719 3318 cujusdam
759 3249 1059 3318 genitores,
1091 3265 1222 3304 vere
1238 3249 1489 3316 omnium
1549 3250 1696 3305 idem
1750 3266 1898 3306 unus
1921 3251 2026 3306 erit

439 3335 602 3390 ﬁlius.
619 3336 808 3402 Quoad
832 3351 1052 3392 causam
1081 3352 1266 3406 porro,
1291 3351 1358 3390 ex
1379 3337 1570 3402 Patre;
1596 3336 1778 3406 quoad
1802 3350 2026 3404 compo-

438 3425 696 3480 sitionem
727 3441 858 3480 vero
909 3437 968 3481 et
1006 3425 1446 3496 conceptionem,
1474 3441 1542 3480 ex
1573 3424 1744 3479 Matre
1779 3424 2022 3479 Verbum

437 3515 679 3602 gepitum
715 3524 818 3572 est.
843 3515 1000 3584 Quod
1035 3517 1186 3570 enim
1269 3515 1532 3585 concipit,
1565 3531 1680 3569 non
1731 3520 1907 3568 totum
1957 3529 2025 3568 ex

441 3605 624 3677 seipso
649 3607 843 3678 gignit,
873 3616 931 3661 ut
956 3606 1164 3660 indicat
1189 3605 1366 3674 ipsum
1393 3605 1773 3675 conceptionis
1803 3618 2022 3658 nomen.

1102 3720 1256 3776 CAP.
1302 3721 1366 3776 V.

509 3810 566 3866 Si
596 3827 662 3868 ea
688 3805 971 3882 géneratio
997 3812 1162 3866 Verbi
1204 3812 1302 3866 Dei
1332 3827 1456 3881 quae
1487 3827 1616 3866 vere
1655 3815 1740 3865 est
1766 3825 1834 3866 es
1863 3809 2026 3862 Patre

438 3902 624 3958 diﬂ‘ert
661 3903 730 3958 ab
773 3918 838 3958 ea
868 3919 990 3972 quae
1041 3903 1118 3957 illi
1159 3919 1291 3958 vere
1345 3903 1666 3958 attribuitur
1707 3917 1774 3956 ex
1817 3909 2023 3966 matre,

439 4010 664 4052 necesse
693 4004 878 4052 autem
897 4007 982 4053 est
1003 3997 1271 4068 omnium!
1294 3998 1352 4052 in
1371 3997 1574 4068 quibus
1605 4005 1795 4067 partus
1815 3995 2022 4062 din‘ert,

441 4088 526 4150 his
555 4103 776 4158 quoque
797 4089 1028 4145 differre
1062 4089 1462 4158 substantiam;
1491 4105 1720 4146 necesse
1743 4100 1830 4144 est
1858 4089 2026 4160 igitur

437 4181 666 4236 omnino
694 4181 933 4236 Verbum
957 4182 1131 4236 Deum
1161 4181 1381 4236 diﬁerre
1403 4198 1433 4236 a
1455 4181 1638 4252 seipso
1659 4181 1844 4251 quoad
1892 4181 2026 4236 sub-

437 4272 717 4336 stantiam,
751 4287 818 4326 ex
847 4288 914 4327 eo
939 4273 1086 4342 quod
1135 4272 1392 4327 differant
1438 4286 1567 4326 vere
1614 4271 1764 4326 illius
1793 4287 2028 4341 genera-

2051 3021 2094 3079 C

2125 513 2400 581 γέννησις.
2432 511 2618 583 ἐπειδὴ
2671 511 2771 582 οὐχ
2825 511 3031 581 ﬁgatur
3063 510 3176 564 ἀλλ’
3221 512 3272 563 ει
3305 509 3423 580 μὲν
3463 509 3540 563 τδ
3566 513 3762 581 κρύει-.-

2127 621 2237 676 ρον,
2287 604 2387 658 οὐκ
2428 603 2535 675 ἄρα
2579 604 2643 656 τὸ
2684 603 2956 675 δεύτερον.
3003 603 3218 657 ’Λλλέί
3249 605 3493 676 κυρίως
3527 604 3637 656 καὶ
3669 606 3760 673 3:5-

2124 711 2224 764 νην
2257 690 2397 748 εἶναι
2431 693 2684 764 γέννησίν
2715 711 2850 764 φατε
2893 695 2994 763 τὴν
3026 694 3149 746 κατ’
3178 694 3376 746 αίτίαν
3406 695 3643 763 μόνην,
3673 695 3760 745 καὶ

2124 787 2354 858 ἄχρονον
2383 788 2478 840 καὶ
2509 785 2782 842 συναῖδιον
2811 787 2887 858 τῷ
2931 787 3110 858 Πατρὶ
3135 785 3235 842 τοῦ
3261 785 3414 840 θεοῦ
3472 786 3698 853 Λάγον,
3725 789 3752 855 ἦ

2129 879 2498 951 συνυπάρχειν
2547 877 2626 949 τῷ
2663 880 2926 947 γεννῶντι
2949 878 3224 931 δείκνυσιν
3251 877 3320 930 τὸ
3351 875 3755 948 γεννώμενοι,

2123 971 2223 1042 τὴν
2261 972 2360 1042 οὐχ
2395 971 2589 1040 ὁμοίαν
2641 971 2777 1043 αὐτῇ
2813 971 3086 1042 γέννησιν,
3114 971 3238 1024 οὐδὲ
3283 969 3532 1040 κυρίως
3565 971 3758 1038 γέννη-

2126 1079 2210 1115 σιν
2249 1061 2384 1116 ίστε.
2413 1061 2642 1116 Ἔσεσθε
2673 1045 2767 1116 οὖν
2791 1061 2978 1115 λοιπὸν
3015 1063 3092 1134 μὴ
3122 1062 3328 1133 κυρίαν
3365 1062 3609 1123 εἰδότες
3635 1064 3756 1128 τέν-

2124 1170 2280 1224 νησιν
2332 1153 2428 1206 τοῦ
2477 1153 2660 1210 Ἰσαὰκ
2687 1153 2750 1218 ἐξ
2795 1154 3146 1224 ’Λσραὰμ,.ή
3183 1171 3340 1217 τινος
3401 1154 3630 1224 ἑτέρω
3665 1157 3752 1206 ἐν·

2131 1242 2355 1314 θρώπου
2389 1243 2449 1311 ἐξ
2489 1243 2777 1314 ἀνθρώπου
2801 1243 2977 1310 όντος,
3008 1245 3040 1314 ἢ
3073 1243 3211 1309 ζώου
3247 1246 3319 1298 ἐκ
3353 1243 3548 1309 ζώω),
3588 1246 3624 1314 ἦ
3660 1263 3751 1310 φυ-

2123 1336 2220 1390 τοῦ
2247 1339 2310 1390 ἐκ
2340 1335 2508 1406 φυτοῦ
2530 1337 2850 1407 γινομένηνο
2877 1335 3002 1390 οὔτε
3023 1335 3134 1406 γὰρ
3157 1336 3377 1406 ἀχρονα
3410 1336 3619 1390 ταῦτα
3637 1337 3748 1390 οὐδὲ

2126 1427 2370 1481 συναῖδια
2417 1426 2537 1480 οὐδὲ
2597 1427 2787 1491 ἁπλῶς
2839 1429 2952 1489 τοῖς
2978 1427 3224 1480 τίκτουσι
3271 1427 3748 1497 συνυπάρχσνταο

2123 1516 2246 1570 οὐδὲ
2275 1517 2450 1586 πάντη
2479 1518 2641 1588 ὃμοια
2675 1519 2936 1586 γίνονται,
2967 1517 3162 1589 ῶσπερ
3189 1519 3220 1571 ό
3239 1518 3386 1581 Θεὸς
3411 1521 3532 1571 καὶ
3565 1519 3748 1590 Πατὴρ

2123 1605 2214 1658 τὸν
2249 1605 2423 1674 Λόγον
2451 1603 2763 1677 ἐγέννησεν.
2797 1607 2860 1659 Et
2883 1606 2982 1660 ’δὲ’
3021 1605 3230 1676 ἀληθής
3255 1605 3384 1658 ἐστι
3417 1606 3536 1658 καὶ
3561 1607 3602 1675 ἡ
3629 1607 3750 1672 τὲν.
3789 1602 3802 1619 ⁸

2123 1711 2279 1766 νησις
2331 1694 2424 1748 τοῦ
2489 1696 2674 1750 Ἰσαὰκ
2723 1697 2757 1766 ἡ
2799 1695 2860 1760 ἑξ
2897 1694 3168 1765 Ἀϐραὰμ,
3211 1695 3290 1758 ὼς
3334 1696 3442 1748 καὶ
3479 1694 3665 1763 ὕμεέ
3701 1696 3752 1747 ἓν

2123 1788 2331 1860 ἑτέροις
2363 1787 2576 1850 εἴπατε,
2603 1786 2828 1840 καὶτῶν
2856 1786 3062 1840 λοιπῶν
3095 1785 3251 1850 ζώων
3279 1803 3346 1839 τε
3384 1785 3500 1839 καὶ
3534 1786 3754 1855 φυτῶν,

2121 1879 2419 1950 ὕιίτόχρονός
2469 1895 2530 1932 τε
2568 1875 2703 1934 οὖσα
2754 1879 2850 1933 καὶ
2911 1879 3290 1948 μεθυπάρχειν
3345 1877 3649 1931 δεικνῦσα
3693 1878 3755 1931 τδ

2123 1973 2486 2042 γεννώμενον,
2517 1973 2613 2028 καὶ
2643 1973 2832 2036 ἁπλῶς
2865 1973 2965 2042 τῆς
2994 1973 3146 2035 θείας
3177 1972 3438 2043 φέρουσα
3475 1972 3754 2044 ἀπείροις

2123 2065 2219 2119 καὶ
2245 2067 2378 2120 πᾶσι
2404 2067 2590 2137 σχεδὸν
2619 2069 2732 2130 τοῖς
2757 2067 2935 2136 λόγοις
2969 2065 3079 2120 τῶν
3104 2069 3452 2136 γεννήσεων,
3487 2069 3610 2121 οὐκ
3643 2069 3748 2137 ἄρα

2123 2155 2278 2209 ἔσται
2309 2155 2515 2223 κυρίως
2537 2155 2793 2210 καὶκατὰ
2823 2154 3080 2226 ἀλήθειαν
3115 2153 3251 2225 μόνη
3283 2149 3434 2208 οὖσα
3471 2153 3751 2224 γέννησις

2125 2247 2245 2302 καθ’
2277 2249 2423 2317 ὑμᾶς
2455 2248 2489 2316 ή
2536 2247 2772 2300 tit-8506
2811 2246 3024 2318 [ἰατρὸς
3067 2247 3259 2310 ἀῖδίως
3303 2247 3615 2316 νοουμένη
3650 2244 3746 2298 τοῦ

2124 2335 2320 2404 Λόγου.
2373 2335 2435 2388 Ei
2467 2331 2560 2387 οὖν
2615 2335 2844 2404 κάκείνη
2894 2334 2989 2387 καὶ
3026 2328 3186 2388 αὗται
3233 2334 3476 2407 ἀληθεῖς
3531 2336 3657 2387 sic!
3689 2349 3748 2386 τε

2125 2427 2220 2478 καὶ
2267 2427 2516 2494 λέγονται
2556 2427 2858 2496 γεννήσεις,
2893 2424 3112 2495 ἀληθείς
3161 2424 3276 2494 ἄρα
3307 2425 3412 2478 καὶ
3457 2423 3624 2478 κατᾶ
3651 2425 3744 2477 τὸν

2123 2509 2379 2588 διάφορον
2408 2517 2565 2586 λόγον
2614 2515 2724 2570 τῶν
2757 2517 3067 2588 γεννήσεων
3097 2517 3148 2569 οἱ
3189 2515 3502 2586 λεγόμενοι
3536 2518 3736 2585 γεννή-

2124 2625 2300 2678 τορες.
2328 2607 2538 2662 Οὐκοῦν
2573 2607 2668 2661 καὶ
2713 2606 2924 2669 Παῦλος
2953 2606 3043 2660 διὰ
3088 2605 3184 2660 τοῦ
3222 2607 3616 2675 Εὕαγγελίου,
3644 2609 3736 2662 καὶ

2125 2697 2185 2750 τδ
2229 2697 2453 2766 Πνεῦμα
2504 2697 2595 2751 διὰ
2635 2697 2730 2751 τοῦ
2787 2696 3187 2768 βαπτίσματος,
3217 2701 3316 2752 καὶ
3365 2701 3731 2772 Ἀϐραὰμὲκ

2124 2789 2222 2858 τῆς
2257 2788 2478 2857 ὀσφύος,
2513 2788 2606 2842 καὶ
2657 2788 2858 2858 Ῥαχὴλ
2887 2789 2953 2842 ὲκ
2991 2789 3091 2859 τῆς
3119 2789 3354 2854 κοιλίας,
3405 2793 3514 2844 καὶ
3559 2793 3594 2844 ὁ
3625 2792 3730 2844 Πα-

2125 2882 2231 2952 τὴρ
2261 2879 2321 2946 ἐξ
2347 2879 2540 2934 ἑαυτοῦ
2565 2881 2660 2935 καὶ
2691 2884 2750 2934 ὲν
2781 2880 2964 2950 ἑαυτῷ
2999 2881 3228 2949 γεννῶν,
3262 2882 3477 2945 πάντες
3506 2882 3732 2954 ἀληθῶς

2126 2973 2447 3044 γεννήτορες
2476 2974 2580 3026 εἰσι
2605 2973 2700 3026 καὶ
2725 2969 2992 3042 λέγονται·
3022 2973 3180 3044 εἴπερ
3213 2969 3311 3026 οὖν
3342 2972 3452 3025 καὶ
3472 2973 3730 3036 πλείονες

2127 3059 2268 3118 κατὰ
2298 3062 2516 3126 πλείους
2557 3061 2762 3116 τούτων
2808 3063 3043 3133 τρόπους
3099 3057 3211 3114 εἷεν
3239 3060 3338 3114 τοῦ
3376 3063 3562 3115 αὑτοῦ
3611 3063 3724 3124 ἑνός

2125 3169 2270 3216 τινος
2298 3153 2652 3222 γεννήτορες,
2703 3151 2920 3223 ἀληθῶς
2967 3153 3188 3205 πάντων
3224 3153 3254 3204 ό
3293 3151 3470 3214 αὐτὸς
3496 3147 3588 3215 εἷς
3615 3152 3724 3212 alb;

2125 3245 2303 3302 ἔσται.
2329 3243 2466 3297 Κατ’
2494 3244 2674 3298 αἰτίαν
2699 3244 2807 3314 ἄρα
2843 3245 2909 3297 ὲκ
2933 3242 3166 3313 Πατρὸς,
3195 3243 3338 3296 κατὰ
3370 3244 3436 3297 δὲ
3471 3244 3724 3297 caveam

2126 3335 2222 3389 καὶ
2261 3334 2524 3404 σύλληψιν
2549 3335 2614 3388 ὲκ
2644 3333 2849 3405 μητρὸς
2875 3335 2905 3388 ὁ
2929 3333 3104 3401 Λόγος
3130 3333 3490 3402 γεγέννηται·
3517 3335 3588 3387 τὸ
3619 3334 3720 3402 γὰρ

2127 3426 2390 3481 συλλασὸν
2421 3427 2588 3492 ἅπαξ,
2619 3428 2680 3480 οὐ
2721 3427 2783 3479 τὸ
2820 3425 2943 3479 ὅλον
2989 3425 3050 3492 ὲξ
3077 3425 3244 3480 αὑτοῦ
3287 3426 3495 3494 τίκτει,
3523 3427 3606 3490 ὡς
3631 3427 3728 3496 εις·-

2125 3517 2210 3572 λοῖ
2240 3519 2334 3570 καὶ
2351 3517 2416 3571 τὸ
2455 3516 2554 3587 τῆς
2577 3517 2798 3588 λήψεως
2819 3516 3016 3588 ὄνομα.

2739 3719 2992 3772 ΚΕΦΛΛ.
3025 3717 3102 3770 E'.

2199 3810 2261 3862 El
2311 3809 2344 3878 ή
2393 3809 2649 3880 γέννησις
2695 3809 2788 3864 τοῦ
2828 3808 2966 3863 Θεοῦ
2991 3809 3178 3877 ,Λόγου
3219 3808 3283 3861 ἐκ
3314 3807 3539 3878 Πατρός
3579 3810 3718 3864 κατὰ

2128 3899 2388 3968 ἀλήθειαν
2439 3898 2576 3954 οῦσα
2633 3901 3015 3972 παρήλλακται
3069 3903 3172 3969 τῆς
3225 3899 3717 3972 ἐπιφημιζομὲνης

2128 3991 2291 4045 αὑτοῦ
2326 3993 2470 4046 κατὰ
2497 3993 2758 4064 ἀλήθειαν
2789 3994 2854 4046 ἐκ
2882 3991 3143 4062 γυναικὸς
3165 4031 3180 4056 ,
3229 3991 3449 4061 ἀνάγκη
3478 3990 3538 4044 δὲ
3570 3993 3714 4046 πᾶσα

2127 4077 2204 4137 ὧν
2252 4085 2280 4137 ό
2322 4084 2484 4147 τόκος
2523 4086 2552 4138 ό
2585 4083 2730 4137 κατὰ
2757 4083 3019 4153 ἀλήθειαν
3048 4082 3466 4154 παρήλλακται,
3503 4083 3712 4136 τούτων

2128 4176 2224 4229 καὶ
2274 4175 2376 4246 τὴν
2427 4175 2618 4230 οὐσίαν
2665 4175 3084 4246 παρηλλάχθαι,
3143 4175 3360 4245 ἀνάγκη
3407 4175 3518 4246 ἄρα
3565 4179 3714 4232 πᾶσι

2132 4265 2532 4336 παραλλάττειν
2591 4266 2684 4320 τδν
2734 4267 2868 4320 Θεὸν
2914 4267 3088 4335 Λόγον
3134 4266 3300 4320 αὐτὸν
3349 4267 3552 4320 ἑαυτοῦ
3599 4270 3710 4322 κατ’

442 4362 608 4418 tionis
636 4362 817 4416 modi.
841 4363 897 4416 Si
922 4372 1106 4418 autem
1135 4379 1165 4416 a
1190 4362 1372 4432 seipso
1397 4361 1586 4416 dilfert
1615 4362 1760 4416 Deus
1787 4361 2025 4416 Verbum

2133 4359 2340 4423 οὐσίαν,
2374 4359 2462 4413 διὰ
2486 4359 2547 4412 τὸ
2576 4359 2960 4432 παρηλλάχθαι
2993 4360 3080 4412 ἐπ’
3105 4357 3274 4413 αὑτοῦ
3301 4361 3432 4422 τοὺς
3454 4362 3706 4423 τοκετοὺς

439 4453 622 4522 quoad
651 4453 1042 4516 substantiam,
1092 4454 1228 4506 uulli
1262 4469 1394 4523 ergo
1419 4454 1526 4508 erit
1557 4453 1740 4522 quoad
1764 4453 2025 4509 substan-

442 4541 571 4595 tiam
603 4541 821 4605 similis,
872 4557 1055 4610 neque
1102 4541 1250 4595 Patri
1297 4542 1528 4609 scilicet,
1565 4558 1746 4612 neque
1795 4543 2026 4614 Spiritui

439 4642 628 4688 sancto
655 4651 668 4686 :
703 4632 855 4702 quod
887 4633 1031 4688 tollit
1057 4632 1710 4690 consubstantialitatem.
1732 4667 1804 4676 —
1840 4637 2033 4693 Multis.

441 4721 928 4792 impertinentibus
979 4730 1036 4776 et
1069 4721 1369 4792 tequivocis
1419 4721 1762 4792 argumentis
1785 4729 2028 4778 vestram

441 4811 780 4882 impietatem
838 4813 1154 4880 sustinetis;
1200 4821 1259 4869 et
1287 4813 1355 4868 dc
1401 4813 1732 4884 quibusnam
1788 4813 2028 4883 primum

444 4919 541 4957 vos
563 4904 883 4960 incusemus
911 4905 1262 4976 ambigimus.
1294 4905 1414 4962 Jam
1444 4905 1616 4972 cnim,
1641 4921 1766 4960 cum
1795 4905 2030 4960 diversa

443 4991 556 5044 sint
583 4994 988 5061 generationes,
1021 5010 1214 5051 omnes
1245 5003 1428 5049 tamen
1453 5009 1582 5048 vere
1613 5008 1756 5058 esse,
1783 4993 1899 5047 sive
1919 4993 2033 5048 sint

449 5081 614 5135 unius
649 5083 932 5152 cujusdam
958 5125 973 5149 ,
1001 5085 1118 5140 sive
1161 5085 1273 5139 sint
1308 5083 1552 5152 plurium
1587 5083 1786 5138 similis
1815 5082 2026 5149 formae,

447 5180 609 5226 antea
635 5189 665 5226 a
695 5174 856 5227 nobis
889 5175 1328 5230 demonstratum
1361 5173 1486 5229 fuit.
1518 5173 1588 5229 Et
1621 5188 1755 5230 ecce
1797 5190 1892 5230 vos
1925 5176 2029 5245 ipsi

449 5263 740 5318 nobiscum
773 5264 1124 5328 consentitis,
1170 5264 1409 5320 dicendo
1448 5284 1466 5316 ι
1503 5263 1708 5336 quibus
1743 5281 1875 5322 vere
1904 5282 2032 5337 par-

451 5366 538 5411 tus
569 5355 774 5422 diﬂ‘ert,
799 5374 818 5407 ι
849 5354 1004 5412 scitis
1031 5357 1180 5414 enim
1203 5366 1260 5414 et
1283 5374 1382 5414 vos
1405 5360 1516 5430 jam
1559 5357 1882 5414 diﬂ'erentes
1911 5361 2032 5428 qui-

450 5452 599 5517 dem,
631 5451 726 5507 sed
757 5467 919 5507 veros
949 5461 1130 5507 tamen
1177 5461 1368 5523 partus
1395 5455 1682 5524 quosdam.
1717 5455 1887 5510 Error
1930 5471 2032 5510 au-

452 5551 558 5597 tem
585 5553 764 5598 vester
795 5559 940 5598 nunc
967 5552 1051 5598 est
1079 5543 1226 5613 quod
1249 5544 1442 5600 dicatis
1469 5586 1482 5610 ,
1517 5561 1753 5613 quorum
1802 5561 2031 5614 genera-

451 5634 627 5690 tiones
653 5635 936 5700 diﬂ'erunt,
976 5652 1167 5692 eorum
1197 5636 1418 5692 differre
1452 5646 1503 5691 et
1537 5636 1893 5693 substantias.
1925 5637 2030 5702 Qui

2129 4452 2272 4503 κατὰ
2317 4449 2596 4520 ἀλήθειαν.
2659 4450 2722 4504 Εἰ
2771 4449 2830 4503 δὲ
2877 4450 3040 4512 αὐτὸς
3089 4449 3285 4503 ἑαυτοῦ
3325 4449 3702 4521 παρήλλακται

2127 4542 2156 4594 ὁ
2185 4539 2320 4605 Θεδς
2351 4541 2524 4610 Λόγος
2571 4540 2694 4594 κατ’
2728 4540 2940 4606 οὐσίαν,
2977 4541 3154 4594 οὐδενὶ
3184 4540 3338 4594 ἔσται
3368 4542 3495 4593 κατ’
3519 4542 3700 4594 οὐσίαν

2109 4633 2352 4703 ’ὃμοιος,
2409 4633 2530 4688 οὐδὲ
2577 4632 2656 4704 τῷ
2705 4634 2884 4704 natth
2931 4634 3038 4702 ἄρα
3080 4635 3174 4687 καλ⁵
3215 4633 3292 4702 τῷ
3321 4633 3606 4704 Πνεῦματι
3631 4633 3698 4702 τῷ

2130 4724 2270 4795 ἁγίῳ
2293 4763 2308 4790 ,
2363 4725 2504 4794 ὅπερ
2547 4725 2765 4796 ἀναιρεῖ
2800 4726 2862 4777 τὸ
2891 4723 3196 4795 ὀμοοῦσιον.
3233 4723 3460 4786 Πολλοῖς
3486 4725 3698 4786 ἀτόποις

2130 4815 2226 4868 καὶ
2258 4815 2566 4886 ἰσορῥόποις
2593 4813 2692 4884 τὴν
2711 4814 2967 4869 ἀσέϐειαν
2995 4813 3287 4884 συνέχεσθε
3308 4831 3322 4844 ο
3355 4814 3451 4868 καὶ
3474 4815 3697 4886 ἀποροῦ-

2134 4922 2232 4978 μεν
2272 4906 2402 4976 περὶ
2433 4904 2610 4960 ποίων
2643 4905 2772 4976 ὑμῖν
2802 4907 3126 4976 πρωτίστων
3153 4904 3524 4973 ὲγκαλέσομεν
3549 4921 3565 4935 ·
3603 4905 3692 4975 ήδη

2135 4999 2234 5070 μὲν
2265 4999 2374 5070 γὰρ
2405 4999 2502 5051 καὶ
2529 4997 2803 5067 διαφόρων
2831 4998 3007 5052 οὐσῶν
3039 4999 3150 5052 τῶν
3179 4998 3514 5067 γεννήσεων,
3551 4996 3694 5065 ὅμως

2131 5087 2349 5158 ἀληθῶς
2395 5088 2581 5151 ’πιάσας⁷
2621 5084 2762 5144 εἶναι
2815 5087 2920 5142 κᾶν
2953 5087 3074 5151 ἑνός
3103 5104 3272 5150 τινος,
3311 5087 3416 5140 κᾶν
3444 5085 3696 5140 πλειόνων

2129 5179 2396 5250 ὁμοειδῶν
2441 5174 2590 5244 εἷεν,
2638 5180 3135 5250 προατιοδέδεικται
3164 5180 3318 5250 ἡμῖν.
3368 5177 3498 5231 Ἰδοὺ
3523 5177 3581 5230 δὲ
3606 5178 3696 5233 καὶ

2133 5272 2291 5340 ὑμεῖς
2323 5269 2613 5324 συνέθεσθε
2647 5273 2810 5343 ἡμῖν,
2857 5265 2991 5326 «Ὧν
3031 5274 3062 5328 ὁ
3093 5271 3234 5326 κατὰ
3263 5268 3520 5340 ἀλήθειαν
3545 5270 3696 5333 τόκος

2136 5361 2554 5434 παρήλλακται,
2577 5381 2594 5415 ι
2647 5363 2900 5430 λέγοντες
2924 5379 2938 5394 ο
2995 5363 3113 5416 ῐστε
3145 5360 3252 5433 γὰρ
3293 5361 3398 5431 ήδη
3429 5361 3520 5414 καὶ
3543 5361 3695 5430 ὑμεῖς

2138 5454 2615 5525 παραλλάττοντας
2651 5455 2751 5524 μὲν
2768 5493 2783 5520 ,
2818 5453 3042 5523 ἀληθεῖς
3067 5454 3136 5508 δὲ.
3151 5451 3292 5508 εἶναι
3315 5453 3508 5517 τόκους
3531 5455 3692 5518 τινας.

2135 5547 2342 5610 Ψεῦδος
2374 5547 2431 5600 δὲ
2465 5548 2561 5600 καὶ
2603 5546 2664 5600 τὸ
2705 5545 2798 5600 νῦν
2837 5546 3128 5618 λεγόμενον
3159 5549 3290 5618 ὑμῖν
3316 5548 3486 5612 ἔστιν,
3518 5547 3598 5602 ὅτι
3623 5539 3692 5600 ὧν

2140 5640 2193 5692 αἱ
2225 5640 2506 5708 γεννήσεις
2550 5637 2830 5709 διάφοροι,
2874 5639 3081 5694 τούτων
3117 5639 3210 5694 καὶ
3245 5639 3300 5694 αἱ
3330 5638 3528 5694 οὐσίαι.
3559 5638 3691 5694 οἵτε
