  <div class='ocr_page' id='page_1' title='image "/cluster/home/n/w/nwhite01/storage/ocr_20150623/86 pt.1/mdp.39015028803867/838.png"; bbox 0 0 3858 6156; ppageno 0'>
   <div class='ocr_carea' id='block_1_1' title="bbox 93 288 3452 370">
    <p class='ocr_par' dir='ltr' id='par_1_1' title="bbox 93 288 3452 370">
     <span class='ocr_line' id='line_1_1' title="bbox 93 288 3452 370; baseline 0.004 -16"><span class='ocrx_word' id='word_1_1' title='bbox 93 288 280 358; x_wconf 74' lang='grc'><strong>1661</strong></span> <span class='ocrx_word' id='word_1_2' title='bbox 1133 297 1533 360; x_wconf 82' lang='lat' dir='ltr'><strong>ADVERSUS</strong></span> <span class='ocrx_word' id='word_1_3' title='bbox 1573 299 2192 362; x_wconf 82' lang='lat' dir='ltr'><strong>NESTORIANOS.-</strong></span> <span class='ocrx_word' id='word_1_4' title='bbox 2223 303 2369 362; x_wconf 79' lang='lat' dir='ltr'><strong>LIB.</strong></span> <span class='ocrx_word' id='word_1_5' title='bbox 2413 305 2512 365; x_wconf 78' lang='grc' dir='ltr'>ιν.</span> <span class='ocrx_word' id='word_1_6' title='bbox 3305 304 3452 370; x_wconf 67' lang='lat'><strong>1662</strong></span> 
     </span>
    </p>
   </div>
   <div class='ocr_carea' id='block_1_2' title="bbox 91 405 1726 483">
    <p class='ocr_par' dir='ltr' id='par_1_2' title="bbox 91 405 1726 478">
     <span class='ocr_line' id='line_1_2' title="bbox 91 405 1726 478; baseline 0.001 -19"><span class='ocrx_word' id='word_1_7' title='bbox 91 406 244 477; x_wconf 76' lang='grc' dir='ltr'><strong>γὰρ</strong></span> <span class='ocrx_word' id='word_1_8' title='bbox 313 405 540 459; x_wconf 78' lang='grc' dir='ltr'><strong>Παῦλον</strong></span> <span class='ocrx_word' id='word_1_9' title='bbox 587 407 800 478; x_wconf 77' lang='grc' dir='ltr'><strong>πατέρα</strong></span> <span class='ocrx_word' id='word_1_10' title='bbox 845 407 1276 478; x_wconf 75' lang='grc' dir='ltr'><strong>ἐπιγραφόμενοι</strong></span> <span class='ocrx_word' id='word_1_11' title='bbox 1319 408 1409 461; x_wconf 69' lang='grc' dir='ltr'>διὰ</span> <span class='ocrx_word' id='word_1_12' title='bbox 1446 407 1540 460; x_wconf 83' lang='grc' dir='ltr'>τοῦ</span> <span class='ocrx_word' id='word_1_13' title='bbox 1574 409 1726 476; x_wconf 73' lang='grc' dir='ltr'>Εὑαγ·</span> 
     </span>
    </p>
   </div>
   <div class='ocr_carea' id='block_1_3' title="bbox 1838 405 3442 483">
    <p class='ocr_par' dir='ltr' id='par_1_3' title="bbox 1851 409 3442 483">
     <span class='ocr_line' id='line_1_3' title="bbox 1851 409 3442 483; baseline 0.006 -21"><span class='ocrx_word' id='word_1_14' title='bbox 1851 409 1998 463; x_wconf 89' lang='lat' dir='ltr'><strong>enim</strong></span> <span class='ocrx_word' id='word_1_15' title='bbox 2027 422 2332 479; x_wconf 80' lang='lat' dir='ltr'><strong>agnoscunt</strong></span> <span class='ocrx_word' id='word_1_16' title='bbox 2363 411 2591 465; x_wconf 85' lang='lat' dir='ltr'><strong>Paulum</strong></span> <span class='ocrx_word' id='word_1_17' title='bbox 2626 422 2866 482; x_wconf 90' lang='lat' dir='ltr'><strong>patrem;</strong></span> <span class='ocrx_word' id='word_1_18' title='bbox 2901 412 2994 482; x_wconf 85' lang='lat' dir='ltr'><strong>qui</strong></span> <span class='ocrx_word' id='word_1_19' title='bbox 3023 413 3205 467; x_wconf 85' lang='lat' dir='ltr'><strong>carnis</strong></span> <span class='ocrx_word' id='word_1_20' title='bbox 3227 422 3442 483; x_wconf 66' lang='lat' dir='ltr'><strong>patres;</strong></span> 
     </span>
    </p>
   </div>
   <div class='ocr_carea' id='block_1_4' title="bbox 95 498 1726 572">
    <p class='ocr_par' dir='ltr' id='par_1_4' title="bbox 95 498 1724 568">
     <span class='ocr_line' id='line_1_4' title="bbox 95 498 1724 568; baseline 0.001 -18"><span class='ocrx_word' id='word_1_21' title='bbox 95 498 372 564; x_wconf 76' lang='grc' dir='ltr'>γελίου,</span> <span class='ocrx_word' id='word_1_22' title='bbox 417 499 559 552; x_wconf 77' lang='grc' dir='ltr'>οἵτε</span> <span class='ocrx_word' id='word_1_23' title='bbox 613 501 740 561; x_wconf 74' lang='grc' dir='ltr'>τοὺς</span> <span class='ocrx_word' id='word_1_24' title='bbox 782 499 881 568; x_wconf 82' lang='grc' dir='ltr'><strong>τῆς</strong></span> <span class='ocrx_word' id='word_1_25' title='bbox 921 498 1125 568; x_wconf 84' lang='grc' dir='ltr'>σαρκὸς</span> <span class='ocrx_word' id='word_1_26' title='bbox 1165 499 1444 568; x_wconf 77' lang='grc' dir='ltr'><strong>πατέρας,</strong></span> <span class='ocrx_word' id='word_1_27' title='bbox 1489 498 1632 552; x_wconf 79' lang='grc' dir='ltr'>οἵτε</span> <span class='ocrx_word' id='word_1_28' title='bbox 1663 499 1724 552; x_wconf 84' lang='grc' dir='ltr'><strong>τὸ</strong></span> 
     </span>
    </p>
   </div>
   <div class='ocr_carea' id='block_1_5' title="bbox 1838 498 3440 572">
    <p class='ocr_par' dir='ltr' id='par_1_5' title="bbox 1857 500 3440 572">
     <span class='ocr_line' id='line_1_5' title="bbox 1857 500 3440 572; baseline 0.004 -18"><span class='ocrx_word' id='word_1_29' title='bbox 1857 500 1954 570; x_wconf 82' lang='lat' dir='ltr'><strong>qui</strong></span> <span class='ocrx_word' id='word_1_30' title='bbox 2006 509 2220 570; x_wconf 88' lang='lat' dir='ltr'><strong>patrem</strong></span> <span class='ocrx_word' id='word_1_31' title='bbox 2267 502 2600 572; x_wconf 76' lang='lat' dir='ltr'><strong>spirituum,</strong></span> <span class='ocrx_word' id='word_1_32' title='bbox 2656 504 2752 572; x_wconf 87' lang='lat' dir='ltr'><strong>qui</strong></span> <span class='ocrx_word' id='word_1_33' title='bbox 2787 503 3054 559; x_wconf 89' lang='lat' dir='ltr'><strong>dicuntur</strong></span> <span class='ocrx_word' id='word_1_34' title='bbox 3107 522 3175 561; x_wconf 82' lang='lat' dir='ltr'><strong>ex</strong></span> <span class='ocrx_word' id='word_1_35' title='bbox 3218 506 3440 563; x_wconf 87' lang='lat' dir='ltr'><strong>diabolo</strong></span> 
     </span>
    </p>
   </div>
   <div class='ocr_carea' id='block_1_6' title="bbox 97 588 1726 665">
    <p class='ocr_par' dir='ltr' id='par_1_6' title="bbox 97 588 1726 661">
     <span class='ocr_line' id='line_1_6' title="bbox 97 588 1726 661; baseline 0.001 -19"><span class='ocrx_word' id='word_1_36' title='bbox 97 589 393 661; x_wconf 76' lang='grc' dir='ltr'>Πατέρα</span> <span class='ocrx_word' id='word_1_37' title='bbox 421 589 532 642; x_wconf 84' lang='grc' dir='ltr'><strong>τῶν</strong></span> <span class='ocrx_word' id='word_1_38' title='bbox 561 589 908 659; x_wconf 75' lang='grc' dir='ltr'><strong>πνευμάτων,</strong></span> <span class='ocrx_word' id='word_1_39' title='bbox 941 588 996 642; x_wconf 72' lang='grc' dir='ltr'>οἳ</span> <span class='ocrx_word' id='word_1_40' title='bbox 1021 606 1080 642; x_wconf 89' lang='grc' dir='ltr'>τε</span> <span class='ocrx_word' id='word_1_41' title='bbox 1114 592 1178 643; x_wconf 80' lang='grc' dir='ltr'>ὲκ</span> <span class='ocrx_word' id='word_1_42' title='bbox 1204 589 1299 644; x_wconf 83' lang='grc' dir='ltr'><strong>τοῦ</strong></span> <span class='ocrx_word' id='word_1_43' title='bbox 1322 590 1574 644; x_wconf 76' lang='grc' dir='ltr'>διαϐόλου</span> <span class='ocrx_word' id='word_1_44' title='bbox 1601 591 1726 660; x_wconf 84' lang='grc' dir='ltr'>λεγό</span> 
     </span>
    </p>
   </div>
   <div class='ocr_carea' id='block_1_7' title="bbox 1838 588 3442 665">
    <p class='ocr_par' dir='ltr' id='par_1_7' title="bbox 1852 591 3442 665">
     <span class='ocr_line' id='line_1_7' title="bbox 1852 591 3442 665; baseline 0.004 -20"><span class='ocrx_word' id='word_1_45' title='bbox 1852 591 2006 657; x_wconf 85' lang='lat' dir='ltr'><strong>nati;</strong></span> <span class='ocrx_word' id='word_1_46' title='bbox 2059 594 2266 662; x_wconf 84' lang='lat' dir='ltr'><strong>quique</strong></span> <span class='ocrx_word' id='word_1_47' title='bbox 2320 609 2389 648; x_wconf 86' lang='lat' dir='ltr'><strong>ex</strong></span> <span class='ocrx_word' id='word_1_48' title='bbox 2450 593 2674 665; x_wconf 85' lang='lat' dir='ltr'><strong>viperis,</strong></span> <span class='ocrx_word' id='word_1_49' title='bbox 2726 594 2783 648; x_wconf 89' lang='lat' dir='ltr'><strong>hi</strong></span> <span class='ocrx_word' id='word_1_50' title='bbox 2813 595 3118 650; x_wconf 91' lang='lat' dir='ltr'><strong>secundum</strong></span> <span class='ocrx_word' id='word_1_51' title='bbox 3165 595 3442 652; x_wconf 81' lang='lat' dir='ltr'><strong>diversam</strong></span> 
     </span>
    </p>
   </div>
   <div class='ocr_carea' id='block_1_8' title="bbox 107 679 1726 755">
    <p class='ocr_par' dir='ltr' id='par_1_8' title="bbox 107 679 1723 753">
     <span class='ocr_line' id='line_1_8' title="bbox 107 679 1723 753; baseline 0.002 -20"><span class='ocrx_word' id='word_1_52' title='bbox 107 697 309 748; x_wconf 86' lang='grc' dir='ltr'>μενοι</span> <span class='ocrx_word' id='word_1_53' title='bbox 339 680 726 752; x_wconf 79' lang='grc' dir='ltr'>γεγεννῆσθαι,</span> <span class='ocrx_word' id='word_1_54' title='bbox 759 679 814 733; x_wconf 73' lang='grc' dir='ltr'>οἵ</span> <span class='ocrx_word' id='word_1_55' title='bbox 835 696 894 732; x_wconf 86' lang='grc' dir='ltr'><strong>τε</strong></span> <span class='ocrx_word' id='word_1_56' title='bbox 925 679 984 746; x_wconf 67' lang='grc' dir='ltr'><strong>ἐξ</strong></span> <span class='ocrx_word' id='word_1_57' title='bbox 1013 680 1256 751; x_wconf 71' lang='grc' dir='ltr'><strong>ἐχιδνῶν,</strong></span> <span class='ocrx_word' id='word_1_58' title='bbox 1289 681 1412 736; x_wconf 82' lang='grc' dir='ltr'>καθ’</span> <span class='ocrx_word' id='word_1_59' title='bbox 1436 681 1628 753; x_wconf 77' lang='grc' dir='ltr'>ἑτέραν</span> <span class='ocrx_word' id='word_1_60' title='bbox 1655 684 1723 752; x_wconf 87' lang='grc' dir='ltr'>μὲ</span> 
     </span>
    </p>
   </div>
   <div class='ocr_carea' id='block_1_9' title="bbox 1838 679 3443 755">
    <p class='ocr_par' dir='ltr' id='par_1_9' title="bbox 1856 682 3443 755">
     <span class='ocr_line' id='line_1_9' title="bbox 1856 682 3443 755; baseline 0.005 -20"><span class='ocrx_word' id='word_1_61' title='bbox 1856 682 2091 752; x_wconf 87' lang='lat' dir='ltr'><strong>quisque</strong></span> <span class='ocrx_word' id='word_1_62' title='bbox 2124 684 2538 754; x_wconf 74' lang='lat' dir='ltr'><strong>generationem</strong></span> <span class='ocrx_word' id='word_1_63' title='bbox 2565 685 2736 755; x_wconf 88' lang='lat' dir='ltr'><strong>geniti</strong></span> <span class='ocrx_word' id='word_1_64' title='bbox 2776 694 2925 749; x_wconf 87' lang='lat' dir='ltr'><strong>sunt,</strong></span> <span class='ocrx_word' id='word_1_65' title='bbox 2947 695 3004 740; x_wconf 89' lang='lat' dir='ltr'><strong>et</strong></span> <span class='ocrx_word' id='word_1_66' title='bbox 3031 696 3214 741; x_wconf 88' lang='lat' dir='ltr'><strong>tamen</strong></span> <span class='ocrx_word' id='word_1_67' title='bbox 3249 703 3443 744; x_wconf 84' lang='lat' dir='ltr'><strong>omnes</strong></span> 
     </span>
    </p>
   </div>
   <div class='ocr_carea' id='block_1_10' title="bbox 109 771 1754 844">
    <p class='ocr_par' dir='ltr' id='par_1_10' title="bbox 109 771 1754 844">
     <span class='ocr_line' id='line_1_10' title="bbox 109 771 1754 844; baseline 0.002 -20"><span class='ocrx_word' id='word_1_68' title='bbox 109 771 403 836; x_wconf 69' lang='grc' dir='ltr'>ἕκαστος</span> <span class='ocrx_word' id='word_1_69' title='bbox 454 771 709 842; x_wconf 77' lang='grc' dir='ltr'><strong>γέννησιν</strong></span> <span class='ocrx_word' id='word_1_70' title='bbox 747 771 1107 842; x_wconf 85' lang='grc' dir='ltr'>γεγέννηται,</span> <span class='ocrx_word' id='word_1_71' title='bbox 1162 774 1254 826; x_wconf 75' lang='grc' dir='ltr'>καὶ</span> <span class='ocrx_word' id='word_1_72' title='bbox 1284 773 1433 844; x_wconf 86' lang='grc' dir='ltr'>ὅμως</span> <span class='ocrx_word' id='word_1_73' title='bbox 1461 774 1560 844; x_wconf 82' lang='grc' dir='ltr'><strong>τῆς</strong></span> <span class='ocrx_word' id='word_1_74' title='bbox 1584 775 1754 844; x_wconf 81' lang='grc' dir='ltr'>αὐτῆς</span> 
     </span>
    </p>
   </div>
   <div class='ocr_carea' id='block_1_11' title="bbox 115 858 1758 932">
    <p class='ocr_par' dir='ltr' id='par_1_11' title="bbox 115 858 1758 932">
     <span class='ocr_line' id='line_1_11' title="bbox 115 858 1758 932; baseline 0.002 -19"><span class='ocrx_word' id='word_1_75' title='bbox 115 862 396 926; x_wconf 76' lang='grc' dir='ltr'>πάντες,</span> <span class='ocrx_word' id='word_1_76' title='bbox 423 862 589 932; x_wconf 78' lang='grc' dir='ltr'>ἦγουν</span> <span class='ocrx_word' id='word_1_77' title='bbox 611 861 800 928; x_wconf 80' lang='grc' dir='ltr'><strong>ὁμοίας</strong></span> <span class='ocrx_word' id='word_1_78' title='bbox 822 858 1190 932; x_wconf 81' lang='grc' dir='ltr'><strong>ἀνθρωπίνης,</strong></span> <span class='ocrx_word' id='word_1_79' title='bbox 1210 863 1349 915; x_wconf 72' lang='grc' dir='ltr'>εἰσιν</span> <span class='ocrx_word' id='word_1_80' title='bbox 1367 862 1576 926; x_wconf 79' lang='grc' dir='ltr'>οὐσίας.</span> <span class='ocrx_word' id='word_1_81' title='bbox 1595 861 1758 932; x_wconf 77' lang='grc' dir='ltr'>Τιμόο</span> 
     </span>
    </p>
   </div>
   <div class='ocr_carea' id='block_1_12' title="bbox 119 951 1752 1024">
    <p class='ocr_par' dir='ltr' id='par_1_12' title="bbox 119 951 1752 1024">
     <span class='ocr_line' id='line_1_12' title="bbox 119 951 1752 1024; baseline 0 -18"><span class='ocrx_word' id='word_1_82' title='bbox 119 952 275 1017; x_wconf 69' lang='grc' dir='ltr'>θεας</span> <span class='ocrx_word' id='word_1_83' title='bbox 309 953 374 1006; x_wconf 80' lang='grc' dir='ltr'>δὲ</span> <span class='ocrx_word' id='word_1_84' title='bbox 407 954 438 1006; x_wconf 86' lang='grc' dir='ltr'><strong>ό</strong></span> <span class='ocrx_word' id='word_1_85' title='bbox 465 951 632 1022; x_wconf 79' lang='grc' dir='ltr'>ἱερὸς,</span> <span class='ocrx_word' id='word_1_86' title='bbox 660 951 872 1006; x_wconf 83' lang='grc' dir='ltr'>Παύλου</span> <span class='ocrx_word' id='word_1_87' title='bbox 902 968 962 1005; x_wconf 87' lang='grc' dir='ltr'>τε</span> <span class='ocrx_word' id='word_1_88' title='bbox 987 951 1082 1006; x_wconf 76' lang='grc' dir='ltr'>καὶ</span> <span class='ocrx_word' id='word_1_89' title='bbox 1104 954 1310 1023; x_wconf 77' lang='grc' dir='ltr'>πατρὸς</span> <span class='ocrx_word' id='word_1_90' title='bbox 1331 953 1589 1024; x_wconf 80' lang='grc' dir='ltr'><strong>Ἕλληνος</strong></span> <span class='ocrx_word' id='word_1_91' title='bbox 1617 952 1752 1020; x_wconf 81' lang='grc' dir='ltr'>υίὸς,</span> 
     </span>
    </p>
   </div>
   <div class='ocr_carea' id='block_1_13' title="bbox 121 1039 1754 1117">
    <p class='ocr_par' dir='ltr' id='par_1_13' title="bbox 121 1039 1754 1117">
     <span class='ocr_line' id='line_1_13' title="bbox 121 1039 1754 1117; baseline -0.001 -18"><span class='ocrx_word' id='word_1_92' title='bbox 121 1044 240 1099; x_wconf 75' lang='grc' dir='ltr'>καὶ</span> <span class='ocrx_word' id='word_1_93' title='bbox 277 1039 372 1108; x_wconf 81' lang='grc' dir='ltr'><strong>εἷς</strong></span> <span class='ocrx_word' id='word_1_94' title='bbox 405 1043 481 1097; x_wconf 84' lang='grc' dir='ltr'><strong>ὢν</strong></span> <span class='ocrx_word' id='word_1_95' title='bbox 508 1042 588 1113; x_wconf 82' lang='grc' dir='ltr'><strong>τῷ</strong></span> <span class='ocrx_word' id='word_1_96' title='bbox 611 1041 850 1114; x_wconf 80' lang='grc' dir='ltr'>ἀριθμῷ,</span> <span class='ocrx_word' id='word_1_97' title='bbox 889 1042 1110 1106; x_wconf 89' lang='grc' dir='ltr'>πλείους</span> <span class='ocrx_word' id='word_1_98' title='bbox 1143 1043 1486 1117; x_wconf 68' lang='grc' dir='ltr'><strong>ἐπεγράφετο</strong></span> <span class='ocrx_word' id='word_1_99' title='bbox 1514 1044 1754 1098; x_wconf 77' lang='grc' dir='ltr'><strong>τοιούσδε</strong></span> 
     </span>
    </p>
   </div>
   <div class='ocr_carea' id='block_1_14' title="bbox 117 1129 1752 1208">
    <p class='ocr_par' dir='ltr' id='par_1_14' title="bbox 117 1129 1752 1208">
     <span class='ocr_line' id='line_1_14' title="bbox 117 1129 1752 1208; baseline 0.001 -20"><span class='ocrx_word' id='word_1_100' title='bbox 117 1136 430 1204; x_wconf 77' lang='grc' dir='ltr'><strong>πατέρας.</strong></span> <span class='ocrx_word' id='word_1_101' title='bbox 459 1133 584 1198; x_wconf 83' lang='grc' dir='ltr'>Πῶς</span> <span class='ocrx_word' id='word_1_102' title='bbox 609 1129 702 1188; x_wconf 83' lang='grc' dir='ltr'><strong>οὖν</strong></span> <span class='ocrx_word' id='word_1_103' title='bbox 725 1133 897 1188; x_wconf 81' lang='grc' dir='ltr'>ταῦτα</span> <span class='ocrx_word' id='word_1_104' title='bbox 919 1135 1258 1206; x_wconf 77' lang='grc' dir='ltr'>μαρτυρήσει</span> <span class='ocrx_word' id='word_1_105' title='bbox 1283 1137 1392 1199; x_wconf 85' lang='grc' dir='ltr'>τοῖς</span> <span class='ocrx_word' id='word_1_106' title='bbox 1414 1135 1543 1208; x_wconf 85' lang='grc' dir='ltr'>παρ’</span> <span class='ocrx_word' id='word_1_107' title='bbox 1569 1136 1752 1208; x_wconf 78' lang='grc' dir='ltr'>ύμῶνς</span> 
     </span>
    </p>
   </div>
   <div class='ocr_carea' id='block_1_15' title="bbox 118 1223 1754 1298">
    <p class='ocr_par' dir='ltr' id='par_1_15' title="bbox 118 1223 1754 1298">
     <span class='ocr_line' id='line_1_15' title="bbox 118 1223 1754 1298; baseline 0.002 -20"><span class='ocrx_word' id='word_1_108' title='bbox 118 1226 256 1280; x_wconf 75' lang='grc' dir='ltr'><strong>Καὶ</strong></span> <span class='ocrx_word' id='word_1_109' title='bbox 314 1225 496 1290; x_wconf 81' lang='grc' dir='ltr'>οὕτως</span> <span class='ocrx_word' id='word_1_110' title='bbox 543 1226 643 1294; x_wconf 82' lang='grc' dir='ltr'><strong>μὲν</strong></span> <span class='ocrx_word' id='word_1_111' title='bbox 689 1223 853 1280; x_wconf 81' lang='grc' dir='ltr'>τάδε·</span> <span class='ocrx_word' id='word_1_112' title='bbox 912 1225 1006 1279; x_wconf 81' lang='grc' dir='ltr'>τοῦ</span> <span class='ocrx_word' id='word_1_113' title='bbox 1053 1225 1112 1278; x_wconf 83' lang='grc' dir='ltr'>δὲ</span> <span class='ocrx_word' id='word_1_114' title='bbox 1160 1225 1332 1297; x_wconf 78' lang='grc' dir='ltr'>’Δδὰμ</span> <span class='ocrx_word' id='word_1_115' title='bbox 1381 1227 1612 1298; x_wconf 77' lang='grc' dir='ltr'>ἑτέρως,</span> <span class='ocrx_word' id='word_1_116' title='bbox 1657 1229 1754 1282; x_wconf 78' lang='grc' dir='ltr'>καὶ</span> 
     </span>
    </p>
   </div>
   <div class='ocr_carea' id='block_1_16' title="bbox 125 1317 1756 1391">
    <p class='ocr_par' dir='ltr' id='par_1_16' title="bbox 125 1317 1756 1391">
     <span class='ocr_line' id='line_1_16' title="bbox 125 1317 1756 1391; baseline 0.001 -19"><span class='ocrx_word' id='word_1_117' title='bbox 125 1317 297 1383; x_wconf 80' lang='grc' dir='ltr'>Εὔας</span> <span class='ocrx_word' id='word_1_118' title='bbox 352 1319 560 1391; x_wconf 75' lang='grc' dir='ltr'>ἑτέρως</span> <span class='ocrx_word' id='word_1_119' title='bbox 580 1359 596 1384; x_wconf 88' lang='grc'>,</span> <span class='ocrx_word' id='word_1_120' title='bbox 629 1319 726 1372; x_wconf 74' lang='grc' dir='ltr'>καὶ</span> <span class='ocrx_word' id='word_1_121' title='bbox 753 1317 861 1388; x_wconf 80' lang='grc' dir='ltr'><strong>Σὴθ</strong></span> <span class='ocrx_word' id='word_1_122' title='bbox 891 1317 1092 1389; x_wconf 77' lang='grc' dir='ltr'><strong>ἑτέρως</strong></span> <span class='ocrx_word' id='word_1_123' title='bbox 1118 1321 1565 1390; x_wconf 78' lang='grc' dir='ltr'><strong>γεγεννημένων,</strong></span> <span class='ocrx_word' id='word_1_124' title='bbox 1621 1321 1756 1391; x_wconf 84' lang='grc' dir='ltr'>μίαν</span> 
     </span>
    </p>
   </div>
   <div class='ocr_carea' id='block_1_17' title="bbox 125 1407 1752 1482">
    <p class='ocr_par' dir='ltr' id='par_1_17' title="bbox 125 1407 1752 1482">
     <span class='ocr_line' id='line_1_17' title="bbox 125 1407 1752 1482; baseline 0.001 -18"><span class='ocrx_word' id='word_1_125' title='bbox 125 1411 345 1474; x_wconf 77' lang='grc' dir='ltr'>αὐτοῖς</span> <span class='ocrx_word' id='word_1_126' title='bbox 394 1411 544 1480; x_wconf 79' lang='grc' dir='ltr'>ὅμως</span> <span class='ocrx_word' id='word_1_127' title='bbox 588 1407 729 1464; x_wconf 77' lang='grc' dir='ltr'>εἶναι</span> <span class='ocrx_word' id='word_1_128' title='bbox 782 1409 882 1478; x_wconf 83' lang='grc' dir='ltr'><strong>τὴν</strong></span> <span class='ocrx_word' id='word_1_129' title='bbox 921 1409 1082 1479; x_wconf 85' lang='grc' dir='ltr'>φύσιν</span> <span class='ocrx_word' id='word_1_130' title='bbox 1130 1409 1226 1463; x_wconf 75' lang='grc' dir='ltr'>καὶ</span> <span class='ocrx_word' id='word_1_131' title='bbox 1260 1410 1360 1479; x_wconf 83' lang='grc' dir='ltr'><strong>τὴν</strong></span> <span class='ocrx_word' id='word_1_132' title='bbox 1391 1411 1561 1482; x_wconf 81' lang='grc' dir='ltr'>αὐτὴν</span> <span class='ocrx_word' id='word_1_133' title='bbox 1591 1413 1752 1478; x_wconf 78' lang='grc' dir='ltr'>πᾶσι,</span> 
     </span>
    </p>
   </div>
   <div class='ocr_carea' id='block_1_18' title="bbox 121 1495 1753 1574">
    <p class='ocr_par' dir='ltr' id='par_1_18' title="bbox 121 1495 1753 1574">
     <span class='ocr_line' id='line_1_18' title="bbox 121 1495 1753 1574; baseline 0.002 -19"><span class='ocrx_word' id='word_1_134' title='bbox 121 1503 222 1566; x_wconf 77' lang='grc' dir='ltr'><strong>τίς</strong></span> <span class='ocrx_word' id='word_1_135' title='bbox 251 1503 512 1574; x_wconf 73' lang='grc' dir='ltr'>ἀντερεῖς</span> <span class='ocrx_word' id='word_1_136' title='bbox 547 1501 689 1557; x_wconf 85' lang='grc' dir='ltr'>ὥστε</span> <span class='ocrx_word' id='word_1_137' title='bbox 719 1502 840 1558; x_wconf 84' lang='grc' dir='ltr'>οὐδὲ</span> <span class='ocrx_word' id='word_1_138' title='bbox 868 1495 946 1556; x_wconf 82' lang='grc' dir='ltr'><strong>ὧν</strong></span> <span class='ocrx_word' id='word_1_139' title='bbox 971 1503 1029 1556; x_wconf 79' lang='lat' dir='ltr'><strong>ai</strong></span> <span class='ocrx_word' id='word_1_140' title='bbox 1053 1503 1336 1574; x_wconf 79' lang='grc' dir='ltr'>γεννήσεις</span> <span class='ocrx_word' id='word_1_141' title='bbox 1359 1502 1622 1573; x_wconf 85' lang='grc' dir='ltr'>διάφοροι,</span> <span class='ocrx_word' id='word_1_142' title='bbox 1657 1505 1753 1560; x_wconf 73' lang='grc' dir='ltr'>καὶ</span> 
     </span>
    </p>
   </div>
   <div class='ocr_carea' id='block_1_19' title="bbox 125 1592 1750 1666">
    <p class='ocr_par' dir='ltr' id='par_1_19' title="bbox 125 1592 1750 1666">
     <span class='ocr_line' id='line_1_19' title="bbox 125 1592 1750 1666; baseline 0.002 -20"><span class='ocrx_word' id='word_1_143' title='bbox 125 1595 194 1646; x_wconf 77' lang='grc' dir='ltr'>αἱ</span> <span class='ocrx_word' id='word_1_144' title='bbox 219 1593 442 1647; x_wconf 70' lang='grc' dir='ltr'>οὐσίαι*</span> <span class='ocrx_word' id='word_1_145' title='bbox 477 1593 654 1658; x_wconf 77' lang='grc' dir='ltr'>ἄλλως</span> <span class='ocrx_word' id='word_1_146' title='bbox 681 1611 742 1647; x_wconf 86' lang='grc' dir='ltr'><strong>τε</strong></span> <span class='ocrx_word' id='word_1_147' title='bbox 769 1595 819 1647; x_wconf 88' lang='grc' dir='ltr'><strong>εί</strong></span> <span class='ocrx_word' id='word_1_148' title='bbox 847 1593 940 1648; x_wconf 81' lang='grc' dir='ltr'><strong>ἐπ’</strong></span> <span class='ocrx_word' id='word_1_149' title='bbox 961 1594 1125 1650; x_wconf 73' lang='grc' dir='ltr'>ἄλλου</span> <span class='ocrx_word' id='word_1_150' title='bbox 1154 1592 1252 1648; x_wconf 79' lang='grc' dir='ltr'>καὶ</span> <span class='ocrx_word' id='word_1_151' title='bbox 1273 1593 1442 1660; x_wconf 71' lang='grc' dir='ltr'>ᾶλλοιι</span> <span class='ocrx_word' id='word_1_152' title='bbox 1454 1595 1750 1666; x_wconf 86' lang='grc' dir='ltr'>προσώπου</span> 
     </span>
    </p>
   </div>
   <div class='ocr_carea' id='block_1_20' title="bbox 127 1682 1744 1758">
    <p class='ocr_par' dir='ltr' id='par_1_20' title="bbox 127 1682 1744 1758">
     <span class='ocr_line' id='line_1_20' title="bbox 127 1682 1744 1758; baseline 0.004 -24"><span class='ocrx_word' id='word_1_153' title='bbox 127 1682 546 1753; x_wconf 75' lang='grc' dir='ltr'>λαμϐάνοιντο,</span> <span class='ocrx_word' id='word_1_154' title='bbox 580 1685 710 1747; x_wconf 75' lang='grc' dir='ltr'>ἴσως</span> <span class='ocrx_word' id='word_1_155' title='bbox 739 1684 976 1749; x_wconf 81' lang='grc' dir='ltr'>δείξουσι</span> <span class='ocrx_word' id='word_1_156' title='bbox 1001 1685 1062 1738; x_wconf 81' lang='grc' dir='ltr'>τὸ</span> <span class='ocrx_word' id='word_1_157' title='bbox 1094 1683 1218 1738; x_wconf 83' lang='grc' dir='ltr'>κατ’</span> <span class='ocrx_word' id='word_1_158' title='bbox 1244 1685 1433 1738; x_wconf 82' lang='grc' dir='ltr'>οὐσίαν</span> <span class='ocrx_word' id='word_1_159' title='bbox 1462 1686 1744 1758; x_wconf 64' lang='grc' dir='ltr'>διάφορον</span> 
     </span>
    </p>
   </div>
   <div class='ocr_carea' id='block_1_21' title="bbox 128 1775 1743 1849">
    <p class='ocr_par' dir='ltr' id='par_1_21' title="bbox 128 1775 1743 1849">
     <span class='ocr_line' id='line_1_21' title="bbox 128 1775 1743 1849; baseline 0.002 -21"><span class='ocrx_word' id='word_1_160' title='bbox 128 1777 237 1830; x_wconf 70' lang='grc' dir='ltr'><strong>ἐπὶ</strong></span> <span class='ocrx_word' id='word_1_161' title='bbox 293 1776 356 1830; x_wconf 68' lang='grc' dir='ltr'>δὲ</span> <span class='ocrx_word' id='word_1_162' title='bbox 409 1775 504 1830; x_wconf 80' lang='grc' dir='ltr'><strong>τοῦ</strong></span> <span class='ocrx_word' id='word_1_163' title='bbox 552 1776 719 1830; x_wconf 84' lang='grc' dir='ltr'>αὐτοῦ</span> <span class='ocrx_word' id='word_1_164' title='bbox 769 1777 1134 1847; x_wconf 83' lang='grc' dir='ltr'>ὑποκειμένου</span> <span class='ocrx_word' id='word_1_165' title='bbox 1183 1776 1279 1830; x_wconf 80' lang='grc' dir='ltr'>καὶ</span> <span class='ocrx_word' id='word_1_166' title='bbox 1316 1779 1436 1840; x_wconf 76' lang='grc' dir='ltr'>ταῖς</span> <span class='ocrx_word' id='word_1_167' title='bbox 1463 1777 1743 1849; x_wconf 81' lang='grc' dir='ltr'>διαφόροις</span> 
     </span>
    </p>
   </div>
   <div class='ocr_carea' id='block_1_22' title="bbox 129 1869 1740 1942">
    <p class='ocr_par' dir='ltr' id='par_1_22' title="bbox 129 1869 1740 1942">
     <span class='ocr_line' id='line_1_22' title="bbox 129 1869 1740 1942; baseline 0.003 -21"><span class='ocrx_word' id='word_1_168' title='bbox 129 1869 446 1939; x_wconf 85' lang='grc' dir='ltr'>γεννήσεσι</span> <span class='ocrx_word' id='word_1_169' title='bbox 477 1869 964 1940; x_wconf 85' lang='grc' dir='ltr'>κατηγορουμένου</span> <span class='ocrx_word' id='word_1_170' title='bbox 985 1910 1000 1936; x_wconf 93' lang='grc'>,</span> <span class='ocrx_word' id='word_1_171' title='bbox 1051 1869 1169 1933; x_wconf 85' lang='grc' dir='ltr'><strong>πῶς</strong></span> <span class='ocrx_word' id='word_1_172' title='bbox 1199 1870 1261 1923; x_wconf 74' lang='grc' dir='ltr'><strong>τὸ</strong></span> <span class='ocrx_word' id='word_1_173' title='bbox 1287 1870 1419 1924; x_wconf 77' lang='grc' dir='ltr'>αὐτὸ</span> <span class='ocrx_word' id='word_1_174' title='bbox 1451 1871 1740 1942; x_wconf 82' lang='grc' dir='ltr'>ἀδιάφορον</span> 
     </span>
    </p>
   </div>
   <div class='ocr_carea' id='block_1_23' title="bbox 131 1955 1741 2034">
    <p class='ocr_par' dir='ltr' id='par_1_23' title="bbox 131 1955 1741 2034">
     <span class='ocr_line' id='line_1_23' title="bbox 131 1955 1741 2034; baseline 0.004 -22"><span class='ocrx_word' id='word_1_175' title='bbox 131 1959 342 2028; x_wconf 58' lang='lat' dir='ltr'><strong>tacut;</strong></span> <span class='ocrx_word' id='word_1_176' title='bbox 399 1959 466 2014; x_wconf 89' lang='grc' dir='ltr'><strong>Τί</strong></span> <span class='ocrx_word' id='word_1_177' title='bbox 505 1955 599 2014; x_wconf 82' lang='grc' dir='ltr'>οὖν</span> <span class='ocrx_word' id='word_1_178' title='bbox 649 1959 724 2032; x_wconf 81' lang='grc' dir='ltr'>μὴ</span> <span class='ocrx_word' id='word_1_179' title='bbox 765 1959 1046 2028; x_wconf 75' lang='grc' dir='ltr'><strong>δείξαντες</strong></span> <span class='ocrx_word' id='word_1_180' title='bbox 1077 1963 1321 2034; x_wconf 85' lang='grc' dir='ltr'>πρῶτον,</span> <span class='ocrx_word' id='word_1_181' title='bbox 1364 1964 1448 2018; x_wconf 79' lang='grc' dir='ltr'><strong>ὃτι</strong></span> <span class='ocrx_word' id='word_1_182' title='bbox 1480 1964 1622 2021; x_wconf 77' lang='grc' dir='ltr'>κατὰ</span> <span class='ocrx_word' id='word_1_183' title='bbox 1645 1964 1741 2019; x_wconf 86' lang='grc' dir='ltr'><strong>δύο</strong></span> 
     </span>
    </p>
   </div>
   <div class='ocr_carea' id='block_1_24' title="bbox 134 2053 1742 2128">
    <p class='ocr_par' dir='ltr' id='par_1_24' title="bbox 134 2053 1742 2128">
     <span class='ocr_line' id='line_1_24' title="bbox 134 2053 1742 2128; baseline 0.004 -23"><span class='ocrx_word' id='word_1_184' title='bbox 134 2055 439 2123; x_wconf 80' lang='grc' dir='ltr'>γεννήσεις</span> <span class='ocrx_word' id='word_1_185' title='bbox 459 2053 769 2125; x_wconf 80' lang='grc' dir='ltr'>διαφόρους,</span> <span class='ocrx_word' id='word_1_186' title='bbox 795 2054 856 2108; x_wconf 85' lang='grc' dir='ltr'><strong>ού</strong></span> <span class='ocrx_word' id='word_1_187' title='bbox 883 2054 1110 2109; x_wconf 74' lang='grc' dir='ltr'>δυνατὸν</span> <span class='ocrx_word' id='word_1_188' title='bbox 1139 2056 1172 2128; x_wconf 75' lang='grc' dir='ltr'>ἢ</span> <span class='ocrx_word' id='word_1_189' title='bbox 1199 2057 1260 2110; x_wconf 84' lang='grc' dir='ltr'><strong>τὺ</strong></span> <span class='ocrx_word' id='word_1_190' title='bbox 1286 2057 1418 2112; x_wconf 78' lang='grc' dir='ltr'>αὐτὸ</span> <span class='ocrx_word' id='word_1_191' title='bbox 1442 2057 1500 2111; x_wconf 82' lang='grc' dir='ltr'>ἒν</span> <span class='ocrx_word' id='word_1_192' title='bbox 1521 2058 1742 2111; x_wconf 84' lang='grc' dir='ltr'>ὑποκεί-</span> 
     </span>
    </p>
   </div>
   <div class='ocr_carea' id='block_1_25' title="bbox 141 2144 1738 2218">
    <p class='ocr_par' dir='ltr' id='par_1_25' title="bbox 141 2144 1738 2218">
     <span class='ocr_line' id='line_1_25' title="bbox 141 2144 1738 2218; baseline 0.004 -22"><span class='ocrx_word' id='word_1_193' title='bbox 141 2161 314 2215; x_wconf 82' lang='grc' dir='ltr'>μενον</span> <span class='ocrx_word' id='word_1_194' title='bbox 346 2144 700 2214; x_wconf 75' lang='grc' dir='ltr'>ὑφίστασθαι,</span> <span class='ocrx_word' id='word_1_195' title='bbox 736 2145 773 2218; x_wconf 81' lang='grc' dir='ltr'>ἦ</span> <span class='ocrx_word' id='word_1_196' title='bbox 803 2163 926 2201; x_wconf 86' lang='grc' dir='ltr'>τινα</span> <span class='ocrx_word' id='word_1_197' title='bbox 951 2147 1210 2216; x_wconf 86' lang='grc' dir='ltr'>όμοούσια</span> <span class='ocrx_word' id='word_1_198' title='bbox 1239 2147 1508 2214; x_wconf 81' lang='grc' dir='ltr'>νοεῖσθαι,</span> <span class='ocrx_word' id='word_1_199' title='bbox 1550 2149 1738 2214; x_wconf 79' lang='grc' dir='ltr'>ἁπλῶς</span> 
     </span>
    </p>
   </div>
   <div class='ocr_carea' id='block_1_26' title="bbox 137 2235 1736 2312">
    <p class='ocr_par' dir='ltr' id='par_1_26' title="bbox 137 2235 1736 2312">
     <span class='ocr_line' id='line_1_26' title="bbox 137 2235 1736 2312; baseline 0.004 -23"><span class='ocrx_word' id='word_1_200' title='bbox 137 2238 208 2290; x_wconf 81' lang='grc' dir='ltr'>ὲκ</span> <span class='ocrx_word' id='word_1_201' title='bbox 240 2235 349 2305; x_wconf 80' lang='grc' dir='ltr'>τῆς</span> <span class='ocrx_word' id='word_1_202' title='bbox 379 2236 643 2308; x_wconf 80' lang='grc' dir='ltr'>διαφορᾶς</span> <span class='ocrx_word' id='word_1_203' title='bbox 674 2237 778 2308; x_wconf 73' lang='grc' dir='ltr'><strong>ήδη</strong></span> <span class='ocrx_word' id='word_1_204' title='bbox 804 2238 914 2293; x_wconf 83' lang='grc' dir='ltr'><strong>τῶν</strong></span> <span class='ocrx_word' id='word_1_205' title='bbox 939 2240 1280 2309; x_wconf 85' lang='grc' dir='ltr'>γεννήσεων,</span> <span class='ocrx_word' id='word_1_206' title='bbox 1311 2241 1569 2312; x_wconf 73' lang='grc' dir='ltr'>διάφορον</span> <span class='ocrx_word' id='word_1_207' title='bbox 1595 2237 1736 2296; x_wconf 74' lang='grc' dir='ltr'>εἶναι</span> 
     </span>
    </p>
   </div>
   <div class='ocr_carea' id='block_1_27' title="bbox 137 2326 1732 2401">
    <p class='ocr_par' dir='ltr' id='par_1_27' title="bbox 137 2326 1732 2401">
     <span class='ocr_line' id='line_1_27' title="bbox 137 2326 1732 2401; baseline 0.005 -23"><span class='ocrx_word' id='word_1_208' title='bbox 137 2327 243 2379; x_wconf 68' lang='grc' dir='ltr'>καὶ</span> <span class='ocrx_word' id='word_1_209' title='bbox 288 2326 351 2379; x_wconf 74' lang='grc' dir='ltr'>τὸ</span> <span class='ocrx_word' id='word_1_210' title='bbox 383 2326 516 2380; x_wconf 79' lang='grc' dir='ltr'>αὐτὸ</span> <span class='ocrx_word' id='word_1_211' title='bbox 561 2326 620 2380; x_wconf 73' lang='grc' dir='ltr'>ἓν</span> <span class='ocrx_word' id='word_1_212' title='bbox 655 2327 997 2399; x_wconf 86' lang='grc' dir='ltr'>γεννώμενον</span> <span class='ocrx_word' id='word_1_213' title='bbox 1035 2330 1400 2400; x_wconf 86' lang='grc' dir='ltr'>ὑποκείμενον</span> <span class='ocrx_word' id='word_1_214' title='bbox 1431 2331 1732 2401; x_wconf 83' lang='grc' dir='ltr'>συνάγετε;</span> 
     </span>
    </p>
   </div>
   <div class='ocr_carea' id='block_1_28' title="bbox 155 2417 1736 2494">
    <p class='ocr_par' dir='ltr' id='par_1_28' title="bbox 155 2417 1736 2494">
     <span class='ocr_line' id='line_1_28' title="bbox 155 2417 1736 2494; baseline 0.004 -22"><span class='ocrx_word' id='word_1_215' title='bbox 155 2418 563 2490; x_wconf 77' lang='grc' dir='ltr'>’Δντιστρόφως</span> <span class='ocrx_word' id='word_1_216' title='bbox 605 2421 715 2492; x_wconf 74' lang='grc' dir='ltr'><strong>γὰρ</strong></span> <span class='ocrx_word' id='word_1_217' title='bbox 760 2421 890 2490; x_wconf 84' lang='grc' dir='ltr'>ὑμῖν</span> <span class='ocrx_word' id='word_1_218' title='bbox 938 2421 1099 2491; x_wconf 84' lang='grc' dir='ltr'>ήμεῖς</span> <span class='ocrx_word' id='word_1_219' title='bbox 1141 2422 1415 2494; x_wconf 76' lang='grc' dir='ltr'>ἐροῦμεν,</span> <span class='ocrx_word' id='word_1_220' title='bbox 1465 2424 1548 2478; x_wconf 81' lang='grc' dir='ltr'>ὅτι</span> <span class='ocrx_word' id='word_1_221' title='bbox 1581 2426 1630 2478; x_wconf 92' lang='grc' dir='ltr'><strong>εί</strong></span> <span class='ocrx_word' id='word_1_222' title='bbox 1661 2417 1736 2480; x_wconf 80' lang='grc' dir='ltr'><strong>ὧν</strong></span> 
     </span>
    </p>
   </div>
   <div class='ocr_carea' id='block_1_29' title="bbox 141 2511 1736 2588">
    <p class='ocr_par' dir='ltr' id='par_1_29' title="bbox 141 2511 1736 2588">
     <span class='ocr_line' id='line_1_29' title="bbox 141 2511 1736 2588; baseline 0.006 -26"><span class='ocrx_word' id='word_1_223' title='bbox 141 2511 203 2562; x_wconf 82' lang='grc' dir='ltr'>αἱ</span> <span class='ocrx_word' id='word_1_224' title='bbox 249 2513 536 2581; x_wconf 86' lang='grc' dir='ltr'>γεννήσεις</span> <span class='ocrx_word' id='word_1_225' title='bbox 581 2512 870 2584; x_wconf 81' lang='grc' dir='ltr'>διάφοροι,</span> <span class='ocrx_word' id='word_1_226' title='bbox 929 2513 1024 2566; x_wconf 77' lang='grc' dir='ltr'>καὶ</span> <span class='ocrx_word' id='word_1_227' title='bbox 1067 2515 1102 2584; x_wconf 83' lang='grc' dir='ltr'><strong>ή</strong></span> <span class='ocrx_word' id='word_1_228' title='bbox 1139 2514 1298 2568; x_wconf 83' lang='grc' dir='ltr'>οὐσία</span> <span class='ocrx_word' id='word_1_229' title='bbox 1323 2515 1601 2587; x_wconf 80' lang='grc' dir='ltr'>διάφορος,</span> <span class='ocrx_word' id='word_1_230' title='bbox 1629 2517 1736 2588; x_wconf 78' lang='grc' dir='ltr'>ἄρα</span> 
     </span>
    </p>
   </div>
   <div class='ocr_carea' id='block_1_30' title="bbox 146 2593 1734 2674">
    <p class='ocr_par' dir='ltr' id='par_1_30' title="bbox 146 2593 1734 2674">
     <span class='ocr_line' id='line_1_30' title="bbox 146 2593 1734 2674; baseline 0.004 -21"><span class='ocrx_word' id='word_1_231' title='bbox 146 2601 248 2656; x_wconf 74' lang='grc' dir='ltr'>καὶ</span> <span class='ocrx_word' id='word_1_232' title='bbox 293 2593 370 2656; x_wconf 85' lang='grc' dir='ltr'><strong>ὧν</strong></span> <span class='ocrx_word' id='word_1_233' title='bbox 419 2600 714 2674; x_wconf 81' lang='grc' dir='ltr'>ἀδιάφορος</span> <span class='ocrx_word' id='word_1_234' title='bbox 759 2604 793 2673; x_wconf 93' lang='grc' dir='ltr'><strong>ή</strong></span> <span class='ocrx_word' id='word_1_235' title='bbox 833 2603 1122 2674; x_wconf 79' lang='grc' dir='ltr'>γέννησις,</span> <span class='ocrx_word' id='word_1_236' title='bbox 1158 2604 1252 2658; x_wconf 77' lang='grc' dir='ltr'>καὶ</span> <span class='ocrx_word' id='word_1_237' title='bbox 1287 2607 1345 2658; x_wconf 90' lang='grc' dir='ltr'><strong>αί</strong></span> <span class='ocrx_word' id='word_1_238' title='bbox 1374 2607 1553 2661; x_wconf 84' lang='grc' dir='ltr'>ούσίαι</span> <span class='ocrx_word' id='word_1_239' title='bbox 1577 2608 1734 2662; x_wconf 83' lang='grc' dir='ltr'>ἀδιά-</span> 
     </span>
    </p>
   </div>
   <div class='ocr_carea' id='block_1_31' title="bbox 146 2691 1735 2772">
    <p class='ocr_par' dir='ltr' id='par_1_31' title="bbox 146 2691 1735 2772">
     <span class='ocr_line' id='line_1_31' title="bbox 146 2691 1735 2772; baseline 0.006 -28"><span class='ocrx_word' id='word_1_240' title='bbox 146 2709 342 2762; x_wconf 88' lang='grc' dir='ltr'>φοροι·</span> <span class='ocrx_word' id='word_1_241' title='bbox 396 2693 592 2747; x_wconf 82' lang='grc' dir='ltr'>οὐκοῦν</span> <span class='ocrx_word' id='word_1_242' title='bbox 636 2694 936 2765; x_wconf 74' lang='grc' dir='ltr'>ὑπόχρονός</span> <span class='ocrx_word' id='word_1_243' title='bbox 968 2713 1030 2750; x_wconf 83' lang='grc' dir='ltr'><strong>τε</strong></span> <span class='ocrx_word' id='word_1_244' title='bbox 1075 2691 1211 2750; x_wconf 75' lang='grc' dir='ltr'>οὖσα</span> <span class='ocrx_word' id='word_1_245' title='bbox 1255 2699 1352 2752; x_wconf 75' lang='grc' dir='ltr'>καὶ</span> <span class='ocrx_word' id='word_1_246' title='bbox 1385 2701 1735 2772; x_wconf 80' lang='grc' dir='ltr'>σπερματικὴ</span> 
     </span>
    </p>
   </div>
   <div class='ocr_carea' id='block_1_32' title="bbox 147 2784 1733 2860">
    <p class='ocr_par' dir='ltr' id='par_1_32' title="bbox 147 2784 1733 2860">
     <span class='ocr_line' id='line_1_32' title="bbox 147 2784 1733 2860; baseline 0.006 -22"><span class='ocrx_word' id='word_1_247' title='bbox 147 2785 246 2840; x_wconf 74' lang='grc' dir='ltr'>καὶ</span> <span class='ocrx_word' id='word_1_248' title='bbox 279 2784 368 2839; x_wconf 78' lang='grc' dir='ltr'>διὰ</span> <span class='ocrx_word' id='word_1_249' title='bbox 399 2785 616 2858; x_wconf 84' lang='grc' dir='ltr'>μήτρας</span> <span class='ocrx_word' id='word_1_250' title='bbox 645 2789 740 2841; x_wconf 80' lang='grc' dir='ltr'>καὶ</span> <span class='ocrx_word' id='word_1_251' title='bbox 769 2787 973 2859; x_wconf 84' lang='grc' dir='ltr'>ὁμοίως</span> <span class='ocrx_word' id='word_1_252' title='bbox 1001 2788 1202 2860; x_wconf 68' lang='grc' dir='ltr'>ἔχουσα</span> <span class='ocrx_word' id='word_1_253' title='bbox 1226 2791 1482 2860; x_wconf 87' lang='grc' dir='ltr'>γέννησις</span> <span class='ocrx_word' id='word_1_254' title='bbox 1509 2793 1646 2848; x_wconf 69' lang='grc' dir='ltr'>ὄνων</span> <span class='ocrx_word' id='word_1_255' title='bbox 1673 2811 1733 2847; x_wconf 88' lang='grc' dir='ltr'>τε</span> 
     </span>
    </p>
   </div>
   <div class='ocr_carea' id='block_1_33' title="bbox 149 2876 1729 2953">
    <p class='ocr_par' dir='ltr' id='par_1_33' title="bbox 149 2876 1729 2953">
     <span class='ocr_line' id='line_1_33' title="bbox 149 2876 1729 2953; baseline 0.007 -25"><span class='ocrx_word' id='word_1_256' title='bbox 149 2876 246 2930; x_wconf 74' lang='grc' dir='ltr'>καὶ</span> <span class='ocrx_word' id='word_1_257' title='bbox 287 2877 468 2930; x_wconf 84' lang='grc' dir='ltr'>κυνῶν</span> <span class='ocrx_word' id='word_1_258' title='bbox 518 2879 614 2932; x_wconf 80' lang='grc' dir='ltr'>καὶ</span> <span class='ocrx_word' id='word_1_259' title='bbox 654 2878 962 2950; x_wconf 83' lang='grc' dir='ltr'>ἀνθρώπων</span> <span class='ocrx_word' id='word_1_260' title='bbox 1013 2879 1108 2934; x_wconf 83' lang='grc' dir='ltr'>καὶ</span> <span class='ocrx_word' id='word_1_261' title='bbox 1150 2880 1297 2934; x_wconf 83' lang='grc' dir='ltr'>συῶν</span> <span class='ocrx_word' id='word_1_262' title='bbox 1330 2883 1426 2936; x_wconf 80' lang='grc' dir='ltr'>καὶ</span> <span class='ocrx_word' id='word_1_263' title='bbox 1459 2881 1729 2953; x_wconf 85' lang='grc' dir='ltr'><strong>πιθήκων,</strong></span> 
     </span>
    </p>
   </div>
   <div class='ocr_carea' id='block_1_34' title="bbox 148 2967 1732 3043">
    <p class='ocr_par' dir='ltr' id='par_1_34' title="bbox 148 2967 1732 3043">
     <span class='ocr_line' id='line_1_34' title="bbox 148 2967 1732 3043; baseline 0.004 -23"><span class='ocrx_word' id='word_1_264' title='bbox 148 2967 344 3037; x_wconf 77' lang='grc' dir='ltr'>ὁμοίαν</span> <span class='ocrx_word' id='word_1_265' title='bbox 376 2967 543 3022; x_wconf 84' lang='grc' dir='ltr'>τῶνδε</span> <span class='ocrx_word' id='word_1_266' title='bbox 578 2969 880 3039; x_wconf 88' lang='grc' dir='ltr'>παρίστησι</span> <span class='ocrx_word' id='word_1_267' title='bbox 913 2969 1140 3042; x_wconf 76' lang='grc' dir='ltr'>καὶ-τὴν</span> <span class='ocrx_word' id='word_1_268' title='bbox 1169 2971 1399 3037; x_wconf 75' lang='grc' dir='ltr'>ούσίανς</span> <span class='ocrx_word' id='word_1_269' title='bbox 1449 2973 1514 3026; x_wconf 86' lang='grc' dir='ltr'>Τί</span> <span class='ocrx_word' id='word_1_270' title='bbox 1545 2973 1604 3026; x_wconf 91' lang='grc' dir='ltr'><strong>δέ</strong></span> <span class='ocrx_word' id='word_1_271' title='bbox 1641 2991 1732 3043; x_wconf 87' lang='grc' dir='ltr'><strong>μοι</strong></span> 
     </span>
    </p>
   </div>
   <div class='ocr_carea' id='block_1_35' title="bbox 1856 773 3442 842">
    <p class='ocr_par' dir='ltr' id='par_1_35' title="bbox 1856 773 3442 842">
     <span class='ocr_line' id='line_1_35' title="bbox 1856 773 3442 842; baseline 0.003 -14"><span class='ocrx_word' id='word_1_272' title='bbox 1856 773 2073 842; x_wconf 85' lang='lat' dir='ltr'><strong>similis,</strong></span> <span class='ocrx_word' id='word_1_273' title='bbox 2111 776 2366 830; x_wconf 63' lang='lat' dir='ltr'><strong>humana:</strong></span> <span class='ocrx_word' id='word_1_274' title='bbox 2387 776 2670 840; x_wconf 89' lang='lat' dir='ltr'><strong>videlicet,</strong></span> <span class='ocrx_word' id='word_1_275' title='bbox 2717 787 2846 832; x_wconf 90' lang='lat' dir='ltr'><strong>sunt</strong></span> <span class='ocrx_word' id='word_1_276' title='bbox 2877 777 3219 833; x_wconf 63' lang='lat' dir='ltr'><strong>substantias.</strong></span> <span class='ocrx_word' id='word_1_277' title='bbox 3271 780 3442 833; x_wconf 72' lang='lat' dir='ltr'><strong>Divus</strong></span> 
     </span>
    </p>
   </div>
   <div class='ocr_carea' id='block_1_36' title="bbox 1855 861 3436 938">
    <p class='ocr_par' dir='ltr' id='par_1_36' title="bbox 1855 861 3436 938">
     <span class='ocr_line' id='line_1_36' title="bbox 1855 861 3436 938; baseline 0.004 -20"><span class='ocrx_word' id='word_1_278' title='bbox 1855 861 2042 919; x_wconf 69' lang='lat' dir='ltr'><strong>au‘lem</strong></span> <span class='ocrx_word' id='word_1_279' title='bbox 2094 864 2439 930; x_wconf 86' lang='lat' dir='ltr'><strong>Timotheus,</strong></span> <span class='ocrx_word' id='word_1_280' title='bbox 2483 866 2640 921; x_wconf 87' lang='lat' dir='ltr'><strong>Pauli</strong></span> <span class='ocrx_word' id='word_1_281' title='bbox 2691 875 2748 920; x_wconf 91' lang='lat' dir='ltr'><strong>et</strong></span> <span class='ocrx_word' id='word_1_282' title='bbox 2801 869 2975 936; x_wconf 85' lang='lat' dir='ltr'><strong>patris</strong></span> <span class='ocrx_word' id='word_1_283' title='bbox 3005 869 3225 938; x_wconf 84' lang='lat' dir='ltr'><strong>gentilis</strong></span> <span class='ocrx_word' id='word_1_284' title='bbox 3265 870 3436 934; x_wconf 80' lang='lat' dir='ltr'><strong>ﬁlius,</strong></span> 
     </span>
    </p>
   </div>
   <div class='ocr_carea' id='block_1_37' title="bbox 1853 957 3436 1033">
    <p class='ocr_par' dir='ltr' id='par_1_37' title="bbox 1853 957 3436 1033">
     <span class='ocr_line' id='line_1_37' title="bbox 1853 957 3436 1033; baseline 0.004 -20"><span class='ocrx_word' id='word_1_285' title='bbox 1853 957 1988 1014; x_wconf 87' lang='lat' dir='ltr'><strong>licet.</strong></span> <span class='ocrx_word' id='word_1_286' title='bbox 2016 972 2162 1012; x_wconf 91' lang='lat' dir='ltr'><strong>unus</strong></span> <span class='ocrx_word' id='word_1_287' title='bbox 2207 973 2462 1024; x_wconf 88' lang='lat' dir='ltr'><strong>numero,</strong></span> <span class='ocrx_word' id='word_1_288' title='bbox 2509 960 2699 1028; x_wconf 87' lang='lat' dir='ltr'><strong>plures</strong></span> <span class='ocrx_word' id='word_1_289' title='bbox 2733 970 2916 1017; x_wconf 90' lang='lat' dir='ltr'><strong>tamen</strong></span> <span class='ocrx_word' id='word_1_290' title='bbox 2961 963 3063 1016; x_wconf 87' lang='lat' dir='ltr'><strong>bos</strong></span> <span class='ocrx_word' id='word_1_291' title='bbox 3102 963 3436 1033; x_wconf 80' lang='lat' dir='ltr'><strong>agnoscebat</strong></span> 
     </span>
    </p>
   </div>
   <div class='ocr_carea' id='block_1_38' title="bbox 1853 1047 3436 1118">
    <p class='ocr_par' dir='ltr' id='par_1_38' title="bbox 1853 1047 3436 1118">
     <span class='ocr_line' id='line_1_38' title="bbox 1853 1047 3436 1118; baseline 0.005 -17"><span class='ocrx_word' id='word_1_292' title='bbox 1853 1057 2061 1118; x_wconf 87' lang='lat' dir='ltr'><strong>patres.</strong></span> <span class='ocrx_word' id='word_1_293' title='bbox 2090 1047 2381 1114; x_wconf 80' lang='lat' dir='ltr'><strong>Quomodo</strong></span> <span class='ocrx_word' id='word_1_294' title='bbox 2427 1049 2595 1118; x_wconf 77' lang='lat' dir='ltr'><strong>igitur</strong></span> <span class='ocrx_word' id='word_1_295' title='bbox 2638 1050 2740 1104; x_wconf 91' lang='lat' dir='ltr'><strong>ista</strong></span> <span class='ocrx_word' id='word_1_296' title='bbox 2772 1051 3212 1108; x_wconf 81' lang='lat' dir='ltr'><strong>testiﬁcahuntur</strong></span> <span class='ocrx_word' id='word_1_297' title='bbox 3247 1053 3315 1109; x_wconf 93' lang='lat' dir='ltr'><strong>de</strong></span> <span class='ocrx_word' id='word_1_298' title='bbox 3345 1054 3436 1109; x_wconf 89' lang='lat' dir='ltr'><strong>bis</strong></span> 
     </span>
    </p>
   </div>
   <div class='ocr_carea' id='block_1_39' title="bbox 1853 1124 3434 1212">
    <p class='ocr_par' dir='ltr' id='par_1_39' title="bbox 1853 1124 3434 1212">
     <span class='ocr_line' id='line_1_39' title="bbox 1853 1124 3434 1212; baseline 0.005 -20"><span class='ocrx_word' id='word_1_299' title='bbox 1853 1155 1976 1208; x_wconf 68' lang='lat' dir='ltr'><strong>quae</strong></span> <span class='ocrx_word' id='word_1_300' title='bbox 2006 1155 2036 1194; x_wconf 95' lang='lat' dir='ltr'><strong>a</strong></span> <span class='ocrx_word' id='word_1_301' title='bbox 2061 1140 2217 1194; x_wconf 85' lang='lat' dir='ltr'><strong>vobis</strong></span> <span class='ocrx_word' id='word_1_302' title='bbox 2244 1141 2417 1195; x_wconf 86' lang='lat' dir='ltr'><strong>sunt?</strong></span> <span class='ocrx_word' id='word_1_303' title='bbox 2445 1141 2512 1196; x_wconf 87' lang='lat' dir='ltr'><strong>Et</strong></span> <span class='ocrx_word' id='word_1_304' title='bbox 2538 1141 2656 1197; x_wconf 69' lang='lat' dir='ltr'><strong>haec</strong></span> <span class='ocrx_word' id='word_1_305' title='bbox 2676 1124 2901 1212; x_wconf 80' lang='lat' dir='ltr'><strong>quidem</strong></span> <span class='ocrx_word' id='word_1_306' title='bbox 2935 1145 3040 1198; x_wconf 91' lang='lat' dir='ltr'><strong>isto</strong></span> <span class='ocrx_word' id='word_1_307' title='bbox 3059 1145 3222 1199; x_wconf 91' lang='lat' dir='ltr'><strong>modo</strong></span> <span class='ocrx_word' id='word_1_308' title='bbox 3252 1162 3264 1198; x_wconf 91' lang='lat'><strong>:</strong></span> <span class='ocrx_word' id='word_1_309' title='bbox 3293 1144 3434 1200; x_wconf 87' lang='lat' dir='ltr'><strong>Cum</strong></span> 
     </span>
    </p>
   </div>
   <div class='ocr_carea' id='block_1_40' title="bbox 1853 1230 3431 1305">
    <p class='ocr_par' dir='ltr' id='par_1_40' title="bbox 1853 1230 3431 1305">
     <span class='ocr_line' id='line_1_40' title="bbox 1853 1230 3431 1305; baseline 0.004 -21"><span class='ocrx_word' id='word_1_310' title='bbox 1853 1230 2018 1286; x_wconf 85' lang='lat' dir='ltr'><strong>aliter</strong></span> <span class='ocrx_word' id='word_1_311' title='bbox 2054 1231 2248 1297; x_wconf 86' lang='lat' dir='ltr'><strong>Adam,</strong></span> <span class='ocrx_word' id='word_1_312' title='bbox 2303 1233 2467 1287; x_wconf 88' lang='lat' dir='ltr'><strong>aliter</strong></span> <span class='ocrx_word' id='word_1_313' title='bbox 2500 1233 2648 1298; x_wconf 62' lang='lat' dir='ltr'><strong>Erae,</strong></span> <span class='ocrx_word' id='word_1_314' title='bbox 2693 1233 2855 1288; x_wconf 86' lang='lat' dir='ltr'><strong>aliter</strong></span> <span class='ocrx_word' id='word_1_315' title='bbox 2901 1233 3034 1288; x_wconf 88' lang='lat' dir='ltr'><strong>Seth</strong></span> <span class='ocrx_word' id='word_1_316' title='bbox 3079 1236 3248 1305; x_wconf 83' lang='lat' dir='ltr'><strong>geniti</strong></span> <span class='ocrx_word' id='word_1_317' title='bbox 3299 1237 3431 1302; x_wconf 90' lang='lat' dir='ltr'><strong>sint,</strong></span> 
     </span>
    </p>
   </div>
   <div class='ocr_carea' id='block_1_41' title="bbox 1854 1324 3432 1395">
    <p class='ocr_par' dir='ltr' id='par_1_41' title="bbox 1854 1324 3432 1395">
     <span class='ocr_line' id='line_1_41' title="bbox 1854 1324 3432 1395; baseline 0.004 -19"><span class='ocrx_word' id='word_1_318' title='bbox 1854 1337 2018 1376; x_wconf 90' lang='lat' dir='ltr'><strong>unam</strong></span> <span class='ocrx_word' id='word_1_319' title='bbox 2051 1331 2237 1378; x_wconf 87' lang='lat' dir='ltr'><strong>tamen</strong></span> <span class='ocrx_word' id='word_1_320' title='bbox 2267 1324 2350 1379; x_wconf 90' lang='lat' dir='ltr'><strong>eis</strong></span> <span class='ocrx_word' id='word_1_321' title='bbox 2373 1339 2496 1380; x_wconf 89' lang='lat' dir='ltr'><strong>esse</strong></span> <span class='ocrx_word' id='word_1_322' title='bbox 2528 1333 2801 1392; x_wconf 88' lang='lat' dir='ltr'><strong>naturam,</strong></span> <span class='ocrx_word' id='word_1_323' title='bbox 2830 1333 2888 1380; x_wconf 91' lang='lat' dir='ltr'><strong>et</strong></span> <span class='ocrx_word' id='word_1_324' title='bbox 2916 1325 3139 1395; x_wconf 89' lang='lat' dir='ltr'><strong>quidem</strong></span> <span class='ocrx_word' id='word_1_325' title='bbox 3162 1327 3432 1393; x_wconf 86' lang='lat' dir='ltr'><strong>eamdem,</strong></span> 
     </span>
    </p>
   </div>
   <div class='ocr_carea' id='block_1_42' title="bbox 1853 1411 3430 1484">
    <p class='ocr_par' dir='ltr' id='par_1_42' title="bbox 1853 1411 3430 1484">
     <span class='ocr_line' id='line_1_42' title="bbox 1853 1411 3430 1484; baseline 0.003 -18"><span class='ocrx_word' id='word_1_326' title='bbox 1853 1411 1978 1483; x_wconf 85' lang='lat' dir='ltr'><strong>quis</strong></span> <span class='ocrx_word' id='word_1_327' title='bbox 2003 1413 2200 1482; x_wconf 82' lang='lat' dir='ltr'><strong>neget?</strong></span> <span class='ocrx_word' id='word_1_328' title='bbox 2247 1413 2326 1468; x_wconf 87' lang='lat' dir='ltr'><strong>Ita</strong></span> <span class='ocrx_word' id='word_1_329' title='bbox 2364 1423 2424 1468; x_wconf 92' lang='lat' dir='ltr'><strong>ut</strong></span> <span class='ocrx_word' id='word_1_330' title='bbox 2473 1430 2708 1484; x_wconf 91' lang='lat' dir='ltr'><strong>quorum</strong></span> <span class='ocrx_word' id='word_1_331' title='bbox 2738 1413 3124 1484; x_wconf 82' lang='lat' dir='ltr'><strong>generationes</strong></span> <span class='ocrx_word' id='word_1_332' title='bbox 3177 1415 3430 1484; x_wconf 64' lang='lat' dir='ltr'><strong>diversas,</strong></span> 
     </span>
    </p>
   </div>
   <div class='ocr_carea' id='block_1_43' title="bbox 1852 1501 3433 1558">
    <p class='ocr_par' dir='ltr' id='par_1_43' title="bbox 1852 1501 3433 1558">
     <span class='ocr_line' id='line_1_43' title="bbox 1852 1501 3433 1558; baseline 0 -2"><span class='ocrx_word' id='word_1_333' title='bbox 1852 1517 2044 1557; x_wconf 87' lang='lat' dir='ltr'><strong>eorum</strong></span> <span class='ocrx_word' id='word_1_334' title='bbox 2085 1517 2194 1556; x_wconf 91' lang='lat' dir='ltr'><strong>non</strong></span> <span class='ocrx_word' id='word_1_335' title='bbox 2239 1502 2364 1558; x_wconf 90' lang='lat' dir='ltr'><strong>ideo</strong></span> <span class='ocrx_word' id='word_1_336' title='bbox 2404 1502 2516 1557; x_wconf 91' lang='lat' dir='ltr'><strong>sint</strong></span> <span class='ocrx_word' id='word_1_337' title='bbox 2548 1503 2870 1558; x_wconf 70' lang='lat' dir='ltr'><strong>substantiae</strong></span> <span class='ocrx_word' id='word_1_338' title='bbox 2907 1501 3161 1557; x_wconf 72' lang='lat' dir='ltr'><strong>diversae.</strong></span> <span class='ocrx_word' id='word_1_339' title='bbox 3196 1503 3433 1558; x_wconf 72' lang='lat' dir='ltr'><strong>Praeser-</strong></span> 
     </span>
    </p>
   </div>
   <div class='ocr_carea' id='block_1_44' title="bbox 1852 1593 3435 1665">
    <p class='ocr_par' dir='ltr' id='par_1_44' title="bbox 1852 1593 3435 1665">
     <span class='ocr_line' id='line_1_44' title="bbox 1852 1593 3435 1665; baseline 0.001 -18"><span class='ocrx_word' id='word_1_340' title='bbox 1852 1595 1974 1658; x_wconf 85' lang='lat' dir='ltr'><strong>tim,</strong></span> <span class='ocrx_word' id='word_1_341' title='bbox 2003 1595 2047 1649; x_wconf 92' lang='lat' dir='ltr'><strong>si</strong></span> <span class='ocrx_word' id='word_1_342' title='bbox 2071 1609 2234 1649; x_wconf 89' lang='lat' dir='ltr'><strong>unam</strong></span> <span class='ocrx_word' id='word_1_343' title='bbox 2265 1602 2322 1648; x_wconf 92' lang='lat' dir='ltr'><strong>et</strong></span> <span class='ocrx_word' id='word_1_344' title='bbox 2361 1594 2522 1648; x_wconf 87' lang='lat' dir='ltr'><strong>aliam</strong></span> <span class='ocrx_word' id='word_1_345' title='bbox 2555 1593 2749 1648; x_wconf 79' lang='lat' dir='ltr'><strong>faciem</strong></span> <span class='ocrx_word' id='word_1_346' title='bbox 2785 1595 3150 1665; x_wconf 87' lang='lat' dir='ltr'><strong>susceperint,</strong></span> <span class='ocrx_word' id='word_1_347' title='bbox 3177 1593 3318 1649; x_wconf 80' lang='lat' dir='ltr'><strong>forte</strong></span> <span class='ocrx_word' id='word_1_348' title='bbox 3349 1594 3435 1648; x_wconf 85' lang='lat' dir='ltr'><strong>in-</strong></span> 
     </span>
    </p>
   </div>
   <div class='ocr_carea' id='block_1_45' title="bbox 1851 1685 3431 1743">
    <p class='ocr_par' dir='ltr' id='par_1_45' title="bbox 1851 1685 3431 1743">
     <span class='ocr_line' id='line_1_45' title="bbox 1851 1685 3431 1743; baseline 0.001 -3"><span class='ocrx_word' id='word_1_349' title='bbox 1851 1685 2104 1742; x_wconf 86' lang='lat' dir='ltr'><strong>dicarent</strong></span> <span class='ocrx_word' id='word_1_350' title='bbox 2130 1687 2500 1742; x_wconf 72' lang='lat' dir='ltr'><strong>diﬂ‘erentiam</strong></span> <span class='ocrx_word' id='word_1_351' title='bbox 2531 1686 2676 1740; x_wconf 87' lang='lat' dir='ltr'><strong>circa</strong></span> <span class='ocrx_word' id='word_1_352' title='bbox 2704 1687 3066 1743; x_wconf 87' lang='lat' dir='ltr'><strong>substantiam</strong></span> <span class='ocrx_word' id='word_1_353' title='bbox 3104 1705 3118 1741; x_wconf 91' lang='lat'>:</span> <span class='ocrx_word' id='word_1_354' title='bbox 3151 1687 3206 1742; x_wconf 88' lang='lat' dir='ltr'><strong>in</strong></span> <span class='ocrx_word' id='word_1_355' title='bbox 3237 1687 3431 1742; x_wconf 90' lang='lat' dir='ltr'><strong>eodem</strong></span> 
     </span>
    </p>
   </div>
   <div class='ocr_carea' id='block_1_46' title="bbox 1843 1776 3432 1849">
    <p class='ocr_par' dir='ltr' id='par_1_46' title="bbox 1843 1776 3432 1849">
     <span class='ocr_line' id='line_1_46' title="bbox 1843 1776 3432 1849; baseline 0 -17"><span class='ocrx_word' id='word_1_356' title='bbox 1843 1784 2028 1832; x_wconf 90' lang='lat' dir='ltr'><strong>autem</strong></span> <span class='ocrx_word' id='word_1_357' title='bbox 2061 1777 2339 1848; x_wconf 87' lang='lat' dir='ltr'><strong>subjecto,</strong></span> <span class='ocrx_word' id='word_1_358' title='bbox 2369 1777 2540 1831; x_wconf 88' lang='lat' dir='ltr'><strong>etiam</strong></span> <span class='ocrx_word' id='word_1_359' title='bbox 2565 1776 2803 1832; x_wconf 85' lang='lat' dir='ltr'><strong>diversis</strong></span> <span class='ocrx_word' id='word_1_360' title='bbox 2829 1778 3282 1849; x_wconf 85' lang='lat' dir='ltr'><strong>generationibus</strong></span> <span class='ocrx_word' id='word_1_361' title='bbox 3328 1778 3432 1832; x_wconf 87' lang='lat' dir='ltr'><strong>do-</strong></span> 
     </span>
    </p>
   </div>
   <div class='ocr_carea' id='block_1_47' title="bbox 1840 1868 3429 1940">
    <p class='ocr_par' dir='ltr' id='par_1_47' title="bbox 1840 1868 3429 1940">
     <span class='ocr_line' id='line_1_47' title="bbox 1840 1868 3429 1940; baseline 0.002 -17"><span class='ocrx_word' id='word_1_362' title='bbox 1840 1876 1996 1936; x_wconf 91' lang='lat' dir='ltr'><strong>nato,</strong></span> <span class='ocrx_word' id='word_1_363' title='bbox 2018 1869 2299 1939; x_wconf 89' lang='lat' dir='ltr'><strong>quomodo</strong></span> <span class='ocrx_word' id='word_1_364' title='bbox 2347 1868 2494 1924; x_wconf 90' lang='lat' dir='ltr'><strong>idem</strong></span> <span class='ocrx_word' id='word_1_365' title='bbox 2550 1869 2832 1926; x_wconf 88' lang='lat' dir='ltr'><strong>diversum</strong></span> <span class='ocrx_word' id='word_1_366' title='bbox 2884 1871 3026 1925; x_wconf 80' lang='lat' dir='ltr'><strong>erit?</strong></span> <span class='ocrx_word' id='word_1_367' title='bbox 3071 1871 3258 1940; x_wconf 82' lang='lat' dir='ltr'><strong>Igitur,</strong></span> <span class='ocrx_word' id='word_1_368' title='bbox 3305 1886 3429 1926; x_wconf 89' lang='lat' dir='ltr'><strong>cum</strong></span> 
     </span>
    </p>
   </div>
   <div class='ocr_carea' id='block_1_48' title="bbox 1841 1959 3430 2030">
    <p class='ocr_par' dir='ltr' id='par_1_48' title="bbox 1841 1959 3430 2030">
     <span class='ocr_line' id='line_1_48' title="bbox 1841 1959 3430 2030; baseline 0.001 -16"><span class='ocrx_word' id='word_1_369' title='bbox 1841 1974 1956 2014; x_wconf 92' lang='lat' dir='ltr'><strong>non</strong></span> <span class='ocrx_word' id='word_1_370' title='bbox 1981 1959 2504 2015; x_wconf 87' lang='lat' dir='ltr'><strong>demonstraveritis</strong></span> <span class='ocrx_word' id='word_1_371' title='bbox 2534 1959 2670 2014; x_wconf 91' lang='lat' dir='ltr'><strong>illud</strong></span> <span class='ocrx_word' id='word_1_372' title='bbox 2700 1960 2960 2030; x_wconf 89' lang='lat' dir='ltr'><strong>primum,</strong></span> <span class='ocrx_word' id='word_1_373' title='bbox 2983 1961 3194 2014; x_wconf 90' lang='lat' dir='ltr'><strong>scilicet</strong></span> <span class='ocrx_word' id='word_1_374' title='bbox 3226 1975 3430 2015; x_wconf 90' lang='lat' dir='ltr'><strong>secun--</strong></span> 
     </span>
    </p>
   </div>
   <div class='ocr_carea' id='block_1_49' title="bbox 1839 2049 3426 2122">
    <p class='ocr_par' dir='ltr' id='par_1_49' title="bbox 1839 2049 3426 2122">
     <span class='ocr_line' id='line_1_49' title="bbox 1839 2049 3426 2122; baseline 0 -18"><span class='ocrx_word' id='word_1_375' title='bbox 1839 2049 1970 2106; x_wconf 89' lang='lat' dir='ltr'><strong>dum</strong></span> <span class='ocrx_word' id='word_1_376' title='bbox 1996 2050 2138 2105; x_wconf 87' lang='lat' dir='ltr'><strong>duas</strong></span> <span class='ocrx_word' id='word_1_377' title='bbox 2168 2051 2556 2122; x_wconf 87' lang='lat' dir='ltr'><strong>generationes</strong></span> <span class='ocrx_word' id='word_1_378' title='bbox 2577 2051 2828 2106; x_wconf 87' lang='lat' dir='ltr'><strong>diversas</strong></span> <span class='ocrx_word' id='word_1_379' title='bbox 2858 2051 2974 2106; x_wconf 82' lang='lat' dir='ltr'><strong>ﬁeri</strong></span> <span class='ocrx_word' id='word_1_380' title='bbox 3012 2067 3121 2104; x_wconf 94' lang='lat' dir='ltr'><strong>non</strong></span> <span class='ocrx_word' id='word_1_381' title='bbox 3155 2066 3316 2120; x_wconf 87' lang='lat' dir='ltr'><strong>posse</strong></span> <span class='ocrx_word' id='word_1_382' title='bbox 3339 2050 3426 2104; x_wconf 85' lang='lat' dir='ltr'><strong>vel</strong></span> 
     </span>
    </p>
   </div>
   <div class='ocr_carea' id='block_1_50' title="bbox 1841 2141 3432 2212">
    <p class='ocr_par' dir='ltr' id='par_1_50' title="bbox 1841 2141 3432 2212">
     <span class='ocr_line' id='line_1_50' title="bbox 1841 2141 3432 2212; baseline 0 -16"><span class='ocrx_word' id='word_1_383' title='bbox 1841 2152 1902 2198; x_wconf 92' lang='lat' dir='ltr'><strong>ut</strong></span> <span class='ocrx_word' id='word_1_384' title='bbox 1932 2158 2105 2198; x_wconf 90' lang='lat' dir='ltr'><strong>unum</strong></span> <span class='ocrx_word' id='word_1_385' title='bbox 2138 2151 2195 2196; x_wconf 92' lang='lat' dir='ltr'><strong>et</strong></span> <span class='ocrx_word' id='word_1_386' title='bbox 2227 2141 2373 2196; x_wconf 90' lang='lat' dir='ltr'><strong>idem</strong></span> <span class='ocrx_word' id='word_1_387' title='bbox 2396 2142 2706 2212; x_wconf 86' lang='lat' dir='ltr'><strong>subjectum</strong></span> <span class='ocrx_word' id='word_1_388' title='bbox 2748 2142 3038 2208; x_wconf 89' lang='lat' dir='ltr'><strong>subsistat,</strong></span> <span class='ocrx_word' id='word_1_389' title='bbox 3069 2142 3157 2196; x_wconf 88' lang='lat' dir='ltr'><strong>vel</strong></span> <span class='ocrx_word' id='word_1_390' title='bbox 3186 2151 3245 2196; x_wconf 91' lang='lat' dir='ltr'><strong>ut</strong></span> <span class='ocrx_word' id='word_1_391' title='bbox 3267 2141 3432 2197; x_wconf 90' lang='lat' dir='ltr'><strong>intel-</strong></span> 
     </span>
    </p>
   </div>
   <div class='ocr_carea' id='block_1_51' title="bbox 1836 2229 3430 2308">
    <p class='ocr_par' dir='ltr' id='par_1_51' title="bbox 1836 2229 3430 2308">
     <span class='ocr_line' id='line_1_51' title="bbox 1836 2229 3430 2308; baseline -0.003 -17"><span class='ocrx_word' id='word_1_392' title='bbox 1836 2237 2039 2308; x_wconf 85' lang='lat' dir='ltr'><strong>ligatur</strong></span> <span class='ocrx_word' id='word_1_393' title='bbox 2068 2235 2321 2306; x_wconf 75' lang='lat' dir='ltr'><strong>quaedam</strong></span> <span class='ocrx_word' id='word_1_394' title='bbox 2341 2234 2912 2294; x_wconf 87' lang='lat' dir='ltr'><strong>consubstantialitas.</strong></span> <span class='ocrx_word' id='word_1_395' title='bbox 2939 2233 3074 2304; x_wconf 90' lang='lat' dir='ltr'><strong>quid</strong></span> <span class='ocrx_word' id='word_1_396' title='bbox 3104 2229 3430 2303; x_wconf 86' lang='lat' dir='ltr'><strong>simpliciter</strong></span> 
     </span>
    </p>
   </div>
   <div class='ocr_carea' id='block_1_52' title="bbox 1834 2325 3428 2396">
    <p class='ocr_par' dir='ltr' id='par_1_52' title="bbox 1834 2325 3428 2396">
     <span class='ocr_line' id='line_1_52' title="bbox 1834 2325 3428 2396; baseline -0.001 -14"><span class='ocrx_word' id='word_1_397' title='bbox 1834 2343 1901 2382; x_wconf 82' lang='lat' dir='ltr'><strong>ex</strong></span> <span class='ocrx_word' id='word_1_398' title='bbox 1929 2327 2252 2382; x_wconf 84' lang='lat' dir='ltr'><strong>diversitate</strong></span> <span class='ocrx_word' id='word_1_399' title='bbox 2275 2327 2696 2396; x_wconf 88' lang='lat' dir='ltr'><strong>generationum</strong></span> <span class='ocrx_word' id='word_1_400' title='bbox 2736 2325 3021 2380; x_wconf 82' lang='lat' dir='ltr'><strong>diversum</strong></span> <span class='ocrx_word' id='word_1_401' title='bbox 3061 2341 3280 2395; x_wconf 91' lang='lat' dir='ltr'><strong>quoque</strong></span> <span class='ocrx_word' id='word_1_402' title='bbox 3305 2340 3428 2380; x_wconf 88' lang='lat' dir='ltr'><strong>esse</strong></span> 
     </span>
    </p>
   </div>
   <div class='ocr_carea' id='block_1_53' title="bbox 1837 2414 3428 2486">
    <p class='ocr_par' dir='ltr' id='par_1_53' title="bbox 1837 2414 3428 2486">
     <span class='ocr_line' id='line_1_53' title="bbox 1837 2414 3428 2486; baseline -0.003 -14"><span class='ocrx_word' id='word_1_403' title='bbox 1837 2422 2010 2472; x_wconf 82' lang='lat' dir='ltr'><strong>unum</strong></span> <span class='ocrx_word' id='word_1_404' title='bbox 2058 2416 2206 2471; x_wconf 90' lang='lat' dir='ltr'><strong>idem</strong></span> <span class='ocrx_word' id='word_1_405' title='bbox 2256 2415 2570 2486; x_wconf 78' lang='lat' dir='ltr'><strong>subiectura</strong></span> <span class='ocrx_word' id='word_1_406' title='bbox 2629 2425 2958 2486; x_wconf 83' lang='lat' dir='ltr'><strong>generatum</strong></span> <span class='ocrx_word' id='word_1_407' title='bbox 3014 2414 3331 2469; x_wconf 84' lang='lat' dir='ltr'><strong>inducitis?</strong></span> <span class='ocrx_word' id='word_1_408' title='bbox 3385 2415 3428 2468; x_wconf 88' lang='lat' dir='ltr'><strong>E</strong></span> 
     </span>
    </p>
   </div>
   <div class='ocr_carea' id='block_1_54' title="bbox 1835 2508 3430 2576">
    <p class='ocr_par' dir='ltr' id='par_1_54' title="bbox 1835 2508 3430 2576">
     <span class='ocr_line' id='line_1_54' title="bbox 1835 2508 3430 2576; baseline -0.003 -12"><span class='ocrx_word' id='word_1_409' title='bbox 1835 2518 2028 2564; x_wconf 91' lang='lat' dir='ltr'><strong>contra</strong></span> <span class='ocrx_word' id='word_1_410' title='bbox 2056 2509 2205 2563; x_wconf 90' lang='lat' dir='ltr'><strong>enim</strong></span> <span class='ocrx_word' id='word_1_411' title='bbox 2238 2524 2341 2564; x_wconf 88' lang='lat' dir='ltr'><strong>nos</strong></span> <span class='ocrx_word' id='word_1_412' title='bbox 2379 2509 2538 2563; x_wconf 86' lang='lat' dir='ltr'><strong>vobis</strong></span> <span class='ocrx_word' id='word_1_413' title='bbox 2569 2508 2844 2570; x_wconf 87' lang='lat' dir='ltr'><strong>dicemus,</strong></span> <span class='ocrx_word' id='word_1_414' title='bbox 2891 2509 2937 2562; x_wconf 92' lang='lat' dir='ltr'><strong>si</strong></span> <span class='ocrx_word' id='word_1_415' title='bbox 2979 2523 3218 2576; x_wconf 89' lang='lat' dir='ltr'><strong>quorum</strong></span> <span class='ocrx_word' id='word_1_416' title='bbox 3264 2521 3430 2576; x_wconf 83' lang='lat' dir='ltr'><strong>gene-</strong></span> 
     </span>
    </p>
   </div>
   <div class='ocr_carea' id='block_1_55' title="bbox 1835 2596 3432 2666">
    <p class='ocr_par' dir='ltr' id='par_1_55' title="bbox 1835 2596 3432 2666">
     <span class='ocr_line' id='line_1_55' title="bbox 1835 2596 3432 2666; baseline -0.003 -13"><span class='ocrx_word' id='word_1_417' title='bbox 1835 2599 2078 2654; x_wconf 90' lang='lat' dir='ltr'><strong>rationes</strong></span> <span class='ocrx_word' id='word_1_418' title='bbox 2107 2597 2394 2662; x_wconf 81' lang='lat' dir='ltr'><strong>diﬂ‘erunt,</strong></span> <span class='ocrx_word' id='word_1_419' title='bbox 2435 2613 2630 2652; x_wconf 89' lang='lat' dir='ltr'><strong>eorum</strong></span> <span class='ocrx_word' id='word_1_420' title='bbox 2673 2597 2862 2651; x_wconf 80' lang='lat' dir='ltr'><strong>diﬂ‘crt</strong></span> <span class='ocrx_word' id='word_1_421' title='bbox 2905 2612 3128 2666; x_wconf 89' lang='lat' dir='ltr'><strong>quoque</strong></span> <span class='ocrx_word' id='word_1_422' title='bbox 3177 2596 3432 2650; x_wconf 78' lang='lat' dir='ltr'><strong>substan-</strong></span> 
     </span>
    </p>
   </div>
   <div class='ocr_carea' id='block_1_56' title="bbox 1835 2687 3430 2763">
    <p class='ocr_par' dir='ltr' id='par_1_56' title="bbox 1835 2687 3430 2763">
     <span class='ocr_line' id='line_1_56' title="bbox 1835 2687 3430 2763; baseline -0.001 -19"><span class='ocrx_word' id='word_1_423' title='bbox 1835 2691 1931 2757; x_wconf 86' lang='lat' dir='ltr'><strong>tia,</strong></span> <span class='ocrx_word' id='word_1_424' title='bbox 1960 2704 2092 2763; x_wconf 81' lang='lat' dir='ltr'><strong>ergo</strong></span> <span class='ocrx_word' id='word_1_425' title='bbox 2125 2699 2180 2744; x_wconf 89' lang='lat' dir='ltr'><strong>et</strong></span> <span class='ocrx_word' id='word_1_426' title='bbox 2209 2705 2446 2760; x_wconf 85' lang='lat' dir='ltr'><strong>quorum</strong></span> <span class='ocrx_word' id='word_1_427' title='bbox 2470 2688 2758 2759; x_wconf 82' lang='lat' dir='ltr'><strong>generatio</strong></span> <span class='ocrx_word' id='word_1_428' title='bbox 2792 2703 2903 2742; x_wconf 91' lang='lat' dir='ltr'><strong>non</strong></span> <span class='ocrx_word' id='word_1_429' title='bbox 2935 2697 3019 2742; x_wconf 81' lang='lat' dir='ltr'><strong>est</strong></span> <span class='ocrx_word' id='word_1_430' title='bbox 3049 2687 3293 2751; x_wconf 87' lang='lat' dir='ltr'><strong>diversa,</strong></span> <span class='ocrx_word' id='word_1_431' title='bbox 3325 2704 3430 2743; x_wconf 86' lang='lat' dir='ltr'><strong>nec</strong></span> 
     </span>
    </p>
   </div>
   <div class='ocr_carea' id='block_1_57' title="bbox 1833 2778 3430 2848">
    <p class='ocr_par' dir='ltr' id='par_1_57' title="bbox 1833 2778 3430 2848">
     <span class='ocr_line' id='line_1_57' title="bbox 1833 2778 3430 2848; baseline -0.002 -13"><span class='ocrx_word' id='word_1_432' title='bbox 1833 2796 2030 2836; x_wconf 89' lang='lat' dir='ltr'><strong>eorum</strong></span> <span class='ocrx_word' id='word_1_433' title='bbox 2065 2795 2190 2835; x_wconf 90' lang='lat' dir='ltr'><strong>esse</strong></span> <span class='ocrx_word' id='word_1_434' title='bbox 2217 2779 2586 2834; x_wconf 87' lang='lat' dir='ltr'><strong>substantiam</strong></span> <span class='ocrx_word' id='word_1_435' title='bbox 2613 2779 2914 2832; x_wconf 86' lang='lat' dir='ltr'><strong>diversam.</strong></span> <span class='ocrx_word' id='word_1_436' title='bbox 2951 2778 3124 2848; x_wconf 84' lang='lat' dir='ltr'><strong>Igitur</strong></span> <span class='ocrx_word' id='word_1_437' title='bbox 3155 2787 3430 2848; x_wconf 87' lang='lat' dir='ltr'><strong>tempora-</strong></span> 
     </span>
    </p>
   </div>
   <div class='ocr_carea' id='block_1_58' title="bbox 1833 2871 3427 2942">
    <p class='ocr_par' dir='ltr' id='par_1_58' title="bbox 1833 2871 3427 2942">
     <span class='ocr_line' id='line_1_58' title="bbox 1833 2871 3427 2942; baseline -0.003 -12"><span class='ocrx_word' id='word_1_438' title='bbox 1833 2876 1903 2931; x_wconf 92' lang='lat' dir='ltr'><strong>lis</strong></span> <span class='ocrx_word' id='word_1_439' title='bbox 1929 2891 2056 2932; x_wconf 87' lang='lat' dir='ltr'><strong>cum</strong></span> <span class='ocrx_word' id='word_1_440' title='bbox 2096 2875 2190 2940; x_wconf 87' lang='lat' dir='ltr'><strong>sit,</strong></span> <span class='ocrx_word' id='word_1_441' title='bbox 2223 2882 2281 2929; x_wconf 91' lang='lat' dir='ltr'><strong>et</strong></span> <span class='ocrx_word' id='word_1_442' title='bbox 2313 2889 2380 2930; x_wconf 78' lang='lat' dir='ltr'><strong>cx</strong></span> <span class='ocrx_word' id='word_1_443' title='bbox 2411 2872 2646 2937; x_wconf 86' lang='lat' dir='ltr'><strong>semine,</strong></span> <span class='ocrx_word' id='word_1_444' title='bbox 2682 2880 2740 2927; x_wconf 93' lang='lat' dir='ltr'><strong>et</strong></span> <span class='ocrx_word' id='word_1_445' title='bbox 2773 2888 2872 2942; x_wconf 88' lang='lat' dir='ltr'><strong>per</strong></span> <span class='ocrx_word' id='word_1_446' title='bbox 2913 2879 3142 2926; x_wconf 88' lang='lat' dir='ltr'><strong>matrem</strong></span> <span class='ocrx_word' id='word_1_447' title='bbox 3175 2879 3233 2924; x_wconf 91' lang='lat' dir='ltr'><strong>et</strong></span> <span class='ocrx_word' id='word_1_448' title='bbox 3259 2871 3427 2925; x_wconf 88' lang='lat' dir='ltr'><strong>simili</strong></span> 
     </span>
    </p>
   </div>
   <div class='ocr_carea' id='block_1_59' title="bbox 1834 2963 3424 3036">
    <p class='ocr_par' dir='ltr' id='par_1_59' title="bbox 1834 2963 3424 3036">
     <span class='ocr_line' id='line_1_59' title="bbox 1834 2963 3424 3036; baseline -0.004 -14"><span class='ocrx_word' id='word_1_449' title='bbox 1834 2967 2023 3032; x_wconf 90' lang='lat' dir='ltr'><strong>modo,</strong></span> <span class='ocrx_word' id='word_1_450' title='bbox 2055 2965 2343 3036; x_wconf 83' lang='lat' dir='ltr'><strong>generatio</strong></span> <span class='ocrx_word' id='word_1_451' title='bbox 2374 2965 2682 3028; x_wconf 89' lang='lat' dir='ltr'><strong>asinorum,</strong></span> <span class='ocrx_word' id='word_1_452' title='bbox 2707 2971 2764 3017; x_wconf 87' lang='lat' dir='ltr'><strong>et</strong></span> <span class='ocrx_word' id='word_1_453' title='bbox 2793 2979 3016 3028; x_wconf 86' lang='lat' dir='ltr'><strong>canum,</strong></span> <span class='ocrx_word' id='word_1_454' title='bbox 3035 2973 3090 3020; x_wconf 88' lang='lat' dir='ltr'><strong>et</strong></span> <span class='ocrx_word' id='word_1_455' title='bbox 3117 2963 3424 3028; x_wconf 87' lang='lat' dir='ltr'><strong>hominum,</strong></span> 
     </span>
    </p>
   </div>
   <div class='ocr_carea' id='block_1_60' title="bbox 150 3055 1726 3138">
    <p class='ocr_par' dir='ltr' id='par_1_60' title="bbox 150 3058 1726 3132">
     <span class='ocr_line' id='line_1_60' title="bbox 150 3058 1726 3132; baseline 0.003 -21"><span class='ocrx_word' id='word_1_456' title='bbox 150 3058 353 3129; x_wconf 74' lang='grc' dir='ltr'>ἑτέρων</span> <span class='ocrx_word' id='word_1_457' title='bbox 387 3059 420 3130; x_wconf 79' lang='grc' dir='ltr'><strong>ἢ</strong></span> <span class='ocrx_word' id='word_1_458' title='bbox 456 3060 650 3130; x_wconf 78' lang='grc' dir='ltr'>ἐτέρας</span> <span class='ocrx_word' id='word_1_459' title='bbox 682 3061 842 3130; x_wconf 87' lang='grc' dir='ltr'>χρεία</span> <span class='ocrx_word' id='word_1_460' title='bbox 871 3062 1180 3130; x_wconf 74' lang='grc' dir='ltr'>γεννήσεως</span> <span class='ocrx_word' id='word_1_461' title='bbox 1213 3061 1351 3132; x_wconf 83' lang='grc' dir='ltr'>πρὸς</span> <span class='ocrx_word' id='word_1_462' title='bbox 1378 3062 1601 3129; x_wconf 79' lang='grc' dir='ltr'><strong>ἔνδειξιν</strong></span> <span class='ocrx_word' id='word_1_463' title='bbox 1635 3065 1726 3117; x_wconf 86' lang='grc' dir='ltr'><strong>τοῦ</strong></span> 
     </span>
    </p>
   </div>
   <div class='ocr_carea' id='block_1_61' title="bbox 1838 3055 3420 3138">
    <p class='ocr_par' dir='ltr' id='par_1_61' title="bbox 1838 3055 3420 3128">
     <span class='ocr_line' id='line_1_61' title="bbox 1838 3055 3420 3128; baseline -0.001 -16"><span class='ocrx_word' id='word_1_464' title='bbox 1838 3067 1892 3112; x_wconf 82' lang='grc' dir='ltr'><strong>ει</strong></span> <span class='ocrx_word' id='word_1_465' title='bbox 1921 3073 2240 3128; x_wconf 90' lang='lat' dir='ltr'><strong>porcorum,</strong></span> <span class='ocrx_word' id='word_1_466' title='bbox 2273 3063 2330 3110; x_wconf 94' lang='lat' dir='ltr'><strong>et</strong></span> <span class='ocrx_word' id='word_1_467' title='bbox 2358 3055 2668 3118; x_wconf 89' lang='lat' dir='ltr'><strong>simiarum,</strong></span> <span class='ocrx_word' id='word_1_468' title='bbox 2694 3055 2890 3110; x_wconf 87' lang='lat' dir='ltr'><strong>ideone</strong></span> <span class='ocrx_word' id='word_1_469' title='bbox 2931 3055 3168 3110; x_wconf 89' lang='lat' dir='ltr'><strong>similem</strong></span> <span class='ocrx_word' id='word_1_470' title='bbox 3223 3071 3420 3110; x_wconf 83' lang='lat' dir='ltr'><strong>eorum</strong></span> 
     </span>
    </p>
   </div>
   <div class='ocr_carea' id='block_1_62' title="bbox 151 3145 1730 3222">
    <p class='ocr_par' dir='ltr' id='par_1_62' title="bbox 151 3145 1730 3222">
     <span class='ocr_line' id='line_1_62' title="bbox 151 3145 1730 3222; baseline 0.003 -20"><span class='ocrx_word' id='word_1_471' title='bbox 151 3149 216 3202; x_wconf 75' lang='grc' dir='ltr'>ὲκ</span> <span class='ocrx_word' id='word_1_472' title='bbox 267 3149 469 3220; x_wconf 85' lang='grc' dir='ltr'>τρόπου</span> <span class='ocrx_word' id='word_1_473' title='bbox 513 3150 820 3218; x_wconf 82' lang='grc' dir='ltr'>γεννήσεως</span> <span class='ocrx_word' id='word_1_474' title='bbox 845 3187 862 3212; x_wconf 94' lang='grc'>,</span> <span class='ocrx_word' id='word_1_475' title='bbox 917 3150 1017 3218; x_wconf 79' lang='grc' dir='ltr'><strong>τὴν</strong></span> <span class='ocrx_word' id='word_1_476' title='bbox 1061 3149 1328 3221; x_wconf 78' lang='grc' dir='ltr'>διαφορὰν</span> <span class='ocrx_word' id='word_1_477' title='bbox 1365 3145 1522 3217; x_wconf 76' lang='grc' dir='ltr'>εἷναι,</span> <span class='ocrx_word' id='word_1_478' title='bbox 1564 3153 1596 3221; x_wconf 75' lang='grc' dir='ltr'>ἢ</span> <span class='ocrx_word' id='word_1_479' title='bbox 1633 3153 1730 3222; x_wconf 85' lang='grc' dir='ltr'><strong>τὴν</strong></span> 
     </span>
    </p>
   </div>
   <div class='ocr_carea' id='block_1_63' title="bbox 151 3241 1730 3314">
    <p class='ocr_par' dir='ltr' id='par_1_63' title="bbox 151 3241 1730 3314">
     <span class='ocr_line' id='line_1_63' title="bbox 151 3241 1730 3314; baseline 0 -18"><span class='ocrx_word' id='word_1_480' title='bbox 151 3243 442 3313; x_wconf 81' lang='grc' dir='ltr'>ὁμοιότητα</span> <span class='ocrx_word' id='word_1_481' title='bbox 487 3243 598 3296; x_wconf 85' lang='grc' dir='ltr'><strong>τῶν</strong></span> <span class='ocrx_word' id='word_1_482' title='bbox 635 3241 870 3309; x_wconf 86' lang='grc' dir='ltr'>ούσιῶν;</span> <span class='ocrx_word' id='word_1_483' title='bbox 908 3241 1017 3297; x_wconf 79' lang='grc' dir='ltr'>Τοῦ</span> <span class='ocrx_word' id='word_1_484' title='bbox 1047 3241 1158 3314; x_wconf 84' lang='grc' dir='ltr'>γὰρ</span> <span class='ocrx_word' id='word_1_485' title='bbox 1185 3241 1349 3296; x_wconf 82' lang='grc' dir='ltr'>αὑτοῦ</span> <span class='ocrx_word' id='word_1_486' title='bbox 1378 3242 1496 3308; x_wconf 80' lang='grc' dir='ltr'><strong>ἑνὸς</strong></span> <span class='ocrx_word' id='word_1_487' title='bbox 1517 3243 1730 3312; x_wconf 84' lang='grc' dir='ltr'>ἀνθρώ-</span> 
     </span>
    </p>
   </div>
   <div class='ocr_carea' id='block_1_64' title="bbox 152 3333 1733 3405">
    <p class='ocr_par' dir='ltr' id='par_1_64' title="bbox 152 3333 1733 3405">
     <span class='ocr_line' id='line_1_64' title="bbox 152 3333 1733 3405; baseline 0.001 -19"><span class='ocrx_word' id='word_1_488' title='bbox 152 3351 255 3402; x_wconf 84' lang='grc' dir='ltr'><strong>που</strong></span> <span class='ocrx_word' id='word_1_489' title='bbox 279 3374 294 3396; x_wconf 92' lang='grc'>,</span> <span class='ocrx_word' id='word_1_490' title='bbox 347 3334 444 3403; x_wconf 86' lang='grc' dir='ltr'><strong>μία</strong></span> <span class='ocrx_word' id='word_1_491' title='bbox 475 3335 595 3387; x_wconf 87' lang='grc' dir='ltr'>κατ’</span> <span class='ocrx_word' id='word_1_492' title='bbox 618 3333 851 3404; x_wconf 78' lang='grc' dir='ltr'>ἀριθμὸν</span> <span class='ocrx_word' id='word_1_493' title='bbox 879 3333 976 3387; x_wconf 74' lang='grc' dir='ltr'>καὶ</span> <span class='ocrx_word' id='word_1_494' title='bbox 1002 3335 1035 3404; x_wconf 82' lang='grc' dir='ltr'>ἡ</span> <span class='ocrx_word' id='word_1_495' title='bbox 1061 3333 1200 3403; x_wconf 75' lang='grc' dir='ltr'>αὑτὴ</span> <span class='ocrx_word' id='word_1_496' title='bbox 1225 3334 1478 3404; x_wconf 86' lang='grc' dir='ltr'>γέννησίς</span> <span class='ocrx_word' id='word_1_497' title='bbox 1500 3335 1616 3388; x_wconf 78' lang='grc' dir='ltr'>ἐστι</span> <span class='ocrx_word' id='word_1_498' title='bbox 1639 3335 1733 3405; x_wconf 89' lang='grc' dir='ltr'>δη-</span> 
     </span>
    </p>
   </div>
   <div class='ocr_carea' id='block_1_65' title="bbox 152 3419 1732 3493">
    <p class='ocr_par' dir='ltr' id='par_1_65' title="bbox 152 3419 1732 3493">
     <span class='ocr_line' id='line_1_65' title="bbox 152 3419 1732 3493; baseline 0.003 -20"><span class='ocrx_word' id='word_1_499' title='bbox 152 3419 314 3490; x_wconf 75' lang='grc' dir='ltr'>λαδήο</span> <span class='ocrx_word' id='word_1_500' title='bbox 372 3421 516 3492; x_wconf 77' lang='grc' dir='ltr'>ψυχὴ</span> <span class='ocrx_word' id='word_1_501' title='bbox 560 3421 618 3474; x_wconf 81' lang='grc' dir='ltr'>δὲ</span> <span class='ocrx_word' id='word_1_502' title='bbox 661 3421 757 3474; x_wconf 80' lang='grc' dir='ltr'>καὶ</span> <span class='ocrx_word' id='word_1_503' title='bbox 795 3422 954 3492; x_wconf 86' lang='grc' dir='ltr'>σῶμα</span> <span class='ocrx_word' id='word_1_504' title='bbox 1003 3424 1058 3476; x_wconf 88' lang='grc' dir='ltr'>αἱ</span> <span class='ocrx_word' id='word_1_505' title='bbox 1093 3422 1512 3492; x_wconf 76' lang='grc' dir='ltr'>συγγενηθεῖσαι</span> <span class='ocrx_word' id='word_1_506' title='bbox 1541 3423 1732 3493; x_wconf 86' lang='grc' dir='ltr'>φύσεις</span> 
     </span>
    </p>
   </div>
   <div class='ocr_carea' id='block_1_66' title="bbox 154 3512 1731 3588">
    <p class='ocr_par' dir='ltr' id='par_1_66' title="bbox 154 3512 1731 3588">
     <span class='ocr_line' id='line_1_66' title="bbox 154 3512 1731 3588; baseline 0.003 -22"><span class='ocrx_word' id='word_1_507' title='bbox 154 3512 274 3567; x_wconf 81' lang='grc' dir='ltr'>κατ’</span> <span class='ocrx_word' id='word_1_508' title='bbox 304 3512 492 3581; x_wconf 81' lang='grc' dir='ltr'>αὐτὴν,</span> <span class='ocrx_word' id='word_1_509' title='bbox 530 3512 778 3584; x_wconf 80' lang='grc' dir='ltr'>διάφοροί</span> <span class='ocrx_word' id='word_1_510' title='bbox 806 3514 936 3568; x_wconf 76' lang='lat' dir='ltr'><strong>alat.</strong></span> <span class='ocrx_word' id='word_1_511' title='bbox 977 3513 1116 3568; x_wconf 79' lang='grc' dir='ltr'>Καθ’</span> <span class='ocrx_word' id='word_1_512' title='bbox 1142 3515 1288 3584; x_wconf 77' lang='grc' dir='ltr'>ὑμᾶς</span> <span class='ocrx_word' id='word_1_513' title='bbox 1317 3513 1432 3581; x_wconf 76' lang='grc' dir='ltr'>οὖν,</span> <span class='ocrx_word' id='word_1_514' title='bbox 1459 3515 1493 3588; x_wconf 74' lang='grc' dir='ltr'>ἢ</span> <span class='ocrx_word' id='word_1_515' title='bbox 1525 3517 1589 3570; x_wconf 85' lang='grc' dir='ltr'>οὐ</span> <span class='ocrx_word' id='word_1_516' title='bbox 1612 3517 1731 3571; x_wconf 76' lang='grc' dir='ltr'>διά-</span> 
     </span>
    </p>
   </div>
   <div class='ocr_carea' id='block_1_67' title="bbox 156 3600 1728 3680">
    <p class='ocr_par' dir='ltr' id='par_1_67' title="bbox 156 3600 1728 3680">
     <span class='ocr_line' id='line_1_67' title="bbox 156 3600 1728 3680; baseline 0.003 -22"><span class='ocrx_word' id='word_1_517' title='bbox 156 3621 316 3676; x_wconf 78' lang='grc' dir='ltr'>φορον</span> <span class='ocrx_word' id='word_1_518' title='bbox 335 3600 472 3659; x_wconf 77' lang='grc' dir='ltr'>εἶναι</span> <span class='ocrx_word' id='word_1_519' title='bbox 495 3604 593 3676; x_wconf 78' lang='grc' dir='ltr'><strong>τήν</strong></span> <span class='ocrx_word' id='word_1_520' title='bbox 613 3607 799 3660; x_wconf 75' lang='grc' dir='ltr'>ούείαν</span> <span class='ocrx_word' id='word_1_521' title='bbox 821 3605 1042 3670; x_wconf 87' lang='grc' dir='ltr'>τούτων,</span> <span class='ocrx_word' id='word_1_522' title='bbox 1056 3607 1176 3661; x_wconf 73' lang='grc' dir='ltr'>ἐπεὶ</span> <span class='ocrx_word' id='word_1_523' title='bbox 1200 3607 1333 3677; x_wconf 83' lang='grc' dir='ltr'>μηδὲ</span> <span class='ocrx_word' id='word_1_524' title='bbox 1357 3608 1456 3677; x_wconf 74' lang='grc' dir='ltr'>τὴν</span> <span class='ocrx_word' id='word_1_525' title='bbox 1477 3610 1728 3680; x_wconf 80' lang='grc' dir='ltr'>γέννησιν</span> 
     </span>
    </p>
   </div>
   <div class='ocr_carea' id='block_1_68' title="bbox 158 3699 1719 3773">
    <p class='ocr_par' dir='ltr' id='par_1_68' title="bbox 158 3699 1719 3773">
     <span class='ocr_line' id='line_1_68' title="bbox 158 3699 1719 3773; baseline 0.003 -23"><span class='ocrx_word' id='word_1_526' title='bbox 158 3700 392 3768; x_wconf 81' lang='grc' dir='ltr'>φήσομεν</span> <span class='ocrx_word' id='word_1_527' title='bbox 415 3715 430 3731; x_wconf 74' lang='grc' dir='ltr'><strong><em>ο</em></strong></span> <span class='ocrx_word' id='word_1_528' title='bbox 481 3699 515 3769; x_wconf 77' lang='grc' dir='ltr'><strong>ἢ</strong></span> <span class='ocrx_word' id='word_1_529' title='bbox 562 3699 818 3769; x_wconf 74' lang='grc' dir='ltr'>διάφορον</span> <span class='ocrx_word' id='word_1_530' title='bbox 866 3699 1148 3766; x_wconf 81' lang='grc' dir='ltr'>λέγοντες,</span> <span class='ocrx_word' id='word_1_531' title='bbox 1184 3699 1278 3753; x_wconf 84' lang='grc' dir='ltr'><strong>δύο</strong></span> <span class='ocrx_word' id='word_1_532' title='bbox 1309 3701 1404 3752; x_wconf 73' lang='grc' dir='ltr'>καὶ</span> <span class='ocrx_word' id='word_1_533' title='bbox 1429 3701 1719 3773; x_wconf 83' lang='grc' dir='ltr'>διαφόρους</span> 
     </span>
    </p>
   </div>
   <div class='ocr_carea' id='block_1_69' title="bbox 156 3789 1723 3864">
    <p class='ocr_par' dir='ltr' id='par_1_69' title="bbox 156 3789 1723 3864">
     <span class='ocr_line' id='line_1_69' title="bbox 156 3789 1723 3864; baseline 0.005 -23"><span class='ocrx_word' id='word_1_534' title='bbox 156 3789 249 3853; x_wconf 74' lang='grc' dir='ltr'>τὰς</span> <span class='ocrx_word' id='word_1_535' title='bbox 289 3789 379 3842; x_wconf 85' lang='grc' dir='ltr'>τοῦ</span> <span class='ocrx_word' id='word_1_536' title='bbox 413 3791 532 3854; x_wconf 73' lang='grc' dir='ltr'>ἑνὸς</span> <span class='ocrx_word' id='word_1_537' title='bbox 561 3789 849 3862; x_wconf 82' lang='grc' dir='ltr'>ἀνθρώπου</span> <span class='ocrx_word' id='word_1_538' title='bbox 882 3792 940 3844; x_wconf 81' lang='grc' dir='ltr'><strong>ὲν</strong></span> <span class='ocrx_word' id='word_1_539' title='bbox 964 3791 1149 3862; x_wconf 89' lang='grc' dir='ltr'>ταυτῷ</span> <span class='ocrx_word' id='word_1_540' title='bbox 1178 3793 1548 3864; x_wconf 83' lang='grc' dir='ltr'>πιστεύσομεν</span> <span class='ocrx_word' id='word_1_541' title='bbox 1578 3791 1723 3850; x_wconf 77' lang='grc' dir='ltr'>εἶναι</span> 
     </span>
    </p>
   </div>
   <div class='ocr_carea' id='block_1_70' title="bbox 158 3879 1722 3953">
    <p class='ocr_par' dir='ltr' id='par_1_70' title="bbox 158 3879 1722 3953">
     <span class='ocr_line' id='line_1_70' title="bbox 158 3879 1722 3953; baseline 0.001 -18"><span class='ocrx_word' id='word_1_542' title='bbox 158 3880 444 3948; x_wconf 72' lang='grc' dir='ltr'>γεννήσεις.</span> <span class='ocrx_word' id='word_1_543' title='bbox 499 3879 610 3932; x_wconf 75' lang='grc' dir='ltr'><strong>Καὶ</strong></span> <span class='ocrx_word' id='word_1_544' title='bbox 657 3879 831 3933; x_wconf 74' lang='grc' dir='ltr'>ταῦτα</span> <span class='ocrx_word' id='word_1_545' title='bbox 879 3879 978 3948; x_wconf 84' lang='grc' dir='ltr'>μὲν</span> <span class='ocrx_word' id='word_1_546' title='bbox 1023 3880 1178 3950; x_wconf 82' lang='grc' dir='ltr'>ὑμῶν</span> <span class='ocrx_word' id='word_1_547' title='bbox 1210 3879 1275 3933; x_wconf 76' lang='grc' dir='ltr'><strong>τὰ</strong></span> <span class='ocrx_word' id='word_1_548' title='bbox 1307 3881 1532 3952; x_wconf 75' lang='grc' dir='ltr'>κομψά·</span> <span class='ocrx_word' id='word_1_549' title='bbox 1570 3882 1722 3953; x_wconf 85' lang='grc' dir='ltr'>ὅμως</span> 
     </span>
    </p>
   </div>
   <div class='ocr_carea' id='block_1_71' title="bbox 164 3967 1723 4039">
    <p class='ocr_par' dir='ltr' id='par_1_71' title="bbox 164 3967 1723 4039">
     <span class='ocr_line' id='line_1_71' title="bbox 164 3967 1723 4039; baseline 0.001 -17"><span class='ocrx_word' id='word_1_550' title='bbox 164 3970 335 4036; x_wconf 87' lang='grc' dir='ltr'>μέντοι</span> <span class='ocrx_word' id='word_1_551' title='bbox 388 3967 513 4022; x_wconf 74' lang='grc' dir='ltr'>οὔτε</span> <span class='ocrx_word' id='word_1_552' title='bbox 539 3967 730 4039; x_wconf 70' lang='grc' dir='ltr'>εἴρηκέ</span> <span class='ocrx_word' id='word_1_553' title='bbox 760 3985 844 4031; x_wconf 87' lang='grc' dir='ltr'><strong>τις</strong></span> <span class='ocrx_word' id='word_1_554' title='bbox 874 3969 1005 4038; x_wconf 80' lang='grc' dir='ltr'>ὑμῖν</span> <span class='ocrx_word' id='word_1_555' title='bbox 1033 3969 1116 4022; x_wconf 83' lang='grc' dir='ltr'><strong>ὅτι</strong></span> <span class='ocrx_word' id='word_1_556' title='bbox 1144 3969 1238 4023; x_wconf 80' lang='grc' dir='ltr'>τὸν</span> <span class='ocrx_word' id='word_1_557' title='bbox 1264 3969 1434 4038; x_wconf 81' lang='grc' dir='ltr'>Λόγον</span> <span class='ocrx_word' id='word_1_558' title='bbox 1460 3969 1723 4034; x_wconf 84' lang='grc' dir='ltr'>ὡσαύτως</span> 
     </span>
    </p>
   </div>
   <div class='ocr_carea' id='block_1_72' title="bbox 164 4057 1722 4134">
    <p class='ocr_par' dir='ltr' id='par_1_72' title="bbox 164 4057 1722 4134">
     <span class='ocr_line' id='line_1_72' title="bbox 164 4057 1722 4134; baseline 0.003 -24"><span class='ocrx_word' id='word_1_559' title='bbox 164 4057 354 4112; x_wconf 81' lang='grc' dir='ltr'>ἁπλοῦν</span> <span class='ocrx_word' id='word_1_560' title='bbox 375 4101 390 4124; x_wconf 90' lang='grc'>,</span> <span class='ocrx_word' id='word_1_561' title='bbox 439 4057 576 4112; x_wconf 72' lang='grc' dir='ltr'>ἀλλὰ</span> <span class='ocrx_word' id='word_1_562' title='bbox 609 4058 748 4128; x_wconf 73' lang='grc' dir='ltr'>μετὰ</span> <span class='ocrx_word' id='word_1_563' title='bbox 773 4058 874 4128; x_wconf 84' lang='grc' dir='ltr'>τῆς</span> <span class='ocrx_word' id='word_1_564' title='bbox 903 4059 1172 4130; x_wconf 85' lang='grc' dir='ltr'>σαρκικῆς</span> <span class='ocrx_word' id='word_1_565' title='bbox 1201 4060 1388 4124; x_wconf 83' lang='grc' dir='ltr'>οὐσίας</span> <span class='ocrx_word' id='word_1_566' title='bbox 1421 4062 1487 4114; x_wconf 70' lang='grc' dir='ltr'>ἐκ</span> <span class='ocrx_word' id='word_1_567' title='bbox 1514 4061 1722 4134; x_wconf 77' lang='grc' dir='ltr'>μητρὸς</span> 
     </span>
    </p>
   </div>
   <div class='ocr_carea' id='block_1_73' title="bbox 163 4146 1751 4224">
    <p class='ocr_par' dir='ltr' id='par_1_73' title="bbox 163 4146 1751 4224">
     <span class='ocr_line' id='line_1_73' title="bbox 163 4146 1751 4224; baseline 0.002 -19"><span class='ocrx_word' id='word_1_568' title='bbox 163 4151 296 4206; x_wconf 77' lang='grc' dir='ltr'>κατὰ</span> <span class='ocrx_word' id='word_1_569' title='bbox 335 4151 430 4224; x_wconf 82' lang='grc' dir='ltr'><strong>τήν</strong></span> <span class='ocrx_word' id='word_1_570' title='bbox 470 4151 730 4224; x_wconf 85' lang='grc' dir='ltr'>δευτέραν</span> <span class='ocrx_word' id='word_1_571' title='bbox 765 4151 931 4205; x_wconf 81' lang='grc' dir='ltr'>αὐτοῦ</span> <span class='ocrx_word' id='word_1_572' title='bbox 963 4151 1219 4222; x_wconf 82' lang='grc' dir='ltr'>γέννησιν</span> <span class='ocrx_word' id='word_1_573' title='bbox 1264 4153 1299 4224; x_wconf 86' lang='grc' dir='ltr'><strong>ή</strong></span> <span class='ocrx_word' id='word_1_574' title='bbox 1333 4152 1562 4224; x_wconf 84' lang='grc' dir='ltr'>δευτέρα</span> <span class='ocrx_word' id='word_1_575' title='bbox 1593 4146 1751 4224; x_wconf 67' lang='grc' dir='ltr'>γέν-ι’</span> 
     </span>
    </p>
   </div>
   <div class='ocr_carea' id='block_1_74' title="bbox 163 4242 1030 4312">
    <p class='ocr_par' dir='ltr' id='par_1_74' title="bbox 163 4242 1030 4312">
     <span class='ocr_line' id='line_1_74' title="bbox 163 4242 1030 4312; baseline 0.005 -20"><span class='ocrx_word' id='word_1_576' title='bbox 163 4257 305 4312; x_wconf 88' lang='grc' dir='ltr'>νησις</span> <span class='ocrx_word' id='word_1_577' title='bbox 330 4243 626 4312; x_wconf 82' lang='grc' dir='ltr'>προήγαγε,</span> <span class='ocrx_word' id='word_1_578' title='bbox 659 4242 1030 4312; x_wconf 65' lang='grc' dir='ltr'>δοκησίσοφος.</span> 
     </span>
    </p>
   </div>
   <div class='ocr_carea' id='block_1_75' title="bbox 1837 3145 3428 3212">
    <p class='ocr_par' dir='ltr' id='par_1_75' title="bbox 1837 3145 3428 3212">
     <span class='ocr_line' id='line_1_75' title="bbox 1837 3145 3428 3212; baseline 0.001 -9"><span class='ocrx_word' id='word_1_579' title='bbox 1837 3148 2126 3204; x_wconf 90' lang='lat' dir='ltr'><strong>constituit</strong></span> <span class='ocrx_word' id='word_1_580' title='bbox 2155 3155 2213 3202; x_wconf 91' lang='lat' dir='ltr'><strong>et</strong></span> <span class='ocrx_word' id='word_1_581' title='bbox 2255 3145 2827 3212; x_wconf 72' lang='lat' dir='ltr'><strong>substantiamiQuid</strong></span> <span class='ocrx_word' id='word_1_582' title='bbox 2856 3161 2990 3200; x_wconf 92' lang='lat' dir='ltr'><strong>vero</strong></span> <span class='ocrx_word' id='word_1_583' title='bbox 3015 3147 3147 3200; x_wconf 90' lang='lat' dir='ltr'><strong>mibi</strong></span> <span class='ocrx_word' id='word_1_584' title='bbox 3181 3147 3306 3203; x_wconf 91' lang='lat' dir='ltr'><strong>aliis</strong></span> <span class='ocrx_word' id='word_1_585' title='bbox 3330 3157 3428 3204; x_wconf 89' lang='lat' dir='ltr'><strong>aut</strong></span> 
     </span>
    </p>
   </div>
   <div class='ocr_carea' id='block_1_76' title="bbox 1838 3235 3426 3310">
    <p class='ocr_par' dir='ltr' id='par_1_76' title="bbox 1838 3235 3426 3310">
     <span class='ocr_line' id='line_1_76' title="bbox 1838 3235 3426 3310; baseline -0.001 -16"><span class='ocrx_word' id='word_1_586' title='bbox 1838 3239 1943 3294; x_wconf 90' lang='lat' dir='ltr'><strong>alia</strong></span> <span class='ocrx_word' id='word_1_587' title='bbox 1985 3237 2342 3310; x_wconf 86' lang='lat' dir='ltr'><strong>generatione</strong></span> <span class='ocrx_word' id='word_1_588' title='bbox 2389 3252 2530 3306; x_wconf 92' lang='lat' dir='ltr'><strong>opus</strong></span> <span class='ocrx_word' id='word_1_589' title='bbox 2557 3245 2645 3290; x_wconf 91' lang='lat' dir='ltr'><strong>est</strong></span> <span class='ocrx_word' id='word_1_590' title='bbox 2695 3235 2762 3290; x_wconf 93' lang='lat' dir='ltr'><strong>ad</strong></span> <span class='ocrx_word' id='word_1_591' title='bbox 2812 3236 3426 3294; x_wconf 79' lang='lat' dir='ltr'><strong>demonstrandumcx</strong></span> 
     </span>
    </p>
   </div>
   <div class='ocr_carea' id='block_1_77' title="bbox 1839 3326 3426 3400">
    <p class='ocr_par' dir='ltr' id='par_1_77' title="bbox 1839 3326 3426 3400">
     <span class='ocr_line' id='line_1_77' title="bbox 1839 3326 3426 3400; baseline 0 -14"><span class='ocrx_word' id='word_1_592' title='bbox 1839 3330 2004 3386; x_wconf 89' lang='lat' dir='ltr'><strong>modo</strong></span> <span class='ocrx_word' id='word_1_593' title='bbox 2041 3327 2418 3400; x_wconf 88' lang='lat' dir='ltr'><strong>generationis</strong></span> <span class='ocrx_word' id='word_1_594' title='bbox 2461 3342 2585 3382; x_wconf 87' lang='lat' dir='ltr'><strong>esse</strong></span> <span class='ocrx_word' id='word_1_595' title='bbox 2629 3326 3001 3382; x_wconf 80' lang='lat' dir='ltr'><strong>diﬂ&#39;erentiam</strong></span> <span class='ocrx_word' id='word_1_596' title='bbox 3035 3329 3117 3382; x_wconf 78' lang='lat' dir='ltr'><strong>vel</strong></span> <span class='ocrx_word' id='word_1_597' title='bbox 3168 3329 3426 3386; x_wconf 85' lang='lat' dir='ltr'><strong>similitu-</strong></span> 
     </span>
    </p>
   </div>
   <div class='ocr_carea' id='block_1_78' title="bbox 1840 3416 3424 3478">
    <p class='ocr_par' dir='ltr' id='par_1_78' title="bbox 1840 3416 3424 3478">
     <span class='ocr_line' id='line_1_78' title="bbox 1840 3416 3424 3478; baseline -0.003 0"><span class='ocrx_word' id='word_1_598' title='bbox 1840 3422 2027 3478; x_wconf 85' lang='lat' dir='ltr'><strong>dinem</strong></span> <span class='ocrx_word' id='word_1_599' title='bbox 2077 3419 2557 3476; x_wconf 84' lang='lat' dir='ltr'><strong>substantiarum?</strong></span> <span class='ocrx_word' id='word_1_600' title='bbox 2593 3416 2750 3472; x_wconf 85' lang='lat' dir='ltr'><strong>Unus</strong></span> <span class='ocrx_word' id='word_1_601' title='bbox 2784 3417 2932 3473; x_wconf 90' lang='lat' dir='ltr'><strong>enim</strong></span> <span class='ocrx_word' id='word_1_602' title='bbox 2982 3427 3039 3472; x_wconf 88' lang='lat' dir='ltr'><strong>et</strong></span> <span class='ocrx_word' id='word_1_603' title='bbox 3081 3419 3224 3473; x_wconf 84' lang='lat' dir='ltr'><strong>idem</strong></span> <span class='ocrx_word' id='word_1_604' title='bbox 3259 3419 3424 3474; x_wconf 87' lang='lat' dir='ltr'><strong>homo</strong></span> 
     </span>
    </p>
   </div>
   <div class='ocr_carea' id='block_1_79' title="bbox 1840 3505 3422 3576">
    <p class='ocr_par' dir='ltr' id='par_1_79' title="bbox 1840 3505 3422 3576">
     <span class='ocr_line' id='line_1_79' title="bbox 1840 3505 3422 3576; baseline -0.006 -10"><span class='ocrx_word' id='word_1_605' title='bbox 1840 3527 1967 3566; x_wconf 91' lang='lat' dir='ltr'><strong>cum</strong></span> <span class='ocrx_word' id='word_1_606' title='bbox 1984 3512 2078 3576; x_wconf 88' lang='lat' dir='ltr'><strong>sit,</strong></span> <span class='ocrx_word' id='word_1_607' title='bbox 2101 3525 2208 3564; x_wconf 86' lang='lat' dir='ltr'><strong>una</strong></span> <span class='ocrx_word' id='word_1_608' title='bbox 2241 3522 2476 3562; x_wconf 89' lang='lat' dir='ltr'><strong>numero</strong></span> <span class='ocrx_word' id='word_1_609' title='bbox 2514 3506 2819 3575; x_wconf 90' lang='lat' dir='ltr'><strong>eademque</strong></span> <span class='ocrx_word' id='word_1_610' title='bbox 2847 3514 2932 3562; x_wconf 88' lang='lat' dir='ltr'><strong>est</strong></span> <span class='ocrx_word' id='word_1_611' title='bbox 2962 3507 3083 3576; x_wconf 82' lang='lat' dir='ltr'><strong>ejus</strong></span> <span class='ocrx_word' id='word_1_612' title='bbox 3113 3505 3422 3574; x_wconf 69' lang='lat' dir='ltr'><strong>generatio,</strong></span> 
     </span>
    </p>
   </div>
   <div class='ocr_carea' id='block_1_80' title="bbox 1835 3596 3425 3672">
    <p class='ocr_par' dir='ltr' id='par_1_80' title="bbox 1835 3596 3425 3672">
     <span class='ocr_line' id='line_1_80' title="bbox 1835 3596 3425 3672; baseline -0.006 -14"><span class='ocrx_word' id='word_1_613' title='bbox 1835 3610 2101 3672; x_wconf 84' lang='lat' dir='ltr'><strong>utpatet:</strong></span> <span class='ocrx_word' id='word_1_614' title='bbox 2135 3601 2317 3657; x_wconf 87' lang='lat' dir='ltr'><strong>anima</strong></span> <span class='ocrx_word' id='word_1_615' title='bbox 2363 3607 2549 3654; x_wconf 81' lang='lat' dir='ltr'><strong>autem</strong></span> <span class='ocrx_word' id='word_1_616' title='bbox 2599 3606 2657 3653; x_wconf 89' lang='lat' dir='ltr'><strong>et</strong></span> <span class='ocrx_word' id='word_1_617' title='bbox 2689 3613 2913 3667; x_wconf 90' lang='lat' dir='ltr'><strong>corpus,</strong></span> <span class='ocrx_word' id='word_1_618' title='bbox 2972 3605 3188 3652; x_wconf 66' lang='lat' dir='ltr'><strong>natura:</strong></span> <span class='ocrx_word' id='word_1_619' title='bbox 3232 3598 3288 3650; x_wconf 90' lang='lat' dir='ltr'><strong>in</strong></span> <span class='ocrx_word' id='word_1_620' title='bbox 3341 3596 3425 3650; x_wconf 86' lang='lat' dir='ltr'><strong>id-</strong></span> 
     </span>
    </p>
   </div>
   <div class='ocr_carea' id='block_1_81' title="bbox 1834 3692 3425 3767">
    <p class='ocr_par' dir='ltr' id='par_1_81' title="bbox 1834 3692 3425 3767">
     <span class='ocr_line' id='line_1_81' title="bbox 1834 3692 3425 3767; baseline -0.006 -14"><span class='ocrx_word' id='word_1_621' title='bbox 1834 3697 2020 3767; x_wconf 87' lang='lat' dir='ltr'><strong>ipsum</strong></span> <span class='ocrx_word' id='word_1_622' title='bbox 2041 3695 2348 3766; x_wconf 70' lang='lat' dir='ltr'><strong>congenitte</strong></span> <span class='ocrx_word' id='word_1_623' title='bbox 2373 3693 2656 3750; x_wconf 78' lang='lat' dir='ltr'><strong>differunt.</strong></span> <span class='ocrx_word' id='word_1_624' title='bbox 2684 3693 2880 3764; x_wconf 84' lang='lat' dir='ltr'><strong>Igitur,</strong></span> <span class='ocrx_word' id='word_1_625' title='bbox 2909 3692 2976 3746; x_wconf 91' lang='lat' dir='ltr'><strong>ad</strong></span> <span class='ocrx_word' id='word_1_626' title='bbox 3003 3701 3238 3748; x_wconf 79' lang='lat' dir='ltr'><strong>vestram</strong></span> <span class='ocrx_word' id='word_1_627' title='bbox 3271 3707 3425 3746; x_wconf 87' lang='lat' dir='ltr'><strong>men-</strong></span> 
     </span>
    </p>
   </div>
   <div class='ocr_carea' id='block_1_82' title="bbox 1829 3783 3421 3854">
    <p class='ocr_par' dir='ltr' id='par_1_82' title="bbox 1829 3783 3421 3854">
     <span class='ocr_line' id='line_1_82' title="bbox 1829 3783 3421 3854; baseline -0.005 -10"><span class='ocrx_word' id='word_1_628' title='bbox 1829 3799 1981 3854; x_wconf 87' lang='lat' dir='ltr'><strong>tem,</strong></span> <span class='ocrx_word' id='word_1_629' title='bbox 2030 3787 2114 3842; x_wconf 85' lang='lat' dir='ltr'><strong>vel</strong></span> <span class='ocrx_word' id='word_1_630' title='bbox 2167 3802 2279 3842; x_wconf 90' lang='lat' dir='ltr'><strong>non</strong></span> <span class='ocrx_word' id='word_1_631' title='bbox 2307 3785 2585 3841; x_wconf 81' lang='lat' dir='ltr'><strong>diversam</strong></span> <span class='ocrx_word' id='word_1_632' title='bbox 2642 3799 2840 3840; x_wconf 87' lang='lat' dir='ltr'><strong>eorum</strong></span> <span class='ocrx_word' id='word_1_633' title='bbox 2892 3783 3280 3848; x_wconf 86' lang='lat' dir='ltr'><strong>substantiam,</strong></span> <span class='ocrx_word' id='word_1_634' title='bbox 3335 3793 3421 3836; x_wconf 89' lang='lat' dir='ltr'><strong>ut-</strong></span> 
     </span>
    </p>
   </div>
   <div class='ocr_carea' id='block_1_83' title="bbox 1827 3873 3423 3953">
    <p class='ocr_par' dir='ltr' id='par_1_83' title="bbox 1827 3873 3423 3953">
     <span class='ocr_line' id='line_1_83' title="bbox 1827 3873 3423 3953; baseline -0.006 -18"><span class='ocrx_word' id='word_1_635' title='bbox 1827 3888 1960 3950; x_wconf 87' lang='lat' dir='ltr'><strong>pote</strong></span> <span class='ocrx_word' id='word_1_636' title='bbox 2002 3894 2239 3949; x_wconf 88' lang='lat' dir='ltr'><strong>quorum</strong></span> <span class='ocrx_word' id='word_1_637' title='bbox 2269 3892 2382 3932; x_wconf 89' lang='lat' dir='ltr'><strong>non</strong></span> <span class='ocrx_word' id='word_1_638' title='bbox 2422 3875 2640 3932; x_wconf 89' lang='lat' dir='ltr'><strong>diversa</strong></span> <span class='ocrx_word' id='word_1_639' title='bbox 2663 3874 2973 3953; x_wconf 79' lang='lat' dir='ltr'><strong>generatio,</strong></span> <span class='ocrx_word' id='word_1_640' title='bbox 3006 3873 3299 3939; x_wconf 79' lang='lat' dir='ltr'><strong>diceznus;</strong></span> <span class='ocrx_word' id='word_1_641' title='bbox 3338 3873 3423 3927; x_wconf 66' lang='lat' dir='ltr'><strong>vel</strong></span> 
     </span>
    </p>
   </div>
   <div class='ocr_carea' id='block_1_84' title="bbox 1829 3964 3425 4051">
    <p class='ocr_par' dir='ltr' id='par_1_84' title="bbox 1829 3964 3425 4051">
     <span class='ocr_line' id='line_1_84' title="bbox 1829 3964 3425 4051; baseline -0.005 -26"><span class='ocrx_word' id='word_1_642' title='bbox 1829 3970 2106 4051; x_wconf 67' lang='lat' dir='ltr'><strong>diversam</strong></span> <span class='ocrx_word' id='word_1_643' title='bbox 2133 3978 2444 4025; x_wconf 88' lang='lat' dir='ltr'><strong>asserentes</strong></span> <span class='ocrx_word' id='word_1_644' title='bbox 2492 3967 2885 4030; x_wconf 87' lang='lat' dir='ltr'><strong>substantiam,</strong></span> <span class='ocrx_word' id='word_1_645' title='bbox 2920 3965 3061 4022; x_wconf 88' lang='lat' dir='ltr'><strong>duas</strong></span> <span class='ocrx_word' id='word_1_646' title='bbox 3102 3980 3308 4034; x_wconf 90' lang='lat' dir='ltr'><strong>easque</strong></span> <span class='ocrx_word' id='word_1_647' title='bbox 3337 3964 3425 4018; x_wconf 88' lang='lat' dir='ltr'><strong>di-</strong></span> 
     </span>
    </p>
   </div>
   <div class='ocr_carea' id='block_1_85' title="bbox 1829 4060 3426 4127">
    <p class='ocr_par' dir='ltr' id='par_1_85' title="bbox 1829 4060 3426 4127">
     <span class='ocr_line' id='line_1_85' title="bbox 1829 4060 3426 4127; baseline -0.005 -8"><span class='ocrx_word' id='word_1_648' title='bbox 1829 4079 2022 4120; x_wconf 86' lang='lat' dir='ltr'><strong>versas</strong></span> <span class='ocrx_word' id='word_1_649' title='bbox 2045 4061 2213 4118; x_wconf 90' lang='lat' dir='ltr'><strong>unius</strong></span> <span class='ocrx_word' id='word_1_650' title='bbox 2245 4061 2490 4118; x_wconf 88' lang='lat' dir='ltr'><strong>hominis</strong></span> <span class='ocrx_word' id='word_1_651' title='bbox 2519 4063 2573 4117; x_wconf 92' lang='lat' dir='ltr'><strong>in</strong></span> <span class='ocrx_word' id='word_1_652' title='bbox 2605 4061 2798 4117; x_wconf 89' lang='lat' dir='ltr'><strong>eodem</strong></span> <span class='ocrx_word' id='word_1_653' title='bbox 2833 4060 3124 4116; x_wconf 88' lang='lat' dir='ltr'><strong>credemus</strong></span> <span class='ocrx_word' id='word_1_654' title='bbox 3157 4074 3284 4112; x_wconf 88' lang='lat' dir='ltr'><strong>esse</strong></span> <span class='ocrx_word' id='word_1_655' title='bbox 3328 4072 3426 4127; x_wconf 84' lang='lat' dir='ltr'><strong>ge-</strong></span> 
     </span>
    </p>
   </div>
   <div class='ocr_carea' id='block_1_86' title="bbox 1835 4148 3425 4222">
    <p class='ocr_par' dir='ltr' id='par_1_86' title="bbox 1835 4148 3425 4222">
     <span class='ocr_line' id='line_1_86' title="bbox 1835 4148 3425 4222; baseline -0.007 -12"><span class='ocrx_word' id='word_1_656' title='bbox 1835 4155 2176 4211; x_wconf 88' lang='lat' dir='ltr'><strong>nerationes.</strong></span> <span class='ocrx_word' id='word_1_657' title='bbox 2209 4152 2278 4208; x_wconf 89' lang='lat' dir='ltr'><strong>Et</strong></span> <span class='ocrx_word' id='word_1_658' title='bbox 2330 4153 2449 4208; x_wconf 73' lang='lat' dir='ltr'><strong>htec</strong></span> <span class='ocrx_word' id='word_1_659' title='bbox 2479 4151 2705 4222; x_wconf 87' lang='lat' dir='ltr'><strong>quidem</strong></span> <span class='ocrx_word' id='word_1_660' title='bbox 2738 4157 2920 4206; x_wconf 88' lang='lat' dir='ltr'><strong>vestra</strong></span> <span class='ocrx_word' id='word_1_661' title='bbox 2957 4149 3220 4204; x_wconf 88' lang='lat' dir='ltr'><strong>versutia.</strong></span> <span class='ocrx_word' id='word_1_662' title='bbox 3266 4148 3425 4200; x_wconf 85' lang='lat' dir='ltr'><strong>Atla-</strong></span> 
     </span>
    </p>
   </div>
   <div class='ocr_carea' id='block_1_87' title="bbox 1839 4238 3424 4316">
    <p class='ocr_par' dir='ltr' id='par_1_87' title="bbox 1839 4238 3424 4316">
     <span class='ocr_line' id='line_1_87' title="bbox 1839 4238 3424 4316; baseline -0.004 -16"><span class='ocrx_word' id='word_1_663' title='bbox 1839 4262 1968 4316; x_wconf 82' lang='lat' dir='ltr'><strong>men</strong></span> <span class='ocrx_word' id='word_1_664' title='bbox 1993 4260 2157 4302; x_wconf 88' lang='lat' dir='ltr'><strong>nemo</strong></span> <span class='ocrx_word' id='word_1_665' title='bbox 2174 4259 2417 4314; x_wconf 90' lang='lat' dir='ltr'><strong>unquam</strong></span> <span class='ocrx_word' id='word_1_666' title='bbox 2435 4243 2595 4301; x_wconf 88' lang='lat' dir='ltr'><strong>vobis</strong></span> <span class='ocrx_word' id='word_1_667' title='bbox 2607 4242 2747 4297; x_wconf 83' lang='lat' dir='ltr'><strong>dixit</strong></span> <span class='ocrx_word' id='word_1_668' title='bbox 2770 4257 2829 4296; x_wconf 86' lang='lat' dir='ltr'><strong>se</strong></span> <span class='ocrx_word' id='word_1_669' title='bbox 2845 4241 3161 4297; x_wconf 80' lang='lat' dir='ltr'><strong>existimare</strong></span> <span class='ocrx_word' id='word_1_670' title='bbox 3183 4238 3424 4296; x_wconf 78' lang='lat' dir='ltr'><strong>Verbum</strong></span> 
     </span>
    </p>
   </div>
   <div class='ocr_carea' id='block_1_88' title="bbox 165 4327 3424 4406">
    <p class='ocr_par' dir='ltr' id='par_1_88' title="bbox 165 4327 3424 4406">
     <span class='ocr_line' id='line_1_88' title="bbox 165 4327 3424 4406; baseline -0.002 -17"><span class='ocrx_word' id='word_1_671' title='bbox 165 4333 394 4404; x_wconf 83' lang='lat' dir='ltr'><strong>simplex,</strong></span> <span class='ocrx_word' id='word_1_672' title='bbox 441 4333 538 4388; x_wconf 91' lang='lat' dir='ltr'><strong>sed</strong></span> <span class='ocrx_word' id='word_1_673' title='bbox 589 4333 890 4393; x_wconf 89' lang='lat' dir='ltr'><strong>secundam</strong></span> <span class='ocrx_word' id='word_1_674' title='bbox 966 4335 1378 4406; x_wconf 85' lang='lat' dir='ltr'><strong>generationem</strong></span> <span class='ocrx_word' id='word_1_675' title='bbox 1449 4336 1583 4392; x_wconf 87' lang='lat' dir='ltr'><strong>illud</strong></span> <span class='ocrx_word' id='word_1_676' title='bbox 1630 4336 1928 4394; x_wconf 78' lang='lat' dir='ltr'><strong>adduxisse</strong></span> <span class='ocrx_word' id='word_1_677' title='bbox 1995 4353 2123 4394; x_wconf 91' lang='lat' dir='ltr'><strong>cum</strong></span> <span class='ocrx_word' id='word_1_678' title='bbox 2167 4335 2378 4392; x_wconf 86' lang='lat' dir='ltr'><strong>carnali</strong></span> <span class='ocrx_word' id='word_1_679' title='bbox 2421 4333 2737 4391; x_wconf 87' lang='lat' dir='ltr'><strong>substantia</strong></span> <span class='ocrx_word' id='word_1_680' title='bbox 2783 4348 2849 4388; x_wconf 79' lang='lat' dir='ltr'><strong>ex</strong></span> <span class='ocrx_word' id='word_1_681' title='bbox 2897 4340 3074 4387; x_wconf 90' lang='lat' dir='ltr'><strong>matre</strong></span> <span class='ocrx_word' id='word_1_682' title='bbox 3115 4327 3424 4406; x_wconf 67' lang='lat' dir='ltr'><strong>secundum</strong></span> 
     </span>
    </p>
   </div>
   <div class='ocr_carea' id='block_1_89' title="bbox 165 4430 1950 4504">
    <p class='ocr_par' dir='ltr' id='par_1_89' title="bbox 165 4430 1950 4504">
     <span class='ocr_line' id='line_1_89' title="bbox 165 4430 1950 4504; baseline 0.003 -19"><span class='ocrx_word' id='word_1_683' title='bbox 165 4432 274 4502; x_wconf 62' lang='lat' dir='ltr'><strong>ejus</strong></span> <span class='ocrx_word' id='word_1_684' title='bbox 315 4430 606 4486; x_wconf 87' lang='lat' dir='ltr'><strong>secundam</strong></span> <span class='ocrx_word' id='word_1_685' title='bbox 646 4432 1086 4502; x_wconf 86' lang='lat' dir='ltr'><strong>generationem,</strong></span> <span class='ocrx_word' id='word_1_686' title='bbox 1141 4448 1174 4486; x_wconf 92' lang='grc' dir='ltr'><strong>ο</strong></span> <span class='ocrx_word' id='word_1_687' title='bbox 1225 4432 1362 4488; x_wconf 79' lang='lat' dir='ltr'><strong>falso</strong></span> <span class='ocrx_word' id='word_1_688' title='bbox 1425 4433 1601 4489; x_wconf 88' lang='lat' dir='ltr'><strong>babiti</strong></span> <span class='ocrx_word' id='word_1_689' title='bbox 1647 4435 1950 4504; x_wconf 83' lang='lat' dir='ltr'><strong>sapientes.</strong></span> 
     </span>
    </p>
   </div>
   <div class='ocr_carea' id='block_1_90' title="bbox 748 4567 1122 4633">
    <p class='ocr_par' dir='ltr' id='par_1_90' title="bbox 748 4567 1122 4633">
     <span class='ocr_line' id='line_1_90' title="bbox 748 4567 1122 4633; baseline 0.003 -14"><span class='ocrx_word' id='word_1_690' title='bbox 748 4567 997 4620; x_wconf 78' lang='grc' dir='ltr'><strong>κΕψΑΑ.</strong></span> <span class='ocrx_word' id='word_1_691' title='bbox 1031 4567 1122 4633; x_wconf 69' lang='grc' dir='ltr'><strong>ς’.</strong></span> 
     </span>
    </p>
   </div>
   <div class='ocr_carea' id='block_1_91' title="bbox 231 4655 1722 4731">
    <p class='ocr_par' dir='ltr' id='par_1_91' title="bbox 231 4655 1722 4731">
     <span class='ocr_line' id='line_1_91' title="bbox 231 4655 1722 4731; baseline 0.001 -21"><span class='ocrx_word' id='word_1_692' title='bbox 231 4657 286 4710; x_wconf 83' lang='lat' dir='ltr'><strong>El</strong></span> <span class='ocrx_word' id='word_1_693' title='bbox 315 4657 371 4710; x_wconf 83' lang='grc' dir='ltr'><strong>τὸ</strong></span> <span class='ocrx_word' id='word_1_694' title='bbox 397 4657 618 4725; x_wconf 83' lang='grc' dir='ltr'>γεγονὸς</span> <span class='ocrx_word' id='word_1_695' title='bbox 649 4655 785 4710; x_wconf 82' lang='grc' dir='ltr'>καθὸ</span> <span class='ocrx_word' id='word_1_696' title='bbox 809 4659 1002 4725; x_wconf 82' lang='grc' dir='ltr'>γέγονε</span> <span class='ocrx_word' id='word_1_697' title='bbox 1023 4695 1038 4719; x_wconf 91' lang='grc'>,</span> <span class='ocrx_word' id='word_1_698' title='bbox 1087 4655 1343 4725; x_wconf 86' lang='grc' dir='ltr'>γενέσθαι</span> <span class='ocrx_word' id='word_1_699' title='bbox 1377 4656 1540 4712; x_wconf 78' lang='grc' dir='ltr'>πάλιν</span> <span class='ocrx_word' id='word_1_700' title='bbox 1570 4658 1722 4731; x_wconf 76' lang='grc' dir='ltr'>ἁμήο</span> 
     </span>
    </p>
   </div>
   <div class='ocr_carea' id='block_1_92' title="bbox 167 4745 1724 4819">
    <p class='ocr_par' dir='ltr' id='par_1_92' title="bbox 167 4745 1724 4819">
     <span class='ocr_line' id='line_1_92' title="bbox 167 4745 1724 4819; baseline 0.003 -19"><span class='ocrx_word' id='word_1_701' title='bbox 167 4763 329 4818; x_wconf 79' lang='grc' dir='ltr'>χανον·</span> <span class='ocrx_word' id='word_1_702' title='bbox 363 4749 454 4802; x_wconf 74' lang='grc' dir='ltr'>καὶ</span> <span class='ocrx_word' id='word_1_703' title='bbox 485 4747 547 4802; x_wconf 77' lang='grc' dir='ltr'><strong>τὸ</strong></span> <span class='ocrx_word' id='word_1_704' title='bbox 576 4747 760 4810; x_wconf 81' lang='grc' dir='ltr'>ἀῖδίως</span> <span class='ocrx_word' id='word_1_705' title='bbox 787 4745 868 4812; x_wconf 80' lang='grc' dir='ltr'><strong>ὃν,</strong></span> <span class='ocrx_word' id='word_1_706' title='bbox 897 4747 1159 4819; x_wconf 83' lang='grc' dir='ltr'>τεχθῆναι</span> <span class='ocrx_word' id='word_1_707' title='bbox 1188 4749 1352 4803; x_wconf 77' lang='grc' dir='ltr'>πάλιν</span> <span class='ocrx_word' id='word_1_708' title='bbox 1379 4752 1444 4803; x_wconf 83' lang='grc' dir='ltr'>ὲκ</span> <span class='ocrx_word' id='word_1_709' title='bbox 1466 4751 1724 4817; x_wconf 85' lang='grc' dir='ltr'>γυναικὸς</span> 
     </span>
    </p>
   </div>
   <div class='ocr_carea' id='block_1_93' title="bbox 169 4835 1772 4909">
    <p class='ocr_par' dir='ltr' id='par_1_93' title="bbox 169 4835 1772 4909">
     <span class='ocr_line' id='line_1_93' title="bbox 169 4835 1772 4909; baseline 0.002 -19"><span class='ocrx_word' id='word_1_710' title='bbox 169 4838 444 4909; x_wconf 83' lang='grc' dir='ltr'>ἀμήχανον·</span> <span class='ocrx_word' id='word_1_711' title='bbox 479 4837 617 4892; x_wconf 72' lang='grc' dir='ltr'>ἀλλὰ</span> <span class='ocrx_word' id='word_1_712' title='bbox 643 4836 704 4890; x_wconf 82' lang='grc' dir='ltr'><strong>τὸ</strong></span> <span class='ocrx_word' id='word_1_713' title='bbox 731 4835 996 4907; x_wconf 82' lang='grc' dir='ltr'>πρότερον</span> <span class='ocrx_word' id='word_1_714' title='bbox 1021 4838 1244 4909; x_wconf 81' lang='grc' dir='ltr'>ἀληθὲς,</span> <span class='ocrx_word' id='word_1_715' title='bbox 1269 4839 1365 4892; x_wconf 75' lang='grc' dir='ltr'>καὶ</span> <span class='ocrx_word' id='word_1_716' title='bbox 1389 4837 1450 4891; x_wconf 84' lang='grc' dir='ltr'><strong>τδ</strong></span> <span class='ocrx_word' id='word_1_717' title='bbox 1468 4838 1722 4908; x_wconf 87' lang='grc' dir='ltr'>δεύτερον</span> <span class='ocrx_word' id='word_1_718' title='bbox 1763 4862 1772 4871; x_wconf 91' lang='grc'><strong>·</strong></span> 
     </span>
    </p>
   </div>
   <div class='ocr_carea' id='block_1_94' title="bbox 169 4923 1723 4999">
    <p class='ocr_par' dir='ltr' id='par_1_94' title="bbox 169 4923 1723 4999">
     <span class='ocr_line' id='line_1_94' title="bbox 169 4923 1723 4999; baseline 0.001 -18"><span class='ocrx_word' id='word_1_719' title='bbox 169 4929 280 4998; x_wconf 79' lang='grc' dir='ltr'>ἄρα.</span> <span class='ocrx_word' id='word_1_720' title='bbox 311 4929 368 4981; x_wconf 86' lang='grc' dir='ltr'><strong>Εί</strong></span> <span class='ocrx_word' id='word_1_721' title='bbox 393 4929 574 4982; x_wconf 78' lang='grc' dir='ltr'>πᾶσαν</span> <span class='ocrx_word' id='word_1_722' title='bbox 603 4928 703 4999; x_wconf 82' lang='grc' dir='ltr'>τὴν</span> <span class='ocrx_word' id='word_1_723' title='bbox 729 4929 984 4999; x_wconf 82' lang='grc' dir='ltr'>γέννησιν</span> <span class='ocrx_word' id='word_1_724' title='bbox 1007 4927 1195 4992; x_wconf 81' lang='grc' dir='ltr'>ἁπλῶς</span> <span class='ocrx_word' id='word_1_725' title='bbox 1217 4929 1292 4994; x_wconf 86' lang='grc' dir='ltr'><strong>ώς</strong></span> <span class='ocrx_word' id='word_1_726' title='bbox 1311 4928 1373 4982; x_wconf 80' lang='grc' dir='ltr'><strong>τὸ</strong></span> <span class='ocrx_word' id='word_1_727' title='bbox 1393 4923 1534 4983; x_wconf 76' lang='grc' dir='ltr'>εἶναι</span> <span class='ocrx_word' id='word_1_728' title='bbox 1553 4928 1723 4982; x_wconf 82' lang='grc' dir='ltr'>διδοῦ-</span> 
     </span>
    </p>
   </div>
   <div class='ocr_carea' id='block_1_95' title="bbox 172 5018 1720 5090">
    <p class='ocr_par' dir='ltr' id='par_1_95' title="bbox 172 5018 1720 5090">
     <span class='ocr_line' id='line_1_95' title="bbox 172 5018 1720 5090; baseline 0.001 -18"><span class='ocrx_word' id='word_1_729' title='bbox 172 5036 260 5072; x_wconf 88' lang='grc' dir='ltr'><strong>σαν</strong></span> <span class='ocrx_word' id='word_1_730' title='bbox 285 5019 354 5090; x_wconf 83' lang='grc' dir='ltr'><strong>τῷ</strong></span> <span class='ocrx_word' id='word_1_731' title='bbox 379 5019 704 5090; x_wconf 81' lang='grc' dir='ltr'>γεννωμένῳ</span> <span class='ocrx_word' id='word_1_732' title='bbox 728 5021 1004 5090; x_wconf 84' lang='grc' dir='ltr'>ἀναιρεῖτε</span> <span class='ocrx_word' id='word_1_733' title='bbox 1029 5018 1124 5072; x_wconf 84' lang='grc' dir='ltr'>τοῦ</span> <span class='ocrx_word' id='word_1_734' title='bbox 1147 5020 1334 5085; x_wconf 81' lang='grc' dir='ltr'>ἀῖδίως</span> <span class='ocrx_word' id='word_1_735' title='bbox 1353 5020 1506 5086; x_wconf 72' lang='grc' dir='ltr'>ὄντος</span> <span class='ocrx_word' id='word_1_736' title='bbox 1521 5021 1720 5090; x_wconf 89' lang='grc' dir='ltr'>Λόγου,</span> 
     </span>
    </p>
   </div>
   <div class='ocr_carea' id='block_1_96' title="bbox 169 5113 1720 5186">
    <p class='ocr_par' dir='ltr' id='par_1_96' title="bbox 169 5113 1720 5186">
     <span class='ocr_line' id='line_1_96' title="bbox 169 5113 1720 5186; baseline 0.003 -20"><span class='ocrx_word' id='word_1_737' title='bbox 169 5115 198 5181; x_wconf 83' lang='grc' dir='ltr'>ἢ</span> <span class='ocrx_word' id='word_1_738' title='bbox 230 5113 312 5167; x_wconf 78' lang='grc' dir='ltr'>καὶ</span> <span class='ocrx_word' id='word_1_739' title='bbox 334 5114 429 5184; x_wconf 84' lang='grc' dir='ltr'><strong>τήν</strong></span> <span class='ocrx_word' id='word_1_740' title='bbox 455 5113 686 5186; x_wconf 86' lang='grc' dir='ltr'>πρώτην</span> <span class='ocrx_word' id='word_1_741' title='bbox 709 5113 967 5184; x_wconf 83' lang='grc' dir='ltr'>γέννησιν</span> <span class='ocrx_word' id='word_1_742' title='bbox 1004 5113 1088 5166; x_wconf 84' lang='grc' dir='ltr'><strong>τὸν</strong></span> <span class='ocrx_word' id='word_1_743' title='bbox 1113 5115 1180 5167; x_wconf 85' lang='grc' dir='ltr'>ὲκ</span> <span class='ocrx_word' id='word_1_744' title='bbox 1203 5115 1417 5185; x_wconf 86' lang='grc' dir='ltr'>Πατρὸς</span> <span class='ocrx_word' id='word_1_745' title='bbox 1439 5117 1534 5170; x_wconf 82' lang='grc' dir='ltr'><strong>ἀπ’</strong></span> <span class='ocrx_word' id='word_1_746' title='bbox 1551 5115 1720 5170; x_wconf 78' lang='grc' dir='ltr'>αὑτοῦ</span> 
     </span>
    </p>
   </div>
   <div class='ocr_carea' id='block_1_97' title="bbox 169 5205 1720 5280">
    <p class='ocr_par' dir='ltr' id='par_1_97' title="bbox 169 5205 1720 5280">
     <span class='ocr_line' id='line_1_97' title="bbox 169 5205 1720 5280; baseline 0.004 -24"><span class='ocrx_word' id='word_1_747' title='bbox 169 5206 380 5260; x_wconf 83' lang='grc' dir='ltr'>ἀνελεῖτε</span> <span class='ocrx_word' id='word_1_748' title='bbox 407 5206 484 5270; x_wconf 84' lang='grc' dir='ltr'>ὡς</span> <span class='ocrx_word' id='word_1_749' title='bbox 511 5206 711 5260; x_wconf 78' lang='grc' dir='ltr'>ἀϊδίου.</span> <span class='ocrx_word' id='word_1_750' title='bbox 743 5207 817 5260; x_wconf 84' lang='grc' dir='ltr'><strong>Τὸ</strong></span> <span class='ocrx_word' id='word_1_751' title='bbox 841 5206 950 5276; x_wconf 80' lang='grc' dir='ltr'>γὰρ</span> <span class='ocrx_word' id='word_1_752' title='bbox 978 5205 1165 5270; x_wconf 82' lang='grc' dir='ltr'>ἀϊδίως</span> <span class='ocrx_word' id='word_1_753' title='bbox 1188 5206 1271 5273; x_wconf 82' lang='grc' dir='ltr'>δν,</span> <span class='ocrx_word' id='word_1_754' title='bbox 1303 5209 1561 5280; x_wconf 78' lang='grc' dir='ltr'>τεχθῆναι</span> <span class='ocrx_word' id='word_1_755' title='bbox 1583 5224 1720 5278; x_wconf 83' lang='grc' dir='ltr'>φατε</span> 
     </span>
    </p>
   </div>
   <div class='ocr_carea' id='block_1_98' title="bbox 171 5295 1714 5371">
    <p class='ocr_par' dir='ltr' id='par_1_98' title="bbox 171 5295 1714 5371">
     <span class='ocr_line' id='line_1_98' title="bbox 171 5295 1714 5371; baseline 0.004 -23"><span class='ocrx_word' id='word_1_756' title='bbox 171 5297 421 5366; x_wconf 75' lang='grc' dir='ltr'>ἀμήχανον</span> <span class='ocrx_word' id='word_1_757' title='bbox 440 5311 455 5325; x_wconf 88' lang='grc'><strong>·</strong></span> <span class='ocrx_word' id='word_1_758' title='bbox 497 5297 574 5361; x_wconf 87' lang='grc' dir='ltr'>ὡς</span> <span class='ocrx_word' id='word_1_759' title='bbox 607 5295 794 5351; x_wconf 77' lang='grc' dir='ltr'>λοιπὸν</span> <span class='ocrx_word' id='word_1_760' title='bbox 825 5298 962 5371; x_wconf 81' lang='grc' dir='ltr'>μηδὲ</span> <span class='ocrx_word' id='word_1_761' title='bbox 1017 5297 1148 5351; x_wconf 82' lang='grc' dir='ltr'>Υίὺν</span> <span class='ocrx_word' id='word_1_762' title='bbox 1176 5295 1318 5354; x_wconf 77' lang='grc' dir='ltr'>εἶναι</span> <span class='ocrx_word' id='word_1_763' title='bbox 1346 5298 1442 5353; x_wconf 81' lang='grc' dir='ltr'>τοῦ</span> <span class='ocrx_word' id='word_1_764' title='bbox 1471 5300 1714 5371; x_wconf 83' lang='grc' dir='ltr'>Πατρός⁶</span> 
     </span>
    </p>
   </div>
   <div class='ocr_carea' id='block_1_99' title="bbox 171 5387 1722 5462">
    <p class='ocr_par' dir='ltr' id='par_1_99' title="bbox 171 5387 1722 5462">
     <span class='ocr_line' id='line_1_99' title="bbox 171 5387 1722 5462; baseline 0.005 -23"><span class='ocrx_word' id='word_1_765' title='bbox 171 5390 221 5439; x_wconf 69' lang='grc' dir='ltr'>οὔ</span> <span class='ocrx_word' id='word_1_766' title='bbox 248 5387 341 5456; x_wconf 84' lang='grc' dir='ltr'><strong>γάρ</strong></span> <span class='ocrx_word' id='word_1_767' title='bbox 369 5390 514 5444; x_wconf 78' lang='grc' dir='ltr'>ἐστιν</span> <span class='ocrx_word' id='word_1_768' title='bbox 545 5387 672 5452; x_wconf 81' lang='grc' dir='ltr'>Υἱὸς</span> <span class='ocrx_word' id='word_1_769' title='bbox 700 5389 831 5444; x_wconf 84' lang='grc' dir='ltr'>ἄνευ</span> <span class='ocrx_word' id='word_1_770' title='bbox 854 5390 1016 5462; x_wconf 85' lang='grc' dir='ltr'>γεννή</span> <span class='ocrx_word' id='word_1_771' title='bbox 1027 5405 1192 5452; x_wconf 75' lang='grc' dir='ltr'>σεωςο</span> <span class='ocrx_word' id='word_1_772' title='bbox 1225 5391 1350 5446; x_wconf 83' lang='grc' dir='ltr'>οὐδὲ</span> <span class='ocrx_word' id='word_1_773' title='bbox 1379 5392 1473 5446; x_wconf 82' lang='grc' dir='ltr'>τὸν</span> <span class='ocrx_word' id='word_1_774' title='bbox 1500 5393 1722 5462; x_wconf 82' lang='grc' dir='ltr'>Πατέρα</span> 
     </span>
    </p>
   </div>
   <div class='ocr_carea' id='block_1_100' title="bbox 171 5473 1720 5556">
    <p class='ocr_par' dir='ltr' id='par_1_100' title="bbox 171 5473 1720 5556">
     <span class='ocr_line' id='line_1_100' title="bbox 171 5473 1720 5556; baseline 0.005 -26"><span class='ocrx_word' id='word_1_775' title='bbox 171 5473 292 5532; x_wconf 82' lang='grc' dir='ltr'>εἶναι</span> <span class='ocrx_word' id='word_1_776' title='bbox 317 5479 526 5550; x_wconf 82' lang='grc' dir='ltr'>Πατέρα</span> <span class='ocrx_word' id='word_1_777' title='bbox 545 5493 560 5510; x_wconf 72' lang='grc' dir='ltr'><strong>ο</strong></span> <span class='ocrx_word' id='word_1_778' title='bbox 601 5479 664 5532; x_wconf 85' lang='grc' dir='ltr'>οὐ</span> <span class='ocrx_word' id='word_1_779' title='bbox 693 5479 805 5550; x_wconf 84' lang='grc' dir='ltr'><strong>γάρ</strong></span> <span class='ocrx_word' id='word_1_780' title='bbox 833 5481 982 5534; x_wconf 75' lang='grc' dir='ltr'>ἐστιν</span> <span class='ocrx_word' id='word_1_781' title='bbox 1005 5479 1134 5534; x_wconf 83' lang='grc' dir='ltr'>ἄνευ</span> <span class='ocrx_word' id='word_1_782' title='bbox 1153 5479 1285 5535; x_wconf 87' lang='grc' dir='ltr'><strong>Υίοῦ</strong></span> <span class='ocrx_word' id='word_1_783' title='bbox 1315 5482 1525 5555; x_wconf 80' lang='grc' dir='ltr'>Πατὴρ,</span> <span class='ocrx_word' id='word_1_784' title='bbox 1556 5482 1588 5554; x_wconf 76' lang='grc' dir='ltr'>ἢ</span> <span class='ocrx_word' id='word_1_785' title='bbox 1620 5483 1720 5556; x_wconf 83' lang='grc' dir='ltr'><strong>τὴν</strong></span> 
     </span>
    </p>
   </div>
   <div class='ocr_carea' id='block_1_101' title="bbox 173 5567 1717 5641">
    <p class='ocr_par' dir='ltr' id='par_1_101' title="bbox 173 5567 1717 5641">
     <span class='ocr_line' id='line_1_101' title="bbox 173 5567 1717 5641; baseline 0.006 -23"><span class='ocrx_word' id='word_1_786' title='bbox 173 5569 229 5622; x_wconf 71' lang='grc' dir='ltr'><strong>ἐκ</strong></span> <span class='ocrx_word' id='word_1_787' title='bbox 255 5567 440 5638; x_wconf 61' lang='lat' dir='ltr'><strong>[Ia-.95;</strong></span> <span class='ocrx_word' id='word_1_788' title='bbox 488 5567 746 5638; x_wconf 80' lang='grc' dir='ltr'>γέννησιν</span> <span class='ocrx_word' id='word_1_789' title='bbox 772 5568 938 5624; x_wconf 81' lang='grc' dir='ltr'>αὑτοῦ</span> <span class='ocrx_word' id='word_1_790' title='bbox 964 5570 1385 5641; x_wconf 83' lang='grc' dir='ltr'>ὁμολογοῦντες,</span> <span class='ocrx_word' id='word_1_791' title='bbox 1417 5573 1516 5627; x_wconf 87' lang='grc' dir='ltr'>οὐκ</span> <span class='ocrx_word' id='word_1_792' title='bbox 1545 5575 1717 5628; x_wconf 81' lang='grc' dir='ltr'>ἀΐδιον</span> 
     </span>
    </p>
   </div>
   <div class='ocr_carea' id='block_1_102' title="bbox 176 5653 1715 5732">
    <p class='ocr_par' dir='ltr' id='par_1_102' title="bbox 176 5653 1715 5732">
     <span class='ocr_line' id='line_1_102' title="bbox 176 5653 1715 5732; baseline 0.004 -20"><span class='ocrx_word' id='word_1_793' title='bbox 176 5653 292 5712; x_wconf 72' lang='grc' dir='ltr'>εἶναι</span> <span class='ocrx_word' id='word_1_794' title='bbox 313 5659 482 5713; x_wconf 81' lang='grc' dir='ltr'>λοιπὸν</span> <span class='ocrx_word' id='word_1_795' title='bbox 502 5658 794 5728; x_wconf 79' lang='grc' dir='ltr'>δηλώσετε·</span> <span class='ocrx_word' id='word_1_796' title='bbox 823 5662 983 5732; x_wconf 80' lang='grc' dir='ltr'>εἴπερ</span> <span class='ocrx_word' id='word_1_797' title='bbox 1009 5661 1068 5715; x_wconf 80' lang='grc' dir='ltr'><strong>τὸ</strong></span> <span class='ocrx_word' id='word_1_798' title='bbox 1090 5662 1276 5728; x_wconf 82' lang='grc' dir='ltr'>ἀῖδίως</span> <span class='ocrx_word' id='word_1_799' title='bbox 1300 5663 1360 5717; x_wconf 84' lang='grc' dir='ltr'><strong>ὃν</strong></span> <span class='ocrx_word' id='word_1_800' title='bbox 1384 5663 1474 5718; x_wconf 80' lang='grc' dir='ltr'><strong>διὰ</strong></span> <span class='ocrx_word' id='word_1_801' title='bbox 1496 5664 1554 5718; x_wconf 74' lang='grc' dir='ltr'><strong>τὸ</strong></span> <span class='ocrx_word' id='word_1_802' title='bbox 1575 5661 1715 5720; x_wconf 81' lang='grc' dir='ltr'>εἶναι</span> 
     </span>
    </p>
   </div>
   <div class='ocr_carea' id='block_1_103' title="bbox 181 5749 1714 5828">
    <p class='ocr_par' dir='ltr' id='par_1_103' title="bbox 181 5749 1714 5828">
     <span class='ocr_line' id='line_1_103' title="bbox 181 5749 1714 5828; baseline 0.003 -23"><span class='ocrx_word' id='word_1_803' title='bbox 181 5751 330 5822; x_wconf 68' lang='grc' dir='ltr'>πάντη</span> <span class='ocrx_word' id='word_1_804' title='bbox 355 5752 410 5805; x_wconf 83' lang='grc' dir='ltr'><strong>ού</strong></span> <span class='ocrx_word' id='word_1_805' title='bbox 438 5751 661 5807; x_wconf 70' lang='grc' dir='ltr'>δυνατὸν</span> <span class='ocrx_word' id='word_1_806' title='bbox 755 5754 1003 5810; x_wconf 73' lang='grc' dir='ltr'>ὁπωσοῦν</span> <span class='ocrx_word' id='word_1_807' title='bbox 1031 5753 1249 5825; x_wconf 69' lang='grc' dir='ltr'>ἀληθῶς</span> <span class='ocrx_word' id='word_1_808' title='bbox 1274 5755 1553 5828; x_wconf 79' lang='grc' dir='ltr'>τεχθῆναι’</span> <span class='ocrx_word' id='word_1_809' title='bbox 1587 5757 1632 5809; x_wconf 84' lang='grc' dir='ltr'>εἱ</span> <span class='ocrx_word' id='word_1_810' title='bbox 1659 5756 1714 5810; x_wconf 74' lang='grc' dir='ltr'>δὲ</span> 
     </span>
    </p>
   </div>
   <div class='ocr_carea' id='block_1_104' title="bbox 1757 4555 1807 4614">
    <p class='ocr_par' dir='ltr' id='par_1_104' title="bbox 1757 4555 1807 4614">
     <span class='ocr_line' id='line_1_104' title="bbox 1757 4555 1807 4614; baseline 0 0"><span class='ocrx_word' id='word_1_811' title='bbox 1757 4555 1807 4614; x_wconf 88' lang='lat' dir='ltr'><strong>D</strong></span> 
     </span>
    </p>
   </div>
   <div class='ocr_carea' id='block_1_105' title="bbox 2478 4566 2764 4623">
    <p class='ocr_par' dir='ltr' id='par_1_105' title="bbox 2478 4566 2764 4623">
     <span class='ocr_line' id='line_1_105' title="bbox 2478 4566 2764 4623; baseline -0.01 0"><span class='ocrx_word' id='word_1_812' title='bbox 2478 4566 2631 4623; x_wconf 88' lang='lat' dir='ltr'><strong>CAP.</strong></span> <span class='ocrx_word' id='word_1_813' title='bbox 2673 4567 2764 4623; x_wconf 82' lang='lat' dir='ltr'><strong>Vl.</strong></span> 
     </span>
    </p>
   </div>
   <div class='ocr_carea' id='block_1_106' title="bbox 1890 4653 3533 4733">
    <p class='ocr_par' dir='ltr' id='par_1_106' title="bbox 1890 4653 3533 4733">
     <span class='ocr_line' id='line_1_106' title="bbox 1890 4653 3533 4733; baseline -0.002 -18"><span class='ocrx_word' id='word_1_814' title='bbox 1890 4659 1946 4716; x_wconf 91' lang='lat' dir='ltr'><strong>Si</strong></span> <span class='ocrx_word' id='word_1_815' title='bbox 1971 4659 2243 4733; x_wconf 88' lang='lat' dir='ltr'><strong>genitum,</strong></span> <span class='ocrx_word' id='word_1_816' title='bbox 2277 4659 2334 4714; x_wconf 90' lang='lat' dir='ltr'><strong>in</strong></span> <span class='ocrx_word' id='word_1_817' title='bbox 2363 4665 2634 4730; x_wconf 90' lang='lat' dir='ltr'><strong>quantum</strong></span> <span class='ocrx_word' id='word_1_818' title='bbox 2657 4665 2746 4712; x_wconf 91' lang='lat' dir='ltr'><strong>est</strong></span> <span class='ocrx_word' id='word_1_819' title='bbox 2775 4656 3050 4728; x_wconf 89' lang='lat' dir='ltr'><strong>genitum,</strong></span> <span class='ocrx_word' id='word_1_820' title='bbox 3081 4655 3424 4726; x_wconf 88' lang='lat' dir='ltr'><strong>impossibile</strong></span> <span class='ocrx_word' id='word_1_821' title='bbox 3528 4653 3533 4658; x_wconf 76' lang='grc'><em>’</em></span> 
     </span>
    </p>
   </div>
   <div class='ocr_carea' id='block_1_107' title="bbox 1820 4748 3423 4823">
    <p class='ocr_par' dir='ltr' id='par_1_107' title="bbox 1820 4748 3423 4823">
     <span class='ocr_line' id='line_1_107' title="bbox 1820 4748 3423 4823; baseline -0.004 -15"><span class='ocrx_word' id='word_1_822' title='bbox 1820 4757 1907 4808; x_wconf 88' lang='lat' dir='ltr'><strong>est</strong></span> <span class='ocrx_word' id='word_1_823' title='bbox 1935 4751 2139 4807; x_wconf 90' lang='lat' dir='ltr'><strong>iterum</strong></span> <span class='ocrx_word' id='word_1_824' title='bbox 2184 4751 2354 4823; x_wconf 87' lang='lat' dir='ltr'><strong>gigni,</strong></span> <span class='ocrx_word' id='word_1_825' title='bbox 2417 4751 2628 4820; x_wconf 90' lang='lat' dir='ltr'><strong>pariter</strong></span> <span class='ocrx_word' id='word_1_826' title='bbox 2647 4748 2797 4820; x_wconf 90' lang='lat' dir='ltr'><strong>quod</strong></span> <span class='ocrx_word' id='word_1_827' title='bbox 2829 4759 3102 4804; x_wconf 67' lang='lat' dir='ltr'><strong>aeternum</strong></span> <span class='ocrx_word' id='word_1_828' title='bbox 3145 4755 3230 4803; x_wconf 90' lang='lat' dir='ltr'><strong>est</strong></span> <span class='ocrx_word' id='word_1_829' title='bbox 3271 4748 3423 4802; x_wconf 90' lang='lat' dir='ltr'><strong>nasci</strong></span> 
     </span>
    </p>
   </div>
   <div class='ocr_carea' id='block_1_108' title="bbox 1822 4840 3508 4920">
    <p class='ocr_par' dir='ltr' id='par_1_108' title="bbox 1822 4840 3508 4920">
     <span class='ocr_line' id='line_1_108' title="bbox 1822 4840 3508 4920; baseline -0.002 -22"><span class='ocrx_word' id='word_1_830' title='bbox 1822 4843 2028 4900; x_wconf 87' lang='lat' dir='ltr'><strong>iterum</strong></span> <span class='ocrx_word' id='word_1_831' title='bbox 2081 4857 2152 4898; x_wconf 78' lang='lat' dir='ltr'><strong>ex</strong></span> <span class='ocrx_word' id='word_1_832' title='bbox 2193 4843 2428 4898; x_wconf 91' lang='lat' dir='ltr'><strong>muliere</strong></span> <span class='ocrx_word' id='word_1_833' title='bbox 2479 4842 2821 4912; x_wconf 88' lang='lat' dir='ltr'><strong>impossibile</strong></span> <span class='ocrx_word' id='word_1_834' title='bbox 2864 4851 2952 4897; x_wconf 92' lang='lat' dir='ltr'><strong>est</strong></span> <span class='ocrx_word' id='word_1_835' title='bbox 2987 4859 3000 4894; x_wconf 92' lang='lat'>:</span> <span class='ocrx_word' id='word_1_836' title='bbox 3043 4840 3198 4910; x_wconf 89' lang='lat' dir='ltr'><strong>atqui</strong></span> <span class='ocrx_word' id='word_1_837' title='bbox 3231 4857 3423 4920; x_wconf 83' lang='lat' dir='ltr'><strong>verum</strong></span> <span class='ocrx_word' id='word_1_838' title='bbox 3501 4846 3508 4855; x_wconf 87' lang='lat'><strong>‘</strong></span> 
     </span>
    </p>
   </div>
   <div class='ocr_carea' id='block_1_109' title="bbox 1821 4933 3424 5008">
    <p class='ocr_par' dir='ltr' id='par_1_109' title="bbox 1821 4933 3424 5008">
     <span class='ocr_line' id='line_1_109' title="bbox 1821 4933 3424 5008; baseline -0.002 -18"><span class='ocrx_word' id='word_1_839' title='bbox 1821 4935 2009 5008; x_wconf 90' lang='lat' dir='ltr'><strong>prius;</strong></span> <span class='ocrx_word' id='word_1_840' title='bbox 2035 4951 2170 5007; x_wconf 88' lang='lat' dir='ltr'><strong>ergo</strong></span> <span class='ocrx_word' id='word_1_841' title='bbox 2195 4943 2251 4991; x_wconf 90' lang='lat' dir='ltr'><strong>et</strong></span> <span class='ocrx_word' id='word_1_842' title='bbox 2279 4935 2574 5005; x_wconf 88' lang='lat' dir='ltr'><strong>posterius.</strong></span> <span class='ocrx_word' id='word_1_843' title='bbox 2597 4963 2669 4974; x_wconf 94' lang='lat'><strong>—-</strong></span> <span class='ocrx_word' id='word_1_844' title='bbox 2690 4933 2750 4990; x_wconf 90' lang='lat' dir='ltr'><strong>Si</strong></span> <span class='ocrx_word' id='word_1_845' title='bbox 2766 4948 2986 4988; x_wconf 91' lang='lat' dir='ltr'><strong>omnem</strong></span> <span class='ocrx_word' id='word_1_846' title='bbox 3009 4933 3424 5004; x_wconf 85' lang='lat' dir='ltr'><strong>generationem</strong></span> 
     </span>
    </p>
   </div>
   <div class='ocr_carea' id='block_1_110' title="bbox 1829 5024 3427 5100">
    <p class='ocr_par' dir='ltr' id='par_1_110' title="bbox 1829 5024 3427 5100">
     <span class='ocr_line' id='line_1_110' title="bbox 1829 5024 3427 5100; baseline -0.004 -16"><span class='ocrx_word' id='word_1_847' title='bbox 1829 5027 2157 5100; x_wconf 87' lang='lat' dir='ltr'><strong>simpliciter</strong></span> <span class='ocrx_word' id='word_1_848' title='bbox 2213 5035 2474 5096; x_wconf 88' lang='lat' dir='ltr'><strong>tanquam</strong></span> <span class='ocrx_word' id='word_1_849' title='bbox 2519 5024 2902 5080; x_wconf 82' lang='lat' dir='ltr'><strong>exsistentiam</strong></span> <span class='ocrx_word' id='word_1_850' title='bbox 2957 5024 3185 5080; x_wconf 88' lang='lat' dir='ltr'><strong>dantem</strong></span> <span class='ocrx_word' id='word_1_851' title='bbox 3237 5024 3427 5095; x_wconf 71' lang='lat' dir='ltr'><strong>genito</strong></span> 
     </span>
    </p>
   </div>
   <div class='ocr_carea' id='block_1_111' title="bbox 1827 5115 3424 5188">
    <p class='ocr_par' dir='ltr' id='par_1_111' title="bbox 1827 5115 3424 5188">
     <span class='ocr_line' id='line_1_111' title="bbox 1827 5115 3424 5188; baseline -0.003 -14"><span class='ocrx_word' id='word_1_852' title='bbox 1827 5118 2022 5174; x_wconf 88' lang='lat' dir='ltr'><strong>tollitis</strong></span> <span class='ocrx_word' id='word_1_853' title='bbox 2049 5134 2082 5174; x_wconf 90' lang='lat' dir='ltr'><strong>a</strong></span> <span class='ocrx_word' id='word_1_854' title='bbox 2110 5116 2296 5175; x_wconf 76' lang='lat' dir='ltr'><strong>Verbo</strong></span> <span class='ocrx_word' id='word_1_855' title='bbox 2317 5125 2548 5182; x_wconf 69' lang='lat' dir='ltr'><strong>aeterno,</strong></span> <span class='ocrx_word' id='word_1_856' title='bbox 2585 5129 2719 5170; x_wconf 89' lang='lat' dir='ltr'><strong>sane</strong></span> <span class='ocrx_word' id='word_1_857' title='bbox 2746 5125 2804 5170; x_wconf 90' lang='lat' dir='ltr'><strong>et</strong></span> <span class='ocrx_word' id='word_1_858' title='bbox 2829 5115 3066 5185; x_wconf 88' lang='lat' dir='ltr'><strong>primam</strong></span> <span class='ocrx_word' id='word_1_859' title='bbox 3095 5115 3424 5188; x_wconf 87' lang='lat' dir='ltr'><strong>generatio-</strong></span> 
     </span>
    </p>
   </div>
   <div class='ocr_carea' id='block_1_112' title="bbox 1828 5206 3425 5281">
    <p class='ocr_par' dir='ltr' id='par_1_112' title="bbox 1828 5206 3425 5281">
     <span class='ocr_line' id='line_1_112' title="bbox 1828 5206 3425 5281; baseline -0.001 -16"><span class='ocrx_word' id='word_1_860' title='bbox 1828 5225 1957 5266; x_wconf 90' lang='lat' dir='ltr'><strong>nem</strong></span> <span class='ocrx_word' id='word_1_861' title='bbox 1990 5225 2115 5281; x_wconf 56' lang='lat' dir='ltr'><strong>qua;</strong></span> <span class='ocrx_word' id='word_1_862' title='bbox 2155 5219 2242 5266; x_wconf 89' lang='lat' dir='ltr'><strong>est</strong></span> <span class='ocrx_word' id='word_1_863' title='bbox 2293 5224 2362 5264; x_wconf 81' lang='lat' dir='ltr'><strong>ex</strong></span> <span class='ocrx_word' id='word_1_864' title='bbox 2391 5209 2554 5263; x_wconf 91' lang='lat' dir='ltr'><strong>Patre</strong></span> <span class='ocrx_word' id='word_1_865' title='bbox 2597 5206 2669 5262; x_wconf 91' lang='lat' dir='ltr'><strong>ab</strong></span> <span class='ocrx_word' id='word_1_866' title='bbox 2697 5222 2766 5262; x_wconf 91' lang='lat' dir='ltr'><strong>eo</strong></span> <span class='ocrx_word' id='word_1_867' title='bbox 2816 5207 3044 5273; x_wconf 90' lang='lat' dir='ltr'><strong>tolletis,</strong></span> <span class='ocrx_word' id='word_1_868' title='bbox 3098 5217 3160 5262; x_wconf 83' lang='lat' dir='ltr'><strong>ut</strong></span> <span class='ocrx_word' id='word_1_869' title='bbox 3191 5215 3425 5264; x_wconf 83' lang='lat' dir='ltr'><strong>aeterno.</strong></span> 
     </span>
    </p>
   </div>
   <div class='ocr_carea' id='block_1_113' title="bbox 1826 5297 3423 5370">
    <p class='ocr_par' dir='ltr' id='par_1_113' title="bbox 1826 5297 3423 5370">
     <span class='ocr_line' id='line_1_113' title="bbox 1826 5297 3423 5370; baseline -0.003 -12"><span class='ocrx_word' id='word_1_870' title='bbox 1826 5301 1986 5368; x_wconf 87' lang='lat' dir='ltr'><strong>Quod</strong></span> <span class='ocrx_word' id='word_1_871' title='bbox 2013 5303 2166 5358; x_wconf 87' lang='lat' dir='ltr'><strong>enim</strong></span> <span class='ocrx_word' id='word_1_872' title='bbox 2204 5310 2290 5356; x_wconf 88' lang='lat' dir='ltr'><strong>est</strong></span> <span class='ocrx_word' id='word_1_873' title='bbox 2317 5307 2610 5366; x_wconf 68' lang='lat' dir='ltr'><strong>aaternum,</strong></span> <span class='ocrx_word' id='word_1_874' title='bbox 2636 5297 2787 5354; x_wconf 89' lang='lat' dir='ltr'><strong>nasci</strong></span> <span class='ocrx_word' id='word_1_875' title='bbox 2820 5299 3163 5370; x_wconf 89' lang='lat' dir='ltr'><strong>impossibile</strong></span> <span class='ocrx_word' id='word_1_876' title='bbox 3183 5298 3423 5354; x_wconf 81' lang='lat' dir='ltr'><strong>aliirma—</strong></span> 
     </span>
    </p>
   </div>
   <div class='ocr_carea' id='block_1_114' title="bbox 1829 5383 3419 5452">
    <p class='ocr_par' dir='ltr' id='par_1_114' title="bbox 1829 5383 3419 5452">
     <span class='ocr_line' id='line_1_114' title="bbox 1829 5383 3419 5452; baseline -0.004 -8"><span class='ocrx_word' id='word_1_877' title='bbox 1829 5389 1902 5444; x_wconf 89' lang='lat' dir='ltr'><strong>tis</strong></span> <span class='ocrx_word' id='word_1_878' title='bbox 1933 5407 1947 5444; x_wconf 92' lang='lat'><strong>:</strong></span> <span class='ocrx_word' id='word_1_879' title='bbox 1985 5389 2132 5444; x_wconf 90' lang='lat' dir='ltr'><strong>unde</strong></span> <span class='ocrx_word' id='word_1_880' title='bbox 2167 5395 2340 5442; x_wconf 91' lang='lat' dir='ltr'><strong>restat</strong></span> <span class='ocrx_word' id='word_1_881' title='bbox 2379 5394 2441 5442; x_wconf 89' lang='lat' dir='ltr'><strong>ut</strong></span> <span class='ocrx_word' id='word_1_882' title='bbox 2471 5401 2576 5442; x_wconf 90' lang='lat' dir='ltr'><strong>nec</strong></span> <span class='ocrx_word' id='word_1_883' title='bbox 2617 5385 2767 5441; x_wconf 81' lang='lat' dir='ltr'><strong>ﬁlius</strong></span> <span class='ocrx_word' id='word_1_884' title='bbox 2792 5385 3097 5452; x_wconf 86' lang='lat' dir='ltr'><strong>sitPatris;</strong></span> <span class='ocrx_word' id='word_1_885' title='bbox 3131 5401 3245 5440; x_wconf 92' lang='lat' dir='ltr'><strong>non</strong></span> <span class='ocrx_word' id='word_1_886' title='bbox 3271 5383 3419 5438; x_wconf 88' lang='lat' dir='ltr'><strong>enim</strong></span> 
     </span>
    </p>
   </div>
   <div class='ocr_carea' id='block_1_115' title="bbox 1826 5475 3416 5550">
    <p class='ocr_par' dir='ltr' id='par_1_115' title="bbox 1826 5475 3416 5550">
     <span class='ocr_line' id='line_1_115' title="bbox 1826 5475 3416 5550; baseline -0.005 -14"><span class='ocrx_word' id='word_1_887' title='bbox 1826 5489 1911 5537; x_wconf 90' lang='lat' dir='ltr'><strong>est</strong></span> <span class='ocrx_word' id='word_1_888' title='bbox 1939 5480 2112 5536; x_wconf 85' lang='lat' dir='ltr'><strong>Filius</strong></span> <span class='ocrx_word' id='word_1_889' title='bbox 2145 5479 2266 5534; x_wconf 89' lang='lat' dir='ltr'><strong>sine</strong></span> <span class='ocrx_word' id='word_1_890' title='bbox 2305 5477 2703 5550; x_wconf 88' lang='lat' dir='ltr'><strong>generatione;</strong></span> <span class='ocrx_word' id='word_1_891' title='bbox 2767 5493 2872 5532; x_wconf 90' lang='lat' dir='ltr'><strong>nec</strong></span> <span class='ocrx_word' id='word_1_892' title='bbox 2903 5479 3068 5532; x_wconf 84' lang='lat' dir='ltr'><strong>Pater</strong></span> <span class='ocrx_word' id='word_1_893' title='bbox 3101 5475 3174 5531; x_wconf 89' lang='lat' dir='ltr'><strong>sit</strong></span> <span class='ocrx_word' id='word_1_894' title='bbox 3227 5482 3416 5545; x_wconf 86' lang='lat' dir='ltr'><strong>pater;</strong></span> 
     </span>
    </p>
   </div>
   <div class='ocr_carea' id='block_1_116' title="bbox 1826 5557 3424 5644">
    <p class='ocr_par' dir='ltr' id='par_1_116' title="bbox 1826 5557 3424 5644">
     <span class='ocr_line' id='line_1_116' title="bbox 1826 5557 3424 5644; baseline -0.005 -14"><span class='ocrx_word' id='word_1_895' title='bbox 1826 5591 1935 5630; x_wconf 91' lang='lat' dir='ltr'><strong>non</strong></span> <span class='ocrx_word' id='word_1_896' title='bbox 1966 5575 2115 5630; x_wconf 88' lang='lat' dir='ltr'><strong>enim</strong></span> <span class='ocrx_word' id='word_1_897' title='bbox 2135 5581 2220 5628; x_wconf 88' lang='lat' dir='ltr'><strong>est</strong></span> <span class='ocrx_word' id='word_1_898' title='bbox 2251 5580 2407 5644; x_wconf 88' lang='lat' dir='ltr'><strong>pater</strong></span> <span class='ocrx_word' id='word_1_899' title='bbox 2427 5557 2548 5627; x_wconf 81' lang='lat' dir='ltr'><strong>sine</strong></span> <span class='ocrx_word' id='word_1_900' title='bbox 2582 5571 2718 5627; x_wconf 83' lang='lat' dir='ltr'><strong>ﬁlio.</strong></span> <span class='ocrx_word' id='word_1_901' title='bbox 2749 5571 2844 5627; x_wconf 83' lang='lat' dir='ltr'><strong>Vel</strong></span> <span class='ocrx_word' id='word_1_902' title='bbox 2880 5572 3030 5626; x_wconf 87' lang='lat' dir='ltr'><strong>illius</strong></span> <span class='ocrx_word' id='word_1_903' title='bbox 3049 5585 3116 5625; x_wconf 82' lang='lat' dir='ltr'><strong>ex</strong></span> <span class='ocrx_word' id='word_1_904' title='bbox 3138 5569 3298 5624; x_wconf 90' lang='lat' dir='ltr'><strong>Patre</strong></span> <span class='ocrx_word' id='word_1_905' title='bbox 3329 5581 3424 5638; x_wconf 61' lang='lat' dir='ltr'><strong>gco</strong></span> 
     </span>
    </p>
   </div>
   <div class='ocr_carea' id='block_1_117' title="bbox 1824 5665 3418 5728">
    <p class='ocr_par' dir='ltr' id='par_1_117' title="bbox 1824 5665 3418 5728">
     <span class='ocr_line' id='line_1_117' title="bbox 1824 5665 3418 5728; baseline -0.004 -7"><span class='ocrx_word' id='word_1_906' title='bbox 1824 5666 2166 5721; x_wconf 85' lang='lat' dir='ltr'><strong>nerationem</strong></span> <span class='ocrx_word' id='word_1_907' title='bbox 2213 5665 2576 5728; x_wconf 76' lang='lat' dir='ltr'><strong>conﬁtentes,</strong></span> <span class='ocrx_word' id='word_1_908' title='bbox 2626 5673 2756 5718; x_wconf 89' lang='lat' dir='ltr'><strong>tunc</strong></span> <span class='ocrx_word' id='word_1_909' title='bbox 2817 5679 2928 5717; x_wconf 93' lang='lat' dir='ltr'><strong>non</strong></span> <span class='ocrx_word' id='word_1_910' title='bbox 2977 5671 3245 5717; x_wconf 67' lang='lat' dir='ltr'><strong>aeternum</strong></span> <span class='ocrx_word' id='word_1_911' title='bbox 3295 5675 3418 5715; x_wconf 71' lang='lat' dir='ltr'><strong>esse</strong></span> 
     </span>
    </p>
   </div>
   <div class='ocr_carea' id='block_1_118' title="bbox 1825 5752 3410 5826">
    <p class='ocr_par' dir='ltr' id='par_1_118' title="bbox 1825 5752 3410 5826">
     <span class='ocr_line' id='line_1_118' title="bbox 1825 5752 3410 5826; baseline -0.004 -14"><span class='ocrx_word' id='word_1_912' title='bbox 1825 5757 2046 5814; x_wconf 87' lang='lat' dir='ltr'><strong>tandem</strong></span> <span class='ocrx_word' id='word_1_913' title='bbox 2071 5756 2406 5822; x_wconf 86' lang='lat' dir='ltr'><strong>ostcndctis,</strong></span> <span class='ocrx_word' id='word_1_914' title='bbox 2441 5754 2712 5826; x_wconf 83' lang='lat' dir='ltr'><strong>siquidem</strong></span> <span class='ocrx_word' id='word_1_915' title='bbox 2755 5752 2901 5824; x_wconf 88' lang='lat' dir='ltr'><strong>quod</strong></span> <span class='ocrx_word' id='word_1_916' title='bbox 2952 5752 3019 5808; x_wconf 89' lang='lat' dir='ltr'><strong>ab</strong></span> <span class='ocrx_word' id='word_1_917' title='bbox 3051 5761 3258 5806; x_wconf 68' lang='lat' dir='ltr'><strong>mtcrno</strong></span> <span class='ocrx_word' id='word_1_918' title='bbox 3305 5760 3410 5820; x_wconf 76' lang='lat' dir='ltr'><strong>est,</strong></span> 
     </span>
    </p>
   </div>
  </div>
