3858 6156
127 279 315 343 1655
1133 275 1534 336 ADVERSUS
1569 275 2122 342 NESTORIANOS.
2157 305 2226 320 -
2253 280 2401 343 LIB.
2445 282 2546 345 IV.
3325 288 3468 354 1666

119 395 530 466 γεγέννηται,
555 392 650 446 καὶ
679 393 741 446 ὲκ
767 392 866 462 τῆς
889 390 1098 452 οὐσίας,
1127 389 1161 462 ἢ
1192 391 1258 460 τῇ
1281 389 1512 461 διαφορᾷ
1533 389 1641 444 τῶν
1664 391 1770 461 τρό-

1887 392 1994 446 alia
2036 393 2227 450 multa.
2262 394 2406 450 Num
2433 397 2603 468 igitur
2628 398 2748 456 haec
2769 401 2957 457 omnia
3001 402 3212 460 homini
3242 421 3363 462 esse
3393 413 3468 465 si-

127 504 286 543 πων
346 487 450 541 καὶ
483 485 658 555 λόγων
677 523 692 548 ,
752 484 846 538 καὶ
873 482 1016 537 ὑλῶν
1036 523 1052 544 .
1091 481 1370 552 διαφέρειν
1400 483 1612 552 ἀνάγκη
1641 485 1770 552 πρδος

1885 485 2037 540 milia
2070 487 2251 556 quoad
2285 489 2648 546 substantiam
2677 494 3016 550 censendum
3049 499 3176 553 est?
3197 498 3468 564 Quoniam

127 577 254 632 τὸν
282 578 562 642 τεκόντα;
586 575 682 628 καὶ
707 575 836 629 τάδε
865 574 964 628 οὐκ
993 573 1058 626 ὲκ
1076 575 1176 643 τῆς
1199 571 1386 630 οὐσίας
1406 573 1570 626 αὐτοῦ
1597 574 1770 643 πάσης

1887 575 1944 630 in
2001 577 2459 636 substantiam’et
2521 585 2825 640 secundum
2876 587 3267 656 substantiam,
3297 601 3358 646 et
3401 607 3470 646 ex

132 671 184 742 ἢ
227 669 445 742 μόνης,
476 668 511 740 ἦ
552 669 688 739 μόνα
712 668 1030 739 τικτόμενα.

1885 669 2195 726 substantia
2245 675 2498 743 quaedam
2546 676 2747 731 horum
2779 679 3104 750 gignuntur,
3143 697 3330 738 nonne
3361 683 3468 738 dil-

136 767 424 824 ferentia
475 765 768 820 modorum
817 773 875 820 et
921 764 1216 820 verborum
1261 773 1318 818 et
1351 763 1636 829 materiae,
1697 778 1760 818 ea
1808 763 2034 820 dillerre
2067 782 2296 824 necesse
2334 777 2420 824 est
2476 771 2707 826 relative
2754 775 2824 829 ad
2851 775 3190 846 gignentem.
3231 776 3302 832 Et
3350 777 3470 833 haec

140 877 286 916 non
320 871 460 915 sunt
485 875 554 915 ex
581 859 702 930 ejus
731 858 1042 914 substantia
1090 866 1202 913 tota
1223 859 1312 914 vel
1346 858 1481 922 sola,
1500 873 1604 913 nec
1635 868 1765 913 sunt
1799 861 1962 915 unica
1993 861 2198 931 genita.

237 951 471 1006 Οὐκοῦν
519 954 569 1005 εί
599 953 694 1005 καὶ
721 951 750 1002 6
777 949 914 1014 Θεὸς
937 951 1108 1018 Λόγος
1142 952 1208 1002 ὲκ
1231 951 1332 1020 τῆς
1359 951 1521 1019 ἁγίας
1549 949 1768 1022 Παρθέ-

1943 953 2120 1024 lgitur
2149 955 2252 1010 etsi
2282 955 2430 1011 Deus
2467 956 2708 1012 Verbum
2733 973 2800 1012 ex
2830 969 3020 1016 sancta
3051 961 3281 1033 Virgine
3310 963 3467 1033 geni-

141 1066 265 1103 νου
303 1045 638 1116 γεγέννηται
671 1045 862 1116 σὺν-τῇ
892 1044 1076 1115 σαρκὶ,
1103 1044 1165 1096 οὐ
1196 1043 1358 1113 ’μόνος
1381 1043 1534 1112 ψιλὸς
1553 1042 1653 1112 τὴν
1675 1040 1770 1112 φύ-

1885 1052 1963 1100 Lus
1995 1054 2082 1100 est
2104 1061 2231 1101 cum
2263 1061 2449 1110 carne,
2473 1063 2586 1101 non
2612 1050 2764 1102 solus
2787 1059 2980 1105 natura
3003 1054 3254 1122 simplex,
3281 1069 3463 1124 neque

151 1157 262 1193 σιν
313 1138 445 1191 οὐδὲ
480 1138 545 1189 ὲκ
572 1137 734 1205 τῆσίε
760 1136 901 1204 ἔχων
933 1137 994 1187 τὸ
1017 1133 1204 1197 ἁπλῶς
1231 1131 1374 1188 εἶναι
1395 1172 1412 1198 ,
1443 1135 1528 1198 τίς
1557 1135 1770 1203 ἀνάγκη

1885 1135 2085 1191 habens
2133 1152 2200 1192 ex
2231 1137 2352 1206 ipsa
2387 1137 2694 1208 simplicem
2737 1141 3134 1202 exsistentiam.
3187 1143 3322 1213 quid
3367 1160 3464 1202 ne-

152 1231 370 1300 πάσης
402 1229 502 1298 τῆς
525 1228 714 1288 οὐσίας
742 1229 998 1281 ἀπαιτεῖν
1018 1225 1280 1295 όμοίωτιν
1303 1225 1398 1279 τοῦ
1421 1225 1770 1295 γεννηθέντος

1885 1241 2025 1281 :esse
2050 1237 2136 1282 est
2170 1227 2344 1283 totius
2379 1229 2706 1286 substantiae
2741 1233 3020 1298 postulare
3045 1233 3462 1292 similitudinem

152 1323 321 1393 πρὸς
373 1319 437 1373 τὸ
481 1318 732 1372 ὁπωσοῦν
764 1317 1078 1386 γεννῆσανς
1115 1317 1213 1384 τῆς
1239 1320 1549 1385 γεννήσεως
1579 1316 1770 1386 ὁμολο-

1885 1315 2058 1386 gcniti
2112 1317 2343 1372 relative
2392 1318 2461 1372 ad
2497 1333 2624 1372 eum
2671 1318 2765 1388 qui
2798 1335 3024 1388 quoquo
3067 1321 3232 1374 modo
3254 1324 3464 1391 genuit,

153 1411 462 1482 γουμένης
495 1411 570 1478 μὴ
599 1405 741 1462 εἶναι
771 1409 936 1478 τῆσδε
965 1408 1264 1478 πατρικῆς,
1288 1409 1322 1478 ἢ
1351 1407 1486 1478 μόνη
1508 1407 1570 1460 τὸ
1593 1409 1770 1477 ἀπαρ-

1885 1421 2011 1460 cum
2071 1406 2126 1460 in
2157 1406 2411 1462 confesso
2435 1409 2508 1462 sit
2539 1408 2682 1463 hanc
2727 1409 3138 1479 generationem
3184 1419 3469 1478 paternam

158 1503 458 1557 ἀλλακτον
495 1501 598 1569 τῆς
629 1498 942 1569 ὁμοιώσεως
973 1500 1071 1570 τῆς
1093 1498 1279 1562 οὐσίας
1310 1497 1405 1551 τοῦ
1439 1499 1770 1567 γεννήματος

1885 1511 1992 1551 non
2018 1511 2141 1552 esse
2173 1513 2293 1552 eam
2325 1514 2450 1567 quae
2475 1499 2591 1554 sola
2645 1498 2991 1554 demonstrat
3049 1500 3468 1556 similitudinem

157 1593 434 1648 δείκνυσι
483 1593 621 1662 πρὸς
665 1593 754 1644 τὸν
797 1593 1178 1662 γεννήσαντα,
1229 1592 1400 1663 ἤγουν
1433 1589 1527 1644 τοῦ
1559 1589 1770 1662 Πατρδς

1885 1587 2207 1648 substantiae
2235 1589 2404 1659 geniti
2435 1589 2663 1644 relative
2699 1589 2766 1644 ad
2795 1591 3133 1660 gignentem,
3165 1591 3343 1646 Patris
3366 1593 3472 1646 sci~

160 1687 329 1758 πρὸς
380 1687 472 1739 τὸν
519 1683 714 1738 ἑαυτοῦ
764 1685 892 1740 ἄνευ
929 1684 1133 1754 σαρκὸς
1161 1684 1352 1751 Λόγον.
1402 1683 1468 1736 Ἡ
1499 1684 1609 1752 γὰρ
1637 1682 1770 1751 σὰρξ

1885 1679 2013 1734 licet
2064 1680 2296 1735 relative
2342 1681 2412 1736 ad
2449 1697 2610 1736 suum
2658 1683 2782 1736 sine
2814 1697 2980 1736 carne
3021 1683 3473 1740 Verbum?Caro

155 1779 280 1832 καὶ
334 1777 366 1830 ό
401 1775 579 1844 Λόγος
631 1777 660 1828 6
703 1772 886 1846 προὼν
919 1773 1244 1842 γεγέννηται
1277 1772 1343 1824 ὲκ
1366 1771 1466 1840 τῆς
1491 1769 1650 1837 ἁγίας
1675 1770 1770 1821 Δε-

1885 1771 2027 1825 enim
2057 1780 2114 1826 et
2133 1771 2376 1827 Verbum
2409 1775 2800 1843 prteexsistens
2829 1773 3012 1844 genita
3037 1784 3166 1828 sunt
3191 1791 3255 1829 ex
3278 1759 3468 1831 sancta

145 1869 423 1938 ,σποίνης
447 1885 462 1898 ·
497 1869 594 1921 καὶ
627 1865 752 1920 οὔτε
783 1867 942 1936 μόνος
961 1905 974 1930 ,
1008 1861 1132 1917 οὔτε
1169 1865 1234 1918 ἐκ
1265 1863 1433 1932 μόνης
1461 1864 1560 1932 τῆς
1587 1861 1770 1923 οὐσίας

1885 1864 2140 1928 Domina,
2177 1865 2274 1920 sed
2307 1880 2488 1935 neque
2533 1865 2712 1919 solum
2750 1865 3019 1928 Verbum,
3051 1881 3235 1934 neque
3259 1882 3326 1920 ex
3353 1867 3470 1921 sola

164 1963 285 2032 τῆς
313 1962 477 2031 ἁγίας
509 1960 814 2030 Παρθένου,
845 1959 921 2017 ὡς
949 1960 1014 2011 ἐκ
1039 1957 1251 2026 Πατρός
1275 1973 1290 1988 ο
1325 1955 1486 2009 τοῦτο
1509 1955 1616 2025 γὰρ
1649 1955 1778 2024 ὑμῖν

165 2055 290 2112 οὐκ
320 2053 540 2121 ὔλέγετο
573 2053 702 2120 παρ’
729 2049 887 2121 ἡμῶν
907 2089 923 2114 ,
959 2049 1036 2112 ὡς
1073 2049 1246 2116 Λόγον
1279 2047 1441 2118 μόνον
1486 2047 1778 2114 ἐγέννησεν

165 2150 214 2222 ἡ
245 2148 423 2220 μόνηο
455 2147 488 2219 ἢ
523 2146 599 2217 μὴ
627 2147 909 2217 προόντος,
939 2142 1078 2197 ἁλὶ-ὰ
1103 2142 1248 2196 κατὰ
1271 2141 1372 2212 τὴν
1394 2141 1583 2195 οὐσίαν
1604 2141 1777 2210 αὐτῆς

175 2239 622 2312 σεσαρκωμένου
648 2253 662 2268 ο
722 2237 844 2292 ὅθεν
875 2235 1112 2307 Χριστὸς
1157 2235 1278 2288 κατ’
1305 2233 1472 2304 ἄμφω
1500 2231 1668 2286 αὐτοῦ
1693 2229 1776 2284 ’τὰ

177 2334 339 2406 μέρη
368 2333 396 2384 ό
418 2329 724 2399 γεννηθεὶς,
751 2329 846 2382 ἆτε
875 2330 1086 2398 χρῖσμα
1112 2327 1206 2378 καί
1229 2326 1518 2396 χριόμενος
1539 2323 1772 2394 εἷρηταυ

175 2428 236 2480 εἰ
271 2425 330 2478 δὲ
361 2423 550 2484 τοῦτον
592 2423 673 2475 ἑνὶ
701 2423 920 2484 πάντως
969 2421 1064 2474 καὶ
1092 2419 1154 2472 οὐ
1180 2418 1273 2472 δύο
1302 2417 1663 2489 ἑτεροουσίοις
1688 2414 1778 2468 λέ-

175 2533 312 2587 γειν
343 2514 631 2583 όμοούσιον
663 2514 808 2582 ἡμᾶς
839 2512 1199 2591 είσπράττετε
1222 2551 1238 2574 ,
1283 2509 1402 2580 ὥρα
1457 2509 1604 2576 ὑμᾶς
1637 2505 1776 2579 μηδὲ

177 2607 285 2664 τδν
323 2605 500 2676 Ἀδὰμ
537 2606 644 2658 ἀπὸ
673 2605 778 2674 γῆς
803 2620 864 2656 τε
895 2605 992 2657 καὶ
1019 2603 1169 2656 θείου
1195 2602 1596 2673 ἐμφυσήματος
1623 2599 1778 2668 γενό-

179 2717 362 2774 μενον
381 2739 396 2764 ,
443 2699 584 2752 κατὰ
615 2697 844 2765 θάτερον
877 2699 935 2750 ὲν
962 2695 1111 2765 αὐτῷ
1147 2694 1328 2766 μερῶν
1351 2693 1532 2761 λόγον,
1569 2692 1778 2762 θατέρᾳ

179 2785 374 2862 λέγειν
408 2791 709 2860 συστατικῇ
743 2787 910 2842 αὐτοῦ
938 2787 1098 2858 οὐσίᾳ
1129 2784 1414 2856 όμοούσιον
1447 2779 1590 2836 εἶναι
1612 2799 1625 2811 ·
1660 2781 1775 2836 ἀλλ’

183 2887 222 2948 ἢ
261 2886 406 2940 θεῖον
438 2883 602 2938 αὐτοῦ
633 2881 857 2949 δοξάσαι
903 2882 999 2936 καὶ
1042 2879 1104 2935 τὸ
1147 2884 1356 2950 γήϊνον,
1391 2879 1424 2951 ἦ
1459 2880 1650 2952 γήϊνον
1683 2878 1778 2932 καὶ

185 2979 342 3033 θεῖον
388 2975 829 3046 ὑπολαμϐάνειν
886 2977 936 3028 εί
980 2975 1036 3028 δὲ
1079 2975 1254 3028 ταῦτα
1295 2974 1390 3026 ἐπὶ
1421 2973 1613 3026 τούτου
1636 2972 1778 3042 ’πρό-

1876 1954 2183 2010 substantia
2226 1965 2432 2012 sancta:
2484 1955 2749 2026 Virginis,
2805 1956 2952 2011 sicut
3003 1972 3070 2011 ex
3120 1957 3301 2012 Patre.
3353 1955 3470 2011 Hoc

1827 2102 1831 2106 .
1876 2047 2026 2102 enim
2052 2062 2335 2116 nunquam
2365 2047 2526 2102 vobis
2553 2046 2764 2101 dictum
2789 2046 2894 2100 fuit
2949 2062 2979 2101 a
3015 2047 3200 2110 nobis,
3252 2047 3468 2102 scilicet

1877 2137 2120 2192 Verbum
2160 2136 2338 2190 solum
2393 2136 2643 2206 genitum
2699 2135 2869 2190 fuisse
2919 2151 2984 2190 ex
3033 2137 3124 2190 illa
3177 2136 3312 2198 sola,
3369 2144 3468 2190 aut

1876 2229 2062 2285 Verbo
2085 2243 2196 2284 non
2241 2229 2694 2299 praeexsistente;
2733 2228 2827 2282 sed
2856 2227 3092 2282 dicimus
3119 2229 3468 2283 inearnatum

1876 2335 1944 2376 ex
1977 2321 2098 2392 ejus
2127 2321 2462 2376 substantia.
2491 2319 2648 2376 Unde
2696 2319 2934 2375 Verbum
2964 2321 3234 2391 genitum,
3262 2335 3468 2375 secun-

1877 2412 2010 2468 dum
2039 2424 2331 2484 utramque
2368 2428 2521 2468 suam
2554 2422 2788 2482 partem,
2832 2413 3042 2467 dictum
3077 2420 3161 2468 est
3187 2411 3466 2476 Christus,

1879 2510 2071 2572 utpote
2105 2503 2296 2557 unctio
2355 2501 2520 2558 simul
2551 2510 2608 2556 et
2634 2510 2854 2556 unctus.
2893 2502 2949 2556 Si
2985 2511 3167 2556 autem
3198 2501 3346 2556 hunc
3370 2501 3467 2556 uni

1875 2591 2103 2647 omnino
2129 2600 2186 2646 et
2222 2605 2331 2646 non
2355 2591 2574 2646 duobus
2601 2590 2837 2646 diversa:
2867 2591 3194 2646 substantiae
3222 2591 3466 2647 consub-

1877 2684 2188 2738 stantialem
2218 2683 2405 2738 dicere
2439 2697 2541 2738 nos
2567 2683 2797 2752 cogitis,
2823 2683 2936 2753 jam
2969 2683 3131 2739 decet
3162 2699 3262 2738 vos
3288 2699 3467 2755 neque

1877 2775 2148 2830 Adamum
2179 2789 2209 2828 e
2233 2785 2380 2829 terra
2409 2781 2466 2828 et
2491 2773 2682 2828 divino
2711 2773 2840 2829 ﬂatu
2867 2775 3134 2846 genitum,
3160 2777 3462 2832 secundum

1877 2867 2198 2922 alterutram
2211 2855 2478 2922 rationem
2493 2866 2732 2936 partiutn
2747 2865 2950 2935 quibus
2962 2877 3198 2930 constat,
3213 2868 3465 2924 alterutri

1877 2958 2242 3013 constituenti
2301 2957 2627 3012 substantiae
2674 2956 2860 3013 dicere
2915 2973 3038 3014 esse
3099 2959 3468 3038 consubstan-

185 3073 356 3142 δηλον
397 3070 512 3141 ἔχει
562 3071 664 3141 τὴν
705 3067 952 3138 πλάνην,
1014 3067 1231 3139 ἀληθῶς
1284 3066 1380 3120 καὶ¹
1428 3069 1457 3119 ό
1498 3061 1581 3129 εἷς
1618 3064 1770 3135 ἡμῶν

1885 3049 2092 3112 tialem,
2119 3048 2218 3103 sed
2249 3058 2346 3103 aut
2387 3049 2638 3102 divinum
2663 3048 2939 3104 aestimare
2967 3049 3133 3104 etiam
3164 3060 3468 3117 terrenum,

189 3165 433 3236 Χριστος
486 3159 820 3232 ἀμφοτέροις
875 3157 985 3212 τῶν
1029 3158 1374 3230 γεννητόρων
1428 3157 1493 3210 ὲκ
1540 3156 1782 3227 θατέρου.

189 3256 306 3312 τῶν
333 3257 392 3310 ιν
416 3253 565 3326 αὐτῷ
591 3254 774 3324 ὅμοιος
802 3247 944 3305 εἶναι
968 3249 1192 3304 δύναταί
1215 3266 1273 3302 τε
1307 3248 1402 3303 καὶ
1425 3248 1668 3318 λέγεται.

795 3516 1046 3572 ΚΕΦΑΛ.
1083 3515 1168 3569 Η¹.

274 3615 338 3670 El
387 3615 588 3686 Μήτηρ
635 3611 730 3666 τοῦ
773 3610 911 3664 Θεοῦ
965 3609 1085 3663 κατ’
1116 3607 1377 3676 ἀλήθειαν
1409 3606 1443 3678 ἡ
1474 3601 1774 3676 Παρθένος,

201 3709 334 3774 Υίδς
380 3709 498 3762 κατ’
534 3706 798 3778 ἀλήθειαν
844 3707 944 3774 τῆς
989 3701 1266 3772 Παρθένου
1305 3702 1334 3752 6
1365 3699 1529 3762 Θεός·
1568 3699 1616 3750 εἰ
1649 3695 1779 3757 Υἱὸς

205 3801 312 3871 τῆς
355 3799 630 3870 Παρθένου
677 3797 801 3850 κατ’
836 3796 1097 3867 ἀλήθειαν
1145 3794 1174 3846 ό
1215 3793 1346 3854 Θεὸς
1369 3833 1386 3858 ,
1425 3791 1458 3862 ἢ
1493 3791 1675 3861 ὅμοιος
1710 3789 1774 3858 τῇ

201 3893 412 3964 Μητρὶ,
449 3891 482 3962 ἢ
514 3891 612 3960 οὐχ
635 3891 856 3959 ὅμοιοςο
915 3888 1008 3940 καὶ
1053 3889 1102 3940 εί
1137 3885 1236 3956 μὲν
1275 3887 1485 3954 ὅμοιος,
1515 3883 1576 3936 οὐ
1607 3880 1772 3944 Θεόςο

205 3989 254 4040 εί
298 3984 354 4038 δὲ
399 3985 498 4054 οὐχ
541 3983 748 4052 ὅμοιος,
789 3981 890 4050 οὐχ
920 3980 1062 4040 Υἱός.
1109 3977 1249 4030 Ἀλλ’
1278 3976 1376 4048 ήδη
1404 3976 1538 4046 ἡμῖν
1565 3973 1778 4044 εἴρηται

203 4077 306 4132 καὶ
349 4076 440 4129 τὸν
485 4073 607 4128 κατ’
646 4071 907 4142 ἀλήθειαν
951 4071 1064 4124 υίδν
1120 4069 1195 4138 μὴ
1239 4069 1381 4122 κατὰ
1421 4067 1600 4120 πάντα
1637 4060 1778 4116 εἶναι

206 4168 285 4240 τῷ
311 4167 522 4220 τεκόντι
549 4166 734 4236 ὅμοιον
757 4179 772 4194 ο
814 4165 910 4216 καὶ
938 4163 1048 4233 γὰρ
1081 4162 1174 4215 καὶ
1203 4163 1268 4214 ἐκ
1297 4157 1466 4227 πυρὸς
1498 4157 1646 4226 φῶς,
1684 4155 1780 4208 καὶ

207 4265 306 4331 οὐχ
331 4260 515 4329 ὅμοιον
549 4258 728 4326 πάντη
768 4257 937 4326 πυρί·
991 4254 1090 4306 καὶ
1132 4252 1312 4322 νόημα
1349 4251 1416 4304 ὲκ
1445 4249 1644 4320 ψυχῆς,
1683 4247 1779 4300 καὶ

208 4353 269 4407 οὐ
297 4351 440 4424 ψυχή
467 4369 481 4383 ⁸
517 4351 614 4405 καὶ
647 4349 826 4420 ἰχθύες
855 4347 914 4414 ἐξ
944 4345 1136 4407 ὕδατος
1155 4386 1170 4410 ,
1219 4345 1314 4397 καὶ
1346 4344 1447 4412 οὐχ
1475 4341 1640 4414 ὕδωρ.
1689 4339 1778 4392 Ἐν

210 4443 416 4508 τούτοις
447 4443 548 4515 μὲν
571 4441 664 4497 οὖν
707 4442 802 4494 καὶ
841 4440 904 4493 τὸ
933 4441 1111 4508 πάντη
1141 4437 1394 4505 ἀνόμοιον
1429 4433 1567 4504 πρὸς
1595 4431 1664 4485 τὰ

212 4552 371 4591 κοντα
421 4534 533 4588 τῶν
575 4533 878 4603 τεχθέντων
923 4529 1071 4582 ἐστιν
1114 4528 1259 4581 ἰδεῖν.
1301 4527 1366 4579 El
1396 4524 1452 4578 δὲ
1484 4527 1549 4578 ὲκ
1581 4523 1780 4594 μέρους

211 4628 459 4700 ἀνόμοιος
490 4628 558 4697 τῇ
584 4625 774 4696 Μητρὶ
803 4623 898 4677 καὶ
924 4623 1109 4691 ὅμοιος
1139 4622 1166 4672 ό
1191 4619 1444 4689 Χριστὸς,
1467 4617 1520 4668 τί
1545 4615 1778 4678 ἄτοπονς

211 4715 354 4794 Ἀρα
379 4717 471 4774 οὖν
517 4719 640 4772 ἐπεὶ
672 4718 749 4788 μὴ
779 4714 923 4770 κατὰ
954 4715 1014 4767 τὺ
1044 4714 1168 4767 ὅλον
1201 4710 1418 4780 πέρδικι
1444 4711 1631 4783 όμοιος
1664 4709 1696 4761 ό
1717 4708 1782 4760 ὲκ

215 4811 482 4882 πέρδικος,
508 4809 600 4864 καὶ
636 4807 916 4877 φασιανῶν
947 4801 1456 4877 περδικοφασιανδς,
1488 4801 1588 4854 οὐκ
1613 4799 1782 4862 ὅντως

216 4901 362 4957 ἔσται
395 4903 518 4956 οὐδὲ
546 4901 662 4964 υἱὸς
686 4898 865 4964 τοῦδε,
904 4890 952 4950 ὦ
980 4896 1328 4967 φυσιολόγοι;

809 5036 1060 5091 ΚΕΦΔΛ.
1101 5033 1177 5088 0'.

299 5151 358 5205 Ἦ
397 5151 490 5205 τοῦ
527 5149 664 5204 Θεοῦ
699 5149 874 5218 Λόγου
923 5150 989 5202 ὲκ
1029 5145 1307 5217 Παρθένου
1354 5145 1488 5199 κατ’
1521 5141 1782 5215 ἀλήθειαν

220 5241 484 5314 γέννησις,
511 5241 546 5312 ἢ
575 5241 746 5306 πάθος
771 5238 938 5296 αὐτοῦ
970 5242 1138 5302 ἐστιν,
1165 5239 1198 5307 ἦ
1227 5239 1498 5308 ἐνέργεια·
1528 5235 1561 5304 ἢ
1590 5235 1782 5298 πάθος,

222 5335 310 5387 καὶ
354 5334 640 5404 ὲνέργεια’
696 5333 730 5406 ἢ
783 5331 909 5387 οὔτε
939 5329 1142 5397 πάθος,
1179 5331 1300 5383 οὐτε
1329 5331 1600 5399 ἐνέργεια.
1643 5327 1780 5380 Ἀλλ’

223 5427 270 5479 εἰ
299 5426 392 5495 μὶν
421 5425 594 5489 πάθος
621 5425 896 5496 φαίνεται,
925 5422 1190 5496 πρόδηλος
1221 5423 1254 5493 ή
1281 5420 1525 5474 ἀσέϐεια·
1558 5419 1652 5473 τοῦ
1677 5419 1785 5485 γὰρ

223 5519 604 5591 γεγεννημένου
625 5519 688 5572 τὸ
729 5517 928 5582 πάθος,
978 5516 1304 5585 γεγέννηται
1334 5513 1390 5566 δὲ
1439 5514 1470 5582 ἡ
1505 5511 1661 5564 οὐσία
1689 5508 1783 5562 τοῦ

223 5608 346 5662 Θεοῦ
373 5610 496 5665 καθ’
528 5611 673 5681 ὑμᾶς
691 5653 704 5675 ,
737 5612 835 5678 τῆς
863 5609 1051 5672 οὐσίας
1079 5608 1189 5679 ἄρα
1221 5607 1312 5660 τοῦ
1335 5604 1472 5660 Θεοῦ
1504 5605 1564 5658 τὸ
1592 5604 1778 5665 πάθος.

227 5697 283 5751 εει
307 5699 358 5755 δὲ
389 5699 655 5772 ἰνέργεια,
696 5703 910 5770 ἐνεργεῖ
939 5697 994 5750 δὲ
1030 5699 1058 5750 6
1088 5697 1218 5760 Θεὸς
1253 5697 1312 5749 οὐ
1345 5695 1420 5766 τῷ
1447 5689 1583 5748 εἶναι
1613 5693 1782 5764 αὐτῷ,

1685 4430 1776 4484 τέ·
1815 4411 1855 4464 D

1877 3147 1975 3195 aut
2007 3147 2291 3194 terrenum
2319 3153 2633 3208 supponere
2665 3147 2724 3193 et
2751 3139 3022 3193 divinum.
3045 3139 3100 3195 Si
3131 3149 3316 3195 autem
3353 3143 3470 3198 haec

1877 3231 2170 3286 manifeste
2190 3231 2477 3286 continent
2505 3245 2774 3294 errorem,
2799 3246 2930 3286 vere
2947 3231 3112 3286 etiam
3137 3248 3281 3288 unus
3308 3233 3471 3290 Chri-

1877 3334 1996 3380 stus
2017 3332 2208 3378 noster
2235 3323 2509 3378 ambobus
2538 3323 2890 3394 gignentibus
2917 3365 2932 3391 ,
2969 3340 3037 3380 ex
3085 3327 3351 3383 alterutra
3379 3329 3467 3384 sui

1877 3427 2053 3486 parte,
2078 3423 2261 3486 potest
2283 3430 2406 3472 esse
2424 3423 2482 3472 et
2511 3415 2717 3472 dicitur
2743 3417 2958 3473 similis.

2495 3527 2650 3584 CAP.
2701 3529 2838 3584 Vlll.

1952 3617 2009 3674 Si
2047 3619 2222 3676 Mater
2245 3619 2342 3676 Dei
2369 3637 2502 3676 vere
2527 3631 2611 3676 est
2642 3621 2826 3692 Virgo,
2861 3622 3038 3678 Filius
3069 3623 3309 3696 Virginis
3339 3643 3466 3684 vere

1877 3722 1964 3768 est
1991 3713 2158 3767 Deus.
2203 3713 2260 3768 Si
2311 3713 2482 3768 Filius
2518 3713 2758 3784 Virginis
2799 3731 2926 3768 vere
2955 3725 3042 3770 est
3068 3717 3234 3782 Deus,
3267 3719 3351 3773 vel
3381 3730 3498 3783 est,

1878 3802 2036 3857 Matri
2072 3803 2293 3866 similis,
2335 3807 2420 3860 vel
2465 3821 2574 3860 non
2619 3805 2850 3872 similis;
2897 3807 2941 3861 si
2976 3809 3174 3864 similis
3217 3811 3464 3880 quidem,

1878 3910 2010 3964 ergo
2055 3910 2163 3949 non
2195 3903 2281 3949 est
2321 3895 2496 3961 Deus;
2530 3895 2575 3950 si
2620 3911 2730 3950 non
2765 3897 2960 3951 similis
2994 3914 3145 3963 vero,
3191 3915 3322 3970 ergo
3353 3917 3468 3956 non

1883 3983 2256 4040 Filius.—Sed
2276 3986 2387 4056 jam
2411 4001 2440 4039 a
2463 3987 2626 4041 nobis
2644 3987 2854 4042 dictum
2881 3988 2983 4042 fuit
3004 3999 3061 4044 et
3081 4005 3273 4044 verum
3293 3990 3467 4046 lilium

1879 4090 1992 4129 non
2037 4075 2346 4130 secundum
2380 4077 2565 4132 omnia
2597 4093 2718 4134 esse
2749 4079 2995 4150 gignenti
3041 4081 3300 4137 similem.
3332 4083 3466 4138 Nam

1879 4181 1946 4219 ex
1976 4166 2100 4236 igne
2129 4166 2317 4220 lumen
2349 4174 2470 4230 est;
2519 4177 2576 4222 et
2612 4177 2796 4223 tamen
2832 4186 2942 4224 non
2991 4170 3046 4223 in
3097 4171 3353 4226 omnibus
3383 4183 3471 4230 est

1881 4253 1992 4324 igni
2021 4255 2238 4310 similis.
2263 4255 2538 4327 Cogitatio
2566 4274 2791 4328 quoque
2819 4276 2884 4314 ex
2917 4261 3119 4326 anima,
3150 4277 3252 4318 nec
3282 4271 3465 4319 tamen

1880 4359 1963 4402 est
1995 4347 2209 4413 anima;
2237 4356 2292 4402 et
2318 4351 2501 4418 pisces
2530 4365 2598 4404 ex
2623 4366 2790 4420 aqua,
2826 4367 2927 4406 nec
2958 4352 3084 4408 ideo
3129 4363 3259 4408 sunt
3300 4370 3466 4425 aqua.

1884 4438 1942 4494 In
1969 4440 2056 4494 his
2081 4439 2246 4509 igitur
2267 4440 2818 4497 animadvertendum
2844 4455 2930 4498 est.
2955 4445 3181 4500 omnino
3209 4446 3470 4502 differen—

1889 4530 2017 4586 tiam
2045 4532 2358 4602 genitorum
2390 4531 2621 4588 relative
2648 4533 2715 4588 ad
2746 4534 3046 4605 gignentia.
3077 4534 3134 4590 Si
3177 4545 3360 4591 autem
3403 4553 3471 4592 ex

1886 4633 2043 4692 parte
2090 4622 2378 4678 dissimilis
2424 4625 2590 4678 matri
2628 4623 2882 4682 Christus
2931 4627 3096 4681 simul
3145 4635 3202 4682 et
3252 4629 3470 4692 similis,

1885 4713 2019 4782 quid
2052 4711 2322 4768 absurdi?
2347 4713 2488 4768 Num
2521 4708 2690 4784 igitur
2728 4730 2795 4770 ex
2829 4730 2897 4770 eo
2925 4717 3070 4786 quod
3100 4732 3210 4770 non
3243 4716 3314 4771 sit
3341 4733 3472 4788 per-

1887 4805 1998 4860 dici
2027 4819 2127 4874 per
2151 4803 2333 4858 omnia
2363 4805 2560 4861 similis
2591 4807 2778 4876 pullus
2808 4807 3052 4878 perdicis
3087 4815 3146 4862 et
3174 4809 3470 4878 phasiacze,

1888 4911 2000 4950 non
2033 4895 2158 4951 ideo
2187 4896 2298 4950 erit
2329 4895 2570 4965 perdicis
2597 4897 2813 4966 pullus,
2845 4914 2880 4952 o
2921 4897 3266 4969 physiologi?

2537 5026 2688 5083 CAP.
2735 5028 2824 5083 IX.

1961 5141 2059 5198 Dei
2085 5143 2248 5199 Verbi
2275 5142 2561 5216 generatio
2591 5158 2660 5198 ex
2693 5141 2911 5214 Virgine
2937 5142 3243 5200 secundum
3275 5145 3479 5200 verita-

1888 5242 2024 5300 tem,
2054 5236 2140 5290 vel
2173 5247 2259 5291 est
2299 5239 2420 5308 ejus
2455 5236 2672 5306 passio,
2710 5244 2802 5290 aut
2848 5235 3030 5300 actio,
3075 5235 3162 5289 vel
3207 5234 3390 5305 passio
3421 5242 3478 5287 et

1891 5328 2059 5389 actio,
2087 5328 2172 5382 vel
2216 5343 2396 5398 neque
2442 5327 2626 5397 passio
2657 5343 2839 5396 neque
2869 5328 3036 5382 actio.
3085 5326 3190 5381 Sed
3219 5327 3265 5381 si
3296 5325 3478 5394 passio

1890 5418 2146 5481 videtur,
2181 5428 2334 5488 patet
2379 5418 2634 5488 impietas
2667 5438 2679 5473 :
2707 5419 2890 5490 passio
2935 5421 3082 5474 enim
3123 5417 3366 5488 pertinet
3407 5415 3476 5468 ad

1890 5510 2174 5580 genitum;
2207 5507 2384 5576 atqui,
2414 5509 2720 5563 secundum
2753 5525 2869 5574 vos,
2902 5509 3078 5579 genita
3105 5513 3188 5560 est
3217 5503 3476 5578 substan-

1893 5604 1965 5656 tia
1999 5603 2128 5667 Dei;
2167 5617 2300 5674 ergo
2335 5601 2657 5656 substantia:
2691 5601 2786 5657 Dei
2823 5598 3144 5654 attribuitur
3177 5595 3379 5666 passio.
3417 5595 3476 5648 Si

1891 5702 2075 5748 autem
2119 5695 2284 5759 actio,
2323 5693 2432 5762 agit
2463 5700 2648 5746 autem
2684 5693 2830 5747 Deus
2861 5705 2970 5744 non
3002 5701 3100 5741 sua
3131 5684 3476 5758 exsistentia,
