3852 6134
383 197 512 261 1667
719 219 731 232 ο
1321 161 1327 164 ”
1637 189 1951 251 LEONTII
1991 184 2397 247 BYZANTINI
3537 180 3640 242 ιειι

377 301 431 354 id
459 307 543 354 est
569 311 807 352 non-sua
835 294 1165 359 subStantia,
1194 295 1291 351 sed
1322 309 1420 351 sua
1447 295 1767 358 voluntate;
1800 294 1898 364 igit

2125 292 2346 344 ωτέστιν
2365 290 2428 344 οὑ
2456 288 2524 361 τῇ
2553 288 2730 360 οὐσίᾳ,
2768 287 2905 344 ἀλλὰ
2935 289 3082 359 μόνῳ
3114 287 3195 357 τῷ
3224 287 3451 341 θέλειν·
3481 288 3568 340 τοῦ
3588 290 3646 343 θί-

378 387 701 452 voluntatis,
731 403 842 442 non
879 386 1200 442 substantia:
1229 387 1348 454 Dei,
1379 386 1522 442 facta
1551 393 1638 442 est
1661 388 1899 457 generati

2131 403 2192 438 :tv
2216 384 2326 454 ἄρα
2353 383 2456 454 τῆς
2478 382 2666 447 οὐσίας
2690 381 2784 436 τοῦ
2805 381 2941 436 Θεοῦ
2965 383 3000 452 ή
3021 381 3305 454 γέννησις.
3336 380 3406 433 Εἰ
3427 379 3492 432 δὲ
3513 381 3652 445 πάθες

377 482 434 536 Si
471 489 657 535 autem
683 479 868 550 passio
899 478 1063 533 simul
1095 485 1152 533 et
1181 479 1346 543 actio,
1379 480 1454 534 ita
1485 479 1700 536 scilicet
1728 487 1790 534 ut
1813 495 1898 549 ger

2135 476 2174 531 ιὶ
2201 477 2478 548 ἐνέργεια,
2511 475 2798 538 πεπονθὼς
2833 475 2931 545 μὲν
2962 476 3028 545 τῇ
3061 473 3246 544 οὐσίᾳ,
3283 473 3656 544 ἐνεργήσκὲ

379 582 468 627 tus
502 572 575 626 sit
598 570 818 642 patiens
849 570 1071 640 quidem
1098 570 1428 635 substantia,
1457 586 1625 642 agens
1657 579 1843 625 autem
1876 586 1900 622 v

2139 567 2154 620 i
2191 567 2367 621 θέλειν
2399 567 2729 636 γεγέννηται
2750 605 2766 631 ,
2817 565 3144 635 γεγέννηται
3175 565 3290 636 ἄρα
3327 565 3434 617 καὶ
3466 566 3502 632 ἡ
3531 566 3660 617 casia

379 665 615 728 luntate,
647 663 850 734 genitae
878 669 1010 717 sunt
1037 676 1169 733 ergo
1205 670 1264 716 et
1291 662 1596 717 substantia
1625 672 1684 716 et
1720 663 1900 716 volunt

2139 657 2172 710 ιὶ
2198 657 2262 710 τὸ
2287 656 2469 710 θέλειν
2498 656 2593 710 τοῦ
2615 657 2776 720 Θεοῦ,
2799 658 2832 726 ἠ
2859 655 2960 726 μὲν
2981 654 3256 719 παθοῦσα,
3285 655 3352 708 τὸ
3369 655 3438 708 δὲ
3459 655 3660 726 δράσαι.

382 756 500 821 Dei,
541 755 630 810 illa
662 753 884 824 quidem
919 753 1156 824 patiens,
1186 753 1304 808 haec
1327 768 1460 808 vero
1482 767 1670 823 agens.
1704 751 1762 806 Si
1787 759 1903 806 autt

2190 747 2249 800 δὲ
2296 747 2422 800 οὔτε
2453 748 2632 827 πάθος
2675 747 2800 800 οὔτε
2833 747 3104 817 ἐνέργεια,
3137 745 3268 800 οὔτε
3297 747 3336 816 ή
3366 747 3540 800 οὐσία
3565 745 3667 799 οὑτι

382 861 563 918 neque
588 846 774 917 passio
798 861 982 916 neque
1008 846 1175 908 actio,
1202 859 1384 914 neque
1411 844 1718 898 substantia
1751 842 1848 897 Dei
1882 859 1903 896 r

2171 837 2350 892 θέλειν
2375 837 2470 892 τοῦ
2497 837 2636 892 Θεοῦ
2667 837 2959 907 ἐγεννήθη,
2994 837 3117 891 είπὲ
3145 837 3201 890 τί
3230 837 3334 891 τοῦ
3359 835 3518 891 Θεοῦ
3543 838 3675 904 Erm-

383 951 490 1008 que
518 938 794 1002 voluntas,
825 937 1018 1009 genita
1047 946 1134 992 est
1161 953 1175 990 :
1205 935 1298 990 dic
1339 949 1473 1005 ergo
1515 935 1646 1004 quid
1677 934 1776 989 Dei
1821 949 1904 1005 get

2154 931 2214 1002 Βη
2233 972 2248 994 ,
2282 925 2344 985 οὑ
2374 930 2748 1001 γεννηθέντος,
2782 932 2988 1002 κυρίως
3027 931 3171 986 κατὰ
3200 929 3484 1000 ἀλήθειαν
3513 932 3542 983 6
3563 929 3675 984 Θεδῑ

383 1039 502 1085 tum
548 1029 642 1096 sit,
679 1045 790 1100 quo
825 1029 1040 1084 scilicet
1069 1027 1277 1098 genito,
1309 1025 1538 1096 proprie
1583 1035 1643 1081 et
1691 1040 1818 1080 vero
1865 1025 1900 1080 (ι

2158 1021 2372 1093 εννήθη.
2422 1021 2531 1076 Φεῦ
2568 1021 2672 1092 τῆς
2705 1023 2914 1091 ἀσόφου
2945 1023 3102 1093 ὑμῶν
3133 1023 3377 1092 coeptas!
3431 1022 3679 1093 τοιαύτης

384 1119 562 1192 possit
589 1137 603 1174 :
631 1119 852 1190 genitus
900 1125 986 1172 est
1018 1117 1184 1172 Deus.
1208 1145 1279 1156 -—
1301 1115 1448 1170 Proh
1496 1115 1766 1186 insipiens
1797 1124 1905 1170 vesl

2161 1115 2400 1184 τιότητος
2463 1115 2601 1185 μηδὲ
2633 1113 2855 1167 εἴδωλον
2883 1113 3018 1177 Θεὸς
3046 1117 3104 1168 ὲν
3131 1115 3334 1186 κόσμῳ
3363 1115 3682 1168 καταλίποι.

385 1211 687 1282 sapientia!
720 1209 890 1264 Istius
918 1208 1068 1263 modi
1095 1207 1424 1278 eloquentiae
1464 1222 1534 1262 ne
1576 1207 1829 1260 umbram
1855 1223 1906 1276 qu

2169 1207 2281 1278 γάρ
2301 1206 2531 1260 άθλιώτε
2539 1223 2632 1281 ρον
2648 1205 2862 1260 τοιᾶσδε
2877 1207 3134 1278 σπουδῆς,
3158 1208 3350 1260 πᾶσαν
3366 1207 3392 1258 ὲ
3401 1206 3689 1277 ρανιζομέ-

387 1303 512 1358 dem
537 1303 686 1356 Deus
714 1302 769 1356 in
805 1301 1016 1355 mundo
1042 1301 1354 1371 relinquat!
1390 1298 1537 1367 Quid
1569 1299 1718 1355 enim
1748 1299 1908 1356 miser

2168 1317 2182 1364 ς
2228 1299 2581 1372 άπρόσφορον
2629 1300 2966 1368 αἰτιολογίαν
2987 1341 3002 1366 ,
3056 1299 3144 1352 ῐνα
3192 1299 3274 1370 τῷ
3323 1300 3689 1369 avum

389 1388 560 1450 bilius
594 1393 700 1448 hoc
724 1393 930 1457 studio,
959 1392 1106 1462 quod
1141 1407 1362 1449 omnem
1397 1392 1542 1448 hanc
1574 1399 1862 1448 mutuatur
1890 1392 1905 1446 i

2173 1391 2268 1446 ὄδει
2292 1433 2309 1461 ,
2371 1392 2598 1462 δόκησιν
2651 1393 3008 1456 ὑποστάσεως
3064 1391 3336 1464 ἀληθείας
3389 1393 3694 1461 περιποιὴ-

389 1485 732 1540 commodam
760 1485 1116 1556 aetiologiam,
1149 1494 1212 1540 ut
1247 1485 1396 1540 inani
1435 1483 1726 1540 mendacio
1757 1484 1910 1554 opini

2178 1501 2290 1552 ταις
2342 1484 2440 1538 καὶ
2483 1483 2643 1538 τοῦτο
2675 1484 2736 1538 οὐ
2768 1483 2858 1538 διὰ
2886 1483 3079 1556 κέρδος
3109 1484 3308 1556 ἕτερον
3330 1523 3348 1548 ,
3384 1482 3522 1537 ἀλλ’
3551 1484 3590 1554 ἢ
3619 1484 3699 1536 ἶνα

389 1591 517 1631 nem
545 1573 870 1630 substantiae
893 1573 1011 1628 veri
1043 1572 1338 1629 conciliet?
1360 1573 1428 1626 Et
1469 1571 1581 1628 hoc
1611 1587 1722 1627 non
1753 1579 1910 1642 propt

2180 1577 2330 1649 λπῖδα
2360 1576 2717 1648 βλασφημίας
2749 1577 2918 1646 ἑαυτῇ
2948 1577 3314 1647 οίκοδομήσῃ.
3343 1576 3596 1648 Πρῶτον
3615 1575 3701 1629 ὠ

391 1665 542 1721 aliud
571 1667 807 1742 lucrum,
833 1666 940 1721 nisi
963 1673 1024 1720 ut
1048 1664 1468 1721 fundamentum
1498 1638 1912 1742 blasphemite'si

2185 1638 2243 1720 iw
2273 1638 2597 1734 ἀκουστέον,
2624 1638 2717 1731 τίς
2741 1638 3004 1722 κοινωνία
3027 1638 3421 1735 summitas;
3445 1684 3517 1720 τε
3543 1667 3706 1738 μέχρι

392 1765 625 1812 astruat.
673 1756 846 1827 Igitur
887 1757 1128 1826 primum
1171 1771 1240 1812 ex
1309 1755 1467 1811 vobis
1506 1755 1849 1811 audiendum
1897 1771 1913 1810 t

2208 1757 2302 1812 νῦν
2329 1758 2459 1829 ὑμῖν
2487 1757 2617 1828 περὶ⁸
2636 1758 2946 1827 γεννήσεως
2993 1756 3086 1809 καὶ
3111 1756 3500 1826 γεννωμένων
3521 1754 3711 1821 δοξάν-

393 1850 522 1920 quis
558 1849 780 1904 intersit
809 1863 1114 1903 consensus
1143 1847 1289 1902 inter
1321 1862 1389 1902 ea
1418 1863 1541 1918 quae
1569 1847 1679 1903 huc
1709 1863 1885 1918 usque
1913 1878 1914 1889 ι

2206 1889 2221 1915 ,
2275 1849 2372 1905 καὶ
2420 1849 2532 1904 τῶν
2572 1849 2778 1921 ἀρτίως
2815 1849 3162 1920 εἰρημένων·
3203 1847 3311 1920 τὴν
3337 1849 3464 1920 γάρ
3498 1849 3715 1919 κυρίως

394 1940 752 2011 generatione
774 1948 830 1994 et
853 1938 1132 2010 generatis
1158 1939 1480 2004 senseratis,
1505 1949 1560 1994 et
1585 1953 1650 1992 ea
1670 1952 1792 2008 quae
1817 1952 1915 1992 moi

2196 1959 2346 2013 mctv
2377 1941 2476 2013 τὴν
2506 1941 2567 2007 ἐξ
2594 1943 2695 1996 οὐκ
2719 1941 2926 2004 ὄντων,
2963 1942 2997 2012 ἢ
3029 1940 3215 2005 ἁπλῶς
3246 1940 3316 1993 τὸ
3346 1936 3506 1994 εἶναι
3533 1939 3717 1994 διδοῦ-

395 2033 633 2087 dixistis.
663 2031 1090 2088 Generationem
1124 2030 1272 2085 enim
1294 2029 1516 2101 proprie
1541 2029 1764 2097 dictam,
1795 2029 1851 2084 id
1877 2045 1916 2084 e:

2219 2031 2300 2103 τῷ
2321 2032 2650 2104 γεννωμένῳ
2669 2031 3004 2099 διεγνώκατε
3029 2032 3135 2104 πρὸ
3155 2031 3380 2084 τούτου·
3405 2031 3588 2087 τοῦτο
3607 2032 3717 2101 γὰρ

395 2137 516 2176 eam
537 2138 659 2192 quae
692 2129 778 2176 est
805 2121 874 2176 de
891 2135 1000 2174 non
1030 2119 1445 2187 exsistentibus,
1478 2120 1594 2175 sive
1621 2135 1744 2190 quae
1769 2118 1916 2188 simp

2236 2125 2296 2176 ὲν
2327 2126 2440 2188 τοῖς
2470 2123 2600 2192 ἑξῆς
2632 2123 2746 2178 ἄνω
2774 2140 2834 2177 τε
2870 2123 2962 2176 καὶ
2990 2123 3142 2178 κάτω
3171 2121 3567 2176 ὑπεϐάλλετευ
3623 2122 3717 2176 νῦν

397 2215 537 2268 citer
566 2214 661 2268 dat
705 2214 1088 2269 exsistentiam
1118 2213 1326 2285 genito,
1367 2212 1770 2269 discernebatis
1801 2219 1918 2267 ante

2196 2213 2312 2278 πῶς
2359 2213 2392 2284 ἢ
2440 2214 2613 2277 πάθος
2647 2213 2681 2284 ἢ
2711 2213 3022 2286 ἐνέργειαν,
3059 2212 3095 2284 ἢ
3128 2212 3304 2283 ἄμφω
3339 2213 3417 2266 τὰ
3447 2214 3574 2278 δύο,
3624 2213 3717 2265 ἐπὶ

400 2306 516 2361 Hoc
551 2305 698 2362 enim
741 2306 870 2360 sine
895 2305 1326 2372 intermissione,
1356 2305 1603 2376 qualibet
1649 2305 1777 2360 data
1818 2317 1921 2358 occ

2212 2304 2558 2374 γεννωμένου
2581 2304 2860 2376 ὁρώμενα,
2883 2305 3075 2374 λέγετε
3102 2299 3248 2358 εἶναι
3273 2305 3384 2376 τὴν
3407 2305 3715 2376 γέννησινς

399 2400 556 2454 sione
584 2399 986 2470 subjiciebatis.
1013 2399 1172 2454 Nunc
1200 2405 1384 2454 autem
1415 2397 1690 2471 quomodo
1716 2397 1832 2453 sive
1863 2411 1920 2466 pa

2208 2395 2311 2466 μὲν
2340 2396 2450 2468 γάρ
2483 2396 2740 2469 ἐνέργειά
2769 2397 2889 2450 ἐστι
2923 2395 3058 2448 καθ’
3089 2395 3237 2464 ὑμᾶς
3266 2395 3372 2448 τοῦ
3405 2395 3717 2464 μέλλοντος

400 2490 636 2556 sionem,
684 2491 803 2545 sine
845 2492 1142 2556 actionem,
1191 2491 1306 2545 sive
1355 2499 1650 2560 utrumque
1690 2489 1875 2554 simul,

2197 2487 2346 2542 έσθαι
2371 2527 2386 2552 ,
2440 2489 2553 2542 είτε
2582 2488 2670 2542 διά
2696 2487 2793 2542 τοῦ
2823 2487 3000 2542 θέλειν
3019 2527 3035 2552 ,
3077 2487 3188 2541 εἴτε
3216 2485 3493 2541 ὁπωσοῦν
3522 2488 3560 2558 ἡ
3588 2487 3718 2555 γένο

400 2593 663 2652 generato
692 2583 1132 2646 considerantes,
1169 2597 1292 2637 esse
1318 2582 1732 2652 generationem
1768 2580 1921 2636 diciti

2194 2597 2247 2643 ἰς
2275 2579 2442 2636 αὑτοῦ
2462 2621 2477 2645 ,
2511 2579 2626 2650 ἔχει
2657 2580 2714 2633 δὲ
2742 2579 2804 2634 τὸ
2829 2579 2971 2634 εἶναι
3001 2581 3031 2634 ό
3059 2579 3415 2651 γεννώμενος
3465 2575 3538 2634 οὗ
3563 2582 3715 2632 ἐστιν

338 2685 346 2692 ‘
404 2673 460 2728 Si
490 2675 636 2730 enim
667 2674 952 2744 generatio
971 2675 1124 2745 juxta
1152 2689 1250 2728 vos
1272 2683 1357 2728 est
1382 2673 1526 2729 actio
1551 2673 1672 2743 ejus
1701 2673 1794 2742 qui
1825 2672 1859 2727 d

2196 2673 2373 2744 έλησις
2402 2673 2466 2727 ὲκ
2491 2673 2593 2742 τῆς
2615 2675 2924 2744 γεννήσεως
2945 2715 2960 2738 ,
2999 2673 3110 2742 ἄρα
3140 2671 3248 2744 πρὸ
3275 2671 3379 2724 τοῦ
3406 2667 3587 2733 εἶναι,
3621 2669 3717 2725 καὶ

405 2764 548 2830 ﬁeri,
581 2765 698 2820 sive
742 2765 858 2818 haec
902 2763 1186 2835 generatio
1233 2763 1327 2818 fiat
1374 2778 1476 2833 per
1505 2763 1845 2818 voluntatem
1877 2762 1922 2817 si

2194 2784 2243 2820 ει
2275 2767 2374 2820 καὶ
2402 2767 2693 2838 ἐνεργήσει
2721 2766 2784 2820 τὸ
2807 2761 2948 2820 εῖναι
2974 2763 3196 2818 ἑαυτοῦ*
3229 2764 3329 2818 καὶ
3352 2763 3530 2817 ἔσται
3555 2766 3620 2817 ὲν

405 2869 735 2925 quocunque
765 2853 950 2916 modo,
983 2853 1151 2908 habet
1183 2861 1366 2908 autem
1405 2853 1623 2924 genitus
1665 2867 1828 2936 suum
1871 2867 1926 2908 es

2201 2857 2342 2915 εἶναι
2373 2859 2566 2914 ἑαυτὸν
2598 2859 2938 2930 κεκτημένος
2967 2858 3030 2910 τό
3053 2873 3113 2910 τε
3140 2853 3282 2910 εἶναι
3315 2857 3420 2908 καὶ
3441 2855 3512 2908 τὸ
3534 2853 3715 2906 θέλειν

405 2946 476 3000 ab
517 2961 585 3000 eo
619 2947 776 3016 cujus
822 2955 905 3000 est
953 2947 1209 3000 voluntas
1256 2945 1650 3017 generationis,
1695 2945 1884 3016 igitur,

2196 2951 2320 3008 ιτοῦ.
2354 2953 2420 3004 El
2443 2951 2500 3004 δὲ
2529 2952 2625 3004 καὶ
2653 2950 2824 3013 πάθος
2853 2951 3041 3018 λέγετε
3067 2947 3260 3003 τούτου
3291 2945 3447 3002 εἶναι
3467 2951 3578 3017 τὴν
3599 2950 3717 3015 γέν-

405 3039 526 3091 vult
551 3044 606 3092 et
635 3046 758 3110 aget
783 3052 943 3091 suum
973 3052 1094 3092 esse
1121 3037 1444 3106 priusquam
1470 3037 1700 3092 exsistat
1729 3053 1744 3090 :
1775 3045 1833 3092 et
1857 3037 1926 3092 du

2190 3061 2281 3110 rw,
2322 3043 2486 3097 πάλιν
2521 3040 2786 3105 ὡσαύτως
2837 3042 2946 3112 πρὸ
2983 3040 3079 3093 τοῦ
3112 3037 3254 3094 εἶναι
3287 3039 3594 3102 πεπονθὼς
3619 3041 3711 3092 εὑ-

405 3130 648 3186 nondum
684 3130 921 3195 exsistit,
953 3129 1261 3200 possidebit
1291 3144 1454 3184 suum
1492 3144 1618 3185 esse
1646 3136 1705 3184 et
1737 3128 1898 3184 velle.

2191 3137 2400 3208 μήσεται
2425 3151 2440 3166 °
2479 3137 2580 3189 οὑκ
2620 3131 2737 3190 οῖδα
2767 3135 2824 3188 δὲ
2861 3137 2918 3188 έν
2946 3133 3052 3186 τίνι
3085 3132 3275 3188 παθὼν
3296 3173 3314 3197 ,
3357 3131 3564 3203 ὥσπερ
3593 3134 3712 3187 σειᾶ

407 3230 592 3276 autem
627 3231 684 3278 et
727 3222 894 3294 hujus
922 3223 1336 3293 generationem
1364 3223 1676 3292 passionem
1700 3237 1822 3276 esse
1853 3221 1928 3275 dit

2207 3228 2315 3282 τίνι
2365 3229 2710 3298 ἐνεργήσας,
2767 3230 2830 3279 τὸ
2878 3221 3018 3279 εἶναι
3071 3225 3268 3278 ἑαυτοῦ
3329 3225 3713 3296 προϐάλλεται

411 3313 502 3376 tis,
530 3313 732 3368 iterum
781 3315 988 3383 pariter
1031 3313 1350 3385 priusquam
1391 3313 1622 3370 exsistat
1647 3313 1864 3384 patiens
1892 3313 1932 3368 di

2190 3319 2246 3392 ιὴ
2272 3319 2348 3374 ὢν
2379 3321 2526 3380 ὅστις
2555 3319 2620 3373 ἂν
2793 3319 2856 3372 Εἰ
2888 3318 2944 3372 δὲ
2975 3318 3094 3372 κατ’
3119 3316 3288 3388 ἄμφω
3315 3317 3521 3384 λέγετε
3551 3315 3711 3370 τάσδε

411 3405 804 3474 prehendetur.
851 3406 1046 3462 Nescio
1083 3415 1268 3461 autem
1313 3407 1369 3461 in
1412 3421 1524 3477 quo
1566 3405 1803 3476 patiens,
1853 3405 1931 3460 sic

2190 3430 2204 3475 ;
2227 3413 2501 3476 διαθέσεις
2531 3409 2622 3465 τοῦ
2653 3411 3003 3481 γεννωμένου
3027 3409 3126 3478 τὴν
3146 3409 3408 3478 γέννησιν
3429 3409 3711 3480 προϊέναι..

411 3509 514 3548 nec
560 3496 612 3548 in
650 3511 760 3568 quo
808 3512 994 3568 agens,
1040 3513 1202 3552 suum
1231 3512 1364 3553 esse
1400 3496 1702 3567 praetendat
1745 3495 1840 3565 qui
1883 3512 1932 3550 nt

2188 3503 2272 3558 ιλᾶ
2305 3503 2437 3574 ὑμῖν
2467 3502 2659 3574 ἕψεται
2713 3503 2893 3556 πάντα
2933 3502 3004 3555 τά
3037 3501 3216 3554 ἄτοπα
3251 3500 3358 3570 τῆς
3385 3499 3709 3562 ὑποθέσεως

411 3593 516 3652 est,
551 3587 949 3657 qualiscunque
991 3588 1080 3644 sit.
1119 3587 1175 3643 Si
1221 3596 1405 3645 autem
1457 3588 1643 3644 dicitis
1689 3588 1932 3644 secundu

2194 3593 2241 3658 5ς
2297 3593 2376 3663 τῷ
2419 3593 2514 3645 καὶ
2561 3591 2928 3662 συνυπάρχειν
2963 3589 3078 3660 ἅμα
3108 3607 3168 3643 τε
3211 3589 3310 3642 καὶ
3353 3591 3416 3644 ἐν
3447 3589 3537 3660 τῷ
3567 3589 3715 3658 tum;

413 3677 578 3733 hasce
609 3679 746 3734 duas
777 3679 940 3734 simul
971 3679 1362 3750 dispositiones
1389 3679 1802 3752 generationem
1825 3695 1934 3750 gen

1162 3681 1362 3736 itiones
1389 3679 1802 3752 generationem
1825 3681 1994 3750 geniti
2103 3682 2174 3735 τὰ
2201 3682 2422 3736 ἐναντία
2454 3681 2680 3736 διδόναι.

413 3772 662 3844 prodire,
695 3772 784 3828 bis
807 3789 907 3828 vos
939 3782 1246 3843 sequentur
1305 3774 1490 3828 omnia
1556 3772 1796 3828 absurda
1861 3773 2293 3844 suppositionis;
2339 3785 2702 3845 praeterquam
2749 3772 2898 3844 quod
2946 3772 3109 3828 simul
3158 3771 3513 3828 coexsistent
3555 3781 3618 3827 et
3661 3772 3715 3826 in

415 3865 610 3918 eodem
643 3865 894 3936 Opposita
925 3864 1158 3919 dabunt.

486 3985 556 4039 At
573 3983 760 4039 fallor:
777 3999 903 4038 nam
922 3985 980 4040 in
1007 4000 1116 4040 non
1133 3985 1434 4042 exsistente
1461 3986 1579 4042 haec
1596 3976 1928 4058 supponitis,
1949 3995 2007 4042 et

2200 3981 2331 4049 Πλὴν
2388 3981 2790 4052 ἐπιλέλησμαι·
2856 3981 2916 4034 ὲν
2955 3978 3034 4050 τῷ
3063 3980 3172 4050 γάρ
3223 3978 3298 4050 μὴ
3353 3979 3480 4032 Evt:
3544 3981 3721 4035 ταῦτα

416 4091 528 4131 non
559 4075 918 4132 coexsistunt.
935 4075 1053 4131 Non
1083 4077 1231 4133 enim
1263 4079 1539 4132 exsistunt
1563 4093 1630 4134 ea
1656 4094 1780 4149 quae
1801 4095 1937 4151 supp

2200 4073 2290 4126 σθε
2313 4089 2326 4101 ·
2355 4073 2451 4127 καὶ
2480 4074 2542 4126 οὐ
2579 4072 2942 4142 συνυπάρχει·
2973 4071 3094 4124 οὑδὲ
3122 4070 3234 4140 γὰρ
3257 4071 3514 4143 ὑπάρχει
3537 4072 3613 4125 τὰ
3663 4075 3721 4126 ἐν

417 4175 627 4223 nuntur
641 4169 697 4224 in
709 4183 820 4224 non
833 4168 1152 4225 exsistente.
1167 4169 1289 4225 Non
1305 4171 1424 4226 scio
1441 4169 1610 4242 igitur
1621 4172 1899 4241 quomodo
1911 4185 1938 4226 e

2225 4165 2301 4238 μὴ
2339 4166 2640 4236 ὑπάρχοντι
2669 4182 2684 4197 ·
2715 4165 2815 4218 οὐκ
2840 4158 2961 4218 οῖδα
2994 4161 3088 4216 οὖν
3121 4163 3238 4226 πῶς
3261 4162 3398 4216 ὂντα
3419 4163 3523 4234 εἴη
3553 4166 3620 4218 ὲν
3647 4167 3721 4236 τῷ

417 4259 669 4316 sistentia
689 4270 876 4316 essent
898 4261 951 4314 in
969 4277 1081 4316 non
1103 4261 1404 4318 exsistente
1423 4276 1488 4317 ea
1510 4277 1635 4333 qua:
1649 4263 1814 4318 etiam
1834 4263 1892 4318 in
1911 4278 1938 4318 e

2221 4258 2358 4322 ὄντι,
2387 4257 2424 4312 ἃ
2447 4259 2542 4313 καὶ
2561 4259 2618 4311 ὲν
2637 4260 2751 4321 τοῖς
2779 4253 2898 4311 οὖσι
2922 4257 3208 4327 γινόμενα,
3235 4256 3296 4308 οὐ
3335 4256 3563 4325 κυρίως
3594 4257 3723 4312 ὄντα

419 4351 744 4406 sistentibus
763 4367 889 4406 cum
923 4361 1073 4417 sunt,
1105 4369 1216 4408 non
1249 4353 1473 4424 proprie
1498 4355 1820 4411 exsistentia
1850 4371 1940 4410 sur

2205 4352 2253 4404 iv
2273 4367 2286 4381 ·
2326 4351 2410 4404 ἐτι
2439 4352 2514 4422 μὴ
2537 4351 2634 4404 καὶ
2666 4349 2803 4418 τῷδε
2847 4349 3198 4421 προσεκτέον,
3229 4348 3306 4412 ὡς
3332 4351 3384 4401 εἰ
3426 4351 3721 4422 ἐνέργεια,

418 4442 540 4497 Non
567 4452 660 4517 εει,
673 4455 894 4513 quoque
917 4443 984 4498 ad
1013 4443 1069 4498 id
1099 4445 1518 4510 attendendum,
1539 4447 1753 4504 scilicet
1767 4447 1936 4519 quod,

2198 4444 2348 4506 πάθος
2369 4442 2466 4496 τοῦ
2488 4443 2832 4513 γεννωμένου
2888 4443 2922 4513 ή
2965 4441 3222 4512 γέννησίς
3268 4441 3412 4505 ἐστι,
3457 4443 3599 4498 καθ’
3633 4443 3719 4506 οὓς

421 4536 566 4590 actio
595 4544 692 4590 aut
727 4536 910 4606 passio
933 4535 1104 4607 geniti
1135 4546 1220 4591 est
1242 4538 1545 4608 generatio,
1575 4541 1879 4595 secundum
1907 4541 1942 4594 ιι

2198 4535 2442 4607 γράψατε
2493 4535 2815 4604 ἀλογίστους
2861 4534 3097 4603 τρόπους
3145 4533 3222 4597 ὠς
3265 4533 3719 4603 άναγκαίους,ἣ

421 4642 561 4697 quos
590 4625 964 4697 descripsistis
986 4628 1206 4684 insanos
1227 4629 1422 4685 modos
1445 4638 1507 4686 ut
1536 4631 1942 4698 necessariosn

2239 4627 2431 4682 ἑαυτόν
2455 4643 2509 4680 τι
2543 4626 2706 4680 πάθοι
2750 4625 2840 4695 ὑφ’
2881 4625 3075 4680 ἑαυτοῦ
3125 4625 3445 4696 γεννώμενο
3460 4645 3507 4691 ς,
3533 4628 3571 4700 ῆ

421 4720 640 4790 genitus
663 4719 870 4790 aliquid
895 4719 1134 4789 patietur
1156 4721 1210 4774 in
1233 4720 1478 4792 seipsum
1496 4738 1527 4777 a
1544 4722 1746 4794 seipso,
1762 4723 1898 4779 vela
1926 4739 1942 4794 ε

2202 4718 2506 4784 ἱτεκόντος,
2555 4718 2590 4790 ἢ
2639 4718 2747 4772 ὑπό
2798 4735 2944 4782 τινος
3003 4719 3232 4788 ἐτέρουο
3294 4717 3395 4770 καὶ
3443 4719 3723 4790 πάλιν,ῆ

421 4822 645 4881 gnente,
663 4813 749 4867 vel
768 4811 838 4867 ab
863 4812 974 4866 alio
999 4813 1290 4884 quopiam;
1315 4822 1373 4868 et
1395 4815 1720 4880 iterum,vel
1750 4824 1875 4886 aget
1896 4817 1942 4886 ip

2206 4811 2282 4873 τὸς
2331 4812 2616 4884 ἐνεργήσει
2656 4814 2736 4892 εἰς
2777 4812 2991 4876 ἑαυτὸν,
3044 4811 3078 4882 ἦ
3135 4812 3215 4874 είς
3246 4811 3342 4864 τὸν
3376 4815 3660 4880 τεκόντα,
3697 4815 3727 4884 ἦ

423 4903 481 4957 in
492 4905 569 4959 sei
576 4921 757 4974 psum,
777 4906 862 4960 vel
884 4905 938 4959 in
951 4905 1286 4976 gignentem,
1303 4908 1391 4962 vel
1405 4909 1460 4963 in
1473 4908 1642 4962 alium
1659 4910 1944 4979 quempiar

2229 4919 2352 4957 τινα
2374 4903 2561 4974 ἕτερον
2585 4920 2599 4934 ο
2629 4902 2787 4956 ἔσται
2826 4903 2884 4956 δὲ
2920 4902 3116 4969 οὑτως,
3147 4903 3180 4974 ἢ
3215 4903 3382 4966 αὑτὸς
3407 4906 3629 4961 ἑαυτὸν
3657 4913 3731 4971 εἰς

421 5005 477 5051 et
491 4996 627 5050 illud
647 4997 861 5053 tietboc
878 4999 1042 5054 modo
1057 5019 1069 5055 :
1083 5001 1170 5056 vel
1189 5001 1304 5071 ipse
1323 5001 1564 5070 seipsum
1584 5001 1640 5055 in
1658 5001 1942 5069 seipsum,‘

2211 4993 2366 5064 ιτδνῆ
2412 4995 2492 5056 εἰς
2529 4993 2620 5046 τὸν
2641 4995 2894 5058 τεκόντα,
2931 4994 2965 5065 ἠ
2995 4996 3075 5054 είς
3111 4993 3296 5064 ἕτερον
3326 4997 3654 5069 γεννήσας,
3702 5002 3732 5070 ἢ

423 5087 480 5141 in
503 5086 836 5158 gignentem,
869 5091 956 5144 vel
990 5089 1046 5143 in
1076 5092 1266 5155 alium,
1298 5091 1548 5160 gignens;
1575 5090 1661 5143 vel
1691 5106 1720 5144 a
1751 5091 1934 5160 seipso

2245 5085 2442 5140 ἑαυτοῦ
2473 5089 2551 5150 εἰς
2587 5087 2804 5154 ἑαυτὸν,
2840 5087 2873 5157 ἦ
2927 5087 3018 5156 ὑφ’
3049 5087 3247 5141 ἑαυτοῦ
3296 5089 3384 5152 είς
3425 5089 3668 5160 ἑαυτὸν,
3703 5097 3733 5163 ἦ

424 5180 690 5250 seipsum,
721 5180 862 5234 vela
893 5189 1070 5250 patre,
1105 5183 1192 5236 vel
1226 5182 1296 5235 ab
1325 5181 1434 5236 alio
1459 5181 1698 5252 genitus.
1733 5181 1886 5238 Talia
1921 5199 1945 5236 a

2213 5188 2226 5230 >
2253 5177 2350 5231 τοῦ
2397 5179 2633 5249 Πατρὸς,
2677 5179 2711 5248 ἢ
2742 5179 2832 5247 ὑφ’
2861 5179 3052 5250 ἐτέρου
3086 5179 3398 5251 γεννηθείς.
3433 5183 3652 5238 Ταῦτα
3685 5186 3734 5238 is

427 5282 536 5328 tem
581 5269 800 5336 audire,
827 5280 884 5326 et
915 5271 1120 5327 talibus
1150 5272 1486 5343 respondere
1515 5273 1728 5344 parcite
1771 5273 1948 5340 nobis,

2211 5267 2342 5322 κύειν
2389 5268 2422 5340 ῆ
2479 5269 2745 5333 τοιούτοις
2787 5269 3184 5340 ἀποκρίνεσθαι
3219 5269 3501 5338 φείσασθε
3547 5276 3732 5346 ἡμιῖιι,

427 5367 674 5425 infandi!
729 5366 966 5422 fatemur
997 5381 1110 5422 non
1156 5367 1302 5423 ferre
1336 5367 1455 5422 sine
1499 5369 1602 5424 ira.
1644 5365 1948 5424 Obmutesc?

2213 5359 2487 5414 ἱεινότατοι
2519 5361 2532 5414 l
2582 5360 2956 5430 ὁμολογοῦμεν
2978 5361 3038 5414 οὐ
3072 5361 3258 5430 φέρειν
3300 5362 3554 5432 ἁνεμεσί
3582 5383 3599 5397 ·
3629 5384 3734 5421 κω-

424 5461 596 5533 igitur
629 5469 690 5516 ut
733 5475 834 5516 nos
861 5459 1173 5531 loquamur.
1205 5460 1418 5515 Dicitur
1455 5462 1604 5516 enim
1635 5461 1865 5516 alterius
1893 5477 1945 5516 ει

2209 5452 2364 5504 ὃσατε
2393 5451 2459 5522 δὴ
2490 5450 2582 5506 οὖν
2620 5453 2708 5507 ἵνα
2739 5453 2902 5523 ἡμεῖς
2951 5452 3299 5523 λαλήσωμεν.
3344 5457 3609 5524 Λέγεται
3638 5461 3730 5530 μὲν

429 5555 506 5608 ιίο
527 5551 724 5609 confici
755 5553 988 5609 alterius
1021 5554 1433 5625 generationem
1463 5570 1475 5606 :
1503 5563 1559 5608 et
1587 5553 1760 5609 altero
1792 5561 1950 5624 agent

2209 5568 2236 5621 ρ
2275 5550 2308 5622 ἢ
2342 5550 2503 5604 ἄλλου
2532 5549 2706 5621 φθορᾷ
2730 5549 3083 5622 συναίρεσθαι
3117 5551 3198 5614 εἰς
3231 5549 3400 5603 ἄλλου
3431 5553 3730 5624 γέννησιν,

429 5653 486 5701 et
511 5647 685 5702 altero
720 5647 982 5720 patiente,
1021 5647 1256 5704 alterum
1297 5645 1520 5716 prodire
1551 5647 1820 5716 genitum,
1871 5647 1949 5700 sic

2206 5651 2218 5696 ι
2281 5644 2472 5714 ἑτέρου
2528 5643 2924 5716 ἐνεργοῦντος⁸
2972 5644 3066 5750 καὶ
3127 5643 3319 5714 ἑτέρου
3383 5646 3727 5720 πάσχοντος,
