3852 6134
176 253 324 317 lfbfl

177 477 286 528 μεν
316 455 473 516 κατὰ
515 453 646 514 τοὺς
677 451 970 522 διαφόρους
995 449 1744 522 τρόπους-τῶνκεννωμένων
1767 465 1781 478 ·

171 548 446 609 τέκτονος
491 543 600 613 μὲν
628 541 736 611 γὰρ
763 543 828 611 τῇ
888 557 948 594 τε
1001 544 1204 612 φυσικῇ
1263 542 1356 596 καὶ
1387 543 1784 612 ἐπιστημονικῇ

173 635 474 704 ἐνεργείᾳ..
510 632 678 688 πάθει
703 633 759 686 δὲ
785 631 880 686 τοῦ
911 631 1092 698 ξύλου,
1135 634 1234 704 τῆς
1285 633 1472 703 κλίνης
1518 633 1786 704 προέρχε-

173 744 271 778 ται
293 726 360 777 τὸ
391 721 544 788 εἶδος
571 741 584 755 ·
624 725 717 777 καὶ
753 725 917 778 πάλιν
945 726 1118 794 πυρὸς
1149 728 1214 796 τῇ
1248 727 1411 796 φύσει
1436 725 1786 796 ἐνεργοῦντος

174 817 278 868 καὶ
338 815 694 884 φθείροντος,
745 815 1048 884 πάσχοντος
1071 815 1128 868 δὲ
1159 817 1252 868 καὶ
1297 816 1656 887 φθειρομένου
1688 814 1784 870 τοῦ

179 907 450 969 στέατος,
483 905 704 974 λιγνύος
736 901 879 968 εἶδος
908 905 966 958 ὲν
987 906 1109 976 ἀέρι
1139 909 1433 975 γεννᾶται·
1471 907 1526 960 οἵ
1567 924 1625 960 τε
1677 910 1786 979 γὰρ

177 995 354 1064 φύσιν
382 997 484 1049 καὶ
519 995 656 1067 ὓλην
683 997 710 1050 ὅ
733 996 784 1050 τί
813 995 943 1050 ποτέ
971 997 1076 1050 εἰσι
1113 997 1386 1070 διαφόρως
1417 999 1666 1062 νοοῦντες
1693 1001 1786 1052 καὶ

177 1086 774 1158 ὐποτιθέμενοι,.δμως
798 1089 898 1157 τῆς
919 1087 1544 1162 μὲν]ὲνεργούσης,ιτῆς
1561 1091 1617 1144 δὲ
1642 1107 1786 1144 πασ-

175 1177 397 1248 χούσης
412 1179 717 1248 γεννᾶσθαι.
734 1179 799 1232 τὰ
815 1182 876 1233 ὲκ
892 1181 1099 1234 τούτων
1115 1181 1228 1252 εἴδη
1259 1179 1582 1252 ὁμολογοῦσι
1603 1197 1618 1213 ο
1647 1183 1788 1236 κατὰ

181 1272 390 1340 μέντοι
447 1273 792 1344 τὰ’ὑμέτερα
815 1273 1184 1345 θεσπίσματα,
1207 1275 1267 1328 τὸ
1303 1275 1379 1347 μὴ
1407 1275 1466 1330 ὃν
1496 1277 1663 1346 γεννᾷ
1692 1293 1740 1328 τι
1767 1292 1782 1310 ο

178 1362 285 1414 καὶ
323 1362 575 1434 μάλιστα
595 1364 656 1418 τὸ
677 1365 869 1418 ἑαυτοῦ
895 1361 1037 1419 εἶναι
1069 1365 1230 1420 πάθει
1261 1366 1294 1438 ἢ
1331 1366 1584 1438 ἐνεργείᾳ
1611 1365 1786 1428 οὐδεὶς

181 1452 366 1520 ἔφησε
391 1454 621 1508 πώποτε
648 1469 661 1483 ·
703 1454 838 1508 πάλλ’
873 1455 994 1509 οὐδὲ
1017 1455 1152 1521 ὅλως
1203 1457 1376 1520 πάθος
1421 1457 1455 1528 ἢ
1501 1457 1785 1528 ἐνέργειαν

187 1544 290 1596 ἐπὶ
332 1543 434 1598 τοῦ
474 1547 703 1617 μηδέπω
727 1547 880 1610 όντος
910 1549 1174 1620 ἐγνώρισε
1198 1566 1228 1581 ’λ
1249 1549 1366 1613 πῶς
1389 1547 1481 1604 οὖν
1507 1549 1788 1613 τοιαύταις

172 1637 218 1704 -ή
229 1637 344 1704 μᾶς
367 1637 450 1702 ὡς
470 1642 725 1708 φυσικαῖς
755 1640 1052 1709 διαιρέσεσι
1076 1641 1492 1710 συλλογίζεσθε;

1161 247 1558 308 ADVERSUS
1599 242 2228 308 NESTORIANOS.—
2253 251 2395 310 LIB.
2445 253 2538 312 ιν.

172 368 373 438 ἕτερον
407 360 670 432 προϊέναι
711 359 1068 430 γεννώμενον,
1102 360 1178 422 ὡς
1212 360 1304 412 ἐπὶ
1339 359 1607 428 σωμάτων
1639 357 1776 428 ὁρῶ·

1884 357 2136 415 videmus
2153 360 2222 415 de
2245 363 2592 432 corporibus,
2614 365 2866 422 videmus
2893 369 3194 425 secundum
3223 371 3470 433 diversos
3563 438 3572 445 _

3321 259 3470 326 .1670

1887 450 2082 506 modos
2115 453 2410 522 generatis.
2443 455 2578 510 Nam
2617 456 2832 526 Opiﬁcis
2871 460 3094 528 quidem
3141 463 3365 533 physica
3413 475 3470 519 et

1887 539 2066 608 perita
2110 541 2360 606 actione,
2413 544 2668 614 passione
2712 561 2845 601 vero
2890 548 3057 617 ligni,
3112 550 3236 604 lecti
3286 553 3468 620 prodit

1887 629 2084 686 forma.
2128 632 2448 704 Pariterque
2491 636 2615 706 igne
2663 653 2759 693 sua
2806 620 3001 694 natura
3048 650 3242 710 agente
3272 651 3329 696 et
3370 646 3469 698 de—

1889 729 2172 784 struente,
2224 723 2466 792 patiente
2518 741 2646 780 vero
2691 736 2747 782 et
2799 737 3064 796 pereunte
3111 730 3276 794 sebo,
3333 729 3470 785 fumi

1887 813 2060 869 forma
2092 815 2146 869 in
2181 831 2308 870 aere
2339 817 2597 886 gignitur.
2628 819 2729 886 Qui
2761 821 2908 874 enim
2944 821 3012 875 de
3047 830 3240 877 natura
3267 831 3324 880 et
3356 839 3475 878 ma-

1887 909 2049 972 teria,
2077 909 2448 980 quodcunque
2493 912 2624 975 sint,
2673 912 2894 968 diverso
2939 915 3106 969 modo
3145 924 3382 971 tractant
3415 928 3472 972 et

1889 999 2188 1066 disserunt,
2238 1002 2408 1055 altera
2445 1001 2670 1070 quidem
2715 1013 2928 1073 agente,
2979 1006 3150 1060 altera
3201 1023 3332 1062 vero
3371 1024 3469 1078 pa-

1889 1091 2082 1156 tiente,
2113 1093 2361 1170 generari
2395 1109 2697 1165 omnesque
2725 1097 2793 1150 de
2846 1098 2928 1150 his
2959 1107 3087 1152 sunt
3113 1099 3316 1153 formas
3339 1115 3472 1155 cou~

1887 1183 2155 1237 sentiunt.
2198 1183 2326 1249 Sed,
2358 1186 2662 1240 secundum
2701 1196 2884 1241 vestra
2915 1189 3157 1255 oracula,
3183 1190 3329 1258 quod
3359 1206 3468 1246 non

1885 1275 2122 1340 exsistit,
2137 1275 2308 1348 gignit
2326 1278 2555 1348 aliquid,
2579 1281 2990 1350 prmsertimque
3004 1297 3164 1336 suum
3187 1299 3328 1348 esse,
3347 1300 3472 1355 pas-

1867 1367 2042 1424 zsione
2086 1379 2182 1426 aut
2221 1372 2478 1430 actione:
2507 1373 2652 1444 quod
2696 1389 2859 1429 nemo
2887 1391 3128 1446 unquam
3169 1377 3336 1443 dixit;
3371 1379 3468 1434 sed

1859 1448 1989 1513 'guec
2021 1462 2246 1516 omnino
2293 1463 2568 1518 actionem
2614 1465 2730 1520 sive
2781 1465 3090 1534 passionem
3123 1468 3179 1523 in
3221 1468 3470 1522 nondum

1872 1551 2186 1608 exsistente
2217 1555 2457 1625 agnovit.
2486 1556 2770 1622 Quomodo
2787 1573 2920 1628 ergo
2945 1559 3166 1622 talibus,
3194 1571 3256 1614 ut
3281 1561 3436 1634 pbysi
3455 1590 3468 1604 -

1807 1696 1860 1719 gn
1887 1642 1990 1707 cis,
2023 1643 2472 1700 distinctionibus
2504 1647 2558 1700 in
2587 1663 2687 1702 nos
2710 1649 3208 1719 argumentamini?

276 1696 453 1784 ’Λλλᾶ
483 1696 726 1784 ’τοιαῦτα
771 1696 930 1802 ἡμεῖς
969 1735 1130 1802 μέχρι
1169 1696 1264 1786 τοῦ
1294 1696 1570 1788 νῦννΘιιοῦ
1599 1734 1776 1806 χάριτι

1950 1735 2068 1792 Sed
2100 1737 2226 1792 talia
2258 1753 2359 1794 nos
2392 1755 2564 1808 usque
2595 1696 2894 1794 adhucoDei
2925 1741 3098 1811 gratia
3123 1757 3302 1811 neque
3327 1741 3470 1798 scire

189 1818 270 1886 μὴ
331 1819 543 1874 εἰδέναι
607 1824 743 1892 μήτε
798 1823 1113 1893 διδαχθῆναι
1153 1823 1564 1893 ὁμολογοῦντες,
1629 1824 1782 1895 ὀρθο-

185 1908 368 1974 δόξως
429 1912 776 1983 κηρύττομεν
829 1913 926 1984 τὴν
981 1913 1264 1968 εύσέῦειαν
1329 1914 1433 1968 ὑπὸ
1473 1915 1580 1969 τῶν
1615 1916 1785 1984 ἁγίων

174 1998 550 2072 διδαχθέντες
590 2005 868 2074 Πατέρων,
919 2005 1009 2057 τὸν
1049 2007 1112 2060 ἐκ
1163 2007 1324 2076 μόνου
1384 2006 1597 2078 Πατρός
1627 2007 1785 2076 μόνον

184 2090 352 2160 Υἱδν,
389 2097 464 2166 τῇ
504 2097 602 2166 μὲν
635 2097 734 2167 μιᾷ
779 2098 1138 2169 μεμονωμένῃ
1176 2097 1341 2152 αὑτοῦ
1387 2099 1492 2170 ἰδίᾳ
1529 2101 1784 2168 γεννήσει

185 2183 444 2253 προόντα
476 2187 584 2238 τῶν
612 2185 822 2240 αἰώνων
853 2187 984 2241 Θεὸν
1007 2188 1198 2257 Λόγον·
1219 2191 1276 2242 ὲν
1309 2191 1556 2262 ὑστέροις
1573 2189 1632 2244 δὲ
1657 2207 1780 2244 και-

176 2277 310 2342 -ροίς
350 2277 467 2349 ἰδίᾳ
493 2278 710 2346 εὐδοκία
741 2278 1106 2350 φιλανθρώπῳ
1135 2280 1233 2351 τὴν
1265 2279 1528 2354 δευτέραν
1583 2281 1781 2336 ἑαυτοῦ

192 2367 366 2420 πάλιν
385 2369 714 2440 ίδικωτάτην
735 2370 1027 2441 ἐνεργῆσαι
1049 2371 1302 2442 γέννησιν
1328 2375 1386 2426 ὲν
1412 2375 1479 2444 τῇ
1497 2373 1784 2444 συμπλοκῇ

182 2458 284 2513 τοῦ
320 2462 456 2516 καθ’
509 2465 657 2532 ἡμᾶς
707 2463 997 2534 ἀνθρώπου
1039 2464 1434 2538 ὁμολογοῦμεν,
1483 2467 1578 2520 καὶ
1639 2483 1778 2538 προ-

185 2553 420 2608 ελεύσει
479 2557 712 2626 σαρκικῇ
759 2555 824 2608 ὲκ
849 2557 948 2627 τῆς
993 2556 1154 2626 ἁγίας
1189 2557 1467 2626 Παρθένου
1501 2557 1783 2629 τεχθῆναι,

167 2643 482 2713 ’ὁμοιότητι
509 2647 849 2714 γεννήσεως·
881 2647 1014 2718 μηδὲ
1061 2647 1206 2702 κατὰ
1262 2647 1360 2719 τὴν
1417 2649 1642 2721 πρώτην
1683 2651 1780 2703 αύ-

177 2735 311 2800 τοῦ,
349 2737 490 2810 μηδὲ
543 2737 683 2791 κατὰ
721 2738 981 2809 δευτέραν
1011 2739 1268 2810 γέννησίν
1292 2758 1401 2794 τεινι
1433 2740 1544 2794 τῶν
1570 2742 1786 2797 πάντων

189 2829 569 2883 κοινωνοῦντα
599 2847 609 2858 ·
645 2829 770 2884 οὔτε
804 2831 913 2902 γάρ
935 2850 986 2885 τι
1016 2831 1203 2902 ἕτερον
1228 2831 1368 2888 κατὰ
1409 2832 1471 2886 τὺ
1495 2833 1662 2888 ἀΐδιον
1692 2833 1787 2887 καὶ

193 2919 633 2992 ἀπαράλλακτον
658 2923 752 2976 καὶ
786 2917 1080 2993 εὐάρεστον
1103 2927 1198 2978 καὶ
1225 2925 1494 2995 ἄτρεπτον
1528 2926 1624 2978 καὶ
1647 2927 1786 2996 ἀμέ-

1879 1845 2067 1899 neque
2113 1829 2371 1885 didicisse
2403 1831 2750 1898 conﬁtentes,
2792 1832 3096 1888 orthodoxe
3123 1832 3468 1902 proﬁtemur,

1881 1921 2148 1991 pietatem
2199 1923 2380 1978 edocti
2421 1939 2450 1978 a
2503 1925 2708 1980 sanctis
2756 1925 3032 1988 Patribus,
3081 1925 3246 1980 unius
3291 1925 3472 1980 Patris

1887 2015 2112 2068 unicum
2147 2015 2344 2071 Filium
2379 2031 2486 2072 una
2529 2017 2750 2086 quidem
2788 2017 2948 2072 unica
2983 2033 3080 2073 sua
3120 2018 3342 2088 pr0pria
3371 2034 3471 2090 ge-

1887 2105 2172 2160 neratione
2213 2107 2615 2176 praecedentem
2656 2109 2874 2175 saecula,
2905 2109 3077 2164 Deum
3107 2110 3380 2178 Verbum;
3411 2110 3468 2165 in

1887 2198 2286 2267 posterioribus
2307 2216 2438 2255 vero
2472 2201 2832 2272 temporibus,
2865 2217 2964 2256 sua
2992 2201 3049 2256 in
3083 2202 3336 2257 homines
3367 2201 3468 2257 be-

1887 2287 2174 2358 nignitate,
2207 2291 2508 2346 secundum
2543 2309 2698 2348 suam
2735 2293 2934 2348 iterum
2962 2294 3240 2364 propriam
3271 2309 3470 2364 opera-

1887 2385 2002 2431 tum
2029 2394 2150 2434 esse
2173 2383 2607 2450 generationem,
2636 2383 2690 2436 in
2721 2385 3010 2454 complexu
3045 2393 3246 2440 nostra
3275 2384 3472 2438 huma-

1887 2469 2078 2526 nitatis
2129 2471 2478 2539 conﬁtemur,
2526 2484 2584 2529 et
2631 2491 2852 2545 egressu
2908 2477 3114 2531 carnali
3166 2491 3233 2530 ex
3280 2487 3469 2531 sancta

1886 2561 2110 2634 Virgine
2159 2565 2404 2634 genitum
2461 2580 2602 2628 esse.
2661 2567 3022 2624 similitudine
3077 2569 3467 2639 generationis,

1887 2655 2004 2719 sed,
2031 2671 2213 2726 neque
2241 2659 2543 2714 secundum
2577 2659 2808 2728 primam
2826 2677 3015 2730 ,neque
3041 2661 3343 2717 secundum
3381 2675 3475 2716 εσσ-

1887 2747 2123 2802 cundarn
2161 2744 2337 2804 suam
2400 2753 2848 2821 generationem,
2907 2754 3200 2810 habentem
3261 2754 3468 2824 aliquid

1887 2857 2180 2898 commune
2210 2859 2334 2898 cum
2363 2847 2579 2902 czeteris
2611 2849 2891 2904 omnibus.
2932 2850 3082 2905 Nihil
3123 2851 3268 2907 enim
3318 2837 3492 2907 aliud.

1888 2933 2019 3002 quid
2057 2937 2360 2990 secundum
2389 2947 2678 3006 :eternum,
2706 2949 2763 2996 et
2797 2943 3160 3010 immutabile,
3191 2955 3248 3000 et
3285 2944 3468 3016 perfe-

199 3025 390 3076 ριστον
420 3013 516 3064 καὶ
545 3010 830 3074 ἀνελλιπὲς
869 3013 961 3064 καὶ
993 3012 1383 3083 ἀνεκφοίτητον
1431 3013 1530 3084 τῆς
1561 3011 1776 3081 πρώτης

1889 3033 2060 3088 etum,
2080 3034 2137 3080 et
2159 3025 2586 3086 inconversibile
2603 3049 2618 3098 ;
2637 3042 2691 3088 et
2709 3033 3026 3098 indivisum,
3042 3038 3468 3106 etcompletunz,

195 3099 370 3152 αὐτοῦ
405 3102 575 3170 ’ήγουν
623 3101 928 3171 γεννήσεως
975 3104 1320 3172 γεγέννηται,
1350 3103 1472 3156 οὒτε
1521 3106 1662 3157 κατὰ
1687 3104 1786 3176 τὴν

193 3189 468 3262 δευτέραν
496 3191 682 3262 ἕτερον
710 3208 761 3244 τι
787 3189 960 3254 οὕτως
985 3193 1241 3262 ἀσπόρως
1273 3193 1370 3246 καὶ
1399 3193 1656 3264 ἀφθόρως
1688 3196 1786 3248 καὶ

197 3281 500 3354 ὑπερφυῶς
527 3283 871 3353 γεγέννηται,
891 3283 984 3337 καὶ
1013 3283 1327 3352 Πνεύματος
1366 3285 1526 3354 ἁγίου
1594 3286 1786 3356 συλλη-

199 3370 360 3435 φῆὲν,
385 3372 481 3424 καὶ
499 3370 742 3440 ἄχρόνως
763 3371 1069 3436 τελειωθὲν,
1087 3373 1182 3425 καὶ
1215 3373 1521 3445 μορφωθὲν,
1583 3377 1676 3430 καὶ
1705 3377 1786 3430 δι-

197 3459 538 3526 οργανωθὲν,
564 3460 658 3513 καὶ
689 3463 766 3524 είς
801 3457 987 3515 πάντα
1018 3463 1109 3516 τὸν
1131 3464 1322 3518 ἑαυτοῦ
1349 3464 1580 3538 ούσιὼδη
1613 3467 1784 3537 Λόγον

200 3547 545 3619 ἁπαρτισθὲν
596 3552 654 3604 ὲν
705 3555 770 3622 τῇ
803 3553 943 3626 ἁγνῇ
977 3557 1161 3626 μήτρᾳ.
1211 3557 1311 3628 τῆς
1356 3558 1646 3629 ἀμιάντου,
1704 3564 1785 3624 είς

197 3636 332 3690 ναὸν
361 3638 456 3692 καὶ
485 3639 566 3700 είς
612 3643 876 3713 σκήνωμα
925 3643 1020 3696 τοῦ
1073 3645 1250 3714 Λόγου
1283 3647 1382 3716 τῆς
1435 3648 1782 3721 ἀνθρωπίνης

202 3730 410 3801 σαρκὸς
439 3729 498 3796 ἐξ
518 3731 685 3804 αὐτῆς
713 3735 883 3804 μόνης
921 3736 1306 3808 τελειωθείσης
1349 3741 1442 3793 καὶ
1493 3742 1784 3812 συναφθεί-

201 3835 306 3892 σης
340 3823 492 3893 αύτῷ
522 3825 581 3876 ὲν
606 3824 836 3894 ἀκαρεῖ’
867 3825 948 3880 ἔτι
978 3828 1084 3896 μὴν
1107 3831 1199 3880 καὶ
1223 3830 1442 3901 ἀληθῶς
1462 3832 1783 3903 κεκλεισμέ-

198 3926 298 3982 νης
333 3911 433 3982 τῆς
487 3915 824 3986 παρθενικῆς
888 3918 1086 3992 πύλης,
1137 3922 1277 3975 κατά
1344 3923 1506 3992 φύσιν
1565 3926 1782 3996 ἀληθῶς

201 4000 367 4074 σῶμα
419 4003 588 4077 οὔσης
622 4008 719 4078 τῆς
755 4010 1017 4081 Θεοδόχου
1073 4013 1276 4084 σαρκὸς
1321 4017 1488 4070 αὑτοῦ
1537 4018 1624 4072 διὰ
1667 4019 1778 4072 τῶν

197 4093 463 4166 ἀρῤαγῶν
492 4098 762 4168 σωμάτων
792 4104 1040 4172 χωρῆσαι
1071 4105 1169 4174 τῆς
1199 4107 1413 4176 μήτρας
1443 4109 1537 4180 τῆς
1568 4111 1777 4182 Παρθέ·

195 4197 289 4236 νου
318 4189 384 4257 τῇ
411 4187 550 4258 ὑπὲρ
597 4189 767 4258 φύσιν.
787 4190 1014 4262 δυνάμει
1045 4193 1143 4246 τοῦ
1192 4197 1404 4262 ἐνόντος
1434 4199 1569 4272 αὐτῇ
1603 4201 1776 4254 Πνεύ-

198 4291 369 4344 ματος
398 4280 489 4333 τοῦ
543 4282 719 4351 Λόγου
765 4286 1114 4356 πιστεύομεν.
1161 4289 1284 4354 Πῶς
1318 4290 1412 4345 οὖν
1463 4295 1524 4347 οὐ
1571 4299 1775 4361 παντὸς

199 4365 402 4456 μᾷλλον
429 4367 508 4420 ἔτι
529 4371 624 4423 καὶ
650 4373 727 4426 ἔτι
749 4374 838 4427 διὰ
877 4375 1050 4430 ταῦτα
1085 4377 1347 4434 Θεοτόκον
1378 4382 1598 4455 ἀληθῶς
1626 4404 1770 4456 γνω-

196 4455 460 4554 ρίσαντες
502 4459 896 4534 εὐφημήσομεν
946 4468 1044 4539 τὴν
1077 4471 1353 4542 Παρθένον
1396 4473 1774 4554 ταύτην,ὲνῇ

315 4547 374 4613 ἐξ
406 4546 472 4643 ἦς
503 4553 531 4603 ό
569 4554 739 4624 Λόγος
764 4557 863 4629 τὴν
917 4564 1096 4632 σάρκα
1129 4546 1607 4640 μνηστευσάμενος
1637 4546 1774 4643 ιιτροζ

191 4635 355 4706 ἦλθεν
386 4641 460 4704 ὡς
485 4645 714 4712 νυμφίος
741 4649 806 4702 ἐκ
830 4653 1036 4706 παστοῦ
1063 4635 1232 4724 ἁγίου
1253 4659 1418 4712 αὐτοῦ
1485 4661 1576 4731 ἀφ’
1603 4635 1692 4736 ἧς.
1713 4683 1772 4720 τε

192 4729 226 4796 ή
260 4731 419 4828 erigite:
463 4733 555 4788 τδν
589 4738 788 4808 ἑαυτῆς
822 4742 1181 4818 λατομήσασα
1239 4745 1386 4805 οἷκον
1415 4729 1580 4826 ἑαυτῇ
1618 4729 1774 4828 περι·-

191 4819 509 4917 ῳκοδόμησε
536 4839 551 4890 ;
595 4828 688 4879 καὶ
717 4829 778 4917 τὸ
818 4830 1152 4904 θαυμαστὸν.
1181 4838 1266 4894 ὅτι
1299 4841 1422 4896 οὐδὲ
1448 4819 1635 4915 τῷ
1669 4819 1770 4917 φύ-

192 4920 330 5004 σεως
372 4909 624 4982 ίδιώματι
660 4914 756 4968 τοῦ
807 4919 1107 4991 οίκήματος
1157 4929 1357 5001 ἑαυτὴν
1402 4909 1770 5004 συνεξήγαγεν

187 4997 254 5097 ἑκ
280 5003 381 5097 τῆς
412 5005 624 5076 μήτρας
663 5007 760 5078 τῆς
821 5012 1098 5084 Παρθένου
1127 5034 1142 5048 ο
1168 4997 1324 5078 ἀλλὰ-
1347 4997 1655 5084 τούναντίον
1685 4997 1768 5097 ’τῷ

134 5099 152 5140 ἰ
183 5089 531 5190 τῇςῌφύσεως
554 5097 806 5170 ἰδιώματι
831 5105 1054 5176 ἑαυτῆς,
1075 5109 1244 5180 ήγουν
1266 5113 1359 5168 τοῦ
1390 5089 1768 5190 ὲνοικήσαντος

187 5185 326 5276 αὐτῇ
362 5187 560 5257 Λόγου,
588 5191 651 5245 τὸ
671 5193 884 5266 οἴκημα
925 5205 1316 5271 πνευματικῶς
1350 5185 1766 5276 συνεξείλκυσεν

185 5273 392 5374 ἑαυτῆς
413 5282 478 5334 ὲκ
621 5285 892 5360 τεκούσης
937 5291 1070 5346 αὑτό
1095 5312 1109 5328 ·
1147 5295 1244 5350 σὺν
1281 5300 1430 5370 αὐτῷ
1457 5273 1566 5374 γόιρ
1602 5324 1764 5360 πνευ-

190 5369 434 5467 ματικῶς
500 5372 704 5467 έξιέναι
749 5383 844 5434 καὶ
899 5384 1150 5455 χωρῆσαι
1185 5387 1274 5442 διὰ
1321 5369 1432 5444 τῶν
1503 5369 1763 5467 ἁίῥραγῶν

187 5460 452 5557 σώματων
474 5464 574 5534 τῆς
611 5467 914 5557 Παρθένου,
953 5474 1054 5546 τὴν
1085 5477 1263 5548 σάρκα
1310 5481 1506 5538 ἑαυτοῦ
1531 5460 1762 5557 όυΛόγος

183 5548 569 5622 ὲδυνάμωσενο
631 5556 822 5632 ὥσπερ
879 5566 908 5616 ό
965 5567 1204 5636 ἄσαρκος
1271 5569 1434 5635 αύτὸς
1469 5548 1761 5634 είσιὼνδθ

183 5641 358 5698 αὐτῶν
413 5645 512 5700 οὐκ
563 5649 1020 5727 ἐστενοχιορεῖτοο
1057 5661 1176 5714 ἐπεὶ
1229 5661 1339 5734 γὰρ
1381 5664 1488 5736 ἰδίᾳ
1544 5669 1759 5745 εὐδοκία

1889 3125 1942 3170 et
1970 3117 2256 3173 immotum
2290 3120 2480 3190 primae
2509 3124 2720 3180 scilicet
2757 3127 2876 3196 ejus
2917 3129 3288 3196 generationis
3314 3130 3472 3199 geni—

1889 3212 2005 3259 tum
2047 3215 2165 3274 est;
2211 3224 2314 3266 nec
2357 3213 2659 3268 secundum
2702 3216 3001 3272 secundam
3043 3219 3191 3274 aliud
3217 3222 3350 3292 quid
3391 3225 3472 3280 sic

1889 3297 2007 3352 sine
2053 3299 2286 3366 semine,
2313 3311 2370 3357 et
2404 3304 2523 3359 sine
2569 3308 2944 3375 corruptione,
2990 3318 3048 3364 et
3075 3321 3471 3380 supernatura-

1887 3385 2014 3440 liter
2037 3387 2284 3457 genitum
2331 3398 2436 3450 est.
2471 3401 2530 3446 et
2561 3391 2770 3462 Spiritu
2800 3405 2992 3451 sancto
3035 3405 3386 3468 conceptum,
3415 3411 3472 3456 ct
3564 3417 3568 3421 '

1887 3479 2006 3535 sine
2033 3490 2280 3551 tempore
2311 3483 2638 3553 perfectum,
2681 3497 2738 3543 et
2779 3487 3094 3554 formatum,
3122 3501 3176 3547 et
3208 3493 3472 3550 membris

1887 3570 2239 3634 instructum.
2266 3583 2323 3630 et
2355 3576 2408 3630 in
2453 3591 2672 3633 omnem
2703 3595 2857 3635 suam
2907 3581 3325 3640 substantialem
3378 3602 3472 3640 ra-

1885 3663 2089 3717 tionem
2113 3673 2380 3734 aptatum,
2409 3667 2464 3721 in
2487 3679 2640 3724 casto
2665 3681 2823 3726 utero
2845 3672 3230 3739 immaculatze,
3257 3677 3310 3730 in
3335 3686 3471 3732 ten.-

1883 3755 2036 3825 plum
2079 3765 2134 3811 et
2167 3757 2223 3812 in
2268 3759 2688 3816 tabernaculum
2730 3765 2926 3830 Verbi,
2973 3767 3216 3852 perfecta
3263 3778 3320 3823 et
3365 3770 3468 3839 ipsi

1884 3855 2136 3916 coaptata
2163 3850 2401 3906 humana
2428 3869 2593 3909 carne
2619 3871 2685 3910 ex
2707 3858 2930 3928 Virgine
2959 3850 3072 3914 sola
3104 3860 3158 3914 in
3186 3875 3296 3916 uno
3327 3870 3468 3916 tem-

1881 3939 2034 4008 poris
2086 3942 2346 3999 articulo.
2401 3945 2630 4017 Insuper
2681 3958 2738 4004 et
2791 3965 2920 4005 vere
2976 3952 3161 4007 clausa
3211 3953 3466 4025 virginali

1882 4039 2062 4100 porta.
2100 4035 2404 4090 secundum
2437 4049 2687 4094 naturam
2717 4055 2848 4096 vere
2880 4056 3082 4112 corpus
3115 4044 3312 4099 divina:
3348 4061 3468 4099 car~

1883 4123 1969 4178 nis
1995 4125 2116 4195 ejus
2147 4141 2246 4196 per
2279 4127 2563 4185 infractam
2596 4132 2812 4188 vulvam
2845 4136 3082 4201 venisse,
3113 4137 3256 4192 uteri
3288 4138 3468 4203 Virgi-

1880 4214 1968 4269 nis
1995 4219 2402 4286 supernaturali
2435 4221 2642 4278 virtute
2687 4223 3048 4282 inhabitantis
3091 4227 3146 4281 in
3188 4243 3250 4282 ea
3283 4227 3462 4298 Spiri-

1883 4313 1971 4360 tus
2005 4307 2168 4363 Verbi
2217 4304 2516 4368 credimus.
2567 4313 2855 4380 Quomodo
2899 4332 3033 4388 ergo
3077 4334 3186 4374 non
3235 4321 3464 4378 omnino

1808 4391 1851 4448 D
1883 4397 2056 4468 magis
2079 4399 2361 4470 magisque
2383 4411 2675 4474 propterea
2697 4405 2986 4476 Deiparam
3011 4423 3138 4463 vere
3165 4423 3458 4479 agnoscen-

1859 4497 1985 4552 tes,
2021 4489 2370 4548 laudabimus
2395 4494 2674 4565 Virginem
2716 4497 2896 4562 istam,
2936 4498 2989 4552 in
3025 4515 3130 4570 qua
3173 4511 3228 4556 et
3255 4517 3320 4556 ex
3353 4520 3462 4575 qua

1881 4598 2006 4638 cum
2041 4582 2282 4640 Verbum
2325 4602 2548 4644 carnem
2597 4589 2702 4644 sibi
2751 4589 3156 4660 despondisset,
3193 4600 3461 4666 processit

1881 4684 2141 4746 tanquam
2175 4693 2411 4748 sponsus
2455 4681 2522 4736 de
2550 4683 2789 4737 thalamo
2833 4687 2974 4738 suo?
3023 4686 3128 4740 Pcr
3155 4704 3318 4756 quam
3361 4695 3456 4746 ‘sa-

1878 4766 2083 4835 pientia
2116 4769 2409 4826 aediﬁcavit
2432 4771 2536 4826 sibi
2569 4773 2832 4830 domum?
2860 4777 2927 4830 Et
2956 4777 3090 4832 illud
3123 4779 3456 4851 mirandum,

1877 4857 2024 4926 quod
2067 4874 2177 4914 non
2223 4863 2527 4917 secundum
2564 4867 2872 4920 naturalem
2921 4869 3309 4938 proprietatem
3353 4871 3457 4928 do-

1877 4965 2000 5005 mus
2028 4951 2173 5008 hanc
2213 4953 2404 5008 eduxit
2447 4971 2511 5010 ex
2554 4957 2716 5012 vulva
2746 4958 3015 5028 Virginis;
3046 4959 3139 5014 sed
3179 4976 3208 5015 e
3240 4971 3456 5026 contra,

1873 5045 2114 5099 naturali
2143 5061 2242 5102 sua
2283 5048 2644 5118 proprietate,
2674 5051 3032 5114 inhwitantis
3063 5054 3273 5108 scilicet
3303 5055 3356 5108 in
3391 5070 3454 5110 ea

1871 5134 2059 5202 Verbi,
2091 5135 2316 5192 domum
2347 5140 2672 5210 spiritaliter
2697 5143 2888 5198 elicuit
2911 5143 2980 5199 de
3010 5144 3099 5200 illa
3127 5159 3250 5216 quae
3279 5147 3450 5216 ipsam

1871 5235 2160 5295 genuerat.
2207 5230 2344 5287 Cum
2391 5233 2510 5303 ipsa
2555 5235 2700 5290 enim
2751 5235 3076 5305 Spiritaliter
3115 5237 3351 5292 exeundi
3394 5245 3453 5290 et

1869 5316 2178 5384 prodeundi
2205 5334 2305 5388 per
2327 5319 2616 5377 infractam
2649 5321 2888 5395 Virginis
2914 5327 3136 5380 vulvam
3161 5325 3310 5379 carni
3339 5339 3452 5378 sua:

1869 5407 2112 5464 Verbum
2145 5409 2408 5467 virtutem
2455 5415 2716 5480 contulit;
2767 5416 2910 5470 sicut
2956 5415 3072 5486 ipse
3122 5415 3240 5469 sine
3285 5429 3452 5471 carne

1867 5511 1968 5566 per
1995 5513 2114 5554 eam
2141 5497 2459 5570 ingrediens
2482 5519 2593 5558 non
2625 5504 3107 5574 comprimebatur.
3137 5504 3273 5559 Cum
3299 5504 3449 5560 enim

1865 5599 1965 5642 sua
1995 5585 2334 5661 beriignitate
2365 5607 2423 5648 se
2459 5593 2514 5648 in
2547 5594 2824 5666 Virginem
2853 5595 3074 5659 infudit,
3107 5609 3173 5648 ex
3212 5596 3324 5669 ipsa
3355 5595 3449 5664 qui

1867 5680 1987 5736 sine
2020 5694 2186 5738 carne
2215 5693 2336 5739 erat
2358 5699 2416 5739 se
2443 5686 2737 5741 carnaliter
2767 5686 3023 5741 formavit
3054 5684 3244 5741 divino
3272 5687 3453 5752 modo,
