3852 6134
458 179 591 244 1671

1715 180 2028 241 LEONTII
2067 179 2475 241 BYZANTINI

3614 183 3722 249 1672

452 301 511 347 et
542 291 618 381 ab
645 289 761 361 ipsa
803 306 1027 346 carnem
1063 289 1170 346 sibi
1205 289 1502 360 copulavit.
1542 287 1712 342 Silcat
1753 301 1886 356 ergo
1915 301 2046 356 pro—

2155 287 2348 340 ἑαυτὸν
2379 289 2458 350 εις
2513 287 2610 358 τὴν
2653 287 2931 358 Παρθένον
2981 289 3245 343 ἑνδέδωκε
3270 305 3286 320 °
3325 291 3442 344 καὶ
3496 290 3721 363 ὲξμῦτξς

456 377 644 438 fanum
694 398 758 438 os
797 395 1043 438 vestrum
1078 382 1256 438 donec
1301 382 1622 452 aperiantur
1657 379 1804 434 oculi
1847 377 2040 442 vestri,

453 485 536 539 ut,
565 491 691 530 cum
736 474 990 530 videritis
1023 473 1209 529 lumen
1250 474 1520 546 mysterii,
1561 481 1692 527 tunc
1737 471 1888 542 loqui
1933 486 2044 524 non

453 568 646 622 inanes
685 567 1005 638 phantasias
1057 565 1410 620 tenebrarum
1459 573 1692 619 terrena:
1740 561 2040 632 sapientiae,

455 658 552 713 sed
586 658 855 728 magnalia
879 657 998 722 Dei,
1025 655 1268 726 possitis.

2149 379 2341 432 ἑαυτὸν
2369 378 2399 429 6
2441 379 2684 450 ἄσαρκος
2726 380 3006 450 σαρκικῶς
3037 383 3363 452 ἑμόρςφωσε⁹
3429 381 3632 446 θεῖκῶς
3659 390 3725 438 καὶ

2148 471 2250 540 τὴν
2279 471 2375 523 ἀπ’
2417 470 2591 538 αὐτῆς
2631 469 2812 540 σάρκα
2863 469 3030 522 αὐτοῦ
3078 469 3256 540 ἑαυτῷ
3301 477 3722 542 συμπροήγστε·

2152 561 2455 631 φιμωθήτω
2501 556 2594 614 οὖν
2647 561 2802 632 ὑμῶν
2845 561 2906 613 τὸ
2939 549 3193 631 ’βέϐηλον
3242 561 3425 634 ἄχρις
3481 565 3725 628 ἀνοιγᾶκτι

2153 652 2308 722 ὑμῶν
2340 653 2389 704 οἱ
2442 651 2735 722 ὀφθαλμοὶ,
2779 650 2865 705 ἵνα
2909 652 3111 716 ἰδόντες
3146 653 3206 706 τὸ
3237 655 3364 723 φῶς
3419 653 3529 706 τοῦ
3563 673 3723 724 pact;-

457 753 599 824 ρίου,
636 753 757 805 τότε
788 751 972 806 λαλεῖν
997 752 1060 805 οὐ
1088 752 1186 816 τὰς
1215 750 1517 820 φαντασίας
1549 750 1656 804 τῶν
1684 749 1922 804 εἰδώλων
1949 747 2044 802 τοῦ
2083 748 2309 811 σκότους
2367 748 2467 816 τῆς
2501 746 2747 813 ἐπιγείου
2791 748 3003 816 σοφίας,
3039 747 3174 800 ἀλλὰ
3241 748 3316 802 τὰ
3360 749 3648 816 μεγαλεῖα
3663 751 3724 802 te;

452 847 588 901 Θεοῦ
616 845 970 917 ἐξισχύσητε.

1111 959 1263 1016 CAP.
1304 958 1376 1015 Χ.

525 1074 585 1132 Si
629 1073 852 1146 proprie
907 1083 964 1130 et
1009 1074 1315 1128 secundum
1360 1073 1650 1129 veritatem
1693 1072 1912 1144 genitus
1965 1079 2052 1127 est

455 1167 604 1224 Deus
636 1165 878 1220 Verbum
912 1181 979 1220 ex
1009 1165 1256 1235 Virgine,
1290 1175 1348 1221 et
1391 1165 1613 1236 proprie
1654 1173 1712 1220 et
1742 1163 2049 1220 secundum

455 1259 744 1314 veritatem
778 1257 962 1328 genita
1012 1266 1099 1312 est
1143 1272 1212 1311 ex
1244 1257 1362 1326 ipsa
1395 1272 1525 1312 caro
1558 1257 1810 1312 mortalis
1837 1265 1895 1312 et
1926 1271 2050 1311 cor-

458 1351 738 1422 ruptibilis
781 1360 838 1404 et
881 1350 1119 1404 animata
1176 1351 1358 1404 anima
1410 1350 1665 1404 rationali
1719 1359 1776 1404 et
1828 1348 2074 1404 intelle-'

457 1441 650 1507 ctuali,
692 1441 778 1494 vel
809 1455 936 1494 caro
970 1439 1302 1509 prmexsistit
1345 1438 1580 1510 Virgini,
1611 1440 1697 1494 vel
1731 1439 1875 1494 Deus
1906 1437 2047 1494 Ver-

459 1532 590 1588 bum
621 1531 892 1602 posterior
915 1539 1000 1585 est
1028 1529 1250 1602 Virgine
1281 1547 1296 1584 :
1333 1531 1480 1600 quod
1513 1539 1811 1601 utrumque
1852 1530 2050 1585 absur-

2754 951 3004 1005 ΚΕΦΑΛ.
3085 953 3138 1005 ιι.

2221 1065 2287 1118 ΕΞ
2318 1062 2524 1135 κυρίως
2559 1064 2652 1116 καὶ
2679 1063 2822 1116 κατὰ
2871 1063 3133 1133 ἀλήθειαν
3175 1063 3388 1137 ἐτέχθη
3425 1067 3458 1118 6
3492 1065 3621 1130 8:1,;
3653 1071 3723 1124 Αέ.

2151 1172 2247 1225 γος
2278 1157 2343 1208 ἐκ
2371 1156 2468 1226 τῆς
2495 1155 2795 1226 Παρθένου,
2833 1156 2926 1207 καὶ
2957 1156 3160 1224 κυρίως
3192 1157 3285 1208 καὶ
3319 1157 3488 1209 κατά
3513 1159 3726 1228 ἀλήθειαν

2152 1245 2347 1318 ἐτέχθη
2380 1245 2439 1314 ἐξ
2498 1247 2668 1318 αὐτῆς
2712 1249 2746 1318 ἡ
2792 1245 2930 1317 σὰρξ
2979 1246 3212 1316 ἡθνητὴ
3237 1249 3338 1300 καὶ
3409 1248 3630 1321 φθαρτὴ
3658 1256 3723 1304 καὶ

2153 1340 2484 1410 ἔψυχωμένη
2537 1339 2681 1410 ψυχῇ
2739 1341 2834 1394 καὶ
2896 1339 3086 1410 λογικῇ
3143 1342 3238 1394 καὶ
3293 1345 3515 1413 var-:93,
3563 1345 3596 1413 ἦ
3627 1347 3723 1413 σὰρξ

2151 1429 2498 1500 προῦπάρχει
2520 1429 2620 1500 τῆς
2651 1429 2952 1503 Παρθένου,
2977 1428 3011 1500 ἢ
3037 1433 3064 1482 ό
3086 1429 3220 1492 Θεὸς
3255 1431 3459 1500 Λόγος
3488 1432 3727 1504 μεθυπὰμ-

2152 1538 2238 1592 χει
2284 1522 2385 1593 τῆς
2437 1522 2748 1592 Παρθένου·
2780 1524 2918 1593 ὅπερ
2949 1521 3150 1576 ἄτοπον
3173 1521 3488 1593 ἑκάτερον.
3537 1526 3665 1578 Ἀλλ’
3685 1528 3723 1578 οὐ

459 1624 592 1679 dum
620 1632 724 1678 est.
749 1644 820 1662 —-
841 1621 948 1678 Sed
996 1636 1104 1677 non
1139 1623 1444 1678 secundum
1487 1639 1652 1678 unam
1685 1623 2048 1692 ean'sdemque

2155 1612 2276 1666 καθ’
2319 1613 2416 1666 ἕνα
2451 1611 2657 1668 καὶτὸν
2682 1615 2844 1666 αὐτὸν
2885 1615 2982 1684 τῆς
3005 1616 3316 1685 γεννήσεως
3351 1616 3554 1685 λόγον,
3591 1620 3726 1688 ἐμῇς-

460 1715 834 1788 generationis
860 1715 1132 1770 rationem
1169 1716 1453 1770 ambarum
1488 1717 1654 1784 unius
1687 1715 1784 1770 ﬁlii
1811 1716 2052 1784 partium

460 1806 870 1878 generationem
903 1822 971 1862 ex
1002 1806 1226 1877 Virgine
1271 1822 1415 1868 esse,
1448 1822 1594 1876 saepe
1625 1822 1858 1861 numero
1887 1822 1918 1861 a
1955 1821 2054 1861 no-

419 1898 550 1977 _bis
581 1897 790 1952 dictum
834 1905 938 1964 est,
977 1913 1011 1952 ο
1059 1897 1295 1970 physici.
1328 1898 1470 1954 Vere
1517 1906 1698 1952 tamen
1747 1906 1832 1953 est
1879 1905 2054 1952 mater

461 1991 767 2046 secundum
823 1999 1116 2060 utramque
1181 1990 1488 2057 rationem,
1545 1999 1662 2044 tum
1717 1989 1943 2059 quidem
1995 1988 2052 2044 in

461 2091 728 2153 quantum
780 2082 871 2138 ille
920 2083 1120 2138 habeat
1167 2095 1236 2136 ex
1283 2097 1348 2138 ea
1401 2097 1522 2138 esse
1567 2082 1887 2144 carnaliter,
1933 2091 2052 2135 tum

462 2189 594 2228 vero
633 2173 687 2228 l‘n
721 2185 988 2244 quantum
1033 2174 1235 2229 habeat
1273 2189 1397 2230 esse
1442 2173 1767 2245 simpliciter
1803 2187 2048 2228 carnem.

463 2266 542 2321 Ita
575 2266 724 2320 enim
759 2281 866 2320 una
903 2275 1078 2321 mater
1119 2282 1243 2324 esse
1282 2267 1446 2322 unius
1481 2267 1770 2337 utriusque
1797 2266 1907 2338 jam
1953 2265 2052 2321 de-

461 2367 764 2412 monstrata
791 2369 896 2413 est.
928 2357 1100 2429 Igitur
1143 2373 1275 2413 sane
1321 2359 1367 2414 si
1398 2359 1619 2429 proprie
1647 2366 1704 2413 et
1742 2355 2049 2412 secundum

464 2451 748 2506 veritatem
797 2466 964 2506 carne
1011 2451 1182 2521 geniti
1216 2460 1346 2506 sunt
1387 2449 1655 2506 Zebedaeo
1698 2447 1796 2502 ﬁlii
1842 2449 1964 2518 ejus
1991 2453 2049 2502 et

465 2539 685 2608 proprie
733 2547 790 2594 et
851 2540 1158 2595 secundum
1209 2541 1500 2596 veritatem
1555 2540 1864 2612 regenerati
1918 2548 2048 2596 sunt

465 2630 626 2701 primi
659 2645 758 2699 per
789 2630 1170 2701 Evangelium,
1214 2632 1318 2702 ipsi
1363 2632 1751 2702 prasexsistunt
1783 2629 2048 2702 simplici-

465 2728 582 2782 ter;
637 2720 723 2774 vel
771 2720 889 2790 ipse
933 2722 1209 2790 posterior
1238 2731 1323 2776 est
1369 2723 1478 2778 illis
1509 2740 1522 2776 :
1553 2738 1681 2776 nam
1715 2723 1762 2777 si
1811 2723 2045 2777 alterum

463 2810 738 2882 quoddam
765 2811 1111 2880 praeexsistit,
1139 2811 1374 2867 alterum
1410 2813 1688 2882 posterius
1714 2821 1818 2877 est,
1845 2829 1879 2868 ο
1907 2813 2045 2869 falso

2152 1704 2330 1775 τέρων
2361 1703 2471 1758 τῶν
2498 1706 2594 1757 τοῦ
2616 1704 2734 1767 ἑνὸς
2762 1703 2894 1757 Υἱοῦ
2924 1705 3110 1776 μερῶν
3129 1705 3231 1776 τὴν
3255 1705 3545 1776 γέννησιν
3572 1710 3662 1778 τὴν
3685 1712 3727 1760 ts

2155 1796 2438 1868 Παρθένου
2467 1791 2632 1862 εῖναι,
2670 1795 2932 1859 πολλάκις
2963 1798 3094 1866 ἡμῖν
3127 1797 3384 1868 εἴρηται,
3429 1793 3480 1852 ὦ
3507 1801 3724 1866 φυσικοίδ

2157 1887 2377 1958 ἀληθῶς
2435 1889 2618 1957 μέντοι
2674 1885 2864 1958 μήτηρ
2907 1887 3027 1942 ἐστὶ
3089 1892 3214 1943 καθ’
3249 1892 3542 1960 ἑκάτερον
3574 1891 3725 1959 λόγον’

2152 1980 2246 2034 τοῦ
2285 1981 2384 2051 μὲν
2424 1979 2499 2045 ὠς
2527 1979 2586 2048 ἐξ
2614 1980 2787 2051 αὐτῆς
2842 1981 3122 2052 σαρκικῶς
3167 1978 3313 2036 εἶναι
3359 1985 3724 2056 ὑπάρξαντος

2151 2070 2244 2126 τοῦ
2283 2072 2340 2124 δὲ
2395 2074 2491 2126 καὶ
2545 2072 2621 2136 ὡς
2677 2071 2867 2137 ἁπλῶς
2919 2075 3122 2146 σαρκὸς
3163 2069 3310 2128 εἶναι
3368 2077 3724 2147 ὑπάρξαντοςο

2151 2162 2326 2228 οὔτως
2354 2164 2464 2236 γὰρ
2519 2164 2618 2236 μία
2645 2166 2830 2236 μήτηρ
2867 2163 2988 2229 ἐνὸς
3023 2170 3119 2219 τοῦ
3151 2171 3595 2240 συναμφοτέρου
3617 2173 3720 2224 ἀνα·

2151 2254 2457 2310 δέδεικται·
2488 2257 2598 2328 ἄρα
2625 2257 2688 2328 δὴ
2719 2254 2810 2310 οὖν
2838 2260 2886 2310 εἰ
2925 2258 3132 2328 κυρίως
3162 2262 3259 2313 καὶ
3287 2262 3455 2314 κατὰ
3497 2262 3722 2333 ἀλήθειαν

2150 2345 2450 2417 ἐτέχθησαν
2479 2349 2644 2418 σαρκὶ
2672 2347 2949 2419 Ζεϐεδαὶῳ
2972 2352 3021 2402 οἱ
3051 2351 3156 2404 υἱοὶ
3186 2351 3396 2415 αὑτοῦ,
3428 2353 3526 2406 καὶ
3556 2354 3722 2425 asapia;

2150 2440 2244 2492 καὶ
2267 2440 2412 2492 κατὰ
2463 2439 2720 2510 ἀλήθειαν
2773 2441 3212 2513 ἀνεγεννήθησαν
3250 2445 3483 2515 πρῶτοι
3531 2446 3613 2498 διὰ
3649 2447 3717 2497 τοὸ

2149 2529 2488 2599 Εὑαγγελεου
2535 2531 2983 2603 προῦπάρχουσιν
3028 2534 3192 2588 αὑτοῦ
3227 2535 3436 2599 ἁπλῶς
3469 2553 3484 2566 ·
3515 2537 3547 2607 ἦ
3588 2537 3716 2597 aria};

2152 2621 2498 2694 μεθυπάρχει
2525 2623 2728 2687 αὐτῶν,
2754 2625 2940 2678 καίτοι
2999 2628 3048 2678 εἰ
3087 2626 3322 2698 θάτερον
3379 2631 3714 2699 προῦπάρχει.

2149 2715 2369 2768 πάντων
2425 2713 2488 2767 τὸ
2547 2714 2737 2786 ἕτερον
2795 2713 3168 2788 μεθυπάρχει,
3223 2718 3619 2791 δοκησίσοφοι·
3648 2721 3717 2772 καὶ

2146 2805 2244 2875 οὐχ
2275 2804 2349 2868 ὥς
2382 2823 2520 2875 φατε
2549 2806 2582 2878 ἢ
2618 2806 2738 2859 τόδε
2782 2807 2816 2878 ἢ
2863 2807 3014 2860 τόδε·
3057 2809 3277 2874 πάντως
3307 2811 3434 2883 γὰρ
3476 2816 3542 2883 τῇ
3573 2814 3716 2882 σχέσει

464 2902 637 2956 habiti
659 2903 962 2970 sapientes!
981 2913 1038 2957 et
1066 2903 1271 2971 nonjla
1299 2913 1384 2959 est
1409 2912 1470 2958 ut
1489 2898 1812 2970 dicitis,'vel
1829 2904 1934 2960 hoc
1954 2904 2042 2960 vel

2155 2895 2264 2967 ἱμα
2292 2897 2411 2951 ἐστὶ
2442 2898 2570 2952 τάδε
2597 2897 2695 2952 καὶ
2720 2898 3030 2968 παρέπεται
3053 2916 3068 2930 ’
3112 2901 3174 2955 τὸ
3199 2901 3314 2972 γὰρ
3359 2904 3710 2974 προϋπάρχον.

466 2994 646 3049 illud:
681 2995 908 3050 omnino
972 2995 1120 3050 enim
1177 2996 1417 3052 naturali
1479 2997 1842 3067 dispositibne
1887 2997 2049 3052 simul

2160 2989 2606 3062 μεθυπὰρχοντος
2665 2992 3050 3064 προῦπὰρχει·
3099 2993 3240 3048 ἀλλὰ
3281 2993 3480 3062 δῆλον,
3525 2999 3594 3061 ὡς
3619 2999 3712 3050 κατ’

464 3099 684 3155 unaque
713 3093 843 3138 sunt
883 3084 1001 3140 haec
1040 3093 1098 3140 et
1127 3097 1456 3156 sequuntur.
1486 3086 1640 3154 Quod
1671 3088 1820 3142 enim
1853 3103 2049 3159 praeex-

2161 3081 2290 3136 ἄλλο
2318 3084 2413 3138 καὶ
2471 3083 2600 3138 ἄλλο
2639 3085 2669 3136 6
2711 3086 2874 3148 αὐτὸς
2925 3086 3061 3157 πρὸς
3089 3087 3218 3151 τοὺς
3263 3089 3480 3154 αὐτοὺς
3519 3091 3710 3152 υιοόςτε

463 3175 628 3238 sistit,
665 3175 988 3244 posteriori.
1041 3174 1146 3230 Sed
1190 3187 1340 3247 patet
1383 3179 1639 3234 eumdem
1684 3178 1789 3234 sub
1839 3177 2049 3232 diverso

2163 3175 2326 3238 ὄντας
2363 3176 2529 3231 αὐτοῦ
2559 3178 2655 3232 καὶ
2686 3179 2956 3249 πατέρας,
2992 3181 3094 3249 τήν
3122 3196 3182 3232 τε
3222 3186 3596 3252 προγενεσίαν
3626 3185 3710 3254 ἔχει

467 3275 742 3338 respectu,
780 3267 1012 3322 relative
1041 3267 1108 3322 ad
1147 3267 1290 3325 ﬁlios
1330 3285 1462 3326 suos
1494 3279 1550 3326 et
1593 3269 1662 3324 ad
1708 3278 1894 3340 patres
1927 3279 2049 3324 Suos

2161 3267 2256 3322 καὶ
2284 3267 2755 3338 ὑστερογενεσίαν.

467 3357 671 3413 habere
691 3359 930 3428 priorem
957 3359 1116 3414 simul
1142 3370 1198 3416 et
1225 3362 1592 3438 posteriorem
1615 3362 2052 3434 generationem.

1117 3473 1268 3530 CAP.
1310 3473 1402 3528 XI.

537 3585 592 3641 Si
628 3588 920 3658 progenies
945 3588 1151 3654 carnis,
1183 3588 1472 3659 progenies
1503 3595 1588 3643 est
1619 3586 1716 3643 Dei
1749 3587 2054 3644 secundum

467 3676 780 3742 veritatem,
813 3687 870 3732 et
911 3693 1034 3733 esse
1063 3687 1150 3733 est
1191 3679 1356 3733 etiam
1389 3679 1485 3734 Dei
1516 3679 1819 3734 secundum
1851 3679 2058 3734 verita-

468 3775 616 3836 tem;
649 3769 693 3824 si
726 3778 910 3825 autem
941 3785 1063 3826 esse
1107 3782 1164 3826 et
1196 3771 1305 3826 tale
1346 3787 1468 3827 esse
1501 3779 1587 3826 est
1627 3771 1857 3841 impium
1890 3773 2053 3826 simul

467 3870 524 3917 et
558 3861 937 3930 impossibile;
979 3877 1090 3916 non
1125 3877 1258 3932 ergo
1304 3862 1596 3932 progenies
1640 3862 1827 3916 carnis
1861 3877 2057 3934 progec

469 3953 589 4008 nies
635 3961 721 4008 est
763 3969 985 4025 quoque
1028 3955 1127 4010 Dei
1157 3955 1487 4010 secundum
1530 3955 2054 4010 veritatem—Sed

469 4048 624 4104 deest
663 4051 853 4118 primae
891 4059 1086 4106 vestrae
1129 4051 1493 4122 propositioni
1537 4051 1779 4108 Verbum
1809 4053 2009 4122 pariter
2033 4067 2052 4106 :

469 4142 682 4214 hocque
716 4144 798 4200 vel
836 4144 904 4199 de
945 4143 1216 4199 industria
1247 4143 1331 4198 vel
1366 4143 1748 4214 imprudenter
1772 4142 1930 4198 vobis
1964 4158 2052 4198 ra-

469 4236 863 4291 tiocinantibus
895 4237 1326 4306 praetermissum
1362 4245 1466 4291 est.
1501 4234 1558 4290 Si
1583 4235 1731 4290 enim
1759 4237 2050 4306 progenies

468 4328 672 4394 carnis,
705 4329 998 4399 progenies
1019 4331 1221 4399 pariter
1242 4329 1339 4384 Dei
1366 4337 1472 4393 est,
1497 4329 1712 4384 scilicet
1740 4328 2046 4383 secundum
2080 4341 2124 4396 ι)

467 4419 716 4475 eamdem
760 4420 1044 4491 progeniei
1075 4421 1349 4476 rationem
1381 4435 1489 4490 qua
1515 4429 1603 4476 est
1644 4435 1714 4474 ex
1745 4420 1928 4485 Patre,
1955 4436 2050 4476 ea-

469 4511 594 4567 dem
620 4511 798 4581 reipsa
825 4511 1046 4581 utrique
1067 4511 1405 4566 concedetis.
1431 4509 1489 4566 Si
1514 4522 1698 4568 autem
1726 4512 1975 4582 plurima:
1995 4519 2052 4568 et

469 4600 772 4656 secundum
807 4600 1094 4656 veritatem
1124 4600 1287 4657 dictae
1316 4602 1559 4659 rationes
1586 4602 1870 4674 progeniei
1899 4611 2047 4667 sunt,

466 4704 578 4746 non
599 4706 665 4746 ex
685 4691 834 4746 omni
860 4691 1073 4746 ratione
1103 4691 1384 4762 progeniei
1411 4700 1672 4762 sequetur
1691 4692 1882 4748 eadem
1904 4707 2051 4762 qua:-

469 4782 594 4836 dam
627 4782 832 4840 sentire
864 4782 934 4839 de
975 4783 1046 4840 iis
1089 4798 1213 4855 qua
1268 4784 1763 4856 quomodocunque
1795 4782 1942 4856 gigni
1968 4783 2054 4838 di—

470 4883 694 4941 cuntur,
719 4891 821 4932 nec
848 4875 982 4932 illud
1013 4875 1169 4932 vobis
1191 4876 1481 4949 quisquam
1509 4876 1802 4940 concessit,
1839 4875 2052 4931 scilicet

471 4964 794 5034 simpliciter
826 4975 883 5022 et
913 4967 1076 5024 nudae
1109 4969 1292 5025 carnis
1321 4981 1538 5039 partum
1580 4985 1703 5026 esse
1742 4977 1800 5026 et
1831 4977 2049 5040 partum

475 5056 605 5122 Dei;
640 5056 732 5112 sed
758 5073 958 5128 neque,
985 5059 1284 5130 coujuncto
1311 5075 1435 5114 cum
1465 5074 1631 5115 carne
1664 5061 1799 5126 Deo,
1831 5071 2048 5130 partum

472 5145 570 5201 Dei
604 5161 671 5201 ex
712 5146 936 5216 Virgine
966 5149 1221 5204 eumdem
1262 5165 1384 5205 esse
1430 5149 1734 5206 secundum
1780 5152 2048 5208 rationem

472 5252 538 5292 ac
577 5246 796 5309 partum
838 5239 1054 5306 carnis;
1089 5241 1184 5295 sed
1217 5241 1360 5296 idem
1393 5242 1696 5298 secundum
1727 5259 2046 5310 numerum,

472 5329 709 5386 diversis
747 5337 931 5384 autem
980 5333 1353 5402 generationis
1397 5335 1712 5392 rationibus
1751 5351 1884 5392 vere
1918 5351 2052 5391 con-

472 5433 580 5481 stat
601 5423 905 5480 secundum
932 5424 1123 5481 ambas
1147 5434 1375 5483 naturas
1401 5429 1633 5499 genitas.
1661 5427 1874 5486 Nomen
1900 5428 2049 5484 enim

471 5517 866 5585 generationis,
888 5525 950 5572 ut
971 5527 1029 5573 et
1057 5532 1154 5574 vos
1179 5518 1283 5590 ipsi
1309 5519 1626 5585 induxistis,
1658 5521 2049 5592 homonymum

473 5613 594 5661 est:
626 5605 680 5662 in
713 5606 1060 5684 homonymis
1097 5621 1279 5668 autem
1314 5627 1424 5668 non
1456 5621 1544 5668 est
1579 5612 1704 5683 plus
1729 5613 1812 5668 vel
1845 5613 2048 5680 minus,

2749 3472 3004 3532 ΚΕΦΔΛ.
3054 3477 3143 3533 κ’.

2229 3583 2293 3640 Ei
2321 3585 2480 3650 τόκος
2507 3587 2536 3641 6
2564 3586 2666 3655 τῆς
2693 3587 2917 3657 σαρκὸς,
2946 3589 3106 3652 τόκος
3133 3587 3230 3642 τοῦ
3256 3586 3408 3644 Θεοῦ
3441 3593 3582 3646 κατὰ
3613 3593 3709 3658 ἁλή-

2157 3674 2332 3742 θειαν,
2370 3676 2550 3730 καὶτὸ
2573 3673 2715 3730 εἷναί
2741 3681 2860 3730 ἐστι
2894 3678 3038 3730 κατὰ
3066 3678 3328 3750 ἀλήθειαν
3365 3681 3466 3734 τοῦ
3501 3681 3624 3736 Θεοῦ
3648 3682 3710 3732 ἐι

2154 3767 2294 3820 δὲτὸ
2332 3765 2596 3822 εἶναικαὶ
2633 3768 2694 3822 τὸ
2723 3769 2922 3822 τοιόνδε
2977 3765 3119 3824 εἶναι
3163 3771 3324 3825 τοῦτο
3383 3775 3578 3838 ἁσεδὲς
3605 3770 3708 3840 ὁμοῦ

2156 3862 2250 3914 καὶ
2289 3862 2591 3932 ἀμήχανον,
2622 3861 2722 3914 οὐκ
2753 3861 2861 3932 ἄρα
2906 3864 2936 3916 ὁ
2984 3861 3146 3926 τόκος
3173 3864 3274 3930 τῆς
3323 3866 3560 3938 σαρκὸς,
3588 3865 3713 3924 τόκος

2155 3951 2271 4005 ἐστὶ
2312 3952 2454 4006 κατὰ
2505 3952 2764 4023 ἀλήθειαν
2833 3953 2928 4008 τοῦ
2976 3953 3136 4008 Θεοῦ.
3205 3955 3379 4012 Ἀλλὰ
3445 3959 3613 4010 λείπει
3657 3957 3708 4024 τῇ

2155 4042 2347 4116 πρώτῃ
2381 4041 2536 4114 ὑμῶν
2572 4044 2836 4115 προτάσει
2860 4043 2922 4098 τὸ
2949 4045 3235 4113 ὡσαύτως
3257 4047 3449 4101 ἐστί-ο
3481 4045 3710 4102 καὶτοῦτο

2153 4134 2186 4204 ἢ
2211 4134 2400 4198 δεινῶς
2428 4134 2462 4205 ἢ
2491 4135 2720 4204 ἀμαθῶς
2752 4135 2906 4204 ὑμῶν
2925 4135 3324 4205 διαλεγομένων
3364 4139 3710 4210 παρεώραται.

2155 4225 2218 4278 Et
2252 4226 2361 4297 γὰρ
2387 4228 2416 4279 6
2445 4225 2604 4289 τόκος
2626 4229 2725 4296 τῆς
2749 4227 2973 4297 σαρκὸς,
2990 4249 2998 4257 ο
3017 4229 3178 4294 τόκος
3224 4229 3320 4283 τοῦ
3380 4232 3522 4286 Θεοῦ
3548 4231 3710 4285 ὡσαύ-

2154 4333 2269 4382 τως
2292 4317 2462 4382 ἐστὶν,
2489 4317 2659 4388 ἤγουν
2690 4319 2831 4374 κατὰ
2877 4319 2971 4372 τὸν
3021 4320 3186 4374 αὐτὸν
3233 4321 3328 4375 τοῦ
3375 4325 3545 4378 τόκου
3571 4324 3708 4388 Λόγον

2151 4411 2244 4463 τὸν
2266 4412 2330 4462 ὲκ
2349 4411 2584 4482 Πατρός,
2609 4412 2679 4466 τὰ
2707 4413 2846 4468 αὐτὰ
2865 4413 3033 4477 ὅντως
3060 4415 3406 4486 ἀμφοτέροις
3429 4413 3705 4488 χαρίσεσθι.

2151 4503 2214 4556 Εἰ
2242 4503 2298 4556 δὲ
2331 4504 2519 4558 πολλοί
2549 4521 2612 4558 τε
2665 4507 2761 4560 καὶ
2795 4506 2916 4560 κατ’
2960 4507 3221 4580 ἀλήθειαν
3263 4507 3562 4581 λεγόμενοι
3593 4508 3704 4573 λόγοι

2150 4596 2312 4650 τόκου
2340 4599 2497 4661 εἰσὶν,
2533 4599 2594 4652 οὐ
2617 4599 2686 4652 τὰ
2714 4599 2853 4653 αὐτὰ
2875 4603 2940 4654 ὲκ
2967 4601 3166 4665 παντὸς
3193 4601 3378 4669 Λόγου
3419 4604 3580 4657 τόκου
3613 4600 3706 4670 ειμ-

2151 4707 2242 4743 ται
2274 4693 2417 4742 νοεῖν
2444 4707 2588 4756 τινα,
2621 4691 2716 4744 ἐπὶ
2766 4694 2882 4757 τοῖς
2912 4694 3163 4746 ὁπωσοῦν
3214 4693 3488 4766 τεχθῆναι
3511 4693 3702 4764 λεγομέ-

2151 4796 2264 4842 νοις
2291 4793 2306 4808 ’
2339 4779 2464 4833 οὔτε
2488 4782 2546 4834 δὲ
2574 4780 2733 4834 τοῦτο
2763 4783 2894 4852 ὑμῖν
2922 4800 3006 4846 τις
3033 4783 3266 4838 δέδωκεν
3299 4786 3388 4839 ὅτι
3431 4787 3613 4850 ἁπλῶς
3635 4782 3703 4836 καὶ

2150 4872 2366 4942 γυμνῆς
2413 4872 2616 4944 σαρκὸς
2657 4875 2838 4941 τόκος,
2889 4868 3046 4939 οὗτος
3095 4876 3190 4930 καὶ
3219 4878 3381 4942 τόκος
3417 4879 3556 4933 Θεοῦ
3593 4879 3700 4935 ἐστι,

2150 4965 2268 5018 ἀλλ’
2297 4965 2421 5020 οὔτε
2447 4967 2530 5021 ὅτι
2559 4966 2912 5038 συνημμένου
2951 4970 3018 5040 τῇ
3065 4969 3230 5040 σαρκὶ
3265 4969 3362 5024 τοῦ
3394 4970 3558 5032 Θεοῦ.
3585 4971 3702 5038 ὅμως

2149 5062 2178 5114 6
2206 5059 2370 5123 αὐτός
2399 5062 2515 5112 ἐστι
2549 5059 2694 5114 κατὰ
2746 5059 2838 5114 τὸν
2868 5059 3026 5130 λόγον
3066 5063 3096 5115 ὁ
3125 5061 3283 5126 τόκος
3306 5061 3408 5116 τοῦ
3438 5061 3573 5117 Θεοῦ
3601 5063 3627 5115 ὁ
3654 5061 3702 5111 ἐι
3783 5067 3785 5070 ‘

2151 5151 2429 5221 Παρθένου
2460 5151 2538 5224 τῷ
2564 5152 2711 5224 τόκῳ
2735 5155 2834 5222 τῆς
2861 5153 3064 5222 σαρκός
3121 5170 3134 5185 ο
3155 5153 3270 5206 ἀλλ’
3295 5155 3324 5208 ό
3375 5155 3546 5220 αὐτὸς
3589 5152 3704 5206 κατὰ

2151 5245 2402 5316 ἀριθμὸν,
2458 5247 2516 5298 ὲν
2573 5245 2846 5316 διαφόροις
2889 5245 2946 5298 δὲ
2993 5246 3174 5314 λόγοις
3238 5249 3552 5319 γεννήσεως
3600 5245 3702 5313 ἀλη-

2152 5334 2260 5398 θῶς
2297 5336 2418 5388 κατ’
2464 5335 2631 5406 ἄμφω
2693 5335 2965 5401 συνεστὼς
3013 5339 3112 5401 τὰς
3171 5337 3464 5410 τεχθείσας
3519 5338 3699 5407 φύσειῦ

2151 5427 2226 5481 Τὸ
2258 5428 2366 5500 γὰρ
2407 5430 2508 5500 τῆς
2553 5432 2863 5503 γεννήσεως
2898 5433 3091 5506 ὄνομα,
3122 5433 3198 5497 ὡς
3266 5433 3360 5487 καὶ
3407 5435 3568 5505 ὑμεῖς
3591 5446 3699 5498 παρ-

2151 5521 2412 5590 ηγάγετε,
2444 5524 2762 5596 ὁμώνυμον·
2797 5529 2854 5579 ὲν
2909 5525 2964 5578 δὲ
3014 5529 3127 5590 τοῖς
3179 5526 3496 5598 όμωνύμοις
3543 5521 3700 5592 τὸμὲν

2157 5614 2360 5684 μᾶλλον
2389 5613 2548 5683 εἶναι,
2574 5621 2632 5671 τὺ
2663 5618 2718 5671 δέ
2761 5635 2814 5672 τι
2865 5621 2959 5673 καὶ
2990 5615 3172 5691 ἦττον,
3235 5620 3336 5674 οὐκ
3386 5619 3536 5673 εστιν
3560 5635 3574 5651 ο
3603 5611 3698 5668 οὖα
