3858 6156
297 217 430 284 18⁷73
1232 213 1630 278 ADVERSUS
1667 214 1866 276 NESTt

1977 217 2218 280 [ANOS.
2244 243 2314 253 -·
2336 219 2482 281 LIB.
2524 219 2622 281 IV.
3414 221 3549 286 I674

286 316 603 401 τὸπρῶτον
655 328 749 381 καὶ
815 325 1089 394 δεύτερον,
1137 317 1184 378 ὦ
1243 324 1603 395 λογιώτατοι·
1671 327 1866 384 οὐκοῦν

1977 345 2152 402 neque
2177 329 2416 402 primum
2447 333 2534 388 vel
2557 330 2882 396 secundum,
2915 345 2950 386 ο
2979 331 3413 390 ratiocinatores.
3441 338 3548 406 lgi-

283 419 509 488 ά).ηθεῖς
534 419 634 489 μὲν
670 420 842 472 πᾶσαι
874 418 931 470 al
967 418 1274 486 γεννήσεις.
1299 417 1417 471 ἀλλ’
1447 419 1550 472 οῦκ
1571 420 1860 492 ἐμφερεῖς·

1977 431 2062 476 tur
2093 437 2237 478 verae
2267 423 2492 492 quidem
2519 433 2648 477 sunt
2677 436 2868 477 omnes
2893 423 3297 493 generationes.
3322 425 3415 482 sed
3439 441 3546 480 non

283 513 368 566 ὅτι
400 510 496 566 οῦν
524 513 621 582 τῆς
644 509 831 566 ἐνθέου
862 509 1068 583 σαρκὸς
1097 509 1126 562 ὸ
1155 509 1314 574 τόκος
1348 509 1442 564 καὶ
1495 509 1633 564 Θεοῦ
1666 527 1866 583 σεσαρ-

1977 514 2329 569 consimiles:
2363 515 2436 570 ita
2485 523 2546 568 ut
2587 513 2788 568 divinae
2835 515 3016 569 carnis
3061 525 3278 584 partum
3325 531 3446 571 esse
3493 529 3552 572 et

283 604 529 674 κωμέων
567 602 686 655 ἐστὶ
731 603 915 666 τόκος,
963 601 1313 672 ὡμολόγηται
1338 617 1353 632 ο
1385 601 1503 655 ἀλλ’
1551 602 1627 666 ὡς
1660 603 1864 672 πρέπει

1977 612 2186 672 partum
2213 605 2312 661 Dei
2343 607 2612 661 incarnati
2651 606 2998 672 admittatur,
3027 607 3122 662 sed
3164 609 3308 662 sicut
3333 617 3549 664 utrum-

281 699 550 770 ἑκατέρῳ.
583 697 724 753 Οῦτε
748 699 858 768 γὰρ
887 699 1023 769 σάρξ
1051 697 1177 752 οῦτε
1209 699 1368 762 τόκος
1398 697 1694 753 ἀλλοιῶσαι
1724 697 1863 752 Θεοῦ

1977 711 2076 767 que
2117 697 2275 752 decet
2301 715 2315 750 :
2341 713 2520 768 neque
2549 699 2698 753 enim
2741 714 2870 753 caro
2901 714 3081 770 neque
3111 708 3302 769 partus
3333 709 3550 756 mutare

281 791 442 860 φύσιν
473 792 747 846 δύνανται.
785 785 1111 844 Τοῦναντίον
1141 791 1238 860 μὲν
1267 785 1360 844 οὖν
1383 790 1516 852 Θεὸς
1540 791 1636 844 καὶ
1662 791 1864 862 σαρκὸς

1977 799 2202 859 possunt
2245 789 2342 844 Dei
2390 799 2664 844 naturam.
2716 790 2759 844 E
2813 799 3002 846 contra
3057 799 3246 846 autem
3298 791 3444 846 Deus
3491 800 3549 846 et

281 882 465 954 φύσιν,
493 884 590 936 καὶ
611 883 842 951 φυσικὸν
859 883 1040 943 τόκον.
1067 883 1360 936 ἀλλοιῶσαι
1379 882 1520 936 κατὰ
1547 884 1672 947 τοὺς
1703 883 1866 954 ὅρους

1977 881 2157 934 carnis
2179 889 2431 934 naturam
2462 888 2518 936 et
2540 881 2846 936 naturalem
2875 890 3090 951 partum
3118 891 3329 937 mutare
3353 897 3552 937 secun-

279 975 377 1028 καὶ
405 974 636 1044 καιροὺς
661 972 757 1026 καὶ
777 973 1014 1044 τρόπους
1032 973 1132 1042 τῆς
1160 973 1328 1027 αὑτοῦ
1357 973 1673 1044 οἰκονομίας
1697 975 1861 1044 ἡνίκα

1977 969 2102 1024 dum
2153 971 2418 1025 terminos
2462 979 2520 1026 et
2561 981 2809 1042 tempora
2852 983 2908 1028 et
2941 973 3134 1028 modos
3173 971 3551 1042 dispositionis

283 1063 350 1118 ἂν
387 1063 584 1126 ἐθέλοι,
607 1063 894 1136 δεδύνηται
917 1081 930 1096 ο
959 1064 1120 1126 τόκος
1152 1065 1260 1134 ἄρα
1288 1063 1423 1118 Θεοῦ
1454 1063 1554 1135 μὲν
1577 1065 1655 1129 ὡς
1701 1066 1862 1138 ὲναρο

286 1155 520 1225 ξαμένου
569 1155 924 1228 σαρκὼτεως,
976 1157 1182 1228 σαρκὸς
1233 1156 1290 1210 δὲ
1341 1157 1416 1218 ὡς
1481 1155 1863 1228 ὲναρξαμένης

285 1247 617 1326 ὖπᾶρξεωςκ

885 1359 1140 1416 ΚΕΦΑΛ.
1169 1361 1270 1415 IB'.
1314 1358 1321 1366 ’

355 1451 419 1506 Et
445 1451 514 1506 τὰ
537 1450 794 1506 τίκτοντα
822 1450 959 1523 πρὸς
983 1453 1053 1506 τὰ
1079 1452 1336 1507 τίκτοντα
1363 1452 1485 1506 κατ’
1513 1453 1702 1510 οὐσίαν
1721 1471 1864 1526 παρ·

1967 1060 2109 1130 ejus,
2154 1074 2279 1114 cum
2325 1059 2584 1125 voluerit,
2635 1061 2832 1131 potuit.
2885 1063 3055 1132 Igitur
3088 1072 3281 1134 partus
3324 1063 3550 1133 quidem
3640 1063 3652 1104 ί

1968 1151 2065 1206 Dei
2093 1159 2351 1221 tanquam
2381 1150 2692 1210 inchoantis
2726 1151 3196 1221 incarnationem;
3230 1163 3422 1225 partus
3454 1171 3553 1212 au-

1969 1250 2078 1296 tem
2103 1241 2288 1296 carnis
2319 1241 2628 1298 inclinantis
2655 1243 3053 1299 cxsistentiam.

2040 1443 2094 1500 Si
2123 1445 2401 1517 gignentia
2432 1353 2762 1502 relatis:
2787 1355 3064 1519 :ilglnentia
3093 1453 3400 1510 secundum
3425 1457 3555 1511 sub-

281 1541 568 1603 αλλάττει.
627 1543 726 1594 καὶ
791 1543 861 1595 τὰ
916 1543 1216 1613 τικτόμενα
1266 1541 1404 1614 πρὸς
1449 1541 1514 1597 τὰ
1565 1545 1864 1615 τικτόμενα

1977 1537 2227 1592 stantiam
2261 1537 2550 1603 diﬂ‘erunt,
2584 1537 2812 1594 omnino
2839 1555 3064 1596 necesse
3095 1551 3183 1598 est
3214 1559 3438 1615 quoque
3459 1564 3554 1619 ge—

285 1633 502 1704 άνάγκη
553 1633 702 1687 πᾶσα
761 1635 881 1688 κατ’
939 1635 1129 1690 οὐσίαν
1196 1634 1607 1706 παραλλάττειν
1634 1652 1649 1667 ’
1692 1638 1788 1690 καὶ
1815 1639 1864 1689 εἰ

1977 1627 2087 1681 nita
2116 1627 2343 1682 relative
2391 1628 2458 1683 ad
2492 1628 2674 1698 genita
2706 1629 3014 1686 secundum
3051 1636 3412 1692 substantiam
3443 1638 3552 1693 dil—

284 1724 464 1790 τοῦτο,
491 1724 610 1789 πῶς
640 1723 732 1778 τοῦ
761 1725 972 1794 Πατρδς
1000 1725 1211 1798 καὶτῆς
1232 1725 1511 1797 Παρθένου
1527 1728 1652 1780 κατ’
1679 1725 1866 1780 οὐσίαν

1977 1719 2138 1774 l‘erre.
2185 1719 2352 1790 Atqui
2391 1719 2439 1774 si
2471 1720 2545 1776 ita
2576 1730 2683 1788 est,
2721 1723 3000 1792 quomodo
3046 1723 3208 1782 Patre
3241 1737 3298 1782 et
3331 1729 3555 1802 Virgine

286 1813 800 1884 παραλλαττόντων,
834 1815 895 1868 ού
940 1815 1343 1887 παραλλάττειν
1369 1817 1584 1888 ἀνάγκη
1615 1816 1706 1870 τὸν
1737 1817 1868 1870 Θεὸν

283 1907 458 1975 Λόγον
489 1905 652 1960 αὐτὸν
685 1907 886 1962 ἑαυτοῦ
937 1886 1059 1961 κατ’
1083 1907 1296 1976 οὐσίαν,
1332 1886 1662 1980 ἀμφοτέρων
1685 1909 1864 1978 ὑπάρ-

285 2013 449 2067 χοντα
480 1997 622 2050 κατά
653 1997 915 2068 ἀλήθειαν
939 1997 1106 2063 Υίόν;
1137 1999 1212 2054 Τὸ
1237 1999 1296 2053 δὲ
1326 2001 1488 2054 αὐτὸν
1522 1999 1719 2054 ἑαυτοῦ
1745 2001 1867 2054 κατ’

281 2087 476 2142 οὐσίαν
508 2088 908 2160 παραλλάττειν
949 2089 1134 2159 λέγειν
1187 2091 1280 2145 τὸν
1340 2092 1523 2162 πάσης
1567 2091 1869 2162 ἁπλότητος

287 2179 570 2242 ἐπέκεινα,
611 2179 794 2249 πάσης
841 2181 1156 2246 ἐκστάσεως
1211 2183 1330 2236 ἐστι
1359 2182 1639 2238 ἐπέκεινα.
1707 2183 1869 2238 Ἀλλὰ

289 2271 430 2335 πῶς,
461 2265 508 2325 ὧ
545 2265 714 2336 οῦτοι,
746 2271 826 2342 τῷ
871 2273 1090 2346 φέροντι
1138 2273 1241 2345 ἠδη
1270 2275 1330 2328 τὸ
1369 2273 1562 2328 δοκοῦν
1593 2275 1870 2345 ἀποφθέγ-

285 2360 448 2428 γεσθε
471 2379 487 2428 ;
519 2361 614 2414 καὶ
639 2361 750 2431 γὰρ
773 2361 962 2432 ἰχθύας
991 2377 1052 2416 τε
1079 2365 1176 2416 καὶ
1203 2363 1366 2436 ἕτερα
1390 2363 1506 2428 ζῶα
1528 2363 1623 2418 καὶ
1647 2365 1870 2418 πετεινά

285 2449 607 2520 καὶέρπετά
643 2468 763 2504 τινα
791 2453 856 2505 ὲκ
879 2451 978 2521 τῆς
994 2450 1238 2523 ἀλλήλων
1254 2452 1540 2515 συνουσίας
1565 2493 1580 2516 ,
1609 2452 1872 2516 ὡσαύτως

286 2541 344 2594 δὲ
367 2542 460 2596 καὶ
496 2541 556 2606 ἐξ
575 2543 784 2596 ὑδάτων
813 2543 1098 2611 αὐτοφυῶς
1116 2543 1210 2597 καὶ
1253 2544 1317 2596 ὲκ
1334 2544 1438 2613 γῆς
1477 2547 1568 2598 καὶ
1605 2543 1664 2609 ἐξ
1709 2544 1870 2616 ἀέρος

288 2629 552 2684 τίκτεται·
575 2632 670 2685 καὶ
685 2632 836 2702 ὅμως
857 2632 1018 2702 ὅμοιά
1039 2633 1146 2686 εἱσι
1167 2633 1267 2704 τὴν
1293 2633 1482 2686 οὐσίαν
1497 2631 1868 2704 διαφερόντων

289 2720 450 2790 φύσει
463 2722 570 2776 τῶν
604 2724 890 2778 τεκόντων·
915 2725 978 2778 οὐ
1007 2725 1114 2796 γὰρ
1131 2725 1326 2779 ταυτὸν
1343 2724 1501 2779 οὐσία
1516 2724 1656 2790 ζώου
1676 2743 1738 2779 τε
1767 2727 1866 2778 καὶ

291 2813 482 2879 ὓδατος
509 2815 605 2868 καὶ
639 2816 742 2886 γῆς
766 2833 781 2848 ·
815 2803 967 2888 libb;
1012 2816 1070 2870 δὲ
1116 2817 1145 2871 ὃ
1177 2834 1234 2871 τε
1286 2815 1346 2881 ἐξ
1393 2814 1608 2880 ὓδατος,
1645 2815 1791 2871 καὶὸ
1813 2816 1873 2880 ἐξ

293 2906 475 2978 ἰχθύος
496 2905 854 2978 γεννώμενος·
877 2907 1140 2973 ὡσαύτως
1159 2909 1256 2962 καὶ
1273 2908 1584 2980 ἀδιαφόρως
1603 2911 1698 2962 καὶ.
1713 2907 1870 2978 ὄφεις

1971 1811 2274 1867 secundum
2333 1811 2700 1870 substantiam
2725 1807 3136 1884 ditl‘erentibus,
3160 1833 3270 1876 non
3299 1837 3556 1877 necessa-

1973 1905 2057 1958 rio
2102 1904 2351 1960 dill‘crret
2384 1920 2416 1960 a
2462 1905 2646 1976 seipse
2672 1907 2980 1964 secundum
3018 1895 3383 1966 substantiam
3413 1913 3556 1968 Deus

1971 1994 2215 2050 Verbum
2243 2037 2257 2061 ,
2314 2011 2440 2052 cum
2486 1998 2558 2054 sit
2595 1999 2883 2070 utriusque
2929 2016 3096 2057 verus
3129 2003 3334 2059 Filius?
3363 2004 3556 2059 Dicere

1971 2092 2154 2139 autem
2184 2086 2336 2140 illum
2363 2101 2393 2140 a
2420 2087 2606 2158 seipso
2633 2089 2880 2154 ditl‘erre,
2913 2091 3009 2161 qui
3039 2101 3124 2148 est
3163 2093 3306 2148 ultra
3330 2110 3555 2149 omnem

1972 2175 2404 2246 simplicitatem,
2434 2179 2566 2236 illud
2585 2187 2669 2235 est
2691 2180 2837 2236 ultra
2865 2197 3086 2238 omnem
3105 2181 3460 2242 dementiam.
3489 2215 3552 2225 --

1974 2267 2105 2332 Sed,
2122 2283 2155 2322 ο
2173 2283 2292 2335 vos,
2313 2271 2588 2340 quomodo
2607 2271 2674 2326 ad
2701 2273 2990 2328 utilitatem
3010 2283 3254 2329 vestrum
3293 2275 3556 2344 placitum

1974 2357 2272 2427 profertis?
2295 2359 2431 2414 Nam
2463 2361 2751 2430 piscesque
2773 2370 2829 2416 et
2855 2362 2964 2417 alia
2989 2363 3268 2428 animalia,
3290 2364 3555 2426 volatilia,

1979 2455 2036 2500 et
2061 2447 2298 2516 reptilia,
2333 2448 2578 2517 quaedam
2608 2449 2909 2520 gignuntur
2932 2467 2998 2506 ex
3021 2464 3215 2508 mutuo
3243 2455 3429 2523 coitu;
3461 2457 3558 2511 sed

1973 2546 2104 2592 sunt
2131 2537 2339 2606 pariter
2363 2553 2485 2608 quae
2517 2549 2711 2608 sponte
2741 2555 2808 2594 ex
2831 2541 3012 2610 aquis,
3044 2555 3101 2598 et
3128 2559 3193 2598 ex
3215 2553 3384 2612 terra,
3411 2555 3470 2599 et
3493 2561 3562 2600 ex

1973 2642 2102 2682 aere
2130 2627 2466 2698 gignuntur;
2525 2638 2581 2684 et
2613 2638 2792 2686 talnen
2826 2631 3027 2687 similia
3061 2644 3193 2688 sunt
3218 2635 3398 2704 quoad
3427 2637 3562 2690 sul:-

1975 2719 2254 2783 stantiam,
2286 2720 2415 2774 licet
2440 2729 2632 2775 natura
2661 2721 2919 2777 differant
2937 2723 3239 2794 gignentes.
3264 2725 3384 2780 Non
3411 2729 3560 2782 enim

1977 2809 2108 2881 quid
2161 2810 2304 2864 idem
2346 2819 2430 2866 est
2479 2811 2787 2867 substantia
2825 2813 3112 2880 animalis,
3157 2827 3214 2871 et
3253 2819 3561 2875 substantia

1977 2915 2133 2971 aquae
2161 2910 2216 2956 et
2240 2909 2421 2956 terrae.
2461 2903 2636 2958 Piscis
2657 2913 2838 2958 autem
2871 2903 3012 2959 alius
3041 2919 3109 2960 ex
3135 2921 3297 2976 aqua,
3326 2909 3467 2964 alius
3492 2927 3561 2965 ex

291 3000 384 3052 καὶ
407 2997 572 3069 ἔτερα
605 2998 834 3054 πλεῖστα
861 2999 1106 3054 τοιαῦτα.
1141 3000 1420 3070 Δευτέρως
1440 3000 1496 3052 δὲ
1527 3001 1865 3071 ἀντιστροφῇ

1977 2993 2127 3062 pisce
2155 3001 2472 3063 generatus.
2504 2993 2722 3050 Pariter
2743 3004 2801 3052 et
2827 2996 2947 3051 sine
2985 2996 3300 3054 dill'erentia
3331 3015 3556 3072 serpen-

290 3091 350 3144 τὸ
381 3091 644 3164 ὑμέτερον
677 3091 1230 3163 βασανίσωμενθέμα
1254 3107 1268 3121 ⁸
1301 3093 1352 3146 εί
1394 3093 1504 3162 γὰρ
1536 3092 1604 3146 τά
1640 3092 1872 3164 διάφορα

289 3183 356 3253 τῇ
388 3181 550 3252 φύσει
575 3223 590 3247 ,
621 3185 855 3254 διάφορα
881 3182 1090 3236 τίκτειν
1124 3181 1363 3252 ἀνάγκη,
1398 3185 1495 3236 καὶ
1527 3183 1597 3237 τὰ
1646 3182 1872 3252 ἀδιάφο-

295 3289 362 3340 ρα
391 3275 456 3344 τῇ
489 3273 668 3344 φύσει,
699 3273 971 3344 ἀδιάφορα
1006 3273 1212 3328 τίκτειν
1234 3273 1448 3344 ἀνάγκη
1470 3288 1484 3304 ο
1514 3274 1638 3327 ἐπεὶ
1668 3269 1763 3327 οὖν
1793 3267 1874 3338 εἷς

292 3367 388 3418 καὶ
413 3365 475 3418 οὐ
509 3365 748 3431 πλείους,
797 3366 830 3438 ἢ
859 3365 1111 3436 διάφοροι
1141 3363 1327 3429 ἁπλῶς
1357 3364 1522 3436 ἣλιοι,
1554 3359 1711 3428 οὗτος
1733 3363 1791 3418 δὲ
1820 3365 1879 3418 ὲν

289 3455 414 3526 ἀέρι
445 3455 581 3524 φῶς,
613 3459 668 3511 ὲν
693 3457 848 3512 ὕδατι
875 3456 933 3512 δὲ
961 3456 1101 3522 ζῶα,
1138 3457 1196 3510 ἐν
1225 3455 1281 3509 δὲ
1307 3458 1380 3528 γῇ
1405 3455 1543 3520 πόας
1559 3455 1656 3510 καὶ
1673 3455 1881 3519 ταύτας

288 3545 578 3618 διαφόρους
591 3547 736 3602 τίκτε
748 3544 900 3612 ι,ἇρα
913 3550 1128 3604 πάντων
1140 3547 1432 3617 ἀδιάφορον
1455 3547 1585 3618 ἡμῖν
1600 3545 1882 3618 νομιστέον

287 3635 391 3707 τὴν
419 3637 608 3693 οὐσίαν
629 3657 644 3703 ;
663 3635 804 3692 Ἀλλ’
826 3639 1002 3702 οὐδεὶς
1041 3639 1170 3710 ὑμῖν
1195 3637 1322 3692 τάδε
1358 3637 1790 3707 συμφθέγξιται.

1981 3093 2065 3139 tes
2113 3093 2170 3140 et
2219 3083 2326 3140 alia
2378 3085 2550 3140 multa
2591 3085 2813 3140 similia.
2859 3085 3120 3142 Secundo
3167 3101 3356 3157 autem
3387 3101 3564 3148 retor-

1980 3175 2200 3248 quendo
2265 3176 2618 3246 experiamur
2676 3184 2918 3231 vestram
2984 3179 3438 3248 propositionem.
3504 3184 3560 3238 Si

1981 3271 2128 3326 enim
2155 3285 2278 3340 qua
2299 3268 2568 3326 differunt
2594 3276 2793 3324 natura
2827 3271 3144 3326 necessario
3183 3273 3418 3344 gignunt
3443 3273 3563 3330 dis-

1983 3357 2206 3424 similia,
2240 3373 2272 3413 a
2319 3357 2435 3428 pari
2469 3372 2592 3428 quas
2634 3372 2749 3413 non
2795 3357 3064 3415 differunt
3099 3370 3295 3418 natura
3337 3379 3561 3422 necesse

1983 3457 2070 3505 est
2091 3459 2208 3505 'nec
2235 3449 2527 3505 dissimilia
2559 3449 2809 3520 gignere.
2849 3450 3024 3523 Igitur
3057 3469 3182 3508 cum
3209 3471 3356 3512 unus
3383 3457 3455 3512 sit
3479 3463 3559 3513 sot

1982 3551 2040 3599 et
2066 3555 2179 3597 non
2223 3541 2414 3612 plures
2455 3543 2571 3598 sive
2615 3541 2940 3599 dill‘erentes
2981 3545 3146 3612 soles,
3183 3547 3232 3604 is
3267 3557 3452 3608 autem
3503 3551 3558 3604 in

1985 3648 2114 3689 aere
2163 3634 2371 3700 lumen,
2427 3635 2484 3689 in
2539 3649 2682 3706 aqua
2734 3633 3016 3702 animalia,
3067 3635 3125 3692 in
3168 3647 3317 3694 terra
3343 3641 3560 3712 plantas

287 3741 498 3797 easque
551 3726 871 3784 diﬂ'erentes
911 3728 1129 3799 gignat,
1198 3727 1364 3798 igitur
1413 3727 1660 3782 omnium
1705 3725 1870 3782 nobis
1907 3723 2245 3780 censendum
2277 3731 2364 3780 est
2430 3740 2539 3780 non
2605 3725 2951 3783 diﬂ‘erentem
2993 3745 3115 3786 esse
3166 3733 3556 3792 substantiam.

287 3821 544 3876 Atnemo
573 3821 730 3875 vobis
751 3819 819 3875 de
847 3819 936 3875 bis
967 3821 1294 3876 consentiet.

362 3916 510 3987 Πλὴν
537 3915 680 3970 ἔστω
723 3917 817 3969 καὶ
855 3915 982 3970 τάδε
1017 3915 1150 3986 ὑμῖν
1177 3913 1650 3986 συγκεχωρημένα
1671 3929 1686 3944 °
1714 3912 1873 3968 τοῦτο

2044 3911 2153 3968 Sed
2192 3922 2313 3970 esto
2355 3915 2522 3975 etiam
2553 3916 2712 3973 vobis
2765 3917 2882 3976 haec
2919 3924 3172 3979 concedi.
3217 3925 3334 3981 Hoc
3368 3937 3554 3984 autem

286 4006 349 4062 δὲ
371 4007 523 4076 ὅμως
557 4005 793 4072 δείξατε,
817 4006 895 4070 ὡς
919 4005 1180 4070 πολλάκις
1211 4005 1450 4078 εἴρηται,
1489 4007 1542 4058 τί
1575 4005 1636 4060 τὸ
1663 4003 1866 4059 κωλύον

1977 4009 2158 4056 tamen
2178 4003 2475 4070 ostendite,
2500 4007 2644 4061 sicut
2668 4009 2969 4078 saepissime
2995 4011 3206 4068 dictum
3230 4025 3335 4082 cst,
3357 4033 3556 4088 nempe

293 4098 373 4170 μὴ
403 4093 544 4152 εἶναι
570 4097 664 4152 τὸν
696 4098 860 4152 αὐτὸν
909 4099 1189 4169 ἑκατέρων
1214 4098 1351 4152 υίόνο
1383 4097 1479 4152 καὶ
1498 4097 1548 4150 εἰ
1575 4096 1646 4150 τὰ.
1664 4095 1866 4152 τίκτον-

1977 4092 2105 4163 quid
2155 4093 2422 4164 impediat
2453 4098 2590 4168 quin
2625 4099 2770 4155 idem
2800 4101 2874 4157 sit
2902 4101 3138 4160 duorum
3167 4105 3312 4162 ﬁlius
3341 4127 3355 4164 :
3391 4119 3468 4175 et,
3509 4115 3554 4167 si

287 4207 360 4244 τα
403 4188 524 4244 κατ’
582 4189 772 4244 οὐσίαν
823 4190 1218 4262 παραλλάττει,
1267 4189 1361 4244 τὸν
1419 4190 1543 4243 καθ’
1607 4189 1866 4262 ἑκατέραν

1977 4181 2252 4254 gignentia
2279 4184 2546 4242 diﬂ‘erunt
2575 4189 2754 4258 quoad
2800 4191 3189 4259 substantiam,
3221 4198 3441 4268 genitus
3465 4217 3556 4257 se-

287 4282 546 4354 γέννησιν
579 4282 640 4348 ἐξ
663 4283 860 4352 ἑτέρας
885 4283 1080 4346 οὐσίας
1133 4281 1478 4352 τικτόμενον,
1500 4280 1553 4334 τί
1589 4281 1866 4353 ὲμποδίσει

1977 4273 2217 4330 cundum
2262 4285 2556 4348 utramque
2607 4281 3020 4350 generationem
3051 4300 3120 4340 ex
3152 4303 3261 4344 una
3294 4290 3556 4347 substan-

285 4371 366 4434 ὡς
393 4371 452 4437 ἐξ
481 4371 677 4442 ἑτέρας
734 4371 925 4434 οὐσίας
986 4371 1378 4442 προτεχθέντα,
1413 4372 1471 4424 ὲν
1517 4372 1584 4441 τῇ
1639 4370 1866 4443 δευτέρᾳ

1977 4367 2068 4433 tia,
2099 4369 2235 4440 quid
2281 4369 2546 4442 impediet
2592 4373 2748 4443 quin,
2789 4384 3050 4446 tanquam
3098 4396 3166 4436 ex
3212 4381 3383 4439 altera
3425 4393 3556 4440 ante

286 4463 540 4533 γεννήσει
591 4462 847 4534 διάφορον
891 4457 1034 4517 εἶναι
1069 4461 1206 4532 πρὸς
1244 4463 1370 4525 τοὺς
1421 4460 1684 4525 τεκόντας
1727 4463 1870 4516 κατὰ

283 4551 386 4626 τὴν
414 4552 640 4625 πρώτην
665 4553 942 4624 γέννησιν,
966 4554 1060 4608 καὶ
1085 4557 1150 4607 ἐκ
1175 4551 1273 4606 τοῦ
1295 4553 1417 4606 ὅλου
1448 4549 1644 4605 ἑαυτοῦ
1677 4551 1864 4620 διαφό·

287 4661 417 4717 ρους
445 4645 593 4717 ἔχειν
641 4645 837 4714 λόγους
883 4645 1022 4718 πρὸς
1065 4644 1330 4716 ἑκάτερον
1351 4643 1464 4697 τῶν
1491 4642 1797 4706 τεκόντων;
1833 4643 1867 4712 ἢ

283 4735 362 4799 ὡς
393 4738 470 4816 μὴ
501 4735 823 4805 σωζομένης
851 4734 953 4804 τῆς
1005 4735 1232 4808 πρώτης
1291 4734 1481 4797 οὐσίας
1519 4733 1613 4787 ἐπὶ
1641 4736 1708 4805 τῇ
1742 4733 1868 4788 δευο

282 4825 424 4898 τέρα
449 4827 726 4896 γεννήσει,
760 4825 793 4898 ἦ
833 4827 910 4892 ὡς
951 4827 1025 4896 μὴ
1057 4824 1444 4896 ἐπιγινομένου
1490 4823 1635 4888 τινὸς
1661 4840 1866 4896 προγε-

282 4917 594 4990 γεννημένῃ
621 4917 918 4972 ὑποστάσει
941 4932 956 4949 ·
989 4916 1134 4970 οὕτω
1157 4917 1268 4988 γὰρ
1289 4915 1356 4971 ἂν
1376 4914 1552 4978 οὐδεὶς
1579 4914 1690 4970 τῶν
1726 4917 1868 4969 κατά

284 5008 506 5081 πνεῦμα
527 5007 970 5079 γεγεννημένων.
1015 5007 1202 5079 ἔμεινε
1255 5007 1396 5080 σὰρξ
1421 5006 1696 5074 ὁπωσοῦν,
1738 5007 1864 5062 ἐπεὶ

286 5119 308 5154 ε
347 5101 422 5155 Τὸ
449 5102 850 5171 γεγεννημένον
891 5101 954 5154 ἐκ
980 5100 1082 5172 τῆς
1132 5099 1364 5171 σαρκὸς.
1393 5098 1530 5172 σάρξ
1557 5098 1694 5164 ἐστι,
1725 5099 1788 5151 τὸ
1810 5097 1869 5152 δὲ

281 5192 684 5262 γεγεννημένον
725 5193 792 5246 ὲκ
822 5189 918 5245 τοῦ
954 5188 1518 5260 πνεύματος,ωεῦμά
1542 5191 1711 5242 ἐστιν.
1741 5205 1761 5240 ι
1803 5187 1868 5242 Εί

275 5281 338 5336 δὲ
367 5283 470 5357 τὴν
501 5284 795 5354 ἐπίκτησιν
844 5281 955 5336 τῶν
1001 5283 1068 5349 εκ
1114 5281 1213 5352 τῆς
1241 5281 1509 5352 δευτέρας
1547 5280 1859 5350 γεννήσεως

275 5371 740 5443 προσληφθέντων
765 5370 845 5444 τῷ
859 5371 1022 5444 Λόγῳ
1048 5369 1146 5442 τὴν
1169 5369 1360 5442 πρώην
1385 5370 1664 5440 ἁπλότητα
1691 5367 1858 5422 αὐτοῦ

269 5463 335 5516 οὐ
367 5465 678 5535 συγχωρεῖν
747 5461 1082 5534 καθορᾶσθαι
1129 5461 1405 5532 νομίζετε,
1470 5459 1734 5517 σκεπτέον
1779 5459 1858 5526 ὡς

335 5619 370 5655 ν
415 5615 578 5674 Joan.
617 5629 700 5678 ιιι,
729 5615 782 5670 6.

535 5704 810 5770 PATROL.
847 5703 966 5766 Gn.
1029 5701 1360 5764 LXXXVI.

1967 4462 2210 4534 genitus,
2241 4463 2298 4518 in
2333 4464 2573 4520 secunda
2602 4468 2960 4537 generatione
2985 4471 3210 4530 diﬂ‘erat
3231 4476 3458 4534 relative
3485 4481 3553 4534 ad

1967 4571 2066 4612 eos
2115 4557 2210 4627 qui
2256 4568 2566 4630 genuerant
2608 4559 2914 4616 secundum
2956 4563 3190 4633 primam
3237 4571 3555 4638 generatio-

1968 4660 2116 4710 nem,
2145 4655 2200 4702 et
2231 4645 2287 4702 in
2316 4656 2432 4703 toto
2461 4663 2563 4704 suo
2590 4663 2713 4704 esse
2741 4649 3064 4709 diﬂ'erentcs
3088 4655 3290 4712 habeat
3312 4659 3559 4716 rationes

1971 4744 2200 4801 relative
2244 4745 2315 4801 ad
2363 4755 2666 4818 utrumque
2702 4746 3072 4821 gignentium,
3123 4748 3239 4804 sive
3294 4757 3558 4822 tanquam

1977 4849 2087 4890 non
2139 4845 2354 4892 servata
2397 4837 2576 4908 prima
2623 4839 2930 4895 substantia
2960 4839 3016 4895 in
3047 4839 3292 4897 secunda
3321 4857 3556 4915 genera-

1974 4921 2146 4987 tione,
2191 4923 2310 4978 sive
2366 4935 2629 4996 tanquam
2670 4942 2781 4982 non
2827 4927 3186 4998 superaddita
3233 4932 3418 5003 aliqua
3453 4933 3559 5007 by.

1970 5013 2178 5082 postasi
2218 5023 2346 5070 ante
2383 5016 2600 5086 genitae.
2661 5017 2742 5074 Ita
2782 5018 2932 5073 enim
2959 5020 3176 5076 nullum
3204 5037 3397 5080 eorum
3436 5041 3559 5096 quae

1969 5101 2274 5159 secundum
2295 5105 2553 5176 spiritum
2580 5109 2766 5178 genita
2795 5119 2927 5166 sunt
2957 5113 3224 5170 remansit
3251 5116 3366 5172 ullo
3393 5117 3557 5172 modo

1969 5207 2132 5259 caro;
2171 5195 2302 5265 quia
2337 5214 2356 5248 ι
2385 5196 2544 5264 Quod
2576 5208 2767 5255 natum
2817 5209 2902 5258 est
2930 5218 2999 5258 ex
3049 5219 3238 5271 carne,
3271 5221 3400 5262 caro
3429 5215 3554 5274 est;

1967 5285 2115 5355 quod
2138 5295 2326 5342 autem
2367 5297 2560 5342 natum
2605 5299 2694 5346 est
2722 5307 2791 5346 ex
2814 5292 3038 5364 spiritu,
3080 5297 3311 5368 spiritus
3343 5306 3426 5354 est
3449 5308 3497 5354 ν.
3527 5318 3550 5352 ι

1967 5372 2025 5430 Si
2051 5385 2234 5430 autem
2259 5376 2636 5432 accessionem
2658 5395 2854 5438 eorum
2875 5399 2997 5454 qua:
3015 5399 3047 5439 a
3073 5385 3253 5442 Verbo
3279 5397 3558 5456 assumpta

1963 5471 2094 5518 sunt
2117 5463 2360 5533 priorem
2390 5467 2513 5539 ejus
2553 5469 2965 5542 simplicitatem
2996 5489 3109 5530 non
3157 5475 3342 5532 sinere
3369 5475 3559 5534 videre

3132 5665 3235 5778 53.
