3858 6156
320 216 454 284 1677

1271 225 1670 290 ADVERSUS
1707 228 2256 307 NESTORIANOS,
2279 235 2522 298 -LIB.
2563 238 2658 299 ιν.

3445 235 3583 308 1678

203 361 209 366 ι
309 329 426 397 θεὶς
461 333 558 389 καὶ
587 334 650 388 οὗ
677 335 846 404 Λόγος
875 337 1086 404 ἁπλῶς,
1112 339 1206 392 καὶ
1237 341 1375 412 πρὸς
1405 341 1505 414 τὴν
1550 343 1782 417 Μητέρα
1833 347 1882 400 ἑ)

2000 349 2125 404 dem
2157 351 2344 418 habet,
2377 361 2638 423 tanquam
2670 354 2815 408 Deus
2857 354 3126 426 integram
3157 354 3578 412 similitudinem

313 425 512 493 μέρους
564 427 663 496 μὲν
718 427 832 500 ἔχει
876 429 976 502 τήν
1026 431 1290 503 ὁμοίωσιν
1327 433 1428 506 τήν
1471 437 1730 509 φυσικὴν,
1760 437 1895 493 ἀλλά

309 517 406 570 καὶ
469 519 536 571 ὲκ
581 519 786 589 μέρους
841 521 904 575 τὸ
955 523 1176 592 ὅμοιονι
1209 525 1350 582 διότι
1389 523 1472 594 εἷς
1515 528 1610 582 καὶ
1653 531 1684 582 ό
1731 530 1894 592 αὐτὸς

309 615 592 693 ὑπάρχων,
627 617 768 672 κατὰ
799 616 1028 692 θάτερον
1057 622 1166 676 τῶν
1199 625 1257 678 ὲν
1281 624 1432 696 αὐτῷ
1463 625 1669 697 μερῶν,
1702 625 1802 698 τήν
1832 643 1891 680 τε

309 707 447 778 πρὸς
495 709 588 762 τὸν
626 710 847 782 Πατέρα
911 712 1010 766 καὶ
1059 717 1197 788 πρὸς
1247 717 1347 786 τὴν
1374 718 1605 789 Μητέρα
1657 719 1893 790 φυσικὴν

307 799 564 871 ὁμοίωσιν
581 802 846 875 κέκτηται
869 806 963 858 καὶ
985 807 1246 880 διαφοράν
1263 827 1278 840 ·
1303 809 1508 878 ὁμοίως
1529 810 1586 864 δὲ
1611 811 1707 865 καὶ
1731 812 1894 881 ἡμεῖς

309 893 420 956 τοῖς
455 893 744 965 ὑμετέροις
771 896 1196 966 ἀντεπάγοντες,
1225 899 1492 972 δείξωμεν
1515 901 1584 955 τὰ
1609 900 1852 972 ἡμέτερα
1875 917 1890 934 ο

309 987 358 1038 εί
380 984 490 1056 γὰρ
518 989 723 1058 κυρίως
747 989 842 1044 καὶ
865 991 1006 1043 κατὰ
1037 991 1296 1062 ἀλήθειαν
1333 995 1599 1066 ὲγεννήθη
1631 995 1696 1048 ἐκ
1720 995 1893 1050 Σαοὺλ

308 1073 590 1140 Ἰωνάθαν,
621 1079 768 1134 ἐστιν
789 1081 975 1152 ὅμοιος
1004 1082 1154 1154 αὐτῷ
1175 1084 1296 1138 κατ’
1325 1086 1534 1140 οὐσίαν·
1571 1087 1664 1140 καὶ
1687 1086 1891 1157 κυρίως

309 1169 402 1222 καὶ⁹
437 1169 582 1224 κατά
617 1171 878 1242 ἀλήθειαν
919 1173 1185 1246 ἐγεννήθη
1237 1177 1334 1229 ἀπ’
1367 1177 1536 1230 αὐτοῦ
1569 1177 1763 1246 Λόγος,
1793 1179 1888 1232 καὶ

309 1258 455 1314 ἔστιν
475 1262 863 1332 ἀνομοιότατος
894 1264 1044 1334 αὐτῷ
1076 1266 1195 1320 κατ’
1223 1267 1412 1320 οὐσίαν
1434 1284 1450 1299 ο
1491 1269 1552 1320 οὐ
1585 1267 1647 1320 τὺ
1681 1269 1888 1338 κυρίως

309 1352 640 1424 γεννηθῆναί
671 1356 788 1410 ἔστι
823 1355 1013 1426 σαφῶς
1039 1359 1214 1412 αττιον
1247 1357 1348 1429 τῆς
1381 1359 1732 1428 ὁμοιότητος,
1769 1359 1888 1414 ἀλλ’

307 1441 456 1512 ότῆς
507 1442 828 1516 ὁμοιότητος
879 1447 976 1499 τοῦ
1038 1446 1222 1518 ὅλουῆ
1283 1447 1485 1521 μέρους
1517 1448 1650 1511 ἴδιος
1685 1449 1886 1520 τρόπος

308 1531 416 1586 τῶν
441 1534 501 1587 ὲν
531 1536 651 1598 ταῖς
670 1536 962 1608 γεννήσεσι
997 1541 1330 1610 νοουμένων.

1998 444 2146 498 Patri
2179 461 2194 498 :
2225 443 2480 500 Christus
2509 454 2694 500 autem
2725 446 2944 516 genitus
2983 457 3040 502 et
3081 449 3194 520 jam
3223 465 3331 503 non
3365 449 3580 522 simpli-

1996 533 2136 588 citer
2167 533 2431 598 Verbum,
2465 534 2632 590 habet
2669 543 2726 591 et
2768 535 2926 592 Matri
2961 554 3030 594 ex
3058 547 3214 608 parte
3257 539 3580 596 similitudi-

1997 639 2120 678 nem
2147 625 2456 696 physicam,
2491 633 2548 680 et
2571 640 2638 679 ex
2671 634 2827 696 parte
2855 642 2974 683 esse
3005 628 3209 684 simile.
3247 628 3404 686 Unde
3438 647 3581 686 unus

1995 727 2050 773 et
2081 719 2228 775 idem
2257 736 2383 775 cum
2411 722 2504 785 sit,
2532 723 2838 777 secundum
2868 723 3194 778 alterutram
3230 723 3285 776 in
3318 723 3438 794 ipso
3461 740 3584 795 pat-

1997 811 2132 865 lium
2177 821 2292 866 tum
2321 813 2478 878 Patri
2521 822 2638 868 tum
2665 814 2822 868 Matri
2867 814 3288 870 similitudinem
3319 815 3489 872 habet
3523 827 3578 870 et

1995 899 2390 955 differentiam.
2440 903 2654 957 Pariter
2683 911 2890 966 autem,
2922 904 3010 960 his
3037 913 3229 960 contra
3262 921 3362 961 vos
3388 907 3574 970 dictis.

1995 988 2441 1066 demonstremus
2467 998 2523 1044 et
2545 999 2788 1046 nostram
2821 992 3150 1049 doctrinam.
3191 993 3246 1050 Si
3277 995 3423 1051 enim
3447 1012 3570 1066 pro-

1994 1059 2116 1150 prie
2162 1086 2220 1136 et
2260 1079 2568 1136 secundum
2601 1081 2892 1138 veritatem
2937 1085 3158 1155 genitus
3190 1095 3276 1142 est
3308 1059 3578 1142 Jonaihas

1993 1186 2026 1226 υ
2053 1170 2238 1237 Saule,
2269 1171 2470 1227 similis
2497 1181 2583 1228 est
2611 1171 2664 1226 ei
2696 1175 3003 1229 secundum
3044 1175 3434 1231 substantiam.
3467 1176 3574 1232 Sed

1991 1262 2290 1333 etproprie
2316 1272 2372 1318 et
2400 1263 2706 1318 secundum
2745 1259 3030 1320 veritatem
3056 1267 3302 1336 genitum
3331 1277 3408 1322 est
3437 1268 3576 1322 Ver-

1992 1353 2144 1418 bum,
2178 1353 2328 1424 quod
2376 1366 2464 1410 est
2502 1354 2554 1410 ei
2603 1353 3034 1411 dissimillimum
3087 1357 3390 1412 secundmn
3441 1359 3576 1414 sub-

1991 1445 2270 1501 stantiam.
2323 1445 2624 1502 Evidenter
2669 1447 2838 1518 igitur
2885 1449 3108 1519 proprie
3154 1448 3403 1520 genitum
3454 1466 3575 1504 esse.

1993 1553 2106 1594 non
2132 1548 2218 1595 est
2274 1553 2440 1594 causa
2493 1538 2918 1604 similitudinis;
2951 1538 3046 1594 scd
3082 1553 3257 1610 genus
3298 1538 3575 1609 quoddam

308 1627 547 1698 speciale
575 1627 960 1686 similitudinis
988 1633 1160 1688 totius
1191 1633 1277 1689 vel
1309 1635 1479 1704 partis
1513 1649 1707 1691 eorum
1741 1647 1863 1703 qua:
1894 1629 1950 1685 in
1980 1630 2432 1701 generationibus
2458 1629 2902 1692 considerantur.

907 1725 1158 1780 ΚΕΦΑΛ.
1189 1729 1284 1784 ΙΔ’.

381 1811 442 1864 Ei
467 1812 728 1886 ἐγεννήθη
760 1817 789 1869 ό
809 1813 938 1878 Υἱὸς
963 1819 1028 1870 ὲκ
1046 1817 1142 1871 τοῦ
1172 1819 1384 1892 Πατρός
1429 1827 1576 1882 κατὰ
1627 1822 1878 1892 θεότητα,

307 1900 404 1956 καὶ
451 1901 614 1968 σώζει
677 1906 775 1976 τὴν
828 1907 949 1960 κατ’
975 1909 1166 1962 οὐσίαν
1211 1912 1348 1982 πρὸς
1379 1911 1540 1968 αὑτὸν
1561 1913 1879 1984 ὁμοιότητα,

304 1993 570 2066 ἐγεννήθη
649 1995 707 2050 δὲ
755 1997 879 2051 καθ’
909 1999 1057 2068 ὑμᾶς
1107 2001 1359 2072 όμοξωςό
1389 2002 1519 2068 Υἱὸς
1563 2005 1656 2057 καὶ
1687 2005 1752 2058 ἐκ
1783 2006 1884 2076 τῆς

310 2083 590 2156 Παρθένου
643 2087 782 2142 κατά
842 2088 1098 2160 θεότητα,
1151 2090 1346 2170 σώζειν
1375 2093 1588 2166 ἀνάγκη
1615 2093 1713 2166 τὴν
1748 2097 1884 2166 πρὸς

303 2175 476 2248 αὐτὴν
503 2177 626 2232 κατ’
665 2179 856 2233 οὐσίαν
875 2182 1169 2254 ὁμοιότητα
1200 2183 1340 2238 κατά
1389 2185 1492 2258 τήν
1523 2186 1756 2260 θεότητα
1782 2203 1796 2217 ·
1835 2189 1884 2246 εί

303 2268 361 2323 δὲ
397 2267 576 2335 τοῦτο,
607 2269 718 2338 ἕξει
750 2273 968 2338 πάντως
996 2275 1091 2328 καὶ
1115 2277 1150 2346 ή
1177 2276 1453 2347 Παρθένος
1477 2279 1579 2350 τήν
1605 2279 1743 2350 πρδς
1793 2279 1886 2334 τὸν

303 2360 438 2417 Θεὸν
465 2366 561 2418 καὶ
583 2365 798 2436 Πατέρα
828 2367 950 2420 κατ’
971 2367 1160 2420 οὐσίαν
1191 2369 1492 2440 ὁμοιότητα
1519 2385 1532 2400 ·
1569 2370 1641 2424 τὰ
1671 2371 1782 2442 γὰρ
1807 2371 1885 2441 τῷ

303 2453 457 2524 αὐτῷ
491 2455 675 2526 ὅμοια,
707 2457 804 2512 καὶ
851 2456 1107 2529 ἀλλήλοις
1153 2459 1304 2512 ἐστὶν
1357 2459 1540 2532 ὃμοια.
1583 2461 1725 2514 Ἀλλ’
1757 2461 1884 2516 οὔτε

304 2547 436 2614 πᾶν,
467 2545 593 2601 οὔτε
643 2548 786 2603 κατά
814 2551 994 2603 πᾶσαν
1041 2545 1319 2621 γέννησιν,
1349 2549 1474 2604 οὔτε
1507 2553 1648 2606 κατὰ
1675 2551 1736 2606 τὸ
1765 2553 1884 2608 ὅλον

305 2637 504 2693 ἑαυτοῦ
531 2639 592 2692 τὺ
635 2640 700 2694 ἐκ
731 2657 878 2704 τινος
928 2641 1288 2714 γεννώμενον,
1314 2643 1508 2709 σώζειν
1535 2645 1751 2716 ἀνάγκη
1793 2647 1883 2700 τὸν

315 2727 414 2796 τῆς
455 2729 668 2797 φύσεως
715 2730 808 2784 τοῦ
856 2730 1108 2794 τεκόντος
1159 2733 1318 2802 λόγον
1354 2733 1776 2806 ἀπαράλλακτον
1799 2732 1885 2787 δέ·

304 2820 513 2876 δεικται
563 2822 658 2877 καὶ
687 2822 910 2902 εἴρηται
952 2823 1236 2889 πολλάκις.
1265 2825 1403 2880 Ἰδοὺ
1446 2824 1556 2896 γὰρ
1585 2827 1680 2880 καὶ
1723 2826 1882 2896 φύσει

301 2913 470 2968 τέκνα
505 2913 712 2987 ὀργῆς,
737 2915 832 2969 καὶ
876 2917 982 2971 υἱοὶ
1029 2916 1316 2982 ἀπειθείας
1367 2917 1464 2972 καὶ
1514 2917 1766 2988 ἀνομίας,
1789 2918 1883 2971 καὶ

308 3003 416 3058 υἱοὶ
447 3004 694 3072 σκότους,
719 3007 814 3061 καὶ
871 3007 1038 3061 τέκνα
1083 3007 1180 3062 τοῦ
1227 3009 1494 3080 πονηροῦ,
1524 3011 1619 3064 καὶ
1645 3010 1756 3064 υἱοὶ
1786 3010 1881 3064 τοῦ

307 3094 504 3160 αἰῶνος
559 3097 776 3161 τούτου,
802 3098 898 3162 καὶ
927 3097 1093 3152 τέκνα
1123 3097 1219 3152 τοῦ
1281 3098 1558 3163 διαϐόλου,
1588 3099 1725 3154 ἀλλά
1785 3101 1881 3154 καὶ

303 3187 472 3242 τέκνα
540 3188 674 3242 Θεοῦ
703 3228 718 3251 ,
784 3187 906 3243 καὶ
957 3189 1264 3260 θελήματος
1321 3189 1466 3244 θείου
1521 3192 1838 3264 γεννήματα
1863 3235 1878 3258 ,

306 3281 400 3334 καὶ
481 3281 588 3334 υἱοὶ
679 3282 879 3351 φωτὸς,
967 3283 1062 3336 καὶ
1143 3283 1250 3336 υἱοὶ
1303 3281 1564 3355 ἡμέρας,
1625 3284 1720 3338 καὶ
1773 3285 1882 3337 uio).

303 3371 618 3444 δυνάμεως,
687 3375 781 3427 καὶ⁹
838 3375 945 3428 υἱοὶ
1019 3373 1278 3442 Ὑψίστου
1324 3375 1574 3446 εἴρηνται
1617 3379 1686 3448 τῇ
1749 3378 1882 3450 ἁγίᾳ

305 3463 520 3535 Γραφῇ,
549 3463 692 3518 κατὰ
747 3463 1039 3536 διαφόρους
1083 3465 1304 3535 ἀληθεῖς
1346 3469 1488 3521 κατά
1535 3465 1630 3520 τὸν
1681 3469 1881 3522 οἰκεῖον

303 3554 464 3624 λόγον
493 3555 778 3627 γεννήσεις
810 3556 907 3610 καὶ⁹
937 3557 1069 3622 τοὺς
1100 3557 1341 3629 ἑκάστης
1396 3559 1706 3630 γεννήσεως
1757 3561 1879 3631 τρό-

303 3662 440 3711 πους
471 3661 486 3678 ·
516 3645 612 3701 καὶ
659 3645 812 3700 οὐδὲν
877 3647 944 3702 ἂν
995 3647 1164 3702 τῶνδε
1223 3648 1473 3719 γέννημα
1525 3649 1670 3704 ετποι
1713 3667 1801 3714 τις
1821 3650 1880 3716 ἐξ

301 3735 550 3806 ἀνάγκης
603 3735 888 3808 όμοούσιον
933 3735 1014 3807 τῷ
1059 3738 1272 3793 τεκόντι
1307 3755 1320 3770 ·
1350 3738 1473 3793 οὐδὲ
1503 3739 1613 3810 γὰρ
1643 3741 1782 3812 ὀργὴ
1813 3742 1880 3794 τὰ

299 3825 468 3880 τέκνα
509 3827 610 3896 τῆς
640 3827 812 3900 ὀργῆς
833 3844 849 3860 ο
877 3828 1004 3884 οὔτε
1045 3831 1179 3885 αἰὼν
1200 3831 1274 3909 ⁸τὰ
1330 3830 1497 3885 τέκνα
1524 3830 1620 3886 τοῦ
1641 3831 1836 3897 αἰῶνος
1863 3849 1876 3863 ο

298 3917 428 3972 οὐδὲ
461 3918 574 3974 θεοὶ
593 3919 692 3992 τὴν
719 3921 907 3975 οὐσίαν
935 3920 1004 3975 τὰ
1042 3922 1211 3976 τέκνα
1245 3921 1342 3976 τοῦ
1373 3921 1509 3977 Θεοῦ
1536 3923 1712 3978 πάντα
1737 3941 1750 3954 ·
1787 3923 1880 3978 οὑ-

299 4006 358 4062 δὲ
383 4007 662 4079 όμοούσιοι
691 4010 770 4082 τῷ
807 4011 1050 4085 Ὑψίστῳ
1078 4014 1126 4066 οί
1162 4013 1268 4067 υἱοὶ
1295 4013 1388 4068 τοῦ
1434 4013 1714 4084 Ὑψίστου.
1773 4015 1879 4068 Ob-

299 4101 434 4157 κοῦν
486 4104 682 4176 πρῶτα
719 4105 838 4176 μὲν,
861 4106 964 4160 οὐκ
1014 4105 1156 4160 εἴτι
1204 4105 1268 4160 ἐκ
1329 4123 1506 4171 τινος,
1564 4107 1725 4162 τοῦτο
1785 4109 1876 4160 καὶ

298 4197 487 4267 ὅμοιον
521 4182 742 4260 πάντως
779 4197 858 4270 τῷ
881 4197 988 4270 ὅλῳ
1012 4195 1112 4268 τῆς
1143 4197 1332 4262 οὐσίας
1361 4197 1527 4252 αὐτοῦ
1555 4198 1698 4270 λόγῳ
1737 4193 1878 4254 εἶναι

255 4347 266 4364 ν
298 4289 597 4359 ἀναγκαῖον
616 4305 630 4320 ·
673 4290 837 4345 πάλιν
864 4289 910 4344 δ’
935 4289 1029 4344 οὖν
1053 4289 1309 4361 ἐροῦμεν,
1345 4291 1429 4345 ὅτι
1469 4291 1594 4347 τότε
1629 4292 1695 4347 ἂν
1748 4293 1878 4364 ὑμῖν

2613 1725 2765 1781 CAP.
2811 1725 2950 1780 XIV.

2014 1868 2025 1878 ,
2054 1815 2112 1872 Si
2140 1813 2360 1888 genitus
2383 1825 2469 1872 est
2501 1814 2676 1872 Filius
2705 1831 2774 1871 ex
2811 1816 2998 1880 Patre,
3035 1814 3340 1870 secundum
3369 1815 3574 1871 divini-

1987 1916 2172 1973 tatem,
2205 1916 2262 1964 et
2295 1893 2481 1962 servat
2513 1922 2640 1963 cum
2677 1921 2744 1962 eo
2769 1906 3194 1962 similitudinem
3219 1908 3462 1978 (genitus
3487 1917 3574 1963 est

1984 2007 2194 2064 autem,
2221 1999 2374 2069 juxta
2401 2013 2522 2066 vos,
2546 1997 2804 2054 similiter
2835 1997 3006 2053 Filius
3035 2013 3100 2054 ex
3129 1999 3356 2070 Virgine
3378 2015 3576 2056 secun-

1984 2081 2116 2146 dum
2165 2088 2559 2158 divinitatem),
2589 2105 2816 2146 necesse
2861 2101 2948 2146 est
2991 2099 3176 2147 servet
3225 2106 3350 2146 cum
3385 2107 3450 2147 ea
3480 2108 3573 2148 se-

1985 2180 2229 2236 cundum
2274 2181 2641 2238 substantiam
2693 2183 3113 2238 similitudinem
3147 2183 3454 2240 secundum
3483 2183 3574 2238 di-

1983 2272 2312 2339 vinitatem;
2369 2271 2417 2326 si
2461 2279 2647 2328 autem
2696 2273 2771 2328 ita
2823 2283 2930 2340 est,
2977 2272 3203 2329 habebit
3249 2275 3478 2330 omnino
3514 2286 3573 2328 et

1985 2364 2150 2435 Virgo
2197 2379 2322 2422 cum
2357 2364 2522 2421 Patre
2555 2363 2862 2420 secundum
2897 2365 3272 2420 substantiam
3307 2365 3572 2421 similitu-

1984 2455 2212 2524 dinem;
2249 2472 2370 2527 ηοω
2397 2457 2549 2512 enim
2595 2456 2775 2514 eidem
2812 2465 2940 2511 sunt
2973 2457 3196 2524 similia,
3228 2472 3294 2512 ea
3323 2465 3381 2514 et
3423 2458 3574 2514 inter

1985 2561 2043 2601 se
2075 2557 2206 2603 sunt
2237 2547 2462 2605 similia.
2495 2577 2566 2588 --
2595 2545 2703 2603 Sed
2731 2562 2912 2618 neque
2941 2562 3130 2612 omne,
3164 2563 3347 2618 neque
3378 2563 3574 2604 secun-

1985 2643 2117 2698 dum
2164 2660 2384 2700 omnem
2427 2645 2872 2717 generationem.
2913 2659 3090 2714 neque
3133 2644 3439 2701 secundum
3483 2647 3570 2698 sui

1987 2736 2161 2807 ipsius
2221 2744 2420 2804 totum,
2475 2736 2686 2808 aliquid
2733 2737 2922 2806 aliquo
2951 2735 3200 2806 genitum
3253 2737 3570 2792 necessario

1987 2843 2210 2884 servare
2245 2829 2517 2884 rationem
2552 2844 2664 2884 non
2687 2824 3037 2884 diﬁ‘erentem
3066 2840 3275 2884 natura:
3295 2828 3574 2900 gignentis

1985 2919 2196 2976 dictum
2229 2934 2374 2990 saepe
2399 2919 2955 2990 demonstratumque
2987 2928 3091 2974 est.
3147 2919 3290 2974 Ecce
3330 2919 3475 2974 enim
3515 2929 3573 2974 et

1987 3016 2184 3064 natura
2219 3009 2316 3063 ﬁlii
2351 3009 2467 3075 irin,
2499 3018 2555 3065 et
2591 3009 2689 3064 ﬁlii
2721 3009 3130 3066 incredulitatis
3153 3017 3209 3065 et
3237 3009 3570 3080 iniquitatis,

1933 3100 1950 3119 ‘
1983 3103 2041 3152 et
2073 3095 2170 3151 ﬁlii
2219 3097 2597 3162 tenebrarum,
2643 3106 2699 3153 et
2740 3097 2838 3152 ﬁlii
2883 3099 3036 3163 mali,
3061 3107 3117 3154 et
3152 3098 3246 3152 ﬁlii
3275 3099 3440 3170 huius
3467 3115 3572 3155 sa:-

1985 3188 2118 3251 culi,
2143 3196 2200 3244 et
2240 3187 2337 3244 ﬁlii
2377 3189 2610 3256 diaboli;
2645 3191 2742 3245 sed
2769 3199 2826 3246 et
2857 3190 2953 3244 ﬁlii
2989 3191 3084 3246 Dei
3108 3229 3124 3257 ,
3165 3199 3221 3245 et
3262 3205 3331 3246 ex
3368 3191 3571 3245 volun-

1985 3287 2095 3336 tate
2125 3279 2223 3335 Dei
2254 3281 2392 3342 nati,
2426 3289 2483 3334 et
2509 3280 2607 3335 ﬁlii
2643 3281 2808 3346 lucis,
2841 3288 2898 3336 et
2935 3280 3032 3335 ﬁlii
3065 3281 3202 3347 diei,
3239 3290 3296 3336 et
3327 3280 3420 3334 ﬁlii
3455 3281 3571 3335 for-

1986 3372 2260 3436 titudinis,
2315 3382 2371 3428 et
2419 3371 2514 3427 ﬁlii
2575 3372 2816 3437 Excelsi,
2865 3373 3130 3428 dicuntur
3180 3374 3236 3428 in
3283 3371 3570 3443 Scriptura

1983 3478 2160 3529 sacra,
2189 3463 2490 3520 secundum
2518 3463 2844 3518 diﬁ'erentes
2875 3463 3055 3540 quoad
3089 3464 3369 3534 propriam
3405 3463 3572 3518 ratio-

1983 3571 2110 3610 nem
2155 3557 2562 3628 generationes,
2591 3563 2648 3611 et
2687 3554 2994 3610 secundum
3031 3555 3304 3626 cujusque
3334 3571 3568 3626 genera—

1985 3647 2155 3702 tionis
2180 3646 2426 3702 modum.
2457 3648 2525 3703 Et
2556 3646 2773 3702 nullum
2805 3661 2874 3702 ex
2911 3646 3002 3702 his
3045 3647 3329 3718 generatis
3359 3647 3570 3702 diceret

1982 3739 2107 3808 quis
2137 3753 2258 3796 esse
2285 3754 2353 3795 ex
2385 3739 2718 3796 necessitate
2741 3737 3264 3820 consubstantialem
3301 3739 3566 3810 gignenti.

1983 3830 2101 3887 Non
2127 3831 2275 3886 enim
2309 3839 2439 3886 sunt
2468 3831 2550 3886 ira
2573 3831 2668 3886 ﬁlii
2697 3832 2814 3896 im,
2839 3846 3020 3903 neque
3049 3831 3313 3887 seculunt
3344 3831 3440 3886 ﬁlii
3465 3847 3565 3889 sa!-

1983 3921 2116 3986 culi,
2165 3936 2346 3992 neque
2376 3919 2453 3974 dii
2493 3920 2674 3990 quoad
2706 3920 3072 3977 substantiam
3107 3919 3206 3975 ﬁlii
3236 3919 3330 3976 Dei
3352 3907 3566 3983 omnes,

1983 4028 2162 4084 neque
2188 4013 2692 4070 consubstantiales
2733 4013 2963 4068 Excelso
2988 4012 3084 4068 ﬁlii
3117 4013 3350 4068 Excelsi.
3399 4013 3572 4085 Igitur

1982 4104 2220 4176 primum
2243 4105 2490 4175 quidem,
2511 4119 2622 4160 non
2647 4119 2714 4160 ex
2745 4119 2812 4160 eo
2843 4103 2990 4176 quod
3019 4104 3228 4176 aliquid
3259 4115 3347 4160 est
3373 4119 3443 4176 ex.
3466 4104 3569 4160 aii-

1981 4213 2112 4270 quo,
2133 4198 2259 4254 ideo
2280 4197 2414 4252 illud
2434 4206 2492 4252 et
2509 4197 2688 4252 simile
2717 4197 2946 4253 omnino
2961 4213 3082 4253 esse
3101 4197 3154 4252 in
3173 4205 3282 4252 tota
3306 4196 3533 4254 substan
3548 4229 3566 4237 -

1985 4287 2072 4342 tiae
2087 4303 2200 4344 sua:
2219 4286 2431 4342 ratione
2452 4301 2678 4344 necesse
2697 4301 2803 4344 est.
2817 4289 3020 4343 lterum
3036 4304 3168 4360 ergo
3183 4288 3432 4345 dicemus
3451 4297 3567 4344 tum

261 4372 266 4377 ’
299 4377 414 4452 εἶχε
442 4381 510 4436 τὸ
533 4379 758 4450 εὔλογον
799 4382 838 4452 ή
885 4379 1116 4453 ἀπορία,
1145 4383 1192 4434 εί
1212 4385 1355 4437 κχτά
1381 4381 1442 4438 τὸ
1469 4382 1604 4437 αὐτὸ
1635 4383 1730 4437 καὶ
1761 4384 1870 4438 ὡσυ

1986 4377 2137 4434 vobis
2151 4387 2384 4434 vestram
2401 4376 2778 4435 diﬁicultatem
2803 4381 3004 4436 habere
3021 4380 3230 4451 aliquid
3244 4381 3566 4441 verisimile.

296 4472 478 4538 αὕτως
509 4473 602 4528 τὸν
626 4473 794 4530 αὐτὸν
833 4473 895 4540 ἑξ
920 4473 1184 4545 ἑκατέρου
1235 4472 1668 4546 προεληλυθέναι
1723 4477 1877 4550 εἰρή-

297 4582 473 4638 καμεν
501 4566 759 4637 Χριστόν.
817 4565 882 4620 Ει
914 4564 1023 4636 γὰρ
1053 4565 1177 4619 ἐπεὶ
1209 4567 1357 4626 κατά
1387 4565 1487 4638 τὴν
1526 4567 1758 4640 θεότητα
1811 4570 1878 4622 ἐκ

297 4659 511 4730 Πατρός
539 4658 890 4730 γεγέννηται,
913 4661 1008 4714 καὶ
1035 4659 1178 4715 κατά
1227 4661 1327 4732 τὴν
1355 4659 1588 4732 θεότητα
1635 4663 1701 4715 ὲκ
1751 4661 1874 4732 Μη-

220 4752 226 4760 ’
293 4747 420 4822 τρδς
447 4749 479 4801 ό
511 4748 675 4814 αὐτὸς
697 4747 1044 4819 γεγέννηται,
1072 4750 1276 4820 ἑτέρως
1333 4748 1538 4821 μέντοι,
1581 4749 1754 4822 ήγουν
1791 4751 1875 4805 ὅτι

295 4843 666 4916 σεσάρκωται,
699 4841 791 4896 τὸν
811 4841 976 4897 αὑτὸν
1011 4841 1294 4896 ἀπαιτεῖτε
1320 4841 1478 4910 λόγον
1511 4839 1649 4912 πρὸς
1680 4828 1875 4900 ἑκάτε-

301 4951 394 5006 ρον
439 4933 552 4988 τῶν
593 4932 938 5004 γεννητόρων
985 4932 1132 5004 ἔχειν
1159 4932 1322 4986 αὐτὸν
1348 4931 1472 4987 κατ’
1508 4931 1722 4999 οὐσίαν,
1753 4933 1875 4988 δέον

295 5027 440 5097 ὑμᾶς
491 5025 675 5094 λέγειν
705 5025 802 5080 καὶ
833 5023 1208 5096 Πέτρον.ὲπεὶ
1239 5023 1381 5079 κατά
1423 5023 1522 5097 τήν
1549 5024 1740 5079 οὐσίαν
1767 5025 1877 5080 ὑπὸ

305 5119 464 5173 Ἰωνᾶ
514 5116 861 5186 γεγέννηται,
897 5116 996 5168 καὶ
1042 5116 1184 5168 κατὰ
1234 5117 1334 5184 τὴν
1388 5113 1576 5170 οὐσίαν
1605 5115 1684 5186 τῷ
1733 5116 1876 5190 ἀγίῳ

294 5209 574 5279 Πνεύματι
622 5205 1057 5279 ἐμφορούμενος,
1122 5205 1282 5260 τοῦτό
1327 5223 1386 5260 τε
1443 5207 1877 5278 ἐπενδυσάμενος

296 5299 673 5372 πνευματικὸς
697 5296 1048 5366 γεγέννηται,
1078 5297 1276 5361 σώζειν
1313 5297 1479 5350 αὑτὸν
1509 5299 1610 5370 τήν
1638 5315 1698 5351 τε
1738 5297 1878 5367 πρὸς

293 5391 384 5448 τὸν
433 5391 620 5444 Ἰωνᾶν
651 5387 875 5459 καὶμὴν
913 5387 1052 5458 πρὸς
1080 5389 1138 5442 τὸ
1175 5387 1330 5456 ἀγιον
1364 5388 1592 5458 Πνεῦμα
1633 5388 1774 5443 κατά
1815 5390 1878 5444 τὸ

292 5484 414 5540 ὅλον
443 5483 538 5538 καὶ
581 5481 682 5535 οὐκ
745 5481 810 5532 ἐκ
871 5478 1075 5550 μέρους
1132 5481 1257 5533 κατ’
1297 5479 1486 5534 οὐσίαν
1541 5480 1835 5552 ὁμοιότητα
1861 5496 1873 5510 ·

301 5572 395 5629 καὶ
425 5573 474 5626 εί
526 5568 704 5636 τοῦτο,
736 5569 954 5631 πάντως
1014 5569 1110 5622 καὶ
1153 5567 1336 5632 Ἰωνᾶς
1365 5570 1394 5620 ό
1427 5569 1618 5624 τούτου
1671 5568 1874 5640 πατὴρ,

299 5663 408 5736 ἔξει
445 5662 542 5736 τήν
567 5661 700 5735 πρὸς
735 5659 794 5711 τὸ
823 5657 978 5729 ἆγιον
1007 5659 1242 5732 Πνεῦμα
1265 5659 1388 5714 κατ’
1413 5661 1603 5716 οὐσίαν
1624 5659 1876 5734 ὁμοιότη-

1981 4471 2024 4526 si
2049 4469 2153 4526 sub
2187 4468 2386 4526 eodem
2420 4478 2672 4541 respectu
2702 4477 2761 4525 et
2785 4470 3010 4526 omnino
3030 4469 3286 4528 eumdem
3313 4485 3383 4552 ex
3412 4477 3568 4526 utro-

1979 4579 2086 4635 que
2109 4563 2434 4635 provenisse
2461 4561 2748 4619 Cbristum
2782 4563 3111 4619 dixerimus.
3148 4562 3204 4620 Si
3238 4564 3411 4628 enim,
3435 4563 3564 4635 quia

1981 4655 2287 4712 secundum
2330 4654 2674 4710 divinitatem
2723 4671 2791 4710 ex
2820 4655 2980 4710 Patre
3009 4653 3230 4726 genitus
3260 4664 3345 4708 est
3380 4663 3438 4708 et
3475 4670 3566 4710 se-

1980 4745 2223 4802 cundum
2242 4744 2590 4802 divinitatem
2611 4761 2680 4802 ex
2703 4755 2874 4802 matre
2898 4745 3042 4802 idem
3071 4746 3294 4817 genitus
3321 4755 3429 4809 est,
3458 4745 3569 4801 alio

1981 4843 2162 4890 tamen
2215 4834 2401 4900 modo,
2435 4836 2649 4892 scilicet
2684 4837 3092 4898 incarnatione.
3143 4835 3397 4892 eamdem
3427 4851 3565 4892 con-

1981 4927 2208 4986 tenditis
2237 4943 2364 4986 eum
2389 4929 2596 4986 habere
2625 4929 2894 4988 rationem
2921 4929 3145 4985 relative
3169 4930 3238 4986 ad
3269 4939 3568 5005 utrumque

1979 5021 2320 5092 gignentium
2374 5023 2556 5094 quoad
2601 5023 2988 5086 substantiam,
3049 5022 3350 5078 dicendum
3406 5025 3567 5079 vehi..-

1978 5111 2089 5168 erit
2137 5114 2384 5179 Petrum,
2432 5114 2564 5185 quia
2605 5115 2786 5186 quoad
2835 5113 3200 5171 substantiam
3231 5129 3261 5168 a
3295 5112 3436 5169 Jona
3469 5127 3565 5185 ge-

1979 5207 2131 5262 nitus
2182 5218 2306 5274 est,
2357 5216 2416 5264 et
2465 5207 2648 5278 quoad
2693 5207 3058 5264 substantiam
3106 5204 3319 5277 Spiritu
3373 5215 3566 5260 sancto

1979 5297 2198 5354 amatus
2251 5307 2308 5353 et
2379 5299 2782 5368 superindutus
2835 5298 3102 5371 spiritalis
3161 5299 3383 5369 genitus
3452 5305 3561 5359 est.

1978 5403 2200 5443 scrvare
2235 5397 2290 5443 et
2335 5388 2402 5442 ad
2431 5387 2628 5444 Jonam
2659 5399 2718 5446 et
2749 5389 2817 5445 ad
2860 5389 3126 5461 Spiritum
3163 5396 3440 5450 sanctum,
3476 5402 3570 5441 se-

1979 5479 2223 5534 cundum
2293 5488 2507 5546 totum,
2568 5490 2624 5537 et
2671 5498 2782 5538 non
2831 5498 2898 5538 ex
2958 5489 3144 5551 parte,
3193 5477 3377 5546 quoad
3429 5479 3566 5533 sub-

1979 5571 2240 5626 stantiam
2293 5569 2738 5629 similitudinem.
2787 5574 2854 5630 Et
2897 5573 2942 5627 si
2987 5576 3060 5624 ita
3109 5577 3214 5632 est,
3243 5567 3477 5622 omnino
3511 5578 3568 5624 et

1979 5662 2168 5730 Jonas,
2218 5663 2389 5740 ipsius
2421 5673 2596 5737 pater,
2631 5666 2860 5724 habebit
2899 5663 2967 5720 ad
2997 5659 3264 5734 Spiritum
3309 5668 3570 5741 sanctupt
