3858 6156
353 223 489 289 i679
1626 222 1897 284 LEONTI
1914 222 1933 280 I

2046 221 2380 281 ίΖᾹΝΤΙΧΙ
3564 219 3721 285 1633

334 332 770 393 similitudinem
795 331 975 403 quoad
999 332 1364 387 substantiam
1395 350 1408 385 :
1440 347 1561 402 quae
1585 334 1732 388 enim
1757 331 1938 387 eidem

2046 347 2108 382 τα
2133 348 2146 362 ·
2185 334 2253 383 τὰ
2288 335 2394 402 γὰρ
2430 332 2505 403 τῷ
2552 334 2699 405 αὖτῷ
2731 336 2913 405 ὅμοια,
2955 339 3049 391 καὶ
3098 333 3425 408 ἀλλήλοις,
3459 335 3549 397 ὡς
3620 335 3717 387 δέ·

322 435 479 482 -ειιηι
507 425 734 490 similia,
764 440 828 479 ea
857 438 1076 494 quoque
1122 423 1266 478 inter
1306 439 1365 478 se
1410 424 1630 487 similia,
1677 433 1739 478 ut
1767 423 1924 478 vobis

2046 419 2215 472 ίοκται
2241 439 2253 453 ’
2287 423 2334 474 εί
2363 419 2455 475 οὖν
2481 424 2598 476 τόδε
2619 424 2705 479 διὰ
2736 426 2859 479 τάδε
2879 428 2941 480 οὺ
2968 427 3333 493 κεκώλυται,
3368 424 3511 481 ἀλλ’
3548 425 3721 477 ἔστιν

328 518 548 586 .placet.
597 514 655 571 Si
705 515 873 586 igitur
900 515 1003 568 hoc
1033 530 1132 585 per
1166 515 1283 569 hazc
1313 530 1422 570 non
1467 513 1787 585 impeditur,
1827 512 1922 567 sed

2046 514 2095 563 ix
2128 512 2328 581 μέρους
2357 514 2454 585 τῆς
2484 514 2833 581 ὑποστάσεως
2857 518 3022 572 αυτοῦ
3049 520 3226 572 ἕκατέ
3237 535 3329 588 ρῳ
3353 516 3716 586 ὑείοούσικ.

348 614 434 661 es‘t
463 619 527 661 ex
559 615 713 677 parte
748 621 861 659 sua:
894 620 1141 675 persona:
1166 606 1388 676 utrique
1417 604 1923 667 consubstantialis,

2046 604 2151 667 πῶς
2180 605 2299 674 οὐχὶ
2331 607 2425 658 καὶ
2455 606 2687 676 Χριστὸν
2712 607 2885 671 οῦτως
2911 611 3053 662 νοεῖν
3106 607 3547 681 αἱρησόμεθας

292 748 302 759 ,
350 697 630 766 quomodo
648 711 755 750 non
776 704 831 751 et
850 694 1127 751 Christum
1147 697 1226 751 sic
1251 697 1558 768 intelligere
1574 683 1944 751 duceremn's?

259 787 293 847 /
982 785 1136 842 CAP.
1175 786 1290 841 XV.

421 877 699 948 Quidquid
735 879 953 947 proprie
981 888 1037 932 et
1067 879 1368 934 secundum
1404 879 1695 934 veritatem
1730 880 1924 951 gignit,

346 985 516 1025 causa
572 978 657 1025 est
705 970 896 1040 geniti.
951 970 1099 1025 Nihil
1148 981 1333 1026 autem
1388 986 1551 1026 causa
1595 981 1683 1026 est
1730 971 1924 1042 geniti,

2622 782 2874 837 ΚΕΦΑΛ.
2923 783 3020 838 IE'.

2107 873 2223 926 Πᾶν
2277 872 2338 925 τὸ
2401 874 2605 943 κυρίως
2685 873 2780 927 καὶ
2846 873 2988 928 κατὰ
3063 873 3360 942 ἀλήθειαν
3446 871 3659 924 τίκτον
3696 913 3713 934 ,

2038 962 2211 1015 αἴτιον
2303 961 2398 1014 τοῦ
2488 963 2851 1032 τικτομένου·
2915 963 3071 1017 οὐδὲν
3147 965 3212 1017 δὲ
3302 962 3519 1016 αἴτιον
3605 962 3711 1014 τοῦ

328 1060 498 1129 σιιυοά
532 1060 603 1115 sit
641 1062 827 1131 genito
871 1062 1168 1131 posterius.
1220 1062 1365 1117 Nihil
1408 1063 1575 1134 igitur
1621 1064 1769 1133 quod
1819 1079 1928 1119 non

2046 1052 2398 1121 τικτομένου,
2485 1050 2752 1123 νεώτερον
2838 1050 2933 1103 τοῦ
3020 1052 3375 1122 τικτομέου
3416 1062 3436 1078 ⁸
3533 1049 3709 1102 ῦῦδὲτ

330 1156 438 1202 «εει
464 1149 651 1220 genito
694 1150 990 1218 posterius,
1040 1160 1124 1205 est
1169 1166 1310 1224 Opus
1361 1153 1553 1223 geniti.
1599 1152 1747 1207 Nihil
1800 1168 1931 1224 ergo

2046 1139 2130 1197 οὖν
2186 1143 2247 1196 οὐ
2295 1143 2559 1213 νεώτερον
2617 1142 2713 1195 τοῦ
2790 1143 3152 1214 τικτομένου,
3254 1141 3707 1213 δημιούργημα

355 1242 504 1311 quod
541 1240 765 1311 proprie
801 1251 859 1297 et
887 1243 1190 1297 secundum
1239 1245 1530 1300 veritatem
1570 1245 1764 1316 gignit,
1792 1261 1931 1316 Opus

2046 1231 2131 1285 τοῦ
2200 1233 2521 1302 τικτομένου
2554 1247 2570 1263 ⁸
2631 1233 2785 1286 οὐδὲν
2866 1234 2975 1304 ἄρα
3055 1235 3276 1304 κυρίως
3353 1234 3465 1287 καὶ
3546 1250 3703 1287 κατα

2036 1324 2295 1395 ἀλήθειαν
2365 1323 2593 1387 τίκτον,
2664 1324 3060 1396 δημιούργημα
3127 1326 3230 1379 τοῦ
3296 1324 3697 1394 τικτομένου.

352 1421 527 1491 hujus
550 1422 971 1491 epicberematis
997 1426 1383 1495 propositioni,
1420 1426 1635 1482 scilicet
1667 1428 1814 1497 quod
1844 1443 1932 1482 se-

2051 1415 2211 1469 Ἀλλὰ
2250 1416 2369 1470 δέον
2398 1416 2543 1486 ὑμᾶς
2581 1411 2648 1489 ἦν
2677 1417 3086 1489 προσθεῖναιτῇ
3126 1420 3342 1491 πρώτῃ
3383 1417 3497 1470 τοῦ
3540 1436 3699 1487 παρα

358 1513 600 1567 cundum
632 1512 777 1583 quod
807 1513 932 1583 quis
957 1515 1160 1570 dicitur
1188 1517 1477 1587 genuisse,
1523 1519 1597 1573 ita
1634 1529 1691 1574 et
1720 1518 1929 1591 genuit.

2046 1505 2194 1569 όντος
2226 1507 2660 1578 ἐπιχειρήματος
2705 1509 2991 1578 προτάσει,
3029 1510 3113 1562 ὅτι
3143 1510 3272 1562 κιτ⁹
3295 1510 3510 1562 ἐκεῖνο
3537 1509 3572 1562 ὃ
3602 1511 3700 1561 ὶέ-

357 1604 437 1659 Ita
468 1604 615 1658 enim
642 1605 874 1676 gignens
896 1613 983 1661 est
1010 1621 1175 1662 causa
1203 1609 1407 1679 geniti;
1441 1610 1570 1680 quia
1597 1612 1674 1665 sic
1708 1621 1765 1667 et
1790 1611 1935 1667 Pau-

2046 1613 2198 1666 γεται
2233 1602 2438 1662 τεκεῖν,
2468 1599 2565 1652 καὶ
2589 1597 2667 1662 ὡς
2696 1601 2917 1654 τέτοκεν
2944 1617 2958 1631 ο
2983 1600 3158 1665 οὕτως
3185 1601 3304 1673 γὰρ
3348 1602 3464 1655 καὶ
3500 1602 3699 1655 αἴτιόν

363 1695 477 1759 lus,
523 1695 619 1764 qui
667 1711 767 1765 per
800 1696 1156 1768 Evangelium
1201 1701 1413 1770 genuit,
1443 1717 1573 1756 vere
1600 1701 1827 1771 quidem
1859 1711 1938 1759 est

2046 1691 2163 1742 ἐστι
2192 1689 2287 1742 τοῦ
2334 1690 2656 1762 τικτομένου
2683 1691 2742 1745 τὸ
2785 1692 2991 1757 τίκτον,
3024 1694 3147 1745 ἐπεὶ
3170 1692 3330 1746 οὕτω
3363 1694 3477 1747 καὶ
3518 1695 3553 1745 ὁ
3600 1696 3697 1745 διὰ

2045 1781 2141 1834 τοῦ
2170 1782 2510 1851 Εὑαγγελίου
2530 1782 2796 1854 γεννήσας
2824 1783 3057 1847 Παῦλος,
3082 1784 3308 1856 ἀληθῶς
3372 1786 3496 1857 μέν
3563 1789 3691 1839 ἐστι

2045 1874 2240 1936 τοκεῦς
2286 1875 2381 1927 καὶ
2430 1876 2607 1938 αίτιος
2662 1875 3059 1946 προσεχῶς,οθ
3110 1877 3209 1947 τῆς
3258 1877 3581 1947 σαρκικῆς
3630 1878 3693 1932 ἃ

2048 1964 2333 2036 ὑπάρξεως
2389 1966 2501 2020 τῶν
2535 1968 2905 2037 γεννηθῶηων
2930 2007 2945 2034 ,
2981 1968 3115 2022 ἀλλὰ
3157 1969 3257 2039 τῆς
3294 1971 3463 2022 κατὰ
3520 1971 3689 2023 διξα-

2048 2057 2273 2110 σκαλίαν
2308 2058 2542 2121 πίστεως
2573 2060 2754 2114 αὐτῶν
2779 2077 2796 2093 ο
2829 2060 3014 2115 πολλοὶ
3039 2061 3154 2131 γὰρ
3194 2061 3312 2115 τῶν
3344 2060 3456 2113 ὑπ’
3492 2064 3637 2115 αὖτ’
3658 2064 3685 2114 ὖ

2044 2148 2187 2200 κατὰ
2219 2148 2425 2219 ταύτην
2457 2151 2556 2221 τὴν
2590 2151 2849 2220 γέννησιν
2890 2152 3041 2223 αὐτῷ
3068 2153 3485 2224 γεγεννημέναι
3522 2156 3683 2215 υίοὶ,

2043 2243 2139 2295 καὶ
2182 2241 2533 2314 παλαιότεροι
2578 2242 2718 2296 κατὰ
2769 2244 2861 2297 τὸν
2894 2245 2992 2312 τῆς
3020 2244 3224 2314 σαρκὸς
3264 2247 3487 2315 χρόνον
3518 2242 3681 2317 ἦσαν

2042 2334 2232 2389 τούτου
2261 2352 2275 2364 ·
2318 2338 2410 2388 καὶ
2449 2337 2713 2409 νεώτερος
2758 2336 2968 2390 τούτων
3008 2331 3163 2399 οὗτος
3206 2336 3473 2404 ἐγεγόνει
3506 2339 3674 2392 κατὰ

2040 2429 2251 2497 χρόνον,
2287 2430 2317 2481 ὁ
2353 2427 2524 2492 αἴτιος
2557 2428 2734 2483 αὐτῶν
2760 2429 3047 2499 προσεχῶς
3076 2429 3220 2483 κατὰ
3243 2426 3353 2502 τὴν
3402 2431 3619 2483 πίστιν
3656 2450 3670 2459 ·

2042 2519 2159 2583 πῶς
2193 2515 2287 2574 οὖν
2315 2520 2376 2573 τὸ
2408 2519 2483 2592 μὴ
2506 2522 2626 2576 κατ’
2655 2522 2789 2577 αὐτὸ
2816 2523 2877 2575 τὸ
2905 2517 3045 2576 εἶναι
3078 2521 3288 2586 ἁπλῶς.
3318 2524 3473 2576 ἀλλὰ
3507 2527 3667 2577 κατᾶ

357 2609 525 2667 Verbi
561 2610 617 2664 in
649 2618 915 2681 quantum
944 2612 1211 2668 incarnati
1234 2656 1248 2680 ,
1280 2628 1390 2669 non
1425 2614 1705 2670 diceretur
1739 2630 1932 2670 recen-

2046 2610 2102 2664 τὸ
2133 2612 2357 2665 τοιῶσδε
2384 2607 2523 2668 εἶναι
2564 2613 2727 2683 τυχὸν
2765 2614 2947 2684 μόνον,
2960 2614 3127 2685 ἤγουν
3158 2613 3221 2668 τὸ
3273 2619 3667 2685 σεσαρκωμέο

356 2702 516 2757 tioris
540 2701 943 2772 dispositionis,
980 2702 1034 2758 id
1075 2713 1161 2759 est
1198 2704 1320 2760 talis
1349 2706 1637 2776 cujusdam
1665 2707 1935 2761 exsisten-

2046 2720 2132 2755 νον
2200 2698 2340 2756 εἶναι
2398 2703 2490 2757 τὸν
2546 2705 2762 2773 Λόγον,
2825 2703 2887 2758 οὐ
2958 2707 3126 2776 μόνης
3195 2704 3293 2775 τῆς
3370 2710 3669 2779 νεωτέρας

357 2796 467 2861 tim,
500 2809 721 2849 causam
753 2808 874 2850 esse
905 2810 1137 2867 eamque
1167 2799 1397 2869 proinde
1423 2797 1814 2868 antiquiorem,
1838 2797 1933 2852 sed

2046 2794 2427 2857 καταστάσεως
2464 2835 2480 2858 ,
2539 2795 2707 2864 ἤγουν
2775 2795 2869 2849 τοῦ
2938 2796 3165 2850 τοιῶσδε
3224 2791 3399 2851 αὗτοῦ
3464 2796 3619 2851 εἶναι
3645 2837 3665 2859 ,

356 2895 415 2943 et
468 2885 873 2957 qualiscunque
921 2888 1149 2945 alterius
1196 2891 1531 2946 exsistentiae
1575 2891 1697 2961 ejus
1738 2889 1832 2959 qui
1866 2904 1934 2943 ex

2046 2885 2247 2953 λέγοιτο
2266 2886 2436 2940 αῐτιόν
2463 2904 2524 2940 τε
2562 2888 2662 2941 καὶ
2696 2889 3059 2961 παλαιότερον
3081 2884 3246 2954 εἶναι,
3265 2888 3406 2943 ἀλλὰ
3438 2891 3539 2943 καὶ
3562 2891 3664 2958 τῆς

357 2978 635 3033 communi
683 2979 957 3035 sententia
989 2981 1206 3051 genitus
1248 2992 1369 3039 erat
1400 2984 1504 3038 alia
1543 2983 1934 3055 generatione?

2046 2976 2254 3029 οἱασοῦν
2292 2976 2580 3048 ὑπάρξεως
2608 2976 2771 3032 αὐτοῦ
2807 2980 3001 3051 ἑτέρας
3049 2981 3155 3051 ήδη
3194 2980 3663 3052 ὁμολογουμένως

336 1338 442 1386 -est
468 1331 661 1401 geniti.
693 1330 801 1387 Sed
829 1348 859 1386 a
890 1334 1048 1389 vobis
1079 1334 1214 1391 illud
1241 1335 1555 1391 addendum
1591 1347 1710 1393 erat
1742 1339 1933 1408 primae

354 1786 567 1857 genitor
596 1797 652 1843 et
680 1803 845 1843 causa
870 1791 1143 1858 proxima,
1168 1806 1277 1847 non
1322 1806 1458 1849 vero
1483 1795 1719 1851 carnalis
1753 1811 1945 1851 essen-

358 1876 445 1932 tine
473 1892 666 1932 eorum
694 1879 788 1948 qui
814 1881 985 1949 geniti
1031 1892 1183 1947 sunt,
1220 1882 1318 1937 sed
1355 1900 1548 1939 eorum
1597 1901 1697 1955 per
1740 1885 1942 1956 prtedi-

356 1967 631 2022 cntionem
674 1969 825 2023 tidei.
867 1970 1023 2025 Multi
1068 1972 1217 2027 enim
1260 1988 1452 2029 eorum
1493 1976 1587 2046 qui
1640 1977 1942 2032 secundum

355 2059 500 2116 hanc
544 2061 958 2131 generationem
987 2063 1101 2118 nati
1130 2072 1259 2119 sunt
1285 2066 1338 2119 ei
1369 2065 1487 2131 lilii,
1535 2075 1667 2121 natu
1708 2068 1943 2139 majores

343 2154 479 2223 ipso
512 2161 672 2208 erant
729 2153 911 2222 quoad
959 2162 1176 2226 tempus
1219 2156 1438 2220 carnis;
1490 2166 1547 2213 et
1600 2159 1792 2229 junior
1833 2159 1942 2215 illis

356 2244 476 2316 ipse
508 2245 813 2301 secundum
849 2254 1067 2318 tempus
1091 2249 1309 2318 genitus
1342 2258 1479 2316 erat,
1510 2250 1605 2320 qui
1636 2249 1739 2305 fuit
1775 2267 1938 2307 causa

353 2352 549 2393 eorum
595 2339 845 2409 proxima
889 2340 1193 2395 secundum
1245 2339 1432 2396 tidem.
1473 2341 1762 2409 Quomodo
1809 2358 1941 2415 ergo

340 2430 504 2500 quod
536 2430 709 2500 gignit
732 2445 843 2485 non
880 2430 1054 2501 ipsam
1084 2432 1463 2487 exsistentiam
1491 2432 1818 2502 simpliciter
1841 2434 1936 2488 sed

358 2519 709 2575 solummodo
728 2521 890 2576 talem
907 2522 1307 2591 exsistentiam,
1335 2523 1711 2579 exsistentiam
1730 2521 1939 2579 scilicet

344 3070 644 3139 Quomodo
667 3079 724 3126 et
758 3070 1112 3139 Nicodemus,
1146 3073 1455 3146 discipulus
1496 3075 1587 3131 ille
1634 3084 1940 3130 nocturnus

356 3180 466 3219 non
497 3163 812 3219 necessario
841 3165 1178 3221 concedetur
1202 3167 1591 3237 praeexstitissc
1615 3166 1846 3221 Domino
1872 3180 1953 3220 se-

342 3256 606 3312 cundum
635 3256 932 3327 quamdam
976 3258 1270 3321 rationem,
1289 3274 1412 3314 cum
1440 3258 1595 3313 illum
1619 3260 1729 3329 jam
1761 3272 1949 3313 senem

362 3348 624 3404 hortetur
668 3348 936 3405 Dominus
965 3351 1036 3405 ad
1085 3349 1488 3406 renascendum
1535 3366 1635 3420 per
1668 3365 1866 3419 aquam
1891 3358 1950 3403 et

340 3439 668 3510 Spiritum?
712 3439 826 3498 Hoc
881 3441 1043 3498 nobis
1083 3440 1249 3497 dicite
1292 3450 1510 3496 servata
1552 3441 1722 3495 illaesa
1767 3448 1950 3495 vestra

354 3532 630 3587 doctrina.

984 3622 1140 3679 CAP.
1176 3622 1317 3679 XVI.

421 3713 600 3770 Omne
645 3713 870 3784 proprie
900 3720 957 3769 et
984 3714 1294 3769 secundum
1340 3713 1632 3771 veritatem
1677 3715 1946 3787 genitum,

351 3821 515 3863 suum
558 3820 683 3861 esse
729 3805 898 3862 habet
943 3822 974 3861 a
1018 3806 1298 3878 gignente.
1346 3805 1495 3861 Nihil
1525 3798 1709 3863 autem
1736 3806 1950 3862 habens

350 3914 517 3956 suum
563 3912 688 3954 esse
733 3912 765 3953 a
809 3897 1097 3970 gignente,
1145 3898 1361 3954 exsistit
1402 3900 1556 3970 prius
1605 3916 1706 3956 suo
1758 3911 1945 3971 partu,

349 3989 499 4046 Nihil
524 4002 659 4060 ergo
683 3990 908 4060 proprie
939 3998 995 4045 et
1020 3990 1328 4046 secundum
1360 3991 1652 4048 veritatem
1675 3993 1944 4063 genitum,

350 4080 575 4137 exsistit
609 4081 765 4152 prius
791 4095 893 4137 suo
923 4092 1108 4152 partu.
1133 4115 1199 4126 —
1223 4083 1306 4139 An
1335 4083 1504 4155 igitur
1540 4082 1943 4147 tantummodo,

344 4175 499 4245 juxta
551 4189 680 4242 vos,
732 4174 779 4229 si
817 4174 1028 4246 aliquid
1082 4174 1287 4232 dicitur
1344 4176 1552 4233 habere
1600 4192 1763 4231 suum
1823 4190 1946 4231 esse

324 4263 678 4334 tsimpliciter
708 4266 779 4321 ab
807 4267 1016 4338 aliquo,
1048 4266 1185 4324 illud
1216 4277 1363 4325 esset
1398 4269 1626 4342 proprie
1656 4279 1713 4324 et
1743 4282 1944 4324 secun-

2054 3069 2561 3138 προγεγεννημένου
2627 3069 2720 3123 καὶ
2786 3071 2949 3143 ἑτέρᾳ.
3016 3074 3327 3143 γεννήσεις
3396 3073 3532 3137 Πῶς
3600 3075 3659 3129 δὲ

2052 3157 2149 3211 καὶ
2216 3157 2529 3230 Νικόδημος
2592 3160 2667 3232 μὴ
2720 3164 3200 3235 προῦςοεστηκὲναι
3266 3163 3365 3218 τοῦ
3439 3167 3658 3237 Κυρίου

2055 3247 2178 3301 καθ’
2205 3250 2489 3304 ὁντιναοῦν
2516 3253 2674 3321 λόγον
2702 3255 2729 3307 ὁ
2762 3254 3079 3322 νυκτερινὸς
3114 3254 3366 3326 μαθητὴς
3395 3254 3460 3320 ἐξ
3491 3257 3656 3324 ἀνάγ-

2053 3357 2157 3411 κης
2188 3341 2499 3412 δοθήσεται,
2531 3343 2653 3397 ἐπεὶ
2682 3345 3012 3415 γεννηθῆναι
3056 3347 3224 3399 αὐτὸν
3270 3347 3654 3418 προετρέπετο

2052 3433 2287 3501 γέροντα
2321 3433 2422 3505 ἠδη
2455 3435 2585 3488 ὄντα
2617 3435 2683 3489 δι’
2712 3434 2906 3501 ὓδατος
2945 3439 3040 3491 καὶ
3076 3437 3397 3509 Πνεῦματος
3426 3456 3444 3506 ;
3481 3443 3647 3493 εἶπα-

2051 3540 2111 3576 τε
2146 3524 2278 3594 ἡμῖν
2306 3523 2528 3595 ἄτρωτα
2553 3526 2912 3595 φυλάττοντες
2941 3529 3012 3584 τὰ
3050 3529 3320 3602 ὑμέτερα.

2633 3619 2884 3674 nassa.
2920 3621 3041 3689 ις’.

2121 3710 2240 3764 Πᾶν
2271 3710 2334 3764 τὸ
2359 3711 2565 3781 κυρίως
2594 3712 2689 3765 καὶ
2728 3714 2871 3767 κατὰ
2909 3711 3177 3783 ἀλήθειαν
3215 3715 3558 3787 τικτόμενον,
3587 3719 3644 3769 τὸ

2051 3795 2191 3854 εἶναι
2220 3801 2332 3871 ἔχει
2363 3803 2428 3855 εκ
2458 3800 2552 3856 τοῦ
2584 3803 2860 3867 τίκτοντος
2887 3820 2901 3835 ·
2935 3804 3094 3859 οὐδὲν
3129 3807 3192 3860 τὺ
3238 3803 3380 3861 εἶναι
3423 3808 3548 3879 ἔχον
3581 3810 3643 3860 ὲκ

2051 3891 2146 3945 τοῦ
2178 3892 2487 3962 τίκτοντος,
2517 3894 2622 3966 πρὸ
2668 3895 2765 3949 τοῦ
2798 3895 3004 3950 οἰκείου
3067 3899 3234 3953 τόκου
3268 3900 3419 3953 ἐστίν
3440 3916 3456 3931 ·
3490 3901 3638 3953 οὐδὲν

2055 3983 2167 4053 ἄρα
2209 3983 2419 4055 κυρίως
2444 3987 2539 4041 καὶ
2570 3988 2713 4041 κατὰ
2743 3987 3008 4058 ἀλήθειαν
3037 3993 3383 4062 τικτόμενον,
3417 3992 3525 4063 πρδ
3546 3992 3635 4045 τοῦ

2049 4076 2258 4130 οίκείου
2288 4079 2452 4132 τόκου
2478 4080 2652 4134 ἐστίν.
2678 4076 2825 4151 Ἆρα
2854 4078 2950 4135 οὖν
2978 4082 3104 4136 καθ’
3133 4084 3278 4154 ὑμᾶς
3312 4086 3366 4138 εί
3395 4102 3449 4137 τι
3481 4085 3541 4137 τὺ
3565 4079 3637 4136 εἷ-

2049 4184 2137 4221 ναι
2191 4168 2335 4239 ἔχειν
2382 4169 2567 4235 ἁπλῶς
2603 4171 2823 4241 λέγεται
2878 4172 2943 4227 ἔκ
2989 4190 3161 4239 τινος,
3219 4177 3381 4230 τοῦτο
3437 4177 3634 4244 κυρίως

2053 4259 2215 4330 μόνον
2267 4262 2362 4314 καὶ
2419 4263 2561 4317 κατὰ
2612 4263 2873 4335 ἀλήθειαν
2928 4264 2990 4333 ἐξ
3032 4265 3204 4320 αὐτοῦ
3236 4269 3632 4339 γεγεννημένον

325 4353 482 4409 -dnm
540 4357 833 4414 veritatem
876 4360 944 4415 ab
979 4359 1100 4431 ipso
1124 4359 1374 4430 genitum
1402 4361 1634 4433 ejusque
1660 4358 1938 4416 diceretur

2048 4349 2156 4421 εἴη,
2195 4351 2288 4405 καὶ
2316 4352 2431 4418 υίὸς
2457 4352 2708 4423 λέγοιτος
2743 4357 2806 4410 οὒ
2841 4357 2950 4428 μὴν
2989 4359 3086 4413 καὶ
3113 4361 3171 4413 εί
3197 4376 3250 4413 τι
3307 4360 3375 4414 τὸ
3419 4360 3629 4414 toni-.35;

325 4445 544 4507 salius?
584 4446 783 4503 Nonne
834 4451 1003 4506 etiam
1042 4459 1101 4505 et
1142 4452 1189 4507 si
1233 4451 1437 4507 habeat
1481 4467 1550 4509 ex
1599 4452 1789 4523 aliquo
1832 4451 1939 4507 tale

322 4549 472 4591 Iesse
494 4535 520 4589 ?
551 4533 619 4589 Et
662 4539 943 4607 quomodo
983 4539 1116 4596 Setb
1145 4550 1202 4596 et
1218 4539 1457 4612 ﬂiiiejus
1471 4541 1656 4597 divina
1674 4541 1939 4599 ﬂliatione

330 4627 627 4683 donantur
648 4638 706 4684 et
721 4626 819 4684 lilii
844 4629 942 4684 Dei
964 4632 1277 4687 vocantur?
1306 4631 1592 4699 Quomodo
1625 4631 1722 4687 ﬁlii
1751 4631 1938 4698 Israel,

328 4716 392 4772 vii
443 4718 538 4787 qui
584 4732 652 4773 ex
692 4717 899 4775 Judaeis
941 4730 1074 4776 sunt
1112 4721 1135 4776 ἲ
1186 4721 1477 4788 Quomodo
1525 4723 1623 4778 lilii
1670 4723 1790 4788 Dei,
1841 4722 1939 4778 ﬂlii

329 4805 633 4879 Evangelii
661 4809 759 4865 Dei
783 4811 807 4864 ?
830 4810 939 4868 Sed
966 4822 1022 4869 et
1052 4813 1090 4867 ii
1118 4816 1215 4886 qui
1246 4817 1422 4872 renati
1465 4826 1593 4873 sunt
1629 4833 1698 4873 ex
1728 4819 1937 4874 semine

286 4896 674 4987 “incorrupto
711 4915 814 4970 per
848 4902 1081 4958 verbum
1126 4905 1225 4961 Dei
1268 4907 1507 4963 viventis
1533 4917 1591 4963 et
1620 4907 1940 4963 manentis?

328 4987 637 5053 Quomodo
695 4991 795 5046 lilii
851 4993 1074 5064 Sponsi,
1127 4998 1410 5067 apostoli?
1459 4998 1750 5065 Quomodo
1791 4997 1939 5055 ﬁlius

337 5077 505 5135 ‘Pauli
530 5077 826 5137 Onesimus
858 5101 1021 5154 quem
1056 5088 1247 5158 genuit
1274 5090 1514 5146 vinculis
1547 5089 1707 5144 suis?
1731 5089 1935 5145 Natura

337 5181 533 5227 autem
587 5171 732 5227 ﬁlios
778 5176 872 5230 ine
912 5189 970 5233 et
1019 5179 1160 5235 ﬁlios
1203 5181 1531 5252 iniquitatis,
1561 5192 1638 5248 et,
1666 5199 1697 5239 e
1722 5195 1932 5251 contra,

340 5261 496 5319 Eﬂlios
534 5262 699 5329 lucis,
734 5265 878 5320 ﬁlios
913 5269 1058 5333 vitae,
1101 5280 1157 5325 et
1188 5272 1293 5327 alia
1332 5275 1531 5330 similia
1561 5274 1671 5330 dici
1697 5274 1749 5328 in
1783 5276 1936 5329 Scri-

342 5361 509 5427 ptura
542 5369 720 5422 sacra,
759 5371 881 5427 quae
927 5359 1069 5413 ratio
1112 5361 1431 5431 disposuit?
1476 5366 1765 5432 Quomodo
1804 5381 1934 5420 cve-

347 5442 593 5499 nientem
638 5444 772 5515 ipsis
819 5446 982 5501 talem
1034 5449 1252 5505 ruinam
1299 5465 1395 5508 aut
1441 5456 1929 5518 resurrectionem,

348 5547 527 5606 neque
560 5535 726 5592 simul
746 5552 873 5594 cum
904 5540 1245 5607 exsistentia,
1265 5559 1446 5615 neque
1470 5547 1538 5601 ab
1564 5561 1631 5599 eo
1657 5546 1750 5615 qui
1779 5546 1932 5601 dedit

354 5627 762 5697 lutstentiam,
814 5638 997 5688 tamen
1040 5634 1319 5705 propriam
1364 5638 1799 5707 generationem,
1839 5654 1926 5695 se-

2044 4435 2183 4493 εῐναι
2214 4440 2275 4494 ἐκ
2307 4457 2451 4508 τινος
2488 4442 2601 4514 ἔχει
2630 4460 2645 4511 ;
2692 4446 2789 4499 atat
2817 4446 2934 4511 πῶς
2953 4447 3065 4519 Σὴθ
3101 4449 3201 4502 καὶ
3225 4453 3275 4504 οἱ
3324 4451 3425 4505 ἀπ’
3452 4450 3625 4511 αὑτοῦ,

2044 4530 2194 4596 θείας
2235 4533 2484 4607 υίότητος
2514 4535 2798 4601 ἀξιοῦνται
2867 4542 2963 4592 καὶ
3021 4540 3133 4594 υἱοὶ
3157 4541 3296 4596 Θεοῦ
3342 4542 3626 4612 λέγον-ταις

2044 4623 2161 4688 πῶς
2189 4624 2245 4679 δὶ
2278 4626 2385 4680 uio).
2425 4626 2641 4701 Ἰσραὴλ
2664 4630 2714 4683 οἱ
2744 4630 2805 4698 ἐξ
2851 4631 3173 4699 ἰουδαίωνς
3209 4635 3331 4700 πῶς
3383 4636 3443 4690 δὲ
3474 4637 3626 4689 τέκνα

2040 4714 2178 4769 Θεοῦ
2208 4717 2279 4771 τὰ
2311 4718 2476 4773 τέκνα
2518 4721 2618 4790 τῆς
2647 4721 2983 4791 ἐπαγγελίας
3019 4724 3115 4779 τοῦ
3142 4724 3284 4781 Θεοῦ
3308 4743 3324 4793 ;
3379 4728 3518 4782 ἀλλὰ
3547 4734 3624 4781 καὶ

2040 4810 2088 4861 οἱ
2112 4810 2607 4883 ἀναγεγεννημένοι
2634 4816 2698 4867 ὲκ
2746 4817 2955 4887 σπορᾶς
3008 4817 3295 4890 ἀφθάρτου
3339 4821 3435 4877 διὰ
3481 4822 3623 4891 λόγου

2040 4898 2244 4965 ζῶντος
2310 4902 2445 4957 Θεοῦ
2538 4904 2633 4958 καὶ
2699 4907 2994 4976 μένοντοςς
3081 4909 3201 4973 πῶς
3258 4908 3317 4964 δὲ
3376 4914 3484 4966 υἱοὶ
3543 4911 3625 4965 τοῦ

2039 4995 2330 5064 νυμφῶνος
2366 4997 2434 5049 ὀί
2500 4996 2824 5066 ἀπόστολοις
2886 5000 3005 5064 πῶς
3051 5002 3110 5056 δὲ
3184 5004 3481 5077 Ὀνήσιμος
3529 5008 3624 5068 υἱὸς

2042 5085 2255 5139 Παύλου
2318 5086 2378 5140 ὃν
2422 5088 2681 5159 ἐγέννησε
2737 5094 2852 5155 τοῖς
2922 5092 3148 5165 δεσμοϊ;
3192 5096 3405 5164 αὐτοῦς
3482 5097 3621 5168 φύσει

2038 5176 2095 5229 δὲ
2177 5177 2343 5233 τέκνα
2403 5180 2573 5252 ὀργῆς
2628 5184 2722 5235 καὶ
2788 5185 2938 5246 υἱοὺς
3011 5188 3293 5257 ἀνομίας,
3348 5191 3383 5261 ἢ
3478 5191 3622 5244 πάλιν

2038 5270 2188 5333 υἱοὺς
2252 5273 2429 5340 φωτὸς
2491 5275 2589 5327 καὶ
2647 5275 2791 5345 ζωῆς
2850 5278 2946 5330 καὶ
3023 5280 3094 5334 τὰ
3158 5283 3391 5338 τοιαῦτα
3469 5300 3617 5356 προσι

2037 5364 2397 5435 αγορεύεσθαι
2453 5369 2509 5420 ἐν
2553 5371 2616 5439 τῇ
2674 5371 2806 5441 ἁγίᾳ
2863 5372 3083 5443 Γραφῇ,
3134 5378 3220 5441 τίς
3272 5379 3434 5447 λόγος
3489 5395 3614 5448 παρ-

2036 5456 2331 5511 εσκεύασεν
2359 5476 2374 5524 ;
2406 5459 2438 5530 ἢ
2473 5460 2588 5524 πῶς
2615 5465 2713 5531 τὴν
2743 5464 3164 5535 συμδεϐηκυῖαν
3230 5472 3427 5534 αὐτοῖς
3460 5471 3609 5526 τοιάν-

2034 5549 2091 5601 δε
2134 5548 2487 5603 κατάπτωσιν
2526 5552 2557 5622 ἢ
2591 5553 2886 5607 ἀνάστασιν
2914 5555 3040 5611 οὕτε
3088 5561 3191 5613 σὺν
3222 5562 3304 5632 τῷ
3330 5562 3489 5625 εἶναι,
3512 5559 3611 5615 οῦᾶ

2035 5642 2097 5694 ἐκ
2139 5639 2230 5694 τοῦ
2258 5640 2319 5696 τὸ
2350 5638 2490 5701 εἶναι
2518 5646 2716 5716 δόντος,
2750 5648 2898 5719 ὅμως
2932 5652 3144 5722 κυρίως
3195 5656 3454 5728 γέννησιν
3494 5655 3603 5710 καθὸ
