  <div class='ocr_page' id='page_1' title='image "/cluster/home/n/w/nwhite01/storage/ocr_20150623/86 pt.1/mdp.39015028803867/848.png"; bbox 0 0 3858 6156; ppageno 0'>
   <div class='ocr_carea' id='block_1_1' title="bbox 200 421 360 492">
    <p class='ocr_par' dir='ltr' id='par_1_1' title="bbox 200 421 360 492">
     <span class='ocr_line' id='line_1_1' title="bbox 200 421 360 492; baseline 0.025 -6"><span class='ocrx_word' id='word_1_1' title='bbox 200 421 360 492; x_wconf 75' lang='lat'><strong>1681</strong></span> 
     </span>
    </p>
   </div>
   <div class='ocr_carea' id='block_1_2' title="bbox 1182 416 2574 487">
    <p class='ocr_par' dir='ltr' id='par_1_2' title="bbox 1182 416 2574 487">
     <span class='ocr_line' id='line_1_2' title="bbox 1182 416 2574 487; baseline -0.004 -2"><span class='ocrx_word' id='word_1_2' title='bbox 1182 423 1579 487; x_wconf 73' lang='lat' dir='ltr'><strong>ADVERSUS</strong></span> <span class='ocrx_word' id='word_1_3' title='bbox 1618 416 2163 484; x_wconf 73' lang='lat' dir='ltr'><strong>NESTOBIANOS.</strong></span> <span class='ocrx_word' id='word_1_4' title='bbox 2197 441 2263 453; x_wconf 89' lang='grc'><strong><em>-</em></strong></span> <span class='ocrx_word' id='word_1_5' title='bbox 2285 419 2433 482; x_wconf 90' lang='lat' dir='ltr'><strong>LIB.</strong></span> <span class='ocrx_word' id='word_1_6' title='bbox 2475 418 2574 482; x_wconf 78' lang='lat' dir='ltr'><strong>IV.</strong></span> 
     </span>
    </p>
   </div>
   <div class='ocr_carea' id='block_1_3' title="bbox 3341 369 3493 481">
    <p class='ocr_par' dir='ltr' id='par_1_3' title="bbox 3341 369 3493 481">
     <span class='ocr_line' id='line_1_3' title="bbox 3341 369 3493 481; baseline 0.02 -3"><span class='ocrx_word' id='word_1_7' title='bbox 3341 369 3493 481; x_wconf 68' lang='lat' dir='ltr'><strong>mss</strong></span> 
     </span>
    </p>
   </div>
   <div class='ocr_carea' id='block_1_4' title="bbox 141 532 1817 618">
    <p class='ocr_par' dir='ltr' id='par_1_4' title="bbox 141 539 1804 618">
     <span class='ocr_line' id='line_1_4' title="bbox 141 539 1804 618; baseline -0.004 -16"><span class='ocrx_word' id='word_1_8' title='bbox 141 544 150 550; x_wconf 81' lang='grc'><strong>’</strong></span> <span class='ocrx_word' id='word_1_9' title='bbox 193 547 438 614; x_wconf 80' lang='grc' dir='ltr'>λέγεται</span> <span class='ocrx_word' id='word_1_10' title='bbox 469 547 628 617; x_wconf 74' lang='grc' dir='ltr'>ἴσμεν</span> <span class='ocrx_word' id='word_1_11' title='bbox 652 564 666 612; x_wconf 91' lang='grc'>;</span> <span class='ocrx_word' id='word_1_12' title='bbox 689 545 752 600; x_wconf 83' lang='grc' dir='ltr'><strong>Εἰ</strong></span> <span class='ocrx_word' id='word_1_13' title='bbox 783 547 893 618; x_wconf 76' lang='grc' dir='ltr'>γὰρ</span> <span class='ocrx_word' id='word_1_14' title='bbox 923 548 1085 617; x_wconf 54' lang='grc' dir='ltr'>μόνον</span> <span class='ocrx_word' id='word_1_15' title='bbox 1114 547 1177 599; x_wconf 71' lang='grc' dir='ltr'>ὲκ</span> <span class='ocrx_word' id='word_1_16' title='bbox 1206 545 1302 613; x_wconf 79' lang='grc' dir='ltr'>τῆς</span> <span class='ocrx_word' id='word_1_17' title='bbox 1328 543 1423 598; x_wconf 81' lang='grc' dir='ltr'>τοῦ</span> <span class='ocrx_word' id='word_1_18' title='bbox 1448 539 1590 600; x_wconf 81' lang='grc' dir='ltr'>εἶναι</span> <span class='ocrx_word' id='word_1_19' title='bbox 1627 543 1804 605; x_wconf 87' lang='grc' dir='ltr'>αἰτίας</span> 
     </span>
    </p>
   </div>
   <div class='ocr_carea' id='block_1_5' title="bbox 1920 532 3476 618">
    <p class='ocr_par' dir='ltr' id='par_1_5' title="bbox 1920 532 3476 610">
     <span class='ocr_line' id='line_1_5' title="bbox 1920 532 3476 610; baseline -0.004 -16"><span class='ocrx_word' id='word_1_20' title='bbox 1920 538 2148 596; x_wconf 88' lang='lat' dir='ltr'><strong>:undum</strong></span> <span class='ocrx_word' id='word_1_21' title='bbox 2179 537 2328 610; x_wconf 90' lang='lat' dir='ltr'><strong>quod</strong></span> <span class='ocrx_word' id='word_1_22' title='bbox 2393 537 2620 602; x_wconf 85' lang='lat' dir='ltr'><strong>dicitur,</strong></span> <span class='ocrx_word' id='word_1_23' title='bbox 2646 533 2892 591; x_wconf 82' lang='lat' dir='ltr'><strong>scimus?</strong></span> <span class='ocrx_word' id='word_1_24' title='bbox 2928 532 2985 589; x_wconf 98' lang='lat' dir='ltr'><strong>Si</strong></span> <span class='ocrx_word' id='word_1_25' title='bbox 3033 532 3184 589; x_wconf 89' lang='lat' dir='ltr'><strong>enim</strong></span> <span class='ocrx_word' id='word_1_26' title='bbox 3243 538 3476 588; x_wconf 83' lang='lat' dir='ltr'><strong>tantum-</strong></span> 
     </span>
    </p>
   </div>
   <div class='ocr_carea' id='block_1_6' title="bbox 193 634 1807 708">
    <p class='ocr_par' dir='ltr' id='par_1_6' title="bbox 193 634 1807 708">
     <span class='ocr_line' id='line_1_6' title="bbox 193 634 1807 708; baseline 0 -20"><span class='ocrx_word' id='word_1_27' title='bbox 193 639 320 707; x_wconf 68' lang='grc' dir='ltr'>τὴν</span> <span class='ocrx_word' id='word_1_28' title='bbox 349 638 575 708; x_wconf 75' lang='grc' dir='ltr'>υίότητα</span> <span class='ocrx_word' id='word_1_29' title='bbox 602 639 806 693; x_wconf 85' lang='grc' dir='ltr'>τούτων</span> <span class='ocrx_word' id='word_1_30' title='bbox 837 639 1132 708; x_wconf 71' lang='grc' dir='ltr'>γνωρίζετε</span> <span class='ocrx_word' id='word_1_31' title='bbox 1171 635 1333 702; x_wconf 83' lang='grc' dir='ltr'>εἶναι,</span> <span class='ocrx_word' id='word_1_32' title='bbox 1367 637 1519 691; x_wconf 76' lang='grc' dir='ltr'>ἔσται</span> <span class='ocrx_word' id='word_1_33' title='bbox 1555 637 1698 707; x_wconf 82' lang='grc' dir='ltr'>ὑμᾶς</span> <span class='ocrx_word' id='word_1_34' title='bbox 1745 634 1807 699; x_wconf 78' lang='grc' dir='ltr'><strong>ἐξ</strong></span> 
     </span>
    </p>
   </div>
   <div class='ocr_carea' id='block_1_7' title="bbox 199 729 1807 802">
    <p class='ocr_par' dir='ltr' id='par_1_7' title="bbox 199 729 1807 802">
     <span class='ocr_line' id='line_1_7' title="bbox 199 729 1807 802; baseline -0.002 -19"><span class='ocrx_word' id='word_1_35' title='bbox 199 731 472 802; x_wconf 76' lang='grc' dir='ltr'>ἀνάγκης</span> <span class='ocrx_word' id='word_1_36' title='bbox 499 731 767 797; x_wconf 76' lang='grc' dir='ltr'>δοξάζειν,</span> <span class='ocrx_word' id='word_1_37' title='bbox 806 732 882 794; x_wconf 83' lang='grc' dir='ltr'><strong>ὡς</strong></span> <span class='ocrx_word' id='word_1_38' title='bbox 919 731 1120 794; x_wconf 77' lang='grc' dir='ltr'>Ἰούδας</span> <span class='ocrx_word' id='word_1_39' title='bbox 1147 749 1207 785; x_wconf 86' lang='grc' dir='ltr'><strong>τε</strong></span> <span class='ocrx_word' id='word_1_40' title='bbox 1233 731 1327 784; x_wconf 76' lang='grc' dir='ltr'>καὶ</span> <span class='ocrx_word' id='word_1_41' title='bbox 1355 733 1382 784; x_wconf 87' lang='lat'><strong>6</strong></span> <span class='ocrx_word' id='word_1_42' title='bbox 1413 729 1658 794; x_wconf 78' lang='grc' dir='ltr'>διάϐολος</span> <span class='ocrx_word' id='word_1_43' title='bbox 1686 730 1807 781; x_wconf 73' lang='grc' dir='ltr'>ἐπεὶ</span> 
     </span>
    </p>
   </div>
   <div class='ocr_carea' id='block_1_8' title="bbox 201 813 1805 890">
    <p class='ocr_par' dir='ltr' id='par_1_8' title="bbox 201 813 1805 890">
     <span class='ocr_line' id='line_1_8' title="bbox 201 813 1805 890; baseline 0 -18"><span class='ocrx_word' id='word_1_44' title='bbox 201 822 333 873; x_wconf 73' lang='grc' dir='ltr'>υἱοὶ</span> <span class='ocrx_word' id='word_1_45' title='bbox 375 821 628 888; x_wconf 81' lang='grc' dir='ltr'>λέγονται</span> <span class='ocrx_word' id='word_1_46' title='bbox 683 820 1144 890; x_wconf 75' lang='grc' dir='ltr'>ἀπωλείας.παρ’</span> <span class='ocrx_word' id='word_1_47' title='bbox 1173 821 1346 890; x_wconf 77' lang='grc' dir='ltr'>αὐτῆς</span> <span class='ocrx_word' id='word_1_48' title='bbox 1411 820 1506 874; x_wconf 78' lang='grc' dir='ltr'>καὶ</span> <span class='ocrx_word' id='word_1_49' title='bbox 1551 819 1612 872; x_wconf 72' lang='grc' dir='ltr'><strong>τὸ</strong></span> <span class='ocrx_word' id='word_1_50' title='bbox 1667 813 1805 872; x_wconf 81' lang='grc' dir='ltr'>εἶναι</span> 
     </span>
    </p>
   </div>
   <div class='ocr_carea' id='block_1_9' title="bbox 203 905 1808 982">
    <p class='ocr_par' dir='ltr' id='par_1_9' title="bbox 203 905 1808 982">
     <span class='ocr_line' id='line_1_9' title="bbox 203 905 1808 982; baseline -0.002 -17"><span class='ocrx_word' id='word_1_51' title='bbox 203 911 438 966; x_wconf 72' lang='grc' dir='ltr'>ἔλαϐον·</span> <span class='ocrx_word' id='word_1_52' title='bbox 457 914 506 968; x_wconf 82' lang='grc' dir='ltr'>εἰ</span> <span class='ocrx_word' id='word_1_53' title='bbox 527 913 693 968; x_wconf 79' lang='grc' dir='ltr'>δὲκαὶ</span> <span class='ocrx_word' id='word_1_54' title='bbox 720 913 878 982; x_wconf 83' lang='grc' dir='ltr'>ὑμεῖς</span> <span class='ocrx_word' id='word_1_55' title='bbox 905 929 1064 980; x_wconf 82' lang='grc' dir='ltr'>φατε,</span> <span class='ocrx_word' id='word_1_56' title='bbox 1081 914 1162 966; x_wconf 80' lang='grc' dir='ltr'>ὅτι</span> <span class='ocrx_word' id='word_1_57' title='bbox 1181 911 1243 964; x_wconf 85' lang='grc' dir='ltr'>τὸ</span> <span class='ocrx_word' id='word_1_58' title='bbox 1274 913 1375 980; x_wconf 72' lang='grc' dir='ltr'>μὲν</span> <span class='ocrx_word' id='word_1_59' title='bbox 1397 905 1536 965; x_wconf 81' lang='grc' dir='ltr'>εἶναι</span> <span class='ocrx_word' id='word_1_60' title='bbox 1562 911 1590 963; x_wconf 90' lang='lat'><strong>6</strong></span> <span class='ocrx_word' id='word_1_61' title='bbox 1606 909 1808 972; x_wconf 76' lang='grc' dir='ltr'>Ἰούδας</span> 
     </span>
    </p>
   </div>
   <div class='ocr_carea' id='block_1_10' title="bbox 213 1000 1808 1071">
    <p class='ocr_par' dir='ltr' id='par_1_10' title="bbox 213 1000 1808 1071">
     <span class='ocr_line' id='line_1_10' title="bbox 213 1000 1808 1071; baseline -0.003 -13"><span class='ocrx_word' id='word_1_62' title='bbox 213 1004 337 1059; x_wconf 71' lang='grc' dir='ltr'>καὶ</span> <span class='ocrx_word' id='word_1_63' title='bbox 401 1005 452 1059; x_wconf 81' lang='lat' dir='ltr'><strong>oi.</strong></span> <span class='ocrx_word' id='word_1_64' title='bbox 502 1005 682 1060; x_wconf 80' lang='grc' dir='ltr'>λοιποὶ</span> <span class='ocrx_word' id='word_1_65' title='bbox 711 1007 764 1059; x_wconf 76' lang='grc' dir='ltr'>οἱ</span> <span class='ocrx_word' id='word_1_66' title='bbox 803 1003 926 1058; x_wconf 84' lang='grc' dir='ltr'>κατ’</span> <span class='ocrx_word' id='word_1_67' title='bbox 953 1003 1115 1058; x_wconf 75' lang='grc' dir='ltr'>αὐτὸν</span> <span class='ocrx_word' id='word_1_68' title='bbox 1161 1003 1226 1056; x_wconf 74' lang='grc' dir='ltr'>ἐκ</span> <span class='ocrx_word' id='word_1_69' title='bbox 1251 1001 1386 1056; x_wconf 78' lang='grc' dir='ltr'>Θεοῦ</span> <span class='ocrx_word' id='word_1_70' title='bbox 1415 1001 1573 1071; x_wconf 74' lang='grc' dir='ltr'>ἔσχον</span> <span class='ocrx_word' id='word_1_71' title='bbox 1609 1017 1624 1030; x_wconf 74' lang='grc'><strong><em>⁸</em></strong></span> <span class='ocrx_word' id='word_1_72' title='bbox 1659 1002 1719 1053; x_wconf 72' lang='grc' dir='ltr'><strong>τὸ</strong></span> <span class='ocrx_word' id='word_1_73' title='bbox 1753 1000 1808 1054; x_wconf 81' lang='grc' dir='ltr'>δὲ</span> 
     </span>
    </p>
   </div>
   <div class='ocr_carea' id='block_1_11' title="bbox 209 1089 1808 1164">
    <p class='ocr_par' dir='ltr' id='par_1_11' title="bbox 209 1089 1808 1164">
     <span class='ocr_line' id='line_1_11' title="bbox 209 1089 1808 1164; baseline -0.004 -16"><span class='ocrx_word' id='word_1_74' title='bbox 209 1095 454 1149; x_wconf 77' lang='grc' dir='ltr'>τοιῶσδε</span> <span class='ocrx_word' id='word_1_75' title='bbox 483 1090 648 1160; x_wconf 73' lang='grc' dir='ltr'>εἶναι,</span> <span class='ocrx_word' id='word_1_76' title='bbox 669 1095 771 1148; x_wconf 73' lang='grc' dir='ltr'>οὐκ</span> <span class='ocrx_word' id='word_1_77' title='bbox 797 1093 956 1164; x_wconf 75' lang='grc' dir='ltr'>ἔσχον</span> <span class='ocrx_word' id='word_1_78' title='bbox 981 1093 1046 1146; x_wconf 78' lang='grc' dir='ltr'>ὲκ</span> <span class='ocrx_word' id='word_1_79' title='bbox 1071 1091 1207 1146; x_wconf 80' lang='grc' dir='ltr'>Θεοῦ</span> <span class='ocrx_word' id='word_1_80' title='bbox 1235 1110 1248 1122; x_wconf 88' lang='grc'><strong>·</strong></span> <span class='ocrx_word' id='word_1_81' title='bbox 1285 1090 1420 1145; x_wconf 71' lang='grc' dir='ltr'>καθ’)</span> <span class='ocrx_word' id='word_1_82' title='bbox 1451 1089 1703 1160; x_wconf 84' lang='grc' dir='ltr'>λέγονταί</span> <span class='ocrx_word' id='word_1_83' title='bbox 1730 1106 1808 1142; x_wconf 69' lang='grc' dir='ltr'>τιο</span> 
     </span>
    </p>
   </div>
   <div class='ocr_carea' id='block_1_12' title="bbox 211 1180 1806 1262">
    <p class='ocr_par' dir='ltr' id='par_1_12' title="bbox 211 1180 1806 1262">
     <span class='ocr_line' id='line_1_12' title="bbox 211 1180 1806 1262; baseline -0.006 -20"><span class='ocrx_word' id='word_1_84' title='bbox 211 1204 324 1252; x_wconf 76' lang='grc' dir='ltr'>νες</span> <span class='ocrx_word' id='word_1_85' title='bbox 346 1187 456 1241; x_wconf 82' lang='lat' dir='ltr'><strong>uio‘t</strong></span> <span class='ocrx_word' id='word_1_86' title='bbox 485 1187 714 1248; x_wconf 81' lang='grc' dir='ltr'><strong>σκότους</strong></span> <span class='ocrx_word' id='word_1_87' title='bbox 742 1187 838 1262; x_wconf 58' lang='lat' dir='ltr'><strong>argi.</strong></span> <span class='ocrx_word' id='word_1_88' title='bbox 871 1184 1116 1254; x_wconf 76' lang='grc' dir='ltr'><strong>κατάρας</strong></span> <span class='ocrx_word' id='word_1_89' title='bbox 1147 1185 1214 1253; x_wconf 84' lang='grc' dir='ltr'>τῇ</span> <span class='ocrx_word' id='word_1_90' title='bbox 1249 1180 1528 1253; x_wconf 78' lang='grc' dir='ltr'><strong>ὁμωνύμῳ</strong></span> <span class='ocrx_word' id='word_1_91' title='bbox 1557 1180 1766 1249; x_wconf 81' lang='grc' dir='ltr'>υἱότητι</span> <span class='ocrx_word' id='word_1_92' title='bbox 1791 1218 1806 1241; x_wconf 90' lang='grc'><strong>,</strong></span> 
     </span>
    </p>
   </div>
   <div class='ocr_carea' id='block_1_13' title="bbox 207 1269 1810 1349">
    <p class='ocr_par' dir='ltr' id='par_1_13' title="bbox 207 1269 1810 1349">
     <span class='ocr_line' id='line_1_13' title="bbox 207 1269 1810 1349; baseline -0.006 -17"><span class='ocrx_word' id='word_1_93' title='bbox 207 1279 354 1332; x_wconf 81' lang='grc' dir='ltr'>καθ’</span> <span class='ocrx_word' id='word_1_94' title='bbox 387 1279 628 1349; x_wconf 73' lang='grc' dir='ltr'>ἑκάτερα</span> <span class='ocrx_word' id='word_1_95' title='bbox 675 1273 1006 1343; x_wconf 80' lang='grc' dir='ltr'><strong>διεγνώκατε</strong></span> <span class='ocrx_word' id='word_1_96' title='bbox 1063 1272 1393 1343; x_wconf 75' lang='grc' dir='ltr'><strong>λεγομένους</strong></span> <span class='ocrx_word' id='word_1_97' title='bbox 1444 1271 1630 1336; x_wconf 82' lang='grc' dir='ltr'>υἱούς·</span> <span class='ocrx_word' id='word_1_98' title='bbox 1665 1273 1724 1323; x_wconf 72' lang='grc' dir='ltr'><strong>έν</strong></span> <span class='ocrx_word' id='word_1_99' title='bbox 1752 1269 1810 1322; x_wconf 79' lang='grc' dir='ltr'>δὲ</span> 
     </span>
    </p>
   </div>
   <div class='ocr_carea' id='block_1_14' title="bbox 205 1361 1809 1440">
    <p class='ocr_par' dir='ltr' id='par_1_14' title="bbox 205 1361 1809 1440">
     <span class='ocr_line' id='line_1_14' title="bbox 205 1361 1809 1440; baseline -0.004 -19"><span class='ocrx_word' id='word_1_100' title='bbox 205 1371 342 1432; x_wconf 74' lang='grc' dir='ltr'>τοῖς</span> <span class='ocrx_word' id='word_1_101' title='bbox 385 1369 722 1440; x_wconf 82' lang='grc' dir='ltr'>ὁμωνύμοις,</span> <span class='ocrx_word' id='word_1_102' title='bbox 751 1365 904 1421; x_wconf 82' lang='grc' dir='ltr'>οὐδὲν</span> <span class='ocrx_word' id='word_1_103' title='bbox 957 1363 1160 1434; x_wconf 77' lang='grc' dir='ltr'>μᾶλλον</span> <span class='ocrx_word' id='word_1_104' title='bbox 1207 1361 1304 1416; x_wconf 80' lang='grc' dir='ltr'>τοῦ</span> <span class='ocrx_word' id='word_1_105' title='bbox 1364 1361 1554 1432; x_wconf 79' lang='grc' dir='ltr'>ἑτέρου</span> <span class='ocrx_word' id='word_1_106' title='bbox 1601 1361 1809 1432; x_wconf 70' lang='grc' dir='ltr'>κυρίως</span> 
     </span>
    </p>
   </div>
   <div class='ocr_carea' id='block_1_15' title="bbox 209 1451 1800 1529">
    <p class='ocr_par' dir='ltr' id='par_1_15' title="bbox 209 1451 1800 1529">
     <span class='ocr_line' id='line_1_15' title="bbox 209 1451 1800 1529; baseline -0.006 -16"><span class='ocrx_word' id='word_1_107' title='bbox 209 1459 543 1529; x_wconf 74' lang='grc' dir='ltr'>ὠνόμασται</span> <span class='ocrx_word' id='word_1_108' title='bbox 569 1473 582 1486; x_wconf 89' lang='grc'><strong>·</strong></span> <span class='ocrx_word' id='word_1_109' title='bbox 607 1457 742 1510; x_wconf 79' lang='grc' dir='ltr'>οἵτε</span> <span class='ocrx_word' id='word_1_110' title='bbox 769 1455 880 1526; x_wconf 84' lang='grc' dir='ltr'><strong>γάρ</strong></span> <span class='ocrx_word' id='word_1_111' title='bbox 901 1454 1063 1509; x_wconf 86' lang='grc' dir='ltr'>πάλιν</span> <span class='ocrx_word' id='word_1_112' title='bbox 1087 1453 1158 1507; x_wconf 75' lang='grc' dir='ltr'>ἐκ</span> <span class='ocrx_word' id='word_1_113' title='bbox 1191 1453 1482 1524; x_wconf 77' lang='grc' dir='ltr'>μετανοέας</span> <span class='ocrx_word' id='word_1_114' title='bbox 1513 1451 1650 1525; x_wconf 76' lang='grc' dir='ltr'>πρὸς</span> <span class='ocrx_word' id='word_1_115' title='bbox 1670 1453 1800 1524; x_wconf 87' lang='grc' dir='ltr'>ἀρε-</span> 
     </span>
    </p>
   </div>
   <div class='ocr_carea' id='block_1_16' title="bbox 215 1542 1801 1618">
    <p class='ocr_par' dir='ltr' id='par_1_16' title="bbox 215 1542 1801 1618">
     <span class='ocr_line' id='line_1_16' title="bbox 215 1542 1801 1618; baseline -0.003 -16"><span class='ocrx_word' id='word_1_116' title='bbox 215 1549 335 1618; x_wconf 77' lang='grc' dir='ltr'>τὴν</span> <span class='ocrx_word' id='word_1_117' title='bbox 363 1549 456 1602; x_wconf 70' lang='grc' dir='ltr'>καὶ</span> <span class='ocrx_word' id='word_1_118' title='bbox 484 1548 574 1603; x_wconf 83' lang='grc' dir='ltr'><strong>διὰ</strong></span> <span class='ocrx_word' id='word_1_119' title='bbox 607 1549 844 1610; x_wconf 86' lang='grc' dir='ltr'>πίστεως</span> <span class='ocrx_word' id='word_1_120' title='bbox 881 1545 960 1616; x_wconf 84' lang='grc' dir='ltr'>τῷ</span> <span class='ocrx_word' id='word_1_121' title='bbox 987 1544 1268 1616; x_wconf 77' lang='grc' dir='ltr'>Πνεύματι</span> <span class='ocrx_word' id='word_1_122' title='bbox 1306 1542 1766 1615; x_wconf 83' lang='grc' dir='ltr'>ἀναγεννηθέντες</span> <span class='ocrx_word' id='word_1_123' title='bbox 1785 1583 1801 1609; x_wconf 94' lang='grc'><strong>,</strong></span> 
     </span>
    </p>
   </div>
   <div class='ocr_carea' id='block_1_17' title="bbox 212 1635 1807 1709">
    <p class='ocr_par' dir='ltr' id='par_1_17' title="bbox 212 1635 1807 1709">
     <span class='ocr_line' id='line_1_17' title="bbox 212 1635 1807 1709; baseline -0.001 -17"><span class='ocrx_word' id='word_1_124' title='bbox 212 1640 338 1693; x_wconf 56' lang='lat' dir='ltr'><strong>etot</strong></span> <span class='ocrx_word' id='word_1_125' title='bbox 369 1639 678 1709; x_wconf 75' lang='grc' dir='ltr'>Νυμφῶνος</span> <span class='ocrx_word' id='word_1_126' title='bbox 711 1639 804 1694; x_wconf 75' lang='grc' dir='ltr'>καὶ</span> <span class='ocrx_word' id='word_1_127' title='bbox 830 1638 996 1692; x_wconf 85' lang='grc' dir='ltr'>τέκνα</span> <span class='ocrx_word' id='word_1_128' title='bbox 1021 1635 1302 1709; x_wconf 79' lang='grc' dir='ltr'>βασιλείας</span> <span class='ocrx_word' id='word_1_129' title='bbox 1343 1637 1436 1689; x_wconf 78' lang='grc' dir='ltr'>καὶ</span> <span class='ocrx_word' id='word_1_130' title='bbox 1474 1635 1542 1690; x_wconf 76' lang='grc' dir='ltr'><strong>τά</strong></span> <span class='ocrx_word' id='word_1_131' title='bbox 1582 1635 1807 1690; x_wconf 80' lang='grc' dir='ltr'>τοιαῦτα</span> 
     </span>
    </p>
   </div>
   <div class='ocr_carea' id='block_1_18' title="bbox 209 1733 921 1805">
    <p class='ocr_par' dir='ltr' id='par_1_18' title="bbox 209 1733 921 1805">
     <span class='ocr_line' id='line_1_18' title="bbox 209 1733 921 1805; baseline -0.006 -15"><span class='ocrx_word' id='word_1_132' title='bbox 209 1735 325 1790; x_wconf 73' lang='grc' dir='ltr'>καὶ</span> <span class='ocrx_word' id='word_1_133' title='bbox 360 1734 490 1805; x_wconf 83' lang='grc' dir='ltr'>ὑμῖν</span> <span class='ocrx_word' id='word_1_134' title='bbox 519 1733 921 1804; x_wconf 76' lang='grc' dir='ltr'><strong>ὡμολόγηνται.</strong></span> 
     </span>
    </p>
   </div>
   <div class='ocr_carea' id='block_1_19' title="bbox 1903 621 3480 686">
    <p class='ocr_par' dir='ltr' id='par_1_19' title="bbox 1903 621 3480 686">
     <span class='ocr_line' id='line_1_19' title="bbox 1903 621 3480 686; baseline -0.007 0"><span class='ocrx_word' id='word_1_135' title='bbox 1903 629 2068 686; x_wconf 77' lang='lat' dir='ltr'><strong>modo</strong></span> <span class='ocrx_word' id='word_1_136' title='bbox 2095 646 2165 686; x_wconf 80' lang='lat' dir='ltr'><strong>ex</strong></span> <span class='ocrx_word' id='word_1_137' title='bbox 2187 644 2351 686; x_wconf 90' lang='lat' dir='ltr'><strong>causa</strong></span> <span class='ocrx_word' id='word_1_138' title='bbox 2365 643 2477 684; x_wconf 64' lang='lat' dir='ltr'><strong>suae</strong></span> <span class='ocrx_word' id='word_1_139' title='bbox 2493 625 2826 682; x_wconf 79' lang='lat' dir='ltr'><strong>exsistentia:</strong></span> <span class='ocrx_word' id='word_1_140' title='bbox 2846 623 3051 680; x_wconf 80' lang='lat' dir='ltr'><strong>habere</strong></span> <span class='ocrx_word' id='word_1_141' title='bbox 3067 623 3202 678; x_wconf 89' lang='lat' dir='ltr'><strong>istos</strong></span> <span class='ocrx_word' id='word_1_142' title='bbox 3225 637 3380 678; x_wconf 88' lang='lat' dir='ltr'><strong>suam</strong></span> <span class='ocrx_word' id='word_1_143' title='bbox 3415 621 3480 676; x_wconf 80' lang='lat' dir='ltr'><strong>ﬁ-</strong></span> 
     </span>
    </p>
   </div>
   <div class='ocr_carea' id='block_1_20' title="bbox 1903 713 3485 784">
    <p class='ocr_par' dir='ltr' id='par_1_20' title="bbox 1903 713 3485 784">
     <span class='ocr_line' id='line_1_20' title="bbox 1903 713 3485 784; baseline -0.005 -8"><span class='ocrx_word' id='word_1_144' title='bbox 1903 721 2186 777; x_wconf 87' lang='lat' dir='ltr'><strong>liationem</strong></span> <span class='ocrx_word' id='word_1_145' title='bbox 2220 719 2442 784; x_wconf 77' lang='lat' dir='ltr'><strong>ducitis,</strong></span> <span class='ocrx_word' id='word_1_146' title='bbox 2474 717 2784 774; x_wconf 83' lang='lat' dir='ltr'><strong>necessario</strong></span> <span class='ocrx_word' id='word_1_147' title='bbox 2817 715 2972 772; x_wconf 86' lang='lat' dir='ltr'><strong>vobis</strong></span> <span class='ocrx_word' id='word_1_148' title='bbox 2993 713 3348 772; x_wconf 88' lang='lat' dir='ltr'><strong>sentiendum</strong></span> <span class='ocrx_word' id='word_1_149' title='bbox 3374 713 3485 769; x_wconf 89' lang='lat' dir='ltr'><strong>erit</strong></span> 
     </span>
    </p>
   </div>
   <div class='ocr_carea' id='block_1_21' title="bbox 1903 807 3509 881">
    <p class='ocr_par' dir='ltr' id='par_1_21' title="bbox 1903 807 3509 881">
     <span class='ocr_line' id='line_1_21' title="bbox 1903 807 3509 881; baseline -0.005 -11"><span class='ocrx_word' id='word_1_150' title='bbox 1903 823 1961 870; x_wconf 93' lang='lat' dir='ltr'><strong>ct</strong></span> <span class='ocrx_word' id='word_1_151' title='bbox 1990 813 2185 870; x_wconf 75' lang='lat' dir='ltr'><strong>ludam</strong></span> <span class='ocrx_word' id='word_1_152' title='bbox 2216 821 2272 868; x_wconf 89' lang='lat' dir='ltr'><strong>et</strong></span> <span class='ocrx_word' id='word_1_153' title='bbox 2297 811 2600 877; x_wconf 86' lang='lat' dir='ltr'><strong>diabolum,</strong></span> <span class='ocrx_word' id='word_1_154' title='bbox 2639 810 2767 881; x_wconf 86' lang='lat' dir='ltr'><strong>quia</strong></span> <span class='ocrx_word' id='word_1_155' title='bbox 2797 809 3059 864; x_wconf 89' lang='lat' dir='ltr'><strong>dicuntur</strong></span> <span class='ocrx_word' id='word_1_156' title='bbox 3089 807 3184 862; x_wconf 80' lang='lat' dir='ltr'><strong>filii</strong></span> <span class='ocrx_word' id='word_1_157' title='bbox 3218 807 3509 879; x_wconf 41' lang='lat' dir='ltr'><strong>perditio‘</strong></span> 
     </span>
    </p>
   </div>
   <div class='ocr_carea' id='block_1_22' title="bbox 1904 899 3485 974">
    <p class='ocr_par' dir='ltr' id='par_1_22' title="bbox 1904 899 3485 974">
     <span class='ocr_line' id='line_1_22' title="bbox 1904 899 3485 974; baseline -0.004 -13"><span class='ocrx_word' id='word_1_158' title='bbox 1904 906 2014 971; x_wconf 91' lang='lat' dir='ltr'><strong>nis,</strong></span> <span class='ocrx_word' id='word_1_159' title='bbox 2047 904 2116 960; x_wconf 88' lang='lat' dir='ltr'><strong>ab</strong></span> <span class='ocrx_word' id='word_1_160' title='bbox 2144 905 2260 974; x_wconf 90' lang='lat' dir='ltr'><strong>ipsa</strong></span> <span class='ocrx_word' id='word_1_161' title='bbox 2294 917 2516 974; x_wconf 90' lang='lat' dir='ltr'><strong>quoque</strong></span> <span class='ocrx_word' id='word_1_162' title='bbox 2551 901 2927 957; x_wconf 80' lang='lat' dir='ltr'><strong>exsistentiam</strong></span> <span class='ocrx_word' id='word_1_163' title='bbox 2955 900 3268 970; x_wconf 75' lang='lat' dir='ltr'><strong>accepisse;</strong></span> <span class='ocrx_word' id='word_1_164' title='bbox 3293 899 3426 954; x_wconf 91' lang='lat' dir='ltr'><strong>dum</strong></span> <span class='ocrx_word' id='word_1_165' title='bbox 3450 913 3485 954; x_wconf 86' lang='lat' dir='ltr'><strong>e</strong></span> 
     </span>
    </p>
   </div>
   <div class='ocr_carea' id='block_1_23' title="bbox 1906 989 3486 1064">
    <p class='ocr_par' dir='ltr' id='par_1_23' title="bbox 1906 989 3486 1064">
     <span class='ocr_line' id='line_1_23' title="bbox 1906 989 3486 1064; baseline -0.006 -10"><span class='ocrx_word' id='word_1_166' title='bbox 1906 1005 2101 1054; x_wconf 86' lang='lat' dir='ltr'><strong>contra</strong></span> <span class='ocrx_word' id='word_1_167' title='bbox 2145 1002 2202 1051; x_wconf 92' lang='lat' dir='ltr'><strong>et</strong></span> <span class='ocrx_word' id='word_1_168' title='bbox 2233 1010 2332 1050; x_wconf 92' lang='lat' dir='ltr'><strong>vos</strong></span> <span class='ocrx_word' id='word_1_169' title='bbox 2359 994 2546 1051; x_wconf 78' lang='lat' dir='ltr'><strong>dicitis</strong></span> <span class='ocrx_word' id='word_1_170' title='bbox 2577 1009 2698 1050; x_wconf 88' lang='lat' dir='ltr'><strong>esse</strong></span> <span class='ocrx_word' id='word_1_171' title='bbox 2739 994 2962 1064; x_wconf 85' lang='lat' dir='ltr'><strong>quidem</strong></span> <span class='ocrx_word' id='word_1_172' title='bbox 3002 1008 3164 1048; x_wconf 87' lang='lat' dir='ltr'><strong>suum</strong></span> <span class='ocrx_word' id='word_1_173' title='bbox 3201 989 3399 1046; x_wconf 85' lang='lat' dir='ltr'><strong>Judam</strong></span> <span class='ocrx_word' id='word_1_174' title='bbox 3427 998 3486 1046; x_wconf 90' lang='lat' dir='ltr'><strong>et</strong></span> 
     </span>
    </p>
   </div>
   <div class='ocr_carea' id='block_1_24' title="bbox 1907 1085 3501 1153">
    <p class='ocr_par' dir='ltr' id='par_1_24' title="bbox 1907 1085 3501 1153">
     <span class='ocr_line' id='line_1_24' title="bbox 1907 1085 3501 1153; baseline -0.003 -9"><span class='ocrx_word' id='word_1_175' title='bbox 1907 1089 2048 1144; x_wconf 90' lang='lat' dir='ltr'><strong>alios</strong></span> <span class='ocrx_word' id='word_1_176' title='bbox 2093 1085 2399 1143; x_wconf 90' lang='lat' dir='ltr'><strong>secundum</strong></span> <span class='ocrx_word' id='word_1_177' title='bbox 2437 1100 2590 1151; x_wconf 89' lang='lat' dir='ltr'><strong>eum,</strong></span> <span class='ocrx_word' id='word_1_178' title='bbox 2637 1100 2668 1139; x_wconf 88' lang='lat' dir='ltr'><strong>a</strong></span> <span class='ocrx_word' id='word_1_179' title='bbox 2713 1085 2826 1141; x_wconf 89' lang='lat' dir='ltr'><strong>Deo</strong></span> <span class='ocrx_word' id='word_1_180' title='bbox 2873 1085 3112 1153; x_wconf 85' lang='lat' dir='ltr'><strong>habere;</strong></span> <span class='ocrx_word' id='word_1_181' title='bbox 3147 1099 3270 1141; x_wconf 88' lang='lat' dir='ltr'><strong>esse</strong></span> <span class='ocrx_word' id='word_1_182' title='bbox 3297 1094 3501 1140; x_wconf 57' lang='lat' dir='ltr'><strong>autem</strong></span> 
     </span>
    </p>
   </div>
   <div class='ocr_carea' id='block_1_25' title="bbox 1911 1173 3602 1246">
    <p class='ocr_par' dir='ltr' id='par_1_25' title="bbox 1911 1173 3602 1246">
     <span class='ocr_line' id='line_1_25' title="bbox 1911 1173 3602 1246; baseline -0.007 -10"><span class='ocrx_word' id='word_1_183' title='bbox 1911 1180 2049 1236; x_wconf 88' lang='lat' dir='ltr'><strong>tales</strong></span> <span class='ocrx_word' id='word_1_184' title='bbox 2081 1179 2188 1236; x_wconf 86' lang='lat' dir='ltr'><strong>hoc</strong></span> <span class='ocrx_word' id='word_1_185' title='bbox 2210 1194 2278 1235; x_wconf 86' lang='lat' dir='ltr'><strong>ex</strong></span> <span class='ocrx_word' id='word_1_186' title='bbox 2301 1178 2416 1234; x_wconf 90' lang='lat' dir='ltr'><strong>Deo</strong></span> <span class='ocrx_word' id='word_1_187' title='bbox 2446 1191 2557 1232; x_wconf 88' lang='lat' dir='ltr'><strong>non</strong></span> <span class='ocrx_word' id='word_1_188' title='bbox 2581 1175 2808 1231; x_wconf 85' lang='lat' dir='ltr'><strong>habere.</strong></span> <span class='ocrx_word' id='word_1_189' title='bbox 2839 1175 2899 1230; x_wconf 87' lang='lat' dir='ltr'><strong>in</strong></span> <span class='ocrx_word' id='word_1_190' title='bbox 2925 1183 3193 1246; x_wconf 87' lang='lat' dir='ltr'><strong>quantum</strong></span> <span class='ocrx_word' id='word_1_191' title='bbox 3221 1173 3496 1230; x_wconf 74' lang='lat' dir='ltr'><strong>dicuntur</strong></span> <span class='ocrx_word' id='word_1_192' title='bbox 3589 1177 3602 1204; x_wconf 68' lang='grc' dir='ltr'><em>τ</em></span> 
     </span>
    </p>
   </div>
   <div class='ocr_carea' id='block_1_26' title="bbox 1909 1266 3487 1342">
    <p class='ocr_par' dir='ltr' id='par_1_26' title="bbox 1909 1266 3487 1342">
     <span class='ocr_line' id='line_1_26' title="bbox 1909 1266 3487 1342; baseline -0.003 -16"><span class='ocrx_word' id='word_1_193' title='bbox 1909 1271 2134 1342; x_wconf 86' lang='lat' dir='ltr'><strong>quidam</strong></span> <span class='ocrx_word' id='word_1_194' title='bbox 2184 1269 2282 1325; x_wconf 84' lang='lat' dir='ltr'><strong>ﬁlii</strong></span> <span class='ocrx_word' id='word_1_195' title='bbox 2327 1269 2683 1326; x_wconf 82' lang='lat' dir='ltr'><strong>tenebrarum</strong></span> <span class='ocrx_word' id='word_1_196' title='bbox 2735 1275 2794 1324; x_wconf 87' lang='lat' dir='ltr'><strong>et</strong></span> <span class='ocrx_word' id='word_1_197' title='bbox 2842 1266 3244 1323; x_wconf 84' lang='lat' dir='ltr'><strong>maledictionis</strong></span> <span class='ocrx_word' id='word_1_198' title='bbox 3291 1267 3487 1322; x_wconf 87' lang='lat' dir='ltr'><strong>homo-</strong></span> 
     </span>
    </p>
   </div>
   <div class='ocr_carea' id='block_1_27' title="bbox 1909 1353 3490 1435">
    <p class='ocr_par' dir='ltr' id='par_1_27' title="bbox 1909 1353 3490 1435">
     <span class='ocr_line' id='line_1_27' title="bbox 1909 1353 3490 1435; baseline -0.004 -17"><span class='ocrx_word' id='word_1_199' title='bbox 1909 1378 2072 1435; x_wconf 81' lang='lat' dir='ltr'><strong>nyma</strong></span> <span class='ocrx_word' id='word_1_200' title='bbox 2101 1361 2385 1424; x_wconf 79' lang='lat' dir='ltr'><strong>filiatione,</strong></span> <span class='ocrx_word' id='word_1_201' title='bbox 2416 1360 2520 1417; x_wconf 86' lang='lat' dir='ltr'><strong>bos</strong></span> <span class='ocrx_word' id='word_1_202' title='bbox 2553 1357 2856 1415; x_wconf 88' lang='lat' dir='ltr'><strong>secundum</strong></span> <span class='ocrx_word' id='word_1_203' title='bbox 2887 1365 3184 1428; x_wconf 88' lang='lat' dir='ltr'><strong>utrumque</strong></span> <span class='ocrx_word' id='word_1_204' title='bbox 3207 1355 3318 1411; x_wconf 89' lang='lat' dir='ltr'><strong>dici</strong></span> <span class='ocrx_word' id='word_1_205' title='bbox 3345 1353 3490 1412; x_wconf 80' lang='lat' dir='ltr'><strong>ﬁlios</strong></span> 
     </span>
    </p>
   </div>
   <div class='ocr_carea' id='block_1_28' title="bbox 1913 1450 3490 1528">
    <p class='ocr_par' dir='ltr' id='par_1_28' title="bbox 1913 1450 3490 1528">
     <span class='ocr_line' id='line_1_28' title="bbox 1913 1450 3490 1528; baseline -0.002 -18"><span class='ocrx_word' id='word_1_206' title='bbox 1913 1453 2232 1526; x_wconf 80' lang='lat' dir='ltr'><strong>agnovistis.</strong></span> <span class='ocrx_word' id='word_1_207' title='bbox 2285 1454 2347 1510; x_wconf 86' lang='lat' dir='ltr'><strong>in</strong></span> <span class='ocrx_word' id='word_1_208' title='bbox 2394 1454 2744 1528; x_wconf 83' lang='lat' dir='ltr'><strong>bomonymis</strong></span> <span class='ocrx_word' id='word_1_209' title='bbox 2787 1461 2972 1509; x_wconf 85' lang='lat' dir='ltr'><strong>autem</strong></span> <span class='ocrx_word' id='word_1_210' title='bbox 3011 1459 3270 1507; x_wconf 87' lang='lat' dir='ltr'><strong>neutrum</strong></span> <span class='ocrx_word' id='word_1_211' title='bbox 3314 1450 3490 1508; x_wconf 83' lang='lat' dir='ltr'><strong>altero</strong></span> 
     </span>
    </p>
   </div>
   <div class='ocr_carea' id='block_1_29' title="bbox 1913 1545 3491 1617">
    <p class='ocr_par' dir='ltr' id='par_1_29' title="bbox 1913 1545 3491 1617">
     <span class='ocr_line' id='line_1_29' title="bbox 1913 1545 3491 1617; baseline -0.001 -14"><span class='ocrx_word' id='word_1_212' title='bbox 1913 1547 2208 1617; x_wconf 82' lang='lat' dir='ltr'><strong>specialius</strong></span> <span class='ocrx_word' id='word_1_213' title='bbox 2249 1547 2657 1604; x_wconf 87' lang='lat' dir='ltr'><strong>denominatur.</strong></span> <span class='ocrx_word' id='word_1_214' title='bbox 2696 1545 2801 1617; x_wconf 84' lang='lat' dir='ltr'><strong>Qui</strong></span> <span class='ocrx_word' id='word_1_215' title='bbox 2841 1546 2988 1602; x_wconf 90' lang='lat' dir='ltr'><strong>enim</strong></span> <span class='ocrx_word' id='word_1_216' title='bbox 3014 1545 3215 1600; x_wconf 83' lang='lat' dir='ltr'><strong>iterum</strong></span> <span class='ocrx_word' id='word_1_217' title='bbox 3244 1558 3346 1615; x_wconf 88' lang='lat' dir='ltr'><strong>per</strong></span> <span class='ocrx_word' id='word_1_218' title='bbox 3375 1556 3491 1615; x_wconf 71' lang='lat' dir='ltr'><strong>pcn-</strong></span> 
     </span>
    </p>
   </div>
   <div class='ocr_carea' id='block_1_30' title="bbox 1912 1635 3495 1708">
    <p class='ocr_par' dir='ltr' id='par_1_30' title="bbox 1912 1635 3495 1708">
     <span class='ocr_line' id='line_1_30' title="bbox 1912 1635 3495 1708; baseline -0.002 -16"><span class='ocrx_word' id='word_1_219' title='bbox 1912 1638 2200 1694; x_wconf 87' lang='lat' dir='ltr'><strong>nitentiam</strong></span> <span class='ocrx_word' id='word_1_220' title='bbox 2225 1637 2294 1694; x_wconf 86' lang='lat' dir='ltr'><strong>ad</strong></span> <span class='ocrx_word' id='word_1_221' title='bbox 2309 1639 2597 1706; x_wconf 82' lang='lat' dir='ltr'><strong>virtutem,</strong></span> <span class='ocrx_word' id='word_1_222' title='bbox 2613 1646 2672 1694; x_wconf 90' lang='lat' dir='ltr'><strong>et</strong></span> <span class='ocrx_word' id='word_1_223' title='bbox 2692 1653 2788 1708; x_wconf 92' lang='lat' dir='ltr'><strong>per</strong></span> <span class='ocrx_word' id='word_1_224' title='bbox 2805 1635 2968 1692; x_wconf 85' lang='lat' dir='ltr'><strong>fidem</strong></span> <span class='ocrx_word' id='word_1_225' title='bbox 2990 1637 3048 1691; x_wconf 91' lang='lat' dir='ltr'><strong>in</strong></span> <span class='ocrx_word' id='word_1_226' title='bbox 3079 1636 3345 1708; x_wconf 87' lang='lat' dir='ltr'><strong>Spiritum</strong></span> <span class='ocrx_word' id='word_1_227' title='bbox 3365 1649 3495 1692; x_wconf 80' lang='lat' dir='ltr'><strong>san-</strong></span> 
     </span>
    </p>
   </div>
   <div class='ocr_carea' id='block_1_31' title="bbox 1924 1727 3487 1802">
    <p class='ocr_par' dir='ltr' id='par_1_31' title="bbox 1924 1727 3487 1802">
     <span class='ocr_line' id='line_1_31' title="bbox 1924 1727 3487 1802; baseline -0.001 -17"><span class='ocrx_word' id='word_1_228' title='bbox 1924 1740 2074 1787; x_wconf 83' lang='lat' dir='ltr'><strong>ctum</strong></span> <span class='ocrx_word' id='word_1_229' title='bbox 2129 1731 2434 1801; x_wconf 75' lang='lat' dir='ltr'><strong>regenerati</strong></span> <span class='ocrx_word' id='word_1_230' title='bbox 2493 1740 2619 1787; x_wconf 88' lang='lat' dir='ltr'><strong>sunt</strong></span> <span class='ocrx_word' id='word_1_231' title='bbox 2647 1771 2666 1801; x_wconf 87' lang='lat'><strong>,</strong></span> <span class='ocrx_word' id='word_1_232' title='bbox 2697 1728 2792 1787; x_wconf 82' lang='lat' dir='ltr'><strong>filii</strong></span> <span class='ocrx_word' id='word_1_233' title='bbox 2852 1729 3072 1802; x_wconf 89' lang='lat' dir='ltr'><strong>Sponsi,</strong></span> <span class='ocrx_word' id='word_1_234' title='bbox 3100 1737 3157 1786; x_wconf 92' lang='lat' dir='ltr'><strong>et</strong></span> <span class='ocrx_word' id='word_1_235' title='bbox 3186 1727 3280 1784; x_wconf 83' lang='lat' dir='ltr'><strong>[iiii</strong></span> <span class='ocrx_word' id='word_1_236' title='bbox 3313 1727 3487 1801; x_wconf 83' lang='lat' dir='ltr'><strong>regni,</strong></span> 
     </span>
    </p>
   </div>
   <div class='ocr_carea' id='block_1_32' title="bbox 1919 1821 3237 1894">
    <p class='ocr_par' dir='ltr' id='par_1_32' title="bbox 1919 1821 3237 1894">
     <span class='ocr_line' id='line_1_32' title="bbox 1919 1821 3237 1894; baseline -0.001 -18"><span class='ocrx_word' id='word_1_237' title='bbox 1919 1830 1976 1876; x_wconf 89' lang='lat' dir='ltr'><strong>et</strong></span> <span class='ocrx_word' id='word_1_238' title='bbox 1997 1821 2102 1878; x_wconf 87' lang='lat' dir='ltr'><strong>alia</strong></span> <span class='ocrx_word' id='word_1_239' title='bbox 2125 1822 2347 1889; x_wconf 79' lang='lat' dir='ltr'><strong>similia,</strong></span> <span class='ocrx_word' id='word_1_240' title='bbox 2383 1834 2438 1878; x_wconf 87' lang='lat' dir='ltr'><strong>et</strong></span> <span class='ocrx_word' id='word_1_241' title='bbox 2475 1839 2506 1878; x_wconf 92' lang='lat' dir='ltr'><strong>a</strong></span> <span class='ocrx_word' id='word_1_242' title='bbox 2537 1823 2697 1880; x_wconf 82' lang='lat' dir='ltr'><strong>vobis</strong></span> <span class='ocrx_word' id='word_1_243' title='bbox 2733 1823 2867 1894; x_wconf 88' lang='lat' dir='ltr'><strong>ipsis</strong></span> <span class='ocrx_word' id='word_1_244' title='bbox 2892 1821 3062 1894; x_wconf 86' lang='lat' dir='ltr'><strong>agniti</strong></span> <span class='ocrx_word' id='word_1_245' title='bbox 3087 1829 3237 1878; x_wconf 87' lang='lat' dir='ltr'><strong>sunt.</strong></span> 
     </span>
    </p>
   </div>
   <div class='ocr_carea' id='block_1_33' title="bbox 291 1895 1817 1998">
    <p class='ocr_par' dir='ltr' id='par_1_33' title="bbox 291 1915 1805 1990">
     <span class='ocr_line' id='line_1_33' title="bbox 291 1915 1805 1990; baseline -0.002 -17"><span class='ocrx_word' id='word_1_246' title='bbox 291 1919 410 1973; x_wconf 79' lang='grc' dir='ltr'><strong>Καὶ</strong></span> <span class='ocrx_word' id='word_1_247' title='bbox 455 1919 576 1981; x_wconf 84' lang='grc' dir='ltr'><strong>πῶς</strong></span> <span class='ocrx_word' id='word_1_248' title='bbox 616 1919 676 1971; x_wconf 85' lang='grc' dir='ltr'><strong>ού</strong></span> <span class='ocrx_word' id='word_1_249' title='bbox 718 1918 988 1972; x_wconf 68' lang='grc' dir='ltr'>δεδώκατε</span> <span class='ocrx_word' id='word_1_250' title='bbox 1023 1920 1085 1972; x_wconf 77' lang='grc' dir='ltr'>τὸ</span> <span class='ocrx_word' id='word_1_251' title='bbox 1115 1919 1449 1990; x_wconf 75' lang='grc' dir='ltr'>ζητούμενον</span> <span class='ocrx_word' id='word_1_252' title='bbox 1491 1920 1656 1990; x_wconf 62' lang='lat' dir='ltr'><strong>mih;</strong></span> <span class='ocrx_word' id='word_1_253' title='bbox 1695 1915 1805 1970; x_wconf 72' lang='grc' dir='ltr'><strong>ἔδοὒ</strong></span> 
     </span>
    </p>
   </div>
   <div class='ocr_carea' id='block_1_34' title="bbox 1920 1895 3492 1998">
    <p class='ocr_par' dir='ltr' id='par_1_34' title="bbox 1986 1917 3492 1998">
     <span class='ocr_line' id='line_1_34' title="bbox 1986 1917 3492 1998; baseline 0 -24"><span class='ocrx_word' id='word_1_254' title='bbox 1986 1917 2052 1998; x_wconf 61' lang='lat' dir='ltr'><strong>Et</strong></span> <span class='ocrx_word' id='word_1_255' title='bbox 2095 1919 2376 1990; x_wconf 90' lang='lat' dir='ltr'><strong>quomodo</strong></span> <span class='ocrx_word' id='word_1_256' title='bbox 2397 1935 2534 1975; x_wconf 90' lang='lat' dir='ltr'><strong>-non</strong></span> <span class='ocrx_word' id='word_1_257' title='bbox 2570 1919 2921 1976; x_wconf 90' lang='lat' dir='ltr'><strong>concessistis</strong></span> <span class='ocrx_word' id='word_1_258' title='bbox 2943 1918 3091 1990; x_wconf 89' lang='lat' dir='ltr'><strong>quod</strong></span> <span class='ocrx_word' id='word_1_259' title='bbox 3119 1935 3221 1975; x_wconf 90' lang='lat' dir='ltr'><strong>nos</strong></span> <span class='ocrx_word' id='word_1_260' title='bbox 3250 1919 3492 1990; x_wconf 87' lang='lat' dir='ltr'><strong>postula-</strong></span> 
     </span>
    </p>
   </div>
   <div class='ocr_carea' id='block_1_35' title="bbox 209 2005 1804 2082">
    <p class='ocr_par' dir='ltr' id='par_1_35' title="bbox 209 2005 1804 2082">
     <span class='ocr_line' id='line_1_35' title="bbox 209 2005 1804 2082; baseline -0.003 -16"><span class='ocrx_word' id='word_1_261' title='bbox 209 2013 335 2082; x_wconf 75' lang='grc' dir='ltr'>γὰρ</span> <span class='ocrx_word' id='word_1_262' title='bbox 362 2011 424 2064; x_wconf 82' lang='grc' dir='ltr'>τὸ</span> <span class='ocrx_word' id='word_1_263' title='bbox 458 2011 681 2065; x_wconf 81' lang='grc' dir='ltr'>τοιῶσδε</span> <span class='ocrx_word' id='word_1_264' title='bbox 706 2005 868 2073; x_wconf 80' lang='grc' dir='ltr'>εἶναι,</span> <span class='ocrx_word' id='word_1_265' title='bbox 899 2013 990 2066; x_wconf 77' lang='grc' dir='ltr'>καὶ</span> <span class='ocrx_word' id='word_1_266' title='bbox 1013 2011 1221 2066; x_wconf 81' lang='grc' dir='ltr'>τοιοῦδέ</span> <span class='ocrx_word' id='word_1_267' title='bbox 1241 2029 1388 2076; x_wconf 88' lang='grc' dir='ltr'>τινος</span> <span class='ocrx_word' id='word_1_268' title='bbox 1417 2009 1804 2082; x_wconf 78' lang='grc' dir='ltr'>μετειληφέναι</span> 
     </span>
    </p>
   </div>
   <div class='ocr_carea' id='block_1_36' title="bbox 207 2102 1802 2172">
    <p class='ocr_par' dir='ltr' id='par_1_36' title="bbox 207 2102 1802 2172">
     <span class='ocr_line' id='line_1_36' title="bbox 207 2102 1802 2172; baseline -0.002 -13"><span class='ocrx_word' id='word_1_269' title='bbox 207 2106 370 2166; x_wconf 81' lang='grc' dir='ltr'>τινά,</span> <span class='ocrx_word' id='word_1_270' title='bbox 409 2103 669 2168; x_wconf 82' lang='grc' dir='ltr'>πολλάκις</span> <span class='ocrx_word' id='word_1_271' title='bbox 711 2103 812 2172; x_wconf 80' lang='grc' dir='ltr'>μὲν</span> <span class='ocrx_word' id='word_1_272' title='bbox 843 2105 1108 2166; x_wconf 72' lang='grc' dir='ltr'>ὲνουςίου,</span> <span class='ocrx_word' id='word_1_273' title='bbox 1141 2102 1402 2167; x_wconf 63' lang='grc' dir='ltr'>πολλάκις</span> <span class='ocrx_word' id='word_1_274' title='bbox 1451 2103 1508 2157; x_wconf 79' lang='grc' dir='ltr'>δὲ</span> <span class='ocrx_word' id='word_1_275' title='bbox 1568 2103 1662 2156; x_wconf 70' lang='grc' dir='ltr'>καὶ</span> <span class='ocrx_word' id='word_1_276' title='bbox 1707 2102 1802 2156; x_wconf 86' lang='grc' dir='ltr'><strong>ἀν-</strong></span> 
     </span>
    </p>
   </div>
   <div class='ocr_carea' id='block_1_37' title="bbox 209 2190 1804 2268">
    <p class='ocr_par' dir='ltr' id='par_1_37' title="bbox 209 2190 1804 2268">
     <span class='ocr_line' id='line_1_37' title="bbox 209 2190 1804 2268; baseline -0.005 -16"><span class='ocrx_word' id='word_1_277' title='bbox 209 2197 531 2252; x_wconf 81' lang='grc' dir='ltr'>υποστάτου</span> <span class='ocrx_word' id='word_1_278' title='bbox 560 2195 726 2260; x_wconf 77' lang='grc' dir='ltr'>τινὸς,</span> <span class='ocrx_word' id='word_1_279' title='bbox 767 2195 882 2248; x_wconf 83' lang='grc' dir='ltr'>υἱὸν</span> <span class='ocrx_word' id='word_1_280' title='bbox 908 2195 1066 2250; x_wconf 81' lang='grc' dir='ltr'>τοῦδε</span> <span class='ocrx_word' id='word_1_281' title='bbox 1096 2195 1312 2268; x_wconf 80' lang='grc' dir='ltr'>ἀληθῶς</span> <span class='ocrx_word' id='word_1_282' title='bbox 1361 2190 1499 2248; x_wconf 81' lang='grc' dir='ltr'>εἶναι</span> <span class='ocrx_word' id='word_1_283' title='bbox 1526 2193 1620 2248; x_wconf 75' lang='grc' dir='ltr'>καὶ</span> <span class='ocrx_word' id='word_1_284' title='bbox 1646 2193 1804 2262; x_wconf 84' lang='grc' dir='ltr'>λέγε-</span> 
     </span>
    </p>
   </div>
   <div class='ocr_carea' id='block_1_38' title="bbox 213 2283 1808 2356">
    <p class='ocr_par' dir='ltr' id='par_1_38' title="bbox 213 2283 1808 2356">
     <span class='ocr_line' id='line_1_38' title="bbox 213 2283 1808 2356; baseline -0.004 -15"><span class='ocrx_word' id='word_1_285' title='bbox 213 2288 356 2341; x_wconf 73' lang='grc' dir='ltr'>σθαι</span> <span class='ocrx_word' id='word_1_286' title='bbox 384 2287 548 2340; x_wconf 67' lang='grc' dir='ltr'>αὑτὸν</span> <span class='ocrx_word' id='word_1_287' title='bbox 583 2289 726 2340; x_wconf 83' lang='grc' dir='ltr'>ποιεῖ</span> <span class='ocrx_word' id='word_1_288' title='bbox 751 2305 763 2318; x_wconf 94' lang='grc'><strong>·</strong></span> <span class='ocrx_word' id='word_1_289' title='bbox 796 2288 854 2339; x_wconf 82' lang='grc' dir='ltr'>ἐν</span> <span class='ocrx_word' id='word_1_290' title='bbox 885 2288 992 2355; x_wconf 69' lang='grc' dir='ltr'><strong>γάρ</strong></span> <span class='ocrx_word' id='word_1_291' title='bbox 1019 2289 1131 2350; x_wconf 83' lang='grc' dir='ltr'>τοῖς</span> <span class='ocrx_word' id='word_1_292' title='bbox 1179 2285 1516 2356; x_wconf 84' lang='grc' dir='ltr'>ὁμωνύμοις,</span> <span class='ocrx_word' id='word_1_293' title='bbox 1542 2283 1618 2347; x_wconf 79' lang='grc' dir='ltr'><strong>ὡς</strong></span> <span class='ocrx_word' id='word_1_294' title='bbox 1654 2283 1808 2354; x_wconf 51' lang='lat' dir='ltr'><strong>sipri-</strong></span> 
     </span>
    </p>
   </div>
   <div class='ocr_carea' id='block_1_39' title="bbox 211 2370 1808 2446">
    <p class='ocr_par' dir='ltr' id='par_1_39' title="bbox 211 2370 1808 2446">
     <span class='ocr_line' id='line_1_39' title="bbox 211 2370 1808 2446; baseline -0.003 -17"><span class='ocrx_word' id='word_1_295' title='bbox 211 2394 334 2431; x_wconf 82' lang='grc' dir='ltr'>ται.</span> <span class='ocrx_word' id='word_1_296' title='bbox 374 2377 473 2430; x_wconf 76' lang='grc' dir='ltr'>οὐκ</span> <span class='ocrx_word' id='word_1_297' title='bbox 522 2375 668 2428; x_wconf 80' lang='grc' dir='ltr'>ἔστιν</span> <span class='ocrx_word' id='word_1_298' title='bbox 699 2375 887 2446; x_wconf 75' lang='grc' dir='ltr'>ἕτερον</span> <span class='ocrx_word' id='word_1_299' title='bbox 934 2375 1122 2446; x_wconf 76' lang='grc' dir='ltr'>ἐτέρου</span> <span class='ocrx_word' id='word_1_300' title='bbox 1179 2372 1378 2444; x_wconf 76' lang='grc' dir='ltr'>μᾶλλον</span> <span class='ocrx_word' id='word_1_301' title='bbox 1407 2371 1440 2442; x_wconf 75' lang='grc' dir='ltr'>ἢ</span> <span class='ocrx_word' id='word_1_302' title='bbox 1473 2370 1808 2443; x_wconf 83' lang='grc' dir='ltr'>κυριώτερον</span> 
     </span>
    </p>
   </div>
   <div class='ocr_carea' id='block_1_40' title="bbox 209 2463 1807 2538">
    <p class='ocr_par' dir='ltr' id='par_1_40' title="bbox 209 2463 1807 2538">
     <span class='ocr_line' id='line_1_40' title="bbox 209 2463 1807 2538; baseline -0.003 -17"><span class='ocrx_word' id='word_1_303' title='bbox 209 2466 557 2538; x_wconf 70' lang='grc' dir='ltr'>λεγόμενον·</span> <span class='ocrx_word' id='word_1_304' title='bbox 592 2469 641 2520; x_wconf 82' lang='grc' dir='ltr'><strong>εί</strong></span> <span class='ocrx_word' id='word_1_305' title='bbox 687 2467 798 2536; x_wconf 74' lang='grc' dir='ltr'>γὰρ</span> <span class='ocrx_word' id='word_1_306' title='bbox 844 2466 940 2518; x_wconf 75' lang='grc' dir='ltr'>καὶ</span> <span class='ocrx_word' id='word_1_307' title='bbox 977 2466 1040 2519; x_wconf 82' lang='grc' dir='ltr'>τὸ</span> <span class='ocrx_word' id='word_1_308' title='bbox 1091 2465 1230 2530; x_wconf 82' lang='grc' dir='ltr'>ζῶον</span> <span class='ocrx_word' id='word_1_309' title='bbox 1272 2463 1368 2518; x_wconf 81' lang='grc' dir='ltr'>τοῦ</span> <span class='ocrx_word' id='word_1_310' title='bbox 1418 2463 1807 2534; x_wconf 82' lang='grc' dir='ltr'>γεγραμμένου</span> 
     </span>
    </p>
   </div>
   <div class='ocr_carea' id='block_1_41' title="bbox 215 2554 1807 2628">
    <p class='ocr_par' dir='ltr' id='par_1_41' title="bbox 215 2554 1807 2628">
     <span class='ocr_line' id='line_1_41' title="bbox 215 2554 1807 2628; baseline -0.003 -16"><span class='ocrx_word' id='word_1_311' title='bbox 215 2559 434 2628; x_wconf 70' lang='grc' dir='ltr'>μᾶλλον</span> <span class='ocrx_word' id='word_1_312' title='bbox 485 2557 652 2622; x_wconf 78' lang='grc' dir='ltr'>δοκεῖ,</span> <span class='ocrx_word' id='word_1_313' title='bbox 713 2559 805 2610; x_wconf 68' lang='grc' dir='ltr'>καὶ</span> <span class='ocrx_word' id='word_1_314' title='bbox 849 2559 1203 2628; x_wconf 74' lang='grc' dir='ltr'><strong>κυριωτέρως</strong></span> <span class='ocrx_word' id='word_1_315' title='bbox 1255 2555 1374 2610; x_wconf 80' lang='grc' dir='ltr'>τόδε</span> <span class='ocrx_word' id='word_1_316' title='bbox 1422 2573 1476 2610; x_wconf 88' lang='grc' dir='ltr'><strong>τι</strong></span> <span class='ocrx_word' id='word_1_317' title='bbox 1531 2554 1807 2624; x_wconf 80' lang='grc' dir='ltr'>λέγεσθαι,</span> 
     </span>
    </p>
   </div>
   <div class='ocr_carea' id='block_1_42' title="bbox 217 2647 1811 2722">
    <p class='ocr_par' dir='ltr' id='par_1_42' title="bbox 217 2647 1811 2722">
     <span class='ocr_line' id='line_1_42' title="bbox 217 2647 1811 2722; baseline -0.003 -16"><span class='ocrx_word' id='word_1_318' title='bbox 217 2653 349 2707; x_wconf 77' lang='grc' dir='ltr'>ἀλλ’</span> <span class='ocrx_word' id='word_1_319' title='bbox 369 2650 472 2722; x_wconf 83' lang='grc' dir='ltr'>οὐχ</span> <span class='ocrx_word' id='word_1_320' title='bbox 515 2651 590 2714; x_wconf 86' lang='grc' dir='ltr'><strong>ὼς</strong></span> <span class='ocrx_word' id='word_1_321' title='bbox 647 2652 940 2722; x_wconf 84' lang='grc' dir='ltr'>ὁμώνυμον</span> <span class='ocrx_word' id='word_1_322' title='bbox 989 2649 1112 2703; x_wconf 80' lang='grc' dir='ltr'>τότε</span> <span class='ocrx_word' id='word_1_323' title='bbox 1142 2687 1158 2712; x_wconf 88' lang='grc'><strong>,</strong></span> <span class='ocrx_word' id='word_1_324' title='bbox 1215 2648 1331 2702; x_wconf 79' lang='grc' dir='ltr'>ἀλλ’</span> <span class='ocrx_word' id='word_1_325' title='bbox 1358 2649 1435 2712; x_wconf 83' lang='grc' dir='ltr'><strong>ὼς</strong></span> <span class='ocrx_word' id='word_1_326' title='bbox 1489 2648 1551 2702; x_wconf 81' lang='grc' dir='ltr'>οὐ</span> <span class='ocrx_word' id='word_1_327' title='bbox 1605 2647 1811 2718; x_wconf 88' lang='grc' dir='ltr'>κυρίως</span> 
     </span>
    </p>
   </div>
   <div class='ocr_carea' id='block_1_43' title="bbox 218 2736 1811 2812">
    <p class='ocr_par' dir='ltr' id='par_1_43' title="bbox 218 2736 1811 2812">
     <span class='ocr_line' id='line_1_43' title="bbox 218 2736 1811 2812; baseline -0.004 -17"><span class='ocrx_word' id='word_1_328' title='bbox 218 2740 622 2812; x_wconf 78' lang='grc' dir='ltr'>ὠνομασμένον</span> <span class='ocrx_word' id='word_1_329' title='bbox 643 2739 703 2794; x_wconf 75' lang='grc' dir='ltr'><strong>τὸ</strong></span> <span class='ocrx_word' id='word_1_330' title='bbox 725 2739 929 2811; x_wconf 82' lang='grc' dir='ltr'>κυρίως</span> <span class='ocrx_word' id='word_1_331' title='bbox 955 2738 1259 2810; x_wconf 77' lang='grc' dir='ltr'>ὀνομασθέν</span> <span class='ocrx_word' id='word_1_332' title='bbox 1285 2753 1298 2768; x_wconf 83' lang='grc'><em>’</em></span> <span class='ocrx_word' id='word_1_333' title='bbox 1335 2737 1428 2792; x_wconf 88' lang='grc' dir='ltr'><strong>δύο</strong></span> <span class='ocrx_word' id='word_1_334' title='bbox 1451 2736 1582 2806; x_wconf 78' lang='grc' dir='ltr'>γοῦν</span> <span class='ocrx_word' id='word_1_335' title='bbox 1605 2736 1811 2808; x_wconf 82' lang='grc' dir='ltr'>κυρίως</span> 
     </span>
    </p>
   </div>
   <div class='ocr_carea' id='block_1_44' title="bbox 219 2827 1812 2904">
    <p class='ocr_par' dir='ltr' id='par_1_44' title="bbox 219 2827 1812 2904">
     <span class='ocr_line' id='line_1_44' title="bbox 219 2827 1812 2904; baseline -0.005 -17"><span class='ocrx_word' id='word_1_336' title='bbox 219 2833 642 2904; x_wconf 80' lang='grc' dir='ltr'>ὠνομασμένων</span> <span class='ocrx_word' id='word_1_337' title='bbox 669 2833 702 2902; x_wconf 76' lang='grc' dir='ltr'><strong>ἡ</strong></span> <span class='ocrx_word' id='word_1_338' title='bbox 738 2831 1030 2902; x_wconf 80' lang='grc' dir='ltr'>ὁμωνυμία</span> <span class='ocrx_word' id='word_1_339' title='bbox 1079 2831 1180 2902; x_wconf 80' lang='grc' dir='ltr'>οὐχ</span> <span class='ocrx_word' id='word_1_340' title='bbox 1227 2830 1340 2898; x_wconf 71' lang='grc' dir='ltr'>ἔξει</span> <span class='ocrx_word' id='word_1_341' title='bbox 1365 2829 1499 2884; x_wconf 80' lang='grc' dir='ltr'>ποτὲ</span> <span class='ocrx_word' id='word_1_342' title='bbox 1523 2829 1584 2884; x_wconf 79' lang='grc' dir='ltr'>τὸ</span> <span class='ocrx_word' id='word_1_343' title='bbox 1613 2827 1812 2900; x_wconf 80' lang='grc' dir='ltr'>μᾶλλον</span> 
     </span>
    </p>
   </div>
   <div class='ocr_carea' id='block_1_45' title="bbox 221 2921 1812 3000">
    <p class='ocr_par' dir='ltr' id='par_1_45' title="bbox 221 2921 1812 3000">
     <span class='ocr_line' id='line_1_45' title="bbox 221 2921 1812 3000; baseline -0.006 -17"><span class='ocrx_word' id='word_1_344' title='bbox 221 2929 326 2983; x_wconf 77' lang='grc' dir='ltr'>καὶ</span> <span class='ocrx_word' id='word_1_345' title='bbox 347 2921 515 3000; x_wconf 84' lang='grc' dir='ltr'>ἦττον</span> <span class='ocrx_word' id='word_1_346' title='bbox 535 2941 548 2956; x_wconf 89' lang='grc'><strong>·</strong></span> <span class='ocrx_word' id='word_1_347' title='bbox 577 2925 639 2980; x_wconf 85' lang='grc' dir='ltr'><strong>ού</strong></span> <span class='ocrx_word' id='word_1_348' title='bbox 669 2925 778 2998; x_wconf 71' lang='grc' dir='ltr'><strong>γὰρ</strong></span> <span class='ocrx_word' id='word_1_349' title='bbox 811 2924 1012 2995; x_wconf 77' lang='grc' dir='ltr'>μᾶλλον</span> <span class='ocrx_word' id='word_1_350' title='bbox 1043 2923 1190 2978; x_wconf 88' lang='grc' dir='ltr'>κύων</span> <span class='ocrx_word' id='word_1_351' title='bbox 1215 2925 1244 2978; x_wconf 97' lang='lat'><strong>6</strong></span> <span class='ocrx_word' id='word_1_352' title='bbox 1271 2925 1529 2996; x_wconf 76' lang='grc' dir='ltr'>χερσαῖος</span> <span class='ocrx_word' id='word_1_353' title='bbox 1581 2922 1616 2994; x_wconf 78' lang='grc' dir='ltr'><strong>ἢ</strong></span> <span class='ocrx_word' id='word_1_354' title='bbox 1649 2922 1680 2975; x_wconf 89' lang='lat'><strong>6</strong></span> <span class='ocrx_word' id='word_1_355' title='bbox 1714 2921 1812 2974; x_wconf 83' lang='grc' dir='ltr'><strong>θα·-</strong></span> 
     </span>
    </p>
   </div>
   <div class='ocr_carea' id='block_1_46' title="bbox 223 3011 1814 3090">
    <p class='ocr_par' dir='ltr' id='par_1_46' title="bbox 223 3011 1814 3090">
     <span class='ocr_line' id='line_1_46' title="bbox 223 3011 1814 3090; baseline -0.005 -16"><span class='ocrx_word' id='word_1_356' title='bbox 223 3023 468 3085; x_wconf 77' lang='grc' dir='ltr'>λάττιος,</span> <span class='ocrx_word' id='word_1_357' title='bbox 494 3012 658 3090; x_wconf 81' lang='grc' dir='ltr'>ἦττον</span> <span class='ocrx_word' id='word_1_358' title='bbox 687 3017 825 3081; x_wconf 79' lang='grc' dir='ltr'>ζῶον</span> <span class='ocrx_word' id='word_1_359' title='bbox 843 3016 877 3088; x_wconf 75' lang='grc' dir='ltr'><strong>ἢ</strong></span> <span class='ocrx_word' id='word_1_360' title='bbox 897 3015 1064 3072; x_wconf 81' lang='grc' dir='ltr'>κύων.</span> <span class='ocrx_word' id='word_1_361' title='bbox 1087 3017 1162 3070; x_wconf 86' lang='grc' dir='ltr'>Τὸ</span> <span class='ocrx_word' id='word_1_362' title='bbox 1187 3017 1575 3086; x_wconf 77' lang='grc' dir='ltr'>γεγραμμένον</span> <span class='ocrx_word' id='word_1_363' title='bbox 1597 3013 1710 3078; x_wconf 79' lang='grc' dir='ltr'>οὖν,</span> <span class='ocrx_word' id='word_1_364' title='bbox 1737 3011 1814 3077; x_wconf 85' lang='grc' dir='ltr'>ὡς</span> 
     </span>
    </p>
   </div>
   <div class='ocr_carea' id='block_1_47' title="bbox 225 3103 1811 3183">
    <p class='ocr_par' dir='ltr' id='par_1_47' title="bbox 225 3103 1811 3183">
     <span class='ocr_line' id='line_1_47' title="bbox 225 3103 1811 3183; baseline -0.008 -15"><span class='ocrx_word' id='word_1_365' title='bbox 225 3112 410 3168; x_wconf 85' lang='grc' dir='ltr'>αίτιον</span> <span class='ocrx_word' id='word_1_366' title='bbox 443 3111 478 3183; x_wconf 74' lang='grc' dir='ltr'>ἢ</span> <span class='ocrx_word' id='word_1_367' title='bbox 509 3109 861 3180; x_wconf 65' lang='grc' dir='ltr'>παράδειγμα</span> <span class='ocrx_word' id='word_1_368' title='bbox 895 3109 930 3180; x_wconf 70' lang='grc' dir='ltr'><strong>ἦ</strong></span> <span class='ocrx_word' id='word_1_369' title='bbox 959 3123 1016 3161; x_wconf 88' lang='grc' dir='ltr'><strong>τι</strong></span> <span class='ocrx_word' id='word_1_370' title='bbox 1053 3106 1297 3162; x_wconf 78' lang='grc' dir='ltr'>τοιοῦτον</span> <span class='ocrx_word' id='word_1_371' title='bbox 1328 3105 1392 3160; x_wconf 80' lang='grc' dir='ltr'>τὸ</span> <span class='ocrx_word' id='word_1_372' title='bbox 1425 3105 1624 3176; x_wconf 76' lang='grc' dir='ltr'>μᾶλλον</span> <span class='ocrx_word' id='word_1_373' title='bbox 1653 3103 1770 3174; x_wconf 74' lang='grc' dir='ltr'>εχει</span> <span class='ocrx_word' id='word_1_374' title='bbox 1797 3120 1811 3135; x_wconf 79' lang='grc' dir='ltr'><strong>ο</strong></span> 
     </span>
    </p>
   </div>
   <div class='ocr_carea' id='block_1_48' title="bbox 225 3195 1814 3270">
    <p class='ocr_par' dir='ltr' id='par_1_48' title="bbox 225 3195 1814 3270">
     <span class='ocr_line' id='line_1_48' title="bbox 225 3195 1814 3270; baseline -0.009 -9"><span class='ocrx_word' id='word_1_375' title='bbox 225 3207 413 3270; x_wconf 78' lang='grc' dir='ltr'>ἄλλως</span> <span class='ocrx_word' id='word_1_376' title='bbox 434 3223 494 3259; x_wconf 87' lang='grc' dir='ltr'><strong>τε</strong></span> <span class='ocrx_word' id='word_1_377' title='bbox 515 3205 566 3259; x_wconf 84' lang='grc' dir='ltr'><strong>εί</strong></span> <span class='ocrx_word' id='word_1_378' title='bbox 589 3202 685 3258; x_wconf 82' lang='grc' dir='ltr'>τοῦ</span> <span class='ocrx_word' id='word_1_379' title='bbox 714 3198 853 3256; x_wconf 83' lang='grc' dir='ltr'>εἶναι</span> <span class='ocrx_word' id='word_1_380' title='bbox 885 3198 1050 3254; x_wconf 82' lang='grc' dir='ltr'>αὑτοῦ</span> <span class='ocrx_word' id='word_1_381' title='bbox 1083 3197 1260 3254; x_wconf 84' lang='grc' dir='ltr'>αίτιον</span> <span class='ocrx_word' id='word_1_382' title='bbox 1288 3195 1429 3252; x_wconf 72' lang='grc' dir='ltr'>εἶναι</span> <span class='ocrx_word' id='word_1_383' title='bbox 1452 3197 1534 3252; x_wconf 84' lang='grc' dir='ltr'><strong>δεῖ</strong></span> <span class='ocrx_word' id='word_1_384' title='bbox 1557 3196 1650 3250; x_wconf 79' lang='grc' dir='ltr'>τὸν</span> <span class='ocrx_word' id='word_1_385' title='bbox 1677 3195 1814 3267; x_wconf 85' lang='grc' dir='ltr'><strong>ἀλη-</strong></span> 
     </span>
    </p>
   </div>
   <div class='ocr_carea' id='block_1_49' title="bbox 226 3287 1816 3367">
    <p class='ocr_par' dir='ltr' id='par_1_49' title="bbox 226 3287 1816 3367">
     <span class='ocr_line' id='line_1_49' title="bbox 226 3287 1816 3367; baseline -0.009 -13"><span class='ocrx_word' id='word_1_386' title='bbox 226 3299 339 3363; x_wconf 80' lang='grc' dir='ltr'><strong>θῶς</strong></span> <span class='ocrx_word' id='word_1_387' title='bbox 383 3296 676 3367; x_wconf 85' lang='grc' dir='ltr'>λεγόμενον</span> <span class='ocrx_word' id='word_1_388' title='bbox 720 3295 900 3347; x_wconf 77' lang='grc' dir='ltr'>τεκεῖν</span> <span class='ocrx_word' id='word_1_389' title='bbox 949 3291 1148 3356; x_wconf 85' lang='grc' dir='ltr'>πάντα,</span> <span class='ocrx_word' id='word_1_390' title='bbox 1173 3289 1350 3352; x_wconf 63' lang='grc' dir='ltr'>οὐδεὶς</span> <span class='ocrx_word' id='word_1_391' title='bbox 1377 3287 1666 3359; x_wconf 78' lang='grc' dir='ltr'>ἄνθρωπος</span> <span class='ocrx_word' id='word_1_392' title='bbox 1716 3287 1816 3341; x_wconf 80' lang='grc' dir='ltr'>άν-</span> 
     </span>
    </p>
   </div>
   <div class='ocr_carea' id='block_1_50' title="bbox 228 3379 1818 3462">
    <p class='ocr_par' dir='ltr' id='par_1_50' title="bbox 228 3379 1818 3462">
     <span class='ocr_line' id='line_1_50' title="bbox 228 3379 1818 3462; baseline -0.008 -18"><span class='ocrx_word' id='word_1_393' title='bbox 228 3391 460 3462; x_wconf 85' lang='grc' dir='ltr'>θρώπου</span> <span class='ocrx_word' id='word_1_394' title='bbox 483 3389 672 3458; x_wconf 83' lang='grc' dir='ltr'>πατήρ</span> <span class='ocrx_word' id='word_1_395' title='bbox 691 3405 704 3418; x_wconf 89' lang='grc'><strong>·</strong></span> <span class='ocrx_word' id='word_1_396' title='bbox 736 3385 858 3440; x_wconf 68' lang='grc' dir='ltr'>οὐδὲ</span> <span class='ocrx_word' id='word_1_397' title='bbox 881 3383 1072 3454; x_wconf 71' lang='grc' dir='ltr'>ἕτερον</span> <span class='ocrx_word' id='word_1_398' title='bbox 1105 3381 1244 3444; x_wconf 78' lang='grc' dir='ltr'>ζῶον</span> <span class='ocrx_word' id='word_1_399' title='bbox 1279 3379 1418 3446; x_wconf 79' lang='grc' dir='ltr'>ζῶον</span> <span class='ocrx_word' id='word_1_400' title='bbox 1451 3379 1638 3451; x_wconf 73' lang='grc' dir='ltr'>ἕτερον</span> <span class='ocrx_word' id='word_1_401' title='bbox 1665 3379 1818 3432; x_wconf 85' lang='grc' dir='ltr'>τέτο-</span> 
     </span>
    </p>
   </div>
   <div class='ocr_carea' id='block_1_51' title="bbox 229 3467 1820 3550">
    <p class='ocr_par' dir='ltr' id='par_1_51' title="bbox 229 3467 1820 3550">
     <span class='ocr_line' id='line_1_51' title="bbox 229 3467 1820 3550; baseline -0.008 -16"><span class='ocrx_word' id='word_1_402' title='bbox 229 3498 293 3534; x_wconf 84' lang='grc' dir='ltr'><strong>κε</strong></span> <span class='ocrx_word' id='word_1_403' title='bbox 318 3495 332 3510; x_wconf 73' lang='grc'><strong><em>⁸</em></strong></span> <span class='ocrx_word' id='word_1_404' title='bbox 360 3477 545 3550; x_wconf 80' lang='grc' dir='ltr'>ψυχὴν</span> <span class='ocrx_word' id='word_1_405' title='bbox 575 3476 685 3546; x_wconf 81' lang='grc' dir='ltr'><strong>γὰρ</strong></span> <span class='ocrx_word' id='word_1_406' title='bbox 713 3473 972 3546; x_wconf 81' lang='grc' dir='ltr'>νοητικὴν</span> <span class='ocrx_word' id='word_1_407' title='bbox 999 3471 1034 3542; x_wconf 83' lang='grc' dir='ltr'>ἢ</span> <span class='ocrx_word' id='word_1_408' title='bbox 1067 3471 1414 3542; x_wconf 80' lang='grc' dir='ltr'>αἰσθητικὴν,</span> <span class='ocrx_word' id='word_1_409' title='bbox 1436 3471 1537 3524; x_wconf 73' lang='grc' dir='ltr'>οὐκ</span> <span class='ocrx_word' id='word_1_410' title='bbox 1580 3468 1696 3540; x_wconf 69' lang='grc' dir='ltr'>ἔχει</span> <span class='ocrx_word' id='word_1_411' title='bbox 1749 3467 1820 3522; x_wconf 76' lang='grc' dir='ltr'><strong>τὰ</strong></span> 
     </span>
    </p>
   </div>
   <div class='ocr_carea' id='block_1_52' title="bbox 233 3561 1820 3646">
    <p class='ocr_par' dir='ltr' id='par_1_52' title="bbox 233 3561 1820 3646">
     <span class='ocr_line' id='line_1_52' title="bbox 233 3561 1820 3646; baseline -0.007 -20"><span class='ocrx_word' id='word_1_412' title='bbox 233 3572 536 3646; x_wconf 78' lang='grc' dir='ltr'>σπέρματα</span> <span class='ocrx_word' id='word_1_413' title='bbox 561 3584 577 3598; x_wconf 85' lang='grc'><strong>·</strong></span> <span class='ocrx_word' id='word_1_414' title='bbox 609 3567 744 3623; x_wconf 84' lang='grc' dir='ltr'>ἀλλὰ</span> <span class='ocrx_word' id='word_1_415' title='bbox 802 3565 943 3637; x_wconf 78' lang='grc' dir='ltr'>μετά</span> <span class='ocrx_word' id='word_1_416' title='bbox 995 3565 1098 3637; x_wconf 79' lang='grc' dir='ltr'>τὴν</span> <span class='ocrx_word' id='word_1_417' title='bbox 1145 3563 1428 3640; x_wconf 77' lang='grc' dir='ltr'>μόρφωσιν</span> <span class='ocrx_word' id='word_1_418' title='bbox 1465 3563 1561 3616; x_wconf 71' lang='grc' dir='ltr'>καὶ</span> <span class='ocrx_word' id='word_1_419' title='bbox 1607 3561 1820 3616; x_wconf 82' lang='grc' dir='ltr'>τελείαν</span> 
     </span>
    </p>
   </div>
   <div class='ocr_carea' id='block_1_53' title="bbox 231 3651 1821 3730">
    <p class='ocr_par' dir='ltr' id='par_1_53' title="bbox 231 3651 1821 3730">
     <span class='ocr_line' id='line_1_53' title="bbox 231 3651 1821 3730; baseline -0.006 -14"><span class='ocrx_word' id='word_1_420' title='bbox 231 3660 597 3730; x_wconf 68' lang='grc' dir='ltr'>διορ-ίάνωσιν</span> <span class='ocrx_word' id='word_1_421' title='bbox 660 3655 756 3712; x_wconf 82' lang='grc' dir='ltr'>τοῦ</span> <span class='ocrx_word' id='word_1_422' title='bbox 819 3654 1031 3729; x_wconf 77' lang='grc' dir='ltr'>ἀψύχου</span> <span class='ocrx_word' id='word_1_423' title='bbox 1086 3654 1327 3727; x_wconf 73' lang='grc' dir='ltr'>ἐμϐρύου</span> <span class='ocrx_word' id='word_1_424' title='bbox 1357 3693 1373 3720; x_wconf 96' lang='grc'><strong>,</strong></span> <span class='ocrx_word' id='word_1_425' title='bbox 1420 3651 1688 3724; x_wconf 79' lang='grc' dir='ltr'>ψυχοῦται</span> <span class='ocrx_word' id='word_1_426' title='bbox 1758 3651 1821 3706; x_wconf 76' lang='grc' dir='ltr'>τὸ</span> 
     </span>
    </p>
   </div>
   <div class='ocr_carea' id='block_1_54' title="bbox 235 3745 1824 3820">
    <p class='ocr_par' dir='ltr' id='par_1_54' title="bbox 235 3745 1824 3820">
     <span class='ocr_line' id='line_1_54' title="bbox 235 3745 1824 3820; baseline -0.003 -18"><span class='ocrx_word' id='word_1_427' title='bbox 235 3752 382 3815; x_wconf 82' lang='grc' dir='ltr'>ζῶον</span> <span class='ocrx_word' id='word_1_428' title='bbox 411 3751 487 3820; x_wconf 81' lang='grc'><strong>(6)</strong></span> <span class='ocrx_word' id='word_1_429' title='bbox 513 3749 606 3802; x_wconf 73' lang='grc' dir='ltr'><strong>καὶ</strong></span> <span class='ocrx_word' id='word_1_430' title='bbox 635 3747 872 3818; x_wconf 85' lang='grc' dir='ltr'>μάλιστα</span> <span class='ocrx_word' id='word_1_431' title='bbox 893 3745 1178 3817; x_wconf 77' lang='grc' dir='ltr'>ἄνθρωπος</span> <span class='ocrx_word' id='word_1_432' title='bbox 1212 3745 1318 3800; x_wconf 81' lang='grc' dir='ltr'><strong>ὑπὸ</strong></span> <span class='ocrx_word' id='word_1_433' title='bbox 1342 3745 1438 3800; x_wconf 80' lang='grc' dir='ltr'><strong>τοῦ</strong></span> <span class='ocrx_word' id='word_1_434' title='bbox 1493 3745 1824 3807; x_wconf 74' lang='grc' dir='ltr'>πλάττοντος</span> 
     </span>
    </p>
   </div>
   <div class='ocr_carea' id='block_1_55' title="bbox 235 3833 1821 3911">
    <p class='ocr_par' dir='ltr' id='par_1_55' title="bbox 235 3833 1821 3911">
     <span class='ocr_line' id='line_1_55' title="bbox 235 3833 1821 3911; baseline -0.004 -16"><span class='ocrx_word' id='word_1_435' title='bbox 235 3842 464 3911; x_wconf 77' lang='grc' dir='ltr'>πνεῦμα</span> <span class='ocrx_word' id='word_1_436' title='bbox 527 3837 821 3911; x_wconf 83' lang='grc' dir='ltr'>ἀνθρώπου</span> <span class='ocrx_word' id='word_1_437' title='bbox 872 3841 932 3894; x_wconf 81' lang='grc' dir='ltr'><strong>έν</strong></span> <span class='ocrx_word' id='word_1_438' title='bbox 983 3837 1136 3910; x_wconf 84' lang='grc' dir='ltr'>αὐτῷ</span> <span class='ocrx_word' id='word_1_439' title='bbox 1193 3837 1332 3892; x_wconf 77' lang='grc' dir='ltr'>Θεοῦ</span> <span class='ocrx_word' id='word_1_440' title='bbox 1366 3853 1380 3866; x_wconf 88' lang='grc'><strong>·</strong></span> <span class='ocrx_word' id='word_1_441' title='bbox 1409 3837 1491 3891; x_wconf 76' lang='grc' dir='ltr'><strong>διὸ</strong></span> <span class='ocrx_word' id='word_1_442' title='bbox 1537 3837 1634 3891; x_wconf 76' lang='grc' dir='ltr'>καὶ</span> <span class='ocrx_word' id='word_1_443' title='bbox 1655 3833 1821 3906; x_wconf 83' lang='grc' dir='ltr'>φονέα</span> 
     </span>
    </p>
   </div>
   <div class='ocr_carea' id='block_1_56' title="bbox 240 3923 1824 4003">
    <p class='ocr_par' dir='ltr' id='par_1_56' title="bbox 240 3923 1824 4003">
     <span class='ocr_line' id='line_1_56' title="bbox 240 3923 1824 4003; baseline -0.006 -17"><span class='ocrx_word' id='word_1_444' title='bbox 240 3931 408 3999; x_wconf 79' lang='grc' dir='ltr'>ζώου,</span> <span class='ocrx_word' id='word_1_445' title='bbox 446 3931 548 4003; x_wconf 75' lang='grc' dir='ltr'>τὴν</span> <span class='ocrx_word' id='word_1_446' title='bbox 597 3929 735 4000; x_wconf 80' lang='grc' dir='ltr'>μετὰ</span> <span class='ocrx_word' id='word_1_447' title='bbox 775 3931 876 4000; x_wconf 77' lang='grc' dir='ltr'>τὴν</span> <span class='ocrx_word' id='word_1_448' title='bbox 905 3927 1280 3998; x_wconf 75' lang='grc' dir='ltr'>διαμόρφωσιν</span> <span class='ocrx_word' id='word_1_449' title='bbox 1319 3925 1492 3980; x_wconf 81' lang='grc' dir='ltr'>αἴτιον</span> <span class='ocrx_word' id='word_1_450' title='bbox 1517 3928 1618 3994; x_wconf 74' lang='grc' dir='ltr'>τῆς</span> <span class='ocrx_word' id='word_1_451' title='bbox 1649 3923 1824 3993; x_wconf 69' lang='grc' dir='ltr'>ἑξαμ-</span> 
     </span>
    </p>
   </div>
   <div class='ocr_carea' id='block_1_57' title="bbox 241 4015 1822 4093">
    <p class='ocr_par' dir='ltr' id='par_1_57' title="bbox 241 4015 1822 4093">
     <span class='ocr_line' id='line_1_57' title="bbox 241 4015 1822 4093; baseline -0.006 -16"><span class='ocrx_word' id='word_1_452' title='bbox 241 4023 518 4087; x_wconf 80' lang='grc' dir='ltr'>σλὼσεως,</span> <span class='ocrx_word' id='word_1_453' title='bbox 544 4022 721 4093; x_wconf 81' lang='grc' dir='ltr'>κρίνει</span> <span class='ocrx_word' id='word_1_454' title='bbox 746 4023 774 4074; x_wconf 87' lang='lat'><strong>6</strong></span> <span class='ocrx_word' id='word_1_455' title='bbox 805 4020 949 4084; x_wconf 75' lang='grc' dir='ltr'>θεῖος</span> <span class='ocrx_word' id='word_1_456' title='bbox 985 4020 1149 4090; x_wconf 87' lang='grc' dir='ltr'>νόμος</span> <span class='ocrx_word' id='word_1_457' title='bbox 1172 4035 1186 4052; x_wconf 79' lang='grc' dir='ltr'><strong>ο</strong></span> <span class='ocrx_word' id='word_1_458' title='bbox 1228 4017 1336 4089; x_wconf 85' lang='grc' dir='ltr'>ἄρα</span> <span class='ocrx_word' id='word_1_459' title='bbox 1363 4015 1458 4072; x_wconf 77' lang='grc' dir='ltr'>οὖν</span> <span class='ocrx_word' id='word_1_460' title='bbox 1497 4015 1822 4088; x_wconf 82' lang='grc' dir='ltr'>σαρκοτόκοι</span> 
     </span>
    </p>
   </div>
   <div class='ocr_carea' id='block_1_58' title="bbox 246 4107 1824 4184">
    <p class='ocr_par' dir='ltr' id='par_1_58' title="bbox 246 4107 1824 4184">
     <span class='ocr_line' id='line_1_58' title="bbox 246 4107 1824 4184; baseline -0.003 -19"><span class='ocrx_word' id='word_1_461' title='bbox 246 4113 406 4184; x_wconf 78' lang='grc' dir='ltr'>μόνον</span> <span class='ocrx_word' id='word_1_462' title='bbox 437 4113 533 4166; x_wconf 74' lang='grc' dir='ltr'>καὶ</span> <span class='ocrx_word' id='word_1_463' title='bbox 565 4111 802 4183; x_wconf 83' lang='grc' dir='ltr'>μάλιστα</span> <span class='ocrx_word' id='word_1_464' title='bbox 833 4113 884 4164; x_wconf 89' lang='lat' dir='ltr'><strong>oi</strong></span> <span class='ocrx_word' id='word_1_465' title='bbox 919 4111 1155 4175; x_wconf 75' lang='grc' dir='ltr'>πατέρες</span> <span class='ocrx_word' id='word_1_466' title='bbox 1183 4125 1199 4140; x_wconf 72' lang='grc' dir='ltr'><strong>ο</strong></span> <span class='ocrx_word' id='word_1_467' title='bbox 1234 4109 1410 4174; x_wconf 75' lang='grc' dir='ltr'>οὐδεὶς</span> <span class='ocrx_word' id='word_1_468' title='bbox 1451 4109 1508 4162; x_wconf 79' lang='grc' dir='ltr'>δὲ</span> <span class='ocrx_word' id='word_1_469' title='bbox 1539 4107 1824 4178; x_wconf 73' lang='grc' dir='ltr'>ἀνθρωπο-</span> 
     </span>
    </p>
   </div>
   <div class='ocr_carea' id='block_1_59' title="bbox 243 4199 1826 4274">
    <p class='ocr_par' dir='ltr' id='par_1_59' title="bbox 243 4199 1826 4274">
     <span class='ocr_line' id='line_1_59' title="bbox 243 4199 1826 4274; baseline -0.004 -14"><span class='ocrx_word' id='word_1_470' title='bbox 243 4206 401 4270; x_wconf 78' lang='grc' dir='ltr'>τόκος</span> <span class='ocrx_word' id='word_1_471' title='bbox 432 4203 556 4258; x_wconf 81' lang='grc' dir='ltr'>καθ’</span> <span class='ocrx_word' id='word_1_472' title='bbox 586 4205 732 4274; x_wconf 76' lang='grc' dir='ltr'>ὑμᾶς</span> <span class='ocrx_word' id='word_1_473' title='bbox 758 4205 906 4258; x_wconf 71' lang='grc' dir='ltr'>ἐστιν</span> <span class='ocrx_word' id='word_1_474' title='bbox 929 4219 944 4232; x_wconf 74' lang='grc' dir='ltr'><strong>ο</strong></span> <span class='ocrx_word' id='word_1_475' title='bbox 977 4201 1121 4256; x_wconf 76' lang='grc' dir='ltr'>οὕτω</span> <span class='ocrx_word' id='word_1_476' title='bbox 1144 4202 1202 4256; x_wconf 80' lang='grc' dir='ltr'>δὲ</span> <span class='ocrx_word' id='word_1_477' title='bbox 1235 4202 1355 4256; x_wconf 77' lang='grc' dir='ltr'>ἐπεὶ</span> <span class='ocrx_word' id='word_1_478' title='bbox 1389 4203 1476 4272; x_wconf 73' lang='grc' dir='ltr'><strong>ῥεῖ</strong></span> <span class='ocrx_word' id='word_1_479' title='bbox 1501 4199 1826 4272; x_wconf 77' lang='grc' dir='ltr'>καθημέραν</span> 
     </span>
    </p>
   </div>
   <div class='ocr_carea' id='block_1_60' title="bbox 245 4291 1830 4367">
    <p class='ocr_par' dir='ltr' id='par_1_60' title="bbox 245 4291 1830 4367">
     <span class='ocr_line' id='line_1_60' title="bbox 245 4291 1830 4367; baseline -0.001 -17"><span class='ocrx_word' id='word_1_480' title='bbox 245 4299 340 4352; x_wconf 77' lang='grc' dir='ltr'>καὶ</span> <span class='ocrx_word' id='word_1_481' title='bbox 369 4295 658 4367; x_wconf 81' lang='grc' dir='ltr'>ἀμείϐεται</span> <span class='ocrx_word' id='word_1_482' title='bbox 685 4295 744 4349; x_wconf 86' lang='grc' dir='ltr'><strong>τὺ</strong></span> <span class='ocrx_word' id='word_1_483' title='bbox 769 4295 952 4366; x_wconf 84' lang='grc' dir='ltr'>σῶμα,</span> <span class='ocrx_word' id='word_1_484' title='bbox 979 4295 1076 4348; x_wconf 76' lang='grc' dir='ltr'>καὶ</span> <span class='ocrx_word' id='word_1_485' title='bbox 1105 4293 1226 4348; x_wconf 74' lang='grc' dir='ltr'>οὐδὲ</span> <span class='ocrx_word' id='word_1_486' title='bbox 1246 4296 1304 4348; x_wconf 82' lang='grc' dir='ltr'><strong>έν</strong></span> <span class='ocrx_word' id='word_1_487' title='bbox 1322 4293 1402 4364; x_wconf 84' lang='grc' dir='ltr'><strong>τῷ</strong></span> <span class='ocrx_word' id='word_1_488' title='bbox 1434 4291 1649 4365; x_wconf 78' lang='grc' dir='ltr'>σώματι</span> <span class='ocrx_word' id='word_1_489' title='bbox 1675 4293 1830 4348; x_wconf 73' lang='grc' dir='ltr'>ἔσται</span> 
     </span>
    </p>
   </div>
   <div class='ocr_carea' id='block_1_61' title="bbox 245 4382 1828 4456">
    <p class='ocr_par' dir='ltr' id='par_1_61' title="bbox 245 4382 1828 4456">
     <span class='ocr_line' id='line_1_61' title="bbox 245 4382 1828 4456; baseline -0.001 -18"><span class='ocrx_word' id='word_1_490' title='bbox 245 4403 326 4448; x_wconf 85' lang='grc' dir='ltr'><strong>τις</strong></span> <span class='ocrx_word' id='word_1_491' title='bbox 389 4387 555 4456; x_wconf 77' lang='grc' dir='ltr'>μοῖρα</span> <span class='ocrx_word' id='word_1_492' title='bbox 597 4383 676 4455; x_wconf 83' lang='grc' dir='ltr'>τῷ</span> <span class='ocrx_word' id='word_1_493' title='bbox 727 4383 905 4455; x_wconf 78' lang='grc' dir='ltr'>χρόνῳ</span> <span class='ocrx_word' id='word_1_494' title='bbox 933 4383 1044 4437; x_wconf 82' lang='grc' dir='ltr'><strong>τῶν</strong></span> <span class='ocrx_word' id='word_1_495' title='bbox 1083 4383 1308 4450; x_wconf 82' lang='grc' dir='ltr'>γονέων,</span> <span class='ocrx_word' id='word_1_496' title='bbox 1343 4383 1468 4436; x_wconf 74' lang='grc' dir='ltr'>οὐδὲ</span> <span class='ocrx_word' id='word_1_497' title='bbox 1492 4383 1594 4452; x_wconf 82' lang='grc' dir='ltr'>τῆς</span> <span class='ocrx_word' id='word_1_498' title='bbox 1622 4382 1828 4455; x_wconf 79' lang='grc' dir='ltr'>σαρκὸς</span> 
     </span>
    </p>
   </div>
   <div class='ocr_carea' id='block_1_62' title="bbox 248 4476 1825 4550">
    <p class='ocr_par' dir='ltr' id='par_1_62' title="bbox 248 4476 1825 4550">
     <span class='ocr_line' id='line_1_62' title="bbox 248 4476 1825 4550; baseline 0 -18"><span class='ocrx_word' id='word_1_499' title='bbox 248 4476 360 4532; x_wconf 75' lang='grc' dir='ltr'>εἷεν</span> <span class='ocrx_word' id='word_1_500' title='bbox 417 4481 659 4549; x_wconf 82' lang='grc' dir='ltr'>πατέρες</span> <span class='ocrx_word' id='word_1_501' title='bbox 684 4495 700 4512; x_wconf 82' lang='grc' dir='ltr'><strong>ο</strong></span> <span class='ocrx_word' id='word_1_502' title='bbox 758 4478 895 4532; x_wconf 71' lang='grc' dir='ltr'>ἀλλὰ</span> <span class='ocrx_word' id='word_1_503' title='bbox 952 4479 1047 4532; x_wconf 79' lang='grc' dir='ltr'>καὶ</span> <span class='ocrx_word' id='word_1_504' title='bbox 1107 4479 1288 4550; x_wconf 87' lang='grc' dir='ltr'>γέρων</span> <span class='ocrx_word' id='word_1_505' title='bbox 1336 4480 1366 4532; x_wconf 93' lang='lat'><strong>6</strong></span> <span class='ocrx_word' id='word_1_506' title='bbox 1410 4478 1598 4532; x_wconf 75' lang='grc' dir='ltr'>Ἰσαάκ</span> <span class='ocrx_word' id='word_1_507' title='bbox 1645 4478 1825 4548; x_wconf 82' lang='grc' dir='ltr'>πάντη</span> 
     </span>
    </p>
   </div>
   <div class='ocr_carea' id='block_1_63' title="bbox 1905 2011 3498 2083">
    <p class='ocr_par' dir='ltr' id='par_1_63' title="bbox 1905 2011 3498 2083">
     <span class='ocr_line' id='line_1_63' title="bbox 1905 2011 3498 2083; baseline -0.001 -15"><span class='ocrx_word' id='word_1_508' title='bbox 1905 2011 2074 2068; x_wconf 83' lang='lat' dir='ltr'><strong>mus?</strong></span> <span class='ocrx_word' id='word_1_509' title='bbox 2103 2011 2246 2068; x_wconf 87' lang='lat' dir='ltr'><strong>Ecce</strong></span> <span class='ocrx_word' id='word_1_510' title='bbox 2273 2013 2421 2069; x_wconf 90' lang='lat' dir='ltr'><strong>enim</strong></span> <span class='ocrx_word' id='word_1_511' title='bbox 2451 2011 2746 2083; x_wconf 84' lang='lat' dir='ltr'><strong>quemdam</strong></span> <span class='ocrx_word' id='word_1_512' title='bbox 2771 2027 2894 2068; x_wconf 85' lang='lat' dir='ltr'><strong>esse</strong></span> <span class='ocrx_word' id='word_1_513' title='bbox 2934 2011 3029 2066; x_wconf 87' lang='lat' dir='ltr'><strong>tali</strong></span> <span class='ocrx_word' id='word_1_514' title='bbox 3063 2011 3248 2076; x_wconf 84' lang='lat' dir='ltr'><strong>modo,</strong></span> <span class='ocrx_word' id='word_1_515' title='bbox 3279 2019 3337 2067; x_wconf 89' lang='lat' dir='ltr'><strong>et</strong></span> <span class='ocrx_word' id='word_1_516' title='bbox 3365 2027 3498 2082; x_wconf 82' lang='lat' dir='ltr'><strong>par-.</strong></span> 
     </span>
    </p>
   </div>
   <div class='ocr_carea' id='block_1_64' title="bbox 1911 2103 3500 2175">
    <p class='ocr_par' dir='ltr' id='par_1_64' title="bbox 1911 2103 3500 2175">
     <span class='ocr_line' id='line_1_64' title="bbox 1911 2103 3500 2175; baseline 0 -15"><span class='ocrx_word' id='word_1_517' title='bbox 1911 2103 2140 2174; x_wconf 87' lang='lat' dir='ltr'><strong>ticipare</strong></span> <span class='ocrx_word' id='word_1_518' title='bbox 2185 2119 2252 2160; x_wconf 73' lang='lat' dir='ltr'><strong>ex</strong></span> <span class='ocrx_word' id='word_1_519' title='bbox 2290 2105 2478 2175; x_wconf 89' lang='lat' dir='ltr'><strong>aliquo</strong></span> <span class='ocrx_word' id='word_1_520' title='bbox 2517 2105 2611 2160; x_wconf 88' lang='lat' dir='ltr'><strong>tali</strong></span> <span class='ocrx_word' id='word_1_521' title='bbox 2655 2119 2797 2175; x_wconf 72' lang='lat' dir='ltr'><strong>same</strong></span> <span class='ocrx_word' id='word_1_522' title='bbox 2843 2103 3066 2175; x_wconf 86' lang='lat' dir='ltr'><strong>quidem</strong></span> <span class='ocrx_word' id='word_1_523' title='bbox 3113 2103 3500 2170; x_wconf 51' lang='lat' dir='ltr'><strong>substantiali,</strong></span> 
     </span>
    </p>
   </div>
   <div class='ocr_carea' id='block_1_65' title="bbox 1909 2195 3500 2268">
    <p class='ocr_par' dir='ltr' id='par_1_65' title="bbox 1909 2195 3500 2268">
     <span class='ocr_line' id='line_1_65' title="bbox 1909 2195 3500 2268; baseline -0.001 -15"><span class='ocrx_word' id='word_1_524' title='bbox 1909 2213 2053 2268; x_wconf 66' lang='lat' dir='ltr'><strong>saepe</strong></span> <span class='ocrx_word' id='word_1_525' title='bbox 2091 2213 2222 2253; x_wconf 81' lang='lat' dir='ltr'><strong>vero</strong></span> <span class='ocrx_word' id='word_1_526' title='bbox 2249 2213 2362 2253; x_wconf 91' lang='lat' dir='ltr'><strong>non</strong></span> <span class='ocrx_word' id='word_1_527' title='bbox 2393 2197 2768 2265; x_wconf 85' lang='lat' dir='ltr'><strong>substantiali,</strong></span> <span class='ocrx_word' id='word_1_528' title='bbox 2801 2195 2933 2252; x_wconf 87' lang='lat' dir='ltr'><strong>facit</strong></span> <span class='ocrx_word' id='word_1_529' title='bbox 2961 2203 3023 2252; x_wconf 86' lang='lat' dir='ltr'><strong>ut</strong></span> <span class='ocrx_word' id='word_1_530' title='bbox 3049 2212 3182 2254; x_wconf 90' lang='lat' dir='ltr'><strong>vere</strong></span> <span class='ocrx_word' id='word_1_531' title='bbox 3210 2197 3357 2253; x_wconf 84' lang='lat' dir='ltr'><strong>ﬁlius</strong></span> <span class='ocrx_word' id='word_1_532' title='bbox 3387 2195 3500 2252; x_wconf 39' lang='lat' dir='ltr'><strong>hu-</strong></span> 
     </span>
    </p>
   </div>
   <div class='ocr_carea' id='block_1_66' title="bbox 1903 2287 3492 2362">
    <p class='ocr_par' dir='ltr' id='par_1_66' title="bbox 1903 2287 3492 2362">
     <span class='ocr_line' id='line_1_66' title="bbox 1903 2287 3492 2362; baseline -0.001 -18"><span class='ocrx_word' id='word_1_533' title='bbox 1903 2289 1996 2361; x_wconf 84' lang='lat' dir='ltr'><strong>jus</strong></span> <span class='ocrx_word' id='word_1_534' title='bbox 2029 2289 2100 2344; x_wconf 86' lang='lat' dir='ltr'><strong>sit</strong></span> <span class='ocrx_word' id='word_1_535' title='bbox 2125 2297 2180 2345; x_wconf 79' lang='lat' dir='ltr'><strong>et</strong></span> <span class='ocrx_word' id='word_1_536' title='bbox 2206 2289 2445 2346; x_wconf 86' lang='lat' dir='ltr'><strong>dicatur.</strong></span> <span class='ocrx_word' id='word_1_537' title='bbox 2469 2290 2607 2346; x_wconf 90' lang='lat' dir='ltr'><strong>Nam</strong></span> <span class='ocrx_word' id='word_1_538' title='bbox 2635 2289 2690 2346; x_wconf 90' lang='lat' dir='ltr'><strong>in</strong></span> <span class='ocrx_word' id='word_1_539' title='bbox 2729 2289 3100 2362; x_wconf 73' lang='lat' dir='ltr'><strong>homonymis,</strong></span> <span class='ocrx_word' id='word_1_540' title='bbox 3145 2299 3208 2346; x_wconf 90' lang='lat' dir='ltr'><strong>ut</strong></span> <span class='ocrx_word' id='word_1_541' title='bbox 3251 2291 3365 2360; x_wconf 81' lang='lat' dir='ltr'><strong>jam</strong></span> <span class='ocrx_word' id='word_1_542' title='bbox 3407 2287 3492 2344; x_wconf 87' lang='lat' dir='ltr'><strong>di-</strong></span> 
     </span>
    </p>
   </div>
   <div class='ocr_carea' id='block_1_67' title="bbox 1908 2379 3492 2452">
    <p class='ocr_par' dir='ltr' id='par_1_67' title="bbox 1908 2379 3492 2452">
     <span class='ocr_line' id='line_1_67' title="bbox 1908 2379 3492 2452; baseline 0 -16"><span class='ocrx_word' id='word_1_543' title='bbox 1908 2389 2059 2436; x_wconf 88' lang='lat' dir='ltr'><strong>ctum</strong></span> <span class='ocrx_word' id='word_1_544' title='bbox 2097 2392 2203 2448; x_wconf 86' lang='lat' dir='ltr'><strong>est,</strong></span> <span class='ocrx_word' id='word_1_545' title='bbox 2231 2391 2492 2438; x_wconf 88' lang='lat' dir='ltr'><strong>neutrum</strong></span> <span class='ocrx_word' id='word_1_546' title='bbox 2523 2389 2608 2438; x_wconf 89' lang='lat' dir='ltr'><strong>est</strong></span> <span class='ocrx_word' id='word_1_547' title='bbox 2653 2381 2826 2436; x_wconf 87' lang='lat' dir='ltr'><strong>altero</strong></span> <span class='ocrx_word' id='word_1_548' title='bbox 2856 2381 3029 2452; x_wconf 88' lang='lat' dir='ltr'><strong>magis</strong></span> <span class='ocrx_word' id='word_1_549' title='bbox 3069 2379 3154 2437; x_wconf 89' lang='lat' dir='ltr'><strong>vel</strong></span> <span class='ocrx_word' id='word_1_550' title='bbox 3196 2380 3492 2451; x_wconf 85' lang='lat' dir='ltr'><strong>specialius</strong></span> 
     </span>
    </p>
   </div>
   <div class='ocr_carea' id='block_1_68' title="bbox 1909 2471 3489 2542">
    <p class='ocr_par' dir='ltr' id='par_1_68' title="bbox 1909 2471 3489 2542">
     <span class='ocr_line' id='line_1_68' title="bbox 1909 2471 3489 2542; baseline 0 -14"><span class='ocrx_word' id='word_1_551' title='bbox 1909 2473 2346 2528; x_wconf 79' lang='lat' dir='ltr'><strong>denominatum.</strong></span> <span class='ocrx_word' id='word_1_552' title='bbox 2376 2473 2432 2528; x_wconf 89' lang='lat' dir='ltr'><strong>Si</strong></span> <span class='ocrx_word' id='word_1_553' title='bbox 2463 2471 2611 2528; x_wconf 89' lang='lat' dir='ltr'><strong>enim</strong></span> <span class='ocrx_word' id='word_1_554' title='bbox 2645 2471 2848 2527; x_wconf 87' lang='lat' dir='ltr'><strong>animal</strong></span> <span class='ocrx_word' id='word_1_555' title='bbox 2882 2472 3102 2528; x_wconf 86' lang='lat' dir='ltr'><strong>videtur</strong></span> <span class='ocrx_word' id='word_1_556' title='bbox 3134 2472 3344 2542; x_wconf 85' lang='lat' dir='ltr'><strong>aliquid</strong></span> <span class='ocrx_word' id='word_1_557' title='bbox 3379 2471 3489 2528; x_wconf 83' lang='lat' dir='ltr'><strong>dici</strong></span> 
     </span>
    </p>
   </div>
   <div class='ocr_carea' id='block_1_69' title="bbox 1909 2564 3493 2638">
    <p class='ocr_par' dir='ltr' id='par_1_69' title="bbox 1909 2564 3493 2638">
     <span class='ocr_line' id='line_1_69' title="bbox 1909 2564 3493 2638; baseline 0.001 -19"><span class='ocrx_word' id='word_1_558' title='bbox 1909 2565 2083 2636; x_wconf 79' lang='lat' dir='ltr'><strong>magis</strong></span> <span class='ocrx_word' id='word_1_559' title='bbox 2108 2573 2204 2620; x_wconf 88' lang='lat' dir='ltr'><strong>aut</strong></span> <span class='ocrx_word' id='word_1_560' title='bbox 2226 2565 2521 2636; x_wconf 88' lang='lat' dir='ltr'><strong>specialius</strong></span> <span class='ocrx_word' id='word_1_561' title='bbox 2547 2581 2710 2636; x_wconf 89' lang='lat' dir='ltr'><strong>quam</strong></span> <span class='ocrx_word' id='word_1_562' title='bbox 2740 2564 3202 2636; x_wconf 68' lang='lat' dir='ltr'><strong>estinscriptum,</strong></span> <span class='ocrx_word' id='word_1_563' title='bbox 3233 2565 3346 2638; x_wconf 79' lang='lat' dir='ltr'><strong>jam</strong></span> <span class='ocrx_word' id='word_1_564' title='bbox 3380 2580 3493 2621; x_wconf 90' lang='lat' dir='ltr'><strong>non</strong></span> 
     </span>
    </p>
   </div>
   <div class='ocr_carea' id='block_1_70' title="bbox 1910 2653 3496 2728">
    <p class='ocr_par' dir='ltr' id='par_1_70' title="bbox 1910 2653 3496 2728">
     <span class='ocr_line' id='line_1_70' title="bbox 1910 2653 3496 2728; baseline -0.001 -16"><span class='ocrx_word' id='word_1_565' title='bbox 1910 2664 1996 2712; x_wconf 88' lang='lat' dir='ltr'><strong>est</strong></span> <span class='ocrx_word' id='word_1_566' title='bbox 2015 2664 2271 2726; x_wconf 85' lang='lat' dir='ltr'><strong>tanquam</strong></span> <span class='ocrx_word' id='word_1_567' title='bbox 2290 2655 2706 2728; x_wconf 82' lang='lat' dir='ltr'><strong>homonymum,</strong></span> <span class='ocrx_word' id='word_1_568' title='bbox 2727 2655 2823 2710; x_wconf 89' lang='lat' dir='ltr'><strong>scd</strong></span> <span class='ocrx_word' id='word_1_569' title='bbox 2852 2664 3111 2726; x_wconf 85' lang='lat' dir='ltr'><strong>tanquam</strong></span> <span class='ocrx_word' id='word_1_570' title='bbox 3143 2653 3368 2725; x_wconf 84' lang='lat' dir='ltr'><strong>proprie</strong></span> <span class='ocrx_word' id='word_1_571' title='bbox 3395 2653 3496 2711; x_wconf 89' lang='lat' dir='ltr'><strong>de-</strong></span> 
     </span>
    </p>
   </div>
   <div class='ocr_carea' id='block_1_71' title="bbox 1910 2745 3496 2818">
    <p class='ocr_par' dir='ltr' id='par_1_71' title="bbox 1910 2745 3496 2818">
     <span class='ocr_line' id='line_1_71' title="bbox 1910 2745 3496 2818; baseline 0.001 -16"><span class='ocrx_word' id='word_1_572' title='bbox 1910 2747 2278 2812; x_wconf 88' lang='lat' dir='ltr'><strong>nominalum,</strong></span> <span class='ocrx_word' id='word_1_573' title='bbox 2295 2747 2468 2802; x_wconf 90' lang='lat' dir='ltr'><strong>altero</strong></span> <span class='ocrx_word' id='word_1_574' title='bbox 2485 2761 2596 2802; x_wconf 91' lang='lat' dir='ltr'><strong>non</strong></span> <span class='ocrx_word' id='word_1_575' title='bbox 2609 2747 2838 2818; x_wconf 87' lang='lat' dir='ltr'><strong>proprie</strong></span> <span class='ocrx_word' id='word_1_576' title='bbox 2860 2745 3232 2802; x_wconf 78' lang='lat' dir='ltr'><strong>denominata.</strong></span> <span class='ocrx_word' id='word_1_577' title='bbox 3255 2747 3496 2804; x_wconf 90' lang='lat' dir='ltr'><strong>Duorum</strong></span> 
     </span>
    </p>
   </div>
   <div class='ocr_carea' id='block_1_72' title="bbox 1915 2837 3498 2910">
    <p class='ocr_par' dir='ltr' id='par_1_72' title="bbox 1915 2837 3498 2910">
     <span class='ocr_line' id='line_1_72' title="bbox 1915 2837 3498 2910; baseline 0.001 -18"><span class='ocrx_word' id='word_1_578' title='bbox 1915 2837 2088 2909; x_wconf 79' lang='lat' dir='ltr'><strong>igitur</strong></span> <span class='ocrx_word' id='word_1_579' title='bbox 2124 2839 2345 2910; x_wconf 90' lang='lat' dir='ltr'><strong>proprie</strong></span> <span class='ocrx_word' id='word_1_580' title='bbox 2391 2838 2804 2894; x_wconf 82' lang='lat' dir='ltr'><strong>nominatorum</strong></span> <span class='ocrx_word' id='word_1_581' title='bbox 2833 2837 3186 2909; x_wconf 82' lang='lat' dir='ltr'><strong>homonymia</strong></span> <span class='ocrx_word' id='word_1_582' title='bbox 3213 2853 3498 2910; x_wconf 87' lang='lat' dir='ltr'><strong>nunquam</strong></span> 
     </span>
    </p>
   </div>
   <div class='ocr_carea' id='block_1_73' title="bbox 1918 2927 3498 3000">
    <p class='ocr_par' dir='ltr' id='par_1_73' title="bbox 1918 2927 3498 3000">
     <span class='ocr_line' id='line_1_73' title="bbox 1918 2927 3498 3000; baseline 0.001 -16"><span class='ocrx_word' id='word_1_583' title='bbox 1918 2927 2280 3000; x_wconf 87' lang='lat' dir='ltr'><strong>habebitplns</strong></span> <span class='ocrx_word' id='word_1_584' title='bbox 2291 2927 2598 2984; x_wconf 88' lang='lat' dir='ltr'><strong>autminus.</strong></span> <span class='ocrx_word' id='word_1_585' title='bbox 2622 2927 2741 2984; x_wconf 84' lang='lat' dir='ltr'><strong>Non</strong></span> <span class='ocrx_word' id='word_1_586' title='bbox 2762 2927 2910 2984; x_wconf 89' lang='lat' dir='ltr'><strong>enim</strong></span> <span class='ocrx_word' id='word_1_587' title='bbox 2927 2928 3080 2984; x_wconf 90' lang='lat' dir='ltr'><strong>canis</strong></span> <span class='ocrx_word' id='word_1_588' title='bbox 3097 2929 3498 2985; x_wconf 83' lang='lat' dir='ltr'><strong>tcrrcstrisma-</strong></span> 
     </span>
    </p>
   </div>
   <div class='ocr_carea' id='block_1_74' title="bbox 1917 3019 3504 3093">
    <p class='ocr_par' dir='ltr' id='par_1_74' title="bbox 1917 3019 3504 3093">
     <span class='ocr_line' id='line_1_74' title="bbox 1917 3019 3504 3093; baseline 0.001 -17"><span class='ocrx_word' id='word_1_589' title='bbox 1917 3021 2002 3093; x_wconf 89' lang='lat' dir='ltr'><strong>gis</strong></span> <span class='ocrx_word' id='word_1_590' title='bbox 2034 3028 2121 3076; x_wconf 85' lang='lat' dir='ltr'><strong>est</strong></span> <span class='ocrx_word' id='word_1_591' title='bbox 2145 3019 2300 3076; x_wconf 88' lang='lat' dir='ltr'><strong>canis</strong></span> <span class='ocrx_word' id='word_1_592' title='bbox 2327 3035 2492 3090; x_wconf 88' lang='lat' dir='ltr'><strong>quam</strong></span> <span class='ocrx_word' id='word_1_593' title='bbox 2509 3020 2663 3076; x_wconf 87' lang='lat' dir='ltr'><strong>canis</strong></span> <span class='ocrx_word' id='word_1_594' title='bbox 2687 3019 2956 3084; x_wconf 88' lang='lat' dir='ltr'><strong>marinus,</strong></span> <span class='ocrx_word' id='word_1_595' title='bbox 2977 3035 3157 3090; x_wconf 85' lang='lat' dir='ltr'><strong>neque</strong></span> <span class='ocrx_word' id='word_1_596' title='bbox 3178 3021 3364 3077; x_wconf 81' lang='lat' dir='ltr'><strong>minus</strong></span> <span class='ocrx_word' id='word_1_597' title='bbox 3383 3021 3504 3077; x_wconf 79' lang='lat' dir='ltr'><strong>ani-</strong></span> 
     </span>
    </p>
   </div>
   <div class='ocr_carea' id='block_1_75' title="bbox 1918 3110 3500 3183">
    <p class='ocr_par' dir='ltr' id='par_1_75' title="bbox 1918 3110 3500 3183">
     <span class='ocr_line' id='line_1_75' title="bbox 1918 3110 3500 3183; baseline 0.002 -17"><span class='ocrx_word' id='word_1_598' title='bbox 1918 3111 2028 3166; x_wconf 89' lang='lat' dir='ltr'><strong>mal</strong></span> <span class='ocrx_word' id='word_1_599' title='bbox 2045 3126 2210 3182; x_wconf 89' lang='lat' dir='ltr'><strong>quam</strong></span> <span class='ocrx_word' id='word_1_600' title='bbox 2227 3110 2401 3166; x_wconf 88' lang='lat' dir='ltr'><strong>canis.</strong></span> <span class='ocrx_word' id='word_1_601' title='bbox 2423 3112 2592 3181; x_wconf 82' lang='lat' dir='ltr'><strong>igitur</strong></span> <span class='ocrx_word' id='word_1_602' title='bbox 2611 3111 3028 3166; x_wconf 89' lang='lat' dir='ltr'><strong>denominatum</strong></span> <span class='ocrx_word' id='word_1_603' title='bbox 3052 3121 3308 3183; x_wconf 89' lang='lat' dir='ltr'><strong>tanquam</strong></span> <span class='ocrx_word' id='word_1_604' title='bbox 3334 3128 3500 3169; x_wconf 84' lang='lat' dir='ltr'><strong>causa</strong></span> 
     </span>
    </p>
   </div>
   <div class='ocr_carea' id='block_1_76' title="bbox 1919 3200 3502 3274">
    <p class='ocr_par' dir='ltr' id='par_1_76' title="bbox 1919 3200 3502 3274">
     <span class='ocr_line' id='line_1_76' title="bbox 1919 3200 3502 3274; baseline 0.001 -18"><span class='ocrx_word' id='word_1_605' title='bbox 1919 3209 2014 3257; x_wconf 88' lang='lat' dir='ltr'><strong>aut</strong></span> <span class='ocrx_word' id='word_1_606' title='bbox 2041 3201 2321 3272; x_wconf 79' lang='lat' dir='ltr'><strong>exemplar</strong></span> <span class='ocrx_word' id='word_1_607' title='bbox 2351 3211 2448 3256; x_wconf 90' lang='lat' dir='ltr'><strong>aut</strong></span> <span class='ocrx_word' id='word_1_608' title='bbox 2489 3200 2698 3272; x_wconf 88' lang='lat' dir='ltr'><strong>aliquid</strong></span> <span class='ocrx_word' id='word_1_609' title='bbox 2719 3201 2949 3257; x_wconf 50' lang='lat' dir='ltr'><strong>simile»</strong></span> <span class='ocrx_word' id='word_1_610' title='bbox 2963 3202 3282 3258; x_wconf 69' lang='lat' dir='ltr'><strong>Praesertim</strong></span> <span class='ocrx_word' id='word_1_611' title='bbox 3309 3202 3355 3258; x_wconf 90' lang='lat' dir='ltr'><strong>si</strong></span> <span class='ocrx_word' id='word_1_612' title='bbox 3381 3205 3502 3274; x_wconf 80' lang='lat' dir='ltr'><strong>ejus</strong></span> 
     </span>
    </p>
   </div>
   <div class='ocr_carea' id='block_1_77' title="bbox 1917 3291 3504 3364">
    <p class='ocr_par' dir='ltr' id='par_1_77' title="bbox 1917 3291 3504 3364">
     <span class='ocr_line' id='line_1_77' title="bbox 1917 3291 3504 3364; baseline -0.001 -15"><span class='ocrx_word' id='word_1_613' title='bbox 1917 3308 2142 3349; x_wconf 86' lang='lat' dir='ltr'><strong>causam</strong></span> <span class='ocrx_word' id='word_1_614' title='bbox 2191 3291 2528 3348; x_wconf 61' lang='lat' dir='ltr'><strong>exsistentiaa</strong></span> <span class='ocrx_word' id='word_1_615' title='bbox 2571 3301 2790 3362; x_wconf 85' lang='lat' dir='ltr'><strong>oportet</strong></span> <span class='ocrx_word' id='word_1_616' title='bbox 2823 3307 2946 3349; x_wconf 89' lang='lat' dir='ltr'><strong>esse</strong></span> <span class='ocrx_word' id='word_1_617' title='bbox 2993 3309 3123 3349; x_wconf 87' lang='lat' dir='ltr'><strong>eum</strong></span> <span class='ocrx_word' id='word_1_618' title='bbox 3159 3293 3257 3364; x_wconf 85' lang='lat' dir='ltr'><strong>qui</strong></span> <span class='ocrx_word' id='word_1_619' title='bbox 3294 3293 3504 3349; x_wconf 87' lang='lat' dir='ltr'><strong>dicitur</strong></span> 
     </span>
    </p>
   </div>
   <div class='ocr_carea' id='block_1_78' title="bbox 1915 3383 3500 3457">
    <p class='ocr_par' dir='ltr' id='par_1_78' title="bbox 1915 3383 3500 3457">
     <span class='ocr_line' id='line_1_78' title="bbox 1915 3383 3500 3457; baseline 0 -17"><span class='ocrx_word' id='word_1_620' title='bbox 1915 3383 2172 3457; x_wconf 77' lang='lat' dir='ltr'><strong>genuisse</strong></span> <span class='ocrx_word' id='word_1_621' title='bbox 2215 3383 2422 3450; x_wconf 86' lang='lat' dir='ltr'><strong>omnia,</strong></span> <span class='ocrx_word' id='word_1_622' title='bbox 2472 3383 2660 3440; x_wconf 86' lang='lat' dir='ltr'><strong>nullus</strong></span> <span class='ocrx_word' id='word_1_623' title='bbox 2702 3384 2869 3439; x_wconf 89' lang='lat' dir='ltr'><strong>homo</strong></span> <span class='ocrx_word' id='word_1_624' title='bbox 2911 3391 2998 3440; x_wconf 89' lang='lat' dir='ltr'><strong>est</strong></span> <span class='ocrx_word' id='word_1_625' title='bbox 3039 3384 3282 3440; x_wconf 83' lang='lat' dir='ltr'><strong>hominis</strong></span> <span class='ocrx_word' id='word_1_626' title='bbox 3321 3393 3500 3456; x_wconf 86' lang='lat' dir='ltr'><strong>pater,</strong></span> 
     </span>
    </p>
   </div>
   <div class='ocr_carea' id='block_1_79' title="bbox 1915 3476 3506 3548">
    <p class='ocr_par' dir='ltr' id='par_1_79' title="bbox 1915 3476 3506 3548">
     <span class='ocr_line' id='line_1_79' title="bbox 1915 3476 3506 3548; baseline 0 -16"><span class='ocrx_word' id='word_1_627' title='bbox 1915 3492 2096 3548; x_wconf 89' lang='lat' dir='ltr'><strong>neque</strong></span> <span class='ocrx_word' id='word_1_628' title='bbox 2131 3477 2304 3534; x_wconf 88' lang='lat' dir='ltr'><strong>ullum</strong></span> <span class='ocrx_word' id='word_1_629' title='bbox 2351 3477 2554 3532; x_wconf 87' lang='lat' dir='ltr'><strong>animal</strong></span> <span class='ocrx_word' id='word_1_630' title='bbox 2599 3476 2837 3534; x_wconf 86' lang='lat' dir='ltr'><strong>alterum</strong></span> <span class='ocrx_word' id='word_1_631' title='bbox 2883 3477 3086 3534; x_wconf 88' lang='lat' dir='ltr'><strong>animal</strong></span> <span class='ocrx_word' id='word_1_632' title='bbox 3120 3479 3354 3548; x_wconf 78' lang='lat' dir='ltr'><strong>genuit:</strong></span> <span class='ocrx_word' id='word_1_633' title='bbox 3384 3478 3506 3534; x_wconf 87' lang='lat' dir='ltr'><strong>ani-</strong></span> 
     </span>
    </p>
   </div>
   <div class='ocr_carea' id='block_1_80' title="bbox 1919 3567 3502 3624">
    <p class='ocr_par' dir='ltr' id='par_1_80' title="bbox 1919 3567 3502 3624">
     <span class='ocr_line' id='line_1_80' title="bbox 1919 3567 3502 3624; baseline 0.001 -3"><span class='ocrx_word' id='word_1_634' title='bbox 1919 3583 2065 3624; x_wconf 88' lang='lat' dir='ltr'><strong>mam</strong></span> <span class='ocrx_word' id='word_1_635' title='bbox 2103 3567 2252 3624; x_wconf 88' lang='lat' dir='ltr'><strong>enim</strong></span> <span class='ocrx_word' id='word_1_636' title='bbox 2281 3567 2396 3622; x_wconf 88' lang='lat' dir='ltr'><strong>sive</strong></span> <span class='ocrx_word' id='word_1_637' title='bbox 2427 3567 2856 3623; x_wconf 84' lang='lat' dir='ltr'><strong>intellectualem</strong></span> <span class='ocrx_word' id='word_1_638' title='bbox 2890 3567 3007 3622; x_wconf 83' lang='lat' dir='ltr'><strong>sive</strong></span> <span class='ocrx_word' id='word_1_639' title='bbox 3043 3567 3377 3623; x_wconf 87' lang='lat' dir='ltr'><strong>sensilivam</strong></span> <span class='ocrx_word' id='word_1_640' title='bbox 3412 3581 3502 3623; x_wconf 87' lang='lat' dir='ltr'><strong>sc-</strong></span> 
     </span>
    </p>
   </div>
   <div class='ocr_carea' id='block_1_81' title="bbox 1919 3653 3509 3727">
    <p class='ocr_par' dir='ltr' id='par_1_81' title="bbox 1919 3653 3509 3727">
     <span class='ocr_line' id='line_1_81' title="bbox 1919 3653 3509 3727; baseline 0.001 -17"><span class='ocrx_word' id='word_1_641' title='bbox 1919 3656 2069 3712; x_wconf 88' lang='lat' dir='ltr'><strong>mina</strong></span> <span class='ocrx_word' id='word_1_642' title='bbox 2109 3671 2220 3710; x_wconf 90' lang='lat' dir='ltr'><strong>non</strong></span> <span class='ocrx_word' id='word_1_643' title='bbox 2254 3655 2483 3711; x_wconf 83' lang='lat' dir='ltr'><strong>habent.</strong></span> <span class='ocrx_word' id='word_1_644' title='bbox 2517 3653 2625 3710; x_wconf 86' lang='lat' dir='ltr'><strong>Sed</strong></span> <span class='ocrx_word' id='word_1_645' title='bbox 2653 3664 2779 3726; x_wconf 89' lang='lat' dir='ltr'><strong>post</strong></span> <span class='ocrx_word' id='word_1_646' title='bbox 2836 3654 3222 3710; x_wconf 78' lang='lat' dir='ltr'><strong>formationem</strong></span> <span class='ocrx_word' id='word_1_647' title='bbox 3248 3664 3305 3710; x_wconf 89' lang='lat' dir='ltr'><strong>et</strong></span> <span class='ocrx_word' id='word_1_648' title='bbox 3332 3655 3509 3727; x_wconf 84' lang='lat' dir='ltr'><strong>perfe-</strong></span> 
     </span>
    </p>
   </div>
   <div class='ocr_carea' id='block_1_82' title="bbox 1923 3745 3528 3818">
    <p class='ocr_par' dir='ltr' id='par_1_82' title="bbox 1923 3745 3528 3818">
     <span class='ocr_line' id='line_1_82' title="bbox 1923 3745 3528 3818; baseline 0.002 -16"><span class='ocrx_word' id='word_1_649' title='bbox 1923 3756 2066 3803; x_wconf 88' lang='lat' dir='ltr'><strong>ctam</strong></span> <span class='ocrx_word' id='word_1_650' title='bbox 2084 3747 2460 3802; x_wconf 88' lang='lat' dir='ltr'><strong>membrorum</strong></span> <span class='ocrx_word' id='word_1_651' title='bbox 2511 3745 2933 3818; x_wconf 83' lang='lat' dir='ltr'><strong>dispositionem</strong></span> <span class='ocrx_word' id='word_1_652' title='bbox 2983 3747 3271 3802; x_wconf 84' lang='lat' dir='ltr'><strong>inanimati</strong></span> <span class='ocrx_word' id='word_1_653' title='bbox 3325 3747 3528 3814; x_wconf 68' lang='lat' dir='ltr'><strong>fetus,.</strong></span> 
     </span>
    </p>
   </div>
   <div class='ocr_carea' id='block_1_83' title="bbox 1921 3835 3507 3909">
    <p class='ocr_par' dir='ltr' id='par_1_83' title="bbox 1921 3835 3507 3909">
     <span class='ocr_line' id='line_1_83' title="bbox 1921 3835 3507 3909; baseline -0.002 -15"><span class='ocrx_word' id='word_1_654' title='bbox 1921 3839 2203 3896; x_wconf 88' lang='lat' dir='ltr'><strong>animatur</strong></span> <span class='ocrx_word' id='word_1_655' title='bbox 2224 3837 2428 3893; x_wconf 88' lang='lat' dir='ltr'><strong>animal</strong></span> <span class='ocrx_word' id='word_1_656' title='bbox 2449 3847 2507 3894; x_wconf 91' lang='lat' dir='ltr'><strong>et</strong></span> <span class='ocrx_word' id='word_1_657' title='bbox 2538 3838 2848 3909; x_wconf 59' lang='lat' dir='ltr'><strong>praesertim</strong></span> <span class='ocrx_word' id='word_1_658' title='bbox 2881 3839 3047 3894; x_wconf 84' lang='lat' dir='ltr'><strong>homo</strong></span> <span class='ocrx_word' id='word_1_659' title='bbox 3069 3853 3101 3892; x_wconf 89' lang='lat' dir='ltr'><strong>a</strong></span> <span class='ocrx_word' id='word_1_660' title='bbox 3128 3835 3338 3894; x_wconf 87' lang='lat' dir='ltr'><strong>factore</strong></span> <span class='ocrx_word' id='word_1_661' title='bbox 3379 3851 3507 3904; x_wconf 84' lang='lat' dir='ltr'><strong>suo,</strong></span> 
     </span>
    </p>
   </div>
   <div class='ocr_carea' id='block_1_84' title="bbox 1923 3928 3512 4000">
    <p class='ocr_par' dir='ltr' id='par_1_84' title="bbox 1923 3928 3512 4000">
     <span class='ocr_line' id='line_1_84' title="bbox 1923 3928 3512 4000; baseline -0.002 -15"><span class='ocrx_word' id='word_1_662' title='bbox 1923 3931 2037 3986; x_wconf 86' lang='lat' dir='ltr'><strong>Deo</strong></span> <span class='ocrx_word' id='word_1_663' title='bbox 2081 3928 2388 4000; x_wconf 86' lang='lat' dir='ltr'><strong>inspirante</strong></span> <span class='ocrx_word' id='word_1_664' title='bbox 2433 3929 2491 3984; x_wconf 89' lang='lat' dir='ltr'><strong>in</strong></span> <span class='ocrx_word' id='word_1_665' title='bbox 2543 3943 2614 3986; x_wconf 91' lang='lat' dir='ltr'><strong>eo</strong></span> <span class='ocrx_word' id='word_1_666' title='bbox 2659 3929 2913 4000; x_wconf 87' lang='lat' dir='ltr'><strong>spiritum</strong></span> <span class='ocrx_word' id='word_1_667' title='bbox 2963 3928 3228 3985; x_wconf 84' lang='lat' dir='ltr'><strong>hominis.</strong></span> <span class='ocrx_word' id='word_1_668' title='bbox 3279 3929 3411 3984; x_wconf 78' lang='lat' dir='ltr'><strong>ideo</strong></span> <span class='ocrx_word' id='word_1_669' title='bbox 3453 3935 3512 3984; x_wconf 87' lang='lat' dir='ltr'><strong>et</strong></span> 
     </span>
    </p>
   </div>
   <div class='ocr_carea' id='block_1_85' title="bbox 1927 4019 3509 4092">
    <p class='ocr_par' dir='ltr' id='par_1_85' title="bbox 1927 4019 3509 4092">
     <span class='ocr_line' id='line_1_85' title="bbox 1927 4019 3509 4092; baseline -0.002 -15"><span class='ocrx_word' id='word_1_670' title='bbox 1927 4030 2189 4092; x_wconf 86' lang='lat' dir='ltr'><strong>tanquam</strong></span> <span class='ocrx_word' id='word_1_671' title='bbox 2216 4022 2474 4079; x_wconf 87' lang='lat' dir='ltr'><strong>animalis</strong></span> <span class='ocrx_word' id='word_1_672' title='bbox 2500 4021 2906 4078; x_wconf 79' lang='lat' dir='ltr'><strong>interfectorem</strong></span> <span class='ocrx_word' id='word_1_673' title='bbox 2939 4021 3276 4078; x_wconf 86' lang='lat' dir='ltr'><strong>condemnat</strong></span> <span class='ocrx_word' id='word_1_674' title='bbox 3305 4021 3394 4076; x_wconf 81' lang='lat' dir='ltr'><strong>lex</strong></span> <span class='ocrx_word' id='word_1_675' title='bbox 3421 4019 3509 4075; x_wconf 78' lang='lat' dir='ltr'><strong>di-</strong></span> 
     </span>
    </p>
   </div>
   <div class='ocr_carea' id='block_1_86' title="bbox 1926 4114 3525 4188">
    <p class='ocr_par' dir='ltr' id='par_1_86' title="bbox 1926 4114 3525 4188">
     <span class='ocr_line' id='line_1_86' title="bbox 1926 4114 3525 4188; baseline 0.001 -18"><span class='ocrx_word' id='word_1_676' title='bbox 1926 4115 2055 4170; x_wconf 88' lang='lat' dir='ltr'><strong>vina</strong></span> <span class='ocrx_word' id='word_1_677' title='bbox 2081 4131 2210 4171; x_wconf 80' lang='lat' dir='ltr'><strong>eum</strong></span> <span class='ocrx_word' id='word_1_678' title='bbox 2237 4115 2334 4186; x_wconf 89' lang='lat' dir='ltr'><strong>qui</strong></span> <span class='ocrx_word' id='word_1_679' title='bbox 2365 4124 2491 4188; x_wconf 89' lang='lat' dir='ltr'><strong>post</strong></span> <span class='ocrx_word' id='word_1_680' title='bbox 2518 4114 2906 4171; x_wconf 88' lang='lat' dir='ltr'><strong>formationem</strong></span> <span class='ocrx_word' id='word_1_681' title='bbox 2937 4122 3200 4185; x_wconf 88' lang='lat' dir='ltr'><strong>procurat</strong></span> <span class='ocrx_word' id='word_1_682' title='bbox 3229 4114 3525 4172; x_wconf 88' lang='lat' dir='ltr'><strong>abortum..</strong></span> 
     </span>
    </p>
   </div>
   <div class='ocr_carea' id='block_1_87' title="bbox 1927 4207 3508 4278">
    <p class='ocr_par' dir='ltr' id='par_1_87' title="bbox 1927 4207 3508 4278">
     <span class='ocr_line' id='line_1_87' title="bbox 1927 4207 3508 4278; baseline -0.003 -16"><span class='ocrx_word' id='word_1_683' title='bbox 1927 4207 2102 4278; x_wconf 86' lang='lat' dir='ltr'><strong>igitur</strong></span> <span class='ocrx_word' id='word_1_684' title='bbox 2128 4208 2314 4263; x_wconf 88' lang='lat' dir='ltr'><strong>carnis</strong></span> <span class='ocrx_word' id='word_1_685' title='bbox 2341 4207 2626 4278; x_wconf 71' lang='lat' dir='ltr'><strong>genitores’</strong></span> <span class='ocrx_word' id='word_1_686' title='bbox 2665 4215 2720 4262; x_wconf 80' lang='lat' dir='ltr'><strong>et</strong></span> <span class='ocrx_word' id='word_1_687' title='bbox 2757 4207 3062 4277; x_wconf 83' lang='lat' dir='ltr'><strong>praesertim</strong></span> <span class='ocrx_word' id='word_1_688' title='bbox 3108 4214 3239 4262; x_wconf 89' lang='lat' dir='ltr'><strong>sunt</strong></span> <span class='ocrx_word' id='word_1_689' title='bbox 3280 4213 3508 4277; x_wconf 87' lang='lat' dir='ltr'><strong>patres:</strong></span> 
     </span>
    </p>
   </div>
   <div class='ocr_carea' id='block_1_88' title="bbox 1929 4297 3533 4370">
    <p class='ocr_par' dir='ltr' id='par_1_88' title="bbox 1929 4297 3533 4370">
     <span class='ocr_line' id='line_1_88' title="bbox 1929 4297 3533 4370; baseline 0.001 -16"><span class='ocrx_word' id='word_1_690' title='bbox 1929 4299 2117 4354; x_wconf 91' lang='lat' dir='ltr'><strong>nullus</strong></span> <span class='ocrx_word' id='word_1_691' title='bbox 2145 4305 2352 4365; x_wconf 89' lang='lat' dir='ltr'><strong>autem,</strong></span> <span class='ocrx_word' id='word_1_692' title='bbox 2397 4299 2554 4370; x_wconf 82' lang='lat' dir='ltr'><strong>juxta</strong></span> <span class='ocrx_word' id='word_1_693' title='bbox 2581 4313 2704 4364; x_wconf 86' lang='lat' dir='ltr'><strong>vos,</strong></span> <span class='ocrx_word' id='word_1_694' title='bbox 2737 4298 2982 4354; x_wconf 85' lang='lat' dir='ltr'><strong>hominis</strong></span> <span class='ocrx_word' id='word_1_695' title='bbox 3019 4298 3234 4370; x_wconf 89' lang='lat' dir='ltr'><strong>genitor</strong></span> <span class='ocrx_word' id='word_1_696' title='bbox 3277 4305 3382 4354; x_wconf 88' lang='lat' dir='ltr'><strong>est.</strong></span> <span class='ocrx_word' id='word_1_697' title='bbox 3431 4297 3533 4356; x_wconf 82' lang='lat' dir='ltr'><strong>Ita.-</strong></span> 
     </span>
    </p>
   </div>
   <div class='ocr_carea' id='block_1_89' title="bbox 1931 4389 3518 4461">
    <p class='ocr_par' dir='ltr' id='par_1_89' title="bbox 1931 4389 3518 4461">
     <span class='ocr_line' id='line_1_89' title="bbox 1931 4389 3518 4461; baseline -0.001 -14"><span class='ocrx_word' id='word_1_698' title='bbox 1931 4407 2066 4448; x_wconf 90' lang='lat' dir='ltr'><strong>vero</strong></span> <span class='ocrx_word' id='word_1_699' title='bbox 2111 4391 2244 4461; x_wconf 89' lang='lat' dir='ltr'><strong>quia</strong></span> <span class='ocrx_word' id='word_1_700' title='bbox 2279 4389 2403 4446; x_wconf 78' lang='lat' dir='ltr'><strong>fluit</strong></span> <span class='ocrx_word' id='word_1_701' title='bbox 2428 4390 2486 4444; x_wconf 88' lang='lat' dir='ltr'><strong>in</strong></span> <span class='ocrx_word' id='word_1_702' title='bbox 2513 4389 2632 4446; x_wconf 87' lang='lat' dir='ltr'><strong>dies</strong></span> <span class='ocrx_word' id='word_1_703' title='bbox 2659 4399 2716 4445; x_wconf 90' lang='lat' dir='ltr'><strong>et</strong></span> <span class='ocrx_word' id='word_1_704' title='bbox 2744 4397 2992 4444; x_wconf 88' lang='lat' dir='ltr'><strong>mutatur</strong></span> <span class='ocrx_word' id='word_1_705' title='bbox 3017 4404 3240 4460; x_wconf 88' lang='lat' dir='ltr'><strong>corpus,</strong></span> <span class='ocrx_word' id='word_1_706' title='bbox 3277 4398 3334 4444; x_wconf 90' lang='lat' dir='ltr'><strong>et</strong></span> <span class='ocrx_word' id='word_1_707' title='bbox 3362 4390 3518 4448; x_wconf 77' lang='lat' dir='ltr'><strong>nulla</strong></span> 
     </span>
    </p>
   </div>
   <div class='ocr_carea' id='block_1_90' title="bbox 1933 4479 3523 4554">
    <p class='ocr_par' dir='ltr' id='par_1_90' title="bbox 1933 4479 3523 4554">
     <span class='ocr_line' id='line_1_90' title="bbox 1933 4479 3523 4554; baseline -0.002 -14"><span class='ocrx_word' id='word_1_708' title='bbox 1933 4483 2118 4554; x_wconf 87' lang='lat' dir='ltr'><strong>aliqua</strong></span> <span class='ocrx_word' id='word_1_709' title='bbox 2142 4497 2264 4539; x_wconf 89' lang='lat' dir='ltr'><strong>sors</strong></span> <span class='ocrx_word' id='word_1_710' title='bbox 2288 4489 2583 4551; x_wconf 88' lang='lat' dir='ltr'><strong>parentum</strong></span> <span class='ocrx_word' id='word_1_711' title='bbox 2609 4479 2667 4535; x_wconf 92' lang='lat' dir='ltr'><strong>in</strong></span> <span class='ocrx_word' id='word_1_712' title='bbox 2699 4487 2962 4550; x_wconf 88' lang='lat' dir='ltr'><strong>tempore,</strong></span> <span class='ocrx_word' id='word_1_713' title='bbox 2991 4495 3102 4535; x_wconf 89' lang='lat' dir='ltr'><strong>non</strong></span> <span class='ocrx_word' id='word_1_714' title='bbox 3132 4485 3317 4535; x_wconf 85' lang='lat' dir='ltr'><strong>essent</strong></span> <span class='ocrx_word' id='word_1_715' title='bbox 3344 4479 3523 4537; x_wconf 74' lang='lat' dir='ltr'><strong>etiam</strong></span> 
     </span>
    </p>
   </div>
   <div class='ocr_carea' id='block_1_91' title="bbox 248 4567 1817 4659">
    <p class='ocr_par' dir='ltr' id='par_1_91' title="bbox 248 4567 1817 4643">
     <span class='ocr_line' id='line_1_91' title="bbox 248 4567 1817 4643; baseline -0.003 -18"><span class='ocrx_word' id='word_1_716' title='bbox 248 4571 440 4643; x_wconf 66' lang='grc' dir='ltr'>ἐξέστη</span> <span class='ocrx_word' id='word_1_717' title='bbox 497 4571 594 4624; x_wconf 77' lang='grc' dir='ltr'><strong>τοῦ</strong></span> <span class='ocrx_word' id='word_1_718' title='bbox 648 4569 786 4625; x_wconf 76' lang='grc' dir='ltr'>εἶναι</span> <span class='ocrx_word' id='word_1_719' title='bbox 825 4571 942 4636; x_wconf 81' lang='grc' dir='ltr'>υίὸς</span> <span class='ocrx_word' id='word_1_720' title='bbox 991 4569 1246 4642; x_wconf 76' lang='grc' dir='ltr'>Ἀϐραὰμ</span> <span class='ocrx_word' id='word_1_721' title='bbox 1277 4570 1374 4623; x_wconf 79' lang='grc' dir='ltr'>καὶ</span> <span class='ocrx_word' id='word_1_722' title='bbox 1399 4570 1450 4622; x_wconf 90' lang='grc' dir='ltr'><strong>οί</strong></span> <span class='ocrx_word' id='word_1_723' title='bbox 1475 4567 1652 4622; x_wconf 87' lang='grc' dir='ltr'>λοιποί</span> <span class='ocrx_word' id='word_1_724' title='bbox 1677 4584 1690 4598; x_wconf 88' lang='grc'><strong>·</strong></span> <span class='ocrx_word' id='word_1_725' title='bbox 1732 4569 1817 4623; x_wconf 67' lang='grc' dir='ltr'>καὶ</span> 
     </span>
    </p>
   </div>
   <div class='ocr_carea' id='block_1_92' title="bbox 1920 4567 3514 4659">
    <p class='ocr_par' dir='ltr' id='par_1_92' title="bbox 1937 4571 3514 4646">
     <span class='ocr_line' id='line_1_92' title="bbox 1937 4571 3514 4646; baseline -0.004 -14"><span class='ocrx_word' id='word_1_726' title='bbox 1937 4575 2120 4632; x_wconf 88' lang='lat' dir='ltr'><strong>carnis</strong></span> <span class='ocrx_word' id='word_1_727' title='bbox 2143 4582 2438 4646; x_wconf 84' lang='lat' dir='ltr'><strong>parentes:</strong></span> <span class='ocrx_word' id='word_1_728' title='bbox 2464 4573 2562 4629; x_wconf 90' lang='lat' dir='ltr'><strong>sed</strong></span> <span class='ocrx_word' id='word_1_729' title='bbox 2583 4581 2638 4628; x_wconf 88' lang='lat' dir='ltr'><strong>et</strong></span> <span class='ocrx_word' id='word_1_730' title='bbox 2657 4587 2824 4628; x_wconf 81' lang='lat' dir='ltr'><strong>senex</strong></span> <span class='ocrx_word' id='word_1_731' title='bbox 2842 4573 2992 4628; x_wconf 85' lang='lat' dir='ltr'><strong>Isaac</strong></span> <span class='ocrx_word' id='word_1_732' title='bbox 3012 4571 3193 4628; x_wconf 89' lang='lat' dir='ltr'><strong>factus</strong></span> <span class='ocrx_word' id='word_1_733' title='bbox 3216 4581 3302 4629; x_wconf 88' lang='lat' dir='ltr'><strong>est</strong></span> <span class='ocrx_word' id='word_1_734' title='bbox 3323 4587 3514 4628; x_wconf 83' lang='lat' dir='ltr'><strong>exsors</strong></span> 
     </span>
    </p>
   </div>
   <div class='ocr_carea' id='block_1_93' title="bbox 247 4661 1831 4735">
    <p class='ocr_par' dir='ltr' id='par_1_93' title="bbox 247 4661 1831 4735">
     <span class='ocr_line' id='line_1_93' title="bbox 247 4661 1831 4735; baseline -0.003 -17"><span class='ocrx_word' id='word_1_735' title='bbox 247 4665 367 4728; x_wconf 77' lang='grc' dir='ltr'><strong>πῶς</strong></span> <span class='ocrx_word' id='word_1_736' title='bbox 395 4664 612 4735; x_wconf 72' lang='grc' dir='ltr'>εἴρηται</span> <span class='ocrx_word' id='word_1_737' title='bbox 659 4662 766 4716; x_wconf 77' lang='grc' dir='ltr'><strong>ὑπὸ</strong></span> <span class='ocrx_word' id='word_1_738' title='bbox 808 4661 904 4716; x_wconf 78' lang='grc' dir='ltr'>τοῦ</span> <span class='ocrx_word' id='word_1_739' title='bbox 934 4663 1094 4717; x_wconf 81' lang='grc' dir='ltr'><strong>Θεοῦο</strong></span> <span class='ocrx_word' id='word_1_740' title='bbox 1133 4683 1151 4716; x_wconf 80' lang='grc' dir='ltr'><strong>ι</strong></span> <span class='ocrx_word' id='word_1_741' title='bbox 1194 4664 1266 4718; x_wconf 83' lang='grc' dir='ltr'><strong>Σὺ</strong></span> <span class='ocrx_word' id='word_1_742' title='bbox 1291 4662 1350 4716; x_wconf 83' lang='grc' dir='ltr'>δὲ</span> <span class='ocrx_word' id='word_1_743' title='bbox 1388 4661 1666 4733; x_wconf 78' lang='grc' dir='ltr'>ἁπελεύσῃ</span> <span class='ocrx_word' id='word_1_744' title='bbox 1695 4663 1831 4733; x_wconf 83' lang='grc' dir='ltr'>πρὸς</span> 
     </span>
    </p>
   </div>
   <div class='ocr_carea' id='block_1_94' title="bbox 249 4757 1829 4830">
    <p class='ocr_par' dir='ltr' id='par_1_94' title="bbox 249 4757 1829 4830">
     <span class='ocr_line' id='line_1_94' title="bbox 249 4757 1829 4830; baseline 0 -18"><span class='ocrx_word' id='word_1_745' title='bbox 249 4760 377 4821; x_wconf 74' lang='grc' dir='ltr'>τοὺς</span> <span class='ocrx_word' id='word_1_746' title='bbox 409 4759 658 4830; x_wconf 82' lang='grc' dir='ltr'>πατέρας</span> <span class='ocrx_word' id='word_1_747' title='bbox 690 4775 809 4825; x_wconf 89' lang='grc' dir='ltr'>σου,</span> <span class='ocrx_word' id='word_1_748' title='bbox 848 4759 1076 4830; x_wconf 76' lang='grc' dir='ltr'>τραφεὶς</span> <span class='ocrx_word' id='word_1_749' title='bbox 1103 4760 1162 4811; x_wconf 80' lang='grc' dir='ltr'>ἐν</span> <span class='ocrx_word' id='word_1_750' title='bbox 1183 4761 1342 4830; x_wconf 79' lang='grc' dir='ltr'>γήρει</span> <span class='ocrx_word' id='word_1_751' title='bbox 1373 4757 1556 4827; x_wconf 81' lang='grc' dir='ltr'>καλῴ;</span> <span class='ocrx_word' id='word_1_752' title='bbox 1599 4777 1618 4810; x_wconf 72' lang='grc' dir='ltr'><strong>ι</strong></span> <span class='ocrx_word' id='word_1_753' title='bbox 1664 4757 1829 4812; x_wconf 76' lang='grc' dir='ltr'>Ἀλλὰ</span> 
     </span>
    </p>
   </div>
   <div class='ocr_carea' id='block_1_95' title="bbox 251 4848 1831 4923">
    <p class='ocr_par' dir='ltr' id='par_1_95' title="bbox 251 4848 1831 4923">
     <span class='ocr_line' id='line_1_95' title="bbox 251 4848 1831 4923; baseline -0.001 -21"><span class='ocrx_word' id='word_1_754' title='bbox 251 4851 423 4904; x_wconf 84' lang='grc' dir='ltr'>ταῦτα</span> <span class='ocrx_word' id='word_1_755' title='bbox 450 4849 695 4923; x_wconf 81' lang='grc' dir='ltr'>πρόδηλα</span> <span class='ocrx_word' id='word_1_756' title='bbox 724 4851 901 4904; x_wconf 81' lang='grc' dir='ltr'>ἄτοπα</span> <span class='ocrx_word' id='word_1_757' title='bbox 921 4867 935 4882; x_wconf 92' lang='grc'><strong>·</strong></span> <span class='ocrx_word' id='word_1_758' title='bbox 964 4851 1059 4904; x_wconf 79' lang='grc' dir='ltr'>καὶ</span> <span class='ocrx_word' id='word_1_759' title='bbox 1093 4850 1201 4919; x_wconf 79' lang='grc' dir='ltr'><strong>γὰρ</strong></span> <span class='ocrx_word' id='word_1_760' title='bbox 1241 4849 1403 4912; x_wconf 72' lang='grc' dir='ltr'>αὐτὸς</span> <span class='ocrx_word' id='word_1_761' title='bbox 1437 4852 1466 4904; x_wconf 90' lang='lat'><strong>6</strong></span> <span class='ocrx_word' id='word_1_762' title='bbox 1506 4848 1831 4912; x_wconf 79' lang='grc' dir='ltr'>Ἀπόστολος</span> 
     </span>
    </p>
   </div>
   <div class='ocr_carea' id='block_1_96' title="bbox 251 4929 1830 5015">
    <p class='ocr_par' dir='ltr' id='par_1_96' title="bbox 251 4929 1830 5015">
     <span class='ocr_line' id='line_1_96' title="bbox 251 4929 1830 5015; baseline -0.003 -19"><span class='ocrx_word' id='word_1_763' title='bbox 251 4929 423 5010; x_wconf 70' lang='grc' dir='ltr'>λέγων</span> <span class='ocrx_word' id='word_1_764' title='bbox 453 4945 582 5008; x_wconf 82' lang='grc' dir='ltr'>τοὺς</span> <span class='ocrx_word' id='word_1_765' title='bbox 630 4943 729 5015; x_wconf 82' lang='grc' dir='ltr'>μὲν</span> <span class='ocrx_word' id='word_1_766' title='bbox 765 4939 906 4998; x_wconf 82' lang='grc' dir='ltr'>εἶναι</span> <span class='ocrx_word' id='word_1_767' title='bbox 938 4941 1038 5012; x_wconf 83' lang='grc' dir='ltr'><strong>τῆς</strong></span> <span class='ocrx_word' id='word_1_768' title='bbox 1079 4941 1284 5013; x_wconf 83' lang='grc' dir='ltr'>σαρκὸς</span> <span class='ocrx_word' id='word_1_769' title='bbox 1307 4940 1569 5012; x_wconf 89' lang='grc' dir='ltr'>πατέρας,</span> <span class='ocrx_word' id='word_1_770' title='bbox 1603 4939 1697 5004; x_wconf 81' lang='grc' dir='ltr'><strong>οὓς</strong></span> <span class='ocrx_word' id='word_1_771' title='bbox 1735 4941 1830 4995; x_wconf 76' lang='grc' dir='ltr'>καὶ</span> 
     </span>
    </p>
   </div>
   <div class='ocr_carea' id='block_1_97' title="bbox 250 5032 1830 5106">
    <p class='ocr_par' dir='ltr' id='par_1_97' title="bbox 250 5032 1830 5106">
     <span class='ocr_line' id='line_1_97' title="bbox 250 5032 1830 5106; baseline 0.001 -20"><span class='ocrx_word' id='word_1_772' title='bbox 250 5035 481 5106; x_wconf 69' lang='grc' dir='ltr'>ἔσχομεν</span> <span class='ocrx_word' id='word_1_773' title='bbox 508 5035 800 5100; x_wconf 83' lang='grc' dir='ltr'>παιδευτάς</span> <span class='ocrx_word' id='word_1_774' title='bbox 824 5052 839 5068; x_wconf 76' lang='grc' dir='ltr'><strong>ο</strong></span> <span class='ocrx_word' id='word_1_775' title='bbox 870 5036 965 5089; x_wconf 79' lang='grc' dir='ltr'>καὶ</span> <span class='ocrx_word' id='word_1_776' title='bbox 990 5035 1084 5088; x_wconf 82' lang='grc' dir='ltr'>τὸν</span> <span class='ocrx_word' id='word_1_777' title='bbox 1109 5035 1245 5089; x_wconf 81' lang='grc' dir='ltr'>Θεὸν</span> <span class='ocrx_word' id='word_1_778' title='bbox 1268 5034 1442 5104; x_wconf 87' lang='grc' dir='ltr'>λέγων</span> <span class='ocrx_word' id='word_1_779' title='bbox 1468 5033 1690 5104; x_wconf 86' lang='grc' dir='ltr'>Πατέρα</span> <span class='ocrx_word' id='word_1_780' title='bbox 1718 5032 1830 5088; x_wconf 85' lang='grc' dir='ltr'><strong>τῶν</strong></span> 
     </span>
    </p>
   </div>
   <div class='ocr_carea' id='block_1_98' title="bbox 249 5109 1828 5197">
    <p class='ocr_par' dir='ltr' id='par_1_98' title="bbox 249 5109 1828 5197">
     <span class='ocr_line' id='line_1_98' title="bbox 249 5109 1828 5197; baseline -0.002 -18"><span class='ocrx_word' id='word_1_781' title='bbox 249 5127 577 5196; x_wconf 76' lang='grc' dir='ltr'>πνευμάτων</span> <span class='ocrx_word' id='word_1_782' title='bbox 603 5123 740 5180; x_wconf 85' lang='grc' dir='ltr'>εῐναι</span> <span class='ocrx_word' id='word_1_783' title='bbox 767 5125 950 5197; x_wconf 82' lang='grc' dir='ltr'>μόνον,</span> <span class='ocrx_word' id='word_1_784' title='bbox 971 5125 1132 5188; x_wconf 80' lang='grc' dir='ltr'>αὑτός</span> <span class='ocrx_word' id='word_1_785' title='bbox 1158 5141 1292 5195; x_wconf 79' lang='grc' dir='ltr'>φησι</span> <span class='ocrx_word' id='word_1_786' title='bbox 1323 5123 1538 5196; x_wconf 84' lang='grc' dir='ltr'>μητέρα</span> <span class='ocrx_word' id='word_1_787' title='bbox 1561 5109 1828 5193; x_wconf 80' lang='grc' dir='ltr'>Τιμοθέου</span> 
     </span>
    </p>
   </div>
   <div class='ocr_carea' id='block_1_99' title="bbox 252 5215 1826 5289">
    <p class='ocr_par' dir='ltr' id='par_1_99' title="bbox 252 5215 1826 5289">
     <span class='ocr_line' id='line_1_99' title="bbox 252 5215 1826 5289; baseline 0 -19"><span class='ocrx_word' id='word_1_788' title='bbox 252 5215 512 5288; x_wconf 82' lang='grc' dir='ltr'>Εὐνίκην,</span> <span class='ocrx_word' id='word_1_789' title='bbox 539 5217 636 5272; x_wconf 73' lang='grc' dir='ltr'>καὶ</span> <span class='ocrx_word' id='word_1_790' title='bbox 659 5219 719 5271; x_wconf 85' lang='grc' dir='ltr'><strong>ού</strong></span> <span class='ocrx_word' id='word_1_791' title='bbox 754 5217 854 5288; x_wconf 84' lang='grc' dir='ltr'><strong>τῆς</strong></span> <span class='ocrx_word' id='word_1_792' title='bbox 885 5218 1088 5289; x_wconf 86' lang='grc' dir='ltr'>σαρκὸς</span> <span class='ocrx_word' id='word_1_793' title='bbox 1119 5217 1388 5288; x_wconf 80' lang='grc' dir='ltr'>Τιμοθέου</span> <span class='ocrx_word' id='word_1_794' title='bbox 1429 5217 1591 5288; x_wconf 86' lang='grc' dir='ltr'>μόνον</span> <span class='ocrx_word' id='word_1_795' title='bbox 1613 5231 1628 5246; x_wconf 87' lang='grc'><strong>·</strong></span> <span class='ocrx_word' id='word_1_796' title='bbox 1665 5215 1826 5285; x_wconf 83' lang='grc' dir='ltr'>δῆλον</span> 
     </span>
    </p>
   </div>
   <div class='ocr_carea' id='block_1_100' title="bbox 247 5301 1830 5378">
    <p class='ocr_par' dir='ltr' id='par_1_100' title="bbox 247 5301 1830 5378">
     <span class='ocr_line' id='line_1_100' title="bbox 247 5301 1830 5378; baseline 0.001 -19"><span class='ocrx_word' id='word_1_797' title='bbox 247 5301 336 5360; x_wconf 70' lang='grc' dir='ltr'>οὖν</span> <span class='ocrx_word' id='word_1_798' title='bbox 355 5306 438 5374; x_wconf 79' lang='grc' dir='ltr'>ὡς</span> <span class='ocrx_word' id='word_1_799' title='bbox 459 5307 700 5378; x_wconf 80' lang='grc' dir='ltr'>άληθῶς,</span> <span class='ocrx_word' id='word_1_800' title='bbox 725 5309 776 5363; x_wconf 85' lang='grc' dir='ltr'><strong>εί</strong></span> <span class='ocrx_word' id='word_1_801' title='bbox 807 5309 904 5362; x_wconf 80' lang='grc' dir='ltr'>καὶ</span> <span class='ocrx_word' id='word_1_802' title='bbox 933 5309 1010 5378; x_wconf 86' lang='grc' dir='ltr'>μὴ</span> <span class='ocrx_word' id='word_1_803' title='bbox 1029 5308 1092 5362; x_wconf 80' lang='grc' dir='ltr'>τὸ</span> <span class='ocrx_word' id='word_1_804' title='bbox 1118 5304 1259 5361; x_wconf 80' lang='grc' dir='ltr'>εἶναι</span> <span class='ocrx_word' id='word_1_805' title='bbox 1288 5308 1421 5361; x_wconf 81' lang='grc' dir='ltr'>αὐτὸ</span> <span class='ocrx_word' id='word_1_806' title='bbox 1447 5305 1658 5373; x_wconf 77' lang='grc' dir='ltr'>ἁπλῶς,</span> <span class='ocrx_word' id='word_1_807' title='bbox 1690 5306 1830 5361; x_wconf 80' lang='grc' dir='ltr'>ἀλλὰ</span> 
     </span>
    </p>
   </div>
   <div class='ocr_carea' id='block_1_101' title="bbox 246 5393 1828 5471">
    <p class='ocr_par' dir='ltr' id='par_1_101' title="bbox 246 5393 1828 5471">
     <span class='ocr_line' id='line_1_101' title="bbox 246 5393 1828 5471; baseline 0.001 -23"><span class='ocrx_word' id='word_1_808' title='bbox 246 5395 304 5449; x_wconf 81' lang='grc' dir='ltr'>τὸ</span> <span class='ocrx_word' id='word_1_809' title='bbox 338 5397 698 5471; x_wconf 81' lang='grc' dir='ltr'>σαρκωθῆναι</span> <span class='ocrx_word' id='word_1_810' title='bbox 757 5399 852 5452; x_wconf 73' lang='grc' dir='ltr'>καὶ</span> <span class='ocrx_word' id='word_1_811' title='bbox 919 5397 1342 5470; x_wconf 79' lang='grc' dir='ltr'>σεσαρκωμένος</span> <span class='ocrx_word' id='word_1_812' title='bbox 1389 5393 1531 5450; x_wconf 77' lang='grc' dir='ltr'>εἶναι</span> <span class='ocrx_word' id='word_1_813' title='bbox 1565 5399 1595 5450; x_wconf 92' lang='lat'><strong>6</strong></span> <span class='ocrx_word' id='word_1_814' title='bbox 1653 5396 1828 5465; x_wconf 84' lang='grc' dir='ltr'>Λόγος</span> 
     </span>
    </p>
   </div>
   <div class='ocr_carea' id='block_1_102' title="bbox 246 5487 1827 5561">
    <p class='ocr_par' dir='ltr' id='par_1_102' title="bbox 246 5487 1827 5561">
     <span class='ocr_line' id='line_1_102' title="bbox 246 5487 1827 5561; baseline 0.001 -20"><span class='ocrx_word' id='word_1_815' title='bbox 246 5487 410 5558; x_wconf 75' lang='grc' dir='ltr'>ισχεν</span> <span class='ocrx_word' id='word_1_816' title='bbox 439 5493 506 5546; x_wconf 77' lang='grc' dir='ltr'>ὲκ</span> <span class='ocrx_word' id='word_1_817' title='bbox 527 5489 628 5561; x_wconf 83' lang='grc' dir='ltr'>τῆς</span> <span class='ocrx_word' id='word_1_818' title='bbox 651 5490 814 5558; x_wconf 82' lang='grc' dir='ltr'>ἁγίας</span> <span class='ocrx_word' id='word_1_819' title='bbox 845 5490 1148 5560; x_wconf 85' lang='grc' dir='ltr'>Παρθένου,</span> <span class='ocrx_word' id='word_1_820' title='bbox 1175 5489 1302 5552; x_wconf 83' lang='grc' dir='ltr'><strong>Υἱός</strong></span> <span class='ocrx_word' id='word_1_821' title='bbox 1329 5506 1390 5543; x_wconf 85' lang='grc' dir='ltr'><strong>τε</strong></span> <span class='ocrx_word' id='word_1_822' title='bbox 1419 5487 1635 5558; x_wconf 68' lang='grc' dir='ltr'><strong>ἀληθῶς</strong></span> <span class='ocrx_word' id='word_1_823' title='bbox 1655 5489 1827 5558; x_wconf 80' lang='grc' dir='ltr'>αὐτῆς</span> 
     </span>
    </p>
   </div>
   <div class='ocr_carea' id='block_1_103' title="bbox 245 5574 1822 5652">
    <p class='ocr_par' dir='ltr' id='par_1_103' title="bbox 245 5574 1822 5652">
     <span class='ocr_line' id='line_1_103' title="bbox 245 5574 1822 5652; baseline -0.001 -20"><span class='ocrx_word' id='word_1_824' title='bbox 245 5581 353 5633; x_wconf 74' lang='grc' dir='ltr'>ἐστι</span> <span class='ocrx_word' id='word_1_825' title='bbox 394 5599 408 5612; x_wconf 90' lang='grc'><strong>·</strong></span> <span class='ocrx_word' id='word_1_826' title='bbox 444 5581 541 5635; x_wconf 74' lang='grc' dir='ltr'>καὶ</span> <span class='ocrx_word' id='word_1_827' title='bbox 605 5579 869 5648; x_wconf 82' lang='grc' dir='ltr'>νεώτερος</span> <span class='ocrx_word' id='word_1_828' title='bbox 919 5581 1126 5652; x_wconf 82' lang='grc' dir='ltr'>ταύτης</span> <span class='ocrx_word' id='word_1_829' title='bbox 1179 5583 1238 5634; x_wconf 85' lang='grc' dir='ltr'>ὲν</span> <span class='ocrx_word' id='word_1_830' title='bbox 1290 5580 1368 5652; x_wconf 78' lang='grc' dir='ltr'><strong>τῷ</strong></span> <span class='ocrx_word' id='word_1_831' title='bbox 1411 5579 1636 5633; x_wconf 84' lang='grc' dir='ltr'>τοιῶσδε</span> <span class='ocrx_word' id='word_1_832' title='bbox 1659 5574 1822 5642; x_wconf 80' lang='grc' dir='ltr'>εἶναι,</span> 
     </span>
    </p>
   </div>
   <div class='ocr_carea' id='block_1_104' title="bbox 250 5665 1829 5740">
    <p class='ocr_par' dir='ltr' id='par_1_104' title="bbox 250 5665 1829 5740">
     <span class='ocr_line' id='line_1_104' title="bbox 250 5665 1829 5740; baseline 0.001 -20"><span class='ocrx_word' id='word_1_833' title='bbox 250 5665 419 5735; x_wconf 67' lang='grc' dir='ltr'>ἢγουν</span> <span class='ocrx_word' id='word_1_834' title='bbox 465 5669 718 5730; x_wconf 81' lang='grc' dir='ltr'>σύνθετος</span> <span class='ocrx_word' id='word_1_835' title='bbox 755 5670 816 5734; x_wconf 72' lang='grc' dir='ltr'><strong>ἐξ</strong></span> <span class='ocrx_word' id='word_1_836' title='bbox 863 5671 1060 5736; x_wconf 73' lang='grc' dir='ltr'>ἁπλοῦ,</span> <span class='ocrx_word' id='word_1_837' title='bbox 1109 5673 1201 5724; x_wconf 65' lang='grc' dir='ltr'>καὶ</span> <span class='ocrx_word' id='word_1_838' title='bbox 1249 5671 1717 5740; x_wconf 59' lang='grc' dir='ltr'>σεσωμχτωςιζνος</span> <span class='ocrx_word' id='word_1_839' title='bbox 1771 5670 1829 5735; x_wconf 78' lang='grc' dir='ltr'>ἐξ</span> 
     </span>
    </p>
   </div>
   <div class='ocr_carea' id='block_1_105' title="bbox 260 5755 894 5827">
    <p class='ocr_par' dir='ltr' id='par_1_105' title="bbox 260 5755 894 5827">
     <span class='ocr_line' id='line_1_105' title="bbox 260 5755 894 5827; baseline 0.006 -17"><span class='ocrx_word' id='word_1_840' title='bbox 260 5755 546 5827; x_wconf 79' lang='grc' dir='ltr'>ἀσωμάτου</span> <span class='ocrx_word' id='word_1_841' title='bbox 572 5761 712 5824; x_wconf 47' lang='grc' dir='ltr'>καινή</span> <span class='ocrx_word' id='word_1_842' title='bbox 725 5775 894 5814; x_wconf 73' lang='grc' dir='ltr'>σεται.</span> 
     </span>
    </p>
   </div>
   <div class='ocr_carea' id='block_1_106' title="bbox 333 5830 786 5915">
    <p class='ocr_par' dir='ltr' id='par_1_106' title="bbox 333 5830 786 5915">
     <span class='ocr_line' id='line_1_106' title="bbox 333 5830 786 5915; baseline -0.004 -7"><span class='ocrx_word' id='word_1_843' title='bbox 333 5862 358 5892; x_wconf 80' lang='grc' dir='ltr'><strong><em>κ</em></strong></span> <span class='ocrx_word' id='word_1_844' title='bbox 383 5849 516 5908; x_wconf 81' lang='lat' dir='ltr'><strong>Gen.</strong></span> <span class='ocrx_word' id='word_1_845' title='bbox 557 5863 646 5915; x_wconf 62' lang='grc' dir='ltr'>λιιι</span> <span class='ocrx_word' id='word_1_846' title='bbox 683 5830 786 5906; x_wconf 68' lang='grc'><strong>15.’</strong></span> 
     </span>
    </p>
   </div>
   <div class='ocr_carea' id='block_1_107' title="bbox 1938 4663 3512 4737">
    <p class='ocr_par' dir='ltr' id='par_1_107' title="bbox 1938 4663 3512 4737">
     <span class='ocr_line' id='line_1_107' title="bbox 1938 4663 3512 4737; baseline -0.002 -15"><span class='ocrx_word' id='word_1_847' title='bbox 1938 4665 2229 4722; x_wconf 84' lang='lat' dir='ltr'><strong>ﬁliationis</strong></span> <span class='ocrx_word' id='word_1_848' title='bbox 2253 4665 2522 4722; x_wconf 70' lang='lat' dir='ltr'><strong>Abrahae:</strong></span> <span class='ocrx_word' id='word_1_849' title='bbox 2561 4674 2618 4721; x_wconf 89' lang='lat' dir='ltr'><strong>et</strong></span> <span class='ocrx_word' id='word_1_850' title='bbox 2648 4667 2726 4720; x_wconf 90' lang='lat' dir='ltr'><strong>ita</strong></span> <span class='ocrx_word' id='word_1_851' title='bbox 2761 4664 2875 4719; x_wconf 89' lang='lat' dir='ltr'><strong>alii.</strong></span> <span class='ocrx_word' id='word_1_852' title='bbox 2912 4663 3200 4732; x_wconf 84' lang='lat' dir='ltr'><strong>Quomodo</strong></span> <span class='ocrx_word' id='word_1_853' title='bbox 3248 4679 3382 4737; x_wconf 87' lang='lat' dir='ltr'><strong>ergo</strong></span> <span class='ocrx_word' id='word_1_854' title='bbox 3423 4663 3512 4720; x_wconf 91' lang='lat' dir='ltr'><strong>di-</strong></span> 
     </span>
    </p>
   </div>
   <div class='ocr_carea' id='block_1_108' title="bbox 1938 4753 3516 4824">
    <p class='ocr_par' dir='ltr' id='par_1_108' title="bbox 1938 4753 3516 4824">
     <span class='ocr_line' id='line_1_108' title="bbox 1938 4753 3516 4824; baseline 0 -13"><span class='ocrx_word' id='word_1_855' title='bbox 1938 4765 2092 4812; x_wconf 89' lang='lat' dir='ltr'><strong>ctum</strong></span> <span class='ocrx_word' id='word_1_856' title='bbox 2114 4763 2200 4812; x_wconf 87' lang='lat' dir='ltr'><strong>est</strong></span> <span class='ocrx_word' id='word_1_857' title='bbox 2224 4771 2257 4810; x_wconf 85' lang='lat' dir='ltr'><strong>a</strong></span> <span class='ocrx_word' id='word_1_858' title='bbox 2283 4755 2432 4810; x_wconf 91' lang='lat' dir='ltr'><strong>Deo:</strong></span> <span class='ocrx_word' id='word_1_859' title='bbox 2469 4773 2488 4806; x_wconf 77' lang='grc' dir='ltr'><strong>ι</strong></span> <span class='ocrx_word' id='word_1_860' title='bbox 2517 4755 2598 4810; x_wconf 93' lang='lat' dir='ltr'><strong>Tu</strong></span> <span class='ocrx_word' id='word_1_861' title='bbox 2629 4763 2813 4810; x_wconf 88' lang='lat' dir='ltr'><strong>autem</strong></span> <span class='ocrx_word' id='word_1_862' title='bbox 2839 4754 2948 4810; x_wconf 85' lang='lat' dir='ltr'><strong>ibis</strong></span> <span class='ocrx_word' id='word_1_863' title='bbox 2973 4753 3041 4809; x_wconf 89' lang='lat' dir='ltr'><strong>ad</strong></span> <span class='ocrx_word' id='word_1_864' title='bbox 3055 4762 3240 4824; x_wconf 89' lang='lat' dir='ltr'><strong>patres</strong></span> <span class='ocrx_word' id='word_1_865' title='bbox 3262 4761 3408 4820; x_wconf 87' lang='lat' dir='ltr'><strong>tuos,</strong></span> <span class='ocrx_word' id='word_1_866' title='bbox 3426 4769 3516 4811; x_wconf 85' lang='lat' dir='ltr'><strong>se-</strong></span> 
     </span>
    </p>
   </div>
   <div class='ocr_carea' id='block_1_109' title="bbox 1935 4845 3529 4919">
    <p class='ocr_par' dir='ltr' id='par_1_109' title="bbox 1935 4845 3529 4919">
     <span class='ocr_line' id='line_1_109' title="bbox 1935 4845 3529 4919; baseline 0.001 -17"><span class='ocrx_word' id='word_1_867' title='bbox 1935 4849 2126 4919; x_wconf 86' lang='lat' dir='ltr'><strong>pultus</strong></span> <span class='ocrx_word' id='word_1_868' title='bbox 2168 4847 2223 4903; x_wconf 92' lang='lat' dir='ltr'><strong>in</strong></span> <span class='ocrx_word' id='word_1_869' title='bbox 2250 4855 2538 4903; x_wconf 89' lang='lat' dir='ltr'><strong>senectute</strong></span> <span class='ocrx_word' id='word_1_870' title='bbox 2586 4845 2818 4902; x_wconf 65' lang='lat' dir='ltr'><strong>bonax?</strong></span> <span class='ocrx_word' id='word_1_871' title='bbox 2853 4865 2872 4898; x_wconf 71' lang='grc' dir='ltr'><strong>ι</strong></span> <span class='ocrx_word' id='word_1_872' title='bbox 2909 4845 3017 4902; x_wconf 91' lang='lat' dir='ltr'><strong>Sed</strong></span> <span class='ocrx_word' id='word_1_873' title='bbox 3061 4855 3212 4917; x_wconf 91' lang='lat' dir='ltr'><strong>patet</strong></span> <span class='ocrx_word' id='word_1_874' title='bbox 3250 4847 3370 4902; x_wconf 87' lang='lat' dir='ltr'><strong>haec</strong></span> <span class='ocrx_word' id='word_1_875' title='bbox 3395 4863 3529 4904; x_wconf 86' lang='lat' dir='ltr'><strong>esse-</strong></span> 
     </span>
    </p>
   </div>
   <div class='ocr_carea' id='block_1_110' title="bbox 1938 4937 3529 5014">
    <p class='ocr_par' dir='ltr' id='par_1_110' title="bbox 1938 4937 3529 5014">
     <span class='ocr_line' id='line_1_110' title="bbox 1938 4937 3529 5014; baseline 0.003 -18"><span class='ocrx_word' id='word_1_876' title='bbox 1938 4939 2198 4996; x_wconf 87' lang='lat' dir='ltr'><strong>absurda.</strong></span> <span class='ocrx_word' id='word_1_877' title='bbox 2238 4939 2359 5010; x_wconf 89' lang='lat' dir='ltr'><strong>Ipse</strong></span> <span class='ocrx_word' id='word_1_878' title='bbox 2405 4937 2556 4994; x_wconf 89' lang='lat' dir='ltr'><strong>enim</strong></span> <span class='ocrx_word' id='word_1_879' title='bbox 2590 4939 2884 5009; x_wconf 89' lang='lat' dir='ltr'><strong>Apostolus</strong></span> <span class='ocrx_word' id='word_1_880' title='bbox 2921 4937 3115 4996; x_wconf 87' lang='lat' dir='ltr'><strong>dicens</strong></span> <span class='ocrx_word' id='word_1_881' title='bbox 3150 4953 3249 4994; x_wconf 87' lang='lat' dir='ltr'><strong>eos</strong></span> <span class='ocrx_word' id='word_1_882' title='bbox 3292 4940 3529 5014; x_wconf 73' lang='lat' dir='ltr'><strong>quidem</strong></span> 
     </span>
    </p>
   </div>
   <div class='ocr_carea' id='block_1_111' title="bbox 1936 5029 3524 5101">
    <p class='ocr_par' dir='ltr' id='par_1_111' title="bbox 1936 5029 3524 5101">
     <span class='ocr_line' id='line_1_111' title="bbox 1936 5029 3524 5101; baseline -0.003 -13"><span class='ocrx_word' id='word_1_883' title='bbox 1936 5045 2059 5088; x_wconf 87' lang='lat' dir='ltr'><strong>esse</strong></span> <span class='ocrx_word' id='word_1_884' title='bbox 2103 5031 2288 5087; x_wconf 88' lang='lat' dir='ltr'><strong>carnis</strong></span> <span class='ocrx_word' id='word_1_885' title='bbox 2331 5037 2552 5101; x_wconf 84' lang='lat' dir='ltr'><strong>patres,</strong></span> <span class='ocrx_word' id='word_1_886' title='bbox 2597 5044 2741 5100; x_wconf 87' lang='lat' dir='ltr'><strong>quos</strong></span> <span class='ocrx_word' id='word_1_887' title='bbox 2788 5029 3087 5084; x_wconf 84' lang='lat' dir='ltr'><strong>habuimus</strong></span> <span class='ocrx_word' id='word_1_888' title='bbox 3129 5029 3423 5101; x_wconf 85' lang='lat' dir='ltr'><strong>magistros</strong></span> <span class='ocrx_word' id='word_1_889' title='bbox 3465 5039 3524 5086; x_wconf 83' lang='lat' dir='ltr'><strong>ct</strong></span> 
     </span>
    </p>
   </div>
   <div class='ocr_carea' id='block_1_112' title="bbox 1943 5123 3523 5196">
    <p class='ocr_par' dir='ltr' id='par_1_112' title="bbox 1943 5123 3523 5196">
     <span class='ocr_line' id='line_1_112' title="bbox 1943 5123 3523 5196; baseline -0.002 -16"><span class='ocrx_word' id='word_1_890' title='bbox 1943 5125 2114 5181; x_wconf 90' lang='lat' dir='ltr'><strong>Deum</strong></span> <span class='ocrx_word' id='word_1_891' title='bbox 2161 5139 2284 5180; x_wconf 90' lang='lat' dir='ltr'><strong>esse</strong></span> <span class='ocrx_word' id='word_1_892' title='bbox 2331 5123 2632 5196; x_wconf 90' lang='lat' dir='ltr'><strong>spirituum</strong></span> <span class='ocrx_word' id='word_1_893' title='bbox 2685 5139 2857 5178; x_wconf 90' lang='lat' dir='ltr'><strong>unum</strong></span> <span class='ocrx_word' id='word_1_894' title='bbox 2911 5133 3144 5195; x_wconf 89' lang='lat' dir='ltr'><strong>patrem,</strong></span> <span class='ocrx_word' id='word_1_895' title='bbox 3195 5123 3314 5194; x_wconf 86' lang='lat' dir='ltr'><strong>ipse</strong></span> <span class='ocrx_word' id='word_1_896' title='bbox 3364 5131 3523 5182; x_wconf 72' lang='lat' dir='ltr'><strong>vocat</strong></span> 
     </span>
    </p>
   </div>
   <div class='ocr_carea' id='block_1_113' title="bbox 1939 5213 3524 5274">
    <p class='ocr_par' dir='ltr' id='par_1_113' title="bbox 1939 5213 3524 5274">
     <span class='ocr_line' id='line_1_113' title="bbox 1939 5213 3524 5274; baseline -0.003 -2"><span class='ocrx_word' id='word_1_897' title='bbox 1939 5217 2206 5272; x_wconf 86' lang='lat' dir='ltr'><strong>Eunicem</strong></span> <span class='ocrx_word' id='word_1_898' title='bbox 2253 5223 2491 5272; x_wconf 91' lang='lat' dir='ltr'><strong>matrem</strong></span> <span class='ocrx_word' id='word_1_899' title='bbox 2543 5213 2840 5273; x_wconf 88' lang='lat' dir='ltr'><strong>Timothei.</strong></span> <span class='ocrx_word' id='word_1_900' title='bbox 2883 5221 2943 5270; x_wconf 87' lang='lat' dir='ltr'><strong>et</strong></span> <span class='ocrx_word' id='word_1_901' title='bbox 2989 5229 3101 5269; x_wconf 92' lang='lat' dir='ltr'><strong>non</strong></span> <span class='ocrx_word' id='word_1_902' title='bbox 3150 5223 3363 5270; x_wconf 79' lang='lat' dir='ltr'><strong>tantum</strong></span> <span class='ocrx_word' id='word_1_903' title='bbox 3405 5229 3524 5274; x_wconf 74' lang='lat' dir='ltr'><strong>ma,-</strong></span> 
     </span>
    </p>
   </div>
   <div class='ocr_carea' id='block_1_114' title="bbox 1941 5304 3531 5377">
    <p class='ocr_par' dir='ltr' id='par_1_114' title="bbox 1941 5304 3531 5377">
     <span class='ocr_line' id='line_1_114' title="bbox 1941 5304 3531 5377; baseline -0.003 -15"><span class='ocrx_word' id='word_1_904' title='bbox 1941 5317 2084 5363; x_wconf 89' lang='lat' dir='ltr'><strong>trem</strong></span> <span class='ocrx_word' id='word_1_905' title='bbox 2161 5309 2345 5364; x_wconf 89' lang='lat' dir='ltr'><strong>carnis</strong></span> <span class='ocrx_word' id='word_1_906' title='bbox 2421 5307 2716 5363; x_wconf 85' lang='lat' dir='ltr'><strong>Timothei.</strong></span> <span class='ocrx_word' id='word_1_907' title='bbox 2799 5307 2958 5363; x_wconf 87' lang='lat' dir='ltr'><strong>Patet</strong></span> <span class='ocrx_word' id='word_1_908' title='bbox 3034 5320 3166 5377; x_wconf 88' lang='lat' dir='ltr'><strong>ergo</strong></span> <span class='ocrx_word' id='word_1_909' title='bbox 3245 5304 3531 5366; x_wconf 65' lang='lat' dir='ltr'><strong>Verbum,</strong></span> 
     </span>
    </p>
   </div>
   <div class='ocr_carea' id='block_1_115' title="bbox 1937 5394 3526 5469">
    <p class='ocr_par' dir='ltr' id='par_1_115' title="bbox 1937 5394 3526 5469">
     <span class='ocr_line' id='line_1_115' title="bbox 1937 5394 3526 5469; baseline -0.004 -15"><span class='ocrx_word' id='word_1_910' title='bbox 1937 5399 2070 5454; x_wconf 89' lang='lat' dir='ltr'><strong>licet</strong></span> <span class='ocrx_word' id='word_1_911' title='bbox 2109 5397 2390 5468; x_wconf 83' lang='lat' dir='ltr'><strong>acceperit</strong></span> <span class='ocrx_word' id='word_1_912' title='bbox 2434 5413 2466 5452; x_wconf 87' lang='lat' dir='ltr'><strong>a</strong></span> <span class='ocrx_word' id='word_1_913' title='bbox 2506 5405 2696 5455; x_wconf 85' lang='lat' dir='ltr'><strong>sancta</strong></span> <span class='ocrx_word' id='word_1_914' title='bbox 2737 5397 2963 5469; x_wconf 79' lang='lat' dir='ltr'><strong>Virgine</strong></span> <span class='ocrx_word' id='word_1_915' title='bbox 2999 5411 3110 5451; x_wconf 90' lang='lat' dir='ltr'><strong>non</strong></span> <span class='ocrx_word' id='word_1_916' title='bbox 3151 5394 3378 5464; x_wconf 87' lang='lat' dir='ltr'><strong>quidem</strong></span> <span class='ocrx_word' id='word_1_917' title='bbox 3403 5407 3526 5449; x_wconf 83' lang='lat' dir='ltr'><strong>esse</strong></span> 
     </span>
    </p>
   </div>
   <div class='ocr_carea' id='block_1_116' title="bbox 1938 5487 3527 5559">
    <p class='ocr_par' dir='ltr' id='par_1_116' title="bbox 1938 5487 3527 5559">
     <span class='ocr_line' id='line_1_116' title="bbox 1938 5487 3527 5559; baseline -0.004 -13"><span class='ocrx_word' id='word_1_918' title='bbox 1938 5487 2286 5559; x_wconf 80' lang='lat' dir='ltr'><strong>simpliciter,</strong></span> <span class='ocrx_word' id='word_1_919' title='bbox 2315 5489 2414 5544; x_wconf 88' lang='lat' dir='ltr'><strong>sed</strong></span> <span class='ocrx_word' id='word_1_920' title='bbox 2448 5503 2570 5545; x_wconf 88' lang='lat' dir='ltr'><strong>esse</strong></span> <span class='ocrx_word' id='word_1_921' title='bbox 2601 5491 2975 5552; x_wconf 88' lang='lat' dir='ltr'><strong>incarnatum,</strong></span> <span class='ocrx_word' id='word_1_922' title='bbox 3005 5501 3127 5542; x_wconf 87' lang='lat' dir='ltr'><strong>esse</strong></span> <span class='ocrx_word' id='word_1_923' title='bbox 3170 5495 3355 5540; x_wconf 83' lang='lat' dir='ltr'><strong>tamen</strong></span> <span class='ocrx_word' id='word_1_924' title='bbox 3391 5495 3527 5540; x_wconf 79' lang='lat' dir='ltr'><strong>vero</strong></span> 
     </span>
    </p>
   </div>
   <div class='ocr_carea' id='block_1_117' title="bbox 1942 5576 3524 5653">
    <p class='ocr_par' dir='ltr' id='par_1_117' title="bbox 1942 5576 3524 5653">
     <span class='ocr_line' id='line_1_117' title="bbox 1942 5576 3524 5653; baseline -0.003 -17"><span class='ocrx_word' id='word_1_925' title='bbox 1942 5581 2064 5653; x_wconf 85' lang='lat' dir='ltr'><strong>ejus</strong></span> <span class='ocrx_word' id='word_1_926' title='bbox 2096 5579 2313 5646; x_wconf 82' lang='lat' dir='ltr'><strong>filium;</strong></span> <span class='ocrx_word' id='word_1_927' title='bbox 2349 5587 2407 5635; x_wconf 90' lang='lat' dir='ltr'><strong>et</strong></span> <span class='ocrx_word' id='word_1_928' title='bbox 2453 5583 2743 5652; x_wconf 85' lang='lat' dir='ltr'><strong>apparebit</strong></span> <span class='ocrx_word' id='word_1_929' title='bbox 2774 5581 2893 5653; x_wconf 86' lang='lat' dir='ltr'><strong>ipsa</strong></span> <span class='ocrx_word' id='word_1_930' title='bbox 2920 5577 3109 5651; x_wconf 86' lang='lat' dir='ltr'><strong>junior</strong></span> <span class='ocrx_word' id='word_1_931' title='bbox 3149 5576 3206 5629; x_wconf 93' lang='lat' dir='ltr'><strong>in</strong></span> <span class='ocrx_word' id='word_1_932' title='bbox 3247 5584 3524 5646; x_wconf 81' lang='lat' dir='ltr'><strong>quantum</strong></span> 
     </span>
    </p>
   </div>
   <div class='ocr_carea' id='block_1_118' title="bbox 1945 5667 3530 5743">
    <p class='ocr_par' dir='ltr' id='par_1_118' title="bbox 1945 5667 3530 5743">
     <span class='ocr_line' id='line_1_118' title="bbox 1945 5667 3530 5743; baseline -0.001 -17"><span class='ocrx_word' id='word_1_933' title='bbox 1945 5682 2029 5727; x_wconf 88' lang='lat' dir='ltr'><strong>est</strong></span> <span class='ocrx_word' id='word_1_934' title='bbox 2059 5673 2188 5736; x_wconf 85' lang='lat' dir='ltr'><strong>tale,</strong></span> <span class='ocrx_word' id='word_1_935' title='bbox 2215 5673 2583 5743; x_wconf 87' lang='lat' dir='ltr'><strong>compositum</strong></span> <span class='ocrx_word' id='word_1_936' title='bbox 2615 5673 2830 5730; x_wconf 81' lang='lat' dir='ltr'><strong>scilicet</strong></span> <span class='ocrx_word' id='word_1_937' title='bbox 2859 5688 2922 5727; x_wconf 82' lang='lat' dir='ltr'><strong>ex</strong></span> <span class='ocrx_word' id='word_1_938' title='bbox 2951 5667 3205 5736; x_wconf 86' lang='lat' dir='ltr'><strong>simplici,</strong></span> <span class='ocrx_word' id='word_1_939' title='bbox 3241 5675 3299 5722; x_wconf 88' lang='lat' dir='ltr'><strong>et</strong></span> <span class='ocrx_word' id='word_1_940' title='bbox 3329 5679 3530 5738; x_wconf 82' lang='lat' dir='ltr'><strong>corpo-</strong></span> 
     </span>
    </p>
   </div>
   <div class='ocr_carea' id='block_1_119' title="bbox 1947 5761 2602 5834">
    <p class='ocr_par' dir='ltr' id='par_1_119' title="bbox 1947 5761 2602 5834">
     <span class='ocr_line' id='line_1_119' title="bbox 1947 5761 2602 5834; baseline 0.005 -20"><span class='ocrx_word' id='word_1_941' title='bbox 1947 5774 2121 5816; x_wconf 78' lang='lat' dir='ltr'><strong>ratum</strong></span> <span class='ocrx_word' id='word_1_942' title='bbox 2152 5777 2221 5821; x_wconf 79' lang='lat' dir='ltr'><strong>ex</strong></span> <span class='ocrx_word' id='word_1_943' title='bbox 2254 5761 2602 5834; x_wconf 83' lang='lat' dir='ltr'><strong>incorporeo.</strong></span> 
     </span>
    </p>
   </div>
  </div>
