3858 6156
341 391 472 458 i385

1309 390 1702 458 ADVERSUS
1735 389 2288 454 NESTORIANOS.
2309 417 2392 454 ε-
2421 389 2571 452 LIB.
2611 389 2708 450 IV.

3445 383 3608 453 κεδμ-

335 503 500 558 αίιτοῦ
531 499 720 558 τέκνον
739 518 751 534 ⁸
776 503 872 558 καὶ
898 501 1012 567 πῶς
1039 503 1144 576 πρὸ
1189 503 1391 575 μικροῦ
1423 503 1520 574 τὴν
1570 503 1762 554 οὐσίαν
1811 499 1902 553 καὶ

2023 499 2290 570 :ujusdam
2339 499 2512 571 magis
2555 496 2702 554 illius
2747 505 2896 554 esset
2936 497 3082 556 filius
3118 513 3285 570 quam
3325 486 3583 569 proprius

333 595 393 646 οὔ
415 592 512 648 τὴν
550 593 808 664 ὁμοίωσιν
835 595 1016 649 αἰτίαν
1058 595 1514 666 ὲ).έγετε;”0·ιτως
1561 591 1654 647 οὖν
1712 593 1760 646 εί
1809 590 1907 661 μὲν

340 684 476 740 κατὰ
508 687 616 739 πᾶν
645 685 707 738 τὺ
743 679 882 740 εἶναι
923 689 1018 740 καὶ
1044 690 1104 740 ἐκ
1133 688 1331 750 παντὸς
1377 685 1473 739 τοῦ
1511 683 1650 738 εἶναι
1700 683 1734 753 ἡ
1770 681 1907 748 ἀλη-

337 774 438 844 θὴς
466 775 584 828 ἐστι
617 777 869 846 γέννησίς
894 795 1057 843 τινος,
1089 779 1400 846 ἀναγκαίως
1446 777 1539 832 καὶ
1576 779 1612 847 ἡ
1649 773 1908 846 ὁμοίωσις

339 867 458 920 ὅλον
497 865 592 920 τοῦ
625 869 982 938 γεννήσαντος
1015 869 1151 940 πρὸς
1187 870 1306 923 ὅλον
1337 870 1398 924 τὸ
1443 870 1690 937 γέννημα
1718 865 1870 918 ἔσται
1891 879 1908 895 ⁸

340 958 386 1010 εἰ
413 955 471 1010 δὲ
503 951 645 1013 κατὰ
677 958 736 1012 τὸ
771 958 999 1012 τοιῶσδε
1027 955 1168 1012 εἶναι
1205 961 1363 1031 μόνον
1415 959 1470 1014 ἐν
1519 977 1626 1012 τινι
1657 956 1912 1028 μέρει,ὲκ

345 1048 542 1118 μέρους
575 1048 743 1103 δὲκαὶ
771 1049 864 1104 τοῦ
896 1045 1036 1103 εἶναι
1079 1049 1233 1104 τοῦδέ
1263 1067 1408 1112 τινος
1440 1050 1694 1103 συνθέτου
1725 1049 1760 1118 ὴ
1781 1047 1908 1115 γέν-

303 1133 494 1210 ’,νησίς
511 1140 680 1204 ἐστιν,
716 1139 836 1210 ούχὶ
863 1138 1006 1193 κατὰ
1043 1140 1151 1192 πᾶν
1179 1138 1238 1192 τὸ
1255 1135 1393 1192 εἶναι
1414 1138 1568 1192 ἔσται
1589 1139 1626 1206 ἡ
1649 1135 1908 1208 ὁμοίωσις

319 1225 479 1300 Ξττρὺς
529 1229 592 1284 τὸ
641 1229 910 1300 γεννῆσαν
965 1227 1061 1282 τοῦ
1098 1227 1488 1300 γεννηθέντος·
1529 1227 1678 1298 ὅμως
1726 1225 1785 1278 δὲ
1843 1225 1908 1276 ὲκ

298 1297 544 1392 ξμὲρους
566 1335 624 1372 τε
685 1321 778 1373 τοῦ
817 1320 960 1375 κατὰ
997 1319 1058 1372 τὺ
1097 1313 1259 1384 εἶναι,
1309 1319 1406 1373 καὶ
1454 1319 1519 1371 ὲκ
1563 1317 1764 1387 μέρους
1815 1313 1910 1368 τοῦ

293 1393 327 1439 -¹’
347 1409 486 1463 κατὰ
538 1408 598 1462 τὸ
630 1409 856 1462 τοιῶσδε
906 1405 1048 1464 εἶναι
1099 1408 1194 1462 τοῦ
1257 1407 1375 1472 sub;
1419 1407 1585 1462 αὐτοῦ
1619 1403 1912 1478 προσώπου

344 1501 619 1571 γεννήτωρ
645 1499 728 1570 εἴη
751 1499 917 1562 ὅντως
948 1503 976 1553 ὁ
1007 1499 1273 1570 γεννήσας
1292 1513 1305 1528 ·
1343 1497 1532 1568 ὥσπερ
1573 1497 1665 1550 καὶ
1699 1496 1792 1548 ἐπὶ
1819 1495 1914 1549 ἀν-

343 1590 561 1661 θρώπου
595 1591 830 1662 ὁρῶμεν,
856 1589 950 1642 τοῦ
979 1588 1080 1660 μὲν
1111 1587 1362 1660 σώματος
1400 1588 1500 1658 τὴν
1548 1587 1802 1658 γέννησιν
1830 1586 1910 1648 είς

341 1683 398 1736 τὸ
425 1680 566 1736 εἶναι
605 1685 668 1736 ὲκ
688 1681 796 1735 τῶν
827 1683 1032 1752 γονέων
1060 1681 1298 1754 ἔχοντος,
1354 1681 1456 1750 τῆς
1513 1679 1571 1734 δὲ
1599 1677 1781 1751 ψυχῆς
1814 1677 1912 1731 ούκ

340 1775 418 1837 εἰς
453 1772 512 1827 τὺ
549 1771 690 1828 εἶναι
745 1773 932 1838 ἁπλῶς
966 1772 1146 1845 (τοῦτο
1177 1773 1287 1844 γὰρ
1313 1773 1376 1826 ὲκ
1404 1770 1538 1825 Θεοῦ
1570 1770 1684 1842 ἔχει
1715 1767 1792 1832 ὡς
1815 1767 1912 1821 καὶ

2007 603 2074 644 ex
2115 591 2240 660 ejus
2283 587 2592 668 substantia
2625 597 2806 644 natus.
2841 589 2910 644 Et
2940 589 3220 660 quomodo
3262 587 3426 658 paulo
3457 595 3585 668 ante

2007 679 2368 736 substantiam
2391 689 2446 735 et
2469 696 2577 735 non
2595 680 3012 736 similitudinem
3033 695 3255 736 causam
3273 679 3590 738 dicebatis!

2008 771 2206 840 Reipsa
2240 771 2424 842 igitur,
2459 773 2506 826 si
2547 773 2848 828 secundum
2899 781 3072 828 totum
3100 789 3240 838 esse,
3285 782 3342 828 et
3373 787 3439 828 ex
3471 779 3588 828 toto

2009 875 2151 924 esse,
2183 861 2273 916 illa
2316 873 2400 918 est
2433 879 2561 918 vera
2597 865 2878 936 generatio
2919 865 3229 938 cujusdam,
3271 865 3591 920 necessario

2009 951 2120 1006 erit
2157 953 2552 1047 et‘similitudo
2602 957 2774 1012 totius
2813 958 3089 1031 gignentis
3123 957 3192 1015 ad
3225 965 3400 1014 totum
3429 955 3587 1028 genio
3629 978 3664 1047 ί

2011 1051 2150 1096 tum.
2191 1041 2250 1097 Si
2280 1053 2464 1098 autem
2491 1046 2794 1102 secundum
2823 1047 2915 1102 taii
2947 1048 3114 1104 modo
3135 1061 3256 1102 esse
3286 1055 3498 1102 tantum
3529 1044 3600 1100 in"
3630 1039 3650 1047 ”

2011 1132 2247 1203 quadam
2291 1145 2471 1203 parte,
2514 1143 2570 1190 et
2617 1151 2683 1190 ex
2724 1147 2879 1207 parte
2919 1154 3140 1210 quoque
3179 1148 3264 1195 est
3304 1137 3590 1212 generatio

2013 1225 2296 1296 cujusdam
2328 1227 2640 1296 compositi,
2677 1236 2738 1283 ut
2771 1229 2912 1296 talis,
2939 1247 3050 1286 non
3078 1231 3380 1287 secundum
3410 1237 3588 1286 totum

2012 1331 2134 1372 esse
2169 1317 2275 1372 erit
2307 1317 2614 1375 similitudo
2649 1321 2822 1392 geniti
2856 1322 2924 1378 ad
2965 1322 3305 1394 gignentem;
3335 1329 3391 1377 et
3431 1327 3590 1392 parte

2012 1408 2234 1478 quidem
2267 1409 2576 1464 secundum
2607 1426 2748 1479 esse,
2779 1423 2934 1484 parte
2957 1423 3141 1470 autem
3173 1413 3472 1468 secundum
3497 1409 3590 1470 tali

2013 1499 2178 1554 modo
2223 1513 2378 1564 esse,
2421 1501 2528 1554 erit
2571 1501 2822 1572 ejusdem
2865 1502 3030 1558 unius
3075 1517 3328 1574 persona:
3375 1501 3592 1572 genith

2015 1588 2194 1659 reipsa
2229 1591 2326 1662 qui
2361 1590 2508 1646 illam
2535 1594 2758 1664 genuit:
2788 1593 2930 1649 sicut
2957 1593 3014 1648 in
3045 1593 3268 1650 homine
3300 1592 3589 1654 videmus—5

2014 1683 2107 1752 qui
2145 1697 2342 1752 nempe
2371 1683 2536 1739 habet
2557 1700 2588 1738 a
2608 1685 2934 1754 parentibus
2961 1686 3371 1757 generationem
3396 1700 3592 1754 corpo-

2015 1773 2111 1840 ris,
2159 1784 2425 1843 quantum
2461 1773 2528 1829 ad
2559 1790 2702 1840 esse,
2733 1776 3146 1847 generationem
3173 1783 3356 1832 autem
3394 1775 3594 1833 anima

339 1867 367 1918 ὁ
403 1865 826 1936 πρωτόπλαστος
846 1836 1060 1936 mea“).
1091 1836 1206 1920 600."
1249 1836 1331 1929 είς
1356 1863 1416 1918 τδ
1450 1863 1548 1918 σὺν
1571 1836 1649 1932 cli.
1681 1859 1912 1915 διαπλα-

2023 1836 2123 1916 non
2167 1836 2434 1933 quantum
2475 1863 2544 1919 ad
2573 1836 2699 1921 esse
2727 1836 3052 1936 simpliciter
3087 1866 3214 1937 (hoc
3247 1865 3394 1921 enim
3425 1864 3593 1920 habet

341 1953 524 2009 σθέντι
570 1955 708 2027 αὐτῇ
755 1951 897 2010 εἶναι
949 1956 1183 2026 σώματι,
1243 1947 1306 2008 οὗ
1335 1953 1428 2007 καὶ
1465 1951 1636 2024 χωρὶς
1687 1950 1909 2005 δύναται

339 2043 504 2101 εἶναι*
525 2047 792 2114 λαμϐάνει
825 2046 933 2119 γὰρ
959 2046 1119 2100 τοῦτο
1141 2044 1294 2117 παρὰ
1318 2044 1450 2111 τῶν,
1482 2044 1558 2110 ὡς
1589 2043 1785 2108 είπεῖν,
1813 2040 1908 2094 τοῦ

341 2139 440 2211 μὲν
478 2138 728 2210 σώματος
751 2139 957 2206 αἰτίων,
990 2140 1162 2216 αὐτῆς
1187 2138 1243 2192 δὲ
1273 2139 1374 2208 τῆς
1399 2138 1582 2210 ψυχῆς
1606 2138 1912 2209 νυμφοστὸ-

337 2233 446 2286 λων
479 2232 640 2303 μόνον
665 2246 681 2262 ·
713 2232 808 2286 καὶ
845 2232 993 2302 ὅμως
1045 2231 1211 2302 ἄμφω
1260 2229 1370 2284 τῶν
1425 2231 1638 2300 φύσεων
1675 2229 1750 2292 ὡς
1793 2228 1912 2291 ἐνὸς

337 2322 630 2394 ἀνθρώπου
676 2324 882 2396 κυρίως
944 2339 1005 2376 τε
1067 2322 1164 2376 καὶ
1195 2321 1338 2378 κατὰ
1361 2321 1622 2394 ἀλήθειαν
1673 2325 1722 2377 οἱ
1757 2323 1913 2376 αὐτοὶ

337 2416 590 2484 λέγονται
624 2415 836 2478 τοκέες.
868 2415 934 2468 Τί
967 2409 1061 2470 οὖν
1091 2415 1236 2486 ὑμᾶς
1265 2414 1336 2468 τὰ
1365 2413 1425 2480 ἐξ
1455 2415 1714 2478 ἀπιστίας
1755 2416 1914 2484 φιμοῖ

340 2506 694 2579 βομϐήματα,
745 2505 876 2559 Θεὸν
937 2505 1014 2578 μὴ
1070 2505 1250 2576 λέγειν
1285 2506 1463 2578 ὀρθῶς
1503 2507 1594 2561 τὸν
1651 2507 1912 2578 τεχθέντα

342 2601 764 2673 σεσαρκωμὲνον
792 2601 998 2671 Λόγον;
1033 2601 1194 2672 ἡνίκα
1226 2602 1320 2656 καὶ
1351 2600 1531 2673 ψυχὴν
1572 2601 1672 2672 τὴν
1699 2619 1912 2674 σαρκω-

343 2695 527 2747 θεῖσαν
553 2693 942 2758 ἁνενδοιάστως
966 2695 1280 2766 ὁμολογεῖτε
1313 2694 1672 2766 γεγεννῆσθαι
1705 2695 1770 2748 ὲκ
1801 2695 1912 2746 τῶν

339 2787 431 2838 τοῦ
465 2782 608 2840 εἶναι
668 2786 768 2856 τῆς
831 2787 1033 2858 σαρκὸς
1089 2785 1280 2842 αἰτίων
1318 2787 1411 2840 καὶ
1456 2787 1552 2840 σὺν
1579 2786 1658 2856 τῷ
1699 2784 1913 2856 σώματι

337 2879 464 2942 τοὺς
488 2877 685 2943 αὐτοὺς
713 2878 809 2933 καὶ
837 2879 1010 2952 αὐτῆς
1043 2879 1240 2945 τοκέας
1267 2877 1564 2951 ὀνομάζετε
1587 2897 1602 2946 ;

2009 1969 2040 2008 a
2073 1954 2208 2020 Deo,
2235 1963 2294 2009 ut
2325 1955 2696 2026 protoplastus
2718 1956 2936 2029 Adam),
2965 1957 3060 2012 sed
3085 1968 3351 2031 quantum
3374 1956 3442 2010 ad
3468 1970 3592 2024 esse

2009 2047 2360 2118 conjunctam
2414 2061 2541 2102 cum
2587 2062 2816 2118 corpore
2867 2048 3027 2104 simul
3086 2063 3210 2104 cum
3260 2048 3377 2118 ipsa
3433 2047 3590 2111 ﬁcto.

2010 2137 2131 2194 sine
2158 2153 2268 2209 quo
2299 2137 2417 2208 ipsa
2457 2153 2578 2201 esse
2607 2146 2826 2208 potest:
2866 2138 2972 2195 hoc
2994 2139 3143 2194 enim
3171 2139 3370 2210 accipit
3398 2138 3470 2194 ab
3499 2124 3595 2206 iis,

2009 2240 2074 2286 ut
2104 2230 2180 2286 ita
2211 2229 2412 2294 dicam,
2453 2231 2705 2300 corporis
2740 2230 2964 2300 quidem
3005 2245 3204 2296 caussa,
3237 2231 3432 2288 animae
3459 2247 3594 2291 vero

2007 2321 2370 2394 paranympbi
2411 2329 2646 2378 tantum.
2691 2321 2760 2378 Et
2791 2329 2974 2377 tamen
3026 2321 3314 2376 ambarum
3364 2331 3594 2376 natura-

2010 2430 2154 2480 rum,
2194 2423 2255 2470 ut
2282 2413 2448 2470 unius
2469 2413 2734 2480 hominis,
2765 2414 2994 2486 proprie
3021 2421 3079 2469 et
3104 2413 3407 2470 secundum
3442 2413 3594 2468 veri-

2010 2516 2178 2562 tatem
2204 2506 2368 2562 iidem
2391 2507 2655 2562 dicuntur
2672 2513 2952 2576 parentes.
2974 2505 3116 2573 Quid
3146 2505 3316 2578 igitur
3346 2511 3594 2582 vestrum

2010 2617 2078 2656 ex
2109 2599 2496 2656 incredulitate
2527 2598 2792 2654 bombum
2829 2606 3165 2669 compescet,
3192 2597 3437 2668 qui'non
3469 2597 3596 2653 vui-4

2013 2693 2084 2748 lis
2111 2691 2299 2746 dicere
2329 2705 2465 2745 vere
2504 2690 2680 2744 Deum
2715 2688 2954 2744 Verbum
2981 2689 3127 2758 quod
3156 2690 3213 2744 in
3240 2703 3406 2744 carne
3435 2687 3617 2760 geni-a

2013 2793 2130 2837 tum
2173 2789 2276 2847 est,
2315 2795 2440 2835 cum
2486 2779 2662 2850 ipsam
2704 2779 2946 2834 animam
2985 2780 3324 2836 inearnatam
3357 2779 3598 2836 libenter

2013 2871 2388 2929 conﬁteamini
2430 2871 2684 2943 generari
2727 2871 2798 2926 ab
2839 2872 2928 2927 his
2965 2873 3059 2942 qui
3101 2881 3227 2928 sunt
3261 2871 3597 2931 cxsistenlire

1917 2999 1924 3006 -
2013 2963 2198 3018 carnis
2244 2975 2456 3026 causae,
2502 2968 2562 3016 et
2601 2959 2698 3031 qui
2739 2960 2988 3031 corporis
3027 2962 3249 3018 eosdem
3294 2971 3351 3019 et
3399 2963 3618 3022 anima.

949 3170 1201 3224 ΚΕΦΛΔ.
1232 3171 1317 3224 Κ⁹.

427 3279 608 3345 me,
634 3283 818 3350 φησ“.ν,
852 3281 914 3335 οὑ
962 3281 1282 3350 ψυχοτόκον,
1325 3281 1441 3336 ἀλλ’
1491 3279 1909 3352 ἁνθρωποτό,κον

345 3374 524 3442 φαμὲν
551 3372 650 3443 τὴν
675 3372 954 3442 γεννῶσαν
975 3373 1287 3446 ἄνθρωπον.
1313 3373 1378 3425 Τί
1400 3369 1492 3427 οὖν
1527 3374 1601 3443 μὴ
1631 3372 1726 3428 καὶ
1753 3373 1912 3442 ὑμεῖς

343 3462 705 3532 Χριστοτόκον
736 3462 936 3534 μᾶλλον
973 3462 1190 3532 λέγετε;
1237 3463 1400 3526 Ἀλλ’,
1431 3457 1477 3516 ὦ
1516 3456 1686 3530 οὗτοι,
1713 3463 1774 3517 τὸ
1809 3463 1912 3533 μιν

345 3553 678 3621 ἅνθρωπος,
710 3552 926 3620 φύσεως
963 3553 1132 3624 ὄνομα
1157 3570 1169 3584 ·
1219 3555 1280 3608 τδ
1302 3555 1360 3608 δὲ
1395 3555 1671 3622 Χριστὸς,
1716 3554 1778 3608 ού
1805 3552 1910 3622 φύ-

349 3659 509 3706 σεως,
559 3641 696 3696 ἀλλὰ
752 3643 1050 3714 προσώπου
1072 3657 1088 3674 °
1119 3643 1236 3708 πῶς
1287 3639 1381 3698 οὖν
1433 3643 1496 3696 τὸ
1552 3643 1654 3714 τῆς
1699 3642 1915 3714 φύσεως

343 3734 518 3805 ὄνομα
569 3733 665 3787 τοῦ
711 3733 1018 3804 τεχθέντος,
1069 3736 1136 3788 ἐκ
1195 3733 1289 3788 τοῦ
1331 3731 1684 3806 προσωπικοῦ
1733 3733 1915 3804 σημά-

343 3843 528 3896 νωμεν
550 3841 568 3892 ;

929 3941 1178 3999 ΚΕΦΑΛ.
1203 3942 1333 3997 KA'.

431 4035 595 4090 Ἀλλὰ
652 4035 740 4090 διὰ
770 4036 824 4090 τί
850 4031 966 4100 οῦν,
1017 4036 1173 4108 φησὶ,
1215 4035 1288 4106 μὴ
1319 4033 1738 4102 ἁνθρωποτόκος
1761 4035 1914 4104 ὑμῖν,

347 4129 490 4200 ἥπερ
523 4129 786 4192 Θεοτόκος
819 4129 992 4192 δοκεῖς
1048 4129 1269 4200 Ῥητέον
1296 4123 1390 4182 οὖν
1421 4127 1499 4192 ὡς
1549 4129 1599 4181 εἰ
1651 4128 1752 4198 μὲν
1807 4127 1918 4181 τῶν

346 4223 443 4275 δύο
471 4219 709 4294 Χριστοῦ
758 4220 976 4289 φύσεων
1013 4221 1048 4290 ἡ
1085 4220 1402 4291 ἀνθρωπίνη
1444 4219 1548 4291 τῆς
1612 4219 1762 4284 θείας
1821 4223 1920 4274 έπο

330 4313 618 4383 ηεκράτησε
649 4311 759 4381 πρὸ
796 4311 1028 4364 θανάτου
1053 4329 1112 4364 τε
1149 4311 1243 4365 καὶ
1288 4311 1426 4380 μετά
1463 4311 1714 4378 θάνατον,
1754 4313 1920 4380 ἀνάγο

346 4415 450 4468 κης
483 4397 650 4470 οὔσης
684 4402 749 4452 ἐκ
781 4401 911 4470 μιᾶς
940 4399 1102 4469 μόνον
1141 4402 1250 4454 τῶν
1279 4401 1496 4470 φύσεων
1526 4402 1695 4456 αὐτοῦ
1721 4401 1921 4473 ὀνομά-

346 4491 537 4556 ζεσθαι
565 4491 657 4546 τὸν
693 4491 872 4558 τόκον,
898 4491 1079 4554 καλῶς
1107 4493 1521 4564 ὰνθρωποτόκον
1551 4493 1708 4562 φατέ.
1755 4493 1819 4548 Ei
1863 4493 1922 4546 δὲ

347 4583 517 4639 ἀεὶτὸ
547 4583 650 4655 τῆς
679 4583 832 4648 θείας
864 4583 1080 4654 φύσεως
1101 4584 1370 4656 ἄτρεπτον
1401 4585 1783 4654 κατεκράτησε
1823 4584 1919 4637 τοῦ

347 4679 446 4746 τῆς
504 4677 857 4748 ἀνθρωπίνης
910 4675 1126 4746 φύσεως
1178 4675 1442 4748 τρεπτοῦ,
1508 4677 1607 4730 καὶ
1655 4679 1795 4746 πρὸς
1853 4676 1925 4731 τὰ

348 4769 636 4842 κρείττονα
695 4768 1001 4839 μεταϐαλὸν
1051 4767 1452 4832 συνεξεθέωσεν
1500 4767 1671 4838 αὐτὴν
1718 4763 1920 4837 ἑαυτῷ,

347 4860 542 4932 ὥσπερ
576 4862 669 4914 καὶ
702 4863 731 4914 ὁ
776 4861 994 4932 σίδηρος
1027 4859 1332 4932 πυροῦσθαι
1367 4859 1606 4929 λέγεται,
1661 4861 1755 4912 καὶ
1803 4858 1926 4930 οὐχὶ

349 4953 410 5006 τὸ
457 4952 568 5024 πῦρ
619 4951 997 5023 σιδηροῦσθαι,
1060 4951 1180 5012 πῶς
1223 4951 1324 5003 οὐκ
1386 4952 1451 5003 ἐκ
1505 4949 1604 5021 τῆς
1655 4948 1923 5020 μενούσης

349 5041 612 5104 ὡσαύτως
645 5043 705 5094 έν
734 5045 848 5105 τοῖς
881 5039 1036 5104 ἰδίοις
1065 5040 1248 5108 λόγοις
1285 5041 1376 5094 ἀεὶ
1407 5041 1646 5108 φύσεως,
1675 5039 1772 5092 καὶ
1823 5039 1923 5108 τὴν

349 5132 543 5201 ἑτέραν
566 5131 645 5194 εἰς
671 5130 874 5200 ἑαυτὴν
929 5129 1355 5200 μεταποιούσης,
1393 5131 1508 5184 ἀλλ’
1533 5131 1599 5183 ὲκ
1625 5130 1724 5192 τῆς
1767 5145 1926 5199 μετα-

351 5221 682 5292 ποιουμένης
723 5221 1054 5290 ὀνομαστέον
1102 5218 1166 5271 τὸ
1213 5219 1500 5292 τεχθὲν,ἢ
1546 5219 1637 5272 τὸν
1663 5217 1821 5286 τόκον
1843 5257 1858 5283 ,
1893 5222 1942 5294 ἢ·

343 5315 446 5386 τὴν
477 5313 774 5393 τεκοῦσαν,
807 5307 852 5368 ὦ
873 5306 1050 5380 οὗτοις

915 5427 1166 5481 ΚΕΦΑΛ.
1203 5427 1333 5482 KB'.

421 5527 483 5579 Li
521 5525 550 5577 ὁ
579 5518 713 5584 Θεὸς
751 5519 924 5586 Λόγος
978 5517 1176 5586 ἐτέχθη
1225 5519 1289 5570 ὲκ
1344 5515 1446 5586 τῆς
1507 5515 1806 5588 Παρθένου,
1867 5517 1924 5566 ἐν

351 5617 528 5688 χρόνῳ
556 5611 752 5683 ἐτέχθη
775 5626 788 5640 ⁸
819 5611 925 5663 πᾶν
950 5607 1008 5660 δὲ
1048 5608 1108 5660 τὸ
1140 5611 1199 5660 ὲν
1229 5609 1406 5678 χρόνῳ
1443 5607 1762 5676 τικτόμενον
1797 5604 1948 5674 χρό-’

351 5723 442 5758 νου
503 5701 641 5772 πρὸς
677 5699 952 5751 τελείωσιν
1001 5698 1209 5750 δεῖται·
1247 5699 1295 5750 εί
1343 5699 1372 5748 ὁ
1405 5697 1538 5759 Θεὸς
1565 5696 1672 5766 ἄρα
1713 5697 1778 5760 ὲκ
1827 5696 1924 5762 τῆς

351 5795 632 5866 Παρθένου
684 5790 900 5860 ἐτέχθη,
951 5791 1146 5860 χρόνον
1206 5790 1338 5860 πρὸς
1393 5789 1674 5842 τελείωσιν
1705 5785 1920 5857 ἐδεήθη.

1935 3186 1982 3250 C

2013 3064 2272 3128 parentes
2297 3055 2552 3113 vocatis?

2645 3173 2795 3229 CAP.
2832 3173 2950 3227 XX.

2087 3277 2178 3345 At,
2219 3279 2421 3350 inquit,
2465 3295 2576 3336 non
2622 3281 2820 3338 animae
2861 3290 3166 3352 parentem,
3210 3283 3310 3339 sed
3357 3281 3600 3338 hominis

2024 3371 2572 3438 parentemdicimus
2593 3387 2713 3428 eam
2751 3388 2876 3443 quae
2903 3375 3094 3444 genuit
3121 3373 3423 3428 hominem.
3453 3370 3598 3440 Quid

2025 3457 2193 3530 igitur
2233 3475 2345 3516 non
2383 3469 2441 3516 et
2475 3477 2576 3528 vos
2615 3461 2820 3518 Christi
2857 3471 3138 3534 parentem
3168 3461 3352 3533 potius
3376 3461 3602 3518 dicitis?

2023 3551 2203 3619 -—At,
2231 3567 2266 3608 ο
2289 3567 2410 3620 vos,
2444 3553 2612 3610 homo
2643 3563 2728 3610 est
2766 3569 2965 3610 nomen
3007 3543 3259 3620 naturae,.
3283 3553 3414 3614 dum
3439 3551 3601 3609 Chri-

2029 3652 2149 3698 stus
2197 3658 2310 3700 non
2358 3654 2573 3703 naturae
2617 3645 2714 3708 sed
2762 3660 3033 3716 personae.
3091 3643 3602 3715 Quomodo-igitur

2025 3751 2228 3792 nomen
2281 3744 2494 3794 natura
2547 3737 2718 3808 geniti
2765 3752 2834 3792 ex
2885 3737 3112 3794 nomine
3171 3749 3419 3808 personae
3453 3734 3602 3794 india

2023 3842 2278 3884 caremus
2302 3828 2338 3886 Υ.

2643 3942 2796 3999 CAP.
2820 3943 2964 4000 XXI.

2097 4031 2204 4088 Sed
2233 4041 2296 4088 ut
2319 4033 2454 4104 quid
2485 4049 2639 4104 ergo,
2668 4034 2872 4106 inquit,
2895 4051 3004 4091 non
3035 4035 3280 4091 hominis
3303 4049 3504 4106 parcns
3533 4049 3609 4090 ea

2027 4138 2148 4192 quae
2177 4124 2336 4180 vobis
2355 4125 2591 4196 Deipara
2604 4125 2935 4182 videtnrY—
2951 4127 3253 4184 Dicendum
3272 4127 3438 4197 igitur
3453 4127 3596 4198 quod

2027 4217 2074 4272 si
2103 4233 2174 4272 ex
2201 4217 2418 4274 duabus
2442 4217 2650 4274 Christi
2681 4220 2897 4276 naturis
2937 4221 3179 4275 humana
3226 4219 3428 4276 divinae
3458 4235 3602 4290 pra:-

2027 4307 2239 4374 celluit,
2265 4317 2380 4364 tum
2409 4319 2538 4364 ante
2575 4317 2810 4366 mortem
2853 4320 2967 4367 tum
3011 4319 3137 4381 post
3173 4319 3430 4376 mortem,
3475 4323 3602 4366 cum

2031 4415 2255 4456 necesse
2293 4401 2366 4456 sit
2395 4415 2463 4456 ex
2484 4415 2594 4456 una
2619 4409 2832 4456 tantum
2859 4411 3182 4458 naturarum
3207 4404 3326 4475 ejus
3347 4401 3604 4458 denomie

2029 4493 2148 4548 nari
2174 4493 2352 4564 ipsum
2379 4501 2620 4564 partum,
2646 4503 2796 4550 recte
2819 4493 3061 4548 hominis
3082 4503 3366 4564 parentem
3393 4493 3606 4550 dicitis.

2027 4584 2084 4640 Si
2111 4592 2294 4639 autem
2327 4599 2547 4655 semper
2570 4585 2771 4640 divinae
2796 4594 3006 4640 natura:
3028 4585 3448 4642 immutabilitas
3469 4601 3608 4656 pra:-

2027 4675 2222 4732 celluit
2249 4675 2505 4730 humanae
2530 4685 2744 4733 naturae
2769 4677 3144 4742 mutabilitati,
3181 4686 3238 4733 et
3273 4677 3340 4732 ad
3370 4678 3602 4732 meliora

2027 4767 2366 4824 transferens
2403 4768 2459 4823 in
2496 4769 2678 4840 seipsa
2705 4785 2826 4826 eam
2857 4769 3156 4835 deiﬁcavit,
3205 4771 3350 4826 sicut
3393 4770 3602 4826 ferrum

2027 4856 2251 4927 igneum
2299 4865 2357 4912 et
2394 4871 2506 4911 non
2551 4857 2732 4930 ignem
2767 4858 3012 4915 ferreum
3048 4859 3168 4914 fieri
3199 4859 3426 4926 dicitur,
3461 4875 3622 4930 quo--

2026 4949 2192 5004 modo
2225 4963 2336 5002 non
2377 4963 2445 5003 ex
2484 4961 2846 5018 permanente
2901 4953 2960 5006 in
3005 4951 3246 5022 propriis
3293 4952 3612 5010 rationibus

2029 5040 2123 5096 Dei
2153 5050 2372 5106 natura,
2405 5047 2462 5094 et
2489 5039 2720 5096 alteram
2755 5041 2811 5096 in
2833 5042 3069 5113 seipsam
3095 5043 3481 5112 transferente,
3507 5046 3628 5103 sedc»

2025 5147 2093 5186 ex
2129 5141 2325 5186 natura
2363 5133 2664 5199 translata,
2708 5133 3178 5190 denominandum
3213 5135 3334 5191 erit-
3355 5137 3474 5193 sive
3511 5152 3619 5208 gea

2026 5221 2226 5286 nitum,
2255 5222 2374 5278 slve
2397 5209 2610 5292 partus,
2623 5223 2753 5300 sive
2791 5227 3039 5298 gignens,
3067 5242 3100 5282 ο
3123 5242 3220 5282 vos
3239 5232 3288 5286 2*

2636 5424 2790 5482 CAP.
2820 5427 2986 5482 XX".

2098 5513 2155 5568 Si
2182 5513 2328 5566 Deus
2349 5513 2592 5567 Verbum
2625 5516 2846 5585 genitus
2867 5525 2951 5572 est
2985 5531 3054 5570 ex
3085 5514 3332 5582 Virgine,
3378 5517 3438 5573 in
3468 5525 3610 5574 tem-

2027 5617 2160 5672 pore
2191 5602 2412 5672 genitus
2443 5611 2563 5668 est;
2601 5619 2773 5674 porro
2811 5604 3077 5677 quidquid
3121 5604 3374 5674 genitum
3423 5618 3510 5664 est
3553 5609 3612 5662 in

2030 5704 2295 5762 tempore,
2327 5702 2382 5747 et
2411 5703 2658 5763 tempore
2683 5697 2896 5768 indiget
2920 5695 2987 5750 ad
3009 5691 3438 5764 perfectionem.
3466 5700 3614 5770 Ergo

2029 5785 2072 5840 si
2108 5783 2253 5839 Deus
2288 5799 2355 5839 ex
2392 5784 2612 5853 Virgine
2635 5791 2860 5854 genitus
2887 5796 2991 5854 est,
3020 5795 3268 5856 tempore
3301 5789 3516 5866 indiget
3546 5791 3634 5850 ad.
