3852 6134
393 236 529 306 1637

1629 248 1937 310 LEONTII
1980 247 2386 312 BYZANTINI

3518 241 3622 313 1M

385 355 803 427 perfectionem.
837 388 903 400 —-
935 360 1044 426 At,
1100 376 1134 416 ο
1190 362 1503 433 sapientes,
1563 371 1744 435 anue
1783 365 1962 421 anima

2083 366 2248 436 Ἀλλ’,
2269 360 2316 420 ὧ
2346 367 2526 438 σοφοὶ,
2547 367 2669 422 οὐδὲ
2700 367 2848 443 ψυχὴ
2873 369 3059 435 ἁπλῶς
3081 368 3276 442 χρόνου
3310 367 3488 424 δεῖται
3515 369 3622 440 πρὶς

385 450 714 520 simpliciter
761 459 1008 522 tempore
1047 451 1258 526 indiget
1288 453 1357 510 ad
1391 455 1810 526 perfectionem,
1862 458 1957 514 sed

383 545 507 611 ejus
559 551 774 598 tantum
820 545 1072 602 naturale
1113 546 1544 604 instrumentum
1591 557 1650 605 et
1692 548 1962 606 habitatio

383 635 786 691 substantialis.
809 635 968 694 Unde
995 646 1054 694 et
1091 646 1216 709 post
1235 639 1585 711 jnventutem
1605 639 1880 708 animalis,
1905 645 1964 697 et

381 727 684 784 excedente
725 737 1010 800 tempore,
1049 737 1340 802 postquam
1386 729 1816 786 instrumentum
1856 732 1961 787 mi-

383 833 490 874 nus
512 825 701 890 aptum
723 819 828 890 ipsi
858 819 1064 876 factum
1094 819 1265 877 fuerit
1289 821 1358 877 ad
1395 823 1772 893 operationem
1821 824 1963 894 (quae

381 909 532 962 enim
575 917 825 980 tempore
875 907 1207 975 ﬂoruerunt,
1249 920 1498 982 tempore
1543 927 1763 982 quoque
1811 928 1960 966 mar-

383 1007 851 1070 cescunt),contra
881 1002 933 1058 id
967 1003 1112 1074 quod
1145 1003 1356 1066 dicitis,
1387 1013 1634 1073 tempore
1659 1003 1964 1060 remittitur

382 1096 502 1165 ejus
528 1094 708 1150 virtus
746 1105 803 1150 et
847 1094 1152 1166 perfectio;
1185 1111 1286 1150 nec
1319 1095 1435 1166 ipsa
1481 1095 1634 1150 videt
1666 1104 1763 1149 aut
1807 1095 1964 1150 audit

383 1187 703 1243 eentenaria
735 1187 968 1258 perinde
1007 1203 1073 1242 ac
1103 1186 1418 1242 tricenaria.
1454 1187 1524 1242 Et
1558 1187 1633 1242 ita
1676 1187 1965 1244 evidenter

385 1279 733 1334 demonstrat
765 1294 878 1334 non
926 1293 954 1332 a
985 1278 1166 1349 seipsa
1205 1277 1300 1334 sed
1327 1277 1396 1332 ab
1421 1277 1788 1334 instrumento
1823 1295 1964 1350 pen-

386 1371 517 1427 dere
556 1371 703 1442 quod
748 1371 821 1426 sit
861 1379 986 1442 apta
1025 1381 1123 1426 aut
1159 1371 1373 1427 inutilis
1417 1371 1484 1426 ad
1524 1371 1963 1442 perfectionem;

385 1471 480 1517 aut
519 1463 564 1518 si
595 1463 665 1518 ab
693 1463 832 1533 ipsa,
857 1478 924 1518 eo
959 1473 1138 1518 tamen
1172 1463 1468 1518 mediante.
1489 1462 1778 1530 Quomodo
1800 1463 1967 1535 igitur

383 1569 484 1608 vos
521 1569 686 1608 omne
718 1553 988 1624 quidquid
1023 1554 1079 1608 in
1121 1565 1370 1625 tempore
1409 1554 1670 1626 gignitur,
1719 1562 1966 1624 tempore

383 1661 605 1716 quoque
653 1647 902 1718 indigere
951 1647 1021 1702 ad
1069 1647 1352 1719 pmpriam
1401 1647 1799 1718 perfectionem
1854 1654 1962 1701 tam

385 1738 796 1795 inconsiderate
822 1739 1126 1804 afﬁrmatis,
1177 1753 1281 1796 nec
1315 1739 1780 1805 animadvertitis,
1821 1755 1966 1809 saepe

383 1831 611 1902 quidem
650 1832 918 1904 indigere,
954 1849 1065 1888 non
1095 1843 1280 1910 autem
1316 1832 1606 1905 primario,
1653 1835 1749 1890 sed
1783 1835 1964 1907 aliqua

383 1944 451 1981 ex
475 1926 642 1981 rebus
666 1926 771 1982 sibi
809 1935 1002 1996 utpote
1033 1929 1088 1981 in
1125 1935 1374 1998 tempore
1403 1928 1619 1999 genitm,
1650 1943 1966 1983 accommo-

385 2019 529 2075 datis
578 2027 631 2076 et
675 2019 982 2076 secundum
1036 2027 1292 2074 naturam
1351 2019 1858 2076 coexsistentihus?
1907 2021 1963 2077 Si

379 2112 532 2166 enim
563 2127 666 2168 nec
687 2111 802 2182 ipsa
831 2112 1014 2168 anima
1034 2112 1144 2168 hoc
1179 2121 1428 2168 vestrum
1467 2111 1710 2167 admittit
1737 2113 1964 2170 ratioci—

381 2205 557 2270 nium,
589 2211 798 2274 quanto
841 2205 1016 2276 magis
1053 2213 1206 2264 certe
1251 2205 1420 2271 Deus,
1466 2205 1558 2277 qui
1604 2221 1716 2261 non
1761 2205 1965 2278 incepit

379 2299 667 2356 exsistere.
699 2299 792 2354 sed
826 2307 1040 2358 tantum
1071 2299 1165 2356 tali
1211 2299 1375 2356 modo
1420 2299 1476 2354 in
1521 2307 1769 2370 tempore
1813 2301 1962 2356 exsi-

380 2400 524 2444 stere
556 2389 826 2446 admittit!
865 2391 991 2447 llaec
1020 2393 1169 2447 enim
1211 2400 1394 2448 vestra
1432 2391 1768 2463 loquacitate
1803 2391 1964 2448 nobis

379 2479 703 2537 cllutientes
739 2482 875 2536 nihil
911 2483 1126 2554 agetis;
1156 2498 1259 2539 nec
1291 2499 1425 2540 sana
1457 2491 1641 2540 mente
1667 2484 1958 2540 ducimiui.

981 2617 1133 2674 CAP.
1178 2619 1371 2674 XXI“.

450 2751 506 2804 Si
551 2749 644 2806 ubi
695 2750 836 2806 Deus
875 2751 1140 2813 Verbum,
1167 2751 1240 2808 ibi
1277 2753 1439 2809 Pater
1463 2763 1519 2809 et
1549 2752 1788 2824 Spiritus
1831 2773 1961 2812 san-

381 2854 526 2910 ctus,
577 2851 808 2913 propter
846 2843 1171 2899 substantia:
1203 2844 1653 2902 individuilatem
1690 2852 1833 2913 (erat
1861 2863 1962 2902 au-

384 2944 493 2988 tem
539 2934 594 2990 in
641 2942 834 2986 ventre
883 2935 1145 3006 Virginis,
1178 2936 1334 3008 juxta
1373 2951 1493 3002 vos,
1528 2939 1677 2994 Deus
1715 2939 1958 2995 Verbum

2067 459 2372 526 τελείωσιν,
2427 458 2566 513 ἀλλὰ
2611 458 2676 514 τδ
2719 461 2930 534 ταύτης
2983 459 3214 532 φυσικὸν
3261 461 3504 532 ὄργανον
3554 459 3624 515 καί

2065 551 2386 622 οἰκητήριον
2417 551 2698 618 οὐσιῶδες.
2756 553 2922 610 Ὅθεν
2975 553 3070 609 καὶ
3105 551 3242 625 μετὰ
3281 550 3391 623 τὴν
3428 551 3624 622 νεότητα

2063 642 2163 698 τοῦ
2215 643 2379 710 ζὼου,
2419 643 2516 698 καὶ
2548 645 2948 707 πλεονάσαντος
3007 645 3105 701 τοῦ
3142 644 3386 718 χρόνιοιν
3429 644 3547 697 επεὶ
3579 642 3626 698 τι

2067 736 2304 808 δργανον
2371 737 2884 810 ἀνεπιτηδειότερον
2951 738 3116 794 πάλιν
3136 736 3282 807 αὐτῇ
3329 734 3623 790 καθίσταται

2066 828 2206 900 πρὸς
2237 828 2338 900 τὴν
2367 827 2673 896 ὑπουργίαν
2700 829 2790 900 (τὰ
2825 829 2934 900 γὰρ
2985 829 3164 902 χρόνῳ
3199 827 3530 898 ἀκμάσαντα
3553 823 3625 879 ul

2065 919 2244 991 χρόνῳ
2289 919 2697 992 παρακμάζει)·
2745 921 3060 975 τούναντίον
3111 919 3148 989 ἦ
3195 935 3342 990 φατε
3373 919 3435 970 ἐν
3479 916 3623 988 χρόνῳ

2066 1011 2258 1082 ὑφίησι
2281 1012 2449 1066 πάλιν
2475 1011 2583 1066 τῶν
2613 1012 2816 1082 ἑαυτῆς
2839 1012 3128 1083 ἐνεργειῶν
3159 1011 3256 1064 καὶ
3287 1009 3620 1064 τελειώσεων·

2069 1103 2206 1174 μηδὲ
2239 1102 2425 1176 ὁρῶσα
2453 1104 2714 1168 ὡσαύτως
2735 1104 2770 1175 ἢ
2802 1105 3098 1166 ἀκούουσα,
3157 1105 3217 1156 ὲν
3265 1100 3619 1172 ὲκατονταετίᾳ

2065 1193 2250 1265 τυχὸν,
2283 1195 2359 1258 ὠς
2379 1196 2519 1266 ὲντῇ
2551 1196 3002 1267 τριακονταετίᾳο
3034 1194 3130 1248 καὶ
3158 1193 3410 1246 δείκνυσι
3445 1193 3618 1260 σαφῶς,

2068 1285 2142 1349 ὡς
2175 1285 2275 1356 οὐχ
2329 1285 2556 1355 ἑαυτῆς,
2613 1284 2752 1339 ἀλλὰ
2779 1283 2877 1337 τοῦ
2908 1283 3144 1355 ὀργάνου
3165 1277 3236 1353 ἦν
3267 1279 3334 1334 τὸ
3391 1279 3495 1334 ἀπὸ
3544 1277 3616 1332 τοῦ

2067 1375 2262 1446 χρόνου
2307 1377 2578 1448 χρήσιμον
2641 1375 2738 1452 καὶ
2776 1377 3090 1446 ἀχρήσιμον
3143 1373 3292 1444 πρὸς
3337 1371 3616 1426 τελείωσιν

2067 1467 2252 1521 λοιπὸν
2289 1467 2348 1521 δὲ
2378 1468 2471 1521 καὶ
2502 1469 2699 1538 αὐτῆς,
2739 1467 2828 1520 διὰ
2861 1467 3026 1538 μέσον
3059 1465 3242 1536 μέντοι
3285 1461 3500 1518 τούτου.
3520 1459 3616 1524 Πῶς

2066 1555 2162 1610 οὖν
2192 1556 2353 1628 ὑμεῖς
2385 1559 2496 1610 πᾶν
2524 1558 2586 1612 τὸ
2613 1559 2671 1610 ἐν
2703 1557 2883 1628 χρόνῳ
2928 1555 3273 1626 τικτόμενον,
3309 1553 3500 1624 χρόνον
3532 1551 3616 1604 δεί·

2070 1647 2195 1702 σθαι
2228 1649 2364 1722 πρὸς
2407 1649 2687 1705 τελείωσιν
2743 1649 2974 1710 οἰκείαν,
3014 1647 3191 1711 οὕτως
3227 1644 3617 1716 ἀπερισκέπτως

2069 1741 2205 1810 φατέ
2229 1758 2244 1806 ;
2275 1741 2371 1794 καὶ
2394 1741 2493 1813 οὐχ
2523 1742 2608 1796 ὅτι
2640 1741 2902 1802 πολλάκις
2927 1739 3031 1794 οὐκ
3057 1738 3190 1792 αύτδ
3231 1735 3486 1809 πρώτως,
3511 1735 3616 1787 ἀλλὰ

2065 1847 2122 1884 τι
2157 1829 2268 1885 τῶν
2287 1829 2681 1886 οἰκειωθέντων
2707 1830 2857 1900 αύτῷ
2876 1829 2956 1900 τῷ
3002 1829 3283 1900 ἐγχρόνως
3328 1825 3611 1896 τικτομέιῳ.

2067 1923 2162 1977 καὶ
2201 1922 2342 1977 κατὰ
2400 1922 2562 1994 φύσιν
2586 1923 3036 1994 συνουσιωμένων
3073 1920 3230 1982 τοῦδε
3283 1919 3473 1979 δεῖται,
3507 1917 3613 1971 καθ-

2069 2017 2234 2087 ορᾶτε
2259 2033 2275 2080 ;
2305 2016 2368 2070 Εἰ
2397 2017 2507 2087 γὰρ
2536 2016 2674 2086 μηδὲ
2704 2013 2854 2084 ψυχὴ
2885 2014 3075 2068 τοῦτον
3107 2014 3266 2084 ὑμῶν
3299 2010 3610 2080 καταδέχεται

2067 2109 2157 2162 τὸν
2187 2108 2364 2178 λόγον,
2397 2107 2550 2178 πόσῳ
2590 2124 2654 2176 γε
2693 2107 2894 2176 μᾶλλον
2941 2105 3097 2171 Θεὸς,
3138 2105 3197 2169 δς
3264 2103 3404 2176 μηδὲ
3446 2104 3611 2174 {ipim

2068 2199 2164 2254 τοῦ
2213 2195 2376 2264 εἶναι,
2430 2198 2570 2253 ἀλλὰ
2611 2198 2772 2269 μόνον
2812 2198 2876 2252 τὸ
2915 2197 3140 2252 τοιῶσόε
3187 2191 3335 2248 εἶναι
3385 2189 3609 2264 χρονικὰ

2068 2287 2622 2354 κατεδέξατοίΤαῦτα
2651 2285 2745 2344 οὖν
2769 2289 2830 2355 ἐξ
2853 2287 3265 2360 ἀθυροστομίας
3293 2287 3422 2356 ἡμῖν
3449 2284 3604 2354 βαττο-

2065 2380 2372 2450 λογοῦντες,
2399 2379 2843 2452 ὲπιτριόἠσεσθε,
2860 2381 2958 2435 καὶ
2983 2378 3085 2432 οὐκ
3102 2376 3212 2431 ἀπὸ
3233 2375 3498 2445 νηφούσης
3517 2371 3604 2426 5n-

2064 2473 2212 2536 νοίας
2234 2470 2573 2526 ὑποτίθεσθε.

2639 2609 2892 2664 ΚΕΦΑΛ.
2947 2609 3071 2663 Kl".

2141 2747 2202 2800 [Ii
2258 2744 2387 2800 ἔνθα
2444 2748 2473 2798 6
2521 2745 2655 2808 Θεὸς
2695 2745 2893 2814 Λόγος,
2950 2745 3070 2798 ἐκεῖ
3121 2745 3150 2798 6
3189 2741 3407 2813 Πατὴρ,
3442 2740 3522 2791 καὶ
3555 2737 3600 2788 τὸ

2021 2852 2025 2856 ·
2065 2837 2288 2906 Πνεῦμα
2312 2835 2374 2889 τὸ
2403 2835 2580 2904 ἅγιον,
2599 2834 2766 2889 διὰτὸ
2793 2837 2892 2906 τῆς
2917 2834 3106 2897 οὐσίας
3135 2823 3463 2904 ἀδιαίρετον,
3483 2825 3538 2900 ἦν
3555 2826 3597 2879 Gl

2063 2931 2124 2982 ἐν
2151 2931 2214 2999 τῇ
2245 2928 2446 2998 γαστρί⁹
2468 2929 2570 2998 τῆς
2615 2925 2894 2998 Παρθένου
2937 2925 3060 2980 καθ’
3089 2923 3240 2995 ὑμᾶς
3263 2927 3294 2978 ὁ
3323 2921 3448 2985 θεὸς
3465 2920 3596 2986 Λόγος

381 3029 692 3083 secundum
715 3028 1122 3098 substantiam),
1145 3045 1277 3100 ergo
1299 3038 1418 3084 erat
1440 3029 1684 3085 Trinitas
1711 3030 1766 3086 in
1797 3041 1956 3088 utere

2067 3023 2186 3078 κατ’
2209 3021 2415 3087 οὐσίαν,
2462 3016 2531 3092 ἦν
2555 3021 2664 3092 ἄρα
2687 3021 2720 3092 ἠ
2744 3019 2916 3092 Τριὰς
2939 3020 2996 3073 ὲν
3015 3021 3082 3088 τῇ
3099 3017 3306 3086 γαστρὶ
3322 3015 3415 3085 τῆς
3429 3011 3595 3118 Πειρθὲ-

382 3118 650 3191 Virginis.
675 3151 744 3162 -ο
766 3121 810 3178 0
847 3121 1028 3177 omnis
1069 3121 1370 3192 impietatis
1405 3122 1616 3177 semina
1647 3138 1959 3179 accommo-

379 3209 596 3275 dantes,
651 3219 712 3266 ut
749 3219 989 3268 vestram
1036 3211 1435 3283 blasphemiam
1481 3213 1770 3279 nutriatis,
1827 3214 1963 3284 quid

382 3300 600 3357 dicitis?
625 3301 859 3374 Oportet
879 3303 1028 3358 enim
1057 3317 1178 3367 vos,
1221 3317 1347 3356 cum
1377 3303 1623 3372 perversi
1667 3303 1811 3368 sitis,
1841 3319 1965 3374 pcr-

380 3399 627 3456 vertcre,
654 3393 962 3448 secundum
1003 3393 1354 3448 Psalmistam
1399 3401 1453 3448 γ.
1497 3393 1637 3461 Quia
1669 3395 1844 3451 Filius
1880 3406 1965 3453 est

385 3481 440 3535 in
477 3481 606 3536 sinu
651 3479 855 3548 Patris,
896 3483 1029 3538 hinc
1054 3483 1224 3538 habet
1255 3483 1440 3540 Patris
1469 3485 1527 3540 in
1559 3501 1669 3555 quo
1695 3495 1799 3553 est,
1837 3486 1964 3544 inde

383 3580 470 3626 est
519 3571 773 3641 ipsemet.
831 3572 1136 3630 secundum
1173 3589 1292 3629 vos.
1341 3573 1452 3630 Sed
1501 3583 1559 3630 et
1597 3575 1781 3640 aliter,
1835 3576 1964 3646 quia

387 3663 479 3717 ubi
503 3661 688 3729 Pater,
724 3663 802 3720 ibi
821 3664 992 3720 Filius
1015 3673 1073 3720 et
1097 3663 1338 3735 Spiritus
1371 3673 1598 3721 sanctus
1627 3677 1735 3732 est,
1766 3666 1821 3721 in
1840 3667 1964 3722 sinu

385 3761 568 3808 autem
599 3754 778 3810 Patris
798 3765 883 3811 est
911 3755 1105 3822 Filius,
1123 3755 1290 3826 igitur
1315 3757 1452 3812 et’in
1484 3757 1712 3826 proprio
1735 3757 1860 3812 sinu
1881 3766 1966 3814 est

387 3847 579 3911 Filius,
621 3846 786 3902 simul
821 3862 946 3902 cum
973 3849 1135 3904 Patre
1169 3855 1227 3904 et
1249 3847 1459 3918 Spiritu
1492 3854 1706 3902 sancto.
1734 3847 1805 3902 Et
1839 3864 1964 3904 cum

384 3930 626 3998 Spiritus
649 3937 878 3986 sanctus
911 3937 1169 4001 tanquam
1193 3931 1450 3987 columba
1475 3930 1755 3986 devolavit
1777 3931 1835 3986 in
1862 3932 1970 3986 Do.

385 4019 593 4074 minum
613 4019 952 4090 baptizatum
984 4021 1040 4076 in
1069 4021 1332 4088 Jordane,
1351 4021 1520 4094 igitur
1543 4022 1775 4079 etPater
1793 4023 1966 4080 devo-

383 4113 538 4168 lavit.
569 4112 626 4169 Si
641 4123 824 4168 autem
844 4113 951 4170 hoc
971 4113 1268 4170 transferre
1282 4115 1354 4170 ab
1372 4131 1480 4171 una
1497 4131 1732 4186 persona
1755 4115 1812 4171 in
1831 4117 1968 4177 alias

382 4203 882 4261 consubstantiales
899 4206 1226 4278 hypostascs
1241 4222 1348 4262 non
1373 4207 1586 4278 patitur
1603 4209 1829 4279 pietatis
1843 4223 1967 4265 ser-

384 4311 494 4362 mo,
519 4298 605 4353 vel
631 4298 774 4354 idem
797 4300 1002 4356 sentire
1019 4299 1088 4356 de
1113 4311 1310 4356 sancto
1333 4301 1502 4358 Verbi
1537 4309 1698 4372 partu
1721 4302 1965 4374 cogemi-

2067 3131 2179 3168 νου.
2213 3114 2278 3168 Οἱ
2319 3114 2502 3184 πάσης
2537 3111 2792 3176 ἀσεϐείας
2822 3109 3192 3182 ἐρανιζόμενοι
3219 3110 3510 3180 σπέρματα,
3533 3105 3596 3156 ἶνα

2066 3209 2161 3280 τὴν
2201 3208 2408 3262 οἰκείαν
2435 3206 2787 3279 βλασφημίαν
2833 3205 3210 3276 ύποτρέφοιτε,
3247 3201 3302 3256 τί
3321 3197 3595 3271 φατεςΔέον

2065 3300 2173 3370 γὰρ
2209 3301 2354 3370 ὑμᾶς
2383 3299 2844 3370 στρεϐλουμένους
2876 3299 3009 3368 ἡμῖν
3036 3295 3366 3368 διαστρέψαι
3390 3287 3594 3346 κατὰτδν

2071 3390 2404 3461 Ψαλμῳδόν.
2450 3391 2606 3444 Ἐπεὶ
2634 3392 2663 3444 ὁ
2691 3389 2821 3450 Tib;
2850 3391 2908 3442 ὲν
2953 3387 3032 3458 τῷ
3061 3388 3254 3458 κόλπῳ
3293 3385 3385 3441 τοῦ
3430 3378 3593 3448 Πατρός

2067 3481 2206 3546 ἔστι,
2239 3482 2334 3535 καὶ
2399 3480 2463 3534 τὸ
2506 3479 2607 3552 μὲν
2644 3479 2738 3532 τοῦ
2775 3479 2994 3548 Πατρός
3039 3478 3192 3531 ἐστιν
3238 3480 3301 3530 ἐν
3335 3471 3377 3546 ᾧ
3403 3467 3596 3528 ἐστι’τδ

2063 3573 2124 3627 δὲ
2155 3573 2318 3637 αὐτός
2376 3575 2492 3628 ὲστι
2546 3572 2669 3626 καθ’
2718 3573 2884 3641 ὑμᾶς,
2939 3571 3076 3626 ἀλλὰ
3133 3570 3232 3624 καὶ
3262 3571 3467 3640 ἑτέρως,
3503 3560 3592 3616 ἐπεὶ

2066 3667 2200 3718 ὅπου
2233 3668 2261 3720 6
2285 3665 2496 3736 Πατὴρ,
2524 3667 2642 3718 ἐκεῖ
2669 3665 2764 3718 καὶ
2793 3667 2822 3720 6
2849 3664 2978 3728 Υίδς
3002 3663 3097 3718 καὶ
3124 3663 3186 3716 τὸ
3213 3659 3438 3732 Πνεῦμα
3463 3659 3592 3710 ἔστιν.

2073 3758 2130 3810 ὲν
2151 3757 2208 3810 δὲ
2239 3757 2318 3828 τῷ
2343 3755 2438 3810 τοῦ
2484 3757 2701 3826 Πατρὸς
2739 3755 2927 3826 κόλπῳ
2956 3756 2986 3808 6
3027 3754 3176 3821 Υίδς,
3209 3751 3407 3807 οὐκοῦν
3445 3746 3523 3802 καί
3550 3745 3591 3794 ἓν

2053 3847 2148 3918 .τῷ
2179 3849 2294 3920 ίδίφ
2317 3849 2506 3917 κόλπῳ
2534 3851 2562 3902 ὁ
2596 3847 2726 3910 Υἱὸς
2753 3849 2871 3918 ἅμα
2913 3846 2993 3918 τῷ
3023 3847 3197 3917 Πατρὶ
3241 3845 3336 3899 καὶ
3365 3841 3436 3912 τῷ
3461 3835 3589 3892 ﬂvmi-

2073 3953 2205 4010 ματι
2235 3938 2312 4008 τῷ
2373 3938 2551 4010 ἁγίῳ·
2609 3938 2708 3992 καὶ
2769 3937 2958 4008 ἐπειδὴ
3017 3937 3078 3990 τὸ
3128 3937 3288 4005 ἅγιον
3313 3932 3510 4001 Πνεῦμα
3535 3925 3590 3988 ὥς

2072 4030 2376 4103 περιστερὰ
2429 4031 2643 4099 ἐπέπτη
2693 4033 2754 4084 ὲν
2801 4029 3040 4101 Ἰορδάνῃ
3099 4024 3482 4099 βαπτιζομένον
3522 4016 3588 4069 τοῧ

2073 4121 2307 4193 Κυρίου,
2358 4120 2469 4192 ἄρα
2521 4121 2621 4174 καὶ
2649 4121 2678 4174 6
2707 4120 2900 4192 Πατὴρ
2929 4117 3217 4188 ἑφίπτατο.
3262 4117 3325 4170 El
3371 4114 3424 4168 δὲ
3459 4107 3586 4164 ταῦτα

2073 4214 2331 4283 μετάγειν
2355 4214 2418 4267 ὲκ
2446 4211 2542 4266 τοῦ
2581 4210 2700 4276 ἑνὸς
2730 4209 3028 4282 προσώπου
3061 4210 3156 4264 καὶ
3184 4209 3278 4263 ἐπὶ
3311 4207 3405 4268 τὰς
3440 4200 3588 4270 ἑτέρας

2067 4304 2388 4376 ὁμοουσίους
2417 4305 2772 4368 ὑποστάσεις,
2807 4306 2836 4356 ὁ
2869 4303 2968 4372 τῆς
2990 4300 3276 4365 εὐσεϐείας
3310 4299 3368 4353 ού
3395 4293 3588 4368 βιάζεται

379 4389 458 4452 ni,
485 4391 568 4446 vel
585 4399 735 4447 sorte
758 4391 1046 4462 praesentis
1061 4391 1232 4448 vestri
1258 4391 1490 4458 erroris,
1515 4393 1785 4448 rationem
1803 4394 1962 4449 exhi-

2067 4396 2224 4464 λόγος
2245 4436 2260 4461 ,
2315 4395 2348 4468 ἦ
2383 4395 2446 4449 τὸ
2499 4394 2632 4449 αὐτὸ
2687 4395 2828 4448 νοεῖν
2877 4394 2970 4446 ἐπὶ
3010 4393 3114 4464 τῆς
3146 4391 3316 4461 ἁγίας
3347 4387 3434 4442 τοῦ
3455 4384 3588 4448 Λόγον

378 4485 524 4544 ιιι-ιο.
575 4479 701 4538 cum
747 4484 894 4539 inter
933 4484 1051 4540 haec
1079 4483 1429 4554 agnoscenda
1481 4483 1556 4539 sit
1602 4484 1956 4543 similitudo:

377 4583 432 4628 et
475 4573 547 4628 ita
591 4573 728 4628 satis
774 4573 884 4630 erit
909 4583 968 4628 ut
999 4573 1159 4630 vobis
1189 4588 1254 4630 os
1296 4574 1368 4630 de
1395 4573 1504 4630 hoc
1553 4585 1956 4646 compescatur.

375 4667 607 4734 Oportet
661 4666 810 4722 enim
867 4683 966 4723 vos
1019 4681 1284 4738 perverse
1315 4677 1578 4738 agentes,
1619 4677 1676 4724 et
1728 4669 1959 4724 aliarum

378 4756 646 4812 ineresnm
676 4759 900 4815 inventa
940 4759 1369 4831 praetendentes,
1409 4775 1596 4833 exque
1633 4761 1791 4818 vobis
1827 4777 1960 4832 pro-

379 4849 496 4917 pria
527 4849 796 4908 facientes
821 4854 993 4924 (aspis
1023 4870 1056 4909 a
1081 4853 1274 4924 vipera
1305 4869 1585 4910 venenum
1624 4858 1954 4924 mutuatur).

375 4940 532 5008 quasi
576 4957 688 4997 non
721 4943 1042 5002 sullicerent
1077 4945 1239 5006 vobis
1280 4953 1466 5000 vestra
1505 4946 1843 5016 sophismata
1888 4945 1957 5000 ad

377 5030 704 5100 completam
732 5035 927 5088 malam
961 5035 1293 5102 doctrinam,
1327 5052 1520 5092 errore
1542 5051 1793 5090 errorem
1819 5051 1957 5090 con-

380 5124 620 5188 firmare,
673 5125 981 5178 secundum
1029 5125 1250 5181 Domini
1299 5124 1624 5180 methodum
1659 5125 1728 5180 ad
1767 5124 1962 5180 Phari-

375 5229 612 5269 szeorum
674 5213 968 5286 malignam
1027 5214 1520 5285 interrogationem
1571 5213 1962 5284 respondentis

378 5323 475 5373 per
515 5306 858 5376 reciprocam
889 5306 1389 5376 interrogationem
1429 5307 1496 5361 ad
1537 5307 1687 5377 ipsus
1728 5307 1796 5362 de
1861 5307 1956 5362 ba-

377 5395 582 5464 ptismo
600 5396 850 5454 Joannis.

2070 4490 2174 4558 κυή
2187 4504 2318 4550 σεως
2369 4483 2866 4557 εἰσπραχθήσεσθε,
2917 4483 2952 4555 ἦ
2999 4481 3382 4554 ἀποκληρώσει
3418 4477 3496 4532 τὸν
3517 4471 3590 4540 τῆς

2067 4579 2357 4650 παρούσης
2384 4577 2542 4648 ὑμῶν
2562 4576 2798 4648 ἀπορίας
2818 4576 2979 4645 λόγον
3011 4573 3306 4647 προάγετε,
3333 4571 3428 4640 τῆς
3449 4570 3588 4636 ὁμοιο-

2067 4669 2299 4740 τροπίας
2337 4669 2690 4740 συνωμολογη
2699 4668 2866 4739 μένης
2889 4669 2986 4721 καὶ
3003 4667 3099 4722 ἐπὶ
3116 4665 3281 4722 τῶνδε
3301 4681 3316 4694 ο
3353 4661 3442 4717 καὶ
3465 4652 3588 4728 (mg.

2069 4781 2153 4817 σει
2185 4763 2315 4832 ὑμῖν
2342 4761 2518 4825 οὔτως
2543 4762 2636 4815 καὶ
2655 4777 2722 4812 πε
2732 4759 2786 4829 pi
2811 4757 2968 4813 τοῦδε
2999 4753 3454 4828 ἐπιστομίζεσθαι.
3491 4743 3588 4799 Δέον

2069 4857 2176 4926 γὰρ
2210 4855 2356 4924 ὑμᾶς
2385 4849 2858 4922 κακουργοῦντας,
2891 4849 2988 4902 καὶ
3023 4847 3095 4903 τὰ
3129 4847 3241 4902 τῶν
3274 4844 3439 4900 ἄλλων
3471 4832 3587 4926 αἶρέξ

2065 4923 2208 4999 σεων
2253 4923 2730 5014 προῦαλλομένους
2785 4939 3094 5010 εύρέματα,
3135 4939 3230 4992 καὶ
3281 4935 3431 4991 τοῦτο
3458 4929 3512 4998 δὴ
3541 4923 3586 4974 τδ

2059 5037 2156 5090 τοῦ
2184 5037 2346 5104 λόγου
2378 5033 2689 5114 ποιοῦνταᾳς,
2714 5033 2912 5096 Ἀσπὶς
2947 5033 3080 5103 παρ’
3113 5030 3324 5101 ἐχίδνης
3345 5025 3586 5114 φάρμξκξν

2058 5127 2390 5192 δανείζεταιο
2423 5125 2498 5187 ὡς
2553 5105 2661 5178 τῶν
2701 5123 2986 5193 ὑμετέρων
3036 5121 3138 5176 οὑκ
3163 5118 3458 5192 ἀρκούντων
3489 5105 3584 5176 ὑμῖν

2068 5220 2152 5282 εἰς
2183 5216 2426 5286 παντελῆ
2491 5214 2812 5279 κακοδοξίαν
2869 5213 3243 5286 σοφισμάτων,
3293 5207 3468 5275 ἀπόρῳ
3511 5195 3584 5265 τὴν

2065 5311 2304 5380 ἀπορίαν
2327 5309 2650 5380 ἐλέγχεσθαι
2672 5325 2686 5338 ·
2721 5306 2863 5362 κατὰ
2890 5307 2990 5377 τὴν
3027 5305 3320 5375 γενομένην
3349 5288 3583 5366 Κυριακὴν

2067 5402 2287 5472 μέθοδον
2327 5401 2463 5472 πρὸς
2494 5402 2592 5470 τὴν
2640 5399 2748 5452 τῶν
2795 5399 3104 5469 Φαρισαίων
3149 5394 3436 5480 πανοῦργον
3475 5380 3579 5447 ἐρῶ·

375 5507 552 5560 τῇσιν,
583 5493 672 5548 διὰ
704 5495 803 5565 τῆς
869 5495 998 5565 περὶ
1035 5494 1126 5550 τοῦ
1195 5494 1572 5566 βαπτίσματος
1626 5496 1872 5552 Ἰωάννου
1942 5498 2076 5568 πρὸς
2124 5500 2320 5564 αὐτοὺς
2359 5496 2878 5570 ἁντεπερωτήσεως.

451 5702 484 5746 3'
513 5697 632 5750 Poni
687 5711 813 5762 xm,
844 5697 936 5750 Ξῖ.
