3858 6156
169 397 333 468 1689

768 519 1028 575 ΚΕΦᾹΛ.
1060 521 1184 576 ΚΔ’.

259 611 330 666 Ei
358 611 418 665 ἐν
446 612 513 682 τῇ
542 610 744 684 γαστρὶ
791 611 892 682 τῆς
925 611 1206 683 Παρθένου
1246 616 1280 684 ἡ
1317 613 1486 686 Τριὰς
1516 615 1639 668 κατ’
1684 615 1776 668 οὒ-

172 702 340 769 σίαν,
367 703 633 776 ἐγεννήοη
657 702 714 758 δέ
741 703 771 758 ό
800 703 934 766 Θεὸς
975 707 1146 776 Λόγος
1183 708 1304 762 κατ’
1337 709 1527 763 οὐσίαν
1560 710 1627 762 ἐκ
1673 706 1775 775 τῆς

171 793 498 868 Παρθένου,
555 796 590 867 ὴ
633 795 807 867 Τριάς
859 795 968 868 ἄρα
1011 799 1275 871 ἐγεννήθη
1313 801 1378 855 ἐκ
1405 801 1504 870 τῆς
1559 797 1774 871 Παρθέ-

173 901 309 940 νου.
353 885 506 938 Ἐπεὶ
547 881 642 940 οὖν
677 887 706 940 ό
735 886 866 952 Υἱὸς
903 889 970 942 ἐκ
1013 887 1110 942 τοῦ
1153 891 1366 961 Πατρός
1419 891 1770 962 γεγέννηται·

174 975 503 1047 ἀδιαίρετος
534 976 593 1031 δέ
625 977 725 1048 τῆς
749 977 915 1046 ἀγίας
957 979 1187 1050 Τριάδος
1225 983 1258 1050 ὴ
1305 980 1482 1047 οὐσία,
1531 981 1640 1054 ἄρα
1681 980 1774 1034 καί¹

173 1069 211 1120 ό
237 1067 436 1139 Πατὴρ
469 1069 632 1133 αὐτὸς
672 1070 769 1124 καὶ
819 1069 882 1124 τὸ
941 1069 1098 1140 ἀγιον
1137 1071 1386 1142 Πνεῦμα,
1417 1073 1773 1145 γεγέννηνται

176 1159 322 1212 καθ’
350 1159 527 1230 ὑμᾶς’
555 1159 634 1214 ἔτι
662 1162 784 1214 ἐπεὶ
814 1161 844 1214 ό
877 1162 1065 1233 Πατὴρ
1087 1163 1149 1216 οὐ
1179 1163 1502 1234 γεγέννηται
1522 1163 1584 1218 ἔκ
1607 1181 1771 1228 τινος,

175 1245 316 1299 οὐδέ
347 1248 770 1319 ἐκπεπόρευται,
799 1250 921 1304 οῦδέ
955 1251 984 1303 ὁ
1009 1250 1139 1314 Υἱὸς
1172 1251 1292 1304 οὐδὲ
1329 1251 1392 1304 τδ
1412 1252 1638 1322 Πνεῦμα
1665 1253 1774 1322 ἄρα

177 1338 318 1391 καθ’
345 1338 491 1410 ὑμᾶς
519 1340 584 1393 ἐκ
605 1339 700 1394 τοῦ
733 1340 945 1412 Πατρός
974 1341 1112 1394 εἰσιν
1130 1355 1144 1368 ⁵
1193 1341 1499 1414 ἀδιαίρετος
1528 1344 1638 1416 γάρ
1669 1346 1770 1399 αὑ-

177 1431 310 1494 τοῖς
348 1433 382 1501 ἠ
427 1431 619 1484 οὐσία·
667 1433 761 1485 ἐπὶ
817 1432 1002 1486 πλεῖον
1044 1435 1142 1504 μὲν
1175 1429 1268 1488 οῦν
1305 1438 1428 1499 ταῖς
1475 1437 1775 1507 ὑμετέραις

179 1522 676 1593 συμπεριάγεσθαι
724 1523 1063 1594 δυσφημίαις
1098 1524 1533 1598 παραιτούμεθα,
1585 1527 1673 1580 ῐνα
1696 1527 1775 1598 μὴ

179 1612 336 1681 πρὸς
364 1612 587 1683 ἔλεγχον
637 1612 791 1684 ὑμῶν
835 1614 1249 1685 ἀσχολούμενοι,
1295 1617 1432 1688 πρὸς
1466 1617 1772 1688 ἁθεσμολο-

176 1701 321 1768 γίαν
344 1703 573 1765 ἑαυτοὺς
601 1703 695 1756 καὶ
731 1705 894 1773 ἡμεῖς
940 1704 1329 1774 συνεθίζωμεν.
1384 1707 1524 1760 Ἀλλ’
1573 1707 1774 1762 οὑτωσὶ⁸

183 1791 303 1861 μὲν
343 1791 482 1862 πρὸς
515 1792 578 1846 τὸ
619 1793 793 1862 παρὸν
819 1795 1078 1861 ἐφεκτέον
1109 1794 1563 1864 σκολιευομένους
1591 1799 1736 1868 ὑμᾶς
1755 1815 1768 1829 ⁸

1177 405 1574 468 ADVERSUS
1611 406 2162 471 NESTORIANOS.
2193 434 2265 448 ν-
2297 411 2442 470 LIB.
2485 410 2583 470 IV.

1801 531 1849 587 Α

3311 398 3454 472 1690

2489 521 2639 576 CAP.
2665 518 2849 575 XXlV.

1946 615 2003 672 Si
2043 616 2103 671 in
2128 625 2290 672 utero
2316 614 2558 686 Virginis
2590 611 2834 668 Trinitas
2871 619 2958 668 est
2981 607 3286 666 secundum
3317 608 3450 665 Iub-

1875 705 2157 773 stantiam,
2193 705 2413 778 genitus
2450 713 2536 760 est
2559 714 2743 760 autem
2769 704 2916 760 Deus
2950 702 3192 760 Verbum
3221 715 3289 756 ex
3325 701 3448 756 Vir-
3496 736 3508 746 -

1875 799 2002 870 ginc
2035 797 2342 854 secundum
2373 795 2772 862 substantiam;
2809 809 2940 866 ergo
2975 793 3220 848 Trinitas
3263 791 3448 863 genita

1875 899 1959 945 est
1991 905 2057 944 ex
2082 887 2589 959 Virgine.—lgitur,
2613 901 2737 941 cum
2770 884 2947 940 Filius
2967 899 3034 940 ex
3047 883 3206 938 Patre
3228 881 3450 953 genitus

1876 979 1967 1040 sit,
1997 976 2232 1033 indivisa
2257 985 2344 1030 est
2365 984 2548 1030 autem
2571 983 2774 1030 sancta
2791 968 3088 1040 Τι’ἱιιίιειίε
3101 971 3444 1037 substantia;

1875 1085 2030 1142 ergo,
2059 1071 2216 1142 juxta
2250 1083 2368 1132 vos,
2398 1077 2454 1122 et
2485 1066 2599 1136 ipse
2626 1067 2786 1121 Pater
2829 1075 2885 1120 et
2934 1065 3174 1136 Spiritus
3219 1071 3446 1121 sanctus

1876 1163 2048 1235 geniti
2080 1169 2212 1217 sunt
2241 1170 2336 1227 ;et
2358 1157 2604 1218 aliunde,
2644 1172 2773 1212 cum
2811 1157 2975 1212 Pater
3001 1156 3204 1212 anulla
3227 1156 3446 1226 genitus

1875 1253 1948 1310 sit
1973 1269 2077 1308 nec
2101 1250 2386 1322 procedat,
2419 1250 2573 1320 juxta
2602 1263 2700 1303 vos
2732 1262 2863 1318 ergo
2901 1262 3084 1316 neque
3132 1246 3304 1302 Filius
3351 1261 3451 1302 nc-

1875 1360 1985 1418 que
2033 1344 2275 1414 Spiritus
2312 1350 2538 1398 sanctus
2587 1357 2617 1396 a
2655 1340 2820 1396 Patre
2862 1347 3030 1394 sunt:
3076 1336 3312 1393 indivisa
3359 1345 3449 1394 est

1873 1439 2024 1494 enim
2071 1437 2180 1491 illis
2220 1433 2553 1491 substantia.
2597 1431 2848 1502 Amplius
2877 1439 3064 1486 autem
3105 1429 3306 1485 vestris
3347 1445 3447 1485 vo-

1875 1532 2090 1587 hiscum
2141 1526 2440 1596 circumagi
2494 1523 2856 1594 blasphemiis
2895 1523 3204 1586 renuimus,
3247 1536 3338 1586 ne,
3391 1520 3446 1575 in

1873 1637 2113 1680 veStram
2147 1619 2580 1676 eonfutationem
2611 1615 2830 1680 intenti,
2871 1615 2938 1670 ad
2990 1614 3310 1684 illegitimas
3346 1627 3446 1668 vo.

1875 1730 1969 1770 ces
2007 1713 2113 1784 ipsi
2165 1727 2270 1767 nos
2303 1723 2707 1766 assueseamus.
2749 1706 2854 1762 Sed
2891 1705 2958 1760 ad
3004 1720 3246 1776 praesens
3294 1703 3448 1758 sina-

1875 1815 1998 1856 mus
2026 1813 2124 1854 vos
2147 1812 2437 1868 perperam
2459 1795 2689 1852 sentire.
2721 1793 2862 1862 Quid
2893 1802 3077 1849 autem
3115 1793 3184 1848 de
3231 1793 3320 1848 his
3357 1791 3446 1847 di~

174 1883 282 1933 τὸν
317 1881 376 1933 δέ
407 1879 538 1952 περὶ
559 1879 726 1933 τῶνδε
753 1879 912 1948 λόγον
941 1881 1092 1944 ὅπως
1139 1897 1200 1934 τε
1227 1879 1446 1950 λέγεται
1501 1883 1594 1937 καὶ
1623 1865 1770 1949 ὅπως

1875 1890 2112 1948 cendum
2147 1865 2614 1944 vel—sentiendum
2643 1887 2738 1955 sit,
2766 1887 2880 1942 suis
2921 1885 3204 1955 prophetis
3239 1884 3448 1940 veritas

177 1973 420 2038 νοεῖται,
467 1974 578 2034 τοῖς
637 1971 790 2037 ίδίοις
845 1972 1154 2043 ὑποφήταις
1202 1972 1497 2044 ἠάλήθεια
1528 1974 1766 2042 ἔδειξεν·

175 2063 242 2116 ἐν
281 2057 362 2126 οἷς
386 2064 499 2124 τοῖς
525 2063 712 2128 κακῶς
755 2063 1026 2135 διαιροῦσι
1055 2065 1150 2117 καὶ
1202 2064 1426 2134 φαύλως
1479 2069 1769 2138 συγχέουσι

173 2157 282 2208 τὸν
312 2155 412 2226 τῆς
442 2154 600 2226 ἁγίας
617 2155 942 2228 ὑπερουσίου
975 2155 1205 2227 Τριάδος
1249 2155 1408 2226 λόγον
1449 2156 1766 2230 ἀπελέγχει.

709 2293 718 2302 ν
770 2269 1022 2325 ΚΕΦΔΛ.
1051 2271 1182 2326 KE'.

254 2361 378 2425 lli;
433 2359 594 2416 τόκος
623 2359 968 2430 ἐγνωσμένος
1033 2361 1101 2432 τῇ
1146 2358 1270 2432 θείᾳ
1321 2361 1511 2436 Γραφῇ
1547 2364 1612 2417 ἐκ
1657 2361 1769 2416 τῶν

175 2456 368 2526 πάντη
401 2451 676 2523 ἀνομοίων
705 2451 935 2522 ἀνόμοια
961 2449 1188 2514 τίκτων,
1231 2452 1458 2506 ἰπαίνου
1489 2453 1551 2506 τὸ
1583 2453 1768 2508 τίκτον

179 2545 414 2618 ἢψόγου
465 2545 738 2598 δείκνυσιν
771 2543 953 2612 ἄξιον·
1008 2542 1233 2598 ἐπαίνου
1281 2544 1399 2614 μὲν,
1450 2545 1550 2610 ὡς,
1605 2564 1624 2598 ι
1669 2546 1768 2600 Διά

175 2641 275 2694 τὸν
305 2638 475 2706 φόϐον
509 2655 626 2702 σου,
661 2635 858 2708 Κύριε,
887 2637 946 2690 ἐν
975 2635 1176 2706 γαστρὶ
1203 2636 1470 2707 ἐλάϐομεν
1519 2638 1615 2690 καὶ
1651 2637 1766 2690 ἐτι-

176 2729 390 2801 κομεν⁹
437 2749 456 2782 ι
487 2729 658 2800 ψόγου
683 2729 762 2795 δὲ,
805 2729 881 2792 ὡς
899 2728 984 2791 τὺ,
1017 2747 1037 2780 ι
1087 2728 1220 2783 Ἰδοὺ
1253 2728 1516 2798 ὠδίνησεν
1529 2727 1766 2794 ἀδικίαν,
1795 2760 1803 2770 -

179 2821 451 2876 συνέλαϐε
473 2821 654 2888 πόνον,
680 2819 774 2874 καὶ
790 2819 973 2874 ἔτεκεν
997 2820 1248 2890 ἀνομίαν.
1280 2837 1298 2871 ι
1329 2821 1442 2873 Πᾶν
1455 2820 1512 2872 δὲ
1526 2820 1588 2872 τὸ
1611 2821 1770 2872 ἐπαι-

175 2913 271 2967 νού
283 2929 454 2981 μενον
486 2912 520 2983 ἢ
541 2911 846 2982 ψεγόμενον
871 2915 930 2965 ἐν
957 2911 1038 2982 τῷ
1051 2911 1278 2974 τίκτειν,
1298 2911 1363 2964 ἐκ
1385 2911 1487 2982 τῆς
1505 2911 1770 2982 προαιρέ-

177 3021 325 3069 σεως
373 3005 467 3056 καὶ
505 3004 607 3056 οὐκ
646 3005 711 3057 ἐκ
735 3006 834 3074 τῆς
867 3003 1057 3066 οὐσίας
1097 3003 1160 3056 τὸ
1207 3003 1529 3071 τικτόμενον
1555 3002 1765 3056 τίκτειο

177 3096 290 3156 πᾶς
335 3091 447 3164 ἄρα
475 3093 634 3156 τόκος
656 3091 1062 3161 γινωσκόμενος
1079 3093 1146 3161 τῇ
1187 3090 1309 3160 θείᾳ
1336 3090 1528 3161 Γραφῇ
1565 3092 1629 3142 ἐκ
1657 3089 1768 3144 τῶν

1872 1981 2296 2046 demonstravit,
2337 1981 2390 2034 in
2425 1980 2628 2052 quibus
2653 1979 2794 2034 male
2835 1977 3148 2032 dividentes
3187 1984 3282 2032 aut
3315 1991 3444 2047 per-

1872 2089 2027 2130 verse
2067 2071 2468 2127 confundentes
2499 2079 2699 2124 sancta:
2729 2063 3277 2137 supersubstantialis
3319 2063 3446 2120 Tri-

1869 2165 2062 2220 nitatis
2091 2163 2365 2219 rationem
2391 2161 2666 2217 confutet.

2469 2271 2622 2328 CAP.
2673 2270 2840 2326 XXV.

1937 2367 2130 2424 Omnis
2160 2372 2352 2436 partus
2379 2364 2566 2420 divina
2600 2363 2885 2432 Scriptura
2921 2361 3195 2431 cognitus,
3229 2375 3296 2416 ex
3326 2374 3445 2414 om-

1867 2459 2006 2516 nino
2057 2457 2425 2514 dissimilibus
2478 2455 2772 2512 dissimilia
2823 2453 3084 2524 gignens,
3135 2451 3298 2506 laude
3355 2450 3444 2506 vel

1869 2550 2303 2622 reprehensione
2341 2549 2568 2620 dignum
2596 2546 2908 2618 gignentem
2951 2543 3236 2608 ostendit;
3277 2543 3442 2598 laude

1867 2643 2116 2715 quidem,
2147 2649 2210 2696 ut
2235 2659 2249 2696 :
2284 2661 2306 2694 ε
2335 2639 2568 2710 PrOpter
2597 2639 2850 2692 timorem
2887 2645 3064 2701 tuum,
3089 2633 3338 2698 Domine,
3385 2632 3444 2687 iu

1868 2743 2030 2792 utero
2047 2735 2346 2789 habuimus
2369 2741 2427 2787 et
2445 2729 2844 2802 parturivimus
2867 2737 2890 2763 '
2914 2745 2929 2792 ;
2958 2746 2980 2780 ι
3012 2725 3445 2798 reprehensione

1869 2843 2024 2894 vero,
2050 2836 2111 2883 ut
2139 2843 2156 2881 :
2191 2844 2210 2877 ι
2239 2823 2502 2880 Parturiit
2534 2822 2879 2894 iniustitiam,
2917 2818 3170 2890 concepit
3193 2818 3442 2875 dolorem

1869 2929 1926 2978 et
1961 2919 2178 2991 peperit
2220 2917 2571 2988 iniquitatem
2600 2927 2649 2970 ι.
2692 2936 2710 2968 ι
2741 2913 3025 2991 Quidquid
3051 2921 3234 2973 autem
3279 2913 3335 2967 in
3362 2911 3443 2982 gi-

1869 2988 2089 3084 gnendo
2131 3009 2393 3064 laudatur
2421 3007 2510 3062 vel
2555 2988 3011 3076 reprehenditur,
3051 3019 3118 3058 ex
3162 3003 3446 3058 voluntate

1867 3111 1925 3159 et
1975 3119 2082 3158 non
2128 3117 2196 3156 ex
2247 3100 2554 3155 substantia
2600 3097 2780 3168 gignit
2819 3097 2970 3166 quod
3009 3095 3202 3166 gignit.
3255 3093 3450 3150 Omnis

179 3187 366 3255 πάντη
387 3183 658 3254 ἀνομοίων
677 3183 908 3252 ἀνόμοια
932 3181 1156 3245 τίκτων,
1187 3184 1251 3234 ἐκ
1268 3181 1368 3250 τῆς
1393 3180 1770 3250 προαιρέσεως

1875 3209 2003 3264 ergo
2049 3200 2242 3264 partus
2272 3191 2460 3245 divina
2491 3189 2780 3258 Scriptura
2811 3186 3085 3257 cognitus,
3119 3200 3188 3240 ex
3220 3184 3448 3239 omnino

182 3278 280 3330 xui.
307 3277 416 3330 οὐκ
448 3278 514 3330 ἐκ
545 3278 644 3346 τῆς
681 3273 868 3338 οὐσίας
898 3273 1076 3328 τίκτει
1118 3273 1180 3327 τὸ
1227 3273 1566 3343 τικτόμενον.
1600 3272 1768 3326 Ποίαν

184 3371 319 3440 ἡμῖν
341 3368 453 3438 ἄρα
474 3367 836 3437 ἀνομοιότητα
863 3364 1187 3418 ὑποτίθεσθε
1208 3363 1308 3435 τὴν
1343 3365 1463 3417 κατ’
1485 3363 1698 3428 οὐσίαν,
1731 3366 1768 3439 ἢ

185 3457 332 3512 κατά
357 3476 415 3510 τι
442 3457 816 3528 συίμὸεὸηκδς,
851 3457 946 3510 καὶ
984 3455 1102 3520 πῶς
1123 3455 1274 3510 ἔσται
1299 3453 1498 3526 ἀληθὲς
1526 3453 1588 3508 τὸ
1611 3457 1766 3526 εἰρη-

189 3550 353 3618 μένον
374 3549 526 3618 ὑμῖν,
550 3546 884 3611 ἐξεταστέον.
912 3545 976 3600 Et
1001 3545 1100 3616 μὲν
1123 3545 1232 3616 γάρ
1251 3543 1396 3598 κατά
1409 3543 1507 3615 τὴν
1535 3542 1768 3612 οὺσιώδη

185 3639 454 3710 δεαφοράν
503 3637 580 3692 ὡς
636 3639 694 3691 ἐν
731 3637 977 3708 ποιότητι
1027 3639 1231 3708 φυσικῇ
1267 3653 1425 3702 φατε,
1479 3635 1588 3688 ἰδοὺ
1621 3635 1685 3687 εκ
1711 3650 1770 3686 τε

184 3728 350 3783 λίῒων
373 3727 468 3781 καὶ
492 3725 728 3796 σιδήριον
752 3724 1040 3788 κα“ι’ξύλων
1061 3723 1413 3794 πυρεκὸόλων
1440 3721 1553 3793 πῦρ
1574 3722 1770 3790 γεννᾶ-

187 3835 298 3882 ται,
325 3818 388 3883 te
423 3817 694 3887 ἀνομοίων
737 3814 798 3871 δν
823 3817 1076 3887 ἀνόμοιον
1104 3817 1224 3868 κατ’
1263 3813 1489 3894 οὐσίαν-ο
1525 3815 1624 3867 καὶ
1645 3812 1770 3867 οὔτε

187 3912 414 3966 ἐπαίνου
445 3908 571 3964 οὔτε
603 3908 774 3979 ψόγου
802 3907 1077 3962 δείκνυσιν
1109 3907 1258 3973 ἄξιον
1285 3907 1348 3960 τὸ
1368 3908 1554 3960 τίκτον
1577 3924 1590 3938 ·
1623 3905 1688 3959 ἐκ
1712 3923 1770 3959 τε

189 4005 464 4075 λαχάνων,
485 4003 722 4072 κάμπαιο
741 4000 836 4055 καὶ
851 4003 914 4054 ἐκ
937 3999 1109 4072 μυῶν,
1129 3999 1301 4054 εὐλαί’
1319 3999 1588 4068 ἀνομοίων
1603 3998 1773 4051 όντων

190 4095 299 4147 τῶν
317 4093 586 4146 τεκόντων
599 4091 742 4145 κατά
757 4091 856 4161 τὴν
877 4090 1065 4144 οὐσίαν
1084 4091 1268 4154 αὐτοῖς
1289 4105 1303 4120 ο
1323 4089 1418 4143 καὶ
1433 4087 1558 4142 οὔτε
1572 4087 1773 4160 ψεκτὸν

191 4184 316 4239 οὔτε
343 4183 633 4238 ἐπαινετόν
653 4197 668 4214 ο
692 4182 808 4236 ἀλλ’
837 4183 987 4253 ὅμως
1012 4184 1124 4245 τοῖς
1145 4180 1587 4252 παραδείγμασιν
1617 4180 1774 4249 ὑμῶν

192 4277 604 4346 ἐπιστήσαντες,
667 4273 867 4344 μᾶλλον
905 4271 1008 4343 τὴν
1055 4271 1200 4325 κατά
1247 4271 1346 4340 τὴν
1416 4269 1651 4340 ὓπαρξιν
1683 4272 1776 4324 ἀν-

191 4370 490 4438 ομοιότητα
520 4364 781 4433 λέγεσθαι
815 4363 947 4432 ὑμῖν
985 4363 1273 4433 νοήσομινο
1309 4361 1412 4438 καὶ.
1429 4361 1490 4415 τὸ
1520 4363 1775 4430 ἀνόμοιον

193 4431 253 4512 τί)
305 4431 697 4526 ἐπαινούμενον
751 4455 786 4524 ἢ
840 4431 1178 4524 ψεγόμενον,
1243 4451 1318 4516 ὡς
1362 4431 1423 4516 ἐξ
1482 4450 1773 4522 ἀνθρώπου

1867 3283 2236 3340 dissimilibus
2266 3281 2556 3338 dissimilia
2585 3280 2835 3351 gignens,
2857 3294 2925 3334 ex
2951 3277 3236 3332 voluntate
3253 3283 3311 3332 et
3333 3290 3442 3330 non

1867 3391 1936 3431 ex
1987 3373 2298 3431 substantia
2353 3371 2529 3444 gignit
2571 3371 2719 3442 quod
2753 3369 2948 3442 gignit.
2977 3397 3048 3409 --
3073 3365 3442 3434 Quaerendum

1868 3465 2032 3522 nobis
2065 3473 2151 3520 est
2185 3463 2404 3534 qualem
2435 3460 2950 3517 dissimilitudinem
2995 3455 3324 3526 supponatis
3365 3469 3450 3510 se-

1869 3557 2111 3614 cundum
2157 3553 2524 3610 substantiam
2569 3561 2666 3608 aut
2692 3549 2998 3606 secundum
3031 3547 3254 3618 aliquod
3294 3545 3446 3602 acci-

1870 3649 2030 3711 dens,
2061 3657 2120 3702 et
2145 3645 2424 3717 quomodo
2453 3659 2648 3700 verum
2679 3644 2752 3698 sit
2775 3641 2923 3712 quod
2955 3639 3162 3695 dicitis.
3201 3637 3257 3692 Si
3297 3637 3449 3692 enim

1871 3741 2179 3798 secundum
2245 3737 2664 3794 substantialem
2731 3732 3135 3796 diﬂ'erentiam,
3183 3727 3341 3800 quasi
3389 3728 3448 3782 in

1871 3831 2136 3904 qualitate
2183 3830 2432 3901 physica,
2485 3828 2704 3891 dicitis,
2753 3827 2896 3882 Ecce
2948 3841 3016 3880 ex
3069 3822 3348 3893 lapidibus
3390 3829 3450 3877 et

1874 3920 2023 3976 l‘erro
2047 3927 2106 3975 et
2125 3917 2290 3989 lignis
2321 3915 2572 3988 igniferis
2600 3912 2743 3986 ignis
2775 3921 3093 3984 generatur,
3122 3926 3194 3966 ex
3214 3909 3456 3965 dissimi-

1872 4012 2022 4067 libus
2079 4025 2213 4066 sane
2261 4007 2548 4064 dissimilis
2593 4007 2898 4064 secundum
2941 4003 3332 4067 substantiam,
3391 4008 3457 4056 et.

1873 4117 2056 4172 neque
2079 4101 2244 4155 laude
2280 4113 2464 4170 neque
2483 4097 2916 4168 reprehensione
2947 4095 3176 4166 dignum
3203 4091 3456 4149 ostendit

1875 4195 2216 4266 gignentem.
2262 4191 2332 4245 Et
2355 4207 2423 4246 ex
2452 4187 2826 4260 leguminibus
2855 4202 3082 4256 campos,
3117 4194 3174 4241 et
3215 4201 3284 4240 es
3329 4197 3458 4238 mu-

1876 4287 2032 4340 ribus
2083 4299 2320 4348 vermes,
2364 4281 2729 4337 dissimilibus
2768 4287 2918 4336 certe
2964 4276 3318 4349 gignentibus
3361 4289 3462 4330 se—

1877 4366 2120 4430 cundum
2153 4372 2518 4428 substantiam
2560 4391 2572 4425 :
2619 4384 2722 4425 nec
2749 4378 2837 4424 est
2859 4369 3007 4423 laudi
3039 4367 3125 4423 vel
3147 4366 3463 4438 reprehen-

1877 4467 2022 4521 sioni
2089 4465 2268 4520 locus.
2345 4463 2454 4518 Sed
2528 4469 2709 4516 tamen
2777 4458 3172 4530 praetermissis
3252 4456 3457 4512 vestris

197 4551 293 4621 τὴν
322 4547 610 4618 ἀνομοίαν,
641 4547 675 4617 ἢ
707 4545 768 4598 τὸ
820 4543 1045 4616 Πνεῦμα
1090 4543 1190 4614 τῆς
1219 4543 1492 4613 σωτηρίας
1521 4543 1770 4614 τικτόμε-

1875 4555 2165 4625 exemplis,
2205 4553 2392 4624 potius
2421 4550 2932 4610 dissimilitudinem
2971 4547 3276 4605 secundum
3311 4545 3456 4602 essi-

197 4658 308 4696 νον.
341 4639 498 4696 Ἐπεὶ
529 4633 622 4693 οὖν
660 4637 721 4691 τὸ
747 4637 931 4690 τίκτον
961 4635 1054 4690 ἐπὶ
1081 4636 1191 4688 τῶν
1237 4635 1506 4706 ἀνομοίων
1555 4633 1774 4700 πάντως

199 4731 416 4786 ἐπαίνου
440 4729 676 4802 ἦιψόγου
706 4726 942 4793 ἀξιοῦτε,
971 4726 1270 4782 κάντεῦθεν
1303 4727 1369 4779 ἐκ
1399 4725 1773 4796 προαιρέσεως

200 4821 337 4878 εἶναι
369 4823 462 4878 τὸν
491 4823 650 4875 τόκον
681 4817 1066 4886 συλλογίζεσθαι
1093 4833 1108 4848 ·
1144 4817 1231 4870 ἵνα
1264 4817 1358 4870 καὶ
1389 4819 1454 4869 ἐκ
1497 4816 1594 4886 τῆς
1621 4816 1766 4869 κατὰ

197 4917 288 4969 τὸν
316 4915 594 4984 Δεσπότην
651 4910 1041 4980 ἀνομοιότητος
1101 4909 1166 4960 ἐκ
1197 4905 1574 4978 προαιρέσεως
1612 4903 1772 4972 λέγε-

201 5006 322 5060 σἾαι
357 5005 455 5076 τὴν
477 5005 598 5058 κατ’
621 5001 784 5056 αὐτὸν
815 4999 1070 5070 γέννησιν
1099 5003 1162 5052 ἐκ
1192 5001 1289 5070 τῆς
1319 5001 1615 5070 Δεσποίνης
1652 5019 1778 5054 συν-

198 5096 355 5165 ἀγετε
389 5098 549 5169 τάχα,
569 5092 952 5166 ματαιολόγοι·
995 5093 1214 5163 πρῶτον
1243 5094 1342 5163 μὲν
1370 5090 1672 5163 μνήσθητε,
1698 5093 1775 5156 ὡς

196 5187 502 5240 τούναντίον
535 5186 630 5240 καὶ¹
662 5184 920 5255 ὁμοίωσιν
952 5183 1029 5254 τῷ
1057 5181 1296 5253 Χριστῷ,
1323 5183 1370 5235 εί
1409 5181 1504 5235 καὶ
1527 5182 1604 5252 μὴ
1632 5181 1774 5234 κατά

200 5275 257 5327 τὸ
284 5275 425 5342 ὅλον,
461 5276 598 5346 πρὸς
653 5273 752 5344 τὴν
793 5273 1006 5342 μητέρα
1041 5272 1584 5342 μεμαρτυρήκαμενο
1636 5271 1764 5324 ἀνο-

1875 4647 2132 4702 stentiam
2172 4662 2203 4701 a
2231 4645 2386 4700 vobis
2412 4644 2521 4699 diei
2560 4643 2902 4714 putabimus,
2936 4651 2996 4697 et
3031 4639 3302 4696 dissimile
3335 4639 3460 4692 lau~

1873 4739 2062 4794 datum
2093 4737 2180 4792 vel
2208 4737 2582 4806 vituperatum
2611 4745 2871 4805 tanquam
2898 4749 2964 4788 ex
3009 4730 3237 4786 homine
3281 4727 3455 4782 dissi-

1872 4830 2270 4892 militudinem,
2295 4838 2354 4883 et
2376 4828 2633 4898 spiritum
2657 4827 2853 4882 salutis
2878 4825 3146 4898 genitum.
3179 4819 3318 4889 Quia
3349 4816 3456 4892 igi-

1877 4929 1965 4976 tur
1987 4919 2136 4991 quod
2165 4921 2344 4992 gignit
2368 4919 2437 4974 de
2477 4919 2846 4974 dissimilibus
2893 4916 3119 4972 omnino
3153 4913 3335 4969 laudis
3367 4912 3463 4968 vei

1877 5013 2328 5083 reprehensionis
2371 5012 2599 5084 dignum
2639 5011 2926 5082 iudicatis,
2987 5007 3188 5064 exinde
3231 5021 3458 5078 quoque

1873 5119 1941 5158 ex
1962 5105 2249 5159 voluntate
2275 5117 2396 5158 esse
2425 5109 2642 5173 partum
2679 5101 2934 5169 infertis;
2976 5107 3034 5155 et
3068 5114 3134 5154 ex
3165 5098 3459 5154 dissimili-

1877 5196 2068 5251 tudine
2111 5195 2328 5250 Domini
2361 5195 2544 5251 statim
2575 5193 2914 5248 concluditis
2939 5207 3008 5247 ex
3033 5192 3322 5246 voluntate
3345 5189 3457 5244 dici

1869 5286 1994 5352 ejus
2034 5300 2101 5340 ex
2142 5285 2374 5340 Domina
2417 5284 2854 5356 generationem,
2911 5282 3216 5352 vaniloqni.
3267 5281 3459 5336 Primo

209 5367 302 5436 μία
325 5367 403 5434 δέ,
439 5367 697 5438 οὐδεμίαν
748 5364 860 5433 ἔχει
905 5363 1138 5433 οὑσιώδη
1184 5362 1442 5432 ὁμοίωσιν
1490 5361 1627 5432 πρὸς
1676 5362 1770 5415 τόν

1875 5376 2094 5444 quidem
2149 5384 2489 5432 mementote
2540 5391 2644 5431 nos
2691 5391 2723 5432 e
2771 5385 2962 5430 contra
3008 5371 3472 5439 similitudinem,

199 5459 388 5530 ἄνομον
435 5458 558 5514 καθ’
603 5454 874 5526 ὖπαρξινο
928 5453 1181 5523 δεύτερον
1221 5457 1278 5510 δέ
1327 5457 1408 5510 ὅτι
1461 5455 1557 5508 καὶ
1608 5455 1670 5508 τὸ
1707 5457 1770 5508 ἐκ

1875 5468 1975 5523 etsi
2001 5483 2112 5523 non
2137 5467 2440 5522 secundum
2476 5475 2678 5534 totum,
2719 5467 2924 5524 Christi
2953 5465 3020 5518 ad
3063 5471 3295 5517 matrem
3339 5468 3453 5515 sta-

207 5549 396 5622 μέρους
429 5552 683 5622 ἀνόμοιον
728 5549 866 5618 np‘;
921 5549 1116 5618 αὐτὴν,
1163 5549 1224 5601 οὐ
1278 5545 1532 5616 τοιαύτης
1575 5549 1770 5615 ὁρᾶται

199 5642 574 5714 ἀνομοιότητος
596 5641 709 5694 οἵαν
731 5638 823 5692 νῦν
849 5639 1005 5707 ὑμεῖς
1025 5643 1084 5692 ἐν
1115 5639 1550 5710 παραδείγμασιν
1573 5639 1771 5695 ὑπέθε-

247 5804 281 5834 ·²
311 5797 419 5854 ῐει.
443 5811 590 5861 xxvr,
627 5795 706 5850 l8.
785 5805 806 5832 ⁸
831 5793 1202 5860 Psal.vu,i5.

1873 5540 2080 5624 tuisse;
2121 5557 2410 5612 dissimilia
2455 5558 2664 5612 nullam
2696 5558 2904 5612 habent
2930 5550 3348 5610 substantialem
3373 5551 3454 5604 si-

1874 5647 2240 5704 militudinem
2277 5647 2343 5701 ad
2367 5647 2658 5712 dissimile,
2698 5647 3000 5704 secundum
3033 5639 3404 5696 substantiam
3431 5656 3453 5694 ς
