3852 6134
467 337 602 405 1691

1704 340 2008 401 LEONTII
2056 342 2452 403 BYZANTINI

3637 351 3752 420 163E

465 447 729 512 secundo,
767 446 1274 504 dissimilitudinem
1309 460 1414 515 qua
1465 461 1530 500 ex
1577 455 1732 516 parte
1779 445 1968 500 diﬂ'ert

2103 482 2114 507 ι
2145 447 2237 498 σθε
2256 449 2564 516 ὑφεστῶτος
2585 451 2722 522 πρὸς
2746 452 3140 519 ἀνυπόστατον,
3163 453 3304 510 ἀλλὰ
3329 456 3566 528 μᾶλλον
3581 461 3752 532 αὐτῇ

466 549 638 596 matre
663 555 773 594 non
800 555 923 594 esse
951 539 1116 594 talem
1145 537 1656 592 dissimilitudinem
1695 539 1911 607 qualem
1943 555 2041 594 vos

463 627 698 684 nuncin
741 629 1010 698 exemplis
1055 627 1388 697 supponitis,
1435 627 1791 682 subsistentis
1828 627 2040 682 scilicet

463 721 691 776 relative
722 720 791 774 ad
825 736 934 774 non
955 720 1377 780 subsistentem,
1414 718 1510 774 sed
1539 719 1724 789 potius
1751 719 1874 774 talis
1903 721 2034 774 sub-

460 811 676 866 stantia:
719 811 788 864 ad
831 811 993 865 talem
1040 811 1426 864 substantiam.
1475 811 1545 866 Ut
1576 819 1760 864 autem
1793 811 2036 880 abripia—

458 916 583 953 mur
613 910 794 954 vestra
819 899 1058 955 ridenda
1091 900 1416 964 calliditate,
1442 901 1486 953 si
1522 899 1708 954 omnia
1735 916 1858 970 qua:
1889 901 2034 971 apud

457 988 697 1045 divinam
765 990 1104 1060 Scripturam
1168 1007 1236 1045 ex
1305 989 1670 1044 dissimilibus
1729 992 2033 1045 secundum

455 1081 831 1134 exsistentiam
862 1081 1222 1151 genita_sunt
1253 1080 1470 1134 laudem
1505 1090 1602 1132 aut
1643 1081 2034 1148 reprehensio-

457 1183 581 1222 nem
620 1169 864 1238 gignenti
903 1169 1200 1224 conciliare
1241 1168 1609 1222 arbitramini.
1647 1169 1780 1238 quid
1824 1169 2030 1235 dicitis,

452 1274 578 1313 cum
633 1259 778 1314 ﬁlius
825 1260 1034 1314 doloris
1078 1259 1385 1330 Bcnjamin.
1445 1261 1590 1314 [ilius
1637 1261 2032 1316 consolationis

453 1347 750 1412 Barnabas,
789 1357 846 1403 et
877 1348 994 1403 Heli
1019 1363 1187 1403 senex
1221 1364 1494 1402 annorum
1541 1348 1723 1404 dictus
1771 1350 1886 1404 sit?
1920 1351 2031 1405 Ne-

453 1453 606 1492 cesse
645 1447 730 1493 est
762 1455 892 1510 ergo
931 1455 1106 1493 annos
1145 1453 1265 1494 esse
1293 1439 1575 1510 genitorcs
1620 1438 1762 1506 llcli,
1804 1449 1861 1495 et
1906 1441 2030 1497 illos

449 1543 570 1582 esse
600 1529 763 1585 laude
791 1540 886 1586 aut
917 1531 1350 1600 reprehensione
1398 1530 1634 1602 dignos;
1685 1541 1741 1585 et
1777 1532 2026 1587 dolorem

449 1635 666 1688 quoque
699 1629 758 1675 et
789 1621 1226 1676 consolationem
1271 1621 1343 1675 ita
1388 1637 1449 1676 se
1487 1621 1712 1675 habere.
1753 1621 1808 1677 Si
1841 1633 2025 1678 autem

447 1709 574 1780 quis
605 1727 743 1766 vana
765 1711 881 1768 hac
913 1713 1079 1768 etiam
1105 1713 1392 1777 concedat,
1430 1713 1706 1783 quomodo
1738 1714 2024 1782 sequentia

2141 539 2355 592 τοιᾶσδε
2389 541 2523 611 πρὸς
2575 538 2783 596 τοίᾶνδε
2844 544 3064 598 οὐσίανσ
3143 546 3231 600 ἵνα
3283 547 3346 600 δὲ
3403 549 3522 602 καὶ
3563 567 3753 606 σιτ-δατ.-

2141 629 2452 700 ενεχθὼιιεν
2475 630 2551 702 τῷ
2571 632 2961 706 καταγελάστῳ
2979 637 3072 706 τῆς
3093 635 3379 708 ὑμετέρας
3413 641 3750 714 δεινότητος,

2139 719 2187 770 εἰ
2223 719 2398 772 πάντα
2437 721 2504 774 τὰ
2563 724 2621 776 ἐν
2673 727 2737 794 τῇ
2786 724 2904 796 θείᾳ
2947 726 3134 798 Γραφῇ
3179 729 3238 792 ἐξ
3291 731 3606 802 ἀνομοίων
3643 737 3750 790 καθ’

2140 805 2374 878 imagini
2411 814 2787 881 γεγεννημένα
2841 815 3062 868 ἔπαινον
3092 817 3124 888 ἢ
3153 817 3334 889 ψόγον
3363 823 3462 894 τῷ
3521 826 3750 883 τίκτε-ηπ

2136 899 2422 968 ἐπιφέρειν
2463 901 2666 968 οἴεσθε,
2699 903 2752 956 τί
2793 922 2956 973 φατε,
2991 909 3114 961 ἐπεὶ
3150 912 3266 974 υίὸς
3301 912 3526 982 ὀδύνης
3569 917 3749 973 Βενια-

2141 987 2255 1056 μὶν,
2299 989 2395 1041 καὶ
2445 989 2556 1054 υἱὸς
2607 994 3006 1065 παρακλήσεως
3049 999 3366 1066 Βαρνιὶὄας,
3439 1007 3550 1058 καὶ
3615 1011 3748 1064 Ἦὶεὶ

2138 1079 2514 1152 πρεσῦύτερος
2541 1082 2678 1134 ἑτῶν
2704 1085 3192 1162 εἴρηταιςἈνάγκη
3220 1093 3338 1164 ἄρα
3366 1097 3453 1148 τὰ
3489 1097 3596 1168 ἔτη
3621 1104 3744 1155 uiti

2134 1173 2202 1224 τὰ
2238 1173 2466 1228 τεκόντα
2514 1172 2652 1230 εἷναι
2701 1180 2793 1232 τὶν
2838 1181 3016 1248 Ἠλεὶ,
3054 1186 3147 1238 καὶ
3204 1188 3392 1242 ταῦτα
3439 1195 3743 1267 inuia-our.

2131 1261 2302 1330 ψόγου
2339 1264 2672 1338 ἀξιωθῆναι·
2705 1272 2798 1323 καὶ
2823 1273 2923 1342 τὴν
2945 1273 3138 1348 ὀδύνην
3167 1277 3224 1332 δὲ
3252 1285 3356 1334 καὶ
3410 1283 3529 1356 τὴν
3577 1291 3742 1358 καρὶς

2132 1353 2327 1424 κλησιν
2359 1357 2532 1422 οὕτως
2560 1357 2723 1430 ἔχειν.
2750 1362 2812 1414 Ei.
2841 1363 2898 1415 δὲ
2927 1366 3018 1417 καὶ
3061 1367 3237 1422 ταῦτά
3283 1389 3376 1436 τις
3443 1382 3739 1448 συγχωρή-

2133 1462 2216 1498 σοι
2245 1445 2311 1499 τὰ
2339 1448 2566 1518 μάταια,
2602 1449 2720 1514 πῶς
2749 1453 2808 1504 τό
2844 1471 2907 1522 γε
2932 1455 3058 1526 ἑξῆς
3080 1459 3358 1530 ἀδακρυτὶ
3404 1469 3558 1537 παρ’
3597 1470 3738 1540 ὑμῶν

2129 1536 2455 1600 ἀκούσεται,
2499 1541 2564 1591 ὲκ
2624 1545 2996 1613 προαιρέσεως
3039 1549 3248 1602 τίκτειν
3291 1553 3364 1605 τὰ
3405 1536 3548 1624 ἔτή,
3589 1560 3623 1628 ἦ
3655 1560 3736 1628 τὴν

2127 1627 2400 1700 ὀδύνην,ἢ
2433 1632 2532 1701 τὴν
2565 1635 2915 1708 παράκλησιν
2958 1641 3105 1694 κατὰ
3143 1645 3499 1715 προαίρεσιν
3539 1655 3731 1723 γεννᾷν

2127 1717 2512 1791 διδασκόμενος
2532 1739 2548 1786 ;
2579 1725 2675 1776 καὶ
2703 1726 2760 1790 ἐξ
2783 1727 3130 1800 ἀνυπάρκτου
3153 1735 3511 1806 πράγματος
3530 1717 3736 1813 προῐοῦ-

448 1817 559 1856 non
585 1801 894 1876 lacrymans
919 1820 950 1860 a
972 1805 1132 1860 vobis
1163 1806 1402 1868 audiret,
1439 1822 1564 1877 cum
1595 1807 1834 1862 disceret
1853 1824 2009 1862 anno:

2132 1827 2232 1862 σαν
2295 1811 2580 1880 μανθάνων
2630 1816 2764 1885 παρ’
2796 1817 2950 1888 ὑμῶν
2994 1821 3091 1892 τὴν
3137 1823 3386 1899 ὕπαρξιν
3437 1831 3609 1886 Ἠλεὶ
3651 1840 3736 1890 καὶ

445 1904 512 1942 ex
544 1892 828 1948 voluntate
855 1895 1154 1964 parturire,
1191 1905 1248 1950 et
1297 1895 1550 1951 dolorem
1588 1905 1648 1952 et
1685 1897 2020 1952 consolatio-

446 1998 571 2036 nem
595 1985 897 2041 secundum
919 1987 1256 2044 voluntatem
1285 1989 1510 2060 gignere
1532 2006 1547 2056 ;
1567 1999 1623 2042 et
1651 2004 1774 2044 cum
1805 2005 1836 2042 a
1863 1989 2022 2045 vobis

2130 1899 2389 1972 Βαρνάϐα
2430 1903 2522 1956 καὶ
2558 1903 2842 1975 Βενιαμὶν,
2898 1910 2990 1964 καὶ
3037 1915 3180 1968 κατὰ
3236 1921 3599 1992 προαίρεσιν
3643 1942 3718 1977 τι-

2129 1992 2368 2048 κτόντων
2385 2011 2400 2059 ;

444 2077 614 2134 sciret
659 2096 727 2136 ex
769 2096 829 2136 re
873 2098 982 2136 non
1021 2083 1322 2139 exsisteute
1370 2084 1591 2155 prodire
1641 2083 2020 2141 exsistent'am
2056 2087 2203 2152 ﬂeli,
2253 2097 2306 2144 et
2344 2089 2630 2160 Barnabm,
2695 2103 2751 2149 et
2783 2094 3086 2168 Benjamin,
3115 2108 3171 2155 et
3237 2119 3310 2158 ex
3359 2107 3736 2177 gignentibus

440 2172 748 2229 secundum
780 2175 1166 2230 voluntatem?

1044 2285 1197 2340 CAP.
1238 2285 1428 2343 XXVI.

510 2394 568 2451 Si
609 2397 755 2452 Deus
797 2397 1038 2454 Verbum
1071 2399 1294 2470 genitus
1317 2409 1405 2456 est
1449 2415 1517 2456 ex
1556 2401 1804 2474 Virgine,
1855 2419 2020 2462 clune

440 2498 623 2544 autem
653 2489 899 2558 genitum
922 2489 1165 2561 gignitur
1189 2492 1272 2546 vel
1307 2509 1376 2547 ex
1400 2493 1712 2550 substantia
1743 2494 2020 2567 gignentis

437 2581 526 2634 vel
571 2595 639 2636 ex
676 2581 1000 2648 voluntate;
1044 2589 1102 2636 et
1135 2584 1282 2652 quod
1327 2599 1394 2639 ex
1435 2586 1741 2642 substantia
1774 2587 2019 2659 gignitur

437 2671 667 2726 omnino
688 2687 810 2728 esse
841 2673 1009 2727 habet
1046 2690 1077 2727 a
1101 2675 1378 2745 gignente,
1413 2677 1560 2746 quod
1593 2686 1777 2734 autem
1804 2695 1872 2736 ex
1915 2696 2016 2735 vo-

437 2767 671 2829 luntate,
703 2764 870 2819 habet
893 2780 924 2820 a
945 2765 1206 2836 gignente
1240 2775 1356 2820 tum
1391 2783 1535 2833 esse,
1566 2779 1680 2823 tum
1724 2771 1818 2823 tali
1851 2773 2015 2827 modo

435 2871 580 2921 esse,
608 2855 779 2912 dicite
817 2855 962 2911 unde
995 2857 1181 2914 velitis
1219 2857 1465 2930 genitum
1509 2858 1680 2914 fuisse
1713 2859 1908 2927 Deum,
1942 2879 2013 2918 an

433 2963 502 3004 ex
549 2949 860 3004 substantia
887 2949 1150 3020 Virginis,
1196 2965 1266 3004 an
1316 2966 1383 3005 ex.
1421 2953 1749 3008 voluntate?
1787 2952 2016 3009 Utrum-

433 3055 654 3108 cunque
677 3040 826 3095 enim
863 3041 1061 3096 horum
1101 3041 1376 3108 dixeritis,
1413 3045 1698 3100 conclusio
1737 3054 1908 3116 patet.
1940 3076 2012 3088 «-

2691 2257 2944 2352 κΕψΑΑ.
2988 2300 3130 2368 κεῖν.

2195 2404 2258 2458 Ei
2289 2406 2317 2458 ό
2347 2404 2478 2471 Θεὸς
2511 2407 2685 2476 Λόγος
2727 2411 2922 2481 ἐτέχθη
2952 2414 3018 2468 ἐκ
3056 2416 3156 2486 τῆς
3183 2420 3512 2492 Παρθένου,
3541 2432 3657 2484 πᾶν
3677 2433 3729 2484 δι

2118 2500 2180 2552 τὸ
2208 2499 2530 2569 τικτόμενον
2583 2501 2618 2572 ἢ
2638 2502 2702 2557 ἐκ
2730 2503 2828 2574 τῆς
2861 2507 3052 2570 οὐσίας
3079 2511 3336 2569 τίκτεται
3371 2519 3482 2573 τοῦ
3515 2524 3726 2578 tina?-

2119 2607 2230 2656 τος,
2261 2590 2296 2660 ἢ
2329 2592 2394 2644 ὲκ
2421 2594 2522 2662 τῆς
2555 2595 2964 2666 προαιρέσεως·
3012 2601 3107 2654 καὶ
3158 2603 3222 2656 τὸ
3265 2607 3338 2660 ὲκ
3389 2612 3505 2681 τῆς
3538 2615 3724 2679 οὑσέας

2115 2683 2458 2753 τικτόμενον,
2487 2685 2550 2737 τὸ
2585 2683 2729 2741 εἶναι
2759 2689 2980 2756 πάντως
3011 2690 3126 2762 ἔχει
3164 2697 3229 2750 ὲκ
3263 2698 3364 2752 τοῦ
3391 2703 3718 2770 tinctura;-

2115 2773 2178 2826 τὸ
2205 2773 2263 2828 δὲ
2300 2775 2368 2828 ὲκ
2410 2777 2511 2846 τῆς
2549 2780 2946 2850 προαιρέσεως,
2981 2787 3054 2853 πῆ
3090 2787 3194 2855 μὲν
3217 2789 3277 2841 τὸ
3304 2785 3464 2846 εἶναι
3515 2796 3636 2867 ἔχει
3661 2802 3720 2854 ἐκ

2114 2863 2208 2916 τοῦ
2237 2863 2535 2931 τίκτοντος,
2577 2867 2656 2938 πῆ
2689 2869 2747 2922 δὲ
2776 2871 2836 2924 τὸ
2883 2873 3087 2928 τοιόνδε
3117 2873 3283 2946 εἶναι,
3311 2884 3522 2939 εἴπατε
3545 2863 3718 2944 Esses

2119 2952 2377 3022 βούλεσθε
2435 2956 2688 3028 τετέχθαι
2741 2961 2835 3012 τὸν
2889 2962 3048 3030 Θεὸν,
3101 2968 3168 3020 ἐκ
3211 2970 3317 3041 τῆς
3363 2974 3573 3042 οὐσίας
3622 2981 3716 3050 τῆς

2113 3043 2417 3115 Παρθένου,
2469 3047 2501 3117 ἦ
2552 3049 2618 3102 ὲκ
2661 3049 2758 3119 τῆς
2808 3055 3220 3127 προαιρέσεωςς
3274 3065 3558 3138 ὁπότερον
3607 3043 3714 3143 γὰρ

435 3130 571 3186 Sero
602 3131 824 3186 tandem
855 3141 912 3187 et
951 3132 1110 3187 inviti
1142 3134 1432 3189 nobiscum
1463 3137 1760 3206 agnoscitis
1793 3147 2009 3207 partum

2115 3133 2296 3187 αὐτῶν
2324 3137 2536 3208 εἴπητε,
2573 3137 2636 3192 τὸ
2672 3145 3040 3214 συναγόμενον
3071 3147 3250 3218 δῆλον.
3284 3153 3422 3226 Ὀψὲ
3617 3130 3710 3215 £1

431 3237 552 3278 esse
583 3231 639 3276 et
667 3238 792 3276 eum
834 3225 929 3294 qui
974 3225 1230 3294 producit
1255 3227 1464 3298 aliquid
1497 3228 1564 3282 ad
1597 3245 1740 3295 esse,
1783 3237 1840 3286 et
1879 3247 2006 3285 eum

431 3313 642 3380 pariter
663 3315 758 3382 qui
779 3315 848 3369 ad
879 3316 1064 3371 taliter
1093 3332 1216 3374 esse
1250 3327 1482 3374 tantum.
1516 3319 1572 3374 Si
1595 3329 1779 3376 autem
1801 3321 1896 3391 qui
1921 3331 2007 3378 est

325 3449 333 3454 .
428 3417 497 3457 ex
531 3403 862 3470 substantia,
898 3420 1024 3460 eum
1051 3407 1228 3462 solum
1255 3409 1442 3464 dicitis
1464 3425 1586 3466 esse
1617 3425 1838 3467 causam
1863 3413 2008 3468 exsi-

429 3494 650 3548 s'entiae
682 3503 741 3550 et
791 3512 902 3551 non
953 3497 1077 3552 talis
1124 3499 1486 3566 exsistentize,
1531 3501 1773 3574 physicae
1806 3519 2006 3574 nempe

429 3583 756 3642 differentia:
794 3588 987 3659 geniti,
1012 3605 1137 3644 cum
1184 3605 1252 3646 ex
1298 3607 1440 3647 cono
1485 3593 1648 3662 pinus
1687 3602 2002 3664 generetur,

426 3675 512 3728 vel
537 3691 602 3730 ex
627 3677 910 3734 voluntate
929 3688 987 3734 et
1023 3695 1132 3734 non
1163 3695 1230 3735 ex
1261 3681 1572 3737 substantia
1595 3683 1718 3738 coni
1753 3683 1821 3740 ad
1861 3683 2004 3742 hanc

428 3763 594 3818 talem
649 3765 1025 3822 exsistentiam
1077 3778 1411 3839 generatur,
1465 3771 1553 3825 vel
1599 3786 1668 3826 ex
1711 3772 1828 3843 ipsa
1874 3775 2006 3830 s’ub-

427 3857 629 3912 s:antia
666 3859 790 3912 coni
816 3869 1134 3930 generatur,
1161 3869 1217 3914 et
1241 3871 1328 3916 est
1356 3862 1686 3932 simpliciter
1707 3864 1999 3931 exsistens,

425 3959 538 3998 non
563 3952 748 4000 autem
775 3947 940 4016 pinus
973 3957 1070 4003 aut
1104 3949 1255 4004 aliud
1293 3949 1427 4020 quid
1465 3951 1748 4020 speciale:
1797 3955 1905 4009 nisi
1944 3963 2002 4010 et

424 4034 518 4088 alii
573 4036 806 4105 genitori
851 4039 1158 4095 secundum
1203 4041 1542 4096 voluntatem
1591 4043 1834 4114 gignenti
1871 4046 2003 4101 sub-

419 4121 645 4192 jicialur
677 4125 730 4178 in
785 4128 1077 4196 quamdam
1130 4131 1562 4200 generationem.
1619 4133 1830 4201 Quibus
1863 4137 1998 4207 quid

423 4215 714 4271 stolidius?

1002 4432 1155 4488 CAP.
1189 4435 1398 4492 XXVII.

492 4535 550 4592 Si
582 4534 800 4608 genitus
817 4551 899 4596 est
926 4545 1326 4603 Deuchrbum
1356 4553 1579 4621 proprie
1603 4563 1660 4608 et
1681 4556 1986 4610 secundum

417 4630 708 4686 veritatem
758 4649 826 4689 ex
883 4637 1043 4693 Patre
1099 4625 1422 4710 illique'est
1449 4643 1650 4702 similis
1683 4649 1987 4705 secundum

417 4721 812 4792 substantiam;
835 4736 890 4782 et
914 4729 960 4784 si
986 4729 1130 4784 idem
1145 4733 1364 4802 genitus
1377 4743 1548 4790 estex
1572 4753 1655 4805 ru_a
1665 4747 1745 4792 tre
1767 4741 1989 4810 pmprie

415 4819 472 4864 ct
491 4813 795 4869 secundum
810 4817 1339 4891 veritatem,ipsaque
1368 4831 1453 4878 est
1483 4823 1769 4883 dissimilis
1794 4843 1988 4886 secun-

413 4901 543 4957 dum
589 4906 970 4976 substantiam,
1019 4911 1158 4967 nihil
1210 4915 1440 4970 interest
1482 4931 1513 4972 a
1583 4918 1861 4976 similibus
1892 4930 1988 4976 aut

411 5011 442 5047 a
475 4995 837 5056 dissimilibus
862 5003 1030 5076 gigni.
1058 5005 1116 5062 Si
1139 5017 1324 5062 autem
1359 5009 1434 5064 ita
1471 5018 1576 5076 est,
1609 5029 1713 5066 nec
1741 5013 1986 5069 dissimi-

411 5083 482 5138 lia
521 5100 550 5138 a
585 5100 645 5141 se
675 5087 912 5147 invicem
947 5095 1207 5151 different
1248 5099 1550 5154 secundum
1577 5103 1938 5159 substantiam
1967 5125 1982 5172 ;

407 5183 465 5230 et
497 5175 901 5236 admittendum
927 5194 1045 5238 erat
1076 5187 1249 5240 Deum
1283 5188 1542 5254 Verbum,
1577 5206 1608 5244 a
1637 5192 1799 5246 Patre
1831 5198 1986 5267 geni-

409 5275 524 5351 tum
554 5269 860 5325 secundum
888 5275 1204 5337 veritatem.
1229 5295 1349 5334 esse
1383 5281 1485 5351 ipsi
1528 5283 1850 5340 dissimilem
1893 5302 1972 5343 sev
2017 5281 2021 5286 ’

405 5348 650 5416 cundum
681 5361 1068 5420 substantiam.
1101 5367 1208 5422 Sed
1253 5371 1369 5426 hanc
1399 5348 1584 5429 omnia
1619 5376 1980 5446 impossibilia

405 5461 461 5506 ct
489 5466 680 5508 eorum
708 5458 1089 5526 suppositione
1111 5461 1295 5533 digna.
1320 5494 1387 5503 —
1405 5465 1636 5523 Turbati
1655 5483 1804 5534 sunt,
1831 5487 1978 5527 com-

406 5545 538 5600 moti
571 5557 700 5604 sunt
729 5549 872 5606 sicut
907 5551 1116 5616 ebrius,
1141 5564 1198 5610 ct
1235 5557 1416 5612 omnis
1460 5562 1740 5630 sapientia
1784 5581 1976 5620 eorum

405 5636 663 5708 absorpta
721 5653 825 5698 cst.
867 5645 998 5700 Jurc
1035 5647 1182 5702 enim
1229 5659 1422 5705 contra
1451 5668 1546 5706 vos
1580 5654 1696 5709 haec
1741 5671 1768 5708 a
1819 5657 1979 5713 nobis

406 5740 702 5800 canuntur,
719 5735 901 5792 divina
919 5737 1329 5799 demonstrantc
1351 5742 1554 5799 virtute
1578 5755 1630 5801 et
1663 5747 1717 5801 in
1747 5764 1841 5804 vos
1867 5749 1975 5805 vim

2117 3224 2346 3289 ἄκοντες
2385 3228 2516 3298 ἡμῖν
2557 3233 2974 3301 συνομολογείτε
3018 3239 3178 3293 τόκον
3205 3237 3374 3311 εἶναι,
3404 3249 3506 3302 τόν
3536 3269 3604 3305 τε
3633 3257 3708 3317 εἰς

2107 3317 2170 3368 τὸ
2205 3313 2370 3384 εἶναι,
2405 3319 2497 3374 καὶ
2523 3320 2726 3391 ὁμοίως
2764 3325 2930 3380 πάλιν
2957 3328 3052 3382 τὸν
3095 3333 3174 3395 εἰς
3201 3334 3262 3387 τὸ
3292 3339 3533 3396 τοιῶτδε
3565 3313 3706 3398 εἶναι

2113 3408 2274 3478 μόνον
2299 3413 2689 3483 προαγαγόντα
2720 3433 2773 3469 τι
2798 3434 2811 3447 ·
2845 3421 2894 3472 εί
2922 3419 2978 3474 δὲ
3004 3421 3099 3476 τδν
3127 3427 3194 3479 ἐκ
3237 3427 3340 3497 τῆς
3383 3433 3592 3500 οὐσίας
3620 3438 3708 3490 τό-

2107 3514 2202 3552 κον
2221 3500 2383 3571 μόνον
2401 3503 2496 3557 τοῦ
2527 3501 2669 3560 εἶναι
2704 3509 2898 3577 αἴτιον,
2931 3515 3027 3568 καὶ⁵
3056 3517 3178 3586 οὐχὶ
3207 3519 3303 3572 καὶ
3333 3523 3434 3576 τοῦ
3473 3527 3704 3584 tonius:

2107 3586 2450 3665 εἴναι,ἧγουν
2483 3597 2578 3664 καὶ
2619 3599 2720 3670 τῆς
2769 3605 3007 3675 φυσικῆς
3043 3607 3311 3681 διαφορᾶς
3345 3615 3452 3668 τοῦ
3501 3636 3705 3684 γεννω-

2107 3683 2269 3780 μένου
2309 3687 2468 3754 φατὲ,
2508 3690 2633 3744 ἐπεὶ
2672 3691 2782 3748 ἀπὸ
2828 3695 3002 3750 κώνου
3033 3698 3196 3764 πίτυς
3237 3683 3530 3770 γεννᾶται,
3569 3711 3605 3780 ἦ
3637 3715 3702 3766 ἐκ

2103 3772 2201 3843 τῆς
2231 3777 2728 3866 προαιρέσεωςμαὶ
2745 3783 2847 3838 οὐκ
2869 3786 2978 3840 ἀπὸ
2999 3789 3100 3859 τῆς
3119 3790 3314 3855 οὐσίας
3336 3795 3443 3848 τοῦ
3477 3772 3694 3866 κὼξον,

2103 3865 2183 3926 εἰς
2225 3865 2286 3918 τὸ
2337 3864 2478 3923 εἶναι
2511 3870 2670 3926 τοῦτο
2703 3875 2836 3930 αὐτὸ
2867 3876 3023 3943 πίτυς
3047 3882 3396 3953 γεγέννηται,
3429 3889 3466 3960 ἢ
3503 3893 3575 3944 ἐκ

2101 3955 2290 4050 οὐσίας
2451 3961 2622 4032 αὐτῆς
2654 3967 2976 4036 γεγέννηται
3001 3970 3156 4026 τοῦδε
3175 3991 3190 4006 ·
3221 3977 3320 4030 καὶ
3345 3955 3471 4034 ἐστι
3499 3955 3697 4050 ἀτελές

2100 4043 2181 4107 ὃν,
2213 4045 2336 4101 οὔτε
2370 4048 2428 4103 δὲ
2471 4051 2651 4118 πίτυς,
2679 4053 2808 4110 οὔτε
2849 4058 3036 4128 ἔτερόν
3068 4079 3120 4115 τι
3150 4059 3288 4126 εἶδος
3311 4085 3324 4096 ·
3353 4069 3504 4141 πλὴν
3531 4077 3586 4128 εἰ
3617 4043 3694 4145 μ.ίὶ

2103 4139 2194 4192 καὶ
2226 4139 2370 4213 ἄλλῳ
2429 4146 2720 4218 γεννήτορι
2748 4149 2889 4204 κατὰ
2928 4153 3248 4224 προαίρεσιν
3264 4139 3520 4214 τίκτονήτι

2099 4229 2272 4304 ϐληθῇ
2321 4234 2404 4298 είς
2447 4235 2701 4308 γέννησιν
2749 4255 2902 4294 τινα·
2931 4234 3008 4295 ὧν
3037 4243 3090 4296 τί
3140 4245 3344 4315 μᾶλλον
3395 4253 3694 4322 ἠλιθιώτε-

2103 4337 2191 4388 ρον
2211 4339 2227 4390 ;
3215 4355 3220 4360 ’

2682 4457 2932 4515 ΚΕΦΑΛ.
2969 4465 3094 4518 ΚΖ’.

2167 4559 2230 4612 Ei
2266 4563 2526 4636 ἐγεννήθη
2559 4567 2587 4620 ό
2629 4567 2761 4632 Θεὸς
2789 4571 2959 4641 Λόγος
2993 4578 3196 4645 κυρίως
3228 4580 3325 4633 καὶ
3359 4584 3511 4638 κατὰ
3553 4586 3682 4656 an}.

2093 4647 2246 4702 θειαν
2287 4653 2353 4705 ἐκ
2394 4655 2488 4707 τοῦ
2539 4657 2772 4730 ηατρδς,
2804 4665 2899 4716 καὶ
2941 4665 3090 4720 ἔστιν
3142 4670 3328 4739 ὅμοιος
3363 4675 3525 4746 αὖτῷ
3565 4677 3682 4731 κατ’

2089 4741 2304 4839 οὐσίαν·
2337 4746 2430 4839 καὶ
2463 4750 2511 4799 εί
2545 4750 2809 4824 ἐγεννήθη
2843 4759 2871 4810 ό
2903 4758 3065 4822 αὐτὸς
3097 4761 3160 4812 ὲκ
3206 4765 3420 4834 μητρὸς
3471 4741 3680 4839 κυρίως

2089 4831 2184 4882 καὶ
2216 4833 2361 4884 κατὰ
2383 4834 2664 4905 ἀλήθειαν,
2691 4844 2786 4896 καὶ
2819 4844 2931 4899 ἔστι
2973 4848 3111 4918 αὕτη
3145 4851 3404 4920 ἀνόμοιος
3431 4859 3563 4910 κατ’
3589 4862 3679 4912 οὐ-

2088 4921 2232 4991 σίαν,
2261 4925 2410 4978 οὐδὲν
2441 4928 2687 5002 διαφέρει
2711 4935 2815 4988 ὑπὸ
2843 4939 3041 5008 ὁμοίων
3057 4940 3198 5019 [κατ’
3215 4942 3298 5012 οὐ]
3327 4944 3358 5016 ἢ
3397 4947 3678 5019 ἀνομοίων

2085 5017 2396 5082 γεννᾶσθαι.
2435 5021 2498 5073 Εἰ
2529 5023 2587 5076 δὲ
2618 5026 2792 5092 τοῦτο,
2821 5030 2942 5084 οὐδὲ
2999 5017 3086 5086 τὶ
3115 5035 3347 5104 ἀνόμοια
3384 5017 3680 5114 διενεχθῇ

2087 5123 2236 5160 σεται
2275 5110 2415 5176 πρὸς
2445 5112 2646 5184 ἄλληλα
2697 5120 2818 5172 κατ’
2841 5121 3031 5176 οὐσίαν
3051 5143 3064 5156 ο
3100 5125 3458 5196 ἐνδεχόμενον
3484 5110 3671 5206 M4,

2083 5201 2178 5254 καὶ
2215 5201 2308 5254 τὸν
2351 5203 2684 5294 ΘεὸνῗΛόγον
2723 5212 2788 5262 ἐκ
2813 5213 2908 5266 τοῦ
2945 5215 3156 5287 Harpe;
3197 5220 3344 5272 κατὰ
3402 5201 3680 5294 ἀλήθειαν

2083 5293 2434 5360 γεννηθέντα,
2467 5293 2607 5352 εἶναι
2643 5301 2793 5372 αὐτῷ
2817 5303 2939 5356 κατ’
2961 5306 3149 5360 οὐσίαν
3191 5310 3490 5380 ἀνόμοιον·
3539 5319 3679 5372 sm

2083 5386 2259 5439 πάντα
2281 5388 2515 5444 ἅδᾶνατα
2539 5393 2633 5445 καὶ
2662 5394 2759 5463 τῆς
2791 5395 3099 5461 ὑποθέσεως
3121 5400 3304 5454 αὐτῶν
3327 5403 3491 5470 ἄξια.
3521 5409 3682 5464 Ἑτα-

2083 5476 2384 5548 ρᾶιχθησαν,
2419 5481 2788 5553 ἐσαλεύθησαν
2838 5489 2913 5551 ὠς
2965 5491 2994 5542 ό
3035 5489 3270 5560 μεθύων,
3303 5495 3404 5548 καὶ
3453 5502 3678 5573 πείριναή

2082 5570 2245 5636 magia.
2273 5572 2451 5624 αὐτῶν
2481 5575 2785 5646 κατεπόθη·
2819 5577 2990 5632 ταῦτα
3037 5581 3314 5652 εὐκαίρως
3368 5585 3513 5656 ὑμῖν
3580 5570 3679 5644 Ea;

2082 5661 2267 5730 ᾄδεται
2298 5680 2370 5715 πα
2383 5665 2431 5732 ρ’
2463 5666 2640 5734 ἡμῶν,
2665 5669 2764 5738 τῆς
2791 5670 2940 5732 θείας
2966 5671 3249 5740 δυνάμεως
3273 5677 3678 5751 ἐπιδεικνύῃς

2083 5755 2174 5804 καὶ
2196 5754 2274 5817 εἰς
2298 5754 2440 5824 ὑμᾶς
2473 5757 2530 5810 τὸ
2557 5757 2884 5831 δραστήριον
2908 5764 3005 5837 τῆς
3035 5763 3207 5818 παλαι
3236 5767 3540 5842 ἐπιτιμίας
3573 5776 3679 5831 τῶν
