3852 6134
189 376 334 442 1693

1142 383 1539 444 ADVERSUS
1574 382 2124 443 NESTORIANOS.
2157 406 2226 415 —
2249 381 2397 440 LIB.
2437 381 2536 440 IV.

3316 379 3456 447 169i

187 487 319 540 aea-9‘
351 483 498 554 ὑμᾶς
521 483 621 556 τὴν
650 483 921 556 θεομάκον
947 485 1200 557 πρόθεσιν
1233 487 1527 560 ἀραμένων
1554 489 1650 542 καὶ
1673 487 1772 557 τὴν

1909 489 2115 558 ntiqua:
2147 487 2629 544 condemnationis
2653 503 2848 542 eorum
2884 489 2979 559 qui
3013 490 3320 546 secundum
3359 507 3459 547 vos

186 579 252 631 ιν
268 575 548 632 Βαϐυλῶνι
577 577 940 648 πυργοποιίαν
963 581 1408 651 συστησαμένωνο
1433 579 1625 633 (Δεῦτε
1645 580 1772 650 γὰρ,

190 671 332 739 φησὶ
383 669 478 722 καὶ
503 668 626 721 τότε
651 668 780 738 περὶ
811 667 1054 734 ἐκείνων,
1087 671 1430 736 καταϐάντες
1457 672 1776 742 συγχέωμεν

190 759 378 812 αὐτῶν
401 758 501 824 τὰς
526 758 799 834 γλώσσας.
825 779 845 812 ›
885 759 1168 814 Ἐντεῦθεν
1208 759 1304 817 οὖν
1327 763 1496 828 ὅντως
1527 765 1622 816 καὶ
1645 764 1776 834 ὑμῖν

190 849 245 902 οἱ
287 851 407 904 νυνὶ
429 851 774 922 πεφυρμένοι
797 867 857 904 τε
887 853 982 906 καὶ
1010 853 1328 925 σκινδαλμοὶ
1361 857 1455 910 καὶ
1484 853 1778 924 ἐπάλληλοι

193 941 524 1012 ῥαψολογίαι
573 943 682 996 sici
704 943 804 1013 τῆς
833 943 1092 1008 ἀσεϐείας
1122 946 1221 1013 τὴν
1251 946 1516 1016 αἰσχύνην
1543 945 1777 1018 ἐπικρύ-

191 1049 353 1084 πτειν
378 1033 795 1104 μηχανώμεναι.
835 1033 1118 1106 Πρώτιστα
1144 1035 1244 1104 μὲν
1278 1033 1371 1090 οὖν
1395 1036 1636 1106 γνῶμεν,
1661 1039 1695 1108 ἠ
1720 1037 1780 1102 ἐξ

191 1123 405 1194 ὁμοίων
439 1123 472 1196 ἢ
499 1125 772 1194 ἀνομοίων
804 1127 1078 1196 γέννησις,
1115 1127 1230 1191 πῶς
1254 1127 1470 1196 λέγεται
1495 1129 1656 1197 ὐμίν;
1682 1128 1780 1196 τῆς

165 1209 517 1285 ’ὁμοιότητος
537 1258 552 1280 ,
590 1217 624 1286 ἢ
675 1218 1094 1292 άνομοιότητοςς
1127 1219 1264 1290 πρὸς
1296 1220 1365 1274 τὰ
1393 1219 1646 1274 τίκτοντα
1671 1219 1780 1272 τῶν

193 1305 559 1376 τικτομένων,
589 1307 708 1370 πῶς
737 1309 1066 1378 νοουμένης;
1093 1309 1154 1362 οὐ
1181 1309 1288 1380 γὰρ
1317 1309 1381 1381 δὴ
1416 1309 1478 1364 τὺ
1529 1310 1604 1382 μὴ
1649 1309 1782 1364 ὑπο-

197 1397 335 1449 στὰν
386 1397 480 1450 καὶ
515 1392 656 1451 εἶναι
706 1397 1021 1467 λεγόμενον,
1083 1399 1144 1464 ἐξ
1182 1401 1384 1470 ὁμοίων
1430 1401 1463 1471 ἢ
1512 1400 1782 1470 ἀνομοίων

196 1486 458 1556 γέννησιν
487 1485 636 1556 ἔχειν
674 1486 1036 1557 λεχθήσεται·
1071 1490 1516 1562 μεταγενεστέρα
1537 1490 1648 1561 γὰρ
1683 1491 1783 1559 τῆς

193 1581 510 1649 γεννήσεως
539 1579 724 1643 αὐτοῖς
751 1582 783 1646 ἡ
810 1581 1066 1652 ὁμοιότης
1091 1581 1125 1650 ἢ
1157 1583 1484 1654 ἀνομοιότης
1509 1585 1651 1654 προς
1684 1585 1754 1637 αὖ
1771 1611 1786 1623 -

199 1673 327 1734 τοὺς
348 1670 486 1725 κατὰ
511 1671 601 1724 τὸν
632 1672 830 1726 οἰκεῖον
877 1673 1056 1740 λόγον.
1083 1674 1358 1742 Ἀφείσοω
1391 1675 1455 1746 δὴ
1478 1675 1630 1743 ὅμως
1655 1675 1786 1744 ὑμῖν

199 1760 395 1813 τοῑτο·
427 1760 559 1823 ἴσως
584 1761 694 1833 γὰρ
731 1763 794 1815 ἐκ
829 1763 922 1816 τοῦ
963 1763 1151 1824 τέλους
1194 1764 1370 1818 ταῦτα
1419 1765 1783 1834 διεγνωκότες

1880 579 1936 633 in
1968 579 2140 635 Deum
2184 579 2466 652 pugnandi
2505 579 2855 650 propositum
2906 591 3266 651 susceperant
3309 593 3358 639 et
3399 585 3455 638 in

1878 670 2156 743 Babylone
2188 671 2365 727 turris
2387 669 2812 726 aedificationem
2857 671 3458 742 constituerant.-Disit

1877 762 2026 816 enim
2059 762 2226 818 etiam
2260 771 2374 817 tum
2422 761 2492 816 de
2542 761 2678 831 ipsis
2713 783 2729 817 ι
2770 779 2788 811 ι
2815 762 3031 826 Venite,
3060 763 3459 820 descendente;

1877 853 2287 910 confundamus
2333 853 2550 924 linguas
2601 868 2816 909 eorum.
2855 875 2873 907 ι
2911 855 3040 910 Inde
3092 855 3259 926 igitur
3281 857 3458 926 reipsa

1877 955 1938 1002 et
1963 945 2119 1001 vobis
2149 960 2303 1000 nunc
2322 954 2456 1000 sunt
2481 953 2541 1000 et
2570 945 2818 1002 confusae
2847 947 3286 1003 subtilitates.et
3331 963 3461 1002 ver-

1879 1037 2080 1093 borum
2129 1037 2414 1108 implicita:
2463 1043 2673 1092 sutum
2719 1037 2789 1092 ad
2827 1039 3128 1108 impietatis
3178 1038 3460 1094 infamiam

1883 1129 2173 1200 tegendam
2203 1138 2449 1184 structae.
2473 1129 2618 1188 Ante
2647 1131 2834 1186 omnia
2863 1147 2997 1201 ergo
3023 1133 3262 1187 sciamus
3291 1145 3462 1202 gene-

1882 1219 2026 1274 ratio
2051 1235 2120 1275 cx
2143 1217 2422 1274 similibus
2445 1228 2540 1274 aut
2561 1219 2928 1276 dissimilibus
2955 1221 3235 1289 quomodo
3257 1237 3287 1275 a
3305 1219 3464 1275 vobis

1883 1311 2134 1377 dicatur;
2171 1309 2600 1366 similitudinem
2631 1318 2728 1365 aut
2756 1310 3273 1365 dissimilitudinem
3306 1311 3461 1381 geni-

1883 1411 2066 1457 torum
2096 1401 2323 1456 relative
2361 1401 2430 1456 ad
2462 1402 2756 1472 gignentes
2797 1401 3078 1471 quomodo
3126 1400 3464 1472 intelligatis.

1881 1492 2004 1549 Non
2027 1492 2178 1548 enim
2203 1494 2351 1564 quod
2388 1510 2495 1550 non
2528 1502 2613 1550 est
2643 1493 2954 1549 subsistens
2987 1501 3046 1546 et
3080 1508 3202 1548 esse
3235 1492 3463 1555 dicitur,

1885 1600 1956 1640 ex
1986 1584 2262 1640 similibus
2285 1592 2381 1640 aut
2413 1585 2782 1640 dissimilibus
2811 1583 3224 1655 generationem
3261 1583 3468 1638 habere

1885 1675 2122 1732 dicetur.
2181 1677 2462 1732 Posterior
2520 1685 2606 1731 est
2659 1676 2808 1731 enim
2854 1675 3212 1745 generatione
3269 1688 3467 1729 eorum

1888 1765 2200 1822 similitudo
2244 1767 2332 1821 vel
2383 1767 2802 1833 dissimilitudo,
2835 1767 2992 1837 juxta
3039 1767 3326 1836 proprium
3383 1766 3466 1820 lo-

203 1851 487 1920 εἰρήκατε.
519 1851 584 1904 Τί
624 1851 681 1906 δὲ
703 1851 836 1918 οὗνς
885 1853 1148 1908 ἀδύνατον
1174 1855 1266 1908 τὸν
1311 1857 1454 1910 κατὰ
1496 1856 1786 1928 διαφόρους

1904 1856 2097 1926 luendi
2124 1857 2370 1911 modum.
2393 1855 2744 1912 Concedatur
2768 1865 2952 1912 tamen
2975 1857 3082 1912 hoc
3099 1857 3277 1912 vobis.
3305 1857 3470 1912 Forte

203 1941 488 2013 γεννήσεις
519 1944 874 2014 γεννηθέντα,
929 1947 1022 2000 καὶ
1075 1947 1139 1998 ἐκ
1187 1947 1459 2020 διαφόρων
1488 1949 1596 2018 τὴν
1626 1947 1788 2016 φύσιν

203 2037 570 2106 γεννητόρων,
602 2035 860 2108 διάφορον
881 2037 1013 2092 ὄντα
1035 2043 1158 2102 ταῖς
1180 2041 1398 2110 φύσεσι,
1427 2040 1524 2094 καὶ
1547 2039 1736 2111 ἁληθῶ
1746 2058 1786 2106 _:,

205 2125 332 2179 καθ’
355 2127 623 2199 ἑκατέραν
661 2129 922 2199 τεχθῆναι
957 2129 1255 2198 γέννησιν;
1291 2129 1511 2184 καὶτοῦ
1552 2130 1652 2202 μὲν
1679 2130 1790 2184 τῶν

205 2216 480 2270 τεκόντων
503 2219 688 2288 ὅμοιον
717 2219 858 2288 κατά
881 2237 932 2274 τι
958 2220 1066 2274 τῶν
1104 2221 1290 2284 αὐτοῦ,
1329 2221 1424 2276 τοῦ
1453 2221 1510 2275 δὲ
1537 2221 1790 2296 ἀνόμοιον

205 2307 542 2373 δείκνυσθαι,
571 2309 659 2363 διὰ
684 2310 746 2363 τὸ
791 2311 1049 2383 διάφορον
1099 2312 1209 2366 τῶν
1245 2311 1441 2367 τούτου
1484 2314 1792 2385 γεννήσεων

209 2400 306 2454 καὶ
333 2401 442 2453 τῶν
499 2402 913 2473 γεγεννημένων
949 2403 1104 2457 τοῦδε
1149 2400 1627 2476 οὗσιῶνςἘδείχθη
1683 2403 1793 2475 γὰρ

211 2493 273 2543 ἐν
304 2493 416 2556 τοῖς
451 2491 691 2562 πρώτοις
712 2496 866 2563 ήμῖν,
889 2495 971 2548 ὃτι
997 2495 1088 2548 καὶ
1110 2495 1175 2550 ὲκ
1198 2498 1296 2564 τῆς
1325 2497 1497 2566 αὐτῆς
1528 2496 1624 2548 καὶ
1651 2494 1794 2548 κατὰ

213 2585 326 2640 πᾶν
371 2587 526 2652 γένος
567 2589 661 2641 καὶ
697 2584 838 2652 εἶδος
875 2589 973 2643 καὶ
1018 2590 1196 2645 πάντα
1227 2591 1462 2662 ἀριθμὸν
1498 2589 1794 2659 ἀδιαφόρου

217 2677 408 2741 οὐσίας
453 2679 607 2745 παρὰ
649 2677 741 2732 τὸν
783 2679 1040 2751 διάφορον
1068 2681 1273 2751 τρόπον
1319 2681 1421 2752 τῆς
1461 2679 1792 2750 γεννήσεως,

214 2771 380 2840 ὅμοιά
410 2787 469 2824 τε
498 2772 593 2826 καὶ
625 2771 852 2842 ἀνόμοια
881 2773 1148 2837 πολλάκις
1175 2772 1387 2842 γίνεται
1407 2771 1476 2824 τὰ
1503 2770 1797 2840 τικτόμενα

217 2863 353 2930 πρὸς
382 2863 450 2916 τὰ
483 2863 763 2916 τίκτοντα·
796 2863 995 2918 οὐκοῦν
1020 2862 1382 2938 όρθοτομοῦσι
1405 2863 1507 2934 τὴν
1538 2861 1798 2932 ἀλήθειαν

216 2954 271 3006 οῖ
317 2971 482 3023 φασιν
528 2956 612 3010 ὅτι
664 2957 932 3027 ἐγεννήθη
973 2957 1074 3027 μὲν
1102 2957 1131 3010 ό
1168 2957 1342 3024 Λόγος
1371 2957 1435 3008 ἐκ
1457 2952 1554 3008 τοῦ
1586 2951 1799 3024 Πατρός

218 3046 456 3117 ἀληθῶς,
489 3049 632 3100 κατὰ
654 3047 753 3118 τὴν
786 3048 926 3100 ἰδίαν
957 3047 1014 3100 δὲ
1040 3049 1204 3116 μόνου
1232 3047 1328 3100 τοῦ
1367 3046 1582 3116 Πατρός
1606 3045 1800 3114 γέννη-

1889 1949 2037 2004 enim
2061 1963 2092 2002 a
2120 1946 2228 2002 fine
2256 1947 2374 2003 bare
2403 1948 2642 2004 scientes
2663 1947 2899 2004 dixistis.
2926 1946 3071 2014 Quid
3102 1963 3234 2019 ergo
3268 1948 3474 2018 impos-

1891 2039 2053 2094 sibile
2085 2047 2172 2093 est
2197 2053 2328 2094 eum
2354 2039 2448 2108 qui
2479 2039 2786 2094 secundum
2810 2037 3138 2094 differentes
3160 2037 3474 2109 generatio-

1889 2144 1992 2186 nes
2033 2131 2256 2200 genitus
2282 2138 2392 2195 est,
2422 2136 2480 2184 et
2515 2144 2582 2184 ex
2609 2130 2958 2200 genitoribus
2985 2137 3184 2185 natura
3213 2128 3474 2184 differen-

1896 2216 2070 2285 tibus,
2128 2219 2480 2275 differentem
2536 2220 2719 2291 ipsum
2773 2221 3016 2284 naturis,
3067 2235 3197 2274 vere
3250 2232 3475 2289 quoque

1893 2311 2202 2368 secundum
2223 2320 2520 2381 utramque
2550 2313 2966 2383 generationem
2993 2313 3240 2383 genitum
3272 2311 3472 2372 fuisse;

1893 2410 1952 2460 et
1999 2401 2132 2458 hinc
2163 2402 2514 2474 genitoribus
2559 2403 2676 2458 suis
2707 2403 2943 2459 similem
2972 2403 3280 2459 secundum
3315 2401 3476 2472 quid,

1896 2495 2026 2552 inde
2056 2505 2240 2551 autem
2283 2493 2611 2550 dissimilem
2641 2495 3036 2560 demonstrari,
3062 2502 3290 2566 propter
3316 2493 3479 2549 diffe-

1897 2588 2132 2644 rentiam
2191 2603 2416 2643 suarum
2452 2589 2874 2658 generationum
2930 2596 2988 2642 et
3040 2584 3477 2641 substantiarum

1897 2694 2124 2733 suorum
2143 2677 2504 2748 genitorum?
2534 2678 2898 2733 Monstratum
2925 2676 3074 2731 enim
3111 2691 3140 2728 a
3181 2673 3344 2729 nobis
3376 2673 3476 2728 fuit

1897 2769 2065 2826 etiam
2101 2785 2132 2824 a
2169 2767 2449 2838 principio
2475 2783 2507 2823 e
2575 2783 2644 2824 ex
2667 2767 2860 2823 eadem
2896 2765 3201 2821 substantia
3235 2779 3344 2819 non
3375 2763 3481 2818 dil-

1899 2859 2114 2915 ferente
2145 2856 2456 2913 secundum
2487 2865 2664 2911 totum
2694 2870 2870 2926 genus
2900 2862 2958 2910 et
3003 2854 3235 2908 formam
3285 2858 3343 2906 et
3379 2865 3486 2905 nu-

1903 2965 2138 3012 merum,
2181 2957 2408 3018 pr0pter
2453 2947 2804 3003 diﬂ‘erentem
2829 2944 3202 3017 generationis
3233 2942 3484 3000 modum.

1903 3040 2215 3110 similiaque
2239 3047 2298 3094 et
2319 3039 2610 3094 dissimilia
2637 3038 2754 3093 fieri
2782 3053 2928 3107 saepe
2949 3038 3134 3119 genita
3157 3034 3387 3090 relative
3413 3031 3485 3090 ad

221 3155 306 3191 σιν
356 3137 450 3192 καὶ
489 3138 701 3200 οὐσίαν,
737 3137 834 3190 καὶ
880 3136 998 3190 ἐστι
1030 3137 1215 3206 ὅμοιος
1265 3135 1416 3204 αὐτῷ
1460 3135 1580 3188 κατ’
1615 3134 1801 3188 οὐσίαν

1905 3133 2207 3204 gignentia.
2233 3131 2407 3202 igitur
2437 3140 2588 3186 recte
2623 3138 2681 3184 et
2709 3129 3018 3184 secumlum
3048 3129 3339 3181 veritatem
3359 3141 3487 3180 seu-

221 3229 322 3296 τὴν
366 3229 440 3290 ὡς
492 3227 669 3294 Λόγου
716 3226 852 3280 Θεοῦ
878 3245 890 3258 ·
927 3228 1189 3297 ἐγεννήθη
1237 3225 1296 3279 δὲ
1349 3227 1443 3280 καὶ
1486 3228 1551 3278 ὲκ
1581 3225 1806 3295 Μητρὸς

226 3318 459 3388 ἀληθῶς,
492 3319 632 3372 κατὰ
655 3319 754 3390 τὴν
793 3318 929 3372 ἰδίαν
980 3318 1152 3388 αὐτῆς
1183 3318 1279 3372 καὶ
1311 3317 1480 3388 μόνης
1508 3317 1806 3386 γενομένην

226 3411 380 3463 τοῦδε
407 3411 680 3478 γέννησιν,
704 3411 800 3467 καὶ
833 3411 949 3464 εστι
995 3410 1089 3464 καὶ
1121 3411 1259 3482 αὐτῇ
1288 3412 1354 3481 τῇ
1393 3410 1581 3480 Μητρὶ
1609 3409 1806 3462 ἑαυτοῦ

229 3502 349 3556 κατ’
375 3502 566 3555 οὐσίαν
586 3501 752 3571 αὑτοῦ
777 3503 876 3574 τὴν
897 3502 972 3566 ὡς
1006 3502 1297 3572 ἀνθρώπου
1336 3503 1544 3572 ὅμοιος,
1577 3502 1722 3556 κατὰ
1749 3501 1808 3554 δὲ

108 3589 128 3601 ⁸
228 3595 326 3662 τὴν
355 3592 431 3656 ὡς
464 3593 659 3660 Λόγου,
690 3593 940 3662 ἀνόμοιος
977 3591 1114 3663 αὐτῇ
1139 3609 1154 3622 ο
1186 3591 1325 3660 πλὴν
1355 3590 1486 3654 Υἱὸς
1529 3588 1750 3660 ἀληθῶς
1783 3590 1812 3644 ό

231 3685 399 3752 Λόγος
428 3683 519 3737 τοῦ
552 3700 608 3736 τε
638 3683 826 3752 ὁμοίου
865 3683 1094 3750 Πατρός,
1127 3683 1221 3735 καὶ⁵
1250 3683 1348 3750 τῆς
1381 3681 1639 3751 ἀνομοίου
1663 3679 1812 3751 αὐτῷ

230 3776 450 3846 Μητρός
471 3793 488 3808 ο
522 3775 730 3845 ἀληθὴς
749 3775 860 3846 γὰρ
887 3775 1150 3846 ἑκάτερος
1173 3775 1374 3846 τρόπος
1403 3773 1513 3828 τῶν
1537 3774 1626 3827 ἐπ’
1645 3771 1812 3828 αὐτοῦ

231 3872 534 3940 γεννήσεων
567 3867 804 3940 ἐδείχθη.
837 3869 865 3922 ὃ
900 3885 961 3922 τε
990 3867 1086 3922 τοῦ
1114 3863 1275 3931 εἶναι,
1303 3867 1397 3920 καὶ
1427 3867 1456 3919 ό
1481 3864 1577 3920 τοῦ
1613 3864 1810 3920 τοιῶσ-

231 3965 310 4018 δε.
351 3963 426 4016 Οὐ
459 3963 568 4033 γὰρ
604 3962 668 4031 δὴ
721 3962 977 4032 ὁμοιότης
1021 3960 1332 4032 συνίστησιν
1361 3959 1550 4024 ἁπλῶς
1577 3959 1676 4029 τὴν
1701 3959 1816 4012 υἱό-

233 4071 390 4124 τητα,
422 4053 499 4117 ὡς
529 4052 794 4117 πολλάκις
824 4051 1058 4123 εἴρηται’
1077 4047 1250 4122 ἦλγὰρ
1282 4051 1348 4106 ἂν
1376 4050 1574 4106 πάντες
1605 4049 1816 4121 ἄνθρω-

237 4163 326 4199 ποι
363 4145 542 4214 ὅμοιοι
577 4143 730 4206 ὄντες
770 4141 895 4197 κατ’
923 4141 1114 4195 οὐσίαν
1143 4139 1418 4209 ἀλλήλοις,
1454 4139 1562 4193 υἱοὶ
1587 4139 1705 4209 ἅμα
1725 4139 1819 4192 καὶ

237 4235 490 4308 πιτέρες,
523 4235 617 4288 καὶ
646 4233 811 4287 τέκνα
829 4233 939 4286 τῶν
966 4231 1172 4285 τέκνων
1215 4231 1266 4284 οἱ
1287 4229 1620 4300 γεννήτορες
1654 4225 1817 4300 ἦσαν,

237 4329 330 4382 καὶ
380 4328 431 4380 οἱ
476 4324 694 4394 ἀδελφοὶ
725 4323 782 4378 δὲ
813 4323 923 4376 τῶν
947 4321 1154 4377 ἑαυτῶν
1197 4321 1445 4390 ἀδελφῶν
1505 4315 1650 4376 εἶναι
1689 4321 1818 4388 υἱοὶ,

1908 3223 2054 3276 tiunt
2101 3222 2196 3292 qui
2221 3221 2418 3276 dicunt
2457 3219 2705 3291 genitum
2744 3217 2914 3273 fuisse
2957 3217 3199 3273 Verbum
3243 3230 3371 3270 vere
3419 3229 3486 3269 ex

1909 3316 2071 3371 Patre
2109 3313 2414 3369 secundum
2451 3311 2729 3382 propriam
2767 3309 2935 3364 unius
2970 3308 3152 3364 Patris
3177 3305 3490 3378 generatio-

1909 3421 2036 3460 nem
2067 3413 2124 3460 et
2156 3403 2550 3464 substantiam,
2583 3393 2790 3456 etesse
2815 3399 2895 3454 illi
2921 3398 3103 3454 simile
3137 3395 3319 3473 quoad
3356 3393 3491 3449 sub-

1909 3497 2191 3562 stantiam,
2233 3493 2600 3549 substantiam
2629 3507 2828 3562 nempe
2859 3486 2956 3545 Dei
2993 3489 3194 3555 V’erbi;
3243 3487 3490 3560 genitum

1911 3599 2097 3647 autem
2154 3587 2324 3643 fuisse
2381 3602 2510 3640 vere
2569 3600 2794 3655 quoque
2845 3600 2910 3638 ex
2961 3583 3132 3637 Matre
3184 3580 3490 3636 secundum

1914 3681 2091 3752 ipsius
2116 3677 2530 3750 generationem
2565 3675 2849 3746 propriam
2882 3689 2950 3728 ex
2981 3673 3098 3744 ipsa
3125 3671 3260 3733 sola.
3291 3683 3344 3726 et
3372 3684 3494 3726 esse

1915 3771 2018 3843 ipsi
2073 3787 2184 3826 sua:
2227 3769 2390 3824 matri
2439 3767 2620 3823 simile
2664 3765 2968 3822 secundum
3018 3779 3197 3829 suam,
3256 3760 3498 3816 hominis

1914 3863 2148 3924 scilicet,
2175 3861 2559 3923 substantiam,
2587 3859 2665 3914 illi
2693 3866 2878 3913 autem
2903 3855 3172 3912 dissimile
3191 3852 3496 3910 secundum

1916 3950 2281 4004 substantiam
2315 3965 2481 4020 quam
2516 3947 2684 4003 habet
2711 3959 2766 4003 ut
2805 3947 3064 4002 Verbum.
3089 3946 3167 4000 lta
3195 3960 3325 4000 sane
3361 3943 3499 3999 Ver-

1918 4041 2050 4096 bum
2079 4057 2205 4096 vere
2240 4051 2324 4096 est
2365 4040 2537 4096 Filius
2581 4039 2778 4094 similis
2825 4039 3026 4106 Patris,
3065 4037 3240 4093 Filius
3278 4052 3499 4108 quoque

1922 4133 2114 4188 Matris
2141 4131 2433 4187 dissimilis
2460 4131 2630 4187 Patri.
2666 4131 2844 4187 Verus
2872 4129 3020 4185 enim
3046 4138 3276 4198 uterque
3303 4127 3502 4182 modus

1920 4223 2340 4296 generationem
2373 4223 2496 4292 ejus
2533 4221 2974 4286 demonstratur,
3019 4221 3112 4276 hic
3147 4235 3346 4289 nempe
3389 4231 3501 4288 quo

1921 4326 2027 4382 est,
2065 4317 2158 4370 ille
2183 4331 2294 4386 quo
2329 4324 2415 4370 est
2445 4314 2645 4370 taliter.
2680 4313 2998 4370 Similitudo
3026 4313 3174 4367 enim
3209 4326 3320 4365 non
3364 4326 3498 4365 cou-

236 4417 323 4472 διὰ
377 4417 476 4487 τὴν
533 4415 652 4469 κατ’
685 4415 876 4469 οὐσίαν
903 4415 1197 4486 ὁμοιότητα
1251 4413 1387 4484 πρὶς
1435 4412 1634 4476 αὐτοὺς
1669 4429 1801 4483 νομι-

1924 4409 2108 4464 stituit
2143 4407 2488 4472 filiatiouem,
2527 4417 2587 4460 ut
2615 4420 2856 4476 persaepe
2887 4403 3096 4458 dictum
3123 4413 3228 4457 est.
3281 4399 3491 4457 Omnes

241 4507 328 4562 σοε
339 4508 390 4578 ιη
398 4523 511 4560 σαν.

1854 4497 1902 4552 D
1926 4501 2075 4556 enim
2109 4499 2386 4564 homines,
2419 4505 2611 4568 utpote
2639 4496 2732 4567 qui
2762 4497 2907 4550 inter
2937 4510 2998 4550 se
3026 4495 3262 4549 invicem
3297 4492 3505 4548 similes

241 4597 540 4654 secundum
575 4595 961 4660 substantiam,
999 4595 1098 4650 filii
1123 4594 1284 4651 simul
1315 4603 1374 4648 et
1432 4601 1616 4664 patres
1639 4601 1846 4660 essent,
1886 4599 1944 4648 et
2005 4590 2286 4662 geuitores
2320 4597 2506 4644 essent
2538 4587 2632 4642 filii
2667 4603 2892 4642 suorum
2920 4585 3180 4648 filiorum,
3213 4593 3270 4639 et
3309 4582 3508 4637 fratres

241 4703 463 4744 sitorum
499 4685 731 4741 fratrum
766 4701 888 4741 esse
927 4686 1091 4754 filios,
1125 4693 1354 4756 propter
1391 4683 1814 4740 similitudinem
1854 4681 2182 4738 substantia:
2208 4680 2439 4735 relative
2473 4679 2540 4734 ad
2568 4679 2736 4748 il'sos,
2769 4689 3150 4733 censerentur.

806 4779 1059 4834 ΚΕΦΛΛ.
1088 4779 1226 4833 κη’.

313 4874 372 4926 Εἰ
421 4873 482 4925 τὸ
527 4872 712 4934 aream;
739 4871 798 4925 ὃν
825 4871 951 4924 ὖστε
963 4887 1052 4942 ρον
1082 4871 1340 4938 γεννᾶται
1367 4869 1510 4923 κατὰ
1539 4869 1820 4940 ἀλήθειαν,

244 4965 336 5014 καὶ
361 4961 424 5014 τὸ
457 4960 594 5031 μηδὲ
645 4961 782 5024 ὅλως
809 4961 891 5025 ὃν,
923 4959 1176 5031 ἐνεργείᾳ
1221 4959 1296 5030 μὴ
1319 4958 1404 5022 ὃν,
1434 4959 1645 5028 γίνεται
1679 4958 1824 5012 κατὰ

243 5053 502 5124 ἀλήθειαν
525 5069 538 5084 ·
569 5053 620 5104 si
668 5051 726 5104 δὲ
761 5052 820 5104 τὸ
850 5050 1106 5122 δεύτερον
1134 5049 1420 5115 ἀδύνατον,
1449 5050 1544 5103 καὶ
1575 5049 1638 5102 τὸ
1675 5049 1826 5118 πρῶ-

244 5163 331 5197 τἰν
367 5147 498 5215 ἄρα.
545 5144 686 5198 Ἀλλ’
735 5146 785 5197 εἰ
838 5145 933 5197 καὶ
959 5143 1021 5197 ὂν
1058 5143 1119 5198 τὸ
1141 5143 1200 5196 ὃν
1228 5144 1290 5196 οὐ
1323 5143 1554 5212 γίνεται,
1587 5142 1726 5195 ἀλλὰ
1763 5141 1823 5194 τὸ

244 5235 464 5289 τοιῶσδε
504 5235 585 5300 ὃν,
628 5237 708 5298 είς
741 5235 804 5288 τὸ
831 5235 1036 5308 ἑτέρως
1068 5235 1294 5288 τοιῶσδε
1339 5231 1499 5298 εἶναι,
1532 5235 1581 5286 εί
1611 5235 1708 5286 καὶ
1733 5271 1737 5275 ς
1759 5233 1821 5286 οὐ

247 5342 383 5380 κατα
411 5327 619 5397 τροπὴν
648 5325 784 5380 ἀλλὰ
807 5325 1117 5398 πρόσληψιν
1151 5324 1493 5396 καινοτέραν,
1527 5324 1822 5392 γεννᾶσθαι

245 5419 467 5472 δυνατόν
487 5435 502 5450 ·
527 5418 648 5472 οὐδὲ
682 5418 794 5486 γὰρ
828 5419 972 5472 κατὰ
1003 5419 1064 5471 τὸ
1088 5417 1222 5470 αὐτό
1253 5433 1338 5480 τις
1381 5417 1511 5486 ὑμῖν
1542 5416 1731 5478 etaim;
1761 5432 1822 5468 τε

248 5503 385 5562 εἷναί
423 5527 473 5563 τι
506 5509 603 5564 καὶ
651 5509 761 5564 ἀπὸ
790 5509 987 5579 χρόνου
1035 5508 1302 5579 ἄρχεσθαι
1330 5509 1578 5578 εἴρηκεν.
1610 5507 1823 5562 Οὐκοῦν

249 5601 303 5655 τί
338 5600 538 5656 κωλύει
599 5602 691 5655 τὸν
741 5605 881 5656 κατὰ
933 5603 991 5656 τὸ
1041 5598 1180 5656 εἶναι
1237 5601 1476 5672 ἄναρχον
1509 5599 1822 5670 νοούμενον,

250 5700 386 5747 κατὰ
415 5694 478 5746 τὸ
522 5691 748 5756 ἀλλοίως
782 5690 948 5756 εἶναι,
983 5695 1148 5762 ἤγουν
1181 5691 1624 5763 σεσςρκωμένον,
1657 5691 1827 5762 ἀρξά-

253 5801 410 5851 μενον
442 5779 600 5847 εἷναις
633 5784 854 5849 ἁὶλοίως
887 5785 993 5856 γὰρ
1021 5783 1159 5838 εἶναι
1202 5785 1386 5847 αὐτόν,
1420 5785 1479 5838 οὐ
1511 5784 1652 5837 κατὰ
1702 5799 1825 5853 τροο

2517 4771 2671 4826 CAP.
2737 4769 2977 4824 XXVI“.

1993 4861 2050 4916 Si
2073 4862 2220 4931 quod
2248 4868 2334 4915 est
2363 4859 2433 4914 ab
2481 4868 2689 4914 artemo
2722 4857 3000 4928 posterius
3037 4853 3281 4926 gignitur
3309 4867 3509 4906 secun-

1921 4955 2054 5009 dum
2079 4951 2394 5015 veritatem,
2430 4949 2577 5020 quod
2635 4949 2864 5004 omnino
2886 4963 2996 5003 non
3025 4955 3131 5007 est.
3175 4946 3226 4998 vi
3266 4960 3364 4999 sua
3400 4959 3511 4998 uou

1921 5046 2232 5108 exsistens,
2277 5045 2337 5098 fit
2353 5043 2563 5113 aliquid
2593 5041 2802 5113 pariter
2855 5039 3162 5096 secundum
3197 5037 3510 5093 veritatem.

1925 5139 1982 5195 Si
2006 5147 2191 5194 autem
2212 5136 2518 5193 secundum
2564 5131 2927 5204 impossibile,
2975 5147 3107 5203 ergo
3138 5138 3195 5186 et
3251 5129 3512 5199 primum.

1921 5232 1994 5286 At
2021 5231 2171 5301 quod
2204 5230 2422 5285 exsistit
2452 5245 2562 5284 non
2601 5227 2674 5282 sit
2710 5225 3025 5290 cxsistens;
3061 5223 3157 5280 sed
3203 5221 3350 5292 quod
3420 5219 3514 5274 tali

1924 5322 2091 5378 modo
2137 5322 2372 5386 exsistit,
2425 5330 2606 5392 potest
2641 5321 2786 5392 gigni
2810 5321 2864 5374 in
2891 5319 3059 5374 alium
3095 5317 3258 5371 talem
3291 5312 3514 5368 modum

1925 5413 2257 5478 exsistendi,
2289 5429 2398 5466 uuu
2453 5412 2678 5482 quidem
2711 5428 2810 5482 per
2857 5409 3217 5466 mutationem
3279 5403 3374 5457 sed
3420 5415 3520 5472 per

1925 5521 2124 5562 novam
2159 5512 2558 5575 acceptionem.
2589 5505 2881 5575 Nunquam
2913 5503 3060 5557 enim
3091 5499 3382 5569 quisquam
3418 5509 3512 5549 vo-

1925 5597 2014 5653 bis
2041 5597 2176 5652 dixit
2213 5597 2356 5649 idem
2389 5606 2765 5664 aeternumque
2783 5595 3048 5647 evsistere
3083 5599 3138 5644 et
3171 5590 3226 5642 in
3273 5595 3520 5656 tempore

1929 5687 2198 5757 incipere.
2249 5687 2392 5756 Ergo
2437 5685 2570 5756 quid
2625 5682 2854 5754 impedit
2909 5681 3041 5750 quin
3085 5678 3178 5747 qui
3213 5674 3518 5746 concipitur

1931 5780 2050 5838 sine
2077 5779 2350 5850 principio
2371 5777 2675 5834 secundum
2707 5789 2865 5830 suum
2892 5789 3033 5840 esse,
3053 5771 3142 5827 ille
3187 5767 3522 5840 principium
