3858 6156
215 241 386 311 169Ἰ

1207 243 1601 310 ADVERSUS
1639 245 2192 308 NESTORIANOS.
2231 272 2278 282 -·
2322 250 2468 312 LIB.
2512 251 2606 312 IV.

3377 251 3520 324 1698

208 347 650 422 καταδεξόμεθα
671 365 684 380 ⁸
722 347 813 402 καὶ
845 347 896 401 τί
923 348 1054 419 ἡμῖν
1089 349 1154 401 ὲκ
1186 348 1339 402 τοῦδε
1401 350 1462 402 τὸ
1525 349 1811 423 ἔγκλημας

1923 351 2214 408 vobiscum
2235 353 2381 406 volvi
2412 353 2833 410 sustinebimus.
2861 353 2928 410 Et
2953 353 3088 426 quid
3124 355 3288 413 nobis
3314 371 3382 415 ex
3409 359 3516 418 hoc

839 521 880 573 K
893 519 1062 572 ΕΦΑΛ
1075 554 1091 570 .
1105 517 1226 574 ΛΒ’.

290 613 380 694 Ἶξδ
398 613 606 668 ἄνωθεν
638 611 1004 681 γεννώμενον.
1039 612 1291 667 τουτέστι
1339 613 1571 686 δευτέρᾳ
1613 619 1822 688 γεννή-

203 720 337 770 σει,
377 706 437 770 ἐξ
472 706 662 770 ὓδατος
687 705 782 758 καὶ
814 703 1148 775 Πνεύματος,
1181 705 1215 776 ῆ
1245 707 1340 760 καὶ
1365 705 1452 760 διὰ
1469 705 1821 772 διδασκαλίας

201 800 527 866 γεννᾶται·
557 797 620 851 τὸ
659 797 730 850 ’δὲ
767 795 941 858 οὕτως
999 796 1364 864 γεννώμενον,
1414 800 1492 862 είς
1547 799 1820 852 υἱοθεσίαν

201 892 492 958 γεννᾶται
515 906 530 920 ο
567 889 628 942 τδ
672 889 727 942 δὲ
778 890 860 952 είς
897 887 1174 942 υἱοθεσίαν
1222 889 1587 960 γεννώμενον,
1622 893 1684 942 ὲκ
1719 890 1820 960 τῆς

203 980 426 1043 οὐσίας
471 981 532 1033 οὐ
588 979 848 1048 γεννᾶται
882 977 978 1032 τοῦ
1011 977 1339 1045 γεννῶντοςο
1372 979 1434 1032 τὸ
1475 980 1682 1034 ἄνωθεν
1711 981 1821 1050 ἄρα

204 1070 604 1140 γεννώμενον,
656 1071 759 1123 οὐκ
809 1071 874 1124 ἐκ
922 1069 1022 1140 τῆς
1055 1069 1244 1132 οὐσίας
1273 1072 1532 1138 γεννᾶται
1575 1072 1670 1125 τοῦ
1698 1090 1824 1141 γεν-

204 1162 461 1227 νῶντος.
493 1163 608 1232 Τὴν
644 1157 740 1216 οὖν
777 1159 988 1216 ἄνωθεν
1038 1161 1313 1232 γέννησιν,
1361 1163 1480 1228 πῶς
1522 1165 1819 1236 ὀνομάζετε

205 1256 400 1324 ήμῖν;
459 1255 508 1307 εί
568 1254 667 1325 μὲν
717 1253 819 1327 τὴν
867 1253 1010 1308 κατά
1063 1253 1250 1319 τόπον,
1285 1254 1362 1320 ώς
1415 1255 1556 1327 ὑπὲρ
1586 1257 1690 1327 γῆς
1729 1257 1820 1310 καὶ

206 1347 363 1411 τοὺς
392 1348 458 1401 ὲκ
481 1347 584 1418 γῆς
604 1346 791 1410 οὖσαν,
811 1349 908 1402 καὶ
937 1345 1128 1411 ἁπλῶς
1155 1347 1231 1411 ὼς
1249 1347 1500 1419 οὐράνιόν
1526 1365 1651 1402 τινα
1683 1350 1817 1402 ταύ-

207 1454 330 1510 την
373 1439 512 1506 ἴστε,
538 1441 625 1494 ἵνα
661 1440 732 1494 τὰ
766 1439 996 1494 πλείστα
1029 1441 1346 1512 σιγήσωμεν
1373 1441 1484 1494 τῶν
1506 1441 1646 1508 πρὸς
1676 1444 1819 1513 ὑμᾶς

207 1529 492 1600 λέγεσθαι
540 1531 882 1602 δυναμένων,
933 1531 1150 1602 ἀνάγκη
1197 1531 1335 1585 διότι
1387 1531 1572 1602 πάσης
1626 1533 1822 1604 έτέρας

207 1623 544 1694 γεννήσεως
578 1623 779 1694 μᾶλλον
809 1625 843 1694 ή
876 1621 970 1676 τοῦ
1003 1623 1179 1692 Λόγου
1230 1623 1294 1676 ἐκ
1343 1625 1558 1698 Πατρὸς
1589 1627 1819 1698 ὑπερουο

208 1713 421 1782 ράνιός
480 1715 598 1768 ἐστι
649 1714 922 1788 γέννησις,
981 1714 1064 1769 ὅτι
1107 1716 1322 1786 αἴρεται
1353 1717 1462 1770 ἀπὸ
1489 1717 1590 1788 τῆς
1625 1719 1730 1789 γῆς
1783 1721 1816 1791 ή
1857 1699 1896 1752 Β

209 1801 344 1874 ζωὴ
413 1802 605 1868 αὐτοῦ,
659 1803 864 1872 ταύτην
917 1804 1153 1875 μάλιστα
1200 1804 1347 1876 ὑμᾶς
1384 1807 1582 1861 ειδέναι
1616 1809 1821 1863 ἄνωθεν

206 1891 398 1949 οὖσαν
425 1895 681 1968 γέννησιν
703 1911 718 1926 ·
751 1895 950 1950 οὐκοῦν
983 1898 1066 1961 είς
1114 1896 1395 1952 υἱοθεσίαν
1425 1899 1520 1952 καὶ
1556 1900 1647 1952 τὸν
1675 1901 1821 1956 κατὰ

208 1985 437 2056 ταύτην
479 1985 824 2058 γεννώμενον
857 1989 1028 2056 ἤγουν
1054 1987 1148 2040 τὸν
1171 1987 1346 2057 Λόγον
1369 1989 1578 2060 γυμνὸν
1605 1991 1818 2060 ἀνάγκη

209 2077 344 2129 ἐστὶ
372 2076 691 2142 δοξάζεσθαι
714 2094 728 2108 ο
765 2079 858 2131 καὶ
879 2079 1032 2131 ἔσται
1062 2071 1239 2145 οὗτος,
1269 2081 1330 2132 ού
1353 2079 1514 2148 φύσει
1543 2081 1670 2146 Tib;
1694 2083 1818 2136 καθ’

211 2167 396 2237 ὑμᾶς,
463 2167 781 2238 όμοιογενὴς
813 2166 939 2230 Tib;
977 2167 1069 2220 καὶ
1110 2167 1283 2236 Λόγος
1329 2169 1426 2223 τοῦ
1477 2171 1722 2242 Πατρός⁶
1758 2174 1820 2228 τὸ

207 2258 273 2312 δὲ
314 2257 588 2328 ἑπόμενον
617 2259 714 2328 τῆς
765 2259 1046 2331 ὑμετέρας
1095 2262 1438 2332 προτάσεως,
1477 2263 1815 2335 σαφέστερόν

212 2348 344 2413 πώς
397 2351 548 2404 ἐστιν
600 2349 1000 2421 ἀσεϐέστερον.
1035 2351 1108 2404 Τὸ
1141 2351 1251 2424 γὰρ
1274 2350 1451 2417 οὕτως
1484 2357 1818 2425 γεγεννημέ-

213 2461 336 2508 νον,
374 2445 496 2498 οὐδὲ
528 2447 592 2498 ὲκ
620 2444 721 2514 τῆς
748 2443 938 2508 οὐσίας
967 2446 1227 2516 τεχθῆναι
1259 2447 1554 2516 συνάγεται
1579 2464 1591 2478 ο
1619 2450 1817 2502 οὐκοῦν

213 2536 349 2590 οὐδὲ
375 2540 441 2590 ἐκ
467 2538 565 2606 τῆς
586 2535 680 2590 τοῦ
713 2536 928 2607 Πατρδς
957 2539 985 2591 ὁ
1015 2537 1143 2600 Υἱός
1181 2537 1304 2592 καθ’
1332 2538 1476 2609 ὑμᾶς
1504 2556 1518 2571 σ
1551 2539 1687 2593 ἀλλὰ
1716 2539 1816 2611 τὴν

227 2629 457 2700 Ἀρείου
487 2629 624 2694 προς
647 2631 714 2699 τῇ
745 2629 990 2699 ὑμετέρᾳ
1025 2629 1327 2701 κακοδοξίᾳ
1357 2629 1658 2700 παράνοιαν
1691 2633 1818 2683 ἐκυ-

221 2718 476 2791 ρώσατε·
506 2720 556 2772 εἰ
589 2719 648 2772 δὲ
680 2719 854 2772 ταῦτα
889 2719 986 2790 μὲν
1008 2718 1180 2781 οὕτως
1204 2719 1305 2772 οὐκ
1331 2718 1642 2790 ἐκδέχεσθε,
1671 2719 1810 2774 ἄνω-

219 2811 318 2864 θεν
339 2811 400 2864 δὲ
423 2810 679 2881 γέννησιν
711 2811 812 2884 τὴν
853 2813 1018 2865 οἱονεὶ
1075 2810 1416 2884 ὲπανὰληψιν
1471 2812 1571 2883 τῆς
1617 2813 1814 2880 γενειή-

219 2917 369 2966 σιως
423 2902 524 2973 τῆς
569 2901 792 2972 πρώτης
827 2903 1030 2968 οἴεσθε,
1066 2901 1282 2956 καὶτοῦ
1316 2901 1484 2956 αὑτοῦ
1517 2903 1814 2973 ὑποκειμέ-

219 3006 320 3044 νου
353 2990 442 3056 δὶς
463 2991 563 3063 τὴν
593 2992 763 3065 αὐτὴν
791 2994 1043 3065 γέννησιν
1069 2996 1136 3066 τῇ
1161 2993 1236 3058 ὡς
1261 2994 1320 3061 ἐξ
1345 2994 1598 3066 ὑπαρχῆς
1631 3010 1813 3064 σημα-

219 3084 320 3158 σίᾳ
362 3083 457 3138 διὰ
505 3084 602 3138 τοῦ
649 3085 858 3140 ἄνωθέν
903 3101 1037 3154 φατε
1059 3100 1072 3114 ·
1100 3085 1194 3139 καὶ
1215 3084 1402 3148 ἅπλῶς
1427 3085 1812 3154 ἀναγέννησιν,

221 3176 258 3246 ἢ
313 3177 418 3230 καὶ
465 3173 727 3248 δευτέραν
755 3176 1031 3246 γέννησιν,
1073 3175 1189 3228 ἴστε
1240 3176 1398 3247 τήνδε
1421 3193 1434 3209 ·
1466 3176 1560 3230 καὶ
1590 3179 1649 3230 έν
1675 3176 1812 3248 τῷδε

219 3267 397 3328 πάλιν
431 3268 623 3341 πόρρω
653 3269 752 3339 τῆς
772 3265 1083 3339 ὀρθοδοξίας
1115 3265 1558 3339 ἀπεπλανήθητε,
1583 3267 1818 3336 ἀναγέν-

221 3381 394 3435 νησιν
422 3363 516 3416 ἐπὶ
552 3359 792 3432 Χριστοῦ
818 3360 1231 3432 παραφέροντες
1277 3361 1370 3415 καὶ
1396 3360 1768 3431 διανοούμενοι
1795 3377 1811 3393 ο

219 3457 460 3512 ἐκείνων
521 3454 633 3524 γὰρ
682 3455 903 3524 λέγεται
953 3453 1334 3526 ἀναγέννησις,
1393 3447 1469 3508 ὧν
1518 3453 1818 3519 παλαίωσίς

218 3565 306 3613 τις
372 3547 477 3602 καὶ
559 3546 729 3620 ῥύπος
788 3547 884 3600 καὶ
961 3545 1116 3610 νόσος
1197 3545 1578 3616 ἐπιγενομένη,
1651 3548 1712 3600 τὸ
1753 3548 1817 3600 lx

219 3637 321 3710 τῆς
379 3635 610 3710 πρώτης
668 3637 978 3707 γεννήσεως
1019 3635 1381 3707 ὑποκείμενον
1428 3635 1599 3691 πάλαι
1666 3653 1726 3689 τε
1756 3634 1818 3690 δν

223 3729 535 3802 ἁμόλυντον
578 3726 912 3800 ἑκιῦδήλωσέ
945 3744 1062 3792 πως
1093 3726 1129 3799 ἢ
1157 3727 1461 3800 διέφθειρεν
1505 3727 1538 3798 ἢ
1570 3727 1817 3798 κατεμὰ·

229 3832 396 3892 ρανεο
417 3835 433 3850 ·
469 3819 660 3889 ὥσπερ
687 3819 822 3888 ήμτν
851 3818 912 3872 τὸ
932 3819 1058 3872 κατ’
1079 3819 1270 3873 είκόνα
1299 3819 1462 3881 Θεοῦ,
1483 3819 1546 3872 rb
1573 3822 1638 3874 ὲκ
1664 3819 1817 3893 πρώ-

227 3925 332 3978 της
373 3907 439 3962 ὃν
473 3909 782 3980 γεννήσεως
807 3909 842 3978 ή
891 3907 1208 3979 παράϐασίς
1237 3923 1297 3961 τε
1331 3909 1364 3978 ή
1395 3907 1587 3982 πρώτη
1623 3910 1719 3964 καὶ
1757 3910 1816 3964 αί

235 4002 698 4074 μεταγενέστεραι
750 3999 861 4054 τῶν
910 3999 1006 4053 ἐπὶ
1045 3999 1115 4054 τὰ
1166 3999 1474 4072 φαυλότερα
1530 4000 1814 4073 προσηλώ-

234 4110 377 4158 σειςο
414 4093 507 4145 τδν
551 4092 608 4146 δὲ
654 4091 788 4145 Θεὸν
819 4091 992 4160 Λόγον
1036 4091 1236 4154 οὐδεὶς,
1263 4091 1385 4146 οὐδὲ
1411 4092 1522 4146 τῶν
1543 4091 1666 4148 λίαν
1685 4092 1814 4147 ἀθέ·

235 4199 411 4254 σμων,
465 4183 687 4251 ἑδόξασε
749 4181 967 4236 πώποτε
1019 4183 1160 4237 κατὰ
1212 4182 1312 4253 τὴν
1369 4181 1594 4255 πρώτην
1648 4181 1815 4239 αὐτοῦ

234 4280 510 4348 γέννησιν,
535 4278 601 4330 εκ
629 4293 772 4339 τινος
795 4275 1128 4348 ἀπροσεξίας
1155 4275 1189 4349 ἢ
1225 4275 1545 4348 ἐπιϐουλῆς,
1571 4278 1798 4332 παλαιω-

1926 443 2220 499 criminis?

2454 537 2607 594 CAP.
2665 537 2881 595 XXXII.

2029 629 2184 696 Quod
2213 630 2506 685 desursum
2541 631 2810 702 gignitur,
2842 633 2899 688 id
2939 641 3025 688 est
3076 636 3319 692 secunda
3349 652 3517 708 gene-

1924 720 2157 786 ratione,
2191 737 2261 776 ex
2283 736 2425 792 aqua
2453 721 2666 778 scilicet
2687 733 2744 780 et
2777 725 3000 795 spiritu,
3028 740 3129 796 per
3160 714 3513 799 disciplinam

1923 811 2187 881 gignitur.
2236 811 2392 880 Quod
2420 821 2604 870 autem
2637 814 2711 871 ita
2761 801 3026 888 gignitur,
3069 817 3124 872 in
3158 819 3512 890 adoptionem

1922 904 2166 974 gignitur
2189 922 2205 969 ;
2251 906 2398 975 quod
2431 915 2618 962 autem
2650 909 2706 963 in
2731 910 3087 980 adoptionem
3112 912 3380 982 gignitur,
3401 929 3513 969 non

1921 995 2168 1066 gignitur
2199 1010 2269 1050 ex
2307 997 2619 1052 substantia
2643 999 2936 1069 gigncmis.
2972 1001 3131 1068 Quod
3155 1018 3288 1075 ergo
3315 1003 3512 1060 desur-

1922 1101 2044 1140 sum
2080 1085 2340 1157 gignitur,
2374 1103 2484 1142 non
2547 1105 2615 1143 ex
2649 1091 2953 1147 substantia
3007 1093 3251 1164 gignitur
3282 1098 3512 1168 gignen-

1924 1179 2012 1232 tis.
2056 1179 2282 1234 --lIanc
2321 1179 2620 1236 desursum
2659 1184 3070 1253 generationem
3102 1190 3380 1257 quomodo
3407 1205 3510 1246 no-

1924 1270 2014 1326 bis
2036 1270 2225 1326 dicitis
2257 1273 2282 1325 τ
2331 1271 2390 1327 Si
2445 1271 2707 1327 localiter
2739 1274 2986 1343 quidem,
3030 1276 3084 1331 id
3126 1289 3212 1333 est
3253 1287 3510 1351 tanquam

1923 1373 2096 1433 super
2121 1372 2327 1418 terram
2380 1372 2526 1418 stea
2583 1379 2706 1434 quae
2744 1364 2813 1420 dc
2858 1374 3007 1421 terra
3053 1377 3202 1432 sunt,
3258 1378 3316 1424 et
3354 1372 3510 1440 quasi

1921 1454 2204 1510 caelestem
2233 1455 2528 1525 quamdam
2558 1456 2888 1527 intelligitis,
2935 1465 2996 1513 ut
3026 1458 3133 1512 alia
3161 1459 3303 1515 bene
3342 1462 3512 1517 multa

1923 1546 2188 1600 sileamus
2223 1561 2345 1616 quae
2375 1545 2665 1601 adversum
2726 1563 2822 1603 vos
2871 1549 2980 1604 diei
3013 1560 3258 1618 possent,
3285 1567 3512 1608 necesse

1921 1649 2008 1692 est
2032 1653 2152 1700 vos.
2196 1638 2326 1708 quia
2357 1639 2481 1708 plus
2513 1655 2677 1710 quam
2703 1642 2911 1711 qmevis
2945 1642 3050 1696 alia
3079 1646 3380 1714 generatio,
3417 1661 3512 1699 su-

1924 1733 2270 1802 peremlestis
2332 1743 2420 1789 est
2479 1737 2763 1806 generatio
2812 1736 2980 1791 Verbi
3019 1753 3086 1792 ex
3139 1737 3332 1804 Patre,
3383 1755 3508 1794 cum

1921 1833 2237 1880 assumatur
2257 1826 2324 1880 de
2350 1834 2495 1882 terra
2526 1827 2636 1882 vita
2671 1821 2810 1898 ejus,
2848 1829 2990 1884 seire
3021 1828 3164 1884 banc
3192 1841 3322 1885 ante
3375 1831 3512 1886 alias

1919 1930 2042 1972 esse
2071 1916 2360 1973 desursum
2410 1920 2845 1991 generationem.
2884 1921 3051 1991 igitur
3077 1922 3131 1976 in
3157 1921 3508 1992 adoptionem

1919 2023 2046 2063 eum
2081 2009 2174 2080 qui
2207 2011 2510 2066 secundum
2546 2011 2690 2066 hanc
2725 2013 2944 2080 genitus
2994 2021 3100 2076 est,
3163 2027 3361 2084 nempe
3395 2029 3514 2068 me-

1922 2116 2043 2155 rum
2071 2101 2335 2166 Verbum,
2367 2117 2593 2158 necesse
2618 2111 2704 2156 est
2731 2103 3038 2159 existimari
3068 2121 3082 2170 ;
3116 2114 3171 2160 et
3194 2105 3322 2169 erit,
3345 2107 3507 2177 juxta

1919 2205 2018 2248 vos
2062 2207 2172 2248 non
2228 2203 2426 2248 natura
2479 2193 2670 2260 Filius,
2721 2193 2812 2248 hic
2861 2194 3180 2264 unigenitus
3231 2196 3403 2252 Filius
3454 2205 3514 2250 et

1920 2282 2161 2338 Verbum
2215 2284 2416 2338 Patris.
2467 2283 2878 2354 Consequentia
2925 2296 3109 2340 autem
3143 2293 3343 2342 vestrae
3375 2301 3510 2356 pro-

1918 2373 2210 2444 positionis
2235 2375 2551 2430 evidentius
2592 2375 2758 2445 impia
2807 2375 2979 2446 magis
3003 2384 3110 2430 est.
3158 2373 3314 2442 Quod
3360 2378 3510 2431 enim

1919 2466 1994 2521 ita
2023 2467 2268 2537 genitum
2292 2477 2396 2532 est,
2432 2467 2791 2522 concluditur
2847 2482 2956 2520 non
2979 2481 3046 2521 ex
3079 2467 3386 2524 substantia
3415 2485 3512 2539 ge-

1918 2559 2094 2612 nitum
2149 2573 2270 2615 esse
2306 2575 2320 2624 ;
2352 2558 2522 2630 igitur
2549 2573 2659 2613 non
2701 2573 2767 2614 ex
2821 2557 3128 2612 substantia
3188 2559 3366 2614 Patris
3423 2558 3514 2615 Fi-

1919 2647 2046 2707 lius.
2080 2648 2237 2718 juxta
2269 2665 2386 2704 vos.
2425 2649 2531 2705 Sed
2563 2648 2680 2704 Arii
2717 2663 2967 2703 errorem
3012 2647 3378 2713 conﬁrmatis,
3412 2647 3511 2702 ad-

1917 2737 2031 2792 dita
2062 2741 2292 2808 insuper
2335 2749 2520 2794 vestra
2547 2754 2718 2804 prava
2762 2737 3038 2793 doctrina.
3071 2737 3127 2793 Si
3163 2747 3347 2793 autem
3390 2737 3512 2796 haec

1920 2830 1994 2885 ita
2045 2845 2304 2886 essenon
2337 2829 2650 2897 admittitis,
2705 2829 3002 2885 desursum
3045 2837 3226 2885 autem
3275 2843 3511 2901 genera-

1921 2922 2126 2976 tionem
2171 2922 2328 2992 quasi
2393 2923 2819 2994 receptationem
2871 2923 3063 2992 prima:
3137 2921 3511 2992 generationis

1919 3013 2181 3080 censetis,
2237 3025 2294 3069 et
2319 3014 2644 3070 dicitisesse
2699 3013 2928 3085 quidem
2952 3013 3188 3086 subjecti
3236 3013 3323 3069 bis
3354 3029 3507 3070 eam-

1919 3105 2044 3160 dem
2070 3107 2484 3178 generationem
2513 3107 2671 3177 quasi
2711 3106 2782 3162 de
2815 3121 2960 3161 novo
2995 3116 3278 3176 acceptam
3315 3107 3512 3162 desur-

1917 3211 2062 3262 sum,
2151 3205 2208 3251 et
2249 3195 2394 3251 hanc
2477 3197 2809 3268 simpliciter
2853 3197 3335 3268 regenerationem
3391 3197 3508 3254 sive

1917 3288 2215 3344 secundam
2255 3289 2669 3360 generationem
2711 3287 3039 3359 iutelligitis.
3074 3287 3131 3342 in
3161 3287 3506 3358 hocquoquc

1915 3382 2128 3451 pariter
2153 3380 2315 3449 longe
2345 3393 2374 3434 a
2396 3387 2545 3434 recta
2574 3378 2828 3433 doctrina
2855 3377 3162 3441 erravistis,
3215 3392 3506 3446 regenera-

1917 3472 2120 3527 tionem
2171 3469 2392 3526 Christo
2431 3469 2569 3525 falsa
2612 3469 2982 3526 attribuentes
3012 3477 3069 3524 et
3112 3471 3402 3539 ﬁngentes.
3427 3469 3504 3524 Ea

1915 3564 2066 3620 enim
2147 3563 2416 3619 dicuntur
2481 3561 2824 3633 regenerari,
2895 3575 3130 3632 quorum
3192 3561 3502 3630 subjectum

1915 3656 2108 3728 primae
2130 3655 2524 3728 generationis,
2579 3653 2728 3724 quod
2759 3652 2938 3709 fuerat
2987 3653 3118 3709 olim
3185 3653 3506 3725 ineoinqui-

1915 3760 2129 3814 natum,
2168 3755 2443 3815 vetustate
2493 3737 2732 3817 quadam
2760 3753 2857 3801 aut
2898 3744 3114 3800 macula
3155 3754 3252 3800 aut
3305 3745 3505 3800 morbo

1914 3847 2238 3910 corruptum
2265 3837 2394 3902 fuit,
2421 3845 2516 3892 aut
2547 3835 2811 3907 deperiit,
2863 3844 2960 3890 aut
3004 3834 3320 3902 emarcuit;
3359 3835 3505 3890 sicut

1913 3945 2017 3986 nos
2045 3929 2113 3986 ad
2147 3929 2441 4002 imaginem
2473 3928 2571 3984 Dei
2600 3928 2775 3983 factos
2795 3943 2863 3982 ex
2904 3925 3082 3996 prima
3115 3923 3350 3996 origine,
3381 3935 3499 3980 tum

1915 4016 2280 4088 transgressio
2316 4016 2514 4088 prima,
2547 4023 2662 4071 tum
2691 4013 3033 4086 posteriores
3063 4011 3132 4069 ad
3161 4014 3368 4090 malum
3398 4027 3495 4068 ae-

1914 4103 2572 4160 cessionesvitiaverunt.
2613 4103 2786 4158 Deum
2810 4101 3056 4158 Verbum
3077 4109 3262 4157 autem
3287 4100 3498 4167 nullus,

1912 4196 2082 4252 etiam
2122 4212 2186 4252 ex
2213 4195 2452 4251 maxime
2498 4195 2708 4266 impiis,
2743 4193 3085 4249 existimavit
3139 4207 3384 4264 nnquatn
3413 4208 3501 4248 se-

1915 4289 2156 4344 cundum
2185 4289 2421 4360 primam
2451 4288 2572 4358 ejus
2626 4286 3061 4358 generationem,
3119 4283 3500 4355 imprudenter

235 4369 398 4424 οέντα
428 4371 496 4439 τῇ
537 4367 806 4441 ἁμαρτίᾳ,
837 4367 934 4422 νῦν
961 4367 1172 4422 δεῖσθαι
1216 4370 1318 4440 τῆς
1346 4369 1806 4440 ἀνακαινιζούσης

1918 4387 2008 4435 aut
2045 4395 2110 4434 ex
2147 4378 2440 4442 industria,
2487 4385 2713 4447 peccato
2771 4384 3104 4442 veteratum,
3148 4389 3298 4430 nunc
3357 4373 3504 4430 indi-

234 4459 397 4516 αὓτδν
449 4460 884 4530 ἀναγεννήσεως,
937 4460 1032 4513 καὶ
1075 4458 1167 4514 διὰ
1209 4460 1371 4513 τοῦτο
1413 4459 1514 4531 τὴν
1555 4459 1814 4532 δευτέραν

235 4553 533 4624 ὑποστῆναι
582 4551 861 4622 γέννησιν.
887 4550 1014 4616 Πῶς
1034 4549 1130 4606 οὖν
1163 4550 1391 4622 μηδενὸς
1429 4552 1811 4624 ἀναγέννησιν,

234 4643 408 4698 είτουν
435 4643 643 4700 ἄνωθεν
669 4643 944 4714 γέννησιν,
967 4644 1064 4698 ἰπὶ
1084 4641 1274 4696 τοῦτον
1301 4642 1554 4712 λέγοντος
1573 4643 1606 4716 ἢ
1629 4643 1814 4698 νοοῦνο

233 4753 343 4800 τος,
373 4736 511 4791 ἀλλὰ
539 4735 640 4806 τὴν
669 4735 924 4806 γέννησιν
945 4734 1112 4790 αὐτοῦ
1141 4734 1240 4805 τὴν
1265 4733 1522 4809 δευτέραν
1553 4735 1693 4807 μετὰ
1713 4737 1812 4804 τῆς

235 4827 474 4902 πρώτης,
501 4829 718 4885 πάντων
742 4826 907 4881 ὁσίων
957 4825 1386 4898 ὁμολογούντων,
1432 4826 1532 4898 τὴν
1579 4827 1810 4894 ἀναγέν-

232 4938 384 4994 νησιν
445 4922 567 4976 ἀντὶ
635 4921 944 4992 γεννήσεως
1001 4917 1252 4990 ἀληθοῦς,
1304 4917 1562 4988 δευτέρας
1599 4933 1661 4970 τε
1707 4918 1809 4988 τήν

230 5011 403 5077 τάξιν,
430 5015 524 5068 ἐπὶ
551 5011 644 5067 τὸν
675 5011 809 5065 Θιδν
833 5010 1007 5080 Λόγον
1047 5007 1414 5080 μετηγάγετε,
1445 5007 1534 5062 ἵνα
1555 5008 1808 5062 έντεῦθεν

229 5103 358 5172 ἡμῖν
421 5101 485 5156 rb
533 5098 727 5156 δοκοῦν
771 5101 902 5171 ὑμῖν
973 5095 1398 5168 συλλογίσησθες
1426 5098 1548 5156 Ἔτι
1601 5098 1805 5167 μέντοι,

226 5194 341 5247 οὐδὲ
387 5195 572 5250 ἐκεῖνο
619 5193 736 5256 πῶς
785 5193 914 5264 ὑμῖν
963 5191 1111 5259 εδοξε
1139 5191 1478 5262 νενοήκαμεν
1518 5190 1579 5244 τὸ
1607 5191 1671 5242 ἐκ
1709 5189 1805 5244 τοῦ

227 5285 550 5357 Πνεύματος
581 5285 946 5358 γεννώμενον,
981 5284 1056 5356 μὴ
1091 5284 1155 5338 ἐκ
1183 5285 1284 5355 τῆς
1329 5282 1520 5346 οὐσίας
1560 5280 1800 5336 οἴεσθαι·

222 5379 406 5451 ἡγὰρ
454 5381 532 5446 ὡς
556 5381 808 5450 ἐνέργεια
847 5381 928 5444 είς
973 5379 1130 5446 ξύλον
1178 5377 1245 5430 ὲκ
1290 5374 1394 5446 τῆς
1447 5377 1665 5444 φύσεως
1707 5376 1802 5430 τοῦ

219 5473 477 5534 τέκτονός
517 5475 687 5535 ἐστιν,
716 5471 750 5542 ῆ
777 5473 855 5534 ὡς
901 5471 1014 5542 πῦρ
1060 5473 1124 5524 ὲκ
1147 5469 1317 5540 πυρὸς
1339 5471 1396 5523 έν
1422 5467 1566 5539 ξύλῳ
1599 5468 1663 5520 ὲκ
1701 5468 1803 5537 τῆς

213 5562 409 5630 οὐσίας
433 5564 695 5634 ὑπάρχει.
725 5563 870 5617 Ἀλλ’
909 5565 958 5616 εί
998 5562 1096 5633 μὲν
1133 5561 1272 5615 κατὰ
1297 5560 1356 5613 τὸ
1378 5561 1614 5631 πρῶτον,
1644 5561 1802 5630 δῆλον

1915 4486 2042 4543 gere
2067 4478 2370 4526 renovante
2394 4469 2548 4524 illum
2607 4466 3049 4538 regeneratione,
3079 4475 3374 4537 etpropter
3392 4465 3498 4522 hoc

1913 4561 2151 4616 subiisse
2179 4559 2481 4616 secundam
2511 4559 2950 4632 generationem.
2981 4555 3270 4625 Quomodo
3306 4559 3495 4630 igitur,

1912 4667 2038 4708 cum
2069 4667 2235 4708 nemo
2267 4651 2746 4724 regenerationem
2778 4665 2878 4707 seu
2923 4649 3214 4705 desursum
3266 4663 3498 4719 genera-

1911 4747 2118 4802 tionem
2140 4744 2244 4814 ipsi
2270 4742 2540 4798 attribuat
2566 4757 2670 4799 nec
2693 4741 2986 4814 intelligat,
3005 4753 3200 4795 omnes
3223 4753 3358 4794 vero
3375 4754 3500 4794 san-

1911 4839 1984 4896 cti
2017 4836 2432 4910 generationem
2463 4836 2585 4908 ejus
2616 4833 2916 4892 secundam
2945 4841 3072 4904 post
3099 4833 3335 4902 primam
3367 4844 3500 4886 eoa.

1910 4929 2196 4996 ﬁteantur,
2221 4942 2320 4984 vos
2341 4929 2821 4999 regenerationem
2845 4939 2950 4996 pro
2969 4939 3100 4980 vera
3117 4923 3498 4996 generatione,

1908 5020 2109 5078 ordine
2151 5018 2415 5085 secunda,
2467 5018 2526 5074 in
2565 5019 2740 5076 Deum
2780 5017 3022 5074 Verbum
3078 5015 3406 5083 induxistis,
3443 5025 3502 5070 ut

1909 5114 2040 5171 inde
2063 5111 2228 5170 nobis
2247 5119 2433 5168 vestra
2460 5111 2666 5184 placita
2713 5108 3013 5166 inferatis!
3043 5108 3244 5166 Adhuc
3291 5118 3498 5174 tamen,
3520 5149 3530 5164 .

1906 5216 2043 5266 non,
2070 5207 2133 5254 ut
2154 5197 2316 5258 vobis
2360 5197 2591 5268 placuit,
2628 5194 3004 5252 intelleximus
3050 5193 3221 5262 illud,
3253 5194 3401 5265 quod
3431 5207 3500 5247 ex

1907 5289 2104 5361 spiritu
2133 5287 2402 5360 gignitur,
2428 5303 2542 5343 non
2571 5288 2788 5344 censeri
2808 5301 2877 5343 ex
2896 5285 3202 5342 substantia
3226 5285 3496 5357 genitum;

1905 5396 2106 5451 nempe
2144 5380 2259 5436 sive
2321 5379 2607 5450 quomodo
2632 5379 2720 5438 vis
2762 5387 2934 5438 estex
2957 5379 3188 5436 artiﬁcis
3222 5384 3419 5432 natura
3441 5367 3500 5435 in

1904 5473 2139 5544 lignum,
2193 5471 2310 5526 sive
2371 5473 2656 5544 quomodo
2699 5474 2841 5546 ignis
2891 5489 2958 5528 ex
2995 5474 3118 5542 igne
3150 5470 3206 5524 in
3253 5469 3401 5539 ligno
3429 5481 3502 5522 ex

1904 5561 2211 5618 substantia
2243 5560 2432 5619 adest.
2472 5563 2578 5620 Sed
2603 5565 2648 5620 si
2696 5565 2872 5636 prius,
2923 5572 3072 5633 patet
3104 5561 3216 5615 vim
3267 5559 3499 5616 artiﬁcis

223 5656 578 5730 δτιὶνεργεϊν
601 5671 655 5708 τι
683 5655 745 5708 τὸ
779 5653 1039 5725 γεννηθὲν
1077 5653 1267 5725 ὥσπερ
1292 5651 1411 5706 ούδὲ
1465 5653 1497 5722 ή
1544 5652 1800 5724 ἐνέργεια

1918 5671 2014 5710 ton
2046 5666 2207 5725 posse
2243 5667 2420 5724 agere
2481 5657 2538 5712 in
2587 5667 2912 5731 generatum
2946 5655 3091 5710 sicut
3127 5668 3232 5709 nec
3264 5652 3381 5724 ipsa
3412 5651 3502 5710 vis
