3852 6134
391 114 528 180 1699

1667 109 1975 170 LEONTII
2015 107 2152 170 BYZ
2170 108 2425 169 \NTINI

3555 103 3693 166 Ῑῗξῖεῡ

385 239 511 297 qua:
537 231 621 278 est
644 222 697 277 in
731 222 898 293 ligno.
954 221 1010 278 Si
1046 221 1346 292 posterius,
1380 221 1550 290 liquet
1587 221 1698 274 vim
1748 221 1891 292 ignis
1918 228 1973 274 et

2094 219 2212 292 ιῦτη
2257 221 2291 290 ἡ
2351 208 2409 272 ἐν
2445 215 2524 290 τῷ
2549 216 2714 291 ξύὶῳ,
2738 217 2802 270 τὰ
2845 215 2938 269 rei
2967 215 3220 280 τέκτονος
3242 216 3307 266 οὐ
3337 214 3656 284 δυνήσεται
3675 233 3690 246 ·

385 316 568 386 ignem
597 313 650 366 in
679 311 827 383 ligno
849 321 1170 383 generatum
1199 325 1361 380 posse
1387 325 1570 381 agere.
1601 309 1656 366 Si
1687 311 1964 364 autemila

385 405 707 476 est,genito
739 403 881 458 facta
923 413 1010 458 est
1060 401 1414 471 participatio
1467 401 1794 457 substantia:
1853 415 1974 470 quae

387 497 521 552 illud
555 495 791 568 genuit;
841 495 944 548 hoc
979 493 1128 549 enim
1171 494 1506 549 testiﬁcatur
1555 496 1676 565 ejus
1705 495 1975 550 naturalis

388 589 474 642 vis
529 601 652 657 qua:
689 586 940 654 sequitur
973 583 1246 655 genitum.
1274 584 1330 638 Si
1357 593 1542 638 autem
1569 581 1711 638 facta
1737 592 1822 660 est
1847 599 1972 653 par-

389 677 640 748 ticipatio
675 676 1020 740 substantiae,
1053 675 1100 729 si
1135 674 1420 746 generatio
1467 691 1578 728 non
1632 683 1716 729 est
1744 691 1811 728 ex
1841 674 1973 728 sub-

389 769 588 821 stantia
617 764 714 820 sed
737 781 802 819 ex
824 765 875 819 vi
907 765 1142 836 alicujus
1172 779 1283 819 non
1313 764 1689 830 subsistentis,
1723 764 1973 834 quaedam

391 871 502 910 non
545 855 906 910 subsistentia
970 855 1410 910 dominabuntur
1477 855 1866 918 substantiam,
1918 865 1976 910 et

391 957 556 1004 erunt
574 963 738 1004 causa
766 947 1226 1011 substantiarum,
1261 946 1413 1016 quod
1437 955 1525 1002 est
1549 946 1911 1016 impossibile.

962 1163 1114 1220 CAP.
1156 1159 1404 1217 XXXIII.

467 1281 524 1336 Si
573 1277 798 1350 proprie
865 1286 922 1333 et
967 1291 1096 1331 vere
1140 1275 1361 1347 genitus
1403 1285 1490 1330 est
1528 1276 1678 1331 Deus
1728 1275 1973 1332 Verbum

395 1389 428 1430 e
455 1373 704 1442 Virgine,
737 1380 794 1424 et
816 1380 906 1426 est
956 1369 1050 1424 illa
1095 1367 1386 1429 absimilis,
1415 1377 1473 1422 et
1501 1366 1726 1438 proprie
1755 1375 1814 1422 et
1844 1381 1976 1422 vere

395 1464 618 1536 genitus
655 1471 742 1518 est
770 1461 914 1516 idem
941 1461 1189 1540 e.Patre,
1217 1460 1352 1528 quid
1384 1460 1646 1530 prohibet
1671 1461 1825 1514 illum
1852 1473 1975 1514 esse

2074 315 2123 367 εί
2163 312 2220 365 δὲ
2252 309 2395 366 κατὰ
2423 309 2484 362 τὸ
2515 309 2790 378 δεύτερον.
2833 308 3002 376 σαφὲς
3037 308 3120 360 ὅτι
3150 309 3436 374 ἐνεργεῖν
3485 306 3556 358 τὰ
3601 305 3690 359 τσῦ

2074 403 2245 474 πυρδς
2280 403 2377 456 καὶ
2399 401 2462 454 τὸ
2487 399 2747 468 γεννηθὲν
2779 400 2835 451 ὲν
2864 397 2942 467 τῷ
2968 397 3110 468 ξύλῳ
3147 397 3291 468 πῦρ,
3333 397 3491 466 δυνὴ
3509 413 3659 449 ςετατ
3677 412 3690 425 ·

2075 496 2124 548 εί
2159 495 2215 548 δὲ
2255 493 2435 558 τοῦτο,
2477 491 2779 562 μετάληψις
2819 490 3008 559 γέγονε
3041 489 3141 559 τῆς
3180 487 3490 556 τεκούσης
3531 488 3695 540 abab,

2073 585 2258 648 οὐσίας
2285 585 2362 656 τῷ
2393 582 2737 652 γεννηθέντι·
2775 581 2936 634 τοῦτο
2967 580 3073 651 γὰρ
3117 581 3420 652 μαρτυρεῖ
3463 578 3693 648 ﬁnitast.

2074 679 2317 750 ἑπομένη
2346 679 2438 732 καὶ
2479 674 2638 747 τῷδε,
2673 674 2878 745 ταύτης
2907 676 2937 744 ἡ
2974 675 3179 744 φυσικὴ
3210 675 3523 744 ἐνέργεια.
3557 673 3698 726 ειεξ

2080 767 2380 842 μετάληψις
2413 767 2634 834 γέγονεν
2681 765 2889 828 οὐσίας,
2925 767 2974 816 εί
3022 763 3096 834 μὴ
3142 766 3210 816 ὲκ
3271 765 3390 832 τῆς
3437 762 3696 830 οὐσίαςή

2076 861 2351 930 γέννησις,
2383 857 2498 910 ἀλλ’
2534 856 2594 920 ἐξ
2623 855 2902 924 ἐνεργείας
2931 851 3208 913 ἁνουσίου,
3255 849 3434 903 ἔσται
3460 850 3698 902 ἀτμούς-ια

2076 947 2529 1020 κατακρατοῦντα
2574 947 2675 1017 τῆς
2725 945 2934 1008 οὐσίας,
2967 943 3062 996 καὶ
3087 941 3298 996 οὐσιῶν
3325 943 3522 1006 αἴτια,
3557 943 3698 1010 ὅπερ

2075 1040 2356 1095 ἀδύνατον.

2659 1144 2910 1198 ΚΕΦᾹΔ.
2945 1144 3064 1198 AI".

2146 1264 2209 1317 Ei
2241 1261 2444 1334 κυρίως
2501 1260 2598 1314 καὶ
2649 1260 2794 1313 κατὰ
2845 1259 3100 1330 ἀλήθειαν
3137 1257 3430 1328 ἐγεννήθη
3476 1261 3511 1312 6
3563 1257 3691 1322 θεὴ

2075 1355 2247 1424 Λόγος
2281 1355 2346 1406 ἐκ
2377 1353 2475 1422 τῆς
2503 1351 2807 1422 Παρθένου,
2839 1352 2934 1404 καὶ
2987 1352 3136 1406 ἐστιν
3187 1350 3342 1421 αὕτη
3399 1353 3690 1418 ἀνόμοιος,

2076 1445 2172 1498 καὶ
2203 1443 2407 1514 κυρίως
2444 1442 2538 1495 καὶ
2567 1441 2710 1494 κατὰ
2738 1439 2995 1510 ἀλήθειαν
3030 1441 3304 1510 ἐγεννήθη
3340 1443 3376 1494 ὁ
3429 1443 3613 1504 αὐτὴ
3637 1447 3694 1492 ἐι

397 1555 564 1611 etiam
612 1553 756 1609 Patri
804 1533 1145 1612 absimilem,
1174 1564 1355 1619 neque
1393 1548 1851 1620 generationibus
1885 1563 1975 1602 se-

2094 1535 2312 1605 ῑΙατρδς,
2335 1534 2388 1586 τί
2411 1531 2609 1587 κωλύει
2630 1525 2940 1585 εἷναιαύτὸν
2961 1533 3055 1586 καὶ
3079 1531 3159 1602 τῷ
3183 1533 3376 1604 ηατρὶ
3401 1533 3693 1602 ἀνόμοιον.

397 1647 643 1702 cundum
666 1644 908 1714 speciem
935 1642 1345 1706 dilicrentibus,
1372 1657 1552 1711 neque
1577 1641 1763 1712 genito
1781 1639 1978 1695 simul?

402 1735 619 1791 Etenim
668 1734 715 1788 si
751 1733 932 1802 reipsa
963 1733 1350 1802 generationes
1383 1732 1689 1788 secundum
1734 1731 1976 1802 speciem

401 1841 512 1881 non
555 1824 839 1889 ditTernnt,
890 1832 946 1879 et
997 1825 1244 1879 totalitas
1275 1825 1447 1895 geniti
1495 1824 1692 1879 eodem
1725 1823 1890 1877 modo
1919 1837 1979 1877 se

403 1919 568 1974 habet
614 1917 669 1972 in
701 1926 934 1986 utraque
969 1917 1346 1986 generatione,
1386 1916 1496 1970 vim
1535 1916 1703 1971 habet
1731 1924 1977 1968 vestrum

400 2015 786 2079 argumentum
823 2023 836 2057 :
869 2021 996 2061 cum
1029 2006 1154 2060 talis
1178 2007 1251 2062 sit
1273 2007 1692 2077 generationum
1721 2006 1981 2060 diﬂ‘eren—

401 2099 500 2162 tia,
544 2104 604 2151 ut
651 2112 758 2151 una
805 2105 1013 2150 αξιοι-ιω
1057 2095 1422 2166 intelligatur,
1456 2094 1631 2149 altera
1659 2109 1791 2148 vero
1823 2095 1978 2164 prin-

401 2187 608 2258 cipium
653 2186 895 2251 habens;
933 2200 1044 2239 una
1078 2184 1464 2254 incorporalis,
1496 2185 1667 2239 altera
1703 2193 1888 2238 autem
1923 2183 1979 2237 in

403 2294 667 2349 corpore;
709 2292 818 2332 una
856 2277 977 2332 sine
1001 2276 1348 2338 extensione.
1389 2277 1563 2332 altera
1616 2292 1748 2330 vero
1790 2285 1982 2330 exten-

403 2369 618 2426 sionem
657 2369 902 2434 habens;
937 2383 1050 2422 uno
1075 2367 1246 2422 verbo
1273 2369 1392 2424 haec
1431 2369 1570 2423 meri
1617 2377 1674 2423 ct
1715 2367 1983 2438 simplicis

407 2461 591 2523 Verbi,
632 2461 723 2516 illa
754 2468 937 2515 autem
989 2457 1199 2514 Christi
1245 2459 1538 2528 compositi
1572 2473 1728 2524 esse;
1781 2469 1838 2514 et
1869 2458 1984 2514 haec

405 2552 628 2622 quidem
672 2551 791 2606 sine
824 2551 1156 2620 gestatione,
1206 2551 1296 2604 illa
1346 2562 1528 2606 autem
1559 2566 1626 2605 ex
1651 2551 1978 2621 gestatione,

404 2643 638 2712 aliisque
693 2642 844 2695 mille
876 2640 1428 2696 dissimilitudiuibus
1471 2641 1812 2705 diﬂerentes,
1849 2655 1984 2710 quo-

409 2732 596 2796 modo,
619 2731 810 2797 dicite,
840 2746 1048 2802 quaeso,
1084 2730 1415 2786 conc-luditis
1454 2729 1508 2784 in
1556 2741 1790 2800 utraque
1822 2746 1984 2800 gene-

408 2821 690 2878 rationum
733 2821 983 2892 ejusdem
1016 2819 1185 2875 unius
1217 2818 1314 2872 lilii
1357 2834 1389 2874 a
1412 2818 1733 2888 parentibus
1761 2819 1984 2874 absimi-

407 2914 699 2972 litudinem
755 2923 1069 2970 secuturam
1133 2912 1290 2975 fore,
1342 2910 1499 2981 quasi
1565 2909 1810 2982 ejusdem
1869 2909 1982 2966 sint

408 3006 614 3078 speciei
665 3005 814 3061 illius
860 3003 1285 3076 generationes?
1315 3003 1412 3058 sed
1454 3003 1509 3058 in
1542 3018 1653 3074 quo
1686 3017 1756 3058 ne
1791 3002 1978 3058 oﬂ‘en-

409 3099 553 3154 datis
597 3113 709 3153 non
755 3097 1001 3162 cavistis,
1043 3095 1178 3153 illud
1215 3096 1435 3160 discite,
1475 3111 1510 3152 ο
1543 3096 1670 3161 viri,
1710 3095 1982 3166 siquidem

411 3203 520 3245 non
571 3204 786 3259 semper
834 3175 1216 3244 contradicere
1262 3189 1448 3244 vultis.
1499 3187 1802 3258 Loquendo
1834 3188 1982 3242 enim

413 3281 634 3352 proprie
667 3289 724 3336 et
760 3295 888 3336 vere
937 3280 1007 3336 de
1057 3287 1292 3350 utraque
1343 3279 1725 3352 generatione,
1776 3279 1984 3350 putatis

411 3372 662 3428 eamdem
692 3387 814 3428 esse
848 3387 1010 3426 unam
1043 3387 1108 3426 ac
1147 3371 1398 3434 alteram,
1443 3379 1500 3425 et
1543 3370 1752 3426 similes
1796 3369 1984 3425 ambas

414 3462 808 3535 generationes.
850 3462 1132 3533 accipitis;
1189 3477 1302 3517 non
1347 3469 1640 3517 cernentes
1693 3473 1984 3532 utramque

415 3553 641 3624 proprie
689 3562 744 3608 et
790 3568 918 3608 vere
962 3552 1263 3608 secundum
1300 3567 1456 3608 suam
1501 3552 1676 3622 ipsius
1715 3553 1981 3608 rationem

414 3660 557 3711 esse,
601 3660 780 3714 neque
811 3644 1115 3700 secundum
1145 3643 1376 3701 alterius
1425 3645 1717 3700 rationem.
1747 3645 1804 3700 Si
1837 3644 1982 3698 enim

415 3737 600 3793 omnia
637 3737 837 3792 similia
871 3736 1162 3806 cogitanda
1209 3737 1316 3792 sint
1345 3737 1414 3793 de
1448 3737 1650 3808 quibus
1686 3726 1905 3806 proprie
1929 3744 1987 3790 et

417 3845 544 3886 vere
589 3830 941 3900 pradicatur,
985 3839 1204 3900 oportet
1252 3846 1371 3896 vos,
1415 3846 1542 3884 eum
1593 3829 1732 3899 lapis
1765 3828 1985 3898 proprie

415 3929 476 3977 et
503 3937 634 3978 vere
679 3937 879 3992 corpus
911 3937 1033 3978 esse
1061 3922 1286 3989 dicitur,
1315 3933 1372 3978 et
1396 3923 1476 3978 sol
1515 3923 1738 3994 proprie
1775 3932 1832 3977 et
1859 3935 1986 3975 vere

416 4029 624 4084 corpus
653 4029 776 4070 esse
817 4013 1042 4082 dicitur,
1086 4024 1143 4070 et
1185 4015 1330 4070 Deus
1367 4013 1729 4086 incorporalis
1764 4013 1988 4085 proprie

415 4115 476 4165 Bt
517 4120 645 4180 vere
677 4105 901 4172 dicitur,
957 4105 1166 4162 similes
1205 4105 1409 4161 habere
1439 4104 1698 4176 lapidem,
1733 4104 1903 4158 solem
1933 4113 1989 4158 et

2081 1625 2334 1698 μήτετῶν
2356 1626 2660 1696 γεννήσεων
2685 1625 2802 1677 κατ’
2827 1619 2962 1690 εἶδος
2989 1624 3545 1694 παραλλαττουσῶν,
3559 1626 3695 1696 μήτε

2077 1719 2171 1772 τοῦ
2195 1717 2537 1789 γεννωμένου
2561 1714 2848 1784 καθάπαξς
2879 1717 2989 1771 Καὶ
3031 1717 3139 1789 γὰρ
3190 1718 3242 1770 εί
3272 1719 3386 1788 μὲν
3423 1718 3614 1780 ὅντως
3642 1721 3698 1770 αξ

2078 1815 2359 1881 γεννήσεις
2375 1811 2496 1864 κατ’
2524 1805 2664 1874 εἶδος
2694 1809 2756 1863 οὐ
2785 1809 3181 1880 παρήλλαττον,
3211 1811 3314 1864 καὶ
3335 1811 3408 1862 τὶ
3443 1809 3581 1862 ὅλον
3602 1808 3695 1862 τσῦ

2079 1905 2420 1976 γεννήματος
2462 1901 2724 1966 ὡσαύτως
2787 1897 2934 1974 εἶχεν
2984 1905 3042 1956 ὲν
3096 1903 3350 1972 ἑκατέρᾳ
3398 1905 3694 1974 γεννήσει,

2083 1999 2238 2068 ἰσχὺν
2270 1992 2416 2068 εἶχεν
2452 1994 2519 2050 ἂν
2561 1995 2690 2065 ὑμῖν
2721 1994 2782 2052 τὸ
2813 1994 3173 2065 ἐπιχείρημα.
3207 1993 3459 2064 Ἐπειδὴ
3497 1995 3568 2046 δὲ
3603 2011 3692 2044 το-

2083 2087 2254 2157 σαύτη
2284 2086 2392 2140 τῶν
2415 2087 2726 2156 γεννήσεων
2755 2087 2788 2156 ή
2839 2085 3094 2156 διαφορὰ,
3133 2084 3212 2147 ὡς
3239 2085 3343 2154 τὴν
3379 2086 3490 2152 μὲν
3517 2085 3696 2136 ἁῖδιον

2081 2179 2340 2245 νοεῖσθαι,
2405 2180 2506 2248 τὴν
2541 2177 2597 2232 δὲ
2628 2177 2970 2248 ἀρχομένην
3017 2177 3113 2230 καὶ
3144 2177 3248 2246 τὴν
3287 2178 3400 2246 μὲν
3455 2177 3694 2246 ἀσωμά-

2080 2289 2210 2336 τως,
2238 2270 2338 2341 τὴν
2365 2269 2422 2323 δὲ
2443 2273 2501 2323 ὲν
2529 2268 2742 2338 σώματι
2759 2285 2773 2301 ⁸
2799 2271 2894 2323 καὶ
2928 2268 3027 2338 τὴν
3053 2267 3151 2338 μὶν
3180 2268 3574 2331 ἀδιαστάτως,
3599 2273 3688 2338 τήν

2111 2362 2457 2426 ὲδιαστατῷς
2479 2378 2494 2394 ο
2532 2362 2628 2416 καὶ
2659 2361 2847 2425 ἁπλῶς
2875 2362 2974 2432 τὴν
3005 2361 3104 2432 μὲν
3126 2359 3223 2414 τοῦ
3242 2361 3440 2430 Λόγου
3473 2361 3687 2432 γυμηῦ

2083 2454 2178 2506 καὶ
2204 2453 2401 2518 ἁπλοῦ,
2431 2453 2529 2525 τὴν
2561 2453 2618 2506 δὲ
2654 2451 2892 2524 Χριστοῦ
2921 2451 3012 2505 τοῦ
3039 2451 3302 2505 συνθέτου
3338 2452 3526 2506 οὖσαν
3551 2472 3566 2484 ·
3596 2454 3686 2505 καὶ

2081 2547 2182 2616 τὴν
2215 2547 2314 2618 μὲν
2351 2547 2626 2618 ἁκυήτως,
2672 2549 2772 2614 τὴν
2797 2546 2852 2599 δὲ
2876 2545 2966 2599 διὰ
2997 2547 3250 2617 κυήσεως
3279 2540 3462 2610 εἶναι,
3503 2547 3686 2608 53.19:;

2083 2655 2141 2692 τε
2168 2639 2385 2710 μυρίοις
2417 2637 2828 2708 ἁπαραόλήτοις
2853 2637 3260 2706 διενηνοχότων,
3292 2637 3446 2704 πῶς,
3466 2639 3681 2708 λέγεπ,

2087 2731 2350 2798 συνάγετε
2403 2731 2492 2782 ἐπὶ
2541 2730 2812 2801 ἑκατέρας
2853 2731 2960 2784 τῶν
2991 2735 3301 2800 γεννήσεων
3341 2731 3448 2786 τοῦ
3509 2733 3682 2786 αὑτοῦ

2086 2823 2204 2886 ἐνὸς
2233 2821 2364 2874 Tim":
2398 2820 2459 2876 τὸ
2487 2821 2624 2894 πρὸς
2652 2823 2780 2886 τοὺς
2830 2823 3088 2886 τεκόντας
3127 2823 3394 2894 ἀνόμοιον
3437 2825 3681 2896 ὀφείλειν

2009 2888 2051 2944 c
2083 2913 2334 2980 ἔπεσθαι,
2369 2914 2445 2978 ὡς
2473 2915 2734 2985 ὁμοειδῶν
2767 2915 2943 2968 οὐσῶν
2967 2913 3078 2968 τῶν
3098 2915 3291 2968 τούτου
3322 2921 3678 2989 γεννήσεωνς

2081 3002 2199 3056 ἀλλ’
2227 3005 2285 3056 ὲν
2304 2997 2349 3072 ᾧ
2377 3003 2805 3074 προσπταίοντες
2827 3005 2927 3058 οὐκ
2955 3006 3344 3070 ὲπισκέπτετε,
3373 3003 3678 3078 μάθετε,ὧ

2082 3087 2250 3161 οὗτοι,
2281 3095 2400 3164 εἴγε
2435 3097 2511 3166 μὴ
2558 3095 2647 3149 ἀεὶ
2677 3101 3046 3168 γνωσιμαχεῐν
3100 3099 3388 3168 βούλεσθε.
3426 3101 3524 3172 Τῷ
3574 3103 3677 3173 γὰρ

2083 3185 2288 3256 κυρίως
2327 3187 2420 3241 καὶ
2449 3186 2590 3241 κατὰ
2638 3187 2896 3258 ἀλήθειαν
2931 3189 3200 3260 ἑκατέραν
3221 3190 3496 3259 λέγεσθαι
3551 3196 3676 3263 γέν-

2083 3294 2259 3348 νησιν,
2289 3276 2466 3332 οῐεσθε
2507 3279 2605 3350 τήν
2637 3281 2808 3350 αὐτὴν
2861 3275 3003 3334 εἷναι
3036 3280 3274 3351 θατέραν
3309 3283 3556 3357 θατέρᾳς
3586 3288 3676 3340 καὶ

2083 3369 2346 3440 ὁμοειδεῖς
2407 3371 2574 3442 ἄμφω
2621 3370 2720 3436 τὰς
2767 3374 3050 3444 γεννήσεις
3103 3374 3569 3446 ὑπολαμϐάνετε·
3616 3381 3674 3431 οὐ

2086 3461 2414 3526 σκοποῦντες
2433 3462 2516 3516 ὅτι
2545 3463 2626 3526 εις
2648 3462 2738 3516 τὸν
2767 3463 2969 3534 ἑαυτῆς
2993 3465 3151 3534 λόγον
3181 3465 3426 3538 ἑκατέρα
3460 3470 3674 3540 κυρίως

2085 3557 2202 3610 tot).
2235 3553 2330 3609 καὶ
2359 3554 2500 3608 κατὰ
2530 3553 2808 3626 ἀλήθειαν,
2837 3557 2932 3612 καὶ
2960 3556 3062 3611 οὐκ
3089 3559 3170 3622 είς
3195 3559 3292 3612 τὴν
3317 3561 3424 3630 τῆς
3447 3562 3674 3632 ἑτέρας.

2085 3649 2148 3702 Et
2178 3649 2286 3720 γὰρ
2323 3649 2502 3704 πάντα
2543 3649 2760 3721 ὁμοειδῆ
2791 3651 3074 3721 νομιστέον
3113 3646 3194 3717 οἷς
3221 3653 3286 3707 τὸ
3308 3654 3528 3722 κυρίως
3583 3657 3678 3710 καὶ

2087 3741 2226 3794 κατὰ
2247 3741 2502 3812 ἀλήθειαν
2523 3743 3002 3814 ἐπιμαρτυρεὴαι,
3032 3744 3156 3798 δέον
3185 3747 3333 3816 ὑμᾶς
3353 3747 3487 3800 ἐπεὶ
3512 3749 3546 3801 6
3592 3747 3674 3800 λί-

2087 3831 2175 3892 θος
2193 3831 2397 3902 κυρίως
2424 3832 2518 3886 καὶ
2573 3833 2712 3886 κατὰ
2736 3833 2998 3905 ἀλήθειαν
3039 3835 3201 3907 σῶμα
3227 3833 3374 3890 εἶναι
3427 3839 3672 3908 λέγεται.

2088 3923 2182 3976 καὶ
2202 3924 2232 3976 ὁ
2255 3923 2406 3994 ἣλιος
2429 3922 2488 3976 δὲ
2517 3925 2720 3994 κυρίως
2749 3925 2842 3979 καί⁵
2881 3926 3024 3981 κατὰ
3044 3927 3308 4000 ἀλήθειαν
3335 3930 3510 4000 σῶμα
3531 3925 3674 3984 εἶναι

2087 4012 2328 4083 λέγεται,
2379 4015 2525 4070 καὶὸ
2551 4017 2682 4080 Θεὸς
2715 4017 3009 4088 ἀσώματος
3043 4020 3247 4091 κυρίως
3297 4039 3356 4073 τε
3386 4025 3493 4076 καὶ
3533 4025 3673 4077 uti

2088 4105 2347 4176 ἀλήθειαν
2371 4105 2610 4175 λέγεται,
2642 4109 2860 4180 ὁμοειδῆ
2891 4110 3134 4180 νομίζειν
3164 4111 3258 4165 τόν
3287 4127 3349 4164 τε
3383 4111 3546 4168 λίθον
3577 4114 3676 4168 καὶ

417 4197 612 4255 Deum.
637 4197 848 4254 Pariter
873 4214 1090 4269 quoque
1119 4197 1398 4253 hominem
1434 4204 1492 4252 et
1535 4211 1748 4260 ranam,
1777 4195 1981 4250 anima-

2094 4197 2181 4250 τὸν
2200 4197 2350 4268 ἥλιον
2381 4197 2477 4252 καὶ
2504 4199 2594 4253 τδν
2625 4198 2758 4252 Θεὸν
2777 4216 2793 4231 °
2824 4201 3028 4270 ὁμοίως
3053 4201 3116 4255 δὲ
3141 4201 3440 4274 ἄνθρωπόν
3469 4221 3534 4258 τε
3581 4207 3674 4258 καὶ

413 4291 492 4346 lia
526 4289 750 4361 proprie
796 4299 854 4346 et
902 4307 1034 4346 vere
1083 4305 1207 4346 eum
1249 4290 1362 4346 sint
1405 4299 1456 4344 et
1497 4289 1756 4343 dicantur
1800 4285 1984 4350 ambo,

412 4392 476 4438 et
523 4397 743 4452 aquam,
795 4381 1095 4438 inanimata
1147 4398 1278 4438 vere
1329 4396 1454 4436 eum
1507 4381 1746 4444 dicatur,
1789 4374 1988 4432 similia

422 4483 604 4530 tamen
637 4472 915 4529 censenda
951 4488 1103 4534 esse;
1150 4473 1349 4528 coelum
1379 4485 1601 4540 quoque
1649 4479 1706 4525 et
1735 4483 1987 4540 granum,

415 4575 478 4623 et
514 4565 723 4637 reliqua
755 4565 941 4621 omnia
976 4565 1125 4620 entia
1149 4563 1350 4618 eodem
1391 4561 1864 4628 modo,exsulante
1892 4575 1992 4630 per

420 4673 520 4714 vos
545 4659 698 4714 omni
724 4656 1180 4714 absimilitudine.
1214 4653 1442 4723 PrOprie
1473 4652 1748 4724 loquendo
1775 4651 1992 4722 proprie

417 4759 478 4805 et
525 4766 656 4806 vere
704 4759 810 4812 est,
857 4748 992 4805 illud
1031 4745 1179 4818 quod
1221 4755 1326 4812 est,
1372 4745 1504 4802 licet
1543 4745 1740 4800 eodem
1772 4743 1992 4798 nomine

421 4851 520 4896 aut
565 4841 696 4907 alio,
729 4850 895 4912 atque
931 4848 1038 4905 est,
1093 4837 1431 4894 nominetur.

985 4952 1137 5008 CAP.
1186 4951 1426 5007 XXXIV.
1481 4999 1486 5007 .

403 5079 410 5089 '
495 5061 553 5118 Si
615 5062 761 5118 Deus
807 5062 1047 5118 Verbum
1097 5078 1229 5116 vere
1283 5061 1502 5132 genitus
1547 5067 1632 5114 est
1677 5075 1710 5114 e
1753 5057 1994 5127 Virgine,

421 5153 713 5224 dumisque
763 5155 1046 5231 generatio
1094 5168 1204 5207 non
1265 5151 1568 5216 auferatur,
1631 5149 1748 5204 sive
1811 5148 1996 5220 genito

411 5231 544 5304 esse
580 5243 815 5312 dederit,
847 5243 962 5299 sive
1009 5258 1120 5298 non
1153 5241 1390 5304 dederit.
1425 5241 1650 5312 aequalis
1695 5239 1996 5296 secundum

424 5335 789 5392 substantiam
823 5333 1056 5406 genitori
1089 5336 1310 5404 genitus
1355 5335 1614 5400 habetur,
1647 5332 1734 5390 vel
1785 5333 1877 5387 illo
1919 5333 2000 5388 in-

423 5427 595 5483 ferier
625 5447 638 5486 :
676 5427 905 5498 aequalis
956 5425 1203 5498 quidem,
1249 5436 1438 5497 utpote
1471 5427 1662 5498 genuit
1695 5426 1914 5498 genitor
1941 5424 1998 5480 in

421 5532 522 5576 sua
565 5518 774 5590 forma;
809 5528 863 5576 et
913 5519 970 5574 in
1003 5517 1224 5577 Christo
1272 5519 1420 5575 enim
1468 5518 1596 5574 Jesu
1635 5532 1734 5592 per
1754 5517 1998 5588 Evange-

2093 4289 2362 4361 βάτραχον
2381 4303 2397 4320 ⁶
2421 4290 2537 4355 ζῶά
2562 4307 2621 4344 τε
2642 4291 2772 4346 ὁντα
2798 4291 2892 4346 καὶ
2917 4293 3119 4364 κυρίως
3138 4294 3396 4348 καὶκατὰ
3412 4296 3676 4364 ἀλήθειαν

2091 4381 2352 4452 ἑκάτερον
2379 4380 2654 4451 λεγόμενα
2677 4397 2692 4413 ·
2727 4383 2823 4436 καὶ
2847 4380 2908 4434 τὸ
2932 4380 3079 4454 ὕδωρ
3121 4383 3298 4448 ἄζωον
3327 4384 3562 4455 ἀληθῶς
3587 4387 3672 4438 λε-

2091 4473 2342 4542 γόμενον,
2361 4472 2584 4544 ὁμοειδῆ
2617 4471 2928 4544 νομιστέον
2959 4473 3187 4546 οὐρανρν
3205 4491 3264 4528 τε
3305 4476 3402 4528 καὶ
3438 4476 3674 4546 κέγχρον

2093 4564 2189 4618 καὶ⁹
2205 4565 2272 4617 τὰ
2285 4563 2448 4618 λοιπὰ
2474 4563 2652 4623 πάντα
2672 4564 2780 4618 τῶν
2795 4565 2964 4619 ὄντων
2985 4565 3266 4629 ὡσαύτως,
3289 4567 3675 4638 ἑξορισθείεης

2094 4655 2223 4722 ὑμῖν
2245 4653 2425 4724 πάσης
2457 4655 2860 4726 ἀνομοιότητος
2887 4655 2965 4726 τῷ
3002 4656 3118 4724 ἰδίῳ
3155 4655 3300 4726 λόγῳ
3320 4658 3539 4726 κυρίως
3566 4658 3676 4710 ἐστὶ

2093 4745 2346 4799 καὶκατὰ
2383 4745 2662 4816 ἀλήθειαν,
2687 4747 2848 4800 τοῦτο
2879 4748 3016 4814 ὅπερ
3045 4750 3182 4812 ἐστὶ,
3222 4748 3326 4802 κᾶν
3359 4747 3676 4818 ὁμωνύμως

2097 4837 2225 4890 ποτὲ
2253 4837 2344 4891 καί⁵
2367 4839 2456 4892 ἐπὶ
2473 4839 2661 4908 ἐτέρου
2681 4839 2740 4891 τὸ
2759 4839 2908 4892 τοῦδε
2932 4839 3124 4909 ὄνομα,
3149 4840 3224 4903 ὡς
3241 4838 3426 4903 ὄντος,
3444 4839 3675 4910 λέγοιτο.

2674 4950 2928 5004 ΚΕΦΔΛ.
2951 4951 3088 5016 Δεῖν.

2169 5064 2232 5118 Et
2253 5065 2282 5117 6
2311 5065 2442 5128 Θεὸς
2463 5067 2632 5134 Λόγος
2662 5062 2925 5134 ἐγεννήθη
2967 5061 3108 5116 κατὰ
3135 5060 3397 5132 ἀλήθειαν
3456 5064 3526 5118 ἐκ
3587 5064 3680 5135 τῆς

2101 5153 2401 5224 Παρθένου,
2457 5154 2604 5206 πᾶσα
2627 5153 2683 5206 δὲ
2703 5153 2957 5224 γέννησις
2993 5150 3070 5222 μὴ
3094 5153 3402 5223 ψεγομένη,
3448 5153 3488 5226 ἦ
3521 5173 3584 5208 τε
3628 5155 3685 5208 τὸ

2099 5239 2238 5298 εἶναι
2267 5243 2488 5298 διδοῦσα
2507 5243 2582 5316 τῷ
2609 5245 2933 5315 τικτομένῳ,
2971 5244 3065 5296 καὶ
3093 5245 3126 5313 ἡ
3163 5244 3240 5314 μὴ
3265 5243 3520 5312 διδοῦσα,
3577 5249 3686 5302 ἴσον

2100 5339 2219 5390 κατ’
2261 5335 2452 5412 οὐσίαν
2494 5337 2588 5389 τοῦ
2634 5336 2932 5404 γεννῶντος
2969 5337 3081 5406 ἔχει
3132 5337 3194 5389 τὺ
3242 5336 3684 5410 γεννιῖιμενον,ἦ

2101 5427 2354 5482 ἔλαττον·
2389 5427 2500 5482 ἴσον
2531 5428 2650 5498 μὲν,
2682 5427 2756 5492 ὡς
2804 5429 2882 5494 τδ,
2918 5429 3171 5496 ἐγέννησε
3218 5428 3365 5482 κατὰ
3405 5429 3515 5504 τὴν
3551 5432 3685 5486 ἰδέαν

2104 5516 2266 5574 αὑτοῦ
2290 5535 2302 5549 ·
2332 5518 2424 5572 καὶ
2450 5518 2578 5590 γὰρ,
2617 5517 2707 5572 Ἐν
2725 5517 2948 5593 Χριστῷ
2987 5517 3160 5588 Ἰησοῦ
3187 5518 3276 5574 διὰ
3313 5519 3412 5575 τοῦ
3444 5523 3684 5593 Εύαγγεο
