3852 6134
177 179 321 248 1701
369 190 375 198 “

1137 181 1533 243 ADVERSUS
1572 183 2120 244 NESTORIANOS.
2153 184 2388 245 -LIB.
2435 185 2532 246 IV.

3311 177 3448 244 1702

173 294 303 347 λίου
340 288 452 358 ἐγὼ
485 288 629 360 ὑμᾶς
664 286 922 357 ἐγέννησα
951 297 964 318 ⁴
995 285 1216 341 ἔλαττον
1257 289 1336 354 δὲ,
1363 291 1436 352 ὡς
1468 291 1502 360 ή
1539 290 1648 343 τῶν
1676 309 1764 344 πι-

1875 292 2002 346 Iium
2053 293 2264 348 dictum
2314 303 2420 358 est,
2454 309 2556 364 ego
2602 308 2700 347 vos
2745 291 2908 362 genui
2943 307 2956 346 :
2992 289 3171 346 minor
3207 307 3360 351 vero.
3386 301 3449 347 ut

178 381 334 436 στῶν
361 383 424 434 ὲκ
453 378 590 433 Θεοῦ
611 377 865 449 γέννησις
887 394 902 409 θ
931 381 1178 448 κρεῖττον
1204 379 1261 432 δὲ
1283 379 1512 448 οὐδεμία
1540 396 1552 408 ·
1585 381 1617 450 ἦ
1652 380 1764 444 tm;

177 470 297 539 ἄρα
323 467 442 522 κατ’
480 467 670 520 οὐσίαν
699 469 727 520 ὁ
769 466 902 530 Θεὸς
935 467 1032 536 τῆς
1085 467 1384 537 Παρθένου,
1417 469 1450 538 ἢ
1491 469 1762 523 ἐλάττων·

179 559 303 612 ἀλλ’
325 559 558 627 ἑκάτερα
582 557 813 628 δυσσεϐῆ
831 572 845 586 °
871 559 970 610 οὐκ
995 559 1103 628 ἄρα
1138 559 1166 609 ὁ
1187 559 1318 622 Θεὸς
1349 560 1489 614 κατᾶ
1508 561 1766 630 ἀλήθειαν

179 651 454 721 ἐγεννήθη
489 651 554 702 ἐκ
585 653 687 720 τῆς
715 649 1010 721 Παρθένου.
1059 650 1301 720 Ἀληθῶς
1341 653 1437 722 μὲν
1465 655 1614 708 πᾶσα
1643 654 1768 722 γέν-

179 760 344 813 νησις
381 743 454 812 μὴ
506 741 807 812 ψεγομένη,
857 742 918 794 τὸ
973 741 1149 812 {aevi}
1189 739 1351 816 ἦττον
1382 745 1624 799 δείκνυσι
1672 747 1764 800 τοῦ

177 837 542 908 γεννηθέντος
571 837 706 908 πρὸς
727 836 818 889 τὸν
839 838 1374 906 γεννήσαντα.Ἀλλ⁹,
1404 833 1450 893 ὦ
1469 840 1563 892 τοῦ
1592 858 1766 910 μεγα-

177 929 332 984 λείου
362 929 460 999 τῆς
490 927 640 992 θείας
681 929 990 999 οἰκονομίας
1030 929 1368 1001 ἀναίσθητοι,
1401 936 1652 984 σκοπεῖτε
1693 931 1768 995 di;

178 1022 348 1077 τοῦτο
379 1022 491 1091 ἔχει
508 1021 656 1074 πᾶσα
687 1022 961 1091 γέννησις.
995 1023 1057 1075 οὐ
1106 1025 1269 1092 μόνον
1297 1025 1330 1095 ή
1359 1023 1434 1094 μὴ
1464 1023 1764 1094 ψεξομένη,

95 1109 101 1113 ’
180 1113 327 1166 am
373 1109 505 1183 μηδὲ
541 1111 932 1182 θαυμαζομένη
991 1114 1066 1175 ὼς
1103 1114 1438 1186 παράδοξοςο
1471 1117 1563 1168 ἐπὶ
1593 1117 1648 1169 δὲ
1674 1117 1767 1169 τοῦ

179 1204 285 1273 τῆς
304 1202 614 1271 οἰκονομίαις
637 1203 972 1273 θεοπρεποῦς
990 1205 1162 1273 Λόγου
1181 1205 1359 1268 (τοῦτο
1380 1205 1487 1274 γὰρ
1507 1205 1592 1274 δὴ,
1611 1205 1768 1258 τοῦτό

181 1293 389 1347 ἔστιτὸ
417 1293 694 1360 ὑπερφυὲς
720 1293 817 1362 τῆς
848 1293 1186 1364 ἀγαθότητος
1221 1295 1546 1365 μυστήριον,
1573 1296 1668 1347 καὶ
1707 1293 1769 1346 το

180 1388 288 1458 τῆς
316 1386 464 1448 θείας
495 1385 905 1456 φιλανθρωπίας
921 1385 1270 1458 τεκμήριον),
1288 1387 1371 1440 ὅτι
1401 1389 1429 1440 ὁ
1454 1387 1633 1456 πάσης
1653 1387 1771 1439 κτί-

185 1474 332 1538 σεως
355 1476 588 1544 Ποιητής
617 1473 710 1526 καὶ
734 1474 996 1536 παντοίας
1017 1476 1320 1545 γεννήσεως,
1354 1476 1526 1537 αίτιος
1552 1475 1646 1528 καὶ
1665 1475 1766 1527 πάι

186 1585 296 1636 σης
327 1567 539 1635 φύσεως
561 1565 841 1634 Δεσπότης
864 1567 958 1618 καὶ
979 1565 1040 1618 τὸ
1065 1567 1439 1636 ὑπερκόσμιον
1457 1567 1551 1620 τοῦ
1568 1567 1769 1630 παντὸς

1871 397 1930 437 se
1957 383 2130 438 habet
2159 399 2227 438 ex
2263 384 2375 438 Deo
2409 382 2652 438 fidelium
2699 381 3020 453 generatio:
3055 380 3252 436 melior
3296 381 3448 436 nulla

1871 481 1978 538 est,
2009 475 2236 544 :equaiis
2271 489 2402 543 ergo
2447 473 2750 528 secundum
2803 472 3166 528 substantiam
3197 472 3344 529 Deus
3371 481 3454 528 est

1873 564 2108 634 Virgini,
2163 575 2257 619 aut
2295 564 2560 629 inferior;
2603 563 2696 618 sed
2739 575 3040 634 utrumque
3079 562 3307 632 impiqu
3342 571 3449 626 est,

1873 671 1982 709 non
2035 656 2204 727 igitur
2250 657 2397 710 Deus
2427 672 2556 710 vere
2590 655 2810 726 genitus
2855 663 2939 710 est
2975 671 3005 709 e
3035 653 3282 724 Virgine.
3313 654 3452 709 Vere

1873 747 2096 823 quidem
2133 747 2314 802 omnis
2351 748 2636 818 generatio
2693 763 2801 801 non
2858 747 3038 802 ablata
3082 745 3454 816 aequalitatem

1872 847 1969 894 aut
2020 838 2445 894 inferioritatcm
2495 838 2739 894 ostendit
2793 839 2962 908 geniti
3013 838 3078 892 ad
3127 837 3452 907 genitorem,

1873 929 1993 992 sed,
2045 945 2078 982 ο
2129 929 2528 998 magnitudinis
2565 928 2965 983 incarnationis
3000 927 3200 983 divina:
3242 927 3454 997 ignari!

1875 1021 2102 1076 cernitis
2124 1021 2406 1092 quomodo
2438 1021 2543 1074 hoc
2567 1019 2766 1074 habeat
2799 1022 2978 1076 oiimis
3007 1020 3310 1091 generatio,
3347 1035 3456 1073 non

1874 1112 2050 1166 solum
2105 1128 2228 1181 qme
2265 1127 2376 1166 non
2425 1109 2696 1173 aufertur,
2753 1109 2846 1164 sed
2892 1125 3014 1178 quze
3069 1124 3178 1163 non
3231 1118 3292 1162 ut
3331 1125 3458 1178 pro-

1875 1203 2082 1274 digium
2117 1203 2440 1258 admiranda
2479 1201 2591 1256 sit:
2625 1201 2720 1256 sed
2753 1200 2808 1254 in
2842 1199 3031 1254 divina
3064 1199 3458 1254 incarnationis

1876 1295 2112 1360 ratione,
2142 1293 2276 1349 illud
2311 1303 2394 1348 est
2427 1293 2573 1346 enim
2609 1291 2715 1346 hoc
2741 1289 3163 1360 supernaturale
3195 1288 3461 1342 bonitatis

1876 1386 2230 1457 mysterium,
2281 1391 2338 1438 et
2387 1383 2588 1437 divinae
2637 1381 2924 1436 charitatis
2975 1381 3262 1444 indicium,
3309 1379 3456 1451 quod

1875 1477 2054 1533 omnis
2097 1487 2366 1532 creatura:
2406 1482 2623 1538 auctor,
2670 1481 2726 1527 et
2775 1473 3050 1528 universa:
3089 1472 3462 1544 generationis

1877 1569 2232 1641 principium,
2279 1578 2335 1623 et
2365 1569 2544 1622 omnis
2590 1576 2800 1622 natura:
2851 1567 3134 1628 dominus,
3189 1581 3256 1618 eo
3287 1565 3460 1636 major

185 1657 402 1728 κόσμου
432 1657 654 1727 κράτος,
687 1657 942 1724 γέννησιν
970 1656 1329 1723 κατεδέξατο*
1362 1657 1455 1710 καὶ
1484 1657 1689 1726 ταύτην
1705 1658 1769 1710 ἐκ

1875 1661 2079 1716 mundo
2123 1661 2313 1716 mundi
2343 1661 2513 1715 totius
2545 1660 2878 1726 dominator,
2911 1659 3326 1730 generationem
3355 1674 3450 1710 ae-

186 1749 408 1819 φὺοεως
438 1751 706 1818 ἐπικήρου
758 1747 855 1800 καὶ
886 1745 1132 1820 φθαρτῆς
1187 1747 1284 1802 καὶ
1325 1750 1732 1820 εὐεπηρεάστου
1757 1765 1770 1780 ·

183 1840 258 1894 δι’
306 1842 454 1912 ἡμᾶς
493 1857 552 1894 τε
603 1839 918 1910 ὲπτὼχευσε
956 1839 1208 1904 πλούσιος
1235 1838 1332 1902 ὣν,
1392 1840 1478 1894 ἵνα
1507 1843 1669 1913 ἡμεῖς
1703 1844 1771 1914 τῇ

182 1934 214 1988 ι
235 1935 400 1986 ξείνου
435 1932 679 2004 πτωχείᾳ
708 1933 1122 2002 πλουτήσωμεν.
1159 1933 1218 1985 Εἰ
1243 1929 1338 1987 οὖν
1355 1933 1524 1998 ὅντως
1555 1936 1774 1989 καὶτῶν

190 2022 272 2092 μὴ
310 2023 743 2092 θαυμαζομένων
783 2018 852 2092 ἧν
885 2023 1214 2092 γεννήσεων,
1268 2020 1441 2086 οὕτως
1493 2022 1637 2094 ἔχειν
1664 2025 1773 2078 ἔδει

187 2117 289 2170 καὶ
317 2115 474 2186 τήνδε
531 2117 632 2186 τὴν
664 2115 919 2185 γέννησιν
969 2113 1046 2186 μὴ
1091 2111 1439 2184 ψεγομένηνο
1489 2115 1542 2168 εί
1571 2113 1630 2168 δὲ
1678 2115 1774 2169 καὶ⁵

189 2206 572 2276 θαυμάζεσθαι
590 2207 717 2272 ἔδει,
745 2208 959 2276 ἀνάγκη
987 2206 1138 2276 παρὰ
1161 2205 1261 2276 τὴν
1297 2206 1501 2279 συνήθη
1518 2207 1776 2280 γέννησιν

186 2298 416 2352 πάντων
455 2297 600 2368 ἔχειν
630 2297 802 2368 αὐτὴν
835 2315 909 2362 τι,
944 2298 1064 2350 ἐπεὶ
1085 2298 1206 2351 οὐδὲ
1239 2297 1359 2350 θεία
1384 2298 1506 2351 τότε
1539 2300 1604 2354 ἂν
1646 2300 1776 2370 ὑμῖν

186 2390 435 2459 ἀμογητὶ
460 2388 834 2461 δειχθήσεται·
865 2391 916 2443 εἰ
949 2389 1006 2444 δὲ
1031 2389 1132 2456 δεῖ,
1157 2391 1222 2443 ἐκ
1242 2389 1352 2443 τῶν
1383 2389 1612 2460 καθόλου
1648 2393 1744 2446 συλ
1761 2423 1775 2434 -

185 2479 469 2549 λογιστέον
491 2481 619 2552 ὑμῖν
648 2483 737 2534 καὶ
760 2481 870 2536 τῶν
899 2483 1075 2548 πάντη
1101 2481 1304 2552 ὁμοίων
1333 2481 1464 2551 ἄρα,
1493 2476 1539 2536 ὧ
1571 2483 1727 2554 σοφοί
1752 2485 1765 2538 !

187 2567 346 2620 πᾶσα
373 2562 466 2620 οἶν
493 2568 747 2638 γέννησις
801 2569 1002 2639 ὁμοίως
1053 2572 1182 2640 τῇδε
1220 2569 1644 2643 θαυμαζομένηο
1680 2573 1776 2626 καὶ

185 2658 318 2728 τῇδε
369 2659 602 2722 ἐοικυῖα,
638 2659 721 2711 ὃτι
761 2658 1007 2730 χεῖρονῆ
1045 2661 1162 2714 ῐεον
1211 2661 1326 2731 ἔχει
1367 2661 1427 2714 τὸ
1475 2662 1666 2732 τεχθὲν
1695 2661 1776 2732 τῷ

185 2748 424 2812 τεκόντι,
459 2747 619 2802 τοῦτο
638 2748 874 2814 δείξατε.
903 2750 996 2812 Τίς
1043 2751 1100 2804 δὲ
1126 2751 1281 2822 ὑμῶν
1307 2751 1367 2805 οὐ
1389 2751 1650 2824 δακρύσει
1676 2755 1776 2823 τὴν

187 2839 496 2908 τύφλωσινς
519 2841 599 2893 ὅτι
618 2840 686 2893 δι’
705 2833 779 2895 ὧν
801 2841 970 2912 ἐχρῆν
994 2841 1317 2897 πιστοῦσθαι
1347 2829 1472 2914 περὶ
1501 2844 1595 2896 τοῦ
1629 2844 1774 2898 θείου

189 2928 391 3000 Τόκου,
432 2931 602 3002 ήγουν
632 2935 696 2984 ἐκ
727 2933 838 2985 τῶν
868 2933 1188 3004 παραδόξων
1217 2933 1310 2988 καὶ
1343 2934 1636 3005 ὑπερφυῶν
1678 2937 1775 2990 καὶ

189 3023 343 3092 παρᾶ
364 3022 460 3094 τὴν
481 3023 771 3093 συνήθειαν
789 3023 984 3090 λόγων,
1003 3023 1090 3076 διὰ
1107 3023 1310 3076 τούτων
1331 3025 1772 3088 κατασκευάζειν

193 3115 474 3181 σπεύδετε,
515 3117 596 3168 ὅτι
646 3115 706 3167 οὗ
751 3112 884 3166 Θεοῦ
937 3115 1086 3167 ἐστιν
1128 3115 1162 3184 ή
1199 3115 1475 3184 γέννησις,
1515 3115 1639 3168 ἐπεὶ
1696 3117 1772 3186 μὴ

195 3205 392 3275 ὁμοίως
421 3203 534 3272 εχει
555 3205 675 3265 ταῖς
693 3201 960 3274 φθαρταῖς
983 3201 1140 3272 ήμῶν
1177 3203 1272 3256 καὶ
1304 3204 1564 3270 φυσικαῖς
1585 3209 1776 3274 γεννή-

195 3312 364 3360 σεσιν,
399 3295 474 3358 ὡς
505 3293 628 3348 καθ’
660 3292 805 3364 ὑμᾶς
829 3295 880 3346 εί
907 3295 1159 3364 γεννήσει
1184 3295 1252 3364 τῇ
1281 3293 1406 3348 καθ’
1445 3295 1592 3365 ὑμᾶς
1621 3296 1776 3364 ἐγεν-

194 3385 350 3457 νήθη,
379 3387 500 3439 τότε
531 3384 597 3440 ἂν
627 3381 770 3439 εἶναι
800 3384 1118 3450 ἀξιόπιστον
1151 3384 1212 3438 τὸ
1245 3385 1387 3458 ὑπὲρ
1425 3389 1576 3456 ἡμᾶς
1614 3389 1776 3443 αὐτὸν

192 3471 330 3530 εἶναι
354 3475 444 3531 τόν
469 3477 730 3547 τεχθέντα
751 3493 766 3508 ·
799 3479 848 3530 εί
881 3477 939 3530 δὲ
971 3477 1106 3547 μηδὲ
1164 3477 1308 3542 τότε,
1361 3480 1526 3534 πόθεν
1552 3481 1660 3536 ἔδει
1687 3499 1776 3535 πι-

193 3565 398 3621 στῶσαι
427 3569 575 3637 ἡμᾶς
617 3569 710 3621 τὸν
744 3567 878 3622 Θεὸν
914 3570 1046 3638 περὶ
1070 3567 1172 3636 τῆς
1221 3569 1421 3624 ἑαυτοῦ
1467 3571 1776 3643 γεννήσεως

190 3657 376 3726 τῆσδε,
407 3661 633 3714 εἴπατεο
665 3659 824 3731 εἴπερ
869 3660 1005 3732 μηδὲ
1026 3664 1091 3714 ἐκ
1112 3660 1222 3715 τῶν
1279 3661 1402 3716 καθ’
1433 3663 1602 3734 ἡμᾶς,
1635 3663 1773 3736 μηδὲ

191 3750 256 3804 ἐκ
279 3752 388 3804 τῶν
415 3751 557 3823 ὑπὲρ
587 3753 756 3824 ἡμᾶς,
779 3747 825 3806 ὦ
847 3745 1030 3808 οὗτοιί

191 3843 478 3899 neratione
528 3845 872 3916 loquentem,
937 3845 1106 3900 dicite
1148 3864 1161 3900 :

192 3939 286 3996 illa
329 3938 421 4006 sit,
456 3954 490 3994 ο
519 3939 784 3996 insensati
809 3941 822 3996 ι

771 4032 1024 4089 ΚΕΦΑΛ.
1055 4033 1180 4089 ΛΕ’.

256 4122 321 4176 Et
349 4123 377 4176 ὁ
400 4124 560 4188 τόκος
591 4125 655 4176 ἐκ
677 4123 785 4178 τῶν
815 4125 992 4196 πάντη
1020 4125 1219 4196 ὁμοίων
1241 4125 1514 4198 ἀληθινὸς,
1544 4127 1605 4191 ὃς
1637 4129 1762 4182 κατ’

189 4214 373 4269 οὐσίαν
424 4216 624 4270 τίκτων
672 4217 836 4288 ὅμοια
860 4216 969 4272 τῶν
994 4219 1288 4274 τικτόντων
1329 4220 1474 4274 κατὰ
1505 4221 1764 4292 ἀλήθειάν

1875 1753 2116 1824 ceperit;
2166 1763 2224 1810 et
2282 1755 2439 1808 istam
2487 1769 2518 1809 ε
2555 1754 2786 1816 caduca,
2839 1759 3100 1822 corrupta
3153 1759 3211 1804 et
3246 1749 3456 1818 perdita

1875 1854 2111 1913 natura;
2139 1855 2362 1916 propter
2387 1861 2486 1900 nos
2509 1861 2718 1916 egenus
2739 1844 2916 1898 factus
2940 1850 3024 1898 est
3049 1842 3140 1912 qui
3171 1841 3326 1896 dives
3351 1850 3455 1905 est,

1877 1947 1938 1994 ut
1980 1954 2079 1993 nos
2127 1938 2430 2010 indigentia
2479 1939 2599 2008 ejus
2641 1939 2888 1993 ditemur
2924 1955 2937 1991 :
2971 1936 3018 1992 si
3064 1937 3234 2007 igitur
3279 1937 3459 2004 reipsa

1873 2047 1986 2086 non
2017 2030 2162 2086 foret
2187 2047 2254 2086 ex
2279 2031 2620 2086 admirandis
2655 2029 3132 2102 generationibus,
3160 2029 3232 2082 ita
3267 2025 3456 2082 haberi

1875 2124 2168 2194 oportebat
2221 2123 2405 2179 hmcce
2444 2123 2727 2194 generatio
2779 2138 2890 2176 non
2933 2122 3114 2176 ablata
3167 2139 3182 2174 :
3228 2120 3275 2176 si
3329 2137 3460 2175 vero

1875 2217 2199 2273 admiranda
2226 2218 2318 2276 sit.
2353 2231 2580 2271 necesse
2615 2224 2698 2270 est
2731 2215 2878 2270 illam
2911 2229 2977 2268 ex
3023 2213 3182 2267 solita
3210 2212 3458 2265 omnium

1875 2309 2234 2380 generatione
2283 2307 2494 2378 aliquid
2554 2307 2782 2370 habere,
2823 2305 3099 2376 siquidem
3150 2303 3334 2358 divina
3370 2318 3462 2373 ge-

1877 2401 2090 2455 neratio
2129 2410 2260 2455 tunc
2308 2399 2468 2454 nobis
2510 2413 2618 2453 non
2662 2397 2919 2468 expedite
2961 2396 3368 2451 ostenderetur.
3401 2391 3460 2449 Si

1875 2503 2060 2547 autem
2087 2507 2312 2546 neecsse
2335 2501 2438 2554 est,
2464 2507 2530 2545 ex
2555 2489 2790 2546 assuetis
2818 2487 3274 2560 generationibus
3303 2485 3460 2539 vobis

1875 2581 2372 2652 argumentandqu
2397 2591 2483 2636 est
2516 2591 2572 2635 et
2607 2581 2835 2634 omnino
2861 2578 3154 2640 similibus,
3185 2593 3219 2632 o
3247 2576 3462 2646 sapien-

1877 2683 1980 2728 tes.
2012 2673 2204 2728 Omnis
2240 2673 2406 2744 igitur
2435 2674 2718 2743 generatio
2745 2672 2912 2742 hujus
2945 2677 3013 2724 ad
3044 2669 3240 2735 instar,
3270 2668 3462 2722 admi-

1877 2763 2071 2828 randa,
2091 2771 2149 2818 et
2171 2765 2300 2819 huic
2323 2765 2612 2834 aequanda,
2637 2765 2782 2834 quod
2816 2763 3043 2819 inferius
3065 2772 3160 2818 aut
3177 2763 3463 2832 aequaliter

1876 2869 1936 2908 se
1973 2853 2140 2909 habet
2165 2855 2384 2925 genitus
2412 2854 2478 2910 ad
2517 2855 2843 2924 genitorem,
2878 2853 2984 2909 hoc
3007 2852 3304 2908 ostendite.
3329 2851 3463 2920 Quis

1877 2960 2012 2998 vero
2038 2953 2278 2998 vestram
2309 2961 2418 3000 non
2449 2945 2763 3014 deploraret
2797 2944 3138 3000 czecitatem?
3170 2943 3316 3014 quod
3342 2957 3465 3014 qua:

1879 3034 2171 3103 oportebat
2213 3035 2362 3090 credi
2407 3035 2476 3089 de
2521 3035 2712 3090 divino
2749 3045 2874 3090 ortu
2906 3035 2976 3090 ob
3007 3033 3308 3105 stu-pendas
3333 3042 3464 3104 puta

1875 3133 1934 3180 ct
1977 3126 2432 3210 supernaturales
2503 3136 2560 3181 et
2627 3137 2827 3197 prater
2899 3135 3182 3180 assuetum
3235 3125 3462 3179 modum

1876 3215 2139 3279 rationes,
2191 3231 2290 3286 per
2337 3215 2453 3270 lube
2493 3216 2783 3270 instituere
2819 3213 3120 3277 conamini,
3167 3213 3314 3282 quod
3350 3228 3464 3268 non

1875 3305 1972 3362 Dei
2009 3306 2080 3361 sit
2101 3308 2408 3376 generatio.
2433 3323 2558 3361 cum
2603 3322 2714 3361 non
2759 3305 2956 3362 eodem
2987 3305 3150 3360 modo
3188 3319 3248 3359 se
3297 3303 3466 3358 liabet

1874 3413 1940 3454 ac
1992 3408 2194 3454 nostra:
2235 3408 2514 3470 corrupta:
2543 3407 2599 3454 et
2628 3398 2908 3454 naturales
2937 3397 3346 3468 generationes,
3379 3406 3462 3460 ut,

1874 3485 2184 3541 secundum
2211 3501 2330 3552 vos,
2359 3487 2406 3540 si
2433 3487 2789 3558 generatione
2820 3494 3019 3542 vestras
3051 3485 3217 3541 simili
3245 3485 3466 3556 genitus

1873 3577 1964 3642 sit,
2017 3587 2150 3634 tunc
2179 3577 2407 3650 dignum
2451 3579 2560 3636 (ide
2594 3579 2666 3634 sit
2695 3594 2860 3648 supra
2904 3593 3004 3633 nos
3035 3577 3188 3632 illum
3215 3577 3464 3647 genitum

1874 3681 1995 3722 esse
2019 3669 2115 3738 qui
2147 3677 2310 3724 natus
2341 3678 2427 3725 est
2463 3688 2476 3724 :
2511 3670 2556 3726 si
2599 3685 2735 3724 vero
2764 3686 2875 3724 non
2917 3668 3052 3724 illud
3096 3675 3226 3724 tunc
3255 3667 3460 3732 evadit,

1875 3759 2023 3814 unde
2067 3769 2323 3831 oporteat
2376 3777 2480 3816 nos
2506 3761 2678 3817 Deum
2712 3761 2941 3817 credere
2971 3761 3040 3816 de
3081 3777 3178 3816 sua
3229 3761 3332 3814 hac
3370 3775 3464 3830 ge-

1227 3846 1500 3917 siquidem
1541 3863 1572 3902 a
1606 3851 2060 3920 generationibus
2103 3870 2286 3926 neque
2335 3855 2640 3911 secundum
2710 3871 2834 3921 nos,
2901 3871 3082 3926 neque
3141 3870 3307 3926 supra
3359 3868 3464 3909 nos

2460 4037 2612 4094 CAP.
2673 4039 2887 4095 XXXV.

1944 4131 2003 4186 Si
2053 4141 2184 4188 vere
2239 4142 2432 4204 partus
2469 4149 2534 4187 ex
2581 4131 2806 4186 omnino
2860 4129 3134 4185 similibus
3183 4129 3367 4194 fuerit,
3407 4130 3460 4186 in

1872 4238 1984 4293 quo
2015 4225 2321 4280 secundum
2350 4224 2718 4280 substantiam
2752 4221 2973 4292 pariens
3008 4223 3206 4277 similis
3239 4223 3461 4292 parien-

191 4307 366 4372 ἐστιν,
397 4306 425 4359 ὀ
446 4309 624 4378 πάντη
649 4309 879 4380 ἀνόμοια
918 4311 1121 4364 τίκτων
1147 4309 1269 4364 κατ’
1299 4311 1509 4376 οὐσίαν,
1545 4315 1610 4366 ὲκ
1657 4312 1768 4366 τῶν

1878 4289 2028 4367 tibus
2062 4326 2190 4367 vere
2222 4311 2314 4376 sit,
2367 4312 2462 4366 hic
2501 4319 2718 4382 partus,
2752 4289 2825 4364 in
2884 4324 2994 4378 quo
3043 4289 3273 4380 prorsus
3319 4309 3464 4364 absi-

191 4395 411 4464 όμοίων,
467 4397 568 4452 οὐκ
620 4397 738 4452 ἐστι
783 4399 928 4452 κατὰ
982 4399 1246 4470 ἀλήθειαν
1301 4401 1480 4466 τόκος.
1533 4404 1613 4458 Τὰ
1658 4403 1768 4475 γὰρ

85 4511 92 4556 ε
193 4487 426 4553 ἐναντία,
452 4489 514 4541 οὐ
551 4489 980 4562 συναληθεύουσί
1025 4508 1156 4545 ποτε
1179 4507 1194 4524 ·
1247 4493 1384 4548 ἀλλὰ
1417 4495 1480 4548 τὺ
1509 4493 1726 4564 πρῶτον
1749 4510 1764 4526 °

193 4580 289 4634 οὐκ
318 4580 427 4650 ἄρα
445 4580 507 4633 τὸ
541 4579 920 4654 ὕστερον.”ὀτι
953 4583 1052 4654 μὲν
1071 4584 1100 4637 ὃ
1135 4601 1194 4638 τε
1224 4587 1289 4639 ὲκ
1310 4587 1418 4639 τῶν
1433 4586 1659 4657 ὁμοίων,
1678 4589 1771 4642 καὶ

193 4673 222 4725 δ
257 4671 317 4736 ἐξ
341 4673 642 4744 ἀνομοίων·
676 4674 706 4727 ὂ
745 4693 806 4728 τε
843 4677 924 4740 εἰς
951 4675 1010 4730 τὸ
1043 4672 1205 4742 εἶναι,
1241 4677 1338 4732 καὶ
1359 4680 1436 4742 εἰς
1457 4679 1517 4734 τὸ
1545 4680 1770 4736 τοιῶσδε

194 4759 331 4819 εἶναι
355 4779 369 4794 ⁸
403 4765 500 4818 καὶ
533 4766 587 4820 εί
609 4782 694 4828 τις
723 4767 910 4838 ἕτερος
930 4767 1091 4822 τόκου
1125 4771 1347 4842 τρόπος,
1381 4771 1539 4836 τόκος
1565 4772 1682 4826 ἐστί
1707 4790 1768 4827 τε

195 4857 284 4909 καὶ
311 4855 530 4925 λέγεται
548 4854 768 4926 ἀληθῶς
786 4860 852 4928 τῇ
889 4857 1010 4930 θείᾳ
1038 4860 1229 4932 Γραφῇ
1262 4863 1403 4917 κατὰ
1427 4863 1519 4918 τὸν
1574 4863 1768 4918 ἑαυτοῦ

193 4945 367 5015 λόγον,
395 4945 492 5000 καὶ
536 4947 693 5016 ὑμεῖς
737 4949 994 5018 εἰρήκατε
1027 4950 1287 5015 πολλάκις
1330 4951 1492 5024 μέχρι
1525 4952 1620 5008 τοῦ
1649 4953 1765 5009 νῦν.

200 5037 258 5090 Εἰ
291 5037 350 5091 δὲ
373 5037 434 5091 τδ
463 5038 564 5109 μὲν
611 5035 752 5092 εἶναι
781 5039 941 5093 τόκον
975 5039 1264 5104 διδοῦντες,
1289 5043 1350 5095 οὐ
1387 5043 1590 5114 κυρίως
1617 5045 1770 5114 ὅμως

192 5129 280 5184 καὶ
335 5129 481 5184 κατᾶ
542 5129 804 5202 ἀλήθειαν
859 5129 1019 5184 τοῦτο
1063 5126 1204 5184 εἷναί
1249 5150 1388 5202 φατε
1417 5135 1510 5188 τὸν
1565 5135 1668 5188 οὐκ
1713 5135 1773 5200 ἐξ

191 5221 387 5292 ὁμοίων
407 5223 526 5276 κατ’
556 5223 746 5276 οὐσίαν
777 5223 1085 5293 γινόμενον,
1138 5223 1356 5294 ἀνάγκη
1393 5229 1461 5296 τῇ
1508 5225 1769 5296 ὁμοιώσει

191 5317 294 5371 τῶν
351 5317 666 5379 τικτόντων,
698 5317 795 5372 καὶ
827 5318 888 5370 οὐ
917 5315 995 5387 τῷ
1051 5317 1196 5388 λόγῳ
1229 5316 1322 5370 τοῦ
1350 5318 1535 5383 τόκον,
1569 5319 1770 5372 εἰδέναι

194 5405 334 5476 θμᾶς
363 5407 462 5479 τήν
496 5407 560 5462 ἀλ
573 5408 756 5480 ηθινήν
784 5409 1059 5478 γέννησιν.
1103 5409 1244 5479 Ἤδη
1273 5409 1374 5478 μὲν
1405 5405 1500 5463 οὖν
1521 5409 1770 5463 ἐλέλεκτο

193 5495 344 5550 τοῦτο
387 5498 518 5568 ὑμῖν
559 5497 755 5570 μικρὸν
778 5500 1037 5570 ἀνωτέρω
1064 5498 1320 5553 δεόντω’.
1357 5497 1479 5562 Πῶς
1507 5499 1620 5568 γὰρ
1669 5499 1769 5551 ἀν-

193 5582 372 5662 όμοιος
429 5589 506 5644 ῶν
535 5591 725 5664 ἑτέρου
757 5591 1028 5664 βάτραχος
1065 5592 1128 5646 ἐκ
1156 5589 1249 5645 τοῦ
1274 5591 1458 5663 ὁμοίου
1486 5589 1773 5662 γεννηθείη

1871 4403 2018 4459 milis
2051 4402 2274 4473 pariens
2321 4401 2626 4459 secundum
2684 4401 3051 4458 substantiam
3083 4400 3271 4465 fuerit,
3323 4418 3352 4456 e
3383 4401 3462 4457 si-

1871 4495 2099 4550 milibus
2137 4511 2269 4550 vere
2310 4510 2425 4551 non
2479 4503 2583 4550 est.
2617 4493 2931 4550 'Contraria
2986 4493 3136 4548 enim
3177 4507 3459 4562 nunquam

1871 4586 2036 4642 simul
2057 4601 2186 4642 vera
2220 4599 2382 4654 sunt;
2419 4585 2515 4643 sed
2538 4601 2732 4641 verum
2761 4585 2942 4656 prius;
2968 4601 3080 4640 non
3108 4599 3300 4639 verum
3329 4600 3460 4656 ergo

1871 4679 2171 4750 posterius.
2205 4678 2366 4746 Quod
2409 4680 2500 4734 ille
2553 4694 2586 4734 e
2632 4677 2930 4742 similibus,
2965 4686 3022 4732 et
3065 4675 3158 4731 hic
3209 4691 3277 4730 ex
3307 4674 3458 4730 absi-

1869 4770 2134 4838 milibus;
2171 4771 2264 4826 ille
2305 4770 2452 4842 quod
2495 4771 2586 4836 sit,
2628 4779 2684 4825 et
2715 4769 2804 4824 tali
2850 4768 3016 4823 modo
3048 4767 3139 4826 sit.
3173 4773 3231 4822 et
3263 4765 3309 4822 si
3337 4767 3462 4836 quis

1874 4863 2018 4918 alius
2040 4871 2126 4918 est
2151 4872 2344 4934 partus
2389 4862 2610 4924 modus,
2659 4871 2853 4932 partus
2877 4861 2950 4916 sit
3002 4868 3058 4914 et
3088 4858 3307 4914 dicatur
3333 4873 3461 4914 vere

1875 4953 2064 5009 divina
2087 4952 2376 5024 Scriptura
2406 4953 2712 5009 secundum
2745 4967 2902 5007 suam
2952 4950 3246 5012 rationem.
3282 4958 3339 5004 et
3368 4964 3464 5004 vos

1877 5047 2079 5116 saepius
2134 5047 2406 5102 hactenus
2437 5045 2676 5101 dixistis.
2713 5044 2808 5100 Sin
2853 5053 3040 5100 autem
3087 5053 3307 5115 partem
3343 5057 3466 5097 esse

1876 5137 2266 5204 concedentes,
2300 5152 2410 5192 non
2442 5136 2660 5208 proprie
2685 5145 2742 5192 et
2771 5149 2900 5190 vere
2951 5149 3074 5190 esse
3098 5129 3285 5189 dicitis
3313 5130 3464 5186 hunc

1877 5229 1972 5298 qui
2010 5244 2040 5285 e
2072 5229 2350 5284 similibus
2377 5226 2683 5284 secundum
2734 5225 3102 5284 substantiam
3147 5223 3324 5280 factus
3353 5231 3460 5284 est,

1876 5334 2106 5374 necesse
2152 5328 2238 5374 est
2273 5317 2344 5373 ob
2389 5315 2808 5373 similitudinem
2863 5316 3214 5387 parientium,
3249 5320 3305 5367 et
3349 5325 3464 5366 non

1867 5410 1950 5464 ‘ob
1976 5419 2169 5480 partus
2212 5410 2506 5475 rationem,
2539 5409 2848 5480 intelligere
2879 5424 2976 5464 vos
3013 5420 3199 5461 veram
3231 5417 3464 5472 generan-

1881 5501 2110 5558 tionem.
2163 5499 2282 5556 Jam
2343 5501 2566 5572 quidem
2618 5502 2786 5572 igitur
2837 5500 3046 5555 dictum
3100 5503 3186 5551 est
3229 5495 3375 5550 istud
3419 5501 3450 5542 α

1878 5592 2042 5650 vobis
2082 5604 2392 5664 opportune
2447 5595 2615 5668 paulo
2665 5591 2945 5664 superius.
2978 5588 3265 5658 Quomodo
3313 5586 3462 5644 enim
