3852 6134
440 145 575 210 1703

1703 135 2008 198 LEONTII
2051 132 2456 194 BYZANTINI

3603 125 3714 192 172'.

418 253 690 314 absimilis
721 269 847 310 cum
897 255 968 309 sit
1018 269 1164 310 rana:
1202 254 1348 310 alius
1396 268 1552 315 rana,
1594 267 1624 307 e
1654 251 1822 307 simili
1867 265 2000 306 rana

2119 246 2380 317 Βατράχου
2402 263 2416 312 ;
2441 243 2634 298 Καίτοι
2689 243 2810 298 οὐόὶ
2844 244 3097 299 τίκτεται
3128 241 3274 306 ὅλως
3333 241 3642 328 βάτραχος
3663 247 3712 296 ἐι

412 347 597 420 genita
639 345 820 401 foret?
851 355 1005 402 certe
1033 361 1146 401 non
1186 346 1417 400 omnino
1457 344 1676 415 paritur
1707 343 1836 398 talis
1866 358 2000 398 rana

411 455 446 494 ο
467 453 601 494 rana
633 451 900 507 unquam.
938 435 1044 492 Sed
1077 436 1307 508 quando
1334 435 1392 490 in
1425 434 1620 490 iisdem
1653 433 1726 488 ob
1767 432 2000 488 diﬂicul-

415 538 561 586 tates
591 542 788 584 rursus
807 527 1132 594 volvimini;
1175 535 1374 598 praeter
1393 525 1486 580 illa
1506 539 1631 595 quae
1659 537 1824 594 supra
1856 522 2000 577 dixi-

417 636 561 686 mus,
593 621 710 676 haec
743 634 893 676 nunc
913 618 1128 675 audite.
1155 618 1216 674 Si
1245 634 1315 673 ex
1335 617 1479 690 ignis
1508 615 1817 672 substantia
1836 613 1996 680 taeda,

415 721 473 766 et
513 726 546 767 e
598 711 749 766 cocci
785 710 1097 766 substantia
1129 725 1352 776 coccus,
1403 719 1461 766 et
1493 725 1562 764 ex
1595 707 1836 762 hominis
1867 707 2002 761 sub-

417 801 622 856 stantia
650 801 840 865 homo,
869 809 928 856 et
955 815 1023 856 ex
1048 800 1149 855 Dei
1179 799 1490 855 substantia
1525 799 1672 854 Deus
1693 797 1786 862 sit,
1818 795 2003 851 omnia

417 907 449 947 e
465 891 773 947 substantia
795 892 1093 947 convenire
1111 891 1396 954 dicuntur,
1414 905 1528 945 non
1545 898 1732 945 autem
1752 889 2002 944 eamdem

417 1001 628 1042 meram
665 985 1088 1044 similitudinem
1121 985 1176 1039 in
1207 985 1468 1040 omnibus
1492 998 1621 1038 eum
1656 981 2000 1063 genitoribus

419 1079 661 1136 habeant
693 1077 887 1150 geniti,
916 1077 1012 1132 sed
1044 1077 1197 1132 solus
1228 1078 1374 1132 Deus
1405 1076 1608 1130 habeat
1652 1075 1708 1129 in
1737 1073 2000 1130 omnibus

326 1221 329 1228 .
416 1169 865 1234 similitudinem,
893 1167 1173 1239 quomodo
1205 1177 1388 1237 potest
1428 1167 1533 1221 hoc
1577 1165 1744 1220 modo
1777 1165 2004 1236 prOprie

325 1262 329 1266 ”
417 1268 476 1314 et
527 1274 659 1314 vere
716 1260 990 1330 cujusque
1037 1273 1234 1313 eorum
1287 1258 1396 1313 dici
1457 1257 1764 1328 generatio,
1813 1257 1917 1312 etsi
1973 1271 2004 1310 e

419 1348 730 1404 substantia
763 1348 875 1403 sit?
909 1348 1148 1404 Necesse
1179 1357 1266 1404 est
1303 1349 1472 1414 enim,
1515 1363 1642 1402 cum
1691 1347 2000 1402 secundum

419 1453 540 1503 vos,
583 1437 848 1492 differens
888 1437 962 1492 sit
1002 1437 1306 1494 similitudo
1345 1437 1414 1492 ab
1445 1453 1511 1492 ea
1555 1452 1720 1508 quam
1753 1435 1812 1490 in
1841 1445 2004 1506 partu

418 1528 647 1598 proprie
676 1537 880 1586 etvere
906 1530 1244 1600 praedicatis,
1271 1530 1625 1586 dill‘erentem
1655 1544 1754 1584 vos
1783 1543 2004 1599 quoque

2105 339 2380 411 βατράχου
2417 337 2568 391 ποτέ.
2615 335 2752 391 Ἀλλ’
2799 336 2922 391 ἐπεὶ
2973 339 3085 402 τοῖς
3123 336 3324 400 αὐτοῖς
3357 335 3424 400 ἐξ
3488 335 3714 405 ἀπορίας

2102 431 2266 488 πάλιν
2314 429 2740 484 κατακυλιεσθε·
2777 430 2913 501 πρὸς
2964 432 3081 492 τοῖς
3123 427 3476 500 εἰρημένοις
3512 429 3714 499 mihi:

2101 527 2213 588 τοῖς
2242 517 2524 594 φθάσασιῗ
2543 525 2640 577 καὶ
2666 523 2794 578 τάδε
2824 521 2920 577 νῦν
2967 521 3301 577 ἀκούσεσθεο
3347 522 3414 575 Εί
3453 521 3492 574 ὁ
3537 523 3612 574 ἑκ
3633 523 3717 589 si;

2101 615 2289 679 οὐσίας
2317 614 2412 668 τοῦ
2446 614 2621 685 πυρὸς
2652 612 2881 684 πυρσὸς,
2914 612 3008 666 καὶ
3061 615 3091 666 6
3140 614 3210 666 ὲκ
3237 612 3352 681 τῆς
3389 610 3611 673 οὖσί-ας
3637 611 3716 662 τεῦ

2103 707 2304 760 κόκκου
2337 706 2557 771 κόκκος,
2591 705 2686 759 καὶ
2729 707 2758 758 6
2791 707 2856 758 ἐκ
2884 705 2981 774 τῆς
3009 704 3202 768 οὐσίας
3253 702 3361 756 τοῦ
3413 702 3716 772 ἀνορέας-τε.

2104 799 2414 870 ἄνθρωπος,
2441 800 2538 853 καὶ
2563 800 2590 851 6
2607 801 2672 852 ὲκ
2701 800 2800 869 τῆς
2829 797 3019 861 οὐσίας
3047 797 3142 850 τοῦ
3166 795 3311 850 Θεοῦ
3344 795 3530 858 Θεὸς.
3557 797 3720 848 ’.ταντα

2107 891 2208 960 μὲν
2237 891 2302 943 ἐκ
2333 889 2434 959 τῆς
2467 887 2656 950 οὐσίας
2682 887 3184 958 συνωμολόγηνται,
3223 887 3357 956 οὐχὶ
3377 885 3442 938 δὲ
3477 887 3596 956 τὴν

2103 979 2204 1050 τὴν
2242 977 2520 1050 ἀκραιφνῆ
2549 978 2846 1048 ὁμοιότητα
2883 976 2977 1030 ἐπὶ
3041 977 3266 1030 πάντων
3299 975 3459 1045 πρὸς
3483 974 3568 1026 τὰ
3607 993 3715 1042 τετ-

2107 1069 2284 1124 νῶντα
2310 1069 2494 1140 ἔχουσι
2525 1069 2594 1123 τὰ
2625 1067 2964 1138 γεννώμενα,
2998 1066 3133 1122 ἀλλὰ
3161 1067 3334 1138 μόνος
3361 1066 3516 1130 Θεὸς
3533 1067 3652 1135 ἔχει
3667 1067 3718 1118 τὲ.

2106 1159 2281 1230 πάντη
2300 1157 2738 1230 ἀπαράλλακτον,
2753 1158 2868 1222 πῶς
2877 1157 3100 1213 δυνατὸν
3109 1157 3386 1222 ὡσαύτως
3403 1157 3720 1228 κυρ

2107 1252 2250 1306 κατὰ
2281 1251 2541 1322 ἀλήθειαν
2552 1252 2782 1304 ἑκάστου
2801 1250 3005 1305 τούτων
3015 1251 3274 1318 λέγεσθαι
3302 1249 3415 1320 τὴν
3428 1251 3713 1320 γένηαι-ί,

2106 1343 2155 1395 εξ
2185 1342 2277 1395 καὶ
2314 1345 2378 1396 ἐκ
2393 1343 2489 1414 τῆς
2509 1343 2697 1406 οὐσίας
2715 1333 2866 1396 ὶστίν
2881 1361 2896 1410 ;
2913 1342 3152 1414 ’Λνάγκη
3165 1343 3277 1414 γὰρ
3289 1343 3428 1398 καθ’
3441 1345 3714 1414 Diligat:-

2107 1436 2274 1506 φόρου
2292 1435 2460 1506 οὔσης
2485 1438 2584 1508 τῆς
2609 1437 2922 1508 ὁμοιώσεως
2953 1437 3013 1503 ἐξ
3029 1433 3099 1510 ἦς
3117 1439 3180 1492 τὸ
3207 1439 3434 1508 κυρίως
3463 1439 3576 1493 καὶ
3587 1439 3713 1492 κατὰ

2109 1529 2368 1598 ἀλήθειαν
2395 1529 2475 1601 τῷ
2499 1530 2647 1602 τόκῳ
2680 1533 3176 1602 προσμαρτυρεῐτε,
3205 1531 3498 1602 διάφορον
3523 1530 3713 1584 εἰδέναι

420 1593 733 1690 intelligere
768 1593 964 1692 partus
1009 1623 1440 1693 proprietatem;
1487 1621 1636 1691 quod
1679 1593 1830 1690 patet
1865 1593 2006 1674 ridi-

2119 1593 2256 1688 ὐμᾶς
2295 1619 2390 1672 καὶ
2422 1593 2524 1691 τὴν
2553 1593 2648 1674 τοῦ
2677 1593 2840 1674 τόκου
2867 1593 3202 1692 κυριότητα·
3431 1622 3713 1692 προφανὲς

419 1713 608 1768 culum
651 1728 794 1768 esse.
839 1714 999 1780 Quod
1044 1715 1195 1770 enim
1245 1715 1528 1786 preprium
1575 1724 1684 1780 est,
1743 1713 2008 1769 dill‘erens

421 1819 534 1860 non
567 1814 680 1871 est;
707 1813 764 1860 et
795 1805 942 1874 quod
973 1804 1240 1861 dill'erens
1272 1815 1378 1872 est,
1411 1805 1697 1876 proprium
1725 1819 2006 1874 nunquam

421 1903 510 1951 est
560 1895 710 1950 circa
757 1895 926 1950 idem.
963 1895 1270 1967 Supponite
1301 1906 1506 1960 autem,
1559 1913 1593 1951 ο
1642 1897 1876 1968 physici,
1913 1904 2009 1951 aut

423 1985 610 2057 potius
660 1987 914 2059 physicos
959 2003 1344 2056 conversores,
1375 1989 1590 2060 lapides
1631 1999 1688 2044 ct
1714 1988 1924 2044 ferrum
1953 1996 2008 2042 et

425 2075 636 2149 lignum
681 2079 868 2149 ignem
917 2093 1209 2149 generare,
1259 2088 1316 2134 et
1366 2079 1512 2150 ignis
1559 2094 1684 2134 cum
1735 2095 1844 2133 non
1873 2079 2006 2144 sint,

426 2184 537 2226 non
575 2169 884 2225 secundum
918 2170 1156 2226 similem
1199 2171 1341 2242 ignis
1369 2170 1597 2226 modum
1626 2186 1923 2240 generare;
1952 2179 2010 2226 et

427 2259 637 2330 pariter
669 2275 836 2316 nemo
872 2261 1062 2317 dicere
1096 2270 1284 2332 potest
1316 2263 1476 2318 vobis
1500 2279 1610 2318 non
1640 2263 1859 2328 similis,
1898 2279 2008 2318 non

427 2350 544 2406 veri
585 2351 728 2422 ignis
772 2365 896 2406 esse
928 2352 1346 2422 generationem
1393 2367 1517 2423 quas
1555 2369 1624 2408 ex
1662 2353 2009 2408 absimilihus

429 2437 571 2509 ignis
587 2439 801 2494 naturis
821 2440 1110 2508 procedit;
1139 2456 1274 2512 ergo
1291 2441 1361 2496 ad
1384 2441 1622 2496 nihilum
1647 2442 1806 2497 vobis
1829 2442 2008 2498 omnis

427 2527 522 2582 illa
567 2529 822 2584 confusio
858 2530 983 2586 talis
1015 2539 1218 2587 vestrae
1245 2533 1543 2604 jocationis
1582 2534 1888 2592 contendit.

999 2674 1150 2730 CAP.
1199 2675 1441 2732 XXXVI.

500 2806 696 2862 Adhuc
711 2815 895 2860 autem
923 2821 992 2861 ex
1016 2805 1102 2861 his
1129 2807 1180 2861 id
1209 2823 1428 2877 quoque
1455 2808 1800 2864 audiendum
1819 2818 1906 2865 est
1929 2828 1940 2862 :
1963 2811 2008 2865 si

430 2897 674 2962 Verbum
713 2897 1061 2967 incorporale
1093 2909 1151 2954 et
1181 2899 1529 2956 immutabile
1560 2909 1664 2966 est,
1702 2901 2009 2958 secundum

427 3003 587 3043 suam
640 2989 934 3055 rationem,
973 2989 1256 3060 inquiunt,
1295 2992 1576 3060 quomodo
1604 2992 1712 3048 erit
1755 2993 2010 3048 incarna-

430 3089 548 3134 tum
577 3079 721 3134 idem
747 3081 1092 3137 immutabile
1118 3083 1390 3138 manens?
1435 3083 1518 3139 sic
1558 3086 1706 3139 enim
1737 3093 2007 3140 mutatum

428 3169 714 3226 diceretur
766 3171 1108 3244 immutabile
1169 3172 1352 3228 adhuc
1393 3188 1634 3230 manere.
1684 3173 1808 3229 Sive
1845 3175 2011 3244 igitur

431 3278 543 3318 non
589 3263 734 3318 Deus
781 3277 912 3317 caro
939 3263 1116 3319 factus
1145 3273 1251 3330 est,
1285 3279 1394 3319 non
1424 3273 1604 3320 mater
1633 3265 1732 3320 Dei
1775 3272 1862 3320 est
1890 3281 2012 3334 qua:

433 3370 656 3410 carnem
703 3356 954 3424 peperit;
1007 3355 1124 3410 sive
1189 3370 1319 3410 caro
1362 3353 1542 3410 factus
1590 3363 1694 3419 est,
1734 3355 1847 3426 jam
1901 3370 2013 3410 non

436 3446 581 3500 Deus
629 3445 724 3514 qui
769 3461 882 3500 non
932 3445 1294 3501 immutabilis
1333 3455 1438 3512 est,
1486 3461 1620 3518 ergo
1659 3447 1886 3502 minime
1915 3445 2014 3502 Dei

436 3543 614 3590 mater
661 3543 746 3590 est
803 3551 928 3605 qua:
985 3536 1306 3591 mutabilem
1355 3538 1569 3608 genuit.
1625 3535 1770 3604 Quid
1822 3537 2012 3610 igitur,

435 3624 596 3680 vobis
624 3625 858 3680 nimium
892 3624 1444 3692 obsurdescentihus,
1489 3643 1605 3683 non
1631 3628 1880 3683 resonuit
1899 3643 2017 3682 om-

435 3715 571 3771 nino
618 3716 852 3772 auribus
895 3717 1042 3771 lilius
1087 3717 1318 3772 tonitrui
1349 3717 1584 3773 dicens:
1619 3737 1638 3770 ι
1672 3718 1742 3773 Ει
1767 3718 2013 3773 Verbum

434 3821 567 3863 caro
594 3805 796 3862 factum
833 3807 948 3862 est?
985 3825 1003 3858 ι
1042 3805 1161 3870 sed,
1193 3821 1226 3861 ο
1265 3806 1558 3874 insensati,
1591 3807 1636 3862 si
1671 3807 2016 3862 incarnatum

438 3896 680 3954 Verbum
705 3896 1016 3952 secundum
1043 3905 1259 3952 natura:
1283 3899 1648 3954 mutationem
1683 3897 2013 3970 iutelligitis,

440 4001 504 4046 ut
548 3989 788 4046 dicimus
831 3989 1069 4060 lapidem
1116 3989 1318 4046 factam
1379 3991 1596 4046 eorallii
1643 3991 1909 4060 plantam,
1961 4000 2018 4048 et

439 4091 718 4140 mortuum
763 4081 914 4154 quod
953 4089 1118 4138 antea
1157 4083 1400 4149 vivebat,
1435 4083 1621 4154 reipsa
1667 4083 2016 4139 immutabile
2081 4087 2088 4092 '

439 4175 670 4252 dissolvi
721 4175 926 4230 merito
961 4175 1220 4246 cogitate.
1251 4174 1347 4231 Sin
1371 4185 1579 4238 autem,
1609 4184 1672 4230 ut
1702 4175 2014 4230 inauratum

2110 1711 2539 1779 καταγέλαστον.
2583 1713 2648 1766 ’0
2679 1711 2788 1782 γὰρ
2818 1713 3006 1783 κύριόν
3030 1714 3168 1776 ἐστι,
3189 1713 3255 1766 οὐ
3282 1714 3578 1785 διάφορον
3607 1715 3710 1767 ἔτι·

2108 1801 2204 1858 καὶ
2222 1803 2250 1855 ὃ
2273 1803 2547 1872 διάφορον,
2571 1805 2693 1874 οὐχὶ
2726 1803 2915 1874 κύριόν
2962 1823 3095 1858 ποτε
3122 1804 3266 1858 κατὰ
3295 1805 3368 1859 τὸ
3411 1807 3584 1861 αὐτὸ.
3622 1807 3715 1859 Σῦ-

2109 1913 2228 1952 νετε
2249 1897 2330 1962 δὲ,
2349 1887 2396 1946 ὦ
2423 1899 2664 1966 φυσικοὶ,
2697 1897 2898 1967 μᾶλλον
2922 1899 3364 1968 πεφυσιωμένοι,
3383 1900 3478 1952 ὅτι
3514 1901 3617 1952 καὶ
3642 1900 3716 1950 li-

2111 1985 2194 2040 Θοι
2220 1987 2314 2040 καὶ
2362 1988 2578 2058 σίδηρος
2611 1987 2707 2040 καὶ
2743 1986 2874 2052 ξύλα
2910 1989 3022 2059 πῦρ
3055 1991 3245 2059 γεννᾷ,
3276 1990 3385 2040 καὶ
3424 1988 3568 2042 οὔτε
3615 1987 3715 2053 περ

2109 2080 2262 2143 όντα,
2310 2078 2435 2132 οὐτε
2466 2079 2608 2133 κατὰ
2635 2081 2724 2134 τὸν
2747 2081 2910 2135 αὐτὸν
2937 2082 3140 2152 τρόπον
3166 2081 3266 2135 τοῦ
3293 2083 3492 2154 πυρὸς
3521 2083 3712 2150 γεννᾷ·

2110 2170 2206 2224 καὶ
2235 2172 2384 2242 ὅμως
2410 2171 2512 2225 οὐκ
2539 2171 2604 2225 ἄν
2635 2188 2720 2236 τις
2745 2173 2889 2226 εῐποι
2919 2173 3040 2226 οὐδὲ
3067 2175 3198 2244 ὑμῖν
3222 2175 3449 2244 ὅμοιος,
3476 2174 3567 2237 ὡς
3598 2173 3716 2226 οὗτε

2109 2262 2366 2333 ἀληθινοῦ
2395 2263 2567 2334 πυρὸς
2613 2264 2865 2335 γέννησίς
2895 2265 3042 2318 ἐστιν
3084 2268 3120 2337 ἡ
3151 2265 3213 2330 ἐξ
3241 2267 3542 2337 ἀνομοίων
3573 2267 3713 2330 αὐτῷ

2111 2353 2455 2424 προελθοῦσα
2499 2354 2734 2424 φύσεων.
2763 2357 2972 2411 Οὐκοῦν
3021 2359 3102 2423 είς
3157 2358 3316 2410 οὐδὲν
3382 2359 3528 2428 ὑμῖν
3577 2359 3712 2417 ἆεες

2109 2447 2138 2500 ό
2165 2445 2380 2500 κυκεὼν
2405 2447 2503 2520 τῆς
2520 2449 2732 2502 τοιᾶσδε
2767 2449 2921 2520 ὑμῶν
2943 2450 3144 2522 λέσχης
3169 2451 3590 2522 κατέστρεψεν.

2691 2670 2940 2724 ΚΕΦΛΛ.
2971 2670 3112 2736 AG".

2187 2805 2306 2858 Ἔτι
2345 2802 2402 2857 δὲ
2458 2803 2752 2857 ἀκουστέον
2807 2804 2988 2858 αὐτῶν
3019 2805 3113 2858 καὶ
3139 2805 3322 2859 τοῦδε.
3361 2807 3430 2859 Εἰ
3468 2806 3707 2878 ἀταρπός

2114 2909 2172 2945 τε
2205 2892 2300 2946 καὶ
2328 2894 2594 2964 ἄτρεπτος
2625 2895 2655 2948 6
2684 2893 2875 2961 Λόγος,
2901 2894 3042 2948 κατὰ
3067 2895 3296 2963 φυσικὸν
3321 2895 3504 2950 αὐτοῦ
3531 2897 3704 2964 λόγον.

2116 2985 2270 3056 φησὶ,
2308 2985 2422 3048 πῶς
2456 2986 2608 3040 ἔσται
2637 2985 3051 3056 σεσαρκωμένος
3077 2987 3104 3038 6
3133 2985 3298 3049 αὐτὸς
3333 2989 3529 3058 μένων
3555 2989 3706 3060 ἄτρε-

2113 3093 2282 3144 πτος;
2313 3075 2374 3129 οὐ
2388 3094 2487 3141 τως
2525 3079 2632 3148 γὰρ
2681 3077 2748 3131 ἂν
2781 3077 2876 3131 καὶ
2900 3077 3236 3148 τρεπόμενος
3263 3078 3489 3147 λέγοιτο
3531 3081 3602 3134 ἂν
3627 3082 3700 3133 ἔτι

2111 3165 2380 3236 ἄτρεπτος
2408 3169 2614 3237 μεῖναι.
2644 3168 2766 3222 Εἴτε
2794 3168 2886 3222 οῦν
2912 3169 3009 3239 οὐχ
3047 3171 3074 3223 6
3115 3169 3251 3233 Θεὸς
3274 3169 3424 3242 σὰρξ
3456 3172 3699 3240 γέγονεν,

2111 3258 2172 3313 οὐ
2199 3257 2457 3320 Θεοτόκος
2485 3261 2520 3329 ὴ
2545 3252 2775 3314 τεκοῦσα
2818 3259 2918 3331 τὴν
2953 3263 3166 3331 σάρκα·
3199 3264 3312 3315 εἴτε
3341 3263 3522 3326 αὐτὸς
3550 3266 3699 3331 τέττα

2113 3368 2222 3415 νεν,
2255 3351 2316 3403 οὐ
2338 3350 2470 3415 Θεὸς
2497 3349 2682 3404 λοιπὸν
2703 3353 2730 3404 ὁ
2754 3351 2829 3422 μὴ
2859 3351 3154 3424 ἄτρεπτος,
3185 3353 3300 3407 οὐδ’
3361 3354 3483 3427 ἄρα
3515 3355 3699 3408 Θεοτό-

2113 3459 2206 3506 κος
2237 3441 2546 3512 οὐδαμῶςή
2583 3443 2676 3496 τοῦ
2729 3443 2966 3516 τρεπτοῦ
3029 3447 3234 3518 μήτηρ.
3290 3447 3358 3500 Τί
3393 3445 3492 3501 οὖν
3535 3447 3700 3506 οὕτως

2115 3533 2270 3604 ὑμῶν
2297 3535 2438 3602 ἄταν
2463 3533 2836 3603 κωφωθέντων
2856 3536 2960 3591 οὐκ
2997 3537 3185 3610 ἔνηχεί
3205 3540 3320 3602 τοῖς
3363 3539 3475 3593 ὠσὶ
3512 3558 3700 3594 παντε-

2112 3623 2220 3688 λῶς
2243 3625 2352 3679 οὐδ’
2381 3626 2409 3679 δ
2435 3625 2534 3694 τῆς
2566 3625 2794 3698 βροντῆς
2827 3625 2956 3691 Υἱὸς
3001 3627 3200 3698 λέγων.
3249 3647 3269 3681 ι
3309 3629 3431 3682 Καὶ
3471 3633 3505 3684 6
3533 3631 3699 3697 Λόγος

2117 3715 2255 3787 σὰρξ
2303 3716 2553 3786 ὲγένετός
2593 3736 2612 3770 ι
2659 3717 2822 3784 Ἀλλ’,
2849 3711 2895 3772 ὦ
2925 3711 3094 3784 οῦτοι,
3129 3721 3178 3774 εί
3206 3722 3308 3792 μὲν
3336 3724 3701 3792 σεσαρκωμέο
3805 3721 3807 3792 λ

2115 3823 2204 3863 νον
2233 3807 2323 3862 τὸν
2349 3809 2521 3879 Λόγον
2547 3810 2688 3864 κατὰ
2731 3811 2941 3884 τροπὴν
2974 3811 3201 3866 ἀκούετε
3224 3814 3324 3884 τῆς
3352 3814 3604 3882 φύσεως,
3630 3816 3698 3875 ὣς

2117 3919 2297 3972 φαμεν
2323 3901 2686 3971 λελιθωμὲνον
2708 3901 2772 3955 τὸ
2793 3903 2960 3973 φυτὸν
2982 3903 3078 3958 τοῦ
3109 3904 3394 3976 κοραλίου,
3421 3908 3522 3958 καὶ
3561 3923 3700 3960 νενε-

2115 3991 2399 4065 κρωμένον
2434 3991 2498 4045 τὸ
2545 3993 2675 4064 πρὶν
2704 3993 2863 4061 ζῶον,
2902 3994 3069 4051 όντω;
3094 3995 3161 4049 ἂν
3194 3995 3254 4048 τὸ
3285 3996 3569 4067 ἄτρεπτον
3597 4014 3694 4051 κα-

2115 4084 2404 4141 ταλύεσθαι
2430 4085 2656 4150 εἰκότως
2675 4086 2886 4154 δόξητε.
2906 4088 2968 4141 Et
2986 4089 3042 4140 δὲ
3064 4089 3214 4143 ὥσπε
3221 4105 3254 4158 ρ
3279 4088 3694 4160 κεχρυσπιιμνιν

2116 4177 2178 4230 τὸ
2204 4175 2379 4242 ξύλον,
2408 4179 2504 4232 καὶ
2533 4178 2876 4246 ὡπλισμένον
2917 4181 3008 4234 τὸν
3041 4179 3210 4249 ἄνδρα
3236 4181 3500 4251 λέγομεν,
3562 4181 3693 4235 uti

441 4265 648 4338 lignum
713 4275 772 4321 et
829 4271 1104 4321 armatum
1149 4266 1333 4322 virum
1397 4265 1657 4328 dicimus,
1709 4266 2008 4322 secundum

2119 4266 2218 4336 τὴν
2245 4268 2379 4338 πρὸς
2397 4268 2486 4321 τὸν
2507 4269 2706 4340 χρυσὸν
2729 4269 2946 4332 ἕνωσιν,
2973 4271 3067 4323 καὶ
3090 4271 3197 4324 τῶν
3226 4271 3414 4324 ὃπλων
3433 4272 3538 4339 τὴν
3568 4272 3691 4327 ἀνέ-

441 4359 702 4415 unionem
747 4357 883 4430 ligni
935 4373 1064 4414 cum
1109 4373 1270 4425 auro,
1321 4367 1378 4416 et
1427 4374 1712 4416 armorum
1751 4359 2020 4430 sumptio-

437 4467 565 4508 nem
591 4460 648 4508 et
669 4450 1059 4511 induitionem.
1084 4451 1269 4506 carnis
1294 4452 1730 4523 assumptionem
1756 4453 1814 4508 in
1837 4453 2020 4508 Verbo

438 4552 783 4616 reputamus,
813 4542 1096 4614 quomodo
1128 4544 1493 4600 mutationem
1519 4552 1736 4601 natura:
1764 4543 2020 4601 introdu-

436 4635 656 4693 cimus?
703 4633 990 4706 Siquidem
1034 4635 1184 4690 enim
1233 4635 1449 4707 lignum
1490 4635 1674 4693 adhuc
1715 4636 1834 4692 sine
1883 4651 2020 4692 auro

437 4727 746 4784 secundum
777 4735 1057 4792 naturam,
1097 4736 1306 4794 manet,
1339 4743 1466 4784 cum
1507 4729 1823 4786 inauratum
1853 4727 2023 4785 fuerit

440 4819 748 4874 secundum
808 4833 965 4874 suam
1021 4817 1494 4878 subsistentialem
1521 4829 1810 4888 naturam;
1843 4829 1902 4875 et
1935 4820 2023 4874 vir
2057 4807 2072 4821 ’

439 4911 626 4967 adhuc
671 4913 792 4969 sine
821 4911 992 4977 l‘erro,
1017 4921 1114 4968 aut
1142 4913 1342 4970 melius
1372 4913 1650 4985 loquendo
1679 4917 1807 4970 c’um
1838 4913 2022 4968 nudus

440 5009 530 5058 est
575 5017 735 5058 coma
775 5004 1158 5061 tantummodo
1191 5005 1496 5061 secundum
1541 5013 1794 5060 naturam
1835 5013 2024 5060 manet

443 5095 768 5159 instructus,
790 5095 836 5150 si
865 5096 1174 5152 secundum
1201 5095 1515 5150 naturalem
1537 5110 1694 5150 suam
1714 5095 2023 5151 subsisteno

444 5190 576 5246 tiam
621 5185 772 5242 ferro
819 5196 1064 5242 armatus
1106 5188 1266 5243 miles
1314 5184 1399 5252 ﬁt,
1429 5185 1616 5242 autin
1655 5185 1792 5241 ﬂore
1821 5187 2022 5258 juven-

441 5281 578 5338 tntis
597 5279 841 5352 pilosus;
866 5277 1104 5334 Verbum
1129 5293 1350 5350 quoque
1383 5279 1504 5335 sine
1525 5293 1692 5335 carne
1715 5279 2020 5334 secundum

441 5385 698 5431 naturam
748 5377 956 5435 manet,
997 5367 1056 5424 id
1105 5378 1192 5425 est
1237 5369 1542 5426 secundum
1599 5369 2020 5426 substantialem

439 5465 736 5532 rationem,
758 5477 885 5521 cum
907 5460 1220 5535 adiunctam
1245 5460 1618 5518 subsistentia:
1665 5475 1778 5517 sua:
1812 5470 2024 5518 natura:

440 5572 662 5634 carnem
685 5555 885 5615 induit.
923 5555 1287 5623 Substantiali
1317 5555 1464 5612 enim
1504 5554 1736 5620 ratione,
1773 5555 2022 5612 cernitur

2118 4357 2281 4430 ληψιν
2313 4357 2407 4413 καὶ
2454 4359 2758 4425 ὲπένδυσιν,
2812 4358 2912 4432 τὴν
2941 4358 3243 4431 πρόσληψιν
3275 4360 3374 4430 τῆς
3403 4361 3612 4432 σαρκὸς
3638 4363 3688 4414 ἐν

2119 4449 2198 4522 τῷ
2222 4451 2381 4522 Λόγῳ
2401 4450 2740 4516 δοξάζοντες,
2761 4451 2878 4516 πῶς
2906 4453 3119 4524 τροπὴν
3142 4451 3295 4523 αὐτῷ
3322 4453 3549 4520 φύσεως
3593 4457 3686 4507 εἱσ-

2121 4544 2362 4615 άγομεν;
2395 4545 2570 4616 Εἴπερ
2603 4543 2715 4616 γὰρ
2744 4543 2901 4609 ξύλον
2924 4544 3006 4598 ἔτι
3030 4543 3268 4614 ἄχρυσον
3290 4545 3390 4612 τὴν
3425 4546 3614 4615 φύσιν,
3637 4548 3684 4596 τὲ

2120 4637 2219 4707 τὴν
2265 4636 2632 4691 ὲνυπόστατον
2681 4634 2845 4705 φύσιν
2893 4635 3059 4690 αὐτοῦ
3105 4638 3573 4708 κεχρυσωμένον·
3609 4640 3685 4693 καὶ

2120 4728 2260 4800 ἀνὴρ
2296 4727 2378 4781 ἔτι
2400 4727 2678 4799 ἀσίδηρος,
2709 4727 2742 4798 ἢ
2773 4727 2972 4798 μᾶλλον
3002 4731 3178 4782 εἰπεῖν
3209 4731 3274 4782 ὲκ
3327 4727 3496 4796 ψιλοῦ
3526 4747 3684 4800 τετρι-

2121 4817 2368 4888 χωμένος
2391 4817 2490 4888 τὴν
2521 4816 2751 4886 φύσιν,ό
2784 4818 2884 4888 τὴν
2912 4817 3150 4888 φυσικὴν
3195 4816 3507 4872 ὑπόστασιν
3539 4815 3684 4871 αὐτοῦ

2125 4908 2560 4979 σεσιδηρωμένος
2596 4907 2848 4980 ὁπλίτης,
2872 4907 2907 4980 ἢ
2937 4911 2996 4962 ὲν
3025 4909 3178 4978 ἀκμῇ
3205 4905 3591 4978 λασιούμενος,
3610 4913 3686 4962 ul

2121 5000 2150 5054 6
2187 4999 2359 5068 Λόγος
2417 4999 2656 5070 ἄσαρκος
2705 5001 2858 5072 μένει
2908 4999 3008 5071 τὴν
3056 4999 3238 5068 φύσιν,
3267 5000 3445 5067 ἤγουν
3495 5001 3688 5055 τὶνώ

2124 5090 2289 5163 σιὼδη
2341 5091 2536 5160 Λόγον,
2585 5091 2982 5164 ἑπιγενομὲνην
3024 5095 3091 5164 τῇ
3129 5092 3337 5164 φυσικῇ
3365 5092 3540 5146 αὐτοῦ
3571 5093 3689 5147 ὐπο-

2125 5185 2334 5252 στάσει,
2364 5185 2746 5255 περικείμενος
2773 5186 2952 5258 σάρκα
2971 5201 2986 5216 ο
3021 5186 3080 5240 ἓν
3105 5187 3218 5250 τοῖς
3247 5185 3348 5257 μὲν
3366 5184 3482 5260 γὰρ
3509 5185 3688 5241 οὐπώ-

2121 5277 2236 5332 δεσι
2264 5276 2443 5346 λόγοις
2500 5277 2694 5348 δρᾶται
2744 5277 2808 5332 τὸ
2850 5276 3120 5350 ἄτρεπτον
3147 5277 3253 5348 τὴν
3297 5278 3488 5346 φύσιν,
3519 5280 3614 5335 οὐκ
3641 5281 3688 5332 ἂν

2121 5373 2236 5435 τοῖς
2261 5371 2668 5444 ἐπιγενομένοις
2713 5372 2782 5442 τῇ
2806 5371 2962 5442 οὐσία
2981 5387 2997 5404 ο
3032 5369 3303 5442 μενούσης
3329 5371 3388 5425 δὲ
3417 5371 3480 5424 ἐν
3525 5373 3689 5436 αὐτοῖς

2123 5455 2386 5528 ὡσαύτως
2439 5465 2537 5536 τῆς
2576 5462 2811 5533 φύσεως,
2851 5465 2884 5536 ἡ
2927 5463 3058 5536 περὶ
3090 5463 3194 5536 τὴν
3233 5464 3539 5520 ὑπόστασιν
3589 5467 3688 5519 ἐπι·

2125 5553 2328 5628 θεωρία
2347 5556 2574 5624 γίνεται.
