3858 6156
315 307 453 372 1705

1245 305 1644 369 ADVERSUS
1681 299 2228 362 NESTORIANOS.
2266 325 2335 339 -
2365 304 2510 364 LIB.
2553 306 2649 366 IV.

3425 307 3561 370 Τῖού

311 421 614 481 secundum
641 429 894 474 naturam
928 417 1288 485 immutabile,
1335 435 1445 474 non
1478 419 1533 472 in
1567 413 1888 472 substantia:
1925 415 2232 484 adjunctis;
2275 425 2532 470 manente
2586 425 2768 468 autem
2835 417 2886 470 in
2925 415 3029 470 illis
3052 417 3249 472 eodem
3281 418 3441 472 modo
3467 433 3556 474 na.

311 525 436 571 tura
481 527 604 583 quae
634 513 780 567 circa
816 508 1254 568 subsistentiam.

875 605 1126 660 ΚΕΦΑΛ.
1163 607 1283 660 ΛΖ’.

393 698 560 753 Ἀλλά
584 715 719 766 φασι
759 697 856 752 καὶ
883 695 999 748 τόδε
1027 696 1076 749 oi
1109 697 1287 751 πάντα
1321 695 1502 764 λέγειν
1542 693 1764 756 εἰδότες,
1799 693 1886 746 ἵνα

314 788 390 864 μὴ
419 793 484 862 τῇ
509 789 737 860 ἀληθείᾳ
753 789 1224 858 συμφθέγξωνται,
1255 789 1340 842 ἵνα
1371 789 1466 842 καὶ
1487 791 1602 852 τοῖς
1629 785 1688 852 ἐξ
1711 787 1886 857 ἀγρά-

313 900 413 953 φου
437 881 616 936 αὐτῶν
645 881 884 954 ῥήμασιν
913 879 1317 951 ὲπεξέλθωμεψ
1349 879 1430 933 ὅτι
1479 878 1592 932 ἰδοὺ
1617 878 1712 932 καὶ
1741 875 1885 930 κατὰ

307 973 408 1036 τὰς
437 971 711 1042 ὑμετέρας
743 969 1030 1033 ὑποθέσεις
1044 972 1136 1024 καὶ
1157 971 1526 1035 κατασκευάς,
1557 971 1653 1024 καὶ
1689 970 1753 1022 ἐκ
1785 969 1883 1039 μέ-

311 1079 436 1134 ρους
469 1063 564 1114 καὶ
593 1061 734 1115 κατά
762 1078 814 1114 τι
858 1059 1068 1126 ἔξεστιν
1119 1061 1402 1133 ὀνομάζειν
1427 1061 1573 1126 τινός
1609 1077 1731 1114 τινα
1781 1076 1886 1130 μη·

308 1153 462 1224 τέρα.
519 1151 646 1215 Πῶς
671 1147 764 1205 οὖν
791 1153 840 1205 εί
889 1152 964 1223 μὴ
1005 1151 1244 1222 άσαρκον
1283 1151 1611 1223 γεννηθῆναι
1663 1151 1796 1204 Θεὸν
1823 1149 1882 1214 ἐξ

307 1244 480 1313 αὐτῆς
519 1242 808 1310 δοξάζετε,
858 1241 1108 1310 λέγουσιν
1151 1244 1284 1312 ἡμῖν
1342 1242 1758 1314 ἀνθρωποτόκον
1787 1243 1881 1296 καὶ

305 1333 376 1386 ὲκ
399 1331 598 1404 μέρους
625 1331 830 1400 ταύτην
867 1331 1147 1402 Παρθένον
1181 1331 1558 1402 άντιφέρεσθε,
1610 1333 1880 1386 1682016-

304 1438 403 1488 κος
429 1422 598 1494 δνομα
631 1423 793 1494 μόνον
816 1424 954 1494 αὐτῇ
999 1424 1121 1477 κατ’
1151 1423 1430 1495 ἐξαίρετον
1448 1423 1881 1494 ἀποκληρώσαν-

305 1531 422 1578 τες,
488 1513 604 1567 ἀλλ’
631 1513 750 1566 οὐδὲ
783 1513 1150 1582 Χριστοτόκον
1181 1513 1246 1566 ὲκ
1286 1511 1380 1565 τοῦ
1413 1513 1538 1565 ὅλου
1577 1511 1880 1581 φάσκοντας

304 1605 478 1676 αὐτὴν
503 1605 852 1674 οἰκειότερον,
889 1604 1294 1674 καταδέχεσθε;
1334 1605 1443 1658 Καὶ
1475 1604 1613 1676 πρὸς
1636 1602 1795 1658 τοῦτο
1818 1601 1877 1655 δέ

304 1712 488 1766 φαμεν
501 1697 684 1758 αὐτοῖς
711 1695 928 1766 πρῶτον
952 1695 1072 1766 μὶν,
1088 1695 1214 1758 Πῶς
1241 1693 1468 1749 δύνασθε
1485 1693 1878 1764 άθλιοιάνθρω-

303 1787 536 1841 ποτὼων
548 1785 830 1856 ὀνομάζειν
837 1787 938 1856 τὴν
949 1784 1110 1854 άγίαν
1126 1785 1422 1857 Παρθένον,
1439 1785 1503 1839 ὲκ
1518 1784 1738 1856 μέρους,
1752 1784 1802 1836 oi
1818 1779 1876 1837 δὲ

301 1879 370 1932 ὲκ
387 1876 586 1950 μέρους
602 1877 773 1949 αὐτὴν
791 1877 1052 1932 Θεοτόκον
1077 1876 1363 1949 ὀνομάζειν
1393 1877 1468 1948 μὴ
1505 1868 1877 1946 καταδεξάμε-

2551 597 2702 652 CAP.
2745 598 3006 653 XXXV".

2054 687 2166 743 Sed
2200 688 2393 743 dicunt
2427 689 2533 744 hoc
2556 704 2796 760 quoque,
2828 691 2918 746 isti
2954 700 3147 746 cuncta
3176 691 3358 748 dicere
3383 695 3564 750 scicn-

1988 787 2092 840 tes,
2122 793 2192 834 ne
2226 781 2445 834 veritati
2470 781 2832 836 consonantia
2887 782 3207 852 loquantur,
3251 792 3307 837 et
3357 793 3415 838 ut
3457 801 3547 838 Cn-

1988 887 2109 925 rum
2165 887 2274 928 non
2333 873 2540 942 scripta
2605 873 2777 928 verba
2829 873 3214 945 impugncmus
3259 891 3277 928 τ
3314 891 3552 944 nempe.

1983 961 2290 1017 secundum
2323 973 2535 1018 vestras
2576 965 2988 1036 suppositiones
3023 974 3078 1020 et
3121 967 3559 1036 argumentatio-

1984 1067 2104 1118 nes,
2146 1061 2204 1108 et
2235 1067 2300 1108 ex
2330 1063 2484 1122 parte
2513 1064 2568 1108 ct
2598 1053 2900 1109 secundum
2936 1054 3068 1124 quid
3100 1057 3231 1112 licet
3271 1057 3556 1111 nominare

1982 1145 2214 1216 alicujus
2257 1144 2495 1215 aliquam
2523 1155 2792 1210 matrem;
2839 1146 3116 1215 quomodo
3155 1148 3340 1218 igitur,
3369 1148 3411 1204 si
3448 1163 3554 1201 non

1981 1236 2382 1306 incorporalem
2407 1238 2652 1308 genitum
2678 1237 2856 1294 fuisse
2885 1238 3055 1294 Deum
3093 1253 3157 1293 ex
3181 1241 3270 1293 illa
3294 1240 3553 1305 censetis,

1981 1326 2685 1399 nobisinquiunt,hominis
2709 1337 2936 1384 matrem
2967 1329 3131 1384 etiam
3153 1345 3216 1384 ex
3238 1331 3556 1400 partciliam

1979 1417 2261 1488 Virginem
2279 1419 2570 1482 accusatis,
2585 1420 2680 1476 Dei
2699 1419 2884 1475 Matris
2896 1420 3314 1490 appellationem
3328 1421 3406 1476 illi
3437 1439 3551 1492 spe-

1979 1509 2195 1564 cialiter
2232 1509 2619 1574 attribuentes,
2665 1511 2760 1566 sed
2789 1510 2993 1567 Christi
3033 1520 3262 1566 matrem
3295 1511 3352 1566 in
3384 1518 3558 1566 totum

1979 1615 2082 1654 nos
2111 1600 2514 1673 propriemagis
2537 1603 2686 1658 illam
2711 1603 3049 1674 appellantes
3073 1618 3183 1657 non
3197 1603 3450 1674 accipitis
3469 1605 3547 1656 ⁸3-

1977 1689 2050 1744 Et
2076 1691 2143 1744 ad
2168 1691 2280 1746 haec
2307 1693 2544 1762 primum
2569 1693 2690 1748 istis
2705 1693 2975 1750 dicimus:
2995 1693 3285 1760 Quomodo
3303 1691 3556 1764 potestis.

1979 1794 2013 1832 ο
2041 1779 2245 1846 miseri,
2273 1781 2514 1839 hominis
2530 1793 2759 1840 matrem
2782 1785 3068 1840 nominare
3101 1793 3345 1842 sanctam
3378 1785 3558 1857 1Virgi-

1981 1883 2106 1924 nem
2147 1885 2212 1924 ex
2239 1881 2412 1941 parte,
2435 1875 2530 1943 qui
2554 1889 2620 1929 ex
2639 1884 2793 1946 parte
2821 1875 2964 1931 hanc
2993 1875 3088 1931 Dei
3113 1877 3337 1932 Matrem
3373 1877 3554 1932 nomi-

299 1985 422 2036 νοις
449 1969 526 2024 Οὐ
547 1968 656 2040 γὰρ
687 1968 754 2023 δι’
772 1961 848 2023 ὧν
868 1983 952 2032 τις
975 1968 1152 2038 λόγων
1167 1967 1267 2031 τὰς
1293 1965 1586 2037 ὀνομασίας
1612 1968 1879 2021 ἀποσκευ-

1984 1978 2116 2017 nare
2133 1978 2241 2019 non
2265 1966 2626 2022 consentitis?
2653 1983 2762 2022 non
2787 1957 2934 2022 enim
2965 1982 3062 2037 per
3099 1984 3262 2039 quam
3287 1969 3555 2025 rationem

299 2057 496 2124 ἀξεται
538 2058 650 2112 τῶν
693 2057 1080 2123 ὲναντίων,διὰ
1101 2055 1309 2111 τούτων
1337 2057 1433 2111 καὶ
1479 2057 1878 2128 προϐάλλεσθαι

301 2147 530 2203 δύναται
558 2147 658 2212 τὰς
708 2147 862 2213 ιδίας,
894 2147 1032 2217 πλὴν
1063 2149 1112 2199 εί
1153 2146 1228 2218 μὴ
1261 2147 1379 2200 κατ’
1402 2146 1652 2211 ἐξουσίας
1679 2147 1880 2218 τρόπον

300 2238 466 2293 τοῦτο
494 2242 645 2311 ποιῇ.
677 2238 942 2310 Δεύτερον
967 2239 1023 2292 δὲ
1055 2237 1352 2292 ἀκούσεσθε
1373 2241 1502 2310 παρ’
1525 2239 1792 2310 ἡμῶν,ὡς
1823 2239 1882 2303 ἐξ

302 2332 528 2386 ἐκείνων
566 2331 854 2402 ὀνομάζειν
882 2331 992 2385 τῶν
1019 2331 1202 2403 μερῶν
1239 2333 1302 2386 τὸ
1341 2333 1485 2399 ὅλον,
1512 2331 1632 2397 ἔθος
1665 2335 1732 2404 τῇ
1759 2333 1881 2404 θείᾳ

304 2423 500 2495 Γραφῇ
525 2423 862 2492 σαφέστατα,
883 2423 995 2477 τῶν
1011 2425 1134 2476 κατ’
1165 2423 1522 2496 ἐπικράτειαν
1551 2419 1692 2477 εἶναι
1721 2425 1778 2476 εν
1801 2423 1882 2492 τῷ

305 2514 551 2586 συνθέτῳ
585 2515 925 2586 φαινομένων
946 2530 958 2544 ·
993 2515 1089 2569 καὶ
1117 2515 1229 2587 γάρ
1253 2515 1710 2587 ὡμολογημένως,
1734 2515 1798 2568 ἐκ
1821 2531 1882 2569 τε

307 2605 486 2675 ψυχῆς
532 2607 628 2659 καὶ
691 2605 944 2676 σώματος
1004 2605 1114 2659 τῶν
1165 2604 1475 2676 ἀνθρώπων
1531 2604 1882 2659 συνεστώτων

306 2695 552 2762 πάντων,
605 2696 754 2766 ὅμως
805 2698 970 2768 ἡνίκα
1002 2700 1032 2752 ὁ
1093 2699 1236 2752 κατὰ
1291 2697 1522 2770 θάτερον
1577 2699 1742 2768 μέρος
1781 2697 1882 2768 τῆς

311 2786 614 2848 συνθέσεως
657 2789 1000 2860 ἐπεκράτησε
1047 2788 1142 2844 τοῦ
1179 2789 1318 2860 βίου,
1351 2791 1445 2844 καί
1477 2789 1578 2860 τῆς
1600 2789 1748 2860 ζωῆς
1772 2789 1882 2842 τῶν
1907 2838 1922 2850 ,

309 2873 614 2944 ἀνθρώπων
647 2876 826 2946 λόγος,
853 2880 1070 2950 εἴρηται
1101 2879 1178 2944 ὡς
1197 2879 1258 2934 οὐ
1277 2881 1353 2951 μὴ
1387 2880 1546 2952 μείνῃ
1569 2880 1629 2934 τδ
1658 2877 1886 2950 Πνεῦμά

309 2982 417 3036 μου
437 2967 494 3019 ὲν
525 2969 638 3031 τοῖς
655 2968 961 3040 ἀνθρώποις
987 2969 1218 3036 τούτοις,
1270 2971 1359 3024 διὰ
1399 2972 1461 3024 τὸ
1512 2967 1650 3023 εἶναι
1685 2970 1885 3032 αὐτοὺς

305 3054 522 3126 σάρκας
539 3071 553 3086 '
582 3056 676 3109 καί
717 3073 800 3110 τοι
824 3057 1283 3128 ὡμολογημέναις,
1309 3059 1411 3111 οὐκ
1463 3058 1688 3128 ἀψύχων
1715 3059 1884 3111 ὄντων

309 3152 420 3206 τῶν
443 3152 722 3224 σαρκικῶς
747 3151 1004 3222 βιούντων
1021 3153 1164 3221 τότε,
1189 3153 1306 3208 ἀλλ’
1332 3155 1798 3225 ἐπικρατηθέντος
1817 3155 1881 3224 τῇ

310 3245 468 3316 φύσει
495 3246 594 3316 τῆς
623 3244 854 3315 σαρκὸςο
895 3243 1086 3298 Ἰακὼό
1101 3245 1156 3298 δὲ
1185 3244 1346 3301 πάλιν
1376 3249 1433 3300 ὲν
1460 3252 1501 3300 o’
1526 3245 1726 3316 ψυχαῖς
1762 3248 1880 3343 εἰσ·
1907 3280 1954 3343 C

309 3335 446 3390 ιέναι
481 3335 560 3398 εἰς
623 3334 724 3407 τὴν
753 3335 1026 3404 Αἴγυπτον
1064 3335 1506 3408 ἀναγέγραπται,
1539 3337 1642 3390 οὐκ
1657 3335 1884 3408 άσωμάο

304 3443 415 3490 τως
429 3426 671 3496 δηλονότι
689 3428 790 3497 τὴν
817 3425 1124 3498 παρουσίαν
1145 3431 1326 3482 ἐκεῖσε
1357 3429 1722 3500 ποιησάντων,
1746 3429 1884 3483 ἀλλὰ

307 3518 416 3571 τῶν
454 3518 514 3582 ἐξ
561 3518 753 3572 Ἰακὼϐ
795 3521 863 3590 τῇ
912 3520 1056 3574 κατὰ
1081 3519 1144 3574 τὸ
1173 3522 1426 3591 κρεῖττον
1449 3520 1560 3575 τῶν
1597 3523 1656 3574 ὲν
1682 3521 1761 3592 τῷ
1789 3525 1886 3576 άν-

303 3609 514 3682 θρώπῳ
547 3611 792 3683 πολιτείᾳ
827 3613 1296 3685 μαρτυρουμένων
1316 3631 1330 3646 ·
1357 3615 1464 3680 ἕως
1485 3615 1884 3686 πληθυνθέντες

307 3704 359 3756 oi
383 3703 490 3756 uici.
523 3701 758 3776 Ἰσραὴλ,
779 3703 987 3774 χυδαῖοι
1029 3705 1310 3774 ιγένοντοο
1337 3707 1534 3760 οὐκοῦν
1559 3707 1784 3771 δεόντως
1815 3709 1880 3779 τῇ

303 3793 403 3847 τοῦ
425 3792 573 3846 θείου
596 3795 797 3864 μέρους
826 3795 1152 3868 ἐπικρατείᾳ
1179 3795 1346 3861 ὁσίως
1365 3814 1428 3851 τε
1462 3799 1556 3852 καὶ
1579 3800 1690 3862 τοῖς
1717 3799 1884 3868 ἱεροῖς

307 3884 488 3954 λόγοις
521 3885 852 3950 ἀκολούθως,
893 3886 1027 3941 Θεὸν
1052 3887 1144 3942 τὸν
1172 3888 1292 3942 ὅλον
1325 3890 1561 3959 Χριστὸν
1613 3888 1880 3960 ὀνομάζο-

313 3989 444 4045 μεν·
473 3974 707 4044 μάλιστα
734 3974 792 4028 δὲ
843 3975 928 4028 ὅτι
969 3977 1066 4030 καὶ
1113 3976 1177 4030 τὸ
1211 3976 1526 4032 ίδικώτατον
1574 3975 1708 4032 Θεοῦ
1739 3995 1882 4048 γνω-

311 4067 592 4136 ριστήριον
620 4068 678 4118 ἐν
707 4064 786 4136 τῷ
815 4067 1120 4122 κατάύτδν
1148 4067 1280 4140 ὅλῳ,
1317 4070 1412 4124 καὶ
1454 4069 1558 4124 οὐκ
1587 4071 1646 4124 έν
1671 4069 1752 4142 τῷ
1799 4070 1883 4124 ἐνὶ

314 4155 474 4226 μόνον
505 4155 660 4226 μέρει
691 4153 1026 4228 θεωροῦμεν,
1048 4157 1188 4229 ὅπερ
1226 4157 1345 4212 ἐστὶ
1382 4159 1444 4212 τὸ
1460 4160 1878 4231 ἀναμάρτητον·

309 4245 390 4300 ἔτι
421 4248 528 4317 μὴν
573 4249 668 4300 καὶ
705 4249 884 4302 πᾶσαν
915 4247 1192 4324 θεοπρεπῆ
1241 4251 1440 4322 πρᾶξιν
1483 4255 1544 4308 ὲν
1572 4252 1722 4325 αὐτῷ
1775 4252 1882 4324 ὅλῳ

305 4337 670 4409 γινώσκομεν.

379 4429 574 4505 Τρίτον
601 4432 656 4484 δὲ
692 4433 820 4504 ύμῖν
845 4451 1026 4506 φαμεν
1053 4453 1068 4468 ο
1115 4437 1245 4503 Πῶς
1273 4440 1490 4494 πάντων
1517 4439 1626 4494 τῶν
1674 4439 1882 4514 κυρίων

302 4521 604 4590 ὀνομάτων.
641 4521 877 4592 μάλιστα
900 4525 1010 4578 τῶν
1038 4527 1374 4599 φερωνύμως
1414 4531 1704 4600 κειμένων,
1732 4529 1884 4600 ίδικῷ

1981 2053 2179 2124 aliquis
2217 2054 2698 2113 denominationes
2719 2057 3126 2114 contrariorum
3182 2057 3362 2129 reiicit
3388 2101 3402 2124 ,
3459 2075 3556 2129 prr

1980 2143 2234 2200 eamdem
2282 2155 2465 2216 potest
2513 2147 2760 2218 proprias
2801 2149 3110 2216 admittere,
3155 2151 3261 2206 nisi
3309 2151 3414 2206 hoc
3460 2167 3559 2222 per

1981 2235 2264 2292 licentiam
2313 2238 2500 2309 faciat.
2552 2239 2812 2296 Secundo
2861 2251 3044 2296 autem
3081 2243 3267 2298 audite
3309 2259 3340 2298 e
3374 2244 3556 2308 nobis,

1981 2327 2441 2396 quemadmodum
2467 2344 2532 2384 ex
2557 2330 2920 2401 his-partibus
2951 2340 3124 2388 totum
3167 2334 3439 2404 appellem
3467 2349 3558 2388 as-

1982 2418 2232 2473 sueverit
2256 2419 2512 2489 profecto
2537 2421 2832 2492 Scriptura
2865 2420 3076 2488 divina,
3101 2440 3224 2495 qum
3259 2425 3313 2480 in
3333 2441 3562 2496 compo-

1981 2507 2090 2562 sito
2115 2508 2384 2566 dominari
2420 2511 2698 2568 videntur.
2755 2513 2993 2580 Etenim,
3023 2523 3083 2570 ut
3137 2515 3240 2586 ipsi
3287 2516 3556 2580 fatemini,

1977 2609 2048 2650 ex
2078 2597 2258 2652 anima
2281 2607 2339 2654 et
2361 2615 2594 2670 corpore
2614 2616 2742 2657 cum
2777 2618 2969 2660 omnes
3001 2612 3258 2660 constant
3281 2605 3558 2668 homines,

1981 2695 2226 2756 attamen
2252 2690 2474 2760 quando
2493 2692 2548 2746 in
2573 2693 2803 2748 alteram
2831 2695 3124 2765 compositi
3150 2705 3362 2766 partem
3386 2697 3563 2752 domi-

1982 2777 2224 2832 nabatur
2254 2779 2382 2834 vitae
2424 2789 2481 2836 et
2513 2781 2872 2839 animalitatis
2915 2785 3200 2840 hominum
3259 2788 3435 2852 ratio,
3473 2787 3560 2842 di-

1985 2877 2134 2922 ctum
2168 2871 2422 2941 estquod
2448 2887 2558 2928 non
2595 2882 2810 2930 maneat
2843 2876 3074 2947 spiritus
3103 2886 3262 2932 meus
3289 2879 3344 2932 in
3377 2879 3558 2934 homi-

1984 2956 2150 3012 nibus
2192 2957 2314 3013 istis
2343 2975 2411 3015 eo
2455 2961 2602 3032 quod
2649 2979 2781 3020 caro
2806 2964 2951 3032 sint;
2984 2982 3174 3023 verum
3223 2969 3352 3055 sine
3389 2969 3563 3024 dubio

1984 3063 2095 3102 non
2139 3049 2346 3120 absque
2376 3053 2557 3109 anima
2582 3065 2742 3111 erant
2769 3057 2862 3113 isti
2894 3058 2988 3129 qui
3018 3061 3312 3116 carnaliter
3327 3049 3457 3116 “tum
3483 3063 3564 3117 vi-

1984 3139 2204 3204 vebant,
2222 3140 2320 3196 sed
2330 3143 2720 3200 dominabatur
2741 3155 3121 3205 naturaacaro.
3138 3151 3310 3206 Iacob
3336 3167 3560 3224 quoque

1985 3243 2110 3285 cum
2145 3231 2492 3302 septuaginta
2535 3233 2827 3292 animabus
2854 3236 3136 3308 ingressus
3151 3257 3280 3298 esse
3309 3243 3366 3296 in
3393 3242 3558 3316 [Egy-

1983 3328 2137 3390 ptum
2160 3321 2424 3376 scribitur
2452 3339 2561 3378 non
2595 3324 2930 3396 incorporali
2957 3334 3246 3400 praesemia
3281 3333 3360 3389 ibi
3389 3335 3561 3405 signi-

1983 3408 2164 3475 ﬁcata,
2214 3413 2308 3466 sed
2351 3412 2589 3470 ﬁliorum
2627 3417 2798 3474 Iacob
2829 3428 2985 3490 parte
3012 3437 3050 3477 e
3071 3422 3290 3482 duabus
3321 3425 3561 3482 hominis

1983 3501 2236 3570 partibus
2277 3504 2506 3560 meliore
2527 3507 2790 3575 indicata,
2837 3513 3147 3582 usquedum
3186 3519 3332 3572 aucti
3365 3517 3461 3574 ﬁlii
3486 3519 3562 3575 ls-

1982 3592 2120 3657 rael,
2169 3596 2453 3652 numerosi
2505 3597 2635 3654 facti
2670 3607 2822 3655 sunt.
2850 3601 3028 3672 Igitur
3053 3607 3450 3663 convenienter
3491 3624 3560 3665 ex

1983 3681 2186 3739 divine
2231 3687 2406 3755 partis
2432 3691 2754 3758 praestantia
2785 3693 3048 3764 religioso
3068 3698 3236 3753 modo
3275 3710 3331 3754 et
3387 3705 3560 3760 sacris

1983 3777 2168 3832 verbis
2187 3789 2586 3851 consentanea,
2607 3784 2780 3840 Deum
2799 3785 3081 3844 Christum
3111 3799 3286 3848 totum
3319 3797 3559 3866 appella-

1985 3881 2148 3933 mus;
2177 3871 2482 3939 praesertim
2517 3873 2645 3943 quia
2693 3875 2979 3946 proprium
3011 3881 3247 3937 maxime
3279 3883 3374 3939 Dei
3395 3888 3559 3943 attri-

1983 3954 2177 4012 butum
2207 3956 2263 4012 in
2291 3967 2412 4015 toto
2431 3959 2673 4030 Christo,
2697 3972 2752 4019 et
2787 3981 2894 4020 non
2929 3967 2984 4022 in
3015 3985 3124 4024 una
3151 3978 3364 4028 tantum
3397 3987 3558 4046 parte

1979 4046 2284 4110 cernimus,
2327 4049 2477 4118 quod
2527 4059 2614 4107 est
2647 4053 3113 4126 impeccabilitas;
3163 4060 3346 4118 adhuc
3391 4065 3552 4122 etiam

1981 4148 2202 4192 omnem
2227 4136 2429 4194 divina:
2472 4143 2896 4200 convenientem
2937 4155 3150 4206 natura
3184 4152 3464 4210 actionem
3495 4156 3553 4211 in

1981 4225 2088 4283 hoc
2129 4235 2242 4284 toto
2265 4231 2631 4302 agnoscimus.

2050 4445 2240 4506 Tertio
2263 4459 2447 4509 autem
2475 4452 2636 4513 vobis
2673 4459 2948 4516 dicimus:
2971 4461 3255 4530 Quomodo
3285 4482 3408 4524 cum
3435 4485 3553 4525 οω-

1981 4540 2073 4594 nia
2107 4543 2328 4611 propria
2360 4542 2476 4598 sint
2513 4549 2760 4616 nomina,
2791 4554 3100 4620 praesertim
3135 4571 3257 4626 quae
3282 4559 3553 4632 signiﬁca-

300 4627 412 4664 τινι
445 4613 790 4684 γνωρίσματι
823 4617 978 4687 παρὰ
1013 4619 1139 4684 τοὺς
1192 4619 1412 4684 λοιποὺς
1449 4623 1558 4676 τῶν
1615 4621 1874 4695 ὁμοειδῶν

1984 4631 2092 4686 live
2119 4645 2428 4700 versantur,
2455 4638 2784 4706 particulare
2808 4650 2864 4697 et
2882 4644 3255 4712 praescindens
3286 4613 3430 4706 in‘ier
3462 4667 3551 4708 re-

307 4703 402 4756 καὶ
455 4703 855 4777 ὑπεξῃρημένῳ
895 4710 1334 4781 σημαινομένων,
1366 4711 1453 4766 ἵνα
1505 4709 1680 4777 οὕτως
1705 4717 1876 4769 νοοῦιο

307 4793 429 4848 κατ’
463 4796 597 4850 αὐτὸ
631 4797 692 4849 τὸ
731 4797 1022 4868 πρόσωπον
1045 4800 1229 4866 ίδικῶς
1247 4797 1308 4858 οὗ
1332 4805 1478 4857 ἐστιν
1499 4805 1535 4876 ἡ
1567 4804 1758 4876 κλῆσις
1779 4807 1874 4860 τοῦ

304 4885 589 4956 ὀνόματος,
608 4887 1027 4959 άνθρωποτόκον
1041 4890 1221 4959 λέγειν
1245 4893 1342 4962 τὴν
1366 4893 1638 4964 Παρθένον
1667 4897 1764 4966 τὴν
1780 4896 1873 4950 τοῦ

306 4975 442 5028 Θεοῦ
463 4977 640 5044 Λόγου
665 4977 964 5051 γενομένην
989 4981 1222 5050 Μητέρα
1244 4982 1500 5052 βούλεσθε
1522 5004 1538 5050 ;
1575 4987 1731 5041 Πᾶσα
1769 4988 1878 5058 γάρ

307 5068 403 5121 καὶ
440 5069 602 5135 ἑτέρα
621 5069 860 5124 τεκοῦσα
886 5071 944 5124 ὲν
974 5072 1284 5145 ἀνθρώποις
1333 5078 1489 5148 γυνὴ,
1524 5076 1602 5148 τῷ
1647 5077 1878 5149 ὀνόματι

305 5158 479 5230 τούτῳ
530 5161 996 5234 προσαγορεύεται
1031 5179 1092 5216 τε
1137 5165 1233 5218 καὶ
1281 5168 1629 5238 σημαίνεται.
1653 5171 1732 5224 υύ
1767 5173 1876 5244 γὰρ

305 5245 464 5301 τοῦτο
490 5247 668 5318 ίδικῆς
695 5267 862 5314 τινος,
895 5250 1033 5306 ἀλλὰ
1067 5253 1252 5323 πάσης
1293 5255 1553 5322 γυναυὼς
1585 5259 1870 5329 ὀνομασία.

307 5335 430 5398 Πῶς
461 5331 554 5390 οὖν
587 5335 740 5390 ἔσται
777 5337 965 5409 κύριον
998 5343 1100 5412 τῆς
1124 5341 1437 5412 Παρθένου;
1483 5343 1730 5408 Ἰδιάζειν
1764 5348 1874 5420 γάρ

310 5425 386 5481 δεῖ
405 5428 474 5480 τά
509 5426 618 5482 τῶν
658 5428 1040 5485 ύποστάσεων*
1073 5433 1167 5486 καὶ
1211 5433 1331 5498 πῶς
1370 5452 1424 5488 τι
1475 5436 1641 5506 αὐτὴν
1686 5441 1750 5495 ἐκ
1776 5440 1871 5494 τοῦ

307 5517 489 5572 διοινοῦ
547 5519 968 5590 προσαγορεύων
1015 5522 1307 5596 ὀνόματος,
1361 5525 1545 5590 ίδικῶς
1591 5529 1870 5600 σημαίνει,

305 5607 496 5679 ὥσπερ
511 5607 668 5662 εἴωθε
681 5610 750 5663 τὰ
766 5609 1102 5666 καθέκαστον
1117 5614 1360 5684 ὀνόματα
1378 5617 1573 5688 δηλοῦν
1593 5619 1684 5673 τὸν
1703 5620 1869 5690 Salva;

307 5701 368 5756 Et
421 5700 532 5772 γάρ
565 5701 660 5756 καὶ
705 5701 780 5766 ὡς
829 5703 1078 5758 ἐπίθετον
1129 5707 1382 5780 ληφθείη,
1436 5711 1553 5762 ἀλλ’
1601 5712 1676 5778 ὡς
1705 5713 1870 5772 ίδικδν

697 5793 966 5856 ΡΑΤιοι..
1011 5795 1132 5858 Gn.
1175 5800 1524 5866 LXXXVI.

1980 4721 2158 4791 liquas
2187 4723 2396 4780 similes
2425 4742 2694 4796 personas
2725 4731 2994 4790 indicium
3023 4736 3365 4809 exhibentia;
3392 4741 3466 4798 ita
3493 4755 3552 4800 ut

1981 4811 2062 4866 sic
2093 4812 2430 4884 intelligatur
2451 4817 2508 4872 in
2539 4818 2690 4875 illam
2721 4823 2896 4892 ipsam
2923 4841 3214 4895 personam
3247 4832 3404 4902 cujus
3425 4849 3554 4902 pro.

1981 4901 2163 4992 prium
2193 4913 2298 4969 est,
2350 4908 2597 4966 nominis
2633 4914 2956 4982 appellatio,
2993 4916 3235 4976 hominis
3264 4901 3550 4992 parentem

1985 4991 2172 5048 dicere
2198 4994 2478 5065 Virginem
2505 4999 2604 5055 Dei
2626 4999 2792 5058 Verbi
2823 5004 3052 5062 Matrem
3075 4991 3279 5066 factam
3319 5024 3554 5072 conten-

1985 5079 2163 5138 ditis?
2187 5083 2378 5142 Omnis
2424 5087 2572 5142 enim
2621 5098 2678 5146 et
2717 5091 2824 5148 alia
2863 5095 3085 5164 pariens
3118 5097 3264 5156 inter
3295 5103 3554 5162 homines

1985 5173 2205 5240 mulier,
2229 5175 2336 5232 hoc
2365 5179 2561 5235 eodem
2596 5183 2819 5239 nomine
2851 5185 3058 5242 dicitur
3091 5200 3148 5246 et
3177 5191 3551 5264 signiﬁcatur;

1982 5278 2108 5319 nam
2139 5267 2373 5340 alicujus
2412 5271 2763 5340 particularis
2807 5291 2920 5332 non
2948 5288 3052 5346 est,
3091 5284 3188 5338 sed
3217 5287 3396 5342 omnis
3427 5305 3553 5360 mu;

1979 5353 2135 5448 lieris
2184 5358 2649 5428 appellatiozcur
2701 5381 2813 5422 non
2866 5370 2976 5425 erit
3005 5376 3226 5444 propria
3275 5353 3555 5448 Virginis?

1977 5445 2324 5518 Distinguere
2343 5453 2490 5508 enim
2511 5465 2728 5526 oportet
2747 5475 2867 5529 qua:
2881 5463 3236 5532 pertinentad
3254 5445 3558 5526 subsisten-

1982 5538 2104 5602 tias,
2133 5548 2188 5594 et
2216 5545 2496 5610 quomodo
2541 5549 2768 5619 aliquid,
2824 5551 2966 5608 hanc
2991 5559 3274 5612 communi
3327 5562 3552 5618 nomine

1979 5631 2280 5700 appellans,
2319 5637 2732 5704 particulariter
2755 5645 3047 5715 signiﬁcat,
3089 5649 3234 5704 sicut
3271 5666 3554 5712 assuetum

1957 5730 2064 5776 est
2109 5723 2322 5794 singula
2363 5730 2587 5788 nomina
2639 5735 2800 5790 talem
2833 5739 3125 5807 quemdam
3175 5741 3418 5801 indicare
3443 5751 3464 5801 ’ί
3493 5751 3550 5805 Si

3107 5831 3182 5893 51¢
