3852 6134
337 296 472 361 nos
1272 301 1668 364 anvnnsus
1705 303 1871 388 ann

1974 305 2250 366 ilANOS.
2270 332 2338 341 -
2363 308 2508 368 LIB.
2553 310 2648 369 Ν.
3052 327 3056 332 '
3433 306 3566 370 Γίίῦ

334 412 432 480 μὲν
455 410 577 464 τάδε
601 427 614 440 ο
652 411 769 477 πῶς
799 411 854 466 δὲ
901 413 993 466 καὶ
1051 413 1204 466 αὐτοὶ
1241 413 1658 482 ἀνθρωποτὸκον
1697 415 1761 466 ἐκ
1801 415 1867 481 μέ

2003 425 2105 480 ter,
2141 417 2194 469 in
2233 417 2322 472 illa
2351 433 2672 487 persuasum
2703 419 2969 476 habentes
3010 421 3224 490 impleri
3269 419 3376 477 hoc
3404 439 3563 480 voca—

333 521 460 572 pou;
481 503 652 575 αὐτὴν
694 505 874 574 λέγειν
907 503 1203 574 βούλονται,
1263 507 1591 561 εἰπάτωσαν.
1649 507 1710 559 Ei
1758 506 1871 577 μηδὲ

1998 506 2209 562 bulum.
2257 510 2323 568 Et
2369 509 2484 572 haec
2533 511 2757 582 quidem
2803 513 2957 568 satis.
2993 511 3281 580 Quomodo
3305 523 3486 570 autem
3509 525 3564 571 et

329 596 587 660 Θεοτόκος
640 597 703 658 ἐκ
759 597 961 668 μέρους
1008 599 1196 663 ὅντως.
1245 599 1448 668 ὅπουγε
1491 599 1559 653 τὰ
1595 599 1754 668 λόγια
1801 616 1871 652 κα

1995 599 2086 656 isti
2134 599 2374 658 hominis
2403 601 2626 662 Matrem
2673 621 2740 660 ex
2782 613 2938 675 parte
2972 605 3118 665 illam
3151 606 3338 663 dicere
3373 607 3562 670 velint,

327 684 506 758 ψυχὴν
544 689 702 758 μόνον
736 691 824 744 τὸν
851 691 1158 761 ἄνθρωπον,
1193 691 1284 746 καὶ
1323 693 1500 762 σάρκα
1547 692 1724 760 μόνως
1763 691 1893 744 ἑκά-

325 778 487 831 λεσαν
514 795 528 810 ο
559 782 652 833 καὶ
679 781 711 850 ἡ
739 780 890 850 κοινὴ
925 781 982 835 δὲ
1022 783 1240 835 πάντων
1263 781 1481 852 χρῆσις,
1525 781 1628 844 ἕως
1662 781 1756 834 τοῦ
1797 781 1892 834 νῦν

331 871 468 938 μήτε
504 869 939 940 ἀνθρωποτόκος,
973 873 1110 942 μήτε
1149 871 1411 936 Θεοτὸκος
1451 873 1515 924 ὲκ
1569 871 1768 942 μέρους
1798 871 1890 924 λέ-

327 972 496 1025 γοιτο.
527 956 774 1030 ἄτοκοςῆ
809 959 1090 1030 ἀνώνυμος
1130 961 1282 1017 ἔσται
1341 961 1480 1013 κατά
1519 977 1579 1028 γε
1615 963 1676 1012 τὸ
1717 961 1890 1036 ὄνομα

322 1056 386 1104 τὸ
416 1054 641 1117 φυσικὸν
669 1053 762 1106 τοῦ
794 1053 1072 1124 τεχθέντος
1104 1057 1164 1120 ἐξ
1185 1057 1350 1125 αὐτῆς
1371 1071 1386 1086 ⁸
1417 1055 1476 1110 τὸ
1502 1057 1607 1128 γὰρ
1633 1054 1886 1127 Χριστὸς,

325 1143 695 1212 προσωπικδν,
734 1145 826 1196 καὶ
854 1147 914 1197 οὐ
947 1147 1194 1211 φυσικὸν,
1225 1146 1346 1200 οὐδὲ
1377 1147 1470 1200 τοῦ
1507 1143 1678 1209 εἴδους
1717 1145 1890 1216 ὄνομά

321 1231 493 1294 ἐστιν,
520 1231 606 1283 ἵνα
631 1231 844 1305 λέγοιτο
867 1235 1248 1304 Χριστοτόκος,
1274 1235 1412 1288 ἀλλὰ
1445 1234 1540 1288 τοῦ
1573 1236 1885 1305 προσώπου,

321 1320 398 1381 ὠς
427 1322 478 1372 εἰ
509 1321 600 1372 καί
641 1299 964 1386 Ἰαννοτόκος
995 1325 1026 1394 ἡ
1065 1324 1347 1378 Ἐλισάϐετ
1383 1325 1614 1393 λέγοιτο,
1663 1327 1799 1397 ὅπερ
1826 1327 1888 1379 ού

321 1411 418 1464 νῦν
444 1414 557 1466 ἐστι
609 1411 669 1465 τὺ
707 1413 1036 1482 ζητούμενον
1082 1417 1235 1486 ἡμῖν,
1269 1416 1384 1470 ἀλλ’
1415 1417 1562 1480 ὅπως
1611 1417 1676 1474 ἂν
1701 1417 1766 1470 ἐκ
1789 1417 1890 1488 τῆς

321 1503 536 1569 φύσεως
565 1502 656 1556 τοῦ
685 1505 963 1574 τεχθέντος
997 1503 1230 1574 λέγοιτο.

391 1682 454 1734 ΕΞ
488 1681 544 1735 δὲ
593 1683 687 1736 καὶ
720 1683 855 1754 πρὸς
895 1683 1019 1736 τάδε
1056 1701 1138 1746 τις
1191 1683 1336 1738 εἴποι
1375 1685 1459 1739 ὅτι
1500 1685 1594 1740 καὶ
1626 1685 1886 1749 θεοτόκος

319 1771 496 1828 κοινόν
519 1789 572 1826 τι
617 1773 784 1841 ῦνομα
813 1774 920 1826 ἀπὸ
951 1773 1164 1844 φύσεως
1203 1773 1298 1826 τοῦ
1351 1774 1633 1844 τεχθέντος
1673 1775 1886 1829 ἐπικείσ
1919 1750 1960 1806 Β

323 1879 482 1934 μενον
517 1865 608 1916 καὶ
635 1863 712 1935 τῷ
749 1863 924 1934 Πατρὶ
945 1863 1038 1918 καὶ
1058 1867 1126 1937 τῇ
1155 1864 1340 1936 Μητρὶ
1375 1864 1468 1918 τοῦ
1495 1865 1699 1935 Κυρίου
1742 1867 1882 1934 ἐστὶ,

315 1953 415 2011 καὶ
444 1954 622 2026 δέονῆ
661 1955 716 2007 ἐν
763 1956 964 2024 ἀμφοῖν
1014 1957 1204 2026 ὁμοίαν
1252 1955 1576 2027 θεωρεῖσθαι
1627 1957 1884 2028 γέννησιν

315 2047 504 2110 αὑτοῦ,
557 2046 590 2118 ἢ
627 2049 691 2118 τῇ
726 2051 1036 2120 κυριωτέρα
1073 2047 1532 2118 προσκυρωθῆναι
1571 2049 1634 2102 τὺ
1669 2049 1879 2120 ὄνομα·

315 2137 440 2189 ἐπεὶ
470 2133 560 2190 οὖν
596 2137 755 2204 μόνον
781 2153 840 2190 τε
869 2135 1002 2190 Θεὸν
1024 2141 1116 2190 καὶ
1141 2139 1220 2199 είς
1249 2138 1310 2190 τὸ
1337 2133 1498 2204 εἶναι,
1527 2140 1574 2190 εί
1599 2137 1693 2192 καὶ
1715 2139 1876 2209 ἀχρό-

313 2243 442 2288 νως,
491 2227 584 2278 καὶ
617 2227 703 2279 del.
745 2227 978 2298 προάγει
1017 2229 1046 2282 ό
1084 2229 1273 2301 Πατὴρ
1321 2227 1414 2282 τὸν
1465 2228 1614 2295 Υἰὺν,
1656 2228 1773 2294 πῶς
1819 2229 1880 2284 οὐ

317 2317 522 2389 μᾶλλον
575 2319 738 2380 αὐτὸς
796 2320 980 2384 ίδικῶς
1025 2319 1090 2374 ἂν
1126 2320 1338 2388 λέγοιτο
1385 2319 1645 2385 Θεοτόκος
1697 2323 1880 2393 μόνος,

313 2410 508 2472 κοινῶς
539 2409 594 2462 δὲ
623 2409 796 2476 οὐδεὶς
833 2411 930 2463 σὺν
956 2410 1141 2480 αὖτῷς
1184 2410 1298 2464 ἀλλ’
1335 2411 1558 2480 εύδηλον
1581 2411 1656 2475 ὡς
1689 2413 1750 2466 ού
1784 2412 1880 2467 δύο

312 2516 470 2552 ναται
499 2503 563 2552 ἐκ
613 2501 712 2569 τῆς
749 2499 936 2564 οὐσίας
967 2503 998 2555 ό
1030 2501 1216 2572 Πατὴρ
1263 2501 1514 2570 λέγεσθαι
1550 2503 1778 2566 τοκεύς·
1815 2505 1878 2558 οὐ

313 2590 422 2662 γὰρ
453 2591 638 2644 οὐσίαν
669 2591 859 2662 ἑτέραν
909 2593 1126 2664 ἀριθμῷ
1163 2593 1324 2664 ἑτέρα
1371 2594 1525 2648 ἔτεκε
1572 2595 1694 2650 θεία
1717 2613 1730 2628 ο
1755 2613 1875 2668 τρι-

309 2679 461 2746 θεῖας
494 2683 600 2751 γὰρ
619 2683 783 2756 τόδεί
826 2683 962 2738 ἀλλὰ
1003 2685 1111 2739 τῶν
1137 2685 1235 2754 τῆς
1263 2686 1434 2756 αὐτῆς
1473 2685 1642 2740 ὄντων
1687 2687 1878 2752 οὐσίας

312 2775 440 2842 μιᾶς
469 2773 740 2844 διαφόρων
768 2751 1078 2843 ῖδιωμάτων
1111 2751 1338 2845 θάτερον
1364 2751 1595 2846 θατέρου
1623 2777 1796 2832 αἴτιον
1819 2781 1878 2834 ἐν

309 2865 446 2934 αὐτῇ
464 2881 478 2895 ·
509 2865 568 2918 τὸ
597 2868 704 2936 γὰρ
724 2865 814 2917 νοῦ
837 2867 932 2920 καὶ
953 2868 1260 2938 ἐπιστήμης
1290 2867 1534 2922 δεκτικὸν
1561 2871 1659 2940 τῆς
1687 2871 1878 2936 οὐσίας

309 2958 496 3021 Δασὶδ,
531 2957 690 3010 τοῦτο
717 2960 888 3012 αἴτιον
917 2959 1009 3011 τοῦ
1063 2959 1332 3030 μουσικοῦ
1367 2960 1533 3014 αὐτοῦ
1567 2962 1874 3032 ἰδιώματος,

1991 691 2315 764 loquantur;
2349 694 2452 749 nisi
2477 711 2607 752 vero
2633 697 2728 753 Dei
2755 695 2926 752 Mater
2948 713 3016 754 ex
3065 707 3219 770 parte
3251 699 3325 756 sit
3347 711 3562 764 revera,

1988 781 2435 854 quandoquidem
2464 785 2764 858 Scriptum
2788 789 3031 849 animam
3051 789 3231 846 solum
3257 789 3560 854 hominem,

1990 877 2046 924 et
2077 886 2298 930 carnem
2333 875 2511 936 solum
2539 885 2830 932 vocarunt.
2867 876 2934 935 Et
2979 879 3258 941 communi
3311 881 3558 936 omnium

1992 975 2128 1034 usu‘;
2165 964 2410 1032 quandiu
2441 981 2618 1037 neque
2641 967 2881 1032 hominis
2903 969 3073 1027 Mater
3100 985 3276 1044 neque
3299 969 3396 1026 Dei
3445 969 3556 1026 Ma‘

1995 1058 2078 1105 ter
2099 1067 2166 1106 ex
2209 1061 2364 1122 parte
2411 1061 2659 1122 vocatur,
2695 1057 2814 1114 sine
2862 1067 3024 1130 partu
3073 1069 3132 1118 et
3183 1060 3302 1117 sine
3337 1061 3560 1118 nomine

1989 1139 2117 1204 erit,
2141 1141 2186 1196 si
2212 1159 2412 1205 nomen
2455 1147 2707 1204 naturale
2739 1147 3066 1206 observetur
3095 1151 3215 1222 ejus
3245 1151 3343 1221 qui
3365 1166 3432 1206 ex
3465 1153 3559 1208 illa

1990 1233 2208 1301 genitus
2262 1243 2366 1290 est.
2414 1233 2620 1294 Christi
2655 1239 2804 1294 enim
2851 1256 3073 1305 nomen,
3122 1256 3390 1312 personas,
3447 1259 3556 1300 non

1989 1333 2233 1392 naturas;
2265 1343 2442 1398 neque
2481 1331 2684 1400 speciei
2716 1347 2916 1389 nomen
2947 1341 3052 1399 est,
3085 1345 3148 1390 ut
3171 1337 3558 1394 dicatuerri-

1991 1414 2061 1468 sti
2098 1429 2318 1484 parens,
2341 1416 2437 1472 sed
2476 1433 2746 1488 personae,
2777 1431 2838 1477 ut
2871 1422 2914 1477 si
2953 1423 3186 1480 Joannis’
3213 1435 3412 1494 parens
3443 1427 3557 1482 Eli-

1989 1504 2178 1560 sabeth
2201 1506 2498 1571 diceretur,
2547 1511 2692 1580 quod
2736 1527 2843 1567 non
2879 1523 2962 1570 est
2991 1530 3020 1568 a
3045 1517 3206 1573 nobis
3244 1521 3554 1588 quaesitum,

1989 1595 2084 1651 sed
2107 1597 2384 1668 quomodo
2421 1615 2486 1654 ex
2520 1613 2714 1660 natura
2753 1605 2918 1676 geniti
2949 1607 3248 1664 diceretur.

2059 1686 2115 1744 Si
2143 1705 2274 1745 vero
2304 1689 2372 1746 ad
2399 1686 2519 1748 haec
2541 1694 2742 1765 aliquis
2767 1695 2932 1763 dicat,
2965 1697 3310 1771 Deiparentis
3351 1721 3552 1762 nomen

1985 1795 2018 1834 e
2043 1779 2213 1850 geniti
2234 1789 2430 1838 natura
2465 1783 2780 1855 impositum
2812 1801 3105 1847 commune
3143 1793 3288 1848 Patri
3309 1805 3368 1852 et
3398 1795 3552 1851 Matri

1986 1871 2202 1929 Domini
2223 1887 2368 1938 esse,
2400 1883 2460 1932 et
2501 1887 2756 1946 oportere
2784 1889 2880 1938 aut
2913 1883 2969 1938 in
3011 1885 3280 1943 ambobus
3321 1889 3553 1948 similem

1986 1973 2286 2031 agnoscere
2317 1961 2468 2020 illius
2509 1967 2940 2038 generationem,
2977 1981 3074 2028 aut
3114 1975 3288 2046 magis
3316 1988 3552 2049 propria:

1983 2053 2328 2121 generationi
2377 2070 2576 2114 nomen
2629 2060 2931 2132 assignari,
2980 2079 3108 2120 eum
3151 2065 3322 2140 igitur
3373 2069 3550 2126 solum

1983 2141 2154 2198 Deum
2177 2153 2233 2200 et
2254 2148 2650 2217 exsistentiam,
2693 2152 2793 2206 etsi
2822 2162 3024 2210 aeterne
3066 2165 3122 2212 et
3159 2173 3396 2230 semper,
3425 2177 3552 2230 pro-

1983 2231 2140 2290 ducit
2183 2233 2344 2293 Pater
2397 2237 2618 2307 Filium,
2671 2246 2948 2314 quomodo
2981 2262 3090 2304 non
3143 2249 3236 2306 ille
3277 2255 3464 2322 potius
3497 2268 3554 2312 et

1983 2326 2204 2396 proprie
2238 2329 2408 2402 magis
2453 2333 2602 2388 solus
2646 2332 2924 2391 diceretur
2978 2335 3274 2410 Deiparens
3301 2383 3317 2408 ,
3362 2345 3553 2402 simul-

1981 2427 2090 2484 que
2115 2416 2300 2472 nullus
2318 2433 2444 2474 cum
2470 2421 2604 2476 illo?
2633 2423 2833 2481 Verum
2859 2433 3012 2498 patet
3039 2443 3150 2485 non
3179 2445 3341 2501 posse
3369 2449 3401 2491 e
3419 2439 3550 2493 sub-

1981 2505 2182 2563 stantia
2216 2518 2427 2580 patrem
2456 2512 2572 2569 dici
2601 2527 2906 2584 parentem.
2955 2519 3072 2578 Non
3113 2524 3259 2581 enim
3293 2528 3548 2585 substan-

1979 2597 2112 2653 tiam
2141 2599 2301 2657 aliam
2344 2617 2577 2660 numero
2615 2605 2720 2662 alia
2755 2611 2946 2679 genuit
2975 2612 3160 2670 divina
3203 2618 3546 2689 substantia;

1977 2689 2182 2760 quippe
2253 2691 2503 2750 trideitas
2576 2696 2708 2754 illud
2779 2699 2960 2767 foret;
3006 2705 3102 2760 sed
3171 2721 3239 2762 cx
3299 2711 3544 2782 ejusdem

1977 2780 2142 2836 unius
2175 2782 2494 2844 substantiae
2558 2787 2788 2848 diversis
2833 2780 3360 2864 particularitatibus
3441 2821 3545 2862 una.

1977 2871 2206 2930 alterius
2245 2889 2408 2932 causa
2439 2886 2526 2934 est
2556 2879 2612 2936 in
2639 2881 2830 2938 eadem
2861 2885 3184 2944 substantia.
3217 2890 3374 2960 Quod
3397 2898 3546 2952 enim

1977 2962 2181 3018 mentis
2217 2973 2275 3020 et
2319 2969 2562 3026 scientia:
2590 2970 2954 3031 substantiam
2984 2976 3040 3033 in
3063 2978 3266 3038 Davide
3299 2987 3545 3060 comple-

307 3053 368 3106 οὐ
397 3053 502 3122 μὴν
530 3052 718 3120 ἑτέρας
739 3051 930 3113 οὐσίας
959 3052 1219 3121 μουσικῆς
1249 3047 1284 3126 ᾗ
1314 3053 1389 3116 ὡς
1414 3054 1570 3106 οὐσία
1597 3069 1613 3086 ο
1643 3056 1736 3108 καὶ
1765 3055 1871 3126 γὰρ

1975 3055 2249 3120 ctebatur,
2285 3057 2390 3114 hoc
2431 3061 2658 3130 poeticae
2701 3063 2864 3120 istius
2905 3069 3356 3138 particularitatis
3381 3047 3544 3136 causa

309 3141 531 3198 καὶτῶν
555 3140 812 3205 ἀμούσων
838 3140 998 3194 οὐσία
1021 3141 1192 3194 ἐστίν.
1227 3143 1295 3194 Εἴ
1327 3159 1454 3196 ποτε
1479 3143 1626 3215 οῦνῆ
1661 3144 1874 3216 ἀνθρω-

310 3233 593 3304 ποτόκονῆ
633 3235 726 3286 καὶ
772 3232 1134 3302 Χριστοτόκον
1180 3233 1392 3304 είπητε,
1436 3235 1560 3289 ὅσον
1590 3237 1744 3290 οὔπω
1773 3236 1876 3308 τῆς

307 3323 564 3386 ἀσεϐείας
611 3323 944 3393 ύφήσαντες,
981 3323 1102 3377 οὐδὲ
1144 3322 1318 3386 οὕτως
1346 3324 1580 3396 ἐροῦμεν
1615 3325 1693 3390 ὠς
1729 3327 1874 3382 ίδιω-

303 3415 474 3485 τάτην
501 3417 727 3482 ὀνόματι
752 3416 1043 3486 σημαίνει-ε
1059 3432 1073 3448 ·
1096 3417 1204 3470 τῶν
1228 3418 1338 3490 γὰρ
1361 3419 1500 3472 κατὰ
1525 3420 1616 3474 τδν
1659 3420 1873 3494 Ἰσραὴλ

304 3507 392 3562 διὰ
415 3507 508 3561 τοῦ
535 3507 791 3576 αἰσθητοῦ
826 3505 1000 3578 μύρου
1031 3510 1334 3580 χρωμένων
1381 3509 1644 3579 βασιλέων
1689 3528 1748 3565 τε
1777 3513 1872 3566 καὶ

307 3599 497 3669 ἱερέων
530 3601 835 3668 λεγομένων
867 3599 1132 3653 πλείστων
1178 3600 1438 3670 χριστῶν,
1479 3605 1575 3656 καὶ
1623 3602 1732 3656 τῶν
1775 3602 1867 3658 διὰ

301 3691 404 3761 τῆς
459 3690 610 3755 θείας
641 3691 918 3762 ἐνεργείας
959 3693 1263 3763 χριομένων
1301 3693 1594 3764 προφητῶν
1633 3693 1728 3748 καὶ
1767 3693 1870 3764 τῆς

301 3779 454 3844 Θείας
481 3782 897 3852 προχειρίσεως,
931 3778 1043 3836 οἷον
1077 3783 1257 3854 Κῦρος
1280 3785 1308 3837 ὁ
1337 3783 1561 3855 Περσῶν
1585 3783 1862 3855 βασιλεὺς,

298 3867 381 3934 οἷς
429 3872 647 3936 πλείους
695 3874 801 3927 εἰσὶ
860 3874 1116 3945 μητέρες,
1170 3877 1232 3929 ού
1283 3875 1700 3947 διακριθήσεται
1757 3876 1867 3930 οὐδ’

297 3961 469 4028 οὕτως
489 3980 504 3995 ⁸
545 3967 749 4028 πάσαις
773 3963 882 4037 γὰρ
915 3967 994 4040 τῷ
1022 3967 1169 4039 αύτῷ
1205 3968 1442 4039 ἐπιθέτῳ
1481 3968 1729 4038 ὀνόματι,
1766 3969 1900 4038 pia.

296 4071 358 4110 τε
383 4058 478 4110 καὶ
505 4059 658 4128 κοινὴ
699 4057 850 4112 ἔσται
889 4059 1080 4131 κλῆσις
1112 4062 1208 4114 σὺν
1248 4061 1408 4133 αὐτῇ.
1447 4061 1711 4118 Συνθέτου
1753 4061 1865 4142 γὰρ

297 4149 620 4219 πράγματος
647 4149 712 4204 ἐκ
739 4167 800 4204 τε
828 4153 1063 4222 χρίσεως
1099 4153 1192 4207 καὶ
1223 4155 1514 4224 χριομένου
1545 4153 1662 4208 ἐστι
1687 4152 1863 4225 δηλω-

293 4241 444 4293 τικὸν
470 4239 642 4311 δνομα
694 4241 756 4294 τὸ
790 4242 1060 4312 Χριστόςο
1099 4244 1162 4298 οὐ
1193 4243 1300 4315 μὴν
1347 4243 1466 4307 οἵας
1495 4246 1613 4298 ἐστὶ
1644 4243 1862 4315 φύσεως

293 4331 326 4402 ἢ
365 4333 427 4386 τδ
450 4335 660 4406 χρίσμα
685 4335 720 4408 ἢ
745 4336 806 4389 τὸ
825 4337 1050 4408 χρισθέν
1073 4353 1088 4370 ο
1118 4337 1313 4394 οὐκοῦν
1336 4338 1458 4392 οὐδὲ
1485 4339 1659 4403 οὕτως
1685 4339 1856 4409 αὐτὴν

1977 3143 2118 3208 fuit.
2165 3163 2274 3234 non
2310 3151 2566 3220 equidem
2595 3153 2822 3210 alterius
2854 3157 3177 3219 substantia:
3219 3167 3450 3234 poeticae
3482 3183 3545 3228 ut

1975 3227 2298 3294 substantia.
2359 3241 2574 3298 Etenim
2638 3252 2697 3300 et
2733 3260 2842 3301 non
2879 3257 3166 3318 poetarum
3219 3227 3544 3319 substantia

1973 3333 2078 3384 est.
2127 3327 2182 3384 Si
2209 3329 2348 3387 forte
2382 3331 2550 3404 igitur
2592 3335 2831 3392 hominis
2868 3348 2964 3395 aut
3004 3338 3213 3400 Christi
3255 3361 3540 3418 parentem

1972 3415 2241 3488 dixeritis,
2271 3437 2464 3494 parum
2495 3425 2652 3483 abest
2672 3430 2808 3499 quin
2833 3431 2904 3486 ab
2933 3432 3218 3504 impietate
3238 3415 3539 3512 desistatis,

1970 3523 2082 3565 non
2115 3511 2189 3568 ita
2223 3529 2325 3570 nos
2352 3514 2601 3575 dicemus
2631 3519 2782 3575 illam
2809 3537 2840 3577 a
2867 3523 3028 3581 vobis
3053 3529 3277 3588 nomine
3305 3511 3540 3591 maxime

1969 3605 2198 3674 proprio
2245 3606 2564 3678 signiﬁcari.
2592 3611 2710 3668 Non
2761 3613 2911 3671 enim
2959 3633 2992 3674 a
3031 3621 3300 3680 matribus
3348 3638 3539 3698 regum

1965 3691 2135 3749 Israel
2166 3697 2410 3754 sensibili
2437 3713 2716 3774 unguento
2745 3719 3069 3776 unctorum,
3104 3721 3162 3767 et
3189 3691 3536 3772 sacerdotum

1967 3781 2330 3853 plurimorum
2354 3787 2447 3860 qui
2483 3789 2676 3847 christi
2700 3803 2795 3848 aut
2815 3796 2967 3852 uncti
2987 3795 3120 3854 dicti
3143 3811 3294 3868 sunt,
3324 3813 3382 3858 et
3412 3819 3543 3874 pro-

1966 3874 2256 3944 phetarum
2284 3877 2381 3936 Dei
2415 3880 2776 3952 inspiratione
2811 3895 3104 3945 unctorum
3126 3932 3142 3956 ,
3175 3903 3273 3950 aut
3315 3893 3532 3952 illorum

1965 3977 2106 4034 quos
2134 3965 2282 4022 Deus
2304 3984 2470 4026 manu
2497 3972 2776 4042 perduxit,
2799 3978 2980 4046 qualis
3002 3977 3110 4036 fuit
3138 3979 3316 4055 Cyrus
3345 3985 3537 4043 Persa-
3609 4002 3615 4008 '

1965 4069 2086 4109 rum
2123 4069 2238 4122 rex,
2269 4059 2472 4128 quibus
2495 4061 2743 4131 plurimae
2776 4064 3002 4125 fuerunt
3037 4083 3265 4140 matres,
3291 4075 3373 4132 sic
3419 4077 3536 4148 ipsa

1963 4141 2326 4202 discernetur.
2391 4146 2658 4208 Omnibus
2699 4155 2848 4211 enim
2887 4171 2989 4228 per
3039 4159 3187 4218 idem
3225 4141 3534 4235 epitheton.

1963 4250 2164 4293 nomen
2196 4254 2304 4296 una
2345 4250 2402 4298 et
2447 4247 2756 4304 communis
2781 4250 2888 4306 erit
2925 4253 3220 4324 appellatio
3251 4273 3378 4316 cum
3418 4261 3531 4320 illa.

1960 4327 2290 4400 Composita
2321 4334 2469 4389 enim
2500 4351 2586 4392 res
2604 4353 2670 4394 ex
2701 4341 2960 4398 unctione
2982 4353 3038 4400 et
3057 4355 3226 4405 uncto
3245 4353 3532 4412 manifeste

293 4422 634 4496 ἐξονομάζειν
661 4426 814 4482 εστιν
845 4427 902 4482 ετ
927 4446 1005 4501 τῳ
1055 4429 1231 4502 κυρίῳ
1252 4431 1348 4485 καὶ
1379 4431 1494 4498 ἰδίῳ
1525 4432 1695 4502 αὐτῆς
1731 4429 1850 4484 ὀνό-

1974 4417 2154 4476 Ihristi
2184 4437 2382 4480 nomen
2409 4435 2525 4494 est;
2569 4443 2678 4484 non
2717 4441 2868 4490 certe
2895 4436 3058 4492 unius
3090 4447 3176 4495 est
3200 4452 3412 4501 natura:
3443 4451 3531 4504 vel

293 4528 448 4582 ματι,
476 4513 586 4566 τῶν
609 4531 668 4568 τε
705 4517 1034 4589 συνωνύμων
1071 4520 1161 4572 καὶ
1191 4519 1505 4590 ὁμωνύμων
1520 4521 1692 4592 αὐτὴν
1733 4523 1851 4578 δια⁹

290 4603 498 4674 κρίνειν
529 4603 940 4678 βουληθείημεν.
973 4608 1310 4679 Ἀναγκαίως
1341 4605 1436 4664 οὖν
1461 4613 1527 4664 ἐκ
1554 4612 1645 4666 τοῦ
1677 4630 1852 4685 προσ-

217 4715 227 4725 ·
287 4695 438 4757 όντος
495 4697 633 4767 αὐτῇ
687 4697 904 4768 ἀληθῶς
947 4701 1040 4754 καὶ
1089 4718 1266 4770 μονως
1313 4701 1462 4772 παρὰ
1514 4707 1612 4767 τὰς
1657 4705 1854 4770 λοιπὰς

289 4785 469 4849 πάσας
501 4789 764 4854 γυναῖκας
796 4787 1126 4856 ὀνομαστέον
1166 4791 1264 4860 τὴν
1309 4791 1578 4860 ἄχραντον
1633 4793 1852 4864 Παρθέ-

287 4891 377 4926 νον
399 4891 414 4904 ο
443 4874 602 4928 τοῦτο
629 4875 685 4927 δέ
714 4878 830 4930 ἐστι
856 4877 936 4940 τὸ,
969 4877 1102 4930 Θεὸν
1127 4879 1286 4949 φύσει
1319 4879 1448 4934 ὄντα
1481 4885 1660 4936 τεκεῖν
1681 4885 1850 4953 ἀψευ-

287 4958 390 5025 ὂῶς
416 4963 668 5033 γεννήσει
705 4963 768 5015 ού
801 4965 1004 5035 φυσικῇ
1035 4961 1170 5036 οὔσῃ
1189 4965 1326 5018 Θεοῦ
1348 4965 1462 5020 ἀλλ’
1496 4969 1848 5042 ὲπιτηδευτῇ.

348 5223 442 5277 Διὸ
471 5221 535 5294 δὴ
573 5223 666 5277 καὶ
689 5223 954 5288 Θεοτόκος
990 5225 1025 5297 ἠ
1059 5226 1332 5298 Παρθένος
1371 5230 1586 5300 ἀληθῶς
1617 5233 1714 5304 ἥδε
1747 5236 1844 5288 ἐπὶ

281 5312 488 5376 τούτοις
541 5314 744 5383 φαμὲν,
775 5314 860 5367 ὅτι
903 5309 984 5378 εἷς
1011 5317 1040 5368 ό
1080 5317 1242 5380 τόκος
1275 5319 1376 5371 οὐκ
1408 5321 1472 5373 ἐκ
1513 5325 1743 5394 σπορᾶς,
1779 5327 1840 5378 ού

281 5405 418 5458 κατὰ
451 5403 631 5472 φύσιν,
678 5406 778 5476 οὐχ
825 5405 1010 5476 ὅμοιός
1047 5425 1154 5462 τινι
1195 5409 1303 5463 τῶν
1335 5412 1658 5482 ἀνθρώπων,
1706 5417 1844 5472 ἀλλὰ

279 5495 420 5560 θεῖος
437 5496 526 5550 διὰ
547 5499 642 5568 τῆς
662 5497 938 5568 agema;
976 5501 1189 5570 μήτρας
1217 5504 1562 5575 παρθενικῶς
1591 5507 1802 5580 ἐδείχθη
1823 5528 1838 5542 ο

1956 4519 2295 4580 unguentum
2325 4516 2411 4570 vel
2441 4525 2688 4574 unctum.
2722 4521 2894 4592 igitur
2924 4540 3035 4581 non
3063 4527 3210 4584 illam
3241 4535 3529 4594 nominare

1953 4597 2084 4654 licet
2111 4601 2157 4656 si
2207 4606 2434 4674 proprio
2465 4615 2522 4662 et
2547 4610 2872 4677 particulari
2917 4613 3064 4672 illius
3095 4620 3320 4679 nomine
3359 4623 3430 4680 ab
3459 4627 3528 4682 iis

1949 4705 2076 4763 quae
2129 4709 2490 4767 syn'onymum
2543 4709 2600 4755 et
2654 4702 2834 4760 simile
2897 4721 3099 4764 nomen
3160 4697 3525 4776 obtinuerunt

1951 4780 2270 4840 discernere
2303 4787 2448 4843 illam
2491 4791 2849 4850 voluerimus.
2890 4797 3211 4858 Necessario
3247 4805 3418 4876 igitur
3456 4822 3523 4863 ex

1949 4885 2018 4926 eo
2046 4875 2193 4943 quod
2231 4876 2308 4933 illi
2359 4893 2488 4936 vere
2528 4895 2586 4936 et
2631 4885 2794 4940 unice
2820 4889 3063 4955 pertinet
3103 4891 3250 4949 inter
3279 4897 3522 4968 reliquas

1949 4979 2143 5023 omnes
2173 4969 2431 5027 mulieres
2460 4973 2795 5032 nominanda
2811 4988 2899 5034 est
2922 4981 3274 5043 immaculata
3301 4989 3466 5061 Virgo
3506 5014 3516 5046 :

1947 5056 2056 5114 hoc
2081 5068 2265 5116 autem
2291 5069 2393 5129 est,
2419 5064 2564 5134 quod
2586 5064 2756 5122 Deum
2769 5079 2962 5128 natura
2993 5079 3266 5144 pepererit
3281 5056 3516 5152 vere‘ge-

1945 5149 2230 5207 neratione
2255 5168 2368 5208 non
2396 5159 2630 5212 naturali
2663 5175 2784 5229 quae
2799 5161 2894 5216 Dei
2910 5173 3012 5229 cst,
3033 5167 3130 5222 sed
3148 5168 3516 5228 benevolenti.

2011 5239 2224 5297 Idcirco
2250 5253 2306 5299 et
2333 5245 2657 5316 Dei-parcns
2685 5252 2802 5308 haec
2825 5253 2986 5328 Virgo
3011 5273 3140 5314 vere
3167 5271 3272 5327 est,
3307 5261 3376 5318 ad
3401 5264 3513 5322 haec

1944 5330 2253 5402 adjicimus,
2289 5339 2418 5406 quia
2456 5355 2598 5396 unus
2629 5345 2850 5413 genitus
2894 5364 3002 5404 non
3044 5367 3112 5406 ex
3145 5355 3372 5421 semine,
3405 5373 3519 5414 non

1943 5423 2246 5494 secundum
2291 5437 2566 5516 naturam,
2604 5449 2714 5490 non
2761 5437 2956 5495 similis
3001 5441 3164 5496 alicui
3194 5444 3514 5528 .hominum,

1941 5512 2036 5568 sed
2081 5512 2395 5572 divinus'ex
2442 5521 2652 5593 integro
2683 5536 2842 5582 utero
2883 5520 3222 5599 virginaliter
3253 5536 3502 5595 emicuit.

283 5586 396 5650 sub;
418 5587 482 5640 ού
506 5589 710 5658 κυρίως
732 5589 994 5646 θεοτόκος
1009 5592 1102 5644 καὶ
1117 5591 1178 5658 ἐξ
1199 5593 1371 5648 αὐτοῦ
1387 5595 1481 5650 τοῦ
1503 5599 1709 5667 τρόπου
1736 5599 1840 5670 τῆς

1974 5605 2224 5668 Quomodo
2249 5621 2358 5662 non
2389 5586 2609 5680 proprie
2636 5586 3066 5685 Dei-parens‘rel
3094 5636 3160 5676 ex
3189 5623 3297 5680 isto
3322 5638 3516 5697 partus

281 5675 584 5743 ἁποτέξεως
603 5676 814 5748 λέγοιτο
830 5695 846 5747 ;
865 5679 988 5734 Ἐπὶ
1011 5681 1222 5748 τούτοις
1241 5683 1298 5739 δὲ
1321 5683 1562 5757 λεγέσθω
1583 5690 1714 5762 ἡμῖν
1743 5694 1836 5747 καὶ

1974 5696 2100 5752 nodo
2127 5675 2444 5756 diceretur?
2471 5675 2549 5760 Ᾰιὶ
2583 5704 2698 5760 haec
2731 5675 2775 5762 ε’
2795 5709 2956 5765 nobis
2984 5711 3203 5770 dicatur
3226 5726 3280 5772 et
3314 5675 3513 5790 sapius
