3858 6156
189 329 327 396 1711
1445 325 1746 387 LEONTII

1854 325 2194 390 YZANTINI
3305 331 3430 397 17Ῑὲ

194 451 385 507 multis
410 447 698 510 matribus,
722 462 788 500 ex
818 449 922 499 tlne
948 461 1113 515 quem
1145 445 1427 500 consecuti
1465 455 1617 498 erant
1648 442 1743 496 filii

1872 440 1953 493 ὅτι
1976 440 2238 503 πολλάκις
2273 440 2487 505 πολλοῖς
2514 443 2621 496 τῶν
2655 445 3013 517 γεννητόρων,
3035 447 3099 499 ἐκ
3127 446 3223 501 τοῦ
3254 450 3433 504 τέλους

192 543 558 613 epitheton-um
592 538 1008 608 appellationem
1035 534 1358 608 contigisse;
1387 536 1465 591 sic
1494 536 1641 590 enim
1673 535 1759 589 in-

145 618 153 623 .
190 631 561 707 clytam-illio,
599 628 742 701 regis
757 639 1041 694 matrem,
1088 637 1144 683 et
1186 625 1756 699 pulchri-genitricem

187 726 426 782 dicimus
458 724 649 788 istam;
685 736 881 791 nempe
910 736 1020 775 non
1053 736 1152 790 per
1193 720 1453 775 virtutem
1486 734 1517 774 e
1551 718 1754 789 princi-

188 816 278 885 pio
300 821 395 869 aut
424 813 682 883 inclytam
703 810 920 865 laudem
951 824 1124 880 puero
1154 808 1626 880 praesuppositam,
1658 808 1755 863 sed

187 916 373 977 postea
407 901 829 965 manifestatam,
865 911 922 956 et
967 900 1288 970 parentibus
1330 897 1754 969 appellationem

184 995 573 1068 adjicientem;
650 991 871 1062 quando
944 1006 1077 1061 ergo
1130 998 1186 1045 et
1246 1005 1381 1055 nos,
1438 991 1481 1044 si
1555 1004 1755 1060 cogno-

183 1088 362 1141 vimus
418 1083 719 1139 secundum
783 1096 1003 1136 carnem
1053 1079 1371 1144 Christum,
1442 1078 1537 1134 sed
1605 1093 1754 1134 nunc

183 1176 407 1232 minime
447 1172 846 1245 cognoscimus.
881 1170 1019 1226 Cum
1066 1169 1286 1240 quidem
1329 1170 1572 1226 Verbum
1606 1170 1752 1225 Deus

180 1266 482 1324 secundum
526 1272 779 1319 naturam
817 1264 871 1317 in
915 1262 1034 1331 ipso
1068 1262 1162 1327 sit,
1189 1269 1244 1317 et
1274 1276 1404 1316 caro
1445 1261 1749 1318 secundum

179 1367 432 1414 naturam
459 1366 585 1427 post
616 1354 1079 1412 resurrectionem
1128 1353 1244 1423 ipsa
1282 1353 1466 1407 divina
1494 1352 1635 1409 facta
1676 1355 1749 1409 sit

180 1454 234 1507 in
265 1450 592 1521 perfectum,
627 1463 752 1503 cum
792 1462 901 1499 non
945 1443 1245 1500 habeamus
1284 1461 1463 1515 neque
1503 1461 1570 1500 ex
1597 1454 1749 1516 parte

177 1556 354 1614 neque
390 1539 691 1597 secundum
726 1538 965 1609 aliquam
1006 1537 1311 1600 rationem,
1356 1536 1639 1607 quidpiam
1692 1537 1745 1591 in

174 1650 241 1689 eo
285 1641 382 1688 aut
412 1633 557 1687 circa
606 1645 731 1686 eum
778 1644 1009 1684 vacuum
1057 1627 1348 1684 divinitate
1391 1629 1653 1698 cogitare,
1690 1639 1749 1684 et

131 1721 139 1731 ’
175 1725 549 1788 benedictum,
578 1739 686 1778 non
715 1722 939 1793 quidem
974 1737 1072 1791 per
1101 1720 1244 1775 hanc
1272 1736 1395 1790 qua:
1425 1721 1479 1775 in
1520 1722 1613 1777 illo
1655 1736 1745 1776 se-

1865 533 1960 587 τοῦ
1974 534 2117 588 κατὰ
2130 535 2255 597 τοὺς
2276 536 2488 600 παῖδας,
2513 538 2548 607 ή
2572 537 2679 590 τῶν
2694 538 2958 592 ἐπιθέτων
2979 538 3245 607 ὀνομασία
3270 559 3429 611 προσα

1863 625 2087 693 γέγονεν
2115 643 2129 657 ’
2179 626 2353 691 οὕτως
2402 628 2511 699 γὰρ
2559 628 2914 693 κλυτόπαιδα,
2966 631 3062 685 καὶ
3109 634 3430 699 άνακτόκον,

1864 717 1957 769 καὶ
1994 717 2310 787 καλλίγονόν
2336 737 2516 789 φαμεν
2539 720 2695 791 τήνδε
2723 737 2737 750 ·
2770 723 2865 774 καί
2910 739 2995 775 τοι
3027 722 3126 777 οὐκ
3157 724 3219 789 ἑξ
3260 725 3428 796 ἀρχῆς

1862 808 1940 878 τῷ
1966 807 2154 880 βρέφει
2204 810 2304 879 τῆς
2331 810 2531 883 ἀρετῆς
2576 812 2609 882 ἢ
2649 811 2748 882 τῆς
2780 812 2934 877 ἀξίας
2963 814 3247 883 ἐνεργείας
3298 833 3430 892 συμ-

1864 897 2259 969 προελθούσης,
2290 900 2406 954 ἀλλ’
2438 899 2665 973 ὕστερον
2705 903 3159 974 έμφανισθείσης,
3199 909 3295 959 καὶ
3323 912 3431 971 τοῖς

1861 992 2080 1060 γονεῦσι
2112 993 2212 1065 τὴν
2232 993 2532 1063 ὀνομασίαν
2563 997 3022 1067 προσαγαγούσης
3043 1012 3057 1025 '
3078 998 3204 1050 επεὶ
3220 994 3316 1051 οὖν
3341 1001 3432 1051 καὶ

1861 1085 2044 1153 ἡμεῖς,
2078 1085 2129 1136 εί
2152 1085 2249 1138 καὶ
2285 1084 2608 1155 ἐγνώκαμεν
2635 1084 2777 1138 κατὰ
2807 1087 2986 1156 σάρκα
3015 1086 3273 1158 Χριστὸν,
3298 1086 3431 1139 ἀλλὰ

1859 1174 1954 1229 νῦν
1993 1177 2177 1231 οὐκέτι
2227 1176 2609 1248 γινώσκομενο
2655 1178 2747 1233 τοῦ
2794 1179 2893 1249 μὲν
2953 1178 3014 1233 ὲν
3068 1178 3219 1248 αὐτῷ
3254 1179 3427 1248 Λόγου

1857 1264 1994 1319 Θεοῦ
2028 1266 2171 1320 κατὰ
2199 1265 2363 1336 φύσιν
2385 1266 2558 1331 ὄντος,
2586 1266 2686 1338 τῆς
2723 1268 2781 1321 δὲ
2825 1270 2967 1322 κατά
3018 1269 3184 1339 φύσιν
3229 1272 3429 1343 σαρκὸς

1861 1356 2003 1426 μετὰ
2028 1356 2130 1426 τὴν
2162 1356 2459 1411 ἀνάστασιν
2488 1357 2659 1427 αὐτῆς
2696 1356 2994 1428 θεωθείσης
3042 1361 3123 1421 είς
3141 1358 3204 1411 τὸ
3232 1375 3430 1412 παντε-
3485 1364 3491 1371 “

1857 1445 1947 1509 λές
1970 1461 1984 1475 ’
2017 1445 2117 1499 οὐκ
2146 1444 2363 1515 έχοντες
2399 1444 2520 1499 οὐδὲ
2548 1447 2613 1499 ἐκ
2639 1446 2861 1517 μέρους,
2894 1447 3015 1501 οὐδὲ
3069 1448 3218 1500 κατὰ
3271 1448 3431 1516 λόγον

1854 1536 1999 1600 τινὰ,
2026 1537 2080 1590 τὶ
2108 1537 2220 1590 τῶν
2251 1535 2419 1591 αὐτοῦ
2447 1536 2484 1607 ἢ
2511 1536 2640 1607 περὶ
2657 1537 2840 1591 αὐτῶν
2864 1538 3067 1608 γυμνὸν
3093 1537 3429 1609 κατανοῆσαι

1856 1626 2138 1697 θεότητοςσ
2186 1627 2537 1698 χαρισθέντος
2566 1625 2662 1679 καὶ
2713 1626 2793 1697 τῷ
2840 1625 2915 1698 μὴ
2958 1627 3101 1681 κατὰ
3167 1626 3330 1696 φύσιν
3371 1630 3433 1680 ἐν

1854 1716 2004 1787 αύτῷ
2028 1716 2159 1789 θείῳ
2181 1716 2277 1771 τοῦ
2297 1715 2561 1788 ὀνόματος
2589 1716 2684 1770 τοῦ
2711 1716 2850 1788 ὑπὲρ
2871 1719 2978 1770 πᾶν
3000 1717 3194 1787 ὀνομα·
3218 1717 3429 1787 Κυρίου

174 1817 415 1874 eundum
433 1787 685 1871 naturam
714 1787 1000 1868 habitabat
1028 1787 1393 1877 divinitate—sm,
1412 1814 1531 1884 ejus
1545 1828 1745 1868 nomen

1854 1827 1907 1865 τε
1935 1812 2029 1864 καὶ
2073 1787 2208 1864 Θεοῦ
2235 1787 2528 1880 γενομένου
2600 1809 2776 1882 Ἰησοῦ
2822 1787 3023 1864 τούτου
3076 1811 3136 1863 ὀν
3177 1810 3429 1864 Ἰουδαῖοι

174 1909 338 1964 fuerit
367 1921 535 1977 super
567 1919 728 1959 omne
759 1918 980 1966 nomen,
1004 1910 1060 1956 et
1097 1898 1362 1957 Dominus
1397 1911 1454 1957 et
1489 1902 1632 1958 Deus
1671 1901 1749 1957 fa-

174 2011 295 2055 ctus
318 2001 388 2055 sit
408 1999 569 2055 Jesus
591 1997 680 2051 ille
710 2010 874 2065 quem
906 1992 1077 2049 Judaei
1111 1992 1533 2059 cruciﬁxerunt;
1558 2008 1749 2050 neces-

175 2091 322 2146 sario
348 2089 580 2145 minime
608 2085 1178 2154 hominis-parentem,
1212 2084 1309 2140 sed
1339 2084 1747 2154 Dei-parentem

173 2190 403 2237 matrem
435 2182 554 2253 ejus
586 2180 755 2236 solam
797 2180 1149 2235 nominamus
1173 2188 1230 2234 et
1270 2195 1597 2235 veneramur
1626 2194 1740 2234 om-

168 2273 638 2330 nino-colendam.
676 2273 810 2344 Ejus
832 2273 978 2327 enim
1009 2271 1103 2341 qui
1135 2287 1202 2327 ex
1234 2272 1327 2326 illa
1360 2270 1584 2343 prodiit,
1611 2280 1664 2325 et
1691 2271 1746 2325 in

171 2365 477 2422 substantia
525 2374 580 2420 et
624 2365 677 2418 in
723 2364 927 2419 unione
966 2363 1319 2418 Divinitatem
1365 2372 1745 2434 agnoscentes,

173 2468 347 2513 totum
383 2457 536 2511 illum
583 2456 754 2510 Deum
799 2454 1171 2525 gloriﬁcamus
1203 2463 1260 2509 et
1289 2453 1616 2520 adoramus;
1644 2454 1748 2510 etsi

172 2549 552 2620 cognoscimus
594 2546 800 2601 servari
849 2547 995 2600 illam
1043 2563 1110 2601 ex
1150 2547 1490 2601 humanitate
1539 2554 1748 2615 partem

173 2640 412 2694 divinam
462 2637 659 2692 factam
711 2639 766 2691 in
815 2636 1037 2692 Christo
1084 2652 1150 2692 ex
1187 2638 1278 2692 illa
1323 2648 1473 2702 nato,
1510 2646 1566 2691 et
1610 2637 1750 2691 hanc

174 2730 529 2803 ineﬂ'abiliter
553 2744 719 2785 carne
754 2728 1022 2783 indutam.
1048 2729 1144 2784 Illa
1191 2731 1339 2784 enim
1382 2729 1750 2800 praestantiori

174 2820 568 2891 assumptione,
599 2836 706 2876 non
751 2820 1125 2877 destructione
1154 2821 1338 2877 divina
1382 2821 1524 2876 facta
1563 2830 1670 2888 est,
1695 2830 1749 2877 et

175 2912 556 2967 benevolentia
581 2927 690 2967 non
719 2914 1023 2970 mutatione
1055 2915 1232 2969 altera
1256 2929 1386 2969 caro
1409 2914 1550 2970 facta
1573 2923 1677 2970 est.

244 3006 300 3062 Si
330 3020 482 3070 vero,
510 3004 791 3077 inquiunt,
818 3006 975 3075 quasi
1008 3021 1073 3061 ex
1104 3015 1258 3076 parte
1286 3006 1533 3076 quaedam
1564 3005 1753 3062 dican-

1849 1900 2236 1971 ὲσταύρωσαν”
2274 1902 2331 1968 ἐξ
2364 1902 2610 1972 ἀνάγκης
2651 1902 2841 1955 οὐκέτι
2884 1902 2976 1955 καὶ
3011 1902 3432 1973 ἀνθρωποτόκον

1816 2052 1819 2055 λ
1852 1995 2084 2066 μητέρα,
2119 1993 2256 2048 ἀλλὰ
2280 1993 2541 2048 Θεοτόκον
2558 1995 2788 2065 Μητέρα
2822 1994 2983 2065 μόνον
3005 1993 3345 2066 ὀνομάζομέν
3369 2012 3430 2049 τε

1846 2085 1943 2137 καὶ
1972 2082 2389 2155 προσκυνοῦμεν
2407 2083 2508 2155 τὴν
2533 2085 2842 2138 πάνσεπτον
2861 2103 2874 2116 ·
2903 2084 2996 2139 τοῦ
3028 2083 3135 2154 γὰρ
3166 2086 3225 2151 ἐξ
3254 2086 3430 2156 αὐτῆς

1850 2175 2293 2248 προελθόντος,τὸ
2328 2175 2427 2246 μέν
2453 2195 2535 2230 τοι
2554 2179 2675 2230 κατ’
2697 2178 2907 2241 οὐσίαν,
2937 2177 2997 2231 τὸ
3027 2177 3084 2229 δὲ
3119 2184 3258 2233 κατά
3294 2196 3428 2248 μετ⁴

1849 2266 2037 2321 ουσίαν
2084 2266 2227 2320 θεῖον
2270 2269 2492 2334 εἰδότες,
2527 2268 2646 2322 ὅλον
2682 2270 2845 2323 αὑτὸν
2869 2269 3003 2322 Θεὸν
3040 2269 3242 2324 τέλειον
3270 2271 3430 2336 δοξά-

1853 2356 2020 2429 ζομεν
2048 2358 2143 2411 καὶ
2176 2358 2591 2429 προσκυνοῦμεν
2618 2374 2632 2388 ·
2669 2360 2717 2412 εί
2749 2361 2843 2413 καί¹
2865 2362 3211 2431 γινώσκομεν
3253 2365 3430 2417 σεσῶ-

1853 2449 1980 2503 σθαι
2014 2450 2076 2502 τὸ
2099 2449 2159 2515 ἐξ
2180 2448 2595 2521 άνθρωπότητος
2628 2451 2827 2506 θεωθὲν
2862 2455 2921 2506 ἐν
2949 2454 3028 2527 τῷ
3050 2455 3296 2525 τεχθέντι
3329 2457 3428 2510 ὑπ’
3520 2444 3523 2447 ’

1851 2544 2021 2613 αὐτῆς
2043 2541 2286 2613 Χριστῷ,
2318 2544 2411 2596 καὶ
2460 2544 2521 2596 τὸ
2571 2544 2869 2616 ἀφράστως
2898 2546 3216 2617 σαρκωθένι
3246 2563 3430 2617 κρειτ-

1850 2633 2016 2689 τώσει
2066 2635 2175 2706 γάρ
2221 2636 2316 2689 καὶ
2359 2637 2460 2691 οὐκ
2512 2636 2797 2708 ἀναιρέσει
2831 2638 2948 2692 τόδε
2992 2637 3291 2692 τεθέωται⁹
3327 2644 3424 2694 καὶ

1851 2721 2067 2777 εὐδοκία
2101 2723 2162 2776 οὐ
2198 2725 2374 2796 τροπὴ
2414 2725 2475 2778 τὺ
2505 2725 2692 2800 ἕτερον
2716 2726 3082 2797 σεσάρκωται.

1931 3022 1993 3075 Εί
2022 3020 2099 3087 δὲ,
2125 3021 2310 3090 φασὶν,
2326 3018 2459 3074 ὡσεὶ
2475 3020 2571 3074 καὶ
2594 3020 2656 3073 ὲκ
2682 3020 2885 3092 μέρους
2899 3020 3022 3075 τινὰ
3044 3021 3285 3088 λέγοιντο
3306 3024 3427 3076 ὀνό-

176 3109 265 3152 ιυι·
308 3097 551 3162 nomina,
598 3097 693 3152 sed
726 3112 827 3153 nos
873 3097 1067 3161 Deum,
1114 3114 1224 3154 non
1269 3100 1428 3168 quasi
1463 3115 1529 3155 ex
1570 3107 1746 3169 parte,

1857 3132 2002 3185 ματα
2031 3132 2045 3179 ;
2075 3114 2190 3167 ἀλλ’
2224 3116 2385 3183 ἡμεῖς
2412 3113 2545 3167 Θεδν
2582 3115 2680 3183 οὐχ
2718 3114 2793 3176 ὼς
2834 3116 2899 3168 ίικ
2932 3115 3132 3186 μέρους
3166 3116 3256 3170 τὸν
3291 3117 3429 3187 Χριο

173 3189 451 3245 Christum
486 3189 853 3244 nominamus.
887 3189 943 3246 Si
978 3193 1126 3246 enim
1162 3208 1288 3262 pars
1316 3192 1520 3248 Christi
1547 3191 1752 3248 dicitur

176 3280 443 3335 Divinitas
469 3278 538 3333 ad
564 3279 850 3335 clariorem
869 3280 1322 3349 significationem
1356 3282 1503 3336 illius
1530 3296 1753 3354 compo-

174 3372 287 3439 siti,
321 3371 416 3426 sed
446 3370 596 3427 omni
628 3378 781 3440 parte
821 3380 879 3426 et
922 3381 1036 3427 toto
1069 3372 1174 3427 isto
1211 3372 1535 3443 intelligitur
1572 3372 1754 3443 perfe-

174 3464 319 3518 ctius
372 3461 607 3517 Verbum
661 3477 805 3517 esse.
857 3461 977 3518 Non
1022 3463 1177 3518 enim
1228 3463 1467 3519 Verbum
1521 3462 1750 3521 inferius

174 3554 394 3611 Christo
423 3555 680 3619 dicimus,
715 3555 812 3609 sed
862 3555 1203 3626 simplicius;
1248 3556 1393 3625 quod
1434 3555 1581 3611 enim
1622 3571 1749 3626 pars

176 3647 378 3703 dicitur
399 3649 570 3718 partis
591 3664 717 3703 cum
742 3648 833 3702 illa
855 3647 1183 3718 conjunctae,
1213 3645 1386 3716 ipsius
1409 3646 1475 3701 ad
1499 3646 1748 3701 eamdem

175 3744 399 3801 nnionis
449 3744 612 3799 istius
639 3752 695 3799 et
757 3741 1179 3813 compositionis
1223 3739 1370 3795 modi
1398 3741 1571 3811 ipsius
1599 3741 1750 3811 prin-

172 3833 378 3904 cipium
403 3843 461 3888 et
488 3833 805 3889 coadunans
825 3843 879 3887 et
908 3831 1187 3902 propriam
1213 3830 1455 3885 eﬂiciens
1476 3832 1745 3887 cernitur.

173 3924 244 3980 Et
275 3923 423 3994 quod
449 3923 734 3994 proprium
762 3931 935 3977 totum
967 3923 1078 3992 agit
1101 3920 1273 3992 magis
1305 3929 1576 3991 estquam
1599 3921 1746 3992 quod

176 4026 357 4073 actum
386 4024 491 4084 est,
528 4026 590 4072 ut
612 4031 740 4087 pars
770 4015 976 4086 proprii
1003 4015 1193 4080 totius,
1227 4023 1289 4069 ut
1317 4025 1511 4071 natura
1543 4015 1599 4070 in
1623 4016 1749 4070 aliis

175 4108 520 4180 compositis;
559 4107 837 4180 quomodo
881 4123 993 4162 non
1036 4106 1260 4178 proprie
1299 4116 1354 4161 ct
1395 4123 1524 4162 vere
1576 4108 1749 4178 magis

175 4200 325 4256 alius’
346 4199 517 4271 partis
543 4210 604 4256 et
643 4200 784 4270 ejus,
822 4197 968 4268 quod
1004 4197 1304 4256 secundum
1342 4198 1514 4269 ipsam
1544 4199 1746 4255 intelli—

171 4292 343 4362 gitur.
372 4291 541 4345 totius
593 4289 887 4360 appellatio
917 4304 1182 4359 personae,
1209 4298 1265 4345 et
1301 4289 1652 4346 subsistentis
1690 4291 1745 4344 in

1854 3206 1978 3259 στὸν
2002 3205 2374 3274 ὀνομάζομεν·
2408 3208 2458 3257 εί
2487 3204 2597 3274 γάρ
2627 3205 2721 3258 καὶ
2744 3205 2910 3276 μέρος
2946 3205 3164 3273 λέγεται
3187 3206 3425 3277 Χριστοῦ

1852 3299 1886 3369 ἠ
1919 3296 2113 3368 θεότης
2140 3297 2275 3367 πρὸς
2300 3299 2601 3366 σαφήνειαν
2623 3298 2721 3367 τῆς
2753 3296 3059 3361 συνθέσεως
3078 3298 3269 3363 αὑτοῦ,
3292 3298 3427 3352 ἀλλὰ

1852 3390 2050 3452 παντὸς
2083 3391 2285 3459 μέρους
2316 3388 2409 3442 καὶ
2438 3387 2560 3442 ὅλου
2607 3391 2809 3442 νοεῖται
2829 3389 3002 3459 αὐτῆς
3033 3389 3366 3461 τελειότερος
3398 3393 3427 3443 ὀ

1850 3481 2050 3548 Λόγος·
2083 3480 2144 3533 οὐ
2202 3480 2309 3551 γὰρ
2363 3479 2454 3533 τδν
2486 3479 2656 3548 Λόγον
2697 3482 2894 3552 ἧττονα
2924 3480 3162 3551 Χριστοῦ
3222 3499 3424 3553 φαμεν,

1851 3573 1965 3628 ἀλλ’
1995 3572 2361 3643 ἁπλούστερον
2382 3588 2395 3603 ·
2423 3572 2450 3625 ὀ
2474 3573 2581 3642 γάρ
2616 3590 2669 3625 τι
2715 3573 2782 3644 μέ
2797 3591 2891 3645 ρος
2920 3573 3213 3645 λεγόμενον
3236 3574 3331 3628 τοῦ
3367 3592 3427 3628 τε

1851 3668 1950 3720 σὺν
1981 3666 2130 3735 αύτῷ
2178 3664 2539 3735 συγκειμένου
2574 3665 2795 3734 μέρους,
2852 3665 3023 3735 αὐτῆς
3066 3666 3203 3736 πρὸς
3263 3665 3429 3719 ἑαυτὸ

1851 3755 2097 3821 ένώσεως
2123 3754 2278 3810 τοῦδε
2298 3756 2393 3809 καὶ
2415 3756 2510 3809 τοῦ
2547 3758 2645 3826 τῆς
2672 3756 2973 3821 συνθέσεως
3008 3757 3175 3811 αὑτοῦ
3196 3757 3422 3826 τρόπου,

1850 3847 2020 3902 αῖτιόν
2056 3864 2116 3901 τε
2146 3848 2239 3901 καὶ
2286 3846 2604 3901 συνεκτικὸν
2663 3847 2759 3901 καὶ
2810 3846 3066 3916 κυριεῦον
3103 3846 3419 3917 θεωρεῖται·

1850 3940 1943 3994 καὶ
1970 3939 2104 4006 ἄγον
2134 3937 2194 3991 τὺ
2220 3939 2420 3993 οἰκεῖον
2448 3937 2569 3990 ὅλον
2602 3938 2801 4007 μᾶλλον
2832 3938 2863 4009 ἢ
2898 3939 3185 4009 ἀγόμενον,
3222 3939 3298 4002 ὡς
3333 3939 3424 4009 μέ-

1847 4045 1943 4097 ρος
1968 4027 2075 4081 ύπδ
2107 4025 2201 4080 τοῦ
2223 4028 2425 4080 οἰκείου
2457 4026 2604 4091 ὅλου,
2626 4026 2702 4091 ὼς
2741 4027 2901 4096 φύσις
2934 4030 3047 4091 τοῖς
3081 4028 3263 4090 ἄλλοις
3296 4046 3420 4080 συν-

1850 4117 2060 4182 θέτοιςο
2088 4118 2208 4181 πῶς
2263 4119 2326 4171 ὀὺ
2355 4117 2560 4187 κυρίως
2604 4118 2698 4173 καὶ
2736 4119 2877 4172 κατὰ
2925 4118 3191 4189 ἀλήθειαν
3218 4118 3416 4188 μᾶλλον

1847 4211 1939 4264 τοῦ
1972 4225 2030 4263 τε
2065 4208 2253 4278 ἑτέρου
2305 4208 2508 4278 μέρους
2557 4210 2651 4262 καὶ
2708 4206 2800 4262 τοῦ
2854 4209 2975 4263 κατ’
3016 4210 3149 4263 αὐτὸ
3189 4210 3263 4274 ὠς
3296 4208 3417 4262 ὅλου

1848 4299 2163 4370 νοουμένου,
2202 4300 2300 4367 τὴν
2346 4300 2641 4367 ὀνομασίαν
2692 4300 2785 4353 τοῦ
2835 4304 3151 4371 προσώπου,
3201 4303 3417 4356 καὶτοῦ

175 4381 267 4435 illa
306 4381 486 4434 omnis
512 4379 929 4449 compositionis
960 4395 1027 4435 cx
1057 4396 1115 4436 se
1156 4379 1503 4437 elliceretur?
1542 4381 1746 4438 Ultimo

1854 4389 2163 4461 ὑφεστῶτος
2201 4389 2330 4460 περὶ
2356 4388 2487 4443 αὐτὸ
2514 4391 2713 4455 παντὸς
2742 4390 3117 4460 συγκρίματος
3143 4390 3204 4457 ἐξ
3224 4392 3416 4445 ἑαυτοῦ

175 4481 356 4527 autem
393 4486 422 4525 a
465 4443 710 4525 vobis-id
741 4470 1034 4526 dicendum
1061 4481 1168 4537 est,
1211 4472 1358 4542 quod
1398 4472 1443 4527 si
1465 4472 1742 4528 Christum

1855 4443 2164 4553 notﬂoono;
2199 4443 2426 4552 έοάατον
2450 4479 2504 4533 δὲ
2538 4480 2666 4549 ὑμῖν
2693 4443 2787 4534 καὶ
2821 4443 3241 4547 sobolem-dav,
3367 4443 3418 4535 εί

175 4564 523 4621 nominantes
568 4562 724 4618 illum
777 4564 1066 4619 Dominum
1123 4575 1178 4619 et
1226 4564 1395 4620 Deum
1447 4564 1743 4635 signiﬁcari

176 4656 369 4720 scitis,
391 4655 595 4711 etnihil
628 4654 909 4711 inferioris
940 4656 995 4709 in
1022 4655 1317 4711 Divinitate
1346 4671 1445 4726 per
1474 4657 1745 4713 utrumvis

176 4763 374 4804 nomet.
421 4747 489 4802 de
535 4747 630 4802 illo
663 4747 1009 4811 existimatis,
1057 4747 1188 4818 quid
1223 4748 1437 4803 molesti
1476 4749 1632 4805 vobis
1660 4749 1743 4804 af-

175 4837 284 4892 l‘ert
312 4836 682 4907 Dei-parentis
723 4838 1080 4904 vocabulum,
1132 4853 1232 4907 pro
1267 4836 1745 4909 Christi—parentis

176 4928 480 4983 vocabulo?
508 4929 575 4984 Et
602 4944 706 4983 cur
734 4945 800 4983 ex
849 4937 963 4983 toto
1002 4928 1186 4998 potius
1223 4927 1745 4998 Christi-parentem

175 5019 452 5089 appellare
474 5020 675 5076 vultis?
695 5022 753 5076 Si
768 5023 923 5079 enim
947 5020 1094 5075 idem
1115 5028 1201 5075 est
1217 5019 1472 5074 Christus
1494 5035 1559 5074 ac
1575 5021 1742 5087 Deus,

172 5117 229 5161 et
258 5107 402 5163 idem
428 5107 910 5180 Christi-parentis
930 5124 993 5164 ac
1027 5106 1402 5177 Dei-parentis
1423 5108 1736 5176 appellatio.

177 5198 235 5253 Si
270 5214 400 5254 vero
426 5199 572 5254 aliud
591 5200 722 5270 quid
740 5201 915 5256 Deum
946 5197 1099 5254 scitis
1131 5211 1250 5251 esse
1277 5196 1421 5267 apud
1440 5197 1742 5265 Christum,

156 5290 412 5358 priorem
438 5298 672 5347 vestram
701 5290 948 5344 eamdem
966 5286 1359 5359 blasphemiam
1392 5287 1669 5354 fatemini;
1692 5299 1748 5344 et

177 5396 285 5435 non
328 5397 426 5451 per
457 5381 819 5451 posteriorem
860 5379 1080 5435 demum
1133 5377 1435 5451 incredulis
1478 5381 1647 5436 semel
1692 5394 1749 5437 et

173 5471 360 5544 impiis
385 5473 589 5528 Iudaeis
619 5472 843 5526 omnino
882 5470 1185 5525 conlormia
1226 5449 1537 5528 Christiane
1576 5473 1749 5529 disse-

1847 4572 2080 4644 Χριστὸν
2106 4573 2462 4643 ὀνομάζοντες
2493 4571 2652 4625 αὐτὸν
2681 4571 2772 4624 τὸν
2797 4571 3002 4641 Κύριον
3024 4573 3117 4626 καὶ
3145 4572 3279 4627 Θεδν
3305 4576 3416 4626 ῖστε

1851 4666 2234 4738 σημαίνεσθαι,
2286 4665 2380 4719 καλ⁵
2434 4665 2587 4718 οὐδὲν
2635 4656 2800 4735 ἧττον
2821 4666 2901 4726 είς
2934 4663 3165 4735 θεότητα
3197 4665 3287 4718 διὰ
3326 4665 3417 4718 θα-

1846 4757 2007 4828 τέρου
2038 4757 2143 4810 τῶν
2164 4755 2441 4824 ὀνομάτων
2466 4753 2595 4824 περὶ
2617 4753 2781 4807 αὐτοῦ
2808 4753 3109 4822 λογίζεσθε,
3138 4754 3192 4806 τί
3229 4753 3411 4824 δυσχεο

1851 4849 2065 4919 ραίνετε
2098 4848 2190 4900 ἐπὶ
2232 4848 2296 4917 τῇ
2323 4846 2588 4909 Θεοτόκος
2626 4846 2801 4916 φωνῇ,
2833 4846 2955 4898 άντὶ
2988 4844 3091 4914 τῆς
3124 4846 3418 4915 Χριστοτό-

1849 4955 1947 4991 κου
1975 4955 1989 5003 ;
2032 4938 2127 4991 καὶ⁵
2156 4936 2230 5000 ὡς
2259 4938 2323 4987 tu
2347 4936 2442 4989 τοῦ
2468 4936 2590 4989 ὅλου
2626 4936 2827 5006 μᾶλλον
2879 4936 3247 5006 Χριστοτόκον
3281 4938 3418 4991 ἀπο-

1849 5029 2036 5083 καλεῖν
2075 5026 2336 5098 βούλεσθε
2365 5047 2380 5093 ;
2437 5029 2499 5082 Et
2537 5029 2647 5098 γὰρ
2667 5028 2861 5081 ταυτὸν
2909 5028 3145 5097 Χριστὸς
3175 5028 3256 5094 τῷ
3280 5028 3417 5098 Θεῷ,

1848 5121 1944 5174 καὶ
1968 5123 2001 5192 ἡ
2036 5118 2400 5190 Χριστοτόκος
2429 5122 2498 5190 τῇ
2519 5120 2769 5187 Θεοτόκῳ
2793 5118 3061 5190 ὀνομασίᾳ
3084 5136 3100 5151 ·
3139 5120 3189 5172 εἰ
3222 5119 3281 5171 δὲ
3309 5120 3422 5171 ἕτε-

1849 5210 1943 5279 ρόν
1980 5225 2032 5260 τι
2084 5208 2197 5261 ίστε
2237 5208 2369 5262 Θεὸν
2404 5209 2556 5278 παρὰ
2602 5207 2665 5260 τὸ
2712 5207 2967 5277 Χριστὸν,
3007 5206 3237 5276 πρώτην
3270 5207 3420 5277 ὑμῶν

1849 5300 2056 5369 ταύτην
2083 5299 2181 5370 τὴν
2207 5299 2559 5370 βλασφημίαν
2582 5298 2896 5369 ὁμολογεῖτε
2914 5314 2927 5327 ·
2962 5301 3057 5352 καὶ
3084 5299 3145 5353 οὐ
3170 5301 3301 5370 περὶ
3326 5299 3422 5368 τῆς

1847 5391 2109 5461 δευτέρας
2138 5390 2322 5444 λοιπὸν
2352 5391 2427 5453 ώς
2472 5391 2649 5459 πάντη
2681 5389 2937 5452 ἀπίστοις
2963 5389 3113 5455 ἅπαξ
3160 5391 3259 5444 καὶ
3292 5391 3419 5444 ἀσε-

1850 5478 2002 5533 ϐέσιν
2065 5480 2373 5545 Ἰουδαίοις,
2418 5479 2818 5551 Χριστιανικῶς
2879 5480 3421 5551 προσδιαλεγόμεθα*

174 5564 318 5619 ritis.
351 5563 459 5617 Sed
497 5561 716 5631 quando
751 5562 842 5615 illa
872 5575 996 5615 cum
1041 5561 1154 5616 Deo
1185 5562 1325 5617 bene
1370 5579 1471 5617 vos
1513 5564 1746 5619 confessi

1854 5570 1966 5623 ἀλλ’
2019 5572 2143 5625 ἐπεὶ
2189 5572 2361 5626 ταῦτα
2418 5573 2515 5625 σὺν
2543 5571 2662 5641 Θεῷ
2709 5569 2888 5633 καλῶς
2914 5572 3043 5640 ύμῖν
3078 5571 3421 5642 ὡμολόγηται

175 5656 314 5711 estis
351 5665 407 5710 et
451 5653 790 5718 ostendistis,
819 5661 1058 5708 sanctam
1105 5662 1161 5709 et
1206 5656 1411 5725 justam
1457 5666 1513 5711 et
1562 5671 1746 5711 verum

1854 5661 1948 5714 καὶ
1984 5662 2398 5726 ἀποδέδεικται,
2449 5665 2595 5717 ὅσιον
2629 5663 2724 5716 καὶ
2767 5661 2978 5714 δίκαιον
3028 5663 3126 5716 καὶ
3173 5663 3425 5733 ἀληθινὸν

172 5740 601 5817 Dei-parentem
647 5758 839 5800 revera
872 5756 1116 5801 sanctam
1156 5747 1433 5818 Virginem
1464 5748 1685 5803 Mariam
1716 5764 1745 5805 e

1869 5754 2134 5809 Θεοτόκον
2156 5754 2321 5820 ὀντως
2343 5754 2439 5826 τὴν
2466 5753 2625 5823 ἁγίαν
2651 5753 2923 5825 Παρθένον
2946 5754 3164 5826 Μαρίαν
3188 5757 3246 5809 ὲν
3267 5756 3420 5823 οὐρα-
