3852 6134
315 225 450 292 1713

1255 229 1648 294 ADVERSUS
1685 222 2481 293 NESTORIANOS.-LIB.
2523 223 2622 284 IV.

3411 219 3550 286 1714

313 342 424 402 νοίς
452 335 760 408 ὑμνεῖσθαι,
793 338 886 392 καὶ
917 339 1010 392 ἐπὶ
1039 337 1140 408 γῆς
1166 343 1612 410 προσκυνεῖσθαι.
1638 340 1876 412 σώφρονι
1903 395 1906 403 ς

2013 333 2130 391 uelis
2159 332 2459 399 celebrari,
2503 342 2555 387 et
2592 332 2649 386 in
2695 338 2836 386 terra
2881 331 3136 398 adorari,
3182 335 3410 423 sapienti
3459 353 3548 390 re-

315 429 560 500 λογισμῷ
599 431 693 484 καὶ
726 429 1030 501 ἀμωλύντῳ
1061 424 1271 504 διανοίᾳ
1323 434 1528 504 χείλεσί
1583 452 1640 486 τε
1692 434 1879 501 ἁγνοῖς

317 521 412 576 καὶ
439 521 544 576 ὑπὸ
569 521 788 574 πάντων
835 521 1300 594 μακαριζομένην,
1327 523 1422 578 νῦν
1465 523 1523 578 δὲ
1550 525 1640 578 καὶ
1669 525 1748 588 είς
1779 522 1882 576 πά-

321 629 420 675 σας
447 611 546 676 τὰς
578 611 769 680 γενεὰς
805 611 914 666 τῶν
943 611 1174 668 αἰώνων.
1215 615 1411 684 ’Δμήν.
1451 613 1634 668 Ταῦτα
1663 614 1760 684 μὲν
1790 608 1884 666 οὖν

322 703 452 771 παρ’
483 701 640 772 ἡμῶν
673 703 812 773 πρὸς
839 703 984 772 ὑμᾶς
1016 702 1115 774 τὴν
1151 704 1324 774 ἀληθῆ
1354 723 1410 758 τε
1441 707 1534 758 καὶ
1565 705 1885 774 πρέπουσαν

327 792 650 863 ίδικωέἀτην
704 793 998 862 ὀνομασίαν
1041 797 1140 864 τῆς
1170 795 1330 863 ἁγίας
1375 795 1648 867 Παρθένου
1695 791 1886 848 Θεοτόο

326 901 422 937 κου
449 901 522 938 πα
533 901 718 952 ραιτου
727 885 944 955 μένους.

889 1019 1114 1072 ΚΕΦΔΛ
1127 1058 1141 1072 .
1189 1019 1318 1076 AH'.

331 1107 456 1158 "Ou
484 1105 627 1160 οὐδὲ
677 1107 825 1173 Θεὸς.
865 1111 901 1181 q
947 1109 1201 1177 Χριστὸς
1233 1114 1472 1181 εὶκόςως
1521 1110 1888 1181 ὀνομάζεται,

713 1175 973 1246 τολμῶσι
990 1175 1001 1177 ⁷
1013 1179 1500 1240 κατασκευάζειν.

403 1285 532 1348 Θεὸς
555 1281 622 1356 ἦν
650 1288 678 1340 ὁ
710 1286 880 1353 Λόγος
912 1302 925 1316 ·
958 1287 1180 1356 γέγονεν
1200 1287 1486 1367 ἄνθρωπος
1507 1306 1522 1320 ·
1547 1291 1596 1343 ει
1631 1290 1893 1354 Θεοτόκος

331 1379 365 1444 ἡ
400 1374 696 1446 Παρθένος,
730 1376 888 1444 δῆλον
921 1373 1082 1432 amt
1124 1373 1194 1448 ἦν
1241 1381 1270 1432 ό
1302 1379 1494 1446 Λόγος,
1535 1379 1653 1433 ἐστι
1693 1381 1894 1452 Μήτηρ

333 1468 367 1534 ἡ
396 1465 686 1537 Παρθένος,
705 1467 825 1536 οὐχὶ
837 1463 900 1518 οῦ
925 1467 1151 1535 γέγονεν
1178 1483 1192 1498 °
1229 1471 1275 1522 εί
1296 1469 1354 1521 δὲ
1379 1469 1468 1523 διὰ
1500 1471 1589 1522 τὸν
1612 1470 1894 1540 ἄνθρωπον

335 1555 444 1623 ἔχει
475 1555 706 1627 μητέρα,
734 1556 830 1609 τοῦ
859 1557 1146 1627 ἀνθρώπου
1174 1560 1402 1630 Μητέρα
1423 1561 1498 1631 μὴ
1543 1561 1774 1631 ἔχοντος,
1807 1563 1896 1615 ού-

1981 423 2213 478 ﬂexione
2241 430 2298 478 et
2333 422 2535 477 invicta
2558 421 2886 492 cogitatione
2913 423 3174 494 purisque
3206 421 3368 480 labiis
3395 434 3452 480 et
3481 424 3551 479 ab
3635 463 3645 472 .

1983 514 2240 569 omnibus
2269 514 2484 568 beatam
2519 513 2828 584 praedicari,
2856 529 3008 569 nunc
3048 525 3228 570 autem
3261 525 3318 570 et
3349 514 3405 568 in
3436 530 3554 568 om-

1983 623 2082 662 nes
2112 609 2492 679 generationes
2533 605 2880 660 sa'culorum.
2927 605 3121 660 Amen.
3173 605 3300 660 Haec
3332 603 3552 675 quidem

1986 699 2153 768 igitur
2194 713 2224 752 a
2261 683 2422 752 nobis
2451 695 2517 750 ad
2543 710 2640 750 vos
2681 695 2828 749 dicta
2860 703 2989 750 sunt
3033 711 3214 749 veram
3249 703 3303 749 et
3353 710 3552 749 conve-

1985 789 2228 844 nientem
2279 787 2556 858 propriam
2611 786 2842 840 maxime
2899 786 3317 856 appellationem
3355 793 3556 840 sanctae

1987 879 2224 948 Virginis
2243 877 2613 948 Dei-parentis
2646 885 2921 947 rogantes.

2533 1010 2682 1066 CAP.
2723 1009 3006 1064 xxxvm.
3289 1073 3300 1082 ,

2097 1101 2246 1168 Quod
2273 1101 2509 1157 Christus
2539 1117 2643 1154 non
2673 1117 2791 1154 vere
2829 1101 3020 1154 dicitur
3047 1101 3185 1154 Deus
3224 1117 3457 1154 asserere

2607 1171 2941 1224 audentibus.

2061 1285 2207 1340 Deus
2238 1291 2359 1340 erat
2387 1283 2651 1347 Verbum,
2692 1282 2898 1338 factum
2940 1289 3025 1338 est
3067 1283 3260 1348 homo;
3291 1298 3360 1337 an
3396 1283 3563 1352 Virgo

1991 1375 2068 1431 sit
2113 1375 2284 1430 Mater
2310 1374 2426 1438 Dei,
2460 1389 2591 1428 sane
2619 1371 2784 1445 Virgo
2807 1373 2927 1442 ejus
2957 1381 3044 1430 est
3071 1374 3242 1429 Mater
3271 1375 3426 1443 cujus
3447 1383 3566 1434 erat

1994 1469 2258 1532 Verbum,
2290 1481 2399 1521 non
2441 1466 2599 1536 cujus
2625 1464 2830 1520 factum
2875 1473 2998 1520 est:
3031 1481 3101 1519 an
3137 1465 3440 1520 secundum
3469 1467 3566 1520 ho-

1995 1561 2198 1615 minem
2241 1568 2472 1613 matrem
2517 1557 2744 1622 habeat,
2795 1555 3018 1612 homine
3051 1565 3281 1612 matrem
3327 1571 3437 1612 non
3473 1557 3568 1612 ba-

333 1641 394 1730 ξὲ
433 1641 540 1710 ἄρα
572 1645 599 1696 ὁ
632 1643 802 1711 Λόγος
835 1643 1058 1700 δύναται
1089 1645 1235 1716 ἔχειν
1257 1649 1488 1719 μητέρα.
1538 1648 1698 1703 Ἀλλὰ
1717 1655 1812 1704 καὶ
1831 1645 1894 1704 οὗ

2013 1659 2185 1715 Dente,
2235 1665 2368 1705 sane
2399 1647 2638 1703 Verbum
2685 1657 2918 1703 matrem
2962 1648 3166 1704 habere
3209 1663 3319 1703 non
3365 1658 3564 1718 potest.

332 1725 402 1798 ἦν
425 1732 518 1784 καὶ
552 1732 773 1801 γέγονεν
811 1734 841 1787 ὁ
889 1735 1082 1804 Λόγος,
1122 1735 1256 1812 ἐστι.
1279 1739 1519 1809 μήτηρή
1573 1739 1848 1811 Παρθένος
1876 1759 1888 1771 '

335 1824 430 1874 καὶ
461 1823 575 1892 ἅμα
610 1823 730 1894 μὲν,
764 1825 881 1878 ἀλλ’
909 1827 1008 1897 οὐχ
1038 1827 1235 1898 ὁμοίως
1257 1847 1271 1862 ο
1304 1830 1397 1882 τοῦ
1423 1831 1521 1899 μὲν
1552 1831 1660 1900 γὰρ
1696 1831 1895 1898 Λόγου,

333 1911 408 1974 ὡς
431 1912 489 1977 ἐξ
519 1914 688 1982 αὐτῆς
709 1916 1075 1987 ὲναρξαμένου
1094 1919 1422 1989 σαρκώσεως
1443 1937 1456 1949 ·
1492 1921 1586 1990 τῆς
1603 1922 1657 1976 δὲ
1673 1921 1903 1994 σαρκὸς,

335 2002 412 2065 ὡς
444 2002 502 2070 ἐξ
530 2005 698 2074 αὐτῆς
731 2007 1104 2082 ὲναρξαμένης
1137 2011 1444 2084 ὑπάρξεως.

913 2123 1164 2178 ΚΕΦΑΛ.
1193 2125 1322 2179 ΛΘ’.

407 2204 564 2258 Κατᾶ
595 2207 693 2276 μὲν
715 2209 804 2264 τὸν
851 2213 1162 2284 προφήτην,
1208 2214 1270 2267 τὸ
1329 2215 1680 2287 Ἐμμανουὴλ
1705 2219 1898 2290 ὄνομα,

341 2299 566 2368 σημείου
605 2301 752 2354 ἐστὶν
783 2301 956 2372 ὄνομα
990 2303 1086 2358 τοῦ
1113 2307 1177 2358 ὲκ
1208 2309 1307 2377 τῆς
1345 2307 1626 2377 Παρθένου
1662 2310 1741 2378 τῷ
1770 2312 1906 2382 οἴκῳ

340 2390 502 2444 Δαϐὶδ
520 2393 842 2462 τικτομένου
860 2412 920 2448 τε
947 2397 1040 2450 καὶ
1061 2397 1340 2467 διδομένου
1373 2416 1389 2430 '
1430 2402 1573 2457 κατὰ
1599 2401 1658 2456 δὲ
1685 2401 1779 2457 τὸν
1807 2405 1900 2456 Aio

338 2479 588 2546 γύπτιον,
617 2482 710 2536 τοῦ
731 2484 958 2554 δοτῆρος
974 2487 1070 2540 τοῦ
1101 2490 1326 2558 σημείου
1357 2489 1494 2545 Θεοῦ
1523 2493 1640 2548 ἐστι
1686 2494 1750 2548 τὸ
1788 2495 1906 2548 ὀνο-

343 2587 421 2640 μα
447 2571 508 2623 τὸ
537 2571 904 2646 Ἐμμανουήλ.
949 2575 1086 2630 Ἀλλ’
1104 2579 1166 2634 οὐ
1192 2583 1416 2651 σημεῖόν
1445 2583 1595 2638 ἐστιν
1623 2586 1652 2637 ὁ
1689 2585 1906 2658 Ἐμμα-

341 2661 506 2732 νουήλ
530 2679 542 2691 ο
567 2663 742 2734 ὄνομα
761 2666 871 2738 γάρ
897 2669 1016 2722 ἔστι
1047 2669 1398 2737 ὑποστάσεώς
1437 2691 1584 2739 τινος
1639 2694 1908 2749 σημαντι-

342 2751 462 2817 κδν,
493 2753 615 2806 καθ’
639 2755 706 2826 ἣν
723 2757 846 2826 μεθ’
875 2759 906 2828 η
915 2759 1030 2828 μῶν
1046 2759 1156 2814 τῶν
1179 2761 1481 2833 ἀνθρώπιον
1507 2765 1641 2829 Θεὸς
1679 2769 1870 2835 γέγονε
1890 2783 1906 2798 ⁸

345 2843 459 2906 πῶς
488 2843 544 2897 δὲ
579 2845 802 2914 γέγονεν
831 2848 950 2918 μεθ’
979 2850 1211 2922 ily.sz
1262 2852 1418 2922 δῆλον
1465 2855 1541 2918 ὼς
1583 2858 1677 2910 καὶ
1715 2857 1910 2928 πρώην

344 2933 640 3006 διειστήκει
674 2937 858 3008 ήμῶν;
881 2939 1133 3012 διέστηκε
1157 2943 1215 2997 δὲ
1245 2944 1401 3014 ἡμῶν
1429 2945 1579 3012 Θεὸς,
1616 2947 1718 3001 οὐκ
1752 2949 1907 3020 ἐνερ-

1996 1742 2102 1799 Sed
2145 1751 2202 1797 et
2248 1743 2370 1813 ejus
2408 1750 2528 1796 erat
2573 1739 2816 1796 Verbum
2861 1748 2919 1794 et
2967 1741 3125 1811 cujus
3165 1747 3415 1796 sanctum
3460 1749 3564 1803 est.

1995 1833 2114 1904 ejus
2144 1842 2228 1888 est
2262 1831 2431 1886 Mater
2459 1831 2652 1900 Virgo,
2701 1838 2758 1884 et
2801 1830 2965 1885 simul
3017 1829 3276 1900 quidem,
3329 1831 3424 1886 sed
3458 1846 3568 1884 non

1998 1921 2162 1977 simili
2191 1921 2372 1986 modo,
2409 1921 2572 1975 Verbi
2621 1919 2865 1990 quidem,
2917 1927 2978 1975 ut
3023 1935 3090 1974 ex
3141 1921 3232 1976 illa
3277 1921 3566 1983 incarnati.

1999 2011 2181 2068 carnis
2205 2026 2335 2066 vero
2367 2022 2428 2065 ut
2454 2026 2522 2066 ex
2551 2009 2642 2065 illa
2670 2009 3034 2066 substantiam
3065 2009 3403 2079 accipientis.

2555 2122 2707 2180 CAP.
2765 2123 2982 2178 XXXIX
2995 2160 3009 2176 .

2073 2215 2386 2272 Secundum
2435 2216 2789 2286 prophetam,
2840 2231 3041 2270 nomen
3087 2215 3440 2278 Emmanuel,
3489 2225 3573 2270 est

1999 2322 2206 2363 nomen
2231 2307 2369 2379 signi
2400 2323 2468 2362 ex
2502 2307 2726 2378 Virgine
2757 2307 2890 2362 editi
2919 2318 2976 2362 et
3002 2307 3191 2364 domui
3224 2306 3394 2362 David
3435 2307 3576 2370 dati,‘

2003 2397 2306 2454 secundum
2352 2398 2640 2470 Egyptium
2681 2399 2824 2453 vero
2871 2397 3193 2454 Emmanuel
3237 2413 3440 2453 nomen
3489 2405 3575 2452 est

2005 2489 2100 2544 Dei
2132 2489 2348 2559 signum
2381 2489 2584 2544 dantis.
2609 2487 2716 2542 Sed
2748 2489 3070 2544 Emmanuel
3091 2489 3310 2560 signum
3335 2503 3445 2543 non
3469 2497 3572 2552 est,

2005 2577 2276 2648 siquidem
2305 2591 2503 2632 nomen
2529 2584 2616 2631 est
2639 2575 2950 2647 signiﬁcans
2979 2577 3272 2648 quamdam
3316 2579 3575 2650 hyposta-

2005 2666 2116 2732 sin,
2145 2666 2441 2722 secundum
2472 2679 2636 2735 quam
2660 2665 2945 2722 nobiscum
2971 2667 3290 2724 hominibus
3319 2668 3462 2724 Deus
3483 2667 3578 2723 ad-

2007 2756 2185 2821 venit;
2236 2756 2514 2826 quomodo
2565 2771 2701 2812 vero
2757 2755 2984 2814 advenit
3025 2759 3346 2825 nobiscum,
3394 2775 3575 2816 annon

2007 2845 2238 2901 evidens
2259 2847 2404 2916 quod
2447 2855 2612 2902 antea
2650 2845 2839 2902 aberat
2867 2861 2899 2901 a
2929 2845 3124 2902 nobis?
3147 2848 3294 2904 Deus
3329 2847 3520 2904 aberat
3545 2864 3580 2904 a

2011 2937 2194 3001 nobis,
2229 2952 2339 2992 non
2365 2937 2592 3001 virtute,
2615 2952 2724 2992 non
2749 2937 3094 3005 habitudine,
3117 2954 3400 3010 nunquam
3423 2939 3578 3004 loco;

345 3021 488 3091 γείᾳ,
521 3024 581 3076 ού
613 3027 814 3095 σχέσει,
848 3032 908 3080 οὐ
933 3031 1082 3099 τόπῳ
1112 3030 1332 3084 πώποτε
1361 3048 1374 3062 ·
1428 3033 1588 3098 φύσει
1613 3037 1746 3104 ἄρα,
1769 3012 1906 3089 ὥστε

2017 3035 2214 3080 natura
2245 3042 2396 3091 vero,
2433 3027 2707 3096 siquidem
2749 3037 2948 3083 nostrae
2993 3037 3207 3086 natura;
3234 3045 3388 3086 suam
3419 3040 3583 3086 natu-

349 3116 441 3167 καὶ
470 3115 630 3185 φύσει
679 3121 746 3188 τῇ
780 3119 1025 3190 ἡμετέρᾳ
1057 3120 1152 3173 νῦν
1183 3121 1386 3191 ἥνωται
1434 3123 1533 3194 τὴν
1578 3123 1760 3193 φύσιν,
1819 3129 1914 3181 καὶ

349 3203 496 3259 ἔστιν
513 3206 680 3270 ὅντως
700 3207 818 3276 μεθ’
847 3209 1004 3278 ἡμῶν
1027 3227 1042 3240 ο
1081 3213 1307 3280 σημεῖον
1334 3213 1394 3266 δὲ
1423 3215 1484 3265 οὐ
1514 3215 1740 3283 γέγονεν
1785 3216 1907 3288 μεθ’

350 3295 506 3362 ἡμῶν
531 3312 544 3326 ο
575 3296 690 3348 ἀλλ’
723 3299 836 3366 εῑγε
858 3301 951 3353 καὶ
975 3301 1083 3372 ἄρα.
1099 3301 1155 3354 ὲν
1179 3304 1313 3372 ἡμῖν
1369 3321 1452 3368 τις
1487 3306 1648 3371 εἴποι,
1697 3309 1758 3362 ού
1793 3309 1912 3376 μεθ’

351 3383 509 3452 ἡμῶν
523 3385 584 3437 τὸ
613 3391 836 3458 σημεῖον
863 3405 874 3418 ·
915 3390 1008 3443 τοῦ
1037 3391 1093 3444 δὲ
1125 3393 1438 3462 Ἐμμανοὺ,
1471 3397 1531 3449 τὸ
1557 3398 1686 3468 μεθ’
1745 3399 1917 3470 ἡμῶν

350 3472 786 3546 ὼμολογημένως
815 3479 1172 3551 σημαίνοντος
1207 3485 1346 3538 κατὰ
1383 3484 1688 3556 Ἐϐραίους,
1736 3489 1797 3544 τό
1822 3490 1911 3562 ἢλ,

355 3565 458 3616 ποῦ
491 3584 616 3619 ποτε
647 3569 890 3640 ἁκήκοαν
947 3573 1174 3642 σημεῖον
1231 3575 1543 3644 σημαίνειν,
1590 3579 1686 3633 καὶ
1733 3581 1794 3635 οῦ
1823 3581 1916 3638 τὸν

353 3653 484 3707 Θεὸν
516 3657 700 3724 σαφῶς
726 3657 902 3726 λέγειν
917 3676 932 3725 ;

949 3774 1200 3833 ΚΕΦΑΛ.
1227 3779 1319 3834 Μ’.

423 3861 542 3912 Τῶν
575 3863 908 3932 τικτομένων
942 3867 974 3936 ή
1009 3867 1190 3935 φύσις,
1226 3869 1400 3932 θετοῑς
1448 3873 1709 3944 ὀνόμασιν
1753 3877 1918 3932 οὖδα-

356 3951 460 4043 μοῦ
491 3954 898 4023 παραδηλοῦται
929 3971 942 3986 ’
987 3956 1057 4010 τὰ
1095 3960 1204 4028 γὰρ
1228 3959 1358 4016 θετὰ
1378 3965 1639 4034 ὀνόματα,
1692 3967 1804 4023 τῶν
1847 3973 1914 4043 τῇ

353 4041 511 4108 φύσει
563 4043 970 4110 συμϐαινόντων
1001 4047 1118 4102 ἐστι
1171 4053 1485 4122 σημαντικά
1511 4072 1526 4086 ο
1569 4058 1812 4113 τοιοῦτον

353 4132 450 4182 καὶ
465 4131 526 4184 τὸ
560 4133 904 4220 Ἐμμανουὴλ
932 4135 1126 4205 ὄνομα,
1150 4138 1244 4192 ἆτε
1279 4139 1430 4194 θετὸν
1465 4143 1662 4214 ϐνομα.
1696 4149 1773 4202 οὐ
1817 4149 1918 4220 τὴν

354 4221 516 4290 φύσιν
549 4219 642 4277 οὖν
673 4223 825 4294 δηλοῖ
871 4226 964 4279 τοῦ
1002 4227 1280 4294 λαϐόντος,
1333 4231 1427 4285 τοῦ
1487 4235 1836 4312 Ἐμμανουὴλ
1872 4219 1915 4312 ιι

2012 3131 2128 3170 ram
2174 3116 2379 3181 univit,
2418 3125 2476 3170 et
2517 3131 2644 3170 vere
2679 3125 2762 3171 est
2812 3117 3124 3174 nobiscum.
3175 3119 3401 3190 Signum
3449 3136 3584 3176 vero

2011 3219 2122 3258 non
2155 3204 2382 3259 advenit
2411 3204 2720 3270 nobiscum,
2755 3203 2856 3260 sed-
2881 3206 2926 3260 si
2965 3207 3188 3275 quando
3215 3207 3356 3263 forte
3395 3209 3586 3279 loque-

2015 3305 2169 3350 retur
2209 3294 2334 3364 quis
2380 3295 2435 3348 in
2463 3293 2644 3360 nobis,
2685 3310 2797 3348 non
2825 3307 2972 3352 esset
3012 3295 3227 3367 signum
3275 3297 3581 3354 nobiscum.

2013 3385 2202 3454 Quoad
2260 3385 2530 3440 Emmanu
2587 3385 2904 3456 signiﬁcans
2961 3387 3266 3442 secundum
3327 3387 3586 3444 Hebraeos

2015 3478 2384 3533 communiter
2417 3476 2560 3546 quod
2587 3480 2682 3532 est'
2734 3477 3024 3532 nobiscum.
3071 3477 3175 3534 Ubi
3207 3494 3446 3550 unquam
3488 3495 3587 3534 au-

2015 3564 2192 3620 ditum
2219 3575 2302 3620 est
2335 3563 2546 3634 signum
2582 3563 2910 3638 signiﬁcare,
2960 3581 3064 3622 nec
3109 3567 3278 3623 Deum
3311 3551 3586 3641 sapienter

2015 3655 2167 3730 loqui
2183 3655 2206 3712 ἳ

2087 3860 2348 3916 Natorum
2381 3869 2576 3916 natura
2600 3877 2870 3932 nusquam
2917 3861 3234 3932 designatur
3275 3859 3588 3916 nominibus

2019 3950 2316 4022 impositis,
2349 3966 2476 4007 nam
2513 3951 2738 4007 nomine
2769 3952 3022 4022 imposita
3064 3961 3194 4008 sunt
3232 3950 3588 4024 signiﬁcativa

2019 4041 2388 4098 accidentium
2420 4053 2630 4096 natura:
2655 4059 2668 4094 :
2695 4041 3008 4110 hujusmodi
3033 4049 3119 4096 est
3145 4057 3345 4096 nomen
3374 4041 3592 4096 Emma-

2019 4133 2168 4194 nuel.
2200 4141 2390 4202 utpote
2419 4147 2620 4187 nomen
2651 4133 3000 4202 impositum;
3045 4132 3337 4202 appellatio
3368 4133 3590 4187 Emma-

2019 4228 2146 4282 nuel
2166 4241 2298 4296 ergo
2319 4225 2624 4281 secundum
2662 4224 2976 4296 Egyptium
3000 4231 3248 4280 naturam
3271 4224 3591 4293 aecipientis

354 4315 544 4385 κλῆσις
572 4316 714 4371 κατὰ
734 4316 824 4370 τὸν
853 4317 1150 4387 Αίγύπτιον
1174 4337 1188 4350 ·
1225 4321 1362 4375 ἀλλὰ
1389 4323 1526 4378 Θεοῦ
1568 4325 1668 4397 τὴν
1693 4345 1906 4400 συμμα-

2020 4335 2131 4374 non
2161 4319 2434 4390 designat,
2466 4317 2563 4372 sed
2597 4331 2719 4372 esse
2764 4317 3025 4370 unionem
3055 4315 3151 4370 Dei
3179 4331 3305 4370 cum
3337 4315 3591 4371 acciden—

353 4403 477 4474 χίαν
510 4401 672 4471 εἶναι,
703 4406 842 4475 μετὰ
869 4407 978 4461 τῶν
1009 4409 1311 4479 εἰληφότων
1359 4411 1420 4464 τὸ
1464 4413 1809 4487 Ἐμμανουήλ
1839 4420 1920 4484 είς

355 4489 582 4564 σημεῖον
609 4497 848 4567 ἐκείνης.
893 4498 1036 4552 ’Δλλ’
1068 4501 1222 4555 οὐδὲν
1257 4501 1445 4573 ἕτερον
1473 4503 1644 4576 ὄνομα
1691 4506 1858 4561 ίδικὸν
1889 4512 1919 4565 ὅ

355 4587 488 4653 φασί
510 4603 652 4652 τινες
670 4587 763 4641 καὶ
780 4588 982 4660 Κύριον
1009 4591 1175 4660 ἧγουν
1206 4593 1268 4646 τὸ
1285 4593 1408 4647 καθ’
1427 4594 1775 4662 ὑποστάσεως
1803 4601 1920 4665 ἑνὸς

355 4677 651 4748 προσώπου
685 4679 956 4750 κείμενον,
978 4683 1192 4750 φύσεώς
1221 4685 1338 4739 ἐστι
1363 4685 1659 4756 δηλωτικὸν
1683 4691 1870 4754 ἁπλῶς
1899 4707 1914 4723 ·

353 4767 476 4821 οὔτε
510 4768 620 4839 γὰρ
646 4769 956 4840 όριστικῶς,
991 4772 1108 4826 ἀλλ’
1144 4775 1266 4830 οὐδὲ
1305 4779 1678 4847 σημαντικῶς,
1722 4780 1797 4845 ὡς
1849 4781 1924 4836 τὰ

353 4861 510 4916 κοινὰ
542 4861 638 4914 καὶ
658 4863 1038 4932 προσηγορικὰ
1093 4865 1203 4919 τισὶ
1233 4867 1506 4938 λεγόμενα
1531 4868 1791 4941 ὀνόματα,
1826 4874 1920 4927 ἐπὶ

352 4951 454 5020 τὴν
491 4951 679 5032 οὐσίαν
729 4953 1044 5023 ἀναπέμπει
1073 4955 1172 5027 τὴν
1223 4957 1434 5014 ἔννοιαν
1465 4973 1480 4988 °
1536 4961 1652 5014 ἀλλ’
1679 4962 1800 5018 οὐδὲ
1858 4965 1922 5018 τὺ

355 5043 602 5098 ὁπωσοῦν
633 5043 774 5098 κατὰ
803 5045 1070 5102 πλειόνων
1099 5065 1114 5080 ·
1141 5049 1330 5114 ξάνθον
1351 5051 1462 5123 γὰρ
1486 5052 1651 5106 ἶππον
1675 5055 1797 5108 τινὰ
1825 5058 1921 5110 καὶ

265 5207 270 5214 ἡ
357 5130 602 5203 ποταμὸν
641 5133 736 5186 καὶ
754 5125 1060 5200 ἄνθρωπον,
1097 5137 1214 5190 ἐστι
1255 5141 1632 5212 φαντασθῆναι
1656 5142 1922 5198 ἀκούσαν-

297 5283 302 5289 _
355 5238 454 5285 τας
489 5238 503 5252 ⁸
528 5222 635 5275 τῶν
661 5219 754 5276 οὗν
783 5226 1153 5296 προσωπικῶν
1179 5227 1458 5299 ὀνομάτων
1485 5231 1571 5284 ἀεὶ
1604 5232 1778 5296 θετοῖς
1807 5248 1917 5284 τισι

275 5365 315 5392 ,δ
358 5313 451 5365 καὶ
490 5313 864 5386 συμϐεϐηκόσι
897 5319 1014 5380 ταῖς
1068 5317 1280 5381 οὐσίαις
1319 5317 1622 5386 δηλούντων
1652 5321 1751 5386 τὰς
1785 5322 1921 5375 ὑποη

317 5409 336 5422 “
359 5403 598 5468 στάσεις,
622 5403 730 5472 ἄρα
756 5421 820 5473 γε
855 5407 948 5458 καὶ
976 5407 1038 5460 τὸ
1071 5407 1440 5476 Ἐμμανουήλ,
1467 5410 1608 5461 κατὰ
1625 5409 1918 5478 προσώπου

358 5491 608 5564 κείμενόν
655 5497 793 5563 ἔστι,
842 5497 965 5550 καθ’
997 5497 1026 5552 ὃ
1083 5498 1372 5569 πρόσωπον
1404 5498 1750 5568 συμϐέϐηκεν
1791 5502 1922 5570 ἡμῖν

363 5585 639 5640 κοινωνίαν
665 5587 806 5656 ἔχειν
836 5587 968 5655 πρὸς
1002 5587 1134 5644 θεόν
1155 5605 1169 5620 ο
1201 5588 1359 5660 εἰπερ
1387 5590 1617 5661 μεσίτης
1652 5591 1788 5652 Θεοῦ
1827 5592 1922 5650 καὶ

2023 4411 2171 4464 tibus
2222 4407 2548 4464 Emmanuel
2607 4407 2664 4462 in
2712 4407 2929 4478 signum
2981 4407 3164 4462 istius.
3218 4405 3327 4462 Sed
3379 4406 3590 4492 nullum

2023 4501 2172 4558 aliud
2221 4515 2420 4555 nomen
2456 4499 2722 4572 speciale;
2749 4501 2896 4570 quod
2931 4501 3157 4573 quidam
3207 4501 3374 4573 igitur
3400 4501 3588 4559 Domi-

2019 4608 2154 4648 num
2185 4563 2640 4662 dicunt,positum
2667 4563 2784 4648 sub.
2803 4563 3042 4664 imagi’ne
3071 4563 3587 4662 unius'ltypoatasis,

2021 4684 2348 4754 simpliciter
2389 4685 2637 4756 designat
2687 4691 2959 4738 naturam.
3004 4683 3114 4740 Sed
3143 4699 3247 4740 nec
3286 4683 3588 4748 deﬂnitive.

2020 4787 2126 4854 nec
2152 4771 2534 4842 signiﬁcative,
2567 4781 2628 4824 ut
2665 4771 2890 4827 nomina
2912 4773 3233 4854 communia
3257 4780 3314 4830 et
3351 4774 3589 4843 appella-

2022 4850 2134 4918 tiva
2158 4861 2439 4932 aliquibus
2460 4861 2608 4917 dicta
2627 4861 2918 4922 remittunt
2957 4850 3345 4934 cogitationem
3363 4859 3417 4916 in
3435 4873 3592 4924 natu.

2021 4969 2138 5009 ram
2173 4953 2500 5024 plerumque
2527 4951 2668 5008 nihil
2705 4951 2930 5010 omnino
2973 4951 3238 5008 indicant.
3267 4952 3373 5009 Per
3398 4963 3588 5010 vocem

2021 5046 2168 5102 enim
2213 5043 2439 5110 εὰν-θον
2463 5042 2705 5115 (ﬂavum)
2737 5043 3025 5098 audientes
3051 5043 3156 5099 sibi
3181 5055 3413 5116 possunt
3433 5044 3589 5101 ellin-

2020 5151 2150 5206 gere
2196 5149 2401 5205 equum
2443 5131 2757 5203 quemdam,
2797 5131 2882 5187 vel
2909 5132 3137 5192 ﬂuvium
3185 5143 3242 5190 et
3287 5135 3586 5190 hominem.

2020 5222 2156 5279 Cum
2179 5225 2348 5294 igitur
2366 5221 2588 5280 nomina
2617 5221 2928 5292 personalia
2956 5222 3162 5279 additis
3184 5223 3507 5294 quibusdam
3535 5231 3593 5278 et

2021 5316 2404 5378 accidentibus
2477 5314 2910 5370 substantiarum
2974 5332 3194 5388 semper
3273 5317 3592 5388 bypostases

2023 5408 2346 5477 designant;
2381 5421 2513 5476 ergo
2533 5415 2592 5462 et
2615 5421 2817 5462 nomen
2851 5407 3171 5465 Emmanuel
3199 5423 3446 5478 personae
3492 5409 3590 5462 tri-

2022 5498 2211 5555 buitur
2247 5511 2344 5567 per
2383 5511 2545 5565 quam
2581 5497 2784 5552 accidit
2824 5497 2987 5552 nobis
3023 5498 3340 5553 societatem
3389 5496 3590 5554 habere

2023 5606 2146 5652 cum
2179 5589 2290 5650 Deo
2321 5607 2334 5644 :
2377 5590 2648 5664 siquidem
2677 5590 2773 5648 Dei
2805 5597 2862 5646 et
2906 5589 3190 5656 hominum
3233 5587 3348 5662 ipse
3389 5587 3578 5656 media-
