3858 6156
241 211 377 277 1719

1500 211 1805 272 LEONTl-I
1843 205 2250 268 BYZANTINI

3349 201 3500 265 1729

233 326 552 382 condonare
577 327 650 382 ei.
691 325 749 382 Si
785 343 914 382 vero
949 325 1120 382 Filius
1149 325 1388 380 hominis
1443 334 1806 394 cssetexpers

1927 339 2090 393 πάντα
2131 339 2198 392 τὰ
2223 339 2318 392 τοῦ
2353 339 2517 408 νόμου
2552 335 2898 406 δικαιώματα
2933 336 3244 406 σαρκικῶς,
3274 334 3365 389 ἵνα
3393 337 3488 406 τῆς

235 419 754 474 et'circumeisionis
779 419 1004 489 quidem
1050 429 1106 474 et
1134 419 1475 489 baptismatis
1529 418 1801 487 paeniten-

236 511 326 563 tiae
352 509 580 565 Joannis
609 517 666 564 et
709 522 1058 575 caeterorum,
1113 511 1156 565 si
1213 511 1377 580 igitur
1427 518 1614 580 egeret
1667 523 1800 563 vero

235 600 509 669 baptismo
561 599 944 670 paenitentiae,
995 611 1052 655 ut
1107 615 1337 670 prorsus
1403 599 1796 670 impeccahilis,

234 706 362 745 nam
387 692 714 762 poenitentia
753 709 864 748 nou
895 695 1271 765 estjustorum
1303 691 1681 759 laudantium,
1701 693 1798 747 sed

233 782 276 835 si
307 795 439 835 vero
465 779 869 852 Christusquin
915 792 1124 860 egeret,
1179 783 1417 853 aliquam
1466 784 1644 853 legem
1713 783 1812 837 ad-

1909 431 2072 500 φύσιν
2099 431 2197 498 τῆς
2261 429 2486 498 σαρκὸς,
2531 430 2633 498 τῆς
2683 427 2915 498 νομικῆς
2956 429 3342 496 κατακρίσεως
3396 445 3500 480 και

1907 521 2155 592 κατάρας
2190 518 2558 592 ἐλευθερώσῃ,
2588 519 2683 572 καὶ
2707 517 2867 585 ἀξίαν
2895 518 3066 588 αὑτὴν
3099 515 3364 588 ἀποδείξῃ
3388 517 3502 585 τῆς

1905 613 2284 683 πνευματικῆς
2306 611 2641 673 διαϐιὼσεως
2666 612 2733 681 ἦν
2763 613 2902 682 αὐτῇ
2949 609 3280 680 χαρίσασθαι
3315 624 3494 676 προσ-

1917 707 2101 761 έθετο·
2146 708 2196 758 sl
2248 704 2306 758 δὲ
2357 703 2576 772 ἐπιδεὴς
2621 702 2695 766 ὼς
2747 701 3036 772 ἀνθρώπου
3085 701 3244 764 τόκος
3279 701 3498 753 τούτων

1910 791 2000 870 ἦν,
2021 797 2116 850 καὶ
2142 795 2442 866 περιτομῆς
2477 794 2607 862 ἄρα,
2649 793 2746 846 καὶ
2771 793 3147 862 βαπτίσματος
3195 791 3502 860 μετανοίας

233 873 446 942 implet,
480 874 766 930 evidenter
792 875 898 930 hoc
934 875 1065 930 facit
1089 884 1146 930 ut
1176 874 1469 946 adimpleat
1508 875 1810 930 secundum

1927 883 2001 940 ποῦ
2041 883 2307 949 Ἰωάννου,
2341 885 2436 938 καὶ
2485 884 2593 938 τῶν
2636 883 2837 937 λοιπῶν
2865 900 2880 915 ο
2921 885 2970 936 εί
3027 879 3122 936 οὖν
3159 882 3333 934 ἐδεῖτο
3391 879 3500 934 τοῦ

235 979 457 1019 carnem
488 981 706 1022 omnem
738 967 1099 1022 oeconomiam
1138 967 1206 1021 ad
1253 982 1472 1020 omnem
1513 967 1804 1036 justitiam,

1927 977 2002 1046 τῆς
2043 976 2329 1046 μετανοίας
2359 973 2528 1038 ὅντως
2559 973 2897 1045 βαπτισμοῦ,
2939 974 3154 1034 πάντως
3189 973 3265 1035 ὡς
3303 974 3495 1040 ἁμαρ-

234 1065 290 1109 ct
320 1055 579 1112 exhibeat
628 1058 906 1128 implendo
935 1059 1108 1128 legem
1135 1074 1289 1112 suam
1322 1058 1668 1114 divinitatem
1697 1101 1710 1124 ,
1746 1069 1801 1114 et

1927 1068 2074 1141 :wM;
2099 1085 2112 1098 ’
2139 1068 2201 1121 οὐ
2236 1067 2346 1136 γὰρ
2368 1066 2593 1120 δικαίων
2619 1058 2918 1121 ἐπαινετῶν
2949 1069 3100 1118 ὲστιν
3129 1067 3160 1135 ἡ
3187 1065 3450 1134 μετάνοια
3472 1079 3489 1091 ·

238 1161 457 1202 omnem
480 1158 734 1204 naturam
771 1148 1050 1203 carnalem
1098 1147 1370 1203 infirmam
1412 1151 1678 1221 compleri
1738 1153 1794 1206 in

1935 1160 1949 1211 l
1989 1160 2044 1212 δὲ
2077 1160 2172 1214 καὶ
2206 1159 2281 1228 μὴ
2346 1157 2562 1228 χρῄζων
2583 1159 2728 1211 τελεῖ
2752 1175 2875 1211 τινα
2913 1158 3166 1226 Χριστὸς,
3204 1157 3364 1224 δῆλον
3412 1156 3494 1219 ὡς

236 1250 301 1290 eo
317 1237 434 1292 sola
473 1238 782 1314 substantia
808 1238 994 1294 divina
1019 1239 1358 1308 perﬁciente.

1927 1251 2027 1320 ςρὸς
2044 1251 2104 1304 τὸ
2131 1253 2310 1304 πᾶσαν
2327 1248 2676 1320 δικαιοσύνην
2708 1249 2994 1318 πληρῶσαι
3014 1251 3112 1316 τὴν
3137 1250 3280 1302 κατὰ
3309 1249 3498 1317 σάρκα

237 1328 402 1382 αὖτοῦ
430 1331 766 1400 οἰκονομίαν,
801 1333 946 1383 ποιεῖ
993 1330 1153 1383 τάδε·
1217 1333 1310 1384 καὶ
1356 1332 1526 1397 δεῖξαι
1592 1337 1657 1388 ὲκ
1697 1338 1796 1406 τῆς
1860 1341 1956 1394 τοῦ
2008 1341 2173 1412 νόμον
2237 1341 2571 1410 πληρώσεως
2619 1341 2788 1409 αὐτῆς
2846 1341 2944 1410 τὴν
2982 1339 3178 1393 ἑαυτοῦ
3234 1339 3492 1408 θεάτητα,

238 1422 576 1494 ἀσθενούσης
654 1425 817 1478 αὑτὸν
866 1425 1240 1496 ἐκπληρῶσαι,
1309 1428 1486 1500 πάσης
1539 1434 1808 1504 σαρκικῆς
1861 1435 2094 1504 φύσεως,
2146 1439 2311 1508 μόνης
2378 1438 2434 1490 δὲ
2509 1435 2658 1499 θείας
2720 1436 2906 1497 οὐσίας
2980 1437 3140 1488 αὑτὸν
3203 1451 3498 1504 καταπρα-

246 1517 510 1587 ξαμὲνης.

822 1637 975 1693 CAP.
1007 1639 1212 1696 XLVII.

309 1749 524 1819 Ubique
550 1751 842 1821 conceptio
858 1760 914 1806 et
935 1759 1128 1822 partus
1160 1754 1370 1808 ducunt
1405 1769 1532 1809 eum
1565 1757 1658 1826 qui
1693 1773 1802 1812 non

241 1841 424 1894 adhuc
447 1840 664 1919 exsistit
685 1840 752 1895 ad
791 1841 1230 1913 generationem,
1269 1843 1368 1898 sed
1395 1845 1441 1899 si
1495 1835 1814 1901 secundum.

239 1933 708 2006 JEgyptiummon
743 1935 1022 1990 hominem
1049 1937 1238 2007 genuit
1269 1936 1455 2006 Virgo,
1485 1937 1581 1993 sed
1613 1954 1805 1993 verum

249 2026 442 2090 Deum,
479 2025 771 2081 evidenter
801 2027 1106 2097 genuitqui
1137 2041 1248 2080 non
1280 2026 1462 2082 adhuc
1499 2036 1644 2092 erat,
1667 2036 1724 2082 et
1759 2029 1805 2082 si

243 2127 589 2181 ncocreatus,
611 2127 670 2172 et
695 2118 1024 2188 ueogenitus
1055 2128 1110 2172 et
1134 2129 1470 2174 neovocntus
1493 2119 1596 2173 iste
1640 2120 1805 2182 Deus,

249 2207 568 2263 necessario
588 2208 754 2263 etiam
780 2224 958 2264 novus
981 2208 1156 2273 Deus,
1178 2209 1274 2264 sed
1303 2207 1490 2264 divina
1519 2207 1808 2279 Scriptura

243 2300 442 2356 (lamat
468 2319 519 2355 ει
564 2301 684 2356 Non
705 2301 776 2356 sit
793 2301 890 2357 tibi
930 2301 1072 2357 Deus
1087 2317 1284 2356 novus.
1318 2320 1336 2353 ι
1358 2299 1654 2372 Αξὶδγριὶιιε
1677 2317 1808 2356 vero

245 2393 443 2448 clamat
481 2412 496 2446 ι
533 2393 636 2460 Sit,
665 2403 722 2448 et
750 2410 942 2449 omnes
967 2402 1232 2466 negantes
1252 2408 1374 2448 esse
1403 2409 1606 2448 novum
1638 2393 1809 2448 Deum

243 2485 695 2541 anathematizat.
719 2486 888 2556 Igitur
906 2487 998 2556 qui
1019 2485 1263 2541 celebrat
1291 2485 1548 2556 antiquos
1568 2487 1807 2553 dolores,

246 2575 558 2645 usquedum
589 2575 858 2648 formetur
888 2575 1144 2632 Christus
1185 2577 1240 2631 in
1285 2577 1468 2642 nobis,
1498 2585 1555 2632 et
1587 2592 1685 2646 per
1713 2591 1812 2632 vos

249 2666 608 2737 Evangelium
644 2681 747 2736 ego
804 2681 903 2721 vos
959 2667 1144 2736 genui,
1200 2675 1256 2720 et
1309 2674 1697 2722 testamentum
1745 2682 1812 2722 ex

249 2767 438 2813 monte
469 2757 598 2813 Sina
633 2771 906 2828 generans
933 2758 987 2812 in
1014 2758 1360 2820 servitutem,
1381 2773 1504 2826 quae
1547 2772 1657 2811 non
1687 2766 1816 2812 sunt

245 2847 506 2917 equidem
523 2846 772 2902 indicant
794 2846 1012 2916 aliquos
1037 2847 1312 2916 generari,
1362 2847 1446 2900 vel
1477 2846 1639 2901 aliter
1666 2860 1812 2910 esse,

247 2938 503 3008 generari
531 2945 593 2994 ut
617 2945 804 2994 essent
838 2937 1024 3007 aliquo
1051 2938 1216 2992 modo
1236 2938 1420 3003 aliter,
1450 2947 1508 2993 et
1537 2953 1649 2992 non
1683 2937 1816 2994 sub-

249 3024 470 3090 stantia,
502 3024 601 3080 sed
644 3024 932 3080 accidente
977 3025 1208 3095 spiritus
1255 3034 1547 3090 monstrat,
1589 3026 1634 3080 si
1681 3040 1815 3080 vero
1842 3014 1886 3072 C

250 3117 378 3180 hoc,
404 3115 632 3172 evidens
656 3124 740 3172 est
759 3115 906 3186 quod
937 3131 1046 3172 non
1071 3115 1252 3170 omnis
1287 3115 1568 3186 generatio
1601 3115 1814 3184 simpli-

250 3209 412 3273 citer,
440 3207 667 3265 deducit
694 3224 824 3264 eum
849 3208 946 3278 qui
1001 3223 1114 3262 non
1161 3215 1247 3262 est
1290 3205 1357 3261 ad
1412 3205 1814 3269 exsistentiam,

253 3301 351 3357 sed
372 3301 702 3372 adaliquam
747 3299 1126 3355 exsistentiam
1177 3298 1391 3370 aliquos
1425 3310 1690 3368 generare
1721 3310 1818 3350 va-

253 3395 483 3449 lentem.

816 3508 966 3563 CAP.
1019 3507 1248 3563 XLVIII.

321 3599 426 3666 Qui
475 3613 589 3653 non
625 3598 828 3654 Fatetur
863 3599 1138 3668 Virginem
1171 3613 1294 3654 esse
1329 3597 1556 3654 Matrem
1581 3595 1816 3661 Christi,

254 3705 370 3747 non
427 3691 632 3746 fatetur
659 3690 942 3748 Christum
993 3690 1156 3746 sicuti
1184 3701 1290 3756 est,
1331 3705 1461 3744 nam
1507 3689 1726 3744 initium
1751 3687 1822 3742 de

255 3779 476 3838 Christo
508 3797 826 3838 sermonum
865 3791 952 3838 est
999 3781 1118 3852 ejus
1159 3781 1442 3852 generatio
1473 3796 1540 3836 ex
1564 3781 1812 3850 Virgine.

260 3873 369 3929 Sed
395 3890 505 3929 non
533 3874 848 3945 specialiter
891 3873 1258 3944 signiﬁcatum
1285 3881 1368 3927 est
1394 3887 1592 3926 nomen
1634 3871 1814 3939 Virgi-

257 3968 348 4022 nis
367 3975 590 4030 sanctae,
646 3965 815 4022 Mater
840 3965 1069 4028 Christi,
1128 3979 1256 4018 nam
1309 3972 1512 4018 matres
1555 3960 1728 4016 David
1769 3969 1827 4015 et

257 4059 479 4115 Samuel
513 4066 571 4113 et
624 4056 971 4113 sacerdotum
1040 4064 1186 4110 recte
1244 4055 1570 4109 dicerentur
1623 4061 1828 4107 matres

257 4149 486 4215 Christi,
518 4149 661 4204 sicut
691 4156 894 4204 matres
945 4147 1190 4202 omnium
1242 4137 1658 4215 prophetarum,
1685 4160 1825 4212 pra:-

260 4241 450 4296 sertim
478 4240 732 4295 Ieremia:
757 4257 772 4305 ;
801 4255 925 4326 nam
959 4239 1170 4294 dictum
1201 4247 1286 4294 est
1314 4237 1364 4292 ei
1388 4255 1404 4290 :
1451 4256 1469 4288 ι
1496 4235 1826 4305 Priusquam

1833 1657 1886 1718 Β

2471 1643 2722 1698 ΚΕΦΑΛ.
2783 1645 2914 1698 ΜΖ⁹.

1983 1755 2270 1826 Πανταχοῦ
2294 1757 2324 1825 ἡ
2356 1755 2614 1826 σύλληψις
2637 1758 2732 1808 καὶ
2755 1756 2783 1808 ὁ
2809 1756 2969 1818 τόκος
2989 1754 3076 1808 τὸν
3097 1754 3196 1807 οὐκ
3213 1755 3340 1807 ὄντα
3363 1756 3490 1821 ἄγει

1911 1847 1992 1910 εἰς
2015 1847 2308 1917 γέννησινο
2358 1845 2548 1899 ἀλλἐί
2598 1845 2739 1899 κατὰ
2791 1846 2884 1897 τόν
2933 1845 3253 1910 Αίγύπτιον,
3284 1841 3344 1896 οὐ
3395 1847 3493 1898 τὸν

1907 1939 2191 2012 ἄνθρωπον
2227 1939 2516 2006 ἐγέννησεν
2550 1939 2584 2010 ὴ
2613 1937 2910 2007 Παρθένος,
2939 1936 3075 1990 ἀλλὰ
3105 1937 3198 1990 τὸν
3233 1936 3491 2006 ἀληθινὸν

1906 2032 2064 2097 Θεὸν,
2105 2032 2265 2102 δῆλον
2312 2033 2392 2086 ὅτι
2413 2031 2503 2086 τὸν
2537 2032 2636 2084 οὐκ
2673 2031 2800 2084 ὂντα
2849 2031 3105 2098 ἐγέννησε
3139 2047 3156 2062 ·
3194 2031 3286 2083 καὶ
3352 2032 3400 2083 εί
3459 2033 3493 2082 ὀ

1908 2124 2233 2188 νεόπλαστος
2261 2125 2355 2178 καὶ
2387 2121 2640 2185 νεοτόκος
2660 2121 2754 2174 καὶ
2787 2121 3072 2190 νεόκλητος
3103 2120 3306 2182 ὸαὺτδς
3329 2112 3492 2181 οὗτος

1909 2216 2004 2268 καὶ
2031 2213 2184 2280 Θεὸς,
2211 2213 2271 2278 ὲξ
2303 2215 2547 2284 ἀνάγκης
2573 2214 2666 2266 καὶ
2695 2213 2814 2276 νέος
2849 2213 2980 2274 Θεὸς
3003 2228 3016 2241 ’
3052 2213 3147 2264 καὶ
3175 2213 3208 2281 ἡ
3245 2212 3344 2282 μὲν
3365 2211 3424 2264 θε
3441 2217 3488 2263 ἀ

1909 2305 2100 2377 Γραφὴ
2133 2305 2281 2376 βοᾷ·‹
2301 2305 2393 2376 Μὴ
2419 2304 2559 2358 ἔστω
2592 2321 2674 2357 σοι
2700 2304 2831 2367 Θεὸς
2867 2303 3228 2373 πρόσφατος(
3256 2305 3284 2356 ὀ
3303 2303 3360 2357 δὲ
3389 2304 3490 2356 Al—

1910 2397 2138 2466 γύπτιος
2157 2395 2594 2466 ἀντιδοᾷ,Ἕστω
2623 2413 2640 2428 ο
2671 2395 2765 2448 καὶ
2789 2396 2918 2454 τοὺς
2937 2396 3012 2465 μὴ
3040 2395 3297 2462 λέγοντας
3341 2389 3490 2446 εἶναι

1909 2489 2044 2543 Θεὸν
2071 2490 2404 2560 πρόσφατον,
2427 2485 2836 2556 ἁναθεματίζει.
2868 2488 2934 2540 Ἀ
2945 2502 3012 2554 ρα
3029 2482 3124 2539 οὖν
3139 2487 3169 2538 ὁ
3185 2486 3360 2552 λέγων
3391 2483 3490 2547 οὓς

1911 2576 2075 2629 πάλιν
2095 2575 2272 2629 ὠδίνω
2297 2575 2456 2646 ἄχρις
2489 2569 2549 2630 οὗ
2583 2574 2842 2646 μορφωθῇ
2873 2574 3108 2646 Χριστὸς
3129 2575 3186 2627 ὲν
3212 2575 3362 2645 ἡμῖν,
3389 2579 3486 2628 καὶ

1911 2667 2000 2721 διὰ
2019 2666 2111 2721 τοῦ
2147 2667 2484 2736 Εὖαγγελίου
2513 2665 2624 2734 ἐγὼ
2658 2667 2801 2736 ὑμᾶς
2827 2666 3111 2734 ἐγέννησα,
3157 2666 3250 2718 καὶ
3295 2667 3328 2735 ἡ
3371 2665 3486 2718 δια-

1916 2758 2056 2829 θήκη
2092 2760 2126 2829 ἡ
2149 2757 2209 2822 ἐξ
2234 2757 2393 2828 ὅρους
2419 2758 2548 2812 Σινᾶ
2571 2759 2652 2820 είς
2673 2757 2917 2810 δουλείαν
2946 2755 3213 2822 γεννῶσα,
3242 2755 3487 2809 οὐκδντα

1913 2849 2050 2910 ὅλως
2087 2846 2340 2917 σημαίνει
2365 2845 2694 2915 γεννηθῆναί
2751 2861 2924 2907 τινας,
2965 2844 2997 2914 ἢ
3051 2845 3256 2914 ἑτέρως
3307 2843 3488 2907 ὂντας,

1916 2943 2054 3011 πρὸς
2089 2941 2152 2994 τὸ
2173 2941 2374 3012 ἑτέρως
2430 2957 2551 3000 πως
2601 2934 2745 2992 εῖναι
2802 2939 3130 3005 γεννᾶσθαι·
3185 2940 3283 2991 καὶ
3327 2939 3388 2991 οὐ
3419 2940 3490 3010 τῇ

1917 3034 2100 3106 οὐσία,
2158 3034 2294 3087 ἀλλὰ
2345 3036 2411 3103 τῇ
2442 3031 2768 3087 ἑπουσιὼσει
2800 3031 2896 3085 τοῦ
2958 3029 3266 3101 πνεύματος
3298 3030 3448 3100 δηλοῖ
3469 3047 3484 3059 ’

1920 3128 1967 3179 εί
2001 3126 2057 3180 δὲ
2080 3125 2256 3191 τοῦτο,
2280 3125 2440 3194 δῆλον
2464 3125 2524 3177 οὺ
2557 3127 2709 3178 πᾶσα
2758 3125 3008 3194 γέννησις
3031 3123 3240 3188 ἁπλῶς,
3273 3124 3362 3178 τὸν
3389 3123 3489 3178 οὐκ

1919 3220 2046 3272 ὄντα
2072 3218 2192 3286 ἄγει
2221 3221 2300 3280 είς
2331 3219 2390 3271 τὸ
2427 3214 2593 3282 εἶναι,
2628 3217 2766 3272 ἀλλὰ
2812 3219 2908 3271 καὶ
2939 3220 3018 3280 είς
3062 3219 3122 3270 τὸ
3169 3217 3284 3280 πῶς
3325 3215 3487 3282 εἶναι,

1919 3308 2240 3381 γεννηθῆναί
2263 3324 2416 3372 τινας
2450 3308 2695 3363 δυνατόν.

2489 3511 2735 3564 ΚΕΦΔΛ.
2799 3507 2936 3564 Mll'.

2003 3607 2063 3660 '0
2096 3604 2172 3676 μὴ
2215 3603 2493 3673 ὁμολογῶν
2523 3605 2624 3674 τὴν
2659 3601 2930 3673 Παρθένον
2951 3598 3334 3670 Χριποτόκον,
3374 3599 3494 3650 οὐδὲ

1923 3697 2014 3750 τὸν
2047 3696 2281 3766 Χριστὸν
2307 3695 2560 3766 ὁμολογεῖ
2582 3695 2721 3765 ὅπερ
2751 3692 2868 3746 ἐστί
2904 3709 2918 3723 ο
2945 3691 3228 3763 προοίμιον
3251 3689 3359 3758 γὰρ
3384 3686 3494 3740 τῶν

1924 3789 2053 3860 περὶ
2073 3786 2310 3860 Χριστοῦ
2335 3785 2532 3854 λόγων,
2557 3785 2590 3854 ἠ
2621 3785 2872 3854 γέννησις
2901 3783 2934 3854 ἡ
2968 3785 3032 3836 ὲκ
3063 3781 3162 3851 τῆς
3193 3778 3493 3847 Παρθένου.

1937 3880 2077 3933 Ἀλλ’
2107 3880 2206 3932 οὐκ
2225 3878 2370 3941 ίδίως
2403 3877 2713 3947 σημαντικὴ
2739 3872 3079 3943 προσηγορία
3099 3871 3200 3940 τῆς
3216 3869 3495 3938 Παρθένου

1927 3973 2107 4041 ἁγίας,
2136 3971 2196 4024 τὸ
2234 3969 2601 4040 Χριστοτόκος
2633 3980 2647 3994 ·
2692 3967 2787 4019 καί
2814 3966 2868 4018 αἱ
2911 3962 3146 4034 μητέρες
3173 3961 3282 4029 γὰρ
3331 3957 3494 4012 Δαὸἶδ

1927 4063 2021 4116 καὶ
2047 4060 2298 4132 Σαμουὴλ
2319 4057 2414 4113 καὶ
2443 4057 2554 4110 τῶν
2587 4055 2796 4128 ἱερέων,
2823 4050 3164 4124 χριποτὸκοι
3197 4047 3374 4121 ὀρθῶς
3409 4049 3494 4098 λέ-

1929 4168 2109 4222 γοιντο
2138 4152 2227 4214 ἂν,
2276 4148 2370 4202 καὶ
2393 4149 2450 4201 αί
2483 4146 2592 4200 τῶν
2625 4143 2922 4216 προφητῶν
2970 4141 3208 4204 πάντων,
3265 4139 3498 4210 μάλιστα

1928 4245 1986 4298 δὲ
2046 4242 2309 4312 Ἰερεμίου
2337 4257 2350 4272 ·
2393 4239 2609 4309 είρηται
2627 4237 2736 4307 γὰρ
2773 4234 2922 4304 αὐτῷ
2971 4235 3054 4286 ὅτι
3091 4249 3108 4283 ι
3149 4231 3262 4302 Πρὸ
3294 4229 3390 4284 τοῦ
3439 4245 3498 4280 ae

259 4331 533 4386 exiresde
587 4343 781 4395 matre,
823 4321 1155 4384 sanctilicavi
1195 4339 1268 4391 te,
1323 4347 1340 4378 ›
1371 4335 1428 4381 et
1472 4327 1714 4381 Joannes
1771 4325 1818 4376 iu

1933 4333 2168 4398 ἐξελθεῖν
2199 4335 2264 4384 ὲκ
2294 4330 2526 4400 μήτρας,
2546 4328 2752 4398 ἡγίακά
2787 4343 2844 4378 σε
2871 4342 2916 4377 ἰ
2938 4324 3188 4392 Ἰωάννης
3207 4339 3266 4374 τε
3289 4324 3345 4374 ὲν
3372 4321 3502 4374 Κοι-

263 4431 422 4478 utero
448 4422 730 4478 Elisabeth
755 4421 1052 4476 exsultavit
1100 4421 1217 4490 ipse
1258 4417 1463 4488 gaudio
1499 4417 1740 4480 Domini,
1775 4424 1818 4469 el

1933 4425 2020 4493 λίᾳ
2059 4423 2159 4492 τῆς
2192 4418 2472 4474 Ἐλισάσετ
2509 4416 2834 4487 ἐσκίρτησεν
2863 4412 3264 4482 ἁγαλλιώμενος
3290 4410 3370 4480 τῷ
3391 4411 3501 4463 κυ-

262 4529 394 4568 sane
434 4514 490 4566 in
549 4514 812 4568 unctione
863 4521 918 4566 et
957 4511 1382 4581 participatione
1431 4507 1830 4563 sanetilicantis

263 4605 504 4675 Spiritus
531 4613 714 4670 erant,
747 4613 804 4662 et
834 4619 962 4660 cum
1006 4612 1193 4659 essent
1237 4601 1421 4658 adhuc
1473 4601 1528 4656 in
1562 4609 1720 4656 utero
1751 4597 1831 4652 illi

262 4696 468 4752 Christi
514 4697 736 4751 Domini
791 4695 1076 4765 prophetae
1138 4709 1207 4750 ex
1245 4709 1358 4764 quo
1409 4691 1664 4762 concepti
1689 4699 1745 4746 et
1775 4689 1834 4744 in

265 4786 445 4841 lucem
465 4785 599 4841 editi
621 4793 802 4840 erant.
825 4784 932 4840 Sed
953 4784 1050 4839 Dei
1077 4783 1328 4840 Genitris
1358 4783 1474 4849 sola
1507 4779 1834 4852 specialiter

271 4888 356 4934 est
385 4892 549 4947 quam
579 4876 822 4948 Spiritus
855 4877 974 4947 ipse
1005 4876 1432 4932 adumbravitet
1465 4871 1752 4937 habitavit,
1779 4881 1836 4926 et

271 4971 327 5024 in
358 4985 524 5025 carne
549 4967 618 5024 ab
642 4959 734 5024 illa
775 4979 1055 5040 assumpta
1100 4969 1293 5041 genuit
1349 4979 1644 5036 personam
1672 4964 1838 5034 hujus

268 5060 421 5116 unici
447 5059 594 5114 Filii.
631 5058 768 5113 Nam
789 5073 904 5114 non
949 5059 1130 5115 solum
1182 5053 1592 5112 sanctiﬁcatum
1621 5051 1834 5124 genuit,

271 5152 368 5208 sed
399 5151 550 5222 quod
572 5161 760 5206 uatum
789 5159 876 5206 est
899 5165 968 5206 ex
987 5165 1053 5205 ea
1078 5155 1331 5203 sanctum
1351 5153 1436 5200 est
1457 5143 1830 5206 sanctiﬁcaus,

273 5242 399 5298 ideo
421 5245 585 5299 etiam
621 5259 734 5298 non
781 5245 930 5298 illius
967 5240 1159 5304 solius,
1180 5238 1274 5294 sed
1331 5237 1496 5294 etiam
1543 5237 1639 5293 Dei
1666 5236 1840 5292 Filius

273 5346 528 5390 vocatur.

869 5439 1020 5492 CAP.
1058 5437 1246 5491 XLIX.

349 5533 440 5586 [lvi
471 5533 809 5590 Ccnitricem
832 5531 1062 5586 Matrem
1089 5529 1216 5584 Jesn
1253 5531 1435 5586 dicere
1464 5547 1564 5585 nos
1597 5545 1704 5584 non
1748 5545 1845 5582 au-

287 5622 334 5675 .L
352 5623 839 5691 himusﬁcriptura
851 5621 1209 5676 sacranullihi
1227 5638 1346 5676 eam
1364 5622 1438 5676 sic
1452 5622 1842 5692 proclamante,

1934 4514 2034 4585 ρίῳ
2059 4529 2072 4544 ·
2095 4511 2188 4563 καὶ
2221 4509 2379 4578 δῆλον
2405 4510 2483 4562 ὅτι
2515 4510 2574 4559 ἐν
2615 4507 2790 4577 χρίσει
2825 4505 2917 4556 καὶ
2955 4505 3156 4573 μετοχῇ
3213 4497 3308 4553 τοῦ
3337 4501 3501 4566 ἁγια-

1933 4603 2122 4658 στικοῦ
2170 4601 2488 4672 Πδεύματος
2533 4594 2696 4668 ἦσαν,
2751 4599 2844 4650 καὶ
2896 4597 2954 4649 ἒν
2991 4593 3186 4664 γαστρὶ
3227 4592 3379 4655 ὄντες
3423 4589 3504 4642 ἔτι

1931 4696 2040 4750 οἶδε
2071 4713 2086 4728 ο
2143 4693 2356 4765 χριστοὶ
2387 4691 2480 4745 οὖν
2510 4689 2718 4760 Κυρίου
2746 4690 2796 4740 oi
2847 4686 3123 4756 προφῆται
3149 4683 3241 4750 ἀφ’
3285 4677 3350 4737 οὗ
3398 4682 3509 4749 ἐγί-

1935 4801 2086 4837 νοντο
2103 4783 2199 4837 καὶ
2229 4781 2502 4834 ὲτίκτοντο
2529 4795 2542 4808 ·
2565 4777 2828 4840 Θεοτόκος
2878 4774 2936 4828 δὲ
2997 4773 3134 4842 μόνη
3166 4770 3312 4834 ἰδίως
3359 4772 3506 4823 ἐστὶν

1935 4874 1972 4944 ἢ
1993 4873 2126 4925 αὐτὸ
2145 4871 2206 4926 τὸ
2238 4869 2458 4940 Πνεῦμα
2493 4869 2552 4920 ἐν
2576 4865 2715 4936 αὐτῇ
2743 4862 2999 4918 σκιασθὲν
3022 4862 3118 4916 καὶ
3147 4859 3504 4929 κατοικῆσαι),

1941 4965 2034 5016 καὶ
2065 4965 2130 5032 τῇ
2173 4963 2268 5016 ἀπ’
2313 4959 2482 5029 αὐτῆς
2511 4957 2674 5028 σαρκὶ
2717 4954 3018 5025 συλληφθὲν
3068 4954 3148 5015 εἰς
3205 4951 3324 5014 ἑνὸς
3375 4948 3506 5002 Tia-3

1937 5049 2140 5104 τοιοῦδε
2162 5051 2460 5103 ὑπόστασιν
2493 5049 2647 5100 ἔτεκε
2669 5063 2684 5078 ο
2705 5047 2892 5100 τέτοκε
2925 5043 3034 5112 γὰρ
3083 5045 3181 5113 οὐχ
3231 5039 3505 5112 ἡγιασμέ-

1941 5157 2030 5192 νον
2070 5139 2254 5208 μόνον,
2300 5139 2435 5193 ἀλλὰ
2479 5137 2575 5191 καὶ
2620 5135 3004 5205 ἀγιοποιοῦντα
3033 5133 3094 5187 τὸ
3145 5131 3404 5202 γεννηθὲν
3449 5130 3512 5192 ἐξ

1941 5229 2114 5298 αὐτῆς
2145 5231 2332 5297 ἅγιον·
2383 5229 2466 5282 διὸ
2498 5229 2593 5280 καὶ
2634 5229 2734 5280 οὐκ
2764 5225 2934 5294 αὐτῆς
2992 5225 3181 5295 μόνης,
3229 5219 3366 5274 ἀλλὰ
3416 5220 3508 5272 καὶ

1941 5322 2076 5374 Θεοῦ
2110 5322 2234 5384 Υἱὸς
2273 5319 2497 5390 ἐκλήθη.

2499 5430 2747 5484 ΚΕΦΑΛ.
2785 5428 2960 5486 Μεθ’.

2017 5527 2282 5580 Θεοτόκον
2313 5525 2412 5594 τὴν
2438 5524 2662 5593 Μητέρα
2694 5522 2786 5575 τοῦ
2823 5520 2998 5590 Ἰησοῦ
3021 5520 3208 5588 λέγειν
3227 5521 3388 5590 ἡμεῖς
3418 5518 3518 5568 οὐκ

1947 5616 2390 5686 αὐθεντήσομεν,
2440 5615 2535 5686 τῆς
2588 5613 2746 5682 ἁγίας
2794 5613 3014 5684 Γρατρῆς
3061 5609 3303 5682 οὐδαμοῦ
3347 5608 3516 5678 αὐτὴν
