3852 6134
212 269 342 336 1721

1151 278 1546 342 ADVERSUS
1583 280 2132 343 NESTORIANOS.
2155 305 2204 317 ὀ
2251 283 2398 344 LIB.
2432 283 2500 344 ν.

3313 260 3450 342 1722

209 381 364 462 οὕτω⁴
389 371 918 456 προσαγορευούσης,
952 385 1065 440 αλλ’
1097 387 1217 440 οὐδὲ
1237 388 1348 440 τῶν
1367 405 1450 452 τις
1477 388 1735 458 Πατέρων
1761 403 1774 416 ·

1911 388 1977 444 ed
2001 404 2103 444 nec
2125 387 2405 458 aliquibus
2425 386 2705 455 Patribus,
2744 387 2841 442 sed
2890 376 3197 443 secundum
3251 403 3445 443 vocem

209 474 348 528 ἀλλὰ
381 474 526 528 κατὰ
570 476 670 544 τὴν
711 477 894 546 φωνὴν
937 477 1032 531 τοῦ
1082 477 1316 547 ἀγγέλου
1379 478 1630 546 λέγοντος
1669 481 1784 542 τοῖς

209 567 468 636 ποιμέσιν
499 583 544 617 ⁸(
569 566 792 638 Ἐτέχθη
820 568 948 636 ὑμῖν
983 569 1221 639 σήμερον
1244 569 1478 640 Χριστὸς
1499 569 1703 642 Κύριος
1729 587 1778 624 ἰ

210 654 308 707 καὶ
367 654 508 708 κατὰ
557 653 618 708 τὸ
667 655 974 724 εἰρημένον,
1012 674 1031 708 ι
1063 655 1254 720 Βίϐλος
1278 656 1545 727 γενέσεως
1610 657 1785 728 Ἰησοῦ

216 745 472 816 Χριστοῦ·
503 765 522 798 ι
561 746 656 800 καὶ
686 747 796 810 τὸ,‹
818 747 932 799 Νῦν
956 747 1012 801 δέ
1041 765 1106 818 με
1139 747 1323 801 θέλετε
1350 750 1664 802 ἀποκτεῖναι
1690 751 1785 802 ἇν-

215 837 432 906 θρωπον
459 837 518 899 ὃς
549 837 647 908 τὴν
667 837 922 906 ἀλήθειαν
945 839 1074 908 ὑμῖν
1100 839 1371 910 λελάληκα
1397 854 1412 871 ο
1453 859 1472 892 ι
1502 839 1787 910 ἀνθρωπο-

218 929 378 981 τὸκον
426 927 605 996 φύσει,
660 930 755 982 καὶ
804 929 930 1002 ἀξίᾳ
964 932 1326 1001 Χριστοτὼιον
1361 933 1530 1001 αὐτήν
1561 949 1740 1002 φαμεν
1770 947 1786 962 ·

221 1015 250 1068 δ
286 1017 358 1085 μὴ
393 1017 774 1088 παρελάϐομεν
801 1019 862 1072 οὐ
893 1019 1316 1092 νομοθετοῦντες
1344 1020 1632 1092 προπετῶς
1665 1021 1789 1074 καθ’

223 1108 386 1176 apag.
411 1107 543 1162 Ἐὰν
574 1107 666 1162 οῦν
701 1109 791 1162 ὅτε
827 1109 926 1180 μὲν
953 1091 1251 1182 διαρρήδην
1276 1091 1409 1164 Θεὸν
1437 1111 1530 1164 τὸν
1555 1111 1794 1182 Χριστὸν

221 1197 566 1267 κυριολεκτεῖ
602 1199 670 1251 τὰ
699 1199 876 1267 λόγια,
907 1199 1264 1270 ὲπεξηγεῖσθε
1292 1200 1385 1252 καὶ
1414 1199 1774 1270 μετεκλαμϐἁ-

227 1304 342 1341 νετε
389 1289 668 1354 αύτολεξεὶ
711 1291 1020 1360 εἰρημένον,
1066 1293 1154 1345 ὅτε
1189 1291 1246 1344 δὲ
1289 1293 1396 1344 ἀπὸ
1435 1293 1796 1364 διανοήματος

226 1379 449 1448 συνάγει
473 1381 866 1452 συμπέρασμα,
907 1385 1008 1437 οὐκ
1051 1384 1328 1452 αὐτολεξεὶ
1374 1384 1646 1456 κείμενον,
1683 1378 1797 1438 οἷον

225 1469 318 1522 ἐπὶ
355 1472 453 1540 τῆς
491 1471 780 1538 Θεοτόκου,
820 1473 943 1525 τότε
979 1473 1316 1542 κυριολεξίαν
1358 1475 1662 1534 ἀπαιτεῖτε,
1703 1473 1798 1542 δῆ-

225 1558 316 1614 λον
343 1561 419 1624 ὡς
445 1564 610 1617 παντὶ
635 1566 820 1636 τρόπῳ
852 1566 1019 1636 μόνην
1039 1566 1136 1634 τὴν
1169 1565 1480 1636 ὀρθοδοξίαν
1499 1565 1798 1637 δραπετεύ-

226 1667 315 1704 ετε
347 1667 362 1682 ⁶
408 1655 458 1706 ει
505 1655 614 1724 γὰρ
665 1649 759 1708 οὖν
793 1655 962 1717 ὅντως
1010 1655 1040 1708 ὃ
1089 1655 1163 1726 μὴ
1215 1657 1394 1710 κεῖται
1437 1658 1548 1720 τοῖς
1594 1654 1800 1723 λογίοις

231 1744 414 1814 ῥητῶς
445 1745 565 1799 οὐδὲ
598 1747 728 1817 ὑμῖν
763 1748 880 1800 ἐστι
923 1725 1160 1814 λεκτὸν,
1185 1747 1294 1800 οὐδ’
1345 1749 1428 1801 δτι
1480 1747 1803 1820 ἀρῤεύστως·
1831 1725 1872 1778 Β

229 1837 487 1905 ἐγέννησε
514 1837 606 1891 τδν
625 1839 797 1906 Λόγον
823 1839 850 1892 ὁ
875 1837 1084 1910 Πατὴρ,
1112 1837 1222 1892 οὐδ’
1250 1838 1332 1891 ὃτι
1357 1839 1597 1908 δμοφυὲς
1625 1839 1800 1910 Πατρὶ

229 1929 326 1980 καὶ
367 1929 482 1998 Υῐῷ
521 1929 586 1982 τὸ
631 1929 785 1998 ἅγιον
821 1928 1069 1998 Πνεῦμα,
1100 1929 1210 1982 οὐδ’
1249 1929 1332 1982 ὅτι
1369 1929 1429 1982 τδ
1453 1928 1566 2000 πῦρ
1593 1930 1622 1982 ὀ
1667 1929 1802 1993 Θεὸς

230 2018 466 2085 ἔκτισεν,
500 2019 533 2090 ἢ
571 2021 662 2073 τὸν
691 2021 829 2092 ἀέρα
865 2037 879 2051 ⁸
919 2019 1028 2074 οὐδ’
1063 2021 1146 2074 ὅτι
1179 2019 1368 2083 σκότος
1397 2019 1500 2073 οὐκ
1550 2019 1802 2080 ἔκτισεν,

146 2133 150 2136 ’
231 2112 340 2166 οὐδ’
367 2113 450 2165 ὅτι
481 2111 673 2184 θνηταὶ
701 2113 811 2166 τῶν
848 2113 1098 2185 ἁναίμων
1145 2111 1454 2183 μυρμήκων
1485 2111 1578 2166 καὶ
1609 2112 1804 2180 καρκί-

231 2223 340 2259 νων
363 2207 458 2260 καὶ
489 2206 716 2278 σφηκῶν
753 2207 851 2262 καὶ
878 2207 1082 2261 λοιπῶν
1111 2209 1168 2262 αἱ
1213 2207 1405 2277 ψυχαὶ,
1443 2206 1540 2260 καὶ
1571 2207 1641 2259 τὰ
1668 2206 1803 2260 ἄλλα

235 2296 422 2366 μυρία,
454 2289 500 2348 ὣ
529 2291 673 2352 οὗτοι
709 2313 723 2327 ’
765 2295 903 2368 πλὴν
927 2297 1016 2352 ἴνα
1047 2298 1224 2352 πάντα
1256 2297 1384 2367 ὑμῖν
1425 2295 1676 2367 ἀφῶμεν,
1708 2299 1804 2351 καὶ

233 2387 390 2460 enrol.
417 2389 832 2459 ἀνθρωποτόκον
860 2388 893 2460 ἢ
927 2389 1292 2461 Χριστοτόκον
1331 2389 1501 2460 αὐτὴν
1527 2387 1806 2442 θεσπιστι-

233 2480 348 2544 κῶς
379 2480 806 2545 ἀποκαλοῦντες.
835 2479 939 2534 ποῦ
970 2483 1105 2550 ἡμῖν
1131 2481 1331 2545 δείξετε
1362 2482 1525 2534 τοῦτο
1553 2480 1805 2551 κείμενον

235 2571 295 2624 ἐν
319 2573 385 2640 τῇ
428 2571 563 2642 ἁγίᾳ
597 2571 790 2642 Γραφῇ
823 2576 950 2640 περὶ
977 2572 1077 2640 τῆς
1107 2571 1270 2640 ἁγίας
1299 2571 1616 2643 Παρθένους
1654 2573 1717 2624 Εἰ
1750 2572 1806 2624 δὲ

238 2661 492 2731 οὐδαμοῦ,
529 2663 714 2731 σαφῶς
743 2665 770 2716 ὃ
801 2663 1024 2732 φεύγειν
1073 2663 1478 2734 προσποιεῖσθε,
1522 2661 1808 2725 διώκοντες

237 2755 620 2826 κατελήφθητε
656 2773 669 2784 ·
707 2757 758 2808 εἰ
803 2757 860 2810 δὲ
893 2755 1029 2828 μηδὲ
1077 2756 1252 2828 τούτῳ
1315 2756 1452 2828 μηδὲ
1499 2755 1644 2826 ἄλλῳ
1694 2755 1811 2808 ὀνό-

243 2861 372 2914 ματι
423 2847 594 2918 αὐτὴν
651 2849 1082 2920 προσαγορεύειν
1129 2849 1504 2920 ἐπιτηδεύοιτε
1554 2849 1663 2904 ἀπὸ
1705 2847 1808 2902 ,τοῦ

237 2937 400 2990 τόκου
433 2938 945 3019 παρωνομασμένῳ,
977 2939 1010 3010 ἢ
1042 2939 1162 2992 οὐδὲ
1185 2937 1432 3002 νοοῦντὲς
1464 2956 1517 2991 τι
1554 2937 1684 3010 περὶ
1713 2936 1808 2991 τοῦ

1884 479 2062 550 angeli
2091 478 2330 535 dicentis
2347 479 2688 549 pastoribus,
2717 497 2737 530 ι
2768 477 2940 534 Natus
2973 478 3060 536 est
3103 477 3262 533 vobis
3283 477 3452 534 hodie

1883 566 2432 631 ChristusDominus,
2461 567 2859 624 ietseeundum
2881 567 3112 633 dictum,
3141 585 3161 618 ι
3187 565 3456 638 Libergc-

1885 653 2566 721 nerationislesuChristi,
2593 675 2612 708 ι
2637 664 2728 711 εις
2751 657 2910 711 Nunc
2921 655 3090 710 vultis
3104 670 3193 710 me
3204 655 3458 711 occidere

1887 745 2166 800 hominem
2191 745 2285 816 qui
2313 746 2601 802 veritatem
2626 748 2844 802 locutus
2860 763 2980 802 sum
2998 747 3190 802 vobis:
3229 766 3248 798 ι
3276 747 3459 800 homi-

1887 835 1975 888 nis
1995 843 2226 890 matrem
2251 841 2467 902 natura,
2499 838 2594 894 sed
2645 838 2915 909 dignitate
2974 838 3072 893 Dei
3119 837 3458 893 Genitriccm

1889 940 2011 980 eam
2043 926 2301 992 dicimus,
2337 927 2484 998 quod
2517 944 2628 983 non
2675 931 3013 999 accepimus,
3065 944 3178 984 non
3221 929 3461 1000 imponi-

1891 1033 2016 1072 mus
2034 1019 2294 1072 alacriter
2315 1019 2491 1074 vobis.
2517 1019 2575 1073 Si
2611 1035 2744 1076 vero
2774 1022 2920 1076 clare
2948 1023 3126 1077 Deum
3179 1021 3460 1076 Christum

1893 1109 2120 1178 proprie
2151 1107 2344 1162 dicunt
2375 1109 2679 1178 prophetae,
2709 1121 2931 1166 narrate
2959 1117 3016 1166 et
3061 1111 3296 1180 accipite
3333 1125 3459 1180 quas

1900 1200 2041 1256 dicta
2071 1209 2200 1255 sunt
2235 1200 2474 1270 propriis
2521 1200 2727 1266 verbis,
2767 1215 2893 1255 cum
2948 1217 3049 1270 per
3110 1200 3462 1256 reﬂexionem

1897 1291 2196 1348 deducitur
2217 1291 2634 1361 consequentia,
2665 1307 2775 1346 non
2806 1293 3051 1362 propriis
3103 1292 3290 1346 verbis
3336 1293 3468 1346 sub-

1891 1383 2036 1454 jecta
2075 1381 2258 1452 qualis
2287 1382 2434 1436 circa
2462 1381 2690 1437 Matrem
2748 1382 2867 1448 Dei,
2907 1390 3038 1436 tunc
3089 1381 3366 1451 propriam
3397 1381 3472 1436 si-

1897 1473 2306 1544 gniﬁcationem
2343 1473 2656 1541 requiritis,
2684 1473 2914 1528 evidens
2947 1482 3034 1528 est
3073 1473 3221 1542 quod
3279 1471 3468 1542 fugitis

1898 1563 2070 1617 solam
2127 1560 2519 1616 orthodoxiam
2551 1561 2701 1616 omni
2735 1571 2924 1632 tropo;
2987 1561 3031 1615 si
3065 1576 3222 1626 vero,
3247 1561 3473 1616 realiter

1899 1653 2045 1724 quod
2065 1669 2175 1709 non
2203 1655 2351 1724 jacet
2380 1653 2438 1708 in
2473 1653 2760 1724 prophetis
2785 1653 3048 1723 exprimis
3099 1652 3306 1718 verbis,
3357 1667 3468 1706 non

1901 1745 2059 1800 vobis
2077 1753 2161 1800 est
2195 1743 2553 1811 dictum,nec
2606 1743 2753 1814 quod
2777 1759 2886 1798 non
2922 1743 3242 1798 transitoria
3282 1743 3476 1812 genuit

1898 1836 2142 1893 Verbum
2172 1837 2359 1899 Pater,
2402 1851 2510 1892 nec
2533 1835 2682 1906 quod
2707 1834 3202 1891 consubstantialis
3249 1833 3393 1890 Patri
3420 1842 3476 1888 et

1911 1929 2057 1984 Filio
2080 1928 2320 1999 Spiritus
2343 1935 2590 1995 sanctus,
2621 1942 2726 1982 nec
2751 1927 2899 1998 quod
2931 1927 3111 1998 ignem
3141 1927 3288 1981 Deus
3317 1941 3476 1980 crea-

1899 2021 2000 2085 vit,
2025 2020 2112 2075 vel
2146 2035 2353 2085 aerem,
2379 2035 2484 2076 nec
2513 2019 2661 2089 quod
2691 2019 3087 2074 tenebras-non
3105 2016 3336 2080 creavit,
3369 2030 3476 2071 nec

1903 2112 2052 2184 quod
2080 2113 2348 2168 mortales
2370 2121 2500 2168 sunt
2525 2112 2886 2168 formicarum
2910 2120 2966 2166 et
2981 2125 3278 2167 cancerum
3301 2118 3360 2165 et
3389 2111 3480 2164 in-

1903 2215 2182 2261 sectarum
2216 2207 2450 2260 aliarum
2487 2205 2708 2272 animae,
2743 2213 2800 2261 et
2818 2204 2926 2260 alia
2982 2204 3176 2269 millia,
3209 2219 3244 2258 ο
3270 2218 3393 2268 vos,
3419 2209 3480 2256 ut

1905 2298 2088 2352 omnia
2131 2298 2240 2353 alia
2281 2299 2604 2353 omittamus
2667 2297 2848 2363 vobis,
2893 2303 2951 2352 et
2983 2294 3065 2350 illi
3094 2294 3190 2365 qui
3236 2293 3480 2349 hominis

1905 2399 2137 2445 matrem
2169 2390 2256 2444 vel
2283 2389 2490 2444 Christi
2533 2389 2763 2446 Matrem
2792 2405 2916 2445 eam
2951 2387 3280 2460 prophetice
3317 2400 3480 2440 voca-

1905 2481 2062 2545 bant,
2097 2479 2191 2534 ubi
2215 2480 2377 2536 vobis
2416 2479 2782 2534 ostendemus
2832 2478 2940 2533 hoc
2986 2477 3196 2532 dictum
3229 2475 3287 2530 in
3327 2487 3478 2529 sacra

1909 2572 2196 2642 Scriptura
2222 2571 2294 2627 de
2325 2579 2514 2627 sancta
2551 2570 2817 2641 Virgine?
2852 2569 2910 2624 Si
2961 2567 3162 2623 nullibi
3203 2565 3484 2636 sapienter

1907 2662 2090 2734 fugam
2115 2663 2366 2733 capietis,
2390 2662 2628 2717 ulterius
2645 2667 3047 2732 prosequentes
3069 2657 3340 2714 caderetis
3359 2655 3486 2718 ςεεὰ

1910 2755 1956 2808 si
1971 2769 2072 2809 nec
2105 2755 2344 2818 isto,nec
2363 2753 2472 2808 alio
2489 2755 2714 2807 nomine
2727 2751 2877 2806 illam
2895 2747 3172 2821 designari
3197 2747 3486 2802 intenditis

1911 2858 1943 2898 a
1981 2852 2140 2914 partu
2169 2843 2444 2908 derivato,
2468 2842 2556 2896 vel
2578 2841 2624 2896 si
2650 2841 2858 2896 nullam
2875 2839 3145 2894 habentes
3167 2835 3486 2908 opinionem

1912 2930 2060 2986 circa
2091 2929 2521 2994 maternitatem,
2545 2927 2824 2998 quomodo
2839 2927 2910 2982 de
2955 2925 3025 2982 iis
3046 2939 3170 2995 quae
3221 2919 3490 2993 ignoratis

237 3027 540 3098 τεχθέντος,
580 3011 676 3082 καὶ
709 3030 826 3093 πῶς
857 3031 986 3100 περὶ
1017 3023 1092 3084 ὧν
1129 3031 1230 3084 οὐκ
1271 3030 1384 3082 ἴστε
1419 3030 1808 3101 δογματίζετες

1915 3021 2340 3092 dogmatisatis?
2365 3021 2465 3076 Vel
2497 3021 2544 3076 si
2603 3016 3176 3090 cogitantesquidem,
3207 3011 3491 3108 erubesci~

242 3116 316 3168 Ἢ
344 3116 590 3178 νοοῦντες
618 3117 742 3185 μὲν,
777 3117 1084 3186 αἰδούμενοι
1111 3117 1170 3170 δὲ
1199 3117 1266 3170 τὰ
1291 3119 1467 3170 οἰκεῖα
1491 3121 1816 3186 φρονήματα

238 3206 329 3260 διὰ
359 3207 456 3260 τοῦ
492 3207 828 3278 προφορικοῦ
863 3208 1023 3276 λόγου
1069 3206 1433 3279 θριαμϐεῦσαι
1469 3209 1624 3277 ἡμῖν,
1657 3205 1817 3260 τοῦτο

243 3297 483 3366 πάσχετε
507 3313 524 3363 ;
566 3297 756 3366 Ἡμεῖς
779 3297 836 3350 δὲ
868 3299 1010 3353 κατὰ
1036 3299 1126 3354 τδν
1171 3299 1513 3360 Ἀπόστολον,
1541 3298 1816 3370 εὐχόμεθα

217 3377 346 3439 ’.σὺν
370 3386 491 3458 Θεῷ
515 3389 988 3459 παρρησιάζεσθαι
1021 3392 1082 3444 ὲν
1119 3389 1197 3458 τῷ
1237 3390 1575 3460 Εὐαγγελίῳ,
1632 3389 1816 3452 καθὼς

245 3477 327 3532 δεῖ
353 3479 588 3546 λαλῆσαι
613 3496 631 3555 τ
671 3481 732 3533 οὐ
759 3481 869 3552 γὰρ
897 3481 1343 3552 ὲπαισχυνόμεθα
1377 3480 1458 3551 τῷ
1501 3479 1816 3550 Εὐαγγελίῳ

247 3565 486 3636 Χριστοῦ
513 3584 528 3600 ο
581 3567 811 3639 δύναμις
867 3569 978 3640 γὰρ
1027 3569 1163 3622 Θεοῦ
1223 3570 1374 3624 ἐστὶν
1417 3569 1500 3632 εἰς
1544 3567 1817 3640 σωτηρίαν

249 3657 416 3711 παντὶ
445 3655 526 3728 τῷ
559 3657 891 3715 πιστεύοντι.

1925 3113 1996 3166 tis
2016 3111 2274 3181 proprias
2321 3107 2627 3164 sententias
2653 3107 2803 3162 circa
2845 3107 3089 3162 Verbum
3137 3103 3490 3158 enuntiatum

1923 3201 2335 3271 triumphaliter
2361 3199 2526 3255 nobis
2549 3199 2758 3261 dicere,
2812 3212 2884 3251 an
2930 3196 3048 3250 haec
3099 3193 3357 3250 sentitis?
3381 3191 3493 3246 Nos

1919 3306 2053 3347 vero
2077 3290 2381 3346 secundum
2405 3290 2750 3361 Apostolum,
2785 3303 3010 3343 oramus
3027 3278 3199 3341 Deum
3228 3294 3290 3340 ut
3319 3283 3493 3339 libere

1921 3382 2172 3438 dicamus
2218 3383 2275 3436 in
2327 3381 2646 3452 Evangelio,
2689 3380 2834 3436 sicut
2887 3377 3038 3448 loqui
3067 3383 3305 3447 oportet,
3363 3389 3492 3428 nam

1921 3489 2034 3528 non
2063 3473 2446 3528 erubescimus
2467 3471 2829 3542 Evangelium
2867 3468 3098 3534 Christi,
3126 3467 3308 3523 virtus
3345 3463 3494 3519 enim

1922 3567 2018 3622 Dei
2045 3567 2102 3622 in
2127 3567 2362 3623 salutem
2380 3566 2532 3622 omni
2561 3564 2839 3621 credenti.

256 3830 3428 3860 ww

1627 3974 1993 4062 ΛΟΓΟΣ
2061 3972 2160 4061 E'.

253 4142 536 4214 Πέμπτης
587 4137 786 4196 αὐτῶν
849 4137 1131 4204 ἀσεϐείας
1153 4160 1160 4166 ·
1183 4137 1512 4208 ἔκφανσις,
1563 4137 1825 4206 ἀνοίδην
1890 4137 2008 4206 τὴν
2037 4135 2315 4208 φυσικὴν
2359 4135 2610 4201 θεότητα
2682 4129 3071 4200 ἀρνουμένων
3105 4123 3362 4195 Χριστοῦ
3393 4121 3498 4178 τοῦ

1541 4231 1833 4300 ἀληθινοῦ
1863 4231 2012 4288 Θεοῦ
2041 4228 2232 4301 ἡμῶν.

1598 4515 1953 4606 LIBER
2037 4511 2176 4604 Vg

439 4686 649 4752 Quinte
685 4687 968 4756 impietatis
994 4686 1374 4740 demonstratio
1401 4687 1708 4758 negantium
1736 4684 2067 4756 impudenter
2094 4690 2348 4738 naturam
2379 4679 2614 4736 divinam
2645 4677 2841 4734 Christi
2869 4675 2978 4730 veri
3004 4672 3101 4728 Dei
3127 4671 3313 4726 nostri.

789 4927 1179 4982 ΚΕΦΑΓΛΙΟΝ
1232 4931 1311 4983 A'.

338 5019 471 5072 Πότε
499 5014 614 5082 οὖν,
643 5017 798 5085 φασὶ,
818 5017 880 5071 τδ
913 5017 1030 5072 ὅλον
1047 5021 1163 5073 ῐστε
1200 5021 1438 5091 Χριστοῦ
1471 5021 1602 5074 Θεόν
1623 5041 1638 5087 ;
1661 5023 1837 5086 Εὐθὺς

269 5112 379 5164 ἀπὸ
413 5109 508 5163 τοῦ
541 5109 736 5174 τόκους
761 5109 795 5179 ἢ
830 5111 967 5179 μετὰ
993 5113 1092 5181 τὴν
1139 5113 1466 5179 dvas-caeni;
1498 5116 1546 5167 εί
1584 5115 1692 5185 γὰρ
1730 5115 1838 5168 ἀπὸ

269 5203 577 5272 γεννήσεως
607 5199 787 5267 εὐθὺς,
825 5202 920 5256 καὶ
948 5203 1133 5274 ἀπαθῆ
1159 5203 1266 5272 ἄρα
1296 5205 1391 5258 καὶ
1441 5205 1706 5258 ἀθάνατον
1749 5205 1838 5257 ἀεὶ

274 5296 388 5346 ἴστε
414 5294 507 5347 τὸν
539 5295 806 5366 Χριστόν;
835 5295 916 5358 τίς
950 5279 1045 5348 οὖν
1090 5294 1257 5348 ἔπαθε
1314 5296 1408 5348 καὶ
1457 5295 1697 5348 ἀπέθανε
1747 5297 1839 5348 καὶ

270 5387 446 5455 ἐτάφη
479 5388 573 5440 καὶ
601 5387 669 5441 τὰ
697 5386 858 5440 λοιπὰ
881 5385 1200 5458 ἀνθρώπινα
1236 5387 1443 5456 ὑπέστη
1467 5403 1482 5451 ;
1512 5388 1576 5440 Et
1609 5387 1682 5458 μὴ
1711 5405 1846 5455 φαν-

272 5471 435 5530 τασία
463 5474 531 5550 ἦν
567 5481 634 5531 τὰ
663 5479 932 5547 λεγόμενα
965 5479 1096 5548 περὶ
1129 5478 1364 5550 Χριστοῦ
1390 5495 1404 5509 ·
1441 5481 1492 5532 εἰ
1517 5479 1574 5532 δὲ
1604 5480 1844 5534 οὐχ’ἁπδ

272 5569 433 5620 τόκου
461 5563 530 5639 ἦν
556 5570 618 5621 τὸ
647 5568 766 5622 ὅλον
795 5567 1034 5638 Χριστοῦ
1055 5563 1218 5632 Gai);~
1249 5570 1306 5635 ἐξ
1357 5570 1554 5640 ἀρχῆς,
1603 5567 1670 5642 ἦν
1721 5573 1842 5624 καθ’

277 5661 422 5730 ὑμᾶς
451 5661 535 5714 ὅτε
573 5663 672 5716 οὐκ
706 5657 774 5732 ἦν
818 5662 936 5724 ὅλος
973 5662 1104 5726 Θεὸς
1146 5665 1172 5716 ὁ
1207 5664 1397 5733 Λόγος.
1449 5663 1608 5717 Ἀλλὰ
1635 5665 1694 5718 τὸ
1723 5663 1842 5718 ὅλον

1869 4935 1914 4989 υ

2453 4932 2675 4988 CAPUT
2709 4929 2994 4987 PRIMUM.

2009 5024 2242 5092 Quando
2285 5025 2472 5095 igitur,
2534 5023 2812 5092 inquiunt,
2851 5021 3028 5076 nostis
3073 5019 3312 5090 denique
3369 5018 3508 5075 divi-

1941 5119 2172 5172 nitatem
2191 5113 2443 5170 Christi?
2468 5115 2667 5169 Statim
2695 5127 2726 5166 a
2753 5112 3075 5168 nativitate?
3104 5127 3172 5166 an
3194 5120 3315 5181 post
3333 5123 3516 5164 resur-

1945 5210 2279 5266 rectionem?
2307 5209 2363 5265 Si
2395 5208 2564 5278 igitur
2586 5207 2773 5262 statim
2791 5221 2821 5260 a
2846 5205 3163 5269 nativitate,
3185 5213 3240 5259 et
3260 5203 3512 5272 impassi-

1941 5301 2107 5356 hilem
2129 5299 2354 5370 quidem
2387 5307 2444 5352 et
2474 5297 2839 5352 immortalem
2892 5309 3110 5364 semper
3143 5291 3322 5348 nostis
3350 5289 3512 5346 Chri-

1941 5396 2108 5452 stum;
2137 5387 2263 5456 quis
2290 5383 2450 5440 enim'
2489 5401 2684 5456 passus
2702 5393 2806 5451 est,
2831 5399 2886 5439 et
2923 5390 3177 5438 mortuus
3226 5390 3311 5435 est
3339 5387 3396 5433 et
3426 5393 3500 5433 se-

1942 5479 2130 5547 pultus
2145 5484 2228 5531 est
2247 5487 2303 5531 et
2319 5482 2520 5532 caetera
2531 5477 2766 5530 humana
2783 5475 3010 5538 subivit,
3029 5473 3076 5528 si
3098 5487 3207 5526 non
3234 5478 3362 5526 sunt
3379 5471 3512 5524 ima-

1941 5567 2153 5639 ginaria
2181 5584 2304 5640 quze
2349 5569 2611 5624 dicuntur
2639 5567 2722 5633 dc,
2747 5566 2970 5620 Christo
2985 5560 3088 5618 ?'Si
3131 5577 3262 5616 vero
3315 5574 3425 5613 non
3453 5575 3508 5614 ur

1943 5661 2230 5716 nativitatc
2265 5669 2385 5716 erat
2411 5659 2638 5716 onmino
2666 5657 2868 5714 Christi
2925 5654 3188 5708 divinitas
3223 5669 3251 5705 a
3299 5650 3507 5722 princi-
