3852 6134
172 200 334 265 1725

1152 217 1551 284 ADVERSUS
1587 224 2140 292 NESTORIANOS.
2172 235 2407 295 -L1B.
2449 237 2514 298 ν.

3330 249 3466 318 1728

175 319 556 390 μαρτυρεῖται
581 321 724 380 τάδε.
761 325 888 380 um
935 326 1082 383 ἴσασι
1135 334 1228 386 xui.
1271 335 1424 389 αὐτοὶ
1471 337 1568 391 νῦν
1613 342 1763 394 ὲκου·

1873 353 2110 400 stantur.
2139 345 2246 402 Sed
2279 357 2572 406 norunt'et
2603 351 2706 422 ipsi
2735 370 2880 410 nunc
2905 358 3208 416 voluntarie
3231 361 3468 422 abscon-

174 411 328 476 σέως
355 413 773 488 ἐπιλελησμένοι
801 418 912 474 τῶν
932 421 1081 490 σφῶν
1100 422 1404 498 διορισμῶν
1419 429 1495 494 ὡς
1512 431 1774 497 πολλάκις

173 505 249 558 ἐκ
283 504 386 559 τοῦ
413 508 536 561 ὅλου
582 509 644 562 τὸ
691 510 858 581 μέρος
897 513 1052 568 καλεί
1079 517 1116 589 ἡ
1151 520 1280 588 άγία
1311 521 1500 594 Γραφή
1524 539 1537 553 ο
1577 523 1654 588 ὡς
1678 525 1772 592 τὸ,

187 595 355 688 Ἑκεῖ
381 599 584 670 ἔθαψαν
599 601 804 672 Ἀϐραά
813 623 851 675 μ
865 619 879 631 ·
898 606 958 659 ού
982 607 1089 678 γὰρ
1108 611 1177 682 δὴ
1196 614 1289 668 καὶ
1309 614 1488 687 ψυχὴν
1503 617 1770 688 Ἀϐραὰμ,

174 687 328 742 ἀῦιλά
366 691 528 759 μόνον
549 691 608 745 τὺ
639 694 797 765 σῶμα
823 712 836 726 ·
862 697 990 751 τάδε
1028 696 1126 756 οὖν
1163 706 1354 776 σαφῶς
1399 687 1645 778 περὶτοῦ
1677 687 1775 767 άν-

178 778 469 850 θρωπίνου
519 784 757 855 Χριστοῦ
816 789 1032 858 εἴρηται
1061 807 1076 823 ·
1114 796 1242 850 ἐπεὶ
1275 798 1394 862 πῶς
1435 799 1549 871 ἔχει
1590 804 1775 876 χώραν

178 874 322 941 περὶ
351 875 446 927 τυῦ
479 877 644 930 αὑτοῦ
681 879 934 946 λέγεσθαι
966 883 1061 938 καὶ
1087 887 1154 941 τὸ
1193 889 1282 943 Ἑν
1322 895 1537 963 νεκροῖς
1555 874 1772 950 ἐλεύθε-

179 978 316 1030 ρος;
361 964 478 1028 πῶς
499 983 558 1019 τε
591 969 641 1021 εί
677 971 802 1022 καθ’
843 973 990 1040 ὑμᾶς
1029 979 1228 1051 νεκρὸς
1261 981 1486 1050 γέγονεν
1523 987 1774 1059 ἀπαραλ-

176 1054 428 1119 λάκτως.
451 1059 612 1124 αὐτὸς
639 1062 828 1132 ἤγειρε
860 1065 953 1118 τὸν
975 1067 1177 1124 ἑαυτοῦ
1209 1073 1338 1128 ναὺν
1361 1077 1420 1130 ὲν
1447 1078 1626 1148 τρισὶν
1645 1054 1773 1151 ἦμέ-

178 1166 316 1220 ραις
335 1167 350 1210 :
377 1150 406 1202 ό
423 1154 516 1206 καὶ
535 1153 748 1222 σώματι
772 1157 1025 1230 meum
1045 1159 1124 1225 ὥς
1143 1181 1273 1233 φασι
1293 1167 1469 1240 πάντη
1493 1150 1772 1242 ἄπρακτος

176 1241 504 1310 γενόμενος,
535 1243 749 1336 ὡςᾼπᾶς
781 1247 1069 1318 ἄνθρωπος
1094 1255 1234 1324 μετὰ
1257 1257 1488 1315 θάνατον
1513 1278 1528 1294 ο
1553 1241 1774 1336 καὶγὰρ

175 1330 310 1383 οὐδὲ
338 1332 440 1402 τὴν
467 1334 685 1388 οἱανοῦν
705 1335 884 1406 ψυχῆς
910 1341 1195 1412 ἐνέργειαν
1225 1347 1468 1405 ἐδίδοσαν
1502 1353 1646 1422 μετὰ
1673 1330 1772 1410 θάλ

177 1437 351 1474 νατον
375 1424 706 1494 ἀνθρώποις,
730 1427 862 1498 άχρι
889 1429 992 1500 τῆς
1022 1435 1383 1504 ἀναστάσεως
1405 1483 1420 1509 ,
1459 1447 1517 1497 ἐν
1535 1449 1648 1509 τοῖς
1675 1446 1776 1517 έμ-

177 1512 428 1580 σπροσθεν
453 1515 636 1569 αὐτῶν
676 1520 1094 1592 ἐπιχειρήμασι,
1127 1529 1280 1600 πόσῳ
1309 1548 1372 1600 γε
1405 1535 1606 1604 μᾶλλον
1623 1512 1772 1592 θείαν

179 1604 570 1672 πρᾶξινςπῶς
589 1608 646 1662 δὲ
681 1613 730 1665 εἰ
764 1615 925 1678 αὐτὸς
961 1616 1078 1687 ἔχει
1119 1620 1220 1691 τὴν
1250 1622 1499 1689 ἐξουσίαν
1538 1628 1631 1682 τοῦ
1673 1631 1773 1700 τὴν

1877 434 1990 492 dita
2020 452 2214 493 eorum
2245 439 2656 509 definitionum,
2689 443 2834 515 quod
2873 461 3014 518 szepe
3041 465 3142 520 pro
3203 459 3320 508 toto
3335 469 3463 520 par-

1877 531 1986 579 tem
2021 535 2178 582 vocat
2212 525 2498 600 scriptura
2541 547 2697 588 sacra
2725 541 2788 589 ut
2827 534 2932 592 hoc
2964 554 2978 592 :
3009 537 3074 593 Hi
3131 541 3468 612 sepelierunt

1874 615 2174 683 Abraham,
2199 628 2255 675 et
2284 628 2433 677 certe
2459 637 2571 676 non
2599 624 2840 680 animam
2869 627 3128 698 Abrahae,
3156 633 3252 688 sed
3284 635 3462 690 solum

1875 719 2098 774 corpus.
2139 706 2285 762 Idem
2314 707 2484 780 igitur
2520 711 2807 781 sapienter
2852 714 2920 770 de
2967 715 3189 774 Christo
3240 719 3464 778 homine

1875 788 2096 850 dicitur.
2132 797 2341 854 Deinde
2360 801 2639 870 quomodo
2665 803 2822 860 locus
2847 817 2994 862 esset
3017 809 3235 865 dicendi
3261 812 3330 868 de
3347 813 3460 868 illo:

1883 884 2061 941 «Inter
2093 897 2343 946 mortuos
2363 891 2508 948 liber
2525 893 2576 946 2»
2605 901 2662 950 et
2683 899 2959 966 quomodo
2983 899 3028 955 si
3047 911 3301 960 mortuus
3320 905 3464 961 inter

1874 979 1976 1033 no's
2013 980 2278 1038 inventus
2323 990 2408 1039 est
2448 982 2567 1039 sine
2603 987 2714 1042 ulla
2763 988 3100 1056 diﬂ‘erentia,
3145 993 3262 1064 ipse
3284 997 3463 1052 susci-

1875 1069 2013 1125 tavit
2040 1071 2306 1140 templum
2358 1087 2520 1129 suum
2553 1075 2610 1130 in
2641 1077 2820 1132 tribus
2852 1077 3071 1146 diebus,
3121 1089 3178 1136 et
3233 1097 3465 1155 corpore

1874 1168 1945 1216 et-
1967 1168 2174 1224 mente,
2209 1170 2271 1218 ut
2297 1163 2518 1231 dicunt,
2549 1167 2776 1224 omnino
2805 1169 3164 1240 impassibilis
3191 1173 3390 1242 factus,
3404 1183 3463 1230 ut

1879 1253 2066 1308 omnis
2098 1253 2265 1310 homo
2332 1264 2458 1326 post
2491 1267 2760 1327 mortem;
2810 1277 2938 1316 nam
2995 1279 3128 1319 vero
3161 1281 3264 1322 nec
3301 1251 3463 1323 talem

1875 1344 2072 1400 anima;
2096 1353 2426 1416 potestatem
2455 1348 2728 1406 dederunt
2768 1361 2893 1422 post
2942 1367 3174 1412 mortem
3221 1357 3464 1414 homini-

1875 1432 2002 1500 bus,
2059 1435 2180 1490 sine
2259 1439 2726 1507 resurrectione,.
2763 1441 2821 1497 in
2855 1443 2974 1500 suis
3023 1447 3467 1516 praecedentibus

1875 1527 2216 1596 argumentis
2236 1539 2445 1599 quanto
2481 1531 2654 1603 magis
2708 1531 2952 1588 divinam
2985 1535 3288 1592 actionem?
3317 1539 3466 1606 Quo-

1877 1617 2066 1682 modo,
2091 1620 2137 1674 si
2165 1619 2282 1690 ipse
2329 1621 2500 1679 habet
2532 1633 2864 1694 potestatem
2899 1627 3176 1700 propriam
3223 1629 3462 1685 animam

183 1694 332 1746 ίδίαν
364 1695 545 1768 ψυχὴν
573 1699 747 1755 θεῖναι
769 1705 864 1758 καὶ
890 1705 1186 1764 ἀπολαϐεῖν
1215 1713 1386 1784 αὐτὴν
1409 1757 1424 1782 ,
1464 1717 1588 1771 καθ’
1626 1694 1763 1789 ἡμάς

1880 1711 2144 1778 ponendi,
2171 1719 2226 1766 et
2281 1713 2534 1768 sumendi
2565 1729 2708 1780 eam,
2742 1694 3021 1774 internus
3059 1727 3316 1776 mortuus
3347 1721 3458 1777 est?

180 1783 382 1852 γέγονε
407 1790 602 1860 νεκρός
625 1809 640 1858 ;
671 1791 756 1858 τίς
781 1795 892 1867 γάρ
911 1799 941 1852 ό
967 1801 1228 1874 τοιαύτης
1255 1783 1355 1860 οὐκ
1379 1808 1536 1871 ἀξίας
1562 1783 1772 1876 άπίῶς,

180 1878 309 1931 ἀλλ’
339 1880 592 1946 ἔξουσίας
622 1923 636 1944 ,
673 1884 896 1940 πώποτε
925 1889 986 1944 ἐν
1033 1891 1347 1964 ἀνθρώποις
1392 1899 1644 1966 γέγονενς
1692 1902 1772 1956 ἔτι

187 1971 299 2037 μὴν
329 1975 377 2024 εἰ
407 1972 482 2044 μὴ
507 1973 639 2040 Θεὸς
668 1977 725 2030 ἐν
749 1979 990 2050 Χριστῷ,
1023 1983 1118 2036 καὶ
1147 1988 1288 2040 κατὰ
1310 1987 1406 2042 τδν
1429 1989 1658 2046 θάνατον
1679 1994 1772 2048 καὶ

179 2062 246 2115 τὸ
259 2063 431 2126 πάθος
447 2066 542 2118 καὶ
557 2069 696 2122 κατὰ
719 2069 901 2137 λοιπά,
926 2073 1128 2145 κόσμον
1159 2077 1340 2150 ἑαυτῷ
1356 2081 1769 2149 καταλλάσσων,

181 2155 263 2218 ὡς
293 2158 624 2228 γέγραπται,
655 2163 772 2226 πῶς
801 2166 831 2218 ό
849 2165 906 2218 ἓν
931 2171 1114 2239 μορφῇ
1138 2168 1274 2224 Θεοῦ
1299 2173 1581 2245 ὑπάρχων,
1608 2178 1771 2244 αὐτὸς

181 2247 284 2298 καὶ
315 2247 416 2300 οὐκ
445 2249 678 2323 suam
709 2251 776 2305 δι’
807 2253 967 2308 ἄλλου
996 2258 1360 2314 ἐταπείνωσεν
1383 2263 1576 2318 ἑαυτὸν
1609 2266 1772 2337 μέχρι

184 2337 456 2404 ῡανάτους
509 2341 606 2394 καὶ
665 2343 780 2408 πῶς
822 2345 917 2399 τὸν
972 2348 1178 2420 Κύριον
1222 2351 1324 2421 τῆς
1355 2353 1513 2426 δόξης
1556 2356 1771 2429 άληθῶς

184 2429 577 2500 ἑσταύρωσανς
608 2437 702 2488 καὶ
734 2437 851 2502 πῶς
877 2437 1094 2510 εἴρηται
1124 2443 1280 2505 τὸ,’0
1306 2445 1363 2498 δὲ
1395 2447 1530 2510 Θεὸς
1560 2450 1772 2504 καὶτὸν

184 2520 396 2590 Κύριον
425 2524 673 2597 ἐξήγειρε
701 2566 716 2591 ,
745 2529 840 2582 καὶ
863 2532 1011 2600 ἡμᾶς
1041 2533 1225 2606 ἐγερεῖ
1249 2535 1338 2590 διά
1367 2539 1469 2607 τῆς
1488 2539 1770 2612 δυνάμεως

187 2613 358 2666 οὗτοῦ
387 2615 481 2668 τοῦ
509 2617 825 2686 ὲγερθέντος
855 2623 1326 2697 ὡμολογημένωςς
1363 2629 1522 2703 δῆλον
1561 2634 1668 2706 γάρ
1693 2635 1770 2700 ὡς

187 2701 523 2776 ἑξεγερτικὴ
555 2705 688 2762 οὖσα
733 2712 947 2783 νεκρῶν
1006 2716 1102 2770 καὶ
1153 2718 1359 2787 ἑτέρων
1411 2701 1680 2793 σωμάτων
1731 2727 1764 2798 ἠ

185 2793 418 2888 δύναμις
439 2797 535 2851 τοῦ
569 2801 801 2872 Κυρίου,
839 2805 1022 2876 πο).λῷ
1051 2808 1253 2877 μᾶλλον
1297 2812 1360 2865 τὺ
1407 2814 1536 2867 ἴδιον
1575 2793 1766 2888 ἧγειρε

189 2887 352 2958 σῶμα
382 2882 426 2957 ᾧ
444 2890 624 2959 ἥνωτο
647 2893 771 2948 καθ’
801 2896 1102 2953 ὑπόστασιν
1131 2917 1146 2932 ·
1181 2882 1633 2978 προσεχεστέρως
1657 2882 1767 2981 γάρ

188 2981 488 3050 ὲνεργιιῦσα
514 2985 674 3055 αὐτὴ,
723 2988 818 3040 καὶ
847 2989 948 3042 οὐκ
991 2991 1125 3062 άλλη
1173 2993 1437 3059 ζωοποιὸς
1471 2999 1764 3066 ἀναστήσει

187 3075 351 3127 αὖτόο
395 3077 514 3140 πῶς
551 3077 606 3130 δὲ
639 3077 802 3132 αὐτοῦ
835 3079 930 3132 τοῦ
969 3081 1098 3134 ἰδίου
1123 3083 1258 3136 Υἰοῦ
1311 3086 1372 3138 οὐ
1425 3087 1718 3156 φείσασθαι
1740 3131 1756 3156 ,

187 3164 302 3218 ἀλλ’
333 3166 474 3238 ὑπὲρ
504 3169 664 3236 ἡμῶν
697 3171 916 3223 πάντων
962 3173 1294 3243 παραδοῦναι
1342 3177 1504 3230 αὐτὸν
1549 3179 1761 3250 εἴρηται

188 3259 216 3310 ὁ
249 3257 472 3328 Πατηρς
503 3260 550 3310 εί
576 3259 687 3330 γὰρ
717 3261 1136 3332 ἀντιπρόσωπον
1161 3265 1398 3320 δέδωκεν
1425 3308 1438 3330 ,
1466 3269 1566 3324 οὐκ
1593 3270 1760 3335 ὅντως

191 3345 408 3416 εἴρηται
437 3348 562 3402 τάδε
587 3351 716 3420 περὶ
741 3351 841 3421 τῆς
889 3354 1110 3424 ἀγάπης
1140 3357 1306 3410 αὐτοῦ
1335 3355 1438 3424 τῆς
1464 3360 1543 3424 είς
1568 3361 1716 3432 ἡμᾶς
1745 3379 1756 3393 ’

193 3437 360 3505 σαφὲς
393 3433 486 3494 οῦν
518 3439 594 3501 ὡς
625 3441 734 3496 άπὸ
757 3444 980 3514 μέρους,
1005 3446 1041 3516 ἦ
1073 3463 1133 3499 τε
1164 3445 1428 3512 ζωοποιῖα
1482 3451 1578 3504 καὶ
1607 3453 1639 3524 ή
1679 3452 1763 3506 νέ-

191 3545 414 3598 κρωσις,
446 3533 683 3603 ἑκατέρα
711 3534 928 3602 λέγεται
952 3555 1017 3590 πε
1029 3538 1082 3608 pi.
1101 3539 1342 3610 Χριστοῦ
1365 3557 1380 3572 ·
1411 3541 1470 3594 οὐ
1494 3542 1602 3614 γὰρ
1626 3545 1764 3600 κατὰ

190 3621 282 3674 τοῦ
313 3621 436 3676 ὅλου
461 3623 723 3690 ὡσαύτως
763 3626 952 3698 ἄμφω,
1003 3629 1129 3682 ἐπεὶ
1178 3632 1252 3702 μὴ
1302 3632 1654 3700 συναληθεύει
1692 3635 1762 3690 τά

191 3716 405 3770 ἐναντία
450 3717 670 3772 πώποτε
722 3723 850 3792 περὶ
895 3721 991 3776 τοῦ
1040 3723 1208 3778 αὑτοῦ
1239 3742 1255 3756 ·
1286 3723 1444 3798 εἴπερ
1473 3724 1566 3779 οῦν
1594 3725 1764 3792 ὅντως

193 3807 281 3860 τὸν
332 3809 534 3880 Κύριον
578 3811 677 3880 τῆς
726 3812 885 3883 δόξης
923 3815 1276 3887 ἐσταύρωσαν
1309 3818 1360 3870 οί
1394 3818 1627 3889 Χριστὸν
1672 3820 1766 3873 ἐπὶ

194 3897 348 3963 ξύλου
378 3903 756 3970 κρεμάσαντες
785 3945 800 3970 ,
835 3905 995 3971 δῆλον
1045 3905 1122 3970 ὠς
1150 3908 1180 3960 ό
1227 3907 1393 3970 αὐτὸς
1423 3909 1488 3961 ὲκ
1520 3907 1619 3980 μὲν
1673 3908 1766 3962 τοῦ

194 3987 336 4060 Oeten
363 3990 562 4059 Λόγου,
587 3992 650 4044 τὸ
690 3986 832 4046 εἶναι
883 3993 1087 4064 Κύριος
1124 3995 1224 4064 τῆς
1247 3995 1405 4066 δόξης
1437 3993 1550 4068 εἶχε
1575 4013 1592 4030 ο
1621 3997 1681 4052 τὺ
1711 3998 1768 4052 δὲ

191 4082 404 4153 άληθῶς
435 4085 838 4156 σταυροῦσθαι,
885 4089 948 4142 ἐκ
975 4087 1074 4158 τῆς
1119 4088 1465 4160 ἀνθρωπείας
1511 4089 1716 4160 σαρκός
1749 4105 1765 4123 ⁸

193 4172 350 4241 φύσει
374 4192 434 4229 τε
460 4177 568 4248 γὰρ
601 4176 675 4241 ὡς
705 4179 833 4244 Θεὸς
865 4179 1214 4249 ἐποφείλεταί
1239 4197 1299 4235 τε
1324 4181 1424 4253 τὴν
1455 4182 1606 4254 παρά
1629 4182 1768 4236 πάνυ

192 4279 298 4318 των
314 4265 498 4332 δόξανε
527 4267 828 4333 ἐξουσιάζει
847 4287 906 4323 τε
930 4271 1097 4342 αὐτῆς
1115 4269 1356 4336 δοξάζων
1381 4270 1478 4335 οὓς
1498 4273 1763 4344 βούλεται,

197 4354 350 4424 μόνος
383 4358 478 4410 καὶ
509 4358 668 4427 φύσει
698 4359 774 4423 ὡς
810 4359 1097 4431 ἄνθρωπος
1134 4363 1304 4424 πάθος
1345 4364 1656 4436 ὑπέμεινεν.

783 4451 1039 4506 ΚΕΦΑΛ.
1093 4453 1168 4508 l".

263 4535 325 4588 Τί
372 4531 488 4603 οὖν,
541 4539 743 4608 φησίν;
793 4541 852 4594 οὐ
905 4546 1321 4614 προφανέστατα
1371 4547 1586 4620 εἴρηται
1635 4550 1764 4620 περὶ

195 4627 448 4698 Χριστοῦ.
476 4629 552 4692 ὼς
588 4631 694 4685 ὑπὸ
727 4633 820 4686 τοῦ
854 4635 988 4690 Θεοῦ
1020 4637 1244 4708 ἀνέστη,
1275 4637 1370 4692 καὶ
1398 4641 1500 4695 οὐκ
1521 4643 1615 4711 ἀφ’
1637 4643 1761 4698 ἑαυσ

195 4717 316 4784 τοῦ;
345 4721 437 4772 καὶ
467 4720 550 4773 ὅτι
577 4721 666 4774 διὰ
687 4723 787 4793 τὴν
813 4724 917 4778 ὑπὸ
951 4725 1040 4780 τοῦ
1077 4729 1231 4798 ἁγίου
1267 4731 1584 4802 Πνεύματος
1609 4751 1760 4799 γενο-

199 4809 359 4878 μένην
398 4810 562 4864 αὐτοῦ
605 4813 902 4869 ἀνάστασιν
961 4819 1026 4873 ὲκ
1079 4825 1328 4894 νεκρῶν,
1387 4823 1597 4896 ὡρίσθη
1633 4826 1760 4892 Υἱὸς

195 4899 358 4968 Θεοῦς
389 4901 504 4964 πῶς
529 4898 623 4956 οῦν
651 4902 919 4969 λέλεκται,
963 4909 1022 4962 ὃν
1058 4909 1112 4964 δὲ
1153 4913 1181 4964 ό
1209 4912 1343 4977 Θεὸς
1371 4915 1592 4986 ἤγειρεν
1611 4959 1626 4983 ,
1659 4917 1760 4971 οὐκ

197 4985 297 5044 εἶδε
327 4991 662 5064 διαφθοράνς
700 4995 795 5050 καὶ
816 4997 910 5050 τοῦ
939 4998 1246 5070 ὁρισθέντος
1276 5004 1407 5058 Υἰοῦ
1433 4985 1592 5074 Θεοῦ,
1619 5011 1758 5065 κατὰ

202 5079 416 5146 Πνεῦμα
451 5082 759 5156 ἁγιωσύνης
819 5087 880 5152 ἐξ
932 5091 1281 5158 ἀναστάσεως
1329 5097 1572 5166 νεκρῶν.
1613 5099 1758 5152 Ἀλλ’

195 5171 495 5228 εἰπάτωσαν
519 5176 568 5228 οί
597 5177 940 5250 ἐρευνητικοὶ
971 5180 1082 5234 τῶν
1127 5181 1383 5253 Γραφῶν,
1415 5187 1492 5252 ὡς
1517 5191 1719 5244 οίονται
1740 5234 1754 5258 ,

197 5263 242 5313 εἰ
267 5262 326 5316 τὸ
352 5265 647 5336 ἀναστῆναι
675 5269 737 5322 ὲκ
769 5269 978 5342 νεκρῶν
999 5272 1088 5327 διὰ
1121 5274 1217 5329 τοῦ
1245 5275 1394 5331 θείου
1417 5280 1756 5352 Πνεύμστος,

199 5351 371 5418 ἁπλῶς
383 5355 546 5410 τοῦτο
564 5357 721 5416 δόξαν
747 5361 876 5416 Υίοῦ
896 5363 1032 5418 Θεοῦ
1065 5371 1519 5442 περιποιεῖταιτῷ
1539 5371 1758 5428 ἀνιστα-

203 5443 354 5514 μένῳ,
395 5448 513 5537 πῶς
543 5451 572 5505 ό
601 5451 718 5514 υἱὸς
759 5454 856 5522 τῆς
899 5458 1074 5528 χήρας
1106 5460 1200 5513 ἐπὶ
1244 5461 1444 5527 Ἡλίου,
1479 5465 1571 5518 καὶ
1601 5468 1630 5520 ό
1661 5467 1759 5537 τῆς

197 5533 546 5605 Σωμανίτιδος
573 5541 669 5595 ἐπὶ
710 5542 1001 5608 Ἐλισσαιὲ,
1034 5552 1124 5602 καὶ
1141 5551 1366 5622 Ταόηθὰ
1398 5555 1490 5608 ἐπὶ
1527 5533 1756 5628 Πέτρου,

200 5627 284 5679 καὶ
323 5629 372 5682 οε
418 5627 596 5684 λοιποὶ
648 5637 694 5686 οἱ
745 5637 1072 5702 ἀναστάντες
1205 5642 1418 5714 νεκρῶν
1448 5687 1461 5712 ,
1513 5645 1611 5716 οὐχ
1645 5647 1751 5702 υἱοὶ

1781 3039 1830 3100 C

1876 1799 2012 1866 Quis
2032 1801 2179 1856 enim
2215 1798 2340 1859 talis
2367 1820 2478 1860 non
2505 1805 2810 1876 dignitatis,
2847 1808 2890 1862 si
2920 1807 3218 1880 impliciter
3243 1811 3338 1866 sed
3365 1827 3464 1882 po-

1874 1891 2093 1946 testatis
2113 1907 2355 1963 unquam
2388 1895 2602 1950 exstitit
2631 1896 2772 1950 inter
2797 1897 3242 1966 bomines?lm0,
3270 1903 3315 1957 si
3347 1918 3458 1958 non

1874 1983 2022 2039 Deus
2072 1983 2127 2038 in
2149 1983 2397 2052 Christo,
2431 1996 2488 2042 et
2519 2003 2619 2058 per
2649 1998 2882 2045 mortem
2919 2000 2976 2046 et
3031 1993 3344 2062 passionem
3403 2003 3458 2050 et

1873 2082 2090 2138 caetera,
2125 2076 2393 2130 mundum
2417 2077 2523 2132 sibi
2567 2079 2962 2142 reconcilians.
2993 2081 3139 2137 sicut
3192 2082 3457 2152 scriptum

1879 2160 1986 2230 est,
2021 2168 2303 2236 quomodo
2340 2169 2396 2224 in
2437 2168 2611 2225 forma
2661 2170 2756 2226 Dei
2787 2171 3061 2227 exsistens
3109 2173 3226 2243 ipse
3259 2183 3314 2230 et
3345 2189 3458 2230 non

1873 2257 2016 2313 alius
2043 2266 2141 2312 aut
2168 2275 2267 2328 per
2291 2259 2482 2326 alium,
2523 2261 2840 2316 humiliavit
2893 2265 3250 2334 semetipsum
3283 2281 3458 2337 usque

1871 2347 1939 2400 ad
1965 2359 2199 2404 mortem
2219 2349 2244 2404 ?
2265 2358 2320 2404 et
2362 2350 2640 2420 quomodo
2654 2351 2948 2408 Dominum
2971 2355 3162 2426 gloria),
3178 2372 3306 2412 vere
3332 2372 3460 2412 cru-

1871 2437 2212 2494 ciﬁxerunt?
2243 2449 2301 2496 et
2335 2441 2612 2512 quomodo
2660 2441 2864 2496 dicitur
2887 2443 3032 2499 hoc:
3065 2445 3211 2500 Deus
3269 2446 3457 2502 Domi-

1869 2545 2002 2587 num
2029 2533 2338 2597 suscitavit,
2364 2542 2422 2589 et
2448 2549 2552 2590 nos
2573 2535 2868 2591 suscitabit
2911 2553 3012 2606 per
3061 2539 3323 2595 virtutem
3375 2540 3460 2612 ip-

1870 2623 1986 2680 sius
2016 2625 2325 2680 resuscitati
2379 2626 2660 2680 communi
2704 2641 2862 2682 voce.
2905 2629 3148 2684 Evidens
3179 2631 3460 2702 estigitur

1871 2714 2019 2784 quod
2063 2715 2242 2770 virtus
2271 2716 2490 2770 Domini
2519 2717 2592 2772 sit
2625 2719 3002 2774 resurrectiva
3035 2730 3378 2778 mortuorum
3401 2733 3458 2780 et

1868 2807 2103 2862 aliorum
2149 2821 2464 2877 corporum,
2496 2815 2706 2879 quanto
2731 2811 2904 2883 magis
2943 2813 3232 2882 proprium
3276 2831 3460 2872 resur-

1868 2901 2009 2954 rexit
2031 2912 2252 2968 corpus,
2278 2898 2367 2952 cui
2389 2899 2684 2954 uniebatur
2715 2901 3055 2974 hypOstatice
3073 2903 3320 2963 intimius
3340 2908 3458 2982 ipsa

1866 2990 2045 3044 virtus
2066 2991 2457 3056 resurrectiva,
2493 3001 2550 3047 et
2596 3007 2706 3048 non
2737 2995 2844 3050 alia
2865 2995 3152 3054 vit-iocans
3176 2999 3350 3058 virtus
3373 3017 3457 3058 re-

1864 3087 2052 3148 surget
2075 3078 2230 3140 illud,
2261 3079 2540 3148 quomodo
2563 3083 2790 3150 proprio
2813 3081 2926 3138 tilio
2957 3099 3059 3139 suo
3099 3101 3210 3141 non
3265 3103 3462 3158 peper.

1865 3169 2028 3235 cisse,
2059 3168 2155 3223 sed
2188 3184 2289 3238 pro
2314 3169 2478 3224 nobis
2497 3169 2759 3227 omnibus
2781 3171 3466 3235 illumtradidissedicitur

1864 3260 2051 3315 Pater?
2081 3260 2124 3316 si
2153 3278 2284 3318 vero
2315 3263 2546 3319 tradidit
2565 3258 2617 3314 iu
2648 3266 2698 3322 l‘a
2711 3267 2873 3334 ciem,
2901 3285 3018 3324 non
3069 3285 3200 3326 vere
3252 3271 3459 3328 dicitur

1865 3351 1923 3412 id
1985 3353 2188 3410 fecisse
2233 3365 2462 3428 propter
2489 3359 2816 3416 charitatem
2857 3363 3091 3417 suamin
3117 3379 3239 3429 nos,
3275 3363 3458 3420 mani-

1865 3449 2068 3506 festum
2094 3459 2180 3506 est
2205 3466 2339 3522 ergo
2371 3451 2516 3521 quod
2551 3467 2618 3506 ex
2642 3462 2823 3521 parte,
2851 3452 3149 3509 viviﬁcatio
3166 3465 3224 3511 et
3263 3457 3458 3512 morti-

1871 3541 2055 3597 ﬁcatio
2078 3541 2146 3597 de
2174 3541 2398 3598 Christo
2429 3543 2726 3611 dicuntur;
2761 3559 2870 3598 non
2895 3543 3044 3599 enim
3068 3547 3279 3617 integre
3297 3548 3454 3603 simi-

1871 3632 2000 3688 liter
2040 3643 2336 3704 utrumque
2374 3633 2602 3701 dicitur,
2651 3650 2777 3689 cum
2823 3649 3110 3705 nunquam
3160 3636 3270 3692 sint
3297 3652 3454 3708 teque

1869 3739 1998 3779 vera
2053 3726 2329 3780 contraria
2354 3725 2422 3780 de
2462 3724 2578 3789 illo,
2613 3740 2736 3780 cum
2773 3725 2944 3796 igitur
2981 3741 3113 3782 vere
3156 3727 3452 3783 Dominum

1869 3813 2058 3884 gloria:
2091 3813 2505 3878 cruciﬁxerunt,
2539 3815 2631 3884 qui
2662 3813 2944 3869 Christum
2972 3817 3028 3870 in
3051 3816 3202 3887 ligno
3227 3832 3456 3886 suspen-

1869 3902 2343 3967 derunt,evidens
2377 3911 2464 3960 est
2527 3905 2674 3974 quod
2709 3904 2852 3960 idem
2913 3922 2980 3960 ex
3031 3907 3223 3962 divino
3282 3907 3454 3964 verbo

1870 4004 2074 4061 factum
2107 4014 2190 4060 est
2218 4006 2486 4062 Dominus
2518 4007 2730 4078 gloriae.
2779 4007 2946 4079 Atqui
2979 4026 3108 4064 vera
3167 4011 3461 4068 crucifixit)

1869 4107 1958 4152 est
1973 4097 2160 4152 carnis
2187 4097 2462 4162 humanae,
2491 4114 2615 4152 nam
2647 4099 2846 4156 divina:
2867 4109 3080 4156 natura:
3104 4102 3344 4158 debetur
3359 4119 3456 4160 su-

1871 4202 1969 4258 per
1997 4189 2180 4243 omnia
2212 4189 2380 4258 gloria
2407 4205 2472 4243 ex
2527 4190 2614 4243 illa
2650 4201 2977 4260 potestatem
3031 4193 3245 4250 habens
3283 4195 3455 4266 glori-

1871 4276 2070 4332 licandi
2101 4292 2241 4348 quos
2265 4279 2402 4342 vult,
2436 4279 2590 4334 solus
2625 4295 2758 4335 vero
2785 4289 2846 4336 ut
2875 4281 3042 4337 homo
3061 4298 3162 4354 per
3193 4293 3452 4343 naturam

1801 4371 1845 4430 Ι)
1872 4369 2140 4423 sustinuit
2180 4369 2514 4438 passionem.

2496 4459 2651 4516 CAP.
2686 4460 2777 4518 Ill.

1934 4546 2076 4614 Quid
2091 4564 2247 4620 ergo,
2275 4548 2489 4616 dicunt,
2541 4566 2651 4606 non
2685 4551 2991 4608 clarissima
3043 4562 3173 4611 sunt
3216 4570 3342 4627 quae
3379 4555 3454 4614 de.

1861 4637 2084 4694 Christo
2111 4640 2390 4706 dicuntur,
2417 4641 2564 4711 quod
2603 4658 2634 4698 a
2658 4643 2774 4698 Deo
2803 4655 3088 4701 surrectus
3114 4645 3310 4704 fuisset
3334 4663 3452 4706 non

1863 4743 1895 4782 a
1917 4729 2141 4800 seipse?
2163 4739 2221 4786 et
2245 4732 2394 4802 quod
2423 4749 2521 4802 per
2545 4734 2927 4804 operationem
2953 4735 3202 4807 Spiritus
3263 4741 3446 4798 sancti

1861 4820 2166 4876 surrexisse
2199 4837 2228 4875 a
2251 4822 2483 4878 mortuis
2503 4831 2559 4879 et
2574 4825 2910 4880 constitutus
2937 4826 3112 4882 Filius
3129 4828 3225 4884 Dei
3253 4829 3276 4884 ?
3302 4828 3449 4897 Quo-

1867 4910 2032 4966 modo
2064 4927 2196 4984 ergo
2249 4913 2460 4968 dictum
2494 4925 2606 4970 est:
2630 4913 2805 4980 Quem
2828 4916 2975 4972 Deus
3004 4919 3310 4988 suscitavit,
3335 4937 3449 4979 non

1860 5000 2001 5056 vidit
2032 5005 2445 5074 corruptionem
2469 5005 2496 5060 ?
2521 5015 2577 5060 et
2607 5007 2893 5064 constituti
2925 5009 3046 5064 Filii
3091 5011 3211 5076 Dei,
3244 5027 3446 5073 secun-

1864 5093 2000 5148 dutn
2031 5093 2306 5166 Spiritum
2371 5096 2827 5154 sanctificationis
2904 5117 2972 5156 ex
3038 5105 3449 5161 resurrectione

1864 5194 2234 5250 mortuorum?
2261 5193 2366 5250 Sed
2385 5195 2580 5252 dicunt
2603 5199 2980 5269 exploratores
3001 5202 3438 5274 Scripturarum,

1862 5291 1924 5342 ut
1953 5285 2252 5355 opinantur
2285 5303 2299 5340 :
2336 5286 2394 5342 Si
2425 5291 2761 5348 resurrectio
2780 5308 2848 5347 ex
2877 5296 3115 5350 mortuis
3147 5311 3248 5366 per
3267 5296 3444 5366 Spiri-

1863 5385 1974 5430 tum
2007 5376 2124 5439 Dci,
2157 5377 2482 5446 simpliciter
2508 5379 2738 5449 gloriam
2762 5380 2884 5438 Filii
2917 5384 3013 5440 Dei
3041 5383 3235 5438 tribuit
3268 5384 3444 5438 susei-

1867 5469 2026 5523 tanti.
2078 5467 2354 5534 quomodo
2404 5469 2546 5526 ﬁlius
2573 5472 2752 5529 viduae
2783 5473 2854 5527 ab
2891 5474 3034 5538 Elia,
3069 5481 3124 5527 et
3158 5473 3304 5530 ﬁlius
3327 5475 3438 5530 Su-

1860 5557 2146 5613 namitidis
2186 5559 2256 5614 ab
2305 5561 2483 5617 Eliseo
2513 5573 2569 5617 et
2591 5563 2875 5618 'l'habitaa
2927 5566 3110 5626 Petro.
3155 5573 3209 5618 et
3255 5567 3435 5621 caeteri

1861 5650 2250 5706 resuscitantcs
2283 5669 2312 5706 a
2352 5655 2582 5708 mortuis
2656 5671 2765 5710 non
2820 5665 2948 5711 sunt
2997 5655 3283 5713 constituti
3337 5660 3432 5714 lilii
