3858 6156
318 157 337 224 Ι
349 155 452 222 7Ξῖ

1580 151 1890 214 LEONTII
1931 149 2336 212 BYZANTINI

3441 148 3576 217 ῙἹΞΒ

311 272 433 330 Dei.
460 269 703 326 Evidens
733 276 813 325 est
873 267 1019 338 quod
1050 266 1139 321 isti
1179 280 1278 336 per
1309 273 1638 335 potestatem
1684 265 1804 332 Dei,
1834 273 1892 320 et

2013 262 2126 317 ἐοῦ
2159 263 2506 335 ὡρίσθησαν;
2540 261 2696 333 δῆλον
2737 262 2845 333 γὰρ
2881 263 2958 327 ὡς
3007 263 3101 316 καὶ
3147 259 3296 318 οὗτοι
3343 265 3580 334 δυνάμει

313 363 562 433 Spiritus
582 355 1030 416 sanctificationis
1059 356 1114 409 in
1170 353 1631 410 resuscitantibus
1661 369 1722 408 se
1753 368 1888 422 ope-

315 449 490 506 rantis
509 451 888 504 surrexerunt.
913 441 1052 499 Cum
1081 457 1192 498 non
1219 443 1292 496 sit
1327 442 1422 512 qui
1455 443 1582 497 vita:
1603 452 1664 497 et
1697 442 1893 496 mortis

320 545 642 610 potestatem
680 533 884 589 habeat
910 541 1109 603 praeter
1147 533 1440 586 Dominum
1487 532 1583 602 qui
1617 541 1702 587 est
1739 531 1892 586 solus

316 639 515 686 natura
545 627 772 698 spiritus
799 625 1105 687 viviﬁcans,
1139 641 1271 697 ergo
1300 627 1356 680 in
1377 625 1470 680 illo
1497 626 1614 682 solo
1643 627 1752 680 Deo
1777 626 1890 681 vita

313 719 575 788 erat,ipse
594 716 1432 780 mortitlcatetviviﬁcat,occidit
1452 725 1509 772 et
1524 717 1711 774 videre
1733 716 1887 780 facit,

327 811 552 864 deducit
583 809 650 864 ad
711 808 950 862 inferum
1018 819 1075 864 et
1103 809 1317 864 reducit
1342 825 1356 872 ;
1385 807 1614 864 evidens
1650 809 1892 878 seipsum

314 917 450 970 ergo
471 899 616 970 quod
651 915 746 969 per
772 901 1047 970 propriam
1086 901 1580 964 resurrectionem,
1607 900 1894 955 constituit

318 991 612 1045 Dominum
644 991 838 1046 Filium
871 992 988 1054 Dei,
1019 1006 1132 1046 non
1162 991 1407 1046 moriens
1446 1007 1570 1046 cum
1620 1001 1774 1061 parte
1808 993 1894 1062 ip-

317 1082 436 1136 sius
470 1083 729 1146 humana,
773 1083 899 1138 ideo
927 1083 1074 1137 Deus
1104 1082 1428 1137 immortalis
1462 1090 1603 1146 erat,
1631 1081 1726 1136 sed
1761 1096 1896 1151 ope,-

319 1187 448 1227 rans
480 1188 547 1226 ex
577 1182 728 1241 parte
754 1173 978 1242 propria
1010 1174 1064 1226 in
1081 1174 1295 1228 actione
1319 1173 1525 1236 divina,
1547 1172 1896 1228 etviviticans

319 1269 530 1330 partem
561 1261 736 1330 ipsius
778 1269 1073 1315 mortuam.
1111 1261 1178 1316 Et
1216 1261 1322 1316 hoc
1356 1261 1592 1316 maxima
1626 1276 1678 1331 p:
1699 1277 1754 1316 rs
1784 1261 1897 1315 vir-

319 1352 456 1408 tutis
510 1352 628 1416 Dei,
667 1351 721 1406 in
754 1367 854 1406 nos
939 1351 1230 1406 credentes
1289 1352 1593 1408 secundum
1618 1353 1894 1424 energiam

318 1442 664 1498 auctoritatis
724 1442 884 1497 fortis
915 1457 1084 1512 quam
1131 1442 1387 1497 adhibuit
1416 1443 1472 1496 in
1492 1442 1733 1508 Christo,
1772 1458 1898 1500 sus-

319 1536 497 1590 citans
522 1549 648 1589 eum
702 1549 731 1588 a
763 1535 1016 1589 mortuis.
1084 1531 1268 1590 lnt‘usa
1330 1542 1512 1590 autem
1548 1535 1604 1589 in
1656 1550 1757 1590 nos
1799 1549 1897 1606 per

1991 355 2125 408 Θεοῦ
2177 355 2274 408 καὶ
2317 354 2408 409 διὰ
2438 353 2531 408 τοῦ
2561 353 2876 423 Πνεῦματος
2916 353 3019 423 τῆς
3043 352 3362 426 ἁγιωσύνης
3393 357 3484 409 τοῦ
3519 361 3580 414 ἰν

1991 448 2102 510 τοῖς
2149 447 2518 516 ἀναστήσασιν
2569 446 2765 510 αὐτοὺς
2805 445 3158 516 ἀνεργοῦντος
3214 447 3533 518 ἀνέστησαν
3558 465 3575 481 ·

1988 535 2150 606 εἴπερ
2183 535 2259 606 μὴ
2291 535 2408 589 ἐστι
2440 535 2586 605 ζωῆς
2622 537 2716 590 καὶ
2741 535 2972 589 θανάτου
3000 536 3096 603 τὴν
3123 536 3383 600 ἐξουσίαν
3414 538 3576 607 ἔχων,

1994 625 2166 698 πάρεξ
2191 625 2284 679 τοῦ
2313 625 2541 696 Κυρίου,
2570 627 2629 688 ὅς
2659 626 2776 678 ἐστι
2795 623 3017 694 Πνεῦμα
3042 625 3104 677 τὸ
3123 626 3388 689 ζωοποιδν
3416 627 3582 696 φύσει

1996 721 2156 790 μόνον
2188 719 2246 772 6v
2265 735 2278 749 ο
2322 717 2420 772 καὶ
2447 719 2553 789 γὰρ
2579 719 2638 770 ὲν
2666 717 2817 787 αὐτῷ
2849 717 2996 786 μόνῳ
3024 717 3103 786 τῷ
3132 718 3252 787 Θεῷ
3291 719 3412 787 ζωὴ
3465 715 3536 788 ἦν
3560 757 3578 781 ,

1995 811 2089 864 καὶ
2120 810 2280 872 αὐτὸς
2305 807 2525 862 θανατοί
2555 807 2652 861 καὶ
2680 807 2956 876 ζωογονεῖ,
2990 808 3308 861 ἀποκτείνει
3348 809 3448 862 καὶ
3475 809 3581 878 ζῇ)

1994 903 2157 966 ποιεῖ,
2185 900 2413 968 κατάγει
2445 901 2526 963 είς
2552 898 2678 971 ᾅδου
2701 897 2796 952 καὶ
2813 898 3005 966 ἀνάγει
3029 915 3048 929 ο
3075 898 3235 967 δῆλον
3267 898 3363 952 οῦν
3387 899 3467 962 ὡς
3499 901 3582 969 τῷ

1995 993 2187 1046 ἑαυτὸν
2208 992 2510 1060 ἀναστῆσαι
2533 1029 2548 1052 ,
2582 989 2929 1062 παρέστησεν
2961 989 3156 1042 ἑαυτὸν
3190 990 3320 1042 Υίὺν
3361 988 3506 1043 Θεοῦ
3549 993 3582 1044 ό

1997 1083 2198 1150 Κύριος
2223 1099 2237 1113 ⁸
2271 1083 2345 1153 μὴ
2383 1079 2659 1136 συνθανὼν
2683 1079 2762 1150 τῷ
2789 1079 3118 1151 ἀνθρωπίνῳ
3150 1079 3321 1133 αὐτοῦ
3362 1080 3528 1151 μέρει
3559 1121 3577 1145 ,

1993 1174 2125 1228 διότι
2146 1173 2410 1236 ἀθάνατος
2443 1169 2572 1235 Θεὸς
2593 1167 2682 1242 ἦν,
2713 1169 2828 1223 ἀλλ’
2860 1169 3098 1240 ἐνεργῶν
3124 1171 3232 1223 ἀπὸ
3258 1171 3459 1240 μέρους
3479 1172 3579 1240 τὴν

1998 1265 2143 1328 ίδίως
2165 1265 2316 1319 θείαν
2347 1264 2650 1334 ἐνέργειαν,
2679 1262 2774 1316 καὶ
2801 1261 3080 1326 ζωοποιῶν
3113 1262 3174 1314 τὸ
3206 1261 3374 1316 θανδν
3408 1263 3577 1316 αὐτοῦ

2000 1353 2198 1424 μέροςο
2233 1355 2322 1406 καὶ
2355 1352 2508 1406 τοῦτό
2532 1354 2646 1404 ἐστι
2693 1351 2754 1404 τδ
2798 1350 3136 1422 ὑπερϐάλλον
3191 1353 3426 1421 μέγεθος
3476 1353 3580 1422 τῆς

1995 1443 2274 1514 δυνάμεως
2306 1443 2398 1496 τοῦ
2431 1443 2588 1507 Θεοῦ,
2613 1443 2692 1506 εἰς
2723 1443 2870 1512 ἡμᾶς
2896 1443 3024 1505 τοὺς
3049 1443 3411 1506 πιστεύοντας
3437 1445 3581 1496 κατά

1995 1535 2096 1604 τὴν
2149 1535 2430 1604 ἐνέργειαν
2469 1533 2564 1587 τοῦ
2605 1533 2840 1602 κράτους
2888 1533 2985 1598 τῆς
3044 1535 3229 1604 ἰσχύος
3285 1537 3476 1601 αὑτοῦ,
3511 1537 3581 1606 ἣν

319 1627 728 1696 susceptionem
767 1627 942 1682 sancti
992 1627 1244 1696 corporis
1276 1628 1416 1698 ejus,
1443 1627 1684 1683 viviﬁcat
1729 1629 1897 1683 etiam

2013 1599 2301 1695 ἐνήργησεν
2327 1627 2385 1678 ὲν
2412 1625 2489 1696 τῷ
2517 1599 2758 1696 Χριστῷ,
2793 1625 3013 1696 έγείρας
3037 1599 3203 1680 aii-rbi)
3221 1629 3288 1682 ὲκ
3317 1599 3547 1699 νεκρῶν.
3565 1645 3580 1658 ’

321 1725 508 1772 nostra
535 1731 767 1785 corpora
812 1725 1030 1770 mortua
1069 1727 1194 1785 post
1221 1725 1479 1778 mortem,
1530 1731 1631 1787 per
1680 1717 1900 1772 inhabi-

321 1813 528 1860 tantem
579 1806 834 1875 spiritum
881 1806 973 1860 Dei
1008 1806 1060 1860 in
1110 1807 1290 1860 nobis.
1326 1808 1499 1877 Igitur
1551 1806 1900 1864 manifestum

321 1901 405 1947 est
453 1893 601 1962 quod
629 1909 736 1948 non
769 1893 894 1948 ideo
921 1895 1247 1963 simpliciter
1269 1897 1528 1960 surrexit,
1565 1896 1903 1967 gloriﬁcatus

321 1994 408 2040 est
450 1985 718 2040 Dominus
751 1985 920 2040 Filius
965 1985 1084 2050 Dei,
1121 1987 1218 2041 sed
1267 1986 1394 2055 quia
1440 1989 1660 2058 pr0pria
1697 1989 1902 2045 virtute

325 2075 582 2138 surrexit,
633 2091 757 2129 eum
792 2085 1044 2130 mortuos
1093 2078 1200 2146 jam
1253 2077 1476 2141 multos,
1507 2085 1564 2133 et
1588 2079 1726 2134 alios
1775 2087 1902 2135 ante

324 2173 380 2217 et
406 2173 530 2234 post
555 2164 838 2220 Christum
863 2165 1152 2220 suscitabit
1179 2165 1408 2234 spiritus
1441 2167 1902 2224 sanctiﬁcationis

327 2257 384 2311 in
449 2257 654 2327 quibus
724 2272 834 2312 non
895 2257 1401 2327 supereminentem
1469 2259 1908 2330 magnitudinem

327 2353 448 2420 ejus
481 2349 798 2420 apparuisse
849 2358 909 2404 ut
937 2365 1034 2419 per
1066 2349 1327 2405 virtutem
1354 2350 1546 2422 istam,
1573 2351 1694 2405 Non
1733 2351 1902 2422 igitur

329 2442 447 2494 sine
481 2440 696 2495 ratione
720 2455 826 2496 nec
861 2455 959 2509 per
985 2439 1380 2496 accidentalem
1409 2440 1662 2510 gloriam,
1692 2457 1795 2496 nec
1839 2457 1907 2497 ex

329 2532 566 2602 quodam
613 2531 784 2586 verbo
839 2531 1316 2587 circumstantium
1359 2571 1375 2596 ,
1431 2532 1768 2587 constitutus
1819 2542 1904 2588 est

329 2618 508 2674 Filius
537 2616 1073 2688 Dei:Christus,1sed
1123 2617 1405 2688 propriam
1425 2617 1686 2674 virtutem
1719 2619 1773 2672 in
1825 2635 1909 2674 re-

333 2707 679 2764 surrectione
704 2709 955 2778 corporis
983 2709 1069 2763 sui
1118 2708 1422 2764 ostendens
1449 2710 1715 2764 virtutem
1753 2725 1910 2766 suam

333 2803 576 2857 divinam
599 2816 743 2865 esse,
794 2810 851 2857 et
885 2817 985 2872 per
1043 2801 1307 2858 virtutem
1351 2802 1734 2866 substantiam,
1783 2818 1909 2856 nam

335 2894 474 2947 anes
533 2892 671 2946 tiunt
711 2891 1062 2950 deﬁnitiones
1119 2908 1307 2948 rerum
1360 2894 1784 2964 subjacentium,
1841 2909 1910 2948 ex

335 2983 788 3040 substantialibus
829 2985 1015 3042 verbis
1041 2985 1326 3056 excipiunt
1361 2985 1638 3056 sapientes
1700 2994 1758 3042 et
1807 2987 1911 3042 hoc

335 3089 499 3130 omne
529 3091 638 3130 non
667 3075 830 3131 debet
860 3077 1032 3132 latere
1045 3088 1284 3133 vestram
1319 3078 1580 3134 rusticam
1599 3078 1908 3136 scientiam.

337 3165 453 3221 l-loc
492 3167 636 3222 idem
692 3168 1100 3237 sapientissime
1159 3171 1360 3225 clamat
1381 3168 1662 3224 Christum
1711 3170 1908 3224 Filium

337 3257 507 3313 David
558 3273 680 3314 esse
719 3259 917 3314 Filium
943 3260 1062 3328 Dei,
1087 3260 1296 3318 idcirco
1331 3277 1400 3316 ex
1442 3261 1536 3316 illa
1561 3261 1763 3316 virtute
1792 3263 1913 3332 ejus

337 3351 396 3406 in
447 3350 891 3416 resurrectione,
939 3351 1350 3407 demonstratur
1410 3351 1647 3407 similius
1721 3353 1814 3408 Dei
1856 3355 1913 3407 in

338 3441 666 3502 substantia.
691 3441 747 3496 in
783 3442 888 3497 hoc
917 3443 1132 3513 signum
1167 3442 1438 3498 habemus
1487 3443 1554 3498 de
1581 3444 1674 3498 illo
1704 3453 1764 3498 ut
1815 3459 1909 3498 ve-

339 3535 542 3590 rissimi
571 3534 689 3590 Filii
713 3541 908 3589 natura
945 3534 1039 3588 Dei
1089 3543 1146 3588 et
1185 3532 1378 3588 Patris.
1433 3531 1526 3587 Sic
1555 3532 1774 3604 agnitus
1827 3542 1914 3588 est

339 3624 513 3681 Filius
553 3625 672 3686 Dei.
699 3624 1000 3680 secundum
1029 3623 1284 3692 spiritum
1317 3622 1798 3689 sanctificationis,
1845 3639 1914 3680 ex

338 3715 744 3770 resurrectione
765 3724 1130 3770 mortuorum.

1017 3997 1120 4051 AP.
1154 3998 1244 4051 iV.

1017 3997 1058 4051 Α
1107 4037 1120 4050 .
1231 4037 1244 4050 .

412 4093 521 4150 Sed
574 4092 669 4162 qui
697 3996 1010 4162 apostolutﬁ
1051 3998 1108 4144 ft
1154 3998 1662 4160 izchipontiﬁcem,
1695 4091 1914 4164 inquit,

2002 1716 2308 1787 ἑνδιδομένη
2344 1715 2453 1788 γὰρ
2483 1717 2578 1768 καὶ
2610 1718 2691 1780 είς
2746 1717 2894 1786 ἡμᾶς
2939 1717 3026 1771 διά
3073 1718 3173 1788 τῆς
3223 1719 3584 1790 μεταλήψεως

2000 1809 2095 1861 τοῦ
2141 1808 2297 1876 ἁγίου
2350 1805 2515 1862 αὐτοῦ
2549 1807 2822 1876 σώματος,
2877 1804 3135 1870 ζωοποιεῖ
3168 1808 3260 1860 καὶ
3297 1809 3366 1864 τὰ
3409 1809 3584 1880 θνητά

2004 1898 2232 1968 σώματα
2276 1898 2431 1968 ἡμῶν
2481 1897 2620 1968 μετά
2665 1896 2927 1961 θάνατον,
2962 1898 3054 1952 διὰ
3093 1899 3188 1952 τοῦ
3237 1899 3584 1966 ἐνοικοῦντος

2004 1989 2148 2043 θείου
2182 1988 2349 2043 αὐτοῦ
2391 1988 2704 2058 Πνεῦματος
2734 1991 2792 2042 ὲν
2821 1992 2952 2060 ἡμῖν
2984 2006 2996 2019 ⁶
3033 1989 3231 2044 οὐκοῦν
3286 1993 3454 2058 σαφὲς
3495 1994 3584 2044 ὅτι

2003 2079 2065 2131 οὐ
2087 2079 2220 2133 διότι
2237 2081 2435 2149 ἀνέστη
2465 2080 2672 2144 ἀπλῶς,
2706 2079 2968 2150 ἐδοξάσθη
2990 2081 3116 2144 Tib;
3144 2081 3280 2134 Θεοῦ
3296 2083 3324 2134 ὁ
3348 2082 3582 2153 Κύριος,

2005 2167 2120 2224 ἀλλ’
2151 2171 2233 2224 ὅτι
2285 2171 2394 2241 ἰδίᾳ
2426 2171 2686 2242 δυνάμει·
2735 2173 2854 2226 ἐπεὶ
2885 2174 3114 2244 νεκροὺς
3153 2172 3252 2244 ἤδη
3285 2173 3581 2237 πλείστους

2006 2260 2100 2314 καὶ
2137 2259 2329 2322 ἄλλους
2366 2260 2628 2331 πρότερον
2661 2261 2755 2314 καὶ
2788 2263 2926 2331 μετά
2955 2262 3192 2332 Χριστὸν
3220 2263 3484 2333 ἀνέστησε
3521 2265 3586 2316 τὸ

2006 2350 2233 2420 Πνεῦμα
2255 2351 2354 2420 τῆς
2388 2351 2722 2421 ἁγιωσύνης,
2752 2352 2810 2404 ἐν
2837 2345 2920 2415 οἷς
2956 2353 3016 2404 οὐ
3049 2351 3270 2420 λέγεται
3307 2353 3367 2406 τὸ
3411 2354 3586 2424 ὑπερ-

2008 2441 2200 2495 δάλλον
2236 2443 2462 2512 μέγεθος
2495 2442 2661 2496 αὑτοῦ
2683 2484 2696 2508 ,
2726 2441 2916 2514 ὥσπερ
2945 2443 3086 2496 κατὰ
3114 2442 3213 2513 τὴν
3251 2445 3402 2512 ἰσχὺν
3447 2443 3584 2498 ταύ-

2008 2553 2128 2604 την,
2161 2535 2494 2604 ἐμφανίσαι·
2523 2536 2623 2588 οὐκ
2648 2535 2860 2602 ἀλόγως
2899 2533 3014 2597 οῦν,
3054 2535 3176 2588 οὐδὲ
3221 2534 3332 2588 ἀπὸ
3359 2535 3458 2605 τῆς
3484 2552 3586 2588 τυ-

2011 2627 2211 2698 χούσης
2234 2625 2414 2694 δόξης,
2439 2626 2560 2680 οὐδὲ
2587 2626 2696 2697 μὴν
2721 2628 2784 2680 ὲκ
2809 2626 2968 2693 λόγου
3005 2625 3152 2687 τινος
3179 2626 3287 2678 τῶν
3311 2625 3588 2696 συμὸεόη-

2013 2721 2209 2782 κότων,
2239 2719 2448 2790 ὡρίσθη
2476 2719 2605 2780 Υἱὸς
2633 2719 2768 2772 Θεοῦ
2800 2717 3052 2790 Χριστὸς,
3091 2717 3206 2770 ἀλλ’
3233 2719 3296 2770 ὲκ
3317 2719 3415 2788 τῆς
3445 2721 3588 2772 κατὰ

2011 2813 2112 2882 τὴν
2141 2811 2435 2866 ἀνάστασιν
2469 2808 2561 2864 τοῦ
2591 2810 2840 2879 σώματος
2875 2809 3038 2862 αὐτοῦ
3055 2809 3338 2880 ἐνεργείας
3360 2850 3375 2874 ,
3407 2827 3588 2881 παρα-

1937 2922 1978 2980 c
2013 2905 2218 2974 στήσας
2245 2902 2414 2966 ὅντως
2443 2901 2594 2955 θείαν
2626 2901 2791 2955 αὑτοῦ
2847 2898 2988 2956 εἶναι
3019 2903 3117 2972 τὴν
3151 2901 3401 2972 δύναμιν,
3447 2905 3511 2956 ὲκ
3533 2902 3588 2956 δὲ

2015 2995 2116 3063 τῆς
2151 2994 2452 3064 δυνάμεως,
2478 2993 2576 3064 τὴν
2601 2994 2790 3046 οὐσίαν
2809 3011 2822 3024 ·
2843 2993 2895 3046 οἱ
2911 2993 3021 3064 γὰρ
3039 2992 3154 3062 ὅροι
3173 2993 3349 3046 είτουν
3375 2993 3591 3063 όρισμοὶ

2015 3084 2125 3138 τῶν
2177 3085 2551 3154 ὑποκειμένων
2609 3084 2953 3155 πραγμάτων
2981 3123 2996 3148 ,
3047 3085 3112 3137 ὲκ
3160 3081 3269 3136 τῶν
3321 3082 3591 3136 οὗσιωδιῖνν

2016 3175 2382 3246 λαμϐάνονται
2405 3175 2602 3243 λόγων,
2631 3167 2676 3228 ὧ
2698 3175 2852 3243 σοφοὶ
2882 3174 3013 3244 παρ’
3041 3175 3256 3236 ἑαυτοῖς
3277 3190 3293 3204 ⁸
3327 3173 3592 3228 καὶτοῦτο

2016 3268 2136 3321 ὅλον
2159 3267 2258 3320 οὐκ
2274 3265 2473 3336 ὤφειλε
2503 3267 2684 3320 λαθεῖν
2703 3267 2804 3338 τὴν
2826 3265 3098 3336 ὑμετέραν
3128 3264 3320 3335 ἀμαθῆ
3356 3264 3595 3333 πολυμά-

2019 3357 2170 3412 θειαν
2193 3374 2208 3390 ο
2234 3358 2350 3412 τόδε
2378 3357 2470 3410 οὖν
2499 3357 2632 3410 αὐτὸ
2663 3357 2978 3425 σαφέστατα
3141 3355 3232 3409 τὸν
3267 3354 3397 3408 Υἰὸν
3435 3353 3595 3408 Δαὸιδ

2019 3447 2254 3519 Χριστὸν
2278 3449 2370 3501 καὶ
2390 3447 2518 3500 Υίδν
2538 3445 2674 3500 Θεοῦ
2693 3442 2832 3502 εἶναι
2856 3464 2869 3478 ·
2897 3447 3033 3500 διότι
3053 3447 3114 3511 ἐξ
3142 3447 3310 3516 αὐτῆς
3333 3445 3433 3513 τῆς
3456 3448 3595 3498 κατά

2020 3537 2118 3608 τὴν
2143 3537 2440 3592 ἀνάστασιν
2463 3535 2630 3590 αὑτοῦ
2656 3536 2940 3606 ἐνεργείας
2965 3578 2980 3602 ,
3011 3537 3198 3607 ὅμοιος
3231 3534 3354 3604 Θεῷ
3382 3535 3480 3604 τὴν
3509 3536 3596 3589 οὐ-

2023 3627 2146 3682 σίαν
2166 3627 2433 3682 δέδεικται
2453 3643 2468 3660 '
2491 3627 2585 3681 καὶ
2611 3627 2771 3681 τοῦτο
2793 3629 3090 3699 τεκμήριον
3113 3627 3310 3698 ἔχομεν
3341 3627 3472 3698 περὶ
3498 3630 3594 3680 αὖ-

2018 3720 2137 3784 τοῦ,
2158 3719 2234 3784 ὡς
2257 3719 2630 3790 γνησιωτάτου
2655 3719 2789 3773 Υίοῦ
2821 3721 2981 3790 φύσει
3023 3719 3121 3773 τοῦ
3154 3719 3286 3772 Θεοῦ
3333 3719 3427 3771 καὶ
3485 3720 3596 3772 Πα-

2021 3811 2148 3882 τρός
2177 3827 2192 3840 ο
2222 3810 2399 3874 οὕτως
2430 3806 2522 3864 οὖν
2551 3811 2765 3882 ὡρίσθη
2793 3813 2923 3876 Tib;
2961 3811 3122 3878 Θεοῦ,
3175 3810 3317 3866 κατὰ
3375 3811 3598 3882 Πνεῦμα

2023 3902 2354 3972 ἁγιωσύνης,
2379 3900 2438 3966 ἐξ
2461 3901 2808 3966 ἀναστάσεως
2829 3903 3060 3974 νεκρῶν.

2629 3993 2856 4047 ΚΕΦΔΛ
2867 4035 2881 4048 .
2935 3997 3007 4048 Δ⁹.

2094 4085 2236 4138 Ἀλλ’
2265 4084 2316 4138 oi
2351 4085 2444 4139 τὸν
2489 4083 2786 4140 ἀπόστολον
2835 4085 2930 4137 καὶ
2976 4083 3236 4155 ἀρχιερέα
3261 4124 3276 4146 ,
3311 4085 3465 4152 φησι,
3505 4085 3600 4152 τῆς

341 4182 468 4239 ﬁdei
497 4191 700 4238 nostra:
756 4196 867 4234 non
897 4179 1290 4249 intelligenles,
1325 4177 1470 4234 sicut
1510 4179 1715 4235 Paulus
1759 4195 1909 4236 inane

2026 4174 2262 4237 πίστεως
2283 4173 2443 4245 ἡμῶν
2476 4173 2550 4246 μὴ
2582 4172 2970 4236 κατανοοῦντες
2993 4214 3006 4237 ,
3035 4173 3219 4236 καθὼς
3264 4173 3480 4238 Παῦλος
3520 4175 3602 4227 ὲνο

343 4276 438 4329 dat
471 4273 653 4333 nobis.
715 4271 903 4328 dicite.
953 4271 1182 4338 Qualem
1239 4286 1480 4342 unquam
1521 4271 1700 4328 nostis
1730 4287 1909 4327 sacer-

2020 4263 2264 4318 τέλλεται
2291 4263 2444 4334 ὑμῖν,
2476 4265 2690 4329 εἴπατε,
2721 4266 2884 4318 Ποῖον
2909 4267 3024 4318 ίστε
3053 4266 3204 4337 ἱερέα
3229 4267 3508 4337 ταυτοφυῆ
3527 4267 3603 4336 τῷ

343 4365 526 4419 dotem
547 4362 796 4434 eiusdem
843 4373 1054 4416 natum
1080 4376 1145 4418 ac
1195 4363 1472 4418 victimam
1507 4363 1532 4416 τ
1577 4363 1662 4418 vel
1705 4364 1909 4432 qualem

2028 4353 2429 4426 ἱερατευομένῳ
2472 4355 2642 4421 ποτέ;
2687 4355 2866 4426 ἢτίνα
2905 4355 3202 4410 ἀπόστολον
3242 4357 3344 4426 οὐχ
3413 4357 3602 4412 ὑποτε-

345 4451 652 4524 apostolum
677 4465 786 4504 non
815 4449 1132 4504 inferiorem
1171 4450 1410 4506 mittenti
1440 4450 1608 4506 eum?
1631 4451 1728 4506 Vel
1761 4450 1926 4522 igitur

348 4543 446 4614 qui
503 4551 588 4596 est
621 4541 866 4597 Verbum
907 4540 975 4596 de
1033 4557 1145 4611 quo
1197 4541 1314 4600 haec
1365 4543 1646 4608 dicuntur,
1695 4557 1763 4597 an
1820 4541 1929 4598 erit

269 4683 272 4688 .
350 4632 580 4689 inferior
611 4640 822 4687 natura),
842 4638 897 4686 et
924 4631 1122 4688 ordine
1146 4633 1278 4697 Deo,
1311 4642 1373 4688 ut
1397 4629 1622 4686 videtur
1649 4631 1827 4687 Ario?
1869 4631 1926 4688 Si

351 4722 440 4776 illc
473 4737 580 4775 non
633 4729 720 4775 est
758 4719 1020 4786 Verbum,
1047 4721 1329 4790 oportebit
1373 4720 1612 4788 aliquem
1645 4719 1813 4774 alium
1841 4738 1930 4776 su-

350 4829 449 4883 per
482 4813 717 4866 Verbum
743 4812 943 4881 ipsum,
977 4812 1364 4884 presbyterum
1383 4817 1438 4864 et
1483 4809 1776 4866 diaconum
1831 4813 1929 4868 Dei

353 4905 632 4975 cognitum
681 4905 885 4958 virtute
941 4902 1127 4957 Verbi.
1160 4901 1268 4958 Sed
1314 4901 1446 4972 quid
1483 4903 1751 4972 majorum
1799 4905 1930 4974 reji-

355 4997 563 5052 cicntes
589 4995 893 5050 divinitatis
917 4997 1250 5068 verborum,
1267 5003 1324 5048 et
1353 4992 1712 5048 humiliorum
1729 4994 1932 5050 huma-

355 5087 565 5153 nitatis,
592 5088 707 5142 haec
741 5089 920 5142 solum
961 5086 1122 5142 nobis
1150 5083 1457 5154 producitis
1478 5084 1502 5138 ’ί
1527 5083 1638 5139 Nos
1663 5100 1794 5139 vero
1842 5085 1931 5140 d3-

357 5181 540 5236 rimus
563 5190 868 5234 creaturam
887 5193 1008 5234 esse
1037 5176 1316 5231 Christum
1342 5175 1459 5237 Dei,
1493 5190 1656 5244 quem
1673 5177 1933 5234 novimus

354 5286 474 5325 csse
525 5279 829 5324 creatorem
877 5267 1144 5321 omnium.
1178 5265 1282 5321 Sed
1307 5282 1416 5321 non
1443 5283 1509 5323 ex
1537 5267 1618 5324 eis
1643 5284 1764 5336 quae
1806 5279 1934 5324 sunt

361 5365 414 5418 in
457 5378 522 5416 eo
575 5360 948 5433 gloriﬁcamus
972 5367 1124 5413 certe
1179 5374 1302 5428 qua:
1353 5370 1482 5413 sunt
1513 5376 1640 5415 vere
1681 5359 1931 5430 inaequa-

359 5451 598 5506 tia.Den
650 5466 780 5504 vero
825 5447 1033 5501 scimus
1073 5458 1129 5502 et
1169 5448 1340 5502 Deum
1381 5458 1439 5504 et
1487 5450 1830 5506 sacerdotem
1877 5461 1933 5506 et

368 5537 643 5590 victimam
677 5548 796 5589 esse
835 5531 1012 5602 ipsqu
1031 5531 1332 5602 Christum,
1373 5552 1484 5591 non
1517 5553 1646 5595 vero
1692 5538 1820 5608 quia
1847 5554 1933 5594 sa-

2026 4446 2298 4518 ταγμένον
2329 4445 2410 4516 τῷ
2435 4446 2822 4501 ἀποστείλαντι
2841 4447 3008 4501 αὐτόν
3027 4464 3043 4512 ;
3065 4447 3100 4519 ἢ
3124 4443 3220 4501 οὖν
3244 4450 3275 4502 ό
3295 4447 3475 4516 Λόγος
3506 4447 3602 4512 ὣν,

2028 4538 2158 4610 περὶ
2184 4531 2245 4592 οῦ
2278 4538 2404 4592 τάδε
2446 4537 2686 4610 εἴρηται,
2717 4537 2879 4602 αὐτὸς
2906 4539 3086 4608 ἥττων
3131 4540 3250 4594 ἐστὶ
3299 4539 3462 4610 φύσει
3515 4540 3606 4596 καὶ

2029 4629 2179 4694 τάξει
2207 4628 2303 4682 τοῦ
2349 4629 2484 4682 Θεοῦ
2510 4667 2526 4693 ,
2570 4629 2647 4690 ὡς
2695 4628 2893 4698 Ἀρείῳ
2925 4628 3116 4698 δοκεῐ;
3167 4631 3217 4682 εί
3271 4631 3482 4696 ἐκεῖνος
3534 4632 3604 4702 μὴ

2030 4717 2198 4784 ἐστιν,
2223 4719 2411 4791 ἔτερόν
2436 4735 2560 4772 τινα
2591 4717 2738 4784 παρά
2756 4719 2849 4773 τὸν
2866 4719 3038 4788 Λόγον
3057 4719 3220 4774 αὐτὸν
3251 4715 3605 4791 εἴναιδεήσει,

2030 4809 2121 4864 τὸν
2146 4809 2462 4882 λειτουργόν
2487 4827 2546 4863 τε
2569 4809 2663 4864 καὶ
2692 4809 2940 4864 διάκονον
2965 4809 3104 4864 Θεοῦ
3126 4811 3420 4880 νοούμενον
3463 4814 3605 4881 svsp-

2033 4901 2158 4974 γείᾳ
2185 4901 2280 4956 τοῦ
2312 4901 2510 4970 Λόγου.
2553 4901 2716 4956 Ἀλλά
2741 4902 2792 4956 τί
2812 4903 2878 4972 δὴ
2904 4902 3014 4956 τῶν
3059 4901 3321 4973 μειζόνων
3349 4903 3607 4972 ἀφέμενοι

2032 4993 2134 5062 τῆς
2163 4993 2418 5063 θεότητος
2457 4993 2672 5062 Λόγων,
2719 4995 2818 5048 καὶ
2862 4995 2971 5048 τῶν
3002 4994 3365 5066 πτωχοτέρων
3389 4997 3489 5062 τῆς
3515 4993 3604 5046 ἀν-

2033 5085 2402 5154 θρωπότητος,
2431 5083 2602 5138 ταῦτα
2635 5085 2768 5154 ἡμῖν
2797 5084 2956 5154 μόνον
2980 5084 3258 5155 παράγετε
3281 5101 3296 5150 ;
3319 5087 3483 5155 ἡμεῖς
3505 5085 3609 5153 γὰρ

2035 5179 2130 5233 καὶ
2161 5177 2370 5246 κτίσμα
2396 5177 2576 5248 φαμὲν
2604 5173 2746 5230 εἶναι
2774 5175 2911 5230 Θεοῦ
2950 5177 3040 5230 τδν
3077 5177 3240 5231 αὒτδν
3275 5177 3534 5248 Χριστὸν,
3555 5175 3612 5228 δν

2038 5271 2132 5324 καὶ
2159 5270 2400 5338 Κτίστην
2430 5270 2924 5339 ἀπάντωνοίδαμεν
2961 5287 2974 5302 ·
3023 5269 3138 5322 ἀλλ’
3167 5269 3268 5323 οὐκ
3299 5273 3366 5324 ex
3392 5269 3487 5322 τοῦ
3517 5269 3612 5323 αὑ-

2035 5357 2129 5412 τοῦ
2157 5357 2268 5410 τῶν
2291 5359 2349 5410 ὲν
2375 5357 2525 5428 αὐτῷ
2551 5357 2619 5411 τά
2642 5356 2808 5420 ὅντως
2840 5358 3000 5412 ἄνισα
3025 5357 3342 5422 δοξάζοντες
3370 5357 3572 5429 δηλαδή
3594 5376 3606 5387 ·

2037 5449 2112 5516 τῷ
2151 5466 2230 5500 τοι
2265 5448 2394 5518 ἀρα,
2429 5449 2522 5502 καὶ
2560 5447 2694 5503 Θεὸν
2723 5451 2819 5501 καὶ
2853 5449 3005 5518 ίερέα
3074 5449 3170 5502 καὶ
3197 5447 3369 5518 θῦμα,
3402 5449 3494 5502 τὸν
3526 5449 3614 5501 ad.

2039 5540 2127 5593 τὸν
2157 5537 2296 5593 εἷναι
2324 5541 2482 5612 ἴσμεν
2503 5539 2738 5610 Χριστόν
2764 5557 2776 5570 ·
2806 5538 2880 5610 μὴ
2910 5537 3016 5607 γὰρ
3042 5539 3124 5592 ὅτι
3155 5539 3339 5611 ἱερεὺς
3379 5539 3610 5609 λέγεται,
