3852 6134
248 309 387 373 172')
1202 308 1593 372 ADVERSUS
1627 306 2174 370 NESTORIANOS.
2196 332 2267 343 —-
2292 310 2437 376 LIB.
2476 310 2543 373 ν.
3355 312 3490 379 1730

234 424 447 493 λάτρης
481 421 576 474 καὶ
609 419 923 489 λειτουργὸς
958 422 1117 491 μόνον
1151 423 1278 492 ὑμῖν
1308 420 1558 475 ἐντεῦθεν
1580 422 1811 476 νοείσθω

1922 420 2107 475 sardos
2138 419 2370 485 dicitur,
2417 419 2678 474 adorator
2702 428 2760 474 et
2790 420 3134 477 sacriﬁcator
3177 422 3356 478 solum
3391 426 3488 483 Dci

238 513 402 577 Θεοῦ,
433 511 573 566 κατὰ
600 512 692 565 τὸν
722 512 814 564 ἐπὶ
840 512 1039 575 παντὸς
1064 512 1251 583 ἱερέως
1287 512 1698 583 λαμϐανόμενον
1723 513 1810 566 λό-

1922 510 2079 565 vobis
2111 511 2236 567 ideo
2292 521 2575 582 appareat,
2632 526 2758 566 nam
2798 512 3219 583 intelligendum
3257 510 3488 572 verbum

228 618 336 669 γον
366 619 380 633 ⁸
422 603 637 656 ἀλλ’ὅτι
666 601 761 655 τοῦ
795 599 959 655 αὐτοῦ
999 602 1325 656 ’Λποστόλου
1367 603 1610 675 περὶτοῦ
1644 604 1807 657 αὐτοῦ

235 696 334 749 καὶ
361 693 523 749 πάλιν
539 691 786 760 λέγοντος
804 691 992 761 ἱερέως
1019 691 1247 745 ἀκούετε
1269 710 1283 723 ⁸
1313 693 1566 745 Τοιοῦτον
1595 692 1811 763 ἔχοντες

235 786 503 857 ἀρχιερέα
522 823 539 848 ,
582 784 642 846 δς
670 782 923 836 ἐκάθισεν
947 785 1007 835 ὲν
1028 783 1180 855 δεξιᾷ
1201 784 1296 837 τοῦ
1327 784 1519 853 θρόνου
1558 786 1658 854 τῆς
1710 801 1809 855 με-

237 875 581 949 γαλωσύνης,
608 877 667 930 εν
690 877 802 937 τοῖς
824 874 1189 956 ἐπουρανίοις.
1209 875 1350 929 Αὐτὸ
1378 874 1535 929 τοῦτο
1558 876 1588 929 6
1609 877 1812 948 ύπορή-

240 984 372 1021 σατε
395 968 528 1037 ἡμῖν
556 967 614 1019 ιν
639 966 856 1028 ἑαυτοῖς
890 968 1165 1032 σκοπεῖτε,
1201 967 1285 1019 ὅτι
1314 966 1415 1019 οὐκ
1444 966 1591 1023 ἐστιν
1621 967 1811 1037 ἱερέως

237 1058 302 1111 τὸ
340 1056 631 1126 σύνθρονον
679 1052 820 1110 εἶναι
865 1055 945 1126 τῷ
991 1056 1387 1128 ἱερατευομᾶνῳ
1428 1057 1526 1111 καὶ
1554 1056 1811 1129 σύντιμον

238 1149 338 1202 καὶ
371 1147 646 1218 ὁμόδοξον,
668 1146 806 1202 ἀλὶά
830 1164 973 1211 τινος
1004 1147 1256 1217 ισοφυοῦς
1281 1149 1376 1202 καὶ
1403 1149 1706 1212 ῖσοσθενοῦς
1735 1149 1812 1221 τῷ

239 1238 440 1309 ἐνδόξῳ
464 1238 583 1309 Θεῷ
614 1258 631 1273 ⁸
668 1238 883 1295 ὀῦκουν
914 1240 1024 1312 ἄρα
1071 1240 1147 1304 ώς
1196 1240 1377 1311 ἱερεὺς
1414 1240 1811 1309 συγκαθέζεται

239 1329 364 1400 Θεῷ
410 1331 470 1382 tv
514 1330 764 1402 οὐρανοῖς
799 1331 829 1383 6
861 1332 1040 1402 ἱερεὺς
1070 1332 1165 1385 τοῦ
1205 1331 1340 1385 Θεοῦ
1385 1331 1673 1403 γενόμενος
1721 1335 1813 1385 επὶ

240 1420 369 1490 γῆς,
425 1421 519 1475 διαὶ
558 1422 661 1489 τὴν
707 1420 845 1474 ιδιαν
885 1423 1064 1492 σάρκα
1090 1423 1453 1493 ἱερουργήσας
1497 1422 1616 1493 Θεῷ
1642 1462 1658 1487 ,
1718 1423 1814 1476 καὶ

239 1508 534 1578 ἀναγαγὼν
560 1510 731 1580 αὐτὴν
775 1510 913 1581 πρὸς
952 1509 1105 1575 Θεὸν,
1142 1510 1256 1564 ἀλλ’
1302 1511 1377 1575 ὡς
1425 1512 1519 1565 καὶ
1562 1512 1695 1575 Θεὸς
1736 1510 1812 1566 ὢν

238 1598 464 1671 ἀληθῶς
492 1600 522 1653 6
547 1599 735 1664 αὑτός.

840 1713 1092 1768 suam.
1124 1674 1208 1767 Ἐν.

317 1823 675 1877 Βασανιστέον
696 1823 753 1877 δὲ
784 1824 878 1877 καὶ
906 1823 969 1876 τὸ
1016 1821 1265 1894 ἀτρανῶς
1314 1821 1415 1891 μὲν
1446 1823 1537 1875 καὶ
1562 1821 1816 1892 ἀθάρσως

242 1914 394 1984 ὅμως
442 1917 498 1965 εν
537 1913 779 1967 πλείοσιν
826 1912 1004 1967 αὐτῶν
1056 1912 1503 1983 ἐπιχειρούμενον
1529 1928 1543 1941 ⁸
1583 1912 1815 1965 δεδόσθω

241 2003 375 2072 γὰρ,
434 2003 603 2069 φασὶ,
648 2003 791 2056 κατὰ
842 2003 1146 2073 συνδρομὴν
1195 1999 1334 2055 εἶναι
1393 2002 1517 2056 καθ’
1547 2004 1691 2073 ὑμᾶς
1721 2003 1815 2056 καὶ

244 2094 375 2155 Θεὸς
419 2095 447 2147 6
469 2095 630 2157 αὺτὸς
675 2095 909 2165 Χριστός
942 2111 958 2126 ⁸
988 2097 1015 2149 6
1041 2095 1098 2148 δὲ
1132 2092 1343 2166 Ἰησοῦς
1369 2136 1385 2161 ,
1412 2094 1466 2147 τί
1493 2094 1621 2165 ὑμῖν
1673 2090 1814 2148 εἶναι

244 2184 425 2248 δοκεῖς
453 2185 513 2237 οὐ
535 2185 643 2256 γὰρ
666 2185 731 2257 δὴ
757 2186 853 2240 καὶ
886 2186 1047 2240 αὐτὸν
1077 2185 1250 2254 Λόγον
1277 2185 1371 2239 καὶ
1404 2185 1580 2256 σάρκα
1606 2186 1777 2256 ἐρεῖτε
1797 2202 1812 2217 ⁸

247 2292 291 2327 ει
321 2277 429 2345 γὰρ
460 2277 553 2328 καὶ
586 2276 751 2340 αὐτὸς
783 2276 985 2347 ὁμοίως
1031 2276 1162 2341 Θεὸς
1181 2316 1199 2345 ,
1248 2275 1406 2347 δῆλον
1433 2276 1508 2340 ὡς
1533 2277 1633 2329 οὐκ
1660 2276 1747 2330 ἀεὶ
1787 2277 1816 2330 6

245 2366 503 2435 Χριστὸς,
528 2366 657 2429 Θεός
687 2382 701 2397 ⁸
724 2366 815 2420 τὸν
841 2367 950 2437 γὰρ
988 2366 1200 2437 Ἰησοῦν
1237 2369 1296 2421 6v
1324 2384 1460 2437 φατε
1488 2366 1620 2420 Θεὸν
1644 2408 1660 2433 ,
1691 2366 1815 2420 τοῦ·

243 2472 336 2509 τον
380 2457 474 2509 καὶ
515 2454 720 2526 Κύριον
758 2458 853 2509 καὶ
882 2458 1115 2527 Χριστὸν
1137 2459 1165 2509 6
1195 2457 1327 2519 Θεὸς
1360 2457 1605 2528 εποίησε,
1630 2456 1817 2524 σαφῶς

247 2550 461 2619 εῖρηται
495 2564 510 2579 ⁸
545 2548 643 2617 οὐχ
686 2547 714 2600 6
766 2543 835 2618 ἦν
861 2546 952 2600 οῦν
994 2548 1023 2599 6
1086 2547 1291 2618 Ἰησοῦς
1341 2548 1519 2601 εῐτουν
1570 2549 1769 2618 Κύριος
1799 2586 1816 2611 ,

247 2638 404 2690 τοῦτο
436 2639 627 2708 γέγονε
679 2639 925 2708 ποιηθεὶς
976 2638 1212 2709 Χριστὸς
1243 2639 1337 2691 καὶ
1367 2639 1566 2709 Κύριος
1599 2657 1613 2671 ⁸
1643 2640 1820 2703 οὐδεὶς

246 2729 354 2800 γὰρ
392 2728 601 2797 γίνεται
645 2728 679 2780 ὅ
716 2729 863 2780 ἐστιν
895 2745 908 2759 ⁸
950 2730 1057 2781 οὐδ’
1091 2730 1198 2798 ἄρα
1226 2727 1317 2781 οῦν
1351 2729 1480 2790 Θεὸς
1507 2729 1592 2782 ἀει
1619 2732 1765 2782 ἐστιν
1790 2731 1819 2781 6

262 2817 466 2886 Ἰησοῦς
487 2860 502 2884 ,
534 2817 660 2871 ἐπεὶ
716 2820 853 2888 μηδὲ
904 2818 1108 2889 Κύριός
1138 2821 1286 2872 ἐστιν
1307 2835 1319 2847 ·
1354 2821 1402 2871 εἰ
1432 2819 1489 2873 δὲ
1523 2820 1550 2872 6
1578 2821 1675 2889 μὲν
1716 2822 1820 2890 Ἰη-

252 2911 379 2973 σοῦς
403 2909 710 2980 ἄνθρωπος,
738 2910 766 2961 6
796 2911 851 2963 δὲ
893 2910 1128 2980 Χριστὸς
1174 2912 1306 2973 Θεὸς
1336 2912 1465 2980 ύμῖν
1495 2915 1693 2966 νοεῖται
1721 2954 1735 2976 ,
1784 2912 1817 2982 ἢ

254 3000 416 3070 μόνον
474 3001 607 3064 Θεὸς
661 3000 815 3052 ἔσται
862 2999 1053 3071 ὥσπερ
1097 3002 1125 3053 6
1194 3002 1399 3067 Λόγος,
1453 3003 1547 3052 καὶ
1579 3003 1607 3053 6
1650 3003 1821 3070 Λόγος

1915 616 2081 671 supra
2121 618 2340 656 onmem
2374 603 2854 666 sacerdotem,sed
2894 604 3131 672 apostoli
3165 606 3270 674 ipsi
3297 608 3367 662 de
3389 623 3487 662 eo-

1914 691 2041 746 dem
2092 701 2149 747 et
2179 708 2376 747 rursus
2398 693 2659 762 loquente
2705 694 2993 747 sacerdote
3035 695 3245 751 audite.
3299 697 3487 753 Talem

1915 780 2186 837 habentes
2228 783 2545 852 pontificem
2592 784 2687 853 qui
2719 784 2876 838 sedet
2923 800 2955 838 a
3037 789 3247 843 dextris
3303 789 3487 845 throni

1915 873 2314 942 magnitudinis
2344 874 2399 927 in
2419 874 2595 929 caelis.
2630 874 2746 930 Hoc
2759 875 2937 944 ipsum
2963 877 3110 945 quod
3139 878 3400 949 eﬂ'ugitis,
3431 882 3488 935 in

1915 963 2328 1033 vobismetipsis
2358 963 2562 1031 videte,
2610 966 2758 1034 quod
2782 982 2894 1020 non
2923 976 3009 1021 est
3035 970 3340 1024 sacerdotis
3366 986 3489 1026 esse

1918 1053 1981 1106 in
2028 1053 2230 1107 throno
2279 1068 2404 1109 cum
2465 1054 2577 1108 Deo
2614 1069 2750 1120 suo,
2790 1071 2893 1110 nec
2945 1057 3002 1111 in
3037 1058 3232 1112 eodem
3280 1061 3489 1115 honore

1916 1149 1974 1194 et
2023 1141 2216 1196 eadem
2264 1141 2461 1219 gloria,
2509 1142 2604 1197 sed
2653 1151 2740 1198 est
2769 1144 3015 1214 ejusdem
3038 1153 3250 1202 naturae
3303 1158 3358 1204 et
3390 1165 3488 1219 po-

1915 1230 2104 1284 tentiae
2156 1245 2280 1285 cum
2326 1231 2569 1301 glorioso
2601 1232 2744 1298 Deo;
2794 1233 2962 1304 igitur
2996 1243 3057 1288 ut
3100 1236 3359 1293 sacerdos
3397 1253 3487 1294 se-

1918 1319 2012 1375 det
2034 1334 2160 1375 cum
2183 1321 2297 1376 Deo
2318 1321 2374 1375 in
2414 1321 2572 1377 caelis
2609 1323 2705 1391 qui
2720 1324 2977 1379 sacerdos
2997 1326 3096 1379 Dei
3125 1325 3300 1385 factus
3319 1337 3404 1382 est
3431 1330 3488 1383 in

1921 1419 2086 1476 terra,
2119 1420 2179 1466 et
2198 1412 2480 1481 propriam
2524 1426 2748 1468 carnem
2797 1430 2963 1484 quam
2995 1416 3326 1472 sacriﬁcavit
3377 1419 3491 1474 Deo

1918 1509 2208 1571 postquam
2269 1502 2576 1558 introduxit
2606 1504 2752 1574 apud
2808 1505 3004 1573 Deum,
3069 1506 3167 1562 sed
3212 1523 3338 1562 cum
3399 1509 3473 1563 sit

1918 1592 2065 1649 Deus
2094 1608 2260 1648 verus
2290 1594 2429 1664 ipse.

2553 1703 2705 1759 CAP.
2743 1703 2807 1759 ν.

1848 1794 1890 1849 B
1918 1813 2120 1871 Stricte
2148 1815 2313 1870 etiam
2341 1817 2766 1873 examinandum
2790 1831 2873 1875 est
2888 1830 3271 1892 argumentum
3298 1838 3493 1879 eorum

1915 1904 2062 1974 quod
2102 1905 2347 1974 plerique
2376 1905 2615 1962 obscure
2644 1908 2811 1964 simul
2856 1918 2911 1963 et
2947 1910 3249 1966 dubitative
3283 1920 3489 1968 tenent.

1914 1992 2278 2060 Concedatur,
2306 1996 2482 2061 aiunt;
2516 1997 2823 2053 secundum
2874 2016 2972 2055 vos
3019 2016 3118 2071 per
3152 2017 3487 2057 concursum

1915 2090 1971 2137 et
2000 2083 2173 2137 Deum
2211 2084 2391 2153 ipsum
2421 2083 2727 2140 Christum.
2758 2086 2920 2141 Jesus
2961 2098 3142 2141 autem
3174 2088 3306 2157 quid
3330 2088 3491 2142 vobis

1916 2188 2036 2229 esse
2069 2174 2335 2229 videtur?
2368 2176 2485 2231 Non
2509 2177 2655 2231 enim
2686 2186 2833 2232 certe
2866 2188 2923 2232 et
2956 2178 3132 2249 ipsum
3166 2180 3402 2234 Verbum
3435 2190 3492 2235 et

1917 2277 2136 2318 carnem
2155 2265 2372 2322 dicetis.
2403 2265 2458 2320 Si
2488 2269 2693 2321 etenim
2718 2277 2775 2323 et
2807 2270 2924 2338 ipsc
2952 2271 3179 2339 pariter,
3205 2273 3348 2327 Deus
3374 2288 3490 2327 ma-

1917 2350 2179 2405 nifestum
2205 2353 2468 2421 quodnon
2494 2369 2710 2423 semper
2739 2356 3128 2423 l'uitChrisms,
3155 2359 3315 2413 Deus.
3357 2360 3493 2413 Nam

1916 2444 2173 2499 eumdem
2205 2446 2391 2501 Jesum
2434 2463 2598 2517 quem
2645 2449 2830 2504 dicitis
2861 2451 3056 2514 Deum,
3117 2453 3262 2507 Deus
3298 2454 3497 2509 recitet

1918 2536 2089 2591 Deum
2120 2546 2176 2592 et
2206 2537 2527 2605 Christum;
2552 2541 2656 2594 hoc
2676 2541 2823 2595 clare
2866 2541 3075 2595 dictum
3097 2553 3199 2597 est.
3232 2544 3350 2598 Non
3367 2560 3498 2615 ergo

1919 2628 2065 2699 quod
2086 2640 2208 2684 erat
2224 2631 2382 2685 Jesus
2406 2632 2522 2685 sive
2546 2631 2832 2696 Dominus,
2863 2633 2968 2688 hoc
2985 2635 3216 2689 effectus
3234 2649 3319 2689 est
3339 2635 3499 2690 Chri-

1920 2728 2039 2773 stus
2066 2735 2129 2773 ac
2156 2720 2421 2776 Dominus
2453 2722 2649 2777 factus.
2684 2724 2859 2778 Nemo
2892 2725 3040 2778 enim
3089 2724 3150 2780 ﬁt
3191 2729 3336 2795 quod
3363 2740 3450 2783 est
3481 2770 3494 2781 .

1919 2810 2038 2866 Non
2066 2827 2287 2880 semper
2343 2813 2511 2883 igitur
2557 2815 2701 2870 Deus
2750 2816 2857 2870 fuit
2907 2817 3089 2884 Jcsus,
3124 2834 3249 2873 cum
3279 2835 3389 2874 non
3428 2821 3501 2875 sit

1920 2901 2201 2955 Dominus.
2233 2902 2287 2955 Si
2333 2919 2575 2973 veroque
2639 2905 2800 2961 Jesus
2847 2907 3012 2959 homo
3067 2907 3209 2963 idem
3245 2909 3503 2965 Christus

1920 2987 2067 3043 Deus
2103 2989 2264 3043 vobis
2311 3000 2483 3045 notus
2512 3000 2600 3046 est
2626 3034 2640 3056 ,
2666 2995 2754 3048 vel
2798 2996 2974 3049 solum
3000 2997 3144 3052 Deus
3169 2998 3278 3053 erit
3304 3009 3501 3068 utpote

251 3080 509 3161 Χριστὸς,
541 3090 634 3141 καὶ
670 3088 778 3161 πρὸ
810 3089 909 3157 τῆς
943 3087 1275 3159 σαρκώσεως
1303 3103 1317 3118 ⁸
1349 3090 1383 3159 ἢ
1423 3089 1552 3153 Θεὸς
1590 3092 1684 3143 καὶ
1726 3093 1819 3144 ἄν·-

1923 3077 2247 3140 Verhnm,et
2276 3077 2512 3133 Verbum
2531 3082 2784 3137 Christus
2809 3095 2865 3138 et
2895 3097 3022 3140 ante
3046 3088 3500 3158 incarnationem,

1930 3167 2013 3186 ___.
2048 3166 2186 3186 mm
2258 3168 2428 3186 ν
2479 3184 2485 3186 _
2528 3184 2545 3186 _
2600 3169 2637 3186 ._
2706 3171 2739 3186 ..
3033 3175 3049 3186 .

253 3183 471 3251 θρωπός
493 3196 575 3242 τις
600 3180 787 3250 ἕτερος
820 3178 974 3249 παρὰ
1001 3179 1091 3230 τὸν
1134 3177 1344 3247 Ἰησοῦν
1378 3178 1474 3232 καὶ
1502 3178 1712 3232 ἔσονται
1733 3179 1819 3232 δύο

1930 3167 2015 3219 vel
2045 3166 2209 3230 Deus,
2250 3177 2307 3220 et
2329 3168 2493 3222 homo
2520 3169 2643 3237 quis
2670 3171 2812 3226 alius
2833 3188 3003 3244 prope
3023 3175 3231 3241 Jesum,
3257 3188 3312 3232 et
3338 3192 3502 3235 erunt

256 3272 552 3341 ἄνθρωποι,
596 3271 731 3338 μετὰ
768 3272 868 3340 τὴν
895 3269 1116 3337 ποίησιν
1140 3269 1237 3322 τοῦ
1275 3267 1451 3340 Ἰησοῦ
1481 3272 1560 3333 εἷς
1597 3271 1831 3342 Χριστὸν

256 3367 314 3413 ὲν
348 3361 495 3431 αύτῷ
531 3361 849 3430 φαινόμενοι
880 3375 894 3389 ⁸
926 3355 1044 3413 ὧνὸ
1066 3359 1166 3430 μὲν
1196 3358 1447 3424 σύνθετος
1473 3360 1572 3431 τὴν
1594 3361 1832 3414 ὑπόστα-

258 3469 364 3515 σιν,
400 3452 475 3515 ὥς
509 3468 646 3520 φατε
669 3468 682 3482 ⁸
712 3453 739 3505 6
767 3451 825 3504 δὲ
846 3451 1074 3519 Ἰησοῦς,
1107 3452 1329 3524 ποιητὸς
1370 3452 1604 3522 Χριστός
1633 3467 1648 3483 ⁸
1688 3454 1736 3505 εἰ
1774 3452 1831 3506 δὲ

256 3543 524 3614 Χριστὸς,
584 3542 715 3606 Θεὸς
763 3542 859 3595 καὶ
894 3542 1195 3611 -άνθρωπος
1242 3543 1411 3605 δντως
1463 3546 1666 3598 νοεῖται
1696 3562 1710 3576 ⁸
1739 3546 1831 3599 καὶ

255 3635 425 3698 οὕτως
452 3637 479 3689 6
504 3634 718 3706 Ἰησοῦς
750 3635 1044 3703 ἐπίκτητον
1071 3634 1464 3704 ἁνθρωπότητα
1503 3633 1701 3698 λαϐὼν,
1736 3637 1831 3690 καὶ

254 3723 490 3793 θεότητα
514 3725 611 3794 τὴν
632 3721 874 3793 Χριστοῦ
899 3762 913 3788 ,
940 3724 1092 3792 τρεῖς
1127 3723 1225 3791 μὲν
1254 3721 1577 3792 ἀνθρώπους
1603 3763 1619 3788 ,
1649 3723 1743 3777 δύο
1772 3724 1830 3777 δὲ

257 3811 415 3876 θεοὺς
446 3810 586 3867 εἶναι
623 3814 819 3867 ἑαυτὸν
847 3812 1195 3885 ἐπιδείξηται
1218 3811 1453 3883 Χριστὸς
1496 3815 1786 3883 γενόμενος
1812 3832 1827 3847 ⁸

267 3907 398 3977 ἢείς
429 3905 562 3958 Θεὸν
593 3907 687 3958 καὶ
727 3904 1016 3976 ἄνθρωπον
1053 3903 1382 3975 μερισθῆναι
1431 3905 1460 3957 6
1484 3904 1697 3976 Ἰησοῦς
1740 3906 1829 3959 λο-

258 3997 600 4068 γισθήσεται,
631 3997 888 4067 ποιηθεὶς
919 3996 1175 4065 Χριστός.

326 4089 509 4159 Φαμὲν
537 4084 628 4142 οῦν
654 4089 751 4141 σὺν
780 4086 858 4157 τῷ
903 4086 1140 4157 θεολόγῳ
1170 4086 1307 4156 πρὸς
1345 4085 1474 4140 τάδε
1504 4089 1597 4141 καὶ
1627 4090 1790 4159 ἡμεῖς
1809 4130 1825 4155 ,

256 4182 338 4235 δτι
372 4183 480 4234 πᾶν
508 4178 729 4250 πνεῦμα
752 4178 781 4230 δ
809 4178 883 4249 μὴ
912 4178 1166 4246 ὁμολογεῖ
1191 4177 1396 4247 Ἰησοῦν
1426 4179 1484 4231 ἐν
1512 4181 1676 4250 σαρκὶ
1705 4180 1827 4249 ἐλη-

256 4268 473 4337 λυθότα,
503 4271 605 4324 οὐκ
635 4271 780 4323 ἐστιν
820 4271 884 4321 ὲκ
931 4268 1026 4321 τοῦ
1075 4266 1210 4320 Θεοῦ
1236 4282 1249 4297 ⁸
1281 4269 1332 4320 εἰ
1363 4268 1422 4320 δὲ
1475 4270 1576 4339 οὐχ
1638 4270 1827 4340 ἕτερον

256 4362 522 4433 κηρύσσει
546 4400 561 4426 ,
590 4362 682 4414 τόν
711 4376 770 4414 τε
799 4361 973 4428 Λόγον
1007 4359 1188 4429 σάρκα
1227 4357 1519 4428 γενόμενον
1545 4399 1561 4425 ,
1598 4361 1691 4413 καὶ
1736 4360 1827 4412 τὸν

1930 3256 2042 3310 duo
2086 3256 2357 3322 homines,
2389 3271 2716 3329 apparentes
2745 3263 2802 3316 in
2854 3265 2946 3318 illo
2984 3275 3108 3334 post
3138 3271 3523 3334 mutationem,

1929 3346 2086 3401 Jcsus
2120 3347 2176 3401 in
2211 3348 2490 3402 Christum
2517 3365 2749 3420 quorum
2778 3357 3127 3426 Componitur
3174 3359 3500 3430 hypostasis,

1932 3446 1992 3491 ut
2041 3439 2243 3506 dicitis,
2289 3440 2451 3496 Jesus
2484 3443 2661 3497 factus
2688 3443 2944 3501 Christus
2979 3449 3022 3501 si
3077 3467 3211 3505 vero
3248 3453 3502 3509 Christus

1930 3529 2075 3584 Deus
2099 3540 2154 3585 et
2176 3531 2342 3586 homo
2369 3548 2501 3587 vero
2533 3535 2800 3589 noscitur.
2835 3537 2901 3591 Et
2945 3541 2990 3593 si
3013 3540 3173 3595 Jcsus
3214 3559 3501 3601 assumens

1931 3620 2328 3676 humanitatem
2368 3624 2639 3688 alienam,
2664 3634 2719 3679 et
2748 3627 3094 3684 divinitatem
3126 3630 3358 3699 Christi,
3389 3644 3503 3691 tres

1930 3713 2181 3767 homines
2204 3722 2406 3768 essent.
2455 3712 2708 3771 Christus
2767 3718 2944 3774 factus
2981 3725 3499 3795 ostendctseipsuni

1930 3819 2053 3859 esse
2079 3804 2225 3859 duos
2254 3807 2408 3871 deos,
2438 3807 2521 3860 vel
2555 3806 2715 3862 Jesus
2737 3812 3206 3879 argumentatione
3234 3814 3288 3867 iu
3323 3815 3498 3872 Deum

1930 3908 1986 3953 ct
2007 3899 2285 3954 hominem
2318 3900 2608 3969 partietur,
2638 3901 2821 3956 factus
2844 3901 3125 3959 Christus.

2000 4084 2245 4139 Dicimus
2260 4100 2390 4140 vero
2425 4101 2553 4141 cum
2585 4086 2841 4157 theologo
2864 4087 2934 4143 de
2966 4089 3109 4154 istis,
3143 4090 3288 4160 quod
3314 4092 3496 4149 omnis

1927 4178 2153 4246 spiritus
2174 4176 2266 4245 qui
2286 4191 2396 4230 non
2414 4177 2709 4231 conﬁtetur
2732 4178 2787 4230 in
2808 4194 3029 4234 carnem
3045 4180 3230 4235 Jesum
3253 4184 3491 4253 venisse,

1927 4275 2144 4323 nonest
2172 4285 2202 4322 a
2235 4268 2467 4334 Deo,sed
2495 4270 2541 4324 si
2572 4269 2710 4322 nihil
2732 4269 2882 4324 aliud
2902 4271 3121 4326 nuntiat
3140 4273 3246 4328 nisi
3265 4274 3493 4330 verbum

1927 4376 2147 4415 carnem
2159 4361 2360 4416 factum
2373 4362 2624 4416 etJesum
2647 4362 2704 4416 in
2724 4378 2890 4419 carne
2911 4366 3147 4429 venisse,
3171 4367 3397 4423 evidens
3409 4381 3495 4426 est

256 4455 465 4526 Ἰησοῦν
492 4458 549 4508 tv
572 4458 735 4526 σαρκὶ
755 4456 1071 4527 ἐληλυθότα,
1100 4454 1261 4526 δῆλον
1283 4454 1359 4518 ώς
1374 4455 1465 4508 τὸν
1495 4456 1657 4508 αὑτὸν
1682 4451 1819 4510 οἶδεν

1928 4454 2073 4524 quod
2089 4456 2244 4509 novit
2260 4455 2436 4524 ipsum
2449 4456 2634 4511 Jesnm
2650 4456 2707 4511 in
2718 4456 2937 4513 Christo
2952 4458 3299 4528 ctChristum
3315 4462 3495 4533 ipsum

253 4544 463 4618 Ἰησοῦν
488 4545 567 4617 τῷ
593 4546 834 4618 Χριστῷ,
854 4547 949 4599 καὶ
970 4545 1205 4615 Χριστὸν
1235 4544 1326 4598 τὸν
1356 4544 1516 4597 αὑτὸν
1533 4543 1610 4615 τῷ
1631 4546 1790 4616 Λόγῳ
1810 4562 1822 4574 ⁸

258 4638 492 4709 Χριστός
518 4654 584 4691 τε
612 4639 723 4709 γὰρ
753 4639 854 4692 οὐκ
891 4637 1117 4691 ἄλλοθεν
1156 4637 1398 4704 λέγεται,
1434 4636 1467 4705 ἢ
1498 4636 1588 4689 διὰ
1629 4638 1691 4690 τὸ
1730 4654 1825 4690 κε-

257 4729 496 4800 χρίσθαι,
557 4730 649 4787 καὶ
700 4727 1012 4782 πιαίνεσθαι
1059 4730 1125 4799 τῇ
1162 4727 1380 4797 θεότητι
1418 4727 1531 4803 ’τοῦ
1580 4727 1756 4796 Λόγου
1788 4724 1822 4792 ἡ

257 4823 430 4895 σάρξο
464 4825 562 4877 καὶ
591 4821 835 4893 Ἰησοῦς,
872 4823 902 4874 ὅ
947 4823 1063 4874 ἐστι
1133 4820 1321 4891 Σωτὴρ
1347 4859 1362 4884 ,
1415 4820 1513 4890 οὐχ
1557 4820 1823 4890 ἑτέρωθεν

257 4914 538 4983 κέκληται,
568 4913 601 4983 ἢ
628 4913 717 4964 διὰ
745 4912 806 4964 τὸ
836 4914 1105 4982 σωτήριον
1134 4911 1279 4979 ἔχειν
1304 4912 1544 4981 φυσικὴν
1572 4909 1819 4980 δύναμιν·

253 4997 426 5061 οὕτως
457 4999 566 5069 γὰρ
594 4997 758 5051 αὑτοῦ
790 4999 883 5052 καὶ
915 5001 943 5050 6
972 4998 1202 5065 ἄγγελος
1218 4999 1319 5069 τὴν
1339 5001 1663 5070 φερώνυμον
1686 4998 1821 5068 κλῆο

257 5106 340 5143 σιν
356 5090 667 5161 ἐξηγήσατο
686 5090 861 5157 λέγων
877 5103 890 5117 ⁸
906 5107 925 5140 ι
948 5090 1059 5141 Καὶ
1081 5089 1365 5142 καλέσουσι
1384 5090 1445 5142 τὸ
1469 5090 1638 5161 ὄνομα
1659 5091 1822 5143 αὐτοῦ

256 5180 486 5252 Ἰησοῦν⁸
520 5180 684 5243 αὐτὸς
724 5181 835 5249 γὰρ
882 5178 1046 5231 σώσει
1089 5179 1180 5232 τὸν
1216 5179 1344 5233 λαὸν
1374 5181 1538 5233 αὐτοῦ
1573 5182 1681 5234 ἀπὸ
1716 5181 1823 5234 τῶν

254 5271 537 5342 ἁμαρτιῶν
558 5270 756 5324 αὐτῶν.
791 5289 810 5321 ι
872 5269 932 5322 '0
954 5269 1046 5322 οὖν
1080 5268 1218 5338 ἔχων
1247 5268 1495 5337 δύναμιν,
1549 5270 1611 5323 οὐ
1660 5271 1820 5338 μόνον

252 5362 347 5416 τοῦ
380 5364 455 5433 μὴ
493 5362 849 5433 ἁμαρτάνειν,
878 5362 1012 5414 ἀλλὰ
1030 5364 1125 5415 καὶ
1149 5361 1471 5432 λυτροῦσθαι
1499 5361 1609 5414 τῶν
1638 5363 1818 5431 ἁμαρ-

252 5455 403 5521 τιῶν,
433 5454 519 5518 τίς
548 5456 614 5507 ἂν
652 5453 738 5524 εἴη
772 5454 871 5524 τὴν
902 5454 1086 5522 φύσιν,
1117 5457 1165 5506 εἰ
1207 5455 1281 5525 μὴ
1313 5454 1481 5520 Θεός;
1516 5454 1686 5507 Τοῦτο
1708 5455 1816 5525 γὰρ

256 5544 615 5599 οὐδὲῚουδαῖοι
638 5544 938 5617 ἠγνόησαν,
957 5545 1203 5607 εἰπόντες
1237 5546 1318 5599 ὅτι
1350 5544 1566 5609 «Οὐδεὶς
1589 5545 1814 5599 δύναται

324 5691 363 5719 Il
390 5680 522 5736 Luc.
549 5696 603 5743 v,
631 5680 721 5736 2i.

1925 4546 1983 4600 in
2010 4544 2209 4601 Verbo.
2238 4547 2373 4601 Nam
2421 4546 2677 4604 Christus
2722 4565 2833 4604 non
2855 4550 3078 4607 aliunde
3105 4552 3330 4618 dicitur,
3359 4555 3466 4610 nisi

1926 4637 2053 4704 quia
2074 4652 2201 4692 caro
2215 4638 2380 4694 Verbi
2399 4648 2563 4696 uncta
2581 4640 2682 4695 fuit
2702 4650 2762 4694 ut
2776 4650 2934 4697 aucta
2951 4643 3320 4708 divinitate,et
3333 4644 3493 4700 Jesus

1923 4729 2017 4797 qui
2048 4737 2133 4782 est
2157 4730 2427 4796 Salvator,
2453 4746 2564 4786 non
2587 4731 2811 4787 aliunde
2848 4734 3187 4799 nominatur,
3234 4736 3339 4791 nisi
3362 4737 3493 4806 quia

1922 4828 2149 4890 propter
2193 4824 2425 4877 salutem
2462 4824 2629 4878 habet
2648 4825 2911 4880 virtutem
2944 4825 3248 4897 physicam.
3279 4828 3372 4883 Sic
3397 4844 3494 4884 an-

1921 4911 2077 4981 gelus
2097 4912 2218 4982 ejus
2247 4913 2436 4969 docuit
2465 4915 2611 4970 hanc
2633 4915 3138 4973 denominationem
3169 4919 3492 4989 signiﬁcati-

1920 5020 2043 5058 vam
2055 5020 2197 5072 esse,
2220 5007 2460 5075 dicens,¢
2480 5009 2788 5078 Etlvocabis
2804 5027 3005 5067 nomen
3027 5012 3489 5085 cjnsJesum,ipse

1920 5098 2069 5151 enim
2104 5099 2312 5153 salvum
2341 5099 2508 5155 faciet
2556 5102 2819 5170 populum
2868 5116 3028 5156 suum
3055 5118 3086 5157 a
3127 5105 3368 5172 peccatis
3396 5118 3489 5158 eo-

1920 5201 2065 5240 rum.
2088 5208 2106 5238 i
2132 5188 2233 5254 Qui
2253 5205 2385 5261 ergo
2411 5190 2577 5245 habet
2610 5192 2867 5247 virtutem
2890 5209 2999 5248 non
3027 5195 3205 5249 solum
3229 5211 3335 5249 non
3361 5208 3487 5262 pec-

1923 5279 2107 5338 candi,
2136 5280 2230 5334 sed
2264 5281 2535 5336 liberandi
2564 5297 2596 5336 a
2642 5285 2906 5351 peccatis,
2961 5286 3140 5354 qualis
3160 5287 3265 5340 erit
3286 5294 3485 5339 natura

1920 5366 2026 5420 nisi
2054 5367 2239 5421 Deus?
2279 5368 2393 5423 Hoc
2433 5370 2579 5424 enim
2605 5371 2777 5427 Judaei
2800 5380 3193 5443 cognoverunt,
3218 5372 3486 5437 dicentes,

1920 5459 2067 5527 quod
2117 5476 2136 5510 ι
2170 5459 2343 5514 Nemo
2366 5470 2546 5531 potest
2592 5466 2879 5519 remittere
2905 5472 3125 5532 peccata
3182 5461 3285 5516 nisi
3335 5462 3487 5517 solus

1919 5546 2066 5602 Deus
2101 5557 2168 5601 ⁸³»
2202 5557 2261 5603 ct
2291 5548 2450 5606 Jesus
2477 5563 2727 5618 vocatur,
2754 5553 2945 5621 utipse
2971 5552 3112 5605 Deus
3132 5564 3252 5605 esse
3279 5550 3485 5612 dicens:
