3852 6134
235 308 377 374 1Ῑ33

1184 304 1579 368 ADVERSUS
1618 303 2164 369 NESTORIA‘NOS.
2190 333 2256 346 --
2280 307 2427 369 LIB.
2466 309 2534 370 ν.

3360 320 3496 385 1734

230 416 331 469 καὶ
359 413 521 484 ὁμοίᾳ
555 411 811 481 κοινωνίᾳ
858 409 992 482 φησὶ
1024 409 1083 462 τὸ
1126 410 1307 479 λόγιον
1360 410 1796 478 κεκοινωνηκέναι

1923 418 2316 477 communione
2332 420 2772 493 dicitScriptura
2795 424 3118 497 participem
3149 442 3270 484 esse
3296 431 3493 493 tilium.

226 508 326 559 τὸν
364 505 508 570 Υίδν,
537 505 704 575 ἠγουν
749 502 982 573 αἵματος
1031 501 1128 554 καὶ
1180 502 1404 573 σαρκός·
1463 501 1525 555 06
1563 499 1669 572 μὴν
1724 503 1820 555 καὶ

226 599 326 651 τὸν
370 597 784 667 κοινωνήσαντα
841 592 1015 647 τοῖσδε
1045 595 1183 648 καθ’
1209 593 1360 664 ἡμᾶς
1384 633 1400 657 ,
1448 591 1634 662 ὅμοιον
1687 591 1819 661 ἡμῖν

224 692 400 761 φησιν
429 688 632 750 ἁπλῶςο
664 686 806 740 ὥστε
828 685 885 751 ἐξ
907 686 1094 756 ὁμοίου
1123 685 1216 740 καὶ
1243 683 1501 754 ἀνομοίου
1528 685 1656 753 ἡμῖν
1675 684 1820 735 ἐκεῖ-

224 798 322 846 νος
355 779 659 848 σύγκειται·
694 776 808 842 πῶς
837 776 929 831 οὖν
960 778 1121 848 μόνον
1169 776 1291 830 καθ’
1321 776 1468 845 ἡμᾶς
1521 775 1672 828 ἔσται
1718 773 1816 827 ἄν·

230 873 261 925 θ
268 889 451 944 ρωπος
483 888 500 938 ;

825 960 1070 1015 ΚΕΦΑΛ.
1101 958 1180 1014 Θ’.

302 1055 366 1107 Ei
394 1051 423 1106 6
456 1050 647 1123 Πατὴρ
681 1051 810 1106 ποτὲ
853 1052 954 1123 μὲν
982 1050 1077 1105 τοῦ
1110 1049 1245 1105 Θεοῦ
1281 1050 1455 1118 Λόγου
1493 1049 1656 1120 μόνου
1700 1048 1813 1101 Πα-

223 1146 357 1217 τὴρ,
388 1143 519 1197 ποτὲ
546 1143 603 1196 6s
638 1145 726 1196 καὶ
746 1143 932 1213 Πατὴρ
951 1143 1048 1196 καὶ
1070 1142 1226 1204 Θεὸς,
1253 1142 1286 1214 ἢ
1310 1140 1419 1212 ἄρα
1442 1140 1521 1204 είς
1544 1139 1606 1191 τὸ
1630 1136 1813 1207 μεῖζον

226 1235 539 1308 προέκοψεν
564 1236 592 1287 6
630 1235 843 1306 Πατὴρ,
874 1235 907 1305 ἢ
942 1235 1026 1299 εις
1079 1233 1141 1289 τὸ
1172 1234 1393 1287 ἔλαττον
1443 1230 1811 1300 κατεόιὸάσθη

223 1331 255 1380 6
276 1324 427 1389 Υἱός.
482 1322 642 1378 una
673 1325 859 1395 Πατὴρ
910 1324 1010 1395 μὲν
1055 1322 1151 1378 τοῦ
1181 1324 1411 1393 ἀοράτου
1466 1323 1642 1389 Λόγου
1702 1320 1809 1387 ἀεὶ,

224 1419 362 1482 Θεὸς
412 1417 468 1470 δὲ
523 1417 693 1487 μόνης
739 1415 838 1486 τῆς
886 1414 1169 1488 ὁρωμένης
1219 1415 1424 1484 σαρκὸς
1482 1412 1578 1466 τοῦ
1636 1412 1809 1480 Λόγου

225 1509 393 1562 εστίν.

852 1596 1101 1651 ΚΕΦΑΛ.
1129 1597 1185 1650 ιο.

297 1689 361 1746 Ei
393 1689 528 1760 ὁμοῦ
559 1687 693 1753 Θεὸς
738 1690 834 1743 καὶ
867 1688 1152 1759 ἄνθρωπος
1199 1689 1226 1741 6
1279 1687 1544 1757 Χριστὸς,
1586 1685 1681 1737 καὶ
1707 1682 1808 1736 οὐκ

1920 508 2131 564 scilicet
2160 512 2344 567 carnis
2379 521 2435 567 et
2459 514 2763 583 sanguinis,
2806 530 2921 570 non
2952 533 3084 572 vero
3111 520 3206 590 qui
3239 536 3482 581 commu-
3540 515 3544 518 ’

1920 599 2106 655 nicant
2141 600 2209 657 de
2243 603 2332 658 his
2367 602 2514 659 inter
2567 619 2669 660 nos
2701 606 2836 662 dicit
2880 610 3207 679 simpliciter
3253 615 3495 674 similtm

1918 692 2099 757 nobis,
2126 694 2200 749 ita
2226 703 2286 749 ut
2315 696 2405 750 ille
2433 697 2699 752 consistat
2730 714 2797 755 ex
2835 701 2999 757 simili
3029 714 3085 759 et
3108 705 3363 765 dissimili
3393 728 3494 768 no-

1918 776 2050 839 bis:
2103 782 2385 850 quomodo
2436 800 2568 856 ergo
2624 784 2970 847 solummodo
3025 796 3172 852 inter
3227 815 3329 857 nos
3385 804 3499 859 erit

1918 869 2086 926 homo
2102 872 2127 926 7

2559 963 2712 1021 CAP.
2753 967 2846 1024 IX.

1985 1048 2041 1106 Si
2088 1050 2252 1107 Pater
2285 1053 2584 1124 aliquando
2615 1057 2719 1112 fuit
2757 1060 2916 1116 Pater
2950 1063 3045 1121 Dei
3102 1065 3265 1126 Verbi
3292 1072 3491 1136 solius,

1913 1139 2212 1210 aliquando
2243 1153 2427 1200 autem
2462 1158 2519 1201 et
2572 1147 2733 1204 Pater
2758 1160 2815 1206 et
2846 1152 3170 1221 Deus,sane
3207 1162 3259 1215 in
3292 1165 3494 1222 melius

1911 1235 2184 1301 processit
2238 1234 2418 1301 Pater,
2459 1246 2513 1293 et
2534 1239 2589 1294 in
2651 1242 2807 1313 pejus
2847 1244 3135 1305 descendit
3177 1253 3341 1307 Illius.
3381 1255 3489 1312 Sed

1912 1318 2075 1375 Pater
2107 1331 2195 1376 est
2236 1338 2456 1395 semper
2486 1327 2784 1387 invisibilis
2810 1334 2976 1390 Verbi
3002 1355 3016 1404 ;
3048 1338 3194 1395 Deus
3235 1359 3366 1399 vero
3393 1361 3487 1401 so—

1910 1408 2022 1463 lius
2047 1410 2286 1466 visibilis
2317 1417 2504 1471 carnis
2539 1418 2723 1476 Verbi.

1981 1673 2038 1729 Si
2058 1675 2221 1732 simul
2246 1678 2392 1735 Deus
2412 1690 2468 1736 et
2492 1592 2960 1757 hofnipmixristus,
2996 1703 3054 1749 et
3084 1709 3194 1751 non
3225 1706 3313 1755 est
3337 1699 3483 1759 Deus

219 1781 375 1834 εστιν
395 1753 579 1842 ό-Θεδς
604 1779 739 1843 Θεδς
769 1777 864 1833 τοῦ
889 1753 1178 1848 ἀνθρώπου
1204 1816 1220 1841 ,
1248 1753 1409 1845 δῆλον
1429 1775 1512 1828 ὅτι
1540 1775 1640 1827 οὐκ
1664 1773 1799 1826 εἰσὶν

1904 1762 2145 1821 hominis
2169 1766 2336 1835 Deus,
2369 1771 2599 1830 evidens
2629 1785 2715 1832 est
2744 1781 2891 1847 quod
2934 1753 3043 1838 non
3104 1785 3217 1841 sint
3246 1789 3392 1845 inter
3420 1807 3482 1847 se

222 1871 475 1943 ἀλλήλοις
497 1872 635 1940 ὅπερ
672 1869 941 1938 λέγονται’
977 1867 1225 1921 τουτέστι
1257 1865 1380 1919 οὔτε
1432 1865 1566 1928 Θεὸς
1597 1864 1675 1935 τῷ
1705 1866 1803 1919 ἀν·

221 1963 429 2033 θρὼπῳ
457 1966 485 2018 6
522 1965 676 2028 Θεὸς,
705 1961 830 2016 οὔτε
875 1959 1162 2030 ἄνθρωπος
1186 1959 1266 2029 τῷ
1288 1958 1405 2029 Θεῷ
1432 1961 1460 2012 6
1492 1957 1800 2030 ἄνθρωπος.

232 2048 379 2103 Ἀλλ’
409 2051 464 2103 αἱ
499 2048 598 2119 μὲν
622 2051 682 2102 ἐν
711 2048 900 2119 Κυρίῳ
939 2048 1149 2117 φύσεις,
1184 2045 1358 2110 οὕτως
1418 2047 1602 2118 ἔχουσι
1664 2047 1804 2117 πρὸς

214 2139 457 2211 ἀλλήλας
485 2139 988 2209 ἁντεξεταζόμεναιο
1046 2138 1250 2192 τούτων
1287 2138 1398 2208 γὰρ
1428 2140 1460 2209 ή
1502 2138 1601 2210 μὲν
1639 2138 1805 2192 ἰθέως

217 2248 281 2286 σε
327 2229 568 2301 δηλονότι
592 2231 668 2294 ὡς
691 2230 830 2295 θεία,
867 2231 900 2301 ὴ
928 2230 985 2283 δὲ
1011 2229 1219 2299 ὲθεώθη
1252 2229 1696 2299 ὡμολογημέναις
1723 2228 1801 2292 ὡς

220 2321 303 2391 μὴ
338 2320 497 2390 φύσει
539 2319 660 2393 θείᾳ
713 2320 902 2373 πάλαι·
953 2320 1188 2390 Χριστὸς
1240 2319 1297 2373 δὲ
1350 2320 1534 2386 αὐτὸς,
1569 2316 1800 2392 ἧγουνή

217 2412 453 2483 ξυνωρὶς
485 2411 589 2480 τῆς
615 2412 869 2483 θεότητος
893 2412 989 2463 καὶ
1007 2410 1447 2483 ἀνθρωπότητος,
1465 2409 1588 2464 οὔτε
1611 2409 1801 2473 ἁπλῶς

213 2501 350 2565 Θεις
408 2499 700 2572 ἀνθρώπου
750 2501 846 2554 καὶ
906 2501 1027 2554 ὅλου
1083 2499 1302 2565 ἑαυτοῦ,
1335 2498 1461 2553 οὔτε
1515 2499 1805 2572 ἄνθρωπος

212 2589 351 2643 Θεοῦ
368 2593 462 2644 καὶ
491 2590 687 2643 ἑαυτοῦ
722 2590 870 2644 κατὰ
900 2591 999 2660 τὴν
1029 2590 1348 2644 ὑπόστασιν
1373 2590 1495 2642 ἀλλ’
1515 2588 1633 2659 ἅμα
1658 2589 1804 2653 Θεός

213 2694 275 2733 ει
312 2680 406 2732 καὶ
443 2677 728 2749 ἄνθρωπος
755 2681 784 2732 6
812 2679 993 2743 αὑτός·
1051 2681 1189 2750 πρός
1241 2694 1302 2731 ει
1357 2678 1492 2732 Θεδν
1519 2674 1801 2749 διαφέρων

212 2773 281 2841 τῇ
309 2768 592 2825 ιπενδύσει
623 2768 718 2823 τοῦ
757 2770 1119 2840 ἀνθρωπίνου,
1163 2772 1256 2827 καὶ
1315 2770 1451 2841 πρὸς
1483 2768 1805 2841 ἀνθρώπους

210 2859 431 2917 διοίσων
452 2862 521 2932 τῇ
558 2860 831 2933 ινοικήσει
879 2861 975 2915 τοῦ
1020 2861 1198 2915 Θείου.

781 2975 1036 3031 ΚΕΦΔΛ.
1065 2977 1169 3032 IA'.

285 3065 613 3135 Λειτουργδν
661 3063 770 3118 τῶν
822 3064 994 3132 ἁγίων
1031 3066 1121 3117 τὸν
1175 3066 1411 3135 Χριστὸν
1470 3066 1731 3136 ὀνομάζει
1766 3069 1870 3154 hc

216 3154 346 3223 ἁγία
374 3148 587 3225 Γραφήο
621 3154 717 3207 καὶ
752 3154 859 3216 πᾶς
889 3154 1222 3224 λειτουργὸς,
1251 3154 1344 3207 τοῦ
1369 3154 1504 3209 Θεοῦ
1534 3156 1799 3228 δηλονότι,

214 3245 294 3313 τῷ
325 3244 445 3314 Θεῷ
488 3242 653 3297 αὐτοῦ
681 3243 1009 3314 λειτουργεί·
1043 3245 1136 3297 καὶ
1164 3245 1214 3297 εί
1242 3244 1309 3298 τὰ
1334 3245 1427 3297 τοῦ
1467 3246 1635 3316 νόμου
1671 3248 1800 3302 σκιά

213 3328 282 3406 ἦν
311 3333 422 3387 τῶν
448 3331 506 3386 ὲν
536 3334 602 3404 τῇ
635 3332 841 3404 χάριτι,
869 3333 928 3385 ὲν
974 3332 1031 3386 δὲ
1080 3335 1146 3404 τῇ
1190 3334 1320 3405 σκιᾷ
1356 3331 1507 3406 εἶχεν
1537 3336 1566 3388 6
1634 3337 1800 3406 νόμος

215 3424 544 3495 λειτουργὸν,
565 3423 723 3493 δῆλον
750 3422 832 3476 ὅτι
867 3420 961 3476 καὶ
999 3424 1056 3475 ὲν
1081 3426 1148 3495 τῇ
1187 3424 1370 3495 χάριτι
1396 3424 1510 3494 ἔχει
1556 3425 1801 3497 λειτουρ-

216 3519 332 3585 γόν.
377 3512 535 3570 Ἐπεὶ
570 3514 663 3568 οῦν
701 3514 798 3579 καὶ
827 3513 976 3585 θῦμα.
1016 3508 1158 3584 εἶχεν
1192 3515 1225 3586 ή
1260 3515 1407 3581 σκιὰ,
1435 3516 1531 3570 καὶ
1559 3515 1804 3589 λειτουρ-

211 3604 314 3675 γοῦ
370 3602 678 3676 όντοςηεοῦ
728 3603 966 3677 Χριστοῦ
1019 3605 1094 3670 ὡς
1124 3605 1411 3677 ἀνθρώπου
1469 3606 1592 3662 καθ’
1632 3608 1798 3679 ὑμᾶς,

216 3700 318 3754 ποῦ
345 3697 616 3773 ζητοῦμεν
672 3699 766 3752 καὶ
794 3697 857 3752 τὸ
879 3697 1025 3768 θῦμα.
1052 3696 1154 3767 τῆς
1205 3700 1366 3763 σκιᾶς
1399 3714 1416 3766 ;
1449 3699 1498 3752 εἰ
1527 3703 1797 3772 νοήσομεν

210 3791 309 3846 06v
333 3790 396 3843 τὸ
427 3787 783 3843 ἀποστολικδν
820 3786 904 3841 ὅτι
928 3784 1018 3839 διὰ
1068 3787 1385 3857 Πνεύματος
1415 3788 1570 3856 ἁγίου
1602 3788 1796 3844 ἑαυτὸν

214 3884 443 3952 ἄμωμον
465 3880 805 3951 προσήνεγκε
836 3877 917 3949 τῷ
936 3877 1077 3948 Θεῷ,
1123 3878 1445 3956 γνωσόμεθα
1491 3878 1566 3942 ὡς
1589 3882 1617 3933 6
1634 3880 1795 3944 αὑτός

214 3989 274 4027 τε
304 3972 401 4025 καὶ
453 3968 696 4039 δφὰπαξ·
720 3967 783 4023 06
820 3969 930 4040 γὰρ
959 3968 1052 4021 καὶ
1084 3967 1362 4032 πολλάκις,
1392 3969 1484 4021 καὶ
1500 3962 1581 4032 εἷς
1610 3971 1703 4022 καὶ
1730 3969 1791 4024 οὐ

215 4060 434 4125 πλείους
491 4056 786 4133 ίερατεῠων
829 4054 946 4111 ἐστὶ
972 4097 987 4121 ,
1021 4056 1336 4128 λειτουργός
1380 4071 1441 4111 τε
1491 4057 1648 4125 Θεοῦ,
1698 4059 1791 4113 καὶ

213 4152 360 4225 θῦμα
396 4149 518 4223 Θεῷ
570 4150 772 4221 ὁμοίως
797 4164 857 4204 τε
904 4143 1003 4201 καὶ
1027 4146 1160 4211 Θεὸς
1209 4146 1711 4221 λειτουργούμενοςο
1737 4150 1790 4203 εί

211 4248 323 4320 γὰρ
363 4244 452 4302 διὰ
506 4244 827 4316 Πνεύματος
881 4243 1040 4313 ἁγίου
1106 4243 1545 4316 προσφερόμενος
1593 4245 1788 4297 ἑαυτὸν

212 4340 596 4411 προσενεγκεῖν
649 4339 867 4407 λέγεται
887 4376 905 4402 ,
935 4335 1031 4390 καὶ
1058 4335 1174 4389 066‘
1195 4334 1384 4406 ἐτέρου
1418 4336 1785 4407 προσενεχθῇ-

1902 1863 1962 1910 ιιι
1994 1855 2276 1915 dicuntur.
2323 1861 2382 1916 Id
2435 1873 2523 1919 est
2572 1867 2718 1923 Deus
2741 1886 2851 1925 non
2907 1884 2992 1929 est
3045 1876 3193 1932 Deus
3243 1882 3476 1949 homini,

1899 1961 2005 2000 nec
2029 1947 2196 2004 homo
2226 1950 2338 2007 Deo
2362 1953 2529 2009 homo
2554 1966 2767 2016 natura:
2805 1976 2925 2032 qua:
2971 1976 3100 2021 sunt
3128 1969 3182 2024 in
3220 1972 3474 2039 Domino,

1901 2038 1983 2093 sic
2010 2038 2156 2094 inter
2182 2056 2242 2097 se
2262 2057 2593 2114 pugnarent.
2628 2051 2773 2108 inter
2794 2071 2929 2125 qua»
2964 2059 3134 2116 Deum
3166 2061 3315 2128 facit,
3344 2038 3477 2123 sane

1902 2138 1965 2184 ut
1990 2131 2195 2199 divina,
2222 2148 2347 2204 qua:
2390 2137 2575 2195 divina
2605 2143 2747 2200 facta
2796 2156 2883 2202 est
2942 2150 3062 2207 sine
3104 2153 3274 2211 dubio
3318 2161 3476 2229 quasi

1901 2237 2011 2278 non
2041 2228 2372 2283 naturaliter
2406 2229 2595 2287 divina
2635 2249 2704 2289 ex
2737 2238 2987 2308 antiquo.
3024 2241 3278 2302 Christus
3331 2228 3474 2321 ipse,

1901 2311 1955 2367 id
1993 2322 2079 2369 est
2124 2316 2257 2371 unio
2290 2317 2598 2376 divinitatis
2631 2325 3124 2398 et‘humanitatis,
3185 2350 3289 2392 nec
3337 2311 3475 2394 sim;
3531 2378 3535 2382 -

1901 2402 2119 2471 pliciter
2147 2407 2291 2462 Deus
2313 2408 2554 2465 hominis
2574 2422 2629 2466 et
2683 2416 2770 2469 sui
2804 2419 2996 2485 totius,
3039 2437 3141 2478 nec
3185 2424 3354 2482 homo
3377 2427 3477 2485 Dei

1901 2500 1959 2547 et
1980 2496 2064 2549 sui
2091 2498 2395 2554 secundum
2428 2501 2776 2571 hypostasin,
2805 2506 2899 2564 sed
2931 2513 3092 2568 simul
3118 2514 3262 2573 Deus
3289 2529 3346 2574 et
3376 2519 3476 2577 ho—

1903 2595 1994 2636 mo
2021 2583 2137 2653 ipse
2164 2601 2195 2639 a
2233 2586 2345 2642 Deo
2373 2589 2639 2646 diﬂ'ercns
2666 2594 2948 2653 induendo
2972 2599 3391 2672 humanitatem,
3416 2622 3479 2668 et

1902 2673 2156 2731 homines
2187 2693 2461 2748 superans
2502 2684 2885 2754 participando
2917 2686 3217 2750 divinitati.

2550 2969 2702 3025 CAP.
2745 2972 2837 3028 XI.

1977 3051 2328 3107 Sacerdotem
2358 3064 2671 3112 sanctorum
2695 3059 2976 3118 Christum
3007 3077 3166 3122 vocat
3192 3069 3479 3143 Scriptura

1906 3158 2080 3207 sacra,
2131 3152 2189 3198 et
2238 3148 2420 3200 omnis
2451 3149 2728 3216 sacerdos,
2789 3151 2887 3207 Dei
2926 3163 3013 3210 est
3050 3159 3355 3229 evidenter,
3388 3180 3482 3222 sa-

1905 3233 2115 3290 criﬁcat
2163 3236 2273 3291 Deo
2331 3250 2454 3300 suo.
2486 3247 2543 3293 et
2593 3236 2640 3291 si
2670 3236 3045 3303 inetilutiones
3095 3250 3232 3322 legis
3283 3254 3478 3314 umbra

1901 3334 2060 3379 erant
2089 3325 2495 3382 institutionum
2523 3328 2661 3400 legis
2680 3333 2887 3401 gratiae,
2928 3336 2985 3391 in
3019 3339 3216 3395 umbra
3246 3343 3337 3399 lex
3375 3345 3477 3403 ha-

1902 3412 2025 3468 buit
2052 3414 2417 3481 sacerdotem,
2448 3417 2738 3473 evidenter
2761 3420 2817 3475 in
2842 3422 2961 3494 lege
2997 3428 3189 3495 gratia:
3216 3434 3479 3492 sacerdos

1899 3518 2022 3559 esse
2051 3505 2238 3561 debet.
2280 3505 2417 3563 Cum
2462 3523 2599 3563 vero
2634 3511 2965 3571 sacriﬁcium
2995 3512 3183 3570 habuit
3204 3521 3471 3589 umbram,

1900 3608 2026 3651 cum
2057 3595 2313 3653 Christus
2333 3606 2394 3653 ut
2426 3597 2593 3655 homo
2617 3602 2690 3657 sit
2737 3607 2999 3664 sacerdos
3029 3609 3174 3666 inter
3204 3630 3328 3682 nos,
3376 3619 3473 3675 ubi

1898 3702 2272 3758 quaereremus
2292 3689 2622 3747 sacriﬁcium
2652 3693 2883 3761 umbrae,
2913 3697 2960 3753 si
2982 3710 3306 3771 cooptamus
3323 3706 3473 3777 Apo-

1895 3780 2024 3836 stoli
2058 3780 2264 3836 dictum
2288 3781 2419 3852 quia
2447 3797 2548 3852 per
2577 3781 2848 3854 Spiritum
2910 3798 3162 3847 sanctum
3228 3796 3471 3867 seipsum

1894 3872 2149 3953 exhibuit
2192 3872 2738 3944 irreprehensibilem
2794 3877 2944 3944 Deo,
3017 3883 3263 3942 sciemus
3321 3888 3473 3959 quod

1893 3948 2013 4035 ipse
2042 3965 2234 4030 semel,
2249 3980 2361 4021 non
2376 3974 2565 4022 autem
2587 3968 2816 4038 pluries,
2850 3981 2908 4026 et
2932 3986 3079 4030 unus
3099 3985 3184 4031 est
3211 3948 3471 4037 sacerdos

1890 4061 1949 4109 et
1987 4070 2098 4111 non
2130 4056 2320 4125 plures
2360 4057 2683 4116 ministram
2725 4058 2861 4129 Deo,
2891 4070 2950 4120 et
2979 4065 3220 4124 victimae
3267 4072 3473 4129 similis

1889 4142 2025 4211 Deo,
2053 4155 2113 4201 et
2156 4145 2306 4202 Deus
2338 4148 2429 4203 cui
2466 4142 2733 4217 on‘ertur;
2787 4166 2915 4209 nam
2973 4155 3018 4210 si
3068 4171 3168 4227 per
3199 4158 3466 4230 Spiritum

1888 4246 2139 4293 sanctum
2176 4239 2380 4310 legitur
2420 4241 2664 4310 seipsum
2710 4242 2816 4300 sibi
2852 4245 2909 4299 in
2964 4248 3153 4305 cibum
3181 4249 3376 4321 fuisse,
3407 4268 3463 4310 et

1886 4342 1999 4385 non
2022 4329 2133 4385 alio
2168 4326 2354 4403 dirigi,
2408 4330 2638 4391 evidens
2670 4344 2755 4391 est
2800 4337 2948 4407 quod
2977 4340 3173 4397 eadem
3227 4354 3313 4399 est
3364 4362 3464 4402 na-

211 4445 317 4492 ναι,
360 4429 520 4499 δῆλον
548 4427 624 4493 ὥς
650 4428 748 4498 τῆς
788 4423 955 4479 αὑτοῦ
989 4423 1204 4494 φύσεώς
1236 4427 1353 4479 ἐστι
1381 4425 1443 4479 εδ
1475 4426 1699 4496 Πνεῦμα
1723 4426 1784 4480 τὸ

1903 4431 2013 4476 tura
2046 4421 2287 4492 Spiritus
2311 4426 2488 4480 sancti
2537 4427 2631 4497 qui
2682 4437 2768 4484 est
2794 4430 2962 4486 etiam
2996 4432 3158 4489 Deus.

210 4520 381 4587 ἅγιον,
415 4520 443 4572 ὂ
468 4520 586 4576 ἐστι
614 4519 711 4574 καὶ
740 4513 894 4581 Θεός.

805 4604 1051 4660 ΚΕΦΔΑ.
1084 4606 1185 4661 IB’.

280 4700 342 4758 Et
365 4703 465 4773 τῆς
522 4697 766 4768 κεφαλῆς
785 4698 846 4750 06
884 4693 1137 4763 δεσπόζει
1174 4698 1204 4750 6
1244 4693 1376 4761 Θεδς
1431 4698 1625 4765 Λόγος,
1672 4698 1782 4753 066‘

211 4796 318 4862 ἄρα
343 4793 465 4848 ὅλου
494 4791 590 4846 τοῦ
624 4790 876 4861 σώματος
934 4791 1204 4857 δεσπόζει’
1239 4791 1289 4844 ει
1314 4788 1371 4844 δὲ
1401 4791 1499 4861 τῆς
1543 4790 1778 4862 Ἐκκλη-

213 4883 331 4946 cia;
359 4880 563 4953 Κύριος
595 4884 623 4934 6
652 4880 784 4943 Θεὸς
812 4880 1007 4950 Λόγος,
1067 4882 1128 4945 ἒξ
1156 4883 1402 4952 ἀνάγκης
1435 4882 1528 4935 καὶ
1561 4882 1661 4952 τῆς
1688 4884 1782 4935 κεὲ-

212 4973 384 5044 φαλῆς
408 4974 509 5043 τῆς
557 4971 882 5043 Ἐκκλησίας
905 4973 1021 5025 ἐστὶ
1069 4971 1294 5044 Κύριος.
1328 4975 1388 5027 Ei
1428 4973 1568 5027 κατὰ
1621 4973 1782 5042 φύσιν

214 5062 384 5132 πάντη
435 5062 676 5131 ἰσότιμος
725 5059 825 5133 τὴν
873 5060 1026 5126 τάξιν
1078 5063 1173 5116 καὶ⁵
1196 5063 1533 5135 όμοταγὴςή
1573 5064 1785 5137 κεφαλὴ

168 5171 175 5179 ’
214 5151 345 5223 πρὸς
370 5152 431 5206 τὸ
456 5151 577 5207 ὅλον
633 5151 812 5223 σῶμα,
870 5153 980 5207 066'
1010 5155 1119 5224 ἄρα
1161 5155 1369 5226 κεφαλὴ
1420 5156 1589 5218 ὄντως
1635 5157 1785 5209 ἐστὶν

210 5244 329 5313 ἥτις
359 5242 433 5305 ὡς
458 5242 601 5315 ἀρχὴ
641 5244 736 5297 καὶ
756 5244 1101 5315 ἐπικείμενον
1129 5243 1293 5315 μέρος
1329 5244 1408 5315 τῷ
1440 5246 1787 5318 ὑποκειμένῳ

211 5332 375 5400 αὐτῆς
389 5333 495 5401 ὅλῳ
522 5333 733 5403 σώματι
764 5334 973 5387 νόεται·
1021 5335 1070 5386 εἰ
1095 5334 1152 5386 δὲ
1174 5334 1343 5398 ὅντως
1388 5336 1706 5406 ὑπέρκειται
1723 5353 1785 5390 τε

208 5423 370 5478 αὐτοῦ
394 5427 594 5495 φυσικῇ
622 5424 787 5488 θέσει,
824 5425 920 5478 καὶ
934 5425 992 5491 ἐξ
1019 5426 1184 5489 αὐτῆς
1206 5428 1314 5479 πᾶν
1333 5425 1393 5479 τὺ
1416 5427 1571 5496 σῶμα
1593 5445 1787 5499 συναρ-

216 5510 519 5583 μολογεῖται
547 5515 639 5568 καὶ
693 5513 1090 5585 συμϐιϐἀζεται
1115 5516 1208 5568 καὶ
1229 5517 1644 5587 ὲπιχορηγεῖτοιι
1684 5519 1782 5582 τὰς

214 5603 484 5672 δυνάμεις,
530 5604 689 5675 δῆλον
734 5604 810 5667 ὡς
860 5604 1074 5674 μεθέξει
1119 5606 1266 5670 τινος
1314 5610 1650 5681 ἡγεμονικῆς
1683 5612 1778 5666 τοῦ

217 5695 460 5766 σώματος
490 5694 703 5765 φύσεως
735 5696 883 5767 παρὰ
929 5695 1026 5770 τὴν
1064 5698 1541 5772 ήγεμονευομένην
1572 5701 1664 5756 ὑπ’
1686 5704 1781 5757 a6-

2516 4625 2667 4683 CAP.
2709 4630 2826 4686 XII.

1956 4707 2013 4763 Si
2039 4710 2205 4779 capiti
2253 4728 2364 4767 non
2396 4714 2631 4784 imperat
2665 4718 2812 4775 Deus
2860 4722 3130 4788 Verbum,
3177 4742 3279 4782 nec
3331 4744 3459 4786 sane

1887 4798 1989 4853 toti
2048 4802 2268 4871 corpori
2328 4805 2582 4875 imperat.
2642 4808 2700 4863 Si
2752 4813 3001 4870 ecclesia:
3058 4815 3323 4874 Dominus
3375 4831 3459 4878 cst

1883 4883 2032 4942 Deus
2083 4888 2345 4957 Verbum,
2393 4898 2710 4953 necessario
2738 4905 2908 4957 etiam
2956 4905 3459 4975 capitisEcelesiae

1884 4982 1968 5031 est
1998 4976 2285 5035 Dominus.
2322 4981 2377 5036 Si
2407 4986 2713 5041 secundum
2760 5000 3011 5047 naturam
3070 5012 3236 5053 omne
3294 5011 3458 5071 caput

1885 5073 1970 5121 est
2003 5068 2249 5138 ejusdem
2303 5072 2531 5136 valoris,
2564 5076 2871 5133 secundum
2910 5082 3164 5140 ordinem
3203 5068 3375 5159 caput
3399 5092 3458 5144 in

1883 5159 2076 5213 eodem
2104 5161 2298 5217 ordine
2328 5170 2413 5218 est
2438 5164 2505 5219 ad
2532 5175 2704 5221 totum
2735 5185 2960 5240 corpus,
2990 5191 3100 5230 non
3124 5194 3255 5233 vero
3294 5191 3458 5248 caput

1884 5265 2015 5304 vere
2046 5259 2132 5305 est
2173 5253 2321 5322 quod
2371 5264 2431 5308 ut
2478 5257 2808 5327 principium
2857 5272 2914 5318 et
2962 5266 3284 5336 principalis
3330 5281 3459 5333 pars

1883 5342 2152 5411 prospicit
2182 5352 2295 5398 toto
2320 5347 2541 5416 corpori
2565 5349 2670 5419 ipsi
2691 5352 2965 5423 subjecto.
2997 5354 3052 5412 Si
3085 5367 3269 5412 autem
3321 5374 3453 5415 vere

1884 5441 2139 5502 superest
2166 5435 2395 5507 physico
2430 5440 2709 5512 principio
2767 5447 2909 5517 ejus,
2954 5462 3021 5501 ex
3065 5448 3249 5517 capite
3288 5463 3453 5505 omne

1884 5538 2086 5594 corpus
2148 5526 2371 5597 adoptat
2403 5534 2899 5604 et,apprepinquat
2926 5544 2981 5589 ct
3009 5535 3161 5590 addit
3200 5537 3448 5610 virtutes,

1882 5614 2170 5669 evidenter
2199 5632 2328 5688 ergo
2359 5622 2632 5693 particeps
2677 5635 2761 5679 est
2811 5626 3044 5697 alicujus
3086 5638 3298 5685 naturae
3329 5647 3456 5687 cor-

1885 5703 2034 5775 poris
2086 5705 2368 5764 directivse
2422 5725 2590 5782 prope
2642 5712 2944 5783 subjectam
2977 5714 3045 5770 ab
3076 5717 3169 5773 illa
3214 5719 3448 5778 similem
