3858 6156
391 273 527 339 I735

1647 276 1955 336 LEONTII
1996 276 2397 337 BYZANTINI

3512 267 3645 329 1735

385 391 492 460 ipsi
521 401 777 449 naturam
812 392 982 449 totius
1017 395 1288 465 corporis.
1316 396 1474 466 cujus
1502 396 1546 450 si
1599 412 1705 450 non
1730 396 1801 450 sit
1822 412 1949 466 par-

2063 395 2148 463 τῆς
2178 393 2460 462 ὁμοούσιον
2494 392 2629 463 αὐτῇ
2658 391 2818 459 φύσιν
2857 389 3019 444 αὐτοῦ
3062 388 3157 442 τοῦ
3210 388 3340 441 67.06
3391 383 3645 456 σώματός

389 482 587 552 ticeps,
619 500 721 539 nec
751 494 835 539 est
864 496 1031 556 caput
1065 501 1191 540 cum
1232 502 1341 542 non
1386 488 1584 558 dirigat
1612 484 1820 556 r'cliqua
1843 487 1952 542 eir-

388 590 452 628 ea
479 575 663 641 illam;
693 576 737 629 si
774 591 906 631 vero
940 577 1220 647 particeps
1248 589 1334 634 est
1358 580 1478 649 ejus
1518 580 1612 648 qui
1665 589 1848 634 movet
1896 587 1952 635 et

385 666 495 736 agit
522 682 720 737 corpus
756 684 866 722 non
890 684 1019 723 vero
1055 670 1329 739 reliquum
1357 671 1763 741 dirigitur,‘sed
1796 673 1951 740 prin-

387 758 613 827 cipium.
640 758 814 830 Igitur
840 769 900 813 ut
924 760 1159 815 membri
1198 761 1372 817 nostri
1396 769 1452 816 et
1475 762 1660 816 carnis
1692 778 1806 816 suae
1843 762 1951 816 Do-

387 855 569 909 minus
598 865 682 911 est
706 857 960 922 verbum,
992 857 1248 927 quamvis
1276 856 1383 911 hoc
1411 864 1575 925 caput
1598 864 1847 909 nostrum
1872 852 1955 906 in-

386 943 683 1015 telligatur,
720 946 902 1002 adhuc
943 956 1002 1004 et
1033 947 1170 1003 illud
1212 964 1243 1002 a
1286 947 1456 1001 verbo
1484 945 1688 1001 dicitur
1721 944 1950 999 directa.

384 1032 503 1087 Non
527 1043 692 1108 caput
720 1035 928 1091 Christi
979 1037 1186 1091 dicitur
1231 1035 1399 1099 Deus,
1451 1050 1562 1089 non
1605 1048 1740 1088 vero
1786 1032 1956 1087 totius

384 1124 611 1190 Christi,
646 1143 772 1183 nam
805 1130 977 1185 totius
1007 1129 1157 1184 illius
1181 1128 1466 1198 proprium
1515 1133 1703 1195 caput,
1755 1123 1811 1179 id
1867 1132 1955 1178 est

387 1218 652 1285 Verbum,
692 1227 750 1275 et
788 1221 907 1291 ipse
944 1237 1055 1277 non
1105 1220 1209 1277 sibi
1249 1220 1499 1291 imperat.
1550 1217 1608 1273 Si
1658 1232 1790 1272 vero
1813 1216 1957 1271 sicut

387 1308 529 1365 dicis
566 1312 713 1380 quod
761 1312 999 1382 imperat
1030 1311 1262 1382 reliquo,
1297 1312 1528 1381 imperat
1579 1308 1778 1378 capiti,
1829 1321 1955 1361 cum

387 1398 598 1454 Christi
625 1411 792 1470 caput
817 1402 962 1456 Deus
986 1417 1109 1456 esse
1134 1402 1370 1464 dicatur,
1396 1400 1563 1470 igitur
1582 1399 1697 1454 Deo
1723 1397 1958 1467 imperat

389 1488 555 1553 Deus,
607 1502 733 1543 nam
792 1491 1010 1561 corpori
1063 1490 1314 1561 subjecto
1358 1490 1495 1553 Deo,
1528 1488 1582 1542 id
1629 1496 1714 1541 est
1735 1486 1956 1542 Christo

389 1579 514 1644 toti,
547 1585 607 1634 ut
635 1579 842 1645 dicitis,
869 1590 927 1635 et
954 1590 1120 1652 caput
1147 1580 1489 1652 ipsius,idest
1511 1580 1703 1643 Deum,
1739 1585 1957 1648 Oportet

389 1668 665 1741 subjicere
687 1670 801 1726 Deo
834 1670 975 1742 ipso.

1012 1943 1163 1999 CAP.
1205 1943 1343 1998 XIII.

462 2029 519 2086 Si
548 2031 689 2086 Deus
706 2031 948 2109 Verbum
971 2048 1081 2086 non
1101 2042 1181 2086 est
1207 2034 1348 2086 Deus
1373 2039 1427 2085 et
1449 2030 1712 2086 Dominus
1730 2031 1955 2095 Christi,

389 2126 619 2181 evidens
632 2136 712 2181 est
733 2126 879 2197 quod
897 2142 1005 2181 non
1019 2135 1104 2181 est
1117 2125 1379 2195 templum
1393 2125 1486 2179 Dei
1499 2124 1955 2181 VerbiChristus.

391 2215 447 2270 Si
481 2231 615 2271 vero
651 2217 914 2287 templum
950 2218 1047 2272 Dei
1077 2218 1232 2272 verbi
1281 2224 1369 2272 est
1409 2216 1590 2282 Iesus,
1645 2218 1958 2273 necessario

391 2307 539 2361 Deus
566 2308 689 2378 ejus
722 2316 777 2362 et
803 2308 1070 2364 Dominus
1092 2318 1179 2364 est
1204 2309 1349 2363 Deus
1378 2307 1641 2363 Verbum.
1672 2308 1813 2363 Caro
1843 2309 1958 2362 sola

390 2394 768 2450 habitaculum
801 2395 989 2461 Verbi,
1022 2412 1150 2451 nam
1198 2397 1449 2454 Christus
1490 2398 1754 2467 templum
1777 2397 1983 2473 estsi-_

391 2486 502 2541 mul
525 2495 580 2540 et
598 2487 742 2542 Deus
751 2487 1005 2542 habitans
1016 2488 1067 2543 in
1086 2489 1289 2558 templo
1307 2506 1323 2555 ;
1341 2505 1468 2544 nam
1484 2505 1593 2544 non
1607 2490 1721 2545 sola
1746 2492 1955 2556 unctio,

391 2591 494 2629 nec
526 2587 725 2632 unctus
782 2592 911 2633 vere
952 2578 1234 2639 Christus,
1274 2581 1370 2635 sed
1406 2582 1593 2636 unctio
1637 2591 1954 2651 etlungens,

391 2672 511 2720 erat
529 2680 662 2720 vero
696 2682 910 2738 angens
959 2669 1274 2725 humanitas
1319 2673 1558 2736 Domini,
1603 2673 1791 2726 unctio
1825 2687 1957 2727 vero

390 2772 503 2811 non
539 2773 670 2813 sane
697 2768 781 2813 est
802 2760 1010 2829 aliquid
1044 2762 1306 2816 sensibile
1341 2763 1583 2833 proprie,
1617 2764 1711 2817 sed
1755 2764 1958 2818 divini-

390 2850 520 2903 tatis
558 2852 698 2921 ejus.
749 2850 896 2906 Deus
925 2851 1093 2921 igitur
1120 2861 1175 2906 et
1213 2853 1377 2909 homo
1405 2854 1549 2908 idem
1577 2854 1847 2910 Christus.

1018 3034 1167 3091 CAP.
1204 3036 1342 3091 XIV.

416 3188 421 3191 _
462 3122 520 3180 Si
570 3124 754 3181 omnia
794 3141 895 3196 per
952 3128 1191 3182 Verbum
1247 3145 1356 3184 non
1396 3130 1571 3184 solum
1623 3129 1763 3185 facta
1796 3138 1946 3196 sunt,

390 3213 485 3267 sed
550 3213 709 3281 ﬁunt,
762 3218 992 3272 evidens
1018 3219 1273 3288 estquod
1308 3220 1468 3275 Jesus
1488 3229 1542 3275 et
1590 3221 1857 3275 Dominus
1901 3228 1957 3274 et

387 3303 641 3361 Christus
658 3323 757 3376 per
776 3308 945 3363 Deum
968 3310 1210 3365 Verbum
1228 3311 1466 3368 eﬂ‘ectus
1485 3322 1591 3377 est,
1622 3322 1678 3367 et
1705 3313 1952 3368 omnium

388 3408 512 3463 qua:
550 3411 651 3465 per
675 3396 916 3466 scipsum
946 3398 1077 3478 facit
1130 3401 1277 3456 Deus
1310 3411 1366 3456 et
1396 3402 1659 3458 Dominus
1698 3412 1783 3458 est
1821 3405 1956 3459 Ver-

391 3485 543 3540 hum.
579 3486 636 3541 Si
687 3487 855 3559 igitur
908 3491 1177 3547 Dominus
1206 3491 1952 3558 ethristus,sieutdicitur,

387 3575 565 3632 factus
585 3587 670 3633 est
690 3597 720 3634 a
738 3582 871 3645 Deo,
894 3582 1075 3649 Iesus,
1096 3584 1373 3653 quomodo
1394 3584 1577 3640 adhuc
1591 3602 1621 3639 a
1644 3585 1757 3640 Deo
1774 3584 1953 3639 domi—

386 3672 594 3723 natur?
620 3671 739 3727 Non
758 3674 903 3728 enim
941 3676 1210 3731 catholico
1256 3676 1420 3746 potiri
1459 3676 1608 3731 omni
1647 3676 1955 3731 substantia

386 3760 454 3813 ad
495 3771 747 3817 naturam
795 3779 953 3819 suam
1005 3774 1293 3837 spectante
1321 3806 1336 3832 ,
1380 3766 1604 3821 videtur
1647 3766 1956 3838 signiﬁcare

385 3854 534 3908 aliud
586 3855 731 3910 sicut
787 3858 1149 3929 intelligimus
1203 3860 1429 3930 pmprie
1467 3860 1535 3915 de
1573 3861 1809 3914 Domino
1853 3861 1958 3915 Do-

385 3944 544 4008 mini,
601 3944 669 3997 ad
725 3963 890 4015 quem
955 3948 1199 4013 dicitur,
1249 3948 1398 4018 quod
1452 3949 1638 4003 omnia
1700 3948 1778 4003 illi
1845 3948 1960 4003 sint

383 4029 669 4101 subjecta;
704 4036 749 4088 si
794 4050 925 4089 vero
978 4036 1107 4106 quia
1163 4035 1495 4105 quibusdam
1547 4035 1791 4106 potitur,
1845 4051 1957 4090 non

383 4117 552 4189 igitur
584 4122 841 4181 omnibus
876 4126 1021 4181 circa
1076 4125 1254 4195 ipsum
1295 4133 1355 4183 ut
1406 4126 1572 4192 Deus,
1604 4127 1708 4181 hoc
1749 4126 1956 4183 dicitur

384 4209 560 4279 ipsum
589 4210 791 4268 factum
817 4233 941 4271 esse
966 4226 1025 4272 et
1057 4218 1265 4276 Pilatus
1306 4229 1362 4276 et
1413 4218 1662 4276 Ilerodes
1698 4228 1845 4274 certe
1900 4224 1959 4272 ut

380 4316 446 4354 ex
475 4312 628 4371 parte
661 4305 793 4361 tales
824 4317 983 4362 erant
1022 4308 1259 4375 Domini,
1300 4320 1357 4365 et
1380 4308 1513 4364 facti
1570 4319 1698 4364 sunt
1730 4326 1760 4365 a
1797 4312 1911 4365 Deo
1938 4325 1954 4375 ;

2053 488 2219 539 ἐστιν’
2251 481 2318 556 ἧς
2362 487 2410 538 εἰ
2451 484 2525 554 μὴ
2559 486 2794 555 μετέχει,
2828 483 2937 537 οὐδ’
2972 483 3080 552 ἄρα
3113 479 3332 550 κεφαλή
3367 482 3541 535 ἐστιν.
3578 478 3651 538 ὡς

2057 577 2191 648 μηδὲ
2223 576 2566 646 ἡγεμονοῦσα
2621 575 2804 629 λοιπὸν
2851 575 2970 628 καθ’
3000 573 3194 643 αὑτήν*
3235 575 3288 624 εἰ
3314 571 3375 624 δὲ
3426 570 3652 640 μετέχει

2052 667 2147 721 τοῦ
2201 667 2476 729 κινοῦντος
2497 668 2592 721 καὶ
2617 668 2841 736 ἄγοντος
2886 666 2947 718 τὸ
3002 665 3189 734 σῶμα,
3222 662 3334 715 οὐδ’
3366 662 3481 730 ἄρα
3535 661 3649 713 1o:—

2057 758 2155 811 πὸν
2192 757 2839 829 ήγεμονευόμενον,ἀλλὰ
2867 756 3031 827 ἄρχον
3080 755 3254 807 ἐστίν·
3310 752 3521 806 οὐκοῦν
3582 753 3654 814 ὡς

2057 849 2251 920 μέλους
2284 850 2380 918 μὲν
2409 848 2565 921 ἡμῶν
2603 846 2770 918 οὔσης
2800 849 3014 917 καὶτῆς
3058 847 3269 919 σαρκὸς
3300 846 3503 900 ἑαυτοῦ
3538 845 3653 897 Κύ-

2057 957 2170 1012 ριος
2203 943 2231 994 6
2276 940 2479 1007 Λόγος,
2533 940 2580 991 εί
2630 941 2724 993 καὶ
2773 942 2976 1010 ταύτης
3026 942 3125 1010 τῆς
3190 938 3442 1008 κεφαλῆς
3494 937 3655 1006 ἡμῶν

2056 1030 2370 1101 νοουμένης,
2401 1032 2492 1082 ἐπὶ
2518 1032 2611 1083 καὶ
2637 1030 2777 1101 αὑτὴ
2837 1030 2929 1085 ὑπ’
2951 1030 3116 1086 αὐτοῦ
3155 1030 3405 1098 λέγεταιο
3436 1028 3655 1097 κεφαλὴ

2032 1122 2165 1194 γὰρ
2212 1124 2307 1177 καὶ
2341 1122 2581 1194 Χριστοῦ
2637 1125 2665 1176 6
2689 1123 2823 1188 Θεὸς
2874 1124 3112 1194 εἴρηταιο
3145 1124 3208 1176 ού
3238 1123 3348 1192 μὴν
3377 1123 3476 1174 καὶ
3527 1122 3653 1174 ὅλου

2057 1213 2315 1284 Χριστοῦ·
2344 1213 2436 1267 τοῦ
2476 1213 2584 1286 γὰρ
2611 1214 2734 1268 ὅλου
2760 1215 2853 1267 καὶ
2891 1216 2924 1283 ἡ
2955 1213 3165 1284 κεφαλὴ
3207 1214 3376 1283 αὑτὴ,
3418 1214 3596 1282 ἤγουν
3624 1215 3653 1264 ὁ

2057 1302 2251 1371 Λόγος·
2295 1303 2389 1357 καὶ
2438 1303 2599 1366 αὐτὸς
2659 1302 2856 1356 ἑαυτοῦ
2902 1306 2962 1356 o6
2997 1302 3270 1365 δεσπόζει·
3303 1303 3353 1356 εί
3389 1302 3449 1355 δὲ
3510 1302 3652 1355 καθὰ

2059 1391 2164 1462 φὴς
2191 1393 2252 1446 τὸ
2276 1392 2535 1457 δεσπόζον
2583 1393 2678 1447 τοῦ
2708 1392 2923 1456 λοιποῦ,
2975 1393 3071 1447 καὶ
3116 1396 3213 1463 τῆς
3254 1392 3519 1461 κεφαλῆς
3540 1392 3653 1476 ,δε-

2061 1484 2270 1551 σπόζει,
2313 1485 2437 1539 ἐπεὶ
2471 1485 2707 1557 Χριστοῦ
2743 1486 2954 1554 κεφαλὴ
2982 1487 3009 1538 6
3040 1484 3173 1548 Θεὸς
3213 1482 3357 1538 εἶναι
3406 1485 3652 1556 ἐρρήθη,

2058 1572 2166 1644 ἄρα
2194 1576 2410 1631 καὶτοῦ
2444 1576 2579 1631 Θεοῦ
2627 1577 2877 1644 δεσπόξει
2918 1580 2948 1631 6
2981 1577 3133 1641 Θεός·
3168 1577 3265 1630 τοῦ
3292 1577 3408 1646 γὰρ
3452 1576 3654 1647 σῶμα·

2057 1680 2151 1728 τος
2178 1667 2617 1739 ὑποτεταγμένου
2657 1668 2734 1739 τῷ
2754 1667 2875 1739 Θεῷ
2908 1669 3075 1740 ἤγουν
3109 1668 3351 1740 Χριστοῦ
3381 1669 3539 1735 ὅλου,
3578 1669 3656 1732 ὡς

1992 1744 2033 1799 Β
2065 1778 2228 1831 φατε,
2264 1762 2361 1816 καὶ
2390 1761 2489 1831 τὴν
2534 1760 2776 1831 κεφαλὴν
2807 1759 2995 1825 αὑτοῦ,
3024 1761 3191 1833 ἤγουν
3219 1760 3316 1814 τὸν
3347 1760 3512 1826 Θεὸν,
3573 1761 3661 1816 δεῖ

2063 1851 2380 1908 ὑποκεῖσθαι
2404 1851 2484 1923 τῷ
2527 1852 2677 1922 αύτῷ
2704 1852 2846 1922 Θεῷ.

2686 1942 2942 1997 ΚΕΦΔΛ.
2964 1942 3064 1995 11".

2139 2035 2200 2088 Ei
2232 2035 2304 2105 μὴ
2330 2035 2457 2095 Θεὸς
2475 2034 2569 2087 καὶ
2590 2033 2857 2102 δεσπότης
2874 2033 2970 2085 τοῦ
2991 2029 3227 2102 Χριστοῦ
3249 2034 3277 2085 6
3292 2031 3427 2095 Θεὸς
3449 2032 3657 2101 Λόγος,

2061 2126 2219 2197 δῆλον
2243 2128 2327 2180 ὅτι
2376 2126 2498 2179 οὐδὲ
2524 2125 2652 2189 ναὸς
2685 2125 2780 2178 τοῦ
2806 2123 2945 2178 Θεοῦ
2972 2125 3146 2188 Λόγου
3174 2125 3204 2177 6
3226 2123 3488 2192 Χριστός
3519 2124 3575 2176 εί
3602 2124 3660 2177 δὲ

2059 2221 2186 2282 ναὸς
2237 2219 2331 2271 τοῦ
2378 2217 2515 2271 Θεοῦ
2563 2218 2739 2285 Λόγου
2775 2212 2861 2288 ᾖό
2904 2215 3131 2285 Ἰησοῦς,
3157 2215 3216 2281 ἐξ
3260 2215 3518 2285 ἀνάγκης
3556 2215 3657 2269 καὶ

2058 2311 2189 2374 Θεὸς
2210 2309 2373 2364 αὐτοῦ
2405 2310 2498 2363 καὶ
2551 2308 2813 2379 δεσπότης
2840 2309 2869 2361 6
2898 2307 3029 2370 Θεὸς
3054 2307 3244 2375 Λόγος.
3274 2305 3341 2359 Ἡ
3370 2306 3520 2376 σὰρξ
3554 2310 3657 2374 μό.

2059 2415 2125 2466 νη
2159 2398 2283 2462 ναὸς
2340 2396 2433 2450 τοῦ
2473 2395 2668 2464 Λόγου·
2719 2399 2748 2451 6
2780 2395 2888 2468 γὰρ
2935 2396 3170 2468 Χριστὸς
3210 2396 3334 2459 ναὸς
3370 2396 3494 2466 ἅμα
3558 2398 3654 2450 καὶ

2059 2487 2191 2550 Θεὸς
2215 2486 2437 2540 ὲνοικῶν
2463 2486 2541 2557 τῷ
2577 2486 2692 2556 ναῷ
2719 2489 2886 2543 ἐστιν·
2915 2486 3037 2539 οὔτε
3070 2488 3180 2555 γὰρ
3219 2488 3433 2558 χρίσμα
3465 2488 3650 2557 μόνον,

2057 2577 2183 2632 οὔτε
2232 2577 2661 2649 χρισθησόμενον
2711 2579 2740 2630 6
2776 2577 3012 2648 Χριστὸς
3071 2577 3312 2648 ἀληθῶς,
3352 2578 3496 2631 ἀλλὰ
3527 2582 3653 2649 χρὶσ

2062 2686 2174 2741 σμα
2232 2670 2326 2722 καὶ
2371 2671 2400 2723 6
2437 2668 2721 2740 χρισθείς·
2757 2664 2825 2740 ἦν
2845 2668 2901 2725 δὲ
2957 2668 3018 2722 τὸ
3050 2670 3148 2739 μὲν
3180 2669 3401 2740 χρισθὲν
3437 2670 3501 2723 τὸ
3537 2674 3650 2725 ἀνα

2061 2759 2330 2830 θρώπινον
2358 2760 2451 2813 τοῦ
2499 2760 2726 2831 Κυρίου·
2762 2761 2822 2813 τὸ
2852 2761 2909 2815 δὲ
2963 2760 3194 2832 χρίσμα.
3239 2762 3341 2815 οὐκ
3385 2761 3651 2831 αἰσθητὸν

2057 2851 2254 2922 δηλαδή
2285 2869 2337 2905 τι
2370 2853 2527 2919 ὅλως,
2557 2852 2695 2908 ἀλλὰ
2721 2852 2781 2906 τὸ
2811 2853 2966 2909 Θειον
3011 2854 3197 2909 αὑτοῦ*
3246 2855 3382 2918 Θεὸς
3405 2855 3518 2927 ἄρα
3551 2857 3648 2909 καὶ

2060 2942 2343 3011 ἄνθρωπος
2371 2946 2398 2996 6
2435 2943 2595 3006 αὐτὸς
2630 2945 2884 3013 Χριστός.

2622 3036 2874 3090 ΚΕΦΑΛ.
2906 3033 3001 3090 ΙΔ’.

2134 3124 2195 3177 El
2228 3124 2402 3178 πάντα
2452 3126 2538 3180 διὰ
2566 3126 2659 3179 τοῦ
2721 3127 2895 3194 Λόγου
2929 3127 2988 3179 o6
3041 3128 3201 3196 μόνον
3234 3129 3484 3197 γέγονεν,
3511 3132 3647 3187 ἀλλὰ

2061 3217 2157 3272 καὶ
2205 3218 2448 3288 γίνεται,
2497 3218 2655 3289 δῆλον
2690 3220 2771 3272 ὅτι
2832 3220 2926 3272 καὶ
2953 3221 2982 3272 6
3026 3220 3238 3289 Ἰησοῦς
3290 3223 3389 3275 καὶ
3438 3223 3645 3293 Κύριος

2061 3312 2156 3364 καὶ
2184 3311 2416 3381 Χριστὸς
2442 3310 2531 3364 διὰ
2562 3310 2653 3363 τοῦ
2685 3310 2821 3364 Θεοῦ
2849 3311 3025 3378 Λόγου
3073 3312 3315 3380 ἐγένετο*
3343 3313 3559 3369 πάντων
3585 3316 3639 3369 66

2058 3402 2166 3457 τῶν
2199 3401 2266 3455 δι’
2292 3401 2474 3466 αὑτοῦ,
2505 3400 2637 3464 Θεὸς
2698 3402 2793 3455 καὶ
2823 3402 3102 3472 Δεσπότης
3130 3404 3160 3456 6
3208 3404 3406 3473 Λόγος.
3462 3407 3526 3459 Εἰ
3552 3402 3641 3460 οἷν

2057 3494 2123 3567 δὴ
2175 3494 2381 3565 Κύριος
2432 3496 2525 3547 καὶ
2570 3495 2845 3565 Χριστὸς,
2901 3494 3085 3557 καθὼς
3120 3497 3361 3568 εῐρηται,
3414 3500 3640 3570 ἐποιήθη

2060 3585 2164 3639 ὑπὸ
2187 3583 2278 3638 τοῦ
2307 3582 2466 3651 Θεοῦ,
2484 3586 2513 3637 6
2541 3583 2765 3654 Ἰησοῦς,
2791 3583 2906 3647 πῶς
2930 3583 3010 3637 ἔτι
3035 3585 3141 3638 ὑπὸ
3169 3587 3263 3640 τοῦ
3292 3586 3428 3641 Θεοῦ
3452 3588 3642 3642 δεσπό-

2061 3676 2215 3740 ζεται
2243 3676 2356 3742 ;O6
2380 3675 2488 3745 γὰρ
2516 3674 2816 3737 καθολικῶς
2844 3675 2902 3728 τὸ
2925 3676 3204 3745 κυριεύειν
3231 3676 3412 3749 πάσης
3426 3678 3524 3747 τῆς
3548 3695 3645 3731 πα-

2062 3765 2131 3838 ρὰ
2156 3766 2253 3835 τὴν
2279 3765 2439 3833 φύσιν
2487 3764 2652 3819 αὑτοῦ
2703 3765 2887 3827 οὐσίας
2916 3762 3053 3834 ἔχων
3072 3767 3272 3836 ὁρᾶται
3302 3766 3509 3831 λοιπὸν,
3535 3766 3642 3819 ὦσ-

2058 3874 2164 3929 περ
2193 3856 2417 3927 νοοῦμεν
2446 3857 2538 3909 ἐπὶ
2557 3855 2651 3909 τοῦ
2676 3855 2877 3925 κυρίως
2911 3856 3118 3926 Κυρίου
3157 3858 3296 3928 πρὸς
3316 3859 3375 3912 ὃν
3405 3857 3637 3930 εἴρηται,

2064 3948 2189 4000 Ὀτι
2221 3945 2290 3999 τὰ
2321 3946 2615 4018 σύμπαντα
2639 3944 2802 3998 δοῦλα
2815 3945 2902 3998 σά·
2930 3945 3052 3999 εἰδὲ
3074 3948 3160 3999 ὅτι
3185 3949 3351 4002 τινῶν
3382 3949 3640 4021 κυριεύει,

2059 4040 2120 4092 o6
2156 4038 2259 4109 μὴν
2295 4039 2389 4091 καὶ
2434 4037 2651 4091 πάντων
2681 4036 2789 4090 τῶν
2815 4037 2948 4108 παρ’
2984 4030 3152 4092 αὑτὸν
3211 4039 3409 4110 ὥσπερ
3431 4043 3458 4094 6
3492 4041 3639 4104 Θεὸς,

2060 4129 2215 4182 τοῦτο
2256 4129 2472 4200 εἴρηται
2508 4128 2603 4182 καὶ
2637 4128 2796 4191 αὐτὸς
2829 4128 3104 4196 γενέσθαι,
3142 4130 3242 4185 καὶ
3292 4132 3523 4196 Πιλάτος
3554 4132 3642 4185 καὶ

2073 4219 2317 4289 Ἡρώδης
2364 4220 2493 4288 ἄρα,
2539 4219 2615 4282 ὡς
2667 4219 2732 4271 ὲκ
2776 4220 2977 4288 μέρους
3018 4220 3217 4274 τοιοίδε
3279 4221 3465 4289 κύριοί
3506 4223 3640 4283 sin,

2062 4314 2156 4364 καὶ
2202 4311 2427 4379 γέγοναν
2476 4310 2581 4363 ὑπὸ
2614 4310 2771 4364 Θεοῦ*
2806 4310 2885 4363 ἔτι
2928 4311 3036 4381 μὴν
3093 4313 3141 4365 εί
3175 4312 3255 4383 μὴ
3287 4313 3434 4367 κατὰ
3464 4313 3643 4366 τούσδε

380 4391 563 4448 adhuc
600 4394 766 4465 igitur
812 4399 858 4451 si
897 4416 1004 4453 non
1045 4401 1350 4456 secundum
1403 4401 1507 4456 hos
1553 4401 1667 4472 ipse
1722 4403 1952 4473 quadam

2066 4401 2165 4454 καὶ
2201 4400 2365 4463 αὐτὸς
2392 4400 2520 4472 ἀξίᾳ
2553 4402 2663 4454 τινὶ
2702 4400 2798 4455 καὶ
2838 4401 3190 4466 κωδικέλλοις
3216 4402 3383 4457 ἔλαϐε
3428 4404 3527 4474 τὴν
3553 4421 3644 4457 κυ-

380 4483 646 4551 dignitate
674 4495 729 4540 et
765 4488 1007 4558 globulis
1033 4492 1247 4559 accepit
1292 4492 1726 4547 dominationem
1777 4496 1952 4551 factus

2063 4493 2287 4562 ριότητα
2317 4493 2563 4563 ποιηθεὶς
2612 4492 2837 4561 Κύριος,
2871 4493 3030 4564 δῆλον
3064 4493 3142 4557 ὡς
3168 4495 3318 4550 κατὰ
3364 4496 3466 4567 τὴν
3493 4496 3645 4564 ποίη-

381 4575 649 4631 Dominus
674 4580 964 4634 evidenter
999 4582 1304 4638 secundum
1340 4583 1620 4639 actionem
1662 4586 1779 4655 ejus
1801 4626 1814 4651 ,
1861 4602 1952 4639 na-

2067 4599 2151 4634 σιν
2183 4581 2373 4646 αὐτοῦ,
2425 4583 2524 4653 τὴν
2558 4582 2719 4652 φύσιν
2754 4584 2929 4655 αὐτὴν
2977 4583 3083 4637 ὑπὸ
3134 4587 3234 4638 τοῦ
3286 4586 3428 4640 Θεοῦ
3458 4605 3645 4658 κυρια-

382 4673 559 4719 turam
606 4667 779 4737 ipsam
810 4672 973 4725 aDeo
1008 4680 1067 4725 ut
1120 4672 1351 4728 domino
1414 4682 1476 4726 ut
1527 4674 1744 4729 dixerat
1777 4676 1952 4731 factus

2063 4672 2194 4738 κῶς,
2223 4674 2298 4737 ὼς
2348 4675 2546 4740 εἰπεῖν,
2580 4674 2824 4744 ποιηθεὶς
2851 4676 2907 4726 ἐν
2945 4675 3025 4746 τῷ
3081 4674 3392 4740 κτίζεσθαι,
3450 4678 3644 4749 Κύριός

382 4757 437 4809 in
485 4759 837 4817 institutione
880 4764 1146 4817 Dominus
1208 4775 1294 4819 est
1344 4766 1618 4833 omnium,
1668 4769 1952 4823 evidenter

2063 4765 2180 4818 ἐστι
2211 4750 2450 4832 πάῖοτων,
2482 4765 2723 4837 δηλονότι
2754 4766 2920 4836 χωρὶς
2953 4765 3049 4819 τοῦ
3096 4767 3476 4836 ὑποτάξαντος
3506 4770 3647 4841 αὐτῷ

382 4849 505 4901 sine
531 4850 624 4902 illo
645 4852 738 4919 qui
757 4853 808 4907 ei
832 4853 1017 4908 omnia
1043 4853 1288 4922 subjicit.
1312 4856 1369 4911 Si
1404 4870 1540 4911 vero
1574 4873 1685 4911 non
1716 4857 1845 4912 licet
1869 4858 1952 4911 in-

2063 4857 2128 4911 τὰ
2170 4858 2371 4912 πάνταο
2426 4859 2475 4911 εί
2534 4858 2591 4912 δὲ
2643 4860 2703 4911 o6
2760 4858 2917 4927 θέμις
2960 4858 3329 4931 ἀνυποστάτῳ
3368 4863 3645 4933 κυριότητι

380 4938 629 4992 vincibili
653 4940 1012 4999 dominationi
1036 4947 1213 5000 creari
1235 4964 1517 5018 quemque
1549 4949 1605 5004 in
1632 4951 1952 5017 Dominum,

2063 4949 2353 5004 οὖσιῶσθαί
2384 4967 2507 5003 τινα
2551 4953 2710 5019 φύσει
2757 4950 2838 5013 εἰς
2865 4948 3096 5020 Κύριον,
3127 4950 3290 5020 δῆλον
3324 4952 3403 5016 ὡς
3453 4954 3647 5017 ἐνδόσει

381 5029 609 5083 evidens
643 5041 727 5085 est
760 5038 906 5104 quod
936 5037 1239 5105 judicando
1280 5049 1537 5093 naturam
1578 5039 1952 5095 dominantem

2063 5043 2418 5113 κυριευούσης
2460 5042 2677 5111 φύσεως
2726 5044 2805 5104 εἰς
2832 5042 2931 5112 τὴν
2960 5044 3266 5115 γενομένην
3299 5045 3466 5115 φύσιν
3494 5047 3644 5116 γεγέ-

382 5121 561 5175 I'actus
611 5128 697 5172 est
741 5123 793 5175 in
844 5135 1094 5179 naturam
1127 5127 1639 5194 supervenientem,
1692 5129 1952 5185 Dominus

2063 5148 2216 5200 νηται
2273 5132 2393 5198 μὲν,
2442 5133 2647 5203 Κύριος
2691 5133 2747 5185 δέ
2785 5133 2931 5184 ἐστιν
2961 5133 2991 5184 6
3032 5132 3246 5203 Ἰησοῦς
3278 5130 3461 5200 οὗτος·
3489 5138 3568 5200 τίς
3596 5137 3644 5189 δὲ

380 5218 466 5265 est
491 5224 625 5263 vero
654 5208 758 5264 iste
813 5214 993 5269 Jesus.
1030 5215 1163 5281 Quae
1188 5232 1320 5286 ergo
1350 5216 1665 5272 substantia
1698 5230 1784 5273 est
1815 5219 1952 5290 phy-«

2063 5223 2091 5292 η
2122 5223 2451 5292 κυριεύουσα
2502 5225 2718 5277 πάντων
2752 5223 2999 5293 φυσικῶς
3053 5227 3215 5279 οὐσία
3245 5246 3261 5291 ;
3291 5230 3326 5299 ἠ
3356 5229 3478 5283 θεία
3517 5246 3646 5299 προ-

379 5303 496 5358 sica
565 5302 857 5358 dominans
925 5306 1150 5360 omnia?
1220 5308 1439 5375 Divina,
1520 5311 1952 5368 evidentissime.

2063 5313 2255 5382 δήλως·
2298 5315 2501 5382 ταύτης
2545 5317 2605 5369 δέ
2626 5316 2678 5370 τί
2715 5333 2730 5380 ;
2780 5316 2852 5367 T6
2898 5316 2978 5378 είς
3044 5318 3140 5370 τὸν
3188 5320 3404 5390 Ἰησοῦν
3450 5322 3644 5375 ἐνδόσι-

379 5390 526 5459 Quid
585 5405 717 5461 ergo
764 5392 831 5448 de
880 5395 1015 5449 illo?
1044 5396 1104 5449 ln
1142 5395 1327 5453 Jesum
1379 5402 1688 5457 concilians
1736 5410 1952 5457 creatur

2063 5405 2160 5473 μόν
2184 5406 2299 5459 ἐστι
2324 5446 2339 5472 ,
2371 5412 2399 5461 6
2425 5410 2649 5479 κτίστης
2671 5406 2837 5461 αὐτοῦ
2888 5408 3087 5474 Λόγος·
3118 5411 3304 5482 ἑαυτῷ
3338 5413 3451 5485 γὰρ
3496 5430 3645 5483 περι-

381 5483 503 5553 ejus
546 5482 813 5539 Verbum.
868 5484 1063 5554 Seipso
1115 5485 1283 5555 igitur
1343 5491 1644 5558 acquirens
1695 5493 1848 5545 illum
1902 5500 1952 5546 ct

2063 5494 2251 5559 κτίσας
2279 5497 2460 5566 αὐτὸν,
2492 5500 2586 5553 καὶ
2618 5499 2833 5569 συμφὺς
2879 5497 3017 5567 τῷδε
3049 5501 3146 5553 ἀπ’
3175 5503 3353 5573 αὐτῆς
3386 5482 3647 5569 ποιήσεώς

383 5575 757 5630 connaturalis
795 5579 846 5632 ei
875 5594 942 5633 ex
989 5577 1271 5633 creatione
1299 5580 1435 5637 fecit
1468 5580 1624 5637 illum
1665 5583 1952 5637 Dominum

2063 5582 2222 5635 αὐτοῦ
2260 5601 2271 5613 ·
2312 5585 2516 5656 Κύριον
2569 5587 2733 5640 αὐτὸν
2785 5585 2951 5647 ὅντως
3018 5586 3086 5638 δι’
3141 5591 3342 5645 ἑαυτοῦ
3402 5595 3638 5663 ἐποίησε·

389 5678 509 5717 vere
531 5664 906 5736 perseipsum;
934 5665 1358 5737 participatione
1385 5668 1560 5741 igitur
1588 5672 1754 5727 Verbi
1779 5672 1952 5741 ipsius

2063 5676 2122 5743 τῇ
2158 5674 2371 5743 μεθέξει
2404 5676 2495 5731 οῦν
2519 5677 2682 5731 αὑτοῦ
2705 5676 2796 5731 τοῦ
2817 5676 2990 5742 Λόγου
3022 5680 3116 5732 καὶ
3138 5682 3197 5735 ὲν
3225 5682 3383 5754 αὐτῷ
3408 5684 3641 5754 γεγονὼς

388 5872 417 5879 __
