3858 6156
260 271 436 351 ,ππ

1220 273 1620 335 ADVERSUS
1657 272 2204 338 NESTORIANOS.
2238 277 2470 339 --LIB.
2511 281 2578 340 V.

3405 277 3541 344 1733

263 387 364 453 καὶ
393 395 490 457 ὢν,
543 390 746 462 Κύριος
784 389 814 442 6
851 387 1080 459 Ἰησοῦς,
1113 385 1234 448 πῶς
1263 385 1328 438 ἂν
1370 383 1468 456 ,εἵη
1497 384 1574 448 ὡς
1621 383 1860 452 γεγονὼς

1973 397 2021 444 et
2053 387 2230 444 factus
2253 399 2311 444 et
2337 390 2611 446 cxsistens
2628 389 2898 447 Dominus
2920 389 3103 456 Jesus,
3138 392 3417 461 quomodo
3449 391 3549 448 fies

262 488 362 540 ὕπ’
419 485 607 545 αὐτου,
647 481 834 544 δοῦλος
899 477 996 532 τοῦ
1037 475 1398 546 πεποιηκότος
1443 475 1608 528 αὑτὸν
1657 473 1860 546 Κύριον

265 581 347 642 ὡς
395 576 612 646 ποίημα
654 573 842 628 λοιπόν
873 577 889 636 ξ
922 571 984 624 Ei
1009 569 1117 641 γὰρ
1169 568 1230 620 τὸ
1291 565 1495 636 Κύριον
1525 562 1669 619 εἶναι
1701 565 1862 620 αὑτὸν

269 669 562 740 ἀναιρεθῇ,
601 665 786 724 καὶτὸ
838 661 1130 733 ποιηθῆναι
1175 658 1357 712 αὐτόν’
1391 653 1600 728 Κύριον
1629 655 1738 728 γὰρ
1767 657 1863 710 αὺο

264 762 362 813 τὸν
396 759 670 828 ὲποίησεν’
712 757 762 810 εί
813 755 872 808 δέ
901 755 1016 807 ἐστι
1047 749 1261 822 ποίημά
1278 765 1342 803 τε
1378 751 1475 802 καὶ
1505 745 1732 818 Κύρῐος,
1761 747 1864 803 οὐκ

264 851 450 914 ἄλλως
474 851 533 904 δὲ
585 849 792 920 Κύριος
823 846 1078 918 ἐποιήθη,
1113 846 1254 915 πλὴν
1295 845 1384 899 διὰ
1426 845 1527 914 τῆς
1572 840 1864 904 οὐσιώδους

264 943 440 1010 ἕξεως
497 941 650 995 τοῦδε
704 938 874 993 αὐτοῦ
931 937 1026 992 τοῦ
1065 938 1399 1008 ποιήσαντος
1452 933 1709 1004 αὐτὸν,ἦ
1768 933 1864 986 καὶ

265 1032 466 1091 ἑαυτοῦ
519 1031 772 1086 δεσπόσει
822 1033 852 1086 6
900 1027 1368 1100 φύσειΚύριος,ῆ
1399 1026 1492 1082 καὶ
1546 1026 1608 1080 τὸ
1639 1024 1863 1096 ποιητὸν

267 1123 478 1193 Κύριον
509 1123 680 1194 ἧγουν
721 1121 782 1175 τὸ
812 1119 1156 1193 ἀνθρώπινον
1184 1118 1352 1172 αὐτοῦ
1411 1116 1863 1188 συνελευθερὼσει

265 1213 456 1285 ἑαυτῷ
481 1215 580 1268 καὶ
609 1214 828 1267 πάντων
860 1210 1298 1276 κατεξουσιάσει’
1347 1208 1457 1281 ἄρα
1484 1209 1528 1262 δ’
1557 1207 1774 1262 οῦν¹καὶ
1805 1209 1864 1262 ἐν

197 1286 211 1302 ’
264 1308 340 1377 τῇ
380 1304 637 1376 συνηθείᾳ
708 1303 996 1376 ἐλεύθερον
1057 1302 1284 1373 ποιῆσαι
1320 1300 1474 1354 τόνδε
1509 1299 1698 1370 ἔτερόν
1739 1315 1864 1353 τινα

249 1395 544 1465 λέγοντες,
574 1397 639 1448 ὲκ
671 1395 828 1449 τοῦδε
876 1393 1042 1448 αὐτοῦ
1077 1393 1172 1447 καὶ
1229 1391 1421 1446 δοῦλον
1447 1390 1722 1460 γενέσθαι,
1770 1391 1864 1446 τὸν

268 1485 569 1556 ποιηθέντα
605 1485 918 1558 ἐλεύθερον,
943 1483 1302 1554 λογισόμεθα.

886 1575 1138 1630 ΚΕΦΑΛ.
1168 1574 1276 1628 ΙΕ’.

343 1670 536 1742 Χωρὶς
562 1669 718 1724 τοῦδε
749 1660 1107 1732 δεσπόζεσθαι
1141 1666 1248 1720 ὑπὸ
1275 1663 1372 1719 τοῦ
1403 1663 1564 1738 λΘεοῦ
1611 1665 1712 1737 τὴν
1759 1667 1866 1720 ὑπ-

250 1740 458 1833 ακοὴν
485 1761 794 1832 πληρῶσαι,
826 1759 860 1830 ἦ
899 1757 1287 1831 ἀναμάρτητον
1359 1756 1619 1826 γενέσθαι
1673 1760 1740 1827 τῇ
1771 1757 1865 1812 τοῦ
1901 1740 1940 1794 Β

247 1854 441 1924 ⁸νόμου
467 1852 704 1923 φυλακῇ,
742 1851 1001 1905 ἀδύνατον
1049 1848 1342 1920 ἀνθρώπκρ.
1405 1849 1470 1903 El
1515 1843 1608 1903 οὖν
1646 1847 1710 1902 τὸ
1781 1849 1870 1901 δε-

250 1943 572 2010 ’σπόζεσθαι
604 1943 792 2008 ἅπλῶς
837 1944 956 1996 ἐστι
1016 1941 1230 1995 τούτων
1291 1942 1488 2008 αῐτιον,
1545 1941 1714 2012 μόνης
1760 1941 1867 1994 ὕπ-

249 2037 451 2106 ·ακοῆς
492 2035 649 2109 χρεία
688 2030 758 2106 ἦν
818 2032 1018 2105 ἡμῶν,
1071 2033 1166 2088 καὶ
1218 2031 1318 2087 οὐκ
1365 2031 1678 2102 οἰκονομίας
1731 2032 1868 2100 Χρι-

267 2127 404 2182 στοῦ
435 2129 516 2190 είς
561 2125 844 2180 δικαίωσιν
877 2125 1054 2195 ἡμῶν·
1093 2123 1218 2176 ἐπεὶ
1266 2123 1470 2186 πάντες
1528 2123 1691 2193 ἡμεῖς
1719 2121 1814 2176 καὶ
1837 2123 1866 2175 6

244 2218 520 2283 ’διάϐολος
544 2217 728 2282 αὐτὸς,
757 2214 1139 2288 δεσποζόμεθα
1167 2215 1274 2270 ὑπὸ
1297 2213 1390 2268 τοῦ
1419 2211 1578 2276 Θεοῦ,
1615 2211 1868 2283 ἀναμάρ-

266 2327 420 2381 τητα
474 2309 583 2380 ἄρα
647 2303 717 2362 τὰ
773 2307 973 2371 πάντα,
1017 2306 1132 2381 ,καὶ
1176 2306 1236 2358 ἐν
1302 2303 1519 2374 φυλακῇ
1571 2301 1666 2356 τοῦ
1700 2302 1864 2372 νόμου

267 2401 524 2470 ἐγένοντο
585 2399 652 2454 ἂν
697 2441 713 2466 ,
767 2401 862 2452 καὶ
921 2379 1052 2454 ἄνέυ
1111 2396 1206 2453 τοῦ
1262 2395 1503 2468 Χριστοῦ
1561 2393 1868 2448 ὑποτασσό-

263 2509 416 2564 μενα
442 2508 456 2526 '
511 2491 609 2546 καὶ
662 2493 801 2562 μετὰ
855 2490 914 2544 δὲ
958 2489 1058 2562 τὴν
1085 2489 1365 2560 σάρκωσιν
1435 2485 1529 2561 τοῦ
1573 2486 1748 2556 Λόγου
1791 2484 1866 2554 μὴ

249 2579 628 2636 abi-taxatione
682 2578 759 2650 τῷ
785 2579 976 2651 μόνῳ,
1010 2579 1071 2632 οὗ
1106 2576 1414 2655 δικαιοῦται
1451 2591 1582 2630 ποτε
1617 2593 1629 2607 ’
1662 2575 1723 2632 τὸ
1772 2573 1866 2630 οὖν

267 2673 518 2728 ἐναντίον
569 2670 840 2726 δείκνυται
882 2713 898 2736 ,
961 2665 1007 2724 ὦ
1065 2664 1246 2724 οὗτοιο
1299 2669 1382 2722 ὅτι
1458 2666 1638 2738 σάρκα
1686 2667 1868 2736 ἁμαρ-

252 2767 393 2832 πίας
443 2760 610 2820 οὖσαν
637 2765 799 2834 φύσει
831 2763 1188 2835 δικαιωθῆναι
1242 2762 1336 2816 καὶ
1363 2757 1766 2815 ὑποτάσσεσθαι
1791 2757 1869 2828 τῷ

267 2859 430 2930 νόμῳ
457 2857 556 2912 τοῦ
601 2857 737 2912 Θεοῦ
806 2856 866 2912 οὐ
905 2855 1234 2926 δυναμένην,
1282 2853 1386 2907 οὐκ
1409 2849 1478 2923 ἦν
1507 2848 1869 2918 δικαιωθῆναι

267 2947 368 3002 καὶ
400 2947 692 3020 πληρῶσαι
746 2947 928 3001 πᾶσαν
962 2945 1232 3014 ὑπακοὴν,
1288 2943 1337 2998 εί
1370 2943 1446 3016 μὴ
1485 2942 1575 2997 διὰ
1634 2943 1872 3015 μεταλήο

263 3040 420 3112 ψεως
439 3039 632 3104 οὐσίας
671 3039 1083 3112 ἀναμαρτήτου,
1115 3037 1239 3110 ἥτις
1269 3037 1418 3090 ἐστὶν
1461 3037 1496 3108 ὴ
1527 3036 1646 3090 θεία
1673 3037 1857 3107 μόνον.
1887 3067 1930 3127 c

877 3153 1128 3210 ΚΕΦΑΛ.
1149 3152 1264 3222 lG”.

322 3249 416 3306 ’Τὸ
434 3269 456 3302 ι
468 3248 698 3321 Ἐχρισέ
710 3265 772 3302 σε
785 3249 812 3302 6
829 3247 983 3311 Θεὸς,
1001 3248 1030 3299 6
1045 3246 1178 3311 Θεός
1199 3261 1314 3312 σου,
1335 3265 1368 3299 -ι
1388 3245 1435 3299 εί
1463 3244 1538 3316 μὴ
1554 3244 1645 3298 τὸν
1660 3244 1756 3300 ἄνθ
1765 3262 1868 3314 ρω-

257 3358 374 3399 ηυον
401 3341 553 3410 λέγει
580 3343 648 3412 τῇ
679 3341 855 3411 χρίσει
879 3337 970 3393 τοῦ
1001 3337 1317 3408 Πνεύματος
1353 3335 1687 3407 τιμώμενον,
1723 3335 1860 3388 ἀλλὰ

267 3435 364 3489 τὸν
402 3434 540 3488 Θεὸν
568 3433 761 3501 Λόγον,
795 3433 932 3502 πρὸς
965 3429 1190 3502 ἀτιμίαν
1222 3427 1387 3482 αὑτὸν
1437 3427 1654 3500 ἔχρισεν
1679 3428 1708 3480 6
1740 3426 1866 3498 χρί-

270 3542 371 3590 σας
393 3523 580 3589 αὐτὸν,
613 3521 835 3593 μείζονα
865 3515 940 3576 ὧν
997 3519 1158 3574 ἔλαϐε
1199 3519 1289 3573 διὰ
1317 3519 1414 3589 τῆς
1452 3519 1687 3590 χρίσεως
1713 3517 1866 3589 ἔχον-

265 3634 338 3670 τα
369 3617 429 3670 ὲν
475 3617 542 3687 τῇ
578 3614 756 3685 οἰκείᾳ
781 3612 960 3683 φύσει·
993 3613 1104 3676 πᾶς
1157 3610 1268 3683 γὰρ
1305 3611 1334 3663 6
1373 3610 1680 3681 χριόμενος,
1716 3609 1866 3680 χρίε-

261 3726 361 3762 ται
392 3708 482 3762 ἶνα
513 3705 654 3779 λάϐῃ
679 3704 800 3763 τινὰ
829 3703 866 3758 ἃ.
897 3705 955 3758 ὲν
984 3705 1051 3776 τῇ
1087 3701 1248 3773 φύσει
1289 3699 1438 3770 ἔχειν
1495 3701 1558 3754 οὐ
1619 3701 1867 3754 δύναται.

279 3799 448 3853 Ἀλλὰ
483 3797 538 3852 τί
574 3797 763 3869 γέγονε
792 3795 880 3850 διὰ
907 3795 1002 3865 τῆς
1037 3794 1268 3866 χρίσεως
1293 3794 1392 3862 τὴν
1428 3791 1589 3862 φύσιν
1625 3791 1730 3845 ὑπὸ
1761 3791 1870 3845 ’τοῦ

256 3891 409 3945 -Θεοῦ
439 3883 597 3952 οὗτος
629 3889 656 3941 6
700 3885 964 3957 χρισθέις,
1003 3887 1032 3938 ὁ
1056 3883 1361 3954 Ψαλμῳδὸς
1389 3882 1700 3955 προσλέγει’
1733 3883 1869 3954 τῷδε

263 3978 363 4038 οὖν
398 3980 750 4054 προσεκτέον·
794 3977 926 4031 Θεὸν
951 3977 1059 4047 γὰρ
1103 3975 1200 4029 καὶ
1236 3976 1399 4029 αὐτὸν
1457 3975 1714 4044 ὀνομάζει
1761 3975 1870 4029 λοι-

265 4075 370 4128 πὸν
402 4075 500 4126 τὸν
529 4071 634 4126 ὑπό
675 4087 767 4124 του
799 4067 1111 4141 χρισθέντα·
1145 4067 1358 4136 πέφυκε
1396 4065 1454 4118 δὲ
1503 4064 1629 4118 οὔτε
1673 4065 1868 4136 αἰσθη-

266 4167 363 4220 τὸν
392 4163 520 4219 οὔτε
551 4161 740 4232 νοητόν
765 4179 818 4214 τι
847 4159 980 4213 Θεὸν
1006 4159 1176 4221 ὅντως
1209 4159 1383 4210 ποιεῖν
1406 4194 1421 4220 ,
1459 4155 1600 4224 πλὴν
1631 4157 1665 4226 ή
1698 4155 1870 4218 δντως

271 4254 492 4324 θεότης·
525 4253 743 4321 ἀνάγκη
769 4243 862 4304 οὖν
889 4247 1119 4318 θεότητα
1165 4240 1303 4299 εἶναι
1332 4245 1432 4314 τὴν
1463 4243 1744 4316 χρίουσαν,
1779 4243 1868 4298 διὰ

267 4346 330 4398 τὸ
371 4364 390 4396 ι
433 4347 462 4398 ὁ
489 4343 620 4407 Θεός
653 4358 768 4396 σουο
809 4359 828 4394 ι
848 4339 941 4393 καὶ
971 4337 1201 4408 θεότητα
1227 4337 1287 4389 τὸ
1314 4335 1543 4406 χρίσμα,
1558 4335 1716 4390 διὰτὸ
1733 4337 1855 4388 θεο-

1965 489 2053 536 ret
2082 491 2146 537 ut
2181 481 2364 537 factus
2395 483 2498 539 sub
2529 484 2670 554 ipso,
2707 498 2904 540 servus
2923 486 3046 556 ejus
3074 485 3172 555 qui
3207 483 3340 540 fecit
3373 485 3543 539 etiam

1959 571 2234 628 Dominus
2263 583 2322 626 ut
2353 573 2460 628 alia
2497 575 2956 630 creatura?Nam
3007 575 3055 630 si
3097 576 3366 632 Dominus
3421 591 3544 630 esse

1965 665 2230 736 suscepit,
2277 665 2443 721 etiam
2487 676 2544 722 et
2585 667 2791 722 factum
2849 679 2993 730 esse,
3051 682 3180 722 nam
3231 665 3367 723 fecit
3416 683 3544 722 cum

1965 757 2280 825 Dominum,
2312 759 2357 814 si
2388 767 2473 814 est
2500 769 2757 815 creatura
2797 769 2853 814 et
2900 761 3188 826 Dominus,
3220 775 3337 816 non
3381 759 3544 815 aliter

1965 849 2235 906 Dominus
2270 849 2450 906 factus
2483 859 2588 916 est,
2619 851 2729 906 nisi
2779 866 2882 921 per
2912 851 3234 908 facultatem
3285 851 3546 907 substan-

1965 941 2152 996 lialem
2187 943 2438 1013 ejusdem
2473 943 2568 1012 qui
2613 942 2745 998 fecit
2785 943 2964 1007 illum,
3019 943 3106 998 vel
3149 943 3258 998 sibi
3309 943 3546 1014 imperat

1967 1033 2064 1105 qui
2089 1041 2294 1089 natura
2335 1033 2625 1099 Dominus,
2656 1034 2744 1106 vel
2775 1043 2928 1090 certe
2955 1033 3195 1089 humana
3247 1049 3376 1105 pars
3422 1036 3544 1106 ejus

1965 1103 2112 1180 facta
2166 1125 2432 1196 magistra
2457 1139 2576 1180 sese
2609 1103 2830 1191 liberat,
2883 1133 2940 1180 et
2988 1127 3174 1184 omnia
3229 1103 3542 1198 gubernat;
3609 1127 3614 1131 ’

1966 1215 2135 1284 igitur
2163 1215 2220 1269 in
2247 1215 2442 1270 habitu
2471 1215 2711 1270 liberum
2755 1213 2937 1270 facere
2981 1215 3275 1284 quemdam
3307 1217 3544 1272 alterum

1967 1306 2243 1370 dicentes,
2287 1322 2357 1362 ex
2404 1307 2588 1378 seipso
2631 1321 2768 1362 vero
2817 1321 3040 1362 servum
3075 1307 3218 1375 ﬁeri,
3249 1310 3341 1378 qui
3368 1309 3547 1366 factus
3634 1379 3642 1387 '

1938 1407 2053 1469 ,εει
2085 1399 2249 1466 liber,
2286 1400 2640 1458 concluditis.

2607 1579 2759 1636 CAP.
2791 1579 2909 1636 XV.

2039 1669 2173 1726 Sine
2201 1671 2581 1728 dominatione
2611 1672 2710 1729 Dei
2753 1671 3130 1728 obedientiam
3158 1671 3399 1742 implere
3417 1714 3432 1738 ,
3462 1672 3549 1727 vel

1972 1761 2386 1832 impeccabilem
2417 1763 2546 1818 fieri
2589 1763 2694 1819 sub
2727 1764 2984 1820 custodia
3014 1765 3174 1836 legis,
3199 1762 3550 1834 impossibile

1971 1859 2058 1906 est
2082 1851 2318 1908 homini.
2380 1851 2438 1909 Si
2469 1867 2604 1909 vero
2629 1854 2860 1924 simplex
2883 1853 3196 1913 dominatio
3231 1855 3432 1910 horum
3467 1864 3550 1909 est

1973 1943 2374 2008 ca-usa,-solius
2428 1943 2766 1999 obedientiae
2819 1959 2960 2024 opus
3008 1943 3284 2001 habemus
3332 1953 3388 1999 et
3433 1961 3548 1999 non

1971 2034 2297 2090 teconomiae
2339 2033 2548 2091 Christi
2611 2035 2680 2092 ad
2741 2035 3200 2106 iustificationem
3274 2043 3547 2095 nostram.

1970 2123 2268 2192 Postquam
2295 2138 2494 2180 omnes
2522 2139 2624 2180 nos
2647 2133 2706 2180 et
2743 2123 3000 2180 diabolus
3042 2125 3163 2196 ipse
3195 2125 3550 2182 dominamur

1971 2227 2003 2267 a
2031 2213 2167 2278 Deo,
2207 2213 2592 2284 impeccabilia
2618 2221 2751 2270 sunt
2796 2213 3002 2278 omnia,
3035 2222 3093 2269 et
3146 2215 3250 2270 sub
3298 2215 3549 2270 custodia

1971 2303 2110 2372 legis
2147 2311 2204 2358 et
2243 2303 2362 2358 sine
2403 2303 2634 2361 .Cbristo
2685 2304 2956 2359 ordinata.
3002 2304 3072 2359 Et
3113 2313 3240 2374 post
3287 2305 3548 2360 incarna-

1972 2395 2181 2450 tionem
2199 2395 2364 2452 Yerbi
2398 2396 2498 2466 qui
2523 2411 2636 2451 non
2671 2395 2941 2451 obediunt
2985 2396 3040 2450 ei
3079 2395 3210 2460 soli,
3260 2411 3548 2466 nunquam

1964 2483 2367 2555 .justificantur.
2405 2485 2478 2540 Et
2497 2499 2597 2540 vos
2642 2485 2832 2541 dicitis
2871 2485 3214 2540 contrarium
3256 2485 3547 2556 possibile,

1971 2591 2195 2630 carnem
2223 2576 2566 2648 peccabilem
2609 2585 2808 2632 natura
2845 2577 3140 2648 justillcari
3187 2585 3252 2632 .et
3299 2569 3570 2633 ordinari

1958 2665 2092 2738 lege
2117 2667 2254 2734 Dei;
2300 2683 2412 2723 non
2455 2677 2640 2738 potest
2675 2684 2778 2724 nec
2813 2668 3128 2738 justiﬂeari,
3159 2682 3264 2723 nec
3323 2667 3550 2737 implere

1973 2770 2192 2811 omnem
2223 2756 2620 2824 obedientiam,
2650 2757 2758 2812 nisi
2783 2773 2882 2827 per
2921 2755 3343 2812 descensionem
3399 2757 3556 2812 exsiq

1971 2847 2191 2904 steutias
2224 2847 2601 2922 impeccabilis
2635 2863 2758 2918 qua:
2790 2857 2881 2904 est
2908 2847 3132 2912 nonnisi
3149 2846 3370 2906 divina.

2587 3153 2749 3210 'CAP.
2785 3153 2923 3210 XVL

2029 3245 2155 3302 ‘Hoc
2171 3245 2409 3302 verbum
2449 3264 2468 3297 ι
2516 3245 2686 3301 Unxit
2716 3255 2769 3300 te
2814 3245 2981 3312 Deus,
3019 3245 3166 3300 Deus
3188 3251 3324 3301 tuus
3341 3255 3393 3313 ς,
3427 3265 3446 3299 ι
3504 3248 3550 3302 si

1954 3351 2080 3392 non
2121 3337 2258 3392 dicit
2299 3337 2578 3393 hominem
2631 3338 2962 3394 honoratum
2993 3339 3256 3394 unctione
3287 3340 3570 3412 Spiritus,-

1969 3427 2064 3482 sed
2098 3428 2270 3484 Deum
2305 3427 2548 3484 Verbum
2580 3428 2649 3484 ad
2691 3429 2936 3486 dedecus
2974 3431 3134 3486 unxit
3158 3447 3286 3488 eum
3317 3447 3548 3502 angens,

1969 3533 2070 3588 per
2102 3518 2420 3574 unctionem
2460 3519 2676 3589 accepit
2698 3520 2904 3590 majora
2937 3536 3102 3590 quam
3135 3521 3228 3576 illa
3260 3538 3382 3592 qua:
3424 3533 3556 3578 sunt

1959 3609 2208 3679 propriae
2227 3617 2438 3664 natura:
2467 3624 2578 3674 res,
2631 3625 2758 3664 nam
2792 3609 2974 3664 omnis
3009 3620 3212 3670 unctus
3239 3613 3470 3682 ungitur
3495 3625 3555 3669 ut

1971 3695 2207 3764 accipiat
2249 3695 2499 3766 quaedam
2552 3712 2674 3766 qua:
2721 3712 2787 3752 ex
2821 3697 3046 3768 propria
3100 3708 3296 3755 natura
3347 3701 3554 3758 habere

1971 3787 2191 3856 nequit.
2223 3787 2332 3843 Sed
2354 3788 2564 3858 aliquid
2596 3787 2774 3844 factus
2799 3798 2884 3845 est
2917 3805 3013 3860 per
3032 3793 3352 3848 unctionem
3388 3805 3559 3850 natu-.

1973 3894 2049 3934 ra:
2071 3879 2173 3934 iste
2196 3887 2397 3936 unctus
2421 3895 2452 3935 a
2473 3881 2608 3946 Deo,
2655 3891 2716 3936 ut
2746 3881 3037 3939 Psalmista
3061 3883 3390 3952 proclamat,
3425 3887 3559 3942 huic

1973 3970 2368 4041 adjiciendum.
2400 3972 2574 4026 Deum
2626 3971 2776 4028 enim
2822 3987 2953 4028 eum
3002 3974 3242 4044 appellat
3276 3977 3560 4048 reliquum

1973 4070 2224 4126 unctum,
2275 4062 2418 4134 fugit
2470 4078 2574 4118 nec
2629 4063 2968 4132 sensibilem,
3009 4081 3114 4121 nec
3150 4067 3562 4140 intelligibilem,

1972 4153 2145 4209 Deum
2174 4169 2305 4210 vere
2346 4155 2550 4221 facere,
2581 4155 2688 4212 nisi
2717 4170 2848 4212 vere
2877 4158 3076 4225 deitas,
3101 4174 3330 4216 necesse
3357 4169 3442 4216 est
3469 4159 3562 4217 di-.

1972 4247 2258 4302 vinitatem
2292 4263 2412 4304 esse
2433 4258 2729 4320 angentem
2746 4258 2976 4320 propter
3004 4251 3173 4306 verba
3203 4253 3387 4308 citata.
3413 4255 3561 4310 Deu‘s

1975 4345 2121 4404 tuus,
2145 4347 2200 4394 et
2217 4339 2562 4396 divinitatem
2585 4357 2705 4398 esse
2723 4343 3041 4400 unctionem
3066 4353 3291 4434 propter
3309 4346 3554 4404 divinam

269 4435 521 4507 ποιῆσαιο
553 4433 648 4488 καὶ
708 4431 841 4485 Θεὸν
901 4427 1040 4484 εἶναι
1077 4427 1170 4482 τὸν
1226 4426 1520 4498 χρισθέντα
1573 4425 1861 4494 δεικνύειν,

1973 4430 2346 4499 operationem
2379 4439 2436 4486 et
2485 4433 2662 4488 Deum
2693 4449 2814 4490 esse
2855 4443 3081 4492 unctum
3124 4425 3456 4506 monstrare,
3498 4451 3558 4507 et

265 4527 365 4580 ικαὶ
447 4525 549 4595 οὐχ
592 4521 898 4594 ὁμωνύμως
969 4519 1111 4573 οὕτω
1188 4518 1505 4588 λεγόμενονο
1563 4521 1662 4574 καὶ
1751 4521 1862 4591 γὰρ

1973 4533 2072 4574 non
2121 4521 2379 4581 similiter
2423 4523 2503 4578 sic
2537 4524 2782 4594 dictum;
2828 4527 3086 4584 similiter
3111 4529 3377 4586 scribitur
3419 4541 3476 4588 et
3499 4533 3562 4602 in

266 4619 724 4689 ὁμοιογραφεῖται
759 4613 838 4684 τῷ
892 4611 1133 4683 Ἑϐραίῳ
1177 4610 1438 4681 ἑκάτερόν
1480 4628 1532 4664 τι
1561 4610 1716 4680 ἐντῷ
1755 4627 1863 4680 χω-

1961 4608 2235 4668 Hebrteo:
2279 4623 2578 4686 utrumque
2609 4617 2664 4671 in
2696 4617 2804 4673 hoc
2833 4619 2958 4674 loco
2991 4620 3135 4676 Deus
3167 4638 3266 4692 per
3297 4624 3557 4682 ineii‘abiq

272 4709 375 4780 ρὶῳ
396 4728 416 4760 ι
437 4707 592 4772 Θεὸς,
620 4725 640 4759 ι
665 4706 751 4760 διὰ
771 4705 884 4760 τῶν
901 4704 1300 4772 ἀνεκφωνήτων
1319 4701 1709 4772 χαραγμάτων·
1729 4699 1862 4753 Θεὸν

1979 4717 2041 4758 εε
2068 4703 2420 4773 cliarateres;
2475 4707 2648 4762 Deum
2701 4717 2757 4764 et
2812 4709 3090 4766 [nominent
3147 4726 3270 4768 esse
3324 4723 3558 4770 unctum

267 4801 325 4854 δὲ
349 4803 445 4854 καὶ
471 4797 758 4872 ἄνθρωπον
785 4797 875 4852 τὸν
902 4793 1261 4868 κεχρισμένον
1273 4794 1504 4863 οἱητέεν·
1524 4792 1600 4856 ὡς
1629 4791 1730 4862 μὲν
1749 4791 1860 4861 γὰρ

1973 4793 2298 4849 :ensendum
2327 4804 2448 4862 est,
2490 4806 2558 4853 ut
2593 4799 2744 4854 enim
2779 4801 2928 4872 quod
2955 4802 3254 4872 subjicitur
3301 4804 3554 4864 unctioni

269 4888 634 4958 ὑποκείμενόν
655 4887 808 4956 τιτῷ
837 4887 1119 4958 χρίσματι,
1181 4881 1464 4952 ἄνθρωπός
1515 4882 1662 4943 ἐστι,
1722 4877 1856 4935 καθὸ

267 4981 366 5034 καὶ
393 4979 478 5047 τὸ,
500 4997 520 5031 ι
549 4978 680 5040 Θεός
695 4995 790 5031 σου
819 4996 838 5030 ι
871 4979 1105 5048 εἴρηται·
1133 4972 1274 5036 ὡςδὲ
1293 4973 1350 5024 ὲν
1369 4968 1582 5039 μεθέξει
1609 4967 1700 5020 τοῦ
1733 4969 1854 5027 θεο-

250 5069 426 5122 ’ποιοῦ
479 5070 783 5140 χρίσματος
803 5066 898 5120 τοῦ
934 5064 1068 5120 καθ’
1096 5063 1227 5116 αὑτό
1283 5078 1342 5114 τε
1371 5059 1728 5129 οὐσιωμένου,
1761 5060 1854 5112 καὶ

251 5160 548 5224 δοῦσιωδῶς
585 5161 736 5224 ὄντος
769 5162 826 5213 ὲν
850 5155 1016 5228 αὐτῷ,
1049 5153 1182 5208 Θεὸν
1226 5152 1653 5226 ἁπηρτισμένον.

885 5270 1134 5326 ΚΕΦΑΛ.
1167 5269 1268 5322 1Ζ’.

350 5365 596 5435 Ἀληθῶς
624 5363 848 5421 κατὰοτὸ
863 5361 1172 5432 εἰρημένον,
1193 5378 1212 5412 ι
1235 5357 1297 5414 '0
1325 5359 1550 5428 ἀσεϐὴς,
1571 5358 1696 5411 ὅταν
1723 5353 1854 5426 ἔλοῃ

1973 4881 2140 4940 homo
2167 4893 2288 4952 est,
2321 4885 2534 4942 idcirco
2570 4889 2778 4945 dicitur
2826 4893 2974 4950 Deus
3023 4905 3186 4962 tuus,
3239 4904 3300 4952 ut
3339 4913 3476 4954 vero
3499 4897 3556 4955 in

1970 4975 2400 5047 participatione
2421 4975 2627 5036 divinae
2644 4983 2950 5052 unctionis,
2979 4985 3092 5042 imo
3109 4997 3348 5060 acceptae
3364 4999 3421 5046 et
3438 5007 3559 5048 reae

1973 5064 2100 5120 liter
2131 5067 2486 5124 subsistentis
2511 5069 2658 5127 Deus
2679 5073 2925 5143 perfecte
2955 5075 3185 5134 eil'ectus
3207 5089 3314 5136 est.

2575 5269 2730 5324 CAP.
2773 5272 2939 5330 XVII.

2043 5355 2242 5410 Verum
2283 5356 2416 5412 illud
2455 5357 2755 5431 Scriptura:
2776 5365 3022 5435 dictum,
3061 5385 3078 5420 ι
3110 5368 3315 5439 Impius
3337 5383 3464 5424 cum
3503 5370 3560 5438 in

267 5459 347 5524 εἰς
377 5455 544 5527 βάθος
581 5455 854 5518 ἀσεϐείας.
887 5453 1234 5522 καταφρονεϊο
1263 5469 1284 5504 ι
1305 5451 1355 5504 οἱ
1389 5450 1636 5520 λέγοντες
1655 5445 1788 5499 Θεὸν
1819 5446 1852 5515 ἢ

1973 5446 2305 5514 profundum
2332 5451 2549 5506 venerit
2575 5453 2882 5526 impietatis
2897 5460 3200 5516 contemnit
3218 5461 3295 5530 9‘;
3318 5479 3334 5513 ι
3356 5461 3453 5531 qui
3477 5462 3564 5520 di.

263 5551 550 5620 Δεσπότην
575 5548 669 5604 τοῦ
696 5544 933 5619 Χριστοῦ
965 5544 1054 5598 τὸν
1081 5541 1216 5597 Θεὸν
1251 5543 1448 5611 Λόγον,
1479 5543 1577 5596 οὐκ
1603 5539 1698 5608 ἀφ’
1737 5533 1864 5585 ἑαυ-

331 5687 517 5744 ίιΡειιΙ.
539 5703 684 5752 xuv,
707 5685 760 5738 8.
837 5684 881 5732 ιι·
907 5683 1065 5741 Prov.
1090 5695 1240 5745 xvm,
1264 5679 1318 5733 5.
1392 5672 1398 5680 ’

607 5786 880 5846 Paeon.
934 5779 1049 5840 Gn.
1111 5773 1398 5840 LXXXV
1403 5775 1457 5838 l.

1965 5547 2104 5592 cunt
2131 5539 2300 5594 Deum
2349 5542 2436 5597 vel
2473 5547 2804 5618 magistrum
2851 5553 3057 5610 Christi
3081 5553 3254 5609 Deum
3285 5551 3558 5630 Verbum,

3005 5781 3084 5852 535
