3858 6156
291 236 425 302 1741

1244 232 1638 294 ADVERSUS
1673 231 2312 298 NESTORIANOS.—
2335 234 2482 296 LIB.
2527 235 2595 298 V.

3407 230 3546 301 1742

285 350 562 404 επαύσατο
591 347 686 401 τοῦ
729 347 903 419 Ἰησοῦ
935 346 1002 416 τῇ
1030 343 1432 416 ἀνθρωπότητιο
1471 343 1618 408 ἅπαξ
1635 346 1850 416 ἀποφή-

1986 361 2044 401 us
2082 348 2204 418 ejus
2235 362 2346 402 non
2381 353 2736 418 permaneret
2767 344 2823 400 in
2863 343 3208 408 hominibus,
3258 341 3387 410 quia
3415 358 3545 397 caro

290 457 478 501 σαντος
506 435 600 490 τοῦ
646 437 804 502 Θεοῦ,
855 435 930 505 μὴ
983 435 1166 504 μένειν
1191 431 1255 506 τὸ
1300 431 1525 504 Πνεῦμα
1583 434 1748 486 αὐτοῦ
1805 437 1861 486 ὲν

283 524 620 594 ἀνθρώποις,
677 522 765 574 διὰ
817 522 880 574 τὸ
931 515 1070 572 εἶναι
1115 519 1311 582 αὐτοὺς
1372 519 1581 590 σάρκας
1628 519 1859 574 λοιπόνο

288 613 486 668 οὐκοῦν
510 615 578 684 τῇ
606 611 902 680 ’ἐπιγνώσει
927 609 1020 663 τοῦ
1057 610 1353 679 συγγενοῦς
1390 611 1537 680 αὐτῷ
1566 612 1740 680 Λόγου
1771 613 1863 664 τοῦ

291 707 524 776 Πατρδς,
568 705 702 774 πρὸς
731 705 792 757 τὸ
821 704 953 766 ἴδιον
991 703 1203 774 ὲπέπτη
1229 719 1243 734 ·
1271 704 1334 755 τὸ
1379 703 1437 756 δὲ
1465 703 1752 772 ρμοούσιον
1801 704 1860 756 οὐ

1968 448 2186 506 essent;
2224 440 2393 510 igitur
2411 438 2728 510 cognitione
2756 438 2835 493 illi
2865 433 3348 514 consubstantialis
3378 433 3546 488 Verbi

1969 529 2166 595 Patris,
2213 530 2282 584 ad
2321 531 2608 600 proprium
2630 528 2877 594 accedit;
2924 523 3412 582 consubstantialis
3438 539 3548 579 non

1971 618 2144 687 gloria
2169 620 2630 676 consubstantiali
2655 638 2669 685 ;
2697 621 2874 675 factus
2903 627 2990 673 est
3032 633 3166 686 ergo
3216 615 3336 685 ipse
3387 605 3550 670 Jesus

1973 721 2074 774 per
2124 708 2367 763 Verbum
2413 709 2660 762 divinum
2709 707 2976 762 Dominus
3037 714 3095 760 et
3143 703 3401 759 Christus
3449 717 3550 772 per

288 797 417 862 δόξα
450 795 528 865 τῷ
583 795 886 865 ὁμοουσίῳ·
919 790 987 866 ἧν
1037 793 1145 865 ἄρα
1193 793 1399 862 Κύριος
1429 793 1521 847 διὰ
1563 795 1654 846 τὶν
1685 795 1862 862 Λόγον

1986 797 2281 852 melionem
2349 791 2950 869 Spiritus';Dominum
2982 797 3130 851 enim
3159 811 3258 865 per
3279 795 3544 858 Verbum,

289 884 380 937 τὸν
409 884 550 937 θεῖον
577 885 604 936 6
656 883 951 951 γενόμενος
1012 882 1108 934 καὶ
1155 881 1394 952 Χριστὸς
1432 881 1522 936 διὰ
1555 881 1654 952 τὴν
1687 883 1868 954 χρίσιν

288 961 383 1028 τοῦ
448 973 786 1044 Πνεύματος,
846 959 1011 1036 αὗτὸς
1063 972 1306 1043 Ἰησοῦς*
1355 973 1449 1026 καὶ
1495 973 1702 1044 Κύριον
1762 973 1870 1043 γὰρ

290 1065 566 1135 αὑτὸνδιὰ
593 1065 686 1130 τοῦ
731 1065 926 1133 Λόγου,
959 1064 1056 1118 καὶ
1095 1063 1331 1136 Χριστὸν
1373 1064 1462 1118 διὰ
1489 1063 1582 1117 τοῦ
1614 1063 1868 1132 Πνεῦμα-

291 1159 432 1222 τοςό
459 1157 593 1220 Θεὸς
639 1158 862 1228 ἐποίησε
909 1155 1101 1210 τοῦτον
1151 1155 1242 1209 τὸν
1283 1156 1490 1224 Ἰησοῦν
1537 1156 1597 1210 ὃν
1629 1156 1870 1223 Ἰουδαῖοι

293 1249 644 1318 ἐσταύρωσαν
673 1265 687 1279 ·
740 1250 905 1316 τεῇ-τε
949 1247 1154 1300 ἐνδόσει
1184 1243 1278 1300 τοῦ
1331 1247 1506 1315 Λόγου
1563 1245 1727 1300 αὑτοῦ
1775 1245 1869 1298 καὶ

297 1339 590 1410 περιθέσει
647 1337 740 1392 τοῦ
797 1337 1112 1408 Πνεύματος
1168 1336 1356 1402 αὐτοῦ,
1404 1337 1474 1391 τά
1501 1353 1560 1389 τε
1593 1335 1742 1400 ἐντὸς
1779 1336 1872 1390 καὶ

292 1433 449 1494 ἐκτὸς
475 1431 637 1502 τῆσδε
653 1431 753 1501 τῆς
782 1431 942 1498 ἁγίου
965 1428 1202 1483 κιϐωτοῦ
1232 1428 1596 1500 καταχρυσῶν
1621 1429 1650 1482 6
1679 1429 1871 1499 Πατὴρ

294 1521 418 1594 θείᾳ
449 1523 830 1592 μαρμαρυγῇ·
874 1523 921 1574 εἰ
966 1520 1024 1574 δὲ
1069 1520 1166 1574 καὶ
1219 1518 1327 1577 ἀπὸ
1367 1520 1676 1589 γεννήσεως
1711 1518 1872 1582 εὐθὺς

1965 890 2023 937 et
2054 881 2338 938 Christum
2378 901 2476 953 per
2520 885 2783 954 Spiritum
2823 885 2954 939 fecit
2989 885 3136 938 Deus
3159 872 3325 938 hunc
3356 883 3548 938 Jesum

1969 987 2136 1042 quem
2176 973 2349 1027 Judaei
2401 975 3064 1040 cruciﬁxerunt;unione
3094 989 3228 1028 vero
3252 973 3419 1032 Verbi
3461 972 3548 1050 ipe

1975 1063 2090 1116 sius
2121 1071 2178 1118 et
2223 1062 2462 1134 Spiritus
2493 1064 2792 1130 eﬂusione,
2820 1065 2970 1119 intus
3001 1065 3354 1134 exteriusque
3409 1064 3554 1118 hanc

1978 1162 2222 1208 sanctam
2268 1169 2453 1208 arcam
2486 1154 2650 1209 Pater
2688 1155 2982 1224 splendore
3005 1155 3193 1210 divino
3229 1153 3550 1218 exornavit;

1969 1253 2031 1300 et
2063 1243 2334 1315 siquidem
2380 1245 2565 1300 statim
2598 1253 2662 1299 aut
2694 1255 2857 1300 natus
2897 1256 2983 1301 est
3005 1246 3260 1302 Christus
3289 1256 3346 1302 et
3368 1246 3556 1301 Domi-

1968 1350 2080 1391 nus
2112 1337 2168 1390 in
2199 1336 2423 1392 civitate
2473 1337 2644 1392 David
2677 1339 2746 1392 ab
2777 1340 2985 1410 angelo
3017 1339 3428 1409 praenuntiante
3455 1351 3554 1392 vo-

1977 1435 2156 1493 catur;
2173 1435 2228 1482 ct
2253 1428 2498 1494 Samuel,
2521 1437 2814 1499 antequam
2829 1438 2997 1502 ungat
3013 1431 3302 1502 quemdam
3321 1429 3555 1484 filiorum

1976 1519 2151 1584 Iesse,
2185 1519 2342 1584 dicit,
2380 1539 2398 1570 ι
2422 1520 2517 1575 sed
2552 1537 2704 1576 nunc
2742 1531 2826 1577 cst
2845 1522 3107 1578 Christus
3137 1523 3405 1576 Dominus
3428 1520 3499 1572 Η
3529 1539 3552 1570 ι

293 1612 531 1682 Χριστὸς
560 1613 656 1666 καὶ
714 1611 920 1684 Κύριος
953 1613 1010 1665 ὲν
1047 1610 1200 1664 πόλει
1241 1609 1408 1664 Δαϐἰδ
1439 1607 1767 1680 ὀνομάζεται
1829 1607 1908 1678 τῷ
1945 1609 2164 1678 ἀγγέλῳ
2223 1610 2762 1678 προαναφωνητικῶς
2793 1626 2807 1641 ⁸
2866 1611 2962 1664 καὶ
3028 1612 3136 1682 γὰρ
3185 1613 3278 1664 καὶ
3308 1608 3559 1680 Σαμουὴλ

293 1703 430 1776 πρὶν
463 1703 648 1772 χρίσαι
675 1700 797 1756 τινὰ
828 1703 934 1756 τῶν
963 1700 1094 1754 υίῶν
1142 1700 1344 1754 Ἰεσσαὶ
1379 1701 1584 1768 ἔλεγεν,
1608 1717 1626 1751 ι
1679 1699 1820 1754 Ἀλλ’
1847 1699 1880 1770 ἦ
1916 1699 1944 1752 6
1975 1700 2212 1771 Χριστὸς
2241 1700 2479 1771 Κύρ,ιο;;
2508 1719 2527 1752 ι

884 1795 1138 1848 ΚΕΦΛΛ.
1197 1792 1298 1848 ιε’.

360 1891 433 1946 Εἰ
467 1888 541 1962 μὴ
569 1888 680 1958 ἄρα
733 1887 797 1940 ὲκ
846 1885 939 1940 τοῦ
989 1883 1308 1958 Πνεύματος
1352 1884 1542 1938 ἔλασεν
1573 1885 1602 1937 6
1644 1884 1874 1958 Ἰησοῦς,

296 1983 443 2040 καθά
493 1981 733 2035 διδάσκει
781 1980 810 2032 6
853 1978 1175 2048 Αἰγύπτιος,
1211 1977 1269 2031 τδ
1317 1979 1562 2050 ἐνεργεῖν
1591 1975 1873 2044 δύνασθαι,

301 2073 448 2136 τίνος
477 2072 663 2124 ἕνεκεν
689 2069 925 2123 δέδωκεν
983 2068 1132 2138 αὐτῷ
1181 2068 1210 2120 6
1270 2067 1461 2138 Πατὴρ
1507 2067 1568 2120 τὸ
1611 2066 1874 2138 Πνεῦμας

286 2165 375 2218 Ὀὐ
409 2163 592 2233 μέτρῳ
619 2162 750 2231 γὰρ,
775 2160 928 2231 φησὶ,
963 2159 1178 2213 δίδωσιν
1209 2159 1238 2211 6
1277 2158 1410 2222 Θεὸς
1442 2158 1504 2212 τὸ
1547 2157 1772 2229 Πνεῦμα
1795 2174 1810 2190 ·
1850 2159 1879 2212 6

299 2256 409 2326 γὰρ
435 2253 625 2325 Πατὴρ
673 2254 863 2322 ἀγαπᾷ
916 2243 1006 2304 τὸν
1039 2251 1166 2304 Υίδν
1193 2251 1290 2306 καὶ
1327 2252 1510 2306 πάντα
1553 2251 1785 2304 δέδωκεν
1813 2252 1871 2304 ἐν

289 2350 369 2418 *τῇ
404 2347 550 2417 χειρὶ
601 2344 804 2398 αὐτοῦ’
853 2343 974 2407 πῶς
1020 2339 1135 2410 οῦν,
1171 2345 1220 2398 εἱ
1271 2344 1347 2416 μὴ
1385 2343 1568 2414 μέτρῳ
1625 2344 1722 2396 καὶ
1752 2343 1878 2416 ἀξίᾳ

297 2439 508 2492 δίδοται
549 2437 696 2506 αὑτῷ
729 2435 836 2490 ὑπὸ
858 2433 995 2488 Θεοῦ
1037 2435 1251 2508 Πατρδς
1267 2435 1328 2488 τὸ
1353 2435 1617 2506 Πνεῦμας
1658 2435 1770 2503 Οὐχ
1803 2433 1880 2496 ὡς

295 2531 494 2592 ’ἄτονος
551 2528 842 2598 ἄνθρωπος
893 2525 1032 2598 προς
1088 2527 1372 2598 ἐνέργειαν
1423 2525 1576 2581 θείαν
1629 2525 1820 2578 ἔλαϐεν
1850 2527 1878 2578 6

300 2616 528 2688 ’Ἰησοῦς
555 2618 617 2670 τὺ
647 2615 872 2686 Πνεῦμα
893 2632 908 2649 ο
939 2617 988 2668 εί
1027 2614 1137 2686 γὰρ
1173 2615 1246 2686 μὴ
1280 2613 1395 2667 ἔστι
1433 2612 1636 2684 μέτρου
1663 2613 1880 2683 φύσεως

297 2707 501 2778 ’ἑτέρας
535 2705 720 2761 λαϐεῖν
741 2707 802 2760 τὺ
837 2708 1065 2777 Πνεῦμα
1113 2706 1174 2758 τὸ
1221 2709 1285 2759 ἐκ
1341 2705 1436 2759 τοῦ
1480 2705 1693 2775 Πατρὺς
1719 2706 1884 2757 ἐκποι-

305 2797 630 2870 ’ρευό-μενον,
683 2796 798 2850 ἀλλ’
826 2797 1066 2868 ὁμοφυῖα
1117 2796 1212 2848 καὶ
1239 2795 1428 2866 ἀγάπῃ
1460 2795 1596 2866 μόνῃ
1622 2797 1688 2865 τῇ
1745 2794 1884 2863 πρὸς

303 2885 471 2939 αὐτὸν
493 2883 714 2948 δὲδοται,
745 2884 904 2954 μόνος
939 2884 995 2938 δὲ
1023 2886 1052 2938 6
1091 2883 1222 2948 Υίδς
1269 2885 1448 2955 Πατρὶ
1475 2885 1570 2938 καὶ
1607 2883 1684 2951 τῷ
1717 2883 1885 2936 Πνεύ-

309 2995 442 3048 ματι
491 2976 798 3046 ὀμοούσιος,
833 2975 992 3046 δῆλον
1019 2977 1096 3039 ὡς
1143 2975 1230 3030 διὰ
1279 2974 1514 3046 φυσικὴν
1559 2975 1777 3044 ἀγάπην
1809 2975 1884 3046 τῷ

1907 1799 1957 1855 Β

2608 1794 2764 1849 CAP.
2794 1795 2934 1850 XIX.

2053 1882 2107 1944 Si
2141 1883 2307 1954 igitur
2337 1899 2446 1938 non
2473 1898 2540 1938 ex
2575 1884 2784 1954 Spiritu
2805 1884 3020 1956 accepit
3047 1883 3226 1949 Iesus,
3254 1885 3556 1940 secundum

1979 1971 2285 2027 doctrinam
2317 1971 2587 2043 Egyptii,
2636 1980 2963 2042 potestatem
3019 1973 3282 2042 operand‘i
3331 1985 3561 2046 propter

1979 2059 2112 2130 quid
2151 2059 2304 2114 dedit
2333 2060 2410 2114 illi
2441 2061 2602 2115 Pater
2643 2060 2950 2130 Spiritum?
2980 2060 3114 2115 Nam
3154 2079 3173 2111 ι
3199 2077 3311 2116 non
3341 2079 3563 2118 mensu-

1980 2169 2061 2218 ra,
2094 2154 2295 2224 inquit,
2324 2153 2416 2208 dat
2453 2155 2615 2209 Pater
2647 2154 3086 2226 Spiritum.Nam
3119 2157 3280 2212 Pater
3295 2167 3441 2214 amat
3469 2159 3559 2212 Fi-

1977 2245 2113 2305 lium
2157 2256 2213 2300 et
2241 2245 2424 2300 omnia
2471 2245 2624 2302 dedit
2667 2245 2722 2300 in
2747 2262 2909 2304 manu
2939 2248 3088 2304 illius
3130 2258 3176 2316 τί,
3213 2268 3231 2304 ι
3281 2250 3562 2327 quomodo

1980 2351 2132 2401 vero,
2164 2337 2208 2389 si
2239 2351 2349 2390 non
2384 2351 2644 2392 mensura
2673 2338 2766 2393 sed
2816 2339 3084 2410 dignitate
3129 2341 3291 2398 datus
3327 2349 3412 2404 est
3444 2342 3494 2397 ei
3529 2358 3562 2404 a

1981 2429 2094 2484 Deo
2117 2429 2396 2500 Spiritus?
2425 2431 2546 2484 Non
2575 2432 2721 2494 sicut
2752 2430 3046 2493 imbecillis
3079 2431 3244 2492 homo
3269 2431 3338 2494 ad
3367 2445 3562 2500 operae

1985 2519 2191 2582 tionem
2240 2521 2483 2576 divinam
2534 2519 2748 2590 accepit
2794 2521 2954 2576 Jesus
3001 2519 3292 2590 Spiritum.
3334 2520 3393 2575 Si
3425 2535 3560 2576 vero

1980 2626 2091 2666 non
2134 2619 2218 2666 est
2255 2627 2530 2672 mensurae
2575 2612 2718 2666 alius
2743 2621 2956 2666 naturae
2998 2613 3247 2684 accipere
3295 2611 3562 2681 Spiritum

1982 2702 2076 2774 qui
2099 2719 2166 2758 ex
2184 2703 2346 2758 Patre
2375 2704 2648 2773 procedit,
2673 2705 2768 2758 sed
2794 2703 2956 2758 datur
2980 2703 3082 2758 soli
3104 2702 3566 2767 natumsimiliet

1981 2794 2052 2850 ab
2077 2809 2144 2848 eo
2170 2795 2404 2860 dilectm,
2425 2795 2574 2850 solus
2608 2795 2782 2850 Filius
2805 2795 2955 2854 Patri
2985 2803 3042 2850 et
3066 2793 3294 2864 Spiritui
3323 2795 3564 2854 consub-

1985 2884 2285 2950 stantialis,
2315 2883 2544 2938 evidens
2569 2893 2655 2940 est
2693 2885 2839 2954 quod
2887 2893 3116 2955 propter
3141 2885 3445 2948 naturalem
3473 2883 3563 2938 di?

1983 2973 2280 3037 lectionem
2329 2974 2787 3029 consubstantiali
2818 2975 2960 3031 Filio
2998 2974 3156 3030 dedit
3197 2975 3566 3034 consubstan-r

307 3069 582 3139 ὁμοουσίῳ
607 3067 720 3138 Υίῷ
739 3067 938 3122 δέδωκε
961 3067 1020 3120 τὸ
1040 3065 1329 3137 ὁμοούσιον
1383 3066 1450 3118 αὑ
1461 3065 1546 3118 τοῦ
1590 3065 1818 3134 Πνεῦμα
1857 3065 1880 3117 6

1989 3063 2171 3124 tialem
2209 3065 2476 3134 Spiritum
2511 3081 2672 3122 suum
2708 3065 2889 3131 Pater,
2938 3082 3062 3120 nam
3111 3065 3292 3124 omnia
3319 3066 3471 3122 dedit
3511 3068 3564 3124 ei

296 3135 763 3230 ’Πατήρίπάντα
811 3159 922 3230 γὰρ
951 3135 1180 3211 δέδωκεν
1230 3158 1289 3211 ὲν
1331 3158 1400 3227 τῇ
1454 3155 1597 3226 χειρὶ
1637 3155 1804 3208 αὑτοῦ
1853 3156 1880 3208 6

1986 3156 2146 3210 Pater
2195 3155 2250 3208 in
2286 3171 2474 3220 manu,
2507 3157 2578 3210 ita
2609 3167 2662 3212 ut
2708 3157 2922 3212 diceret
2950 3156 3144 3226 Filius:
3185 3156 3566 3238 «omniaquae

299 3249 502 3321 ’Πατήρ
529 3265 543 3280 ·
597 3247 738 3302 ὥστε
795 3248 975 3316 λέγειν
1000 3247 1092 3301 τὸν
1127 3245 1275 3310 Υἱὸν,
1311 3263 1328 3298 ι
1352 3245 1546 3300 ’Πάντα
1585 3245 1684 3298 ὅσα
1711 3245 1824 3316 ἔχει
1852 3244 1883 3298 '6

303 3340 522 3412 Πατὴρ,
563 3340 674 3412 ἐμά
709 3342 847 3396 ἐστι.
897 3359 916 3392 ι

901 3431 1156 3485 ΚΕΦᾹΛ.
1217 3430 1301 3484 κ’.

379 3522 650 3586 Ζωοποιὸς
679 3523 796 3576 ἐστι
827 3521 922 3575 τοῦ
977 3523 1184 3592 Κυρίου
1239 3523 1273 3593 ἡ
1331 3521 1471 3592 σὰρξ
1517 3521 1882 3592 πιστευομένη

297 3612 393 3665 ’ὅτι
427 3610 534 3666 ὑπὸ
559 3611 652 3665 τοῦ
677 3611 812 3665 Θεοῦ
841 3613 1017 3678 Λόγου
1047 3611 1423 3684 ὲζωοποιήθη·
1455 3611 1631 3675 ἄλλως
1655 3612 1762 3682 γὰρ
1785 3613 1884 3664 οὐκ

297 3701 426 3756 ἐστι
503 3702 784 3766 ζωοποιός.
848 3703 988 3756 Ἀλλ’
1041 3703 1142 3756 οὐκ
1188 3703 1442 3774 ἐνεργείᾳ
1496 3701 1612 3776 τοῦ.
1651 3701 1884 3766 ζωτικοῦ

309 3793 487 3860 Λόγου
542 3792 635 3847 νῦν
677 3793 868 3857 ἁπλῶς
919 3793 1284 3865 ὲξωοποιὴθη,
1337 3793 1526 3864 ὥσπερ
1592 3797 1651 3847 ὲν
1703 3795 1768 3864 τῇ
1792 3793 1884 3846 τοῦ

311 3883 494 3952 ’Ἂδὶιμ
535 3884 898 3956 δημιουργίγ
935 3885 1042 3955 ὅτῳ
1075 3885 1186 3961 γὰρ
1231 3883 1299 3938 ἂν
1341 3885 1503 3938 πάλιν
1531 3885 1754 3954 δυνάμει
1791 3884 1887 3936 καὶ

302 3972 372 4024 τὸ
399 3971 637 4043 φθαρτὸν
667 3969 790 4043 εἷχε
811 3975 906 4028 καὶ
935 3973 1032 4028 νῦν
1051 3976 1079 4026 6
1108 3974 1398 4044 ἄνθρωπος
1417 3992 1430 4006 ·
1463 3975 1579 4028 ἀλλ’
1613 3975 1886 4045 ἐνοικήσει

311 4059 526 4128 φύσεως
537 4059 772 4132 ζωτικῆς
789 4061 1064 4130 είςφύσιν,
1082 4063 1204 4116 καθ’
1229 4064 1426 4118 ἕνωσιν
1441 4062 1638 4116 οὐσιῶν
1655 4062 1768 4126 δύο,
1785 4064 1884 4135 τὴν

312 4151 611 4204 ὑπόστασιν
654 4153 783 4221 μίαν
843 4153 1247 4208 ἀποδεικνῦσαν
1269 4171 1282 4184 ο
1313 4155 1397 4218 ὡς
1429 4153 1504 4226 μὴ
1531 4153 1736 4224 ἰσχύειν
1775 4152 1889 4206 πώ-

312 4259 444 4296 ποτε
469 4243 656 4296 λοιπὸν
703 4245 765 4297 τὸ
805 4245 1035 4316 δυνάμει
1071 4246 1494 4315 ὲναποκείμενον
1541 4244 1775 4316 φθαρτὸν
1818 4247 1885 4316 τῇ

313 4331 474 4402 φύσει
504 4337 570 4404 τῇ
629 4333 977 4407 ἀνθρωπίνῃ,
1023 4338 1104 4398 εἰς
1145 4335 1208 4389 τὸ
1251 4337 1506 4407 ἐνεργείᾳ
1555 4335 1837 4408 προελθεῖν
1867 4349 1884 4365 ο

1981 3241 2346 3314 habet’Pater,
2377 3259 2496 3298 mea
2521 3253 2649 3298 sunt
2669 3257 2718 3298 α.
2754 3264 2774 3308 ρ

2619 3425 2774 3482 CAP.
2807 3425 2929 3485 XX.

2047 3516 2347 3573 Viviticans
2373 3523 2456 3572 est
2485 3517 2705 3572 Domini
2745 3533 2876 3572 caro
2901 3533 3028 3573 cum
3062 3517 3343 3574 credimus
3377 3531 3496 3573 eam
3532 3533 3563 3572 a

1984 3609 2096 3664 Deo
2133 3609 2312 3664 Verbo
2340 3607 2690 3662 viviﬁcatam.
2725 3609 2903 3664 Aliter
2933 3610 3083 3664 enim
3121 3624 3240 3665 non
3257 3618 3350 3668 est
3378 3610 3564 3665 viviti-

1983 3714 2135 3754 cans.
2171 3697 2278 3754 Sed
2305 3714 2418 3753 non
2443 3699 2651 3754 virtute
2685 3699 2796 3753 vivi
2829 3699 2996 3754 Verbi
3040 3714 3190 3759 nunc
3237 3699 3566 3768 simpliciter

1983 3789 2256 3846 viviticata
2280 3829 2294 3853 ,
2327 3798 2390 3844 ut
2426 3790 2482 3844 in
2510 3790 2796 3846 creatione
2818 3791 3022 3858 Adam;
3053 3805 3382 3868 quacunque
3413 3791 3566 3844 enim

1987 3897 2180 3936 rursus
2213 3881 2420 3936 virtute
2465 3881 2877 3950 corruptionem
2921 3881 3152 3942 haberet
3190 3897 3340 3937 nunc
3374 3881 3562 3947 homo,

1986 3973 2084 4030 sed
2109 3973 2292 4028 univit
2333 3987 2447 4028 suae
2479 3980 2692 4028 naturae
2733 3981 2989 4032 naturam
3035 3973 3428 4039 viviﬁcantem,
3465 3988 3565 4042 per

1989 4063 2248 4123 unionem
2290 4063 2524 4118 duarum
2549 4063 3007 4128 substantiarum,
3035 4076 3200 4118 unam
3245 4063 3570 4136 bypostasin.

1987 4155 2362 4218 exhibentem,
2417 4165 2478 4210 ut
2508 4171 2794 4224 nunquam
2841 4155 3106 4226 deinceps
3135 4164 3322 4225 posset
3345 4155 3401 4208 in
3435 4169 3566 4224 opes

1989 4247 2200 4302 ratione
2262 4247 2366 4302 sita
2417 4245 2723 4315 corruptio,
2788 4257 3000 4302 natura:
3058 4247 3311 4302 humana;
3353 4243 3568 4315 ingredi,

1989 4339 2332 4409 operatione,
2381 4347 2443 4394 ut
2479 4339 2720 4400 humana
2759 4335 3040 4411 hypostasi
3086 4338 3141 4392 in
3193 4337 3316 4408 ipso
3353 4337 3458 4392 sita
3486 4339 3570 4391 in-

313 4422 390 4485 ὡς
413 4423 554 4476 κατὰ
583 4423 930 4495 ἀνθρωπίνης
973 4425 1324 4488 ὑποστάσεως
1357 4425 1880 4495 συνεναποκειμὲνης

1991 4429 2364 4500 corruptionis
2401 4431 2630 4497 virtute,
2676 4430 2804 4484 vitae
2851 4431 3075 4500 propria
3105 4437 3326 4492 natura,
3355 4436 3570 4484 etcum

315 4513 452 4583 αὐτῇ
491 4514 550 4564 ἐν
587 4517 651 4584 τῇ
677 4515 772 4584 τῆς
821 4516 1225 4586 ἀφθαρτοποιοῦ
1256 4517 1559 4586 δυνάμεως,
1594 4517 1692 4586 τῆς
1725 4517 1889 4570 αύτο-

314 4607 474 4673 φύσει
505 4606 667 4676 ζωῆς,
695 4608 787 4658 καὶ
819 4609 897 4668 είς
928 4606 1022 4678 τὴν
1050 4607 1220 4675 αὐτὴν
1262 4607 1412 4660 θείαν
1447 4607 1742 4660 ὑπόστασιν
1773 4623 1896 4659 συν-

313 4699 544 4770 εχούσης
581 4704 681 4770 τὴν
742 4701 1091 4771 ἀνθρωπείαν
1128 4701 1322 4770 φύσιν’
1374 4699 1518 4752 οὕτω
1555 4702 1689 4767 γοῦν
1749 4717 1893 4763 τινες

311 4793 410 4844 καὶ
438 4793 566 4854 τοὺς
592 4793 950 4862 φθοροποιοὺς
999 4793 1096 4862 τῆς
1135 4791 1372 4861 γαστρὸς
1398 4791 1564 4852 ὀνποὺς
1591 4790 1624 4860 ἢ
1663 4789 1892 4858 βοτάνας
1929 4822 1937 4830 ι

313 4883 380 4940 δι’
414 4885 604 4953 ἑτέραν
669 4885 790 4938 τινὰ
850 4885 1120 4952 ἀφέλειαν
1167 4883 1572 4954 προσφέροντες
1609 4899 1722 4935 τισι
1777 4885 1890 4946 τοῖς

319 4972 466 5035 ἰδίως
515 4975 820 5042 ὲφεκτικοῖς
869 4973 1041 5041 αὐτῆς
1087 4974 1251 5025 εἴδεσι
1311 4973 1586 5042 μίξαντες,
1643 4973 1722 5036 εις
1770 4971 1890 5035 ἐνὸς

318 5062 610 5132 φαρμάκου
654 5061 916 5132 σύνθεμα,
967 5059 1138 5120 ἀδεῶς
1185 5061 1246 5113 τὸ
1308 5060 1492 5113 λοιπὸν
1558 5059 1886 5130 παρέχουτιο

261 5139 286 5152 ”
318 5153 674 5221 φθοροποιίαν
728 5153 962 5222 γαστρὸς
1017 5150 1203 5204 λοιπὸν
1237 5151 1340 5204 οὐκ
1385 5150 1771 5218 εὐλαϐούμενοι
1804 5149 1890 5201 διὰ

315 5243 380 5296 τὸ
430 5242 922 5312 συμπεπλεγμένον
977 5239 1266 5307 ἐφεκτικὸν
1315 5241 1412 5312 τῆς
1443 5240 1675 5308 γαστρὸς
1717 5241 1776 5292 ὲν
1811 5237 1890 5296 ἐνὶ

317 5333 411 5386 καὶ
440 5333 518 5404 τῷ
545 5333 694 5404 αὐτῷ
717 5332 991 5402 φαρμάκῳ
1031 5332 1166 5400 ἅμα.

875 5423 1128 5476 ΚΑΦΑΛ.
1172 5424 1304 5478 ΚΛ’.

385 5514 499 5568 οὐκ
535 5513 679 5568 ἔστιν
713 5513 996 5584 ἄνθρωπος
1026 5513 1103 5582 μὴ
1133 5511 1208 5566 ὧν
1248 5531 1333 5578 τις
1381 5512 1666 5584 ἄνθρωπος
1688 5530 1704 5546 ν
1736 5511 1826 5565 καὶ
1855 5511 1884 5564 6
1933 5529 1946 5542 ·

353 5631 566 5704 YlReg.
594 5649 700 5698 xvi,
723 5632 776 5687 5.
857 5639 878 5667 ε
915 5629 1071 5686 Joan.
1115 5645 1195 5696 in,
1227 5631 1318 5687 55.
1396 5643 1419 5672 ι
1449 5631 1607 5686 Joan.
1635 5641 1746 5697 xvl,
1782 5629 1869 5684 15.

1997 4521 2114 4590 ipsa
2179 4519 2365 4577 divina
2423 4519 2702 4590 liypostasi
2769 4521 2980 4574 unitam
3046 4520 3344 4574 humanam
3407 4529 3572 4575 natu-

1995 4628 2142 4679 ram;
2173 4611 2252 4671 sic
2276 4611 2444 4682 igitur
2481 4611 2707 4682 quidam
2732 4612 2849 4666 sani
2875 4611 3132 4666 mortales
3163 4611 3449 4666 stomacho
3470 4609 3573 4665 hu-

1995 4717 2198 4767 mores,
2219 4703 2305 4758 vel
2328 4702 2568 4774 plantas,
2606 4703 2722 4758 sive
2759 4702 3049 4772 quamdam
3083 4701 3246 4755 aliam
3279 4701 3572 4758 utilitatem

1993 4793 2343 4859 adhibentes,
2377 4801 2433 4847 et
2464 4793 2797 4862 quibusdam
2822 4791 3259 4863 astringentibus
3281 4792 3576 4862 speciebus

1992 4885 2306 4946 miscentes,
2342 4898 2512 4937 unum
2541 4883 2894 4952 pharmacum
2921 4891 3260 4953 componunt
3288 4883 3437 4953 quod
3455 4883 3576 4943 sine

1993 4980 2141 5028 metu
2183 4973 2250 5026 de
2273 4980 2474 5027 caetero
2509 4972 2796 5038 adhibent,
2827 4974 3255 5044 Corruptionem
3302 4975 3576 5042 stomachi

1995 5063 2064 5120 de
2101 5071 2300 5118 caetero
2329 5078 2438 5118 non
2473 5063 2732 5118 timentes
2766 5073 2998 5141 propter
3027 5064 3346 5120 mistioncm
3374 5067 3578 5125 astrin-x

1995 5152 2172 5224 gentis
2193 5152 2324 5208 salsi
2358 5153 2415 5208 in
2450 5152 2644 5208 eodem
2681 5155 2998 5233 pharmace.

2063 5510 2182 5566 Non
2209 5507 2378 5564 homo
2403 5507 2498 5581 qui
2510 5523 2626 5564 non
2648 5417 3161 5584 scifththigbomo,
3189 5512 3247 5561 et
3271 5503 3578 5577 suscipiam
