3858 6156
301 227 362 294 17
375 227 436 292 £3

1560 221 1876 284 "LEONTII
1915 191 2322 284 BYZANTINI

3441 208 3609 274 ιτιι

299 339 701 395 humanitatem
747 337 894 393 Deus
947 337 1242 406 quemdam
1282 335 1566 391 hominem
1608 336 1876 406 suscepit,

2001 335 2272 407 ιαμεάνων
2297 335 2388 388 τὸν
2413 333 2696 404 ἄνθρωπον
2717 331 2852 395 Θεὸς
2881 331 3004 385 τινὰ
3029 329 3330 401 ἄνθρωπον
3352 327 3607 398 λαμ.σά-

297 428 392 500 qui
418 428 722 484 secundum
764 433 1016 481 naturam
1042 435 1129 480 est
1166 426 1354 490 homo,
1399 423 1709 480 secundum
1744 439 1878 480 vero

297 516 673 585 acceptionem
692 523 778 569 est
799 529 966 584 super
993 514 1299 569 hominem.
1333 513 1390 569 Si
1422 529 1554 570 vero
1583 514 1876 584 quemdam

297 607 580 660 hominem
606 605 787 672 adhuc
819 605 875 658 in
919 613 1206 674 posterum
1247 605 1464 673 accepit
1507 603 1676 668 Deus,
1707 604 1878 658 bene-

297 698 440 753 dicis
464 738 477 759 ,
509 697 552 750 si
599 697 653 749 in
683 695 1130 765 apprehensione
1150 705 1205 751 et
1230 705 1354 765 post
1377 695 1878 765 apprehensionem

295 791 420 860 quis
446 788 596 842 visus
615 796 698 842 est
722 795 783 842 ut
828 787 1024 852 homo,
1059 787 1338 858 quomodo
1365 785 1662 858 quemdam
1699 785 1879 840 homi—

295 895 426 935 nem
463 878 673 934 nudum
724 878 968 946 sumpsit
1031 878 1322 934 obtentum
1377 891 1446 931 ex
1497 874 1879 944 assumptione

296 971 491 1028 illius?
541 971 598 1027 Si
640 986 776 1026 vero
815 971 1122 1026 secundum
1155 978 1410 1024 naturam
1454 967 1621 1021 homo
1651 975 1734 1022 est
1777 982 1880 1021 na-

296 1077 439 1126 tura.
471 1073 530 1120 et
583 1079 680 1133 per
730 1062 1164 1132 assumptionem
1197 1075 1364 1130 supra
1397 1059 1704 1120 hominem,
1737 1058 1878 1112 nihil

295 1157 443 1212 aliud
471 1157 577 1211 nisi
609 1156 726 1225 ipsa
748 1163 946 1208 natura
962 1168 1189 1224 prorsus
1215 1160 1484 1206 mutatura
1510 1163 1617 1215 est,
1655 1158 1713 1204 ut
1733 1159 1882 1206 esset

295 1249 442 1319 quod
487 1257 609 1302 erat
652 1255 853 1300 natura
914 1261 1013 1315 per
1059 1244 1522 1312 assumptionem,
1574 1240 1709 1310 quid
1749 1256 1881 1310 ergo

295 1339 478 1394 factus
505 1346 614 1403 est,
637 1337 724 1391 vel
757 1337 906 1392 enim
934 1335 1142 1404 aliquid
1158 1333 1308 1388 aliud
1329 1333 1426 1403 qui
1453 1349 1558 1388 nec
1578 1332 1748 1393 Deus,
1778 1347 1881 1386 nec

297 1431 465 1486 homo
493 1439 550 1484 et
578 1428 725 1499 quod
758 1429 1076 1496 assumpsit.
1109 1426 1314 1480 Tamen
1349 1423 1498 1494 apud
1535 1438 1635 1477 vos
1683 1431 1879 1477 natura

299 1537 410 1576 una
458 1528 544 1575 est
566 1517 808 1582 Christo,
853 1526 911 1572 et
952 1517 1071 1586 ipsa
1105 1513 1315 1580 divina,
1348 1521 1404 1568 et
1433 1526 1542 1566 una
1569 1510 1882 1582 hypostasis

302 1613 379 1668 illi
415 1611 700 1668 evidenter
721 1611 886 1665 etiam
911 1607 1116 1663 divina.

903 1744 1054 1800 CAP.
1114 1743 1282 1798 xxu.
1909 1718 1955 1774 Β

368 1847 646 1919 Scriptum
676 1855 760 1901 est
795 1845 924 1915 quia
958 1853 1014 1899 et
1043 1842 1380 1908 sanctiﬁans,
1414 1841 1467 1896 id
1497 1849 1581 1895 cst
1609 1838 1879 1904 Christus,

294 1951 356 1998 et
399 1937 762 2004 sanctificati,
821 1951 1016 1990 onmes
1063 1950 1131 1990 ex
1182 1948 1314 1998 uno,
1369 1931 1583 1987 scilicet
1631 1946 1698 1985 ex
1748 1929 1879 1985 Deo.

299 2035 475 2100 Quam
498 2031 569 2086 ob
599 2044 819 2084 causam
847 2041 959 2082 non
983 2024 1265 2081 erubescit
1291 2023 1417 2077 illos
1443 2022 1644 2076 fratres
1663 2033 1882 2086 vocare,

301 2123 492 2177 dicens
521 2137 534 2172 :
577 2135 596 2168 ι
643 2116 890 2172 Narrabo
919 2127 1123 2169 nomen
1148 2120 1300 2166 tuum
1329 2110 1600 2165 fratribus
1620 2109 1826 2176 meisb;
1857 2127 1876 2162 ι

295 2221 356 2268 et
405 2211 648 2266 iterum:
695 2226 713 2259 ι
759 2206 897 2272 Quia
939 2220 1072 2276 ergo
1123 2193 1280 2274 pueri
1331 2201 1886 2258 communicaverunt

299 2299 454 2355 carni
489 2305 546 2354 et
568 2295 848 2367 sanguini,
880 2304 937 2351 et
965 2295 1082 2365 ipse
1107 2293 1367 2349 similiter
1396 2291 1746 2363 participavit
1775 2291 1887 2345 eis-

301 2391 426 2446 dem
444 2399 490 2444 ο.
541 2407 562 2442 ι
605 2387 714 2443 Sed
748 2386 1001 2457 quamvis
1039 2401 1106 2440 ex
1149 2401 1258 2440 uno
1301 2399 1516 2448 omnes,
1555 2398 1664 2437 non
1690 2381 1885 2437 eodem

301 2481 498 2542 modo,
541 2478 637 2532 hic
683 2477 836 2532 enim
877 2475 1234 2546 generatione
1286 2473 1638 2528 immaculata
1671 2480 1727 2527 et
1765 2471 1886 2526 sine

299 2569 580 2642 principio
613 2583 680 2622 ex
716 2567 812 2622 illo
849 2577 965 2634 est;
1005 2567 1083 2621 illi
1109 2575 1294 2622 autem
1321 2566 1603 2622 creatione
1633 2573 1883 2632 tantum;

303 2675 416 2716 non
443 2659 592 2714 enim
636 2659 886 2728 ejusdem
931 2666 1146 2713 natura:
1179 2669 1310 2713 sunt
1341 2659 1488 2712 filius
1516 2656 1668 2726 ﬁguli
1691 2666 1747 2711 et
1768 2671 1884 2723 vas,

305 2751 560 2823 quamvis
605 2758 836 2818 uterque
877 2747 946 2802 ab
977 2748 1070 2802 illo
1099 2749 1332 2802 oriatur.
1362 2747 1594 2816 Insuper
1619 2745 1666 2800 si
1693 2760 1890 2802 creans

311 2853 364 2900 et
382 2843 554 2900 creati
580 2849 778 2897 natura
799 2841 942 2896 inter
959 2856 1016 2896 se
1035 2840 1320 2905 differunt,
1345 2839 1620 2910 quomodo
1640 2838 1888 2910 ejusdem

306 2945 520 2992 natura:
583 2948 704 2988 esse
763 2941 997 3004 possunt
1045 2933 1371 3005 naturaliter
1430 2929 1890 2987 sanctificanset

1979 442 2084 488 νει,
2114 426 2206 478 τὸν
2242 425 2331 480 διὰ
2381 423 2481 495 μὲν
2520 424 2619 496 τὴν
2662 423 2825 493 φύσιν
2863 422 2996 476 ὄντα
3035 423 3362 493 ἄνθρωπον,
3395 420 3504 474 διὰ
3537 421 3606 472 δὲ

1979 519 2079 588 τὴν
2129 517 2290 586 λῆψιν
2350 515 2477 569 ὂντα
2524 516 2663 586 ὑπὲρ
2711 515 3022 585 ἄνθρωπον.
3074 514 3140 566 Ei
3177 512 3284 583 μὲν
3317 508 3426 565 οὖν
3455 527 3608 564 τινα

1980 609 2110 661 ὅντα
2138 607 2426 678 ἄνθρωπον
2474 606 2576 676 ἤδη
2607 605 2838 677 ὕστερον
2863 605 3059 658 ἔλασεν
3104 607 3136 659 ὁ
3185 605 3350 668 Θεὸς,
3391 604 3606 666 καλῶς

1981 701 2190 769 λέγεις’
2223 702 2272 753 εί
2318 699 2374 752 δὲ
2397 703 2465 770 τῇ
2498 699 2658 768 λήψει
2701 700 2795 752 καὶ
2834 699 2972 770 μετὰ
3025 699 3130 768 τὴν
3177 697 3354 767 λῆψιν
3379 695 3602 768 ὡρὰθη

1979 807 2064 854 τις
2091 789 2168 844 ὢν
2195 789 2504 860 ἄνθρωπος,
2535 789 2656 852 πῶς
2682 806 2804 842 τινα
2839 787 3130 859 ἄνθρωπον
3158 787 3324 840 ἔλαϐε
3361 787 3602 858 γυμνὸν

1981 881 2244 934 ἄτευκτον
2273 881 2352 933 ἔτι
2380 884 2480 952 τῆς
2521 879 2882 950 προσλήψεως
2921 879 3128 946 αὐτοῦς
3165 881 3214 932 εί
3256 879 3315 932 δὲ
3345 878 3442 932 διὰ
3476 879 3600 948 τὴν

1981 974 2146 1042 φύσιν
2173 972 2460 1044 ἄνθρωπός
2489 957 2603 1026 ἐστι
2623 976 2689 1044 τῇ
2710 972 2870 1043 φύσει
2895 973 2986 1026 καὶ
3005 971 3094 1026 διὰ
3117 971 3218 1042 τὴν
3239 970 3411 1040 λῆψιν
3431 969 3600 1039 ὑπὲρ

1981 1066 2292 1137 ἄνθρωπον,
2331 1067 2431 1119 οὐκ
2458 1065 2588 1121 ἄλλο
2619 1083 2674 1118 τι
2721 1065 2840 1118 ἀλλ’
2865 1064 3037 1136 αὐτὴν
3089 1063 3190 1132 τὴν
3226 1061 3398 1132 φύσιν
3436 1062 3592 1114 πάν-

1981 1174 2090 1222 τως
2121 1157 2331 1228 ἐτράπη
2350 1157 2444 1211 οὖν
2470 1155 2566 1210 τοῦ
2600 1152 2740 1210 εἶναι
2771 1156 2800 1208 ὃ
2843 1151 2912 1227 ἦν
2941 1159 3004 1226 τῇ
3040 1155 3202 1224 φύσει
3229 1154 3319 1208 διὰ
3344 1154 3450 1224 τῆς
3474 1152 3584 1222 λήι

1981 1249 2128 1318 ψεως
2155 1265 2167 1278 ·
2195 1249 2248 1301 τί
2283 1245 2376 1303 οὖν
2405 1250 2656 1316 γέγονεν;
2698 1248 2730 1319 ἢ
2758 1247 2868 1318 γὰρ
2896 1247 3086 1317 ἔτερόν
3110 1264 3185 1312 τι,
3214 1247 3244 1299 ὃ
3267 1245 3393 1300 οὐδὲ
3413 1244 3583 1308 Θεὸς,

1981 1340 2102 1394 οὐδὲ
2136 1338 2425 1410 ἄνθρωπός
2475 1342 2591 1392 ἐστι
2614 1338 2677 1391 τὸ
2721 1338 3170 1409 προσλαϐόμενον
3213 1338 3390 1407 ἡγουν
3417 1352 3432 1365 ·
3464 1335 3585 1404 ἄρα

1983 1432 2079 1486 οὖν
2109 1431 2233 1485 καθ’
2260 1432 2425 1501 ὑμᾶς,
2461 1431 2556 1485 καὶ
2617 1431 2778 1499 φύσις
2819 1432 2920 1501 μία
2983 1429 3103 1483 ἐστὶ
3157 1429 3412 1500 Χριστῷ,
3479 1426 3588 1482 καὶ

1983 1525 2122 1591 αύτὴ
2170 1523 2290 1576 θεία
2312 1541 2326 1554 ·
2365 1525 2458 1576 καὶ
2511 1523 2814 1587 ὑπόστασις
2851 1523 2909 1577 δὲ
2967 1522 3118 1590 αύτῷ
3151 1521 3249 1590 μία
3279 1520 3585 1592 προδήλως

1978 1617 2080 1670 καὶ
2106 1615 2244 1686 αὐτὴ
2280 1615 2436 1674 Θεοῦ.

2547 1745 2802 1798 ΚΕΦΑΛ.
2845 1743 2972 1800 ΚΒ’.

2048 1839 2368 1908 Γέγραπται
2398 1840 2480 1893 ὅτι
2513 1838 2610 1891 καὶ
2633 1840 2661 1891 ὁ
2689 1836 2954 1906 ἁγιάζων,
2996 1839 3164 1908 ἤγουν
3190 1834 3451 1906 Χριστὺς,
3481 1835 3586 1887 καὶ

1984 1929 2034 1982 οί
2065 1929 2439 1997 ἁγιαζόμενοι,
2473 1927 2534 1992 ἐξ
2565 1927 2683 1992 ἑνὸς
2715 1928 2940 1993 πάντες,
2962 1927 3166 1998 δηλαδὴ
3195 1928 3259 1980 ἐκ
3286 1925 3380 1979 τοῦ
3409 1924 3582 1978 θεοῖν

1984 2021 2053 2074 δι’
2091 2021 2162 2092 ἢν
2217 2021 2398 2075 αἰτίαν
2438 2019 2565 2074 οὐδὲ
2615 2020 3006 2090 ἐπαισχύνεται
3049 2019 3249 2081 αὐτοὺς
3303 2018 3586 2086 ἀδελφοὺς

1985 2113 2172 2168 καλεῖν
2194 2112 2387 2181 λέγων,
2411 2131 2431 2164 ι
2455 2112 2780 2182 Ἀπαγγελῶ
2797 2112 2856 2166 τὸ
2882 2112 3054 2183 ὄνομά
3079 2128 3172 2164 σου
3189 2112 3301 2173 τοῖς
3315 2110 3439 2164 ἀδελ
3451 2109 3584 2180 φηῖς

1989 2225 2094 2278 μου
2114 2223 2129 2240 ·
2157 2227 2176 2259 ι
2201 2209 2294 2262 καὶ
2312 2206 2495 2272 πάλιν,
2519 2225 2540 2258 ι
2562 2207 2718 2260 Ἐπεὶ
2737 2201 2833 2260 οὖν
2853 2205 2922 2260 τὰ
2947 2203 3136 2260 παιδία
3170 2201 3583 2273 κεκοινώνηκεν

1985 2299 2218 2368 αἵματος
2249 2299 2343 2352 καὶ
2385 2299 2609 2370 σαρκὸς,
2645 2297 2740 2350 καὶ
2787 2295 2950 2360 αὐτὸς
2992 2295 3393 2367 παραπλησίως
3437 2311 3584 2365 μετ’

1988 2391 2113 2460 έσχε
2147 2390 2256 2443 τῶν
2291 2389 2493 2444 αὐτῶν.
2522 2408 2542 2441 ι
2575 2389 2714 2442 Ἀλλ’
2741 2389 2790 2442 εί
2823 2388 2918 2442 καὶ
2938 2387 2998 2452 ἐξ
3040 2387 3158 2450 ἑνός
3199 2387 3424 2450 πάντες,
3453 2384 3579 2438 ἀλλ’

1985 2483 2084 2552 οὐχ
2120 2481 2410 2545 ὡσαύτως·
2439 2483 2468 2535 ὁ
2504 2481 2604 2552 μὲν
2633 2483 2742 2552 γὰρ
2771 2481 2868 2534 καὶ
2898 2479 3151 2549 γεννήσει
3181 2479 3278 2530 καὶ
3315 2476 3582 2547 ἀχράντῳ

1988 2577 2082 2629 καὶ
2111 2575 2334 2645 ἀνάρχῳ
2365 2574 2512 2627 ἐστὶν
2559 2573 2618 2638 ἐξ
2656 2571 2855 2627 αὐτοῦ·
2895 2575 2943 2626 ei
2970 2573 3030 2626 δὲ
3067 2571 3246 2625 κτίσει
3291 2571 3482 2640 μόνον,
3512 2569 3580 2620 ού

1986 2656 2088 2735 τῆς
2126 2664 2296 2733 αὐτῆς
2327 2663 2386 2717 δὲ
2420 2662 2658 2732 φύσεως,
2693 2663 2722 2716 ὅ
2753 2679 2814 2714 τε
2865 2663 2981 2724 υίὸς
3023 2661 3118 2714 τοῦ
3149 2659 3441 2730 κεραμέως
3472 2658 3584 2712 καὶ

1987 2758 2020 2826 ἡ
2056 2756 2314 2825 στάμνος,
2369 2754 2546 2808 καίτοι
2575 2753 2634 2819 ἐξ
2662 2751 2828 2806 αὐτοῦ
2851 2752 3138 2821 γενόμενοι
3165 2751 3366 2820 ἄμφωο
3392 2748 3580 2811 ἄλλως

1989 2847 2045 2900 δὲ
2074 2847 2104 2899 ὁ
2139 2846 2299 2917 φύσει
2341 2847 2606 2914 ἁγιάζων,
2642 2846 2737 2900 καὶ
2767 2846 2818 2898 οἱ
2848 2832 3011 2912 φύσει
3047 2841 3423 2911 ἁγιαζόμενοι,
3456 2841 3581 2903 sub;

1991 2940 2284 3008 ὀμοφυεῐς;
2315 2938 2475 3008 εῐπερ
2513 2937 2588 3008 μὴ
2622 2938 2718 2990 καὶ
2749 2939 2776 2990 ὀ
2803 2936 3004 3000 κτίζων
3036 2935 3128 2988 καὶ
3151 2937 3202 2988 oi.
3235 2935 3574 3004 κτιζὸμενοιο

307 3024 638 3081 naturaliter
694 3024 1091 3079 sanctificatus.
1133 3023 1246 3080 Cur
1299 3038 1432 3080 vero
1476 3022 1674 3078 fratres
1751 3022 1876 3076 illos

2001 3031 2078 3085 διὰ
2109 3031 2162 3082 τί
2205 3030 2262 3082 δὲ
2309 3029 2402 3084 καὶ
2458 3029 2644 3084 καλεῖν
2703 3029 2900 3092 αὐτοὺς
2949 3028 3211 3095 ἀδελφοὺς
3257 3028 3358 3080 οὐκ
3419 3029 3581 3080 ἐπαι-

307 3129 508 3172 vocare
543 3129 654 3168 non
687 3113 1006 3168 erubescit?
1034 3115 1169 3180 Quis
1197 3115 1343 3169 enim
1373 3115 1553 3185 pudor
1579 3115 1668 3168 vel
1695 3113 1886 3168 existi-
1915 3132 1928 3141 -

309 3205 495 3264 matu'r
543 3207 596 3262 in
641 3207 713 3261 iis
755 3199 852 3279 qui
897 3223 1124 3278 prorsus
1151 3206 1398 3277 ejusdem
1425 3215 1638 3260 naturae
1669 3213 1797 3259 sunt
1827 3218 1891 3258 ac

309 3300 634 3371 dignitatis?
663 3301 760 3356 Vel
781 3316 905 3370 qua:
930 3299 1052 3354 laus
1077 3298 1406 3352 humilitatis
1442 3297 1494 3351 ei
1521 3297 1620 3366 qui
1647 3295 1890 3365 seipsum

307 3399 472 3445 vocat
498 3389 645 3459 quod
672 3397 821 3444 totus
856 3397 944 3443 est
983 3389 1314 3442 naturaliter
1351 3386 1490 3442 nihil
1519 3388 1760 3458 amplius
1797 3387 1894 3442 ha-

311 3477 500 3536 bens?
542 3479 731 3549 Neque
773 3479 921 3534 enim
959 3480 1053 3548 qui
1099 3488 1312 3534 tantum
1352 3477 1683 3533 naturaliter
1718 3477 1895 3532 forma

312 3567 458 3626 servi
481 3569 718 3633 exsistit,
744 3567 815 3622 ab
848 3567 997 3622 inani
1025 3566 1198 3638 gloria
1225 3567 1440 3622 alienus
1485 3573 1571 3620 est
1606 3565 1899 3621 habendus

313 3661 554 3732 seipsum
589 3675 810 3716 servum
847 3674 1071 3714 vocans.
1099 3658 1230 3724 Quae
1256 3656 1559 3726 spiritualis
1591 3655 1900 3728 sympathia

311 3753 499 3822 pueris
518 3753 610 3822 qui
640 3749 1186 3806 communicaverunt
1210 3746 1667 3817 participantihus
1685 3746 1833 3801 carni
1847 3751 1904 3800 et

313 3844 567 3916 sanguini
595 3851 816 3908 natura,
863 3840 1202 3912 participare
1239 3838 1374 3893 fecit
1405 3853 1534 3892 eum
1577 3839 1673 3908 qui
1705 3847 1901 3892 natura

313 3943 370 3991 et
415 3935 534 4007 ipse
576 3948 806 4004 prorsus
844 3933 1084 3996 similis,
1117 3939 1323 3986 etcum
1350 3928 1605 3984 similiter
1631 3927 1817 3983 carnis
1847 3933 1903 3980 et

313 4025 602 4096 sanguinis
640 4033 859 4079 natura.
897 4022 1015 4078 Etsi
1056 4036 1192 4077 vero
1221 4035 1331 4076 non
1357 4020 1545 4085 vellet,
1579 4021 1669 4075 vel
1716 4019 1902 4089 potius

315 4121 420 4176 etsi
466 4133 578 4174 non
639 4118 1061 4190 participarent,
1111 4131 1224 4171 non
1271 4114 1470 4199 ﬁerent
1518 4112 1608 4168 isti
1663 4113 1903 4168 infantes

317 4223 546 4282 prorsus
585 4210 638 4266 ei
680 4207 1202 4272 consubstantiales,
1235 4206 1282 4262 si
1323 4202 1488 4262 Verbi
1537 4204 1761 4274 propria
1799 4213 1901 4255 na-

317 4310 442 4356 tura
489 4299 766 4370 particeps
811 4300 991 4354 factus
1043 4305 1129 4354 est
1178 4297 1362 4352 carnis
1415 4305 1474 4350 et
1528 4310 1640 4349 non
1694 4291 1898 4364 quivis.

1994 3122 2285 3192 σχύνεται;
2327 3121 2412 3185 τίς
2465 3122 2575 3193 γὰρ
2633 3119 2862 3190 αἰσχύνη
2926 3121 3021 3174 καὶ
3086 3118 3456 3172 ὑποπτεύεται
3518 3121 3579 3170 ἐν

1989 3206 2293 3277 ὁμοουσίοις
2363 3208 2538 3276 πάντη
2607 3208 2702 3259 καὶ
2777 3205 3071 3276 ἱσοτίμοιςς
3135 3205 3295 3275 ἥτις
3357 3205 3578 3268 ἔπαινος

1991 3297 2492 3370 ταπεινοφροσύνης
2566 3297 2644 3368 τῷ
2725 3297 2980 3351 καλοῦντι
3057 3299 3284 3362 ἑαυτὸν,
3340 3297 3370 3350 ὃ
3420 3297 3580 3367 φύσει

1993 3393 2114 3456 ὅλος
2139 3393 2256 3445 ἐστὶ
2288 3391 2454 3462 μηδὲν
2485 3390 2646 3444 πλέον
2691 3390 2830 3460 ἔχων
2859 3389 3014 3442 τοῦδε
3041 3408 3056 3454 ;
3085 3389 3206 3444 οὐδὲ
3244 3389 3358 3460 γὰρ
3382 3391 3410 3442 ὁ
3442 3406 3579 3459 μορο

1997 3485 2070 3555 φὴ
2122 3483 2308 3536 δούλου
2367 3483 2528 3552 φύσει
2597 3482 2674 3535 ὣν
2728 3483 2909 3553 μόνον,
2973 3481 3160 3534 δοῦλον
3220 3482 3414 3535 ἑαυτὸν
3485 3499 3584 3535 κτ-

1996 3574 2104 3627 λῶν
2153 3573 2504 3637 ἁκενόδοξος·
2537 3573 2618 3638 τίς
2665 3573 2721 3626 δὲ
2769 3571 3026 3641 γνωμικὴ
3083 3570 3313 3640 ἐποίησε
3363 3571 3581 3640 συμπά-

2000 3666 2116 3719 θεια
2174 3663 2312 3735 πρδς
2359 3665 2430 3717 τὰ
2478 3663 2916 3732 κεκοινωνηκότα
2965 3661 3156 3714 παιδία
3201 3663 3440 3732 αἵματος
3486 3663 3580 3714 καὶ

2002 3758 2203 3828 σαρκὸς
2243 3755 2424 3825 φύσει,
2479 3755 2574 3808 τὸν
2627 3756 2693 3824 τῇ
2739 3753 2899 3822 φύσει
2949 3753 3142 3805 ἑαυτὸν
3179 3753 3358 3822 πάντη
3397 3753 3582 3820 ὅμοιον

1999 3849 2096 3901 καὶ
2139 3847 2306 3900 αὑτὸν
2361 3843 2758 3915 παραπλησίως
2811 3843 2910 3914 τῆς
2953 3843 3158 3914 σαρκὸς
3208 3845 3306 3895 καὶ
3349 3843 3582 3912 αἵματος

2002 3939 2163 4008 φύσει
2201 3938 2566 4013 κοινιιινῆσαι;
2609 3937 2728 3990 Κᾶν
2776 3935 2886 4006 γὰρ
2941 3936 3016 4006 μὴ
3065 3935 3342 3998 ἐϐούλετο,
3382 3936 3581 4004 μᾶλλον

2001 4029 2057 4082 δὲ
2083 4029 2178 4084 καὶ
2203 4029 2252 4082 εί
2288 4027 2362 4098 μὴ
2394 4029 2784 4099 ἐκοινώνησαν,
2852 4027 2992 4097 μηδὲ
3037 4027 3295 4094 ἐγένοντο
3321 4027 3460 4090 ὅλως
3494 4020 3583 4079 οὖα

1999 4137 2082 4172 τοι
2119 4120 2169 4172 οι
2208 4119 2482 4191 ὁμοούσιοι
2505 4121 2694 4184 παῖδες
2726 4119 2897 4190 τῷδε·
2941 4121 2988 4171 εί
3025 4118 3172 4188 λόγῳ
3219 4121 3320 4189 τῆς
3381 4117 3582 4182 οἰκείας

2001 4211 2218 4282 φύσεως
2248 4212 2648 4281 κεκοινώνηκεν
2676 4213 2870 4282 αἵματι
2907 4211 3001 4263 καὶ
3032 4209 3220 4280 σαρκὶ,
3264 4210 3488 4272 πάντως
3519 4209 3584 4262 ἂν

2004 4303 2104 4356 καὶ
2135 4301 2298 4372 μόνος
2341 4301 2416 4356 ὢν
2463 4303 2642 4356 τοῖσδε
2689 4299 3016 4370 ἐκοινώνησε
3040 4316 3052 4329 ·
3085 4299 3258 4368 σαφὲς
3288 4295 3382 4352 οὖν
3411 4300 3503 4351 καὶ
3533 4301 3587 4352 ἰν

317 4391 555 4448 Omnino
575 4391 729 4446 solus
755 4389 824 4446 iis
848 4388 1217 4460 participavit.
1237 4387 1382 4443 Sane
1401 4387 1572 4456 igitur
1591 4385 1648 4440 in
1673 4386 1793 4440 istis
1809 4381 1894 4454 qui

2008 4396 2222 4458 τούτοις
2269 4395 2330 4449 τὸ
2382 4397 2660 4468 ὑπερφυὲς
2707 4396 2842 4465 ἡμῖν
2885 4392 2979 4446 τοῦ
3029 4392 3479 4462 καταδεξαμένου
3531 4391 3589 4442 τὸ

318 4495 404 4542 est
419 4499 586 4554 supra
615 4491 861 4539 nostram
882 4489 1136 4537 naturam
1154 4480 1366 4550 accepit
1381 4477 1630 4532 eamdem
1652 4484 1905 4533 naturam

318 4577 416 4633 Dei
482 4572 914 4637 humanisantis,
951 4580 1009 4626 et
1052 4570 1332 4625 hominem
1387 4567 1768 4632 divinisantis,
1813 4565 1910 4636 qui

326 4667 579 4744 infantes
611 4665 698 4723 sui
731 4664 905 4736 ipsius
937 4669 1069 4720 sunt
1115 4660 1420 4716 secundum
1457 4673 1681 4714 carnem
1711 4661 1913 4730 fratres

320 4761 546 4818 dicens:
572 4778 592 4812 ι
611 4759 754 4815 Ecce
775 4772 875 4829 ego
897 4753 1120 4828 etpueri
1143 4770 1283 4826 quos
1305 4753 1457 4809 dedit
1483 4751 1619 4808 mihi
1643 4749 1852 4817 Deusd,
1885 4769 1902 4802 ι

321 4851 524 4908 deinde
562 4849 816 4921 quamvis
847 4848 1150 4905 secundum
1183 4847 1596 4920 generationem
1629 4843 1906 4900 carnalem

321 4944 436 4998 illis
495 4951 582 4996 est
637 4941 843 5006 frater,
893 4947 1166 5010 quatenus
1216 4955 1286 4996 ex
1339 4937 1514 4993 Adam
1575 4935 1908 5005 proveniens

323 5033 506 5103 primo
541 5037 790 5098 parente,
827 5029 886 5084 in
929 5044 1174 5100 praesens
1204 5027 1490 5092 saeculum,
1527 5023 1625 5080 sed
1653 5025 1910 5079 similiter

331 5119 509 5190 ipsius
523 5131 725 5186 corpus
744 5132 812 5171 ex
837 5117 1248 5172 resurrectione
1265 5131 1390 5172 cum
1406 5115 1626 5170 fecisset
1647 5115 1909 5183 spiritua-

323 5210 459 5265 liter
475 5216 780 5274 mortuum,
804 5216 862 5262 et
888 5208 942 5262 in
966 5216 1219 5262 nostrum
1243 5207 1430 5262 cibum
1449 5205 1706 5278 praebens
1722 5213 1783 5260 ut
1802 5206 1919 5262 col-

330 5303 542 5358 locaret
577 5313 678 5368 per
699 5297 882 5366 ipsum
926 5296 984 5350 in
1020 5295 1184 5350 nobis
1213 5297 1474 5352 virtutem
1505 5295 1817 5364 energicam
1848 5295 1916 5350 ad

325 5391 793 5468 resurrectionem
827 5395 954 5460 post
981 5393 1217 5441 mortem
1245 5386 1315 5442 ad
1341 5386 1694 5456 spiritualem
1718 5401 1917 5456 corpo-

329 5467 450 5536 rum
477 5479 1000 5544 revivificationem,
1030 5477 1133 5549 ipsi
1164 5486 1360 5533 auctor
1388 5485 1474 5533 est
1499 5477 1554 5532 in
1579 5476 1740 5532 nobis
1760 5485 1915 5531 certe

400 5617 428 5658 ι’
463 5618 604 5674 Psal.
637 5637 744 5687 nt,
785 5621 875 5674 23.
959 5628 981 5657 ε
1024 5616 1188 5672 Hebr.
1238 5635 1298 5686 ll,
1338 5616 1418 5670 14.
1495 5615 1519 5652 ἀ
1547 5611 1650 5666 Isa.
1705 5629 1817 5676 \‘lll,
1867 5612 1951 5668 18.

2005 4485 2244 4556 ὁμοφυὲς
2291 4487 2428 4554 ἡμῖν
2471 4484 2606 4538 Θεοῦ
2662 4483 3204 4556 ἑνανθρωπήσαντος,
3238 4482 3336 4534 καὶ
3370 4481 3466 4534 τὶν
3499 4481 3590 4536 ἄν·

2011 4577 2230 4648 Θρωπον
2287 4576 2698 4640 ἀποθεώσαντος
2727 4576 2786 4637 ὃς
2817 4575 2909 4628 καὶ
2957 4573 3148 4628 παιδία
3190 4573 3355 4626 καλεί
3401 4571 3588 4625 τούσδε

2011 4670 2137 4734 τοὺς
2154 4668 2352 4722 ἑαυτοῦ
2383 4669 2524 4723 κατὰ
2543 4667 2720 4736 σάρκα
2750 4666 3034 4734 ἀδελφοὺς,
3051 4663 3251 4731 λέγων,
3278 4683 3296 4716 ι
3321 4664 3464 4718 Ἰδοὺ
3488 4661 3594 4730 ἐγὼ

2017 4761 2113 4814 καὶ
2139 4761 2204 4814 τὰ
2232 4761 2421 4815 παιδία
2453 4761 2488 4816 ἆ
2520 4778 2611 4831 μοι
2645 4761 2842 4812 ἔδωκεν
2868 4761 2896 4811 ὁ
2924 4757 3058 4820 Sed;
3079 4772 3094 4786 °
3122 4775 3142 4807 ι
3177 4755 3309 4808 ἐπεὶ
3335 4757 3395 4808 δὲ
3426 4757 3478 4808 εί
3503 4756 3594 4809 καὶ

2015 4851 2159 4905 κατὰ
2207 4851 2478 4924 σαρκικὴν
2536 4852 2790 4922 γέννησιν
2846 4847 3072 4914 ἀδελφός
3116 4848 3268 4900 ἐστιν
3309 4848 3496 4910 αὐτοῖς
3544 4846 3637 4910 ἐξ,

2029 4940 2201 5010 Ἀδὰμ
2228 4941 2504 5012 προελθὼν
2533 4939 2628 4992 τοῦ
2679 4937 3028 5010 προπάτορος
3069 4938 3152 5000 εἰς
3179 4937 3334 4990 τόνδε
3387 4936 3480 4990 τὴν
3522 4937 3598 4987 ἰν-

2019 5031 2233 5086 εστῶτα
2266 5033 2458 5097 αἰῶνα,
2497 5031 2611 5086 ἀλλ’
2647 5031 2795 5100 ὅμως
2838 5029 2899 5081 τὸ
2929 5027 3128 5080 ἑαυτοῦ
3171 5027 3334 5096 σῶμα
3375 5025 3437 5092 ἐξ
3469 5028 3601 5078 ἀνα-

2025 5123 2265 5186 στάσεως
2295 5124 2487 5196 νεκρδν
2520 5122 2886 5193 πνευματικὶν
2915 5119 3174 5188 ποιήσας,
3203 5118 3300 5171 καὶ
3337 5117 3502 5170 τοῦτο
3529 5118 3601 5178 εἰς

2020 5213 2228 5280 τροφὴν
2259 5213 2391 5282 ἡμῖν
2419 5213 2681 5282 παρέχων
2705 5209 2801 5263 τοῦ
2831 5209 3066 5260 ἐνθεῖναι
3102 5207 3201 5261 καὶ
3239 5208 3377 5278 ἡμῖν
3411 5205 3482 5259 δι’
3513 5205 3604 5257 αὖ.

1983 5299 2112 5369 ,τοῦ
2174 5301 2406 5372 δύναμιν
2459 5304 2540 5366 εἰς
2597 5303 2891 5368 ἀνάστασιν
2959 5297 3101 5368 μετὰ
3151 5297 3256 5368 τὴν
3303 5297 3630 5368 νεκρότητα,

2020 5391 2380 5462 ὲνεργητικὴν
2450 5391 2828 5463 πνευματικῆς
2883 5387 3160 5457 σωμάτων
3230 5387 3606 5442 ἅναῦιὼσεωτ.

2023 5481 2185 5546 αὐτὸς
2238 5481 2407 5547 αἴτιος
2454 5486 2583 5555 ἡμῖν
2623 5487 2736 5537 ἐστι
2784 5479 2968 5549 σαφῶς
3011 5477 3118 5548 τῆς
3171 5478 3391 5534 τοιᾶσδε
3433 5481 3492 5532 ἐν
3539 5465 3607 5546 τῷ
