3852 6134
292 254 398 316 745

1219 254 1618 316 ADVERSUS
1654 254 2206 316 NESTORIANOS.
2239 255 2473 315 --LIB.
2513 256 2580 314 V.

3362 251 3498 312 1766

255 364 507 438 μέλλοντι
557 365 713 419 αἰῶνι
763 353 1138 436 πνευματικῆς
1172 365 1386 434 φύσεως
1419 367 1513 422 καὶ
1541 369 1830 441 ἀτελευτή-

1948 371 2102 440 hujus
2131 370 2188 424 in
2218 368 2406 424 futuro
2435 367 2639 424 saeculo
2671 366 2976 436 spiritualis
3009 373 3218 421 natura:
3248 373 3303 420 et
3328 373 3500 420 status

251 475 346 510 του
391 459 486 510 καὶ
535 457 810 529 ἀφθάρτου
875 458 1258 520 καταστάσεως
1299 459 1406 512 τῶν
1453 457 1548 515 νῦν
1589 463 1646 514 ἐν
1698 463 1830 532 ἡμῖν

253 547 512 618 φθαρτῶν
537 548 804 618 σωμάτων
820 565 832 578 ⁸
851 547 1025 619 τούτῳ
1052 565 1134 601 τοι
1157 549 1249 602 καὶ
1275 550 1487 620 εἴρηται
1510 543 1663 614 οὗτος
1683 546 1744 606 οὗ
1766 552 1835 606 τὰ

252 637 443 691 παιδία
465 637 652 707 ἐσμὲν,
677 639 865 709 Πατὴρ
897 637 988 691 τοῦ
1029 629 1316 709 μέλλοντος
1333 640 1526 706 αἰῶνος
1545 657 1558 671 ·
1593 641 1660 696 δι’
1689 644 1833 713 ἡμᾶς

251 730 364 801 γὰρ
390 729 484 792 οὓς
508 730 816 802 ἀφθάρτους
837 733 1029 802 ἀνιστᾷ
1064 735 1460 802 πνευματικοῖς
1489 735 1706 804 σώμασι
1738 736 1834 789 καὶ

253 823 382 882 ’τοὺς
409 821 608 884 τόπους
634 822 726 875 καὶ
758 822 826 874 τὰ
857 834 921 874 πε
932 823 983 891 pi.
1013 823 1159 892 ἡμᾶς
1188 825 1365 877 πάντα
1389 824 1700 896 κατάλληλα
1723 827 1836 890 τοῖς

255 911 694 982 ἱνδιαιτωμένοις
741 913 836 967 καὶ
889 915 1242 982 περιπολοῦσι
1295 917 1387 970 καὶ
1419 917 1686 970 διαϐιοῦσι
1741 918 1837 972 καὶ

257 1005 444 1068 ἁπλῶς
496 1004 1006 1075 ἐμπολιτευομένας
1044 1007 1248 1072 αὐτοῖς,
1300 1008 1552 1080 ἄφθαρτα
1591 1008 1836 1063 ἀποκαθο

257 1097 440 1166 ίστησι
493 1094 752 1166 σώματαο
787 1096 868 1149 ὅτι
897 1096 990 1150 καὶ
1031 1096 1168 1169 αὐτὴ
1206 1099 1442 1168 ἡοκτίσις
1473 1098 1839 1170 ἐλευθερωθή-

259 1202 412 1239 σεται
451 1185 561 1238 ἀπὸ
600 1185 698 1256 τῆς
755 1185 998 1249 δουλείας
1049 1187 1148 1258 τῆς
1199 1188 1405 1260 φθορᾶς
1444 1189 1522 1252 εἰς
1551 1187 1651 1259 τὴν
1673 1187 1831 1254 δόξαν

257 1279 357 1347 τῆς
383 1277 694 1350 ἐλευθερίας
723 1278 832 1332 τῶν
859 1279 1066 1332 τέκνων
1099 1279 1194 1332 τοῦ
1234 1279 1370 1334 Θεοῦ
1401 1280 1596 1334 τούτου
1627 1279 1720 1333 τοῦ
1749 1281 1841 1333 καὶ

258 1368 337 1430 ὡς
376 1367 662 1437 ἀνθρώπου
713 1368 941 1434 ἀδελφοῦ
972 1371 1064 1423 καὶ
1091 1369 1306 1442 Πατρνὸς
1335 1369 1588 1438 λέγοντος
1608 1387 1623 1402 ο
1655 1388 1672 1422 ι
1705 1368 1838 1422 Ἰδοὺ

260 1457 372 1528 ἐγὼ
409 1461 502 1514 καὶ
531 1458 598 1512 τὰ
627 1459 813 1514 παιδία
847 1460 882 1514 ἀ
915 1478 1003 1530 μοι
1037 1460 1236 1515 ἔδωκεν
1256 1464 1282 1515 6
1310 1462 1458 1524 Θεός.
1489 1481 1528 1514 »ο

844 1636 1094 1691 ΚΕΦΛΔ.
1137 1639 1262 1692 Kl".

1934 461 2054 517 sine
2087 458 2195 515 ﬁne
2220 469 2276 514 et
2306 459 2426 514 sine
2455 459 2808 528 corruptione
2834 470 3126 527 corporum
3156 456 3374 510 nuncin
3407 473 3506 512 nc-

1933 553 2020 608 bis
2070 551 2543 622 corruptibilium.
2593 549 2722 604 ldeo
2769 549 2934 604 etiam
2984 549 3031 604 is
3073 550 3229 619 cujus
3270 547 3506 602 infantes

1933 660 2125 700 sumus
2152 643 2358 699 dicitur
2376 643 2541 698 Pater
2556 641 2730 696 futuri
2757 639 2962 704 saeculi,
2993 649 3219 709 propter
3243 653 3345 694 nos
3366 653 3506 708 quos

1935 734 2227 790 suscitabit
2268 730 2721 803 incorruptibiles
2751 731 2804 784 in
2836 729 3219 800 spiritualibus
3253 728 3505 798 corpori-

1935 827 2062 892 bus,
2091 835 2148 882 et
2179 827 2320 890 loca,
2345 833 2403 881 et
2433 825 2617 880 omnia
2643 823 2804 878 nobis
2827 823 3190 878 convenienta
3214 820 3506 876 habitanti-

1935 918 2061 982 bus,
2114 926 2170 972 et
2217 916 2568 972 volventibus
2611 923 2667 972 et
2707 914 3021 969 viventibus
3067 921 3124 968 et
3173 927 3400 984 prorsus
3449 927 3505 966 in

1937 1009 2155 1064 civibus
2182 1007 2408 1073 habitis,
2438 1021 2671 1077 corpore
2695 1007 2752 1062 in
2775 1006 2980 1061 unione
3006 1007 3347 1076 incorrupta,
3378 1003 3507 1074 quia

1937 1111 1996 1158 et
2040 1102 2158 1172 ipsa
2205 1101 2416 1156 ereatio
2447 1099 2776 1154 liberabitur
2811 1114 2840 1152 a
2879 1099 3144 1154 servitute
3203 1098 3399 1153 mortis
3448 1097 3506 1151 in

1939 1195 2167 1265 gloriam
2201 1193 2475 1248 libertatis
2516 1191 2757 1246 ﬁliorum
2800 1191 2944 1244 Deie
2979 1191 3140 1246 istius
3171 1189 3264 1261 qui
3307 1189 3510 1244 dicitur

1941 1285 2182 1341 hominis
2213 1285 2383 1339 frater
2409 1292 2464 1340 et
2500 1292 2675 1354 pater.
2723 1301 2742 1333 ‹
2785 1281 2924 1337 Ecce
2955 1296 3058 1352 ego
3090 1288 3147 1336 et
3177 1281 3335 1352 pueri
3372 1295 3510 1351 quos

1942 1377 2094 1433 dedit
2132 1377 2268 1432 mibi
2301 1377 2466 1432 Deus.
2515 1395 2533 1427 ι

2535 1637 2686 1694 CAP.
2725 1637 2916 1693 XXI".

332 1729 395 1781 Εἰ
430 1727 590 1791 αὐτὸς
621 1729 648 1780 6
670 1729 727 1781 ἐν
746 1731 926 1800 μορφῇ
955 1729 1090 1784 Θεοῦ
1123 1731 1384 1802 ὑπάρχων
1410 1753 1427 1784 ι
1460 1731 1834 1804 Ἐταπεινώθη

2009 1732 2066 1789 Si
2111 1733 2205 1789 ille
2234 1733 2330 1802 qui
2357 1731 2655 1787 exsistebat
2699 1731 2755 1784 in
2804 1729 2982 1784 forma
3003 1726 3148 1783 Dei-1
3195 1723 3525 1782 llumiliavit‘

263 1819 505 1884 κενώσας
555 1819 748 1873 ἑαυτὸν
788 1822 886 1884 εἰς,
902 1821 1002 1892 τὴν
1039 1821 1133 1875 τοῦ
1178 1821 1364 1877 δούλου
1411 1823 1649 1894 μορφὴν,
1683 1819 1836 1886 οὗτός

264 1915 410 1966 ἔστιν
441 1914 470 1966 6
494 1911 888 1982 ὑπερυψωθεὶς,
919 1915 1012 1966 καὶ
1042 1907 1084 1981 ᾦ
1113 1914 1404 1984 ἐχαρίσατο
1441 1915 1469 1967 6
1505 1912 1639 1976 Θεὸς
1667 1913 1840 1984 ὄνομα

261 2005 324 2057 τὸ
373 2003 515 2071 ὑπὲρ
545 2006 652 2058 πᾶν
697 2005 888 2076 ὄνομα,
930 2024 950 2058 ι
974 2006 1082 2076 ἄρα
1104 2023 1165 2074 γε
1199 2005 1228 2058 ὃ
1259 2007 1400 2059 κατὰ
1441 2006 1606 2074 φύσιν
1637 2001 1782 2076 εἶχεν
1811 2009 1838 2060 ὁ

262 2095 456 2163 Λόγος,
507 2095 734 2165 ὕστερον
780 2096 922 2149 κατὰ
973 2097 1136 2168 χάριν
1177 2095 1356 2167 ἔσχεν.
1398 2097 1539 2150 Ἀλλ’
1585 2099 1632 2150 ει
1681 2098 1777 2168 μὲν
1809 2099 1838 2151 6

263 2187 426 2249 αὑτός
455 2187 614 2240 ὲστιὸ
645 2186 768 2240 καθ’
796 2187 991 2258 ἑτέραν
1030 2189 1130 2259 μὲν
1163 2189 1271 2243 τῶν
1298 2189 1466 2242 αὑτοῦ
1497 2188 1715 2258 φύσεων
1745 2208 1839 2244 κε·-

265 2277 457 2341 νωθεὶς
495 2280 577 2342 εἰς
602 2278 700 2349 τὴν
727 2279 886 2348 φύσει
926 2280 1123 2348 δούλην
1153 2280 1572 2353 ἀνθρωπότητα,
1604 2281 1840 2351 ὑψωθεὶς

263 2367 322 2420 δὲ
352 2367 452 2437 τὴν
479 2367 674 2437 ἑτέραν
717 2369 797 2426 εἰς
847 2369 946 2440 τὴν
990 2369 1151 2438 φύσει
1181 2368 1550 2434 δεσπόζουσαν
1583 2370 1838 2441 θεότητα,

265 2458 371 2526 ἄρα
414 2475 479 2527 γε
527 2459 629 2528 τῆς
671 2457 1054 2525 ταπεινώσεως
1109 2460 1320 2534 ἑτέρου,
1381 2462 1553 2534 ἑτέρῳ
1588 2463 1617 2516 6
1651 2461 1842 2533 μισθὸς

266 2551 588 2605 ἀποδέδοται
615 2551 824 2622 ἀλόγως
856 2570 916 2606 τε
952 2553 1048 2608 καὶ
1077 2554 1310 2619 ἀδίκως·
1342 2554 1483 2626 πλὴν
1512 2557 1544 2625 ἡ
1577 2556 1847 2610 ταπείνω-

269 2657 377 2707 σις,
412 2642 508 2694 καὶ
535 2641 655 2696 καθ’
683 2643 827 2708 ὑμᾶς
853 2642 948 2696 τοῦ
988 2644 1164 2713 Λόγου
1201 2643 1380 2698 ἐστίν’
1415 2643 1555 2717 αὕτη
1585 2645 1640 2698 δὲ
1679 2644 1844 2716 μέχρι

267 2731 523 2794 θανάτου,
557 2731 655 2784 καὶ
707 2731 941 2786 θανάτου
993 2730 1226 2804 σταυροῦ
1277 2735 1492 2805 εἴρηται
1533 2733 1840 2804 προϐῆναιο

264 2822 359 2877 τοῦ
402 2823 576 2890 Λόγου
620 2821 729 2894 ἄρα
766 2823 873 2878 ἰδία
912 2825 1084 2894 χωρὶς
1117 2824 1392 2895 σαρκικῆς
1433 2825 1716 2895 συμφυΐας
1746 2826 1844 2878 καὶ

266 2915 364 2984 τῆς
389 2914 612 2967 οἱασοῠν
647 2915 1100 2978 συνυποστάσεως
1133 2917 1328 2987 ἑτέρας
1361 2915 1550 2981 οὐσίας
1583 2918 1652 2970 τὰ
1695 2917 1846 2987 πάθη

266 3005 360 3060 καὶ
389 3005 481 3059 τὸν
505 3005 731 3060 θάνατον
768 3003 904 3058 εἶναι
935 3007 1213 3073 συνάγετε.

850 3113 1098 3166 ΚΕΦΑΛ.
1140 3115 1268 3168 KA‘.

337 3207 472 3262 Θεὸν
521 3203 700 3268 οὐδεὶς
745 3201 956 3274 ἑώρακε
999 3202 1256 3257 πώποτε·
1299 3204 1348 3258 εί
1381 3203 1474 3258 οὖν
1529 3206 1558 3259 6
1601 3204 1696 3259 ἐπὶ
1744 3206 1850 3276 γῆς

266 3297 472 3368 ὀφθεὶς,
504 3289 566 3350 οὗ
589 3295 687 3368 τὴν
718 3295 875 3360 δόξαν
899 3294 1192 3350 ἐθεάσαντο
1221 3295 1298 3360 ὡς
1327 3294 1668 3364 Μονογενοῦς
1695 3297 1850 3370 παρά

271 3387 504 3459 Πατρὸς,
549 3387 711 3451 αὐτός
756 3387 904 3440 ἐστιν
951 3386 980 3438 6
1029 3383 1192 3454 φύσει
1225 3384 1380 3452 Θεὸς,
1416 3385 1532 3450 πῶς
1564 3387 1764 3458 ἀληθὲς
1787 3387 1850 3442 τὸ

269 3474 843 3548 προομολογούμενονς
898 3471 1094 3528 Καίτοι
1143 3473 1215 3528 τὰ
1242 3475 1564 3546 ὲπαγόμενα
1592 3475 1851 3548 διασαφεῖ

268 3569 344 3632 ὡς
386 3567 547 3631 αὐτός
591 3567 786 3621 ἐστινὸ
814 3581 874 3620 τε
918 3564 1081 3635 φύσει
1117 3565 1225 3638 ἰδίᾳ
1265 3565 1518 3638 ἀόρατος,
1550 3568 1645 3622 καὶ
1683 3569 1849 3640 σαρκὶ

273 3659 380 3732 ἰδίᾳ
403 3657 596 3731 ὁρατὸς
629 3659 762 3730 ἡμῖν
781 3673 794 3687 ·
831 3657 1045 3730 εἴρηται
1073 3656 1180 3730 γὰρ
1205 3658 1288 3712 ὅτι
1315 3657 1449 3712 αὐτὸ
1471 3659 1632 3732 reﬁce
1655 3659 1715 3713 τὸ
1741 3676 1850 3730 μη-

269 3751 396 3805 δένα
424 3750 732 3822 ἑωρακέναι
761 3749 912 3816 Θεὸν,
942 3752 971 3804 6
998 3750 1297 3821 μονογενὴς
1329 3750 1459 3816 Υἱὸς
1488 3753 1517 3806 6
1545 3751 1620 3807 ὢν
1651 3755 1730 3817 εἰς
1758 3752 1850 3806 τὸν

274 3845 470 3899 κόλπον
516 3842 611 3897 τοῦ
658 3842 900 3914 Πατρὸς,
950 3841 1114 3906 αὐτὸς
1159 3842 1506 3914 ἐξηγήσατοο
1543 3845 1603 3898 οὐ
1665 3843 1848 3916 μέντοι

271 3938 353 3990 ὅτι
391 3932 488 3987 καὶ
533 3931 688 4004 ὤφθη
735 3930 1083 4000 ἐθεασάμεθά
1129 3949 1212 3996 τε,
1242 3933 1303 3986 οὐ
1334 3935 1435 4004 τὴν
1470 3933 1634 4004 φύσιν
1680 3932 1849 3988 αὐτοῦ

270 4025 375 4095 ἔφη
395 4043 410 4056 ο
451 4024 610 4095 δῆλον
637 4023 772 4093 γὰρ,
807 4023 892 4077 ὃτι
927 4023 1023 4077 καὶ
1051 4024 1080 4076 6
1115 4023 1240 4088 Υἱὸς
1265 4025 1512 4095 ὀμοφυὴς
1533 4025 1610 4096 τῷ
1633 4025 1850 4098 ἀοράτῳ

271 4118 448 4190 Πατρὶ
476 4116 574 4190 τὴν
610 4117 796 4186 φύσιν,
830 4115 968 4171 ἀλλά
1005 4116 1106 4186 τὴν
1139 4116 1300 4182 δόξαν
1332 4117 1522 4184 αὐτοῦ,
1552 4119 1646 4172 καὶ
1687 4118 1849 4190 τήνδε

269 4210 330 4264 οὐ
375 4211 474 4281 τῆς
514 4209 752 4279 φυσικῆς
800 4208 957 4274 ἀξίας
1004 4207 1139 4262 ἀλλὰ
1175 4207 1276 4278 τῆς
1303 4209 1562 4280 σχετικῆς
1590 4208 1727 4280 πρὸς
1758 4208 1850 4263 τὸν

275 4303 404 4357 ἴδιον
436 4301 657 4374 Πατέρα
691 4300 896 4366 τάξεως
919 4317 934 4330 ⁸
962 4301 1096 4371 φησι
1116 4301 1224 4372 γὰρ
1243 4303 1326 4355 ὃτι
1355 4321 1373 4355 ι
1398 4301 1536 4367 Δόξα
1563 4302 1638 4366 ὡς
1668 4304 1847 4360 Μονο-

1875 3054 1922 3116 C

1938 1826 2294 1896 semetipsum
2320 1824 2642 1880 exinaniens
2671 1823 2724 1877 in
2749 1821 2982 1877 formam
3005 1819 3171 1885 servi,
3197 1818 3291 1874 ille
3307 1827 3393 1874 est
3417 1833 3512 1873 su-

1937 1915 2330 1987 perexaltatus,
2361 1922 2418 1970 et
2451 1913 2604 1968 dedit
2636 1912 2714 1966 illi
2733 1913 2879 1966 Deus
2904 1923 3104 1964 nomen
3133 1907 3280 1986 quod
3307 1915 3394 1961 est
3417 1921 3512 1961 su-

1939 2021 2038 2074 per
2055 2020 2221 2060 omne
2235 2020 2459 2070 nomen,
2484 2023 2503 2056 »
2526 2003 2690 2074 igitur
2705 2000 2852 2072 quod
2881 2014 2976 2071 per
2995 2007 3246 2054 naturam
3275 1996 3518 2052 habebat

1941 2095 2206 2162 Verbum,
2253 2095 2488 2151 ulterius
2531 2108 2631 2164 per
2681 2092 2912 2163 gratiam
2961 2088 3173 2144 habuit.
3219 2085 3516 2143 Sedsiillc

1939 2197 2024 2244 est
2087 2188 2182 2258 qui
2241 2185 2545 2243 secundum
2615 2183 2844 2240 alteram
2901 2195 3128 2238 suarum
3195 2186 3516 2234 naturarum

1940 2279 2259 2335 exinanitus
2311 2277 2368 2332 in
2406 2276 2728 2332 servitutem
2771 2273 3090 2337 humanam,
3132 2271 3382 2326 elevatus
3421 2282 3520 2336 per

1941 2369 2169 2424 alteram
2213 2369 2270 2422 in
2300 2366 2548 2421 divinum
2595 2363 3000 2435 magisterium,
3038 2361 3204 2431 igitur
3234 2357 3521 2414 humilitas

1941 2471 2010 2511 ex
2044 2472 2155 2511 una
2197 2464 2373 2527 parte.
2401 2454 2578 2510 Alteri
2611 2453 2898 2525 praemium
2927 2451 3093 2507 datur
3139 2450 3263 2506 sine
3305 2447 3519 2503 ratione

1942 2556 1997 2606 ει
2028 2549 2237 2622 iustitia
2253 2555 2451 2620 praeter
2492 2546 2883 2612 humilitatem,
2930 2553 2988 2600 et
3029 2541 3177 2614 apud
3217 2556 3318 2597 vos
3355 2539 3520 2596 Verbi

1943 2651 2050 2708 est,
2093 2642 2189 2698 sed
2230 2640 2514 2695 humilitas
2538 2653 2714 2707 usque
2741 2637 2808 2692 ad
2843 2643 3077 2691 mortem
3107 2641 3164 2689 et
3192 2641 3426 2686 mortem
3462 2639 3528 2684 ut

1945 2733 2129 2789 crucis
2165 2732 2372 2788 dicitur
2397 2729 2744 2801 produxisse.
2781 2727 2948 2784 Verbi
2987 2740 3121 2796 ergo
3147 2723 3377 2796 propria
3405 2720 3526 2776 sine

1945 2826 2152 2882 carnali
2202 2833 2401 2880 natura
2444 2833 2502 2880 et
2539 2823 2662 2895 pari
2719 2818 3310 2878 consubstantialitatis
3352 2819 3553 2873 altera-

1947 2916 2272 2974 substantize
2297 2915 2582 2987 passiones
2611 2920 2668 2970 et
2693 2922 2930 2969 mortem
2952 2926 3076 2969 esse
3104 2909 3312 2982 eligite.

2554 3116 2706 3172 CAP.
2744 3114 2936 3172 XXIV.

2020 3213 2192 3267 Deum
2219 3224 2382 3265 nemo
2423 3223 2670 3278 unquam
2708 3207 2869 3273 vidit,
2910 3207 2957 3262 si
2998 3221 3131 3262 vero
3159 3206 3312 3261 visus
3350 3214 3434 3261 est
3469 3201 3526 3257 in

1951 3309 2118 3366 terra,
2154 3301 2312 3372 cujus
2339 3299 2565 3371 gloriam
2597 3297 2856 3354 viderunt
2877 3297 3032 3367 quasi
3069 3295 3324 3368 Unigenti
3357 3311 3388 3350 a
3416 3296 3525 3351 Pa-

1951 3402 2056 3459 tre,
2087 3393 2203 3464 ipse
2223 3399 2310 3448 est
2335 3400 2532 3446 natura
2553 3391 2719 3446 Deus.
2739 3388 3025 3456 Quomodo
3051 3403 3242 3444 verum
3267 3387 3370 3443 erit
3401 3401 3548 3442 vera--

1949 3483 2080 3538 bum
2111 3497 2279 3552 supra
2307 3480 2643 3552 allegatum?
2672 3479 2880 3534 Tamen
2924 3477 3212 3549 sequentia
3251 3477 3534 3550 explicant

1950 3573 2100 3644 quod
2146 3573 2264 3644 ipse
2307 3581 2393 3628 est
2433 3571 2658 3642 propria
2696 3581 2892 3626 natura
2927 3569 3242 3632 invisibilis,
3278 3577 3336 3623 et
3363 3583 3530 3623 carne

1951 3665 2177 3736 propria
2198 3663 2431 3719 visibilis
2453 3663 2631 3718 nobis.
2657 3662 2774 3717 Non
2791 3660 3018 3727 dicitur,
3041 3660 3186 3730 quod
3201 3658 3531 3727 illudipsum

1949 3755 2228 3811 nemiuem
2261 3755 2466 3810 vidisse
2509 3755 2702 3820 Deum,
2747 3751 3067 3823 unigenitus
3101 3750 3272 3814 Filius
3317 3748 3413 3818 qui
3445 3757 3531 3803 est

1952 3849 2006 3905 in
2022 3849 2144 3905 sinu
2160 3848 2356 3913 Patris,
2379 3847 2496 3918 ipse
2524 3845 2734 3911 docuit,
2761 3859 2872 3899 non
2897 3855 3080 3900 tamen
3109 3841 3257 3913 quod
3286 3839 3440 3896 visus
3461 3839 3534 3894 sit

1951 3939 2135 3998 mirati
2159 3953 2370 4004 sumus,
2406 3953 2517 3992 non
2548 3945 2805 3991 naturam
2837 3935 2958 4006 ejus
2988 3933 3146 3988 dixit.
3178 3929 3422 3988 Evidens
3447 3937 3534 3985 est

1951 4045 2084 4101 ergo
2133 4029 2282 4100 quod
2332 4028 2478 4084 ﬁlius
2522 4024 2898 4084 connaturalis
2931 4023 3236 4080 secundum
3279 4027 3536 4077 naturam

1952 4123 2218 4179 invisibili
2246 4121 2416 4185 Patri,
2452 4118 2549 4175 sed
2581 4133 2682 4188 per
2707 4116 2936 4188 gloriam
2967 4131 3077 4170 non
3095 4105 3394 4186 dignitatis
3434 4130 3535 4168 na-
3639 4127 3646 4132 '

1953 4215 2167 4278 turalis,
2198 4212 2296 4268 sed
2327 4210 2539 4266 ordinis
2571 4209 2797 4264 relative
2839 4207 2908 4263 ad
2955 4209 3241 4278 proprium
3287 4207 3534 4262 Patrem.

1951 4305 2096 4360 Dicit
2140 4303 2287 4358 enim
2339 4301 2470 4372 quia
2524 4317 2546 4352 ‹
2606 4299 2793 4355 Gloria
2835 4299 2992 4370 quasi
3044 4297 3326 4370 Unigeniti
3364 4314 3394 4352 a
3433 4299 3540 4352 Pa-

272 4395 460 4462 γενοῦς
483 4395 632 4466 ποιρά
649 4393 862 4464 Πατρός
882 4409 896 4424 ο
919 4412 935 4445 ι
960 4393 988 4444 6
1003 4393 1058 4446 δὲ
1083 4413 1100 4444 ι
1125 4391 1254 4446 Ἐπὶ
1267 4393 1371 4464 γῆς
1387 4394 1573 4463 ὀφθεὶς
1597 4414 1615 4446 ι
1636 4397 1729 4450 καὶ
1753 4398 1843 4452 λα-

1960 4404 2042 4450 tre
2061 4394 2081 4432 τ
2092 4434 2104 4446 .
2137 4413 2156 4444 ι
2186 4393 2290 4460 Qui
2317 4406 2452 4447 vero
2487 4409 2506 4442 ι
2542 4390 2694 4446 visus
2722 4399 2808 4445 est
2837 4389 2892 4444 in
2919 4389 3126 4444 terris!
3167 4408 3186 4442 ι
3223 4397 3280 4445 et
3307 4388 3542 4458 loquens

272 4485 378 4538 λῶν
409 4486 659 4550 ἀπλανῶς
691 4486 925 4556 λέγων-ι
948 4484 1094 4556 Ἐγὼ
1126 4486 1220 4540 atati.
1236 4487 1265 4539 6
1302 4485 1492 4557 Πατὴρ
1514 4488 1573 4541 ἐν
1597 4490 1767 4559 ἐσμεν
1789 4507 1800 4521 ·
1825 4509 1845 4545 ι

273 4575 388 4644 καὶ,
409 4593 429 4626 ι
453 4574 510 4628 '0
525 4574 783 4647 ἑωρακὼς
799 4575 919 4646 ἐμὲ,
943 4573 1153 4645 ἑώρακε
1171 4574 1261 4628 τὸν
1279 4575 1518 4644 Πατέρα·
1545 4595 1564 4628 ι
1587 4576 1648 4628 οὐ
1666 4577 1854 4646 σαφῶς

273 4668 422 4740 δηλοῖ
458 4667 539 4720 ὅτι
566 4669 594 4720 6
627 4667 702 4737 μὴ
740 4670 948 4722 ἐκεῖνον
983 4669 1116 4738 όρᾷν
1149 4666 1448 4736 δυνάμενος
1487 4667 1609 4720 οὐδὲ
1633 4669 1844 4734 τοῦτον,

272 4759 504 4830 ἀόρατος
529 4757 637 4830 ἄρα
668 4759 887 4829 θεότητι
908 4775 922 4788 ο
956 4760 1152 4830 ὁρατὸς
1199 4757 1580 4830 ἀνθρωπότητι
1611 4759 1848 4831 Χριστὸς

273 4851 303 4902 6
326 4848 458 4913 Θεὸς
491 4849 584 4902 καὶ
616 4848 718 4900 οὐκ
744 4847 1055 4917 ἄνθρωπος.

838 4959 1094 5011 ΚΕΦΑΛ.
1137 4958 1267 5012 KE'.

345 5052 409 5105 Et
437 5049 616 5104 πάντα
647 5047 944 5102 οἰκειοῦται
976 5048 1043 5104 τὰ
1083 5049 1182 5118 τῆς
1223 5048 1424 5118 σαρκὸς
1459 5049 1568 5102 {ita
1595 5049 1622 5102 6
1658 5049 1849 5117 Λόγος,

275 5142 367 5196 καὶ
395 5141 614 5194 πάντων
649 5139 880 5209 ἠξίωται
906 5139 1014 5193 τῶν
1045 5139 1139 5192 τοῦ
1177 5140 1350 5208 Λόγου
1377 5142 1408 5210 ἡ
1441 5140 1602 5210 σὰρξ.
1639 5140 1752 5212 ἄρα
1785 5155 1849 5208 γε

274 5235 370 5288 καὶ
401 5233 462 5286 τὸ
493 5232 552 5300 ἐξ
581 5232 683 5286 οὐκ
722 5231 892 5287 ὄντων
932 5227 1073 5284 εἶναι
1115 5231 1146 5284 ὅ
1194 5234 1311 5286 ἐστι
1337 5233 1434 5301 τῆς
1463 5232 1666 5298 σαρκὸς
1691 5249 1854 5302 φυσι-

1951 4493 2139 4556 aperte
2188 4483 2365 4540 dicit:
2404 4503 2422 4538 ι
2461 4483 2575 4554 Ego
2601 4491 2658 4536 et
2685 4481 2848 4536 Pater
2873 4497 3043 4536 unum
3077 4481 3335 4545 sumush,
3384 4497 3403 4532 ι
3441 4486 3537 4534 et:
3617 4470 3622 4475 ’

1951 4576 2054 4643 Qui
2091 4576 2244 4630 videt
2289 4557 2427 4640 'me,
2467 4574 2618 4630 videt
2648 4583 2705 4630 et
2735 4573 2955 4629 Patrem
2981 4574 3024 4637 ί,
3057 4593 3077 4626 ι
3118 4587 3228 4628 non
3255 4570 3543 4627 evidenter

1951 4669 2195 4724 ostendit
2237 4667 2385 4738 quod
2443 4668 2536 4738 qui
2587 4683 2697 4722 non
2741 4675 2925 4738 potest
2966 4665 3156 4721 videre
3201 4664 3388 4726 illum,
3441 4675 3544 4714 nec

1954 4759 2140 4824 istum,
2175 4774 2300 4814 nam
2343 4757 2644 4812 invisibilis
2673 4773 2775 4828 per
2799 4757 3146 4812 divinitatem
3173 4753 3411 4810 visibilis
3445 4768 3544 4823 per

1957 4851 2355 4906 humanitatem
2387 4849 2646 4905 Christus
2676 4849 2819 4906 Deus
2845 4860 2900 4906 et
2931 4865 3038 4904 non
3081 4849 3268 4931 homo.

2571 4958 2723 5015 CAP.
2776 4959 2942 5015 XXV.

2029 5054 2084 5110 Si
2104 5052 2289 5110 omnia
2313 5051 2532 5123 propria
2549 5051 2733 5106 carnis
2754 5051 2859 5107 sibi
2881 5051 3260 5124 appropriavit
3283 5053 3541 5119 Verbum,

1956 5151 2013 5199 et
2037 5142 2286 5198 omnium
2321 5141 2487 5197 Verbi
2538 5140 2760 5212 dignata
2805 5151 2889 5197 est
2934 5157 3085 5209 caro,
3133 5153 3286 5199 certe
3323 5160 3391 5200 ex
3434 5159 3545 5198 non

1960 5233 2360 5289 exsistentibus
2386 5247 2508 5288 esse
2544 5231 2691 5304 quod
2717 5241 2918 5288 natura
2946 5235 3130 5289 carnis
3155 5243 3260 5299 est,
3285 5243 3336 5288 et
3371 5243 3548 5288 mula-

275 5326 402 5380 κύν’
438 5327 532 5379 καὶ
581 5325 644 5378 τὸ
685 5325 920 5393 τρεπτὸς
959 5319 1098 5378 εἶναι
1140 5326 1234 5378 καὶ
1279 5327 1472 5397 ὁρατὸς
1502 5322 1643 5378 εἶναι
1675 5326 1770 5378 καὶ
1797 5324 1843 5376 τὶ

1965 5321 2156 5386 bilem,
2183 5329 2240 5376 et
2262 5319 2536 5375 visibilem
2565 5329 2624 5376 ει
2662 5321 2964 5390 adbrsrere.
3016 5324 3071 5379 Si
3099 5339 3232 5379 vero
3280 5325 3394 5378 hzec
3423 5322 3549 5392 quis

275 5415 656 5488 περιέχεσθαι·
686 5418 736 5469 ei
769 5415 826 5470 δὲ
869 5417 964 5470 καὶ
995 5415 1170 5471 ταῦτα
1209 5433 1294 5481 τις
1327 5416 1468 5488 δοίη,
1511 5415 1626 5480 πῶς
1675 5418 1770 5472 καὶ
1823 5418 1843 5468 'l

1968 5413 2236 5480 dedisset,
2294 5413 2576 5484 quomodo
2625 5427 2754 5470 caro
2811 5416 3219 5471 contrariorum
3274 5413 3550 5484 particeps

277 5506 411 5578 σὰρξ
434 5507 541 5561 τῶν
565 5507 822 5560 ἐναντίων
855 5505 1226 5578 μεταλήψεται
1250 5524 1265 5574 ;
1307 5507 1370 5560 Ἦ
1401 5507 1509 5579 γὰρ
1536 5506 1728 5580 ὁρατὴ,
1761 5507 1843 5562 οὐ)

1969 5506 2262 5562 ετὶιῗΝοω
2299 5513 2384 5561 est
2416 5504 2671 5574 visibilis,
2697 5521 2808 5561 non
2842 5505 3162 5572 invisibilis;
3195 5514 3276 5560 est
3307 5505 3552 5559 mutabi-

350 5649 556 5705 ‘Rom.
595 5667 707 5712 vm,
743 5650 833 5705 2i.
915 5650 1117 5706 fJoan.
1153 5668 1191 5718 ι,
1237 5651 1316 5708 l-l.
1399 5650 1658 5706 εΒίιτιιιιίι
1719 5667 1800 5715 m,

2020 5650 2227 5706 ¹ι.1‹›ιιη.
2265 5665 2322 5718 Χ,
2368 5649 2457 5705 50.
2545 5647 2747 5704 ann.
2785 5664 2892 5716 Juv,
2937 5649 2991 5702 9.
