3858 6156
310 220 458 288 Πῐξῖ
1293 228 1689 288 ADVERSUS
1730 227 2277 290 NESTOBIANOS.
2302 253 2368 262 -
2391 228 2536 288 LIB.
2581 228 2646 287 V.
3440 217 3540 283 1τέ

895 340 1144 394 ΚΕΦΑᾹ.
1184 339 1306 393 AG’.
1922 343 1975 400 Α

1922 343 1975 400 Α
2581 337 2732 391 CAP.
2786 336 2977 391 XXIX.

382 457 447 510 ΕΙ
481 459 513 525 ἡ
565 456 661 526 μὲν
711 455 866 527 σάρξ.
917 458 1053 527 σάρξ
1099 461 1234 520 ἐστι,
1271 461 1454 513 καὶόΰ
1503 461 1730 530 θεότης·
1763 463 1792 514 ό
1831 459 1902 513 δὲ’

2059 454 2111 508 Si
2131 438 2423 518 caro,earo
2436 460 2585 508 estet
2608 467 2714 506 non
2741 451 3022 514 divinitas,
3040 451 3294 511 ethomo,
3315 447 3478 501 homo
3493 455 3578 500 est

310 546 620 620 ἄνθρωπος,
657 547 941 618 ἄνθρωπός
974 551 1090 604 ἐστι
1139 550 1234 604 καὶ
1277 552 1336 605 οὐ
1393 551 1607 620 θεότης,
1660 551 1776 612 πῶς
1826 559 1833 602 t‘

2078 561 2186 598 nott
2220 541 2794 613 divinitas,quon'todo
2817 557 2884 595 ex
2913 549 3069 610 parte
3087 539 3272 594 carnis
3299 538 3575 599 hominem

317 643 518 713 μέρους
571 644 670 712 τῆς
720 641 924 712 σαρκὸς
969 643 1062 696 τὸν
1102 644 1390 714 ἄνθρωπον
1441 643 1766 712 όνομάζειςς
1800 643 1840 696 Τ

2058 651 2160 690 ιοιιε
2180 635 2202 688 ?
2224 635 2501 704 Conceptu
2533 641 2744 688 naturae
2783 632 2946 686 ambo
2977 630 3139 686 nobis
3174 637 3581 700 cognoscantur

317 733 418 805 μὲν
449 733 550 803 τῆς
590 733 805 802 φύσεως
854 733 998 804 λόγῳ
1043 735 1209 805 ἄμφω
1253 738 1384 806 ἡμῖν
1419 737 1617 790 νοεῖται
1645 736 1738 788 ἐπὶ
1762 737 1840 806 Χρ

2059 747 2065 780 ι
2109 727 2352 792 Christo,
2385 725 2712 780 diﬂ‘erentes
2745 723 2892 778 circa
2925 721 3298 785 divinitatem,
3357 718 3474 774 sive
3504 717 3582 772 in-

320 823 446 880 στοῦ
473 825 802 898 διαφέροντα
843 827 980 898 πρὸς
1033 827 1131 898 τὴν
1161 828 1390 898 οεότητα
1412 845 1426 858 ·
1453 828 1566 881 εἴτε
1589 827 1843 897 ὰδιαφόρο

2063 821 2326 875 il'crentcr
2350 819 2402 872 in
2427 818 2612 887 aliqua
2639 825 2876 886 utraque
2899 813 3192 886 significat,
3230 813 3347 868 sive
3367 821 3430 866 ut
3454 826 3582 881 pars

317 919 374 972 ἔν
394 936 496 972 τινι
526 919 783 990 σημαίνοι
823 920 1127 992 ἀμφότερα,
1159 920 1269 974 εἴτε
1324 922 1401 985 ὠς
1453 920 1618 992 μέρος
1649 923 1680 992 ἡ
1717 921 1840 990 σάρξ

2060 926 2150 974 ro,
2177 917 2350 962 totum
2373 907 2577 961 dicitur
2606 907 2792 961 homo.
2821 904 3102 974 Conceptu
3135 903 3498 975 hypostaseos
3523 908 3583 956 ut

315 1010 436 1064 ὅλον
469 1010 528 1064 δὲ
555 1010 768 1080 λέγοιτο
797 1013 824 1064 ὁ
849 1011 944 1066 ἄνθ
954 999 1137 1083 ρωπος
1157 1027 1168 1040 ·
1206 1011 1282 1082 τῷ
1313 1013 1368 1066 δέ
1415 1016 1516 1084 τῆς
1545 1013 1838 1067 ὑποστάσει

2060 1017 2131 1056 lI‘S
2179 999 2398 1070 cognita
2447 1000 2600 1062 cari),
2647 997 2852 1052 iterum
2900 996 3096 1052 eodem
3159 995 3326 1050 modo
3369 993 3583 1048 habens

316 1099 462 1170 λόγῳ
509 1099 586 1160 ὡς
641 1099 806 1170 μέρος
839 1082 1106 1171 νοουμένη
1145 1101 1180 1172 ἡ
1229 1099 1388 1169 σὰρξ,
1436 1082 1598 1154 πάλιν
1636 1097 1839 1152 ὡσαύτι

2065 1109 2228 1150 nsum
2259 1092 2328 1146 de
2357 1091 2648 1146 divinitate
2674 1089 2901 1153 Christi,
2937 1089 3213 1144 tribuetur
3233 1096 3289 1143 et
3313 1095 3398 1142 est
3421 1082 3583 1140 nobis

318 1189 518 1260 ἔχουσα
565 1189 664 1260 τὴν
711 1189 920 1244 ἔννοιαν
973 1191 1106 1262 πρὸς
1149 1193 1248 1262 τὴν
1276 1191 1508 1262 θεότητα
1529 1189 1623 1244 τοῦ
1657 1191 1841 1260 Χριστι

2063 1185 2359 1250 vincibilis,
2421 1200 2548 1238 nam
2608 1197 2792 1253 neque
2837 1182 2890 1236 in
2942 1181 3146 1247 Verbo,
3197 1193 3378 1250 neque
3429 1185 3583 1232 extra

317 1279 700 1350 λογισθήσεται
725 1297 739 1312 ο
763 1281 1020 1334 καὶέστιν
1045 1283 1177 1352 ἡμῖν
1205 1281 1606 1344 ἀνυπόστατος·
1634 1279 1756 1333 οὐδὲ
1789 1279 1840 1348 γὲ

2060 1277 2246 1333 =:rbum
2283 1277 2570 1346 propriam
2619 1273 2939 1346 hypostasin
2995 1272 3050 1326 in
3096 1281 3308 1342 partem
3334 1268 3583 1361 habebit,

317 1373 378 1426 ὲν
407 1372 484 1442 τῷ
512 1371 690 1447 Λόγῳ,
725 1371 847 1425 οὐδὲ
891 1373 1049 1435 ἐκτὸς
1085 1372 1180 1426 τοῦ
1203 1373 1402 1441 Λόγου,
1443 1373 1578 1426 ἰδίαν
1607 1373 1840 1426 ὑπόστασ

2064 1369 2096 1426 d
2126 1378 2214 1426 est
2243 1377 2452 1438 utpars
2485 1377 2728 1438 spectata
2757 1363 2994 1420 viventis
3023 1377 3260 1432 semper.
3294 1359 3468 1416 Ποπιο
3499 1359 3585 1414 di-

317 1461 797 1534 ἀποκεκλήρωται,
821 1462 938 1515 ἀλλ’
959 1461 1104 1516 ἔστιν
1125 1463 1199 1526 ὡς
1225 1462 1390 1532 μέρος
1425 1447 1772 1534 θεωρουμένη
1807 1479 1840 1514 τι

2065 1477 2128 1516 us
2169 1460 2224 1515 in
2263 1459 2507 1523 Christo,
2544 1473 2671 1514 cum
2715 1474 2826 1512 non
2879 1453 3209 1524 simpliciter
3237 1453 3313 1507 sit
3339 1466 3470 1522 pars
3502 1461 3587 1506 to-

319 1551 462 1618 ζὼου
486 1553 576 1606 ἀεί
593 1571 605 1584 ·
639 1556 667 1606 ό
683 1553 738 1606 δὲ
760 1553 854 1607 ἄνθ
865 1570 1044 1624 ρωπος
1067 1553 1358 1624 λεγόμενος
1382 1553 1472 1606 ἐπὶ
1492 1552 1752 1624 Χριστοῦ,
1781 1555 1842 1606 ἐπ

2064 1553 2130 1607 iis
2168 1549 2503 1624 hypostasis,
2528 1547 2624 1604 sed
2646 1549 2700 1602 in
2730 1547 2953 1604 Christo
2981 1546 3180 1610 solum,
3207 1560 3317 1598 non
3339 1542 3587 1598 eamdem

319 1644 419 1715 οὐχ
449 1643 634 1707 ἁπλῶς
677 1645 843 1716 μέρος
876 1645 1025 1698 ἐστὶν
1063 1645 1317 1716 ὁλότητος
1366 1645 1739 1712 ὑποστάσεως,
1785 1645 1842 1698 ἀλ

2097 1643 2354 1700 omnibus
2402 1640 2722 1696 hominibus
2751 1638 2995 1694 custodit
3025 1639 3293 1692 rationem
3327 1636 3587 1708 hyposta-

446 1712 686 1805 Xptcrrofi
717 1712 896 1807 μόνον,
921 1738 1108 1792 οὐκέτι
1134 1712 1226 1792 τὸν
1255 1736 1418 1792 αὐτὸν
1448 1740 1562 1802 τοῖς
1595 1739 1762 1792 πᾶσιν
1812 1739 1844 1790 ά

2062 1749 2172 1789 eam
2216 1740 2274 1788 et
2300 1732 2354 1786 in
2385 1730 2628 1795 Christo,
2662 1745 2772 1783 non
2805 1737 2862 1784 et
2885 1727 3224 1783 diversitatis
3255 1725 3585 1798 hypostasis,

317 1828 562 1900 θρώποις
609 1829 866 1898 φυλάττει
905 1829 1064 1900 λόγον
1113 1831 1477 1885 ὑποστατικόν
1527 1831 1624 1884 καὶ
1657 1832 1748 1883 sn":
1773 1832 1840 1901 Χε

2064 1865 2068 1877 ,
2103 1824 2393 1888 naturalis,
2429 1823 2486 1878 in
2516 1823 2636 1893 ipso
2663 1821 2908 1877 ostendit
2933 1821 3177 1877 Verbum
3212 1836 3313 1890 per
3342 1819 3587 1889 seipsum

317 1919 487 1974 στοῦο
521 1922 616 1974 καὶ
657 1922 977 1992 ἑτερότητος
1005 1923 1115 1993 γὰρ
1149 1923 1542 1993 ὑποστατικῆς,
1592 1921 1784 1993 ὥσπερ
1810 1940 1836 1975 ο

2065 1918 2304 1989 νεηῑῑοῐιι,
2341 1916 2488 1987 quod
2533 1931 2642 1970 non
2675 1915 2984 1970 sichabet.
3027 1910 3428 1968 lnconvcniens
3456 1926 3588 1981 ergo

320 2011 418 2064 καὶ
471 2011 738 2082 φυκικῆς,
781 2013 839 2064 έν
871 2011 1023 2083 αὐτῷ
1091 2012 1341 2067 δείκνυσι
1377 2013 1550 2081 Λόγον
1586 2011 1708 2066 καθ’
1740 2014 1839 2066 αὐτ

2062 2011 2112 2066 ’ἱι
2158 2011 2339 2066 omnis
2369 2009 2650 2080 synthesis
2695 2007 3029 2079 integritatis
3081 2019 3319 2076 persona
3353 2001 3585 2068 Christi,

318 2100 608 2171 νοούμενος
629 2117 642 2130 ·
669 2102 807 2172 ὅπερ
837 2103 936 2172 οὐχ
958 2102 1131 2166 οὕτως
1160 2103 1275 2174 εχει
1294 2118 1308 2132 ⁸
1346 2103 1584 2173 ἐκμελὴς
1609 2101 1720 2174 γὰρ
1739 2102 1840 2156 ἐστ

2069 2109 2260 2171 parata
2334 2099 2550 2154 naturis
2594 2105 2650 2154 et
2709 2097 2986 2170 personis,
3023 2102 3080 2152 et
3124 2093 3257 2150 falsa
3315 2093 3587 2164 professio

317 2192 471 2244 πᾶσα
521 2195 554 2263 ἡ
597 2191 844 2257 σύνθεσις
885 2193 988 2263 τῆς
1042 2195 1294 2264 ὁλότητος
1321 2194 1416 2249 τοῦ
1449 2195 1740 2267 προσώπου
1767 2197 1840 2267 Χρ

2063 2193 2226 2248 tionis
2253 2200 2577 2247 naturarum
2609 2191 2782 2261 quam
2801 2189 2889 2260 pie
2921 2185 3296 2260 gloriﬁcamus
3333 2188 3388 2240 in
3418 2185 3582 2240 Chri-

320 2282 472 2344 στοῦ,
503 2283 702 2352 φύσεσι
729 2301 790 2337 τε
827 2287 922 2338 καὶ
967 2285 1304 2340 ὑποστάσεσι
1345 2286 1744 2358 διακεκριμένη
1767 2303 1779 2316 ·
1809 2304 1841 2340 κ

2064 2302 2111 2342 o.
2145 2286 2452 2340 Innovatur
2495 2299 2629 2355 ergo
2663 2293 2860 2338 contra
2893 2282 3188 2350 antiquum
3224 2280 3492 2334 honorem
3529 2279 3587 2332 in

315 2373 516 2443 ψευδὴς
574 2375 607 2444 ἡ
655 2373 919 2443 ὁμολογία
995 2375 1108 2445 τῆς
1175 2373 1423 2438 ἑνώσεως
1487 2375 1598 2430 τῶν
1663 2375 1838 2444 φύσειε

2072 2379 2339 2435 ell‘abilem
2365 2378 2628 2434 unionem
2661 2375 2756 2432 Dei
2777 2391 2902 2431 cum
2951 2374 3210 2430 omnibus
3263 2373 3595 2430 hominibus

316 2464 498 2535 ἥνπερ
533 2465 774 2529 εὐσεϐῶς
827 2465 1126 2538 δοξάζομεν
1175 2467 1271 2521 ἐπὶ
1314 2467 1592 2544 Χριστοῦ⁹
1657 2484 1839 2522 καινοτ

2065 2472 2098 2526 Ii
2132 2472 2187 2526 in
2215 2471 2437 2526 Christo
2479 2470 2662 2526 dictus
2700 2469 2888 2532 homo,
2923 2468 3068 2522 inter
3098 2483 3199 2522 nos
3234 2483 3342 2520 non
3375 2466 3588 2520 habens

324 2557 506 2623 μεῖται
533 2556 643 2625 γάρ
674 2557 812 2626 πρὸς
847 2557 907 2610 τὺ
935 2558 1102 2612 πάλαι
1133 2558 1346 2625 ἔνδοξον
1375 2559 1463 2612 διὰ
1493 2560 1592 2629 τὴν
1622 2559 1847 2632 ἄφραστι

2065 2576 2294 2616 :rsonam
2321 2561 2618 2615 humanam
2651 2559 2932 2630 propriam
2969 2568 3025 2612 et
3054 2564 3365 2626 reparatam
3407 2555 3588 2610 omnis

317 2645 514 2700 ἕνωσιν
560 2649 660 2718 τὴν
713 2649 849 2717 πρός
893 2647 1027 2702 Θέὺν
1067 2649 1220 2719 παρὰ
1267 2651 1478 2714 πάντας
1525 2648 1840 2721 ἀνθρώπους

2066 2654 2204 2709 .nilis
2260 2661 2317 2708 et
2348 2651 2638 2707 dissimilis
2687 2661 2919 2713 naturar,
2971 2649 3066 2705 scd
3125 2663 3472 2705 communem
3531 2655 3589 2700 et

321 2737 416 2792 ἐπὶ
459 2738 695 2810 Χριστοῦ
750 2738 1047 2811 λεγόμενος
1095 2741 1406 2814 ἄνθρωπος,
1473 2741 1549 2812 μὴ
1597 2741 1718 2795 καθ’
1753 2743 1844 2813 ἠμί

2067 2742 2408 2797 divisihilem
2466 2741 2810 2812 hypostasim
2858 2741 3032 2796 Verbi
3071 2758 3110 2796 ο·
3147 2749 3345 2794 natura
3387 2755 3484 2794 sua
3531 2753 3589 2792 et

325 2830 636 2896 ίδιάζουσαν
673 2831 810 2902 ἔχων
837 2833 932 2886 καὶ
957 2833 1382 2905 διακεκριμένην
1409 2833 1594 2905 πάσης
1622 2833 1848 2904 ὁμοειδοὲ

2065 2851 2074 2886 ι
2117 2835 2210 2889 illa
2248 2849 2357 2904 qua
2403 2849 2570 2904 super
2615 2833 2796 2902 ipsum
2827 2842 2930 2898 est,
2965 2833 3088 2888 ideo
3134 2833 3179 2888 si
3214 2839 3274 2886 ut
3318 2847 3384 2886 ex
3431 2839 3588 2900 parte

323 2923 419 2978 καὶ
477 2925 819 2995 έτεροειδοῦς
882 2925 1097 2995 φύσεως
1148 2927 1248 2996 τὴν
1303 2925 1498 2980 ἑαυτοῦ
1552 2925 1846 2996 ἀνθρωπείι

2062 2923 2264 2989 itura-li,
2325 2923 2642 2978 humanam
2687 2930 2946 2978 natur-am
2998 2938 3065 2978 ex
3116 2938 3281 2977 carne
3337 2931 3585 2982 vocatur,

321 3015 645 3083 ὗπόστασιν,
675 3016 813 3070 ἀλλά
838 3017 1030 3088 κοινὴν
1049 3017 1143 3071 καὶ
1165 3018 1470 3088 ἀδιαίρετον
1495 3018 1595 3088 τῆς
1617 3033 1678 3069 τε
1705 3017 1844 3070 ιῑιαυτ⁴

2066 3031 2131 3068 ιω
2169 3015 2314 3068 nihil
2347 3015 2434 3070 sit'
2465 3025 2782 3086 suspectum
2818 3016 2981 3072 nobis
3020 3015 3253 3078 fraudis,
3295 3023 3589 3082 utrumque

269 3163 274 3169 ,
323 3110 421 3162 καὶ
463 3109 564 3178 τῆς
613 3108 754 3180 ὑπὲρ
797 3109 960 3165 αὐτὸν
1005 3109 1221 3180 φύσεως
1266 3109 1430 3164 οὖσαν
1470 3109 1566 3164 τοῦ
1596 3110 1776 3178 Λόγου

2072 3109 2249 3175 imus;
2296 3107 2340 3163 si
2389 3125 2544 3174 vero,
2601 3117 2662 3164 ut
2693 3125 2762 3164 cx
2799 3125 2908 3164 una
2964 3109 3331 3180 hypostascon
3381 3106 3589 3162 Christi

323 3198 657 3253 ὑπόστασιν·
700 3200 782 3254 διὸ
827 3203 874 3254 εἰ
917 3201 1014 3271 μὲν
1058 3201 1135 3266 ὡς
1181 3203 1246 3254 ὲκ
1285 3201 1488 3272 μέρους
1531 3199 1762 3270 φυσικοῦ
1800 3199 1846 3254 τὶ

2071 3211 2210 3266 tum,
2257 3201 2442 3271 qualia
2488 3201 2776 3272 cujusdam
2829 3200 2984 3254 chori
3035 3208 3098 3253 ut
3146 3199 3429 3269 proprium
3456 3197 3589 3252 sub-

323 3289 684 3362 ἀνθρωπείαν
706 3291 867 3360 φύσιν
913 3294 978 3344 ἐκ
1005 3294 1104 3361 τῆς
1137 3293 1341 3364 σαρκὸς
1373 3293 1717 3363 ὀνομάζεται,
1747 3292 1846 3345 οὐδε

2068 3294 2214 3348 dium
2239 3293 2476 3348 volentis
2508 3291 2869 3346 introducere
2896 3291 3198 3345 humanum
3224 3290 3368 3359 ejus,
3390 3295 3446 3342 et
3479 3301 3591 3342 non

325 3375 414 3438 νδς
440 3377 684 3432 ὑπόπτου
719 3381 851 3450 ἡμῖν
881 3381 1016 3450 πρὸς
1059 3379 1410 3452 ῥᾳδιουργίαν
1439 3381 1746 3452 γινομένου,
1775 3399 1848 3436 ται

2064 3385 2200 3440 Lvina
2250 3391 2450 3438 natura
2477 3384 2835 3454 conjunctum
2871 3381 3062 3446 dicite,
3097 3395 3201 3435 nec
3231 3378 3378 3434 nude
3405 3378 3587 3434 homi-

325 3467 418 3522 τὺν
451 3467 607 3539 ἴσμεν
633 3472 919 3543 ἀμφότερα
939 3487 953 3502 ⁸
987 3475 1034 3526 εί
1065 3473 1121 3526 δὲ
1145 3471 1221 3535 ὡς
1263 3475 1326 3526 ἐκ
1359 3473 1490 3543 μιᾶς
1524 3472 1635 3526 τῶν
1663 3473 1848 3527 ὑποστι

2067 3491 2134 3529 ιηι
2173 3473 2406 3538 dictum,
2457 3487 2562 3527 nec
2599 3486 2822 3526 carnem
2857 3470 2913 3524 in
2963 3471 3084 3525 loco
3123 3469 3381 3525 hominis-
3411 3467 3590 3522 ultimi

327 3573 466 3612 σεων
497 3560 563 3612 τὸ·
583 3561 717 3615 ὅλον·
762 3561 853 3616 τοῦ
891 3562 1126 3634 Χριστοῦ
1165 3559 1252 3617 οἷά
1289 3581 1435 3629 τινος
1461 3565 1622 3636 χοροῦ
1662 3563 1737 3628 ὡς
1769 3563 1850 3618 ιδιι

1289 3581 1435 3629 τινος
1461 3565 1622 3636 χοροῦ
1662 3563 1737 3628 ὡς
1769 3563 1898 3618 ιδιο-
2011 3564 2150 3619 nttdi
2179 3563 2387 3619 dictam
2429 3562 2735 3633 accipietis.-

327 3651 625 3708 ὓπόστατον
658 3653 968 3726 βουλόμενοι
996 3657 1236 3726 εἰσάγειν
1261 3659 1324 3710 τὸ
1367 3659 1707 3730 ἀνθρώπινον
1747 3657 1935 3724 αὑτοῦ,
1975 3659 2070 3712 καὶ
2091 3658 2152 3711 οὐ
2184 3656 2304 3728 θείᾳ
2334 3657 2494 3727 φύσει
2563 3656 2815 3711 σύνθετόν
2847 3675 3004 3727 φατε,
3027 3658 3158 3713 οὐδὲ·
3187 3657 3276 3710 τόν
3303 3655 3590 3727 ἄνθρωπον

323 3747 890 3818 λεγόμενον-γυμνῷς,
917 3749 1038 3802 οὐδὲ
1069 3752 1166 3821 τὴν
1203 3750 1382 3822 σάρκα
1411 3751 1532 3805 ἀντὶ
1565 3749 1659 3804 τοῦ
1696 3748 1986 3820 ἀνθρώπου
2017 3747 2225 3804 τελείου
2259 3748 2470 3820 γυμνοῦ
2499 3748 2799 3820 λεγομένην
2831 3749 3262 3818 καταδεξάμεθαι

863 3871 868 3876 ’
918 3885 1168 3940 ΚΕΦΑΛ.
1211 3889 1292 3943 Λ’.

2603 3884 2782 3966 σιμ,
2815 3885 2981 3941 xxx.

395 4000 501 4073 Είὴ
518 3998 867 4071 σάρξ.[σάρξ]
899 4000 1034 4067 ἐστι,
1055 4003 1145 4055 καὶ
1168 4002 1229 4054 οὐ
1258 4002 1470 4074 θεότης,
1489 4006 1518 4058 ό
1549 4005 1603 4059 δὲ
1616 4005 1904 4078 ἄνθρωπος

2081 4001 2138 4057 Si
2189 4016 2322 4057 caro
2364 4010 2450 4056 est
2498 4009 2699 4056 etnon
2763 3999 3046 4067 divinitas,
3121 4017 3222 4058 nec
3275 4003 3440 4060 homo
3505 4013 3591 4060 est

320 4095 511 4150 οὐκέτι
539 4093 824 4164 ἄνθρωπός
855 4095 972 4146 ἐστι
1000 4093 1094 4148 καὶ
1119 4095 1180 4146 οὑ
1203 4093 1414 4166 θεότης,
1439 4098 1559 4150 εἰπὲ
1588 4097 1640 4150 τί
1677 4098 1775 4168 μὲν
1805 4099 1843 4152 τί

2065 4109 2175 4150 imo
2205 4102 2311 4150 nec
2333 4093 2618 4160 divinitas,
2651 4093 2741 4149 dic
2764 4094 2896 4165 quid
2917 4094 3121 4151 carnis
3147 4095 3426 4160 divinitas,
3454 4097 3588 4168 quid

321 4185 526 4258 σαρκὸς
559 4187 592 4254 ἠ
618 4184 832 4256 θεότης,
861 4185 914 4240 τί
941 4185 998 4238 δὲ
1032 4185 1130 4239 τοῦ
1158 4186 1446 4258 ἀνθρώπου
1469 4191 1501 4258 ἡ
1531 4189 1755 4260 οεότης;
1783 4191 1844 4244 Ti

2066 4186 2246 4242 tminis
2272 4185 2575 4241 divinitas?
2603 4185 2794 4253 Quoad
2825 4203 3068 4252 carnem,
3097 4187 3232 4243 illud
3287 4189 3466 4258 ipsum
3503 4189 3589 4244 di-

325 4279 554 4346 σαρκός,
577 4275 774 4328 ταυτὸν
803 4273 862 4328 δέ
889 4277 1036 4328 ἐστιν
1083 4277 1260 4330 εἰπεῖν
1293 4277 1388 4330 καὶ
1432 4279 1526 4332 τοῦ
1579 4279 1848 4351 ἀνθρώπω

2069 4279 2241 4339 ndum
2269 4279 2420 4348 quod
2444 4279 2513 4334 de
2549 4279 2777 4336 homine
2811 4281 3302 4338 consubstantialis
3327 4282 3589 4337 divinitas

322 4367 791 4430 συνενυπόστατος
821 4367 854 4438 ἡ
887 4366 1078 4438 θεότης
1112 4369 1170 4422 ὲν
1211 4370 1468 4442 Χριστῷ·
1502 4372 1636 4426 ἀλλὰ
1669 4373 1767 4444 τῆς
1801 4375 1845 4444 μὶ

2116 4369 2350 4437 Christo,
2389 4371 2485 4426 sed
2511 4385 2662 4437 caro,
2696 4380 2758 4427 ut
2785 4371 3014 4439 dicitur,
3045 4390 3155 4428 non
3195 4390 3338 4430 nove
3377 4375 3589 4429 habens
3635 4393 3639 4400 '

320 4458 550 4528 σαρκὸς,
582 4458 658 4522 ὡς
711 4457 950 4531 εἴρηται,
1005 4461 1336 4527 άκαινίστως
1385 4464 1614 4536 ἐχούσης
1655 4467 1799 4520 κατά
1842 4497 1843 4502 η

2064 4461 2248 4536 :rbum
2271 4461 2600 4516 naturaliter
2620 4471 2678 4517 et
2707 4463 3076 4534 hypostatice,
3099 4473 3156 4520 et
3189 4465 3244 4520 in
3286 4465 3430 4536 ipso,
3451 4467 3587 4522 utin

323 4548 536 4617 φύσεως
571 4551 664 4604 καὶ⁸
693 4552 1046 4616 ὑποστάσεως
1087 4554 1264 4622 λόγον,
1295 4556 1388 4608 καὶ
1423 4557 1481 4609 ὲν
1513 4557 1662 4629 αὐτῷ
1689 4558 1762 4622 ὡς
1807 4576 1846 4612 κγ

2120 4551 2219 4607 πίε
2260 4560 2489 4622 apparet
2537 4553 2714 4622 partis
2763 4562 2822 4610 et
2872 4555 3214 4612 discriminis
3276 4558 3344 4612 ad
3389 4567 3584 4615 totum.
3632 4575 3643 4621 ξ

321 4642 380 4694 ιν
403 4645 515 4706 τοῖς
543 4643 771 4709 λοιποῖς,
799 4645 997 4715 μέρους
1020 4661 1080 4699 τε
1112 4648 1208 4700 καὶ
1229 4647 1490 4720 διαφόρου
1516 4648 1844 4722 θεωρουμένη

2066 4644 2192 4699 toad
2223 4645 3035 4711 hominem,consubstantialis
3058 4658 3144 4706 est
3167 4649 3432 4707 divinitas
3460 4670 3473 4706 :
3502 4669 3589 4710 re-

322 4731 460 4802 πρδς
498 4732 559 4784 τὸ
611 4733 764 4788 ὅλον·
815 4734 910 4788 τεῦ
964 4735 1021 4788 δὲ
1075 4736 1386 4807 ἀνθρώπου,
1435 4741 1845 4794 συνενυπόστατι

2064 4745 2264 4790 watum
2299 4736 2351 4790 in
2385 4737 2640 4806 pluribus
2665 4739 2975 4793 secundum
3003 4740 3348 4812 hypostasin,
3377 4743 3434 4798 in
3467 4744 3587 4800 loco

321 4819 470 4874 ἑστιν
507 4823 541 4890 ἠ
573 4821 798 4893 θεότης·
851 4825 1225 4889 καινισοέντος
1273 4827 1428 4898 παρὰ
1480 4829 1608 4891 τοὺς
1665 4830 1844 4884 πολλοὲ

2062 4827 2260 4895 'opriae,
2288 4843 2660 4895 communem,
2683 4838 2744 4884 et
2762 4830 2884 4887 loco
2908 4831 3164 4889 humanae
3189 4833 3434 4890 divinant
3458 4853 3585 4906 ρει·-

319 4908 444 4999 καίν
473 4911 801 4966 ὑπόστασιν·
835 4916 958 4969 ἀντὶ
1010 4915 1120 4984 γὰρ
1165 4917 1364 4984 ίδικῆς,
1396 4921 1585 4991 κοινήν
1609 4937 1622 4951 ·
1657 4923 1750 4976 καὶ
1778 4925 1842 4975 ἀν

2065 4931 2191 4971 nam
2235 4918 2514 4988 acquisiti,
2545 4928 2604 4974 et
2633 4921 2778 4987 loco,
2809 4925 2978 4978 totius
3021 4925 3374 4997 hypostatici,
3411 4929 3585 4999 parti-

321 4997 686 5088 ἀνθρωπείας,
719 5003 870 5058 θείαν
902 5005 1246 5074 κτησαμένου
1279 5007 1583 5063 ὑπόστασιν
1604 5025 1616 5039 ·
1653 5013 1748 5065 καὶ
1774 5015 1839 5066 ἀν

2058 5006 2122 5060 Ila
2173 5017 2421 5078 apparet,
2474 5010 2581 5066 hoc
2631 5021 2717 5066 est
2754 5013 2838 5067 illi.-
2885 5029 3016 5070 vere
3070 5019 3126 5070 in
3181 4997 3581 5088 perfectionem

319 5087 443 5181 δλου
482 5091 868 5159 ὑποπατικοῦ,
901 5093 974 5157 ὡς
1007 5094 1209 5166 μέρους
1233 5097 1290 5149 ὲν
1313 5098 1452 5170 αιχτῇ
1484 5099 1842 5171 θεωρουμένοι

2062 5097 2206 5154 litate
2255 5100 2638 5160 beatitudinis.
2695 5103 2764 5158 Et
2801 5087 3214 5164 observandum
3267 5111 3413 5181 quod
3473 5127 3585 5166 non

320 5175 478 5274 votivo
521 5181 632 5251 γὰρ
681 5183 830 5252 αὐτῷ
861 5184 1027 5246 ὅντως
1067 5185 1186 5239 ἐστὶ
1227 5187 1363 5254 πρὸς
1413 5190 1766 5261 ἀπαρτισμὸν
1798 5194 1843 5244 τί

2062 5205 2220 5258 mper
2261 5193 2424 5247 nobis
2463 5211 2594 5249 caro
2627 5196 2910 5252 hominem
2951 5215 3018 5254 ex
3081 5211 3242 5270 parte
3289 5201 3582 5274 signiﬁcat,

317 5268 532 5335 τελείας
585 5275 1020 5344 μακαριότητος·
1072 5275 1167 5328 καὶ
1221 5282 1786 5352 παρατηρητέονιὸτι
1831 5303 1840 5335 ε

2067 5281 2084 5334 l
2141 5283 2318 5337 homo.
2355 5300 2604 5350 carnem,
2645 5291 2742 5343 sed
2789 5292 3016 5360 quando
3045 5292 3114 5347 de
3159 5304 3356 5348 natura
3404 5295 3584 5350 solum

317 5361 547 5416 πάντοτε
601 5366 732 5434 ἡμῖν
775 5365 808 5434 ἦ
856 5381 912 5417 τε
965 5363 1107 5436 σάρξ
1153 5367 1246 5420 τὸν
1279 5368 1566 5440 ἄνθρωπον
1598 5373 1662 5426 ἐκ
1693 5374 1840 5442 μέρος

2061 5389 2180 5428 rmo
2197 5383 2283 5428 est
2301 5391 2318 5432 :
2343 5384 2400 5430 et
2415 5376 2460 5431 si
2487 5377 2612 5444 hoc,
2631 5395 2744 5434 non
2773 5384 2908 5452 quia
2929 5399 3029 5452 per
3043 5385 3227 5438 omnia
3254 5384 3419 5441 homo
3437 5395 3584 5440 esset

317 5455 592 5546 σημαίνει,
622 5457 655 5526 ἢ
684 5457 713 5510 ό
735 5456 1021 5546 ἄνθρωπος
1058 5457 1158 5528 τὴν
1185 5461 1386 5530 σάρκα,
1415 5462 1534 5516 ἀλλ’
1566 5464 1728 5535 ἡνίκα
1765 5483 1840 5533 πε

2063 5479 2145 5526 ro,
2185 5463 2282 5518 sed
2325 5469 2458 5536 quia
2504 5469 2560 5524 in
2596 5469 2822 5528 Christo
2875 5483 2934 5528 ut
2989 5473 3433 5546 distingueretur
3472 5493 3582 5532 una

315 5545 531 5614 φύσεως
564 5548 724 5618 μόνον
761 5549 846 5616 εἴη
877 5548 905 5599 ὁ
937 5545 1094 5613 λόγος
1117 5565 1132 5579 ·
1160 5549 1254 5603 κα)⁸
1281 5552 1330 5604 εἰ
1373 5553 1556 5621 τοῦτο,
1607 5558 1667 5610 οὐ
1707 5556 1796 5610 διά
1833 5575 1838 5588 ·

2056 5564 2193 5610 itura
2232 5561 2541 5615 secundum
2600 5579 2849 5630 carnem,
2905 5581 3124 5620 onmem
3177 5568 3579 5624 humanitatem

311 5635 491 5692 πάντα
536 5641 626 5692 τὸν
677 5639 958 5708 ἄνθρωπον
991 5634 1130 5694 εἶναι
1164 5641 1342 5712 σάρκα
1369 5659 1382 5672 ⁸
1422 5645 1560 5701 ἀλλὰ
1592 5647 1680 5702 διὰ
1708 5648 1766 5702 τὸ
1799 5649 1834 5700 ὲλ

2056 5689 2058 5696 .
2097 5645 2470 5721 divinitatem,
2516 5661 2573 5708 ut
2603 5669 2872 5715 creatura.
2903 5657 2970 5712 ad
3024 5657 3354 5728 mercatum,
3401 5669 3455 5716 et
3513 5671 3579 5716 ut
