3852 6134
307 175 440 247 1751

1567 199 1878 260 LEONTII
1913 204 2319 266 ΒΥΖΑΝΤΙΝΕ

3449 201 3624 270 {'52

303 304 352 361 si
379 303 635 362 invidens
678 317 851 362 unum
881 305 949 362 ad
990 299 1338 363 divinitatem
1367 311 1734 382 accipientem
1768 330 1895 384 pro-

2020 317 2236 392 ἶριστοῦ
2267 316 2344 385 ὡς
2377 321 2507 391 μίαν
2552 321 3080 376 ἀντιδιαστέλλεσθαι
3111 321 3276 390 φύσιν
3305 319 3460 372 κατᾶ
3504 320 3620 388 si}:

307 397 512 468 prium.

901 669 1053 725 CAP.
1105 668 1299 726 XXXI.

379 757 436 814 Si
475 757 622 830 quod
655 768 740 814 est
769 763 952 816 carnis
980 761 1261 828 divinitas,
1296 762 1402 817 hoc
1432 770 1538 827 cst,
1571 772 1626 819 et
1651 762 1892 818 hominis

309 850 593 917 divinitas,
626 853 799 908 altera
823 869 956 909 vero
988 870 1118 910 caro
1151 870 1324 927 prope
1355 856 1727 920 divinitatem,
1763 871 1890 910 nam

310 958 440 1006 caro
469 953 562 1009 est
611 955 666 1000 et
709 961 820 1000 non
870 947 1152 1012 divinitas,
1197 948 1476 1017 quomodo
1502 963 1613 1002 non
1657 949 1798 1004 alter
1837 957 1894 1003 et

313 1027 482 1092 homo
510 1039 667 1108 juxta
720 1039 1093 1106 divinitatem,
1131 1056 1256 1096 cum
1291 1041 1458 1094 homo
1486 1049 1632 1096 esset
1663 1058 1772 1096 non
1805 1041 1892 1096 di-

311 1126 537 1184 vinitas.
590 1129 730 1184 Vere
760 1145 893 1200 ergo
924 1130 1069 1185 idem
1100 1139 1188 1186 est
1228 1133 1432 1196 carnis,
1467 1133 1511 1186 si
1553 1147 1684 1188 caro
1716 1133 1894 1196 solum

313 1217 599 1275 diceretur
650 1236 753 1275 nec
780 1231 840 1276 ut
870 1221 1057 1287 immo,
1084 1231 1141 1276 et
1171 1221 1416 1277 hominis
1443 1223 1728 1289 divinitas,
1761 1223 1894 1293 quid

315 1314 446 1361 vero
476 1307 584 1363 illis
609 1313 714 1374 est,
745 1309 849 1364 nisi
886 1310 1062 1365 solum
1093 1311 1580 1367 consubstantialis
1603 1329 1702 1382 per
1732 1313 1895 1371 unio-

315 1403 440 1449 nem
465 1395 522 1449 in
547 1411 864 1466 personam,
888 1399 1003 1454 sive
1036 1408 1220 1454 utrum
1251 1401 1536 1456 hominum
1557 1401 1893 1472 signiﬁcare,

317 1487 432 1542 sive
463 1489 554 1542 illa
591 1499 652 1543 ut
697 1505 766 1544 ex
810 1500 986 1560 parte,
1037 1493 1134 1548 illo
1163 1509 1298 1548 vero
1329 1502 1388 1547 ut
1416 1495 1543 1564 quis
1567 1495 1716 1550 dicet
1746 1496 1903 1550 illam

317 1582 648 1638 coexsistere
686 1581 742 1637 in
799 1592 916 1638 toto
963 1585 1213 1655 physico,
1267 1587 1443 1640 altero
1484 1601 1616 1640 vero
1647 1601 1892 1649 rursum,

319 1687 449 1727 caro
475 1673 735 1736 ethomo,
757 1675 1036 1744 quomodo
1060 1687 1213 1740 vero,
1239 1675 1548 1734 divinitatis
1575 1677 1629 1731 in
1647 1677 1893 1743 Christo,
1932 1668 1969 1721 Β

318 1765 424 1820 nisi
455 1775 680 1832 natura,
731 1783 857 1822 cum
905 1782 1035 1822 caro
1066 1769 1138 1822 sit
1164 1777 1220 1822 et
1253 1768 1438 1834 homo,
1489 1777 1543 1823 et
1591 1784 1702 1823 non
1747 1769 1894 1824 Divi-

319 1858 484 1921 nitas,
525 1858 571 1913 si
619 1874 746 1912 cum
777 1874 876 1914 vos
909 1859 1116 1924 dicitis,
1164 1859 1259 1914 sed
1313 1860 1619 1918 secundum
1667 1853 1896 1916 alteram

321 1961 572 2008 naturam
604 1967 738 2006 sane
795 1951 888 2007 illa
954 1959 1042 2007 est
1086 1953 1259 2008 altera
1308 1961 1364 2008 et
1423 1968 1532 2008 non
1591 1954 1896 2009 secundum

320 2043 482 2098 aliam
523 2042 866 2114 hypostasin,
918 2057 1044 2098 cum
1069 2050 1270 2098 natura
1304 2043 1375 2098 sit
1411 2042 1691 2111 divinitas,
1726 2045 1898 2100 altera

321 2144 516 2190 natura
568 2135 912 2192 humanitas.

897 2334 1050 2394 CAP.
1101 2333 1318 2394 XXXII.

397 2422 454 2486 Si
489 2426 676 2486 Carnis
716 2445 843 2500 pars
881 2447 992 2484 non
1027 2439 1150 2486 erat
1179 2432 1326 2488 Deus
1371 2430 1631 2496 Verbum,
1659 2430 1901 2486 hominis

323 2528 458 2576 vero
501 2538 630 2592 pars
673 2531 839 2589 esset,
873 2523 1154 2592 quomodo
1192 2525 1598 2590 non'arianice,
1634 2525 1723 2580 vel
1752 2525 1900 2594 apol-

323 2611 556 2668 linarice
586 2613 796 2668 sentis?
837 2613 942 2668 Sed
975 2630 1078 2670 nec
1124 2615 1333 2682 carnis,
1373 2615 1738 2671 nechominis
1775 2631 1902 2686 pars

327 2703 570 2760 Verbum
608 2742 624 2770 ,
727 2704 871 2762 absit
951 2721 968 2760 :
1061 2721 1185 2760 nam
1315 2707 1517 2777 siquis
1556 2707 1680 2763 loco
1705 2709 1902 2764 animae

325 2797 479 2852 carni
504 2797 624 2853 sine
656 2795 773 2868 lege
793 2795 954 2852 daret
977 2797 1218 2852 Verbum
1238 2797 1546 2853 secundum
1569 2808 1902 2870 memoratos

325 2886 486 2943 Vobis
538 2886 1040 2956 blasphematores,
1074 2887 1173 2943 sed
1229 2887 1488 2944 similiter
1525 2901 1631 2942 nec
1676 2888 1908 2959 quidem

1994 413 2194 482 σάρκα.
2217 415 2401 468 πᾶσαν
2447 414 2548 484 τὴν
2581 412 2983 484 ἀνθρωπότητα
3009 413 3145 484 πρὸς
3169 411 3273 482 τὴν
3299 411 3569 482 θεότητα
3597 428 3616 442 ·

1991 502 2066 564 ὡς
2099 503 2325 571 κτιστήν
2355 519 2415 556 τε
2461 503 2600 574 πρὸς
2651 502 2714 556 τὸ
2757 503 3034 566 ἄκτιστον,
3081 503 3177 556 καὶ
3223 503 3302 565 ὡς
3335 501 3438 556 ἕνα
3467 503 3624 575 ὅρα-,ιν

1993 595 2391 668 meava
2417 596 2546 649 ἴδιον
2579 595 2731 668 παρὰ
2761 595 2858 664 τὴν
2885 595 3136 662 θεότητα.

2576 687 2832 743 ΚΕΦΑΛ.
2864 686 2993 744 AA’.

2061 778 2122 832 Εἰ
2147 781 2281 850 ὅπερ
2305 778 2420 832 ἐστὶ
2449 779 2553 850 τῆς
2585 780 2787 850 σαρκὸς
2821 781 2856 847 ἡ
2886 779 3100 848 θεότης,
3133 777 3294 834 τοῦτό
3329 780 3458 833 ἐστι
3499 780 3615 834 καὶ

1993 871 2087 926 τοῦ
2127 871 2414 943 ἀνθρώπου
2443 871 2710 942 ή-θεότης
2732 888 2747 903 ο
2777 871 2942 942 ἑτέρα
2968 871 3028 925 δὲ
3057 873 3090 943 ἡ
3120 871 3262 944 σὰρξ
3297 873 3463 940 παρᾶ
3497 872 3615 943 τὴν

1997 964 2228 1034 θειὶτητα
2259 963 2420 1034 (σὰρξ
2439 964 2546 1035 γάρ
2574 963 2688 1017 ἔστι
2727 963 2820 1018 καὶ
2841 964 2904 1016 οὑ
2935 963 3170 1033 θεότης),
3202 962 3326 1027 πῶς
3359 965 3466 1033 οὐχ
3487 962 3616 1016 ἔτει

1999 1073 2090 1126 ρος
2117 1059 2212 1109 καὶ
2234 1055 2262 1112 ὁ
2291 1055 2578 1128 ἄνθρωπος
2612 1059 2766 1127 παρὰ
2791 1057 2891 1128 τὴν
2921 1055 3188 1128 θεότητσ.;
3227 1057 3476 1127 ἐπείπερ
3504 1057 3616 1110 tiv-

1997 1146 2211 1218 θρωπος
2237 1147 2334 1200 καὶ
2367 1147 2427 1202 ού
2459 1147 2671 1218 θεότης.
2697 1147 2906 1209 Ὄντως
2932 1147 3043 1218 γὰρ
3075 1145 3275 1200 ταυτόν
3323 1147 3444 1200 ἐστι
3498 1147 3610 1214 τῆς

1995 1253 2055 1290 τε
2092 1237 2316 1308 σαρκὸς,
2349 1236 2454 1296 κᾶν
2501 1235 2576 1300 ὡς
2607 1237 2743 1308 σὰρξ
2792 1237 2952 1306 μόνον
2987 1235 3202 1305 λέγοιτο
3231 1237 3330 1291 καὶ
3363 1237 3472 1306 οὑχ
3526 1237 3606 1298 ὡς

1997 1327 2305 1400 ἄνθρωπος,
2359 1327 2453 1382 καὶ
2509 1327 2602 1381 ut":
2641 1325 2933 1400 ἀνθρώπου
2981 1328 3014 1399 ή
3047 1327 3282 1395 θεότης·
3309 1326 3368 1380 τε
3396 1327 3456 1380 δὲ
3489 1323 3607 1398 ἆρὰ

1997 1423 2147 1476 ἐστιν
2181 1423 2384 1485 αὑτοῖς,
2411 1419 2446 1492 ἦ
2481 1421 2641 1492 μόνον
2668 1421 3072 1482 συνυπόστατος
3093 1419 3182 1473 διὰ
3203 1421 3304 1489 τῆς
3341 1420 3611 1483 ὲνώσεως

1999 1512 2099 1584 τῆς
2146 1515 2268 1569 καθ’
2300 1512 2631 1568 ὑπόστασιν·
2664 1515 2773 1567 εἴτε
2814 1513 2980 1582 ἄμφω
3025 1512 3118 1566 τόν
3150 1510 3453 1584 ἄνθρωπον
3503 1529 3612 1580 ση-

2004 1609 2268 1678 μαίνοιεν,
2320 1607 2432 1662 εἴτε
2464 1609 2530 1678 τῇ
2567 1607 2665 1678 μὲν
2705 1606 2781 1670 ὥς
2819 1606 3000 1677 μέρει,
3027 1606 3104 1675 τῷ
3131 1604 3187 1657 δὲ
3235 1603 3314 1666 ὡς
3348 1603 3462 1674 ὅλῳ
3502 1621 3610 1671 φο·

2005 1701 2143 1774 σικῷ
2175 1700 2604 1772 συνυφίστασθαι
2632 1717 2716 1764 τις
2741 1699 2886 1768 λέγει
2915 1698 3083 1768 αὑτήν
3106 1715 3118 1726 ·
3141 1696 3310 1768 ἕτερα
3337 1697 3399 1750 δὲ
3435 1695 3610 1750 πάλιν

2001 1796 2036 1865 ἦ
2061 1811 2121 1848 τε
2153 1794 2292 1866 σὰρξ
2323 1795 2416 1848 καὶ
2471 1795 2500 1848 6
2525 1793 2835 1864 ἄνθρωπος,
2890 1791 3010 1854 πῶς
3044 1792 3193 1843 ἐστιν
3239 1787 3470 1858 ἀληθῶς
3506 1789 3612 1859 τῆς

2003 1889 2257 1962 θεότητος
2291 1891 2349 1942 ἐν
2382 1887 2628 1959 Χριστῷ,
2651 1888 2698 1940 εἰ
2737 1884 2810 1957 μὴ
2843 1884 3032 1955 φύσεις
3068 1882 3340 1952 Ἐπεεπερ
3381 1881 3532 1954 σάρξ
3546 1881 3610 1934 τέ

2003 1983 2120 2037 ἐστι
2151 1983 2245 2036 καὶ
2277 1980 2586 2052 ἄνθρωπος,
2621 1980 2717 2032 καὶ
2749 1979 2814 2032 οὑ
2856 1977 3051 2044 θεότης
3089 1975 3240 2035 τάδε,
3273 1972 3472 2035 καθὼς
3509 1972 3613 2026 καὶ

2003 2076 2162 2146 ὑμεῖς
2191 2091 2350 2142 φατε.
2378 2073 2516 2127 ἀλλὰ
2567 2070 2712 2126 κατὰ
2752 2072 2916 2140 φύσιν
2943 2067 3155 2140 ἑτέραν,
3182 2067 3392 2137 δηλαδὴ
3425 2065 3609 2136 ἕτερά

2003 2168 2121 2224 ἐστι
2149 2164 2275 2219 τάδε
2307 2163 2474 2218 καὶού
2507 2159 2630 2216 καθ’
2661 2159 2960 2215 ὑπόστασιν
2987 2154 3184 2228 ἄλλην·
3220 2155 3392 2226 εἴπερ
3426 2154 3612 2226 φύσις

2005 2256 2044 2328 ἡ
2067 2255 2280 2326 θεότης,
2308 2257 2404 2310 xui.
2438 2255 2597 2326 φύσις
2625 2253 2787 2322 ἑτέρι
2813 2254 2846 2323 ἡ
2869 2249 3248 2322 ἀνθρωπότης.

2594 2345 2847 2400 ΚΕΦΛΛ.
2875 2343 3000 2398 ΛΒ’.

2075 2445 2138 2499 El
2167 2444 2266 2512 τῆς
2295 2441 2498 2513 σαρκδς
2525 2437 2622 2510 μὲν
2661 2437 2826 2508 μέρος
2849 2435 2951 2488 οὐκ
2973 2429 3042 2505 ἦν
3069 2437 3096 2486 6
3115 2431 3251 2496 θεὸς
3271 2431 3476 2500 Λόγος.
3501 2425 3616 2484 τοῦ·

2005 2542 2062 2595 δὲ
2089 2537 2378 2610 ἀνθρώπου
2407 2537 2574 2606 μέρος
2605 2526 2696 2602 ἦν,
2727 2532 2845 2595 πῶς
2860 2525 3334 2600 οὑκἈρειανὶζεις
3363 2526 3400 2596 ἢ
3435 2526 3614 2576 Ἀποσ-

2006 2613 2338 2700 λιναρίζεις;
2367 2624 2507 2678 Ἀλλ’
2535 2620 2660 2678 οὐδὲ
2685 2621 2785 2690 τῆς
2814 2617 3015 2690 σαρκὸς
3034 2615 3154 2669 οὐδὲ
3172 2613 3269 2666 τοῦ
3295 2612 3616 2682 ἀνθρώπιν’

2011 2723 2176 2792 μέρος
2205 2722 2233 2774 ὁ
2256 2719 2448 2786 Λόγος,
2487 2717 2561 2787 μὴ
2591 2712 2800 2782 γένοιτο
2825 2728 2840 2742 ·
2896 2710 2944 2763 ει
2973 2706 3083 2778 γάρ
3111 2723 3196 2769 τις
3223 2704 3321 2758 καὶ
3345 2703 3472 2756 ἀντὶ
3495 2703 3570 2770 et;
3589 2733 3607 2746 .

2007 2813 2107 2884 χῆς
2133 2813 2200 2882 τῇ
2259 2807 2422 2878 σαρκὶ
2455 2806 2712 2876 ἁθέσμως
2759 2799 2878 2871 δοίη
2912 2798 3004 2854 τὸν
3059 2796 3230 2866 Λόγον
3263 2795 3409 2848 κατὰ
3463 2795 3604 2856 τοὺς

2011 2901 2484 2974 μνημονευθέντας
2517 2897 2650 2968 ὑμῖν
2684 2891 3075 2964 θεολοιδόρους,
3117 2888 3234 2942 ἀλλ’
3263 2887 3420 2957 ὅμως
3466 2885 3606 2974 οὑὂᾷ⁸

325 2977 567 3035 hominis
614 2992 742 3048 pars
781 2992 908 3034 eum
959 2975 1210 3042 exhibet,
1245 2993 1374 3034 nam
1422 2979 1528 3035 tale
1578 2987 1754 3034 totum
1791 2996 1899 3036 non

2020 2991 2179 3056 36cm;
2242 2989 2530 3063 ἀνθρώπου
2583 2987 2750 3058 μέρος
2801 2984 2868 3040 ἃν
2919 2981 3080 3072 αὑτὸν
3129 2977 3502 3072 πσραστήσηο
3533 2973 3605 3072 ρὺ

325 3063 494 3128 homo
527 3071 636 3126 erit
658 3071 763 3126 hoc
785 3085 850 3126 ex
871 3068 1034 3126 carne
1067 3070 1188 3126 sine
1237 3069 1418 3126 anima
1443 3078 1502 3126 et
1537 3067 1710 3126 divini
1736 3071 1902 3129 Verbi

2020 3083 2117 3155 γὰρ
2147 3083 2207 3137 τὸ
2262 3078 2466 3136 τοιόνδε
2494 3078 2616 3133 ὅλον
2643 3076 2931 3147 ἄνθρωπος
2985 3070 3138 3124 ἔσται
3185 3067 3375 3121 λοιπὸν
3418 3065 3482 3118 τὸ
3531 3065 3602 3117 ἐκ

323 3157 734 3226 compositum;
785 3159 1039 3228 corporis
1085 3158 1234 3217 enim
1283 3159 1468 3214 anima
1497 3161 1750 3216 rationali
1781 3161 1904 3217 ani-

325 3251 454 3309 mali
489 3248 606 3304 haec
653 3260 742 3306 est
784 3251 1030 3305 hominis
1059 3250 1203 3305 ratio
1235 3258 1292 3306 et
1325 3250 1597 3316 deﬁnitio,
1637 3268 1748 3307 non
1773 3268 1906 3308 vero

324 3342 516 3399 divino
547 3343 728 3399 Verbo
759 3343 982 3414 animali
1012 3361 1026 3409 ;
1059 3343 1106 3398 si
1132 3356 1269 3400 vero
1303 3345 1430 3415 quis
1459 3345 1606 3400 dicat
1630 3345 1906 3414 quomodo

326 3435 570 3490 Verbum
615 3451 744 3506 pars
789 3434 1018 3501 Christi,
1067 3435 1378 3501 evidenter,
1416 3444 1477 3490 ut
1513 3437 1684 3492 totius
1710 3445 1764 3492 et
1794 3453 1903 3492 non

327 3537 388 3580 ut
435 3527 678 3582 hominis
720 3527 1042 3600 simpliciter
1079 3528 1240 3592 dicis,
1275 3537 1332 3583 et
1379 3527 1486 3583 hoc
1513 3527 1691 3582 solum
1725 3527 1792 3584 ad
1825 3529 1908 3584 in-

333 3617 666 3676 dicationem
709 3619 941 3678 unitatis
979 3634 1230 3692 persona:
1259 3619 1410 3675 illius
1442 3635 1511 3674 ex
1537 3619 1776 3676 diversis
1802 3635 1906 3676 na-

329 3711 471 3766 turis
519 3711 871 3782 composita).
925 3784 932 3789 .

895 3889 1047 3950 CAP.
1091 3884 1344 3948 XXXI".

399 3982 458 4044 Si
508 3991 570 4042 ut
597 3999 724 4058 pars
755 3985 940 4042 carnis
977 3999 1088 4040 non
1113 3993 1199 4040 est
1224 3987 1368 4041 Deus
1397 3985 1664 4051 Verbum,
1694 3987 1774 4042 sic
1803 4001 1908 4042 nec

328 4096 458 4157 pars
505 4079 751 4136 hominis
801 4077 1078 4149 quomodo
1106 4094 1219 4132 non
1267 4079 1408 4133 alter
1437 4078 1603 4132 homo
1633 4078 1702 4134 ad
1733 4079 1906 4134 Deum

328 4174 596 4238 Verbum,
647 4173 846 4228 eodem
887 4172 1052 4228 modo
1080 4180 1136 4226 et
1177 4172 1319 4226 alter
1369 4169 1516 4226 Deus
1547 4171 1791 4228 Verbum
1839 4170 1908 4225 ad

2010 3175 2212 3246 σαρκὸς
2235 3173 2444 3244 ἀψύχου
2485 3171 2580 3226 καὶ
2629 3169 2806 3236 Λόγου
2863 3163 3010 3220 θείου
3062 3157 3598 3232 συμπληρούμενον·

2011 3267 2265 3338 σώματος
2293 3265 2404 3338 γὰρ
2432 3265 2626 3333 λογικῇ
2681 3261 2828 3330 ψυχῇ
2861 3255 3242 3328 ὲψυχωμένου,
3272 3253 3300 3305 6
3341 3247 3441 3304 τοῦ
3498 3249 3600 3301 ἅν-

2009 3337 2228 3432 θρῶπου
2281 3337 2442 3426 λόγος
2480 3355 2577 3409 καὶ
2616 3353 2744 3424 ὅρος
2773 3350 2952 3404 ἐστίν’
2996 3347 3058 3400 οὑ
3097 3345 3205 3416 μὴν
3263 3342 3397 3432 θείῳ
3429 3337 3600 3432 Λόγῳ

2011 3427 2393 3516 ὲῷυκωμένοψ
2425 3445 2474 3496 εἰ
2505 3443 2562 3496 δὲ
2592 3442 2699 3510 ἄρα
2719 3439 2811 3494 καὶ
2838 3437 2986 3506 λέγοι
3029 3435 3113 3498 τίς
3159 3448 3277 3494 πως
3309 3429 3478 3500 μέρος
3501 3427 3597 3480 τὸν

2008 3537 2181 3605 Λόγον
2205 3533 2466 3606 Χριστοῦ,
2490 3531 2691 3603 δηλαδὴ
2715 3531 2790 3592 ὼς
2813 3529 2938 3582 ὅλου
2957 3543 2972 3558 ο
3025 3523 3121 3578 καὶ
3147 3523 3244 3592 οὑχ
3268 3521 3344 3583 ὡς
3377 3516 3600 3586 ἀνθρώ-

2009 3644 2114 3688 nou
2171 3627 2359 3691 ἁπλῶς
2388 3639 2558 3696 φησιο
2605 3619 2884 3677 καὶτοῦτο
2919 3617 3079 3688 μόνον
3110 3613 3246 3684 πρδς
3303 3609 3602 3682 angustas:

2007 3723 2103 3778 τοῦ
2142 3721 2200 3775 ἓν
2258 3714 2399 3773 εῖναι
2448 3715 2741 3788 πρόσωπον
2770 3710 2937 3766 αὑτοῦ
2975 3711 3041 3763 ὲκ
3073 3704 3344 3776 διαφόρων
3368 3699 3592 3771 φύσεων

1988 3858 1998 3864 .
2012 3814 2390 3885 συγκείμενον.

2590 3894 2842 3954 ΚΕΦΛΛ.
2871 3891 2990 3950 AI".

2082 3994 2143 4053 Ei
2164 3997 2354 4070 ὥσπερ
2403 3995 2567 4066 μέρος
2591 3994 2691 4048 οὐκ
2728 3991 2846 4044 ἔστι
2875 3990 2976 4058 τῆς
3007 3985 3212 4058 σαρκὸς
3258 3986 3287 4038 6
3315 3984 3450 4048 Θεὸς
3479 3980 3587 4036 Λό-

2009 4109 2124 4160 γος,
2147 4089 2321 4153 οὕτως
2347 4087 2466 4142 οὐδὲ
2493 4086 2656 4157 μέρος
2679 4083 2773 4138 τοῦ
2799 4080 3111 4152 ἀνθρώπου,
3129 4081 3246 4142 πῶς
3279 4077 3378 4146 οὑχ
3401 4076 3484 4130 ἓτε
3493 4092 3585 4146 ρος

2009 4187 2037 4240 6
2075 4185 2358 4252 ἄνθρωπος
2391 4177 2545 4248 παρὰ
2590 4176 2684 4229 τὸν
2725 4173 2856 4227 Θεὸν
2888 4172 3095 4240 Λόγονς
3125 4169 3316 4240 ὥσπερ
3347 4162 3444 4222 οὖν
3491 4168 3588 4220 καὶ

329 4281 552 4321 carnem
571 4274 592 4332 ;τ
641 4279 768 4320 nam
824 4262 971 4318 Deus
1012 4263 1252 4320 Verbum
1301 4278 1414 4318 non
1461 4271 1547 4317 est
1583 4278 1733 4328 caro,
1766 4261 1904 4318 sicut

2020 4273 2196 4342 ἕτερος
2222 4275 2250 4326 6
2275 4271 2410 4332 Θεὸς
2436 4269 2610 4336 Λόγος
2639 4267 2790 4336 παρὰ
2815 4263 2912 4334 τὴν
2939 4262 3116 4333 σάρκα
3135 4278 3148 4292 ·
3183 4262 3214 4314 6
3255 4260 3432 4329 Λόγος
3475 4258 3587 4328 γὰρ

329 4366 388 4414 et
431 4371 562 4412 caro
591 4364 676 4412 est
701 4370 811 4410 non
854 4355 1134 4421 divinitas,
1160 4370 1260 4410 nec
1293 4353 1495 4418 carnis,
1535 4369 1639 4409 nec
1663 4353 1904 4408 hominis

2020 4366 2139 4430 θεός
2154 4367 2268 4420 ἐστι
2289 4364 2384 4418 καὶ
2399 4363 2458 4416 οὑ
2473 4363 2538 4416 σὰ
2548 4361 2630 4432 ρξ,
2655 4357 2840 4428 ὥσπερ
2852 4352 2943 4412 οὖν
2955 4357 3048 4412 καὶ
3061 4357 3096 4425 ἡ
3113 4352 3300 4427 [σὰρξ]
3324 4352 3586 4424 σάρξὲστι

331 4463 462 4518 pars
505 4446 650 4502 Deus
702 4447 966 4512 Verbum,
1011 4461 1114 4501 nec
1164 4446 1468 4501 secundum
1500 4455 1776 4510 naturam,
1809 4459 1908 4500 nec

331 4539 636 4596 secundum
671 4555 999 4608 personam.
1050 4537 1155 4593 Sed
1207 4532 1434 4602 Christi,
1485 4553 1610 4594 cum
1670 4533 1911 4592 hominis

331 4632 481 4688 nuda
530 4632 715 4702 aliqua
749 4632 821 4686 sit
853 4630 1166 4703 hyposlasis
1191 4630 1406 4685 Domini
1442 4631 1616 4686 nostri
1659 4628 1907 4697 Christi;

333 4723 472 4779 alter
504 4723 670 4794 igitur
697 4723 882 4782 carnis
915 4728 972 4776 et
1011 4721 1272 4784 hominis,-
1307 4721 1517 4778 scilicet
1552 4721 1913 4776 humanitatis

334 4817 642 4872 secundum
671 4808 926 4872 naturam
964 4814 1142 4870 solum
1194 4822 1524 4869 nosceretur
1560 4812 1800 4868 Verbum
1855 4811 1911 4866 in

335 4908 580 4974 Christo,
605 4924 716 4964 non
753 4915 935 4966 autem
964 4905 1267 4962 secundam
1299 4916 1614 4975 personam,
1661 4903 1913 4974 quamvis

334 4994 436 5056 vos
471 5009 685 5055 secreto
727 5007 955 5071 agentes
1003 4998 1071 5053 de
1107 4996 1411 5069 hypostasi,
1472 4995 1646 5051 siletis
1675 4995 1916 5050 dissimi-

337 5091 602 5149 litudines
636 5097 694 5145 et
734 5090 1126 5146 similitudines
1149 5089 1483 5158 aliquorum,
1510 5095 1566 5140 et
1596 5093 1656 5139 ut
1706 5093 1916 5138 utrum-

337 5202 446 5257 que
472 5183 714 5244 dicatur,
747 5191 808 5235 ut
835 5184 1003 5238 unius
1033 5183 1114 5237 rei
1139 5190 1352 5236 naturae
1377 5193 1648 5235 concessa:
1676 5177 1912 5233 discreta

339 5279 682 5344 diversitate,
709 5276 924 5332 etalius
953 5275 1032 5330 rei
1055 5289 1186 5329 sane
1201 5273 1510 5345 ltyposlasis
1541 5270 1916 5326 diversitatem

337 5370 540 5431 furtive
561 5367 808 5431 assertis,
839 5373 894 5421 ct
922 5380 987 5422 ex
1007 5363 1280 5436 principio
1307 5362 1466 5418 vobis
1495 5363 1602 5418 hoc
1623 5373 1710 5419 est
1737 5361 1915 5427 cordi,

339 5465 478 5522 duas
503 5464 826 5535 hypostases
869 5455 1162 5521 ostendite,
1192 5461 1248 5510 et
1269 5455 1528 5513 unionem
1570 5457 1786 5511 Domini
1823 5472 1921 5512 no-

342 5556 440 5614 stri
473 5555 681 5614 Christi
727 5551 998 5626 separatis
1025 5565 1189 5622 quam
1237 5565 1360 5606 cum
1407 5549 1525 5606 solo
1564 5550 1746 5605 Verbo
1772 5549 1918 5604 acci-

341 5653 474 5718 bere
527 5649 822 5706 simulatis.
870 5645 976 5714 Qui
1021 5659 1154 5703 vero
1206 5641 1511 5700 secundum
1562 5650 1816 5698 naturam
1865 5649 1922 5699 et

2013 4458 2107 4512 mi.
2126 4457 2187 4510 οὑ
2219 4455 2434 4524 θεότης,
2471 4453 2606 4507 Οὐδὲ
2638 4440 2737 4517 τῆς
2781 4449 3003 4520 σαρκὸς.
3031 4446 3152 4503 οὐδὲ
3185 4443 3281 4499 τοῦ
3300 4443 3586 4512 ἀνθρώπου

2017 4541 2184 4615 μέρος
2207 4542 2235 4594 6
2262 4541 2395 4604 Θεδς
2419 4539 2608 4609 Λόγος.
2631 4537 2755 4592 οὔτε
2785 4535 2927 4590 κατὰ
2947 4531 3129 4603 φύσιν.
3155 4531 3278 4591 οὔτε
3306 4530 3431 4586 καθ’
3458 4531 3590 4584 ὑπό-

2016 4651 2224 4697 στασιν,
2258 4630 2397 4685 ἀλλὰ
2413 4630 2650 4703 Χριστοῦ
2672 4645 2686 4660 °
2721 4626 2846 4682 ἐπεὶ
2905 4625 2980 4696 μὴ
3021 4623 3312 4695 ἀνθρώπου
3343 4621 3474 4691 ψιλή
3505 4638 3588 4686 τις

2011 4713 2137 4792 ἧνή
2169 4721 2464 4784 ὑπόστασις
2521 4719 2618 4772 τοῦ
2647 4717 2924 4772 Δεσπότου
2961 4714 3125 4784 ἡμῶν
3165 4711 3402 4780 Χριστοῦ
3429 4729 3442 4742 ·
3467 4712 3589 4768 ’ἐτε-

2019 4827 2109 4883 ρος
2135 4803 2230 4866 οὖν
2260 4811 2358 4880 τῆς
2385 4826 2448 4864 τε
2479 4808 2682 4880 σαρκὸς
2713 4807 2809 4862 καὶ
2852 4805 2950 4865 τ,οὗ
2977 4802 3267 4876 ἀνθρώπου
3292 4803 3462 4873 ἧγουν
3488 4798 3588 4869 τῆς

2016 4901 2434 4976 ἁνθρωπότητος
2461 4899 2606 4956 κατὰ
2645 4897 2809 4967 φύσιν
2863 4895 3026 4966 μόνον
3073 4897 3247 4948 νοοῖτο
3273 4894 3340 4946 ἂν
3364 4893 3394 4945 6
3415 4892 3586 4958 Λόγος

2017 4997 2077 5049 ὲν
2104 4993 2344 5064 Χριστῷ,
2371 4994 2434 5047 οὑ
2463 4993 2571 5064 μὴν
2599 4993 2696 5046 καὶ
2726 4989 2847 5045 καθ’
2883 4985 3182 5043 ὑπόστασιν
3200 5003 3216 5019 σ
3245 4987 3292 5039 ει
3317 4983 3418 5038 καὶ
3433 4984 3586 5052 ὑμεῖς

2018 5076 2268 5150 ὑπούλως
2303 5085 2518 5154 έχοντςς
2564 5083 2693 5154 περὶ
2750 5080 2848 5152 τὴν
2881 5077 3158 5140 ὑπόθεσιν,
3215 5073 3458 5130 σιωπᾶτε
3487 5071 3586 5134 τὰς

2019 5174 2343 5247 ἑτερότητας
2373 5173 2468 5228 xui.
2497 5172 2833 5243 ταυτότητας
2863 5171 3024 5224 τίνων
3053 5184 3140 5236 γε,
3174 5166 3268 5220 καὶ
3298 5165 3448 5228 ὅπως
3470 5163 3588 5218 sitsi-

2017 5286 2152 5340 τερα
2181 5268 2418 5336 λέγεται,
2458 5265 2546 5319 ἵνα
2571 5263 2662 5318 διὰ
2680 5264 2779 5334 τῆς
2801 5260 2896 5316 τοῦ
2927 5261 3045 5324 ἑνὸς
3073 5259 3394 5332 πράγματος
3422 5257 3585 5326 ἦγουν

2019 5362 2117 5431 τῆς
2176 5359 2395 5430 φύσεως
2435 5356 2870 5428 ὡμολογημένης
2920 5353 3239 5423 ἑτερότητος
3282 5347 3586 5418 λεληθότως

2021 5457 2116 5511 καὶ
2143 5454 2240 5526 τὴν
2259 5454 2420 5515 ἄλλον
2454 5452 2777 5524 πράγματος
2805 5449 2973 5520 ἤγουν
2997 5445 3098 5515 τῆς
3123 5439 3476 5503 ὑποστάσεως
3493 5437 3588 5507 τὴν

2023 5547 2318 5618 ἑτερότητα
2351 5543 2861 5616 παρεισενέγκοιτσο
2899 5539 2993 5594 καὶ
3029 5537 3092 5592 τδ
3123 5535 3185 5601 ἐξ
3236 5533 3412 5605 ἀρχῆς
3463 5531 3589 5601 ὑμῖν

2025 5640 2334 5710 σπουδαῖον,
2359 5636 2452 5693 δύο
2479 5638 2578 5702 τὰς
2610 5629 2932 5696 ὑποστάσεις
2957 5630 3186 5701 δείξητε,
3215 5626 3310 5682 καὶ
3336 5623 3437 5696 τὴν
3461 5621 3589 5679 εγω-
