3852 6134
145 304 278 370 1-753

1120 303 1518 368 ADVERSUS
1555 305 2101 372 NESTORIANOS.
2123 311 2351 372 —LIB.
2390 311 2492 374 VI.

3247 311 3384 378 ῙἽΜ

138 436 223 474 σιν
239 417 333 472 τοῦ
355 417 622 471 Δεσπότου
646 415 802 490 ἡμῶν
833 415 1071 486 Χριστοῦ
1103 417 1420 492 διαξεύξητε
1455 421 1524 500 ἢν
1549 422 1710 494 Λόγῳ
1734 475 1743 488 ι

1852 425 2133 496 ypostasin
2154 425 2364 496 aliquid
2413 424 2682 486 discernit
2715 423 2938 483 nonnisi
2968 423 3024 480 in
3057 426 3190 483 solis
3241 436 3389 486 soci-

141 511 284 583 μόνῳ
309 508 704 578 καταδέχεσθαι
729 507 1112 581 προσποιεῖσθε
1131 525 1144 540 ·
1177 511 1206 563 6
1235 511 1342 580 γὰρ
1375 512 1517 566 κατὰ
1539 512 1702 582 φύσιν

1851 514 2068 570 entibus
2101 516 2362 571 unionem
2403 515 2554 572 illius
2581 515 2700 570 ﬁeri
2744 524 2920 586 putat.

139 619 196 658 τε
229 601 321 655 καὶ
347 601 640 656 ὑπόστασιν
673 600 962 671 διακρίνων
990 619 1064 670 τι,
1099 602 1236 656 κατ”
1281 604 1434 658 οὐδὲν
1492 605 1572 659 ἔτι
1603 605 1776 678 ἣᾶρα
1813 607 1972 663 κατὰ·
1993 609 2338 680 συμϐεϐηκὸς
2377 609 2539 680 μόνον
2570 610 2668 671 τὴν
2711 612 2902 666 τούτου
2953 617 3246 684 συνάφειαν
3274 617 3384 669 οῐε·

139 707 249 745 ται.

1470 987 1837 1076 ΛΟΓΟΣ
1913 987 2002 1089 ες
2015 985 2060 1076 ’.

145 1146 362 1214 "Erum;
393 1146 592 1202 αὐτῶν
625 1149 902 1218 ἀσεϐείας
951 1153 1169 1222 δεῖξις,
1211 1143 1502 1226 θεοφόρον
1545 1157 1862 1225 ἄνθρωπον
1901 1158 2000 1210 καὶ
2053 1159 2126 1210 οὐ
2162 1157 2312 1212 Θεὸν
2347 1158 2898 1227 ἑνανθρωπήσαντα
2944 1161 3244 1232 λεγόντων
3287 1159 3394 1214 τὸν

1252 1249 1475 1317 Κύριον
1509 1249 1678 1320 ἡμῶν
1719 1249 1970 1306 Ἰησοῦν
2000 1250 2294 1318 Χριστόν..

1737 1393 1817 1404 σε..

1424 1517 1815 1634 LIBER
1917 1508 2092 1608 Vl.

215 1682 388 1742 Sexta!
422 1686 707 1756 impietatis
737 1685 1114 1740 demonstratio
1159 1701 1344 1740 eorum
1377 1686 1468 1756 qui
1504 1687 1684 1740 dicunt
1728 1687 1992 1740 hominem
2039 1685 2407 1757 Nicephorum-
2433 1705 2540 1744 esse
2572 1688 3126 1754 Dominum'nostrum
3151 1695 3343 1750 Iesum

1227 1779 1496 1834 Christum
1534 1789 1583 1834 et
1614 1796 1718 1834 non
1756 1779 1924 1834 Deum
1956 1781 2320 1837 incantatam.

565 2058 962 2114 ΚΕΦᾹΛᾹΙΟΝ
995 2054 1292 2114 ΠΡΩΤΟΝ.

219 2152 284 2210 El
305 2153 500 2226 στολὴν
525 2153 640 2223 ἔχει
661 2155 689 2208 6
719 2153 892 2220 Λόγος
919 2153 1020 2222 τὴν
1058 2151 1258 2222 σάρκα,
1295 2149 1438 2204 κατὰ
1488 2146 1550 2202 τὺ
1573 2149 1728 2218 είρη-

155 2245 313 2316 μόνον
339 2245 488 2315 αὐτῷ
507 2246 594 2300 διὰ
609 2244 717 2298 τῶν
745 2244 918 2312 λόγων
943 2243 1107 2298 αὐτοῦ
1138 2243 1264 2313 περὶ
1285 2241 1502 2305 ἑαυτοῦ,
1533 2258 1552 2292 ε
1585 2239 1731 2292 Πλυ-

149 2338 236 2390 vel
253 2337 312 2390 ὲν
330 2335 458 2407 οἴνῳ
475 2336 574 2406 τὴν
598 2335 788 2407 στολὴν
816 2335 1004 2399 αὐτοῦ,
1038 2354 1058 2387 ›
1089 2334 1329 2405 δηλονότι
1351 2336 1378 2388 6
1395 2333 1559 2388 ἀναθε
1569 2331 1733 2403 ματί-

1851 2349 2012 2400 ιυοτη,
2053 2379 2058 2384 .
2090 2332 2382 2388 evidenter

152 2427 260 2492 ζων
300 2429 394 2482 τὸν
435 2428 665 2497 λέγοντα
697 2428 956 2498 θεοφόρον
993 2426 1280 2498 ἄνθρωπον
1325 2427 1414 2479 τὸν
1475 2423 1730 2496 Χριστὸν,

153 2519 261 2586 πρὸ
290 2516 384 2569 τοῦ
410 2516 664 2584 λέγοντος
710 2516 801 2570 τὸν
831 2517 1104 2588 φοροῦντα
1129 2515 1542 2585 ἀναθεματίζει.
1589 2514 1732 2568 Ἀλλ’

1751 1920 1818 1938 -ο

1756 2061 1806 2118 B.

2339 2057 2565 2114 CAPUT
2625 2056 2917 2118 PRIMUM.

1901 2153 1957 2208 Si
2001 2152 2197 2209 stolam
2233 2149 2402 2205 habet
2447 2151 2688 2207 Verbum
2737 2165 2985 2214 carnem,
3026 2149 3171 2220 sicut
3197 2153 3408 2208 dictum

1830 2251 1918 2298 est
1957 2242 2009 2297 ei
2049 2242 2104 2296 in
2149 2240 2500 2297 sermonibus
2529 2241 2599 2296 de
2635 2241 2750 2307 illo,
2788 2241 2933 2297 lavat
2964 2241 3020 2299 in
3049 2243 3182 2298 vino
3211 2245 3408 2298 stolam

2425 2372 2440 2398 ,
2499 2333 2594 2402 qui
2659 2333 3088 2392 anathematizat
3133 2335 3408 2390 dicentem

1833 2423 2224 2496 Theophorum
2261 2439 2383 2480 esse
2416 2425 2697 2484 hominem
2723 2425 2846 2480 loco
2877 2425 3116 2482 dicentis
3139 2427 3410 2483 ferentem

1833 2518 2279 2574 anathematizat.
2329 2516 2436 2574 Sed
2465 2518 2512 2572 si
2543 2517 2682 2572 stola
2735 2515 2908 2573 Verbi
2962 2527 3050 2574 est
3079 2533 3230 2583 caro,
3280 2519 3415 2576 Ver-

151 2607 311 2678 αἵπερ
341 2611 374 2678 ἡ
411 2608 573 2678 στολὴ
607 2607 702 2662 τοῦ
737 2609 910 2677 Λόγου
957 2610 1107 2662 ἐστὶν
1151 2611 1184 2680 ἡ
1221 2607 1379 2678 σὰρξ,
1407 2609 1434 2662 6
1475 2608 1532 2661 δὲ
1561 2607 1736 2676 Λόγος

1851 2624 1967 2664 sum
2014 2617 2198 2664 autem
2247 2611 2412 2672 Deus,
2451 2623 2582 2664 caro
2627 2616 2712 2662 est
2762 2607 2951 2673 homo,
3009 2610 3180 2664 Deum
3231 2611 3416 2679 potius

152 2699 308 2764 Θεὸς,
343 2702 376 2772 ή
404 2700 462 2753 δὲ
489 2699 626 2770 σάρξ
657 2703 806 2753 ἐστιν
863 2703 891 2755 6
940 2700 1250 2772 ἄνθρωπος,
1297 2700 1420 2753 θεὸν
1445 2701 1734 2772 ἀνθρωπο-

1837 2698 2137 2754 dicendum
2175 2699 2231 2756 in
2255 2698 2474 2756 Christo
2500 2682 3012 2768 anth'ropophorum
3064 2709 3412 2771 sequentem,

153 2793 318 2874 φόρον
340 2792 632 2846 ἀκόλουθον
664 2793 866 2863 μᾶλλον
899 2794 1074 2848 εἰπεῖν
1099 2795 1192 2848 ἐπὶ
1217 2792 1454 2864 Χριστοῦ
1477 2810 1489 2824 ·
1523 2793 1648 2852 τοὺς
1679 2791 1737 2844 δὲ

1851 2791 2126 2860 apostolos
2181 2805 2314 2846 vero
2363 2790 2485 2860 ejus
2550 2790 2809 2846 inductos
2853 2791 3062 2848 virtute
3105 2809 3174 2848 ex
3217 2795 3332 2848 allo
3369 2793 3415 2860 ³,

153 2882 485 2945 ἀποστόλους
517 2881 683 2938 αὑτοῦ
715 2881 1112 2952 ἐνδυσαμένους
1161 2881 1391 2950 δύναμιν
1443 2883 1502 2947 ἐξ
1566 2878 1737 2948 ὕψους

156 2976 477 3040 ἐπελθόντος
503 2978 690 3040 αὐτοῖς
729 2977 824 3030 τοῦ
867 2977 1024 3046 ἁγίου
1054 2975 1370 3046 Πνεύματος
1425 2975 1519 3030 τοῦ
1568 2973 1734 3028 Θεοῦ·

153 3066 380 3130 τούτους
409 3067 555 3130 είκὸς
603 3068 697 3120 καὶ
723 3065 852 3128 τοὺς
889 3066 1166 3128 τοιούτους
1199 3065 1500 3133 θεοφόρους
1529 3063 1737 3124 καλεῖν,

1839 2881 2266 2950 superveniente
2316 2881 2374 2934 in
2428 2895 2526 2935 eos
2575 2879 2788 2950 Spiritu
2871 2892 3066 2937 saneto
3133 2883 3248 2937 Dei.
3307 2882 3418 2937 Hes

1839 2981 1990 3025 recte
2034 2979 2092 3024 et
2140 2969 2347 3026 similes
2400 2971 2587 3026 vocari
2632 2971 3019 3042 Theoplioros,
3065 2981 3127 3030 ut
3171 2974 3415 3028 alienum

1841 3061 2094 3116 humanae
2135 3060 2655 3131 hypostasi,natura
2675 3063 2866 3121 divina
2903 3065 3325 3136 intelligeretur,
3362 3063 3418 3118 in

158 3160 247 3214 ἵνα
282 3161 346 3211 τὸ
381 3159 672 3229 ἐπίκτητον
717 3158 784 3226 τῇ
835 3155 1132 3208 ὑποστάσει
1187 3157 1256 3224 τῇ
1297 3152 1636 3224 ἀνθρωπίνῃ,
1704 3153 1738 3222 ἡ

1851 3152 2078 3209 Domino
2128 3167 2282 3216 vero,
2315 3167 2347 3206 e
2383 3153 2665 3208 contrario
2701 3153 2850 3223 quod
2897 3155 3140 3212 alienum
3170 3164 3257 3220 est
3280 3171 3310 3209 a
3338 3155 3420 3208 die

159 3253 280 3308 θεία
331 3251 495 3320 φύσις
537 3249 736 3320 νοηθῇο
772 3249 920 3302 ὲνδὲ
969 3248 1049 3320 τῷ
1107 3249 1319 3318 Κυρίῳ,
1366 3247 1637 3302 ἀνάπαλιν
1667 3248 1728 3299 τὺ

1851 3244 1967 3300 vina
1991 3245 2272 3316 hypostasi
2310 3251 2519 3299 natura
2535 3245 2776 3301 humana
2812 3244 3239 3316 glorificaretur.
3280 3245 3420 3300 Nam

160 3346 453 3412 ἐπίκτητον
489 3345 554 3414 τῇ
587 3343 708 3412 θείᾳ
734 3339 1052 3408 ὑποστάσει,
1089 3341 1123 3414 ἠ
1160 3339 1320 3409 φύσις
1355 3341 1387 3410 ή
1419 3337 1737 3409 ἀνθρωπίνη

1844 3335 1960 3406 ipse
1998 3335 2180 3390 induit
2222 3345 2470 3392 nostram
2519 3345 2798 3402 naturam,
2827 3338 2923 3408 qui
2961 3336 3145 3393 induit
3172 3351 3273 3392 nos
3297 3353 3420 3390 om-

159 3438 394 3510 δοξασθῇ
419 3455 434 3470 ’
466 3437 630 3500 αὐτὸς
663 3437 771 3506 γὰρ
792 3435 1080 3490 ἐνεδύσατο
1102 3435 1164 3488 τὸ
1189 3436 1292 3504 τῆς
1329 3431 1605 3504 ἡμετέρας
1640 3429 1742 3499 φύ-

1851 3441 1964 3491 nes,
2000 3441 2288 3484 assumens
2317 3443 2543 3490 carnem
2591 3444 2706 3486 sua:
2756 3437 2974 3488 naturas
3017 3437 3078 3486 et
3117 3431 3258 3488 dans
3297 3427 3422 3500 Spi-

164 3551 322 3596 σεως,
349 3533 377 3586 6
408 3531 635 3594 ὲνδύσας
665 3531 811 3600 ἡμᾶς
827 3531 1058 3592 πάντας,
1083 3530 1144 3583 τὸ
1165 3529 1262 3600 τῆς
1295 3525 1496 3583 ἑαυτοῦ
1523 3523 1741 3595 φύσεως
1842 3517 2040 3572 ritum.
2859 3518 2866 3529 '

165 3625 346 3696 σάρκα
365 3623 546 3678 λαϐὼν
577 3624 671 3676 καὶ
691 3621 814 3685 δοὺς
847 3620 1095 3690 Πνεῦμα.

771 3736 1022 3789 ΚΕΦΑΛ.
1053 3734 1126 3790 B’.

237 3831 334 3894 Τὸ,
353 3831 484 3894 Θεὸς
514 3825 582 3902 ἦν
612 3832 670 3882 ἐν
699 3827 779 3899 τῷ
807 3827 942 3898 Υίῷ,
977 3825 1116 3880 κατὰ
1153 3825 1214 3881 τὸ
1233 3825 1522 3898 εἰρημένον
1550 3828 1625 3900 μὴ
1652 3827 1742 3880 τδν

165 3927 339 3996 Λόγον
367 3925 546 3992 λέγειν
577 3918 716 3976 εἶναι
753 3922 812 3975 ὲν
842 3919 1136 3990 ἀνθρώπῳ,
1174 3919 1250 3982 ὡς
1297 3921 1325 3972 6
1356 3920 1542 3990 φορῶν
1575 3921 1632 3974 ἐν
1666 3919 1744 3990 τῷ

165 4015 522 4088 φορουμένῳο
555 4013 664 4067 οὐδ’
693 4012 868 4072 ἄλλως
899 4012 1006 4082 ἄρα
1031 4009 1254 4064 δύναται
1289 4011 1318 4064 6
1353 4011 1486 4075 Θεὸς
1519 4009 1659 4066 εἶναι
1686 4015 1744 4065 ὲν

163 4108 243 4178 τῷ
276 4105 517 4180 Χριστῷ.
548 4105 611 4159 Ei
640 4101 732 4158 οὖν
760 4103 933 4167 οὕτως
957 4104 1264 4176 ἀδιαφόρως
1297 4103 1372 4168 ὥς
1401 4106 1429 4160 6
1483 4103 1666 4175 φορῶν
1687 4105 1744 4158 ἐν

162 4199 246 4270 τῷ
273 4196 612 4269 φορουμένῳ,
635 4197 694 4249 ὲν
719 4193 939 4266 Χριστῷ
961 4188 1028 4265 ἦν
1051 4193 1204 4260 Θεὸς,
1223 4195 1364 4248 κατὰ
1389 4194 1748 4266 περιορισμὸν

165 4291 278 4359 ἄρα
311 4289 406 4342 καὶ
458 4286 754 4360 περίληψιν
789 4285 894 4360 καὶἸ
931 4285 1142 4356 σκέπην
1173 4283 1267 4338 καὶ
1297 4283 1564 4356 κάλυμμα
1598 4285 1747 4338 ἐστιν

167 4382 198 4433 6
221 4379 392 4446 Λόγος
421 4380 480 4432 ὲν
520 4380 588 4448 τῇ
623 4375 787 4448 σαρκί
811 4392 826 4407 ο
853 4376 1052 4448 τοπικῇ
1087 4392 1147 4428 τε
1179 4374 1482 4446 παραθέσει
1513 4375 1748 4447 πέρατος

169 4469 406 4538 Θατέρου
449 4469 585 4541 πρὸς
616 4467 847 4538 θάτερον
889 4468 1094 4538 ἥνωται
1133 4465 1408 4538 ἀλλήλοις,
1443 4467 1541 4520 καὶ
1578 4462 1690 4521 οἷον
1720 4468 1748 4520 6

170 4559 355 4630 φλοιὸς
384 4559 411 4629 ἦ
439 4558 500 4612 τὸ
529 4557 755 4626 ἔλυτρόν
805 4559 923 4610 ἐστι
947 4555 1222 4628 περίθεμα
1273 4557 1368 4612 τοῦ
1398 4555 1709 4628 ἀμυγδάλου
1731 4575 1745 4590 ο

169 4653 284 4724 ἄρα
311 4649 403 4704 οὖν
432 4650 526 4708 καὶ
560 4650 963 4720 περιγράφεται
983 4651 1050 4720 τῇ
1075 4649 1238 4720 σαρκὶ
1267 4649 1300 4720 ἢ
1337 4647 1497 4721 πᾶίῆ
1517 4649 1659 4704 κατὰ
1684 4651 1747 4704 τ’)

1914 3815 2058 3870 Deus
2093 3825 2212 3870 erat
2242 3813 2300 3870 in
2322 3814 2462 3871 Filio
2494 3817 2803 3873 secundum
2855 3819 3064 3876 dictum
3095 3834 3158 3889 ω,
3194 3838 3304 3878 non
3333 3823 3423 3880 di-

1844 3921 1968 3960 cere
2003 3905 2245 3960 Verbum
2277 3921 2401 3962 esse
2433 3905 2490 3962 in
2519 3907 2744 3965 homine
2767 3919 2829 3965 ut
2858 3910 3042 3968 ferens
3071 3913 3126 3978 in
3157 3915 3290 3979 lato.
3320 3931 3426 3971 nec

1845 3996 2006 4051 aliter
2041 4009 2178 4050 vero
2207 4001 2392 4065 potest
2423 3995 2572 4052 Deus
2592 4011 2716 4053 esse
2746 3997 2803 4052 in
2829 3997 3076 4055 Christo.
3101 3997 3160 4056 Si
3184 4016 3319 4056 vero
3348 4001 3424 4056 ita

1845 4089 1965 4144 sine
1991 4087 2306 4144 diﬂ'erentia
2337 4097 2401 4143 ut
2425 4089 2610 4146 ferens
2635 4089 2690 4144 in
2713 4091 2824 4148 lato
2857 4093 3005 4148 Deus
3030 4102 3152 4148 erat
3182 4093 3240 4148 in
3267 4093 3426 4151 Chri-

1847 4187 1955 4244 sto,
1992 4171 2519 4235 secundumlimites
2537 4194 2670 4250 ergo
2690 4187 2747 4234 et
2772 4183 3325 4252 comprehensionem
3367 4193 3426 4242 et

1849 4277 2226 4342 tegumentum
2256 4276 2314 4324 et
2333 4269 2518 4324 velum
2550 4277 2606 4323 et
2634 4269 2876 4326 Verbum
2917 4271 2974 4326 in
3021 4289 3208 4330 carne.
3239 4275 3425 4331 Locali

1847 4363 2214 4433 appositione,
2245 4368 2492 4416 extrema
2525 4377 2654 4432 pars
2672 4363 2836 4418 unius
2868 4363 3058 4420 uultur
3079 4381 3204 4422 eum
3232 4367 3425 4431 altera,

1850 4454 2015 4524 qna-le
2045 4452 2228 4524 pellis,
2271 4451 2360 4506 vel
2419 4451 2704 4506 indusium
2737 4461 2824 4508 est
2877 4455 3092 4510 clotura
3129 4456 3428 4528 amygdalae

1849 4551 1906 4601 et
1941 4543 2170 4614 quidem
2219 4541 2463 4598 Verbum
2522 4543 2796 4598 limitatur
2841 4559 3120 4616 caraeque
3167 4546 3284 4601 sola
3339 4545 3426 4603 vel

1855 4637 2095 4692 maxima
2148 4651 2278 4706 pars
2301 4637 2446 4707 ejus,
2467 4635 2652 4691 adhuc
2681 4643 2866 4692 autem
2895 4638 2976 4694 sic
3035 4653 3146 4692 non
3185 4637 3255 4692 ad
3310 4653 3429 4692 ma-

171 4717 425 4800 πλεῖστον
441 4741 604 4795 αὐτοῦ
685 4717 857 4808 Λόγος
877 4758 892 4774 ο
913 4741 995 4794 ἔτι
1017 4717 1122 4814 μὴν
1145 4717 1320 4806 οὕτως
1344 4743 1444 4797 οὐκ
1456 4717 1538 4807 είς
1557 4743 1622 4796 τὸ
1644 4760 1743 4812 φα-

1855 4727 2229 4784 nifestandum
2262 4726 2505 4783 Verbum
2528 4727 2757 4794 mundo,
2788 4728 2915 4791 .sed
2963 4729 3032 4784 ad
3089 4719 3431 4784 absconden-

171 4834 475 4906 νερωθῆναι
502 4829 579 4902 τῷ
609 4831 800 4901 κόσμῳ
820 4831 910 4885 τὸν
933 4833 1126 4902 Λόγον,
1151 4833 1270 4890 ἀλλ’
1296 4835 1376 4897 είς
1397 4834 1460 4887 τὸ
1489 4835 1748 4888 ἐπικαλυ-

174 4926 399 4996 φθῆναι,
444 4925 539 4980 καὶ
565 4923 641 4994 μὴ
666 4923 1058 4991 γεγυμνῶσθαι
1103 4925 1243 4996 πρὸς
1286 4924 1618 4995 κατανόησιν
1640 4939 1750 4978 τινι

175 5013 330 5068 ἔσται
379 5013 666 5079 ἐπινοήσας
701 5009 880 5080 ἑαυτῷ
943 5010 1041 5080 τὴν
1095 5012 1405 5083 σάρκωσιν·
1467 5014 1642 5078 ἄλλως
1692 5014 1750 5068 δὲ

176 5103 342 5171 σῶμα
372 5102 465 5155 καὶ
495 5101 602 5171 πρὸ
633 5099 836 5170 σαρκὸς
863 5103 1038 5155 νοοῖτο
1082 5103 1149 5156 ἂν
1177 5107 1206 5157 6
1255 5105 1447 5172 Λόγος,
1479 5106 1528 5158 εἰ
1577 5104 1755 5169 οὕτως

1854 4821 2008 4886 dum,
2044 4832 2101 4876 et
2134 4835 2245 4875 non
2273 4819 2674 4880 denudandum
2710 4819 2844 4878 olim
2869 4820 2938 4875 ad
2987 4821 3428 4892 intelligentiam,

1852 4914 1963 4969 erit
1989 4911 2058 4967 ad
2095 4911 2472 4967 inventionem
2503 4911 3059 4978 suminearnationis,
3105 4911 3264 4969 aliter
3301 4926 3430 4966 eor-

1853 5021 1958 5076 pus
1985 5013 2042 5061 et
2071 5005 2194 5060 loco
2221 5003 2405 5058 carnis
2445 5002 2849 5074 intelligeretur
2880 5003 3148 5068 Verbum,
3193 5003 3240 5062 si
3264 5003 3427 5062 talem

1855 5097 2026 5154 habet
2081 5095 2608 5161 manifestationem,
2639 5095 2950 5155 utomnino
2985 5095 3216 5155 daretur
3262 5096 3432 5154 nobis

175 5190 294 5262 ἔχει
324 5189 646 5258 ἐπιφάνειαν
665 5202 681 5219 ⁸
715 5187 802 5240 ἵνα
851 5187 909 5242 δὲ
956 5189 1131 5242 πάντα
1159 5188 1286 5260 δοθῇ
1311 5191 1442 5260 ἡμῖν
1465 5189 1646 5258 λέγειν
1684 5189 1743 5242 τό

1856 5189 2080 5246 dicendi
2118 5187 2585 5254 inconvenientia,
2612 5195 2670 5242 et
2697 5186 2778 5242 sic
2799 5201 2910 5248 non
2925 5187 3311 5258 Theophorus,
3335 5187 3432 5242 sed
3507 5259 3510 5263 _

174 5283 378 5344 ἄτοπα,
411 5281 504 5334 καὶ
529 5279 704 5344 οὕτως
751 5279 814 5332 οὐ
845 5279 1126 5350 θεοφόρος,
1171 5281 1287 5335 ἀλλ’
1315 5281 1350 5352 ἢ
1393 5281 1743 5354 ἀνθρωποφόα

1854 5283 2308 5352 nthropophorus
2350 5288 2436 5336 est
2472 5296 2550 5362 ex‘
2591 5281 2702 5338 Deo
2729 5280 2896 5337 Deus.
2927 5281 3026 5338 Vel
3080 5283 3126 5338 si
3178 5279 3434 5337 Christus

183 5388 277 5444 ρος
312 5372 340 5425 ό
363 5373 430 5426 ὲκ
481 5369 617 5424 Θεοῦ
670 5371 832 5436 Θεός·
869 5373 902 5444 ἢ
956 5373 1004 5425 εί
1034 5372 1270 5444 Χριστὸς
1310 5373 1476 5438 αὐτὸς
1503 5376 1532 5427 6
1555 5373 1756 5446 φοροῦ·

186 5480 346 5536 μενος
401 5459 470 5534 ἦν
519 5464 640 5517 καθ’
671 5465 816 5534 ὑμᾶς
852 5466 882 5518 6
927 5465 1023 5518 καὶ
1060 5464 1338 5539 θεοφόρος,
1367 5466 1460 5520 δύο
1495 5465 1641 5531 θεοῖς
1665 5483 1756 5536 με.

183 5550 584 5626 σάζειΧριστός
602 5571 618 5586 ο
647 5556 729 5608 ἑνὶ
755 5555 834 5625 τῷ
853 5555 1000 5610 ἔνδον
1028 5555 1194 5610 αὐτοῦ
1229 5558 1584 5630 χωρουμένῳ,
1617 5558 1755 5612 διότι

268 5686 293 5732 ι
319 5691 440 5748 Act.
471 5707 508 5758 ι,
541 5691 596 5747 8.
673 5704 712 5734 ιη
735 5692 780 5750 ll
807 5691 934 5750 Cor.
975 5709 1030 5762 ν,
1068 5693 1150 5748 l9.

1859 5379 1980 5450 ipse
2010 5377 2162 5432 latus
2175 5383 2296 5432 erat
2322 5375 2626 5433 secundum
2650 5390 2750 5431 vos
2777 5376 2874 5446 qui
2925 5385 2984 5432 et
3009 5371 3429 5444 rTheopborus,

1861 5469 2082 5527 duobus
2115 5469 2224 5525 diis
2263 5469 2540 5540 particeps
2572 5477 2657 5524 est
2683 5467 2940 5526 Christus
2965 5467 3060 5522 nni
3113 5464 3335 5521 interim
3373 5475 3434 5517 se

1861 5557 2201 5623 extendenti,
2230 5557 2356 5614 ideo
2387 5558 2538 5615 Deus
2559 5559 2756 5614 eratin
2783 5558 3028 5624 Christo,
3053 5565 3108 5613 et
3153 5551 3314 5610 alteri
3344 5565 3436 5609 cx-
