3852 6134
107 317 265 392 1757

111 438 122 444 ’
741 430 988 485 ΚΕΦΑΛ.
1016 433 1093 488 Z'.

189 527 264 579 ΕΞ
311 523 389 595 μὴ
427 521 688 593 θεοφόρος
743 521 1028 593 ἄνθρωπος
1071 525 1100 577 6
1132 521 1388 593 Χριστὸς,
1449 521 1558 574 οὐδ’
1605 518 1716 590 ἄρα

111 615 426 686 ἅνθρωπός
457 615 605 666 ἐστιν
656 615 684 666 6
711 612 948 682 Χριστὸς
981 614 1010 666 6
1049 612 1263 666 ἀκούων
1316 613 1416 683 τὴν
1461 609 1716 681 ἀλήθειαν

117 708 288 780 παρὰ
308 707 406 761 τοῦ
425 707 560 760 Θεοῦ
581 723 594 738 ο
632 725 653 759 ι
681 706 746 760 Τί
769 723 836 778 με
861 705 991 774 γὰρ,
1023 706 1180 776 φησι,
1204 707 1440 777 ζητεῖτε,
1470 702 1720 757 ἀποκτεῖ-

117 817 218 854 ναι
261 799 552 868 ἄνθρωπον
595 795 653 860 ὃς
680 797 778 869 τὴν
807 797 1064 867 ἀλήθειαν
1117 796 1392 867 λελάληκα
1424 797 1489 866 ἥν
1507 796 1716 866 ἤκουσα

119 884 292 956 παρὰ
323 887 418 936 τοῦ
449 885 698 954 Πατρός;
739 903 762 936 ι
801 882 938 937 Ἀλλ’
967 883 1114 937 ἔστιν
1143 883 1430 955 ἄνθρωπος
1456 881 1718 953 θεοφόρη-

120 987 246 1036 τος,
276 972 378 1025 καὶ
398 973 457 1026 οὐ
487 971 744 1044 θεοφόρος
769 991 783 1004 ο
815 975 876 1027 οὐ
933 975 1044 1045 γὰρ
1071 977 1104 1046 ἡ
1141 975 1276 1046 σὰρξ
1324 974 1634 1046 ἐσκήνωσεν
1660 971 1719 1025 ἐν

122 1064 210 1138 τῷ
235 1066 420 1135 Λόγῳ,
450 1065 587 1120 ἀλλὰ
605 1069 633 1120 ὁ
657 1065 832 1134 Λόγος
862 1068 920 1120 ἐν
949 1069 1016 1136 τῇ
1055 1065 1240 1138 σαρκί.

743 1160 994 1214 ΚΕΦΑΛ.
1035 1159 1118 1213 ΙΙ’.

217 1251 282 1305 ⁸0
334 1251 563 1306 κωλιὶων
615 1251 707 1305 τὸν
757 1252 889 1306 Θεὸν
918 1252 1092 1322 Λόγον
1143 1245 1238 1304 τοῦ
1271 1247 1514 1321 ἐνεργεῖν
1563 1248 1620 1300 ἒν
1641 1244 1720 1317 τῷ

145 1339 362 1410 Ἰησοῦ,
403 1332 604 1396 κωλύει
630 1341 720 1396 τὸν
747 1342 1036 1414 ἄνθρωπον
1086 1343 1180 1395 τοῦ
1210 1341 1442 1412 ὁρᾶσθαι
1469 1339 1545 1402 ὡς
1588 1335 1720 1390 Θεδν

131 1437 340 1504 Λόγον.
377 1435 574 1498 Καλῶς
625 1435 782 1506 ἔφης,
819 1439 867 1488 εί
890 1430 1104 1506 τρανῶς
1136 1434 1492 1504 ὁμολογήσεις
1514 1445 1528 1458 ⁸
1564 1432 1722 1501 ὲνερ-

134 1529 232 1594 γεῖ
253 1527 366 1598 γὰρ
393 1527 451 1579 ὲν
488 1529 554 1597 τῇ
599 1529 765 1596 σαρκὶ
792 1528 820 1579 6
849 1526 1020 1594 Λόγος
1078 1525 1238 1594 μόνος
1277 1522 1400 1576 καθ’
1430 1521 1592 1576 αὐτὸν
1621 1520 1721 1590 τὴν

138 1618 346 1672 θέωσιν
371 1617 541 1688 αὐτῆς
575 1613 808 1688 πρώτως
841 1616 916 1679 ὡς
973 1615 1126 1679 Θεὸς,
1175 1615 1310 1668 ἀλλὰ
1341 1614 1428 1668 διὰ
1485 1611 1723 1683 φυσικῆς

137 1709 316 1764 αὑτοῦ
352 1709 488 1780 1:96;
538 1708 708 1778 αὐτὴν
749 1707 1104 1778 συμπλοκτῐγς⁹
1128 1698 1172 1774 ᾧ
1215 1705 1402 1778 τρόπῳ
1453 1705 1546 1757 καὶ
1575 1701 1722 1773 ψυχὴ

142 1803 296 1866 ἰδίως
326 1803 541 1873 ἐνεργεῖ
561 1803 617 1855 ὲν
645 1801 722 1870 τῷ
749 1799 863 1870 ἰδίῳ
887 1799 1120 1871 σώματι,
1145 1797 1392 1853 κατὰτδν
1412 1783 1720 1868 ἄνθρωπον,

136 1895 243 1964 τὴν
281 1893 496 1958 Cibus»
533 1891 698 1946 αὐτοῦ
720 1908 736 1924 ο
769 1891 863 1946 καὶ
894 1892 1004 1962 πῦρ
1035 1892 1093 1944 ὲν
1127 1889 1204 1962 τῷ
1234 1889 1458 1961 σιδήρῳ,
1481 1888 1724 1943 κατὰτὺν

144 1987 372 2059 μύδρον,
395 1987 494 2054 τὴν
526 1983 772 2056 πύρωσιν
793 1984 956 2038 αὐτοῦ
979 2000 992 2014 ·
1048 1982 1208 2038 τοῦτο
1233 1984 1290 2036 δὲ
1317 1982 1722 2047 ἀποδείκνυται,

139 2077 414 2145 προελθὸν
453 2077 624 2140 ὄντως
654 2077 716 2131 τὸ
743 2076 904 2148 ἔργον
941 2077 1172 2148 Θατέρου
1202 2075 1312 2129 τῶν
1361 2072 1724 2128 συνελθόντων

139 2173 224 2234 είς
255 2171 485 2241 θάτερον
508 2169 598 2224 διὰ
653 2169 752 2240 τῆς
781 2168 889 2223 τῶν
935 2169 1015 2234 εἰς
1043 2169 1110 2222 τὰ
1141 2165 1383 2238 ἐξώτερα
1435 2165 1726 2237 ἐνεργειῶν

142 2261 464 2328 ἔπιδείξεως
489 2261 640 2316 τοῦδε
665 2263 755 2316 τοῦ
788 2264 868 2327 είς
900 2262 1062 2318 αὐτὸν
1085 2263 1484 2334 ἐνεργήσαντος
1520 2260 1582 2311 ὲκ
1631 2257 1726 2310 τοῦ

142 2353 538 2427 ἑνεργηθὲντος
558 2355 620 2410 τὸ
653 2353 839 2410 λοιπὸν
863 2355 950 2408 ἀεὶ
971 2356 1290 2426 προϊόντων.

749 2448 999 2504 ΚΕΦΑΛ.
1047 2447 1127 2502 Θ’.

219 2545 284 2598 Et
307 2545 406 2598 οὐκ
435 2543 552 2598 ἔστι
574 2543 808 2614 Χριστὸς
831 2545 862 2596 6
885 2541 1124 2613 ἐνεργῶν
1151 2539 1226 2604 ὡς
1248 2539 1402 2604 Θεὸς,
1435 2539 1532 2594 καὶ
1577 2538 1730 2608 ἐνερ-

147 2638 416 2707 γούμενος
441 2637 516 2700 ὡς
547 2635 854 2707 ἄνθρωπος,
883 2635 918 2706 ἦ
965 2635 1075 2705 ἄρα
1113 2632 1354 2704 ἐνεργῶν
1390 2632 1550 2700 μόνον
1580 2627 1728 2681 ἐστὶν

149 2731 178 2787 6
203 2730 458 2803 Χριστὸς,
483 2728 516 2800 ἢ
551 2729 968 2800 ἐνεργούμενον.
1000 2727 1112 2798 Τὴν
1141 2726 1276 2796 1:96;
1307 2723 1470 2778 αὐτὸν
1497 2721 1729 2792 ἕκληψιν

152 2823 248 2892 τῆς
283 2821 484 2892 σαρκὸς
515 2822 543 2872 6
573 2820 744 2886 Λόγος
771 2817 977 2887 ἔπραξε
1003 2834 1016 2848 ο
1061 2817 1162 2870 καὶ
1185 2817 1284 2884 τὴν
1303 2814 1598 2868 ἀνάστασιν
1629 2811 1728 2864 αὒ-

157 2911 252 2980 τῆς
283 2911 348 2962 ὲκ
403 2909 611 2980 νεκρῶν
643 2901 889 2976 ἐνεργεῖ*
942 2907 1004 2960 οὗ
1049 2903 1155 2976 μὴν
1189 2903 1423 2974 Χριστὸς
1467 2903 1588 2965 ὅλος
1637 2901 1729 2969 ὑφ’

154 3000 343 3071 ἑτέρου
366 2998 494 3054 τάδε
528 3000 853 3068 ἐνεργεῖται,
881 2997 915 3067 ἢ
956 2999 1037 3058 εἰς
1082 2997 1270 3066 ἕτερόν
1301 3012 1424 3047 τινα
1480 2995 1726 3061 ἐνεργεῖο

1045 312 1446 385 ADVERSUS
1483 315 2032 380 NESTORIANOS.
2062 338 2134 350 -
2154 315 2303 376 LIB.
2342 315 2476 377 VII.

1739 426 1790 487 Α

3259 306 3402 368 [7Ξᾶ

2444 422 2598 478 CAP.
2643 421 2756 478 VII.

1889 515 1945 572 Si
1975 531 2086 571 non
2109 522 2194 571 est
2225 515 2393 570 homo
2415 513 2800 584 Theophorus,
2829 508 3084 567 Christus
3102 524 3204 563 nec
3227 507 3394 580 igitur

1817 607 1986 664 homo
2007 615 2091 662 est
2118 605 2374 662 Christus
2425 603 2656 660 audiens
2678 602 2981 675 .veritatem
3035 615 3066 654 a
3111 599 3242 652 Deo.
3281 597 3394 652 Cur

1818 715 1955 755 vero.
1983 697 2254 768 quaeritis,
2285 695 2486 767 inquit,
2518 711 2606 751 me
2641 692 2958 750 interﬁcere
2987 689 3269 745 hominem
3298 687 3391 757 qui

1817 791 2048 845 locutus
2077 805 2200 844 sum
2226 791 2518 844 veritatem
2541 801 2709 856 quam
2756 783 2944 839 audivi
2995 797 3024 835 a
3082 781 3245 836 Patre
3271 781 3334 832 οἳ
3369 797 3388 830 ι

1821 881 1929 938 Sed
1953 889 2041 936 est
2073 881 2238 934 homo
2263 894 2294 933 a
2339 877 2454 932 Deo
2485 878 2805 946 inspiratus,
2840 889 2950 928 non
3009 871 3392 940 Theophorus,

1821 988 1932 1028 non
1957 971 2104 1027 enim
2133 985 2264 1026 caro
2295 967 2576 1024 habitavit
2599 969 2658 1024 in
2696 967 2904 1032 Verbo,
2940 963 3036 1019 sed
3071 963 3308 1019 Verbum
3339 961 3394 1014 in

1821 1081 2006 1121 carne.

2451 1151 2601 1208 CAP.
2647 1149 2786 1207 Vili.

1895 1247 2000 1315 Qui
2059 1245 2290 1318 impedit
2347 1245 2524 1300 Deum
2569 1242 2815 1298 Verbum
2869 1238 3087 1310 operari
3145 1237 3202 1292 in
3243 1235 3396 1300 Jesu,

1823 1337 2056 1410 impedit
2088 1338 2367 1392 hominem
2399 1333 2593 1390 haberi
2623 1343 2688 1389 ut
2731 1334 2907 1388 Deum
2951 1329 3214 1385 Verbum.
3265 1325 3400 1380 Pul-

1823 1433 1956 1488 ehre
2001 1430 2164 1496 dicis,
2196 1430 2244 1484 si
2297 1429 2445 1482 clare
2494 1425 2764 1496 loquaris,
2815 1431 3080 1493 operatur
3133 1419 3282 1474 enim
3343 1417 3400 1470 in

1823 1535 1990 1578 carne
2017 1519 2264 1577 Verbum
2295 1519 2476 1573 solum
2509 1532 2613 1587 per
2646 1517 2891 1584 seipsu-m
2925 1510 3238 1566 secundum
3280 1507 3404 1562 Dei—

1825 1623 2016 1678 tatem,
2063 1611 2243 1682 primo
2278 1617 2340 1664 ut
2372 1609 2541 1672 Deus,
2575 1606 2672 1662 sed
2720 1611 2948 1676 prepter
3001 1600 3403 1657 eonncxionem

1826 1705 2137 1762 naturalem
2171 1719 2296 1759 eum
2333 1703 2445 1758 illa.
2485 1699 2564 1756 Eo
2613 1698 2780 1755 modo
2829 1706 2886 1752 et
2933 1697 3116 1751 anima
3177 1693 3404 1764 propria

1827 1805 2095 1867 operatur
2131 1794 2186 1849 in
2213 1794 2444 1865 preprio
2477 1805 2726 1862 corpore,
2755 1786 3062 1846 secundum
3095 1782 3400 1845 hominem,

1825 1888 2258 1944 viviﬁcationem
2283 1885 2432 1940 illius
2455 1892 2514 1940 et
2542 1884 2684 1954 ignis
2717 1881 2979 1954 interro,
3012 1892 3112 1948 per
3167 1887 3402 1928 massam

1825 1988 2086 2054 operatur
2109 1980 2453 2052 ignitionem.
2488 1977 2604 2032 Hoc
2625 1975 3058 2036 demonstratur,
3097 1965 3406 2039 procedens

1825 2091 1955 2130 vere
2004 2087 2144 2142 Opus
2193 2069 2519 2126 alterutrius
2557 2063 3026 2126 convenientium,
3051 2061 3129 2142 in;
3166 2058 3403 2111 alterum

1825 2091 1955 2130 vere
2004 2087 2144 2142 Opus
2193 2076 2519 2126 alterutrius
2557 2076 3068 2126 convenientmm,1
3166 2076 3403 2111 alterum

1825 2179 1927 2234 per
1951 2161 2454 2218 manifestationem
2491 2159 2760 2212 virtutum
2796 2154 2852 2208 in
2909 2076 3190 2207 αισι-ὧτε
3237 2146 3410 2216 huius

1827 2254 2129 2325 operantis,
2167 2253 2222 2308 in
2242 2253 2420 2322 ipsum
2446 2266 2512 2316 ex
2547 2255 2779 2320 operato
2821 2245 2890 2302 de
2937 2253 3139 2300 caetero
3189 2251 3406 2309 semper

1828 2346 2120 2418 praeconii.
2657 2387 2663 2392 .

2463 2431 2615 2501 CAP.
2672 2442 2766 2497 1x.

1901 2541 1958 2598 Si
1979 2557 2090 2596 non
2119 2545 2206 2595 est
2230 2536 2488 2593 Christus
2512 2549 2750 2606 operans
2797 2539 2859 2587 ut
2905 2531 3076 2596 Deus,
3105 2536 3162 2584 et
3209 2538 3408 2597 opera-

1805 2609 1920 2686 ‘tur
1945 2639 2004 2684 ut
2025 2630 2213 2694 homo,
2244 2628 2330 2683 vel
2365 2626 2514 2682 enim
2547 2638 2784 2694 operans
2813 2621 2994 2676 solum
3027 2628 3111 2674 est
3132 2615 3407 2680 Christus,

1829 2725 1916 2779 vel
1970 2729 2258 2792 operatum
2311 2734 2472 2789 Opus.
2521 2713 2766 2770 Verbum
2818 2709 2953 2768 fecit
3000 2710 3408 2782 perceptionem

1829 2815 2014 2872 carnis
2047 2815 2098 2868 in
2129 2829 2282 2878 eum,
2307 2819 2362 2866 et
2393 2817 2655 2878 operatur
2683 2826 2698 2874 ;
2765 2803 3234 2860 resurrectionem
3282 2801 3406 2872 ejus

1833 2920 1901 2961 ex
1933 2903 2194 2968 mortuis,
2223 2919 2336 2956 non
2361 2900 2617 2956 Christus
2645 2906 2791 2952 totus
2824 2896 2892 2950 ab
2922 2895 3097 2950 altero
3139 2895 3256 2947 haec
3278 2906 3412 2960 ope-

1834 3003 2015 3060 ratur,
2034 2994 2123 3048 vel
2150 2994 2219 3046 ad
2251 2993 2486 3047 alterum
2531 2989 2826 3059 quemdam
2875 2994 3158 3057 operatur.
3203 2977 3411 3038 Christi

155 3091 393 3163 Χριστοῦ
425 3091 535 3160 γὰρ
567 3089 662 3141 τοῦ
711 3087 898 3149 αὐτοῦ,
921 3087 988 3138 δι’
1013 3087 1134 3170 ὃνιὸ
1162 3086 1334 3153 Λόγος
1365 3085 1461 3138 καὶ
1495 3086 1528 3154 ἡ
1557 3081 1728 3151 σάρξ²

1841 3101 1969 3140 vero
2002 3082 2198 3154 ipsius,
2223 3081 2290 3136 ad
2321 3096 2486 3149 quem
2526 3080 2771 3135 Verbum
2821 3085 2878 3132 ct
2923 3093 3053 3131 caro
3111 3073 3432 3145 pertinent,.

158 3181 301 3236 κατὰ
328 3182 384 3234 δὲ
413 3182 509 3242 τὰς
534 3182 590 3232 ὲν
624 3179 828 3246 ἑτέροις
857 3179 962 3230 ὑπὸ
985 3175 1221 3248 Χριστοῦ
1253 3174 1543 3244 γινομένας
1581 3175 1734 3244 ἐνερ-

159 3271 313 3340 γείας
361 3271 504 3332 ἰδίως
537 3269 685 3338 αὐτῷ
733 3267 994 3332 πολλάκις
1046 3267 1134 3320 διὰ
1185 3267 1281 3336 τῆς
1313 3265 1516 3334 σαρκὸς
1569 3261 1734 3317 αὐτοῦ

163 3364 376 3436 ἐνεργεῖ
429 3363 458 3415 6
513 3361 684 3429 Λόγος
731 3360 1168 3432 Θαυματουργῶν
1229 3359 1304 3422 ὡς
1358 3355 1590 3426 φυσικοῦ
1641 3356 1736 3426 ὀρ-

165 3459 328 3526 γάνου
372 3455 558 3510 λοιπὸν
597 3455 891 3525 νοουμένης
937 3453 1086 3523 αὐτῷ
1138 3452 1421 3521 προσεῖναι
1461 3449 1561 3519 τῆς
1602 3465 1736 3520 σαρ-

168 3549 280 3613 κός.

786 3637 1032 3692 ΚΕΦΑΛ.
1069 3633 1126 3690 1’.

239 3733 400 3788 ’Λλλὰ
452 3732 557 3804 μὴν
594 3729 690 3784 καὶ
726 3729 1064 3792 Ἀθανάσιος,
1101 3727 1257 3798 φησὶ,
1321 3725 1381 3780 ὃν
1435 3725 1497 3778 οὐ
1534 3741 1740 3794 παραιο

168 3826 366 3887 τεϊσθε,
399 3827 457 3880 ἐν
489 3825 568 3898 τῷ
627 3825 758 3895 περὶ
815 3823 1298 3894 ἐνανθρωπήσεως
1343 3818 1518 3887 λέγει’
1551 3819 1742 3872 Κατα·

173 3919 423 3986 σκευάζει
443 3917 620 3988 ἑαυτῷ
661 3917 787 3971 ναὸν
812 3916 873 3969 τὸ
898 3915 1078 3985 σῶμα,
1114 3913 1208 3967 καὶ
1239 3909 1743 3965 ίδιοποιεῖταιτοῦτο

171 4015 356 4084 ὥσπερ
385 4013 636 4083 ὄργανον,
675 4011 732 4063 ὲν
757 4006 907 4078 αὐτῷ
933 4004 1338 4078 γνωριζόμενος
1365 4003 1463 4056 καὶ
1485 4000 1738 4056 ὲνοικῶν·

173 4105 265 4160 καὶ
297 4103 478 4168 πάλιν,
512 4101 616 4154 Τὸν
651 4097 847 4154 ἑαυτοῦ
897 4097 1025 4151 ναὸν
1073 4095 1167 4151 καὶ
1196 4093 1462 4149 σωστικδν
1509 4092 1743 4164 ὄργανον

175 4195 461 4262 προσάγων
497 4191 791 4262 ἀντίψυχον
845 4187 984 4258 ὑπὲρ
1024 4187 1265 4240 πάντων.
1318 4183 1453 4238 Νόει
1480 4183 1613 4251 γοῦν
1661 4183 1745 4236 ὅτι

175 4288 268 4342 καὶ
295 4289 523 4357 ὄργανον
553 4285 800 4354 φυσικῶς
825 4281 1104 4352 ἡνωμένον
1133 4279 1206 4342 ὡς
1247 4277 1408 4346 σῶμα
1437 4275 1608 4346 ψυχῇ,
1648 4274 1744 4327 καὶ

177 4375 316 4441 οἶκος
339 4379 510 4442 οὕτως
541 4377 758 4446 λέγεται
779 4391 792 4405 ·
824 4377 852 4428 6
881 4375 990 4443 γὰρ
1019 4373 1190 4440 Λόγος
1225 4369 1363 4440 σὰρξ
1396 4367 1633 4436 ἐγένετο,
1672 4365 1747 4419 εἴ·

181 4487 358 4543 ρηται,
381 4470 440 4522 οὐ
469 4471 628 4540 μόνον
663 4471 742 4532 εἰς
769 4467 947 4540 σάρκα
979 4465 1168 4526 ἁπλῶς
1200 4460 1497 4534 ἐνῴκησεν.

183 4611 2477 4646 WW-

1837 3176 2144 3232 secundum
2199 3175 2254 3228 in
2284 3171 2689 3229 illisaChristo
2735 3169 2906 3224 factas
2939 3167 3292 3237 operationes
3334 3163 3413 3216 illi

1837 3267 2112 3340 proprias,
2131 3281 2276 3336 saepe
2295 3281 2392 3336 per
2420 3279 2575 3320 suam
2603 3276 2824 3318 carnem
2853 3267 3114 3330 operatur
3145 3255 3412 3318 Verbum,

1841 3359 2116 3417 mirabilia
2145 3358 2278 3414 fecit
2317 3366 2477 3412 utens
2522 3369 2688 3410 carne
2731 3351 2839 3408 sibi
2897 3351 3054 3408 unita
3100 3357 3162 3403 ut
3208 3361 3414 3416 organo

1840 3449 2088 3522 physico.

2510 3619 2662 3685 CAP.
2697 3620 2762 3673 Χ.

1915 3718 2021 3775 Sed
2050 3733 2205 3782 vero,
2236 3724 2293 3771 et
2321 3712 2668 3777 Anastasius,
2725 3707 2924 3781 inquit,
2966 3721 3130 3778 quem
3175 3718 3288 3759 non
3339 3709 3423 3756 at-

1843 3808 2076 3881 tingitis,
2117 3807 2171 3862 in
2212 3820 2468 3862 sermone
2498 3803 2567 3857 de
2630 3799 3032 3862 incarnatione,
3093 3795 3221 3866 ipsi,
3264 3792 3424 3848 habi-

1848 3905 2134 3966 tationem,
2169 3914 2394 3970 corpus,
2435 3905 2490 3952 et
2525 3895 2630 3951 sibi
2675 3891 2997 3964 appropriat
3045 3888 3182 3944 illud
3225 3896 3288 3942 ut
3327 3902 3424 3940 or-

1844 4013 2068 4069 ganum,
2101 3995 2160 4048 in
2179 3993 2276 4048 illo
2303 3991 2525 4063 agnitus
2548 3996 2606 4044 et
2625 3986 2839 4041 habitat
2867 3995 2924 4039 et
2955 3999 3148 4038 rursus
3170 3981 3222 4035 in
3249 3979 3425 4050 ipsius

1846 4085 2247 4142 habitationem
2300 4090 2356 4136 et
2397 4081 2585 4136 vivum
2638 4091 2906 4149 organum
2946 4072 3276 4145 producere,
3321 4083 3426 4138 pro

1845 4179 1961 4233 vita
1983 4191 2152 4247 super
2186 4173 2394 4230 omnia.
2441 4169 2705 4240 lntelligit
2751 4167 2900 4223 enim
2961 4163 3110 4236 quod
3155 4175 3422 4232 organum

1846 4270 2071 4340 physice
2097 4265 2314 4320 unitum
2348 4271 2408 4318 ut
2431 4276 2634 4331 corpus
2672 4259 2890 4324 animae,
2915 4264 2972 4311 et
2995 4258 3068 4310 ita
3123 4253 3320 4309 domus
3343 4251 3424 4306 diu

1847 4362 2015 4416 citur.
2056 4360 2193 4414 Nam
2223 4355 2466 4413 Verbum
2498 4367 2628 4408 caro
2677 4351 2879 4405 factum
2934 4356 3038 4414 est,
3067 4346 3292 4410 dicitur,
3319 4359 3428 4398 non

1854 4454 2030 4508 solum
2063 4451 2119 4504 in
2151 4463 2372 4504 carnem
2399 4443 2724 4516 simpliciter
2747 4439 3044 4498 habitavit.

2485 4595 3424 4622 -_._______.._—————--——-

1537 4725 1902 4819 ΛΟΓΟΣ
1977 4713 2090 4805 Ζὀ

195 4883 474 4955 ,Εὔδόμης
501 4883 782 4950 ἀπιστίας
829 4881 1028 4938 αὐτῶν
1059 4881 1451 4952 σεηλίτευσις
1495 4861 2145 4955 διαμεμξριιένωΥ-τςῖς
2208 4861 2460 4929 λέγουσι
2495 4856 2601 4908 τὸν
2651 4850 2760 4907 ἕνα
2816 4849 2923 4917 τῆς
2950 4847 3122 4917 ἁγίας

3187 4840 3428 4911 Τριάδος

1503 4932 1867 5000 πεέεοίνᾶἑνῖαι
1897 4932 2099 5001 σαρκί.

1488 5141 1839 5229 LIBER
1945 5133 2154 5223 VII.

252 5303 483 5376 Septima
510 5304 807 5374 infamatur
873 5299 1238 5357 Itazreticorum
1277 5294 1501 5368 perﬁdia
1533 5292 1654 5348 illos
1686 5287 2083 5344 criminantium
2114 5283 2202 5352 qui
2247 5280 2472 5334 dicunt:
2516 5295 2533 5326 ι
2583 5273 2724 5330 Unus
2785 5271 2846 5326 de
2892 5271 3148 5324 Trinitnlc
3177 5279 3363 5339 passus

1641 5369 1718 5414 est
1744 5373 1922 5412 carne.
1939 5375 1955 5406 ι

596 5574 988 5633 ΚΕΦΑΛΑῙΟΝ
1023 5571 1318 5628 ΠΡΩΤΟΝ.

257 5675 373 5738 Πῶς
411 5675 599 5744 λέγετε
622 5711 638 5733 ,
684 5673 880 5742 φασιν,
929 5669 1026 5724 ἕνα
1067 5667 1165 5738 τῆς
1199 5663 1359 5734 ἁγίας
1391 5660 1620 5738 Τριᾲδος
1649 5677 1749 5713 πε-

253 5800 272 5825 ⁶
295 5793 450 5852 Joan.
483 5809 594 5860 vin,
609 5791 698 5846 i0.

1761 5481 1832 5493 .-

1783 5579 1830 5636 ι)

2361 5554 2584 5612 CAPUT
2632 5550 2920 5609 PRIMUM.

1929 5651 2158 5720 Quando
2219 5649 2420 5716 dicitis,
2474 5647 2628 5702 aiunt
2683 5636 3075 5714 (Nestoriani),
3134 5650 3304 5690 unum
3359 5631 3426 5688 de
