3858 6156
453 233 595 301 1763
1737 223 2051 287 LEONTII

2163 215 2498 282 iZANTINl
3627 211 3757 278 ιτει

451 362 674 421 semper
713 345 1080 412 arbitremur;
1107 359 1176 401 ex
1205 344 1396 401 verbis
1433 353 1616 400 autem
1661 340 1942 412 pmdictis
1972 337 2026 394 id

2165 350 2239 397 ως
2283 332 2340 385 δὲ
2380 328 2567 384 τοῦτον
2601 325 2891 398 ψιλοῦσθαὶ
2921 344 2981 382 τε
3016 329 3118 382 καὶ
3145 326 3499 392 ἑὶκοῦσθαι,
3538 330 3642 380 καὶ
3671 332 3754 385 διὶ-

452 419 627 497 nnum
650 447 819 511 patet,
848 452 1046 508 nempe
1067 452 1178 492 non
1211 453 1312 508 per
1337 437 1579 508 gladium
1605 433 1771 496 forte,
1799 448 1904 488 nec
1932 446 2030 502 per

2163 423 2356 476 ινεσθαι
2408 420 2571 491 σαρκὶ
2617 421 2992 484 ἀκούσαντες.
3055 421 3374 492 ἄνθρωπον
3418 419 3557 473 κατ’
3597 422 3756 490 ἄμφω

451 508 712 603 lapidem,
736 529 830 585 sed
861 545 960 599 per
991 543 1216 584 carnem
1256 537 1434 584 totum
1481 536 1694 582 sectum
1725 539 1847 580 esse
1874 523 2032 578 illum

2163 514 2386 585 ομὶσετε
2413 553 2428 579 ,
2483 512 2648 582 ἤγουν
2701 508 2844 591 κατὰ
2885 509 3069 582 ψυχήν
3115 527 3178 563 τε
3231 510 3338 563 καὶ
3380 508 3559 578 σῶμα
3590 509 3759 563 ταῦτα

453 627 757 689 hominem,
813 624 1105 694 animaque
1159 630 1216 678 et
1260 638 1494 692 corpore
1542 621 1883 690 discerptum
1932 631 2033 687 per

2163 602 2547 677 τυμδεόηκέναι
2575 601 2655 672 τῷ
2677 600 2980 670 ἀνθρώπῳ,
3017 601 3160 655 ἀλλὰ
3191 601 3296 654 διὰ
3328 601 3584 667 σαρκὸς
3613 599 3762 669 ᾁὶὰ

2134 699 2266 770 θρου
2323 697 2555 765 δύναμιν
2607 694 2868 765 ἐχούσης·
2927 691 3010 746 ἔτι
3065 691 3182 764 μὴν
3230 693 3332 745 ἐπὶ
3379 692 3506 743 τῶν
3536 689 3759 743 ἐλευθε-

2137 793 2416 865 ρουμένων
2465 792 2528 843 ἐκ
2575 789 2813 857 βασάνου
2847 786 2944 858 τὴν
2978 785 3164 856 σάρκα
3210 784 3316 838 καὶ
3349 783 3662 836 παθόντων
3695 799 3758 847 τι,

2135 886 2185 938 εἰ
2233 883 2490 953 λέγοιμεν
2538 881 2621 934 ὃτι
2669 883 2698 933 ὁ
2742 881 2890 932 δεῖνα
2940 877 3160 948 ἀπαθὴς
3204 876 3400 946 ἔμεινε
3452 875 3637 945 σαρκὶ
3669 875 3758 928 δῶ

2135 974 2385 1044 σαρκὸς,
2423 973 2517 1026 καὶ
2567 969 2722 1025 τοῦδε
2750 969 3031 1035 δοθέντος,
3069 969 3283 1038 ὁμοίως
3318 967 3599 1034 λέγεσθαι
3636 967 3754 1019 χιισῖ

2137 1067 2282 1136 ὑμᾶς
2311 1064 2463 1118 ἔσται
2481 1064 2577 1132 τὴν
2603 1062 2784 1134 ψυχὴν
2806 1060 2897 1114 διὰ
2927 1061 3023 1130 τῆς
3047 1057 3283 1126 σαρκὸς
3305 1057 3566 1126 ἀπαθής
3601 1057 3752 1108 0:331:11

2137 1159 2248 1228 γὰρ
2279 1155 2427 1226 αὖτῷ
2465 1155 2603 1226 μετὰ
2629 1154 2728 1222 τὴν
2756 1153 2934 1223 σάρκα
2957 1151 3148 1222 ἕτερον
3174 1150 3588 1204 ὑπολείπεταιο
3630 1152 3750 1202 τεό-

2138 1265 2247 1302 των
2297 1248 2355 1300 δὲ
2408 1249 2559 1309 ποῖος
2606 1247 2796 1316 ἄφρων
2841 1243 3288 1313 ἀνεπαίσθητος;
3331 1241 3563 1296 Οὐκοῦν
3598 1243 3752 1312 eam

453 717 589 774 illud
613 716 770 787 quasi
802 715 1083 770 d‘issecans
1102 715 1562 769 instrumentum.
1591 711 1853 775 Proinde,
1883 709 2035 762 hunc

447 809 735 864 hominem
769 807 1024 870 tonderi,
1076 805 1316 875 discerpi
1353 813 1408 860 ct
1439 802 1672 859 lacerari
1723 800 2032 862 audientes,

445 901 719 971 putabitis
749 899 897 954 istud
929 897 1010 952 illi
1055 897 1267 952 homini
1299 897 1354 951 in
1383 906 1616 964 utraque
1658 891 1834 962 ipsius
1855 897 2033 960 parte,

451 993 510 1048 id
540 1001 644 1058 est,
671 1002 792 1048 tum
819 991 883 1046 in
915 1005 1169 1060 corpore,
1201 999 1318 1043 tum
1345 989 1412 1042 in
1443 987 1628 1042 anima
1655 984 1949 1048 accidisse,
1978 989 2036 1036 et

454 1084 676 1155 quidem
718 1099 810 1152 per
831 1097 1046 1136 carnem
1067 1080 1224 1150 quasi
1251 1079 1364 1132 vim
1391 1077 1692 1132 tonsorium
1715 1073 2033 1129 habentem.

452 1175 728 1232 Praeterea
757 1173 824 1227 de
851 1173 922 1226 iis
952 1173 1069 1241 qui,
1105 1171 1236 1224 licet
1259 1185 1288 1223 a
1310 1169 1557 1224 cruciatu
1593 1166 1756 1222 liberi
1777 1175 2034 1234 respectu

455 1266 658 1328 carnis,
689 1263 896 1333 aliquid
931 1271 1109 1316 tamen
1133 1261 1440 1332 patiuntur,
1471 1259 1516 1314 si
1549 1257 1866 1313 diceremus
1887 1257 2039 1310 hunc

456 1357 541 1410 vel
584 1356 736 1409 illum
758 1353 1148 1424 impassibilem
1176 1353 1504 1407 remansisse
1534 1367 1699 1407 carne
1724 1353 1740 1420 ζ
1747 1351 1850 1406 hoc
1873 1349 2040 1420 signi-

2163 1339 2215 1403 ῦς
2239 1339 2302 1391 τὸ
2325 1337 2525 1406 σαρκὶ,
2563 1336 2687 1391 οὔτε
2713 1337 2788 1400 ὡς
2815 1337 2880 1390 δι’
2905 1336 3140 1407 ὀργάνου
3167 1333 3493 1387 παοοποιοῦ
3513 1337 3746 1404 εἴρηται·

453 1447 656 1502 ﬁcante
691 1461 786 1513 per
814 1443 1076 1512 carnem),
1105 1443 1361 1498 similiter
1393 1444 1498 1498 dici
1523 1445 1678 1514 juxta
1709 1457 1806 1497 vos
1833 1440 2040 1512 poterit

2163 1430 2268 1484 ιῦτε
2301 1431 2408 1500 μὴν
2441 1427 2517 1492 ὡς
2545 1430 2710 1500 μέρος
2737 1428 2907 1500 οὔσης
2937 1428 3032 1481 τοῦ
3059 1427 3197 1480 Θεοῦ
3223 1428 3414 1495 Λόγου
3444 1427 3748 1480 καῠάὖτὶη

457 1536 821 1615 impassibilis
848 1544 1101 1605 respectu
1136 1534 1333 1588 anima:
1352 1551 1446 1604 per
1470 1551 1693 1588 carnem
1724 1551 1742 1588 :
1776 1534 1855 1588 illi
1889 1533 2039 1589 enim

2163 1523 2436 1592 ιοουμένου
2459 1520 2607 1591 ὲντῷ
2626 1519 2899 1589 λέγεσθαι,
2920 1519 2977 1572 'O
2997 1519 3131 1583 Θεὸς
3152 1519 3334 1588 Λόγος
3357 1518 3545 1571 ἔπαθε
3565 1520 3745 1587 capti-

455 1639 582 1699 post
603 1611 825 1681 carnem
853 1625 992 1680 nihil
1021 1624 1173 1679 aliud
1205 1639 1372 1694 quam
1408 1625 1590 1680 anima
1630 1633 1902 1695 superest.
1930 1625 2037 1678 Ista

2163 1613 2330 1684 ὒσπερ
2371 1614 2551 1684 φαμὲν
2598 1614 2680 1666 ὅτι
2727 1615 2757 1666 ό
2796 1611 2942 1666 δεῖνα
2982 1611 3364 1680 προσέπταισε
3393 1611 3486 1682 τῷ
3515 1611 3686 1673 ποδὶ,
3721 1611 3750 1680 ἢ

457 1687 682 1789 quidem
719 1719 909 1788 ecquis
939 1719 1141 1772 stultus
1189 1687 1302 1771 n'on
1344 1687 1882 1788 intelligeret‘EErgo
1919 1716 2037 1770 evi-

2163 1704 2458 1776 xpajuicerj
2488 1707 2554 1776 τῇ
2583 1703 2758 1773 χειρί.
2791 1703 2902 1756 Καὶ
2928 1701 3181 1771 λέγοντες
3207 1701 3320 1772 γὰρ
3350 1703 3451 1754 τὸν
3482 1700 3634 1754 Θεὸν
3657 1701 3754 1754 Ᾱόο

459 1810 658 1864 denter
689 1817 842 1880 patet
871 1822 1061 1861 vocem
1095 1823 1258 1860 carne
1281 1822 1392 1861 non
1422 1821 1523 1876 pro
1549 1808 1918 1862 instrumento
1939 1805 2034 1860 do-

2163 1811 2268 1860 τον,
2317 1795 2552 1864 Χριστὶν
2583 1791 2814 1862 νοοῦμεν
2849 1793 2990 1862 μετὰ
3017 1789 3116 1861 τὴν
3143 1792 3347 1845 ἕνωσιν
3376 1791 3502 1844 τῶν
3531 1790 3754 1858 φύσειικ

453 1901 670 1956 loriﬁco
717 1899 848 1963 dici,
891 1912 995 1952 nec
1047 1912 1146 1968 pro
1191 1905 1347 1966 parte
1403 1897 1500 1951 Dei
1541 1895 1706 1952 Verbi
1750 1896 1804 1950 in
1857 1895 2042 1965 seipso

2163 1883 2246 1935 ia£°
2283 1883 2378 1937 καὶ
2409 1883 2483 1946 ὡς
2508 1883 2748 1954 Χριστοῦ
2782 1883 2946 1952 μέρος
2973 1883 3154 1952 φαμὲν
3180 1883 3280 1950 τὴν
3307 1883 3510 1952 σάρκα
3537 1880 3673 1934 καθ’
3696 1884 3754 1950 ἦν

449 1989 816 2061 considerati,
850 1986 1074 2060 quando
1091 1985 1296 2041 dicitur
1324 2003 1338 2038 :
1365 1985 1609 2041 Verbum
1645 1985 1893 2040 divinum
1920 2001 2044 2054 pas-

2163 1973 2334 2026 ταοεῖν
2367 1973 2462 2028 καὶ
2489 1973 2581 2026 τὸν
2607 1973 2740 2026 Θεὸν
2762 1973 2936 2040 Λόγον
2963 1971 3040 2036 ὡς
3066 1971 3298 2043 Χριστὸν
3326 1971 3607 2042 λέγομεν·
3649 1971 3752 2024 ὦσ-

451 2101 584 2141 sum
619 2092 704 2138 est
737 2097 935 2146 carne;
961 2081 1106 2135 sicut
1135 2079 1371 2134 dicimus
1401 2096 1416 2132 :
1443 2079 1542 2133 llic
1573 2079 1661 2133 vel
1695 2078 1786 2132 ille
1821 2075 2046 2147 impegit

461 2176 612 2246 pede,
647 2175 734 2227 vel
763 2185 1064 2242 suspensus
1099 2179 1183 2224 est
1202 2187 1386 2224 manu.
1419 2169 1676 2224 Dicentes
1701 2169 1849 2224 enim
1870 2169 2042 2223 Deum

457 2262 727 2326 Verbum,
749 2260 1029 2316 Christum
1059 2275 1278 2330 semper
1312 2258 1727 2313 consideramus
1755 2259 1811 2312 in
1843 2258 2046 2314 unione

454 2363 804 2418 naturarum,
853 2360 908 2406 et
955 2362 1215 2422 tanquam
1263 2359 1477 2420 partem
1524 2349 1732 2405 Christi
1776 2349 2047 2406 habemus

462 2457 687 2498 carnem
731 2455 838 2511 qua
865 2456 1084 2509 passum
1131 2455 1252 2494 esse
1290 2440 1462 2494 Deum
1504 2439 1745 2494 Verbum
1775 2449 2049 2510 quatenus

457 2531 744 2586 Christum
775 2532 1010 2586 dicimus
1043 2549 1056 2585 :
1089 2532 1236 2586 sicut
1258 2540 1315 2589 et
1343 2531 1624 2586 hominem
1659 2531 1814 2602 quasi
1848 2531 2050 2586 dividi-

464 2635 608 2684 mus,
645 2620 880 2674 dicendo
903 2621 1130 2674 Paulum
1161 2619 1440 2674 inﬁrmum
1463 2621 1687 2692 quidem
1707 2637 1832 2677 esse
1859 2637 2046 2688 carne,

465 2709 661 2778 Spiritu
692 2718 874 2762 autem
905 2723 1124 2772 sanum,
1151 2715 1209 2762 et
1239 2724 1405 2764 carne
1433 2725 1467 2764 a
1488 2711 1817 2779 quibusdam
1853 2712 2050 2766 absen-

464 2805 597 2862 tem,
656 2798 856 2868 spiritu
899 2811 1030 2852 vero
1080 2796 1135 2850 in
1164 2797 1232 2852 iis
1283 2808 1632 2867 praesentem.
1679 2802 1740 2854 In
1769 2816 1838 2856 eo
1882 2802 2050 2872 igitur

459 2905 632 2946 sensu
659 2889 877 2946 Judaeos
921 2902 1041 2943 esse
1096 2887 1340 2944 deicidas
1389 2889 1813 2960 intelligendum
1855 2899 1960 2958 est,
1996 2900 2052 2947 et

467 2983 576 3037 alia
609 2981 830 3046 similia,
877 2980 1025 3052 quod
1056 2979 1310 3035 Christus
1357 2981 1430 3035 sit
1478 2983 1624 3037 Deus
1678 2992 1734 3038 et
1784 2984 2047 3039 Verbum.

2144 2081 2251 2133 περ
2285 2062 2380 2116 καὶ
2427 2062 2521 2114 ἐπὶ
2549 2061 2872 2134 ἀνθρώπου,
2913 2063 2991 2126 ὡς
3021 2064 3085 2115 ὲκ
3115 2063 3314 2132 μέρους
3351 2061 3556 2131 φαμὲν
3587 2061 3752 2116 ἀσθε-

2143 2157 2256 2207 νεῖν
2291 2154 2392 2224 μὲν
2424 2154 2621 2224 σαρκὶ,
2670 2152 2936 2222 ὑγιαίνειν
2967 2151 3022 2205 δὲ
3057 2151 3272 2204 Παῦλον
3300 2151 3386 2221 τῷ
3418 2153 3748 2222 πνεύματι·

2147 2245 2241 2298 καὶ
2289 2248 2356 2316 τῇ
2406 2247 2570 2316 σαρκὶ
2623 2227 2736 2314 μὲν
2771 2244 2990 2299 ἀπεῖναι
3015 2258 3195 2308 τινων,
3234 2244 3312 2314 τῷ
3353 2243 3412 2296 δὲ
3455 2247 3748 2316 πνεύματι

2149 2339 2246 2391 σῦν
2278 2339 2463 2401 αὐτοῖς
2490 2333 2631 2390 εἶναι
2654 2353 2668 2368 ·
2707 2336 2851 2390 οὕτω
2879 2335 3010 2404 γοῦν
3039 2335 3135 2390 καὶ
3162 2335 3500 2400 θεοκτόνους
3532 2340 3746 2406 ventis-1

2149 2431 2437 2492 Ἰουδαίους
2464 2468 2479 2495 ,
2539 2431 2636 2485 καὶ
2683 2428 2754 2482 τὰ
2801 2429 2995 2500 ὅμοια,
3057 2429 3131 2492 ὼς
3176 2428 3425 2498 Χριστοῦ
3459 2428 3629 2494 Erato;
3663 2432 3746 2484 τοῦ

2148 2513 2293 2574 Θεοῦ
2316 2521 2416 2577 καὶ
2441 2521 2636 2590 Λόγου.
2692 2519 2929 2592 Χριστοῦ
2957 2516 3051 2576 οὖν
3082 2521 3354 2584 παθόντος
3401 2524 3564 2594 ὑπὲρ
3595 2527 3746 2595 ἡμῶν

2153 2616 2317 2685 σαρκὶ
2341 2655 2357 2678 ,
2417 2615 2560 2666 κατὰ
2613 2613 2704 2667 τὸν
2751 2611 3050 2668 ἀπόστολον
3078 2613 3308 2683 Πέτρον,
3343 2613 3521 2683 δῆλον
3553 2615 3634 2678 ὡς
3663 2619 3746 2669 καὶ

2149 2712 2281 2775 Θεὸς
2327 2714 2356 2766 ό
2397 2711 2600 2780 Λόγος·
2637 2711 2736 2780 οὐχ
2763 2709 2838 2774 ὡς
2865 2709 2926 2762 τὸ
2956 2711 3156 2780 μέρος,
3191 2709 3308 2762 ἀλλ’
3339 2709 3424 2773 ὡς
3454 2712 3489 2764 ό
3509 2710 3742 2780 Χριστὸς

2151 2803 2363 2872 λέγοιτο
2406 2802 2600 2856 παθεῖν
2621 2818 2634 2831 ·
2675 2801 2772 2854 καὶ
2801 2799 2911 2871 γὰρ
2955 2801 3081 2864 ὅλος
3112 2800 3235 2854 Ἰὼϐ
3265 2801 3503 2869 λέγεται
3535 2801 3740 2863 παθεῖν,

2151 2895 2249 2964 τῆς
2266 2895 2466 2965 σαρκὸς
2493 2893 2658 2946 αὐτοῦ
2677 2893 2844 2966 μόνης
2871 2891 3154 2963 παθούσης
3178 2909 3193 2922 ο
3219 2911 3239 2944 ι
3275 2895 3396 2962 Τῆς
3426 2892 3546 2963 γὰρ
3575 2892 3740 2963 ψυχῆς

2153 2986 2345 3054 αὑτοῦ,
2371 3006 2390 3038 ›
2420 2987 2554 3057 φησὶ
2581 2985 2662 3056 τῷ
2684 2986 2938 3058 διαϐόλῳ,
2977 3004 2996 3038 ι
3025 2987 3101 3057 μὴ
3132 2985 3272 3056 ἅψῃ,
3293 3003 3317 3036 ι
3356 2987 3388 3038 ὁ
3409 2985 3648 3056 Κύριος.

465 3075 656 3147 Itaque
697 3089 821 3130 cum
849 3072 1107 3128 Christus
1156 3089 1258 3144 pro
1297 3072 1458 3128 nobis
1496 3090 1694 3144 passus
1740 3077 1812 3130 sit
1862 3092 2050 3141 carne,
2086 3079 2242 3148 juxta
2272 3078 2580 3148 apostolum
2631 3079 2857 3134 Petrum
2903 3089 2953 3144 ιι,
3011 3086 3166 3148 patet
3202 3079 3463 3134 Verbum
3482 3081 3740 3137 divinum.

461 3179 578 3220 non
605 3170 880 3234 quatenus
902 3170 1112 3233 partem
1150 3163 1387 3229 Christi,
1435 3163 1531 3220 sed
1581 3175 1858 3235 quatenus
1889 3167 2194 3235 Christum,
2262 3169 2480 3224 dicatur
2507 3185 2631 3225 esse
2691 3185 2938 3240 passum.
3001 3171 3181 3226 Totus
3223 3171 3382 3224 enim
3413 3171 3528 3227 Job
3559 3171 3743 3226 dicitur

465 3270 663 3328 passus
688 3269 830 3322 esse,
861 3255 991 3309 licet
1019 3253 1134 3310 sola
1170 3255 1290 3326 ejus
1319 3271 1447 3311 caro
1471 3271 1627 3327 passa
1657 3258 1749 3324 sit,
1773 3257 1904 3329 quia
1926 3260 2046 3331 ejus
2083 3261 2320 3317 animam
2350 3277 2419 3319 ne
2443 3261 2698 3320 diabolus
2723 3271 2974 3334 tangeret
2995 3272 3258 3320 vetuerat
3285 3264 3586 3323 Dominus.

1113 3367 1271 3424 CAP.
1312 3370 1405 3424 Ill.

538 3461 640 3528 Qui
679 3460 927 3516 dicerent
953 3477 966 3514 :
1009 3460 1206 3514 Passus
1233 3470 1307 3515 est
1329 3478 1516 3525 carne,
1560 3479 1662 3533 pro
1691 3464 1780 3519 his
1809 3464 1996 3520 verbis
2028 3483 2042 3518 :

467 3552 588 3610 Non
614 3555 669 3607 in
695 3555 909 3624 propria
941 3561 1163 3618 natura,
1189 3553 1292 3606 sibi
1311 3553 1776 3610 contradicerent.
1812 3555 1868 3610 Si
1899 3557 2047 3610 enim

471 3655 724 3702 naturam
771 3646 917 3701 illam
969 3646 1024 3699 in
1078 3660 1186 3714 qua
1241 3661 1438 3714 passus
1469 3653 1554 3701 est
1605 3649 1753 3703 Deus
1804 3649 2050 3705 Verbum

466 3739 624 3809 juxta
651 3755 767 3803 eos,
819 3738 1099 3809 propriam
1152 3737 1328 3807 ipsius
1378 3754 1498 3794 esse
1523 3750 1728 3812 negant
1763 3741 1853 3809 (ne
1895 3741 2052 3796 illum

469 3841 726 3900 respectu
778 3841 987 3885 naturae
1046 3830 1363 3900 passibilem
1425 3845 1545 3887 esse
1607 3833 2051 3903 conﬁteantur);

471 3921 621 3990 quod
657 3927 840 3975 autem
875 3937 979 3974 non
1017 3929 1100 3976 est
1145 3922 1449 3992 proprium,
1478 3930 1563 3978 est
1587 3925 1858 3991 alienum;
1907 3923 2052 3994 quod

471 4010 656 4070 autem
685 4012 950 4075 alienum,
1001 4011 1231 4066 alterius
1258 4021 1344 4068 est
1369 4029 1531 4084 quam
1570 4014 1721 4070 illius
1757 4015 1915 4085 cujus
1945 4029 2056 4068 non

470 4115 556 4168 est
585 4107 872 4176 proprium
903 4123 916 4159 :
949 4120 1082 4176 ergo
1108 4105 1188 4158 illi
1229 4123 1349 4162 .non
1375 4108 1555 4162 solum
1587 4109 1727 4163 duas
1751 4107 2059 4161 admittunt

473 4207 724 4263 naturas,
757 4197 850 4252 sed
893 4206 950 4251 et
987 4196 1126 4251 duas
1171 4213 1458 4267 personas,
1511 4214 1711 4269 nempe
1752 4213 1918 4252 unam
1963 4197 2060 4252 Dei

403 4339 406 4343 ,
477 4289 663 4354 Verbi,
703 4297 758 4343 et
782 4290 1009 4343 alteram
1036 4289 1186 4342 illius
1206 4293 1362 4362 cujus
1392 4301 1476 4345 est
1501 4300 1699 4344 natura
1721 4291 1774 4343 in
1799 4305 1906 4359 qua
1938 4305 2062 4358 pas-

475 4398 571 4438 sus
591 4394 676 4438 est
709 4384 857 4437 Deus
878 4382 1141 4436 Vcrbum‘.
1195 4383 1368 4456 Cujus
1415 4393 1598 4439 autem
1638 4385 1744 4438 nisi
1775 4383 2064 4439 evidenter

473 4466 756 4530 hominis!
789 4474 894 4528 .llle
917 4487 1052 4527 vero
1107 4473 1310 4542 aliquis
1355 4475 1524 4529 homo
1571 4485 1657 4530 est
1697 4489 1953 4545 persona.
1993 4473 2065 4528 At

475 4567 703 4637 propria
737 4573 822 4620 est
857 4565 1055 4620 animae
1086 4564 1470 4637 intelligentia,
1510 4575 1770 4637 tanquam
1798 4567 2060 4632 facultas;

474 4659 714 4730 preprim
767 4657 1152 4729 cogitationes,
1199 4665 1460 4729 tanquam
1522 4657 2064 4729 operationes;pro-

2077 3361 2126 3424 C

2767 3379 2950 3432 ΚΕΦΑ
2959 3378 3023 3432 Λ.
3059 3379 3138 3434 Γ’.

2218 3467 2286 3520 Εἰ
2316 3465 2576 3534 φάσκοιεν
2599 3466 2661 3522 τὺ
2683 3467 2866 3521 ἔπαθε
2888 3467 3095 3535 σαρκὶ,
3123 3467 3252 3522 ἀντὶ
3280 3469 3383 3523 τοῦ
3412 3472 3523 3525 οὐκ
3550 3475 3636 3538 εις
3655 3471 3746 3540 τὴν

2153 3561 2382 3614 οῑκείαν
2425 3559 2646 3614 οὐσίαν
2667 3597 2684 3622 ,
2725 3559 2984 3622 ἐναντίως
3018 3560 3240 3624 ἑαυτοῖς
3273 3562 3451 3616 τοῦτο
3479 3564 3743 3632 λέγουσιν·

2153 3653 2202 3705 εἰ
2248 3652 2357 3722 γὰρ
2397 3651 2496 3722 τὴν
2537 3649 2726 3704 οὐσίαν
2769 3649 2984 3722 ἐκείνην
3033 3652 3172 3704 καθ’
3201 3653 3272 3722 ἣν
3327 3653 3548 3708 ἔπαθεν
3577 3659 3608 3710 ὁ
3635 3655 3746 3717 6:75:

2156 3743 2330 3812 Λόγος
2380 3744 2500 3798 κατ’
2551 3743 2782 3806 αὐτοὺς,
2829 3743 2930 3796 οὐκ
2971 3742 3110 3796 ἰδίαν
3145 3743 3319 3797 αὑτοῦ
3349 3745 3642 3815 λέγουσιν,
3674 3747 3746 3799 ivx

2161 3835 2236 3907 μὴ
2267 3834 2510 3907 παθητὸν
2535 3835 2656 3888 κατ’
2675 3835 2870 3888 οὐσίαν
2891 3833 3134 3922 όμολογή
3145 3853 3308 3888 σωσι·
3337 3838 3405 3891 τὸ
3429 3839 3491 3891 δὲ
3520 3841 3595 3910 μὴ
3614 3839 3742 3900 ἴδιον,

2159 3925 2442 3997 ἀλλότριον
2465 3943 2482 3959 ·
2527 3927 2595 3980 *ιδ
2626 3926 2686 3979 δὲ
2715 3926 3001 3997 ἀλλότριον
3033 3925 3203 3980 ἄλλον
3234 3929 3389 3992 τινός
3424 3933 3566 4000 παρ’
3590 3935 3744 4000 ἐκεῖνο

2158 4012 2220 4070 οὗ
2277 4019 2350 4088 μή
2395 4018 2546 4070 ἐστιν
2595 4016 2724 4070 ἴδιον
2749 4057 2765 4082 ,
2817 4018 2879 4070 οὐ
2917 4017 3080 4087 μόνον
3125 4018 3224 4072 δύο
3255 4020 3457 4084 οὐσίας
3491 3998 3740 4091 λέγουσιν,

2161 4109 2298 4164 ἀλλὰ
2331 4110 2426 4162 καὶ
2470 4108 2565 4162 δύο
2607 4109 2909 4178 πρόσωπα,
2944 4107 3039 4162 τοῦ
3067 4123 3130 4162 τε
3159 4109 3304 4164 Θεοῦ
3330 4113 3518 4182 Λόγου
3548 4115 3633 4179 ἓν,
3662 4114 3743 4167 καὶ

2159 4200 2221 4254 ἓν
2268 4200 2478 4254 ἐκείνου
2528 4194 2740 4262 οὗτινός
2781 4201 2898 4254 ἐστι
2950 4199 2986 4270 ὴ
3035 4199 3202 4254 οὐσία
3237 4201 3370 4256 καθ’
3398 4205 3466 4274 ἣν
3497 4205 3742 4258 πέπονθεν

2125 4281 2134 4297 ’
2162 4294 2190 4344 ό
2214 4291 2345 4354 Θεὺς
2368 4291 2559 4359 Λόγος⁹
2595 4291 2742 4353 τίνος
2769 4276 2879 4361 γὰρ
2909 4291 2943 4363 ἦ
2975 4291 3139 4360 δῆλον
3171 4293 3260 4346 ὅτι
3287 4293 3622 4365 ἀνθρώπους
3651 4293 3740 4347 ὁδὲ

2165 4401 2248 4446 τις
2280 4383 2591 4455 ἄνθρωπος,
2629 4384 2942 4454 πρόσωπον.
2985 4383 3125 4436 Ἀλλ’
3155 4385 3293 4449 ἴδιος
3325 4389 3432 4456 μὲν
3464 4389 3568 4458 τῆς
3590 4389 3740 4458 ψυχῆς

2166 4475 2194 4527 ὁ
2220 4474 2367 4538 νοῦς.
2397 4475 2472 4534 ὡς
2493 4473 2746 4543 δύναμις·
2779 4473 2886 4526 ἴδια
2911 4473 2968 4526 δὲ
2991 4474 3060 4527 τὰ
3081 4477 3345 4545 νοήματα
3369 4479 3449 4542 ὡς
3471 4481 3732 4547 ἐνέργειαι·

2169 4565 2300 4618 ἴδιον
2328 4565 2382 4617 δὲ
2409 4565 2470 4617 τὸ
2495 4563 2654 4633 σῶμα
2687 4563 2764 4627 ὼς
2786 4563 3015 4633 ὄργανον
3039 4579 3052 4592 ·
3091 4563 3228 4628 ἴδιος
3257 4567 3319 4619 δὲ
3347 4567 3449 4620 τοῦ
3479 4567 3730 4638 ἀνθρώπου

2169 4671 2254 4718 τις
2301 4653 2414 4716 υἱὸς
2455 4653 2530 4716 ὡς
2569 4652 2629 4718 ἐξ
2661 4653 2864 4706 αὑτοῦ⁸
2899 4653 3026 4716 ἴδιος
3057 4653 3116 4706 δὲ
3153 4654 3252 4706 τοῦ
3284 4657 3460 4710 αὐτοῦ
3492 4657 3650 4726 ἀγρός
3672 4655 3731 4715 ὡς

475 4751 660 4821 prium
691 4764 912 4820 corpus,
973 4757 1234 4820 tanquam
1291 4749 1758 4814 instrumentum;
1807 4747 2051 4819 proprius

2171 4747 2356 4814 κτῆμα
2381 4762 2394 4776 ·
2460 4745 2557 4797 καὶ
2605 4743 2824 4798 πάντων
2873 4743 3090 4814 ἀληθῶς
3137 4746 3320 4800 ὄντων
3376 4748 3551 4802 αὐτοῦ
3599 4749 3731 4805 ὶδέων,

477 4852 661 4903 autem
723 4842 965 4899 hominis
1013 4851 1098 4898 est
1148 4841 1316 4908 tilius,
1373 4850 1632 4912 tanquam
1673 4856 1741 4896 ex
1772 4855 1839 4896 eo
1879 4848 2065 4905 ortus;

476 4935 740 5004 proprius
767 4936 1016 5006 ejusdem
1035 4951 1186 5007 ager,
1220 4943 1480 5004 tanquam
1535 4933 1810 5003 possessio
1847 4950 1862 4986 :
1899 4949 1966 4988 ex
2001 4931 2070 4984 iis

480 5031 664 5076 autem
693 5029 953 5083 omnibus
985 5043 1108 5096 quae
1155 5039 1286 5080 vere
1331 5025 1559 5096 prepria
1587 5026 1708 5095 ejus
1749 5032 1898 5088 sunt,
1943 5021 2066 5076 nul-

481 5115 596 5168 lum
656 5115 850 5172 eodem
904 5117 1268 5188 graduquam
1313 5115 1464 5170 aliud
1489 5115 1771 5187 proprium
1820 5115 2066 5184 ejusdem

481 5214 588 5267 est,
632 5203 850 5260 etiamsi
902 5210 1087 5262 omnia
1124 5209 1272 5263 circa
1306 5221 1480 5262 unum
1525 5204 1864 5260 dicerentur.
1909 5207 2066 5260 Patet

483 5311 614 5354 vero
637 5294 688 5349 id
715 5299 1060 5368 contingere,
1081 5300 1210 5368 quia
1236 5300 1483 5370 proprius
1501 5295 1556 5352 in
1579 5294 1871 5364 multiplici
1901 5311 2066 5351 sensu

481 5385 772 5458 accipitur.
795 5380 1070 5456 Quoniam
1111 5389 1281 5457 igitur
1310 5405 1440 5460 ager
1471 5405 1602 5444 vere
1622 5388 1882 5460 proprius
1903 5387 2069 5458 hujus

482 5489 570 5536 cst
595 5481 751 5552 juxta
775 5479 1081 5536 naturalem
1125 5494 1286 5534 suum
1325 5497 1572 5549 sensum,
1616 5481 1844 5538 relative
1882 5491 2067 5536 autem

556 5626 582 5656 ιι
622 5609 811 5676 chtr.
849 5637 922 5686 tv,
966 5619 1012 5676 l.

2171 4837 2323 4889 οὐδὲν
2353 4836 2557 4889 τούτων
2583 4836 2757 4902 ὅμως,
2792 4835 2935 4888 κατὰ
2958 4835 3050 4888 τὸν
3075 4834 3174 4888 τοῦ
3203 4837 3404 4908 ἑτέρου
3435 4839 3610 4906 λόγον,
3630 4837 3732 4890 ἴδιον

2171 4928 2266 4981 τοῦ
2297 4927 2460 4982 αὐτοῦ
2493 4929 2640 4989 ἐστι,
2681 4928 2730 4979 ei
2767 4929 2866 4981 καὶ
2897 4927 2992 4981 ἐπὶ
3021 4927 3117 4980 τοῦ
3149 4928 3272 4991 ἐνὸς
3310 4932 3497 4984 πάντα
3525 4931 3730 4998 λέγετσισ

2173 5021 2333 5090 δῆλον
2367 5021 2422 5073 δὲ
2445 5021 2526 5073 ὅτι
2555 5019 2716 5072 τοῦτο
2741 5019 3058 5089 συμϐαίνει,
3085 5018 3174 5072 διὰ
3201 5019 3267 5072 τὸ
3297 5021 3398 5074 τοῦ
3427 5022 3580 5076 ἰδίου
3603 5017 3733 5072 πολῦ-

2179 5131 2244 5183 ση
2255 5131 2374 5182 μον.
2413 5111 2564 5164 Ἐπεὶ
2592 5110 2684 5164 οὖν
2713 5111 2743 5163 ὁ
2766 5111 2938 5180 ἀγρὸς
2970 5110 3102 5172 ἴδιος
3131 5109 3290 5164 τοῦδε
3323 5115 3470 5165 κατὰ
3497 5115 3586 5164 τὸν
3605 5111 3733 5164 οἰκεῖα

2175 5222 2236 5258 ον
2265 5204 2421 5272 λόγον
2449 5203 2687 5274 ἀληθῶς,
2723 5204 2867 5257 κατὰ
2891 5203 2948 5255 δὲ
2974 5201 3066 5256 τὸν
3091 5204 3261 5256 αὑτὸν
3287 5205 3388 5256 τοῦ
3416 5204 3587 5274 ἀγροῦ
3609 5203 3730 5269 λότιν

2175 5291 2277 5368 οὐχ
2304 5281 2505 5367 ὁμοίιος
2540 5297 2649 5350 ἴδια
2674 5295 2745 5348 τὰ
2773 5295 2939 5349 λοιπὰ
2970 5294 3048 5366 τῷ
3078 5297 3231 5366 αὐτῷ
3261 5297 3410 5362 ἐστι,
3437 5302 3547 5354 πᾶν
3569 5299 3619 5352 δὲ
3638 5291 3731 5348 καθ’

2177 5389 2320 5458 ὑμᾶς
2353 5389 2414 5441 τὸ
2433 5388 2506 5460 μὴ
2538 5388 2668 5442 ἴδιόν
2697 5405 2834 5451 πως,
2870 5386 3033 5450 εὐθὺς
3057 5387 3346 5458 ἀλλότριον
3381 5392 3571 5455 ἁπλῶς
3597 5392 3728 5448 ἐττει.

2177 5481 2286 5550 ἄρα
2319 5483 2348 5534 ὁ
2376 5481 2476 5552 μὲν
2505 5481 2672 5553 ἀγρὸς
2701 5481 2834 5545 ἴδιος
2863 5479 3018 5537 τοῦδε
3038 5517 3056 5546 ,
3088 5482 3117 5534 ό
3146 5480 3205 5535 δὲ
3237 5480 3368 5547 νοῦς
3403 5484 3502 5539 καὶ
3532 5485 3588 5538 τὸ
3609 5482 3726 5549 σῶμ
