3852 6134
185 275 325 349 ἷ765
1144 271 1540 334 ADVERSUS
1578 269 2126 332 NESTORIANOS.
2150 298 2214 306 —
2235 273 2383 332 LIB.
2425 273 2558 336 VII.
3310 265 3446 334 i763

189 394 360 456 τοῦδε,
402 388 495 444 καὶ
525 390 592 443 τά
621 385 786 442 λοιπά
816 387 915 440 οὐκ
947 384 1051 438 ἴδια
1078 384 1230 437 ἔσται
1257 382 1424 436 αὐτοῦ
1445 400 1457 414 ο
1501 383 1673 436 ταῦτα
1707 381 1764 436 δὲ
1795 431 1799 439 ι

1906 385 1939 439 d
1975 400 2169 456 agrum
2208 393 2408 440 caetera
2442 399 2556 440 non
2612 384 2688 439 ita
2725 386 2946 455 propria
2993 386 3240 458 ejusdem
3280 397 3442 452 sunt;

191 483 330 538 οὕτω
353 484 592 552 φρονεῖν,
617 479 734 542 πῶς
760 478 858 532 οὐκ
889 476 955 530 ἂν
976 475 1163 546 σαφῶς
1185 478 1588 547 παραφρονεῖν;
1619 475 1765 546 Πλὴν

1903 490 2016 539 um,
2062 477 2217 546 juxta
2259 491 2380 540 vos,
2412 475 2561 546 quod
2579 490 2690 530 non
2713 482 2800 531 est
2822 475 2916 530 tali
2944 476 3108 531 modo
3137 478 3445 548 proprium,

191 576 217 627 ὃ
243 591 303 628 τε
355 571 730 644 προσκυνητδς
761 571 894 640 ἡμῖν
940 569 1074 631 Θεὸς
1105 567 1346 638 Χριστὸς
1389 565 1764 637 δοξαζόμενος,

1901 565 2058 620 tatim
2096 567 2156 620 [it
2183 567 2511 637 simpliciter
2545 568 2788 624 alienum
2825 585 2836 620 :
2865 583 2997 638 ergo
3031 568 3242 638 praelati
3264 569 3448 624 homi-

192 665 219 717 ὅ
246 681 306 716 τε
341 662 463 716 καθ’
493 663 638 733 ὑμᾶς
669 661 954 732 ἄνθρωπος
985 659 1171 722 ἅπλῶς
1199 658 1491 728 νοούμενος
1513 670 1528 686 ⁸
1587 657 1619 728 ἢ
1668 657 1766 712 καὶ

1900 660 1958 714 iis
1991 676 2122 730 ager
2159 660 2386 729 quidem
2437 675 2566 715 vere
2599 661 2858 730 proprius
2888 659 3016 723 erit,
3066 675 3222 714 mens
3260 669 3447 716 autem

194 757 242 809 εί
281 773 334 808 τι
376 755 568 826 ἕτερον
603 755 786 827 αὐτῷ,
831 755 972 824 πλὴν
1002 751 1158 814 Θεοῦ,
1196 751 1586 822 περισσότερον
1619 749 1768 818 ὅμως

1900 751 1996 820 jus
2029 759 2091 804 et
2124 765 2326 821 corpus
2353 757 2410 806 et
2445 751 2657 821 reliqua
2683 751 2787 820 ipsi
2829 766 2942 804 non
2987 759 3152 804 erunt
3189 751 3452 820 propria?

194 845 478 916 ἀνθρώπου
525 845 899 914 φιλοτιμεῖσθε
921 884 936 910 ,
997 843 1107 896 ίδοὺ
1161 842 1295 895 ἰδίαν
1331 841 1526 894 ἑαυτοῦ
1554 840 1770 905 άληθῶς

1900 847 1948 892 ιιι
1981 837 2196 907 opinari
2235 853 2418 892 nonne
2458 845 2544 893 est
2575 837 2865 893 manifeste
2893 837 3188 907 desipere?
3220 839 3453 892 Prteter-

197 939 373 1008 σάρκα
406 937 500 990 καὶ
531 937 692 1006 σῶμα
723 936 1044 1007 παρίστησι,
1078 934 1176 1004 τὴν
1203 933 1330 996 τοὺς
1355 931 1518 1001 ἥλους
1549 930 1645 984 καὶ
1672 931 1770 998 τὴν

1905 945 1934 984 a
1957 970 1970 992 ,
2025 930 2116 984 ille
2150 945 2324 1000 quem
2379 945 2482 985 nos
2533 939 2596 984 ut
2635 930 2813 984 Deum
2845 929 3186 984 adorandum
3223 943 3456 984 venera-

195 1032 392 1101 λόγχην
425 1030 762 1082 ὐποστᾱσαν·
795 1027 1001 1098 ταύτης
1030 1025 1139 1095 γὰρ
1163 1019 1304 1094 ἦσαν
1337 1023 1494 1093 μέλη.
1536 1023 1670 1093 Περὶ
1695 1015 1770 1074 ὧν

1900 1036 2018 1087 nur,
2051 1037 2216 1090 quem
2252 1037 2352 1078 vos
2375 1031 2560 1077 autem
2584 1029 2657 1092 ut,
2677 1022 2982 1092 simplicem
3026 1021 3247 1076 habe-tis
3271 1021 3454 1076 homi-

201 1136 350 1190 φησν
383 1119 654 1189 (ἔθρυξαν
687 1117 878 1188 χεῖράς
907 1134 1007 1186 μου
1039 1115 1136 1168 καὶ
1167 1115 1331 1176 πόδας
1361 1130 1515 1184 μονα»
1549 1113 1644 1164 καὶ
1670 1110 1773 1164 πά-

1900 1127 2000 1166 ιειιι
2027 1111 2154 1182 (nisi
2192 1113 2336 1168 forte
2365 1114 2572 1184 aliquid
2617 1115 2669 1169 ei
2704 1114 2874 1180 aliud,
2926 1113 2970 1168 si
3012 1129 3125 1168 non
3177 1113 3452 1176 divinum,

200 1213 278 1266 λιν
323 1211 421 1282 τὴν
458 1211 728 1281 μυστικὴν
768 1207 863 1262 τοῦ
901 1209 1002 1277 τῆς
1030 1205 1377 1278 εὐχαριστίας
1407 1205 1572 1274 ἄρτου
1604 1203 1773 1272 μετά-

1900 1219 2117 1258 Iumano
2152 1213 2335 1259 tamen
2370 1207 2628 1274 superius
2671 1206 3006 1278 largiamini)
3029 1247 3043 1270 ,
3091 1221 3161 1260 en
3195 1206 3457 1261 Christus

199 1303 390 1374 ληψιν,
431 1303 566 1366 ἰδίας
601 1301 804 1372 σαρκὸς
834 1300 1069 1355 διάδοσιν
1099 1296 1239 1351 εἶναι
1265 1297 1536 1350 δείκνυσιν
1567 1295 1736 1348 εἰπών
1756 1310 1770 1324 ·

1900 1293 2098 1362 tropria
2132 1293 2216 1347 sui
2252 1294 2423 1364 ipsius
2471 1310 2602 1351 vere
2643 1312 2764 1352 esse
2795 1297 3136 1351 demonstrat
3162 1311 3362 1364 corpus
3401 1302 3459 1350 et

207 1413 226 1446 ι
249 1395 306 1447 '0
331 1393 560 1465 τρώγων
587 1411 687 1464 μου
709 1393 808 1463 τὴν
837 1393 1038 1462 σάρκα,
1064 1390 1159 1444 καὶ
1184 1390 1354 1443 πίνων
1383 1405 1481 1460 μου
1498 1391 1560 1440 τὸ
1577 1382 1768 1456 αἵμασι

1900 1401 2100 1440 :arnem
2121 1401 2276 1442 suam
2305 1388 2478 1442 clavis
2505 1397 2559 1443 et
2584 1390 2787 1444 lanceae
2813 1389 3060 1444 sutlixam
3089 1408 3100 1442 :
3124 1389 3289 1458 hujus
3309 1387 3458 1443 enim

203 1485 427 1558 ἑτέρωθι
457 1476 536 1552 δὲ,
577 1505 596 1537 ι
627 1485 798 1538 Τοῦτό
835 1501 934 1554 μου
961 1484 1078 1536 ἐστὶ
1104 1483 1165 1535 τὸ
1192 1481 1378 1552 σῶμα⁸
1411 1499 1430 1531 ι
1487 1481 1566 1533 ἔτι
1595 1480 1650 1534 δὲ
1683 1479 1777 1532 καὶ

1900 1489 2036 1535 :rant
2065 1485 2311 1536 membra
2338 1483 2406 1538 de
2433 1483 2636 1552 quibus
2664 1484 2798 1538 dicit
2825 1500 2838 1536 :
2877 1504 2895 1533 ι
2936 1483 3214 1536 Foderunt
3263 1497 3462 1538 manus

201 1579 296 1649 τὴν
327 1576 677 1647 Ἐκκλησίαν,
707 1577 884 1646 σάρκα
908 1574 1075 1628 αὑτοῦ
1103 1573 1239 1626 ίδίαν
1262 1572 1456 1626 οἴεταιο
1491 1569 1648 1624 τοῦτο
1671 1570 1777 1642 γὰρ

1900 1588 2032 1628 neas
2058 1583 2115 1628 et
2157 1575 2327 1644 pedes
2359 1585 2577 1630 meos‘.
2622 1595 2640 1626 ι
2681 1575 2973 1630 Etiterum
2994 1576 3279 1645 mysticam
3303 1577 3462 1646 panis

201 1667 439 1722 διδάσκει
473 1666 698 1734 φάσκων
727 1667 754 1718 ὁ
779 1662 1124 1724 Ἀπόστολος·
1159 1680 1178 1712 ι
1210 1659 1399 1720 Οὐδεὶς
1426 1659 1535 1728 γὰρ
1560 1655 1777 1709 πώποτε

239 1759 251 1768 .
332 1761 345 1768 -
494 1756 520 1768 -
608 1757 620 1768 .
775 1758 787 1768 .
852 1756 864 1768 .
1387 1751 1398 1768 .
1530 1748 1739 1768 ,tnu

1900 1666 2230 1721 :ucharistici
2255 1668 2695 1721 communionem
2730 1667 2963 1736 propria:
2994 1681 3106 1720 suae
3132 1667 3316 1721 carnis
3341 1682 3463 1720 esse

202 1759 297 1830 τὴν
327 1756 522 1812 ἐαυτοῦ
560 1757 738 1827 σάρκα
772 1756 1057 1826 ἐμίσησεν,
1094 1753 1208 1806 ἀλλ’
1239 1751 1496 1820 ἐκτρέφει
1525 1749 1620 1801 καὶ
1651 1748 1778 1802 Οὰλο

1900 1757 2237 1812 Lraditionem
2269 1759 2510 1813 ostendit
2535 1759 2764 1813 dicens:
2803 1775 2820 1808 ι
2859 1756 3464 1822 Quicomeditcarnem

203 1867 294 1903 πει
324 1851 492 1920 αὐτὴν
519 1891 533 1914 ,
573 1847 753 1910 καθὼς
787 1847 882 1900 καὶ
911 1849 938 1900 ὁ
965 1845 1196 1916 Χριστὸς
1222 1844 1339 1916 τὴν
1355 1840 1717 1908 Ἐκκλησίαν·
1745 1859 1772 1892 ν

1903 1863 2062 1902 neam
2108 1859 2166 1904 et
2204 1849 2348 1904 bibit
2381 1867 2562 1905 meum
2595 1848 2917 1919 sanguinem
2943 1857 2989 1902 ι.
3029 1869 3046 1899 ι
3089 1849 3158 1902 Ει
3191 1848 3412 1903 aliunde
3442 1865 3463 1902 ι

205 1942 262 1996 ἐν
293 1941 466 2013 ἑτέρῳ
493 1941 549 1995 δέ
571 1959 583 1972 ο
627 1961 644 1992 ι
687 1940 878 2009 Ὑμεῖς
913 1943 1034 1992 ἐστε
1063 1937 1222 2006 σῶμα
1248 1933 1486 2005 Χριστοῦ
1517 1935 1610 1987 καὶ
1642 1932 1779 2003 μέλη

1900 1941 2002 1994 Hoc
2029 1950 2115 1996 est
2145 1957 2348 2012 corpus
2373 1958 2554 1996 meum
2573 1951 2624 1995 γ.
2665 1961 2682 1992 ι
2715 1943 2889 2012 Ipsam
2913 1957 3134 2012 quoque
3163 1941 3466 1995 Ecclesiam

203 2034 271 2088 ἐκ
302 2034 524 2103 μέλους
559 2053 578 2086 ι
634 2033 834 2102 σαρκὸς
875 2029 968 2084 οὖν
1019 2031 1113 2082 καὶ
1162 2027 1416 2098 σώματος
1448 2025 1612 2080 αὐτοῦ
1649 2025 1778 2078 ίδίου

201 2125 305 2194 τῆς
341 2124 668 2195 Ἐκκλησίας
696 2123 1098 2194 τυγχανούσης,
1135 2116 1246 2190 ἆρα
1277 2119 1342 2170 τὸ
1373 2119 1474 2171 οὐκ
1498 2115 1556 2170 ὃν
1587 2117 1621 2184 ὴ
1657 2116 1782 2168 Ἐκ-

1884 2017 2101 2099 ιποέιιο
2134 2033 2546 2102 propriacarne
2575 2033 2775 2099 habet;
2815 2033 2918 2086 hoc
2951 2031 3098 2086 enim
3141 2030 3303 2085 docet
3325 2027 3470 2098 Apo-

1885 2122 2062 2176 stolus
2091 2122 2280 2177 dicens
2317 2141 2330 2176 :
2377 2141 2394 2174 ι
2443 2124 2616 2178 Nemo
2649 2125 2795 2178 enim
2844 2139 3001 2177 suam
3039 2136 3260 2176 carnem
3312 2121 3465 2188 odit,

207 2213 406 2284 κλησία
440 2213 606 2268 αὐτοῦ
635 2255 650 2276 ,
702 2215 804 2268 οὐκ
841 2213 972 2266 ἴδιον
1002 2213 1167 2265 αὑτοῦ
1201 2208 1322 2263 καθ’
1353 2209 1502 2276 ὑμᾶς
1530 2202 1786 2276 λογισθήὲ

1900 2211 1983 2268 sed
2007 2215 2186 2268 nutrit
2215 2226 2272 2268 et
2297 2215 2447 2270 fovet
2483 2231 2612 2269 eam
2635 2255 2649 2279 ,
2691 2215 2838 2270 sicut
2885 2224 2941 2268 et
2977 2213 3230 2268 Christus
3273 2211 3471 2268 Eccle-

210 2324 394 2372 σεται;
423 2307 533 2360 Καὶ
556 2307 676 2360 ἐπεὶ
705 2306 778 2378 μὴ
810 2305 950 2358 κατὰ
971 2303 1173 2372 ταύτην
1195 2305 1292 2372 τὴν
1317 2301 1494 2370 σάρκα
1515 2294 1792 2367 ἐσταυρώ-

211 2395 298 2466 θη,
339 2397 453 2449 ἀλλ’
489 2397 627 2466 ὑπὲρ
653 2397 880 2467 ταύτης,
915 2395 1232 2463 ἀναγκαίως
1260 2392 1414 2445 ἔσται
1444 2392 1501 2442 ἐν
1531 2388 1790 2459 ἁὶλοτρίᾳ

213 2489 376 2558 σαρκὶ
409 2488 724 2554 πεπονθὼς;
760 2489 807 2541 εί
837 2489 948 2558 γὰρ
975 2487 1034 2539 τὸ
1063 2486 1164 2538 οὐκ
1191 2485 1322 2536 ἴδιόν
1349 2499 1488 2545 πως,
1511 2479 1790 2548 ἀλλότριον

211 2579 371 2640 εΰθὺς
404 2577 524 2630 καθ’
561 2579 703 2646 ὑμᾶς
723 2593 736 2608 ⁸
776 2580 808 2648 ἠ
839 2578 894 2630 δέ
925 2575 1244 2643 Ἐκκλησία,
1283 2573 1415 2624 ἰδία·
1445 2571 1510 2622 τὸ
1544 2569 1617 2640 μὴ
1649 2568 1792 2622 κατὰ

211 2667 308 2738 τὴν
341 2667 670 2738 Ἐκκλησίαν
706 2668 835 2722 ἴδιον
866 2667 1035 2736 αὐτῷ,
1069 2666 1287 2728 πάντως
1316 2662 1596 2732 ἀλλότριον
1623 2659 1790 2713 αὐτοῦ

213 2757 386 2813 ἔσται’
415 2757 680 2820 ὡσαύτως
707 2759 800 2811 καὶ
827 2760 876 2810 εἱ
901 2757 1000 2826 τὴν
1025 2755 1206 2826 σάρκα
1232 2755 1439 2807 εἴποιτε
1467 2753 1604 2805 ἰδίαν
1626 2751 1790 2804 αὐτοῦ

216 2851 418 2920 κυρίως
452 2847 590 2903 εἶναι
627 2849 725 2921 τὴν
762 2847 1204 2918 καθηλωθεῖσαν,
1242 2848 1274 2915 ἡ
1311 2844 1608 2914 Ἐκκλησία
1640 2841 1792 2895 ἔσται

213 2939 315 2992 οὐκ
345 2938 448 2992 ἰδία
475 2938 662 3002 αὐτοῦ,
701 2939 826 2990 ἐπεὶ
861 2937 936 3006 μὴ
958 2933 1288 3004 -καθηλώθηο
1323 2933 1383 2986 τὸ
1409 2932 1516 3002 γάρ
1542 2932 1641 2984 οὐκ
1664 2931 1793 2984 ἴδιόν

1883 2303 2025 2358 siam
2043 2314 2090 2358 π.
2129 2323 2146 2356 ι
2197 2305 2266 2359 Et
2299 2295 2432 2360 alibi
2465 2324 2478 2360 :
2529 2325 2547 2358 ι
2581 2307 2690 2363 Vos
2735 2305 2872 2360 estis
2906 2319 3106 2374 corpus
3137 2288 3364 2368 Christi,
3397 2311 3472 2359 ‘et

1889 2395 2136 2450 membra
2158 2411 2223 2450 ex
2247 2397 2496 2450 membro
2517 2409 2565 2450 ει..
2598 2417 2616 2447 ι
2649 2396 2788 2452 Cum
2813 2406 2995 2451 autem
3032 2411 3160 2450 caro
3179 2404 3238 2450 et
3269 2411 3473 2466 corpus

1891 2486 2097 2541 Christi
2132 2481 2417 2556 proprium
2449 2488 2520 2542 sit
2553 2488 2828 2553 Ecclesia,
2874 2504 3005 2558 ergo
3046 2487 3311 2558 quidquid
3360 2503 3471 2542 non

1892 2585 1978 2631 est
2027 2578 2274 2633 Ecclesia
2329 2581 2470 2647 eius,
2500 2589 2561 2634 ut
2590 2596 2698 2634 non
2735 2579 3019 2649 proprium
3041 2580 3162 2648 ejus
3192 2579 3345 2649 juxta
3375 2593 3474 2633 vos

1894 2667 2232 2722 habebitur?
2269 2669 2342 2723 Et
2383 2671 2513 2738 quia
2558 2685 2668 2723 non
2717 2669 2772 2722 in
2819 2669 2923 2722 hac
2967 2683 3131 2721 carne
3179 2665 3478 2721 crucifixus

1893 2765 1998 2819 est,
2035 2757 2129 2812 sed
2156 2771 2258 2826 pro
2295 2773 2390 2821 ea,
2423 2774 2554 2828 ergo
2585 2756 2897 2812 necessario
2930 2764 3202 2826 sequetur
3234 2756 3386 2810 illum
3420 2757 3477 2809 in

1893 2847 2074 2901 aliena
2113 2863 2278 2902 carne
2312 2864 2532 2917 passum
2563 2849 2726 2904 esse?
2775 2847 2831 2903 Si
2877 2847 3024 2902 enim
3055 2846 3204 2916 quod
3247 2863 3356 2900 non
3393 2855 3479 2900 est

1897 2939 1991 2994 tali
2053 2939 2217 2994 modo
2259 2940 2564 3010 proprium,
2619 2940 2802 2996 statim
2860 2939 2922 2994 fit
2969 2939 3294 3010 simpliciter
3343 2939 3480 2992 alie-

217 3049 334 3094 πως
379 3031 674 3099 λεγόμενον
695 3071 710 3095 ,
757 3029 918 3092 εὐθὺς
953 3030 1082 3097 ὑμῖν
1113 3027 1291 3090 ἔδοξεν
1321 3021 1460 3077 εἶναι
1507 3022 1603 3076 καὶ
1635 3022 1791 3076 ἁλλόη

1900 3042 2054 3092 num,
2088 3036 2150 3081 ut
2176 3043 2274 3082 vos
2301 3029 2670 3096 contenditis;
2711 3029 2956 3084 Ecclesia
2992 3042 3129 3084 vero
3156 3038 3240 3083 est
3271 3027 3478 3084 Christi

215 3138 388 3192 τριον.
429 3117 647 3182 Ἀλλ’,ὦ
679 3116 825 3175 οὗτοι
846 3160 860 3184 ,
913 3120 1013 3172 οὐκ
1055 3120 1163 3172 ἰδία
1195 3118 1294 3189 μέν
1322 3122 1423 3190 τῆς
1451 3117 1672 3186 φύσεως
1699 3115 1795 3170 τοῦ

217 3213 393 3281 Λόγου
425 3215 459 3282 ἡ
496 3211 672 3282 σὰρξ,
729 3213 826 3280 τῆς
867 3212 923 3266 δὲ
973 3213 1328 3274 ὑποστάσεως
1359 3209 1526 3264 αὑτοῦ
1573 3209 1800 3278 γέγονεν

218 3303 308 3357 ἐπ’
354 3303 598 3372 ἐσχάτων
644 3301 862 3372 άληθῶς
903 3301 1012 3354 τῶν
1047 3302 1256 3372 χρόνων
1291 3300 1396 3354 ίδία
1421 3313 1437 3331 θ
1476 3300 1712 3370 λέγομεν
1743 3300 1800 3354 δέ

219 3393 317 3445 καὶ
365 3389 653 3459 ἀνθρώπου
706 3387 848 3442 εἶναι
903 3387 964 3442 τὸ
1008 3391 1202 3463 ,σχῆμα
1229 3387 1292 3442 τὸ
1321 3387 1505 3460 δρθιον
1527 3429 1541 3454 ,
1579 3389 1710 3442 ἴδιον
1741 3388 1802 3443 ὃν

219 3482 322 3550 τῆς
354 3481 570 3551 φύσεως
595 3483 695 3551 τῆς
719 3481 924 3551 ψυχῆς.
957 3483 1024 3551 τῇ
1052 3480 1110 3531 δὲ
1141 3481 1199 3533 ἐν
1227 3479 1441 3550 σώματι
1468 3480 1636 3550 αὐτῆς
1657 3481 1801 3534 ὑπο-

224 3575 414 3628 στάσει
448 3573 716 3642 ἐνθεωρού
727 3589 906 3644 μενον.
928 3573 1120 3635 Ὅπως
1148 3570 1239 3624 οὖν
1267 3571 1426 3624 τοῦτο
1451 3573 1580 3642 περὶ
1600 3572 1804 3642 ταύτης

223 3665 441 3731 λέγεται
495 3667 544 3716 εί
593 3665 852 3732 ἐνοήσατε
875 3703 889 3729 ,
943 3663 1044 3715 οὐκ
1091 3660 1156 3714 ἂν
1191 3663 1322 3731 ἡμῖν
1353 3663 1480 3724 τοὺς
1509 3663 1618 3716 ὑπὸ
1646 3665 1805 3728 σκιᾶς

222 3759 320 3810 καὶ
365 3755 590 3828 ὀνείρων
635 3755 1032 3825 συλλογισμοὺς
1059 3751 1394 3819 άνέπλέξατε
1415 3769 1428 3784 ·
1467 3755 1602 3808 ἀλλὰ
1635 3754 1806 3808 ταῦτα

227 3847 326 3918 μὲν
356 3849 484 3917 περὶ
508 3847 734 3900 τούτων.
753 3847 841 3898 Ἐν
869 3846 926 3899 δέ
953 3845 1031 3914 τῷ
1057 3845 1200 3898 τέλει
1225 3843 1318 3898 τοῦ
1377 3845 1804 3915 ἐπιχειρήματος

223 3940 381 4007 ὑμῶν
407 3979 420 4004 ,
469 3939 530 3992 τὸ
571 3938 668 3992 τοῦ
705 3937 983 4008 ληθάργου
1018 3935 1190 3998 πάθος
1217 3935 1522 4005 ὑποστῆναι
1550 3936 1805 4003 δόξαντες

221 4030 308 4084 δι’
345 4031 675 4100 ἀπροσεξίαν
697 4068 716 4099 ,
771 4029 912 4098 πρὸς
953 4027 1168 4096 γέλωτα
1201 4027 1268 4080 ἂν
1298 4028 1447 4098 ἡμᾶς
1482 4027 1544 4079 οὐ
1581 4027 1805 4098 μέτριον

227 4123 654 4192 συνεκινήσατε,
709 4122 758 4174 ei
811 4119 886 4190 μὴ
937 4119 1016 4190 τῷ
1063 4118 1280 4188 φρικτῷ
1318 4117 1428 4172 τῶν
1459 4117 1807 4188 ζητουμένων

224 4212 810 4284 προκατεστελλόμεθα
853 4211 990 4281 πρὸς
1023 4211 1338 4266 εὐλάϐειαν.
1380 4211 1444 4264 Ei
1475 4209 1584 4282 γὰρ
1615 4209 1712 4262 καὶ
1739 4209 1806 4263 τά

229 4305 467 4376 μάλιστα
505 4303 724 4374 ψευδῶς
775 4301 992 4356 ἅπαντα
1044 4303 1175 4365 ὑμῖν
1220 4300 1464 4374 εἴρηται,
1503 4301 1624 4355 ἀλλ’
1659 4303 1809 4370 ὅμως

1891 3117 2144 3186 propria,
2171 3116 2319 3187 quod
2361 3116 2530 3187 igitur
2561 3133 2672 3172 non
2693 3127 2779 3172 est
2811 3117 3006 3172 eodem
3028 3117 3192 3171 modo
3217 3116 3484 3172 acEccle—

1900 3207 1982 3262 sia
2009 3247 2024 3273 ,
2084 3208 2376 3278 proprium
2438 3208 2636 3278 ipsius,
2673 3208 2750 3263 illi
2809 3217 2893 3262 est
2935 3208 3165 3264 omnino
3211 3209 3478 3263 alienum.

1899 3299 2058 3364 Item,
2088 3299 2132 3352 si
2158 3298 2357 3354 dixerit
2380 3315 2609 3354 carnem
2632 3299 2834 3355 Christi
2859 3300 3134 3369 propriam
3167 3299 3316 3354 illam
3358 3314 3482 3356 esse

1903 3405 2026 3460 quae
2053 3390 2224 3446 clavis
2246 3391 2502 3446 transﬁxa
2536 3401 2640 3458 est,
2670 3393 2784 3462 jam
2831 3391 3077 3445 Ecclesia
3106 3382 3219 3446 non
3260 3390 3369 3445 erit
3402 3391 3483 3461 ip-

1903 3479 2021 3536 sius
2041 3481 2288 3550 pr0pria,
2312 3481 2518 3552 quippe
2538 3495 2666 3550 qua:
2707 3481 2880 3534 clavis
2914 3495 3024 3534 non
3051 3488 3137 3533 est
3159 3479 3438 3549 perforata
3465 3495 3480 3532 :
3529 3463 3542 3474 ’

1901 3571 2173 3642 quidquid
2221 3571 2370 3626 enim
2420 3587 2532 3626 non
2587 3572 2680 3626 tali
2713 3571 2876 3626 modo
2921 3571 3206 3642 proprium
3255 3570 3482 3636 dicitur,

1897 3664 2010 3735 jam
2041 3671 2103 3716 ut
2131 3663 2370 3718 alienum
2397 3663 2850 3727 ducitis.Verum,
2876 3662 3015 3716 heus
3035 3677 3131 3716 vos
3147 3663 3166 3715 ’ί
3196 3676 3303 3715 non
3347 3677 3482 3732 pro-

1903 3757 2022 3825 pria
2041 3755 2266 3826 quidem
2301 3763 2512 3810 naturae
2539 3755 2706 3811 Verbi
2753 3763 2840 3810 est
2869 3769 3019 3818 caro,
3065 3769 3315 3823 personae
3353 3769 3485 3808 vero
3503 3788 3518 3833 '-

1901 3847 2026 3917 ejus
2065 3847 2118 3900 in
2171 3848 2493 3902 novissimis
2525 3847 2870 3916 temporibus
2916 3861 3048 3901 vere
3077 3845 3297 3915 propria
3337 3843 3484 3900 facta

1903 3945 2010 3994 est.
2061 3939 2154 3994 Sic
2199 3939 2436 3995 dicimus
2486 3940 2728 3994 hominis
2755 3955 2888 3995 esse
2939 3938 3186 3992 habitum
3237 3947 3481 4001 sectum,

1903 4027 1998 4098 qui
2028 4045 2140 4084 non
2173 4039 2259 4086 est
2302 4032 2560 4102 proprius
2591 4039 2805 4086 natura:
2851 4029 3066 4093 animae,
3102 4017 3198 4084 sed
3232 4044 3485 4100 persona:

1902 4129 2158 4190 respectu
2237 4124 2487 4192 corporis
2553 4131 2812 4192 spectatae
2872 4122 3278 4194 appropriatur.
3335 4121 3484 4188 Quo-

1901 4209 2072 4264 modo
2118 4209 2254 4266 illud
2295 4211 2442 4277 circa
2496 4212 2638 4266 hanc
2683 4213 2901 4266 dicatur
2941 4212 2988 4266 si
3047 4211 3482 4276 intellexissetis,

1907 4315 2020 4355 non
2089 4301 2224 4356 istos
2253 4301 2549 4360 nehulosos
2574 4319 3015 4374 somnurnosque
3074 4303 3486 4373 implicuissetis

224 4395 420 4448 ταυτὸν
457 4395 556 4463 μὲν
592 4395 844 4461 συνάγειν
875 4393 1021 4462 ὑμᾶς
1053 4391 1416 4464 βουλομένους
1444 4393 1662 4466 ὁρῶμεν
1688 4392 1799 4459 νῦν¹

1907 4392 2274 4464 syllogismos.
2321 4393 2447 4450 Hazc
2483 4393 2706 4464 quidem
2749 4395 2896 4450 circa
2925 4395 3048 4449 ista.
3080 4395 3140 4449 ln
3165 4395 3270 4450 line
3301 4402 3485 4450 autem
3527 4419 3533 4427 -

225 4485 304 4549 ὡς
335 4484 431 4538 δύο
458 4502 518 4538 τε
561 4486 748 4548 οὐσίας
799 4485 893 4538 καὶ
939 4484 1034 4538 δύο
1062 4484 1334 4554 πρόσωπα
1369 4484 1536 4555 ἦγουν
1563 4483 1802 4538 ὑποστά-

229 4591 349 4640 σεις
396 4575 630 4644 λέγομεν
681 4575 774 4628 ἐπὶ
817 4573 912 4628 τοῦ
951 4575 1126 4643 Λόγου
1170 4575 1264 4628 καὶ
1299 4575 1400 4644 τῆς
1437 4575 1672 4642 σαρκός·
1711 4576 1804 4628 καὶ

225 4665 386 4721 τοῦτο
418 4667 493 4729 ὡς
521 4667 723 4721 ἄτοπόν
751 4684 803 4720 τι
835 4667 1208 4738 συμπέρασμα
1243 4667 1337 4720 καὶ
1361 4664 1618 4735 ἀθέμιτον
1645 4666 1804 4730 δόξαν

226 4757 640 4829 διανοουμένους
673 4760 818 4828 ἡμᾶς
847 4759 1093 4828 ἐλέγχειν
1125 4756 1477 4822 σπουδάζετε,
1511 4757 1650 4828 ὅπερ
1675 4756 1804 4827 χθὲς

226 4850 326 4903 καὶ
353 4849 566 4922 τρίτην,
601 4850 687 4918 εἴη
715 4849 773 4902 δὲ
807 4849 882 4920 μὴ
908 4851 994 4912 είς
1022 4847 1235 4923 αὔριον,
1271 4849 1370 4919 τῆς
1405 4849 1672 4919 ὑμετέρας
1704 4850 1802 4916 μό-

228 4959 328 5013 νης
347 4944 464 4996 ἐστὶ
483 4942 782 5014 θρησκείας
804 4942 863 4994 τὸ
883 4941 1440 5009 κεφαλαιωδέστατοψ
1474 4939 1570 4996 καὶ
1595 4941 1810 4998 πάντων

231 5035 436 5105 μᾶλλον
474 5035 534 5088 τὸ
566 5035 664 5101 τῆς
689 5033 902 5086 τοιᾶσδε
929 5033 1088 5102 δᾶξης
1119 5032 1320 5084 ἄτοπον
1339 5071 1353 5095 ,
1397 5033 1665 5102 ὑμέτερόν
1693 5016 1810 5086 ἐστι

225 5125 658 5194 γνωριστήριον·
702 5126 832 5194 ἡμῖν
866 5123 1036 5187 ὅντως
1073 5125 1165 5177 καὶ
1199 5123 1321 5176 λίαν
1347 5123 1589 5193 ἀπεχθές
1620 5140 1678 5176 τε
1717 5125 1806 5178 καὶ

227 5217 490 5286 πολέμιον
516 5233 530 5246 ·
571 5215 659 5270 διά
692 5232 774 5268 τοι
810 5213 921 5284 γάρ
952 5215 1112 5268 τοῦτο
1141 5214 1276 5268 αὐτὸ
1309 5215 1403 5267 καί
1433 5213 1676 5268 τοσαῦτα
1711 5216 1806 5268 σὺν

221 5308 348 5378 Θεῷ
379 5310 508 5378 ὑμῖν
537 5306 1040 5376 άνταγωνιζόμεθα.

1909 4484 2082 4542 vestri
2107 4485 2555 4554 epicherematis,
2585 4487 2852 4558 lethargia
2885 4486 2956 4541 ob
2982 4487 3238 4542 inertiam
3267 4495 3488 4557 torpere

1909 4576 2035 4640 visi,
2069 4577 2242 4631 risum
2279 4577 2440 4633 nobis
2477 4578 2831 4634 immodicum
2871 4579 3220 4643 elicuissetis,
3253 4579 3297 4632 si
3329 4595 3485 4634 reve-

1911 4668 2087 4724 rentia
2137 4684 2324 4723 rerum
2369 4669 2436 4724 dc
2473 4670 2677 4740 quibus
2705 4670 2884 4740 agitur
2923 4685 3025 4725 nos
3062 4670 3129 4724 ad
3179 4653 3484 4738 religiosam

1910 4775 2021 4816 non
2074 4770 2385 4814 revocasset
2431 4762 2888 4816 moderationem.
2941 4763 3190 4822 Etenim,
3237 4760 3486 4829 quamvis

1911 4851 2135 4906 nonnisi
2167 4851 2452 4906 mendacia
2478 4853 2802 4922 plerumque
2829 4853 3100 4916 dixeritis,
3127 4851 3488 4906 nihilominus

1912 4958 2011 4998 vos
2063 4959 2212 4998 nunc
2259 4943 2510 4998 videmus
2555 4943 2610 4998 id
2655 4945 2860 5000 inferre
2903 4945 3176 5008 volentes,
3231 4943 3492 4999 videlicet

1910 5049 2034 5101 nos,
2068 5034 2214 5089 sicut
2243 5033 2382 5090 duas
2403 5042 2649 5101 naturas,
2689 5035 2762 5090 ita
2786 5035 2897 5090 duo
2919 5035 3202 5106 supposita
3235 5053 3328 5092 seu
3355 5037 3492 5093 duas

1909 5142 2176 5196 personas
2230 5117 2525 5184 admittere
2565 5129 2712 5184 circa
2757 5128 2998 5184 Verbum
3043 5137 3100 5184 et
3141 5145 3394 5198 carnem;
3437 5139 3493 5185 et

1911 5217 2017 5271 hoc
2069 5219 2566 5294 quasiabsurdam
2614 5221 3021 5276 conclusionem
3077 5231 3132 5276 et
3179 5223 3490 5278 hmreticam

1909 5309 2230 5380 opinionem
2273 5312 2329 5364 in
2365 5327 2468 5366 nos
2499 5312 2794 5368 refundere
2831 5314 3127 5379 conamini,
3165 5314 3311 5384 quod
3347 5311 3490 5376 heri,

223 5413 285 5459 ει
331 5404 533 5458 nudius
583 5403 782 5456 tertius
831 5403 931 5474 (ac
973 5401 1183 5456 utinam
1224 5414 1327 5454 nec
1370 5414 1546 5470 usque
1595 5415 1720 5455 cras
1753 5401 1804 5470 ί)
1846 5405 2205 5460 summarium
2239 5415 2324 5460 est
2359 5407 2526 5462 totius
2562 5417 2758 5464 vestrm
2821 5411 3102 5482 religionis
3165 5406 3484 5462 fundamen-

223 5503 345 5550 tum
376 5511 390 5549 :
443 5495 556 5550 imo
606 5492 843 5555 absurda
888 5495 988 5549 ista
1045 5494 1299 5550 doctrina
1323 5503 1408 5550 est
1453 5495 1762 5564 praecipuus
1799 5495 2086 5554 character
2149 5517 2260 5570 quo
2291 5518 2389 5558 vos
2423 5503 2844 5575 dignoscimini;
2881 5507 3044 5560 nobis
3081 5519 3210 5558 vero
3245 5511 3331 5559 est
3365 5520 3492 5562 verr

293 5677 323 5716 ν
355 5670 496 5731 Psal.
537 5691 646 5741 xm,
677 5675 762 5730 l7.
841 5684 868 5714 ι
899 5677 1059 5734 Joan.
1083 5691 1159 5746 vl,
1363 5687 1392 5727 γ
1417 5676 1609 5732 Matth.
1634 5691 1784 5746 τινι,

1900 5724 1901 5728 η
1981 5713 2004 5741 ι
2030 5680 2236 5754 Ephes.
2269 5682 2436 5752 v,‘29.
2508 5699 2526 5722 ·
2558 5683 2728 5741 lCor.
2757 5701 2848 5752 xu,
2881 5683 2970 5738 ετ.
