3852 6134
406 267 542 334 1767

1671 251 1990 324 'LEONTII
2029 261 2436 322 BYZANTINI

3514 273 3653 342 i788

398 400 458 472 et
496 405 723 464 prorsus
765 389 951 444 odiosa
993 395 1050 442 et
1095 385 1371 443 contraria
1424 404 1439 442 :
1475 386 1679 458 quippe
1719 386 1864 441 circa
1924 385 2041 441 hoc
2079 385 2258 456 ipsum
2319 393 2430 439 tam
2475 381 2679 438 acriter
2726 382 3020 440 adversum
3063 400 3168 442 vos
3223 402 3349 443 cum
3397 389 3524 446 ‘Deo
3545 407 3657 462 ριι.

400 498 650 556 gnamus.

1029 569 1192 626 'C’AP.
1241 570 1329 626 IV.

471 663 545 718 Si.
575 661 722 732 quod
755 661 958 716 dicitur
985 678 1121 715 unus
1148 662 1211 714 de
1254 660 1351 718 SS.
1397 662 1675 726 Trinitate,
1715 669 1978 717 estcom-

402 768 571 808 mune
622 752 930 808 divinitatis
969 761 1026 806 et
1071 753 1430 808 humanitatis
1466 753 1704 816 Christi,
1745 754 1833 808 vel
1875 753 1978 808 sub

403 838 600 894 eodem
653 849 907 909 respectu
961 848 1046 894 est
1110 857 1399 896 commune
1438 843 1599 896 Patri
1643 853 1702 896 et
1747 841 1976 912 Spiritui

403 941 616 993 sancto,
647 931 738 984 vei
759 931 862 986 sub
884 947 996 986 uno
1027 939 1084 986 et
1109 933 1286 986 altero
1323 941 1598 1002 repectu,
1620 947 1733 1004 .pro
1761 933 1980 989 duobus

404 1021 608 1089 quibus
625 1029 846 1076 constat
879 1037 1052 1076 unum
1075 1023 1336 1078 Verbum.
1355 1025 1555 1088 .Porro,
1582 1024 1628 1079 si
1658 1024 1762 1079 sub
1781 1024 1977 1079 eodem

405 1123 660 1184 respectu
691 1123 776 1169 est
812 1129 1124 1178 commune,
1153 1130 1284 1184 ergo
1319 1115 1498 1186 primo
1531 1123 1658 1171 caro
1687 1123 1772 1170 est
1797 1115 1978 1171 Verbo

404 1204 935 1264 consubstantialis?
961 1205 1104 1276 Ergo
1137 1205 1382 1260 secundo
1415 1205 1470 1260 in
1499 1205 1702 1260 divinis
1729 1212 1816 1260 est
1839 1221 1977 1276 qua-

407 1295 607 1360 ternio,
641 1311 751 1350 non
785 1295 1070 1350 Trinitas?
1095 1296 1152 1350 Si
1177 1303 1362 1349 autem
1393 1311 1506 1350 uno
1537 1295 1702 1351 modo
1734 1295 1978 1350 Verbum

405 1394 462 1441 et
506 1387 681 1442 altero
731 1387 896 1441 modo
939 1403 1068 1442 caro
1117 1388 1490 1443 communicat
1535 1402 1661 1442 cum
1703 1387 1872 1442 Patre
1923 1395 1980 1441 et

396 1477 614 1547 .Spiritu
635 1489 826 1534 sancto
840 1520 854 1543 ,
874 1479 1150 1548 quomodo
1168 1481 1299 1534 hinc
1321 1495 1432 1534 non
1463 1479 1679 1534 infertis
1703 1478 1844 1534 duas
1859 1457 1978 1534 esse

405 1578 634 1624 naturas
665 1569 720 1623 in
755 1571 1100 1624 sanctissima
1123 1570 1434 1626 Trinitate?
1463 1569 1620 1638 Quod
1660 1569 1706 1624 si
1741 1569 1978 1626 dicendo

395 1676 542 1713 unus
566 1661 631 1713 de
657 1659 912 1714 Trinitate
943 1660 1251 1730 iutelligitis
1282 1661 1490 1731 aliquid
1519 1676 1690 1715 unum
1712 1675 1780 1715 ex
1805 1661 1978 1730 parti-

407 1753 512 1807 bus
535 1752 869 1816 coalescens,
895 1753 1139 1809 Verbum
1163 1753 1412 1809 divinum
1439 1753 1493 1806 in
1518 1751 1700 1822 seipso
1726 1752 1980 1806 conside-

406 1852 609 1907 ratum,
627 1844 735 1898 erit
757 1843 1046 1898 dimidium
1071 1846 1227 1899 unius
1247 1845 1311 1900 de
1327 1843 1675 1900 Sanctissima
1693 1843 1979 1908 Trinitatc;

2688 565 2941 620 ΚΕΦΛΛ.
2969 569 3051 622 Δ’.

2148 657 2212 710 Εἰ
2241 655 2304 709 το
2329 651 2414 722 εἷς
2443 654 2556 724 τῆς
2594 655 2834 723 Τριάὃος
2859 657 3173 728 λεγόμενον,
3205 659 3386 714 κοινὸν
3414 661 3520 730 τῆς
3538 662 3669 716 θεό-

2073 765 2238 820 τητος
2259 747 2354 800 καὶ
2383 748 2478 816 τῆς
2520 747 2936 820 ἀνθρωπότητος
2965 748 3206 820 Χριστοῦ
3247 753 3417 815 ἐστιν,
3449 752 3486 824 ἢ
3515 755 3670 808 κατά

2075 839 2168 894 σὺν
2203 838 2368 892 αὑτὸν
2395 839 2558 906 λόγον
2601 839 2718 892 ἐστὶ
2747 840 2925 893 κοινὸν
2946 839 3024 910 τῷ
3054 842 3228 912 Harp!
3257 845 3352 896 καὶ
3371 842 3454 913 τῷ
3485 843 3668 898 Ilvati-

2081 927 2288 998 ματι,ἢ
2321 926 2443 980 καθ’
2458 925 2648 996 ἕτερον
2678 929 2770 980 καὶ
2791 927 2978 998 ἕτερον
3007 946 3122 992 πως
3152 929 3210 994 ἑξ
3229 931 3434 999 ἀμφοῖν
3454 935 3668 986 dme-

2077 1017 2339 1087 λουμένου
2373 1017 2552 1086 Λόγου
2591 1017 2708 1080 ἑνός
2731 1031 2747 1046 ·
2777 1017 2894 1072 ἀλλ’
2915 1019 2964 1071 εί
2993 1019 3092 1088 μὲν
3129 1021 3272 1073 κατὰ
3295 1021 3388 1075 τὸν
3415 1023 3589 1076 αὑτὸν
3628 1027 3666 1095 ἡ

2067 1109 2350 1172 -κοινωνία,
2383 1109 2598 1178 πρῶτον
2622 1108 2718 1178 μὲν
2745 1109 2864 1173 πῶς
2897 1111 2994 1180 οὑχ
3055 1111 3392 1183 ὀμοοὺσιοςή
3415 1114 3568 1184 σὰρξ
3585 1115 3664 1184 τῷ

2075 1201 2271 1269 Λόγῳ;
2303 1195 2423 1252 εἶτα
2453 1199 2629 1254 δὲκαὶ
2655 1203 2855 1272 τετρὰς
2895 1204 2958 1255 οὑ
2989 1203 3158 1273 Τριάς
3187 1204 3250 1257 τὸ
3291 1205 3483 1270 Θείονς
3522 1209 3575 1260 εί
3601 1209 3664 1262 δὲ

2076 1289 2201 1342 καθ’
2231 1289 2419 1360 ἕτερον
2447 1291 2694 1342 κοινωνεῖ
2719 1289 2748 1341 ὁ
2767 1291 2938 1356 Λόγος
2961 1291 3056 1343 καὶ
3079 1291 3200 1344 καθ’
3227 1291 3420 1362 ἕτερον
3454 1295 3488 1362 ή
3520 1293 3660 1362 σὰρξ

2077 1381 2155 1451 τῷ
2185 1383 2361 1451 Πατρὶ
2397 1383 2494 1435 καὶ
2522 1381 2822 1451 Πνεὺματι,
2847 1383 2963 1446 πῶς
2987 1383 3048 1437 οὑ
3095 1382 3188 1436 δύο
3207 1384 3306 1446 τὰς
3333 1385 3528 1456 (ξύσείς
3560 1387 3659 1454 τῆς

2079 1475 2242 1540 ἁγίας
2253 1473 2481 1544 Τριάδος
2512 1475 2759 1542 είσάγετε
2781 1491 2795 1539 ;
2819 1477 2866 1526 εί
2889 1473 2944 1528 δὲ
2960 1474 3035 1538 ὡς
3051 1475 3170 1528 ὃλον
3185 1477 3249 1530 ὲκ
3277 1477 3466 1546 μερῶν
3492 1477 3555 1530 τὸ
3571 1472 3657 1542 εἷς

2079 1563 2190 1633 τῆς
2215 1565 2460 1632 Τριὰδος
2479 1564 2690 1632 λέγετε,
2709 1567 2737 1618 ὁ
2758 1565 2886 1632 Θεὸς
2905 1566 3077 1638 Λόγος
3087 1567 3223 1622 καθ’
3243 1569 3463 1633 ἑαυτὸν,
3482 1569 3657 1639 ἥμισυ

2079 1655 2218 1720 ἐνὸς
2247 1653 2358 1722 τῆς
2377 1655 2552 1726 ἁγίας
2583 1656 2825 1724 Τρωάδος
2849 1657 3002 1711 ἔσται
3025 1675 3038 1686 ·
3063 1660 3111 1711 εί
3135 1659 3190 1712 δὲ
3216 1660 3326 1728 ἄρα
3353 1661 3448 1712 καὶ
3465 1660 3660 1730 ὀμ.οοῦ-

2083 1763 2196 1800 σιον
2223 1745 2304 1801 δεῖ
2333 1745 2514 1820 λέγειν
2544 1750 2609 1800 ὲκ
2643 1747 2755 1810 δύο,
2793 1749 2889 1802 καὶ
2915 1750 3006 1802 τὸν
3028 1751 3249 1820 Πατέρα.
3287 1753 3382 1804 καὶ
3397 1751 3462 1804 τὸ
3489 1751 3666 1805 Ilvati-

2086 1855 2161 1908 μα
2191 1837 2462 1906 λέγοντες,
2481 1837 2540 1909 ἓξ
2566 1840 2808 1909 μονάδων
2831 1836 2971 1894 εἶναι
2991 1843 3088 1912 τῆς
3118 1843 3279 1911 ἁγίας
3302 1843 3538 1914 Τριάδος
3566 1844 3664 1897 τὸν

393 1949 470 1988 .ac
491 1933 538 1987 si
564 1934 704 1988 forte
725 1934 1018 1988 dicendum
1043 1936 1117 1990 sit
1144 1934 1615 1990 consubstantiale
1644 1949 1712 1989 ex
1738 1933 1977 2000 duobus,

2081 1929 2254 1996 Λόγον
2297 1929 2586 1984 δεδώκατε.
2621 1930 2763 1984 Ἀλλ’
2809 1926 2855 1984 ὧ
2905 1931 3003 2004 τὴν
3029 1933 3268 1987 διάνοιαν
3323 1935 3503 2002 ἰσχνοὶ
3561 1937 3665 1990 καὶ

395 2033 541 2078 ιιυιιο
576 2025 792 2079 Patrem
833 2034 890 2080 et
925 2025 1194 2095 Spiritum
1237 2033 1490 2081 sanctum
1527 2038 1756 2080 cum-eo
1787 2038 1982 2078 nume-

406 2120 614 2180 rantes,
650 2129 682 2169 e
718 2128 813 2168 sex
853 2114 1186 2170 monadibus
1213 2113 1624 2170 Sanctissimam
1650 2111 1978 2168 Trinitatem

405 2214 662 2261 constare
691 2205 964 2260 inferetis.
997 2205 1330 2278 Respondeo
1356 2206 1586 2272 vobis,o
1616 2205 1982 2276 intelligentia

395 2295 735 2361 imbecilles,
762 2306 1034 2352 accuratae
1056 2309 1188 2353 vero
1209 2312 1270 2352 su
1277 2298 1641 2368 pputationis,
1665 2305 1727 2354 ut
1746 2297 1976 2367 putatis,

404 2387 727 2458 peritissimi
754 2405 768 2440 :
799 2388 1001 2456 primo,
1029 2403 1138 2442 non
1175 2389 1232 2442 in
1260 2397 1528 2458 quantum
1562 2387 1772 2458 aliquid
1807 2403 1980 2442 unum

397 2495 529 2534 esse
576 2494 644 2534 ex
694 2479 972 2549 pluribus,
1023 2479 1079 2533 in
1129 2487 1340 2534 tantum
1385 2479 1680 2534 commune
1731 2493 1856 2533 eum
1892 2477 1982 2532 his

393 2571 660 2640 pluribus
707 2571 1026 2626 necessario
1073 2577 1190 2636 est,
1232 2572 1327 2626 sed
1367 2573 1424 2626 in
1464 2558 1733 2640 quantum
1773 2569 1982 2625 dicitur

395 2677 578 2716 iunum
603 2676 728 2714 cum
750 2661 1005 2730 pluribus
1036 2677 1181 2716 esse.
1211 2662 1268 2717 Si
1291 2678 1426 2733 ergo
1450 2675 1594 2718 unus
1616 2661 1686 2716 de
1707 2661 1981 2716 Trinitato

407 2751 652 2807 Verbum
677 2749 888 2804 dicitur
912 2749 1216 2819 respective
1242 2748 1312 2803 ad
1336 2763 1620 2818 personam
1649 2748 1980 2818 (respective

391 2843 556 2898 .euim
581 2841 650 2896 ad
680 2848 958 2906 naturam,
991 2855 1101 2895 non
1137 2854 1306 2894 unum
1338 2853 1406 2894 ex
1432 2839 1630 2903 tribus,
1667 2837 1766 2893 sed
1809 2852 1980 2892 unum

407 2949 532 2990 cum
565 2933 786 2987 duobus
815 2932 1120 2986 aestimatur
1147 2931 1420 2997 Verbum)
1441 2938 1542 2998 ,μοι
1567 2928 1778 2984 nullam
1813 2927 1984 2984 habet

393 3024 511 3082 sub
543 3031 797 3094 respectu
858 3023 1098 3093 prapriae
1122 3037 1236 3078 sum
1261 3036 1532 3092 personae,
1568 3021 1684 3076 sive
1713 3027 1840 3075 ante
1863 3020 1982 3076 sive

407 3125 530 3186 post
560 3117 1017 3181 incarnationem,
1047 3131 1171 3170 cum
1201 3117 1364 3171 Patre
1399 3124 1456 3172 et
1490 3115 1700 3186 Spiritu
1727 3127 1982 3169 commu-

405 3209 658 3272 nitatem,
697 3206 832 3275 quia
873 3214 1184 3276 neuterque
1215 3205 1458 3262 Verbum
1499 3213 1617 3270 est;
1665 3217 1848 3273 neque
1881 3219 1984 3258 un-

389 3311 593 3367 quam,
625 3304 690 3349 ut
730 3295 1060 3364 simpliciter
1103 3309 1376 3365 personat,
1416 3295 1515 3350 ulli
1549 3309 1800 3364 personae
1827 3305 1982 3350 com-

407 3385 750 3440 municabit:
793 3383 1074 3453 quomodo
1115 3385 1287 3439 vultis
1324 3383 1638 3451 Christum,
1685 3375 1814 3454 qui,
1862 3391 1978 3440 tum

322 3467 342 3488 ⁸
405 3485 683 3544 quatenus
713 3461 1046 3542 simpliciter
1073 3473 1335 3540 Verbum,
1361 3483 1476 3528 tum
1507 3482 1782 3544 quatenus
1799 3473 1982 3528 incar-

405 3576 592 3630 natus,
619 3580 764 3619 unus
793 3573 878 3619 est
915 3563 984 3618 de
1028 3564 1374 3620 sanctissima
1405 3565 1698 3630 Trinitate,
1726 3580 1979 3620 commu-

405 3657 590 3712 nicare
635 3671 762 3711 cum
805 3655 1026 3710 duabus
1065 3657 1189 3710 aliis
1226 3657 1482 3727 personis
1520 3657 1574 3711 in
1613 3657 1720 3711 hoc
1751 3656 1980 3726 praecise

398 3761 516 3817 quo
555 3753 640 3801 est
683 3759 854 3799 unum
901 3759 970 3798 ex
1012 3743 1192 3800 tribus
1238 3745 1516 3800 distinctis
1544 3744 1696 3816 (nam
1720 3753 1979 3814 personae

393 3838 608 3892 divinae
638 3852 745 3890 non
783 3843 914 3890 sunt
943 3851 1112 3890 unum
1144 3845 1397 3906 respectu
1425 3852 1524 3892 seu
1553 3835 1769 3890 ratione
1799 3835 1978 3904 hypoo

407 3937 640 3994 staseos,
673 3927 768 3982 sed
803 3943 975 3982 unum
1013 3942 1142 3982 vere
1173 3937 1304 3982 sunt
1341 3928 1556 3982 ratione
1590 3941 1686 3982 seu
1721 3931 1978 3994 respectu

404 4029 646 4088 natura},
697 4021 927 4076 relative
973 4021 1041 4076 ad
1079 4034 1244 4090 quam
1290 4033 1402 4075 non
1448 4026 1578 4073 sunt
1617 4017 1754 4082 tria,
1799 4017 1876 4070 ita
1917 4024 1980 4072 ut

401 4127 572 4166 unum
616 4127 684 4167 ex
731 4112 908 4166 tribus
945 4111 1198 4167 dicamus
1235 4125 1359 4166 esse
1395 4108 1746 4179 Christum)?
1780 4109 1841 4163 ln
1871 4107 1979 4162 hoc

397 4203 625 4273 quidem
664 4217 832 4258 sensu
865 4202 1147 4259 Christum
1173 4201 1400 4256 relative
1431 4200 1500 4256 ad
1537 4200 1675 4256 alias
1710 4213 1978 4269 personas

399 4293 608 4348 habere
681 4293 1066 4367 tantummodo
1133 4292 1556 4349 similitudinem
1613 4290 1973 4346 arbitramur.

391 4386 699 4444 Evidenter
735 4387 885 4440 enim
914 4401 1194 4456 personui,
1231 4397 1342 4440 non
1377 4383 1686 4454 respective
1713 4381 1782 4437 ad
1821 4396 1976 4436 suam

399 4478 765 4548 hypostasim,
795 4477 893 4532 sed
921 4476 1226 4546 respective
1251 4475 1318 4531 ad
1345 4476 1494 4530 illam
1529 4485 1653 4544 quae
1681 4473 1816 4544 ipsis
1845 4472 1976 4527 sub-

2083 2021 2210 2090 περὶ
2233 2019 2336 2090 τὴν
2365 2019 2474 2074 τῶν
2495 2021 2714 2074 τιοῶνδε
2742 2022 3126 2093 ἀκριϐολογίαν
3157 2023 3340 2089 δεινοὶ,
3359 2025 3436 2086 ὡς
3453 2025 3662 2092 οἴεσθε,

2083 2109 2300 2179 πρῶτον
2336 2112 2434 2181 μὲν
2455 2112 2515 2164 οὑ
2547 2112 2669 2166 καθ’
2694 2112 2723 2165 ὃ
2745 2113 2804 2167 ἓν
2833 2130 2886 2166 τι
2916 2110 3058 2168 εἶναι
3088 2115 3181 2166 καὶ
3215 2117 3279 2168 ὲκ
3305 2116 3415 2168 τῶν
3443 2116 3663 2169 πολλῶν

2071 2199 2300 2268 λέγεται
2318 2219 2392 2267 τι,
2424 2203 2566 2256 κατὰ
2591 2203 2750 2256 τοῦτο
2789 2200 3007 2266 πάντως
3036 2207 3131 2260 καὶ
3165 2208 3341 2259 κοινὸν
3362 2202 3515 2260 εἶναι
3545 2211 3664 2270 τοῖς

2084 2291 2298 2355 πολλοῖς
2325 2293 2540 2364 ἀνάγκη
2559 2311 2574 2327 ο
2605 2295 2742 2348 ἀλλά
2766 2297 2902 2350 καθὸ
2923 2297 2982 2351 ἓν
3008 2295 3150 2352 εἶναι
3173 2300 3414 2366 λέγεται,
3441 2301 3538 2352 καὶ
3567 2302 3664 2353 οὖν

2081 2382 2322 2446 πολλοῖς·
2357 2378 2494 2436 εἶναι
2517 2397 2532 2414 ⁸
2562 2386 2611 2438 εί
2667 2382 2762 2440 οὖν
2807 2383 2890 2451 εἷς
2927 2389 3024 2460 τῆς
3063 2391 3221 2458 ἁγίας
3244 2388 3478 2460 Τριάδος
3515 2391 3664 2444 κατᾶ

2081 2474 2181 2544 τὴν
2236 2473 2538 2528 ὑπόστασιν
2569 2478 2596 2530 ὁ
2619 2476 2790 2544 Λόγος
2838 2479 3070 2550 εἴρηται,
3099 2479 3242 2533 κατσά
3275 2481 3382 2550 γὰρ
3434 2475 3660 2550 tirio-3-

2084 2559 2208 2611 σίαν
2239 2559 2338 2630 οὑχ
2403 2560 2462 2614 ἓν
2506 2564 2570 2616 ὲκ
2601 2564 2790 2634 τριῶν,
2840 2565 2955 2618 ἀλλ’
2999 2562 3080 2630 εἷς
3113 2569 3231 2637 ἅμα
3259 2572 3359 2624 σὺν
3427 2571 3540 2633 τοῖς
3564 2569 3660 2622 δύο

2070 2645 2362 2712 ’δοξάζεται
2381 2650 2410 2702 ὁ
2431 2651 2633 2718 Λόγος·
2663 2653 2757 2706 καὶ
2781 2653 2881 2707 οὐκ
2911 2653 3024 2725 ἔχει
3053 2656 3174 2709 τινά
3205 2659 3491 2711 κοινωνίαν
3513 2658 3658 2712 κατὰ

2083 2739 2182 2808 τὴν
2211 2739 2416 2794 οἰκείαν
2447 2743 2761 2810 ὑπόστασιν,
2781 2744 2904 2800 οὕτε
2917 2747 3025 2818 πρὸ
3053 2749 3252 2821 σαρκὸς
3266 2749 3400 2820 πρὸς
3431 2750 3526 2803 τὸν
3544 2752 3655 2804 Πα-

2083 2829 2220 2901 τέρα
2248 2831 2281 2900 ἢ
2313 2831 2373 2886 τὸ
2407 2833 2784 2904 Πνεῦμα,οὑδὲ
2800 2840 2936 2908 μετά
2953 2839 3051 2910 τὴν
3063 2841 3260 2910 σάρκαο
3280 2843 3407 2894 ἐπεὶ
3427 2841 3506 2914 μὴ
3525 2841 3654 2896 ταῦ·

2083 2923 2194 2976 ταὸ
2221 2923 2392 2992 Λόγος
2417 2926 2583 2979 ἐστίν·
2603 2927 2724 2981 οὐδὲ
2751 2928 2858 2999 μὴν
2886 2929 3072 2994 ἀτελῶς
3099 2931 3176 2995 ὡς
3195 2933 3497 2998 ὑπόστασις
3523 2935 3651 2988 ὑπο·

2086 3014 2274 3066 στάσει
2305 3017 2626 3086 κοινωνήσει
2671 3015 2893 3072 πώποτε
2915 3035 2929 3052 ο
2966 3021 3082 3086 πῶς
3111 3023 3395 3077 κοινωνίαν
3422 3025 3534 3078 εῐτε
3559 3025 3650 3078 καὶ

2083 3103 2161 3165 ὡς
2185 3102 2376 3167 ἁπλῶς
2413 3104 2610 3174 Λόγου,
2654 3107 2892 3163 εἴτε’καὶ
2919 3109 2995 3175 ὡς
3035 3113 3462 3184 σεσαρκωμένου
3486 3116 3654 3186 ἤγουν

2034 3255 2054 3272 1
2083 3193 2321 3264 Χριστοῦ
2348 3195 2612 3266 ἐρωτᾶτε,
2646 3196 2743 3251 τοῦ
2763 3199 2882 3264 ἐνὸς
2907 3201 3006 3272 τῆς
3051 3204 3216 3270 ἁγίας
3242 3205 3493 3274 Τριάδος,
3516 3207 3655 3278 ape;

2083 3283 2154 3337 τὰ
2179 3285 2342 3356 ἕτερα
2371 3285 2465 3340 δύο
2496 3289 2786 3359 πρόσωπα,
2817 3291 2943 3344 κατ’
2974 3293 3106 3346 αὑτὸ
3137 3293 3298 3348 τοῦτο
3332 3295 3473 3350 καθὸ
3507 3296 3568 3350 ἐν
3589 3299 3655 3350 ὲκ

2079 3374 2191 3428 τῶν
2228 3376 2398 3446 τριῶν
2428 3379 2698 3448 ἀνομοίων
2724 3381 2871 3436 ἐστίν
2894 3397 2908 3411 ⁶
2943 3383 3065 3436 οὐδὲ
3089 3384 3198 3454 γὰρ
3225 3383 3284 3437 ἐν
3306 3385 3386 3456 τῷ
3417 3388 3582 3454 λόγῳ,
3619 3389 3651 3460 ἢ

2079 3468 2158 3522 τῶ
2175 3470 2393 3542 ἀριθμῷ
2417 3471 2520 3542 τῆς
2539 3474 3009 3538 ὑποστάσεώςείσι
3025 3494 3039 3511 ο
3053 3477 3114 3532 τδ
3129 3478 3236 3547 γὰρ
3263 3479 3323 3532 ἓν
3355 3481 3566 3548 αὐτοῖς,
3586 3485 3652 3552 τῇ

2079 3561 2237 3632 οὐσίᾳ
2258 3563 2408 3614 ἐστὶν
2433 3562 2677 3633 ἀληθῶς,
2703 3567 2797 3619 καὶ
2823 3567 2902 3636 τῷ
2915 3569 3014 3638 τῆς
3045 3569 3230 3632 οὐσίας
3250 3571 3477 3641 ἀριθμῷ
3495 3589 3510 3602 ·
3533 3573 3654 3626 καθ’

2078 3651 2145 3721 ἢν
2157 3652 2412 3706 οὐδέποτε
2431 3654 2550 3708 οὐδὲ
2573 3657 2697 3726 τρία
2707 3657 2866 3722 εἰσὶν,
2887 3659 2973 3712 ἵνα
2989 3659 3085 3714 ἕνα
3097 3659 3205 3713 τῶν
3220 3661 3385 3728 τριῶν
3400 3661 3656 3733 λέγοιμεν

2077 3743 2169 3796 τὸν
2195 3745 2432 3815 Χριστόν
2451 3762 2465 3778 ·
2519 3746 2613 3799 καὶ
2647 3745 2784 3818 πρὸς
2819 3749 2888 3801 τὰ
2931 3749 3092 3820 ἕτερα
3118 3749 3293 3814 οὕτως
3316 3751 3468 3821 ἔχειν
3492 3753 3654 3804 αὑτὸν

2081 3835 2396 3905 σκοποῦμεν
2419 3837 2516 3906 τὴν
2536 3838 2793 3908 ὁμοίωσιν
2817 3855 2831 3870 ο
2854 3837 3012 3910 δῆλον
3030 3841 3138 3912 γὰρ
3153 3841 3228 3905 ὡς
3239 3843 3295 3896 al
3319 3843 3653 3906 ὑποστάσεις

2079 3927 2139 3980 οὑ
2195 3928 2338 3982 κατᾶ
2390 3929 2489 4000 τὴν
2523 3930 2844 3996 ὑπόστασιν,
2874 3931 3012 3985 ἀλλὰ
3055 3933 3196 3986 κατὰ
3225 3931 3324 4002 τὴν
3356 3935 3418 3988 ἐν
3459 3935 3654 4000 αὑταῖς

2077 4017 2286 4084 οὐσίαν,
2325 4019 2456 4090 μίαν
2480 4020 2666 4091 ἔχουσι
2678 4021 2776 4092 τὴν
2801 4023 3221 4092 ἀπαράλλακτον
3248 4023 3413 4092 φύσιν
3432 4041 3448 4058 -
3471 4027 3540 4078 ἐκ
3557 4025 3653 4080 τοῦ

2077 4111 2188 4182 γὰρ
2222 4113 2398 4182 πάντη
2429 4113 2654 4176 ταύταις
2679 4110 2820 4168 εἶναι
2843 4115 2974 4184 μίαν
3005 4115 3258 4186 ὓπαρξιν,
3277 4116 3372 4168 καὶ
3401 4116 3506 4188 τὴν
3525 4133 3656 4170 cauo

2077 4205 2278 4275 τότητά
2309 4221 2492 4277 φαμεν
2513 4223 2526 4236 ·
2557 4207 2942 4278 ὁμοίωσιςμὲν
2969 4207 3076 4277 γάρ
3097 4207 3190 4261 τοῦ
3226 4207 3358 4262 Υίοῦ
3393 4208 3534 4279 πρὸς
3561 4210 3656 4263 τὸν

2077 4298 2332 4370 Πατέρα·
2393 4299 2489 4352 καὶ
2539 4297 2706 4353 εἰκὼν
2741 4295 2880 4353 εἶναι
2917 4299 3014 4352 τοῦ
3067 4301 3278 4372 Πατρὺς
3302 4303 3331 4354 ὁ
3359 4301 3486 4364 Υἱὸς
3527 4301 3652 4355 τότε

2078 4388 2318 4456 λέγεται,
2336 4389 2424 4442 ὅτε
2459 4391 2556 4442 σὺν
2587 4393 2658 4460 τῇ
2687 4389 2866 4458 φύσει,
2885 4393 2988 4443 καὶ
3011 4393 3074 4444 τὸ
3097 4391 3294 4462 ἰδίωμα
3321 4390 3480 4446 τοῦδε
3509 4397 3652 4447 νοεῖ-

2078 4496 2191 4544 ται,
2231 4481 2400 4550 ἠγουν
2421 4481 2482 4534 τὸ
2505 4481 2570 4545 ἐξ
2605 4481 2780 4536 αἰτίου
2801 4499 2814 4514 ο
2845 4480 3019 4545 οὕτως
3049 4482 3283 4554 γὰρκαὶ
3309 4485 3406 4552 τῆς
3441 4485 3650 4546 εἰκόνος

399 4575 486 4622 est
517 4567 836 4632 essentiam,
881 4566 1042 4620 unica
1088 4565 1333 4636 gaudent
1372 4563 1696 4619 indivisibili
1732 4571 1971 4619 natura:

2080 4571 2108 4621 6
2135 4568 2292 4637 λόγος
2323 4568 2462 4639 μετὰ
2498 4569 2594 4622 τοῦ
2617 4569 2818 4643 -κοινοῦ
2847 4571 2945 4638 τῆς
2975 4571 3290 4646 ὁμοιώσεως
3323 4570 3438 4640 ἔχει
3475 4572 3572 4624 καὶ
3593 4573 3650 4624 τὸ

392 4673 468 4712 ex
504 4673 572 4713 eo
607 4657 756 4728 quod
805 4663 990 4712 autem
1035 4655 1200 4711 unica
1227 4655 1308 4711 eis
1341 4655 1474 4710 insit
1505 4655 1832 4721 substantia,
1863 4653 1972 4709 hoc

397 4765 782 4820 nuncupamus
815 4748 1181 4804 identitatem.
1227 4747 1447 4803 Relatio
1473 4746 1592 4802 Filii
1639 4745 1708 4800 ad
1751 4747 1970 4800 Patrem

383 4851 482 4898 est
503 4841 807 4898 similitudo
837 4859 850 4895 :
873 4855 938 4896 ac
961 4840 1140 4895 Patris
1162 4840 1340 4910 imago
1362 4837 1534 4895 Filius
1555 4836 1720 4893 toties
1743 4835 1969 4900 dicitur,

391 4933 612 5003 quoties
636 4946 763 4987 cum
805 4939 1000 4986 natura
1043 4931 1206 4987 simul
1235 4931 1518 5002 proprium
1552 4929 1971 4999 ipsius-specta-

391 5029 486 5081 tur
521 5023 869 5090 attributum,
917 5023 1064 5094 quod
1105 5031 1190 5078 est
1228 5039 1336 5078 esse
1369 5037 1402 5077 a
1459 5021 1751 5091 principio.
1779 5017 1972 5085 Quoad

393 5112 572 5166 ideam
626 5113 903 5183 imaginis,
951 5121 1150 5184 praeter
1193 5115 1542 5167 communem
1593 5107 1974 5165 similitudinis

393 5203 688 5267 rationem,
723 5203 826 5256 hoc
856 5205 1023 5260 habet
1057 5203 1312 5275 speciale,
1344 5216 1541 5272 nempe
1581 5199 1728 5270 quod
1760 5214 1868 5254 non
1901 5198 1972 5252 sit

391 5302 742 5369 prototypus,
773 5294 868 5348 sed
892 5295 1223 5365 exemplaris
1245 5293 1479 5350 imitatio
1502 5311 1516 5348 :
1544 5292 1692 5362 quod
1712 5301 1799 5348 est
1830 5291 1971 5345 ima-

391 5389 534 5460 ginis
578 5388 910 5460 proprietas.
956 5387 1094 5443 Cum
1143 5403 1278 5443 vero
1319 5388 1511 5443 ambas
1547 5387 1670 5442 ill-as
1705 5399 1971 5457 personas

391 5481 498 5536 sub
524 5489 780 5552 respectu
805 5495 997 5536 earum
1024 5487 1236 5534 naturae
1263 5479 1698 5546 consideramus,
1722 5479 1835 5549 jam
1859 5492 1969 5532 non

390 5581 476 5626 cst
509 5572 662 5628 locus
689 5573 908 5631 dicendi
937 5575 1376 5652 similitudinem,
1401 5575 1527 5646 quia
1553 5591 1663 5631 non
1693 5581 1778 5630 est
1802 5573 1968 5628 altera

389 5662 550 5718 alteri
578 5666 776 5723 collata
806 5685 819 5723 :
853 5669 1004 5725 nulla
1044 5669 1190 5726 enim
1227 5669 1508 5726 videbitur
1537 5667 1840 5734 distinctio,
1876 5665 1971 5721 sed

2037 4720 2041 4726 ι
2081 4660 2156 4730 μὴ
2187 4660 2542 4731 πρωτότυπον
2576 4655 2719 4714 εἷναι.
2767 4660 2880 4714 ἀλλ’
2908 4663 2973 4714 ὲκ
3021 4660 3489 4730 παραδείγματος,
3523 4663 3650 4716 ἰδιον

2073 4751 2244 4820 αὐτῆς
2260 4751 2394 4804 ὄντα
2413 4749 2570 4818 λόγον
2589 4766 2604 4783 ⁶
2626 4752 2716 4805 ὅτε
2739 4751 2798 4805 δὲ
2821 4751 2943 4805 καθ’
2961 4751 3129 4822 αὐτὴν
3146 4751 3247 4824 τὴν
3265 4753 3462 4808 οὐσίαν
3483 4753 3650 4824 ἄμφω

2073 4840 2180 4895 τῶν
2204 4842 2556 4897 ὑποστάσεων
2575 4843 2773 4908 aliter);
2789 4843 3038 4914 νοοῦμεν,
3054 4843 3178 4897 οὔτε
3193 4844 3455 4915 ὁμοίωσιν
3468 4846 3654 4898 λοιπον

2073 4933 2378 5002 ἐπιλέγειν
2397 4949 2412 4966 ο
2445 4935 2570 4989 ἐπεὶ
2603 4936 2680 5006 μὴ
2712 4935 3030 5008 ἔστινὲτέρα
3045 4937 3182 5008 πρὸς
3205 4937 3400 5008 ἑτέραν
3431 4953 3653 5006 συγκρι-

2077 5025 2280 5095 νομένη
2301 5040 2315 5056 ο
2345 5025 2578 5096 οὐδεμία
2615 5029 2724 5098 γὰρ
2756 5027 3053 5098 ὀφθήσεται
3083 5028 3359 5100 ἑτερότης,
3391 5027 3536 5081 ἀλλά
3557 5029 3651 5098 μό-

2077 5133 2166 5170 νον
2219 5117 2528 5186 ταυτότητα
2555 5119 2728 5189 αὑτῆς
2758 5119 2972 5182 ὲνιαίως
3005 5118 3199 5190 ῐσμενξ
3235 5122 3284 5172 εί
3309 5115 3403 5172 οῦν
3443 5121 3539 5172 καὶ
3575 5117 3650 5188 μὴ

2075 5201 2218 5257 κατὰ
2263 5204 2568 5278 λόγον.τὴν
2615 5207 2885 5280 ἐρώτησιν
2934 5211 3308 5278 προσαγαγεῖν
3336 5207 3648 5277 δεδύνησθε,

2075 5294 2224 5364 ὅμως
2256 5295 2440 5366 μέντοι
2489 5299 2630 5352 κατά
2653 5298 2750 5370 τὴν
2783 5299 2920 5353 ἰδίαν
2940 5291 3226 5352 κοινωνίαν
3257 5298 3352 5352 τοῦ
3375 5299 3650 5352 Δεσπὸτου

2076 5387 2234 5458 ἡμῶν
2267 5388 2441 5458 Ἰησοῦ
2466 5390 2704 5460 Χριστοῦ
2721 5392 3116 5463 φανταζόμενοι
3136 5391 3260 5444 τάδε
3287 5391 3647 5454 πυνθάνεσθε.
3699 5399 3755 5450 ‘-.

2077 5478 2282 5551 ταύτην
2311 5479 2547 5551 λήψεσθε
2576 5483 2706 5553 παρ’
2739 5485 2770 5554 ὴ
2781 5482 2895 5552 μῶν
2919 5483 3017 5554 τὴν
3051 5484 3360 5554 ἀπόκρισιν,
3391 5483 3471 5547 ὠς
3494 5485 3524 5536 ό
3549 5484 3652 5537 Λό-

2078 5588 2172 5640 γος
2196 5570 2577 5642 ἓνξπρόσωπον
2624 5575 2745 5628 ὅλον
2772 5575 3052 5646 ὑπάρχων,
3106 5576 3207 5647 μία
3243 5591 3303 5626 τε
3349 5575 3647 5638 ὑπόστασις

2077 5665 2176 5735 τῆς
2199 5665 2364 5734 ἁγίας
2403 5667 2660 5740 Τριάδος·
2696 5669 2755 5734 ἑξ
2786 5667 3134 5724 ὑποστάσεων
3162 5666 3272 5738 γὰρ
3329 5667 3388 5720 οὐ
3436 5667 3645 5740 φύσεων

3703 5472 3744 5510 χ
3850 5511 3852 5530 ;
