3858 6156
131 242 312 318 1⁸768
333 260 361 289 ⁸
1018 240 1021 241 ν
1129 247 1526 313 ADVERSUS
1560 247 1775 310 NEST(

1878 247 2105 310 mnos.
2122 249 2353 311 —LIB.
2395 250 2524 311 VII.
3258 244 3397 337 1768
3420 254 3450 294 ι

134 364 223 417 τὸ
273 360 562 434 τριαδικὸν
595 357 967 413 συνείλεκται·
997 358 1289 430 ὲσαρκώθη
1326 361 1355 412 ὁ
1380 358 1569 431 πρώην
1588 359 1763 427 ἄσαρο

1878 373 2073 414 meram
2101 357 2306 431 ubique
2336 360 2543 416 scimus
2568 360 2760 417 adesse
2791 359 3162 417 identitatcm.
3190 361 3450 428 Quamvis

135 469 272 518 κος
310 451 407 507 καὶ
442 451 558 505 ἔστι
588 451 842 523 Χριστὸς,
870 450 926 515 ὃς
952 452 1015 504 ὲκ
1053 451 1253 521 μέρους
1278 451 1442 505 αὑτοῦ
1464 452 1633 523 ἤγουν
1664 453 1761 522 τῆς

1878 449 2040 521 igitur
2073 450 2216 505 hanc
2262 465 2487 506 movere
2532 451 2894 522 quaestionem
2926 452 3275 510 rationaliter
3303 453 3452 508 haud

139 549 309 618 μιᾶς
338 545 449 599 τῶν
477 547 531 598 ὲκ
559 543 711 615 αὑτῷ
730 543 946 613 φύσεων
967 543 1163 606 κοινῶς
1198 542 1261 596 τέ
1290 543 1407 596 ἐστι
1438 543 1533 597 καὶ¹
1564 540 1761 613 ὄρ.οοὺ-

134 651 288 700 σιος
323 634 418 690 καὶ
440 632 521 699 εἷς
548 637 614 705 τῇ
640 635 821 703 φύσει,
865 634 963 687 σὺν
992 632 1069 702 τῷ
1098 632 1274 704 Πατρὶ
1300 631 1380 685 τῶ
1415 630 1628 701 ἀγαθῷ,
1669 630 1765 684 καὶ

134 727 241 799 τῷ
277 727 422 799 ἁγίῳ
452 725 617 782 αὑτοῦ
645 718 924 797 Πνεῦματι
957 725 1082 780 κατ’
1101 724 1292 779 οὐσίαν
1326 725 1511 787 αὑτοῖς
1542 720 1760 795 ἡνωμέ-

134 834 219 873 vo
234 838 275 882 ς
300 833 321 851 ο
351 818 446 872 καὶ
475 814 600 870 οὗτε
632 814 973 886 πλεονασμὸν
1024 814 1059 883 ἢ
1092 812 1271 883 λεῖψιν
1314 813 1666 866 ὑποστάσεων
1689 812 1757 882 τῇ

138 909 309 983 ἁγίᾳ
336 908 533 981 κΤριάδι
566 907 898 978 παρίστησιν
918 921 941 937 θ
982 903 1141 975 είπερ
1167 905 1195 959 ὁ
1215 904 1391 972 Λόγος
1439 902 1545 975 μία
1589 910 1651 956 τε
1696 897 1766 972 ἦν

122 1003 485 1064 ’ὑπόστασις
532 999 639 1072 πρὸ
680 1000 884 1070 σαρκὸς
924 998 1019 1053 καὶ
1070 996 1209 1069 μετὰ
1258 997 1470 1069 σάρκα·
1495 994 1611 1052 ἀλλ’
1643 994 1767 1050 οὔτε

140 1093 417 1147 ἐλάττων
443 1091 605 1155 αὑτὸς
641 1092 771 1162 μιᾶς
800 1090 1155 1154 ὑποστάσεως
1184 1082 1325 1143 εἷναι
1357 1086 1465 1159 πρὸ
1501 1088 1600 1158 τῆς
1632 1103 1767 1157 σαρ-

140 1183 263 1247 κὸς
296 1183 578 1237 δείκνυται
606 1183 665 1234 ὲν
701 1183 767 1254 τῇ
798 1181 933 1252 ἁγίᾳ
955 1179 1146 1250 Τριάδι
1178 1177 1453 1248 δηλονότι*
1488 1176 1611 1229 οὐδὲ
1660 1174 1768 1245 γὰρ

146 1274 475 1345 πρόσθεσιν
521 1272 876 1335 ὑποστάσεως
930 1270 1318 1340 ἔπιδεξάμενος
1363 1268 1465 1337 τὴν
1510 1267 1605 1320 νῦν
1655 1265 1769 1336 ἔχει

140 1364 491 1436 τελειότητα
522 1365 623 1434 τῆς
655 1363 1019 1427 ὑποστάσεως
1040 1379 1054 1394 ·
1083 1360 1203 1416 ἀλλ’
1231 1362 1299 1431 ἢν
1326 1354 1441 1430 εΐχε
1473 1358 1631 1428 μόνον
1677 1357 1770 1411 κέ-

145 1472 396 1522 κτηται,
431 1454 528 1508 καὶ
568 1453 708 1525 μετὰ
739 1451 840 1524 τὴν
892 1453 1212 1524 προσθήκην
1257 1445 1325 1521 ἧς
1370 1449 1473 1503 οὐκ
1499 1443 1614 1519 εἶχε
1669 1445 1771 1515 φύ-

148 1546 349 1611 σὲως·
382 1540 478 1600 καὶ
530 1545 703 1612 οὑτως
734 1546 889 1602 ἔσται
919 1546 1049 1616 ὑμῖν
1097 1544 1176 1608 είς
1226 1540 1382 1597 οὐδὲν
1425 1539 1768 1610 ἀναλυομένη

1878 1546 2232 1609 augmentum
2266 1538 2353 1593 vel
2384 1538 2824 1593 imminutionem
2870 1539 3031 1595 affert
3070 1557 3305 1597 numero
3338 1556 3466 1612 pcr-

151 1639 335 1694 πᾶσα
371 1637 482 1690 τῶν
503 1636 819 1693 διπλώσεων
849 1638 943 1692 ἐπὶ
973 1636 1075 1701 τὰς
1109 1632 1443 1706 τριπλὼσεις
1465 1635 1500 1704 ὴ
1529 1631 1770 1704 ψηφολω-

1879 1642 2135 1685 sonarum
2175 1628 2536 1684 sanctissimae
2565 1629 2854 1686 Trinitatis
2882 1648 2894 1684 :
2921 1631 3197 1702 siquidem
3224 1633 3467 1690 Verbum

146 1728 292 1799 γία,
349 1728 445 1783 καὶ
474 1728 630 1782 πᾶσα
664 1730 698 1798 ἠ
738 1729 881 1799 ὑμὰς
907 1726 1002 1782 τοῦ
1032 1727 1323 1796 ἀλογίστου
1355 1723 1512 1796 ὑμῶν
1532 1721 1763 1779 καταλό-

1878 1717 2034 1772 unica
2062 1725 2190 1772 ante
2219 1717 2677 1785 incarnationem,
2702 1720 2867 1775 unica
2887 1722 3466 1790 postincarnationem

147 1837 269 1888 γσυ
311 1820 553 1888 εὐλόγως
600 1819 734 1891 ἡμῖν
777 1817 1274 1890 παραλογισθεΐσαο
1307 1810 1388 1881 εἷς
1419 1816 1526 1887 γὰρ
1551 1813 1686 1877 ὅλως
1710 1814 1773 1867 ὲκ

1880 1807 1987 1863 fuit
2016 1822 2274 1878 persona,
2303 1817 2359 1864 et
2387 1807 2563 1879 ipsum
2596 1824 2706 1864 non
2737 1811 2982 1868 caruisse
3015 1812 3293 1885 hypostasi
3338 1826 3466 1871 ante

149 1910 374 1982 τριῶν.
397 1903 443 1964 ὦ
476 1911 699 1982 δοκήσει
736 1908 914 1980 σοφοὶ,
971 1910 1031 1964 οὑ
1082 1910 1226 1964 κατὰ
1257 1906 1548 1963 κοινωνίαν
1648 1905 1775 1975 Χριο

1882 1898 2320 1955 incarnationem
2367 1898 2655 1955 evidenter
2687 1900 3102 1958 demonstratur
3135 1904 3193 1959 in
3235 1905 3466 1960 sanctisa

150 1998 299 2062 στός
320 2016 337 2030 ·
366 1994 449 2062 εἷς
477 1997 543 2069 δὴ
600 1999 698 2052 σὺν
726 2000 849 2061 τοῖς
885 1998 1096 2062 λοιποῖς
1143 1996 1239 2051 δύο
1275 1996 1591 2067 προσώποις
1630 1992 1771 2047 κατὰ

1880 1991 2027 2045 sima
2074 1989 2396 2045 Trinitate:
2451 1992 2498 2047 si
2543 1993 2691 2046 enim
2739 1993 3037 2063 perfectam
3096 2010 3244 2051 nunc
3296 1997 3467 2052 habet

150 2091 269 2161 τὴν
300 2087 593 2143 κοινωνίαν
618 2091 717 2160 τῆς
748 2089 878 2158 μιᾶς
897 2087 1008 2142 τῶν
1045 2089 1104 2141 ὲν
1128 2086 1278 2158 αὐτῷ
1314 2085 1553 2157 φύσεως,
1573 2085 1633 2138 οὑ
1663 2082 1772 2154 μὴν

1880 2081 2254 2153 hypostasim,
2308 2097 2421 2136 non
2482 2082 2629 2152 quod
2685 2083 3057 2156 hypostaseos'
3106 2096 3465 2159 augmentum

150 2180 278 2235 τῶν
309 2181 374 2233 ὲν
402 2179 551 2252 αὑτῷ
576 2180 669 2233 δύο
703 2179 920 2250 φύσεων
946 2196 961 2211 ο
999 2178 1099 2234 οὐκ
1124 2179 1178 2232 εί
1198 2178 1321 2233 τιδὲ
1349 2179 1424 2249 μὴ
1461 2178 1527 2231 ὲκ
1550 2175 1775 2228 πάντων

1883 2173 2210 2243 susceperit,
2241 2173 2335 2229 sed
2370 2188 2534 2244 quam
2573 2176 2734 2246 prius
2754 2176 3013 2246 habebat,
3054 2179 3159 2235 hac
3184 2180 3301 2235 sola
3329 2196 3465 2252 gauc-

152 2271 278 2326 τῶν
305 2270 508 2327 ἑαυτοῦ
533 2274 779 2327 κοινωνεῖ
794 2288 924 2338 rivi,
949 2271 1068 2325 οὑδὲ
1090 2271 1270 2326 κοινὸν
1299 2269 1453 2324 ἔσται
1466 2266 1604 2338 πρδς
1624 2266 1764 2326 αὑτό,

1885 2264 2000 2331 det,
2031 2265 2201 2320 etiam
2226 2272 2354 2335 post
2375 2265 2673 2324 additionis
2697 2269 2845 2326 illius
2871 2286 3034 2341 quam
3061 2285 3174 2327 non
3199 2272 3463 2340 habebat,

154 2378 413 2426 naturae.
443 2366 512 2423 Et
543 2367 625 2424 sic
645 2366 805 2424 vobis
830 2369 887 2423 in
911 2367 1146 2423 nihilum
1198 2365 1425 2421 redacta
1453 2361 1568 2417 ruit
1597 2356 1780 2416 omnis
1801 2358 2246 2429 'duplicationum
2277 2374 2444 2431 supra
2471 2361 2872 2433 triplicationes
2900 2375 3285 2439 congestarum
3327 2383 3464 2440 sup-

158 2461 435 2534 putatio,
485 2469 544 2517 et
592 2469 706 2517 tota
752 2463 847 2518 illa
889 2460 1382 2519 innumerabilium
1437 2456 1776 2513 calculorum
1815 2469 2051 2520 summa,
2126 2456 2334 2512 erroris
2366 2458 2571 2515 merito
2606 2475 2636 2515 a
2700 2462 2865 2520 nobis
2906 2465 3181 2522 convicta.
3219 2465 3462 2533 Etenim,

154 2572 194 2612 ο
231 2570 343 2612 vos
381 2556 440 2611 in
470 2565 654 2612 vestra
696 2557 960 2628 opinione
1000 2558 1299 2629 sapientes,
1375 2553 1629 2610 Christus
1667 2567 1811 2607 unus
1855 2559 1942 2606 est
1980 2565 2049 2606 ex
2103 2550 2305 2619 tribus,
2356 2555 2475 2609 sine
2522 2560 3046 2630 communicatione,
3089 2577 3239 2618 unus
3278 2571 3463 2618 autem

155 2657 252 2706 est
325 2664 458 2705 cum
521 2650 737 2705 duabus
773 2651 900 2706 aliis
939 2651 1194 2721 personis
1232 2665 1333 2719 per
1369 2647 1923 2707 communicationem
1956 2646 2141 2713 unius,
2190 2661 2301 2703 non
2350 2664 2484 2705 vero
2512 2652 2799 2724 utriusque
2845 2670 3070 2711 suarum
3102 2664 3454 2730 naturarum;

157 2742 432 2819 quamvis
481 2726 669 2798 autem
722 2742 931 2813 aliquid
975 2744 1135 2800 alteri
1171 2757 1282 2797 non
1320 2739 1693 2796 communicet
1756 2754 1824 2794 ex
1898 2735 2155 2791 omnibus
2200 2737 2338 2805 suis,
2388 2753 2499 2793 non
2534 2740 2661 2796 ideo
2692 2757 2985 2800 commune
3028 2760 3152 2801 cum
3198 2748 3296 2803 illo
3355 2766 3465 2807 non

156 2834 297 2893 erit.

1868 540 2187 613 potueritis,
2235 541 2366 612 quia
2407 547 2590 596 tamen
2633 556 2757 612 quae
2785 542 2859 598 sit
2888 544 3319 599 communicatio
3345 544 3455 599 Do-

1868 633 2006 687 mini
2050 633 2228 689 nostri
2276 634 2407 689 Jesu
2466 631 2671 690 Christi
2721 633 2779 689 in
2831 644 3017 690 vestra
3061 635 3457 707 imaginatione

1870 722 2140 794 quaeritis,
2161 723 2268 779 hoc
2282 724 2565 795 accipietis
2583 740 2614 779 a
2630 726 2791 781 nobis
2810 741 3162 797 responsum.
3190 728 3456 793 Verbum,

1872 813 2021 885 quod
2051 822 2139 869 est
2172 828 2341 868 unum
2373 814 2719 884 suppositum
2745 818 3079 887 completum
3109 827 3170 873 et
3197 826 3308 872 una
3336 831 3457 888 per-

1874 917 2009 959 sona
2035 903 2394 959 sanctissimae
2423 902 2710 960 Trinitatis
2739 906 2829 977 (ex
2855 907 3108 977 personis
3132 908 3306 972 enim,
3346 924 3459 962 non

1874 1010 1943 1051 ex
1969 994 2186 1049 naturis
2211 1002 2402 1049 ternus
2427 995 2704 1067 colligitur
2731 999 3041 1070 numerus),
3080 1014 3209 1054 caro
3251 999 3459 1055 factum

1875 1093 1982 1150 eet,
2014 1098 2141 1140 cum
2175 1092 2336 1138 antea
2367 1085 2485 1140 sine
2530 1100 2696 1142 carne
2725 1097 2892 1154 esset,
2921 1095 2977 1143 et
3023 1104 3172 1145 nunc
3192 1098 3276 1145 est
3300 1088 3461 1145 Chri-

1876 1183 2017 1240 stus,
2053 1174 2149 1244 qui
2186 1189 2252 1229 ex
2282 1181 2438 1243 parte
2482 1174 2567 1228 sui
2611 1173 2809 1243 ipsius,
2857 1177 3117 1232 videlicet
3154 1179 3459 1233 secundum

1877 1275 2044 1321 unam
2071 1279 2103 1320 e
2135 1268 2252 1320 suis
2286 1263 2524 1330 naturis,
2557 1265 2871 1320 communis
2907 1276 2992 1321 est
3022 1268 3464 1324 consubstantia-

1878 1357 2058 1427 lisque
2081 1364 2139 1413 et
2169 1372 2312 1412 unus
2339 1364 2538 1412 natura
2569 1371 2695 1413 cum
2741 1357 2906 1413 Patre
2940 1358 3150 1428 Optimo
3178 1368 3234 1414 et
3272 1368 3464 1415 sancto

1876 1450 1997 1521 ejus
2030 1448 2262 1520 Spiritu,
2301 1449 2516 1505 ratione
2560 1449 2815 1504 essentia:
2848 1448 2984 1519 ipsis
3022 1451 3231 1507 unitus.
3276 1451 3466 1521 Neque

2541 2918 2691 2984 CAP.
2742 2928 2804 2987 V.

1953 3015 2010 3072 Si
2041 3016 2158 3073 haec
2186 3019 2376 3086 verba,
2411 3037 2548 3075 unus
2587 3025 2651 3077 de
2700 3025 2976 3095 Trinitate,
3025 3032 3357 3103 signiﬁcant,
3398 3042 3466 3089 ex

1877 3105 2172 3163 divinitate
2197 3116 2254 3163 et
2281 3124 2467 3176 carne,
2513 3127 2723 3184 ergone
2753 3114 3042 3176 Trinitatis
3065 3122 3175 3177 erit
3210 3125 3378 3179 caro?
3407 3124 3463 3179 Si

1876 3211 2009 3253 vero
2049 3198 2293 3256 Trinitas
2333 3202 2438 3257 sub
2471 3204 2659 3276 aliquo
2692 3219 2948 3279 reSpectu
2981 3212 3056 3267 sit
3084 3228 3299 3282 manas,
3329 3232 3464 3289 ergo
3546 3207 3550 3212 ’

1877 3289 2129 3346 monadis
2175 3300 2306 3347 caro
2356 3293 2510 3348 erit?
2545 3294 2602 3351 Si
2646 3305 2832 3354 autem
2876 3302 3128 3358 monadis
3182 3303 3256 3359 sit
3306 3321 3463 3373 caro,

1876 3394 2002 3435 cum
2028 3396 2159 3439 caro
2190 3383 2263 3440 sit
2284 3393 2492 3451 creata,
2519 3388 2800 3458 quomodo
2830 3391 3075 3451 increata
3101 3397 3208 3453 erit
3229 3400 3464 3455 monas‘l

1875 3476 1945 3529 At
1972 3490 2084 3545 quo
2108 3487 2434 3548 argumento
2466 3480 2779 3550 probabitis
2832 3485 2980 3555 quod
3007 3487 3113 3543 sub
3140 3486 3328 3561 aliquo
3370 3506 3459 3546 re-

1876 3574 2071 3638 spectu
2088 3583 2380 3627 commune
2399 3580 2504 3638 est,
2523 3571 2781 3632 illud'sub
2798 3576 2947 3633 omni
2965 3592 3194 3649 prorsus
3208 3591 3464 3651 respectu

1877 3674 2170 3717 commune
2197 3663 2515 3721 necessario
2542 3665 2703 3721 esse?
2740 3663 2797 3722 Si
2827 3683 2960 3740 ergo
2993 3682 3122 3726 caro
3152 3673 3462 3727 communi-

807 2921 1061 2986 ΚΕΦΑΛ.
1103 2927 1182 2985 E’.
1726 3000 1727 3005 γ

238 3014 308 3083 Et
348 3027 410 3082 τὺ
441 3020 530 3093 εἷς
556 3024 668 3093 τῆς
701 3020 942 3092 Τριάδος
997 3022 1063 3074 ὲκ
1116 3020 1372 3089 θεότητος
1428 3019 1523 3073 καὶ
1573 3014 1775 3088 σαρκὸς

165 3120 533 3193 σημαίνεται,
577 3115 695 3179 πῶς
723 3115 824 3169 οὑκ
858 3112 1012 3167 ἔσται
1039 3111 1137 3182 τῆς
1161 3110 1391 3183 Τριάδος
1415 3111 1560 3180 καὶὴ
1599 3107 1770 3177 cape;

165 3217 216 3269 εί
243 3213 305 3268 δὲ
342 3214 380 3285 ἡ
411 3210 544 3279 ἁγία
575 3207 748 3278 Τριὰς
768 3206 910 3261 κατά
936 3223 990 3259 τι
1017 3205 1184 3276 μονάς
1216 3206 1355 3269 ἔστι,
1377 3205 1479 3257 οὑκ
1508 3202 1659 3255 ἔσται
1684 3202 1776 3254 καὶ

162 3307 269 3379 τῆς
306 3302 549 3373 μονάδος
582 3302 617 3371 η
653 3296 833 3369 σάρξ·
863 3298 910 3351 εί
943 3296 1002 3350 δὲ
1029 3296 1129 3366 τῆς
1162 3293 1391 3365 μονάδος
1417 3294 1456 3366 ἡ
1485 3289 1793 3363 stipem-rw

169 3398 274 3469 στὴ
303 3395 363 3449 δὲ
400 3392 564 3463 αὕτη,
600 3390 717 3454 πῶς
748 3390 1006 3452 ἄκτιστος
1053 3390 1085 3459 ὴ
1121 3386 1325 3459 μονάς;
1368 3385 1531 3441 Ἀλλὰ
1573 3384 1659 3442 τίς⁵
1709 3382 1775 3436 ἂν

166 3491 255 3561 εἴη
288 3487 458 3555 λόγος
498 3485 627 3555 ὑμίν
659 3483 688 3536 ό
730 3480 1015 3553 παριστῶν
1068 3480 1130 3533 τὸ
1180 3478 1321 3535 κατά
1362 3494 1416 3531 τι
1458 3474 1771 3536 κοινωνοῦν,

167 3581 405 3643 πάντως
431 3574 687 3632 καὶκατὰ
713 3573 889 3627 πάντα
919 3572 1196 3626 κοινωνεῖν
1224 3568 1574 3638 ἁναγκαίως;
1608 3568 1655 3620 εί
1678 3562 1737 3619 οὗ
1753 3583 1773 3618 ν

169 3674 207 3744 ὴ
240 3668 387 3741 σὰρξ
420 3664 793 3735 κεκοινώνηκε
823 3665 893 3733 τῇ
914 3662 1135 3732 θεότητι
1164 3661 1310 3714 κατὰ
1340 3660 1441 3731 τὴν
1474 3658 1774 3712 ὑπόστασιν

175 3761 270 3816 τοῦ
307 3760 518 3826 Λόγου,
551 3755 627 3819 ὡς
649 3754 741 3809 διὰ
762 3753 924 3807 τοῦτο
957 3753 1055 3807 καὶ
1085 3749 1304 3821 ἀληθῶς
1335 3751 1435 3804 σὺν
1466 3747 1616 3833 αὑτῷ
1637 3744 1774 3802 εἶναι

179 3851 319 3922 μιᾶς
373 3847 483 3900 τῶν
537 3844 785 3913 μονάδων
837 3844 938 3913 τῆς
976 3842 1141 3911 ἁγίας
1187 3839 1440 3914 Τριάδοῖθ
1473 3840 1640 3910 ἤγουν
1674 3838 1774 3908 τῆς

180 3939 563 4009 ὑποπατικῆς
581 3935 957 4007 ἀριθμήσεως,
982 3935 1068 3997 τίς
1086 3934 1115 3986 ὁ
1150 3931 1469 4004 βιαζόμενος
1490 3929 1646 3999 λόγος
1662 3932 1775 3984 κοι-

179 4032 430 4104 νωνῆσαι
473 4029 642 4100 αὑτὴν
671 4028 768 4084 καὶ
803 4025 882 4095 τῷ
913 4025 1162 4079 οὑσιώδει
1193 4024 1353 4096 Λόγῳ
1371 4025 1470 4094 τῆς
1498 4023 1771 4094 θεότητος,

179 4124 354 4196 {Now
398 4120 480 4190 τῷ
523 4120 624 4191 τῆς
649 4119 867 4189 φύσεως
892 4117 1039 4187 λόγῳ
1066 4115 1210 4169 κατὰ
1242 4116 1304 4171 τὸ
1333 4114 1624 4186 μοναδικὸν
1673 4114 1774 4183 τῆς

182 4215 479 4287 ὑπάρξεως
515 4212 616 4281 τῆς
642 4212 795 4276 θείας
829 4207 1493 4283 συμπεριλαμσανομὲνην
1547 4208 1644 4261 σὺν
1679 4207 1771 4260 ab-

181 4310 285 4379 τῇ;
325 4307 394 4361 δι’
428 4303 562 4361 αὑτὸ
594 4304 708 4374 γὰρ
751 4303 817 4374 δὴ
861 4300 1022 4355 τοῦτο
1048 4301 1358 4355 τούναντίον
1400 4299 1582 4371 φαμὲν
1612 4300 1774 4370 ἡμεῖς

180 4400 295 4462 τοῖς
318 4395 610 4468 ὑμετέροις
630 4413 647 4428 ·
672 4395 759 4448 ὅτι
811 4393 937 4447 ἐπεὶ
959 4392 1156 4463 ἐκείνῳ
1175 4391 1253 4464 τῷ
1268 4392 1428 4464 Λόγῳ
1462 4391 1599 4463 ἔφθη
1634 4389 1777 4445 κατὰ

185 4489 286 4561 τὴν
326 4488 579 4542 εὐδοκίαν
619 4487 720 4556 τῆς
768 4486 1083 4556 οίκονομίας
1112 4484 1381 4556 ὲνωθῆναι
1425 4486 1493 4556 τῇ
1546 4483 1708 4554 σαρκὶ
1740 4483 1775 4553 ἡ

188 4580 410 4651 θεότης,
469 4577 593 4632 καθ’
642 4576 672 4630 θ
717 4576 814 4631 καὶ
858 4576 995 4646 πρὸς
1044 4576 1245 4646 ἑαυτήν
1295 4590 1413 4639 πως
1459 4573 1779 4644 διαφέρεται

188 4670 364 4740 ἧγουν
390 4668 536 4724 κατὰ
559 4667 660 4740 τὴν
691 4667 1012 4734 ὑπόστασιν,
1033 4666 1467 4738 ὡμολογημένως
1498 4665 1598 4719 οὐκ
1625 4664 1779 4719 ἔσται

190 4761 331 4834 πρὸς
353 4759 528 4831 αὐτὴν
565 4757 708 4814 κατὰ
766 4758 923 4828 λόγον
945 4757 1133 4821 οὐσίας
1179 4755 1510 4812 κοινωνοῦσα
1549 4754 1673 4808 καθ’
1719 4754 1779 4806 ὃν

192 4853 335 4923 πρὸς
358 4848 559 4920 ἑαυτὴν
585 4847 663 4919 μὴ
683 4845 1004 4918 διαφέρεται
1024 4862 1037 4878 ’
1073 4848 1123 4899 εί
1147 4844 1256 4917 γὰρ
1285 4843 1405 4897 οὐδὲ
1428 4841 1548 4897 καθ’
1579 4840 1778 4911 ἑαυτὴν

192 4939 547 5014 θεωρουμένη
570 4942 605 5009 ἠ
637 4938 829 5009 θεότης
862 4940 923 4993 ἐν
958 4936 1292 5009 ἀμφοτέροις
1335 4937 1448 4997 τοῖς
1476 4933 1654 5003 λόγοις
1681 4933 1779 4987 αὑ-

190 5034 313 5104 τῆς,
344 5032 520 5103 manv
546 5031 660 5093 τοῖς
683 5029 787 5099 τῆς
808 5029 998 5092 οὐσίας
1020 5028 1115 5082 καὶ
1129 5028 1478 5089 ὑποστάσεως
1498 5025 1777 5080 δείκνυται

195 5118 536 5177 κοινωνοῦσα
556 5120 638 5192 (ἓν
657 5120 765 5192 γὰρ
788 5121 909 5176 κατ’
938 5120 1068 5174 ἄλλο
1094 5119 1231 5185 ἐστὶ,
1257 5120 1352 5172 καὶ
1367 5119 1495 5188 τρία
1511 5116 1632 5171 καθ’
1659 5117 1779 5170 ἓτε-

198 5209 288 5279 ρόν
307 5207 473 5278 ἐστιν
509 5208 628 5272 πῶς
647 5206 728 5278 τῷ
759 5209 890 5280 παρ’
912 5207 1084 5279 αὐτὴν
1108 5207 1221 5260 δντι
1246 5208 1344 5261 σὺν
1365 5210 1431 5280 τῇ
1452 5208 1618 5277 σαρκὶ
1655 5208 1777 5261 κατ’

196 5300 485 5372 ἀμφότερα
524 5301 971 5372 -κοινωνήσειςεί
1015 5299 1127 5370 γὰρ
1152 5299 1313 5353 τοῦτο
1358 5297 1466 5368 εἴη,
1505 5298 1674 5361 ὅντως
1711 5298 1778 5351 ἂν

200 5394 264 5462 τῇ
303 5391 469 5462 σαρκὶ
495 5391 634 5464 μόνῃ
658 5391 723 5445 τό
740 5406 800 5445 τε
829 5390 973 5462 ὑπὲρ
999 5390 1132 5444 Θεόν
1155 5405 1275 5452 πως
1308 5389 1403 5444 καλ⁵
1433 5388 1778 5458 ἁσυγκρίτως

200 5481 531 5553 ἁπλώτιρον,
553 5483 652 5537 καὶ
701 5483 905 5552 ἑαυτῆς
947 5480 1343 5551 ὑπερκείμενον
1391 5478 1811 5550 ἐμαρτύρησεν

199 5571 267 5627 ἂν
292 5574 327 5644 ﬁ
358 5571 584 5645 θεότης·
620 5573 712 5627 καὶ
762 5574 887 5628 τάδε
925 5574 1022 5642 μὲν
1050 5570 1223 5634 οὕτως
1244 5590 1258 5603 ο
1306 5573 1353 5624 εἰ
1385 5570 1440 5624 δὲ
1480 5569 1555 5639 τῷ
1588 5569 1773 5640 λεπτῷ

200 5660 292 5715 τοῦ
324 5661 681 5735 θεωρήματος
713 5662 844 5724 ίσως
891 5662 990 5714 οὑκ
1023 5658 1329 5726 εὑγνωστον
1355 5660 1482 5730 ὑμῖν
1520 5659 1579 5711 τὸ
1612 5659 1769 5730 λεγό-

479 5755 747 5816 Pnson.
805 5752 921 5814 Gn.
968 5749 1313 5813 LXXXVI.

1876 3751 2025 3807 cavit
2055 3752 2257 3808 Deitati
2294 3752 2351 3809 in
2386 3768 2623 3825 persona
2649 3754 2835 3824 Verbi,
2865 3757 2940 3814 ita
2970 3768 3036 3815 ut
3062 3776 3194 3816 vere
3231 3777 3357 3818 cum
3393 3779 3463 3820 eo

1875 3841 1950 3898 sit
1976 3857 2086 3898 una
2108 3858 2177 3899 ex
2197 3843 2530 3901 monadihus
2552 3845 2916 3905 sanctissima;
2943 3842 3255 3921 Trinitatis,
3275 3854 3329 3912 id
3352 3864 3461 3922 est,

1875 3949 1941 3989 ex
1972 3950 2335 4007 personarum
2372 3952 2639 3995 numero:
2666 3956 2799 3995 num
2828 3940 2956 3998 ideo
2981 3958 3208 4001 necesse
3245 3955 3331 4002 est
3373 3948 3460 4003 di-

1876 4034 2035 4081 catur
2060 4026 2255 4103 eadegn
2285 4034 2416 4084 caro
2456 4031 2897 4088 communicasse
2925 4030 3206 4090 divinitati
3248 4037 3464 4093 ratione

1875 4117 2153 4185 essentiae,
2182 4118 2236 4173 id
2263 4129 2370 4186 est,
2393 4120 2607 4177 ratione
2631 4132 2864 4192 naturae,
2893 4123 2950 4179 in
2973 4125 3182 4181 unitate
3205 4126 3464 4183 substan-

1880 4209 1973 4266 tiae
2023 4208 2226 4265 divina:
2279 4210 2447 4265 simul
2496 4226 2623 4267 cum
2680 4212 2773 4268 illa
2819 4214 3261 4285 comprehensa?
3310 4216 3465 4274 Hane

1882 4303 2032 4362 enim
2073 4301 2249 4373 ipsam
2292 4301 2365 4357 ob
2412 4318 2634 4359 causam
2680 4320 2783 4363 nos
2828 4312 3023 4363 contra
3054 4324 3154 4364 vos
3182 4309 3460 4368 dicimus:

1879 4408 2006 4449 cum
2040 4408 2140 4464 per
2169 4392 2388 4449 obviam
2423 4395 2794 4453 Providentiae
2823 4399 3169 4456 voluntatem
3201 4401 3356 4459 unita
3386 4403 3460 4458 sit

1880 4482 2034 4537 carni
2078 4479 2342 4538 divinitas
2390 4483 2495 4539 sub
2539 4484 2634 4541 il-lo
2658 4497 2940 4569 ’respectu
2988 4504 3105 4559 quo
3137 4491 3374 4562 aliquam
3409 4492 3464 4548 in

1880 4572 2062 4644 seipsa
2087 4571 2499 4631 distinctionem
2531 4576 2793 4645 admittit,
2828 4578 3041 4635 scilicet
3065 4583 3372 4654 respectiye
3396 4583 3468 4638 ad

1881 4663 2223 4736 hypostasim
2247 4683 2262 4720 :
2291 4664 2612 4722 fatebuntur
2639 4684 2832 4726 omnes
2865 4686 2985 4727 eam
3021 4688 3146 4728 cum
3167 4688 3333 4728 carne
3352 4690 3465 4730 non

1880 4755 2320 4811 communicasse
2360 4760 2667 4827 respective
2693 4760 2761 4815 ad
2800 4777 2954 4817 suam
2998 4772 3274 4830 naturam,
3306 4765 3464 4837 cujus

1881 4846 2098 4901 ratione
2147 4846 2355 4902 nullam
2410 4848 2652 4905 admittit
2684 4850 2743 4905 in
2792 4853 2972 4923 seipsa
3022 4852 3458 4909 distinctionem.

1878 4936 2036 5005 Quod
2083 4937 2130 4992 si
2173 4936 2522 4993 divinitatem
2566 4941 2622 4995 in
2675 4941 2857 5012 seipsa
2900 4942 3303 4999 cunsideratam
3346 4960 3464 5001 non

1881 5029 2295 5085 demonstratur
2334 5031 2746 5087 communicare
2794 5032 2899 5088 sub
2938 5032 3160 5090 duobus
3204 5037 3323 5093 suis
3377 5052 3466 5092 re«

1866 5122 2184 5192 'spectibus,
2221 5123 2275 5179 id
2306 5133 2411 5189 est,
2462 5122 2567 5179 sub
2614 5134 2871 5196 respectu
2913 5132 3031 5182 tum
3080 5136 3314 5194 naturae,
3346 5138 3461 5184 tum

1879 5212 2243 5283 hypostaseos
2288 5215 2475 5285 (unum
2503 5215 2650 5269 enim
2692 5225 2777 5271 est
2815 5216 2919 5272 sub
2963 5218 3162 5288 priori,
3195 5222 3299 5275 tria
3330 5235 3463 5273 vero

1879 5300 1983 5355 sub
2015 5302 2338 5374 posteriori)
2364 5320 2377 5355 :
2408 5302 2688 5372 quomodo
2722 5304 2806 5360 illi
2834 5306 2930 5377 qui
2960 5307 3015 5366 in
3046 5307 3127 5364 σε(
3141 5323 3270 5365 cum
3291 5323 3460 5363 carne

1880 5386 2050 5453 inest,
2094 5388 2200 5444 sub
2228 5388 2433 5459 duplici
2472 5399 2729 5461 respectu
2776 5389 3249 5453 communicabit?
3271 5395 3391 5450 line
3412 5390 3461 5452 si

1876 5486 2047 5544 esset,
2084 5480 2202 5536 sola
2240 5495 2407 5535 came
2454 5483 3112 5556 aliquidquodammodo.
3135 5502 3195 5542 se
3219 5486 3347 5555 ipsa-
3373 5486 3460 5541 di-

1876 5568 2089 5632 vinius,
2139 5579 2198 5625 et
2247 5558 2575 5641 simplicius,
2626 5586 2684 5631 et
2731 5579 3090 5634 excellentius
3126 5578 3462 5635 ostendisset

1849 5660 2163 5718 'divinitas.
2214 5663 2283 5718 Et
2323 5662 2397 5718 ita
2442 5665 2668 5736 quidem
2698 5683 2756 5723 se
2789 5684 2876 5725 res
2920 5669 3146 5723 habent.
3187 5665 3453 5736 Quoniam

3010 5758 3120 5818 55"
