3852 6134
508 176 692 241 1768⁸

1722 183 2049 243 LEONTII
2090 184 2494 247 BYZANTINI

3537 200 3657 269 1708‘

511 307 663 356 vero,
694 291 766 346 ob
793 302 1244 363 argumentorum
1266 293 1651 359 subtilitatem,
1684 295 1843 349 vobis
1864 296 2086 351 fortasse

2204 315 2390 367 μενον,
2416 303 2883 375 παχυμερεστέρῳ
2913 303 3054 374 ὑμᾶς
3088 305 3355 373 ἐλεγκτέον
3384 309 3451 380 τῷ
3480 316 3659 382 παραδεί-

508 396 619 438 non
645 385 779 438 sunt
802 382 944 438 bene
982 382 1112 438 nata
1138 400 1262 454 qua:
1292 378 1431 450 dixi,
1470 402 1561 442 res
1579 386 1738 442 vobis
1768 376 2095 443 elucidauda

508 482 597 529 est
626 470 881 544 exemplo
911 470 1017 529 sub
1050 490 1249 530 sensus
1283 476 1461 548 magis
1488 477 1740 534 cadente.
1782 478 1929 549 lgnis
1950 481 2096 549 parti

508 581 638 635 pars
684 564 817 620 ferri
870 565 1247 636 conglutinata
1302 567 1709 637 quodammodo
1753 585 1921 624 unam
1965 584 2093 625 cum

506 658 601 713 illa
633 656 801 713 ellicit
845 657 1209 729 hypostasim,
1260 674 1383 729 qua:
1430 660 1488 715 in
1537 676 1639 716 suo
1676 676 1798 717 esse
1830 662 1995 717 simul
2025 680 2094 720 ex

507 749 633 817 igne
668 756 727 803 et
764 746 914 803 ferro
942 751 1285 820 completur:
1313 759 1390 817 et,
1419 766 1544 805 cum
1574 751 1715 822 ignis
1747 759 1897 807 totus
1930 753 1986 808 in
2026 770 2090 810 ea

509 840 644 896 insit
699 842 913 898 ratione
963 858 1077 897 suae
1125 850 1358 907 naturae,
1408 858 1612 914 ergone
1652 846 1808 916 juxta
1849 861 1947 901 vos
1981 846 2091 902 dici

514 934 721 1004 poterit
743 934 855 1005 igni
889 933 1098 989 ferrum
1124 950 1246 989 esse
1274 934 1788 1007 consubstantiale?
1818 936 1873 992 Si
1905 946 2091 993 autem

512 1024 647 1079 illud
709 1019 1064 1081 evidentibus
1115 1025 1551 1080 demonstratum
1607 1032 1693 1080 est
1739 1026 2086 1094 rationibus,

504 1115 760 1186 proinde,
794 1124 862 1171 ex
893 1106 1144 1171 omnium
1173 1108 1448 1179 confesso,
1473 1112 1625 1169 aliud
1664 1122 1748 1170 est
1776 1116 2088 1172 communi-

503 1210 649 1264 catio
695 1222 805 1279 qua
832 1200 984 1263 varia
1010 1208 1147 1263 ferri
1179 1205 1337 1277 igniti
1361 1220 1593 1276 corpora
1630 1222 1819 1262 secum
1849 1208 2087 1264 invicem

503 1316 675 1354 unum
739 1299 985 1354 efﬁciunt
1029 1298 1087 1352 in
1133 1286 1445 1368 hypostasi,
1497 1303 1555 1351 et
1599 1297 1750 1353 aliud
1797 1300 1929 1355 unio
1976 1315 2088 1369 qua

504 1405 677 1444 unum
706 1396 1004 1444 censentur
1035 1402 1160 1441 cum
1192 1385 1274 1441 eis
1299 1385 1504 1455 quibus
1531 1386 1968 1458 unumquodque
1994 1388 2082 1442 est

502 1479 997 1536 consubstantialis
1043 1477 1100 1533 in
1141 1478 1422 1533 communi
1469 1487 1689 1533 natura.
1730 1471 1883 1550 Ergo
1931 1487 2083 1537 recte

502 1572 720 1627 dixistis
768 1568 1057 1626 Trinitatis
1088 1584 1209 1625 esse
1246 1584 1495 1633 carnem,
1537 1569 1654 1624 haec
1682 1570 1829 1624 enim
1863 1586 1972 1627 una
2000 1581 2086 1629 est

2202 407 2333 459 ματι
2354 407 2368 420 ·
2400 392 2523 445 ἐπεὶ
2538 394 2649 463 γὰρ
2676 394 2834 465 μέρει
2856 396 3027 467 πυρὸς
3053 396 3215 467 μέρος
3234 398 3435 469 σιδήρου
3451 405 3568 457 κατά
3581 422 3664 459 τινα

2198 480 2499 537 ὑπόστασιν
2527 483 2681 539 τοῦδέ
2705 502 2852 549 τινος
2900 488 2994 541 τοῦ
3040 489 3239 558 μύδρον
3268 492 3527 561 συνῆπταν
3547 496 3593 548 τὸ
3628 498 3667 551 δὲ

2196 565 2338 624 εἶναι
2366 571 2539 645 ταύτῃ
2568 574 2633 628 ἐκ
2658 576 2831 649 πυρός
2860 593 2918 630 τε
2944 578 3038 631 τοῦ
3058 578 3238 633 κοινοῦ
3265 581 3353 635 καὶ
3368 582 3549 654 σιδήρου
3567 586 3666 657 πλη-

2197 661 2390 732 ροῦται
2420 681 2434 695 ο
2466 664 2590 718 ἐπεὶ
2634 666 2696 720 τὸ
2736 666 2849 739 πῦρ
2880 668 3000 721 ὅλον
3045 668 3222 723 ἔνεστι
3261 671 3389 725 κατά
3419 674 3502 744 τὴν
3534 667 3670 743 οὖσιν,

2194 753 2331 817 πῶς·
2358 754 2458 809 οὐκ
2516 756 2671 811 ἔσται
2712 758 2893 827 λέγειν
2935 762 3028 814 καὶ
3077 761 3157 832 τῷ
3211 764 3336 832 πυρὶ
3383 765 3460 820 τδν
3512 768 3672 841 σίδηρον

2191 845 2478 917 όμοούσιον
2517 850 2639 905 καθ’
2664 852 2841 923 ὑμᾶς;
2865 853 2929 906 Εἰ
2962 853 3019 907 δὲ
3058 854 3215 908 τοῦτο
3244 858 3476 929 πρόδηλον
3504 861 3673 931 ἔχειτὸν

2191 939 2434 1010 ἔλεγχον,
2460 941 2713 1015 ὼμολογη
2723 945 2903 1014 μένως
2922 946 3045 1000 καθ’
3078 948 3270 1020 ἑτέραν
3296 954 3540 1007 κοινωνίαν
3558 954 3608 1007 τά
3630 974 3671 1009 τε

2192 1027 2251 1080 ὲν
2271 1027 2349 1095 τῷ
2417 1028 2605 1101 μύδρῳ
2651 1031 2882 1100 σώματα
2929 1024 3163 1105 διάφορα
3199 1035 3259 1089 τὺ
3298 1035 3353 1089 ἓν
3387 1036 3501 1091 είνοι
3539 1039 3672 1109 ἔχουσι

2192 1115 2289 1171 σὺν
2318 1116 2568 1188 ἀλλήλοις
2593 1120 2650 1171 ὲν
2667 1122 2732 1190 τῇ
2762 1120 3057 1176 ὑποστάσει
3081 1138 3096 1153 ⁸
3121 1125 3214 1178 καὶ
3231 1126 3347 1178 καθ’
3380 1127 3538 1195 ἑτέραν
3578 1129 3669 1182 ἕνω-

2192 1223 2279 1261 σιν
2301 1210 2464 1263 πάλιν
2485 1209 2543 1264 ἓν
2593 1214 2796 1266 νοεῖται
2824 1213 2947 1267 τάδε
2976 1215 3073 1269 σὺν
3109 1214 3221 1280 τοῖς
3250 1218 3436 1271 ἑαυτῶν
3478 1220 3672 1288 ἑκάτερον

2189 1300 2498 1370 ὁμοουσίοις
2526 1303 2584 1357 ἐν
2618 1306 2770 1374 κοινῇ
2812 1301 2879 1375 τῇ
2910 1304 3104 1374 φύσειο
3135 1307 3232 1376 τῆς
3257 1304 3344 1361 οὖν
3369 1309 3558 1379 Τριάδος
3577 1311 3668 1380 ἁλη-

2191 1389 2301 1454 θῶς
2322 1390 2489 1463 ἔφητε
2507 1392 2587 1446 ὅτι
2614 1392 2729 1477 ἐστι
2756 1394 2849 1447 καὶ
2884 1396 2917 1465 ἡ
2948 1396 3112 1466 σάρξ⁸
3166 1400 3289 1466 μιᾶς
3318 1398 3413 1470 γὰρ
3442 1401 3531 1453 τῶν
3554 1402 3668 1470 τριῶν

2190 1482 2546 1537 ὐποστάσεων
2568 1501 2582 1515 ·
2627 1483 2745 1538 ἀλλ’
2794 1478 2916 1557 οὐχὶ
2950 1487 3044 1541 καὶ
3090 1490 3191 1558 τῆς
3231 1490 3455 1560 μονάδος,
3494 1484 3530 1542 ὧ
3551 1487 3666 1551 οὗτοι,

2188 1573 2423 1645 πρώτως
2448 1575 2615 1648 ἤγουν
2642 1574 2829 1648 οἰκείῳ
2855 1578 2998 1649 λόγῳ
3019 1619 3033 1633 .
3078 1580 3219 1633 Ἀλλ’
3242 1581 3275 1649 ἡ
3322 1582 3469 1651 Τριάς
3497 1583 3605 1634 κατὰ
3637 1599 3669 1632 τι

503 1663 676 1717 trium
718 1665 1107 1732 personarum.
1150 1659 1257 1715 Sed
1292 1659 1447 1733 (pace
1490 1669 1674 1714 vestra
1717 1660 1921 1731 dicam)
1952 1679 2083 1719 caro

2193 1635 2286 1721 καὶ
2321 1635 2509 1738 μονάς.
2546 1670 2719 1734 ἐστιν,
2782 1635 3099 1739 ίσωςίέατέ.
3118 1635 3275 1724 Ἀλλά
3304 1635 3412 1725 κᾶτ’
3438 1635 3578 1726 έκεῖνο
3598 1672 3667 1725 οὒκ

498 1771 611 1812 non
649 1762 736 1810 est
760 1752 1013 1808 monadis
1039 1751 1304 1822 primario
1338 1766 1436 1806 seu
1468 1750 1521 1805 in
1542 1751 1766 1821 proprio
1800 1768 1987 1809 sensu.
2017 1785 2087 1797 —-

498 1848 591 1916 At,
632 1846 817 1904 forsan
848 1844 1119 1916 inquitis:
1148 1844 1391 1899 Trinitas
1421 1843 1525 1898 sub
1556 1843 1797 1912 quodam
1829 1855 2083 1915 respectu

2192 1757 2339 1813 ἐστιν
2364 1759 2569 1827 ὁμοίως
2589 1762 2654 1831 τῇ
2682 1760 2873 1830 Τριάδι
2900 1762 2996 1815 καὶ
3016 1761 3237 1835 μονάςή
3265 1763 3388 1834 σὰρξ
3415 1765 3496 1817 σὺν
3519 1764 3669 1828 αὐτοίς,

2192 1848 2610 1918 ἀπερίσκεπτοι.

494 1950 584 1997 est
621 1955 834 1998 monas.
858 1971 929 1980 —
949 1939 1156 1994 Verum
1203 1937 1306 1993 sub
1348 1937 1444 1992 illo
1469 1944 1724 2007 respectu
1755 1953 1949 1994 monas
1977 1955 2090 1997 non
2122 1951 2210 2001 est
2278 1955 2409 1998 caro
2446 1942 2646 1999 eodem
2684 1942 2850 2000 modo
2876 1959 2940 2000 ac
2999 1943 3252 2014 Trinitas,
3287 1945 3410 2001 heus
3436 1958 3518 2000 vos
3546 1940 3673 1997 medi-

503 2033 604 2088 tari
633 2030 921 2088 vobiscum
940 2030 1289 2085 nescientes.

1144 2144 1297 2201 CAP.
1351 2143 1442 2200 Vl.

556 2236 631 2295 *Si
683 2237 777 2292 ille
825 2252 962 2290 unus
1000 2236 1064 2289 d’e
1104 2234 1362 2289 Trinitale
1400 2249 1467 2290 ex
1496 2234 1788 2291 divinitate
1824 2243 1881 2290 ει
1917 2244 2086 2290 carne

498 2331 871 2401 compleatur,
902 2326 1262 2398 impassibilis
1285 2342 1418 2382 vero
1441 2326 1688 2382 Trinitas
1732 2334 2083 2399 agnoscatur,

498 2421 779 2493 quomodo
806 2435 920 2475 non
946 2419 1055 2474 erit
1086 2417 1465 2489 impassibilis,
1504 2432 1631 2473 cum
1661 2416 1943 2482 divinitas,
1969 2424 2087 2472 tum

499 2513 678 2568 caro?
707 2511 763 2568 Si
795 2518 983 2568 autem
1018 2508 1379 2580 impassibilis
1417 2517 1651 2578 utraque
1682 2507 1931 2579 sit,-quis
1950 2523 2088 2579 .pas-

499 2619 597 2660 sus
646 2613 734 2659 est
755 2618 875 2675 .pro
917 2602 1127 2658 nobis?
1163 2600 1299 2672 quid
1329 2599 1624 2656 dicebatur
1660 2600 1920 2671 passibile
1961 2609 2089 2656 ante

494 2695 1016 2752 resurrectionem?
1065 2694 1243 2748 Nemo
1296 2692 1454 2748 vobis
1503 2692 1744 2747 asseruit
1792 2706 1968 2746 unum
2022 2690 2092 2746 de

502 2783 777 2853 'l‘rinitate
827 2798 895 2839 ex
942 2781 1235 2836 divinitate
1282 2788 1340 2836 et
1386 2794 1553 2834 carne
1602 2780 1887 2850 compleri
1933 2781 2092 2850 juxta

2793 2143 3052 2198 ΚΕΦΔΔ.
3086 2147 3174 2212 ς’.

2265 2234 2331 2289 Ei
2379 2235 2443 2288 τὸ
2467 2232 2566 2301 -εἵς
2607 2233 2720 2305 τῆς
2757 2235 3001 2304 Τριάδος
3051 2236 3118 2289 ἐκ
3159 2234 3390 2306 θεότητος
3424 2235 3504 2290 καὶ
3528 2234 3671 2304 σαρκὸς
3752 2280 3753 2306 ἦ

2194 2324 2637 2397 ἀναπληροῦταιο
2673 2324 2893 2396 ἀπαθὴς
2921 2325 2978 2379 δὲ
3008 2328 3045 2397 ἡ
3072 2326 3237 2397 Τριάς
3263 2325 3573 2395 ὡμολόγηται,
3590 2322 3672 2384 πῶς

2193 2416 2296 2470 οὐκ
2326 2415 2481 2470 ἔσται
2532 2414 2751 2488 ἀπαθὴς
2791 2418 2827 2486 ἡ
2860 2415 3057 2487 θεότης
3087 2417 3182 2471 καὶ
3212 2415 3415 2487 ήσάρξ;
3439 2416 3480 2467 εί
3499 2415 3544 2468 δὲ
3567 2415 3669 2466 ἁπα-

2191 2506 2309 2579 θὴς,
2363 2508 2447 2573 τίς
2485 2510 2514 2563 ό
2544 2508 2732 2563 παθὼν
2763 2509 2905 2579 ὑπὲρ
2936 2508 3136 2579 ήμῶν;
3168 2510 3257 2563 καὶ
3287 2509 3334 2561 τί
3359 2508 3412 2562 τὺ
3454 2506 3669 2576 λεγόμενον

2190 2600 2437 2671 παθητὸν
2482 2600 2589 2671 πρὸ
2637 2600 2741 2670 τῆς
2803 2600 3192 2667 ἀναστάσεως;
3223 2599 3353 2653 Ἀλλ’
3399 2596 3539 2659 οὐδεὶς
3579 2595 3669 2665 ὑμῖν

2191 2689 2638 2762 ἀναπληροῦσθαι
2654 2691 2719 2744 ἐκ
2748 2689 3008 2760 θεότητος
3029 2690 3125 2745 καὶ
3146 2690 3334 2761 σαρκὸς
3354 2688 3555 2754 κατάτὴν
3572 2684 3667 2753 ὑμε-

2189 2783 2357 2854 τέραν
2383 2760 2612 2853 ἔπληψιν
2638 2782 2838 2835 δέδωκε
2861 2780 2955 2835 τδν
2986 2781 3088 2835 ενα
3122 2760 3464 2852 τῆςΤριάδος·
3483 2772 3665 2840 οὐδὲγὰρ
3752 2760 3753 2773 ‘

500 2884 742 2933 vestram
777 2873 1316 2945 interpretationem.
1350 2871 1556 2942 Neque
1599 2870 1750 2926 enim
1801 2871 2086 2928 divinitate

2194 2872 2268 2936 ὡς
2300 2872 2552 2936 ὲλλιποῦς
2585 2872 2740 2935 ὄντος
2781 2871 2877 2925 τοῦ
2927 2872 3112 2942 Λόγου
3153 2872 3248 2943 τῆς
3306 2871 3518 2939 θεότητος
3549 2867 3593 2919 ὲν
3611 2861 3663 2932 τῷ

498 2966 726 3023 carebat
753 2964 1001 3021 Verbum
1027 2963 1084 3018 in
1109 2963 1272 3029 Filio,
1304 2961 1540 3028 ratione,
1567 2970 1684 3017 tum
1709 2968 1942 3029 naturae,
1969 2971 2086 3018 tum

494 3051 883 3127 bypostaseos,
915 3060 1099 3123 neque
1131 3051 1442 3122 respective
1481 3050 1549 3105 ad
1580 3042 1917 3105 Trinitatem
1958 3067 2085 3121 per-

503 3158 766 3202 sonarum
819 3143 908 3199 vel
960 3143 1028 3199 ad
1090 3141 1359 3200 unitatem
1420 3151 1634 3198 natura:
1692 3142 2085 3213 incompletum

503 3226 625 3295 erat
675 3237 919 3295 Verbum
956 3230 1022 3291 in
1055 3236 1241 3306 seipse
1279 3235 1400 3291 sine
1435 3249 1603 3290 carne
1649 3234 2082 3302 consideratum,

504 3338 800 3400 antequam
844 3341 975 3383 caro
1014 3321 1083 3382 ab
1112 3322 1232 3396 ipso
1266 3332 1662 3388 assumeretur,
1710 3322 1926 3393 ipsique
1956 3339 2088 3394 .pas-

505 3420 685 3476 sibilis
721 3416 1049 3489 impassibili
1092 3414 1436 3488 hypostatice
1482 3413 1761 3468 uniretur.
1794 3413 1915 3467 Non
1937 3413 2085 3468 enim

505 3512 575 3567 ad
622 3510 1019 3583 perfectionem
1060 3508 1151 3564 vel
1190 3505 1657 3577 complementum
1708 3504 2086 3575 assumptione

504 3602 781 3675 passionis
826 3609 884 3657 et
929 3598 1208 3672 passibilis
1253 3598 1367 3654 Deo
1414 3606 1554 3667 Opus
1582 3604 1721 3652 erat.
1752 3592 1851 3664 Ac,
1882 3588 1997 3651 sive
2028 3596 2087 3650 in

506 3694 954 3765 impassibilitate
998 3707 1109 3763 qua
1153 3688 1427 3762 gaudebat
1468 3697 1525 3744 et
1566 3696 1694 3743 ante
1742 3696 1799 3743 et
1833 3697 1957 3759 post
1995 3680 2087 3742 in-

504 3782 905 3847 carnationem,
937 3780 1056 3835 sive
1086 3779 1143 3833 in
1173 3776 1359 3834 carnis
1389 3776 1741 3849 passionibus
1767 3775 2087 3833 considere-

495 3879 597 3929 ‘tur
625 3873 895 3940 Verbum,
929 3871 1077 3927 idem
1106 3886 1236 3927 vere
1265 3868 1596 3926 ostenditur.
1624 3867 1695 3923 At
1726 3868 1955 3924 minime
1980 3883 2086 3925 nos

503 3980 575 4020 ex
618 3962 708 4021 his
751 3977 877 4034 quas
917 3970 1037 4018 tum
1084 3967 1213 4018 ante
1256 3960 1691 4016 incarnationem
1730 3958 1922 4024 Verbi,
1968 3966 2086 4013 tum

505 4065 631 4130 post
656 4055 847 4111 carnis
889 4054 1011 4126 ejus
1052 4053 1521 4109 resurrectionem
1550 4050 1897 4119 admisimus,
1922 4066 2085 4107 revo-

503 4148 645 4206 catis
672 4147 912 4204 dicendo
958 4142 1285 4217 simpliciter
1323 4144 1719 4215 impassibilem
1749 4158 1869 4200 esse
1896 4142 2082 4199 Trini-

2193 2963 2306 3034 Υἱῷ
2329 2962 2470 3018 κατά
2496 2963 2660 3032 φύσιν
2703 2963 2736 3034 ἢ
2780 2963 3106 3031 ὑπόστασιν,
3145 2965 3237 3017 καὶ
3263 2964 3334 3025 είς
3354 2961 3434 3014 τὸν
3449 2960 3526 3027 τῆς
3547 2970 3662 3027 προσ-

2194 3056 2411 3126 ωπικῆς
2434 3055 2664 3128 Τριάδος
2685 3053 2941 3125 ἀριθμὸν,
2962 3055 3000 3126 ἢ
3030 3055 3131 3126 τῆς
3160 3055 3374 3125 φυσικῆς
3398 3049 3590 3123 μονάδος,
3611 3044 3660 3114 μὴ

2193 3146 2574 3211 συντελοῦντος
2600 3145 2694 3200 τοῦ
2720 3145 2898 3214 Λόγου
2945 3148 3112 3215 μόνον
3142 3146 3260 3200 καθ’
3291 3144 3432 3200 αὐτὸν
3457 3139 3660 3209 ἀσάρκωςς

2192 3240 2226 3308 ἡ
2258 3239 2552 3307 πρόσθεσις
2569 3238 2668 3307 τῆς
2708 3238 2916 3309 σαρκὸς
2941 3239 3099 3309 αὐτῷ
3131 3235 3503 3308 προσείληπται,
3525 3231 3661 3283 Mm-

2193 3326 2365 3378 στᾶσα
2398 3318 2688 3395 τῷἁπαθεί
2717 3326 2919 3397 αὐτῷή
2950 3326 3202 3398 παθητὴ·
3226 3326 3283 3379 οὐ
3304 3324 3400 3394 γὰρ
3425 3323 3490 3383 εἰς
3510 3315 3646 3371 τελείαν

2192 3432 2276 3469 σιν
2304 3416 2400 3470 καὶ
2422 3416 2703 3495 πλῇρωσιν
2733 3418 2854 3490 Θεῷ
2868 3417 3079 3482 πάθους
3100 3420 3194 3472 καὶ
3220 3412 3435 3486 παθητοῦ
3452 3411 3661 3476 ἐπίκτησις

2190 3505 2349 3576 χρεία
2368 3522 2382 3536 ο
2417 3506 2512 3559 καὶ
2537 3506 2606 3558 τά
2636 3505 2767 3575 γοῦν
2781 3508 2880 3577 τῆς
2909 3507 3022 3577 πρὸ
3053 3505 3248 3576 σαρκδς
3278 3502 3364 3556 καὶ
3391 3497 3508 3569 μετά
3536 3494 3661 3577 σάρκα

2192 3592 2465 3659 ἀπαθείας
2493 3596 2658 3650 αὐτοῦ
2694 3599 2722 3651 ό
2742 3576 2935 3665 Λόγος,
2960 3576 3061 3651 παὶ
3086 3596 3155 3650 τά
3180 3595 3275 3666 τῆς
3290 3589 3461 3663 σαρκὸς
3482 3587 3525 3640 δὲ
3545 3576 3663 3638 αὑτοῦ

2193 3688 2367 3758 πάθη,
2396 3691 2425 3742 ό
2453 3689 2616 3753 αὐτὸς
2643 3686 2860 3760 ἀληθῶς
2890 3688 3281 3743 ὲπιδείκνυται’
3313 3682 3430 3738 ἀλλά
3467 3672 3661 3749 μηδαμῶς

2191 3779 2337 3850 ἡμᾶς
2356 3780 2421 3833 ὲκ
2446 3778 2555 3833 τῶν
2586 3778 2692 3849 πρὸ
2737 3778 2838 3849 τῆς
2869 3777 3201 3850 σαρκώσεως
3242 3774 3328 3829 τοῦ
3364 3771 3523 3840 Λόγου,
3542 3765 3568 3835 ἢ
3588 3760 3661 3815 τῶν

2194 3870 2335 3942 μετά
2361 3869 2460 3943 τὴν
2483 3870 2781 3925 ἀνάστασιν
2797 3869 2897 3940 τῆς
2925 3869 3131 3941 σαρκὸς
3153 3865 3307 3921 αὐτοῦ
3323 3852 3663 3943 ὡμολογημένφν

2194 3940 2575 4031 συναρπάζετε
2618 3960 2870 4030 λέγοντες
2921 3940 3111 4022 ἁπλῶς
3159 3959 3237 4012 ὅτι
3283 3949 3469 4021 ἀπαθής
3504 3947 3532 4016 ἠ
3569 3940 3661 4031 ἁγίᾳ

2192 4026 2393 4124 Τριάξ·
2421 4050 2669 4124 φανερῶς
2684 4026 2794 4121 τὰρ
2816 4049 2945 4120 ὑμῖν
2967 4049 3088 4104 τάδε
3104 4043 3459 4131 ὁμολογοῦμεντ
3482 4037 3545 4131 Ῠτί
3560 4026 3658 4131 κῗτί

2191 4119 2284 4196 τόν
2312 4141 2504 4214 καιρὸν
2684 4119 2952 4210 ὲνσάρτιου
3001 4136 3289 4208 ἐπιδημίας
3331 4130 3414 4184 τοῦ
3434 4125 3563 4214 Λόγου
3592 4119 3658 4214 ἐξ·
3748 4122 3749 4161 ῖ

505 4247 676 4293 tatem
704 4256 718 4292 :
757 4237 903 4293 clare
950 4205 1101 4292 enim
1133 4205 1462 4307 proﬁtemur
1485 4241 1540 4291 et
1566 4249 1691 4300 nos,
1717 4248 1784 4289 ex
1810 4247 1922 4304 quo
1948 4232 2086 4288 Ver-

2193 4233 2292 4305 γῆς
2316 4205 2507 4304 ὥσπερ
2536 4205 2637 4284 οὐξι
2683 4205 2927 4301 ἄσαρκος
2952 4224 3023 4301 ἦν
3053 4205 3201 4283 πᾶσα
3235 4226 3267 4296 η
3297 4222 3413 4291 ἁγία
3435 4205 3653 4307 musca.

502 4328 636 4382 bum
685 4340 814 4381 caro
858 4325 1065 4381 factum
1110 4323 1385 4380 habitavit
1430 4323 1489 4379 in
1545 4323 1733 4389 terris,
1783 4322 1929 4378 sicut
1976 4335 2088 4377 non

502 4414 623 4471 sine
668 4429 837 4471 carne
882 4414 989 4469 fuit
1030 4414 1295 4469 universa
1328 4427 1691 4484 personarum
1721 4409 1987 4477 Trinitas,
2014 4410 2089 4464 ita

500 4522 606 4564 nec
638 4505 1039 4579 impassibilem
1085 4503 1255 4561 fuisse
1299 4519 1519 4559 omnem
1565 4503 1732 4574 hujus
1772 4517 2087 4573 personam,

501 4600 631 4673 quia
663 4598 947 4672 passibilis
985 4604 1071 4652 est
1098 4595 1327 4661 Christi,
1370 4594 1526 4666 juxta
1554 4592 1691 4648 illud
1740 4593 1915 4648 sancti
1958 4608 2091 4663 apo-

500 4693 628 4749 stoli
672 4691 950 4748 dicentis:
989 4708 1008 4740 ι
1045 4689 1115 4743 Εῑ
1142 4687 1357 4761 primus
1395 4702 1464 4740 ex
1492 4685 2081 4740 resurrectionemor-

501 4786 790 4841 tuorumb.
832 4804 851 4838 ι
889 4782 1163 4840 Hic‘enim
1195 4788 1279 4837 est
1303 4779 1483 4851 ipsum
1511 4778 1755 4834 Verbum
1781 4778 1927 4847 quod
1960 4786 2081 4832 erat

499 4876 556 4929 in
582 4875 881 4946 principio.
911 4869 1277 4944 Impassibilis
1296 4884 1429 4925 vero
1450 4877 1535 4925 est
1560 4868 1768 4935 divina,
1798 4876 1914 4923 tum
1938 4868 2078 4939 ejus,

501 4975 618 5019 tum
656 4967 859 5034 Patris,
897 4975 1011 5021 tum
1040 4963 1283 5035 Spiritus
1322 4962 1498 5017 sancti
1537 4969 1759 5027 natura,
1803 4975 1926 5030 quae
1962 4958 2079 5026 sive

2189 4296 2560 4390 iam...“
2585 4319 2756 4386 οὕτως
2790 4296 2912 4376 οὐδὲ
2933 4296 3152 4393 ἀπαθὴς
3171 4314 3235 4391 ἦν
3262 4316 3398 4370 πᾶσα
3417 4304 3547 4372 αὐτῆς
3561 4296 3653 4353 ire

2191 4434 2399 4484 στασις,
2433 4418 2482 4470 ει
2535 4414 2775 4485 παθητὸς
2830 4415 2859 4467 ό
2908 4412 3145 4485 Χριστὸς
3196 4407 3330 4464 κατά
3358 4404 3435 4458 τὸν
3477 4398 3648 4485 φήσξντα

2189 4476 2427 4576 ἀγιονξί
2457 4506 2553 4561 καὶ
2575 4476 2790 4578 «ptine;
2813 4504 2873 4569 ἐξ
2897 4476 3242 4563 ἀναστάάεως
3262 4494 3473 4568 νεκρῶν
3495 4505 3510 4538 ’

2188 4570 2297 4670 γάρ
2321 4570 2437 4652 ἐστι
2467 4599 2562 4652 και
2588 4570 2819 4667 δ’Λόγος
2843 4595 3005 4660 αὑτδς
3032 4596 3061 4647 ὁ
3088 4594 3145 4646 ὲν
3175 4586 3338 4663 ἀρχῆ’
3370 4570 3647 4670 Nam“?

2189 4660 2223 4760 ἦ
2246 4660 2367 4742 θεία
2413 4690 2575 4759 φύσις
2630 4660 2749 4743 ἐστί
2781 4660 2946 4742 αὐτοῦ
2981 4704 3045 4740 τε
3072 4686 3165 4739 καὶ
3189 4660 3278 4735 τοῦ
3306 4672 3481 4746 ἀγαθοῦ
3502 4660 3646 4732 Πατρῇς

2188 4779 2398 4834 καὶτοῦ
2430 4780 2588 4849 ἁγίου
2620 4778 2941 4848 Πνεῦματος
2973 4764 3163 4842 αὗτοῢ,
3203 4775 3317 4845 ἥτις
3342 4772 3393 4821 έν
3420 4762 3647 4850 ἀσάρκῳξε

2189 4870 2284 4922 καί⁸
2316 4870 2712 4943 σεσαρκωμένῃ
2735 4874 2800 4941 τῇ
2833 4867 2973 4939 αὐτῇ
2996 4864 3284 4921 ὑποστάσει
3310 4858 3394 4913 τοῦ
3426 4853 3560 4920 Λόγου
3582 4854 3648 4909 της

2187 4960 2445 5031 ἀληθείας
2481 4961 2635 5015 ἔστιν
2650 4961 2756 5016 ἀεί.

500 5066 627 5113 ante
648 5058 761 5111 sive
809 5064 933 5128 post
978 5056 1445 5121 incarnationem,
1486 5054 1540 5108 in
1588 5051 1782 5108 eadem
1814 5038 2049 5122 persona
2079 5053 2244 5123 Verbi
2270 5053 2517 5109 veritatis
2542 5069 2716 5124 usque
2742 5062 2944 5109 manet.

1094 5167 1438 5247 gcar.vu.

569 5287 631 5344 Si
660 5264 755 5341 ille
786 5299 925 5338 unus
959 5285 1023 5337 de
1056 5284 1313 5339 Trinitate
1336 5297 1405 5337 ex
1435 5279 1639 5336 deitate
1662 5288 1719 5334 et
1743 5293 1907 5335 carne
1929 5294 2076 5335 coms

499 5366 1043 5452 pleaturjquomodo
1075 5389 1187 5428 non
1233 5374 1343 5429 erit
1383 5372 1475 5427 ille
1508 5386 1653 5426 unus
1681 5370 1751 5426 de
1781 5370 2071 5436 Trinitate,

498 5472 645 5530 sicut
688 5471 855 5535 Deus,
902 5468 978 5522 ita
1021 5474 1078 5522 et
1123 5464 1333 5520 homo?
1368 5471 1425 5518 et
1462 5464 1507 5518 si
1536 5463 1640 5517 hoc
1661 5470 1766 5528 est,
1797 5461 2073 5532 quomodo

570 5613 603 5659 δ
631 5584 843 5673 Coloss.
871 5627 911 5680 ι,
948 5609 1031 5667 18.

2787 5166 3032 5222 ΚΕΦΑΛ.
3085 5167 3158 5219 Ζ’.

2255 5280 2322 5333 Ei
2348 5280 2408 5332 τὸ
2439 5273 2527 5346 εἷς
2555 5277 2666 5349 τῆς
2706 5277 2949 5347 Τριὰὂος
2997 5279 3061 5331 ἐκ
3115 5275 3350 5345 θεότητος
3382 5266 3461 5323 καὶ
3504 5250 3648 5349 σαρίδῖ

2182 5347 2625 5445 ἀναπληροῦταιέ
2675 5370 2792 5435 πῶς
2819 5372 2919 5425 οὐκ
2968 5371 3119 5423 ἔσται
3166 5362 3294 5429 ὑεῖς
3336 5363 3423 5430 τῆς
3464 5347 3645 5445 Τριόδοῆ

2182 5461 2372 5533 ὥσπερ
2389 5429 2531 5526 ’ὸεὸς
2555 5429 2727 5526 etiam;
2757 5429 2852 5517 διαὶ
2894 5462 3197 5534 ἄνθρωπος,
3222 5455 3310 5511 καὶ
3334 5429 3566 5522 ὁμοσύσίοε
3582 5429 3645 5488 ἀἱ

3162 5706 3258 5719 ...ιο-ρ
3286 5705 3299 5713 ο
