4200 6426
628 436 704 502 75
1929 431 2287 492 JOANNIST

2279 431 2659 492 ΜᾹΧΕΝΤΙῙ
3616 381 3619 386 .
3836 441 3911 506 ’Τῦ

639 557 923 612 veterum
966 546 1207 608 Latinis
1240 545 1315 605 de
1361 561 1483 603 una
1522 557 1790 621 persona
1822 548 1882 602 et
1914 543 2164 603 «lnabus
2198 542 2446 604 naturis
2487 543 2771 616 Domini,
2808 542 3030 623 Tigur.
3066 543 3239 620 1571,
3285 546 3420 622 fol.,
3457 551 3609 612 etin
3654 551 3910 616 Biblio-

633 647 839 708 thecis
876 648 1151 714 Patrum,
1193 643 1387 702 Paris.
1422 641 1592 715 I575,
1630 649 1779 702 tom.
1818 642 1894 714 V,
1930 648 1992 703 et
2022 639 2200 711 1589,
2238 649 2390 705 tom.
2424 644 2532 718 IV,
2567 647 2628 704 et
2662 643 3028 720 1654-1654,
3062 652 3214 709 tom.
3246 647 3355 721 lll,
3385 650 3692 712 etColon.
3726 654 3906 725 1618,

635 761 786 812 tom.
836 749 940 818 Vl,
976 757 1036 807 et
1083 745 1281 822 Lugd.
1335 746 1510 816 1672,
1556 751 1708 807 tum.
1769 746 1886 808 lx.
1940 747 2129 807 Hunc
2180 762 2324 806 cum
2375 748 2623 809 Joanne
2669 747 3200 828 ScytbOpolit-ano
3258 751 3552 832 plerique
3609 757 3908 817 eumdem

638 849 902 911 faciunt.
950 849 1101 927 Ejus
1155 848 1396 926 stylum
1451 849 1664 910 laudat
1718 849 1981 910 Photius
2033 850 2175 912 cod.
2221 850 2321 920 95,
2367 866 2480 926 pro
2514 852 2765 929 synodo
2797 850 3330 931 Chalcedonensi,
3366 858 3528 919 bene
3566 859 3908 936 scripsisse

638 955 906 1010 testatus
946 948 1087 1010 cod.
1145 949 1286 1009 231.

1746 1311 2683 1407 sssTESTIMONIA

1377 1511 1480 1570 DE
1529 1507 1843 1569 JOANNE
1891 1505 2329 1568 MAXENTIO
2371 1503 2724 1577 EJUSQUE
2774 1507 3187 1568 OPERIBUS.

699 1813 968 1871 Joannem
1015 1810 1349 1867 Maxentium
1395 1816 1453 1864 et
1486 1809 1669 1864 socios
1699 1809 1818 1878 ejus
1849 1807 2154 1862 monachos
2195 1807 2430 1878 Scythas
2461 1809 2721 1879 (quorum
2777 1808 3020 1876 nomina,
3069 1820 3128 1864 ut
3160 1811 3506 1866 Justinianus
3553 1812 3606 1866 in
3640 1812 3802 1882 epist.
3837 1811 3908 1868 ad

634 1910 982 1967 Hormisdam
1010 1924 1207 1980 papam
1243 1914 1497 1970 testatur,
1531 1914 1682 1968 sunt,
1719 1905 1977 1970 Achilles,
2006 1903 2269 1970 Joannes,
2295 1903 2584 1966 Leontius.
2613 1904 2940 1975 Maxentius)
2970 1905 3142 1961 fuisse
3170 1905 3347 1976 palam
3379 1906 3752 1977 Eutycbianos
3778 1924 3909 1977 per-

634 2006 796 2071 fidos,
826 2004 1118 2059 damnatos
1149 2018 1179 2057 a
1210 2004 1457 2058 Romana
1482 2001 1728 2056 Ecclesia
1769 2008 1824 2054 et
1862 1999 2114 2070 ingentes
2139 2000 2333 2055 turbas
2360 2000 2416 2055 in
2456 1999 2702 2056 Ecclesia
2730 2001 3002 2057 catholica
3036 2003 3326 2066 excitasse,
3357 2017 3483 2057 cum
3511 2001 3908 2059 Constantino-

633 2097 896 2168 poli,tum
923 2097 1130 2163 Romae,
1147 2110 1216 2151 ex
1241 2095 1428 2152 multis
1455 2093 1818 2152 relationibus
1847 2102 1904 2148 et
1923 2093 2174 2162 epistolis
2204 2094 2512 2164 legatorum
2529 2093 2835 2150 llormisdse
2856 2110 3010 2165 papa:
3030 2111 3154 2166 qua:
3177 2094 3454 2150 habentur
3488 2102 3621 2148 tom.
3647 2094 3664 2147 Ι
3690 2095 3910 2165 Episto-

635 2190 809 2245 larum
864 2191 1238 2246 Bomanorum
1301 2189 1645 2260 pontiﬁcum,
1685 2198 1744 2244 et
1799 2203 1869 2242 ex
1910 2185 2080 2242 variis
2109 2187 2360 2256 epistolis
2390 2187 2639 2257 ejusdem
2671 2187 2729 2244 S.
2763 2187 3088 2253 Horisdaa,
3127 2188 3216 2242 illa
3250 2190 3560 2258 praesertim
3595 2185 3662 2240 ad
3683 2187 3909 2241 Posses-

633 2297 816 2336 sorem
849 2282 1197 2353 episcopum,
1229 2281 1579 2352 apertissime
1627 2280 1994 2351 intelligitur:
2022 2279 2427 2351 profitebantur
2455 2279 2605 2335 enim
2651 2281 2839 2349 specie
2878 2288 3040 2335 tenus
3087 2295 3148 2335 se
3180 2281 3402 2335 concilii
3443 2279 3913 2335 Chalcedonensis

631 2381 962 2438 assertores,
991 2381 1053 2428 ut
1078 2373 1270 2428 videre
1302 2381 1387 2428 est
1417 2374 1474 2428 in
1499 2381 1616 2428 toto
1669 2373 1776 2429 hoc
1801 2387 1987 2442 opere,
2019 2387 2083 2428 ac
2139 2371 2489 2442 potissimum
2539 2371 2596 2426 in
2649 2371 2933 2442 pramissa
2988 2371 3115 2426 fidei
3173 2372 3535 2442 professione,
3560 2387 3686 2425 cum
3717 2385 3911 2425 revera

634 2463 798 2518 ﬁdem
857 2463 1075 2519 concilii
1128 2463 1594 2520 Chalcedonensis
1636 2473 1752 2519 arte
1793 2463 2049 2530 subdola,
2080 2479 2145 2519 ac
2174 2463 2392 2518 vafritie
2425 2464 2700 2519 haereticis
2728 2464 2892 2519 insita
2924 2464 3254 2520 labefactare
3284 2466 3598 2521 niterentur
3803 2462 3910 2528 (Cf.

636 2557 860 2624 Darem,
894 2567 932 2612 t.
963 2560 1053 2615 VII
1105 2559 1302 2615 Annal.
1329 2561 1529 2616 cales.
1566 2561 1637 2614 ad
1671 2579 1800 2615 ann.
1837 2560 1962 2628 519,
1991 2577 2117 2631 cap.
2164 2559 2226 2615 81
2256 2577 2423 2631 usque
2466 2559 2536 2614 ad
2577 2559 2666 2626 89,
2699 2568 2748 2614 et
2780 2578 2825 2614 c.
2865 2559 2934 2617 97
2962 2577 3124 2632 usque
3155 2561 3225 2614 ad
3269 2560 3393 2627 126,
3428 2570 3476 2613 et
3519 2560 3588 2613 ad
3621 2576 3748 2614 ann.
3785 2557 3912 2624 520⁹

633 2673 751 2726 cap.
793 2656 860 2710 12
888 2671 1052 2724 usque
1081 2655 1154 2710 ad
1187 2655 1301 2725 28.)

704 2747 980 2816 Quocirca
1025 2747 1212 2803 omnia
1239 2764 1582 2820 quaecunque
1619 2749 1710 2805 hic
1734 2757 2026 2820 ponuntur
2058 2762 2229 2820 opera
2253 2747 2513 2806 Maxentii
2546 2750 2862 2805 cautissime
2895 2750 3150 2821 legenda,
3183 2765 3289 2804 nec
3308 2749 3417 2804 illis
3453 2747 3754 2810 fidendum.
3784 2749 3913 2802 cuin

635 2843 808 2895 lateat
850 2839 1208 2912 Eutychianaa
1241 2841 1518 2916 hereseos
1547 2855 1844 2896 venenum.
1894 2841 2367 2913 Excusandusque
2394 2842 2650 2909 Cocleus,
2679 2845 2774 2913 qui
2811 2859 2981 2915 opera
3012 2845 3268 2900 Maxentii
3315 2845 3419 2898 sub
3461 2844 3686 2898 nomine
3716 2843 3915 2896 ortho-

635 2931 763 2988 doxi
795 2931 974 2988 Patris
1004 2933 1219 3004 primus
1245 2933 1440 2999 edidit,
1469 2933 1516 2988 si
1551 2935 1780 2990 technas
1817 2935 2240 3005 etimpostui-as
2264 2936 2451 2992 callidi
2482 2937 2814 3010 Eutyrbiani
2843 2939 2930 2993 vir
2964 2939 3172 3008 probus
3212 2947 3269 2991 et
3302 2938 3554 2991 sincerus
3582 2951 3692 2989 non
3737 2935 3913 2990 intro-

631 3025 905 3095 spexerit,
931 3040 1056 3080 cum
1083 3025 1351 3096 epistolas
1380 3035 1630 3097 tempore
1665 3026 1968 3082 Ilormisdas
1996 3042 2152 3097 papa
2176 3026 2324 3082 ultro
2351 3027 2604 3098 citroque
2627 3029 2801 3094 datas,
2831 3031 2887 3084 in
2918 3029 3124 3100 quibus
3152 3029 3264 3083 doli
3294 3028 3626 3099 fraudesque
3653 3027 3914 3083 Maxentii

632 3131 704 3175 ac
746 3117 1026 3259 sgeiorum
1071 3116 1498 3188 detegebantur,
1533 3118 1604 3175 ad
1647 3134 2020 3175 manum-non
2049 3119 2329 3174 habuerit.
2363 3120 2486 3174 Vide
2532 3123 2772 3177 Clmdt’lu
2811 3132 2952 3178 tom.
2985 3123 3077 3179 γη
3132 3122 3353 3189 Annal.,
3386 3139 3515 3178 eum
3560 3121 3752 3178 Christi
3785 3118 3913 3187 5l9,

646 3227 692 3259 τ.
730 3205 750 3257 1
797 3206 852 3259 3.
883 3215 932 3259 et
967 3223 1109 3259 anno
1140 3206 1265 3259 520.
1295 3223 1344 3259 c.
1376 3207 1467 3259 27.

646 3227 692 3264 r.
730 3205 852 3270 103,
883 3215 932 3260 et
967 3223 1109 3261 anno
1140 3206 1265 3271 520,
1295 3223 1344 3261 c.
1376 3207 1467 3263 27.

1456 3433 1548 3493 Ex
1596 3431 1985 3494 Bellarmino
2031 3434 2119 3495 De
2155 3435 2581 3516 scriptoribus
2630 3435 3098 3498 ecclesiasticis.

715 3551 958 3606 Joannes
995 3549 1324 3619 Maxentius,
1353 3554 1678 3617 monachus,
1711 3563 1788 3619 et,
1817 3565 1878 3610 ut
1909 3556 2180 3624 creditur,
2213 3557 2502 3630 presbyter
2528 3559 2933 3622 Antiochenus,
2963 3559 3099 3613 vixit
3131 3568 3378 3629 tempore
3408 3557 3714 3613 llormisda:
3736 3571 3912 3628 papae,

648 3652 838 3699 contra
879 3643 1039 3712 cujus
1080 3643 1368 3712 epistolam
1413 3645 1657 3716 scripsit.
1702 3647 1831 3719 Ejus
1873 3664 2039 3718 opera
2075 3659 2293 3704 exstant
2324 3650 2377 3704 in
2408 3660 2608 3720 quarto
2656 3659 2806 3706 tomo
2850 3651 3199 3706 Bibliothecae
3246 3651 3344 3706 SS.
3389 3651 3636 3706 Patrum.
3685 3645 3922 3721 Scripsit

649 3746 831 3792 autem
863 3734 1150 3790 Catholicae
1191 3736 1317 3804 ﬁdei
1360 3737 1758 3807 professionem.
1791 3738 1922 3794 item
1954 3739 2210 3793 Libellum
2251 3750 2438 3794 contra
2466 3741 2780 3811 Acephalos,
2815 3742 2948 3796 item
2984 3740 3331 3812 Dialogorum
3361 3749 3546 3796 contra
3577 3740 3922 3797 Nestor-ianos

648 3831 993 3902 librosoduos,
1022 3831 1152 3886 item
1174 3829 1591 3902 Responsionem
1615 3835 1688 3887 ad
1711 3833 2012 3904 Epistulam
2039 3851 2193 3907 pupis
2216 3835 2531 3902 Hormisdw,
2570 3837 2622 3891 in
2651 3837 2852 3905 quibus
2889 3837 3132 3905 disputat
3161 3837 3428 3891 adversus
3458 3834 3834 3902 Nestorianos,
3863 3845 3924 3892 et

641 3921 917 3977 adversus
948 3923 1210 3978 Faustum
1245 3922 1575 3994 Regiensem
1624 3911 2144 3997 Semipelag'ianum.
2187 3928 2257 3983 Et
2293 3928 2516 3998 quidem
2566 3927 2828 3982 Faustum
2857 3938 2914 3982 et
2966 3928 3290 3998 Pelagianos
3318 3925 3538 3996 egregie
3583 3925 3816 3990 refellit,
3852 3941 3920 3980 ex

645 4014 806 4068 libris
835 4013 894 4069 S.
928 4014 1217 4086 Augustini
1245 4033 1258 4070 :
1285 4025 1340 4070 at
1359 4016 1717 4072 Nestorianos
1746 4019 1820 4072 ita
1854 4017 2077 4082 refellit,
2102 4019 2358 4074 scribens
2395 4028 2586 4075 contra
2620 4019 3000 4074 Possessorem
3027 4019 3346 4090 episcopum
3381 4018 3724 4082 Africanum,
3754 4028 3816 4072 ut
3851 4018 3919 4070 ad

650 4111 1025 4182 Eutychianos
1053 4111 1336 4167 declinare
1375 4113 1648 4168 videatur.
1692 4113 1857 4170 Certe
1896 4115 1954 4170 S.
1997 4115 2472 4186 Hormisdaspapa
2499 4116 2880 4171 Possessorem
2912 4115 3182 4178 defendit,
3227 4123 3283 4170 et
3326 4114 3597 4170 Joannem
3633 4127 3758 4168 cum
3803 4113 3923 4167 suis

650 4202 939 4258 monachis
964 4204 1168 4258 acriter
1192 4202 1494 4259 insectatus
1517 4213 1621 4259 est.
1654 4203 1889 4275 Scripsit
1919 4215 2101 4262 autem
2133 4206 2440 4262 Maxentius
2469 4217 2660 4261 contra
2689 4207 2978 4277 epistolam
3006 4205 3168 4278 535
3195 4205 3502 4259 Hormisdte
3534 4217 3742 4274 negans
3769 4203 3918 4258 illam

647 4307 768 4348 esse
797 4294 1120 4357 Hormisdz,
1156 4309 1226 4350 ne
1254 4293 1538 4349 videretur
1565 4305 1757 4349 contra
1792 4310 2070 4352 summum
2102 4295 2426 4353 Pontiﬁcem
2468 4296 2748 4364 scribere;
2775 4295 2874 4354 sed
2903 4311 2965 4352 re
3006 4311 3137 4352 vera
3179 4295 3370 4364 negari
3413 4306 3524 4350 non
3567 4300 3748 4362 potest
3796 4293 3919 4361 epi-

649 4392 843 4448 stolam
880 4393 1031 4449 illam
1055 4409 1187 4451 vere
1214 4407 1338 4450 esse
1369 4393 1693 4450 Hormisdaa.

1513 4754 2178 4887 JOANNIS
2271 4754 3069 4886 MAXENTII
3409 4922 3419 4928 _

971 5011 1558 5106 EPISTOLA
1626 5009 1778 5100 AD
1851 5008 2387 5103 LEGATOS
2456 5009 2793 5102 SEDIS
2846 5009 3654 5110 APOSTOLICIE.

649 5359 898 5414 Dominis
935 5357 1059 5411 viris
1101 5354 1431 5416 beatissimis,
1479 5353 1743 5408 Germano
1786 5360 1833 5404 et
1881 5348 2099 5412 Ισσππὶ,
2136 5350 2243 5416 θνή-
2347 5349 2458 5403 eilii
2491 5347 2654 5403 ﬁdem
2679 5349 2936 5404 nituntur
2957 5357 3230 5413 evertere,
3273 5349 3497 5404 Palmm
3531 5347 3776 5418 proferre
3802 5364 3928 5403 sen-

731 5429 920 5497 scopis,
969 5426 1131 5508 Felici
1155 5435 1204 5478 et
1229 5424 1759 5512 Dioscorodiacgnlis,
1789 5419 2240 5512 Blando'presby:
2347 5453 2390 5496 ,ρ

2347 5443 2568 5505 tentias,
2601 5451 2654 5494 et
2686 5443 2843 5497 novis
2875 5457 3165 5511 pravorum
3203 5442 3775 5512 argumentationibus
3798 5458 3929 5496 ver-

732 5491 864 5561 ιεγὸ,
909 5491 965 5550 et
1022 5499 1277 5548 universis
1332 5494 1580 5563 legationi
1607 5491 1757 5545 Sedis
1807 5491 2128 5561 apostolica,
2176 5492 2240 5542 ub
2608 5491 2841 5544 ”ῖ”””
2875 5491 3165 5543 ¹’ξ”“’“’““
3204 5491 3773 5543 ”’⁰⁷’“”“’”Ῐ’““”“

732 5570 918 5602 nam,“
986 5566 1246 5602 "MMM
1339 5575 1385 5602 ο,
1437 5564 1675 5602 "mnum,
1720 5564 1811 5602 mn-
1867 5577 2063 5602 ,ιηηηι
2097 5571 2237 5602 "HL
2389 5552 2434 5588 Is
2467 5535 2755 5588 catholicis
2798 5534 3044 5596 obvnare,
3076 5541 3431 5602 augmentum
3478 5531 3700 5601 aliquod
3736 5547 3837 5586 nos
3879 5547 3929 5585 .n

2349 5564 2434 5588 υΙθ
2467 5564 2755 5588 ιυιιιυιιιιιθ
2798 5564 3044 5596 υυνιαιτ,
3076 5564 3431 5602 αυειιιςιιιυιιι
3478 5564 3700 5601 αιιιιυνυ
3737 5564 3837 5586 uua

731 5625 982 5693 salutem.
1263 5625 1272 5630 ’
1733 5625 1742 5631 ’
2349 5626 2456 5680 flde
2491 5626 2672 5680 facere
2697 5625 2968 5696 judicant,
2991 5631 3088 5678 aut
3113 5635 3264 5680 certe
3288 5631 3480 5678 contra
3503 5629 3707 5676 statuta
3739 5625 3931 5676 venire

732 5731 1002 5796 Quoniam
1049 5727 1300 5782 nonnulli
1338 5726 1598 5783 videntes
1629 5738 1732 5781 nua
1773 5731 1967 5778 contra
1998 5737 2098 5778 eos
2147 5721 2246 5790 qui
2348 5719 2591 5783 concilii,
2624 5718 2998 5773 necessarium
3032 5717 3312 5772 credimus
3350 5703 3731 5784 probabilibus
3755 5709 3933 5768 docu-

663 5823 888 5878 inimico
919 5821 1208 5894 proposito
1237 5818 1568 5876 venerabilis
1595 5815 2064 5874 Chalcedonensis
2109 5828 2245 5869 coa-
2351 5811 2554 5868 mentis
2591 5810 2736 5865 hanc
2767 5810 3254 5865 ineonveuientem
3289 5806 3358 5860 ab
3386 5820 3578 5862 eorum
3613 5801 3808 5861 animis
3835 5813 3934 5855 ex.
