4200 6426
255 381 319 442 ’Π
1128 374 1370 434 EPIST.
1412 373 1512 432 AD
1550 367 1888 430 LEGATOS
1927 367 2148 427 SEDlS
2185 365 2686 427 APOSTOLIC/E.
2767 411 2771 420 .
3463 369 3532 428 78

254 504 490 561 purgare
523 486 867 558 opinionem,
900 489 1165 543 docentes
1202 487 1520 541 nullatenus
1546 497 1667 537 esse
1697 496 1841 534 con-
1873 484 1914 538 A
1946 479 2185 548 propriae
2219 478 2345 533 ﬁdei
2391 479 2708 548 explanare,
2743 475 2816 531 ita
2858 474 2926 530 de
2975 490 3034 530 se
3076 478 3362 534 manifesta
3398 496 3534 538 voce

254 581 508 639 trarium,
554 580 600 633 si
630 596 696 633 ex
730 595 924 633 eorum
959 580 1182 633 Patrum
1214 577 1527 639 sententiis,
1559 590 1697 643 quas
1727 571 1845 641 ipsa

251 672 452 740 recipit
499 671 762 740 synodus,
814 671 1005 724 falsam
1056 669 1409 724 docuerimus
1457 666 1840 720 bzereticorum

249 779 371 816 esse
420 764 784 824 sententiam.
831 780 938 832 qua
981 779 1102 817 eam
1151 761 1307 832 quasi
1351 758 1629 815 contraria
1675 766 1842 825 atque

245 851 704 907 inconvenientia
740 852 937 906 docere
963 869 1084 922 quze
1113 864 1241 907 ante
1277 867 1334 906 se
1377 850 1624 908 fuerunt.
1653 847 1840 902 conci-

249 943 334 996 liis
369 953 588 998 tentant
615 952 886 998 astruere.
931 945 998 999 Et
1030 946 1210 1014 primo
1241 944 1466 1027 quidem
1513 941 1840 995 catholicam

245 1032 410 1088 ﬁdem
433 1042 792 1103 augmentum
817 1034 1038 1102 aliquod
1067 1047 1226 1102 posse
1257 1033 1502 1102 recipere
1528 1029 1839 1100 improbum

243 1131 326 1174 est
356 1121 612 1185 credere,
646 1122 776 1191 quia
807 1138 935 1177 cum
966 1123 1039 1176 sit
1073 1123 1315 1192 perfecta
1357 1133 1413 1176 et
1443 1122 1602 1190 plena
1637 1119 1690 1173 in
1723 1134 1841 1172 om-

247 1213 438 1278 nibus,
487 1224 846 1283 augmentum
892 1216 1138 1285 recipere
1171 1230 1280 1269 non
1317 1223 1516 1284 potest.
1549 1214 1663 1267 lloc
1691 1214 1838 1267 enim

244 1306 368 1359 sine
415 1307 592 1360 dubio
633 1317 994 1378 augmentum
1030 1308 1250 1377 recipit,
1277 1305 1422 1377 quod
1452 1315 1539 1359 est
1581 1304 1840 1374 imperfe-

242 1407 418 1451 ctum.
449 1399 515 1453 Si
564 1410 752 1453 autem
805 1416 915 1454 non
950 1400 1018 1454 de
1067 1399 1433 1468 intelligentia
1467 1398 1618 1461 ﬁdei,
1649 1398 1742 1451 sed
1769 1397 1837 1449 de

241 1492 432 1546 verbis
461 1493 664 1562 agitur,
692 1493 800 1547 hoc
830 1509 938 1547 non
968 1502 1053 1548 est
1077 1507 1298 1563 semper
1322 1492 1685 1554 contrarium,
1710 1490 1839 1559 quia

240 1587 548 1656 aliquando
588 1589 1036 1658 explanationem
1081 1588 1209 1643 ﬁdei
1254 1575 1547 1642 verborum
1578 1586 1708 1640 facit
1744 1585 1839 1638 ad-

239 1679 436 1747 jectio,
474 1681 775 1748 aliquando
801 1681 1222 1751 corruptionem
1251 1680 1398 1750 quod
1432 1695 1543 1733 non
1574 1693 1834 1748 augmen-

241 1780 388 1833 tum,
423 1771 523 1825 sed
553 1772 946 1826 detrimentum
970 1782 1064 1828 est
1099 1773 1285 1843 potius
1309 1771 1457 1826 fidei.
1489 1771 1837 1840 Quapropter

1948 576 2243 630 testentur,
2296 569 2546 622 dit-cutes
2575 587 2586 620 :
2622 568 2932 635 Sequentes
2967 565 3135 636 igitur
3165 576 3222 623 et
3266 584 3369 624 nos
3403 587 3532 625 san~

1944 661 2227 714 ctissimos
2257 662 2470 723 Patres,
2509 660 2864 723 conﬁtemur,
2905 668 3014 714 etc.
3063 659 3166 727 Qui
3216 672 3401 715 autem
3441 679 3532 718 re--

1945 747 2330 801 tractationem
2367 750 2587 803 concilii
2635 765 2758 803 esse
2798 749 3050 820 judicant
3077 760 3271 805 contra
3306 752 3533 807 haereti-

1943 853 2134 893 corum
2167 855 2337 894 novas
2371 842 2795 896 adinventiones
2819 843 3104 912 quippiam
3134 843 3191 898 in
3220 844 3380 898 libris
3405 862 3536 916 pro-

1942 929 2092 987 ferre
2139 942 2482 998 sanctorum,
2514 945 2612 989 aut
2660 935 2713 990 id
2738 935 2887 1005 quod
2927 939 3282 992 convenieuti
3317 939 3533 994 ratione

1943 1023 2239 1079 collectum
2282 1024 2472 1089 fuerit,
2510 1025 2691 1094 primo
2722 1039 2980 1096 arguant,
3013 1029 3071 1082 Β.
3108 1029 3398 1100 Cyrillum,
3434 1030 3526 1100 qui

1943 1113 2113 1185 (sicut
2133 1119 2392 1188 superius
2410 1120 2759 1188 edocuimus)
2782 1120 3099 1189 perfectoct
3112 1123 3290 1190 primo
3313 1134 3534 1177 sancto-

1943 1224 2064 1262 rum
2106 1211 2331 1264 Patrum
2372 1222 2634 1268 manente
2663 1211 2962 1284 Symbolo,
3011 1213 3079 1268 ad
3125 1213 3526 1271 destruendam

1935 1299 2169 1370 impiam
2217 1303 2729 1373 interpretationem
2763 1305 3008 1360 Nestorii
3044 1306 3396 1362 diversorum
3430 1311 3532 1366 Pa-

1939 1401 2088 1446 trum
2107 1396 2411 1451 sententias
2436 1396 2692 1466 protulit,
2710 1397 2849 1450 etB.
2872 1396 3135 1461 Leonem,
3151 1401 3246 1468 qui
3272 1402 3532 1456 similiter

1941 1495 2260 1540 sanctorum
2296 1489 2522 1543 Patrum
2569 1490 2908 1545 testimoniis
2952 1499 3158 1545 statuta
3195 1494 3531 1550 venerabilis

1937 1576 2409 1635 Chalcedonensis
2450 1583 2646 1652 synodi
2679 1598 2804 1637 cum
2838 1583 2946 1638 ﬁde
2976 1584 3200 1638 Patrum
3231 1587 3531 1643 convenire

1939 1669 2150 1724 docuit.
2171 1671 2247 1724 'Et
2274 1679 2391 1724 tum
2417 1671 2642 1726 demum
2669 1688 2775 1727 nos
2797 1675 2954 1743 quasi
2982 1683 3375 1732 rctractatores
3397 1695 3533 1733 con.

1939 1761 2054 1814 cilii
2088 1776 2323 1832 arguere
2358 1772 2640 1832 poterunt,
2677 1765 2773 1836 qui
2811 1782 2907 1836 per
2951 1777 3272 1826 sanctorum
3306 1770 3529 1824 Patrum

241 1830 384 1914 ιιιηίέ
422 1861 660 1931 adjectio
703 1863 1002 1918 verborum
1052 1830 1279 1918 γξιεηάα
1320 1871 1426 1927 εει,
1468 1830 1690 1932 (μητιᾉο
1724 1876 1834 1914 non
1868 1830 1910 1885 Β
1940 1850 2081 1928 bene
2115 1855 2354 1923 prolatas
2391 1857 2719 1924 sententias,
2768 1858 3094 1928 repellimus
3140 1859 3531 1917 hereticorum

233 1952 716 2021 clplanationem,
749 1954 845 2009 sed
886 1955 1434 2024 corruptionem,aut
1467 1954 1834 2008 contrarieta-

237 2052 357 2097 tem
403 2043 530 2098 ﬁdei
564 2055 848 2114 operatur.
880 2044 1037 2112 Quod
1072 2045 1117 2100 si
1153 2046 1333 2100 omnis
1367 2044 1604 2116 adjectio
1641 2043 1836 2098 verbo-

240 2150 370 2188 rum
403 2136 694 2191 catbolicae
726 2136 853 2192 ﬁdei
879 2137 1042 2192 noxia
1073 2138 1340 2202 creditur,
1366 2153 1466 2191 cur
1489 2138 1548 2190 Β.
1575 2136 1831 2207 Cyrillus,

235 2231 309 2284 ad
349 2231 747 2286 destruendam
783 2233 1021 2288 Nestorii
1057 2233 1279 2303 impiam
1318 2228 1833 2303 interprethionem

236 2322 419 2375 sancti
473 2321 740 2392 Symboli,
774 2323 829 2377 in
863 2325 1101 2379 concilio
1144 2323 1446 2394 Ephesino,
1478 2333 1586 2377 tam
1636 2324 1836 2378 multas

237 2422 564 2467 sanctorum
613 2413 835 2468 Patrum
889 2416 1194 2471 sententias
1239 2415 1566 2486 proferens,
1617 2403 1834 2468 nullum

237 2506 696 2576 reprehensionis
726 2508 953 2579 dignum
993 2508 1241 2579 recipere
1270 2518 1627 2578 augmentum
1653 2506 1834 2561 credi-

238 2599 371 2651 tur?
404 2598 564 2665 Quod
601 2600 645 2654 si
688 2600 812 2655 idco
841 2610 1198 2671 augmentum
1234 2600 1481 2671 recipere
1511 2617 1618 2654 non
1652 2600 1834 2654 credi-

239 2697 356 2750 tur,
382 2687 516 2758 quia
539 2703 650 2743 non
692 2691 812 2759 ipso
841 2691 1013 2744 sancti
1039 2690 1286 2760 Symboli
1322 2691 1654 2744 mathemate
1689 2689 1835 2758 ipsas

240 2789 568 2850 sanctorum
608 2781 833 2835 Patrum
865 2784 1170 2836 sententias
1200 2781 1464 2844 inseruit,
1497 2780 1594 2834 sed
1619 2796 1714 2835 eas
1739 2797 1834 2835 ex-
1873 2853 1876 2856 ῃ

240 2871 522 2926 trinsecus
549 2871 838 2941 proferens
867 2873 1305 2928 sincerissimum
1338 2887 1562 2926 sensum
1583 2872 1831 2942 ejusdem

237 2961 418 3014 sancti
446 2960 692 3031 Symboli
723 2961 967 3016 reddidit
1013 2961 1366 3017 manifestum
1396 2979 1408 3014 :
1435 2976 1590 3030 mque
1618 2977 1750 3030 ergo
1776 2969 1833 3014 et

237 3047 309 3100 de
344 3059 535 3102 nostra
568 3051 838 3119 parvitate
885 3051 1143 3106 convenit
1171 3051 1450 3122 judicare,
1481 3051 1575 3120 qui
1619 3066 1728 3103 non
1774 3049 1831 3103 in

1938 1941 2231 1998 fallaciam.
2264 1947 2437 2002 Nemo
2469 1949 2618 2004 enim
2666 1959 2818 2004 recte
2859 1951 3298 2020 reprehendatur
3347 1963 3530 2010 retra-

1937 2045 2087 2092 ctare
2111 2039 2404 2110 synodum,
2431 2041 2542 2095 nisi
2572 2042 2667 2110 qui
2699 2041 2767 2096 de
2798 2042 2972 2111 ipsius
3003 2043 3526 2113 statutisjudicans,

1937 2145 2047 2183 non
2085 2145 2187 2199 pro
2235 2130 2352 2200 ipsa
2403 2132 2501 2187 sed
2547 2141 2742 2188 contra
2794 2134 2968 2204 ipsam
3003 2135 3230 2190 Patrum
3275 2138 3529 2207 proferre

1937 2227 2114 2272 teutat
2145 2221 2476 2284 sententias.
2522 2221 2669 2277 sicut
2702 2223 2949 2279 haeretici
2994 2223 3224 2280 faciunt.
3273 2227 3376 2292 Qui
3425 2243 3527 2282 au-

1938 2321 2048 2364 tem
2080 2326 2191 2366 non
2221 2321 2416 2368 contra
2446 2306 2646 2383 ipsam,
2687 2316 2787 2370 sed
2821 2330 2922 2385 pro
2955 2317 3095 2386 ipsa,
3122 2317 3352 2373 Patrum
3395 2334 3526 2374 scn-

1929 2403 2142 2458 tentias
2168 2397 2481 2475 proferunt,
2519 2407 2842 2463 defensores
2872 2417 3024 2474 sunt,
3059 2425 3167 2490 non
3202 2420 3528 2467 retractato-

1939 2496 2317 2585 rcslconcilii.
2373 2498 2601 2554 Frustra
2648 2501 3063 2570 ergo~omnino
3107 2489 3208 2558 nos
3253 2505 3525 2575 synodum

1938 2597 2241 2642 retractare
2266 2599 2506 2659 arguunt
2526 2632 2540 2656 ,
2568 2606 2707 2660 quos
2741 2591 2932 2648 vident
2957 2608 3066 2647 non
3097 2602 3293 2649 contra
3323 2596 3522 2666 ipsam,

1937 2676 2031 2729 sed
2063 2692 2162 2746 pro
2185 2679 2302 2747 ipsa
2330 2680 2556 2735 Patrum
2580 2681 2829 2751 proferre
2846 2684 3334 2752 sententias.Quia
3357 2702 3527 2758 syno-

1935 2767 2042 2821 dus
2065 2768 2296 2823 alteram
2317 2769 2482 2825 ﬁdem
2501 2780 2598 2826 aut
2621 2771 2959 2828 mathemata
2978 2785 3178 2844 praeter
3199 2789 3522 2838 sanctorum

1935 2860 2166 2927 Palmm
2188 2854 2520 2933 traderejiis
2546 2864 2641 2933 qui
2667 2863 2735 2919 ad
2779 2865 3112 2921 catholicam
3134 2866 3302 2922 ﬁdem
3319 2870 3526 2926 confuv

1935 2951 2114 3020 giunt,
2159 2951 2492 3022 prohibuit:
2530 2970 2638 3009 non
2681 2965 2866 3009 autem
2899 2955 3294 3013 haereticorum
3339 2961 3526 3030 pravi.

1938 3040 2058 3106 taﬂ,
2103 3039 2199 3097 aut
2247 3044 2330 3098 eis
2361 3045 2454 3114 qui
2490 3060 2740 3119 sensum;
2766 3048 2888 3118 ejus
2928 3049 3244 3105 moliuntur
3276 3068 3529 3106 corrum-

240 3139 360 3208 ipso
406 3141 648 3196 termino
701 3143 1030 3200 venerabilis
1083 3143 1552 3222 Chalcedonensis
1609 3143 1830 3199 concilii
1861 3169 1902 3228 C
1936 3149 2089 3203 pere.
2121 3136 2550 3191 rationabilibus
2573 3137 2922 3193 documentis
2947 3140 3344 3196 velilobviare.
3367 3143 3525 3200 Unde

241 3232 547 3289 inserimus
587 3237 813 3290 Patrum
847 3238 1172 3303 sententias,
1219 3237 1316 3292 sed
1356 3238 1445 3294 eis
1485 3239 1832 3293 extrinsecus

240 3327 440 3378 contra‘
481 3325 738 3382 inimicos
782 3343 882 3397 pro
915 3328 1088 3398 ipsius
1125 3329 1446 3384 defensione
1476 3330 1829 3400 proferimus.

243 3415 335 3470 Sic
364 3416 611 3487 denique
653 3419 714 3472 Β.
767 3435 908 3490 papa
945 3420 1052 3475 Leo
1096 3422 1263 3476 etiam
1297 3430 1422 3492 post
1451 3421 1832 3478 defensionem

240 3509 495 3579 ejusdem
532 3512 755 3566 concilii
786 3523 1031 3578 coactus,
1063 3512 1414 3568 diversorum
1450 3515 1673 3568 Patrum
1712 3529 1834 3568 scn-

237 3602 458 3661 ~tentiis.
506 3617 606 3671 per
642 3603 733 3657 illa
777 3619 901 3673 quae
934 3604 1194 3660 dicuntur
1234 3605 1513 3676 Encyclia,
1555 3607 1833 3661 contradi-

241 3695 490 3748 centium
533 3709 628 3748 ora
659 3695 967 3760 obstruere,
1015 3704 1071 3749 et
1118 3711 1413 3766 pravorum
1462 3713 1632 3752 novas
1677 3679 1833 3752 aditi-

242 3786 536 3840 ventiones
566 3796 732 3855 atque
755 3786 1060 3841 calumnias
1082 3785 1370 3857 dissipare.
1400 3787 1644 3854 Quorum
1665 3789 1830 3860 etiam

242 3889 346 3928 nos
387 3875 641 3944 exempla
688 3881 1007 3945 sequentes,
1051 3876 1138 3931 his
1181 3875 1276 3945 qui
1307 3891 1552 3931 errorem
1595 3879 1834 3948 propriae

245 3967 548 4036 impietatis
575 3983 641 4021 ex
681 3968 1008 4022 auctoritate
1037 3969 1230 4040 synodi
1279 3969 1607 4023 conﬁrmare
1649 3971 1835 4024 nitun-

245 4071 352 4123 tur,
391 4070 451 4113 et
493 4061 660 4113 verba
711 4060 1040 4130 simpliciter
1084 4073 1249 4130 atque
1292 4062 1506 4133 integre
1551 4079 1582 4116 a
1627 4063 1832 4117 sanctis

245 4149 506 4204 Patribus
528 4149 696 4212 edita,
723 4148 790 4204 ad
820 4164 974 4203 suam
1003 4145 1329 4219 pravitatem
1360 4159 1633 4205 conantur
1659 4158 1831 4203 retor-

242 4257 437 4311 quere,
474 4241 745 4310 compulsi
788 4257 980 4295 sumus
1007 4250 1323 4296 sanctorum
1351 4241 1594 4295 virorum
1629 4239 1832 4310 proba-

245 4332 695 4400 tissimorumquc
737 4336 1026 4386 doctorum
1059 4333 1362 4388 sententiis
1403 4334 1600 4388 armati
1641 4348 1836 4387 occur-

243 4440 387 4486 rere,
420 4433 470 4479 et
509 4424 705 4494 impias
745 4427 1080 4480 assertiones
1119 4441 1313 4480 eorum
1343 4441 1442 4496 per
1469 4426 1562 4480 Dei
1600 4425 1832 4495 gratiam

1936 3228 2278 3296 superﬂuum
2320 3239 2405 3284 est
2439 3230 2606 3284 etiam
2638 3230 2773 3285 illud
2810 3232 2958 3301 quod
3005 3233 3168 3289 nobis
3215 3236 3522 3306 objicitur;

1939 3320 2070 3388 quia
2105 3320 2250 3388 quod
2295 3322 2541 3392 synodus
2576 3338 2688 3379 non
2729 3323 2888 3388 dicit,
2926 3325 3244 3381 nullatenus
3275 3328 3383 3382 dici
3423 3330 3525 3382 de-

1937 3410 2091 3465 bere.
2122 3411 2260 3477 Quia
2294 3415 2466 3468 multa
2490 3424 2619 3470 sunt
2650 3431 2770 3486 qua:
2799 3432 2910 3470 non
2939 3417 3203 3472 dicuntur
3232 3436 3260 3474 a
3287 3421 3522 3491 synodo.

1934 3518 2038 3558 nec
2067 3505 2124 3557 in
2157 3506 2265 3559 ulla
2307 3507 2581 3577 scriptura
2611 3510 2900 3573 canonica,
2929 3520 2985 3564 et
3014 3519 3196 3565 tamen
3227 3528 3351 3566 cum
3385 3514 3524 3568 ratio

1936 3597 2318 3664 postulaverit,
2361 3614 2426 3653 ea
2473 3601 2796 3656 nullatenus
2841 3601 3089 3671 proferre
3138 3604 3521 3676 ambigimtts:

1935 3685 2080 3767 sicut
2119 3696 2204 3742 est
2242 3687 2504 3753 Trinitas,
2549 3699 2799 3745 autcum
2833 3691 2901 3746 de
2929 3693 3090 3748 Patre
3123 3693 3362 3751 dicimus
3393 3699 3523 3767 quia

1935 3763 2217 3922 infimus
2240 3788 2345 3843 est,
2372 3789 2427 3834 et
2447 3781 2555 3836 alia
2584 3783 2762 3851 plura.
2795 3783 2906 3839 Nec
2932 3786 3080 3839 enim
3114 3787 3169 3840 in
3197 3788 3364 3843 rebus
3388 3806 3524 3845 con-

1935 3870 1978 3922 si
2023 3869 2289 3922 erandum
2335 3881 2420 3922 est
2471 3872 2640 3922 (sicut
2683 3874 2820 3922 dicit
2856 3875 3210 3922 beatissimum
3260 3878 3523 3922 Armini-

1935 3869 2289 3924 siderandum
2335 3881 2420 3927 est
2471 3872 2640 3943 (sicut
2683 3874 2820 3933 dicit
2855 3875 3210 3934 beatissimus
3255 3878 3523 3952 Augusti-

1935 3961 2061 4030 nus)
2098 3962 2229 4030 quid
2259 3963 2342 4015 vel
2379 3963 2525 4018 sinat
2558 3965 2643 4020 vel
2675 3981 2784 4020 non
2817 3966 2962 4020 sinat
2988 3967 3098 4024 dici
3135 3986 3268 4026 usus
3307 3987 3524 4029 seruio-

1936 4055 2023 4108 nis
2058 4055 2253 4119 nostri,
2281 4056 2376 4110 sed
2407 4057 2534 4126 quis
2564 4073 2746 4112 rerum
2784 4059 3026 4130 ipsarum
3063 4063 3375 4119 intellectus
3399 4068 3523 4120 elu-

1934 4153 2074 4198 ceat.
2128 4143 2225 4200 llis
2260 4145 2334 4199 ita
2382 4146 2830 4214 schabentibus,
2881 4149 3190 4207 beatissimi
3239 4153 3306 4208 ad
3350 4171 3525 4226 expu—

1935 4237 2207 4308 gnandam
2243 4248 2299 4292 et
2338 4239 2694 4296 auferendam
2731 4243 2800 4297 ab
2829 4244 3076 4300 omnium
3109 4246 3308 4303 animis
3337 4253 3524 4321 suspi-

1933 4335 2176 4398 cionem,
2226 4335 2368 4390 sicut
2398 4337 2510 4406 jam
2559 4339 2816 4407 superius
2858 4338 3071 4408 prazfati
3120 4357 3332 4406 sumus,
3374 4361 3524 4402 nune

1932 4427 2040 4495 jam
2094 4427 2334 4496 qualiter
2397 4428 2464 4483 de
2521 4428 2902 4485 incarnatione
2963 4442 3177 4488 tantum
3235 4434 3524 4495 Dominica

239 4517 486 4572 refutare
516 4535 528 4568 :
575 4517 864 4571 evidenter
897 4525 1215 4589 arguentes,
1258 4532 1354 4571 eos
1388 4533 1418 4570 a
1465 4516 1570 4571 ﬁde
1611 4527 1831 4573 saneto-
1867 4509 1909 4563 υ
1942 4517 2270 4583 sentiamus,
2304 4520 2418 4574 sive
2441 4521 2574 4590 quid
2605 4521 2673 4576 de
2715 4523 2889 4593 gratia
2915 4524 3036 4590 Dei,
3083 4542 3195 4580 non
3232 4543 3339 4598 qua
3367 4545 3523 4585 crea-

242 4625 364 4662 rum
406 4610 629 4662 Patrum
660 4608 1022 4679 ejusdemque
1052 4609 1272 4664 concilii
1300 4624 1422 4664 esse
1449 4609 1672 4678 penitus
1698 4608 1831 4663 alie-

239 4718 361 4756 nos.
389 4701 535 4767 Quid
563 4702 711 4756 enim
743 4711 932 4756 contra
974 4701 1244 4773 synodum
1288 4709 1344 4756 et
1380 4715 1488 4755 non
1527 4701 1700 4770 magis
1729 4715 1829 4770 pro

235 4793 455 4864 synodo
485 4804 591 4858 est,
617 4794 665 4848 si
691 4803 888 4849 contra
927 4794 1182 4850 inimicos
1199 4793 1675 4850 Chalcedonensis
1699 4809 1829 4847 con-

241 4885 352 4938 cilii
394 4885 490 4954 qui
530 4901 658 4940 eum
689 4894 881 4942 contra
924 4895 1242 4941 sanctorum
1271 4887 1497 4941 Patrum
1536 4884 1698 4940 ﬁdem
1734 4901 1829 4939 ve-

242 4976 390 5030 nisse
420 4977 848 5043 calumniantur,
888 4987 1208 5034 sanctorum
1239 4979 1508 5051 virorum.
1535 4976 1651 5049 (qui
1698 4983 1826 5030 ante

243 5064 418 5132 ipsam
446 5064 504 5118 in
545 5065 793 5120 Ecclesia
826 5067 1168 5137 claruerunt)
1200 5066 1504 5122 sententias
1543 5064 1830 5136 proferen-

247 5166 366 5210 tes:
393 5155 752 5212 docuerimus
792 5158 931 5211 nihil
980 5173 1208 5221 novum,
1240 5166 1336 5212 aut
1376 5166 1692 5211 sanctorum
1734 5157 1830 5210 Pa-

251 5263 391 5300 .rum
436 5246 564 5303 ﬁdei
590 5249 930 5304 contrarium
975 5266 1007 5304 a
1051 5258 1357 5304 memorato
1395 5248 1561 5303 fuisse
1589 5248 1829 5302 concilio

241 5349 510 5396 statutum
541 5341 903 5397 ?Pra:sertim
953 5357 1078 5396 cum
1143 5340 1473 5410 incipientes
1526 5338 1830 5394 beatissimi

243 5430 432 5493 Patres
473 5434 570 5507 qui
612 5435 668 5490 in
734 5435 855 5507 ipsa
898 5434 1109 5508 synodo
1149 5441 1550 5501 convenerunt,
1602 5449 1828 5490 sensum

1940 4625 2086 4672 mur,
2132 4611 2228 4665 sed
2273 4627 2335 4666 ea
2365 4627 2473 4681 qua
2517 4629 2854 4680 recreamur,
2885 4617 3184 4686 sapiamus,
3205 4624 3523 4678 necessario

1933 4703 2096 4757 vobis
2116 4704 2397 4759 credimus
2416 4705 2596 4760 facere
2621 4706 2994 4762 manifestum.
3020 4708 3158 4775 Quia
3181 4712 3329 4766 nulla
3358 4714 3524 4771 nobis

1933 4807 2082 4846 nunc
2098 4791 2165 4846 de
2180 4792 2300 4847 Filii
2327 4793 2421 4850 Dei
2445 4794 2752 4861 divinitate,
2777 4812 2884 4866 qua
2907 4807 3122 4871 constat
3138 4811 3198 4855 et
3221 4802 3412 4858 unitus
3438 4813 3523 4860 est

1935 4885 2083 4938 Patri
2129 4894 2186 4938 et
2232 4883 2462 4954 Spiritui
2494 4895 2708 4954 sancto,
2743 4888 3018 4945 dubietas.
3051 4890 3108 4946 Si
3136 4893 3270 4962 quid
3301 4909 3431 4965 ergo
3463 4896 3521 4950 in

1935 4977 2037 5030 hac
2060 4976 2432 5032 satisfactione
2462 4977 2589 5034 ﬁdei
2622 4989 2842 5045 nostras,
2867 4983 3208 5037 contrarium
3233 4986 3521 5044 catholicas

1934 5066 2087 5131 ﬁdei,
2131 5077 2225 5122 aut
2271 5079 2588 5124 sanctorum
2636 5071 2861 5126 Patrum
2896 5071 3289 5131 traditionibus
3332 5085 3533 5135 vestra'

1934 5157 2196 5214 sanctitas
2219 5159 2574 5227 iudicaverit,
2607 5160 2883 5218 instruere
2910 5170 2967 5218 et
2999 5167 3298 5222 emendare
3327 5167 3519 5239 digne-

1937 5257 2029 5303 tur
2063 5269 2074 5302 :
2115 5251 2161 5304 si
2207 5260 2390 5308 autem
2437 5251 2860 5316 convenientem
2883 5295 2898 5320 ,
2931 5256 3156 5328 propria
3190 5261 3516 5326 auctoritate

1936 5341 2176 5398 ﬁrmare.
