4200 6426
625 384 698 457 79
1924 373 2238 434 JUANNiS

2346 370 2655 432 ΑΧΕΝΤΙΙ
3848 370 3920 433 80

661 583 2851 621 _______________________.________.______..___._.

1450 909 1467 925 .
1990 769 2530 862 EJUSDEM

1269 1019 1470 1144 DE
1571 1013 2267 1146 CHRISTO
2366 1011 3278 1145 PROFESSIO.

703 1421 861 1478 Totus
908 1429 986 1474 est
1019 1418 1320 1473 Maxentius
1362 1420 1416 1472 iu
1452 1420 1551 1470 hac
1574 1431 1685 1470 suae
1714 1413 1843 1484 ﬁdei
1872 1410 2225 1482 Professionc,
2260 1422 2308 1466 et
2337 1414 2391 1466 in
2439 1412 2561 1467 aliis
2602 1415 2846 1484 operibus
2880 1415 3013 1478 suis,
3044 1430 3161 1485 qua
3186 1417 3307 1470 huic
3337 1427 3476 1471 tomc
3511 1419 3839 1485 inseruntur,
3862 1428 3926 1475 κ

627 1527 849 1589 propter
875 1515 1254 1585 professionem
1280 1519 1328 1563 et
1356 1508 1789 1579 approbationem
1819 1508 1945 1577 fidei
1972 1507 2179 1560 concilii
2212 1504 2649 1562 Chalcedonensis
2689 1517 2876 1561 contra
2908 1506 3257 1563 Nestorianos
3290 1520 3338 1563 et
3368 1509 3728 1582 Eutychianos
3754 1515 3926 1570 stabi—

637 1612 827 1664 liretnr
855 1610 964 1662 lurc
990 1604 1277 1676 prepositio
1305 1618 1323 1658 :
1353 1603 1591 1659 Christus
1626 1620 1764 1658 unus
1795 1604 1859 1657 de
1886 1603 2144 1658 Trinitate
2169 1618 2355 1673 passus
2380 1600 2460 1655 uel
2490 1600 2772 1670 cruciﬁxus
2796 1611 2895 1669 est,
2921 1619 3040 1673 quin
3067 1603 3185 1657 licet
3217 1604 3281 1658 de
3303 1621 3361 1660 se
3388 1605 3626 1677 alioquin
3657 1624 3847 1664 sanum
3874 1618 3927 1665 et

636 1704 952 1760 catholicum
979 1718 1190 1758 sensum
1225 1701 1365 1770 ferre
1388 1701 1573 1771 possit,
1604 1707 1783 1755 tamen
1809 1699 1970 1770 legati
1999 1697 2057 1752 S.
2086 1698 2383 1753 Hor-misria?
2417 1712 2571 1768 papa!
2600 1697 2746 1767 apud
2770 1695 3286 1769 Constantinopolim
3309 1700 3420 1770 ipse
3443 1698 3501 1755 S.
3532 1700 3847 1757 Hormisdas
3874 1712 3927 1757 et

633 1795 856 1867 plurimi
884 1794 980 1848 alii
1004 1794 1176 1847 sancti
1202 1800 1252 1845 et
1282 1791 1558 1845 orthodoxi
1591 1793 1691 1846 uiri
1722 1791 1962 1857 eamdem
1988 1791 2321 1843 vehementer
2346 1788 2716 1858 improbabant
2745 1798 2793 1841 ct
2824 1798 3082 1860 tanquam
3100 1805 3295 1845 novam
3324 1799 3374 1843 et
3402 1792 3708 1845 hwreticam
3740 1792 3928 1863 explo-

636 1892 853 1954 debant,
889 1890 1027 1960 quod
1057 1892 1112 1942 in
1142 1905 1202 1942 ea
1232 1888 1327 1941 sub
1358 1885 1513 1940 melle
1540 1902 1799 1940 uenenum
1825 1884 2223 1956 Eutychianum
2256 1880 2635 1937 occultaretur.
2662 1881 2867 1939 Causas
2900 1899 2996 1940 cur
3022 1899 3142 1938 eam
3171 1886 3365 1939 merito
3402 1887 3744 1956 repudiarent
3776 1888 3928 1942 exiti»

630 1985 757 2038 'bent
802 1991 907 2036 tres
954 1984 1094 2036 inter
1135 1979 1274 2034 alias
1303 1977 1609 2034 Ferrandus
1641 1977 2078 2049 Carthaginensis
2120 1977 2398 2041 diaconus,
2433 1975 2647 2030 celebris
2689 1976 2805 2045 eius
2854 1977 3102 2045 temwris
3123 1978 3372 2048 scriptor,
3408 1977 3587 2048 Epist.
3617 1978 3686 2033 ad
3716 1978 3930 2034 Anato-

634 2079 772 2134 lium
822 2079 1054 2133 Roman.
1092 2075 1244 2131 Eccl.
1276 2075 1595 2133 diaconum.
1637 2074 1824 2129 Prima
1873 2082 2012 2140 erat,
2056 2090 2121 2128 ne
2167 2074 2386 2127 dicendo
2431 2089 2568 2127 unus
2597 2072 2661 2125 de
2691 2071 2973 2139 Trinitate,
3006 2080 3288 2143 putaretur
3318 2072 3468 2128 aliud
3510 2089 3620 2128 esse
3657 2089 3844 2140 unum,
3876 2085 3929 2128 et

634 2169 790 2224 aliud
821 2168 1155 2223 Trinitatem.
1185 2165 1428 2220 Secunda
1456 2182 1522 2219 ne
1547 2166 1811 2219 videretur
1838 2165 1985 2234 ﬁlius
2020 2164 2312 2229 Trinitatis,
2343 2162 2425 2218 vel
2456 2162 2599 2218 Deus
2631 2161 2927 2218 Trinitatis.
2952 2160 3182 2217 Consule
3209 2164 3383 2234 ipsum
3423 2163 3586 2219 latius
3622 2166 3724 2219 ista
3757 2165 3929 2237 expli-

639 2274 870 2332 cantem,
899 2272 946 2318 ct
976 2261 1249 2334 Epistolas
1275 2260 1593 2327 Hormisdte,
1621 2268 1670 2315 et
1701 2261 1999 2331 legatorum
2030 2261 2144 2331 ejus
2173 2268 2306 2314 tom.
2336 2258 2357 2313 l
2385 2258 2562 2329 Epist.
2594 2258 2757 2312 Rom.
2785 2256 2986 2328 pontii.
3014 2257 3247 2327 insuper
3273 2272 3399 2328 qute
3420 2268 3675 2314 accurate
3697 2260 3930 2314 adnotat

635 2357 916 2412 Baronius
939 2365 1077 2410 tom.
1108 2353 1196 2410 Vll
1224 2352 1419 2407 Annal.
1454 2367 1603 2408 anno
1627 2350 1752 2417 519,
1781 2366 1905 2421 cap.
1938 2351 2029 2416 85,
2055 2359 2114 2405 et
2144 2349 2265 2415 106,
2293 2359 2350 2404 et
2380 2350 2502 2404 ΗΞ.
2535 2346 2892 2414 Quamobrem
2918 2363 3176 2419 suspenso
3207 2349 3339 2419 pede
3366 2356 3417 2401 et
3453 2350 3565 2403 acri
3586 2349 3789 2421 judicio
3816 2349 3930 2402 licet:

641 2464 804 2520 opera
820 2448 1054 2504 Joannis
1081 2446 1336 2503 Maxentii
1377 2456 1637 2519 tanquam
1663 2445 2266 2519 hmreticiEutychiani,
2296 2460 2355 2500 eo
2371 2444 2772 2516 perniciosioris
2802 2459 2906 2514 quo
2935 2443 3174 2499 cultioris
3206 2444 3300 2499 tibi
3322 2443 3542 2516 legenda
3574 2460 3828 2517 pmponc,
3858 2460 3931 2499 ne

635 2563 931 2619 impingas.

715 2775 887 2845 Igitur
929 2780 1228 2843 sequentes
1268 2772 1329 2828 in
1364 2774 1629 2829 omnibus
1682 2772 1849 2828 ﬁdem
1916 2782 2233 2829 sanctorum
2264 2788 2307 2841 Α
2337 2781 2654 2839 earnem,et
2676 2772 2805 2843 quia
2833 2771 2983 2827 Deus
3008 2770 3180 2827 homo
3199 2769 3377 2828 factus
3406 2770 3529 2826 est?
3554 2770 3654 2826 His
3680 2785 3932 2843 congrue

646 2868 893 2931 Patrum,
918 2866 1253 2921 conﬁtemur
1285 2865 1855 2936 unum-eamdemque
1892 2864 2092 2920 Filium
2134 2865 2233 2921 Dei
2334 2864 2718 2921 sanctissimus
2744 2862 3038 2934 theologus
3061 2862 3301 2934 Cyrillus
3325 2861 3395 2919 ad
3416 2862 3735 2918 Nestorium
3764 2881 3778 2917 :
3806 2863 3932 2922 Non

646 2956 944 3013 Dominum
1012 2964 1265 3011 nostrum
1323 2956 1514 3012 Jesum
1576 2955 1862 3012 Christum
1925 2956 2233 3027 perfectum
2333 2957 2506 3021 enim,
2544 2957 2744 3027 inquit,
2780 2956 3021 3011 dicimus
3056 2956 3205 3026 quod
3248 2956 3345 3011 Dei
3390 2963 3612 3022 natura,
3657 2971 3926 3012 conversa

646 3048 904 3105 eumdem
952 3047 1009 3102 in
1053 3047 1367 3113 divinitate,
1400 3047 1707 3119 perlectum
1743 3049 1999 3105 eumdem
2033 3050 2089 3102 in
2131 3048 2236 3102 huc

640 3142 937 3205 .manitate,
966 3140 1141 3195 Deum
1173 3155 1365 3195 verum
1405 3149 1463 3195 et
1497 3140 1779 3196 hominem
1813 3155 2028 3206 verum,
2072 3156 2232 3195 eum-

648 3236 774 3290 dem
824 3249 891 3289 ex
944 3232 1129 3287 anima
1185 3233 1440 3287 rationali
1494 3240 1560 3287 et
1597 3247 1863 3303 corpore,
1904 3232 2235 3287 homousion

650 3327 798 3382 Patri
867 3324 1174 3381 secundum
1238 3323 1608 3390 divinitatem,
1675 3324 2010 3380 homousion
2075 3323 2236 3378 nobis

652 3416 909 3473 eumdem
943 3414 1248 3471 secundum
1292 3414 1715 3479 humanitatem,
1742 3430 1841 3484 per
1866 3414 2051 3470 omnia
2081 3413 2234 3468 simi-

653 3509 762 3563 lem
793 3509 999 3578 absque
1027 3516 1273 3578 peccato.
1307 3506 1449 3561 Ante
1483 3507 1683 3562 saecula
1711 3506 1936 3576 quidem
1965 3506 2035 3561 de
2058 3506 2236 3561 Patre

650 3609 841 3655 natum
886 3600 1193 3654 secundum
1220 3598 1589 3663 divinitatem,
1619 3598 1674 3650 in
1703 3597 2022 3651 novissimis
2049 3607 2234 3651 autem

650 3692 849 3748 diebus
879 3691 1168 3756 eumdem;
1189 3698 1415 3760 propter
1441 3703 1543 3743 nos
1563 3729 1577 3753 ,
1604 3695 1665 3743 et
1697 3695 1944 3742 nostram
1976 3687 2234 3752 salutem,

649 3799 716 3839 ex
751 3783 919 3838 Maria
946 3783 1173 3854 Virgine
1201 3781 1298 3836 Dei
1332 3780 1613 3837 Genitriee
1641 3778 1941 3834 secundum
1975 3778 2235 3833 humani-

650 3884 842 3928 tatem.
894 3873 1074 3930 Unum
1135 3870 1503 3940 eumdemque
1555 3869 1839 3925 Christum
1882 3868 2086 3924 Filium
2137 3868 2237 3924 Dei

651 3965 1022 4036 unigenitum,
1059 3964 1219 4035 535
1260 3963 1316 4017 in
1356 3963 1497 4018 duas
1530 3971 1780 4027 naturas,
1812 3960 2120 4027 inconfuse,
2151 3961 2238 4014 in-

650 4056 1150 4122 eommutabiliter,
1202 4055 1474 4119 indivise,
1536 4053 1983 4125 inseparabiliter
2029 4069 2236 4124 cogno-

2334 3055 2432 3101 aut
2459 3047 2769 3111 immutata,
2805 3045 2947 3101 facta
2975 3046 3047 3100 sit
3072 3060 3222 3111 caro,
3251 3044 3340 3101 vel
3363 3045 3513 3115 quod
3541 3046 3597 3101 in
3626 3055 3801 3102 totum
3829 3046 3929 3100 ho-

2335 3139 2566 3203 minem,
2601 3136 2696 3207 qui
2727 3147 2813 3193 est
2839 3153 2908 3192 ex
2928 3137 3132 3192 .anima
3160 3145 3219 3193 et
3248 3151 3504 3207 corpore,
3536 3136 3927 3193 transformata

2335 3227 2429 3291 sit,
2457 3225 2553 3280 sed
2590 3223 2727 3279 illud
2762 3225 2934 3296 magis
2964 3223 3114 3294 quod
3143 3239 3368 3279 carnem
3390 3224 3692 3280 animatam
3724 3236 3785 3281 et
3806 3225 3929 3280 ani-

2339 3333 2480 3372 mam
2516 3316 2842 3371 rationalem
2872 3315 2978 3372 sibi
3005 3316 3355 3385 copulaverit
3384 3317 3650 3383 Verbum,
3674 3327 3732 3371 et
3754 3317 3928 3373 Filius

2337 3411 2435 3466 Dei
2475 3409 2989 3474 subsistentialiter,
3035 3408 3415 3476 inell‘abilitcr,
3453 3409 3927 3481 incomprehensi-

2339 3502 2528 3559 biliter
2571 3502 2751 3558 factus
2797 3502 2871 3558 sit
2902 3502 3092 3565 homo,
3136 3509 3195 3558 et
3241 3512 3594 3574 nuncupatus
3635 3503 3708 3559 sit
3753 3503 3928 3559 Filius

2339 3591 2600 3647 hominis.
2627 3591 2740 3646 Nec
2783 3590 2930 3646 nuda
2975 3598 3190 3645 tantum
3235 3592 3538 3659 voluntate,
3567 3608 3671 3648 nec
3709 3607 3927 3651 assum-

2334 3684 2526 3754 ptione
2561 3699 2831 3755 personae,
2864 3683 2962 3739 sed
2995 3684 3143 3755 quod
3190 3683 3422 3739 diversae
3457 3684 3683 3755 quidem
3709 3694 3929 3739 natura;

2340 3780 2397 3833 in
2431 3795 2599 3833 unum
2630 3779 3015 3843 convenerint,
3041 3794 3188 3833 unus
3211 3789 3395 3833 tamen
3419 3794 3488 3833 ex
3514 3761 3743 3850 utraque
3764 3779 3927 3836 Chri-

2337 3880 2459 3925 stus
2479 3879 2536 3925 et
2566 3870 2759 3934 Filius,
2794 3885 2905 3924 non
2933 3877 3199 3924 evacuata
3224 3878 3325 3924 aut
3355 3869 3572 3927 sublata
3601 3879 3927 3926 naturarum

2339 3958 2660 4013 diversitate
2686 3968 2913 4028 propter
2940 3959 3219 4013 unionem.

2410 4050 2619 4105 llorum
2666 4049 2835 4122 igitur
2882 4059 3200 4105 sanctorum
3230 4051 3457 4107 Patrum
3501 4052 3811 4109 doctrinam
3842 4070 3929 4110 se-

650 4150 939 4204 scendum.
998 4148 1058 4203 In
1112 4147 1267 4202 nullo
1309 4155 1635 4201 naturarum
1679 4145 2060 4200 diversitatem
2107 4159 2240 4215 pro-
2272 4141 2314 4200 Β
2345 4152 2601 4215 quentes,
2648 4141 3039 4197 abominamur
3091 4143 3278 4198 omnia
3324 4158 3519 4199 eorum
3567 4145 3926 4203 deliramenta

650 4251 775 4311 pter
802 4242 1066 4295 unitatem
1094 4239 1493 4312 perimendam,
1518 4238 1668 4294 salva
1694 4239 1879 4309 potius
1901 4237 2238 4308 proprietate

654 4336 947 4404 utriusque
990 4341 1204 4387 natura:
1252 4333 1305 4386 in
1353 4347 1462 4388 una
1510 4346 1747 4402 persona
1789 4345 2008 4399 unaque
2055 4328 2240 4385 subsi-

651 4425 855 4480 stentia
888 4432 1273 4480 concurrente.
1298 4423 1418 4479 Non
1448 4423 1504 4477 in
1539 4422 1676 4477 duas
1719 4437 1984 4493 personas
2024 4422 2238 4492 patien—

652 4515 785 4569 dum
814 4525 912 4569 aut
954 4512 1337 4577 dividendum,
1377 4511 1475 4566 sed
1524 4526 1695 4565 unum
1732 4509 2101 4580 eumdemqne
2147 4510 2238 4564 Fi-

652 4607 788 4661 lium
824 4606 1169 4677 unigenitum
1202 4605 1376 4661 Deum
1400 4603 1669 4671 Verbum,
1700 4603 1994 4681 Dominum
2022 4603 2237 4668 Jesum,

652 4698 797 4752 sicut
823 4697 894 4750 ab
925 4695 1087 4750 initio
1113 4694 1275 4749 nobis
1316 4693 1602 4764 prophetae
1629 4692 1911 4757 dixerunt,
1937 4692 2007 4747 de
2034 4692 2148 4748 Deo
2185 4700 2242 4747 et

654 4790 771 4859 ipse
800 4804 900 4843 nos
927 4787 1183 4843 Christus
1213 4786 1475 4842 erudivit.
1511 4787 1620 4841 llas
1654 4786 1823 4857 igitur
1851 4786 1988 4840 duas
2014 4794 2241 4841 naturas

652 4881 749 4935 Dei
780 4878 1182 4934 verhi~Domini
1214 4878 1390 4932 nostri
1418 4878 1546 4934 Jesu
1581 4877 1809 4943 Christi,
1843 4878 1950 4933 hoc
1979 4886 2065 4932 est
2097 4877 2241 4932 divi-

654 4970 843 5026 nitatis
866 4980 924 5025 et
949 4968 1334 5034 humanitatis,
1362 4969 1713 5040 naturaliter,
1740 4970 2045 5025 secundum
2073 4969 2242 5025 tradi-

654 5064 861 5116 tionem
903 5071 1223 5117 sanctorum
1254 5062 1477 5117 Patrum
1510 5061 1792 5117 credimus
1832 5070 1890 5117 et
1912 5061 2242 5117 conﬁtemur

652 5155 863 5217 unitas,
891 5170 1070 5223 eoque
1097 5162 1298 5208 natura
1324 5153 1670 5208 inviolabilis
1701 5154 1798 5208 Dei
1826 5153 2243 5219 Verbi,naturze

649 5253 737 5301 cst
770 5244 924 5300 unita
970 5245 1242 5314 passibili,
1283 5244 1607 5299 beatissimo
1647 5243 1812 5299 simul
1842 5253 2006 5314 atque
2035 5245 2243 5299 doctis-

652 5340 797 5393 simo
843 5336 1149 5392 Athanasio
1197 5336 1416 5392 dicente
1446 5355 1459 5389 :
1486 5337 1728 5392 Verbum
1769 5353 1922 5403 caro,
1966 5353 2079 5392 non
2113 5354 2242 5393 caro

651 5430 893 5486 Verbum
941 5429 1148 5484 factum
1194 5437 1298 5483 est.
1343 5430 1586 5485 Verbum
1632 5441 1815 5484 autem
1863 5446 1994 5485 caro
2037 5429 2242 5485 factum

655 5524 883 5586 dicitur,
917 5523 1048 5592 quia
1075 5521 1239 5578 Verbi
1282 5521 1429 5576 facta
1472 5535 1559 5576 est
1584 5537 1734 5587 caro,
1768 5533 1824 5577 et
1868 5539 1978 5575 non
2009 5523 2243 5590 alicujus

657 5614 922 5680 hominis,
950 5615 1056 5669 hoc
1094 5622 1199 5677 est,
1233 5614 1376 5667 Deus
1403 5613 1568 5666 homo
1609 5612 1788 5667 lactus
1809 5622 1918 5676 est,
1948 5622 2002 5667 et
2042 5614 2243 5667 dicitur

656 5722 807 5772 caro,
841 5723 911 5761 ne
947 5706 1290 5776 praetereatis
1333 5706 1519 5759 carnis
1565 5721 1786 5759 nomen.
1815 5705 1929 5760 Cur
1957 5721 2091 5774 ergo
2132 5722 2243 5758 non

650 5798 859 5857 sullicit
903 5798 1067 5855 nobis
1110 5799 1377 5854 naturalis
1421 5798 1599 5853 unitio
1644 5797 1809 5854 Verbi
1854 5798 1922 5853 ad
1964 5799 2242 5869 propriam

2341 4234 2437 4304 qui
2467 4233 2639 4287 ﬁlium
2664 4233 2775 4287 ﬁlio
2795 4232 3135 4302 copulatum,
3152 4241 3246 4288 aut
3263 4233 3501 4290 alterum
3523 4235 3926 4293 inhabitantem

2341 4326 2397 4380 in
2419 4325 2614 4391 altero,
2638 4325 2872 4381 alterum
2906 4331 3089 4380 autem
3111 4325 3273 4379 alteri
3328 4325 3663 4382 conﬁtentur
3687 4332 3925 4394 unitum,

2343 4419 2650 4475 secundum
2707 4417 2968 4473 allectum
3004 4426 3111 4472 aut
3157 4419 3413 4488 gratiam,
3462 4428 3560 4475 aut
3600 4421 3926 4492 dignitatem

2342 4521 2437 4567 aut
2484 4511 2750 4583 aequalem
2768 4512 3047 4566 honorem
3098 4512 3214 4566 sive
3260 4513 3671 4576 auctoritatem,
3700 4524 3802 4569 aut
3841 4530 3930 4570 se-

2342 4604 2586 4659 cundum
2630 4601 3233 4673 connuncupationcm,
3279 4611 3375 4658 aut
3408 4603 3784 4669 concordiam,
3833 4614 3926 4660 aut

2342 4694 2792 4758 illustrationem,
2836 4698 2951 4748 sive
2998 4692 3303 4748 secundum
3340 4694 3804 4765 inoperationem,
3830 4708 3924 4754 aut

2342 4787 2688 4858 personalem
2732 4786 2929 4840 laetam
2944 4785 3179 4839 credunt
3194 4787 3522 4853 unitionem,
3539 4789 3704 4844 beato
3723 4788 3929 4862 Cyrillo

2343 4880 2400 4934 in
2445 4879 2689 4948 capitulo
2737 4878 2900 4932 tertio
2946 4888 3137 4932 contra
3178 4879 3496 4934 Nestorium
3543 4881 3765 4938 dicente
3812 4903 3826 4936 :
3868 4883 3928 4939 Si

2342 4972 2468 5042 quis
2504 4973 2561 5026 in
2594 4985 2704 5025 uno
2737 4967 2957 5025 Christo
2995 4969 3197 5024 dividit
3246 4972 3586 5028 substantias
3633 4982 3761 5044 post
3798 4977 3926 5030 uni-

2346 5072 2538 5129 tatem,
2576 5062 2690 5118 sola
2713 5077 2808 5118 eas
2836 5061 3103 5119 societate
3133 5072 3474 5119 eonnectens
3504 5066 3812 5121 secundum
3844 5068 3930 5123 di-

2344 5157 2631 5227 gnitatem,
2666 5155 3173 5209 autauctoritatem
3201 5166 3297 5211 aut
3346 5159 3673 5226 potentiam,
3717 5169 3775 5215 et
3815 5176 3928 5216 non

2346 5247 2523 5317 magis
2552 5257 2830 5301 convento
2858 5247 2934 5302 ad
2967 5248 3237 5302 unitatem
3266 5247 3595 5313 naturalem,
3635 5250 3929 5309 anathema

2346 5339 2438 5392 sit.
2475 5338 2742 5394 Similiter
2781 5339 2978 5395 beatus
3018 5338 3320 5410 Gregorius
3365 5339 3421 5394 in
3455 5340 3699 5411 Epistola
3734 5343 3802 5398 ad
3836 5345 3933 5400 Di-

2350 5430 2579 5484 donium
2611 5448 2624 5484 :
2656 5431 2717 5485 Si
2750 5431 2900 5501 quis,
2937 5431 3140 5500 inquit,
3170 5431 3318 5486 sicut
3341 5430 3397 5484 in
3422 5431 3694 5502 propheta
3725 5450 3931 5490 secun-

2349 5521 2482 5574 dum
2520 5521 2753 5591 gratiam
2844 5522 2983 5577 dicit
3016 5522 3337 5592 inoperasse
3377 5521 3552 5576 Deum
3583 5523 3847 5591 Verbum,
3876 5536 3935 5582 et

2351 5629 2462 5667 non
2484 5613 2926 5669 substantialiter
2950 5614 3152 5669 laetam
3181 5612 3477 5669 conﬁtetur
3501 5614 3830 5685 unitionem,
3861 5620 3938 5676 sit

2355 5722 2560 5761 vacuus
2578 5709 2826 5762 melioris
2856 5708 3283 5778 inoperationis,
3319 5707 3492 5777 magis
3522 5717 3706 5764 autem
3732 5721 3787 5764 et
3814 5712 3936 5781 ple-

2353 5814 2458 5854 nus
2476 5799 2793 5856 deterioris.
2828 5799 3004 5857 Unam
3033 5816 3169 5855 vero
3197 5800 3431 5855 duarum
3455 5811 3777 5857 naturarum
3802 5802 3940 5858 sub-
