4200 6426
206 452 268 519 ει
1388 444 1489 504 ns
1538 440 1871 503 cnntsro
1923 441 2357 505 PltOFE'éSiO.
3420 443 3490 506 82

208 567 539 628 sistentiam,
564 563 682 618 sive
710 576 1030 632 personam,
1078 574 1243 630 quam
1277 556 1438 613 nobis
1485 555 1797 613 veneranda
1831 564 1871 619 Α
1904 556 2052 611 urbis
2067 556 2380 626 episcopus,
2401 570 2562 625 quem
2592 553 2756 609 etiam
2788 553 3104 609 veneranda
3129 556 3335 626 recepit
3361 571 3489 626 syn-

206 655 680 712 Chalcedouensis
727 654 976 726 synodus
1024 652 1275 715 tradidit,
1318 649 1525 705 nullius
1564 650 1793 704 alterius

209 750 310 804 nisi
359 749 458 802 Dei
487 748 654 803 Verbi
689 747 964 803 iucarnati
1001 753 1057 800 et
1102 745 1347 799 hominis
1392 742 1519 799 facti
1571 742 1799 797 confite-

202 857 351 895 mur.
399 841 637 909 Propter
682 840 834 910 quod
877 854 982 893 nec
1031 838 1181 892 illam
1228 838 1585 898 sententiam,
1633 850 1799 905 quam

209 933 363 1002 quasi
407 934 748 987 contrariam
778 931 1004 1002 quidam
1034 929 1246 1002 synodo
1270 930 1564 991 estimant,
1608 927 1662 981 id
1692 936 1798 992 cst,

211 1042 375 1078 unam
422 1036 685 1080 naturam
729 1025 829 1080 Dei
866 1023 1030 1078 Verbi
1062 1024 1425 1086 incarnatam,
1472 1021 1797 1084 avertimus,

209 1119 338 1186 quia
381 1116 525 1170 nihil
558 1115 711 1171 aliud
738 1114 845 1170 nisi
873 1130 1038 1170 unam
1068 1112 1489 1169 subsistentiam
1532 1110 1649 1165 sive
1672 1126 1801 1180 per-

210 1224 397 1262 sonam
432 1209 491 1263 in
518 1208 740 1263 duabus
767 1206 986 1262 naturis
1009 1204 1173 1262 docet
1215 1204 1408 1261 unitis.

280 1300 437 1356 Unde
472 1309 531 1356 et
572 1301 777 1356 beatus
798 1300 1095 1355 Flavianus
1129 1298 1293 1369 hujus
1319 1296 1475 1353 urbis
1505 1296 1803 1368 episcopus

210 1393 264 1446 in
325 1392 521 1446 libello
560 1406 726 1461 quem
790 1390 865 1445 De
902 1390 1009 1460 ﬁde
1063 1389 1410 1444 Theodosius
1459 1389 1799 1458 imperator,

209 1482 275 1535 ad
333 1481 716 1537 excludendos
784 1495 881 1536 eos
925 1495 1044 1551 qui,
1130 1480 1276 1534 sicut
1334 1478 1475 1533 duas
1551 1485 1799 1543 naturas,

210 1572 283 1628 ita
361 1574 507 1629 duas
594 1573 898 1644 praedicant
974 1571 1410 1634 subsistentias,
1468 1584 1631 1625 unam
1704 1568 1802 1623 Dei

212 1663 377 1718 Verbi
427 1674 687 1718 naturam
749 1664 1091 1718 incarnatam
1140 1660 1393 1717 confiteri
1459 1675 1570 1715 non
1643 1658 1806 1713 dubi-

213 1756 369 1819 tavit,
422 1756 620 1811 dicens
664 1774 678 1808 :
731 1755 949 1810 Etenim
996 1770 1065 1810 ex
1120 1753 1338 1808 duabus
1373 1751 1590 1807 naturis
1643 1748 1805 1805 Chri-

211 1860 354 1901 stum
379 1848 957 1917 postincarnationem
982 1864 1048 1901 ex
1076 1846 1295 1916 Virgine
1320 1850 1509 1899 sancta
1542 1842 1657 1897 sive
1681 1851 1803 1912 post

1900 646 2042 701 odus
2082 646 2572 710 Chalcedonensis,
2628 647 2693 701 ad
2754 646 3079 709 Armenios,
3123 662 3249 700 cum
3296 658 3489 703 contra

1901 737 2176 793 Theodori
2221 739 2624 810 blasphemias,
2651 755 2816 809 quam
2843 737 2927 811 [F.
2956 737 3201 813 quando]
3229 742 3488 809 quaterni

1902 839 2068 885 tatem
2087 846 2187 901 pro
2211 830 2478 885 Trinitate
2499 830 2664 900 impie
2684 829 3092 902 dogmatizavit,
3119 838 3399 901 peteretur
3421 830 3492 884 ab

1904 921 2017 992 ipsa
2065 932 2228 992 gente
2265 930 2325 976 ut
2366 922 2680 985 scriberet,
2712 922 3071 992 ejusdemque
3117 921 3492 993 blasphemias

1901 1013 2187 1077 refutaret,
2209 1012 2279 1068 de
2319 1013 2422 1069 hac
2468 1013 2744 1069 sententia
2766 1013 3355 1079 estlocutus,dicens:
3378 1013 3485 1068 Sed

1898 1102 2200 1158 Sciscitaris
2237 1117 2326 1158 me
2358 1102 2617 1157 fortassis
2649 1103 2805 1157 illum
2844 1102 3127 1158 novicium
3165 1118 3487 1173 vanumque

1900 1208 2124 1250 sensum
2163 1210 2259 1249 seu
2315 1194 2695 1264 vaniloquum,
2749 1194 2984 1250 dicens:
3030 1194 3172 1262 Quia
3206 1194 3301 1265 qui
3337 1210 3487 1248 con-

1902 1284 2090 1340 ﬁtetur
2133 1300 2261 1339 eum
2311 1285 2406 1355 qui
2457 1284 2756 1341 cruciﬁxus
2801 1293 2906 1350 est,
2950 1284 3233 1342 Christum
3287 1285 3483 1349 Deum,

1899 1384 1957 1431 ct
1996 1375 2211 1430 Patrem
2267 1384 2325 1431 et
2368 1374 2635 1446 Spiritum
2686 1386 2938 1432 sanctum
2988 1379 3314 1434 cruciﬁxum
3347 1393 3485 1432 con-

1902 1464 2112 1531 ﬁtetur,
2163 1466 2210 1521 si
2260 1481 2367 1520 una
2411 1475 2497 1520 est
2546 1465 2838 1522 Trinitatis
2872 1476 3088 1523 natura.
3142 1468 3255 1540 Ego
3300 1478 3483 1524 autem

1899 1574 1933 1614 e
1973 1558 2255 1613 contrario
2299 1558 2504 1628 objieio
2546 1558 2668 1623 tibi,
2723 1566 2780 1614 et
2806 1575 3037 1629 quaero:
3074 1559 3227 1615 Unus
3253 1575 3320 1614 ex
3355 1559 3483 1613 Tri-

1903 1649 2075 1704 nitate
2110 1656 2216 1713 est,
2245 1650 2340 1720 qui
2368 1649 2667 1706 cruciﬁxus
2696 1660 2801 1716 est,
2836 1652 3070 1707 an-alius
3095 1651 3298 1721 aliquis
3327 1663 3481 1705 extra

1904 1738 2271 1795 Trinitatem?
2314 1750 2372 1794 et
2422 1741 2697 1809 siquidem
2749 1757 2916 1807 unus,
2957 1742 3199 1796 solutum
3242 1749 3327 1796 cst
3364 1740 3484 1811 jur-

1905 1830 2076 1901 giutn.
2129 1832 2183 1887 Si
2220 1840 2403 1886 autem
2449 1833 2592 1887 alius
2648 1833 2849 1903 aliquis
2888 1844 3088 1904 pragter
3127 1833 3483 1897 Trinitatem,

211 1949 549 2009 assumpta”)
600 1948 859 1994 naturam
888 1939 1207 2002 humanam,
1247 1937 1303 1990 in
1347 1951 1454 1990 una
1496 1934 1802 1990 subsiste".
1833 1919 1875 1976 Β
1903 1931 2137 1991 quartus
2179 1931 2263 1977 CSl
2295 1924 2413 1978 sine
2462 1924 2635 1980 ἀυὶήο
2665 1925 2852 1995 gloria:
2883 1924 3171 1990 Dominus,
3208 1935 3265 1980 et
3294 1926 3363 1980 ab

212 2032 284 2085 tia
316 2032 438 2087 sive
479 2047 737 2101 persona,
789 2048 961 2087 unum
990 2029 1298 2094 Christum,
1350 2043 1522 2083 unum
1575 2027 1797 2089 Filium,

214 2142 379 2179 unum
427 2126 729 2180 Dominum
762 2123 1096 2179 conﬁtemur
1122 2140 1137 2189 ;
1165 2130 1223 2178 et
1253 2136 1417 2176 unam
1452 2118 1676 2190 quidem
1700 2133 1800 2172 na-

214 2228 389 2272 turam
432 2219 536 2274 Dei
571 2216 735 2273 Verbi
786 2216 1125 2271 incarnatam
1156 2213 1303 2269 unde
1352 2213 1637 2267 reuuimus
1668 2225 1800 2265 con-

212 2307 393 2362 ﬁteri?
427 2306 783 2377 Quapropter
805 2307 974 2377 impie
1001 2306 1227 2376 quidam
1257 2320 1547 2375 personam
1575 2302 1799 2373 quidem

210 2397 468 2463 homini,
495 2397 920 2452 subsistentiam
962 2413 1094 2451 vero
1132 2396 1244 2450 Deo
1275 2395 1456 2450 Verbo
1500 2393 1737 2447 credunt
1770 2408 1801 2445 a

205 2491 421 2561 synodo
452 2490 798 2560 deputatam.
826 2488 947 2543 Non
977 2487 1129 2559 quod
1175 2487 1426 2543 nesciant
1456 2485 1599 2555 apud
1640 2500 1803 2557 syno-

204 2584 338 2637 dum
387 2582 636 2653 idipsum
667 2596 789 2635 esse
823 2579 1242 2635 subsistentiam
1264 2578 1413 2649 quod
1447 2588 1502 2633 et
1541 2593 1797 2648 persona,

206 2676 300 2730 sed
348 2692 419 2730 ne
467 2682 661 2744 aperte
712 2671 1008 2728 videantur
1054 2671 1195 2727 duas
1251 2671 1663 2734 subsistentias,
1708 2679 1802 2724 aut

204 2768 346 2822 duas
386 2779 664 2837 personas
690 2763 1070 2828 introducere,
1098 2762 1203 2817 hoc
1224 2762 1467 2833 pessimo
1497 2761 1803 2815 abutuntur

206 2867 563 2930 argumento.
608 2856 727 2911 Nos
767 2862 955 2911 autem
986 2869 1158 2909 unum
1206 2864 1264 2908 et
1310 2852 1455 2907 idem
1495 2851 1803 2908 sentientes

205 2952 636 3008 subsistentiam
656 2964 781 3004 esse
812 2947 961 3018 quod
988 2955 1045 3003 et
1068 2962 1384 3017 personam,
1420 2963 1532 3002 non
1564 2946 1803 3001 dicimus

206 3039 542 3095 Trinitatem
580 3038 636 3091 in
661 3034 887 3092 Christo
927 3035 1264 3100 inhabitare,
1308 3036 1453 3091 sicut
1485 3050 1805 3091 consueve-

206 3129 648 3186 runt'l‘heodori
699 3127 1092 3205 Mopsuestien.
1129 3137 1186 3182 et
1216 3127 1455 3183 Nestorii
1480 3138 1801 3195 sectatores,

206 3222 359 3291 quasi
388 3220 530 3290 quid
553 3229 711 3274 extra
731 3220 1059 3275 Trinitatem
1080 3220 1153 3275 sit
1185 3219 1441 3276 Christus
1466 3238 1481 3283 ;
1504 3221 1601 3276 scd
1631 3222 1804 3276 Deum

207 3312 455 3367 Verbum
502 3311 852 3382 unigenitum
885 3311 1082 3366 Filium
1126 3311 1326 3377 Patris,
1360 3313 1654 3367 Dominum
1695 3328 1798 3369 no-

208 3417 380 3460 strum
415 3405 612 3460 Jesum
642 3404 949 3469 Christum,
989 3405 1083 3475 qui
1119 3421 1219 3474 pro
1264 3405 1428 3459 nobis
1466 3420 1660 3475 passus
1686 3414 1794 3471 est,

208 3512 392 3561 came,
416 3496 675 3551 unumde
702 3496 882 3551 tribus
896 3496 1269 3552 subsistentiis
1304 3497 1468 3552 unius
1493 3497 1799 3554 divinitatis

208 3604 326 3644 esse
351 3588 805 3643 credimus..Ncc
830 3588 979 3642 enim
1012 3590 1242 3644 verendi
1290 3599 1441 3654 sunt,
1462 3590 1518 3643 hi
1550 3590 1645 3660 qui
1700 3606 1800 3644 nos

212 3675 628 3746 reprehendeee
652 3684 905 3743 tentant,
932 3677 1180 3733 dicentes
1198 3696 1211 3732 :
1229 3679 1340 3750 Ego
1378 3678 1549 3752 [Nego
1576 3678 1620 3754 ?]
1651 3678 1799 3750 quod

211 3765 548 3821 Trinitatem
606 3764 878 3832 dividere,
922 3775 1008 3821 est
1059 3766 1340 3823 Christum
1392 3769 1576 3824 dicere
1630 3786 1801 3825 unum

212 3855 277 3911 de
306 3856 617 3922 Trinitate,
662 3872 788 3911 cum
823 3873 891 3911 ex
932 3855 1224 3925 Trinitate,
1277 3869 1334 3915 et
1367 3860 1516 3929 quod
1564 3860 1801 3930 amplius

211 3958 313 4010 est.
362 3963 518 4003 unus
572 3947 764 4011 trium,
809 3965 841 4004 a
891 3948 1058 4004 beato
1112 3949 1327 4005 dictum
1362 3951 1435 4006 sit
1466 3950 1799 4022 Augustino.

214 4038 466 4108 Denique
508 4038 566 4091 in
609 4038 752 4108 libro
784 4038 1093 4094 Enchiridii
1141 4042 1183 4106 ',
1220 4040 1353 4096 dum
1399 4051 1586 4111 ageret
1620 4043 1689 4097 de
1735 4058 1803 4097 eo

214 4129 355 4198 quod
386 4128 609 4183 dictum
648 4136 732 4183 est
768 4146 783 4182 :
842 4128 1042 4184 Natum
1083 4131 1256 4186 Deum
1302 4131 1546 4186 Verbum
1585 4146 1651 4185 ex
1683 4130 1805 4201 Spi-

216 4221 323 4274 ritu
353 4229 561 4275 sancto
589 4227 647 4274 et
676 4220 842 4274 Maria
876 4221 1120 4292 Virgine,
1153 4222 1300 4276 inter
1325 4230 1522 4278 cetera
1547 4222 1623 4277 ait
1655 4240 1666 4275 :
1696 4223 1801 4276 Sed

215 4325 335 4366 cum
371 4311 529 4365 illam
561 4318 893 4374 creaturam,
939 4326 1105 4381 quam
1131 4311 1298 4382 Virgo
1341 4314 1598 4382 concepét
1627 4319 1684 4366 et
1713 4328 1807 4381 pe-

217 4403 379 4472 perit,
426 4400 687 4470 quamvis
736 4401 804 4455 ad
845 4401 1017 4455 solam
1067 4401 1162 4455 ﬁlii
1194 4417 1486 4471 personam
1519 4402 1806 4472 pertinen-

219 4504 321 4549 tem
372 4504 491 4549 tota
530 4492 775 4548 Trinitas
820 4492 1019 4547 fecerit
1048 4492 1254 4563 (neque
1285 4494 1441 4547 enim
1468 4495 1805 4563 separabilia

1901 2011 2320 2082 gloriﬁcatione,
2347 2030 2455 2084 qua
2486 2013 2774 2085 Seraphim
2802 2015 3132 2086 glorificent,
3151 2014 3367 2071 exsistit
3391 2031 3486 2071 ex-

1904 2112 2145 2159 traneus.
2197 2105 2293 2160 Illa
2323 2114 2510 2159 autem
2554 2106 2814 2161 animalia
2867 2106 3197 2163 Trinitatem
3233 2107 3482 2173 laudant,

1900 2204 1956 2251 et
1980 2196 2245 2251 unitatem
2293 2197 2649 2253 conﬁtentur.
2689 2198 2803 2252 Hoc
2847 2207 3033 2253 autem
3080 2199 3126 2254 si
3174 2214 3286 2254 non
3329 2215 3485 2254 men-

1900 2286 2111 2342 daciter
2138 2287 2300 2343 docet
2335 2304 2437 2343 vox
2477 2289 2588 2353 illa,
2619 2289 2898 2360 quomodo
2922 2299 3175 2361 quartus,
3203 2306 3343 2360 quos
3373 2306 3484 2345 non

1902 2379 2191 2450 plasntavit
2245 2381 2476 2435 salvavit
2526 2399 2537 2432 :
2592 2390 2688 2436 aut
2736 2382 3170 2453 chirographum
3222 2393 3483 2452 peccato-

1903 2484 2025 2523 rum
2077 2470 2349 2526 destruxit
2384 2473 2437 2527 in
2485 2489 2671 2540 cruce,
2718 2475 2813 2544 qui
2865 2489 2975 2530 non
3025 2474 3193 2531 habet
3241 2485 3484 2545 potesta-

1904 2571 2013 2618 tem
2056 2573 2279 2633 peccata
2335 2564 2648 2630 dimittere,
2698 2565 2742 2621 si
2797 2582 2908 2624 non
2955 2575 3040 2622 est
3089 2568 3395 2624 secundum
3433 2577 3485 2625 te

1902 2655 2087 2713 Deus?

1975 2746 2042 2801 Et
2076 2746 2271 2803 iterum
2293 2759 2419 2820 post
2438 2751 2715 2821 aliquanta
2738 2770 2751 2806 :
2776 2751 2832 2808 Si
2852 2761 3035 2809 autem
3057 2753 3305 2824 proferas
3326 2755 3484 2820 mibi,

1904 2834 2105 2907 inquit,
2125 2835 2317 2893 dicens
2342 2856 2355 2892 :
2374 2838 2511 2905 Quia
2534 2839 2627 2909 qui
2651 2840 2948 2897 conﬁtetur
2969 2843 3293 2899 cruciﬁxum
3314 2825 3489 2900 Deum

1905 2928 1947 2983 F
1951 2929 2127 2995 ilium,
2164 2940 2220 2985 et
2248 2931 2462 2987 Patrem
2489 2942 2545 2988 et
2577 2932 2844 3003 Spiritum
2870 2943 3124 2991 sanctum
3159 2938 3485 3002 conﬁtetur,

1904 3034 2073 3091 super
2123 3037 2319 3092 aquam
2372 3023 2594 3088 scribis,
2644 3034 2701 3080 et
2746 3039 2914 3095 super
2945 3042 3170 3083 arenam
3221 3027 3484 3085 aediﬁcas.

1903 3110 2141 3169 Attende
2168 3114 2337 3185 igitur
2365 3117 2650 3171 catholica:
2682 3116 2807 3173 ﬁdei
2844 3133 3068 3184 nervos,
3107 3130 3165 3175 et
3189 3120 3351 3177 ablue
3381 3122 3486 3177 im-

1906 3201 2261 3271 prudentiam
2309 3214 2480 3260 tuam.
2532 3205 2676 3274 Quid
2720 3210 2871 3263 enim
2911 3219 2998 3266 est
3056 3213 3352 3283 quod'nos
3396 3231 3488 3271 sa-

1829 3273 1873 3332 c
1909 3293 2090 3363 pimus
2119 3295 2142 3349 ?
2171 3295 2230 3350 In
2252 3297 2354 3353 hac
2387 3299 2503 3368 ipsa
2532 3301 2795 3361 essentia,
2828 3317 2935 3372 qua
2965 3273 3181 3359 constat
3212 3315 3268 3361 et
3299 3308 3488 3363 unitm

1900 3396 1985 3442 est
2018 3387 2190 3443 Filius
2219 3389 2367 3445 Patri
2419 3401 2475 3446 et
2508 3391 2765 3462 Spiritui,
2798 3410 2908 3448 non
2942 3396 3180 3452 dicimus
3204 3414 3331 3453 eum
3368 3415 3489 3470 pas-

1899 3494 2043 3545 sum,
2067 3482 2160 3536 sed
2186 3497 2349 3538 carne
2376 3499 2498 3554 quae
2521 3500 2585 3538 ex
2611 3485 2766 3541 nobis
2793 3496 2847 3540 et
2873 3504 2973 3558 pro
2993 3489 3153 3545 nobis
3175 3503 3258 3546 est
3289 3493 3485 3550 factus.

1901 3571 2024 3627 Non
2072 3584 2259 3630 autem
2288 3576 2433 3631 alius
2461 3587 2545 3632 est
2576 3578 2753 3635 factus
2778 3582 2883 3635 nisi
2915 3598 3057 3638 unus
3091 3583 3159 3639 de
3193 3585 3486 3653 Trinitate,

1902 3671 1959 3717 et
2005 3664 2303 3722 cruciﬁxus
2325 3678 2433 3733 est,
2463 3684 2631 3724 carne
2659 3686 2767 3739 qua
2818 3671 2996 3727 factus
3021 3682 3126 3738 est,
3161 3684 3220 3730 et
3262 3692 3372 3732 non
3401 3688 3486 3733 est

1905 3772 2104 3825 passus
2137 3758 2459 3824 divinitate,
2491 3778 2599 3831 qua
2626 3763 2816 3817 unitas
2844 3773 2928 3819 est
2954 3766 3102 3820 Patri
3135 3777 3191 3822 et
3226 3767 3482 3838 Spiritui,

1903 3856 1964 3902 ut
2012 3857 2066 3903 et
2110 3850 2261 3921 ipsos
2301 3853 2707 3909 concruciﬁxos
2759 3853 3027 3912 dicamus.
3078 3858 3133 3914 Si
3178 3869 3363 3915 autem
3399 3863 3486 3916 di-

1903 3956 2154 3999 ceremus
2194 3960 2322 3999 eum
2350 3946 2646 4002 divinitate
2671 3947 3022 4016 cruciﬁxum,
3061 3966 3249 4010 revera
3284 3953 3337 4008 in
3372 3955 3494 4009 Tri-

1904 4035 2075 4091 nitate
2109 4038 2423 4106 passionem
2462 4039 2871 4095 induceremus.
2903 4040 2959 4096 Si
2990 4051 3176 4098 autem
3227 4045 3489 4110 dicimus.

1905 4129 2052 4197 quod
2081 4130 2134 4184 in
2160 4145 2325 4186 carne
2350 4148 2447 4186 sua
2478 4133 2762 4202 passiones
2783 4133 3026 4189 Verbum
3059 4137 3327 4207 suscepit,
3357 4153 3490 4193 con-

1907 4218 2127 4274 ﬁtemur
2166 4223 2294 4291 quia
2345 4232 2401 4277 et
2479 4240 2621 4278 unus
2656 4233 2740 4279 est
2767 4225 2835 4280 de
2863 4226 3136 4282 Trinitate
3168 4229 3263 4298 qui
3294 4243 3489 4299 passus

1906 4320 2011 4369 est.
2038 4311 2105 4364 de
2129 4311 2229 4381 [et]
2263 4312 2550 4368 Trinitatis
2570 4324 2763 4369 natura
2792 4316 3144 4387 impassihilis
3174 4321 3397 4375 mansit.
3417 4321 3489 4376 Et

1910 4401 2111 4456 iterum
2153 4420 2165 4454 :
2210 4402 2263 4457 Si
2302 4411 2484 4457 autem
2539 4406 2876 4470 incarnatus,
2931 4408 3129 4478 inquit,
3181 4426 3292 4464 non
3344 4421 3491 4467 esset

1910 4507 2123 4561 passus,
2179 4493 2408 4550 haberet
2459 4494 2711 4551 fortassis
2774 4497 3045 4553 rationem
3102 4502 3493 4557 versutissima

217 4596 343 4641 sunt
387 4603 565 4657 opera
602 4585 937 4655 Trinitatis),
960 4599 1062 4639 cur
1114 4586 1169 4638 iu
1221 4601 1286 4639 ea
1337 4586 1588 4640 facienda
1654 4588 1805 4640 solus
1840 4604 1886 4663 υ
1911 4583 2169 4652 obiectio.
2203 4580 2258 4640 Si
2287 4596 2469 4640 autem
2501 4587 3042 4659 incarnatus,passus
3069 4600 3154 4647 est
3178 4593 3488 4659 evidenter,

215 4679 479 4735 Christus
507 4680 828 4734 nominatus
861 4680 984 4733 est?
1014 4679 1098 4733 An
1128 4688 1183 4733 et
1212 4679 1434 4747 quando
1462 4695 1607 4733 unus
1634 4681 1800 4734 trium

216 4771 405 4840 aliquo
434 4785 605 4841 opere
626 4770 963 4832 nominatur,
993 4769 1264 4824 universa:
1288 4784 1453 4839 opera
1479 4769 1804 4840 intelligitur

218 4863 560 4919 Trinitatis?
587 4864 798 4918 Rursus
818 4862 874 4917 in
910 4862 1057 4917 libro
1087 4860 1422 4916 secundoDe
1444 4861 1696 4916 Trinitate
1730 4864 1749 4893 ²
1788 4879 1799 4915 :

220 4955 443 5017 Utrum,
487 4953 688 5022 inquit,
726 4951 1024 5007 indiscrete
1047 4951 1195 5006 Deus
1214 4950 1534 5021 apparuerit
1556 4950 1806 5020 patribus

218 5046 449 5109 nostris,
505 5057 802 5114 antequam
835 5043 1336 5099 Christus'venerit
1383 5042 1437 5096 in
1478 5042 1691 5096 carne?
1718 5041 1800 5095 An

220 5139 407 5206 aliqua
453 5152 522 5191 ex
564 5135 836 5190 Trinitate
867 5149 1126 5205 persona,
1173 5148 1239 5187 an
1271 5133 1611 5202 singulatim,
1642 5133 1799 5201 quasi

220 5247 320 5299 per
353 5234 507 5285 vices
547 5226 847 5299 appareat?
878 5227 948 5282 Et
974 5221 1330 5295 iterum'post
1362 5241 1536 5295 pauca
1572 5242 1584 5272 τ
1615 5225 1803 5293 Neque

223 5322 315 5376 hic
345 5336 501 5391 ergo,
535 5320 742 5390 inquit.
778 5318 1069 5375 evidenter
1117 5324 1346 5387 apparet
1388 5325 1572 5370 utrum
1618 5316 1800 5384 aliqua

222 5426 291 5465 ex
312 5411 586 5464 Trinitate
625 5422 885 5479 persona,
909 5423 981 5461 an
1004 5406 1269 5462 Dominus
1296 5406 1412 5476 ipse
1440 5404 1682 5459 Trinitas
1712 5404 1800 5474 (de

223 5513 335 5567 quo
382 5497 596 5553 dictum
638 5508 724 5553 est
751 5516 764 5550 :
793 5496 1080 5551 Dominum
1124 5495 1294 5549 Deum
1336 5502 1485 5547 tuum
1530 5494 1797 5557 adorabis,

224 5596 276 5639 et
319 5588 402 5641 iiii
431 5586 531 5641 soli
582 5587 774 5641 servies
795 5585 839 5655 ⁸)
880 5587 1031 5640 visus
1068 5584 1236 5639 fuerit
1262 5582 1519 5638 Abrahae.

294 5675 401 5732 Sed
436 5676 528 5733 bis
566 5676 736 5748 paulo
768 5674 1117 5731 manifestius
1146 5676 1343 5731 beatus
1381 5676 1612 5731 Proclus
1638 5675 1801 5745 hujus

1912 4675 2170 4742 quoniam
2214 4690 2377 4729 causa
2433 4671 2834 4733 incarnationis
2880 4690 2965 4734 est
3003 4697 3159 4745 crux,
3200 4683 3306 4738 hoc
3357 4700 3488 4740 cru-

1908 4765 2127 4819 ciﬁxum
2168 4777 2251 4821 est
2309 4767 2457 4836 quod
2495 4769 2839 4825 incarnatum
2872 4781 2976 4825 est.
3018 4772 3072 4827 Si
3114 4783 3295 4829 autem
3341 4777 3490 4846 quod

1909 4856 2254 4934 incarnatum
2286 4868 2392 4919 est.
2445 4860 2772 4915 cruciﬁxum
2830 4872 2936 4926 est,
2980 4864 3143 4919 Pater
3195 4875 3379 4921 autem
3434 4876 3494 4925 et

1909 4947 2152 5017 Spiritus
2185 4964 2294 5004 non
2318 4959 2404 5005 cst
2433 4952 2755 5017 cruciﬁxus,
2791 4969 2937 5009 unus
2958 4969 3089 5025 ergo
3119 4955 3187 5011 de
3212 4957 3489 5017 Trinitate

1909 5048 1995 5094 est
2032 5042 2349 5096 crucifixus.
2407 5042 2763 5099 Divinitatem
2798 5061 2929 5099 vero
2969 5063 3077 5116 qua
3113 5052 3488 5109 communicat

1910 5131 2058 5185 Patri
2093 5142 2149 5186 et
2194 5132 2449 5201 Spiritui,
2482 5136 2721 5188 servavit
2748 5136 3167 5206 impassibilem,
3195 5155 3364 5196 carne
3393 5158 3493 5198 au-

1912 5229 2044 5288 tem,
2066 5239 2173 5293 qua
2197 5224 2311 5294 ipse
2335 5226 2489 5280 solus
2513 5236 2599 5281 est
2621 5225 2818 5292 factus,
2843 5228 2956 5299 ipsa
2975 5239 3032 5285 et
3058 5233 3210 5287 solus
3240 5233 3383 5288 idem
3402 5244 3489 5290 est

1911 5329 2124 5384 passus.
2157 5317 2525 5387 Quapropter,
2558 5319 2603 5373 si
2646 5321 2772 5389 quis
2805 5321 2948 5376 hanc
2977 5322 3141 5392 hujus
3183 5323 3487 5381 beatissimi

1909 5403 2092 5460 Patris
2131 5422 2299 5475 super
2356 5407 2711 5477 splendorem
2761 5412 2895 5467 solis
2939 5413 3216 5469 lucentem
3270 5426 3494 5472 senten-

1913 5497 2042 5549 tiam
2087 5498 2497 5567 reprehendere
2527 5500 2715 5565 audet,
2769 5518 2933 5557 unam
2983 5507 3155 5559 totius
3195 5505 3492 5561 Trinitatis

1910 5586 2349 5651 subsistentiam,
2407 5588 2461 5642 id
2515 5598 2602 5645 est
2651 5592 2831 5647 Patris
2878 5603 2933 5649 et
2984 5593 3107 5648 Filii
3155 5604 3213 5650 et
3247 5594 3493 5665 Spiritus

1909 5678 2110 5743 sancti,
2154 5679 2444 5737 manifeste
2487 5697 2614 5738 cum
2645 5682 2884 5740 Sabellio
2918 5685 3147 5742 credere
3184 5689 3493 5760 reprehen-

302 5853 320 5887 ¹
353 5854 485 5926 Cap.
521 5855 683 5921 38,1.
725 5855 819 5912 lli.
894 5858 913 5887 ³
953 5856 1083 5926 Cap.
1137 5857 1217 5911 l0.
1299 5858 1316 5885 ⁸
1356 5859 1513 5912 Dein.
1552 5872 1622 5923 γι,
1676 5859 1764 5925 l5;
1810 5857 1999 5912 Matth.
2048 5873 2118 5924 Iv,
2175 5860 2257 5917 10.
