4200 6426
748 373 819 442 83
1988 388 2311 450 JOANNIS
2360 392 2742 456 MAXENTII
3928 379 4003 443 34

738 487 904 546 ditur.
935 490 1074 559 Quia
1107 496 1173 555 si,
1209 491 1513 548 secundum
1543 490 1711 561 ipsos,
1729 492 2046 563 quicunque
2088 494 2309 555 dixerit,
2342 500 2387 545 Α
2418 495 2546 550 dum
2598 499 2909 563 veritatem,
2966 511 3093 554 eum
3149 497 3245 568 qui
3289 504 3375 552 est
3434 495 3780 558 Emmanuel,
3826 502 3883 549 et
3922 495 3994 550 ob

737 595 906 635 untnn
944 599 1010 637 ex
1050 583 1324 639 'l‘rinitate
1365 585 1672 647 Christum,
1726 584 1821 654 qui
1869 600 1969 654 pro
2017 587 2179 640 nobis
2233 596 2314 640 est

732 690 898 729 carne
950 692 1175 746 passus,
1226 675 1561 730 divisionem
1640 676 1823 732 facere
1879 671 2313 747 deprehenditur

731 762 1050 830 Trinitatis,
1084 782 1216 836 ergo
1257 773 1316 822 et
1349 765 1514 839 536
1545 767 1863 837 quicunque
1904 769 2076 824 Deum
2104 784 2170 823 ex
2200 768 2313 823 Deo

729 854 936 922 dicere,
985 857 1318 913 divisionem
1356 858 1527 914 efficit
1572 860 1817 915 deitatis.
1854 859 2010 926 Quod
2056 860 2105 914 si
2138 860 2311 913 Deum

727 963 794 999 ex
840 946 952 1000 Deo
1001 947 1191 1005 dicere
1237 950 1569 1006 divisionem
1636 967 1746 1006 non
1795 950 1926 1007 facit
1976 951 2306 1018 divinitatis,

727 1040 1031 1105 przesertim
1085 1058 1213 1098 cum
1242 1060 1352 1098 una
1381 1043 1454 1098 sit
1485 1043 1751 1098 divinitas
1784 1041 2099 1109 Trinitatis,
2132 1043 2311 1097 multo

725 1134 897 1203 magis
939 1152 1109 1191 unum
1155 1153 1224 1193 ex
1268 1135 1542 1195 Trinitate
1579 1139 1789 1206 dicere,
1825 1139 2157 1194 divisionem
2196 1154 2308 1193 non

723 1218 856 1274 lacit
884 1220 1193 1279 Trinitatis.
1219 1224 1357 1290 Quia
1390 1242 1501 1281 non
1537 1228 1845 1283 secundum
1878 1227 1931 1283 id
1983 1229 2133 1300 quod
2163 1244 2307 1285 unus

724 1324 811 1366 est
856 1312 1022 1378 Deus,
1068 1324 1126 1370 et
1177 1333 1284 1387 una
1335 1318 1599 1375 divinitas
1629 1320 1940 1385 Trinitatis,
1977 1321 2076 1378 sed
2106 1337 2307 1377 secun-

723 1404 854 1457 dum
892 1404 944 1459 id
981 1407 1133 1475 quod
1155 1417 1266 1464 tres
1293 1421 1443 1477 sunt,
1463 1411 1517 1465 id
1546 1421 1652 1476 est,
1672 1414 1833 1469 Pater
1861 1422 1918 1470 et
1953 1414 2231 1481 Christus,
2249 1426 2305 1469 et

722 1496 960 1565 Spiritus
981 1510 1206 1555 sanctus
1243 1519 1389 1557 unus
1415 1504 1580 1569 Deus,
1600 1503 1855 1562 Christus
1880 1505 2020 1561 dicit
2046 1503 2302 1579 ﬁdicitur]

719 1602 862 1644 unus
892 1590 960 1645 de
978 1590 1267 1659 Trinitate,
1293 1594 1388 1663 qui
1418 1609 1519 1664 pro
1549 1595 1711 1652 nobis
1755 1611 1950 1668 passus
1997 1606 2080 1654 est
2112 1613 2297 1671 carne.

716 1681 1009 1746 Verum,si
1055 1683 1260 1738 vellent
1325 1685 1617 1743 advertere
1668 1688 1725 1743 hi
1777 1690 1873 1759 qui
1926 1691 2071 1746 hanc
2129 1692 2302 1747 totius

714 1768 974 1827 Ecclesia:
992 1788 1206 1839 vocem,
1239 1783 1296 1829 et
1319 1778 1642 1846 apostolicis
1670 1779 2064 1837 traditionibus
2091 1796 2297 1837 conve-

2417 588 2521 642 hoc
2559 589 2731 659 ipsam
2770 590 2868 646 Dei
2899 589 3235 647 Genitriccm
3280 599 3523 647 sanctam
3558 587 3843 660 Virginem
3877 586 3993 657 (pe-

2415 679 2557 747 perit
2597 681 2746 736 enim
2795 682 3097 737 carnaliter
3127 681 3392 746 Verbum,
3442 679 3594 750 quod
3647 695 3716 734 ex
3764 679 3877 733 Deo
3907 688 3987 735 est

2413 786 2543 827 caro
2586 772 2814 838 factum,
2836 774 3143 830 secundum
3190 775 3337 844 quod
3382 773 3650 844 scriptum
3701 779 3787 826 est
3824 770 3992 824 εγεν-

2412 864 2537 919 bum
2566 882 2693 920 caro
2721 867 2922 937 factum
2960 876 3037 922 est
3067 866 3133 936 ‘)~,
3185 867 3479 921 anathema
3517 866 3608 920 sit.
3642 864 3992 935 Quapropter

2411 954 2550 1010 duas
2580 957 2745 1012 etiam
2781 958 3098 1013 nativitates
3141 957 3236 1012 Dei
3282 957 3472 1021 Verbi,
3523 963 3857 1021 unamantc
3885 971 3988 1009 sae—

2410 1048 2533 1102 cula
2572 1063 2602 1103 a
2646 1050 2807 1104 Patre
2856 1051 3158 1106 secundum
3191 1049 3563 1113 divinitatem,
3594 1048 3823 1103 alteram
3858 1061 3991 1100 vero

2408 1138 2728 1197 novissimis
2773 1140 3140 1211 temporibus,
3179 1139 3485 1195 secundum
3523 1138 3924 1193 humanitatem
3959 1151 3990 1191 a

2412 1229 2630 1301 Virgine
2653 1238 2864 1296 sancta,
2899 1229 3254 1287 confitemur.
3277 1230 3415 1297 Quia
3436 1246 3546 1284 non
3576 1230 3746 1284 alium
3776 1228 3986 1291 matris,

2406 1322 2576 1377 alium
2615 1323 2784 1394 patris
2832 1323 3006 1378 lilium
3030 1323 3332 1388 credimus,
3372 1322 3469 1378 sed
3502 1336 3670 1376 unum
3703 1320 3990 1376 eumdem-

2404 1429 2513 1485 que
2557 1416 2868 1471 naturalem
2897 1416 3070 1470 lilium
3094 1416 3290 1486 patris,
3326 1414 3633 1469 naturalem
3665 1413 3839 1467 lilium
3866 1427 3986 1466 ma-

2405 1506 2505 1560 tris
2543 1505 2916 1577 agnoscimus,
2946 1506 3113 1562 beato
3156 1521 3295 1578 papa
3329 1505 3514 1561 Leone
3552 1504 3621 1559 ad
3661 1501 3980 1559 Flavianum

2402 1595 2623 1652 dicente
2660 1614 2674 1651 :
2709 1595 2848 1655 Cum
2876 1598 3027 1653 enim
3071 1597 3217 1653 Deus
3256 1604 3313 1652 et
3340 1596 3717 1665 omnipotens,
3742 1602 3990 1649 aeternus

2402 1688 2565 1743 Pater
2614 1687 2884 1754 creditur,
2920 1689 3404 1758 eonsempiternus
3430 1687 3611 1743 eidem
3646 1700 3867 1756 quoque
3892 1685 3989 1739 Fi-

2404 1779 2513 1836 lius
2537 1779 2969 1845 demonstratur,
3012 1780 3068 1834 in
3099 1780 3261 1833 nullo
3284 1795 3314 1833 a
3339 1778 3504 1833 Patre
3535 1777 3825 1841 differens,
3851 1776 3983 1847 quia

713 1864 979 1927 nientem,
1011 1875 1219 1921 temere
1252 1840 1462 1925 audent
1514 1871 1925 1941 reprehendere
1971 1891 1985 1928 :
2030 1875 2293 1943 quoniam
2331 1840 2469 1927 Bde
2527 1873 2638 1928 Deo
2690 1872 2876 1937 Deus,
2916 1840 2986 1927 de
3033 1872 3417 1943 omnipotente
3479 1840 3987 1941 omnipotens,-dc

713 1972 859 2013 unus
906 1958 1052 2012 Deus
1087 1958 1352 2024 Trinitas,
1389 1969 1447 2015 et
1488 1963 1751 2032 quoniam
1785 1965 1932 2021 Dens
1958 1980 2027 2020 ex
2070 1965 2207 2032 Deo,
2239 1974 2295 2021 ct

710 2066 856 2106 unus
899 2067 967 2106 ex
1008 2067 1141 2116 uno,
1181 2054 1506 2111 nullatenus
1549 2055 1872 2113 dubitarent
1900 2057 2090 2114 dicere
2119 2076 2291 2115 unum

708 2158 777 2197 ex
824 2141 1100 2200 Trinitate
1139 2145 1447 2212 Christum,
1494 2149 1595 2217 qui
1637 2165 1744 2219 pro
1773 2151 1936 2207 nobis
1982 2168 2178 2221 passus
2206 2163 2292 2207 est

706 2249 895 2291 carne.
927 2234 1065 2302 Quia
1097 2236 1141 2290 si
1171 2253 1280 2291 non
1313 2237 1661 2304 Trinitatem,
1683 2256 1807 2310 quae
1833 2256 1976 2297 mnus
2007 2251 2092 2297 est
2120 2243 2287 2310 Deus,

705 2326 801 2382 sed
836 2327 1031 2393 Deum,
1074 2327 1167 2398 qui
1224 2329 1672 2386 substantialitcr
1703 2348 1770 2388 ex
1820 2333 1934 2388 Deo
1966 2343 2071 2397 est,
2094 2338 2288 2406 genuit

703 2419 1009 2477 secundum
1058 2435 1282 2475 carnem
1324 2421 1484 2493 virgo
1527 2423 1697 2479 Maria
1728 2466 1743 2492 ,
1788 2425 1909 2481 sine
1941 2426 2113 2482 dubio
2144 2444 2288 2483 unus

701 2531 771 2571 ex
803 2514 1076 2571 Trinitate
1140 2525 1228 2571 cst
1280 2516 1376 2586 qui
1427 2518 1737 2573 secundum
1780 2534 2004 2574 carnem
2052 2535 2121 2574 ex
2169 2520 2285 2589 ipsa

701 2614 867 2663 natus
892 2616 998 2663 est.
1035 2608 1142 2663 Aut
1166 2623 1296 2679 ergo
1334 2609 1708 2666 confiteantur
1736 2610 1816 2675 hi,
1860 2611 1957 2681 qui
2012 2611 2156 2666 hanc
2184 2627 2282 2666 vo-

701 2716 822 2757 cem
844 2708 1044 2771 putant
1073 2705 1362 2760 catholica:
1403 2703 1531 2758 lidei
1560 2718 1684 2759 esse
1715 2705 2079 2768 contrariam,
2106 2704 2282 2759 Deum

698 2793 794 2862 qui
833 2800 917 2849 est
941 2790 1185 2850 Trinitas
1214 2804 1404 2850 natum
1455 2810 1524 2850 ex
1557 2794 1800 2861 femina;
1835 2802 1931 2849 aut
1960 2782 2006 2850 si
2038 2794 2145 2850 hoc
2170 2809 2279 2849 non

699 2883 906 2940 audent
959 2884 1169 2951 dicere,
1227 2885 1416 2941 dicant
1446 2885 1594 2940 unde
1622 2893 1710 2939 est
1738 2884 1885 2939 Deus
1942 2884 2040 2954 qui
2070 2884 2140 2939 de
2160 2884 2282 2939 Vir-

697 2974 822 3043 gine
854 2984 1019 3029 natus
1066 2984 1173 3041 est,
1207 2976 1251 3032 si
1282 2991 1392 3031 non
1417 2984 1503 3031 est
1531 2974 1601 3031 de
1645 2975 1937 3042 Trinitate,
1978 2991 2105 3032 cum
2136 2992 2278 3046 pra:-

698 3074 782 3119 ter
839 3063 1172 3121 Trinitatem
1231 3066 1448 3120 nullum
1504 3065 1675 3119 alium
1738 3065 1911 3120 Deum
1977 3074 2279 3138 agnoscant

2397 1974 2605 2021 aeterno
2622 1975 2785 2020 natus
2800 1976 2887 2020 est
2907 1973 3238 2022 constemus.
3259 1964 3377 2019 Non
3400 1964 3676 2033 posterior
3707 1971 3981 2032 tempore,

2396 2073 2507 2112 non
2559 2057 2788 2113 inferior
2822 2065 3118 2127 potestate,
3169 2072 3280 2111 non
3316 2056 3610 2111 dissimilis
3640 2055 3836 2125 gloria,
3864 2070 3979 2107 non

2393 2151 2605 2205 divisus
2644 2150 2889 2205 essentia
2918 2166 2932 2203 :
2961 2148 3107 2204 idem
3156 2163 3289 2203 vero
3333 2147 3657 2218 sempiterni
3699 2145 3982 2202 Cenitoris

2393 2240 2723 2312 Unigenitus
2762 2241 3160 2310 sernpiternus.
3205 2239 3381 2293 Natus
3417 2238 3486 2293 de
3522 2237 3728 2308 Spiritu
3785 2243 3983 2290 sancto

2388 2349 2455 2387 ex
2505 2333 2673 2388 Maria
2718 2332 2943 2403 Virgine
2982 2346 3147 2401 :qute
3189 2330 3451 2385 nativitas
3509 2330 3848 2399 temporalis,
3895 2327 3977 2381 illi

2387 2424 2662 2481 nativitati
2696 2425 2900 2479 divinae
2924 2432 2982 2479 et
3010 2424 3383 2495 sempiternae,
3415 2424 3555 2478 nihil
3586 2423 3805 2481 minuit.
3832 2420 3980 2475 nihil

2386 2514 2649 2579 contulit,
2691 2514 2787 2570 sed
2827 2522 2994 2568 totam
3018 2529 3078 2569 se
3110 2514 3418 2583 reparando
3452 2512 3687 2577 homini,
3731 2511 3822 2582 qui
3851 2519 3977 2565 erat

2385 2605 2675 2676 deceptus,
2697 2606 2984 2676 impendit.
3038 2604 3355 2660 Secundum
3402 2606 3568 2676 hujus
3610 2605 3756 2660 beati
3788 2604 3974 2660 Patris

2385 2698 2735 2762 sententiam,
2779 2698 2923 2753 Deus
2952 2698 3132 2752 factus
3157 2696 3434 2762 Christus,
3460 2714 3569 2750 non
3596 2685 3780 2751 autem
3810 2696 3975 2752 Chri-

2383 2798 2502 2844 stus
2548 2790 2693 2844 Deus
2741 2789 2919 2843 factus
2951 2788 3207 2853 docetur,
3241 2790 3386 2843 sicut
3432 2788 3626 2843 dicunt
3668 2796 3985 2844 sectatores.

2384 2881 2664 2937 Theodori
2715 2880 3017 2949 Mopsuest.
3049 2876 3325 2949 'magistri
3372 2878 3645 2947 ,Nestorii,
3702 2878 3795 2948 qui
3866 2895 3968 2947 per

2383 2971 2690 3043 profectum
2733 2970 3017 3028 Christum
3068 2971 3240 3025 Deum
3276 2969 3482 3025 factum
3537 2968 3790 3023 credunt.
3824 2968 3968 3035 Quia

2380 3080 2489 3119 non
2524 3081 2649 3120 cum
2686 3076 2834 3119 esset
2872 3062 3114 3134 pauper,
3142 3062 3300 3117 dives
3333 3062 3511 3116 factus
3552 3070 3661 3127 est,
3708 3061 3805 3115 sed
3836 3078 3971 3116 cum

695 3154 992 3212 Catholici.
1029 3157 1136 3214 Sed
1186 3159 1235 3213 si
1284 3173 1407 3213 eam
1461 3172 1591 3214 vere
1634 3169 1690 3214 et
1743 3158 1964 3228 proprie
2018 3158 2115 3214 Dei
2156 3158 2536 3251 cre-cdives
2577 3165 2765 3223 esset,
2834 3172 3043 3227 pauper
3084 3156 3263 3210 factus
3311 3166 3431 3214 est.
3486 3165 3547 3209 ut
3608 3171 3710 3210 nos
3763 3156 3971 3210 divites

695 3245 893 3301 tierent
938 3246 1299 3308 Geuitriccm,
1352 3248 1547 3318 utique
1598 3248 1773 3303 Deum
1805 3248 2048 3305 Verbum
2103 3266 2273 3304 unum
2295 3243 2349 3251 ”
2380 3251 2591 3306 faceret
2618 3250 2660 3305 ⁸.
2693 3249 2847 3305 Sicut
2870 3260 2927 3303 et
2951 3248 3239 3303 Psalmista
3275 3257 3511 3303 testatur
3542 3248 3734 3302 dicens
3766 3266 3778 3301 :
3808 3248 3969 3302 Sedes

695 3353 819 3392 esse
846 3338 1144 3392 crederent
1182 3338 1251 3392 de
1275 3338 1548 3393 Trinitate
1586 3357 1599 3393 :
1628 3338 1760 3408 quia
1796 3354 1908 3394 non
1940 3355 2005 3395 ex
2040 3354 2103 3394 ea
2130 3339 2276 3395 Deus
2380 3350 2497 3405 tua,
2524 3342 2687 3406 Dem,
2720 3342 2773 3395 in
2799 3340 3048 3395 swcufum
3073 3341 3276 3405 sa’culi,
3308 3342 3457 3411 virga
3491 3342 3778 3411 aequitatis,
3814 3343 3973 3412 virga

693 3432 784 3499 qui
828 3438 916 3486 est
967 3430 1212 3486 Trinitas
1257 3440 1430 3487 natus
1459 3439 1566 3486 est.
1615 3433 1776 3494 Nam.
1812 3448 1940 3488 cum
1978 3432 2281 3503 Apostolus
2378 3436 2526 3507 regni
2573 3436 2668 3489 tui.
2714 3433 2958 3488 Dilexisti
2999 3435 3292 3505 justitiam,
3323 3443 3373 3487 et
3403 3435 3560 3488 odisti
3603 3435 3966 3503 iniquitatem,

693 3520 972 3575 Christum
1025 3528 1254 3576 testetur
1300 3520 1322 3552 ’⁵
1358 3536 1525 3591 super
1560 3522 1745 3575 omnia
1798 3522 1994 3585 Deum,
2031 3521 2274 3579 Trinitas
2375 3536 2652 3598 propterea
2686 3528 2835 3579 unxit
2865 3534 2914 3578 te
2948 3525 3107 3589 Deus,
3138 3524 3276 3579 Deus
3318 3532 3439 3579 tuus
3476 3524 3590 3579 oleo
3625 3524 3825 3578 (milia:
3851 3541 3968 3594 prae

693 3620 882 3665 autem
923 3627 1070 3666 unus
1115 3621 1202 3666 est
1231 3611 1398 3675 Deus,
1430 3627 1539 3666 non
1571 3613 1871 3682 incongrue
1918 3612 1987 3667 ab
2016 3612 2099 3668 eis
2125 3629 2274 3683 quaa-
2374 3618 2697 3673 consortibus
2733 3618 2836 3670 tuis
2871 3617 2915 3669 ⁷.
2962 3616 3251 3683 Quomodo
3283 3625 3468 3670 autem
3512 3616 3657 3671 Deus
3686 3616 3814 3687 ungi
3859 3633 3964 3687 po-

693 3704 841 3756 ritur
884 3710 1072 3758 utrum
1120 3701 1366 3758 Trinitas
1388 3702 1647 3758 Christus
1692 3704 1784 3767 sit,
1823 3715 1919 3759 aut
1958 3706 2098 3759 alter
2122 3720 2269 3775 pne-
2374 3709 2482 3762 tnit
2530 3718 2625 3763 aut
2669 3707 2875 3761 habere
2919 3717 3229 3769 consortes,
3277 3706 3382 3760 nisi
3430 3706 3584 3761 ﬁeret
3626 3706 3837 3761 homo?
3892 3707 3970 3762 Et

689 3805 774 3848 ter
826 3792 1155 3850 Trinitatem
1200 3795 1367 3856 Deus.
1408 3794 1668 3850 Christus
1693 3796 1784 3850 sit.
1815 3796 1885 3851 At
1917 3795 2058 3853 forte
2100 3797 2267 3852 etiam

687 3902 855 3955 super
876 3884 1204 3941 Trinitatem
1236 3885 1382 3942 Deus
1407 3897 1493 3941 est
1511 3886 1785 3950 Christus,
1806 3887 1933 3958 quia
1965 3903 2133 3959 super
2154 3904 2270 3942 om-

689 3978 780 4032 nia
819 3993 948 4032 eum
978 3978 1159 4033 Deum
1196 3986 1431 4034 testatur
1456 3979 1773 4048 Apostolus.
1813 3981 1972 4049 Quod
1996 3983 2040 4036 si
2070 3982 2265 4037 horum

688 4071 853 4123 trium
890 4069 1182 4139 quodlibet
1202 4071 1390 4126 dicere
1420 4081 1507 4127 cst
1534 4073 1789 4143 impium.
1831 4084 2000 4129 restat
2031 4084 2091 4129 ut
2121 4092 2266 4131 unus

683 4162 751 4215 dc
780 4160 1054 4216 Trinitate
1083 4160 1155 4216 sit
1182 4162 1444 4224 Verbum,
1469 4165 1564 4234 qui
1596 4164 1665 4217 de
1693 4166 1917 4236 Virgine
1957 4169 2263 4221 secundum

682 4268 909 4308 carnem
956 4260 1119 4308 natus
1170 4264 1275 4318 est,
1336 4264 1392 4310 et
1439 4256 1607 4311 homo
1668 4255 1869 4321 factus,
1922 4274 2122 4328 passus
2180 4270 2265 4314 est

680 4360 847 4400 carne
891 4361 989 4414 pro
1018 4346 1196 4402 nobis.
1240 4346 1381 4402 llinc
1410 4355 1496 4403 est
1544 4349 1693 4418 quod
1724 4348 1943 4404 beatam
1983 4351 2260 4419 Virginem

680 4435 928 4499 Mariam,
953 4445 1181 4508 propter
1229 4439 1499 4495 honorem
1552 4449 1764 4496 tantum
1811 4442 2052 4498 hominis
2088 4441 2258 4508 illius,

2374 3804 2498 3856 ideo
2536 3810 2681 3855 recte
2712 3801 2881 3875 unius
2918 3800 3277 3869 ejusdemque
3324 3800 3420 3853 Dei
3457 3800 3631 3854 Verbi
3659 3800 3957 3864 incarnati,

2370 3902 2427 3948 et
2460 3893 2703 3963 hominis
2740 3891 2870 3945 facti
2916 3892 3222 3945 creduntur
3254 3907 3375 3944 esse
3412 3890 3688 3944 mirabilia
3729 3898 3785 3943 et
3827 3907 3957 3960 pas-

2369 3986 2576 4047 siones,
2619 3984 2748 4054 quia
2797 3999 2909 4037 non
2951 3992 3037 4038 est
3066 3983 3206 4038 alter
3246 3983 3412 4046 Deus,
3447 3983 3588 4038 alter
3640 3984 3826 4047 homo,
3860 3986 3957 4037 setl

2370 4078 2517 4132 idem
2563 4077 2729 4140 Deus,
2783 4076 2929 4130 idem
2978 4076 3167 4139 homo,
3234 4076 3541 4131 secundum
3596 4078 3745 4131 illam
3802 4092 3959 4146 papa:

2367 4170 2570 4223 Leonis
2592 4169 2923 4223 sententiam
2948 4168 3186 4224 dicentis
3213 4187 3225 4222 :
3248 4168 3387 4235 Quia
3421 4169 3781 4239 impassibilis
3810 4168 3960 4224 Deus

2365 4279 2478 4317 non
2523 4272 2608 4316 est
2653 4260 2986 4331 dedignatus
3034 4261 3153 4315 fieri
3204 4261 3371 4316 lietno
3422 4262 3723 4332 passibilis,
3754 4270 3811 4316 et
3847 4263 3955 4317 im-

2365 4356 2615 4410 mortalis
2664 4354 2860 4409 mortis
2902 4354 3118 4423 legibus
3156 4354 3464 4425 subjacere.
3502 4355 3598 4408 llis
3642 4370 3958 4424 congruens

2362 4447 2528 4501 etiam
2577 4447 2774 4501 beatus
2812 4445 3053 4517 Cyrillus
3102 4455 3294 4500 contra
3322 4446 3638 4501 Nestorium
3675 4464 3687 4497 :
3717 4446 3951 4514 Siquis,

678 4526 772 4594 (ιιιὶ
818 4541 885 4581 ΘΧ
937 4526 1056 4595 ipsa
1085 4536 1249 4583 "aliis
1292 4539 1399 4593 εει.
1439 4545 1612 4599 quem
1651 4532 1852 4602 gratia,
1899 4548 2011 4586 ηοη
2062 4541 2257 4586 nallll‘a
2291 4525 2337 4582 θ
2367 4540 2566 4609 inquit,
2629 4555 2737 4594 non
2816 4537 3113 4594 confitetur
3170 4538 3342 4592 Deum
3408 4539 3654 4593 Verbum
3725 4554 3952 4608 passum

680 4616 848 4671 Deum
889 4616 1249 4684 conﬁtentur,
1292 4619 1393 4676 Dei
1436 4631 1697 4678 asserunt
1740 4622 2099 4680 Genitrit-em.
2146 4625 2258 4680 Nos

675 4715 860 4764 autem
897 4725 1030 4765 vere
1062 4717 1120 4765 et
1168 4713 1393 4782 proprie
1442 4715 1540 4769 Dei
1587 4714 1926 4772 Genitricem
1976 4717 2257 4772 credimus

666 4806 727 4855 et
761 4800 1111 4857 conﬁtemur.
1158 4802 1299 4869 Quia
1343 4820 1577 4875 puerum
1620 4806 1776 4861 illum
1806 4823 1970 4878 quem
2008 4810 2123 4879 ipsa
2157 4824 2255 4879 pe-

672 4894 838 4964 perit,
885 4904 1082 4949 natura
1138 4895 1310 4950 Deum
1358 4898 1765 4969 cognoscimus,
1824 4907 1881 4954 et
1935 4917 2033 4973 per
2071 4900 2251 4970 ipsum

672 4986 813 5041 facta
844 4986 977 5042 sunt
1002 4987 1210 5053 omnia,
1243 4990 1553 5044 secundum
1605 4989 1827 5046 beatum
1874 4991 2140 5063 Cyrillum
2168 4993 2251 5047 di-

671 5086 930 5133 centem:
975 5078 1152 5133 [lomo
1200 5089 1366 5135 natus
1411 5089 1519 5145 est,
1565 5098 1692 5138 cum
1728 5085 1801 5138 sit
1853 5096 2054 5140 natura
2102 5088 2251 5142 Deus

670 5168 763 5222 Dei
799 5168 977 5222 Patris
1011 5168 1275 5224 Verbum.
1318 5170 1455 5237 Quia
1487 5173 1744 5227 similiter
1771 5185 1832 5230 ut
1861 5191 1962 5229 nos
1993 5178 2248 5247 sanguini

669 5261 1098 5315 communicavit
1124 5270 1180 5315 et
1208 5263 1380 5317 carni.
1410 5263 1499 5318 Sic
1521 5265 1669 5319 enim
1705 5267 1943 5321 terrenis
1972 5269 2248 5337 apparuit,

669 5365 774 5401 non
798 5349 1061 5403 amittens
1079 5350 1226 5420 quod
1244 5361 1385 5414 erat,
1404 5353 1502 5406 sed
1529 5354 1863 5408 assumenda
1885 5354 2255 5411 humanitatis

668 5449 918 5495 naturam
966 5442 1020 5496 in
1069 5459 1168 5497 sua
1217 5444 1431 5498 ratione
1475 5444 1799 5512 perfectam.

738 5532 807 5587 Et
834 5533 1034 5588 iterum
1080 5535 1136 5589 in
1166 5535 1347 5606 primo
1370 5535 1615 5605 capitulo
1660 5546 1853 5592 contra
1888 5539 2204 5595 Nestorium
2233 5558 2246 5594 :

667 5624 726 5679 Si
769 5625 917 5696 quis,
964 5625 1167 5696 inquit,
1219 5643 1330 5683 non
1359 5628 1657 5684 confitetur
1691 5631 1863 5685 Deum
1892 5647 2015 5687 esse
2050 5649 2249 5688 secun-

736 5806 754 5833 ⁸
796 5807 955 5862 Rom.
997 5826 1070 5873 Ix,
1112 5811 1165 5866 5.
1244 5812 1440 5869 “Joan.
1486 5831 1524 5879 ι,
1572 5811 1698 5871 Η.⁴
1775 5816 1821 5871 ll
1850 5813 1975 5872 Cor.
2020 5834 2131 5885 Vlll,
2174 5820 2224 5873 9.

2365 4647 2552 4695 carne,
2573 4630 2899 4686 crucifixum
2940 4645 3107 4685 carne
3136 4639 3192 4683 ct
3220 4640 3456 4685 mortem
3486 4646 3652 4684 carne
3680 4638 3950 4700 gustasse,

2363 4723 2679 4791 factumque
2722 4720 3157 4792 primogenitum
3210 4737 3277 4774 ex
3334 4722 3586 4783 mortuis,
3618 4720 3951 4775 secundum

2362 4812 2510 4882 quod
2547 4821 2633 4866 est
2674 4812 2786 4865 vita
2822 4821 2880 4866 et
2916 4811 3164 4866 viviﬁcat
3195 4827 3298 4867 nos
3334 4820 3592 4882 tanquam
3623 4812 3790 4875 Deus,
3820 4826 3954 4866 ana-

2363 4906 2548 4959 thema
2579 4904 2673 4959 sit.
2725 4903 3041 4959 Secundum
3080 4904 3277 4959 horum
3315 4903 3486 4974 igitur
3525 4905 3675 4958 hunc
3698 4905 3950 4960 omnium

2359 5003 2679 5051 sanctorum
2726 4997 2947 5050 Patrum
2978 4996 3312 5051 catholicum
3343 5012 3568 5051 sensum
3610 4996 3952 5066 suscipimus

2358 5095 2599 5155 quatuor
2658 5087 2920 5157 synodos,
2970 5086 3023 5139 id
3071 5096 3177 5149 est,
3232 5086 3509 5141 Nicaenam
3563 5096 3947 5141 trecentorum

2357 5178 2550 5233 decem
2623 5164 2869 5241 etloeto,
2920 5186 2977 5232 et
3020 5187 3242 5232 centum
3277 5178 3676 5249 quinquaginta
3763 5179 3857 5248 qui
3890 5179 3946 5234 in

2360 5267 2463 5321 hac
2490 5266 2626 5320 urbe
2650 5267 2798 5337 regia
2817 5278 3223 5326 convenerunt.
3249 5278 3302 5322 et
3338 5285 3459 5323 eam
3485 5284 3606 5339 qua:
3638 5269 3691 5323 in
3728 5271 3948 5339 Epheso

2358 5366 2691 5428 congregata
2726 5365 2831 5420 est,
2868 5358 2960 5412 cui
2995 5357 3334 5427 prtefuerunt
3381 5356 3718 5413 leestinus
3758 5366 3814 5411 et
3842 5356 3950 5428 Cy-

2359 5454 2518 5508 rillus
2554 5454 2855 5507 beatissimi
2888 5453 3236 5523 patriarcbte,
3269 5467 3395 5508 cum
3418 5452 3679 5507 omnibus
3712 5467 3835 5522 quae
3866 5451 3947 5506 ibi

2359 5556 2554 5600 contra
2598 5546 2914 5601 Nestorium
2956 5548 3072 5601 sive
3124 5554 3317 5601 contra
3352 5545 3659 5615 quamlibet
3690 5544 3945 5599 lneresim

2359 5646 2480 5692 aeta
2528 5647 2660 5691 sunt
2715 5654 2819 5692 nec
2856 5655 2967 5693 non
2999 5641 3186 5706 ctiam,
3220 5656 3385 5711 quam
3424 5639 3712 5709 sequimur
3742 5646 3793 5694 ct
3826 5652 3947 5691 arn-

2306 5820 2322 5849 ⁷
2361 5819 2503 5875 l‘sal.
2547 5836 2688 5887 λων,
2735 5823 2787 5890 7,
2829 5822 2881 5876 8.
