4200 6426
212 457 280 520 85
1262 454 1562 514 CONTRA
1598 451 2126 515 NESTORIANOS
2159 455 2551 518 CAPITULA.
3417 457 3491 521 86

211 568 528 640 plectimur,
565 565 936 621 venerandam
962 565 1234 636 synodum
1261 566 1794 631 Chalcedonensem,
1829 567 1872 624 Α
1900 566 2133 621 homines
2155 585 2294 623 mors
2314 570 2596 639 pertransit
2611 570 2671 634 it,
2690 570 2741 620 iu
2767 584 2869 638 quo
2888 583 3065 622 omnes
3083 569 3486 640 peccatorum“.

208 663 509 731 omniaque
545 658 752 729 scripta
791 660 1014 714 Patrum
1041 669 1382 724 sanctorum,
1414 660 1511 730 qui
1548 676 1718 714 unum
1746 670 1801 714 ct

209 755 354 809 idem
400 753 714 809 secundum
773 753 975 806 horum
1021 753 1387 808 conciliorum
1449 753 1803 809 definitiones

207 854 511 902 senserunt
542 843 1119 911 ;anathematizamus
1139 853 1324 899 autem
1353 860 1570 908 omnes,
1604 845 1648 899 si
1677 843 1802 915 quis

206 938 449 1001 dubitat,
487 949 587 993 aut
629 945 915 1001 retractat,
966 945 1064 992 aut
1097 937 1416 1008 imperfecta
1444 937 1678 1008 iudicat,
1706 946 1801 991 aut

204 1030 301 1097 qui
343 1045 411 1084 ea
448 1046 482 1083 a
523 1029 631 1085 title
670 1040 997 1084 sanctorum
1046 1028 1272 1083 Patrum
1317 1030 1555 1085 aestimat
1598 1028 1797 1083 aliena.

205 1119 483 1173 Similiter
536 1120 709 1189 igitur
763 1118 1299 1175 anathematisamus
1360 1119 1547 1174 omnia
1595 1120 1799 1189 scripta

204 1211 489 1267 Theodori
536 1211 860 1281 Mopsuesti,
908 1221 965 1267 et
993 1212 1235 1267 Nestorii
1276 1212 1538 1284 discipuli
1567 1213 1708 1283 ejus,
1745 1223 1799 1268 et

204 1319 401 1359 omnes
444 1305 543 1375 qui
582 1304 844 1359 similiter
890 1304 1000 1359 illis
1042 1304 1286 1376 sapiunt.
1340 1304 1439 1361 llis
1472 1305 1800 1376 adjicientes

202 1396 536 1468 Eutychem,
583 1396 931 1459 Dioscorum,
962 1396 1340 1460 Timotheum,
1389 1397 1661 1459 Elusium,
1700 1398 1799 1452 Pe-

204 1496 352 1542 trum
398 1488 861 1553 Alexandrinum,
893 1495 952 1542 et
985 1488 1207 1543 Petrum
1243 1487 1656 1543 Antiochenum
1679 1529 1693 1552 ,
1741 1499 1797 1544 et

202 1575 468 1631 Acacium
491 1576 1200 1648 Constantinopolitanum,
1242 1594 1370 1633 cum
1412 1578 1676 1633 omnibus
1706 1596 1794 1634 se-

201 1669 516 1724 ctatoribus
551 1685 771 1734 eorum,
823 1679 882 1725 et
925 1671 1368 1737 successoribus,
1415 1676 1797 1729 communica-

201 1772 351 1819 tores
371 1771 433 1817 et
473 1762 802 1833 complices,
823 1770 918 1818 aut
938 1762 1035 1833 qui
1059 1778 1393 1834 quacunque
1416 1774 1567 1819 sorte
1598 1781 1794 1821 eorum

200 1854 559 1909 maculantur
604 1855 956 1927 contagione,
1002 1866 1098 1910 aut
1140 1857 1437 1910 memorias
1477 1872 1673 1912 eorum
1704 1875 1795 1913 ee-

199 1945 417 2000 lebrant
448 1946 546 2015 qui
606 1945 664 2000 in
708 1947 828 2017 ipsa
856 1946 1215 2004 damnatione
1242 1946 1489 2003 defuncti
1521 1957 1670 2012 sunt,
1697 1959 1795 2005 aut

200 2035 531 2092 innocentes
581 2035 909 2092 defendunt.

265 2126 366 2182 His
399 2127 481 2182 ita
517 2142 581 2183 se.
608 2127 969 2195 habentibus,
996 2129 1307 2187 beatissimi
1337 2148 1487 2187 nunc
1516 2132 1650 2202 quid
1677 2133 1791 2203 jam

198 2220 263 2276 de
302 2221 488 2291 gratia
520 2222 643 2284 Dei,
690 2237 803 2277 non
847 2237 959 2293 qua
999 2238 1276 2290 creamur,
1320 2224 1419 2280 sed
1463 2224 1534 2280 de
1573 2240 1639 2280 ea
1683 2241 1791 2295 qua

196 2329 525 2369 mereamur
577 2323 635 2370 et
668 2331 1026 2384 renovamur,
1052 2319 1380 2386 sentiamus,
1420 2319 1667 2375 breviter
1693 2334 1790 2374 ex-

197 2405 1002 2475 ponentes,sanctitativestr:e
1043 2413 1364 2468 necessario
1391 2412 1673 2467 credimus
1712 2413 1794 2467 fa-

196 2509 322 2551 cere
369 2496 586 2552 debere
630 2496 1009 2554 manifestum.
1056 2500 1138 2555 Eo
1172 2502 1319 2570 quod
1364 2502 1533 2557 etiam
1581 2502 1636 2556 in
1690 2502 1793 2557 hac

196 2597 351 2659 parte
396 2590 616 2646 inimici
657 2590 849 2662 gratiae
893 2592 1014 2659 Dei,
1061 2593 1117 2649 id
1162 2603 1268 2659 est,
1308 2595 1513 2666 Pelagii
1553 2604 1612 2652 et
1661 2596 1790 2652 Coe-

196 2678 341 2735 lestii
362 2684 939 2747 sectatores,nimium
966 2685 1131 2742 nobis
1154 2687 1335 2742 infesti
1359 2703 1482 2744 esse
1503 2688 1785 2743 videntur.

196 2771 367 2841 igitur
406 2773 749 2828 conﬁtemur
787 2784 999 2830 rectum
1030 2778 1086 2831 in
1137 2778 1400 2834 omnibus
1430 2796 1459 2834 a
1496 2781 1611 2834 Deo
1635 2795 1790 2835 crea-

198 2872 310 2917 tum
355 2862 563 2928 Adam,
611 2879 725 2919 non
761 2866 1051 2922 mortalem
1096 2882 1201 2925 nec
1247 2869 1640 2936 immortalem,
1689 2872 1788 2927 sed

197 2954 493 3023 utriusque
530 2970 816 3025 capacem,
838 2956 1135 3015 habentem
1180 2960 1236 3015 in
1288 2963 1496 3033 proprii
1528 2962 1788 3020 facultate

195 3045 439 3109 arbitrii,
476 3054 537 3100 et
589 3048 731 3103 velle
768 3059 825 3104 et
863 3065 1027 3119 posse
1066 3050 1135 3106 ad
1185 3054 1392 3119 omnia,
1447 3055 1554 3109 hoc
1598 3065 1685 3110 est
1731 3065 1787 3111 et

195 3136 257 3191 ad
308 3137 523 3191 bonum
569 3146 627 3193 et
674 3138 739 3193 ad
789 3141 996 3210 malum
1030 3142 1224 3208 ;bunc
1283 3144 1467 3200 callidi
1515 3150 1787 3218 serpentis

1906 659 2226 729 Propterea,
2267 670 2524 716 recentes
2558 661 2628 715 ab
2677 672 2839 714 utero
2882 660 3167 731 parvulos,
3219 676 3327 714 non
3367 669 3488 716 lane

1906 760 2022 806 tum
2104 761 2165 806 ut
2244 753 2601 823 adoptionem
2663 761 2985 807 mereantur
3052 752 3327 816 ﬁliorum,
3386 763 3482 807 aut

1902 854 2129 914 propter
2161 859 2388 915 regnum
2408 847 2673 901 malorum
2708 845 2876 918 (sicut
2899 845 3104 917 Pelagii
3127 853 3186 900 et
3214 844 3478 910 leestii,

1902 936 2019 992 sive
2049 936 2330 991 Theodori
2365 938 2664 1008 Mopsuest.
2719 938 3009 1009 discipuli,
3062 938 3160 1009 qui
3211 952 3386 992 unum
3422 948 3480 993 et

1903 1027 2048 1083 idem
2078 1030 2333 1085 naturale
2357 1040 2416 1085 et
2444 1030 2714 1101 originale
2739 1040 3028 1100 peccatum
3050 1046 3174 1087 esse
3209 1028 3481 1086 aliirmare.

1899 1122 2228 1190 conantur),
2288 1121 2385 1176 sed
2428 1123 2484 1177 in
2540 1121 2928 1177 remissionem
2982 1131 3339 1193 peccatorum
3384 1135 3480 1176 eos

1900 1210 2182 1266 credimus
2218 1210 2509 1282 baptizari,
2557 1227 2625 1266 ne
2659 1221 2892 1283 pereant
2924 1212 2980 1267 in
3005 1220 3295 1267 aeternum.
3325 1213 3480 1267 Inar-

1901 1312 2084 1359 matus
2126 1306 2291 1375 igitur
2319 1312 2531 1360 natum
2576 1304 2732 1374 vigor
2770 1319 2871 1376 per
2897 1303 3104 1360 malum
3152 1303 3481 1374 pracvarica-

1901 1397 2089 1461 tionis,
2135 1398 2453 1452 nullatenus
2485 1397 2659 1452 valuit
2695 1413 2793 1467 per
2834 1396 3195 1467 semetipsum
3232 1394 3360 1450 inde
3390 1408 3479 1448 rc-

1898 1498 2148 1554 surgere.
2175 1500 2288 1553 quo
2318 1500 2415 1554 per
2434 1484 2717 1555 propriam
2747 1485 3086 1540 voluntatem
3119 1492 3240 1539 erat
3271 1484 3478 1554 lapsus.

1897 1575 2242 1647 Quapropter
2288 1576 2500 1632 nullum
2529 1575 2601 1632 ab
2647 1576 2820 1631 Adam
2855 1591 3004 1632 nunc
3030 1591 3206 1648 usque
3249 1593 3346 1646 per
3378 1591 3479 1635 na-

1900 1680 2039 1724 tura
2076 1668 2321 1739 vigorem
2364 1668 2644 1724 credimus
2683 1684 2807 1724 esse
2850 1669 3145 1732 salvatum,
3184 1670 3291 1724 nisi
3330 1670 3479 1725 dono

1896 1763 2087 1833 gratia:
2139 1761 2382 1832 Spiritus
2423 1762 2599 1818 sancti
2629 1763 2685 1817 in
2729 1762 2836 1817 lide
2865 1762 3115 1818 nominis
3157 1761 3310 1819 Jesu.
3338 1760 3481 1829 Quia

1897 1868 2007 1908 non
2047 1861 2134 1909 est
2162 1852 2312 1906 aliud
2365 1865 2564 1906 nomen
2595 1851 2785 1906 datum
2819 1851 3143 1907 hominibus
3175 1852 3281 1907 sub
3314 1852 3477 1916 emlu,

1896 1945 1950 2000 in
1998 1960 2112 2015 quo
2172 1951 2430 2015 oporteat
2468 1943 2627 2014 537
2662 1956 2762 1999 nos
2799 1943 2981 1998 salvos
3022 1943 3138 1998 neri
3186 1943 3231 2007 ',
3267 1944 3374 1998 nisi
3422 1943 3477 1997 in

1895 2040 2121 2096 nomine
2168 2038 2299 2095 Iesu
2330 2036 2564 2093 Christi.
2601 2035 2866 2092 Liberum
2890 2044 3075 2092 autem
3107 2035 3359 2090 naturale
3387 2051 3478 2090 ar-

1894 2132 2122 2188 bitrium
2152 2130 2221 2186 ad
2268 2130 2409 2184 nihil
2462 2128 2611 2184 aliud
2668 2129 2850 2185 valere
2904 2127 3205 2192 credimus,
3254 2127 3361 2182 nisi
3405 2127 3474 2182 ad

1892 2222 2260 2281 discernenda
2312 2229 2526 2277 tantum
2572 2228 2631 2275 et
2655 2220 3024 2277 desideranda
3059 2220 3326 2279 carnalia.
3358 2219 3479 2274 sive

1892 2315 2202 2380 saecularia,
2231 2326 2353 2385 qua!
2377 2328 2489 2369 non
2519 2313 2665 2384 apud
2695 2312 2892 2376 Deum,
2919 2311 3018 2369 sed
3049 2310 3195 2383 apud
3224 2310 3489 2367 homines,

1892 2415 2126 2481 possunt
2157 2406 2412 2463 fortassis
2434 2405 2617 2462 videri
2669 2405 2931 2477 gloriosa.
2971 2405 3056 2461 Ad
3094 2420 3161 2461 ea
3188 2402 3327 2459 vero‘
3353 2420 3481 2475 qua:

1891 2502 1960 2557 ad
1984 2501 2173 2571 ;vitam
2220 2508 2488 2555 aeternam
2539 2499 2844 2569 peru'nent,
2900 2512 3007 2553 nec
3056 2497 3322 2569 cogitare,
3374 2512 3477 2552 nec

1893 2595 2059 2659 velle,
2113 2608 2219 2649 nec
2267 2591 2609 2658 desiderare,
2659 2606 2764 2647 nec
2824 2589 3095 2662 perﬁcere
3134 2604 3320 2659 posse,
3368 2588 3475 2645 nisi

1891 2705 1993 2761 per
2026 2687 2362 2743 inlusionem
2419 2693 2476 2742 et
2527 2684 2912 2756 operationem
2964 2682 3303 2739 intrinsecus
3345 2681 3474 2759 Spi-

1892 2782 2037 2835 ritus
2060 2778 2259 2842 saneti,
2303 2777 2401 2846 qui
2441 2784 2528 2832 est
2568 2777 2739 2832 etiam
2767 2777 3010 2847 Spiritus
3039 2776 3271 2832 Christi.
3300 2775 3476 2846 Spiri-

1892 2879 2007 2927 tum
2059 2870 2210 2926 enim
2236 2868 2446 2925 Christi
2486 2868 2581 2940 qui
2608 2883 2720 2923 non
2743 2867 2934 2932 habet.
2963 2868 3057 2924 hic
3083 2864 3477 2935 non"estcjus.

1886 2963 2046 3032 Quod
2080 2962 2125 3018 si
2152 2961 2278 3033 quis
2308 2960 2485 3017 credit
2508 2962 2562 3016 in
2588 2960 2832 3025 Christo,
2856 2962 2969 3031 jam
2995 2960 3204 3017 Christi
3229 2969 3335 3017 est.
3354 2960 3474 3015 Sie-

1893 3064 1954 3112 ut
2011 3065 2069 3112 ct
2116 3072 2312 3111 verum
2351 3064 2456 3119 est,
2486 3070 2599 3109 non
2641 3054 2832 3124 utique
2861 3069 2961 3124 per
2988 3052 3196 3109 donum
3236 3060 3470 3117 naturae,

1888 3148 1984 3206 sed
2010 3165 2108 3219 per
2137 3147 2403 3217 Spiritum
2444 3155 2699 3201 sanctum
2724 3151 2830 3209 est,
2858 3143 2955 3214 qui
2985 3142 3194 3198 Christi
3226 3153 3332 3198 est.
3367 3141 3472 3209 Qui

194 3229 489 3300 deceptum
545 3232 748 3286 astutia
798 3224 1019 3303 prppria
1065 3244 1264 3304 sponte
1305 3236 1782 3307 praevaricatorem
1813 3259 1857 3318 ο
1885 3242 1997 3312 jam
2034 3240 2217 3296 credit
2253 3238 2308 3293 in
2344 3252 2474 3292 eum
2529 3235 2624 3307 qui
2657 3234 2927 3307 justifieat
2949 3234 3203 3304 impium,
3242 3243 3303 3288 ut
3340 3250 3471 3289 con-

194 3324 475 3377 exsutisse
521 3322 697 3377 divini
729 3326 1010 3397 praecepti,
1042 3335 1207 3398 atque
1248 3328 1321 3384 ob
1367 3328 1471 3384 hoc
1507 3331 1659 3402 justo
1688 3332 1781 3401 jn-

195 3412 340 3467 dicio
371 3413 496 3476 Dei,
532 3429 641 3468 non
675 3414 852 3469 solum
879 3424 1057 3472 morte
1090 3420 1364 3489 corporis,
1401 3436 1591 3475 verum
1615 3423 1783 3477 etiam

195 3506 391 3560 animze
441 3506 708 3561 cﬂectum
792 3507 1117 3576 obnoxium,
1166 3520 1223 3566 et
1278 3512 1515 3582 pristino
1572 3513 1781 3570 honore

194 3597 488 3663 nudatum,
528 3599 801 3669 jumentis
844 3599 1080 3655 similem
1107 3601 1336 3667 factum,
1363 3619 1475 3659 non
1524 3605 1673 3675 quod
1706 3607 1782 3661 ir-

195 3688 550 3743 rationabilis
583 3688 659 3743 sit
710 3688 965 3755 cﬂectus,
994 3689 1089 3745 sed
1121 3691 1254 3762 quia
1304 3693 1596 3751 rationalis
1628 3695 1785 3766 vigor

195 3782 307 3850 ejus
345 3770 568 3836 carnali
615 3780 984 3837 delectatione
1026 3791 1113 3840 est
1139 3783 1436 3855 obligatus,
1481 3789 1657 3842 sensit
1682 3788 1779 3844 dc-

194 3870 357 3940 nique
394 3886 527 3924 mox
575 3870 969 3927 inobedientia:
998 3873 1199 3928 merito
1240 3873 1417 3945 legem
1444 3880 1780 3934 contrariam

194 3962 244 4015 in
276 3961 527 4032 propriis
553 3961 841 4027 membris,
866 3972 1264 4033 repugnantem
1282 3964 1386 4034 legi
1417 3966 1616 4020 mentis
1645 3984 1780 4031 sum,

192 4054 672 4123 eaptivantennsc
707 4053 761 4106 in
819 4053 937 4124 lege
985 4055 1219 4125 peccati.
1266 4055 1425 4122 Quod
1479 4059 1684 4113 malum
1726 4071 1782 4115 et

191 4159 411 4214 penam
477 4145 611 4199 mali
668 4145 723 4199 iu
774 4146 1095 4201 universum
1146 4148 1428 4203 credimus
1510 4152 1778 4209 transisse

191 4254 360 4309 genus
391 4239 729 4294 humanum.
766 4240 881 4297 Nec
921 4241 1070 4296 enim
1102 4250 1338 4298 mortem
1383 4245 1634 4315 corporis
1658 4255 1775 4300 tau-

194 4342 327 4398 tum,
381 4349 513 4403 qua:
558 4348 721 4402 ptena
768 4334 984 4404 peccati
1025 4343 1131 4403 est,
1164 4337 1312 4392 sicut
1338 4338 1564 4407 quidam
1592 4339 1779 4396 dicere

189 4424 405 4487 volunt,
447 4424 548 4479 sed
575 4435 631 4479 et
667 4425 924 4479 aculeum
953 4424 1166 4492 mortis,
1195 4426 1301 4480 hoc
1330 4435 1436 4492 est,
1468 4439 1777 4497 peccatum,

190 4515 507 4584 ingressum
549 4516 602 4569 in
638 4516 929 4571 mundum.
977 4516 1118 4583 Quia
1161 4534 1272 4572 non
1309 4518 1452 4583 istis,
1501 4518 1597 4573 scd
1629 4519 1778 4589 Apo-

1889 3332 2113 3387 fitcatur
2159 3328 2291 3399 quia
2348 3328 2617 3383 Dominus
2654 3335 2742 3382 est
2774 3324 2958 3390 .lesus,
2991 3324 3140 3395 quod
3176 3340 3341 3381 nemo
3368 3340 3469 3396 po-

1890 3435 1997 3480 test
2038 3423 2251 3489 dicere,
2297 3421 2406 3476 nisi
2439 3420 2495 3476 in
2527 3419 2736 3491 Spiritu
2771 3426 2964 3473 sancto
3014 3418 3080 3471 ".
3125 3417 3473 3488 Quapropter

1886 3515 2419 3572 anathematizamus
2458 3528 2558 3569 eos
2619 3512 2716 3582 qui
2761 3510 3015 3567 naturale
3068 3520 3167 3566 aut
3209 3510 3471 3566 substan-

1890 3610 2021 3665 tiam
2055 3608 2295 3677 aliquam
2332 3601 2537 3661 ilicuut
2569 3618 2693 3660 esse
2726 3613 3041 3674 peccatum.
3070 3603 3472 3659 Abominantes

1885 3702 2055 3759 etiam
2109 3715 2208 3757 eos
2244 3699 2340 3771 qui
2383 3705 2578 3753 contra
2630 3712 2820 3753 vocem
2849 3696 3102 3767 Apostoli
3147 3695 3356 3751 audent
3388 3694 3473 3749 di-

1885 3811 2011 3852 cere
2044 3814 2056 3849 :
2087 3795 2349 3850 Nostrum
2387 3801 2473 3850 est
2505 3791 2669 3857 velle,
2716 3789 2813 3846 Dei
2841 3804 2975 3845 vero
3013 3787 3305 3861 perﬁcere,
3341 3802 3468 3852 cum

1882 3889 2031 3944 idem
2084 3885 2279 3942 doctor
2304 3893 2364 3941 et
2412 3882 2551 3939 velle
2590 3890 2650 3937 et
2701 3879 2970 3951 perficere
3002 3880 3210 3934 donum
3237 3886 3471 3934 testctur

1882 3995 2006 4036 esse
2029 3978 2302 4041 divinum,
2329 3978 2450 4047 ipso
2474 3975 2693 4030 dicente
2731 3990 2745 4026 :
2778 3971 2921 4026 Deus
2942 3972 3085 4026 enim
3115 3978 3192 4025 est
3223 3970 3315 4042 qui
3340 3986 3467 4042 ope-

1886 4081 2039 4127 ratur
2071 4073 2124 4125 in
2161 4072 2300 4125 vobis
2342 4079 2392 4123 et
2425 4068 2559 4124 velle
2586 4075 2637 4121 et
2671 4065 2942 4137 perﬁcere,
2974 4081 3072 4135 pro
3103 4064 3240 4118 bona
3279 4061 3469 4118 volun-

1885 4173 1992 4219 tate
2041 4165 2106 4219 ".
2135 4162 2444 4219 Credentes
2477 4160 2646 4216 etiam
2678 4173 2874 4213 omnes
2905 4156 2975 4211 ab
3001 4156 3138 4211 Abel
3181 4170 3358 4225 usque
3397 4153 3464 4208 ad

1881 4257 2187 4320 Christum,
2232 4255 2279 4310 si
2327 4252 2422 4323 qui
2464 4251 2660 4307 salvati
2706 4258 2859 4316 sunt,
2902 4265 2968 4304 ea
3023 4247 3196 4319 gratia
3246 4261 3353 4317 qua
3411 4254 3468 4299 et

1883 4363 1987 4403 nos
2020 4363 2144 4403 esse
2178 4345 2440 4408 salvatos,
2474 4341 2784 4397 secundum
2812 4353 3002 4393 vocem
3037 4336 3182 4391 beati
3214 4334 3465 4406 Apostoli

1884 4440 2032 4496 Petri
2082 4436 2322 4494 dicentis
2354 4452 2369 4489 :
2400 4433 2539 4498 Quid
2588 4432 2803 4487 tentutis
2844 4428 3033 4493 Deum,
3082 4428 3353 4498 imponere
3376 4426 3460 4494 iu-

1882 4544 2009 4599 gum
2043 4540 2203 4595 super
2230 4524 2453 4577 cervices
2491 4519 2897 4591 discipulorum,
2928 4516 3069 4589 quod
3090 4532 3257 4586 neque
3288 4522 3465 4585 patres

186 4606 324 4659 stolo
351 4607 547 4675 potius
573 4608 1000 4676 acquiescimus,
1021 4607 1115 4677 qui
1144 4616 1201 4661 et
1227 4618 1512 4678 peccatum
1542 4619 1600 4663 et
1630 4626 1776 4665 mor-

1892 4620 2063 4682 vestri,
2106 4632 2271 4688 neque
2308 4632 2402 4669 nos
2443 4622 2657 4685 portare
2706 4612 2970 4683 potuimus
3002 4610 3027 4663 ?
3055 4609 3146 4663 sed
3203 4623 3296 4678 per
3333 4623 3463 4677 gra-

187 4705 291 4751 tem
343 4697 406 4753 in
447 4712 646 4752 omnes
695 4698 951 4755 homines
977 4700 1343 4769 pertransisse
1394 4709 1646 4765 testatur,
1697 4701 1774 4755 di-

186 4804 367 4844 cens:
423 4789 534 4842 Per
584 4806 748 4844 unum
803 4792 1068 4844 hominem
1112 4799 1385 4861 peccatum
1442 4791 1661 4846 intravit
1718 4794 1772 4846 in

186 4881 469 4947 nandum,
512 4890 561 4934 et
600 4897 692 4951 per
736 4891 1006 4953 peccatum
1061 4900 1220 4948 mors,
1262 4893 1313 4937 et
1367 4884 1442 4937 ita
1499 4885 1551 4936 in
1597 4900 1772 4938 omnes

1882 4711 2014 4763 tium
2065 4708 2274 4762 Domini
2301 4706 2422 4760 Iesu
2454 4704 2715 4757 (redimus
2757 4700 2981 4764 salvari,
3021 4696 3461 4769 quemadmodum

1882 4802 1964 4855 illi
2010 4802 2072 4855 ¹³.

1554 5152 2095 5243 EJUSDEM

453 5349 1091 5478 CONTRA
1154 5350 2254 5482 NESTOBIANOS
2298 5255 3183 5481 ‘CAPITULA.

251 5636 543 5691 Duoderim
578 5639 706 5691 istos
742 5639 1208 5693 anathematismos
1245 5656 1354 5692 esse
1388 5640 1509 5693 illus
1544 5644 1945 5694 contc'slutiout‘s
2013 5657 2142 5704 quas
2183 5638 2423 5692 monachi
2458 5638 2662 5708 Srgtlue
2697 5637 2899 5709 pnblire
2932 5634 3111 5689 Romo:
3145 5633 3453 5703 oﬂixerant,

186 5744 300 5782 cum
326 5746 391 5783 ca:
425 5730 580 5795 urbe,
612 5732 666 5783 in
701 5747 806 5801 qua
846 5741 1028 5784 structo
1065 5732 1346 5787 Hormisda
1381 5734 1625 5803 ponti/tre
1658 5736 1900 5789 ritstuditi
1933 5735 2300 5791 servabuntur.
2334 5732 2469 5785 t‘lttm
2510 5734 2860 5802 aufugerunt.
2895 5746 2997 5784 non
3035 5744 3251 5799 prorsus
3286 5726 3459 5779 alieno

267 5844 288 5870 '
327 5843 487 5896 Rom.
544 5860 594 5903 ν,
643 5844 727 5897 l2.
808 5845 827 5874 ’
868 5842 982 5897 Aet.
1028 5860 1099 5905 tt‘,
1148 5846 1225 5898 12.

197 5913 281 5973 l0.
328 5913 408 5966 ll.

1312 5847 1350 5876 "'
1393 5846 1529 5900 Rom
1599 5864 1706 5911 nu,
1752 5849 1801 5899 τ’.
1885 5849 1921 5877 "
1969 5847 1984 5900 Ι
2036 5847 2156 5899 Cor.
2202 5861 2293 5908 λιι,
2338 5845 2387 5897 5.

2473 5844 2511 5874 ¹²
2554 5842 2786 5911 Philipp.
2834 5855 2889 5901 It,
2948 5838 3031 5892 i5.
3114 5839 3157 5871 "
3193 5836 3311 5891 AN.
3363 5851 3455 5900 Χνο
