4200 6426
704 432 775 496 87
1988 432 2309 493 JOANNIS
2347 432 2729 493 MAXENTII
3889 431 3959 494 88

705 544 1034 615 conjectatur
1053 541 1318 598 Baronius
1349 549 1491 597 tomo
1524 541 1640 607 VII,
1673 558 1814 596 anno
1849 542 1974 607 5‘20,
2005 559 2122 611 cap.
2143 540 2232 595 25.
2262 539 2327 594 In
2357 544 2529 613 primo
2565 541 3012 596 anathematisma
3047 555 3165 594 cum
3199 539 3345 595 ait:t
3374 538 3545 596 Unam
3581 549 3830 595 naturam
3870 540 3966 593 Dci

707 638 854 693 Verbi
870 640 1265 693 incarnatam.»
1293 638 1430 692 Nota
1461 636 1702 706 fraudem
1735 634 2230 698 hcereticamJector
2242 653 2260 699 ;
2279 642 2355 688 est
2383 634 2592 706 quidem
2622 634 2731 689 haec
2764 633 2987 687 assertio
3003 633 3067 688 de
3091 648 3147 686 se
3177 647 3299 687 vera
3324 640 3374 684 et
3403 633 3693 686 orthodoxa
3714 648 3732 686 :
3750 630 3964 687 Natum

708 730 877 795 Verbi,
906 732 986 787 vel
1027 734 1275 789 divinitas
1321 739 1396 785 est
1440 732 1745 785 incuruata.
1778 728 1864 784 Sic
1905 732 2047 783 enim
2088 729 2286 784 locutos
2326 738 2531 783 constat
2557 736 2801 783 sanctum
2838 728 3213 792 Athanasium,
3244 737 3488 782 sanctum
3529 728 3809 799 Cyrillum,
3835 745 3963 798 quos

700 826 828 880 citat
854 839 1067 881 sanctus
1088 826 1321 880 Joannes
1348 826 1709 880 Damascenus
1739 825 1827 878 lib.
1858 841 1911 879 ιιι
1936 823 2012 877 De
2034 824 2161 893 ﬁde,
2186 814 2305 894 ca'p.
2332 825 2397 890 6;
2423 832 2669 879 sanctum
2686 822 3025 893 Fulgentium
3044 821 3270 892 quast?
3298 823 3373 875 ad
3386 819 3716 875 Ferrandum
3743 838 3760 883 ;
3791 823 3963 874 conci—

704 918 833 971 lium
849 917 1204 972 Lateranense
1228 919 1322 972 sub
1337 918 1576 972 Martiuo
1602 916 1648 982 l,
1669 932 1875 972 canone
1891 917 1940 981 i;
1963 925 2207 970 sanctum
2228 916 2444 971 Petrum
2477 916 2781 981 diaconum,
2811 915 2945 969 libro
2974 915 3052 968 De
3071 914 3461 979 incarnatione,
3491 929 3611 982 cap.
3641 912 3696 966 2.
3721 921 3767 965 et
3805 911 3940 965 alios

703 1007 972 1079 Siquidem
996 1012 1133 1064 hunc
1159 1027 1371 1064 sensum
1400 1011 1715 1065 catholicum
1744 1010 1957 1080 accipit.
1983 1009 2197 1064 Natura
2226 1010 2404 1064 divina
2433 1018 2511 1063 est
2537 1012 2840 1074 incarnata,
2874 1009 2929 1062 id
2958 1017 3033 1062 est
3064 1010 3214 1062 unita
3242 1009 3414 1073 carni,
3441 1007 3522 1060 vel
3551 1008 3676 1077 quia
3711 1015 3963 1059 naturam
3998 1023 4008 1047 τ

705 1104 880 1155 carnis
911 1103 1213 1172 assumpsit.
1242 1102 1501 1156 Ceterum
1533 1102 1660 1171 quia
1693 1100 2015 1171 Eutychiani
2047 1117 2167 1154 eam
2196 1102 2623 1171 propositionem,
2649 1117 2813 1155 unam
2843 1109 3096 1154 naturam
3124 1098 3221 1154 Dei
3250 1098 3398 1153 Verbi
3427 1101 3767 1153 incarnatam
3801 1115 3969 1169 prave

706 1202 757 1246 et
781 1193 1022 1247 harretico
1048 1208 1203 1246 sensu
1229 1192 1640 1263 detorquebant;
1667 1193 1820 1262 quasi
1847 1192 1901 1245 in
1930 1190 2138 1245 Christo
2170 1208 2275 1245 non
2306 1200 2436 1245 esset
2460 1193 2561 1246 nisi
2586 1200 2785 1247 natura
2810 1192 3012 1258 divina,
3033 1192 3090 1245 in
3117 1207 3279 1263 quam
3304 1207 3555 1246 conversa
3584 1192 3740 1260 fuerit
3767 1201 3974 1245 natura

705 1286 965 1350 humana,
995 1286 1142 1339 nullo
1175 1295 1328 1355 pacto
1364 1284 1581 1353 ferenda
1619 1292 1694 1337 est
1729 1283 1785 1335 in
1822 1283 2159 1351 Eutychiano
2193 1283 2422 1347 homine,
2455 1283 2630 1353 qualis
2668 1284 2768 1352 fuit
2805 1282 3125 1337 Maxentius.
3155 1281 3295 1336 Nam
3332 1283 3494 1336 etiam
3530 1281 3812 1336 Dioscorus
3846 1297 3970 1335 cum

706 1379 1008 1432 orthodoxis
1035 1377 1285 1447 episcopis
1312 1392 1367 1429 se
1393 1374 1680 1439 divelleret,
1706 1373 1839 1426 dixit
1864 1374 1919 1426 in
1951 1372 2170 1427 concilio
2200 1370 2611 1427 Chalcedonensi
2637 1374 2707 1427 ad
2729 1373 2891 1442 ﬁnem
2915 1375 3136 1429 actionis
3161 1375 3215 1441 1,
3245 1384 3370 1429 ante
3402 1376 3662 1428 actionem
3695 1374 3729 1427 Ξ
3761 1373 3976 1426 concilii

706 1470 1318 1543 Constantinopolitani:
1354 1470 1465 1541 Ego
1507 1479 1687 1524 autem
1714 1470 2013 1523 testimonia
2056 1469 2220 1522 habeo
2263 1465 2361 1522 SS.
2395 1466 2621 1522 Patrum
2664 1469 2961 1537 Athanasii,
2994 1470 3257 1541 Gregorii,
3294 1470 3484 1542 Cyrilli
3514 1473 3570 1525 in
3602 1470 3779 1524 multis
3816 1469 3973 1535 locis,

704 1565 835 1634 quia
865 1582 970 1619 non
1001 1574 1209 1635 Oportet
1233 1566 1404 1618 dicere
1428 1572 1543 1635 post
1570 1564 1951 1617 adunationem
1981 1562 2114 1615 duas
2140 1571 2387 1626 naturas,
2408 1563 2497 1616 sed
2523 1578 2691 1616 unam
2713 1573 2966 1618 naturam
2994 1563 3092 1618 Dei
3120 1563 3270 1619 Verbi
3298 1567 3662 1620 incarnatam.
3689 1564 3773 1617 En
3797 1573 3974 1633 poste-

706 1656 854 1711 riora
890 1658 1047 1711 verba
1084 1659 1347 1728 ipsissima
1382 1651 1507 1709 sunt
1533 1654 1789 1709 Maxentii
1821 1655 2044 1724 ;priora
2085 1654 2208 1709 dolo
2244 1654 2444 1727 perﬁdo
2481 1657 2676 1720 omisit,
2702 1655 2785 1723 uel
2828 1657 3002 1726 potius
3036 1655 3339 1721 occultavit,
3369 1672 3489 1728 qua:
3526 1667 3703 1711 tamen
3742 1654 3975 1724 intelligi

705 1748 893 1806 voluit.
922 1748 1117 1802 Eodem
1140 1759 1294 1819 pacto
1314 1746 1532 1802 Armeni
1553 1752 1791 1800 errantes
1814 1744 2183 1816 loquebantur,
2206 1748 2301 1817 qui
2325 1754 2503 1800 tamen
2523 1746 2773 1801 nolebant
2790 1746 2955 1802 videri
2974 1745 3315 1817 Eutychiani',
3333 1762 3463 1817 quos
3492 1756 3667 1801 tamen
3698 1746 3975 1816 redarguit

708 1842 1106 1900 Theodorianus
1119 1842 1287 1912 infra.
1454 1829 1464 1839 ’
1688 1838 1701 1845 ‘

782 1930 1041 1999 Quocirca
1070 1932 1357 2003 prudenter
1374 1937 1590 1985 sanctus
1615 1927 1975 1983 Damuscenus
1999 1927 2462 1999 Eut'ychianorum
2480 1932 2799 2002 imposturas
2826 1929 3069 2001 detegens
3097 1927 3342 1984 lib.Fidei
3370 1930 3580 1985 orthod.
3603 1948 3724 2001 cap.
3752 1931 3839 1992 Η.
3862 1932 3980 1984 hac

709 2025 916 2080 monuit
944 2040 962 2079 :
986 2026 1052 2079 At
1075 2022 1215 2094 quod
1239 2023 1488 2076 divinitas
1520 2022 1674 2074 homo
1707 2020 1872 2090 facta,
1898 2020 2185 2073 incarnata
2211 2020 2300 2085 sit,
2328 2027 2421 2073 aut
2449 2021 2783 2075 humanitate
2814 2037 2870 2075 se
2900 2020 3153 2085 induerit,
3184 2037 3445 2090 nusquam
3479 2021 3799 2074 audivimus.
3829 2020 3979 2075 Illud

709 2126 851 2173 certe
875 2116 1171 2180 didicimus,
1199 2114 1531 2180 divinitatem
1558 2109 1883 2166 humanitati
1908 2111 1965 2163 in
1992 2126 2101 2163 una
2129 2126 2350 2165 suarum
2381 2126 2728 2182 personarum
2759 2113 2969 2165 unitam
2999 2126 3130 2166 esse.
3158 2110 3228 2166 Et
3258 2111 3469 2166 Nicetas
3503 2111 3594 2166 lib.
3617 2128 3674 2167 ιιι
3700 2111 3985 2177 Thesauri,

708 2225 832 2282 cap.
861 2208 921 2265 11
942 2249 957 2274 ,
984 2207 1156 2277 inquit
1188 2222 1207 2261 :
1241 2204 1441 2259 Errore
1473 2219 1580 2256 non
1609 2206 1786 2265 caret,
1811 2200 1857 2253 si
1892 2207 2145 2253 naturam
2174 2200 2411 2254 divinam
2446 2202 2789 2256 incantatam
2820 2217 2931 2256 esse
2964 2202 3232 2267 dicamus,
3259 2201 3342 2257 vel
3373 2205 3419 2257 si
3452 2219 3675 2258 carnem
3708 2221 3741 2258 a
3777 2213 3976 2258 natura

710 2303 893 2360 divina
923 2307 1260 2371 assumptam
1282 2298 1443 2367 fuisse
1468 2296 1777 2350 dixerimus.
1803 2292 1929 2347 Hec
1954 2292 2149 2347 idcirco
2179 2294 2289 2365 ipsi
2309 2311 2372 2348 ne
2398 2293 2676 2364 fraudibus
2699 2296 3155 2367 Eutychianorum
3181 2297 3486 2351 orthodoris
3512 2299 3892 2368 imponeretur,
3917 2304 3977 2350 ut

709 2398 771 2452 in
802 2394 976 2465 primo
1010 2407 1109 2446 suo
1141 2389 1586 2445 anathematismo
1615 2386 1699 2440 hic
1731 2385 1850 2455 fecit
1878 2383 2116 2438 Joannes
2139 2384 2461 2441 Maxentius.
2493 2386 2557 2441 In
2590 2387 2624 2440 5
2658 2389 3107 2442 anathematismo
3139 2387 3263 2442 dolo
3298 2403 3405 2442 non
3437 2396 3631 2442 carent
3651 2387 3806 2442 verba
3842 2388 3976 2451 illa,

712 2481 1121 2542 substantialem
1158 2480 1266 2535 sive
1308 2477 1614 2543 naturakm
1652 2476 1934 2539 unitatem,
1969 2482 2089 2544 post
2126 2476 2374 2529 unionem
2418 2477 2650 2530 duarum
2693 2485 3017 2531 naturarum
3055 2477 3111 2530 in
3156 2476 3364 2532 Christo
3403 2475 3687 2532 resultasse
3720 2479 3981 2531 unitatem

714 2577 1005 2651 quamdam
1030 2573 1343 2629 substantia:
1369 2569 1451 2625 vel
1478 2576 1707 2634 natura,
1730 2569 1786 2623 id
1811 2578 1910 2631 est,
1933 2585 2038 2622 non
2066 2568 2168 2622 nisi
2196 2576 2471 2633 naturam,
2496 2582 2613 2639 quin
2643 2576 2718 2622 est
2747 2568 3079 2640 Eutychiana
3108 2570 3343 2625 lueresis.
3368 2569 3429 2624 In
3455 2571 3636 2624 eodem
3662 2572 3981 2624 anathema-

717 2674 870 2731 tismo
890 2672 1046 2727 verba
1074 2669 1227 2733 illa,s
1259 2668 1353 2723 sed
1382 2662 1850 2727 subsistentialam,
1873 2665 1982 2718 sive
2015 2662 2348 2733 personalem
2378 2665 2504 2718 dicit
2538 2665 2847 2726 unitatem»
2870 2666 3029 2719 sinon
3047 2663 3229 2735 palam
3249 2664 3658 2729 hieretica,sunt
3690 2672 3867 2719 tamen
3884 2666 3983 2720 ab-

715 2765 905 2828 surda,
931 2772 981 2818 et
1014 2764 1331 2834 impropria.
1371 2760 1530 2815 Docet
1564 2760 1705 2815 enint
1734 2758 1868 2828 ﬁdes
1900 2759 2161 2814 catholica
2196 2763 2444 2816 unionem
2481 2762 2713 2817 duarum
2751 2772 3073 2817 naturarum
3113 2761 3169 2813 in
3208 2759 3417 2814 Christo
3455 2760 3897 2815 subsistentialem
3934 2770 3999 2815 et

717 2857 1055 2933 personalem
1091 2873 1222 2921 esse,
1251 2856 1378 2926 quia
1414 2855 1676 2908 uniuntur
1717 2854 1836 2909 duae
1873 2861 2085 2908 natura:
2121 2856 2177 2908 i'n
2220 2872 2330 2910 una
2368 2857 2705 2912 subsistentia
2742 2866 2792 2924 et
2830 2855 3214 2927 personalitate
3255 2853 3423 2909 Verbi.
3457 2854 3605 2924 (Vide
3643 2852 3700 2909 S.
3733 2855 3988 2912 Thomam

720 2970 777 3014 Ir.
806 2959 975 3025 part,
1006 2955 1195 3022 quast.
1222 2948 1278 3014 2',
1307 2954 1415 3002 art.
1442 2947 1531 3019 2.).

792 3143 851 3202 Si
880 3144 1007 3215 quis
1034 3141 1333 3200 conﬁtetur
1358 3140 1413 3197 in
1442 3139 1678 3196 Domino
1705 3148 1896 3196 nostro
1919 3140 2047 3197 Iesu
2080 3141 2304 3197 Christo

2479 3145 2533 3202 Si
2564 3149 2690 3218 quis
2717 3147 2853 3203 dicit
2879 3147 3161 3203 Christum
3192 3161 3415 3217 passum
3443 3161 3630 3208 carne,
3656 3146 3827 3201 Deum
3852 3162 3991 3221 vero

722 3239 862 3294 duas
897 3246 1125 3293 naturas
1158 3235 1364 3301 unitas,
1399 3233 1506 3290 hoc
1537 3241 1643 3297 est,
1674 3232 1987 3288 divinitatis
2019 3242 2076 3288 et
2105 3234 2303 3289 lluma-
2408 3254 2630 3310 passum
2667 3255 2833 3295 carne
2870 3240 3058 3296 dicere
3096 3254 3206 3293 non
3249 3238 3579 3308 acquiescit,
3614 3239 3763 3308 quod
3808 3239 4004 3308 ipsum

722 3330 935 3395 uitatis,
961 3345 1025 3384 ac
1057 3329 1109 3384 si
1136 3343 1299 3382 unam
1331 3334 1587 3383 naturam
1616 3325 1716 3380 Dei
1741 3325 1905 3381 Verbi
1938 3327 2304 3393 incarnatam,
2409 3330 2757 3400 intelligitur,
2783 3329 3066 3386 Christum
3101 3343 3323 3400 passum
3357 3343 3545 3390 carne,
3572 3328 3862 3382 anathema
3894 3330 3990 3385 sit.
4022 3362 4027 3367 ι

723 3422 866 3478 sicut
894 3421 1034 3476 duas
1061 3420 1247 3474 unitas
1276 3419 1333 3473 in
1369 3433 1479 3473 una
1509 3417 1821 3473 substantia
1853 3427 2018 3487 atque
2048 3434 2305 3492 persona,

724 3511 1032 3570 secundum
1069 3510 1217 3583 quod
1252 3511 1419 3566 nobis
1452 3510 1682 3566 tradidit
1709 3510 2027 3565 veneranda
2065 3511 2311 3582 synodus

723 3603 1224 3667 Chalcedonensis,
1252 3603 1547 3658 anathema
1578 3603 1671 3658 sit.

797 3696 854 3754 Si
894 3696 1021 3768 quis
1059 3713 1171 3751 non
1213 3696 1508 3750 conﬁtetur
1540 3693 1766 3765 proprie
1802 3706 1859 3749 et
1891 3707 2021 3749 vere
2065 3701 2310 3748 sanctam

726 3790 955 3845 Mariam
986 3789 1083 3845 Dei
1111 3788 1477 3852 Genitricem,
1504 3786 1601 3842 sed
1636 3796 1864 3857 propter
1888 3781 2158 3842 honorem
2191 3797 2314 3840 tan-

731 3889 850 3935 tum
881 3879 995 3935 hoc
1019 3880 1069 3935 ei
1108 3894 1309 3934 nomen
1344 3878 1562 3936 tribuit.
1592 3877 1722 3947 quia
1758 3878 1976 3948 peperit
2030 3878 2312 3931 hominem

729 3970 826 4040 qui
870 3968 1179 4026 secundum
1228 3968 1461 4038 gratiam
1506 3966 1713 4021 dicitur
1754 3967 1929 4031 Deus,
1971 3981 2080 4020 non
2130 3976 2313 4020 autem

731 4062 865 4131 quia
885 4061 1103 4133 peperit
1127 4060 1301 4115 D‘eum
1328 4059 1674 4114 iucarnatum
1703 4067 1758 4114 et
1782 4058 2060 4114 hominem
2085 4058 2314 4121 factum,

730 4154 1027 4209 anathema
1054 4154 1145 4207 sit.

802 4246 859 4302 Si
901 4247 1028 4316 quis
1065 4261 1176 4301 non
1218 4244 1514 4299 conﬁtetur
1547 4242 1969 4298 substantia'lem
2004 4242 2119 4296 sive
2153 4249 2316 4295 natu-

734 4340 908 4395 ralem
941 4339 1233 4403 unitatem,
1264 4337 1570 4392 secundum
1603 4334 1656 4389 id
1684 4335 1832 4406 quod
1861 4349 2092 4389 manens
2120 4342 2319 4388 natura

735 4430 886 4486 Deus
935 4430 1177 4486 Verbum
1203 4438 1417 4483 natura;
1440 4437 1526 4483 est
1550 4427 1741 4481 unitos
1769 4425 2044 4490 butnanze,
2067 4424 2162 4480 sed
2188 4424 2319 4479 sub-

736 4522 1103 4578 sistentialem
1149 4521 1265 4576 sive
1312 4519 1662 4591 personalcm
1706 4516 1843 4572 dicit
1886 4516 2189 4580 unitatem,
2224 4524 2321 4569 aut

736 4612 1045 4670 secundum
1082 4612 1539 4674 illustrationem,
1571 4610 1687 4665 sive
1719 4609 2029 4665 secundum
2064 4608 2321 4663 dilectio-

740 4720 889 4768 nem,
916 4714 1013 4759 aut
1041 4703 1347 4759 secundum
1373 4702 1748 4765 aﬂ’ectionem,
1773 4700 2066 4755 anathema
2098 4701 2186 4754 sit.

815 4794 875 4851 Si
934 4796 1061 4866 quis
1139 4810 1251 4849 non
1313 4793 1630 4863 acquiescat
1715 4789 1971 4846 conﬁteri
2040 4789 2323 4845 Christum

741 4904 915 4945 unum
950 4887 1020 4944 de
1052 4886 1358 4950 Trinitate,
1383 4885 1550 4941 etiam
1584 4899 1709 4939 cum
1744 4898 1910 4937 carne
1943 4883 2197 4952 propria,
2229 4884 2324 4953 qui

743 4999 848 5057 pro
881 4981 1043 5037 nobis
1076 4995 1278 5050 passus
1302 4987 1389 5033 est
1423 4979 1478 5032 in
1515 4992 1702 5041 carne,
1732 4974 1987 5046 quamvis
2018 4974 2323 5029 secundum

742 5090 967 5131 carnem
1017 5089 1129 5128 non
1178 5072 1250 5127 sit
1289 5066 1359 5125 de
1404 5070 1714 5124 substantia
1756 5067 2075 5132 Trinitatis,
2109 5066 2205 5121 sed
2254 5066 2328 5120 sit

745 5166 893 5223 idem
919 5182 986 5221 ex
1013 5164 1203 5228 nobis,
1236 5162 1532 5217 anathema
1557 5160 1651 5215 sit.

817 5261 876 5318 Si
911 5263 1038 5331 quis
1073 5274 1306 5329 puerum
1346 5255 1500 5309 illum
1545 5268 1714 5323 quem
1748 5261 1938 5307 sancta
1966 5252 2131 5320 Virgo
2159 5248 2326 5304 Maria

746 5355 968 5429 genuit,
1007 5368 1119 5407 non
1166 5350 1463 5405 conﬁtetur
1504 5357 1713 5403 natura:
1755 5347 1960 5411 Deum,
2001 5361 2100 5415 per
2148 5344 2327 5411 ipsum

753 5450 893 5505 facta
926 5445 1112 5501 omnia
1140 5441 1380 5497 visibilis
1412 5449 1469 5495 et
1499 5438 1822 5501 invisibilia.
1852 5436 2120 5498 coelestia,
2150 5444 2329 5488 terre-

2480 3420 2535 3475 Si
2567 3421 2693 3491 quis
2717 3420 2879 3475 dicit:
2906 3421 3052 3476 Deus
3082 3436 3193 3475 non
3221 3426 3305 3476 est
3332 3420 3510 3474 factus
3535 3418 3811 3486 Christus,
3831 3421 4001 3477 Chri-

2410 3521 2528 3568 stus
2557 3523 2741 3568 autem
2769 3513 2916 3569 Deus
2943 3513 3120 3567 factus
3147 3519 3264 3576 est,
3290 3511 3580 3567 anathema
3612 3513 3706 3566 sit.

2482 3605 2537 3660 Si
2582 3607 2707 3676 quis
2756 3623 2864 3662 non
2906 3605 3203 3661 conﬁtetur
3243 3605 3383 3660 duas
3426 3604 3746 3660 nativitates
3788 3604 3841 3658 in
3884 3621 3998 3660 uno

2412 3698 2554 3754 Filio
2583 3699 2701 3765 Dei,
2730 3700 2845 3753 Deo
2876 3698 3083 3763 Verbo,
3111 3706 3239 3753 ante
3271 3696 3471 3752 saecula
3500 3695 3727 3767 quidem
3765 3706 3894 3751 nato
3927 3696 4001 3750 de

2412 3794 2595 3855 Patre,
2633 3794 2684 3845 in
2727 3791 3041 3847 novissimis
3081 3799 3269 3845 autem
3311 3788 3656 3859 temporibus
3692 3788 3888 3844 eodem
3929 3787 4003 3844 de

2414 3893 2587 3939 matre
2620 3885 2830 3955 genito,
2858 3885 3149 3939 anathema
3176 3883 3268 3938 sit.

2487 3974 2541 4030 Si
2570 3976 2696 4046 quis
2719 3992 2831 4030 non
2857 3976 3152 4031 conﬁtetur
3174 3975 3544 4047 compositum
3567 3974 3849 4031 Christum
3878 3980 4007 4043 post

2418 4068 2881 4131 incarnationem,
2909 4068 3201 4124 anathema
3230 4070 3323 4124 sit.

2487 4158 2545 4214 Si
2566 4159 2691 4229 quis
2717 4159 2834 4230 (ait)
2858 4161 3110 4215 naturale
3129 4175 3251 4215 esse
3274 4148 3582 4229 pecc'atum,
3605 4156 3816 4229 peccati
3866 4171 4007 4211 cau-

2418 4268 2534 4307 sam
2593 4263 2916 4315 naturarum
2984 4254 3260 4310 conditori
3323 4252 3615 4307 dementer
3681 4250 4015 4313 ascribens,

2418 4346 2710 4401 anathema
2742 4347 2835 4402 sit.

2493 4439 2548 4493 Si
2593 4439 2719 4509 quis
2758 4455 2869 4494 non
2916 4439 3215 4495 conﬁtetur
3258 4438 3524 4510 originale
3572 4444 3859 4507 peccatum
3903 4450 4013 4505 per

2421 4531 2934 4602 przevaricationem
2980 4530 3111 4586 Adze
3151 4531 3459 4601 ingressum
3506 4530 3561 4583 in
3601 4526 3871 4582 mundum
3916 4541 4012 4580 se-

2422 4623 2666 4679 cundum
2696 4623 2946 4691 Apostoii
2972 4637 3163 4677 vocem
3187 4621 3425 4677 dicentis
3458 4638 3471 4672 :
3513 4618 3614 4674 Per
3644 4635 3808 4671 unum
3835 4619 4013 4670 homi-

2426 4730 2546 4768 nem
2581 4725 2853 4785 pcccatum
2895 4700 3133 4768 intravit»
3166 4716 3217 4766 in
3268 4711 3545 4771 mundum,
3591 4718 3643 4764 et
3677 4725 3771 4778 per
3820 4725 3998 4777 pecca~

2425 4812 2540 4858 tum
2586 4811 2823 4865 mors,et
2872 4805 2949 4857 ita
2978 4805 3033 4856 in
3082 4820 3260 4856 omnes
3307 4803 3540 4855 homines
3563 4799 4012 4870 pertransivit,itt

2425 4913 2529 4967 quo
2562 4912 2741 4950 omnes
2769 4904 3120 4965 peccaverunt
3151 4895 3240 4956 ‘3‘,
3267 4892 3561 4947 anathema
3592 4892 3685 4944 sit.

2501 4989 2638 5043 Item
2671 5006 2685 5041 ε
2714 4987 3256 5043 Anathcmatizamus
3280 4999 3500 5039 omnem
3530 4996 3753 5037 sensum
3781 4980 4016 5049 Pelagii,

2432 5094 2489 5140 et
2526 5085 2804 5148 leestii,
2838 5096 2893 5137 et
2936 5084 3182 5137 omnium
3229 5080 3324 5150 qui
3372 5080 3480 5133 illis
3521 5077 3720 5132 similia
3762 5075 4019 5143 sapiunt,

2434 5174 2801 5244 suscipientes
2847 5173 3033 5227 omnia
3076 5187 3198 5241 quze
3246 5171 3300 5224 in
3351 5168 3588 5224 diversis
3637 5168 3774 5222 locis
3819 5175 4020 5219 contra

2434 5268 2583 5336 ipsos
2616 5274 2737 5320 aeta
2771 5274 2899 5320 sunt
2925 5275 2982 5319 ct
3010 5265 3216 5333 scripta
3248 5278 3278 5317 a
3313 5261 3643 5332 priesulihus
3701 5258 4025 5327 apostolicze

2432 5358 2624 5421 Sedis,
2654 5358 2707 5412 id
2734 5366 2841 5421 est,
2860 5356 3207 5420 Innocentio,
3232 5353 3538 5415 Bonifacio,
3559 5351 3804 5411 Zosimo.
3832 5347 4023 5403 Coele-

2436 5450 2605 5511 stino,
2636 5449 2839 5511 Leone,
2868 5447 3049 5501 Attico
3087 5448 3253 5501 etiam
3291 5440 3929 5510 Constantinopolitano,
3963 5448 4027 5494 et

749 5539 907 5604 stria,
926 5534 1412 5602 conditionemque
1439 5532 1709 5593 omnium,
1737 5531 1909 5585 Deum
1936 5528 2158 5592 fortem,
2182 5524 2318 5595 prin

2439 5541 2767 5613 Augustino,
2800 5540 2897 5612 (et)
2929 5537 3201 5595 Africana:
3231 5535 3529 5608 provincia:
3552 5532 3849 5603 episcopis.

750 5631 928 5701 cipem
962 5627 1134 5698 pacis,
1162 5632 1375 5696 patrem
1404 5620 1573 5677 futuri
1605 5621 1816 5685 saeculi,
1847 5618 2136 5674 anathema
2165 5616 2258 5671 sit.

826 5778 892 5811 ⁸⁸⁸
921 5783 1081 5841 Rom.
1110 5802 1164 5849 γ,
1207 5786 1287 5838 l2.
