4200 6426
236 417 306 480 39
1252 417 1493 478 RATIO
1528 418 2053 482 ADUNATIONIS
2091 422 2324 484 VERBI
2367 424 2519 483 DEI.
3443 429 3512 490 90

1610 792 1735 882 EJ
1759 792 2156 885 USDEM

938 1007 1313 1139 ALIA
1388 1013 1872 1201 .FIDEI-

1924 1013 2835 1147 PROFESSIO.

309 1402 409 1459 Est
434 1404 587 1460 Deus
613 1405 797 1469 Pater,
821 1405 971 1461 Deus
1000 1406 1191 1472 Filius,
1213 1407 1362 1461 Deus
1389 1404 1558 1461 etiam
1584 1400 1828 1472 Spiritus
1857 1402 1903 1458 It
1930 1399 2212 1457 Christum
2275 1381 2473 1457 Filium
2536 1404 2777 1459 hominis
2842 1407 2958 1460 sive
3021 1406 3299 1461 hominem
3321 1448 3334 1471 ,
3390 1419 3515 1467 ante

238 1503 492 1559 sanctus,
523 1509 636 1550 non
679 1504 814 1560 tres,
844 1496 940 1551 sed
988 1513 1131 1552 unus
1170 1497 1338 1560 Deus,
1371 1511 1481 1550 una
1526 1492 1833 1549 substantia

239 1584 359 1638 sive
387 1594 632 1650 natura,
657 1601 767 1640 una
801 1587 1072 1657 sapientia
1090 1627 1106 1653 ,
1137 1602 1246 1641 una
1275 1586 1483 1652 virtus,
1511 1599 1623 1638 una
1653 1581 1832 1636 domi-

240 1674 417 1738 natio,
438 1690 616 1729 unum
643 1692 897 1747 regnum,
920 1693 1029 1732 una
1053 1676 1476 1748 otunipoteutia,
1500 1691 1611 1730 una
1638 1673 1832 1746 gloria,

241 1775 360 1822 tres
399 1774 597 1823 tamen
626 1768 1002 1825 subsistentia:
1033 1771 1149 1826 sive
1182 1784 1447 1840 personae.
1480 1768 1835 1837 Utraquaaqne

240 1871 489 1926 persona
531 1860 1067 1915 ineommutabiliter
1115 1875 1336 1930 semper
1378 1859 1641 1914 obtinens
1684 1854 1833 1926 quod

239 1950 534 2019 proprium
558 1961 673 2018 est,
693 1952 766 2006 ita
794 1961 853 2007 ut
876 1968 981 2008 nec
1002 1953 1163 2007 Pater
1184 1952 1257 2007 sit
1282 1950 1455 2006 Filius
1476 1960 1572 2004 aut
1595 1947 1837 2018 Spiritus

242 2050 495 2107 sanctus,
525 2057 631 2098 nec
666 2043 837 2098 Filius
872 2043 945 2099 sit
983 2043 1147 2099 Pater
1177 2052 1274 2098 aut
1307 2042 1551 2113 Spiritus
1588 2047 1834 2104 sanctus,

240 2145 346 2184 nec
398 2130 647 2202 Spiritus
692 2146 920 2190 sanctus
963 2136 1127 2190 Pater
1169 2137 1244 2190 sit
1283 2142 1378 2189 aut
1424 2134 1613 2188 Filius.
1664 2131 1836 2186 Filius

238 2233 454 2287 autem,
486 2223 652 2295 538
687 2226 742 2280 id
777 2237 882 2291 est,
912 2227 1155 2282 Verbum
1180 2228 1273 2283 Dei
1315 2226 1635 2298 unigenitns
1668 2224 1833 2288 Deus,

239 2316 742 2373 consubstantialis
782 2320 965 2385 Patri,
1001 2336 1229 2375 manens
1278 2321 1335 2375 in
1385 2319 1608 2390 propria
1651 2317 1835 2372 subsi-

240 2409 450 2463 stentia
498 2409 665 2475 Deus,
695 2411 752 2465 in
802 2412 1123 2467 novissimis
1167 2412 1367 2467 diebus
1413 2428 1482 2466 ex
1526 2411 1835 2465 visceribus

241 2498 420 2554 beata
453 2501 698 2572 Virginis
730 2502 914 2559 Maria:
948 2513 1205 2558 naturam
1237 2505 1483 2574 suscepit
1515 2505 1835 2565 humanam.

242 2600 298 2647 et
324 2593 436 2648 sibi
471 2609 696 2649 carnem
724 2597 1066 2662 eoadunans,
1094 2598 1260 2652 homo
1288 2597 1469 2653 factus
1496 2606 1601 2661 est,
1629 2598 1838 2653 habens

244 2687 489 2741 animam
521 2688 846 2743 rationalem
873 2690 961 2744 vel
987 2690 1439 2763 intellectualem.
1465 2690 1836 2757 Quamobrem

245 2777 536 2835 fatendum
590 2791 679 2836 est
730 2781 904 2836 Deum
957 2792 1147 2836 natum
1192 2797 1262 2837 ex
1301 2781 1541 2844 femina,
1586 2797 1697 2836 non
1745 2797 1834 2837 se-

246 2872 498 2927 cundum
531 2872 907 2938 divinitatem,
939 2873 1036 2929 sed
1070 2874 1379 2929 secundum
1412 2874 1833 2939 humanitatem,

248 2963 423 3018 Deum
474 2966 531 3018 in
564 2964 725 3019 cunis
747 2964 1008 3035 iacuisse,
1031 2980 1362 3033 pannosum,
1391 2965 1651 3020 sordibus
1682 2967 1838 3018 invo-

245 3055 451 3120 lutum,
478 3057 723 3110 crevisse
756 3064 812 3110 et
842 3056 1144 3126 profecisse
1172 3065 1334 3112 aetate
1368 3065 1425 3112 et
1452 3058 1719 3128 sapientia
1754 3072 1838 3112 se-

248 3152 494 3205 cundum
527 3151 952 3215 humanitatem,
976 3166 1088 3204 non
1114 3151 1419 3220 secundum
1444 3151 1792 3206 divinitatem
1820 3170 1834 3207 :

249 3242 423 3297 Deum
452 3242 721 3306 esurisse,
748 3243 954 3306 sitisse,
978 3242 1182 3298 lassum
1209 3258 1277 3297 ex
1308 3243 1505 3298 itinere
1533 3244 1836 3314 quievisse,

249 3350 356 3389 non
392 3335 706 3389 secundum
741 3336 1127 3399 divinitatem,
1159 3336 1258 3390 sed
1294 3338 1602 3391 secundum
1638 3338 1839 3393 huma-

250 3428 483 3481 nitatem
537 3445 553 3481 :
602 3428 776 3482 Deum
824 3428 1284 3498 comprehensum
1331 3431 1591 3485 manibus
1640 3432 1837 3502 impio-

250 3535 410 3584 mm,
466 3518 818 3591 iudicatum,
873 3519 1230 3585 damnatum,
1279 3522 1644 3588 cruciﬁxum,
1695 3524 1841 3579 latus

250 3608 443 3663 lancea
478 3608 841 3678 perforatum.
873 3625 983 3664 non
1017 3610 1324 3666 secundum
1356 3612 1839 3677 divinitatem,sed

251 3701 562 3756 secundum
583 3701 982 3757 humanitatem
1007 3720 1021 3756 :
1046 3703 1219 3759 Deum
1245 3707 1839 3775 mortuum,sepnltum

254 3789 774 3855 resurrexisse,non
803 3792 1106 3846 secundum
1130 3792 1501 3858 divinitatem,
1522 3794 1617 3849 sed
1644 3812 1841 3852 secun-

251 3882 380 3936 dum
426 3883 834 3938 humanitatem
875 3903 887 3938 :
922 3885 1094 3940 Deum
1127 3901 1253 3941 cum
1291 3887 1409 3957 ipsa
1445 3904 1611 3943 carne
1644 3903 1842 3945 ascen-

250 3972 396 4028 disse
441 3973 499 4026 in
543 3974 763 4039 caelum,
797 3974 1005 4031 sedisse
1041 3976 1110 4031 ad
1147 3975 1434 4032 dexteram
1477 3979 1678 4043 Patris,
1714 3980 1843 4038 inde

1933 1493 2133 1547 saecula
2165 1493 2233 1548 de
2265 1493 2426 1549 Patre
2457 1505 2647 1549 natum
2685 1512 2856 1550 unum
2889 1514 2957 1552 ex
2990 1497 3287 1563 Trinitate,
3313 1507 3368 1553 et
3392 1514 3516 1568 per-

1924 1584 2437 1654 ipstnnl’actaomnia
2465 1587 2702 1642 visibilia
2731 1597 2787 1642 et
2812 1588 3137 1655 invisibilia,
3163 1598 3219 1644 et
3246 1590 3366 1645 sine
3399 1591 3518 1660 ipso

1934 1671 2139 1729 factum
2180 1690 2302 1730 esse
2342 1677 2502 1741 nihil,
2532 1694 2641 1733 non
2686 1689 2869 1734 tamen
2913 1679 3217 1735 secundum
3260 1681 3518 1734 humani-

1937 1772 2135 1832 tatem,
2170 1767 2265 1821 sed
2306 1769 2613 1822 secundum
2644 1771 2990 1825 divinitatem
3033 1788 3049 1838 ;
3084 1772 3232 1827 hunc
3259 1772 3518 1826 eumdem

1936 1858 2218 1913 hominem
2249 1873 2370 1915 esse
2402 1861 2570 1913 vitam
2604 1871 2897 1924 teter-nam,
2931 1863 3290 1933 sapientiam,
3324 1873 3381 1917 et
3413 1864 3523 1915 vir-

1937 1957 2111 2005 tutem
2145 1950 2351 2017 Patris,
2380 1968 2490 2006 nun
2531 1960 2712 2007 tamen
2748 1953 3054 2009 secundum
3089 1955 3519 2020 hmnanitatem,

1935 2042 2031 2098 sed
2064 2043 2368 2097 secundum
2385 2044 2729 2100 divinitatem
2755 2063 2768 2112 ;
2790 2046 2937 2102 hunc
2961 2046 3217 2101 eumdem
3242 2046 3521 2100 hominem

1939 2149 2056 2190 esse
2098 2135 2329 2206 ﬁguram
2371 2137 2697 2192 substantiae
2740 2139 2855 2192 sive
2901 2140 3194 2208 imaginem
3236 2139 3434 2202 Patris,
3468 2145 3527 2192 et

1935 2230 2343 2283 emanationem
2383 2230 2651 2283 claritatis
2694 2231 2812 2295 Dei,
2842 2246 2951 2285 non
2995 2240 3178 2285 tamen
3218 2230 3522 2285 secundum

1938 2319 2373 2387 humanitatem,
2411 2322 2507 2376 sed
2552 2322 2859 2378 secundum
2900 2324 3274 2379 divinitatem.
3310 2324 3525 2378 Rursus

1938 2413 2237 2470 dicendum
2272 2420 2359 2469 est
2391 2429 2544 2476 eum,
2575 2414 2677 2484 qui
2704 2423 2791 2469 est
2819 2415 2932 2469 vita
2960 2406 3196 2478 aeterna,
3222 2414 3523 2485 sapientia,

1937 2506 2120 2560 virtus
2149 2505 2351 2570 Patris,
2379 2516 2569 2561 natum
2604 2506 2911 2562 secundum
2942 2522 3168 2562 carnem
3200 2521 3267 2561 ex
3297 2506 3524 2569 femina.

1936 2598 2108 2653 vitam
2135 2604 2418 2663 aeternam,
2445 2599 2768 2668 sapientiam
2795 2607 2853 2653 et
2877 2599 3138 2653 virtutem
3168 2599 3366 2663 Patris,
3393 2614 3526 2668 pan-

1941 2690 2033 2745 nis
2074 2689 2386 2744 involutum
2433 2691 2489 2744 in
2529 2690 2689 2744 cunis
2726 2690 2994 2760 iacuisse,
3028 2690 3198 2745 vitam
3239 2698 3525 2756 :eternam,

1945 2781 2272 2852 sapientiam
2300 2791 2359 2838 et
2383 2783 2648 2837 virtutem
2677 2782 2879 2847 Patris,
2907 2797 3153 2853 passum,
3176 2780 3526 2847 cruciﬁxum,

1939 2882 2222 2930 mortuum
2269 2874 2578 2930 secundum
2628 2891 2873 2930 carnem.
2904 2875 3037 2941 Quae
3084 2890 3212 2930 cum
3265 2876 3338 2930 ita
3385 2875 3528 2936 sint,

1936 2979 2102 3019 nemo
2137 2970 2318 3034 potest
2345 2979 2469 3019 esse
2502 2964 2839 3028 catholicus,
2871 2963 2978 3018 nisi
3009 2964 3105 3033 qui
3134 2963 3190 3017 in
3218 2962 3401 3018 Verbo
3430 2963 3527 3018 Dei

1940 3057 2083 3111 Filio
2118 3056 2426 3126 unigenito,
2455 3057 2595 3112 duas
2633 3056 2803 3110 fuerit
2838 3056 3121 3126 professus
3153 3066 3280 3127 post
3314 3056 3527 3111 aduna-

1941 3149 2148 3203 tionem
2179 3163 2399 3218 semper
2429 3148 2896 3203 indissolubiliter
2927 3164 3150 3204 manere
3186 3158 3435 3209 naturas,
3473 3149 3526 3203 id

1939 3251 2046 3307 est,
2076 3242 2236 3298 Verbi
2274 3251 2331 3297 et
2361 3242 2567 3307 carnis,
2593 3242 2690 3296 Dei
2727 3249 2785 3296 et
2816 3241 3092 3305 hominis,
3124 3241 3436 3295 divinitatis
3472 3251 3525 3295 et

1942 3335 2322 3389 humanitatis.
2353 3333 2493 3401 Quia
2521 3334 2668 3389 sicut
2692 3348 2837 3388 unus
2865 3334 2933 3389 de
2962 3334 3230 3388 Trinitate
3257 3343 3361 3398 est,
3390 3342 3445 3387 et
3474 3336 3527 3387 in

1940 3427 2218 3498 principio
2253 3427 2491 3481 Verbum
2522 3428 2669 3480 Deus
2699 3434 2806 3491 est,
2834 3427 2907 3480 ita
2942 3427 3107 3480 etiam
3146 3426 3291 3480 idem
3314 3425 3431 3496 ipse
3462 3442 3525 3480 ex

1941 3521 2105 3576 nobis
2144 3529 2250 3583 est,
2288 3519 2454 3574 homo
2494 3518 2778 3589 perfectus
2817 3527 2874 3573 et
2914 3533 3099 3572 verus.
3135 3519 3237 3584 Qui
3277 3520 3423 3572 enim
3461 3534 3525 3571 ex

1941 3608 2146 3664 lumbis
2176 3608 2413 3663 Abrahze
2442 3615 2499 3662 et
2530 3623 2597 3662 ex
2631 3608 2844 3662 semine
2871 3606 3043 3662 David
3079 3623 3218 3676 puer
3245 3606 3410 3661 datus
3441 3616 3524 3660 est

1941 3702 2124 3767 nobis,
2147 3703 2294 3757 Deus
2322 3701 2447 3756 caeli
2475 3709 2583 3763 est,
2612 3708 2671 3755 et
2697 3700 2957 3770 princeps
2987 3700 3161 3769 pacis,
3185 3707 3241 3754 et
3268 3699 3392 3753 ideo
3420 3714 3528 3753 non

1941 3794 2087 3856 duas,
2110 3792 2209 3848 sed
2235 3808 2343 3846 una
2370 3791 2575 3847 Christi
2606 3806 2841 3861 persona
2867 3799 2973 3854 est,
2997 3790 3128 3861 quia
3153 3805 3316 3845 nemo
3339 3803 3519 3844 ascen-

1942 3883 2026 3938 dit
2063 3883 2119 3937 in
2158 3884 2391 3947 cadum,
2431 3882 2535 3937 nisi
2577 3882 2673 3951 qui
2711 3881 2780 3936 de
2817 3882 2960 3936 cmlo
2999 3879 3321 3944 descendit,
3356 3878 3528 3935 Filius

1946 3976 2218 4039 hominis,
2248 3976 2343 4046 qui
2385 3984 2472 4030 est
2507 3974 2562 4028 in
2605 3975 2780 4038 ccelo,
2809 3975 2972 4030 Jesus
3015 3972 3273 4029 Christus
3311 3974 3427 4028 heri
3474 3983 3526 4028 et

251 4080 477 4119 rursum
505 4078 634 4119 cum
661 4066 778 4135 ipsa
805 4082 970 4123 carne
995 4067 1052 4122 in
1076 4067 1250 4139 gloria
1273 4078 1567 4125 venturum
1588 4072 1841 4142 judicare
1867 4090 1911 4149 ο
1946 4071 2132 4137 hodie,
2154 4070 2271 4140 ipse
2299 4077 2356 4125 et
2387 4069 2441 4123 in
2470 4067 2688 4123 saecula.

248 4154 407 4211 vivos
438 4165 499 4211 et
529 4167 803 4214 mortuos.
838 4158 1055 4216 Rursus
1093 4160 1468 4231 proﬁtendum
1509 4171 1623 4227 cst,
1648 4162 1841 4219 Iesum

1080 4531 1803 4663 EJUSDEM
1912 4530 2713 4658 ΜΑΧΕΝΤΙΙ

377 4779 1218 4876 ADUNATIONIS
1274 4786 1636 4881 VERBI
1719 4785 1935 4889 DEI;
2000 4786 2148 4874 AD
2209 4779 2835 4877 PROPRIAM
2912 4779 3395 4872 CARNEM

1744 4977 2019 5039 RATIO.

326 5278 508 5334 Filius
556 5273 655 5330 Dei
708 5273 947 5331 Verbum
984 5274 1188 5342 Patris,
1240 5293 1388 5334 unus
1426 5292 1495 5332 ex
1537 5277 1839 5344 Trinitate,
1869 5281 1918 5336 ῐ)
1948 5286 2141 5333 natura
2165 5278 2310 5331 Deus
2331 5273 2499 5329 homo
2524 5273 2703 5331 factus
2725 5280 2834 5341 est,
2856 5272 3069 5329 habens
3094 5271 3336 5327 animam
3361 5271 3530 5327 ratio-

253 5368 753 5427 eousubstantialis
785 5367 966 5436 Patri,
998 5377 1169 5425 natus
1199 5370 1270 5425 de
1302 5371 1420 5426 Deo
1451 5377 1581 5426 ante
1616 5371 1843 5439 saecula,

253 5462 572 5520 subsistens
611 5460 669 5515 in
706 5460 931 5531 propria
967 5476 1205 5532 persona
1240 5461 1393 5517 Deus
1431 5461 1488 5516 in
1526 5462 1849 5516 novissimis

255 5553 608 5627 temporibus
638 5569 769 5610 mox
800 5553 948 5610 inter
978 5551 1413 5625 evangelizantis
1443 5552 1626 5624 angeli
1653 5554 1846 5617 verba,

254 5653 315 5700 et
339 5642 816 5700 accommodantis
837 5642 1069 5716 virginis
1098 5642 1293 5709 ﬁdem,
1318 5641 1556 5713 propria:
1585 5642 1847 5712 potentia:

258 5737 493 5802 virtute,
515 5751 583 5792 ex
610 5735 924 5793 visceribus
949 5736 1201 5809 ejusdem
1226 5735 1460 5807 virginis
1486 5732 1607 5789 sine
1631 5734 1846 5790 semine

262 5827 370 5884 viri
413 5842 641 5886 carnem
687 5827 796 5884 sibi
843 5827 1198 5897 coadunans,
1240 5841 1472 5885 manens
1516 5828 1573 5881 in
1619 5828 1842 5895 propria

1942 5370 2127 5425 nalem
2154 5370 2270 5424 sive
2297 5367 2754 5432 intellectualem,
2776 5375 2833 5423 et
2857 5366 2933 5423 ita
2956 5366 3233 5436 completo
3261 5373 3529 5432 tempore,

1942 5461 2254 5516 secundum
2284 5460 2462 5530 legem
2488 5458 2746 5514 humanas
2770 5467 2981 5513 natura:
3009 5457 3282 5527 processit
3305 5456 3374 5512 de
3406 5458 3531 5511 tha-

1942 5550 2090 5605 lamo
2115 5548 2394 5621 virginali.
2421 5546 2536 5604 Hac
2562 5547 2632 5603 de
2660 5562 2831 5603 causa
2858 5546 3148 5609 naturalis,
3169 5561 3281 5599 non
3308 5545 3532 5601 socialis

1944 5641 2208 5696 adnnatio
2240 5641 2358 5696 sive
2392 5638 2573 5696 unitio
2608 5638 2665 5693 in
2697 5636 2923 5694 Christo
2955 5637 3265 5691 rectissime
3297 5634 3525 5698 dicitur,

1942 5732 2072 5802 quia
2110 5748 2218 5788 non
2268 5733 2422 5789 carni
2472 5730 2723 5788 formatae
2769 5737 2866 5785 aut
2908 5728 3163 5783 animatas
3191 5726 3380 5797 ,quod
3416 5728 3530 5797 jam

1949 5825 2190 5882 hominis
2255 5824 2554 5899 cuiuslibet
2611 5828 2794 5894 potest
2832 5820 3213 5878 demonstrare
3270 5833 3526 5891 persona,
