4200 6426
692 479 760 547 91
1951 469 2271 533 JUANNIS

2412 465 2693 528 .XENTII
3894 454 3972 515 92

698 596 939 652 Verbum
973 607 1030 646 se
1060 590 1311 645 univitiu
1334 581 1883 652 uleroVirginis,sed
1901 600 1967 636 ex
2006 582 2139 651 ipsis
2157 582 2278 652 ejus
2311 586 2349 641 A
2379 590 2496 647 est;
2530 580 2625 635 sed
2665 579 2770 632 hoc
2805 577 2898 646 qui
2934 575 3148 637 dicunt,
3181 588 3371 627 errore.
3407 566 3975 624 Nesteriitraducmz-

697 685 1006 745 visceribus
1028 682 1305 754 Sapientia
1336 680 1441 735 sibi
1472 678 1697 733 domum
1725 675 2033 731 aediﬁcavit.
2055 675 2274 743 Alioqui

695 785 742 839 si
780 782 1028 836 formatae
1070 784 1167 830 aut
1188 774 1442 828 animata:
1485 770 1639 826 carni
1685 776 1861 823 semet
1896 764 2135 822 Verbum
2180 768 2274 821 Dei

698 872 932 929 inseruit
967 871 1021 923 iu
1058 876 1217 922 utero
1247 864 1533 934 virginali,
1566 875 1674 915 non
1704 860 1816 929 jam
1851 857 2151 920 naturalis,
2180 858 2276 911 sed

700 962 963 1017 societate
1000 957 1115 1009 haec
1156 954 1343 1023 potius
1377 951 1553 1005 [initio
1589 949 1705 1003 sive
1737 946 2005 1000 adunatio
2044 946 2276 999 dicenda

702 1065 788 1109 est
817 1071 830 1107 :
865 1066 969 1106 nec
997 1062 1241 1120 persona
1267 1045 1434 1102 Verbi
1467 1043 1533 1097 ad
1567 1050 1820 1096 naturam
1838 1039 2047 1103 carnis,
2078 1038 2174 1092 sed
2210 1038 2278 1092 ad

702 1158 993 1218 personam
1039 1140 1277 1208 alicujus
1320 1135 1562 1192 hominis
1602 1131 1955 1189 concurrisse
2003 1128 2281 1185 credenda

2386 685 2496 730 tur.
2523 676 2805 731 Catholica
2838 682 3021 728 autem
3058 670 3193 724 ﬁdes
3227 685 3335 722 non
3377 678 3668 736 personam
3696 657 3859 714 Verbi
3895 661 3973 713 ad

2386 784 2676 841 personam
2704 766 2937 837 alicujus
2960 766 3072 835 jam
3100 759 3319 816 formati
3349 756 3614 817 hominis,
3643 753 3737 807 sed
3769 752 3835 805 ad
3871 768 3974 804 na—

2387 869 2564 913 turam
2597 858 2783 913 carnis
2809 856 3135 911 convenisse
3166 851 3344 906 credit
3369 858 3426 902 et
3450 838 3731 918 priedieat,
3755 852 3810 897 et
3839 842 3976 895 ideo

2386 967 2497 1005 non
2548 949 2848 1011 socialem,
2887 946 2983 1002 sed
3034 944 3340 1000 naturalem
3393 939 3591 993 lactant
3638 934 3803 990 docet
3843 946 3975 987 esse

2387 1042 2716 1097 unitionem.

717 1314 3943 1362 Μ

1644 1404 2515 1624 HORMISDAE
2607 1486 3057 1616 PAPfE

1324 1750 1476 1842 AD
1582 1744 2411 1840 POSSESSOBEM
2502 1737 3089 1833 EPISTOLA
3192 1732 3345 1825 0)..

1625 1938 2044 2000 Dilectissimo
2080 1938 2279 2013 fratri
2315 1934 2677 1998 Possessori
2708 1930 3077 1992 Hormisda.

778 2250 936 2306 Sicut
960 2247 1161 2303 rationi
1193 2243 1451 2316 congruit
1490 2252 1550 2299 ut
1597 2241 1892 2298 consulant
1913 2240 2282 2311 ambigentes.
2320 2240 2360 2298 Β
2390 2236 2603 2290 liditatc
2636 2233 2937 2295 versutias,
2969 2237 3024 2284 et
3059 2228 3167 2284 sub
3203 2226 3491 2298 religionis
3533 2226 3768 2282 obtentu
3797 2226 3987 2281 famu-

710 2344 785 2399 ita
816 2359 915 2414 par
938 2350 1024 2397 cst
1051 2339 1387 2410 respondere
1414 2336 1719 2398 consultos,
1744 2335 1875 2403 quia
1908 2334 2023 2403 ipse
2055 2330 2289 2401 impellit

711 2438 767 2491 in
793 2432 1177 2505 errorem,qui
1218 2446 1330 2486 non
1352 2428 1960 2498 instruitignorantem.
1995 2425 2105 2478 Nec
2124 2422 2289 2493 quid-

708 2543 875 2599 quam
892 2535 977 2583 est
1003 2521 1449 2595 aptiusstudioso
1475 2517 1781 2589 religionis,
1798 2531 1967 2586 quam
2003 2512 2291 2584 inquisitio

709 2618 992 2681 veritatis,
1049 2613 1273 2686 quando
1311 2611 1532 2676 facilius
1568 2609 1792 2663 devium
1854 2607 2021 2669 vitat,
2052 2604 2147 2675 qui
2188 2603 2294 2658 iter

709 2709 859 2782 quod
894 2707 1181 2778 gradiatur
1215 2712 1391 2775 rogat.
1421 2701 1528 2758 Sed
1565 2700 1885 2772 priusquam
1920 2694 2293 2766 respondendi

710 2816 905 2857 curant
958 2798 1027 2853 de
1054 2797 1143 2853 bis
1166 2813 1290 2867 qua:
1313 2793 1542 2850 dilectio
1571 2800 1667 2846 tua
1695 2797 2055 2861 percontatur
2103 2802 2298 2858 aggre-

713 2896 864 2958 diar,
897 2893 1137 2948 libenter
1174 2890 1230 2943 in
1272 2887 1477 2942 litteris
1521 2883 1634 2939 tuis
1676 2881 1803 2936 ﬁdei
1848 2890 1955 2936 tute
1994 2894 2084 2935 me
2119 2878 2297 2935 fateor

712 2986 997 3042 invenisse
1031 2982 1341 3044 fervorem,
1370 2978 1530 3049 cujus
1565 2976 1749 3032 calore
1784 2987 2117 3037 succensus,
2147 2971 2299 3027 redi-

715 3081 898 3134 vivam
949 3077 1005 3131 in
1054 3075 1169 3130 illis
1219 3070 1475 3144 partibus
1519 3066 1827 3122 inﬁdelium
1876 3064 2299 3135 perversitatem

714 3172 900 3242 vigere
923 3167 1191 3238 suspiras.
1224 3161 1593 3232 Dignissimus
1625 3156 1809 3220 dolor,
1841 3156 1937 3226 qui
1972 3154 2159 3210 dedita
2189 3154 2302 3210 Deo

716 3262 886 3318 corda
912 3259 1226 3316 contristat.
1249 3253 1365 3308 Nec
1391 3250 1540 3307 enim
1567 3255 1653 3303 est
1674 3245 1821 3316 apud
1850 3260 1949 3300 eos
1973 3244 2161 3315 lapsus
2186 3242 2304 3297 illa-

718 3353 1056 3416 meutabilis,
1076 3348 1222 3419 apud
1247 3360 1389 3417 quos
1411 3349 1496 3398 est
1523 3340 1799 3413 igniculus
1824 3336 2150 3401 charitatis;
2173 3335 2303 3405 quia

721 3461 892 3502 unum
926 3442 1259 3514 spiritalium
1284 3447 1476 3493 votum
1506 3442 1593 3490 est
1640 3433 1793 3487 salus
1816 3431 2144 3484 inconcussa
2168 3444 2307 3483 eun-

719 3546 959 3593 etorum.
986 3534 1094 3591 Sed
1129 3549 1237 3587 non
1265 3539 1352 3586 est
1381 3529 1565 3599 ignota
1598 3524 1859 3580 Ecclesia:
1888 3522 1985 3577 Dei
2012 3521 2082 3576 de
2109 3522 2305 3591 hujus-

2396 2325 2565 2381 lantia
2599 2325 2743 2380 odiis
2779 2324 2897 2380 suis
2924 2336 3139 2377 venena
3174 2320 3531 2390 pertulimus,
3563 2317 3852 2372 studentes
3880 2330 3989 2371 eos

2397 2420 2467 2473 ab
2491 2419 2711 2474 interno
2728 2417 2956 2471 vulnere
2977 2412 3325 2470 medicabilis
3345 2410 3622 2481 patientiae
3640 2408 3988 2464 moderatio-

2401 2526 2469 2565 ne
2512 2524 2713 2565 sanare
2728 2549 2743 2575 ,
2774 2506 2920 2562 beati
2935 2505 3095 2562 Pauli
3118 2503 3330 2558 monita
3353 2519 3463 2557 non
3488 2509 3744 2557 tenentes
3762 2500 3989 2573 [tacen-

2402 2600 2505 2675 tes]
2524 2600 2673 2657 :Noli
2688 2600 2854 2655 verbis
2870 2597 3214 2661 contendere;
3233 2596 3303 2650 ad
3322 2594 3453 2649 nihil
3470 2594 3611 2648 enim
3628 2593 3756 2647 utile
3771 2599 3867 2655 est,
3883 2592 3993 2645 nisi

2401 2695 2472 2750 ad
2510 2692 2897 2749 subversioncm
2937 2686 3351 2742 audientium“.
3382 2684 3492 2740 Sed
3534 2685 3759 2755 quando
3825 2684 3988 2738 virus

2403 2786 2552 2857 quod
2603 2786 2813 2840 viscera
2868 2779 3183 2853 penetravit
3235 2776 3529 2831 evellitur?
3561 2774 3784 2845 quando
3817 2772 3996 2828 corda

2404 2878 2548 2933 male
2576 2876 2683 2933 sibi
2712 2874 2962 2938 credula,
2989 2870 3243 2926 veritatis
3271 2868 3660 2938 obtemperant
3688 2864 4000 2921 institutis?

2400 2968 2628 3041 ‘quando
2671 2966 2854 3022 induit
2881 2962 3213 3020 obedientiae
3283 2958 3676 3024 humilitatem,
3707 2957 3995 3028 opinioni-

2409 3064 2513 3119 bus
2541 3062 2658 3118 suis
2684 3061 2882 3116 vallata
2908 3054 3436 3128 superbia?quando
3467 3052 3827 3123 acquiescant
3846 3050 3994 3120 paci,

2408 3153 2831 3211 contentionum
2896 3148 3139 3205 stimulis
3198 3146 3443 3209 assueti,
3507 3144 3624 3199 sola
3687 3143 3999 3199 certamina

2410 3254 2638 3303 aventes
2653 3245 2720 3299 de
2747 3242 3016 3313 religione
3041 3248 3284 3310 captare,
3309 3244 3367 3291 et
3389 3236 3647 3291 mandata
3677 3235 3955 3305 negligere
3971 3233 4003 3285 ?

2411 3341 2705 3409 Nunquam
2760 3334 2907 3407 apud
2959 3347 3058 3387 eos
3116 3329 3359 3385 eharitas
3413 3344 3557 3382 novo
3608 3325 3998 3381 commendata

2413 3439 2711 3503 prmeepto,
2734 3440 3013 3496 nunquam
3043 3439 3147 3494 pax
3169 3421 3453 3477 Dominico
3480 3420 3671 3473 relicta
3701 3418 3948 3472 discessu:
3977 3434 3996 3480 ;

2417 3540 2524 3578 una
2566 3520 2867 3593 pertinacis
2907 3531 3040 3573 cura
3083 3513 3351 3584 propositi
3395 3511 3595 3566 rationi
3637 3510 3777 3563 velle
3820 3509 4002 3578 impc—

723 3629 868 3683 modi
904 3626 1181 3696 procellis,
1214 3631 1310 3677 aut
1367 3621 1583 3675 insueta
1622 3624 1940 3685 tempestas,
1964 3622 2023 3669 ct
2054 3612 2306 3683 quamvis
2333 3595 2375 3653 (ἶ
2410 3630 2553 3680 rare,
2572 3630 2681 3667 non
2707 3611 2956 3666 credere.
2976 3609 3403 3674 Contemptorcs
3427 3601 3821 3657 auctoritatum
3844 3608 4003 3653 vete-

724 3719 982 3775 llectoris
996 3718 1082 3773 sui
1101 3712 1478 3786 gubernaculo
1494 3711 1825 3765 inconcussa
1842 3704 2121 3776 persistat,
2141 3702 2311 3757 variis

727 3820 911 3865 tamen
943 3806 1348 3879 insurgentium
1378 3804 1647 3857 ﬂuctuum
1676 3797 1891 3854 laborat
1918 3804 2110 3852 vexata
2139 3794 2311 3849 turbi-

727 3903 912 3957 nibus.
941 3902 1075 3954 Nam
1110 3898 1255 3952 unde
1285 3904 1371 3952 est
1400 3892 1707 3965 psalmidici
1746 3906 1851 3946 vox
1881 3888 2190 3959 prephctte,
2214 3886 2310 3956 qui

727 3993 901 4064 ipsius
923 3989 1179 4046 Ecclesia:
1203 4001 1494 4058 personam
1520 3984 1730 4055 Spiritu
1749 3996 1861 4053 quo
1885 3977 2309 4051 implebatur(a)

730 4099 1056 4139 assumens:
1083 4081 1254 4150 Same,
1282 4078 1485 4147 inquit,
1507 4079 1944 4145 expugnaverunt
1970 4086 2051 4125 me
2073 4088 2105 4123 a
2124 4070 2314 4139 juven-

731 4186 841 4228 tute
873 4191 1011 4237 mea,
1038 4172 1229 4226 ctenim
1265 4185 1368 4221 non
1404 4173 1684 4237 potuerunt
1716 4163 1844 4218 mihi
1867 4163 1930 4216 ιδ.
1952 4161 2310 4227 Concutiunt,

732 4264 829 4319 scd
869 4263 924 4317 in
964 4262 1140 4316 nihilo
1177 4259 1578 4330 przevalehunt.
1610 4255 1805 4311 Adhuc
1843 4254 1898 4308 in
1937 4268 2065 4307 area
2098 4266 2312 4316 sumus,

735 4356 898 4411 mista
929 4362 1060 4410 sunt
1085 4352 1363 4407 frtunenta
1393 4364 1519 4406 cum
1550 4348 1746 4418 paleis,
1772 4353 2001 4417 gemunt
2026 4343 2156 4398 boni
2185 4356 2317 4397 con-

735 4448 907 4504 sortia
927 4447 1224 4501 malorum':
1240 4443 1335 4497 sed
1349 4450 1604 4511 superest
1616 4439 1832 4493 ﬂamma
1843 4451 1954 4491 non
1966 4433 2315 4498 necessariis,

735 4548 792 4595 et
808 4546 994 4610 parata
1016 4545 1148 4590 sunt
1169 4536 1367 4589 horrea
1386 4535 1498 4603 jam
1522 4531 1788 4602 probatis.
1803 4529 1910 4585 Sed
1934 4529 2027 4585 ubi
2047 4538 2316 4585 terrarum

738 4647 847 4686 non
884 4629 985 4683 ista
1019 4626 1334 4698 permistio?
1368 4626 1480 4680 Nos
1514 4625 1635 4677 lixis
1666 4623 1824 4678 decet
1852 4618 2319 4691 starelinsistcre]

738 4721 1009 4790 vestigiis.
1064 4718 1423 4773 Proliciemus
1475 4715 1621 4770 inter
1656 4714 2014 4770 adversantes
2074 4712 2317 4782 propriis

746 4810 928 4873 bonis,
955 4808 999 4862 si
1030 4807 1319 4861 erroribus
1356 4821 1464 4859 non
1500 4805 1849 4858 involvamur
1876 4802 2093 4857 alienis.
2119 4802 2322 4856 Probat

2412 3723 2556 3770 rum,
2586 3719 2853 3759 novarum
2888 3700 3080 3770 cupidi
3112 3698 3506 3769 qmestionum,
3534 3695 3706 3748 solam
3741 3702 4004 3762 putantes

2409 3799 2657 3856 scientiae
2682 3806 2885 3852 rectam
2935 3796 3100 3857 viam,
3120 3792 3367 3864 qualibet
3388 3798 3708 3856 conceptam
3736 3786 4003 3840 facilitate

2411 3892 2776 3956 sententiam;
2803 3904 3047 3957 cousque
3081 3884 3315 3941 tumoris
3347 3881 3496 3945 elati,
3516 3888 3574 3933 ut
3611 3879 3677 3934 ad
3708 3877 4000 3933 arbitrium

2413 4002 2571 4042 suum
2627 3986 2920 4053 utriusque
2977 3981 3131 4037 orbis
3192 3987 3392 4049 putent
3446 3973 3823 4030 inclinandum
3877 3986 4005 4025 esse

2408 4078 2717 4150 judicium;
2748 4090 2851 4130 nec
2889 4075 2944 4128 in
2984 4087 3222 4128 numero
3257 4069 3501 4125 ﬁdelium
3545 4067 3876 4136 depulautes
3911 4079 4006 4118 sc-

2414 4183 2643 4239 qnaccm
2672 4165 2985 4221 traditionis
3008 4173 3274 4234 paterme,
3298 4161 3343 4215 si
3370 4176 3482 4213 sua:
3503 4157 3745 4212 viderint
3771 4154 4006 4210 credere

2417 4261 2565 4316 nolle
2602 4259 2925 4320 sentcntize;
2956 4256 3108 4311 docti
3132 4254 3368 4310 crimina
3406 4266 3615 4311 serere,
3639 4248 4006 4303 obtrectatio-

2418 4370 2549 4409 mun
2579 4367 2791 4407 venena
2823 4364 3179 4420 componere,
3209 4348 3485 4416 integrum
3517 4342 3776 4398 Ecclesia:
3804 4355 4010 4409 corpus

2417 4444 2635 4506 odisse,
2673 4441 2976 4495 seditiones
3023 4447 3272 4501 struere,
3308 4436 3574 4489 invidiam
3620 4433 3925 4494 concitare,
3949 4440 4012 4485 et

2418 4552 2519 4607 pro
2548 4534 2864 4589 obedientia
2893 4532 3038 4601 (quze
3067 4534 3119 4584 in
3149 4527 3420 4585 emnobiis
3447 4526 3816 4596 principatum
3844 4538 4010 4592 regu-

2421 4626 2553 4680 laris
2594 4625 2811 4680 obtinet
2849 4619 3187 4690 disciplima)
3228 4616 3662 4671 obstinationem
3705 4609 4013 4681 pertinacis

2422 4733 2611 4773 amare
2651 4714 2945 4785 superbiat.
2976 4714 3096 4768 Non
3138 4712 3263 4765 illos
3298 4708 3580 4779 potuimus
3613 4704 3864 4765 monitis,
3898 4717 4009 4755 non

2425 4808 2882 4871 mansuetudine,
2934 4822 3044 4861 non
3113 4802 3443 4859 auctoritate
3505 4799 3892 4867 comprimere.
3948 4793 4010 4846 In

741 4903 888 4957 enim
919 4901 1142 4956 virtutis
1171 4915 1283 4955 suae
1309 4898 1554 4990 validum
1586 4898 1776 4990 robur,
1805 4897 1901 4987 qui
1932 4912 2056 4950 cum
2088 4895 2323 4965 impelli-
2356 4930 2399 4990 υ
2427 4901 2709 4972 publicum
2770 4913 2943 4968 usque
2997 4896 3159 4966 539
3212 4892 3470 4964 prodiere
3522 4897 3856 4944 conventum
3877 4926 3891 4944 ,
3940 4883 4011 4939 ad

746 5001 856 5051 tur,
878 5007 984 5044 non
1013 4999 1287 5043 movetur.
1310 4988 1414 5043 Ubi
1442 5003 1553 5041 non
1576 4987 1744 5041 varia:
1767 4983 2090 5041 tentationis
2113 4985 2325 5040 aculei?

743 5084 947 5150 Quales
1008 5100 1107 5153 per
1163 5084 1310 5137 hanc
1360 5083 1475 5137 fere
1506 5082 1690 5151 iugem
1722 5096 1927 5135 annum
1955 5081 2322 5149 quorumdam

748 5175 1094 5246 Scytharum,
1122 5176 1215 5245 qui
1252 5173 1556 5230 monachos
1587 5174 1952 5243 praeferebant
1982 5174 2185 5244 specie,
2212 5190 2321 5227 non

750 5269 1000 5333 veritate,
1031 5269 1393 5339 professione,
1421 5282 1530 5322 non
1558 5282 1756 5337 opere,
1790 5265 1980 5320 subtili
2014 5273 2185 5320 tectas
2215 5265 2322 5320 Cal-

826 5408 868 5440 “
894 5408 1034 5462 Psal.
1061 5422 1273 5469 cxxvm,
1328 5405 1385 5459 9..
1464 5406 1508 5438 ⁸⁸
1530 5405 1573 5460 II
1603 5405 1746 5459 Tim.
1774 5423 1831 5469 tt,
1860 5404 1943 5459 Μ.

824 5552 903 5620 (l)
941 5551 1176 5605 Cocleus
1214 5560 1271 5604 ct
1309 5550 1558 5603 nonnulli
1598 5549 1690 5603 alii
1732 5565 1760 5602 τι
1800 5549 2013 5604 Joanne
2055 5548 2325 5620 Maxentio

754 5622 970 5691 decepti
1006 5621 1391 5691 existimarunt
1423 5621 1564 5691 hanc
1597 5620 1663 5673 ad
1702 5620 2081 5691 Posscssorcm
2118 5619 2323 5688 episto-

755 5693 863 5746 lam
899 5689 1019 5744 Vnon
1053 5708 1174 5746 esse.
1206 5689 1508 5744 Ilormisdm
1539 5690 1770 5745 Romani
1804 5690 2100 5759 pontiﬁcis.
2130 5690 2225 5743 sed
2259 5689 2329 5743 ab

756 5763 946 5843 aliquo
967 5762 1087 5843 eius
1114 5763 1336 5843 nornitn-
1366 5760 1503 5841 falso
1532 5761 1891 5843 suppositam.
1924 5763 1987 5814 At
2013 5763 2106 5829 qui
2139 5776 2331 5815 omnes

764 5831 1064 5886 llormisdaa
1091 5833 1351 5901 epistolas
1380 5832 1432 5886 iu
1464 5849 1629 5884 causa
1660 5835 1758 5885 ista
1788 5831 2113 5900 Scytharum
2146 5846 2330 5884 mona'

760 5901 989 5958 chorum
1024 5892 1164 5975 (qua:
1196 5903 1465 5957 habentur
1494 5911 1601 5957 tom
1655 5903 1669 5954 1
1706 5892 1924 5971 Ιῗμέιςώέ.
1956 5903 2177 5957 Ιέιιιεδίιυ,
2206 5918 2332 5966 pnn-

2429 4991 2848 5046 concussionem
2899 4987 3105 5057 quietis
3152 4987 3298 5039 circa
3350 4998 3537 5051 regam
3585 4979 3751 5034 etiam
3801 4986 4014 5029 statuas

2433 5083 2817 5140 imzlamantes,
2851 5088 2907 5133 et
2942 5079 3045 5133 nisi
3082 5076 3257 5131 ﬁdelis
3290 5077 3478 5146 populi
3508 5070 3818 5128 constant'a
3850 5067 4013 5121 resti-

2433 5175 2620 5233 tisset,
2652 5188 2750 5240 per
2778 5171 3067 5224 diabolicae
3100 5169 3313 5223 semina
3347 5164 3581 5219 nefanda
3616 5159 3839 5214 zizania:
3869 5157 4016 5226 apud

2433 5267 2554 5319 illos
2581 5264 2983 5318 dissensionem
3008 5270 3065 5315 ct
3084 5259 3419 5314 discordiam
3450 5252 3897 5310 cmomovissent,
3920 5265 4020 5318 per

2429 5544 2650 5615 ti/icum)
2678 5543 2763 5599 vel
2788 5542 2987 5615 leviter
3008 5537 3226 5608 legerit,
3244 5551 3308 5589 ex
3337 5548 3477 5615 nexu
3506 5546 3688 5584 rerum
3716 5534 4019 5615 ges-tamin.

2425 5596 2669 5684 eistyld,
2694 5596 2761 5667 ex
2787 5596 3624 5684 verborum:sententiartnuque
3650 5596 4019 5684 prpprictatc,

2430 5704 2496 5740 et
2527 5667 2669 5740 aliis,
2688 5683 2927 5751 denique
2963 5676 3293 5751 certissimis
3329 5674 3501 5742 signis
3519 5667 3548 5735 ,⁷
3564 5667 4027 5751 inualidi-stissimo

2434 5758 2575 5811 hanc
2623 5734 2941 5822 germadam
2974 5734 3047 5804 ac.
3093 5734 3407 5822 genuinam'
3439 5734 3664 5822 esse‘s,
3717 5734 4029 5822 Illnrttti'atla!

2431 5802 2719 5890 epistolam
3072 5802 3229 5890 (Vide
3275 5813 3521 5890 totn._\_'ll
3563 5807 3756 5862 dmml.
3812 5802 4024 5862 erdem.

2435 5883 2556 5957 5222!,
2584 5914 2703 5965 cap.
2728 5883 2841 5953 $222.1
2881 5925 2925 5933 νη
2964 5890 3037 5948 (nl
3075 5889 3240 5943 lnilth.
3279 5883 3667 5954 i:n;nl!.-.'lvm:tr.
