4200 6426
230 391 293 454 93
1135 398 1233 457 ΑΙ.)
1269 396 1629 457 EPISTULA
1640 397 1693 456 Μ
1736 392 1826 455 HC

1912 393 1957 453 Μ
1966 394 2158 456 ῙΞΙΜΞ
2200 398 2491 460 RESPON
2502 401 2642 462 SIO.
3427 400 3500 464 95

231 520 356 575 quos
370 505 653 575 adjutorio
671 506 766 561 Dei
785 507 852 561 de
873 507 1094 577 regione
1108 523 1299 563 eorum
1316 518 1400 563 est
1421 508 1577 577 pulsa
1593 507 1808 561 dissen~
1836 510 1877 566 Α
1908 515 1992 562 set
2020 510 2276 566 nuntiare
2328 512 2583 568 fidelibus
2616 531 2627 565 :
2661 508 2852 566 Omnia
2883 511 3118 581 probate,
3147 511 3285 581 quod
3310 512 3503 565 bonum

230 596 405 650 sio.Dc
420 596 639 651 eissero
651 597 1336 669 probavimuspropltetica
1355 598 1675 667 Apostolum
1690 613 1821 653 voce

242 684 422 740 ﬁxisse
451 725 467 749 ,
494 686 549 739 in
578 686 895 742 novissimis
932 688 1130 744 diebus
1159 689 1363 743 instare
1396 697 1641 759 tempora
1671 688 1821 758 peri-

228 776 428 840 culosa,
453 776 639 832 etfore
658 778 916 833 homines
940 780 1023 834 sui
1048 788 1260 853 tantum
1289 789 1583 843 amatores,
1616 779 1822 834 haben-

227 874 302 920 tes
316 869 553 922 formam
574 870 818 939 pietatis,
835 874 1094 927 virtutem
1112 883 1296 929 autem
1313 876 1431 946 ejus
1447 876 1817 945 abnegantcs;

227 968 404 1028 Itaque
438 977 562 1017 esse
604 963 1105 1021 vitandos"'.ll;ec
1145 966 1269 1022 ideo
1304 967 1586 1023 dilectioni
1624 977 1821 1023 vestra:

226 1047 517 1105 indicanda
560 1054 665 1106 sub
720 1057 1019 1111 occasione
1075 1057 1438 1124 credidimus,
1487 1073 1555 1113 ne
1612 1058 1657 1114 si
1691 1058 1820 1112 illuc

224 1138 425 1194 fuerint
469 1142 615 1198 forte
660 1143 1819 1220 delati,ignorantesquemadmodumsein

226 1229 467 1285 Romana
489 1234 627 1288 urbe
641 1237 936 1304 gesserint,
957 1239 1059 1293 sub
1074 1240 1259 1310 aliqua
1276 1243 1573 1298 verborum
1591 1243 1819 1299 simula-

226 1322 368 1376 tione
395 1324 615 1392 possint
656 1326 876 1397 aliquos
896 1330 1172 1401 decipere.
1194 1333 1256 1387 Hi
1278 1349 1410 1389 vero
1430 1351 1571 1405 quos
1611 1351 1708 1391 vos
1748 1335 1818 1391 de

226 1413 411 1467 Fausti
447 1416 737 1486 cujusdam
768 1419 906 1475 Galli
940 1423 1203 1479 antistitis
1235 1425 1582 1481 consuluisse
1615 1425 1820 1482 litteris

226 1501 530 1569 indicastis,
559 1507 611 1560 id
638 1508 744 1562 sibi
790 1525 1112 1581 responsum
1164 1512 1432 1567 habeant:
1456 1515 1643 1584 Neque
1666 1515 1818 1569 illum

224 1596 394 1665 recipi
453 1614 637 1668 neque
680 1617 1041 1672 quemquam,
1065 1619 1206 1674 quos
1229 1607 1281 1660 in
1306 1607 1690 1662 auctoritatem
1715 1609 1822 1663 Pa—

224 1692 361 1739 trum
398 1704 508 1743 non
554 1692 753 1761 recipit
775 1708 1005 1750 examen
1037 1697 1322 1752 catholicae
1364 1698 1816 1763 ﬁdei,auteccle-

221 1775 455 1833 siastice
484 1780 794 1851 disciplina:
814 1785 1229 1856 ambiguitatem
1254 1801 1415 1867 posse
1434 1788 1686 1858 gignere,
1718 1798 1813 1844 aut

1922 608 1997 654 est
2018 604 2263 657 tenete“.
2295 605 2414 659 Non
2444 604 2543 659 abs
2572 619 2630 660 re
2654 610 2758 665 est,
2776 603 2879 659 etsi
2906 601 3267 666 mundanum,
3289 619 3397 656 non
3423 612 3505 657 ta-

1923 704 2047 743 men
2075 704 2107 743 a
2134 690 2344 745 ratione
2371 691 2674 747 discretum
2695 691 2929 745 miscere
2952 703 3283 744 sermonem.
3306 688 3505 743 Fertur

1921 778 2145 849 quidam
2181 781 2383 837 nobilis
2410 790 2527 837 arte
2556 780 2983 852 pingendi.cum
3020 793 3224 847 equum
3244 776 3502 847 penicillo

1921 873 2087 928 vellet
2115 873 2389 943 explicare
2407 874 2979 944 perlectum,asellum
3011 870 3117 926 sibi
3147 868 3503 940 proposuisse

1920 963 2191 1036 pingenti,
2225 980 2501 1030 asserens,
2549 981 2661 1020 non
2716 975 2778 1019 ut
2824 966 3136 1036 jumentum
3196 960 3507 1014 imitaretur

1920 1050 2186 1119 deforme,
2241 1052 2337 1108 sed
2382 1069 2450 1108 ne
2493 1053 2548 1107 in
2596 1053 2832 1122 alicujus
2863 1050 3130 1105 deformis
3185 1045 3502 1102 lineamenti

1919 1138 2340 1197 similitudinem
2366 1141 2551 1210 lapsus
2580 1140 2873 1196 incideret.
2904 1138 3024 1194 Non
3061 1136 3367 1207 improvide
3395 1136 3501 1190 Pa-

1921 1241 2065 1288 trum
2099 1233 2413 1288 vcneramla
2467 1233 2739 1303 sapientia
2791 1231 2941 1287 fideli
2996 1227 3348 1301 posteritati,
3384 1241 3507 1295 quae

1918 1325 2386 1378 essenteanonica
2414 1323 2671 1393 dogmata
2694 1322 2948 1377 deﬁnivit
2979 1329 3223 1376 :eertam
3257 1319 3312 1374 in
3338 1317 3507 1373 libro—

1920 1428 2043 1468 rum
2084 1413 2251 1468 etiam
2293 1423 2542 1469 veterum
2594 1413 2981 1469 auctoritatem
3021 1412 3501 1482 recipiendorum,

1919 1515 2113 1561 sancto
2153 1506 2369 1577 Spiritu
2411 1507 2758 1573 instituente,
2813 1521 3085 1561 summam
3122 1504 3502 1576 przcscribens,

1918 1611 1987 1652 ne
2017 1595 2261 1667 opinioni
2303 1613 2415 1652 sua:
2445 1597 2619 1651 lector
2646 1596 2964 1668 indulgens,
3001 1612 3112 1650 non
3151 1595 3297 1664 quod
3330 1594 3505 1649 edin-

1918 1689 2122 1744 calioni
2146 1690 2539 1745 ecclesiastica:
2564 1689 2918 1754 conveniret,
2955 1687 3051 1744 sed
3077 1687 3225 1758 quod
3252 1687 3507 1741 voluntas

1919 1796 2018 1837 sua
2043 1782 2392 1851 concepisset
2409 1824 2423 1847 ,
2447 1791 2741 1837 assereret.
2766 1780 2909 1847 Quid
2957 1795 3089 1849 ergo
3121 1777 3507 1834 calumnianti-

220 1868 495 1938 religiosis
554 1874 940 1944 pmjudieinm
1002 1848 1346 1947 comparare.
1401 1881 1531 1935 Fixa
1591 1889 1721 1936 sunt
1773 1896 1804 1935 a
1847 1848 1886 1904 Β
1915 1874 2021 1930 bus
2050 1889 2190 1945 opus
2222 1885 2341 1929 erat
2381 1884 2534 1929 extra
2569 1874 2902 1930 constitutos
2946 1870 3206 1926 Ecclesia:
3241 1869 3507 1925 terminos

218 1959 475 2016 Patribus
506 1980 632 2034 quae
664 1966 856 2023 ﬁdeles
885 1971 1082 2024 sectari
1115 1970 1355 2027 debeant
1382 1972 1663 2040 instituta;
1688 1973 1805 2030 sive

218 2054 640 2125 interpretatio.
690 2060 808 2115 sive
870 2063 1225 2132 praedicatio,
1272 2083 1372 2122 seu
1424 2069 1650 2124 verbum
1706 2084 1805 2140 pro

214 2148 400 2216 populi
434 2148 810 2207 aedificatione
842 2156 1247 2229 compositum,
1276 2160 1321 2214 si
1357 2176 1481 2215 cum
1516 2160 1619 2215 lide
1656 2170 1805 2217 recta

210 2245 265 2291 et
288 2237 555 2295 doctrina
586 2257 720 2298 sana
753 2236 1431 2315 concordat,‘adtnittitur
1462 2271 1475 2306 :
1508 2254 1554 2308 si
1586 2253 1803 2309 discor-

208 2325 318 2390 dat,
342 2327 631 2385 aboletur.
661 2332 843 2388 Unum
878 2345 964 2391 est
995 2335 1442 2405 fundamentum,
1468 2350 1621 2396 extra
1654 2342 1802 2410 quod

205 2419 472 2489 qualibet
519 2421 729 2479 fabrica
774 2425 820 2480 si
866 2429 1185 2500 consurgit,
1226 2431 1442 2485 infirma
1486 2444 1598 2497 est;
1636 2448 1804 2502 super

207 2509 339 2565 illud
371 2513 638 2582 quisquis
669 2516 1096 2586 supemdiﬁcat.
1122 2536 1217 2574 Seu
1253 2524 1382 2577 vilia
1418 2538 1514 2577 seu
1541 2523 1798 2593 pretiosa,

205 2604 549 2660 consideret.
578 2606 739 2661 Errat
767 2618 954 2666 autem
987 2611 1034 2665 is
1058 2613 1153 2682 qui
1186 2628 1220 2667 a
1245 2615 1352 2678 via,
1375 2631 1544 2683 quam
1573 2615 1799 2669 Patrum

206 2693 404 2749 electio
446 2700 802 2764 monstravit,
826 2702 1123 2758 exorbitat.

268 2785 387 2841 Nec
430 2791 617 2845 tamen
652 2791 999 2866 improbatur
1027 2795 1313 2868 diligentia
1346 2814 1444 2868 per
1482 2799 1657 2853 multa
1688 2799 1803 2854 dis-

206 2893 459 2946 currens,
484 2882 581 2935 sed
605 2883 826 2940 animus
850 2902 882 2940 a
916 2888 1151 2942 veritate
1194 2888 1499 2944 declinans.
1540 2889 1693 2960 Stepe
1730 2890 1801 2945 de

206 2970 292 3025 his
332 2976 661 3029 necessaria
714 2978 1064 3045 providctur,
1109 2980 1178 3036 de
1212 2981 1417 3052 quibus
1472 2982 1575 3052 ipsi
1615 2984 1799 3038 amuli

205 3062 622 3119 convincuntur
650 3107 667 3131 ,
700 3068 1015 3125 instructio.
1075 3070 1187 3126 Nec
1242 3072 1379 3128 vitio
1420 3072 1541 3128 dari
1619 3083 1799 3143 potest

1912 1967 2193 2038 porrigere
2238 1968 2568 2038 quaestiones
2607 1967 2719 2021 fet
2766 1966 2834 2022 de
2912 1965 2999 2020 bis
3062 1979 3185 2035 quae
3236 1961 3506 2017 habentur

1910 2060 2079 2125 dicta,
2108 2062 2265 2131 quasi
2294 2060 2438 2116 dicta
2462 2078 2569 2115 non
2595 2060 2729 2125 sint,
2747 2075 2972 2115 movere
2999 2056 3349 2113 certamina?
3376 2070 3502 2110 cum

1910 2150 2220 2209 Christiana
2272 2152 2406 2207 fides
2431 2152 2709 2206 canonicis
2735 2150 2915 2215 libris,
2935 2159 2990 2205 et
3037 2147 3389 2221 synodalibus
3423 2146 3507 2201 di-

1910 2243 2182 2313 sciplinis,
2212 2253 2269 2297 et
2295 2243 2517 2298 Patrum
2548 2241 2896 2313 regularibus
2940 2240 3285 2304 constitutis,
3321 2237 3504 2293 stabili

1910 2344 1963 2389 et
2012 2337 2344 2390 inconcusso
2386 2334 2606 2389 tramite
2638 2333 2929 2388 lintitetur.
2955 2333 3031 2387 De
3057 2332 3289 2385 arbitrio
3324 2340 3505 2385 tamen

1908 2427 2084 2482 libero
2107 2437 2163 2482 et
2188 2427 2359 2498 gratia
2393 2426 2657 2496 Dei,quid
2688 2426 2955 2490 Romana,
2978 2425 3084 2479 hoc
3111 2431 3214 2489 est,
3236 2422 3506 2478 catholica

1908 2527 2173 2588 sequatur
2191 2526 2247 2573 et
2284 2527 2470 2573 servet
2512 2516 2842 2590 [asseveret]
2874 2517 3290 2579 Ecclesia,licct
3313 2530 3380 2569 cx
3411 2530 3507 2568 va-

1909 2611 2009 2666 riis
2052 2610 2215 2665 libris
2238 2610 2384 2666 beati
2421 2610 2738 2681 Augustini,
2783 2618 2840 2665 ct
2864 2610 3103 2665 maxime
3131 2609 3199 2663 ad
3235 2608 3503 2663 Hilarium

1906 2713 1961 2758 et
1988 2702 2317 2772 Prosperum
2341 2743 2357 2767 ,
2387 2702 2608 2756 abunde
2637 2703 2810 2773 possit
2861 2702 3105 2774 agnosci,
3154 2708 3336 2755 tamen
3369 2699 3503 2754 etin

1908 2794 2134 2849 scriniis
2157 2794 2556 2851 ecclesiasticis
2579 2810 2840 2865 expressa
2864 2795 3103 2865 capitula
3122 2792 3501 2857 continentur,

1907 2904 2049 2957 quae,
2091 2887 2138 2942 si
2173 2887 2270 2941 tibi
2322 2887 2543 2951 desunt,
2589 2896 2644 2941 et
2690 2887 2999 2941 necessaria
3046 2885 3297 2947 creditis,
3336 2882 3506 2938 disti-

1907 2976 2184 3041 nabimus,
2228 2991 2541 3047 quanquam
2579 2977 2673 3047 qui
2726 2977 3023 3047 diligenter
3067 2975 3307 3045 Apostoli
3354 2975 3503 3028 dicta

1906 3068 2241 3133 considerat,
2278 3069 2412 3140 quid
2450 3069 2607 3140 sequi
2641 3069 2862 3135 debeat,
2904 3069 3194 3124 evidenter
3223 3074 3501 3136 agnoscat.

205 3168 369 3207 nosse
406 3154 561 3224 quod
603 3156 781 3228 fugias
809 3170 1014 3231 :atque
1044 3162 1170 3219 ideo
1192 3180 1303 3219 non
1331 3165 1576 3236 legentes
1602 3164 1802 3220 incon-
1833 3185 1876 3244 ο
1910 3161 2056 3216 Deus
2106 3171 2159 3216 te
2204 3161 2538 3216 incolumem
2591 3161 2888 3228 custodiat,
2938 3163 3111 3216 frater
3153 3159 3501 3215 charissime.

205 3258 341 3313 gnua
373 3245 433 3299 in
458 3247 683 3318 culpam
711 3250 965 3317 veniunt,
1002 3254 1096 3309 sed
1118 3266 1439 3325 sequentes.
1476 3256 1636 3323 Quod
1666 3258 1711 3310 si
1734 3257 1806 3311 ita

207 3349 313 3390 non
346 3346 525 3402 esset,
563 3354 847 3411 nunquam
880 3343 1081 3400 Doctor
1109 3346 1200 3403 ille
1219 3347 1465 3418 gentium
1500 3349 1809 3419 acquievis-

1915 3254 2112 3307 Datum
2148 3252 2335 3308 Idibus
2367 3252 2624 3325 Augusti,
2658 3253 2889 3308 Rustico
2938 3269 3001 3309 ac
3035 3251 3262 3322 Olybrio
3299 3263 3505 3305 consuo

1916 3345 2078 3400 libus.

246 3523 3491 3551 ._________________________________________________________________________________________

1074 3675 1735 3807 JOANNIS
1858 3677 2657 3806 MAXENTII

537 3932 688 4018 AD
760 3931 1441 4027 EPISTOLAM
1533 3934 2204 4027 HORMISDIE
2286 3934 2959 4030 RESPONSIO
3035 3919 3157 4026 (2).

272 4214 542 4282 Quamvis
564 4230 785 4287 semper
813 4216 1014 4274 invicta
1034 4228 1257 4275 maneat
1275 4220 1500 4285 veritas,
1521 4238 1805 4294 nunquam

204 4320 391 4365 tamen
423 4312 698 4366 adversus
740 4327 864 4366 eam
910 4328 972 4369 se
1006 4315 1263 4371 attollere
1307 4315 1517 4371 desinit
1573 4317 1803 4374 falsitas.

204 4401 269 4456 Et
309 4403 448 4472 quia
479 4411 673 4472 aperta
700 4402 882 4460 fronte
914 4415 1105 4461 contra
1136 4421 1261 4461 eam
1286 4421 1397 4461 non
1437 4416 1524 4463 est
1562 4423 1694 4463 ausa
1722 4426 1802 4464 as-

201 4509 473 4565 surgere,
497 4509 568 4549 ne
606 4510 729 4550 mox
766 4497 1126 4553 validissimis
1159 4498 1283 4569 ejus
1316 4499 1519 4569 jaculis
1559 4513 1805 4569 proster-

198 4595 395 4652 natur,
441 4585 623 4657 ipsius
654 4587 980 4645 adumbrata
1024 4590 1213 4661 specie
1232 4590 1510 4651 adversus
1565 4608 1689 4647 eam
1717 4593 1804 4647 di-

1907 4240 2006 4281 cos
2035 4228 2228 4279 insano
2251 4223 2684 4294 mentisjudicio
2709 4222 3023 4277 detractare
3045 4238 3169 4293 qua:
3192 4238 3322 4277 vera
3347 4235 3500 4293 sunt,

1907 4326 1964 4371 et
1987 4316 2294 4387 approbare
2331 4330 2454 4385 quae
2496 4331 2594 4369 sua
2631 4322 2781 4369 sunt.
2815 4314 2953 4367 Nam
2982 4329 3111 4367 cum
3150 4329 3260 4367 non
3291 4314 3363 4368 sit
3392 4315 3502 4366 vir-

1910 4417 2001 4463 tus
2038 4410 2197 4479 cujus
2222 4424 2332 4462 non
2369 4416 2456 4462 est
2481 4407 2641 4476 origo
2678 4405 2911 4471 veritas,
2950 4420 3052 4460 nec
3109 4405 3308 4459 vitium
3348 4404 3495 4473 quod

1910 4514 2020 4553 non
2048 4514 2078 4552 a
2112 4496 2404 4552 mendacio
2437 4496 2609 4551 sumit
2652 4495 2898 4557 initium,
2936 4494 3255 4547 nullatenus
3285 4496 3500 4546 veraci-

1913 4601 1997 4645 ter
2019 4591 2279 4651 vitiosum
2331 4602 2566 4659 arguere
2618 4600 2779 4656 posse
2808 4585 3123 4640 credendus
3159 4593 3245 4639 est
3303 4594 3503 4639 auctor

197 4677 394 4731 micat.
417 4678 602 4747 Atque
620 4678 693 4734 ita
715 4695 826 4735 non
853 4681 1034 4736 solum
1057 4653 1215 4736 leves
1229 4691 1287 4736 et
1305 4681 1580 4747 incautos,
1605 4699 1801 4738 verum
1840 4653 1882 4707 υ
1910 4691 1967 4737 ct
2001 4671 2260 4737 defensor
2298 4653 2594 4734 mendacii.
2618 4653 2702 4733 'Et
2732 4677 2858 4732 ideo
2892 4693 3003 4731 non
3044 4685 3131 4730 est
3181 4675 3381 4729 mirum
3401 4714 3417 4738 ,
3454 4674 3495 4728 si

194 4767 370 4823 etiam
402 4767 706 4837 aliquando
754 4771 1060 4841 prudentes
1078 4809 1097 4837 ς
1126 4780 1184 4828 et
1211 4790 1409 4843 graves
1443 4774 1654 4845 decipit
1679 4776 1803 4830 ani-

194 4858 357 4939 mos',
412 4874 558 4956 quos
609 4876 739 4917 cum
791 4863 910 4919 suis
960 4864 1272 4949 oppleverit
1328 4866 1607 4931 tenebris,
1658 4868 1808 4937 cogit

269 4969 338 5002 εν
368 4968 411 5023 ll
446 4968 592 5023 Tim.
623 4972 817 5033 nul-5.
866 4970 1168 5031 “lThess.
1195 4989 1249 5041 v,
1277 4972 1369 5029 ‘Zl.

1914 4772 2061 4842 apud
2105 4787 2204 4825 eos
2244 4770 2425 4824 virtus
2470 4777 2766 4838 repntetur
2799 4768 2854 4821 in
2904 4766 3125 4829 vitium,
3151 4766 3248 4835 qui
3278 4764 3501 4819 deserto

1917 4863 2128 4919 lumine
2161 4860 2434 4924 veritatis,
2454 4857 2686 4915 fallacia:
2712 4857 2934 4914 nebulis
2956 4857 3333 4913 obcmcantur.
3359 4854 3503 4910 Hinc

269 5084 351 5156 (ὁ)
373 5085 536 5155 Apud
567 5085 747 5140 Labb.
790 5100 803 5138 :
841 5086 1005 5141 Errat
1045 5096 1227 5140 autem
1256 5106 1289 5143 a
1320 5090 1432 5153 via,
1466 5090 1557 5160 qui
1581 5090 1647 5143 ab
1672 5106 1735 5142 eo
1752 5089 1893 5161 quod
1924 5089 2150 5144 Patrum
2184 5086 2393 5149 electio,
2418 5095 2525 5140 etc.

267 5196 352 5267 (2)
379 5196 587 5268 Quam,
613 5197 969 5268 impudenter
999 5198 1308 5254 Maxentius
1346 5201 1667 5268 mentiatur,
1699 5218 1796 5256 ne-

190 5283 344 5340 gans
378 5266 685 5340 Epistolatn
713 5267 781 5321 ad
802 5268 1185 5340 Possessorem
1207 5285 1332 5324 esse
1354 5266 1660 5325 llormisdte
1687 5272 1795 5326 lio-

194 5335 702 5411 r'naniuPontilicis,
733 5354 899 5407 quam
952 5339 1119 5408 impie
1150 5349 1469 5411 gauctorem
1533 5341 1793 5411 Epistula:

190 5407 445 5477 appellet
493 5405 841 5477 haereticu'm,
883 5405 1050 5477 quam
1082 5409 1425 5465 calumniose
1465 5405 1792 5466 Dioscorum

491 5475 655 5551 Sedis
682 5475 944 5548 legatum,
964 5479 1423 5551 etPossessot-em
1460 5482 1804 5551 episcopum,

188 5550 351 5603 viros
368 5546 581 5615 alioqui
608 5546 792 5602 claros
832 5556 889 5603 et
910 5548 1278 5612 orthodoxos,
1294 5548 1348 5603 in
1381 5546 1593 5606 crimen
1633 5546 1805 5607 luere;

192 5620 273 5693 sis
292 5616 649 5693 Nestorianaa
664 5618 1163 5693 accersa_t.qt_t_antis
1182 5619 1507 5693 mendaciis,
1522 5620 1799 5690 impostu-

191 5689 293 5750 τίς,
337 5687 643 5760 calumniis
674 5694 731 5741 et
776 5687 1107 5760 falsitatibus
1152 5687 1223 5742 sit
1261 5698 1376 5751 tota
1408 5689 1525 5745 luce.
1550 5687 1671 5760 ejus
1709 5707 1795 5746 re-

192 5757 429 5828 sponsio
460 5757 1087 5829 referta,quiEpistolas
1116 5761 1291 5817 Sancti
1324 5757 1626 5824 Hormisdie
1642 5773 1697 5816 et
1716 5762 1789 5816 le.

192 5836 456 5898 gatorum
488 5828 609 5896 ejus
635 5828 692 5883 in
711 5828 878 5886 causa
900 5828 1005 5884 ista
1023 5831 1424 5904 monachorum
1452 5831 1785 5901 Scytharum

1904 5201 2213 5271 inspexerit
2238 5200 2397 5256 facile
2427 5197 3050 5271 cunctadeprebendet.
3079 5196 3148 5251 Et
3166 5196 3294 5271 quia
3332 5193 3497 5252 nimis

1903 5266 2127 5342 longum
2152 5280 2297 5325 esset
2318 5286 2389 5342 ea
2421 5269 2609 5342 omnia
2640 5266 2741 5323 hic
2772 5267 3039 5331 inserere,
3075 5266 3498 5342 et__innu_meroa

1899 5335 2060 5396 dolos
2074 5340 2369 5425 .ilax‘entii‘
2387 5339 2668 5425 sigillatim
2698 5353 3028 5425 enumerare
3047 5337 3158 5425 ..ἐξ
3163 5337 3258 5399 ito,
3297 5335 3493 5425 legor,

1906 5421 2040 5467 tom.
2074 5412 2165 5467 Vll
2189 5410 2388 5466 Annal.
2417 5405 2799 5475 Eccles.,anno
2822 5406 3029 5463 Chr-isti
3056 5407 3179 5470 520,
3201 5421 3324 5475 cap.
3345 5405 3416 5458 25
3439 5415 3497 5460 et

1917 5482 2162 5552 scq.,ubi
2181 5482 2366 5536 omnia
2404 5488 2597 5552 exacte
2616 5479 2866 5551 exposita
2914 5479 3179 5552 reperies.
3219 5475 3489 5552 Quocirca

1913 5544 2052 5622 quae
2089 5553 2143 5606 in
2192 5566 2358 5622 causa
2404 5544 3495 5622 scytbarur'n_monachorutn__adversus

1908 5613 2211 5691 Epistolatn
2265 5613 2571 5676 Hormis'das
2621 5621 2686 5691 ad
2742 5618 3120 5691 Possessoretn
3186 5615 3493 5691 Maxentius

1904 5686 2151 5763 disserit,
2185 5690 2783 5763 tanquamﬁmendacta.
2815 5688 3003 5763 impia.
3030 5686 3370 5763 blaspbema,
3392 5699 3478 5739 ca-

1902 5760 2206 5832 lumniasa.
2234 5756 2472 5817 et-falsa'
2494 5801 2507 5827 ,
2543 5756 2907 5833 repudintda‘
2932 5762 3054 5830 jnt'c
3104 5756 3313 5826 Optimo
3355 5770 3491 5809 cen-

1896 5841 2107 5888 scnth.
