4200 6426
716 390 791 450 95
2002 376 2179 438 ῙΟᾹΝ
2191 376 2234 436 Ν
2249 376 2317 433 IS
2378 375 2752 440 MAXENTII
3910 375 3980 438 9‘3

717 502 957 569 denique
983 514 1079 553 eos
1108 513 1249 569 quos
1285 496 1351 551 ad
1396 495 1481 550 sui
1513 509 1723 549 CI‘I'OI‘IS
1760 492 2002 548 dedecus
2038 491 2301 544 inclinare
2332 491 2379 545 Α
2407 488 2475 541 ab
2509 490 2786 548 haereticis
2833 493 2979 561 ﬁcta,
3022 493 3118 565 qui
3162 491 3231 548 ad
3263 489 3675 549 conturbandos
3734 487 3997 545 fidelium

718 591 1094 661 nequiverint,
1130 587 1490 657 irreligiosos,
1515 584 1785 656 superbos
1803 593 1859 638 et
1889 582 2108 637 invidos
2134 598 2297 635 accu-

718 700 840 739 Sare
872 700 981 739 non
1006 691 1260 737 metuunt
1293 699 1305 733 :
1346 694 1471 735 cum
1493 677 1610 731 haec
1629 677 1698 731 de
1723 677 1832 730 illis
1866 676 2053 746 potius
2087 676 2301 745 integro

715 782 773 828 et
804 789 933 828 vero
973 780 1361 827 assevereutur
1402 768 1635 841 judicio,
1682 768 1777 836 qui
1806 767 2013 822 erroris
2059 768 2303 821 tenebris

718 865 1085 929 delectantur,
1122 878 1235 917 non
1258 863 1326 917 de
1359 861 1468 914 illis
1497 858 1593 929 qui
1621 857 1745 912 lixis
1775 869 2104 927 permanent
2123 857 2177 911 in
2214 874 2305 912 ve-

720 957 881 1009 ritate
924 955 1191 1026 vestigiis.
1224 955 1360 1010 Nam
1394 972 1520 1011 cum
1558 973 1672 1012 sua:
1718 950 2093 1022 perversitatis
2127 951 2305 1005 haere-

722 1044 1194 1113 ticinequiveriut
1251 1044 1479 1099 reddere
1533 1045 1843 1106 rationem,
1893 1042 1962 1095 ad
2013 1039 2304 1094 maledicta

721 1142 1155 1197 convertuntur.
1198 1143 1255 1190 et
1298 1135 1520 1204 propria
1553 1135 1609 1189 in
1631 1150 1729 1190 eos
1760 1134 1901 1187 mala
1942 1130 2306 1201 trajicientes,

721 1241 863 1295 quos
893 1225 1149 1295 pravitati
1190 1240 1304 1280 sua:
1347 1226 1599 1281 sentiunt
1640 1224 1915 1289 inimicos,
1950 1224 2161 1277 aditum
2199 1221 2304 1277 sibi

720 1332 822 1387 per
842 1317 947 1371 hoc
968 1317 1037 1370 ad
1068 1316 1432 1386 decipiendos
1464 1318 1744 1389 simplices
1770 1318 2045 1371 aestimant
2065 1315 2304 1385 aperire.

723 1404 907 1473 Agunt
928 1406 1077 1460 enim
1115 1408 1298 1462 omnia
1325 1408 1523 1463 callide
1545 1424 1657 1478 quo
1689 1407 2004 1462 iufamando
2029 1416 2085 1462 et
2118 1407 2307 1460 obtre-

724 1491 924 1546 ctando
952 1492 1289 1560 Catholicos,
1342 1512 1498 1551 suam
1528 1497 1749 1552 valeant
1786 1505 1973 1551 tenere
2003 1495 2307 1565 turpitudi—

725 1598 873 1647 nem,
906 1583 1175 1653 fingentes
1208 1588 1375 1641 etiam
1401 1587 1670 1643 adversus
1697 1603 1794 1643 eos
1820 1587 2069 1657 quaedam
2100 1588 2307 1657 scripta

722 1673 827 1729 sub
865 1690 1059 1729 eorum
1110 1677 1335 1732 nomine
1393 1678 1487 1748 qui
1520 1678 1780 1733 videntur
1805 1677 1860 1733 in
1886 1676 2131 1733 Ecclesia
2166 1677 2306 1732 emi-

723 1781 878 1830 ttere,
909 1774 1186 1836 quatenus
1237 1769 1486 1823 omnium
1519 1769 1735 1824 animos
1768 1778 1959 1824 contra
2004 1768 2108 1824 hos
2149 1768 2306 1822 facile

723 1859 945 1913 valeant
989 1861 1291 1915 concitare.
1340 1860 1720 1932 Quapropter,
1764 1862 2024 1931 quoniam
2052 1859 2301 1931 qutedam

722 1949 903 2004 fertur
923 1950 993 2006 ab
1019 1951 1261 2009 inimicis
1286 1953 1494 2023 ubique
1512 1954 1779 2024 Epistola,
1812 1953 1969 2023 quasi
1996 1968 2025 2007 a
2057 1953 2306 2007 Romano

721 2041 984 2111 episcopo
1020 2042 1316 2108 destinata,
1353 2045 1410 2098 in
1466 2060 1577 2114 qua
1615 2045 1787 2099 multa
1829 2046 2069 2099 inaniter
2112 2053 2306 2100 contra

724 2130 1052 2204 Scytharum
1087 2134 1388 2190 monachos
1410 2135 1621 2206 digesta
1650 2136 2024 2205 reperiuntur,
2050 2150 2307 2189 necessa-

724 2221 811 2276 rio
838 2222 1186 2278 consideravi
1217 2223 1391 2293 ipsius
1436 2224 1695 2293 Epistola:
1737 2223 1902 2279 dictis
1944 2223 2301 2292 respondere,

723 2313 1064 2385 eosdemque
1098 2316 1401 2370 monachos
1429 2315 1677 2369 omnium
1707 2315 2024 2386 hujusmodi
2054 2316 2212 2384 culpa
2237 2313 2306 2367 li-

725 2405 892 2461 beros
935 2405 1268 2477 approbare.
1321 2406 1433 2461 Nec
1463 2422 1549 2461 me
1580 2406 1815 2476 quilibet
1842 2406 1949 2461 rite
1988 2406 2189 2476 arguit,
2237 2404 2306 2458 ad

723 2495 1085 2550 scribendum
1138 2512 1241 2567 pro
1283 2497 1363 2551 eis
1397 2497 1591 2551 leviter
1619 2496 1964 2566 prosiluisse,
1998 2511 2124 2550 cmn
2168 2496 2309 2549 sciat

726 2603 828 2642 nos
841 2586 1120 2644 debitores
1130 2603 1253 2642 esse
1274 2604 1375 2658 pro
1385 2587 1650 2642 fratribus
1661 2588 1830 2642 etiam
1847 2587 2060 2641 animas
2074 2601 2307 2656 ponere.

795 2680 951 2736 Unde
979 2696 1210 2736 securus
1243 2681 1355 2752 jam
1400 2681 1551 2736 hunc
1578 2681 1846 2745 laborem,
1877 2681 1989 2735 Deo
2024 2694 2113 2733 me
2145 2677 2310 2749 adju-

726 2778 891 2824 vante
915 2811 929 2834 ,
962 2771 1311 2841 aggrediens,
1341 2773 1521 2841 primo
1550 2772 1782 2827 obsecro
1820 2787 1891 2825 an
1953 2771 2146 2825 eadem
2178 2772 2308 2841 Epi-

726 2855 870 2910 stula
897 2872 928 2911 a
967 2857 1193 2913 Pastore
1233 2858 1513 2924 Ecclesiae,
1546 2875 1616 2914 an
1652 2859 1724 2914 sit
1746 2858 1931 2930 potius
1955 2859 2026 2913 ab
2066 2860 2308 2915 inimicis

726 2947 1035 3016 videamus,
1060 2951 1388 3020 composita.
1429 2951 1661 3022 Ambigo
1687 2953 1836 3007 enim
1882 2953 2159 3022 quomodo
2198 2953 2306 3008 illa:

727 3038 1101 3095 sacerdotales
1144 3041 1345 3096 littera:
1387 3041 1759 3112 approbandae
1802 3043 1940 3107 sint,
1985 3058 2108 3112 quae
2152 3043 2305 3096 nulla

726 3128 852 3183 luce
895 3128 1116 3183 radiant
1147 3130 1419 3195 veritatis,
1456 3147 1559 3185 nec
1593 3130 1833 3201 aliquam
1866 3130 1922 3185 in
1950 3146 2009 3186 se
2038 3131 2306 3188 doctrina!

729 3221 1023 3276 continent
1057 3222 1349 3279 rationem.
1403 3224 1537 3278 Nam
1568 3224 1661 3293 qui
1691 3224 1998 3293 quemlibet
2024 3223 2180 3294 quasi
2217 3239 2310 3278 er-

730 3319 944 3364 rantem
977 3311 1251 3382 objurgat,
1299 3327 1402 3367 nec
1445 3314 1676 3369 instruit
1703 3313 1835 3383 quid
1878 3323 2164 3384 sequatur,
2201 3329 2312 3369 non

732 3399 1038 3455 benevolus
1061 3402 1260 3457 doctor
1300 3403 1640 3469 ostenditur,
1662 3413 1666 3417 '
1690 3404 1785 3458 sed
1813 3404 2202 3458 incriminator
2238 3404 2315 3457 in-

732 3491 897 3547 vidus
939 3492 1261 3548 denotatur.
1296 3494 1454 3551 Unde
1503 3511 1613 3550 non
1650 3504 1736 3549 est
1782 3494 1943 3551 facile
1976 3495 2314 3549 credendum

733 3582 878 3638 hanc
900 3599 1021 3639 esse
1054 3584 1358 3654 Epistolam
1407 3587 1567 3657 cujus
1615 3585 1790 3641 fertur
1818 3587 2039 3642 nomine
2075 3588 2313 3651 titulala,

732 3674 1038 3744 praesertim
1093 3690 1219 3729 cum
1272 3676 1329 3729 in
1359 3691 1424 3730 ea
1446 3676 1606 3738 nihil,
1638 3684 1701 3730 ut
1733 3674 1977 3731 diximus
2006 3717 2020 3740 ,
2086 3676 2320 3731 rationis

732 3775 828 3821 aut
846 3768 1259 3835 consequentia:
1282 3768 1610 3837 reperiatur,
1635 3767 1733 3822 sed
1770 3777 1881 3822 tota
1916 3768 2320 3823 criminationi-

735 3858 842 3912 bus
862 3858 1476 3929 obtrectationibusque
1514 3861 1670 3915 vanis
1714 3860 1856 3932 (qua:
1880 3861 2063 3915 solent
2089 3876 2157 3915 ex
2192 3876 2317 3915 ran-

732 3965 861 4005 core
876 3950 1224 4006 adversantis
1245 3952 1547 4021 procedere
1585 3953 1778 4018 animi)
1807 3953 2063 4008 videatur
2089 3951 2312 4007 referta.

734 4042 869 4095 Nam
903 4041 948 4096 si
983 4042 1066 4111 (ut
1090 4043 1335 4097 haeretici
1366 4043 1581 4116 volunt)
1605 4060 1735 4099 vere
1759 4045 1933 4114 ipsius
1966 4053 2073 4109 est,
2104 4060 2169 4098 ex
2198 4044 2317 4114 ipso

734 4138 819 4191 sui
856 4137 1131 4207 principio
1156 4140 1383 4209 proprio
1419 4140 1633 4194 auctori
1659 4141 1937 4196 contraria
1973 4141 2195 4211 penitus
2217 4157 2315 4209 ap-

735 4234 1207 4305 probat.Denique
1233 4233 1307 4288 ita
1332 4234 1525 4304 incipit
1549 4252 1561 4287 :
1588 4253 1606 4284 ι
1634 4234 1790 4288 Sicut
1814 4234 2016 4289 rationi
2067 4235 2320 4304 congruit

736 4337 796 4381 ut
827 4328 1124 4382 consulant
1172 4326 1538 4395 ambigentes,
1586 4326 1660 4379 ita
1708 4342 1806 4395 par
1851 4334 1938 4381 est
1983 4326 2317 4395 respondere

733 4420 1018 4475 consultos
1038 4459 1053 4480 .
1099 4419 1227 4489 quia
1273 4418 1389 4489 ipse
1418 4417 1649 4487 impellit
1674 4418 1728 4472 in
1760 4434 2033 4483 errorem,
2080 4419 2175 4488 qui
2207 4433 2315 4471 non

2399 582 2634 649 animos,
2666 594 2722 639 et
2760 584 2827 639 ad
2873 582 3329 641 commovendam
3361 589 3665 638 memorato
3694 582 3813 636 viro
3839 581 3984 635 invi-

2399 674 2567 739 diam,
2598 677 2772 754 ipsam
2797 678 2902 732 sub
2928 678 3048 747 ejus
3070 677 3296 731 nomine
3323 676 3596 731 titulatam
3619 674 3825 743 ubique
3852 688 3985 744 pro~

2398 765 2610 831 ferunt,
2672 776 2994 838 perpetuam
3040 771 3289 825 volentes
3337 766 3485 822 inter
3530 766 3809 822 Ecclesias
3854 780 3982 819 esse

2400 853 2756 912 discordiam.
2798 859 3058 929 Alioquin
3106 859 3152 913 si
3206 859 3305 930 (ut
3354 857 3444 913 isti
3499 855 3812 924 allirmant)
3865 855 3987 908 haec

2402 945 2633 1000 Romani
2656 946 2900 1017 episcopi
2936 949 3138 1018 scripta
3174 948 3453 1004 credenda
3484 947 3831 1018 sunt,qualis
3868 947 3984 1016 jam

2402 1037 2505 1093 iste
2540 1039 2614 1095 sit
2635 1040 2728 1109 qui
2762 1040 2829 1095 ad
2849 1040 3139 1096 haereticos
3163 1040 3463 1112 Epistolam
3498 1039 3707 1110 dirigit,
3732 1048 3790 1093 et
3824 1037 3987 1092 factis

2402 1128 2518 1184 suis
2546 1132 2820 1186 contraria
2849 1133 3096 1188 scribere
3135 1147 3245 1186 non
3269 1130 3657 1194 confunditur,
3684 1144 3793 1183 non
3817 1131 3929 1200 jam
3957 1146 3985 1181 a

2405 1238 2491 1277 me
2522 1224 2647 1278 volo
2676 1235 2907 1294 quaerat,
2931 1224 3025 1280 sed
3047 1223 3496 1296 propriojudicio
3537 1221 3785 1292 prudens
3811 1220 3995 1273 lector

2407 1312 2696 1385 intelligat.
2724 1315 2857 1370 Nam
2889 1316 2957 1380 si,
2986 1326 3047 1370 ut
3069 1316 3224 1382 dicit,
3255 1317 3454 1371 rationi
3480 1315 3736 1386 congruit
3759 1329 3984 1384 respou.

2406 1405 2537 1460 dere
2567 1407 2872 1473 consultos,
2902 1423 3003 1462 cur
3034 1411 3149 1478 ipse
3188 1408 3506 1462 nullatenus
3544 1406 3821 1477 acquievit
3852 1406 3987 1458 dare

2408 1515 2738 1570 responsum
2787 1501 3201 1573 interrogatus?
3281 1501 3452 1563 Unde.
3491 1502 3646 1572 juxta
3707 1498 3990 1568 propriam

2408 1588 2810 1656 definitionem,
2835 1589 2949 1661 ipse
2978 1591 3293 1661 ignorantes
3309 1590 3526 1661 plenius
3550 1589 3835 1659 impulisse
3862 1605 3994 1642 eou-

2410 1682 2652 1739 vincitur
2682 1683 2736 1737 in
2769 1698 3041 1747 errorem,
3074 1684 3167 1753 qui
3192 1683 3326 1738 recti
3363 1682 3604 1736 tramitis
3641 1681 3845 1735 indicia
3869 1681 3996 1733 nul-

2410 1776 2631 1831 latenus
2653 1775 2929 1845 acquievit
2972 1773 3391 1844 requirentibus
3422 1774 3825 1835 demonstrare,
3863 1787 3995 1826 eos-

2413 1881 2522 1935 que
2546 1881 2687 1935 quos
2719 1867 2931 1936 legatus
2991 1881 3127 1920 suus
3168 1865 3463 1920 Dioscorus
3503 1862 3839 1918 Nestorianre
3865 1876 3997 1930 per-

2415 1959 2557 2014 fidite
2577 1959 2789 2029 laqueis
2813 1958 3166 2028 compedivit,
3190 1957 3388 2012 Filium
3420 1956 3515 2010 Dei
3546 1970 3713 2009 unum
3745 1953 3998 2022 negando

2413 2067 2533 2106 csse
2558 2066 2626 2105 ex
2647 2059 2836 2106 sancta
2864 2059 2921 2105 et
2948 2049 3231 2104 individua
3255 2048 3547 2111 Triuitate,
3582 2045 3733 2100 nullo
3754 2043 3998 2099 salubris

2413 2138 2678 2193 doctrina:
2709 2138 2971 2209 suﬂ‘ragio
3012 2139 3268 2192 liberare.
3300 2137 3532 2199 Rursus,
3563 2135 3630 2198 si,
3663 2141 3723 2188 ut
3757 2148 4002 2202 sequens

2413 2228 2685 2299 adjunxit,
2719 2229 2857 2282 nihil
2891 2237 2977 2282 est
3002 2228 3185 2298 aptius
3215 2226 3465 2282 studioso
3496 2223 3799 2294 religionis,
3829 2236 3999 2291 quam

2416 2320 2702 2389 inquisitio
2725 2319 2996 2382 veritatis,
3026 2317 3304 2389 quomodo
3340 2315 3572 2371 inferius
3599 2327 3865 2368 novarum
3894 2327 4001 2366 cu-

2413 2412 2573 2481 pidos
2592 2411 2958 2480 qurstionum
2985 2415 3208 2463 accusat
3231 2406 3485 2461 veritatis
3507 2403 3871 2474 inquisitores
3892 2401 3917 2453 ?
3943 2409 4005 2455 et

2413 2503 2457 2557 si
2483 2503 2641 2556 devia
2663 2501 2801 2555 vitat
2829 2501 2911 2569 (ut
2942 2500 3099 2571 dicit)
3129 2501 3221 2570 qui
3259 2500 3363 2553 iter
3401 2513 3499 2567 per
3558 2495 3705 2566 quod
3751 2495 4004 2565 graditur

2415 2604 2590 2663 rugat,
2613 2609 2712 2649 cur
2728 2593 2887 2648 devia
2904 2594 3078 2647 vitare
3098 2592 3367 2653 volentes,
3395 2590 3498 2643 iter
3514 2604 3614 2658 per
3633 2586 3781 2660 quod
3803 2586 4006 2657 grade-

2415 2695 2627 2751 rentur,
2653 2684 3120 2740 noluitedocere?
3153 2685 3232 2738 An
3256 2684 3398 2738 forte
3424 2682 3538 2736 illis
3571 2681 3696 2735 ideo
3733 2679 3867 2735 dare
3901 2695 3999 2734 re-

2414 2794 2677 2847 sponsum
2718 2777 3000 2832 distulisse
3044 2775 3358 2831 credendus
3384 2786 3491 2841 est,
3524 2775 3619 2845 qui
3645 2773 4001 2843 percontanti

2414 2871 2469 2923 in
2498 2869 2603 2924 hac
2630 2868 2922 2939 pollicetur
2941 2868 3185 2938 Epistola
3209 2866 3564 2937 respondere,
3585 2867 3712 2936 quia
3731 2880 3842 2919 sua:
3868 2862 4002 2919 fidei

2411 2977 2508 3016 eos
2524 2959 2941 3030 judicavitYSed
2965 2967 3148 3014 utrum
3175 2959 3248 3013 ita
3270 2958 3424 3013 sitde
3449 2959 3697 3013 Romano
3716 2956 4004 3025 episcopo,

2412 3066 2515 3105 suo
2544 3049 2859 3105 videbimus
2908 3049 3053 3104 loco.
3103 3049 3262 3104 Nunc
3295 3058 3446 3103 certe
3497 3056 3783 3102 auctorem
3831 3046 4009 3117 hujus

2412 3142 2670 3211 Epistolas
2691 3140 3009 3196 luereticum
3045 3156 3188 3207 esse,
3210 3139 3463 3211 quisquis
3487 3140 3576 3193 ille
3597 3148 3701 3202 est,
3731 3149 3787 3193 et
3813 3137 4005 3192 inimi-

2414 3250 2538 3288 cum
2591 3233 2881 3288 catholicae
2910 3232 3165 3287 veritatis
3193 3274 3206 3297 ,
3255 3247 3366 3286 non
3399 3240 3483 3285 est
3520 3229 3751 3284 dubium
3779 3269 3794 3293 ,
3842 3227 3999 3298 quod

2415 3342 2541 3380 mox
2575 3342 2642 3380 ex
2680 3326 2856 3396 ipsius
2885 3325 3052 3380 dictis
3080 3324 3407 3380 docebimus

2483 3417 2730 3486 Denique
2753 3418 2829 3472 ita
2858 3417 3111 3486 sequitur
3147 3433 3161 3468 :
3193 3435 3212 3466 ι
3263 3415 3369 3469 Sed
3401 3414 3717 3483 priusquam
3766 3429 4005 3482 respon-

2417 3509 2583 3564 dendi
2630 3526 2820 3564 curam
2851 3510 2920 3564 de
2965 3509 3054 3564 his
3080 3524 3202 3578 qua:
3227 3507 3453 3563 dilectio
3507 3516 3600 3560 tua
3642 3512 4005 3575 percontatur

2415 3600 3049 3669 aggrediar,libentcrin
3075 3598 3399 3653 lilteristuis
3426 3597 3551 3651 fidei
3580 3608 3687 3651 tua:
3711 3611 3799 3651 me
3824 3596 4008 3650 fateor

2419 3693 2695 3747 invenisse
2730 3692 3025 3755 fervorem,
3045 3692 3203 3762 cujus
3225 3691 3409 3745 calore
3437 3702 3760 3749 succensus.
3791 3688 4001 3741 redivi-

2417 3800 2539 3838 vam
2576 3785 2630 3838 in
2665 3785 2772 3838 illis
2812 3785 3065 3854 partibus
3107 3782 3419 3837 infidelium
3459 3782 3885 3852 perversitatem
3919 3782 4003 3835 vi-

2416 3889 2544 3944 gere
2580 3874 2844 3943 suspiras.
2902 3873 3269 3943 Dignissimus
3297 3871 3480 3932 dolor.
3521 3871 3615 3941 qui
3651 3870 3838 3925 dedita
3886 3870 4006 3926 Deo

2416 3967 2583 4021 corda
2618 3968 2933 4021 contristat.
2988 3965 3100 4020 Nec
3144 3966 3294 4020 enim
3341 3974 3429 4019 est
3462 3963 3608 4034 apud
3662 3978 3761 4018 eos
3814 3964 4007 4033 lapsus

2419 4056 2848 4119 illamcutabilis,
2888 4054 3034 4126 apud
3067 4070 3205 4125 quos
3240 4062 3324 4109 est
3364 4053 3641 4125 igniculus
3693 4053 4005 4115 charitatis,

2417 4149 2546 4217 quia
2569 4165 2739 4203 unum
2781 4149 3113 4218 spiritalium
3146 4157 3330 4201 votum
3366 4155 3449 4200 est
3495 4147 3646 4201 salus
3674 4145 4006 4201 inconcussa

2417 4248 2794 4307 cunctorum,s
2819 4239 3227 4295 Catholieorum
3257 4248 3422 4308 atque
3454 4237 3717 4293 fidelium.

2488 4332 2546 4385 ln
2593 4331 2697 4384 hac
2746 4331 2903 4395 urbe,
2928 4346 3122 4385 eorum
3152 4330 3420 4384 duntaxat
3466 4329 3559 4398 qui
3631 4343 3762 4383 vere
3811 4327 4010 4385 ﬁdeles

2418 4430 2567 4485 sunt,
2590 4421 2819 4491 ambigit
2848 4435 3032 4484 nemo,
3076 4421 3484 4481 Possessorem.
3526 4419 3595 4474 ad
3639 4433 3806 4489 quem
3839 4426 3897 4473 et
3933 4420 4005 4474 de

736 4509 961 4565 instruit
986 4512 1383 4581 ignorantem.»
1406 4510 1816 4563 Doctoriscerte
1846 4508 1993 4563 dicta
2019 4508 2177 4571 factis
2191 4512 2312 4579 ejus
2343 4508 2390 4564 D
2416 4529 2528 4584 quo
2552 4514 2670 4568 haec
2702 4514 2805 4568 iste
2837 4514 3051 4576 scribit,
3080 4528 3188 4567 non
3213 4514 3391 4567 solum
3414 4527 3526 4566 non
3561 4510 3813 4566 conﬁteri
3834 4510 4007 4566 Chri-

735 4618 848 4657 nou
873 4602 1078 4656 debent
1125 4617 1247 4657 esse
1277 4601 1574 4656 contraria.
1606 4600 1743 4667 Quia
1775 4610 1908 4653 tunc
1952 4616 2203 4670 magnam
2243 4600 2312 4653 ad

735 4692 1046 4747 docendum
1078 4692 1384 4762 probantur
1416 4691 1620 4745 habere
1655 4692 2067 4751 auctoritatem,
2090 4690 2314 4760 quando

737 4783 974 4839 invicem
994 4799 1052 4838 se
1076 4799 1187 4837 non
1215 4783 1530 4838 destruunt.
1565 4783 1822 4851 Alioquin
1859 4798 1963 4835 non
1987 4782 2051 4835 ad
2078 4784 2313 4836 aliorum

738 4875 1162 4939 instructionem
1191 4873 1505 4944 proficiunt,
1559 4874 1655 4928 sed
1699 4874 1783 4927 sui
1813 4874 2001 4943 potius
2038 4874 2314 4928 confusio~

736 4982 863 5021 nem
895 4966 1297 5021 demonstrant.
1318 4964 1473 5032 Quod
1501 4964 1787 5018 monachis
1810 4977 2135 5031 responsum
2163 4978 2314 5031 qua:-

738 5056 1012 5117 rentibus,
1050 5056 1334 5109 [lomanus
1376 5053 1672 5124 episcopus
1704 5052 1835 5106 dare
1866 5053 2092 5107 omnino
2133 5052 2313 5107 distu-

735 5149 884 5212 lerit,
909 5146 1242 5215 eosdemque
1273 5155 1397 5215 post
1428 5146 1597 5200 multa
1633 5145 1800 5198 maris
1832 5144 2106 5214 pericula,
2139 5144 2315 5215 longi-

734 5254 844 5308 que
879 5237 1098 5292 itineris
1116 5237 1482 5299 vcxationcm,
1513 5252 1617 5291 nec
1638 5251 1747 5289 non
1773 5237 1940 5290 etiam
1960 5234 2315 5289 alllictionem

736 5328 932 5398 prolixi
974 5327 1258 5397 temporis,
1286 5342 1397 5396 quo
1425 5341 1521 5381 eos
1544 5325 1687 5395 apud
1732 5339 1790 5380 se
1825 5324 2086 5389 detinuit,
2114 5339 2317 5379 vacuos

735 5430 792 5475 et
810 5421 929 5473 sine
962 5421 1074 5474 ullo
1090 5419 1291 5473 cll‘ectu
1316 5419 1383 5473 ad
1410 5419 1510 5473 has
1532 5428 1715 5487 partes
1736 5418 1928 5470 venire
1959 5418 2313 5486 compulerit,

734 5506 882 5577 quod
926 5508 1187 5561 omnibus
1214 5522 1354 5577 pene
1381 5505 1679 5561 Catholicis
1707 5514 1898 5560 notum
1941 5514 2046 5571 est,
2081 5522 2183 5561 nec
2213 5508 2313 5576 ipsi

733 5606 946 5666 queunt
994 5597 1236 5653 haeretici
1263 5598 1537 5668 denegare
1567 5640 1581 5662 ,
1623 5597 1903 5668 quomodo
1942 5613 2049 5651 non
2077 5598 2183 5653 sibi
2214 5598 2314 5667 ipsi

736 5690 1011 5759 reperitur
1038 5689 1091 5744 iu
1115 5690 1215 5744 hac
1233 5691 1475 5760 Epistula
1501 5690 1663 5762 550
1679 5690 1968 5760 scripsisse
1999 5690 2318 5744 contraria?

738 5783 781 5837 si
819 5790 997 5837 tamen
1030 5799 1140 5838 non
1180 5792 1257 5838 cst
1294 5783 1459 5853 (quod
1494 5781 1675 5854 'magis
1710 5783 2045 5838 credendum
2080 5784 2315 5853 testium)

2420 4617 2567 4660 stum
2602 4606 2801 4661 Filium
2830 4606 2926 4660 Dei
2957 4606 3067 4660 vivi
3098 4621 3269 4659 unum
3293 4621 3360 4660 ex
3392 4605 3678 4659 individua
3706 4605 4005 4667 Trinitate,

2420 4699 2514 4752 sed
2543 4707 2600 4751 et
2631 4698 2912 4752 adversari
2936 4698 3020 4753 eis
3034 4698 3127 4768 qui
3157 4698 3262 4752 hoc
3291 4697 3622 4752 liducialiter
3642 4696 4004 4763 conﬁtentur,

2421 4796 2587 4856 atque
2616 4786 2865 4842 inﬁdeles
2893 4795 2951 4841 et
2982 4788 3225 4856 perfidos
3268 4784 3505 4840 nefanda
3538 4799 3802 4839 accusare
3827 4793 4007 4840 teme-

2422 4879 2602 4930 ritate.
2642 4876 2797 4932 Unde
2830 4875 3069 4946 denique
3122 4875 3189 4930 ad
3241 4876 3347 4930 hoc
3395 4875 3606 4943 ubique
3648 4874 3792 4928 hanc
3828 4873 4010 4944 ipsam

2421 4966 2775 5034 impudenter
2803 4965 3092 5035 proferunt
3113 4964 3437 5035 Epistolam,
3465 4973 3741 5034 quatenus
3760 4971 3817 5018 et
3845 4963 4003 5019 Chri-

2422 5067 2542 5111 stus
2572 5057 2745 5111 Filius
2767 5057 2863 5110 Dei
2886 5072 3030 5111 unus
3065 5065 3295 5125 negetur
3326 5071 3448 5110 esse
3480 5072 3547 5109 ex
3568 5065 3758 5110 sancta
3792 5063 3847 5108 et
3889 5064 4003 5108 ter,

2424 5147 2569 5200 ribili
2605 5146 2967 5209 Triuitate,et
2990 5145 3311 5200 Nestoriana
3346 5145 3637 5215 pravitasa
3668 5145 3783 5197 suis
3829 5144 3997 5197 fault»

2424 5239 2580 5292 ribus
2610 5239 2782 5292 libere
2815 5237 2993 5292 valeat
3009 5237 3316 5305 praedicari.
3338 5237 3473 5303 Quis
3497 5252 3628 5305 ergo
3654 5236 3764 5305 jam
3786 5235 4007 5291 dubitet

2424 5330 2589 5393 hunc,
2610 5329 2703 5399 qui
2725 5343 2783 5383 se
2811 5326 3118 5398 bujusfidei
3151 5326 3419 5380 fervorem
3438 5325 3675 5379 libenter
3694 5325 3748 5378 iu
3768 5326 3888 5395 ejus
3912 5324 4005 5378 lit-

2426 5420 2559 5474 teris
2590 5419 2865 5472 invenisse
2903 5425 3165 5481 testatur,
3207 5431 3378 5470 unum
3410 5432 3476 5471 ex
3526 5429 3720 5469 eorum
3768 5430 4011 5469 numero

2423 5527 2545 5566 esse
2587 5512 2682 5579 qui
2715 5509 2846 5563 huic
2863 5520 3065 5564 sancta:
3089 5508 3377 5562 sententiae
3400 5507 3567 5577 impie
3584 5506 4011 5562 contradicunt?

2424 5603 2676 5672 Suspirat
2710 5617 2945 5671 namque
2965 5600 3109 5655 idem
3144 5601 3450 5663 l‘ossessor,
3476 5615 3584 5653 non
3612 5599 3736 5654 fidei
3765 5600 3847 5669 (ut
3901 5598 4009 5653 iste

2424 5691 2715 5756 dicit),sed
2760 5694 2844 5760 (ut
2877 5691 3079 5746 veritas
3116 5689 3301 5759 docet)
3357 5690 3621 5744 hterctico
3654 5691 3837 5743 calore
3877 5705 4010 5745 suc-

2428 5799 2668 5849 census;
2706 5797 2806 5837 nec
2834 5780 2961 5851 quia
3009 5780 3313 5835 inﬁdelium
3356 5780 3774 5850 perversitatem
3816 5780 4007 5849 vigere
