4200 6426
177 398 240 460 97
1072 393 1170 452 AD
1213 388 1630 449 EPISTULA.“
1691 384 2106 447 IIORMISDJS
2149 384 2588 444 [{ESI‘HV’SIO.
3381 387 3453 452 93

178 522 228 560 m
260 503 348 556 his
410 502 584 566 videt,
624 501 720 555 sed
771 502 901 570 quia
942 502 1183 556 ﬁdelium
1241 500 1576 553 assertiones
1628 498 1770 550 ferre
1803 504 1842 557 Α
1876 506 2200 559 amatorem,
2236 496 2280 547 si
2316 497 2367 548 in
2413 495 2572 548 malis
2599 492 2864 562 operibus
2895 504 3274 559 conversetur,
3306 498 3450 558 inter

177 609 280 649 non
303 601 515 661 potest,
535 591 852 660 ingemiscit
886 610 898 643 :
933 590 1078 644 unde
1113 591 1225 660 jam
1253 605 1363 642 non
1390 587 1767 655 dignissimus,

177 685 267 738 sed
314 683 478 736 valde
519 683 882 752 turpissimus
915 682 1076 736 dolor
1126 681 1319 734 talium
1354 677 1768 746 comprobatur,

177 773 265 840 qui
304 787 420 826 non
456 773 594 834 Deo,
618 771 716 826 sed
734 773 916 826 errori
937 770 1124 825 dedita
1145 769 1311 823 corda
1338 767 1580 821 ﬁdelium
1603 781 1773 819 aemu-

179 864 384 916 latione
418 862 736 917 contristat.
769 861 1045 932 Nec‘apud
1075 876 1173 915 eos
1193 857 1775 927 charitatisigniculus

182 953 419 1006 inveniri
445 968 609 1021 posse
631 951 947 1006 credendus
963 959 1070 1012 est,
1099 950 1192 1021 qui
1208 949 1496 1019 pravitatis
1521 964 1634 1002 sum
1661 963 1776 1001 ma-

180 1044 296 1096 litia
321 1043 612 1106 exaecati,
649 1043 835 1112 lapsos
866 1051 922 1096 et
961 1040 1345 1095 lamentabiles
1401 1037 1647 1092 indicant
1681 1051 1778 1091 eos

181 1137 272 1203 qui
313 1134 493 1187 armis
535 1133 826 1187 catholica:
860 1132 1110 1185 veritatis
1161 1130 1439 1194 instructi,
1480 1126 1776 1183 hmretico-

185 1237 302 1275 rum
343 1222 572 1275 inimica
614 1223 914 1276 destruunt
965 1231 1309 1290 argumenta.
1353 1221 1537 1284 Quare
1585 1234 1777 1272 revera

186 1331 354 1368 unum
379 1315 721 1384 spiritalium
741 1355 756 1380 ,
781 1329 890 1367 non
915 1325 1099 1368 autem
1137 1313 1553 1375 haereticorum.
1589 1319 1777 1366 votum

184 1416 264 1458 est
295 1406 448 1460 salus
473 1407 804 1459 inconcussa
837 1414 1184 1458 cunctorum.

255 1499 385 1550 Post
406 1498 524 1551 hac
547 1497 617 1550 ita
636 1497 886 1566 sequitur
915 1513 969 1548 ει
1000 1495 1107 1549 Sed
1135 1510 1244 1548 non
1267 1502 1371 1556 est,
1391 1493 1780 1564 inquit,ignota

189 1588 449 1641 Ecclesia":
473 1588 568 1641 Dei
584 1588 652 1641 de
667 1587 981 1657 hujusmodi
1003 1585 1280 1655 procellis,
1295 1595 1391 1638 aut
1416 1586 1628 1638 insueta
1647 1594 1782 1638 tem-

191 1689 393 1749 pestas,
428 1693 486 1734 et
517 1680 770 1748 quamvis
805 1680 1056 1734 Rectoris
1073 1679 1161 1733 sui
1189 1677 1564 1748 gubernaculo
1590 1677 1782 1730 incon-

189 1789 345 1826 cussa
367 1775 652 1844 persistat.
684 1775 1051 1827 variistamcn
1089 1769 1490 1824 incursantium
1513 1769 1780 1823 ﬁuctuum

1875 602 1982 638 non
2023 585 2361 640 necessarias
2402 587 2586 654 paleas
2621 584 2893 654 deputari.
2945 584 3233 655 Nunquam
3265 601 3452 649 autem

1876 677 2142 731 fautorem
2194 678 2342 732 falsa:
2379 676 2739 747 professionis
2788 691 2950 745 posse
2993 675 3140 730 inter
3191 671 3449 734 frumenti

1875 769 2084 836 Optima
2111 783 2275 838 grana
2301 769 2712 832 eonnumerari,
2741 767 2959 823 etiamsi
3000 766 3165 823 bonis
3201 767 3460 823 videatur

1875 862 2141 931 operibus
2195 861 2531 927 decoratus;
2583 863 2711 931 quia
2765 863 3084 917 nullatenus
3137 861 3226 917 illa
3289 878 3456 933 opera

1878 955 2021 1008 bona
2048 964 2178 1008 sunt
2201 953 2522 1023 iudicanda,
2555 953 2756 1023 quibus
2781 967 2894 1007 non
2926 962 3010 1008 est
3027 953 3233 1008 veritas
3260 952 3452 1008 funda.

1878 1058 2146 1100 mentum.

1944 1134 2045 1192 llis
2088 1139 2356 1209 adjungit,
2386 1147 2444 1192 et
2472 1135 2611 1192 dicit
2653 1153 2666 1189 :
2703 1154 2720 1186 ε
2761 1133 2870 1190 Sed
2901 1133 2994 1190 ubi
3019 1142 3293 1189 terrarum
3350 1149 3454 1188 non

1884 1229 1987 1281 ista
2020 1230 2340 1297 permistio?
2367 1230 2480 1284 Nos
2507 1229 2626 1282 ﬁxis
2648 1227 2806 1282 decet
2842 1236 2988 1281 stare
3022 1226 3289 1296 vestigiis.
3322 1227 3455 1281 Pro-

1882 1318 2132 1373 liciemus
2166 1321 2310 1373 inter
2348 1319 2709 1373 adversantes
2746 1317 2988 1387 propriis
3031 1317 3215 1383 bonis,
3267 1318 3313 1372 si
3349 1335 3458 1374 non

1882 1407 2231 1462 involvantur
2275 1408 2562 1462 erroribus
2596 1407 2816 1462 alienis.
2861 1427 2879 1458 ι
2925 1406 3061 1462 Cum
3091 1407 3298 1476 ubique
3347 1419 3455 1462 ter-

1883 1516 2068 1554 rarum
2096 1501 2512 1569 permistionem
2558 1499 2716 1554 istam
2761 1513 2882 1553 esse
2914 1514 3024 1552 non
3050 1498 3301 1568 ambigas
3320 1538 3338 1562 ,
3367 1515 3468 1552 cur

1884 1594 1937 1646 in
1991 1608 2096 1660 qua
2145 1602 2303 1661 parte
2334 1592 2456 1646 ﬁxis
2490 1591 2686 1644 deceat
2733 1602 2878 1644 stare
2919 1590 3203 1660 vestigiis,
3240 1591 3468 1646 omnino

1883 1701 1994 1737 non
2026 1683 2305 1752 explicas?
2337 1683 2642 1751 praesertim
2673 1696 2799 1734 cum
2841 1681 2948 1734 hoc
2984 1680 3251 1736 doctrina:
3287 1681 3470 1751 exigat

1885 1776 2046 1838 ratio,
2085 1790 2152 1827 ne
2194 1775 2375 1828 minus
2400 1773 2654 1828 instructi
2681 1772 2775 1842 qui
2807 1782 2859 1827 te
2897 1771 3131 1826 audiunt
3161 1773 3355 1826 alienis
3389 1773 3468 1826 in-

190 1866 401 1920 laborat
427 1875 622 1919 vexata
650 1863 989 1918 turbinibus.
1015 1862 1150 1917 Nam
1174 1861 1320 1916 unde
1348 1870 1434 1916 est
1469 1861 1778 1930 psalmidiCi
1815 1873 1856 1931 Β
1883 1870 2179 1922 volvantur
2207 1867 2494 1920 erroribus
2515 1906 2528 1928 ,
2565 1865 2670 1918 nisi
2704 1865 2833 1934 quia
2865 1863 3066 1918 callide
3093 1873 3242 1918 tuam
3279 1864 3474 1918 niteris

191 1973 292 2009 vos
339 1957 655 2026 propheta},
683 1957 779 2025 qui
816 1954 993 2024 ipsius
1040 1953 1299 2008 Ecclesia:
1325 1968 1618 2022 personam
1654 1952 1782 2021 Spi-

193 2047 299 2100 ritu
331 2064 449 2116 quo
503 2047 839 2116 implebatur
881 2060 1170 2098 assumens
1208 2064 1221 2098 :
1257 2043 1436 2114 Saepe,
1468 2043 1668 2113 inquit,
1696 2059 1786 2095 ea:-

191 2149 572 2210 pugnacerunt
598 2155 679 2191 me
709 2157 742 2192 a
775 2143 1054 2208 juventute
1084 2154 1222 2201 mea,
1250 2138 1438 2191 etenim
1465 2154 1568 2190 non
1599 2147 1782 2207 potue-

193 2241 313 2284 runt
342 2233 472 2284 mihi
497 2230 924 2295 ".Concutiunt,
948 2229 1044 2284 sed
1071 2229 1123 2283 in
1151 2229 1326 2283 nihilo
1355 2229 1779 2298 prazvalebunt.»

196 2323 329 2374 Vera
357 2322 457 2375 Dei
484 2321 753 2385 Ecclesia,
779 2322 868 2375 cui
895 2337 1004 2375 non
1022 2329 1150 2374 sunt
1177 2321 1560 2376 haereticorum
1585 2321 1787 2391 ignota:

193 2411 474 2481 procellze,
499 2425 612 2464 non
635 2421 720 2465 est
748 2411 838 2464 illa
887 2426 1012 2480 qua:
1033 2410 1314 2465 Christum
1335 2411 1530 2480 gratia,
1551 2426 1658 2465 non
1695 2428 1754 2463 nr-

196 2516 316 2558 tura
341 2505 526 2560 Deum
557 2504 893 2565 conﬁtetur.
935 2506 1031 2560 sed
1068 2507 1158 2560 illa
1195 2522 1317 2576 qua:
1357 2507 1529 2560 Deum
1565 2519 1784 2572 verum,"

191 2603 245 2650 et
271 2597 345 2650 ob
378 2596 488 2651 hoc
519 2613 691 2652 unum
731 2614 798 2652 ex
843 2598 1111 2653 Trinitate
1151 2599 1412 2667 prmdicat
1438 2601 1784 2654 Emmanuel.

197 2687 501 2756 Propterea
531 2688 772 2758 denique
795 2690 962 2743 variis
988 2690 1357 2745 incusantium
1406 2690 1674 2745 ﬂuctuum
1706 2691 1789 2744 la-

197 2779 358 2834 borat
399 2780 634 2849 quidem
683 2793 879 2836 vexata
927 2782 1268 2848 turbinibus,
1298 2783 1393 2837 sed
1430 2782 1582 2836 nullo
1629 2791 1790 2853 pacto

198 2874 521 2928 subruitur.
555 2875 737 2929 Manet
769 2891 1010 2944 namque
1050 2891 1271 2945 semper
1302 2875 1621 2940 immobilis,
1661 2876 1790 2944 quia

203 2981 230 3018 a
266 2967 385 3020 veri
438 2966 540 3020 Dei
601 2967 812 3035 regitur
871 2967 1267 3037 gubernaculo.
1313 2966 1596 3021 Adversus
1649 2967 1793 3022 hanc

201 3073 398 3111 omnes
448 3057 740 3120 haeretici,
777 3066 884 3111 tam
924 3057 1016 3127 qui
1049 3057 1118 3111 ab
1153 3073 1217 3111 ea
1250 3057 1538 3112 manifeste
1562 3057 1791 3111 abscissi

193 3156 367 3215 atque
415 3146 584 3200 divisi
616 3157 768 3210 sunt,
804 3162 968 3216 quam
1022 3147 1077 3200 hi
1120 3147 1217 3216 qui
1267 3147 1411 3200 intra
1452 3162 1574 3200 eam
1606 3146 1790 3215 positi,

1889 1961 2169 2015 occultare
2215 1959 2506 2030 perfidiam
2526 1958 2548 2010 1'
2572 1957 2679 2012 Sed
2713 1967 2770 2011 te
2801 1956 3096 2026 splendore
3131 1971 3233 2011 suo
3263 1957 3472 2026 detegit

1887 2051 2162 2105 catholica
2189 2051 2414 2113 veritas,
2457 2059 2511 2104 et
2549 2050 2701 2118 juxta
2733 2056 2932 2102 extera
2962 2049 3133 2110 mala,
3169 2048 3336 2102 etiam
3390 2057 3488 2097 su-

1887 2141 2230 2212 perbissima:
2248 2141 2559 2210 Pelagiana:
2587 2139 2829 2209 perﬁdiae
2849 2140 3156 2195 involutum
3183 2140 3476 2195 erroribus

1888 2241 2220 2288 cunctorum
2254 2233 2429 2287 oculis
2462 2232 2778 2302 anteponit,
2817 2232 2911 2302 qui
2951 2233 3098 2287 inter
3117 2232 3476 2288 adversantes

1888 2341 1998 2378 non
2031 2325 2126 2378 Dei
2166 2341 2415 2389 munere,
2443 2323 2541 2379 sed
2567 2325 2808 2394 propriis
2833 2325 2994 2379 bonis
3023 2325 3291 2394 proﬁcere
3317 2337 3484 2394 posse

1891 2415 2100 2470 tumida
2129 2416 2370 2471 elatione
2405 2413 2659 2470 conﬁdis.
2690 2414 2828 2481 Quia
2859 2414 2903 2468 si
2931 2414 3170 2484 pr0priis
3211 2414 3394 2477 bonis,
3417 2423 3478 2470 et

1886 2523 1998 2562 non
2029 2507 2124 2563 Dei
2154 2508 2361 2562 auxilio
2406 2507 2554 2561 inter
2583 2505 2940 2561 adversantes
2974 2514 3160 2576 posset
3201 2503 3475 2576 proﬁcere

1888 2609 2086 2652 natura
2116 2598 2378 2660 humana,
2407 2611 2691 2665 nunquam
2721 2596 2994 2665 Propheta
3017 2594 3228 2664 Spiritu
3261 2594 3358 2649 Dei
3387 2610 3476 2650 rc-

1889 2692 2074 2762 pletus
2105 2699 2294 2746 oraret
2312 2690 2504 2745 dicens
2539 2708 2550 2742 :
2581 2688 2782 2756 Perﬁce
2803 2704 3010 2759 gressus
3039 2703 3178 2742 meo:
3201 2689 3256 2742 in
3279 2689 3478 2742 semitis

1890 2785 2016 2849 tuis,
2052 2793 2241 2837 utnon
2275 2789 2591 2836 moveantur
2613 2782 2837 2850 vestigia
2880 2796 2996 2834 mea
3016 2781 3079 2835 ".
3117 2779 3317 2834 Adhuc
3345 2795 3478 2836 sane

1891 2877 2184 2932 antedictze
2229 2877 2512 2932 hereseos
2543 2876 2742 2946 spiritu
2793 2877 3090 2940 animatus,
3132 2876 3382 2945 sequeris
3423 2885 3480 2930 et

1891 2969 2032 3023 dicis
2065 2986 2079 3022 :
2124 2987 2142 3021 ‹
2180 2969 2386 3024 Probat
2414 2969 2563 3022 enim
2592 2968 2815 3023 virtutis
2863 2983 2974 3022 sua:
3003 2967 3243 3022 validum
3275 2967 3478 3031 robur,

1891 3062 1984 3132 qui
2022 3077 2146 3116 cum
2180 3059 2498 3130 impellitur,
2523 3074 2635 3113 non
2666 3067 2991 3123 moveturp
3025 3073 3153 3112 cum
3186 3072 3295 3111 non
3331 3072 3480 3112 sem-

1895 3169 2014 3224 per,
2039 3153 2135 3208 sed
2161 3160 2294 3207 tunc
2317 3151 2555 3222 quilibet
2583 3152 2793 3206 utiliter
2813 3158 2873 3206 et
2897 3144 3198 3206 salubriter
3223 3165 3333 3204 non
3370 3164 3482 3202 mo-

203 3239 580 3306 spiritualiter
603 3237 673 3292 ab
703 3253 766 3291 ea
795 3237 1131 3292 dissentiunt
1173 3239 1334 3306 (quos
1357 3236 1576 3291 fortiter
1607 3246 1793 3292 sancta

1897 3219 2090 3299 veatur
2113 3219 2406 3316 impulsus,
2434 3243 2656 3314 quando
2681 3259 2712 3297 a
2744 3241 2980 3297 veritate
3024 3241 3151 3296 ﬁdei
3197 3258 3308 3296 non
3338 3240 3480 3310 deji-

205 3328 459 3383 ﬁdelium
503 3328 706 3382 tolerat
732 3326 1018 3399 charitas),
1045 3343 1262 3398 semper
1291 3343 1442 3381 arma
1468 3327 1794 3397 corripiunt,

208 3432 375 3492 atque
406 3437 509 3476 eos
534 3436 676 3490 quos
700 3421 817 3475 suis
835 3420 1116 3489 potuerint
1142 3419 1451 3482 erroribus,
1482 3419 1536 3472 in
1561 3419 1682 3488 ejus
1711 3418 1799 3472 ni-

211 3527 408 3572 tantur
430 3516 700 3570 invidiam
729 3514 1027 3569 concitare.
1063 3513 1170 3568 Sed
1188 3514 1242 3566 in
1269 3513 1446 3567 nihilo
1479 3511 1798 3580 praevalent,

212 3610 338 3680 quia
363 3608 651 3662 veraciter
673 3623 703 3661 a
730 3608 843 3661 Deo
886 3621 1038 3671 vero,
1065 3621 1229 3675 quem
1263 3605 1394 3658 colit
1420 3615 1477 3658 et
1516 3603 1798 3673 praedicat,

215 3703 288 3755 illi
314 3702 663 3772 promissum
690 3706 776 3753 est
806 3699 1121 3752 nullatenus
1167 3697 1436 3751 adversus
1462 3711 1582 3748 eam
1617 3703 1802 3764 portas

215 3793 376 3847 inferi
402 3789 875 3856 prazvalituras”.
905 3787 1042 3842 lluic
1061 3788 1303 3857 denique
1331 3787 1463 3841 illud
1485 3788 1675 3857 procul
1696 3786 1800 3840 du-

216 3888 306 3942 bio
345 3886 742 3956 propheticum
784 3883 1181 3940 convenienter
1227 3884 1492 3953 competit
1557 3881 1804 3936 testimo-

213 3980 392 4042 nium,
420 3977 578 4047 quod
598 3977 756 4047 quasi
780 3993 850 4031 ex
881 3991 1113 4046 persona
1137 3977 1385 4047 ejusdem
1411 3974 1672 4028 Ecclesia:
1701 3975 1804 4028 iste

215 4068 471 4137 protulit,
501 4067 698 4122 dicens
735 4085 749 4120 :
787 4065 938 4137 Swpe
976 4073 1406 4138 expugnaverant
1444 4081 1524 4118 me
1559 4083 1590 4118 a
1614 4066 1807 4135 juven-

216 4173 324 4216 tute
345 4179 490 4227 mea,
517 4161 709 4213 etenim
737 4176 840 4212 non
875 4169 1158 4229 potuerunt
1187 4159 1334 4212 milii.

291 4255 402 4310 Sed
427 4257 548 4325 jam
570 4267 721 4306 nunc
752 4267 820 4306 ea
847 4267 970 4320 qua:
1002 4259 1331 4320 sequuntur,
1368 4248 1803 4304 consideremus.

221 4367 242 4400 ε
271 4346 772 4414 Adhuc,inquit,in
794 4360 924 4398 area
949 4359 1161 4407 sumus,
1190 4343 1352 4397 mista
1381 4351 1512 4397 sunt
1533 4341 1810 4396 frumenta

219 4459 345 4498 cum
365 4443 582 4511 paleis,
613 4446 842 4510 gemunt
869 4438 1000 4492 boni
1029 4436 1308 4492 consortia
1345 4436 1617 4489 malorum
1663 4450 1676 4487 :
1711 4431 1808 4487 sed

1897 3337 2040 3392 citur
2070 3336 2307 3411 diversis
2330 3334 2726 3390 tcntationibus
2750 3333 3108 3404 inquietatus.
3143 3333 3484 3403 Frequenter

1897 3429 2102 3483 etenim
2150 3427 2388 3497 imperiti
2422 3441 2668 3481 errorem
2710 3440 2813 3496 pro
2866 3425 3099 3478 veritate
3138 3423 3480 3485 defendunt,

1900 3520 2032 3574 etin
2058 3519 2208 3573 falsis
2239 3518 2418 3582 bonis,
2454 3532 2550 3571 seu
2585 3517 2769 3586 potius
2791 3517 2846 3571 in
2876 3517 3024 3570 veris
3049 3509 3210 3569 mafis
3240 3515 3484 3584 pertina—

1902 3613 2039 3666 citer
2082 3618 2440 3680 perseverant
2467 3626 2479 3662 :
2506 3609 2655 3678 quod
2711 3624 2819 3662 non
2858 3607 3107 3677 probata:
3155 3605 3375 3660 virtutis
3400 3610 3485 3657 est

1902 3702 2144 3756 validum
2174 3701 2363 3764 rohur,
2397 3699 2491 3755 sed
2526 3697 2910 3770 improbabilis
2936 3697 3051 3751 vitii
3089 3695 3362 3750 imbecilla
3401 3703 3484 3750 te-

1902 3792 2146 3847 meritas.
2231 3790 2337 3845 Sed
2367 3791 2492 3860 quis
2541 3805 2640 3844 sua
2691 3789 2919 3851 virtute,
2982 3796 3039 3841 et
3121 3802 3230 3840 non
3281 3784 3487 3839 auxilio

1903 3884 2161 3941 Cruciﬁxi
2197 3884 2252 3937 in
2278 3883 2508 3938 veritate
2538 3881 2664 3936 ﬁdei
2697 3896 2756 3936 se
2789 3879 3150 3934 immobiliter
3178 3892 3338 3946 posse
3364 3892 3487 3946 per-

1905 3992 2160 4033 severare
2187 3974 2432 4038 conﬁdit,
2471 3973 2575 4027 nisi
2616 3971 2711 4042 qui
2753 3972 2945 4040 utique
2977 3969 3252 4038 superbia:
3288 3967 3489 4036 spiritu

1905 4076 2211 4124 excmcatus
2231 4108 2244 4129 ,
2272 4065 2560 4120 evidenter
2591 4063 2798 4117 divinis
2833 4058 3164 4116 contradicit
3212 4055 3492 4126 eloquiis?

1906 4159 2044 4226 Quia
2074 4158 2348 4227 Propheta
2399 4171 2510 4211 non
2541 4155 2645 4209 nisi
2685 4153 2858 4207 divini
2909 4150 3158 4205 muneris
3197 4149 3302 4202 hoc
3353 4162 3493 4217 opus

1908 4264 2030 4304 esse
2059 4255 2295 4303 testetur
2330 4245 2524 4300 dicens
2552 4263 2564 4298 :
2593 4243 2860 4315 Impulsu:
2890 4249 3129 4296 versatus
3171 4256 3286 4292 sum
3322 4249 3376 4292 at
3405 4254 3496 4290 ca-

1909 4341 2108 4402 derem,
2140 4347 2188 4391 et
2238 4337 2495 4392 Dominus
2529 4335 2758 4406 suscepit
2806 4349 2908 4387 me.
2952 4331 3230 4385 Fortitudo
3282 4345 3400 4382 mea
3445 4335 3496 4380 et

1910 4431 2153 4486 laudatio
2184 4446 2301 4483 mea
2344 4427 2622 4485 Dominus.
2659 4432 2709 4477 et
2753 4424 2924 4493 factus
2959 4429 3035 4475 est
3084 4423 3142 4474 in
3178 4419 3408 4474 salutem
3425 4419 3492 4472 ”.

217 4544 480 4607 superest
527 4533 748 4588 ﬂamma
778 4547 890 4587 non
939 4529 1271 4586 necessariis
1295 4568 1312 4594 ,
1353 4536 1411 4583 et
1447 4535 1638 4597 parata
1678 4533 1808 4579 sunt
1841 4563 1884 4619 Β
1911 4522 1980 4576 Et
2008 4522 2208 4575 iterum
2241 4539 2254 4572 :
2362 4518 2595 4571 dicebam
2619 4515 2827 4619 3diota:
2855 4522 2931 4567 est
2959 4529 3047 4619 ρει
3076 4529 3222 4619 zicus
3244 4553 3259 4576 ,
3288 4511 3494 4565 miseri-

220 4630 423 4682 horrea
444 4627 560 4697 jam
611 4625 912 4695 probatisa
943 4623 1003 4676 In
1053 4636 1113 4676 re
1149 4619 1352 4674 morari
1380 4617 1591 4672 diutius
1620 4631 1812 4685 super-

220 4720 395 4774 fluum
441 4717 679 4773 aestimo.
715 4716 853 4782 Quis
895 4714 1043 4769 enim
1077 4713 1308 4778 nesciat,
1350 4707 1811 4766 sicutfrumentis

221 4812 449 4872 horrea,
484 4810 562 4862 ila
595 4807 768 4878 paleis
796 4804 1072 4859 ﬁammam
1111 4819 1234 4859 esse
1273 4800 1568 4873 paratam?
1593 4799 1701 4854 Sed
1751 4799 1808 4852 in

221 4904 323 4957 hac
352 4916 490 4955 area
552 4899 692 4970 (hoc
722 4905 807 4951 est
842 4898 897 4951 in
938 4895 1241 4962 Ecclesia),
1268 4895 1324 4948 in
1349 4908 1457 4963 qua
1483 4893 1644 4946 mista
1679 4901 1811 4946 sunt

216 4996 508 5048 frumenta
525 5005 650 5044 cum
675 4988 868 5058 paleis,
885 4994 1187 5056 etgemunt
1203 4985 1331 5038 boni
1347 4982 1626 5038 consortia
1640 4982 1810 5036 malo-

217 5101 371 5155 rum,
406 5083 539 5152 quis
595 5095 692 5135 eos
732 5077 1106 5140 necessarios,
1150 5083 1248 5128 aut
1285 5082 1434 5127 certe
1477 5087 1588 5126 non
1631 5071 1813 5142 paleas

219 5183 500 5244 perpetuo
542 5170 652 5240 igni
689 5167 1023 5224 cremandos
1054 5180 1178 5222 esse.
1207 5164 1438 5235 iudicet,
1467 5163 1562 5231 qui
1593 5177 1690 5216 ore
1725 5175 1812 5214 sa-

218 5266 456 5334 crilego,
488 5272 686 5316 natura
710 5260 884 5314 Deum
913 5265 1201 5328 negantes,
1227 5270 1256 5308 a
1287 5253 1557 5308 catholica
1580 5251 1812 5306 veritate

221 5357 568 5412 desciscunt.
597 5360 942 5421 etapostataz
977 5349 1194 5411 effecti,
1238 5347 1406 5401 armis
1443 5344 1680 5415 propria:
1708 5343 1810 5396 im-

222 5447 452 5518 pietatis
479 5445 754 5498 adversus
795 5457 939 5504 eam,
969 5457 1093 5512 qua:
1115 5454 1213 5494 eos
1249 5437 1460 5508 genuit,
1499 5435 1810 5490 dimicant?

223 5536 534 5592 Sciendum
572 5543 759 5587 tamen
831 5545 992 5600 posse
1039 5529 1207 5583 etiam
1257 5543 1400 5582 vera:
1454 5524 1813 5596 professionis

298 5737 339 5767 "
373 5733 520 5788 Psal.
549 5747 775 5794 cuvnt,
888 5732 941 5784 ‘2.
1057 5733 1100 5762 ”
1123 5730 1316 5784 Matth.
1347 5745 1454 5793 xw,
1499 5729 1577 5781 I8.

221 5804 269 5840 ⁸⁸
300 5807 443 5863 Ρμαι.
478 5820 642 5866 xxxv,
677 5804 757 5855 l2.

1698 5728 1901 5782 "Psal.
1937 5743 2046 5789 xu,
2081 5728 2132 5780 5.
2211 5725 2255 5754 ’°
2282 5723 2423 5778 Psal.
2451 5739 2612 5786 cxvn,
2647 5721 2730 5785 15,
2769 5719 2850 5773 Η.

1915 4612 2099 4666 cordia
2130 4619 2247 4672 tua,
2285 4609 2532 4672 Domine,
2563 4605 2852 4676 adjuvabat
2881 4620 2962 4657 me
2987 4606 3055 4655 ἰ.
3076 4603 3142 4657 Ει
3179 4617 3394 4663 rursus,
3423 4615 3494 4655 ne

1913 4702 2189 4761 contraria
2223 4707 2542 4755 moveretur
2577 4695 3072 4766 impulsione,orat
3105 4693 3297 4748 dicens
3332 4709 3344 4745 :
3377 4691 3494 4745 Non

1912 4795 2092 4849 ueniat
2142 4792 2268 4846 mihi
2312 4807 2400 4862 pes
2427 4789 2706 4861 superbia,
2752 4795 2801 4840 et
2836 4801 3026 4839 manus
3071 4783 3360 4855 peccatoris
3389 4798 3493 4835 non

1913 4892 2118 4941 moveat
2141 4883 2300 4937 me".
2937 4897 2940 4902 ·

1982 4975 2078 5031 llis
2107 4975 2347 5043 denique
2372 4973 2447 5027 ita
2472 4969 2797 5042 praemissis.
2829 4965 3147 5038 specialiter
3167 4965 3278 5035 jam
3304 4970 3497 5018 contra

1917 5083 2034 5132 eos,
2058 5081 2157 5136 pro
2175 5065 2380 5138 quibus
2397 5063 2632 5134 agimus,
2651 5061 2953 5116 monachos
2969 5055 3270 5112 iracundiae
3287 5055 3500 5109 facibus

1918 5174 2205 5221 accensus,
2232 5165 2290 5212 et
2319 5156 2538 5211 invidiae
2560 5153 2802 5208 stimulis
2826 5152 3106 5210 incitatus.
3131 5156 3281 5202 totus
3313 5146 3497 5199 intcn-

1920 5252 2024 5314 dit,
2045 5259 2098 5305 et
2121 5251 2249 5304 licet
2271 5263 2389 5311 eos,
2414 5247 2633 5317 publica
2655 5244 2910 5300 veritatis
2934 5241 3089 5314 εει
3123 5238 3494 5300 conscientia,

1921 5341 2210 5396 manifeste
2257 5339 2545 5394 haereticos
2578 5352 2687 5392 non
2716 5334 2917 5390 audeat
2940 5347 3198 5387 accusare
3227 5371 3241 5394 ,
3271 5328 3498 5396 oblique

1922 5443 2102 5487 tamen
2136 5442 2192 5487 et
2219 5431 2412 5486 callide
2440 5431 2545 5484 hoc
2577 5429 2696 5483 vult
2741 5427 2808 5481 de
2841 5425 2922 5481 eis
2973 5423 3224 5493 intelligi,
3257 5422 3498 5488 dumque

1921 5525 2071 5591 ipsos
2097 5523 2302 5590 iniquis
2329 5520 2712 5590 imprudenter
2729 5513 3233 5572 obtrectationibus
3268 5512 3496 5572 lacerat,

2963 5718 3004 5748 ¹¹
3045 5713 3190 5769 Psal.
3232 5725 3378 5765 xcnt.
3414 5707 3504 5765 18.
