4200 6426
732 375 808 437 99
1998 367 2320 429 JOANNIS
2356 368 2739 433 MAXENTII
3899 374 4010 442 me

738 488 1000 557 falsisque
1023 485 1714 541 criminationibusnititur
1743 496 2055 544 natuscarc,
2081 482 2324 551 seipsum
2357 484 2396 539 Α
2431 481 2773 538 Nestorianm
2805 484 3049 553 perfidia:
3083 486 3331 541 tenebris
3353 495 3681 551 excaecatus,
3738 497 4008 558 quartum

741 580 866 634 tetri
898 579 1109 634 erroris
1127 578 1408 648 nigredine
1441 576 1793 645 adopertum,
1815 581 2142 629 cunctorum
2163 587 2311 642 aspe-
2422 576 2478 623 ct
2500 581 2825 626 extraneum
2850 588 2880 625 a
2911 585 3101 628 sancta
3137 584 3193 629 et
3230 576 3500 630 ineffabili
3547 576 3842 642 Trinitate,
3871 592 4008 632 eum

738 671 923 726 ctibus
943 670 1250 739 anteponit.
2421 665 2516 733 qui
2552 681 2651 733 pro
2673 667 2836 721 nobis
2862 682 3085 722 crucem
3117 670 3409 735 sustinuit,
3440 670 3741 740 praedicare
3769 681 4009 727 conten-

808 761 1069 832 Adjungit
1093 775 1329 829 namque
1358 768 1412 813 et
1436 759 1572 813 dicit
1599 776 1611 812 :
1638 779 1655 810 ι
1680 757 1784 814 Ubi
1814 772 1924 810 non
1952 756 2117 810 variae
2141 760 2321 808 tenta-
2422 753 2538 807 dat.
2567 755 2672 807 Sed
2724 756 2867 811 absit
2903 767 3047 811 utex
3078 759 3337 826 qualibet
3368 767 3527 829 parte
3569 759 3857 815 catholica:
3878 776 4013 831 pro-

740 855 910 910 tionis
937 853 1159 908 aculei?
1209 852 1701 923 Qnalcsperhunc
1747 850 1863 905 fere
1896 850 2081 920 jugem
2116 860 2322 900 annum
2420 845 2644 901 fessioni
2699 850 2927 903 Roman.
2973 850 3271 920 episcopus
3293 852 3677 907 contradicat!
3709 854 4009 924 Nunquam

739 945 1107 1014 quorumdam
1161 945 1516 1014 Scytharum,
1574 943 1672 1014 qui
1719 941 2025 996 monachos
2056 937 2326 1009 praefere-
2423 939 2632 993 etenim
2663 939 2995 1013 Scytharum
3029 944 3331 999 monachos
3388 944 3552 1015 (quos
3600 961 3711 1000 non
3762 946 4007 1017 simplici

738 1038 874 1091 bant
904 1038 1115 1106 specie,
1141 1053 1253 1091 non
1288 1036 1547 1101 veritate,
1574 1035 1948 1106 professione,
1983 1048 2093 1085 non
2123 1043 2318 1099 opere,
2420 1046 2699 1098 sermone,
2723 1034 2824 1089 sed
2858 1036 3026 1090 etiam
3052 1036 3298 1106 scriptis,
3341 1035 3626 1092 Christum
3671 1037 3876 1093 Filium
3904 1039 4009 1091 Dei

736 1130 934 1184 subtili
964 1139 1138 1185 tectas
1160 1128 1463 1183 calliditate
1486 1127 1790 1190 versutias,
1815 1135 1872 1180 et
1901 1125 2006 1179 sub
2035 1122 2324 1194 religionis
2424 1139 2595 1178 unum
2619 1140 2688 1179 ex
2716 1124 2989 1182 Trinitate
3014 1135 3251 1184 noverat
3291 1127 3574 1199 confiteri)
3608 1144 3709 1198 per
3731 1142 4010 1199 quatuor-

739 1221 974 1276 ohtcntu
1012 1220 1337 1274 famulantia
1387 1218 1532 1273 odiis
1553 1218 1672 1274 suis
1716 1232 1931 1273 venena
1964 1216 2322 1287 pertulimus,

742 1313 1033 1367 studentes
1054 1328 1153 1366 eos
1190 1311 1260 1365 ab
1291 1313 1515 1365 interno
1559 1310 1792 1365 vulnere
1845 1308 2194 1363 medicabilis
2233 1325 2328 1377 pa-

734 1405 955 1459 tientia:
987 1402 1377 1457 moderatione
1425 1416 1649 1466 sanare,
1698 1399 1847 1454 beati
1902 1399 2059 1452 Pauli
2108 1399 2324 1452 monita

2423 1215 2603 1270 decim
2628 1231 2770 1286 pene
2793 1232 3037 1284 menses,
3074 1219 3323 1288 quandiu
3354 1233 3452 1274 eos
3476 1219 3553 1275 ibi
3587 1218 3849 1285 detinuit,
3897 1221 4010 1275 sibi

2425 1306 2836 1362 communicare
2870 1307 3237 1377 permisisset,
3273 1309 3344 1374 si,
3378 1316 3442 1364 ut
3486 1308 3737 1365 bteretici
3784 1311 4007 1372 volunt,

2426 1394 2569 1479 hanc
2628 1397 3078 1466 praedicationem
3142 1400 3429 1455 catholicae
3478 1401 3606 1457 ﬁdei
3662 1403 4010 1457 contrariam

743 1512 855 1550 non
891 1505 1180 1551 tenentes:
1207 1495 1328 1550 Noti
1351 1494 1519 1547 verbis
1545 1493 1902 1547 contendere:
1926 1492 1996 1544 ad
2031 1490 2166 1544 nihil
2185 1491 2325 1544 enim
2419 1486 2717 1558 iudicaret.
2743 1489 2847 1557 Qui
2882 1492 3048 1547 etiam
3080 1499 3142 1546 ut
3163 1507 3221 1547 se
3244 1507 3274 1547 a
3298 1492 3570 1563 pravitate
3598 1493 3808 1564 proprii
3841 1494 4010 1561 legati

742 1582 872 1636 utile
901 1593 999 1647 est,
1018 1584 1121 1636 nisi
1143 1582 1214 1635 ad
1234 1581 1625 1635 suboersionem
1660 1580 1991 1635 audientium
2010 1579 2083 1633 “.
2105 1597 2124 1630 ι
2156 1577 2318 1634 Prin-

727 1673 938 1743 -cipalis
962 1673 1242 1743 professio
1264 1673 1515 1728 omnium
1554 1672 1607 1727 in
1650 1686 1955 1727 commune
1970 1670 2297 1727 Christiano
2313 1700 2328 1711 -

742 1781 864 1819 rum
887 1773 995 1831 est,
1023 1763 1170 1819 viam
1200 1764 1456 1819 veritatis
1482 1772 1540 1818 et
1559 1764 1872 1827 charitatis,
1899 1764 2043 1817 duce
2074 1762 2321 1826 Christo,

738 1855 1041 1927 vigilanter
1074 1855 1315 1925 ingredi.
1351 1852 1707 1923 Quapropter
1736 1854 1783 1908 si
1816 1852 2164 1924 professione
2207 1852 2323 1906 sal-

742 1954 876 2006 tem,
899 1952 997 1998 aut
1025 1944 1213 2013 specie
1239 1943 1516 2001 essetisto
1547 1943 1880 2009 catholicus,
1914 1943 2011 2013 qui
2046 1942 2235 2013 specie
2266 1950 2324 1997 et

741 2035 1090 2105 professione
1146 2042 1359 2089 tantum
1415 2037 1552 2103 (non
1594 2050 1765 2104 opere
1796 2042 1855 2089 et
1908 2032 2167 2105 veritate)
2195 2032 2325 2087 reli-

742 2127 929 2197 giosos
966 2139 1066 2181 eos
1109 2136 1305 2181 contra
1338 2142 1502 2197 quos,
1528 2127 1661 2198 agit,
1691 2126 1862 2182 audet
1911 2126 2099 2182 dicere
2135 2141 2325 2180 mona-

742 2217 901 2281 chos,
955 2216 1109 2272 crcdi
1152 2218 1388 2273 forsitan
1420 2225 1645 2287 poterat
1686 2226 1841 2274 recto
1872 2218 1942 2272 de
1981 2217 2065 2273 eis
2090 2226 2149 2272 et
2189 2232 2325 2272 vero

740 2324 1074 2379 exaggerare
1091 2308 1322 2379 judicio.
1354 2307 1425 2363 At
1458 2324 1589 2363 vero
1619 2308 1714 2362 ubi
1759 2307 2045 2362 inimicum
2081 2323 2207 2363 emn
2229 2321 2324 2361 ca-

744 2401 966 2455 tholicae
996 2400 1250 2455 veritatis
1284 2415 1382 2455 sua
1411 2392 1589 2470 ipsiu‘s
1622 2400 1773 2456 dicta
1806 2400 2165 2471 redarguunt,
2198 2399 2326 2470 quis

740 2491 987 2562 ambigat
1044 2491 1307 2547 hmretico
1335 2507 1464 2546 eum
1521 2492 1721 2561 spiritu
1748 2493 2086 2563 exagitatum
2133 2491 2324 2562 inique

741 2585 861 2640 base
888 2584 1077 2639 omnia
1097 2584 1366 2641 adversus
1391 2584 1617 2640 eosdem
1646 2585 1950 2640 monachos
1968 2584 2281 2639 evomuisse
2302 2584 2327 2636 ?

741 2675 933 2745 Neque
955 2675 1104 2730 enim
1134 2676 1215 2730 illi
1261 2675 1357 2745 qui
1400 2674 1669 2729 catholica
1719 2681 2016 2743 sequentes
2042 2674 2316 2743 dogmata,

740 2765 1023 2822 Christum
1078 2767 1280 2822 Filium
1323 2766 1423 2821 Dei
1467 2780 1638 2819 unum
1704 2765 2042 2820 conﬁtentur
2089 2779 2213 2818 esse
2256 2779 2324 2817 ex

740 2868 931 2915 sancta
953 2866 1011 2913 ct
1043 2857 1209 2913 unius
1238 2857 1497 2913 essentia:
1531 2857 1830 2919 Trinitate,
1871 2855 1969 2911 scd
2011 2856 2113 2911 iste
2136 2855 2326 2926 potius

739 2951 837 3022 qui
868 2952 974 3005 hoc
1006 2950 1175 3020 impie
1209 2949 1465 3019 denegat,
1528 2948 1718 3004 subtili
1781 2956 1954 3003 tectas
2018 2947 2324 3003 calliditate

739 3043 1007 3113 quasdam
1041 3041 1317 3097 versutias
1347 3040 1760 3107 machinari,ac
1812 3039 2057 3094 fidelium
2109 3039 2325 3094 animos

743 3134 1086 3204 inquietare,
1130 3141 1187 3188 et
1248 3133 1354 3188 sub
1396 3132 1627 3188 obtentu
1659 3131 1946 3201 religionis
2003 3130 2321 3186 famulantia

2418 1579 2768 1649 purificaret,
2800 1582 2995 1637 multis
3020 1581 3239 1638 idoneis
3276 1583 3416 1639 viris
3465 1585 3857 1655 praesentibus,
3892 1584 4012 1638 Rn-

2426 1685 2651 1724 manum
2694 1672 2879 1726 virum
2913 1671 3375 1743 gloriosissimum
3406 1673 3735 1743 magistrum
3764 1673 4011 1728 militum

2425 1760 2758 1830 deprecatus
2781 1773 2886 1830 est,
2922 1772 3201 1833 quatenus
3226 1779 3324 1820 sua
3348 1765 3520 1820 verba
3548 1766 3804 1836 piissimo
3830 1767 4013 1835 impe-

2427 1853 2598 1908 ratori
2627 1854 2939 1910 insinuaret
2968 1871 3092 1925 quae
3116 1855 3272 1911 fuere
3303 1857 3625 1927 huiusmodi
3650 1874 3665 1910 :
3692 1857 3811 1911 Nisi
3849 1856 4016 1912 Chri-

2427 1950 2542 1997 tum
2569 1944 2772 1999 Filium
2797 1946 2925 2010 Dei,
2947 1946 3041 2015 qui
3073 1960 3173 2017 pro
3202 1947 3366 2002 nobis
3396 1962 3592 2018 passus
3607 1957 3693 2002 est
3726 1949 3783 2002 in
3815 1963 4011 2009 carne,

2426 2053 2601 2092 unum
2625 2052 2749 2094 esse
2770 2053 2841 2093 ex
2869 2046 3061 2095 sancta
3095 2049 3156 2095 et
3193 2039 3484 2094 individua
3532 2038 3810 2095 Trinitate
3841 2038 4017 2093 fuerit

2426 2126 2717 2182 confessus
2769 2126 3093 2195 Dioscorus,
3158 2128 3354 2199 pelago
3406 2127 3786 2197 demergatur.
3848 2124 4015 2182 Unde

2425 2219 2555 2289 quis
2584 2218 2749 2274 facile
2771 2219 3227 2276 credere-audeat
3271 2219 3416 2275 hanc
3462 2234 3493 2273 a
3536 2226 3843 2274 memorato
3888 2218 4016 2271 viro

2426 2313 2512 2383 (ut
2543 2326 2689 2382 saepe
2717 2310 2980 2382 diximus)
3012 2311 3280 2367 directam
3346 2310 3683 2382 Epistolam?
3711 2309 3828 2365 Nisi
3866 2310 4016 2366 forte

2426 2400 2598 2472 (quod
2627 2401 2697 2456 de
2724 2410 2879 2457 tanto
2914 2402 3163 2458 antistite
3185 2402 3414 2459 credere
3470 2402 3851 2472 importunum
3901 2402 4013 2470 est)

2425 2506 2458 2546 a
2493 2502 2797 2549 memorato
2833 2493 3103 2549 Dioscoro
3156 2501 3350 2563 postea
3403 2492 3759 2563 depravatus,
3812 2502 4016 2546 contra

2426 2596 2582 2637 suam
2611 2582 2786 2653 ipsius
2822 2584 3157 2638 sententiam
3202 2583 3321 2639 haec
3357 2582 3647 2654 scripsisse
3696 2582 4017 2638 credendus

2425 2682 2532 2728 est.
2565 2675 2994 2740 Verumtamen,
3028 2674 3145 2729 sive
3166 2674 3242 2737 ab
3281 2674 3407 2740 hoc,
3443 2674 3606 2730 sivea
3629 2674 3877 2745 quolibet
3901 2674 4017 2728 alio

2426 2764 2544 2820 haec
2573 2764 2646 2818 sit
2666 2765 2871 2833 scripta
2897 2764 3165 2834 Epistola,
3225 2779 3335 2818 non
3358 2773 3445 2818 est
3466 2764 3697 2819 dubium
3726 2771 4016 2818 auctorem

2424 2858 2548 2929 ejus
2579 2870 2703 2912 esse
2727 2856 3074 2922 haereticum,
3120 2858 3217 2926 qui
3252 2856 3670 2910 contentionem
3707 2855 4016 2913 verborum

2423 2959 2483 3004 et
2529 2948 2951 3004 subversioncm
3016 2948 3395 3011 audientium,
3447 2947 3662 3016 iudicat
3717 2931 4014 3003 Christum

2425 3040 2628 3094 Filium
2649 3040 2747 3095 Dei
2773 3039 2883 3093 vivi
2914 3054 3089 3093 unum
3112 3039 3274 3095 fateri
3291 3053 3359 3092 ex
3377 3038 3675 3092 Trinitate.
3703 3038 4013 3107 Apostolus

2426 3133 2575 3187 enim
2600 3141 2825 3187 sanctus
2846 3131 3051 3186 Paulus
3082 3146 3193 3184 non
3217 3129 3493 3185 veridieas
3529 3130 3872 3185 assertiones
3912 3133 4009 3199 (ex

743 3195 856 3278 non
890 3195 1101 3276 tantum
1132 3223 1269 3286 odii,
1292 3222 1389 3277 sed
1415 3222 1626 3276 erroris
1657 3221 1743 3276 sui
1766 3195 1984 3275 venena
2031 3236 2131 3291 per
2157 3237 2322 3277 omne
2348 3195 2393 3254 θ
2426 3225 2633 3294 quibus
2669 3223 3162 3310 fideliumtanimae
3192 3223 3559 3287 aedificantur,
3609 3231 3669 3277 et
3716 3195 4015 3279 bzerctico-

745 3330 948 3385 corpns
1006 3314 1270 3369 Ecclesiae
1323 3314 1467 3368 velle
1510 3308 1830 3368 diffundere
1878 3312 2327 3368 manifestissime

744 3407 1094 3461 confutatur.
1129 3405 1444 3460 Praesertim
1475 3404 1571 3474 qui
1603 3404 1748 3458 hanc
1770 3412 2016 3458 sanctam
2048 3412 2105 3458 et
2137 3402 2327 3458 catho-

748 3498 911 3553 licam
955 3512 1148 3552 vocem
1189 3496 1514 3552 tentationis
1546 3496 1771 3550 sibimet
1799 3495 2054 3551 aculeum
2083 3510 2205 3550 esse
2242 3504 2325 3550 te-

746 3598 943 3644 statur.
985 3588 1070 3644 An
1120 3587 1264 3642 forte
1325 3604 1435 3642 non
1485 3598 1569 3643 est
1620 3586 1992 3653 catholicum,
2040 3587 2325 3642 Christum

746 3681 948 3736 Filium
979 3680 1076 3734 Dei
1119 3680 1228 3733 vivi
1256 3695 1430 3733 unum
1457 3678 1712 3732 conliteri
1746 3694 1815 3734 ex
1847 3685 2037 3733 sancta
2075 3685 2133 3732 et
2184 3676 2329 3732 indi-

747 3771 912 3826 vidua
947 3771 1255 3825 Trinitate?
1302 3772 1411 3825 Pro
1468 3770 1573 3825 hac
1617 3771 1825 3825 etenim
1886 3770 2004 3825 sola
2050 3769 2327 3826 sententia

748 3863 1083 3934 Scytharum
1128 3863 1435 3916 monachos
1458 3871 1677 3917 constat
1697 3860 1768 3916 ad
1798 3862 2108 3916 Romanum
2154 3861 2327 3917 fuisse

744 3955 1031 4026 profectos
1084 3954 1442 4023 episcopum,
1508 3953 1656 4008 sicut
1681 3953 1942 4008 omnibus
1990 3969 2153 4023 pene,
2214 3970 2325 4009 non

744 4046 925 4100 solum
959 4044 1015 4099 in
1043 4045 1147 4099 hac
1177 4047 1326 4116 regia
1357 4044 1518 4109 urbe,
1541 4050 1734 4099 verum
1769 4047 1936 4101 etiam
1964 4048 2020 4100 in
2065 4046 2325 4101 universa

743 4138 901 4194 Italia
938 4137 1245 4193 Catholicis
1296 4148 1490 4193 notum
1523 4146 1628 4193 est.
1662 4139 1798 4193 Nam
1830 4147 1887 4192 et
1933 4138 2035 4209 ipsi
2078 4139 2326 4194 haeretici

747 4232 832 4302 (ut
851 4231 1107 4301 superius
1133 4230 1344 4286 dictum
1379 4232 1487 4301 est)
1513 4232 1581 4286 ad
1611 4232 1718 4286 hoc
1742 4231 1946 4301 ubique
1964 4231 2108 4287 hanc
2129 4233 2325 4302 ipsam,

741 4323 837 4379 cui
905 4321 1318 4392 respondimus,
1354 4322 1656 4393 Epistolam
1710 4323 2020 4392 proferunt,
2051 4333 2326 4393 quatenus

741 4424 801 4471 ct
827 4414 1140 4484 stepcdictis
1177 4414 1466 4495 monachis
1487 4413 1749 4468 invidiam
1777 4413 2082 4478 concitent,
2111 4422 2169 4468 et
2201 4428 2323 4468 om-

2430 3331 2552 3370 rum
2603 3315 2845 3384 pravitas
2882 3300 3250 3378 confutatur),
3288 3314 3383 3368 sed
3437 3314 3630 3368 inanes
3668 3323 3727 3368 et
3784 3314 4015 3369 veritati

2431 3408 2761 3471 contrarias,
2808 3405 2971 3461 docet
3023 3420 3146 3461 esse
3193 3407 3494 3462 verborum
3548 3405 4009 3472 contentionem,

2430 3498 2964 3568 subversioncmque
2993 3499 3363 3553 audientium.
3413 3498 3679 3568 Alioquin
3720 3513 4013 3568 nunquam

2432 3604 2535 3643 nos
2563 3588 2850 3658 Scriptura
2897 3588 3085 3642 divina
3119 3589 3465 3653 admoneret,
3495 3588 3724 3643 dicens:
3773 3588 3853 3642 Nc
3880 3605 4014 3642 con-

2431 3682 2677 3752 fundaris
2704 3680 2848 3752 loqui
2875 3682 3087 3736 verbum
3114 3698 3211 3752 pro
3237 3682 3421 3735 anima
3466 3688 3580 3743 tua,
3620 3691 3669 3734 et
3724 3697 3820 3749 pro
3868 3683 4015 3735 veri-

2430 3781 2540 3827 tate
2559 3780 2704 3827 certa
2731 3788 2892 3842 usque
2926 3773 2996 3826 ad
3023 3772 3345 3836 mortem";
3372 3786 3652 3839 nunquam
3675 3771 3842 3825 etiam
3862 3770 4014 3827 idem

2429 3863 2682 3933 gentium
2722 3862 2919 3917 doctor
2955 3862 3400 3916 contradicentes
3432 3862 3652 3916 Judacos
3677 3862 3792 3917 sive
3825 3863 4016 3931 genti-

2426 3956 2511 4010 les
2557 3954 2841 4009 revincere
2865 3954 3154 4024 potuisset,
3197 3954 3302 4007 nisi
3340 3953 3587 4025 legitime
3648 3953 4012 4009 deccrtasset.

2429 4044 2570 4100 Hinc
2624 4044 2863 4115 denique
2897 4087 2912 4112 ,
2962 4046 3104 4099 inter
3173 4054 3411 4109 caetera,
3465 4044 3560 4098 ubi
3617 4044 3686 4098 de
3738 4044 4016 4101 electione

2428 4138 2671 4208 episc0pi
2697 4138 2979 4208 proprium
3006 4139 3061 4193 in
3083 4136 3189 4192 lide
3213 4137 3383 4192 filium
3434 4137 3677 4201 instruit,
3727 4138 4010 4208 praecipit,

2429 4230 2654 4286 dicens:
2677 4229 3004 4300 Amplecterc
3023 4230 3263 4301 βαίη,ᾳαὶ
3279 4230 3563 4283 secundum
3587 4230 3885 4284 doctrinam
3909 4239 4013 4294 est,

2428 4320 2639 4391 ﬁdelem
2661 4338 2977 4387 sermonem,
3011 4330 3065 4375 ut
3095 4331 3277 4392 potens
3299 4321 3377 4376 sis
3405 4323 3679 4375 exhortari
3694 4324 3749 4375 in
3766 4322 4016 4375 doctrina

2427 4431 2586 4478 sana,
2616 4426 2665 4471 et
2703 4417 3121 4471 contradicentes
3181 4417 3469 4471 revincere.
3522 4415 3657 4471 Sunt
3675 4416 3817 4470 enim
3854 4415 4018 4472 multi

741 4522 845 4562 nes
873 4506 1033 4575 quasi
1054 4520 1121 4560 ex
1143 4504 1476 4563 auctoritate
1521 4503 1770 4573 ejusdem
1810 4503 2042 4559 Romani
2070 4503 2315 4574 episcopi
2356 4534 2403 4592 η
2432 4508 2785 4563 inobedientes
2812 4547 2828 4573 ,
2886 4509 3165 4579 oauitoqui
3189 4552 3203 4576 ,
3269 4520 3318 4564 et
3374 4512 3713 4577 sedat-tores,
3779 4513 4018 4567 maxime

741 4598 1152 4670 prohibeantur
1184 4597 1466 4653 Christum
1500 4597 1696 4652 Filium
1727 4596 1822 4650 Dei
1848 4612 2019 4650 unum
2066 4595 2323 4651 conﬁteri

740 4704 812 4745 ex
832 4690 1125 4745 Trinitate.
1153 4689 1260 4744 Sed
1285 4689 1414 4759 quis
1433 4689 1577 4743 hanc
1607 4688 1940 4743 sententiam
1992 4689 2324 4745 catholicam

738 4797 855 4837 non
876 4797 999 4837 esse
1024 4797 1194 4836 ausus
1223 4790 1308 4836 est
1330 4781 1599 4852 proﬁteri,
1617 4797 1782 4851 quam
1806 4781 2062 4838 universa
2094 4797 2325 4838 venera-

734 4882 837 4927 tur
875 4879 930 4926 et
965 4870 1336 4939 amplectitur
1386 4871 1482 4924 Dei
1523 4871 1807 4935 Ecclesia;
1862 4870 2206 4926 conﬁdenter
2235 4879 2324 4925 et-

740 4964 891 5020 enim
941 4963 1131 5019 dicere
1182 4961 1385 5028 audeo,
1421 4976 1530 5016 non
1591 4963 1738 5032 quod
1773 4962 1820 5017 si
1858 4978 1959 5032 per
2000 4962 2319 5033 epistolam,

736 5054 837 5109 sed
863 5054 1010 5124 quod
1038 5054 1229 5109 siviva
1258 5068 1392 5108 voce
1418 5053 1508 5107 hic
1538 5054 1592 5107 in
1635 5054 1888 5123 praesenti
1921 5055 2134 5124 positus
2176 5053 2324 5108 idem

739 5146 906 5202 Rom.
940 5144 1259 5215 prohiberet
1310 5144 1606 5214 episcopus
1637 5143 1924 5199 Christum
1980 5144 2183 5199 Filium
2214 5144 2315 5200 Dei

736 5251 915 5291 unum
950 5235 1203 5290 conliteri
1253 5249 1321 5289 ex
1365 5246 1555 5289 sancta
1602 5244 1659 5289 et
1689 5233 1979 5289 individua
2002 5235 2279 5291 Trinitate
2301 5276 2316 5300 ,

742 5342 1023 5396 nunquam
1059 5325 1242 5379 eidem
1288 5325 1385 5380 Dei
1418 5325 1660 5380 Ecclesia
1727 5327 2149 5396 acquiesceret;
2183 5344 2327 5383 nun-

742 5431 908 5485 quam
935 5415 1339 5485 utepiscopum
1372 5415 1709 5471 catholicum
1766 5430 2131 5473 veneraretur
2158 5460 2173 5484 ,
2225 5418 2323 5473 sed

739 5508 971 5564 omnino
1006 5516 1067 5560 ut
1098 5507 1421 5561 hzereticum
1453 5509 1677 5577 penitus
1736 5520 2145 5565 exsecraretur.
2182 5510 2322 5576 Quia

739 5601 997 5670 quisquis
1023 5600 1130 5654 hoc
1179 5616 1288 5654 non
1317 5601 1640 5668 confitetur,
1662 5619 1773 5657 non
1805 5603 2144 5659 estdubium
2176 5602 2325 5671 quod

819 5775 864 5806 "
894 5775 935 5831 ll
967 5775 1110 5831 Tim.
1142 5792 1199 5844 ιι,
1230 5777 1313 5833 14.
1387 5780 1432 5810 ⁸⁸
1464 5778 1635 5835 Eccli.
1675 5794 1747 5845 Iv,
1770 5779 1860 5834 5⁸5.
1939 5779 1984 5809 ’⁸
2017 5776 2126 5832 Tit.
2164 5792 2203 5843 ι,
2229 5775 2389 5832 9-H.

2432 4602 2522 4668 qui
2575 4598 2639 4650 de
2677 4598 3068 4653 circumcisione
3105 4608 3267 4665 sunt,
3312 4617 3443 4670 quos
3487 4609 3694 4671 oportet
3734 4603 4015 4672 redargui,

2430 4692 2522 4761 qui
2590 4692 2864 4746 uniuersas
2935 4690 3118 4746 domos
3186 4693 3493 4746 subvertant
3517 4729 3535 4757 ,
3600 4692 3839 4747 docentes
3894 4709 4019 4763 qua

2430 4799 2534 4836 non
2558 4791 2784 4852 oportet,
2819 4785 2989 4855 turpis
3015 4784 3149 4837 lucri
3167 4784 3343 4855 gratia
3361 4784 3430 4837 ".
3460 4783 3751 4850 Quocirca,
3771 4799 3882 4839 non
3909 4786 4020 4839 mi-

2429 4890 2554 4929 rum
2606 4875 2650 4930 si
2674 4876 2945 4931 catholica
2975 4878 3184 4931 sanitas
3217 4876 3418 4932 vulnus
3438 4877 3507 4932 ab
3544 4876 3821 4932 haereticis
3860 4878 4016 4932 testi-

2432 4974 2635 5029 metur,
2657 4966 2802 5020 sicut
2827 4973 2885 5020 et
2920 4966 2991 5021 ab
3050 4966 3158 5022 hoc
3206 4966 3303 5036 qui
3368 4965 3614 5021 studium
3652 4965 4013 5023 medicabilis

2432 5054 2711 5126 patientia:
2769 5056 3152 5111 moderatione
3200 5056 3520 5112 adhibuisse
3568 5073 3628 5112 se
3658 5059 3851 5128 jactat,
3897 5072 4017 5127 quo

2430 5146 2761 5217 Scytharum
2784 5147 3084 5201 monachos
3103 5162 3132 5201 a
3153 5147 3380 5218 proprio
3405 5156 3629 5202 sanaret
3643 5148 3902 5203 vulnere.

2501 5240 2657 5295 Unde
2683 5241 2971 5309 sequitur:
3005 5259 3024 5292 ι
3054 5240 3161 5295 Sed
3183 5241 3428 5310 quando,
3462 5240 3662 5311 inquit,
3686 5241 3841 5296 virus
3861 5241 4017 5311 quod

2427 5329 2643 5384 viscera
2692 5330 3028 5399 penetravit,
3053 5330 3351 5386 evellitur?
3385 5331 3611 5401 quando
3640 5330 3808 5386 corda
3866 5331 4017 5386 male

2426 5420 2533 5474 sibi
2591 5419 2863 5484 credula,
2919 5420 3175 5476 veritatis
3234 5420 3628 5491 obtemperant
3693 5420 4017 5475 institutis?

2426 5510 2650 5581 quando
2678 5511 2859 5566 induit
2877 5510 3211 5566 obedientite
3251 5512 3621 5567 humilitatem
3647 5511 4017 5582 opinionibus

2430 5601 2547 5657 suis
2592 5601 2795 5657 vallata
2829 5600 3128 5670 superbia?
3187 5601 3413 5670 quando
3445 5602 3809 5670 acquiescunt
3860 5599 4011 5670 paci,
