4200 6426
177 390 263 456 ισι
1063 388 1158 447 AD
1195 384 1619 446 EPISTULA.“
1662 384 2080 446 IlURMiSDJﬁ
2116 387 2560 448 llESPONSlO.

3340 390 3439 458 102

175 507 595 563 contentionum
656 498 904 557 stimulis
964 499 1205 562 assueti,
1269 499 1386 553 sola
1451 495 1752 551 certamina
1789 501 1831 557 Α
1862 498 1952 553 hic
1981 500 2243 556 Christus
2291 520 2435 558 unus
2471 506 2541 558 sit
2576 519 2644 559 ex
2683 504 2981 570 Trinitate,
3036 508 3130 562 scd
3176 510 3307 579 quia
3341 512 3438 569 Dei

176 608 398 654 aventes
416 596 488 651 de
507 595 775 668 religione
793 602 1036 663 captare,
1057 601 1112 645 et
1135 591 1392 645 mandata
1417 588 1688 658 negligere
1705 587 1756 639 1’:

177 698 288 752 Non
315 704 403 749 est
439 693 680 748 dubium
704 689 982 744 catholica
1020 688 1298 758 dogmata,
1327 688 1475 739 sicut
1508 683 1764 738 ﬁdelibus

177 785 481 850 salutifera,
521 785 598 837 ita
629 795 755 837 esse
781 779 1069 834 mortifera
1119 777 1464 832 inﬁdelibus.
1496 776 1636 830 Hinc
1659 775 1760 828 de-

179 880 340 948 nique
363 878 570 931 beatus
599 874 900 944 Apostolus
933 870 1265 942 quibusdam
1290 869 1519 923 odorem
1548 882 1607 922 se
1633 867 1767 920 dicit

179 985 291 1024 esse
328 970 461 1022 vita
493 968 768 1028 invitam,
804 964 1141 1035 quibusdam
1180 977 1318 1018 vero
1347 961 1578 1016 odorem
1611 975 1764 1013 mor-

183 1062 248 1114 tis
274 1061 329 1114 in
364 1067 609 1112 mortem
630 1057 701 1110 “.
730 1055 812 1110 Ex
835 1054 1042 1125 quibus
1063 1068 1207 1107 unus
1249 1052 1352 1106 iste
1379 1066 1501 1106 esse
1538 1051 1766 1103 omnino

181 1147 531 1203 convincitur
555 1145 649 1215 qui
685 1154 933 1198 sanctam
959 1151 1016 1196 et
1050 1141 1276 1195 veritati
1330 1138 1758 1194 convenientem

185 1243 536 1314 Scytharum,
574 1240 687 1293 imo
744 1236 1017 1291 universa
1045 1232 1322 1295 Ecclesia,
1367 1229 1769 1300 professionem

187 1337 333 1389 virus
384 1331 618 1386 noxium
675 1328 1011 1382 arbitratur.
1062 1324 1176 1379 Nec
1243 1321 1560 1384 immerito;
1617 1318 1770 1374 videt

183 1438 420 1492 namque
470 1418 714 1492 propria
777 1415 1030 1487 perﬁdia
1079 1415 1225 1469 hanc
1260 1427 1385 1468 esse
1435 1411 1769 1465 sententiam

188 1521 299 1572 sine
327 1516 505 1570 dubio
537 1511 996 1583 peremptoriam,
1030 1523 1152 1578 qua
1177 1508 1400 1562 illorum
1434 1506 1767 1569 visceribus,

185 1625 320 1677 quos
337 1606 531 1660 divina
546 1603 790 1658 custodit
812 1602 1006 1671 gratia.
1034 1599 1159 1653 ideo
1181 1613 1464 1666 nunquam
1485 1596 1770 1662 evellitur,

190 1701 310 1768 quia
355 1699 483 1768 ejus
510 1695 703 1750 vitalis
726 1691 1024 1748 suavitudo
1083 1691 1261 1746 nutrit
1304 1700 1362 1744 et
1406 1688 1555 1742 fovet
1605 1688 1773 1742 corda

191 1787 459 1844 ﬁdelium.
495 1788 599 1842 liic
624 1793 811 1840 autem
844 1783 1059 1838 idcirco
1085 1783 1406 1836 nullatenus
1449 1781 1618 1850 hujus
1646 1796 1772 1850 gra-

189 1879 633 1937 tiasuavitudini
657 1875 990 1946 acquiescit,
1009 1875 1162 1945 quia,
1189 1881 1332 1928 Sicut
1356 1873 1471 1943 ipse
1489 1873 1596 1936 ait,
1627 1886 1772 1925 nun-

188 1991 345 2044 quam
366 1972 512 2027 male
538 1971 647 2025 sibi
665 1967 890 2024 credula
917 1966 1086 2022 corda
1106 1965 1358 2034 veritatis
1387 1963 1774 2032 obtemperant

187 2066 480 2129 institutis,
502 2053 792 2132 nunquam
816 2060 1004 2115 induit
1036 2056 1371 2113 obedientia
1401 2055 1774 2110 humilitatem

188 2156 552 2227 opinionibus
567 2153 687 2209 suis
711 2152 913 2206 vallata
939 2148 1388 2221 superbia.llnde
1417 2161 1529 2201 non
1546 2148 1658 2218 jam
1695 2145 1774 2199 illi

187 2250 275 2318 qui
289 2249 616 2303 hareticam
644 2260 836 2315 pacem
855 2242 1160 2313 refugiunt,
1178 2240 1276 2296 sed
1302 2241 1406 2294 iste
1437 2240 1624 2310 potius
1639 2254 1776 2293 con-

191 2341 500 2393 tentionum
527 2338 770 2392 stimulis
808 2342 1068 2390 assuetus
1085 2334 1317 2402 penitus
1349 2329 1769 2400 comprobatur,

189 2431 272 2498 qui
292 2429 519 2484 veritati
543 2427 714 2497 impie
738 2427 1026 2489 resistens,
1049 2440 1078 2478 a
1109 2423 1380 2478 catholica
1407 2436 1541 2493 pace
1556 2421 1770 2475 dissos--

188 2519 266 2573 tit.
303 2519 425 2573 Nec
489 2517 753 2571 mandata
774 2514 988 2571 Christi
1021 2514 1332 2585 negligunt,
1385 2512 1536 2567 sicut
1585 2510 1777 2579 inique

185 2611 537 2680 obloquitur,
565 2608 664 2664 sed
685 2608 919 2663 omnino
934 2607 1280 2666 cusmdiunt.
1341 2605 1439 2674 qui
1479 2619 1590 2658 non
1620 2603 1778 2666 falsa,

187 2702 278 2757 sed
349 2718 488 2756 vera
552 2707 820 2756 exercent
848 2712 951 2769 pro
985 2697 1260 2752 catholica
1300 2695 1570 2766 religione
1603 2705 1783 2749 certa-

194 2794 368 2858 mina.
403 2792 602 2851 Adhuc
624 2791 740 2846 odii
775 2791 1118 2845 suivveneno
1160 2789 1421 2842 turbatus
1443 2824 1458 2848 .
1499 2799 1779 2856 nunquam

190 2886 405 2942 charita
417 2893 530 2938 tem
548 2898 696 2938 novo
716 2891 995 2952 praecepto
1009 2878 1475 2946 commendatam,
1496 2893 1780 2947 nunquam

191 2992 380 3046 pacem
407 2976 706 3030 Dominico
737 2975 987 3028 discessu
1023 2972 1270 3026 relictam
1297 2970 1439 3039 apud
1455 2969 1785 3040 Scytharum

191 3069 502 3124 monachos
554 3081 702 3130 esse,
748 3063 1148 3133 conqueritur:
1180 3063 1315 3131 quia
1364 3076 1463 3116 eos
1517 3059 1785 3130 prospicit

1867 589 2030 642 Verbi
2062 591 2116 643 in
2163 608 2220 645 se
2249 593 2556 648 habitantis
2590 610 2884 664 personam
2929 596 3156 663 habeat,
3204 615 3328 668 qua
3354 611 3440 657 est

1868 689 1975 731 una
2011 695 2076 732 ex
2108 680 2402 748 Trinitate,
2434 693 2494 738 ut
2520 686 2631 754 jam
2666 686 2746 740 sic
2785 687 3032 743 vicarius
3079 689 3442 758 quodammo-

1867 769 1941 822 do
1976 771 2090 823 sive
2123 773 2378 828 minister
2423 775 2496 828 sit
2522 776 2616 830 Dei
2646 777 2811 831 Vcrbi
2861 777 3142 848 Christus,
3199 797 3312 837 non
3345 799 3445 838 au-

1869 870 1978 916 tem
2013 865 2132 932 ipse
2174 865 2321 920 Deus
2357 866 2602 922 Verbum
2637 869 2708 924 sit
2757 869 3048 926 Christus:
3077 876 3230 943 quod
3274 891 3442 946 quam

1869 953 1943 1008 sit
1975 954 2226 1025 impium,
2277 960 2447 1014 etiam
2502 961 2609 1031 ipsi
2659 963 2756 1032 qui
2806 963 2914 1018 hoc
2958 976 3240 1032 asserunt,
3275 969 3445 1022 credo

1868 1045 2344 1105 animadvertunt.
2380 1051 2493 1107 [lac
2516 1053 2762 1125 denique
2793 1055 3099 1132 calliditate
3123 1074 3291 1112 unam
3323 1060 3447 1129 qui-

1869 1137 1995 1192 dem
2035 1156 2328 1210 personam
2377 1144 2662 1202 Christum
2724 1148 2974 1206 fatentur
3015 1166 3084 1206 ex
3144 1152 3443 1217 Trinitate,

1868 1241 2044 1280 unum
2066 1239 2255 1283 autem
2287 1247 2357 1285 ex
2381 1232 2654 1289 Trinitate
2682 1251 2812 1290 eum
2838 1239 3038 1294 nolunt
3066 1239 3291 1308 penitus
3309 1254 3446 1295 con-

1873 1316 2041 1372 ﬁteri.
2069 1320 2176 1386 Qui
2216 1331 2403 1376 autem
2439 1340 2550 1378 non
2583 1325 2682 1381 Dei
2731 1328 2899 1384 Verbi
2944 1345 3240 1399 personam
3281 1331 3448 1387 Chri-

1871 1418 2017 1464 stum
2059 1411 2262 1466 hahcrc
2295 1413 2560 1481 fatentur,
2608 1419 2707 1472 sed
2773 1420 2953 1489 ipsum
2981 1421 3155 1476 Deum
3198 1423 3445 1478 Verbum

1871 1499 2154 1556 Christum
2182 1505 2420 1561 credunt
2445 1517 2501 1562 et
2530 1510 2891 1578 conﬁtentur,
2935 1514 3082 1568 sicut
3118 1531 3283 1569 unam
3314 1532 3448 1586 per-

1871 1605 2064 1643 sonam
2111 1607 2178 1645 ex
2199 1591 2502 1659 Trinitate,
2533 1597 2608 1651 ita
2637 1607 2693 1652 et
2712 1614 2882 1653 unum
2915 1616 2982 1654 es
3007 1600 3280 1659 Trinitate
3307 1619 3451 1674 pra-

1872 1681 2388 1739 dicantChristum.
2419 1687 2559 1751 Quia
2613 1689 2658 1742 si
2692 1691 2838 1746 Deus
2867 1692 3111 1746 Verbum
3154 1705 3242 1749 est
3292 1696 3452 1751 Chri-

1876 1781 2017 1837 stus,
2055 1782 2111 1827 et
2159 1774 2418 1832 Christus
2474 1780 2620 1835 Deus
2661 1783 2928 1849 Verbum,
2971 1786 3121 1840 sicut
3178 1788 3454 1844 catholica

1877 1864 2056 1918 credit
2077 1866 2311 1932 sanitas,
2337 1871 2621 1936 quomodo
2645 1888 2760 1929 non
2789 1883 2877 1928 est
2919 1874 3180 1930 Christus
3214 1894 3361 1933 unus
3385 1894 3453 1934 ex

1878 1954 2172 2023 Trinitate,
2220 1960 2266 2014 si
2320 1977 2428 2016 una
2489 1979 2724 2032 persona
2784 1976 2870 2021 est
2900 1967 3046 2023 Deus
3096 1969 3339 2026 Verbum
3385 1988 3453 2028 cx

1879 2043 2196 2104 Trinitate?
2221 2051 2339 2107 Nisi
2364 2053 2511 2108 forte
2540 2055 2716 2110 Deum
2750 2058 2994 2114 Verbum
3029 2061 3146 2116 sive
3169 2061 3454 2118 Christum

1873 2138 2091 2208 aliquid
2144 2151 2346 2210 prater
2398 2146 2676 2200 naturalis
2729 2162 2985 2215 persona
3023 2161 3283 2206 asserunt
3330 2169 3456 2209 esse

1875 2229 2234 2296 vocabulum,
2264 2231 2415 2300 quod
2434 2232 2604 2288 credo
2641 2234 2832 2288 nullus
2863 2250 3110 2306 unquam
3148 2253 3320 2294 ausus
3351 2240 3458 2295 fuit

1874 2314 2268 2372 haereticorum
2328 2319 2538 2375 dicere.
2608 2321 2666 2376 Si
2725 2333 2916 2378 autem
2979 2325 3456 2392 Deum-Verbum

1878 2409 1996 2464 sive
2019 2408 2305 2466 Christum
2329 2428 2442 2468 non
2464 2414 2616 2470 aliud
2643 2416 2877 2486 aliquid,
2909 2417 3008 2473 sed
3036 2420 3311 2476 naturalis
3330 2437 3458 2492 per-

1876 2514 2028 2556 sona
2078 2503 2416 2559 vocabulum
2457 2520 2581 2561 esse
2629 2506 2972 2579 intelligunt,
3007 2512 3294 2580 quomodo
3341 2529 3458 2569 non

1876 2591 2241 2649 estChristus
2300 2611 2446 2650 unus
2472 2612 2541 2651 ex
2584 2597 2880 2664 Trinitate,
2928 2602 2976 2654 si
3018 2616 3126 2656 una
3181 2605 3460 2659 naturalis

1878 2698 2117 2752 persona
2169 2695 2256 2741 est
2306 2687 2455 2742 idem
2500 2687 2762 2744 Christus
2802 2707 2871 2745 ex
2907 2691 3350 2750 Trinitate?-Sed
3400 2695 3460 2750 in

1880 2776 1969 2831 bis
2007 2775 2258 2835 tenebris
2319 2780 2447 2836 ideo
2498 2781 2898 2850 devolvuntur,
2957 2788 3089 2856 quia
3144 2802 3258 2842 non
3303 2789 3460 2858 iuxta

1879 2869 2255 2939 compositum
2286 2872 2461 2927 Deum
2495 2875 2763 2942 Verbum,
2813 2887 2871 2933 et
2919 2878 2992 2933 ab
3023 2892 3091 2934 eo
3143 2888 3459 2950 susceptam

1881 2971 2134 3018 naturam
2149 2964 2472 3031 humanam,
2488 2982 2662 3021 unum
2690 2969 3012 3040 intelligunt
3027 2970 3340 3036 Christum,
3362 2970 3462 3028 sed

1879 3057 2033 3126 juxta
2049 3057 2278 3112 alterius
2305 3059 2361 3113 in
2376 3060 2554 3114 altero
2570 3060 3000 3127 habitationem,
3023 3062 3172 3118 sicut
3200 3064 3465 3134 superius

191 3177 290 3231 pro
317 3160 447 3214 zelo
465 3157 760 3213 catholica
777 3155 903 3211 ﬁdei
931 3171 1045 3210 non
1071 3153 1339 3219 ﬁdelium,
1358 3153 1456 3209 sed
1473 3152 1780 3209 inﬁdelium
1809 3175 1854 3236 C
1885 3146 2198 3215 docuimus,
2227 3149 2346 3204 sive
2384 3151 2691 3207 secundum
2711 3151 2949 3207 duarum
2976 3169 3344 3223 personarum
3370 3169 3463 3213 so-

193 3253 495 3322 vigilanter
552 3264 658 3319 per
709 3248 806 3303 Dei
862 3246 1097 3318 gratiam
1143 3245 1428 3301 declinare
1478 3245 1780 3301 consortia.

195 3343 440 3399 Eosdem
469 3356 584 3395 una
614 3340 927 3410 pertinacis
959 3338 1231 3409 propositi
1273 3353 1406 3392 cura
1447 3337 1671 3392 deditos
1694 3354 1782 3392 ra-

198 3434 332 3490 tioni
366 3434 520 3488 velle
568 3432 872 3502 imperare,
904 3445 1014 3484 non
1065 3429 1273 3486 cedere
1311 3429 1668 3500 impudenter
1689 3445 1785 3484 ac-

196 3536 376 3591 cusat,
414 3539 549 3580 cum
581 3539 682 3578 eos
732 3522 945 3578 veritas
967 3521 1084 3577 suis
1110 3521 1340 3593 penitus
1383 3523 1654 3593 approbat
1695 3539 1783 3578 ra-

197 3618 454 3673 tionibus
483 3616 794 3687 subjectos.
832 3615 916 3668 An
947 3613 1093 3668 forte
1139 3613 1269 3669 illos
1317 3613 1528 3669 rationi
1559 3614 1783 3678 cedere,

197 3728 305 3767 non
338 3711 630 3780 imperare
660 3707 902 3776 judicat,
937 3705 1034 3776 qui
1069 3704 1354 3760 Christum
1387 3719 1554 3759 unam
1586 3719 1783 3774 perso—

197 3817 320 3855 nam
378 3799 617 3870 quidem
661 3813 730 3853 ex
782 3793 1082 3859 Trinitate,
1117 3810 1229 3850 non
1280 3802 1470 3850 autem
1504 3809 1676 3849 unum
1716 3810 1783 3850 ev

197 3890 478 3946 Trinitate
536 3902 662 3944 esse
695 3885 981 3940 fatentur?
1027 3883 1138 3939 Sed
1197 3884 1255 3938 hi
1315 3885 1410 3954 qui
1442 3884 1551 3940 hoc
1590 3883 1786 3940 dicunt

197 3981 388 4050 potius
414 3976 626 4032 rationi
653 3974 1117 4042 velleimperare,
1145 3988 1261 4028 non
1281 3973 1538 4039 credere,
1562 3973 1787 4044 penitus

199 4073 647 4127 convincuntur.
685 4065 826 4134 Quis
842 4066 993 4122 enim
1027 4075 1138 4120 tam
1166 4066 1374 4120 stultus
1402 4075 1458 4120 et
1488 4080 1687 4120 vecors
1713 4065 1785 4120 sit

196 4164 290 4232 qui
319 4161 521 4216 dicere
553 4158 778 4222 audeat,
797 4156 1033 4212 Paulum
1063 4172 1133 4211 ex
1160 4157 1433 4226 apostolis
1463 4171 1630 4210 unam
1661 4171 1785 4212 esse

198 4261 530 4323 personam,
547 4263 658 4302 non
684 4255 873 4302 autem
905 4261 1080 4301 unum
1104 4260 1228 4300 esse
1255 4261 1323 4300 ex
1349 4247 1618 4316 apostolis
1642 4247 1785 4302 Pau-

198 4345 306 4399 lum
325 4345 352 4397 ?
410 4341 550 4397 Loci
580 4343 974 4411 opportunitas
1000 4341 1174 4411 exigit
1213 4347 1272 4394 ut
1310 4339 1732 4394 demonstretur
1753 4355 1784 4395 a

197 4434 364 4489 nobis
414 4429 665 4502 qualiter
697 4439 754 4485 et
790 4447 894 4487 cur
947 4429 1231 4497 haeretici,
1289 4445 1356 4484 ex
1385 4431 1596 4500 quibus
1633 4445 1785 4486 unus

1886 3238 2083 3294 cialem
2145 3239 2458 3296 unitionem
2518 3259 2619 3312 per
2662 3244 2896 3314 gratiam
2947 3259 3116 3300 unam
3168 3261 3466 3315 personam

1888 3331 2228 3402 intelligunt;
2246 3333 2554 3387 secundum
2579 3334 2714 3388 illud
2743 3336 2893 3404 quod
2913 3337 2969 3390 in
2987 3335 3222 3392 Actibus
3243 3345 3466 3407 aposto-

1885 3424 2066 3477 lorum
2085 3435 2313 3496 propter
2331 3427 2667 3484 concordem
2681 3428 3025 3484 voluntatem
3039 3429 3464 3500 legitur'multo-

1889 3531 2012 3569 rum
2025 3516 2427 3587 discipulorum
2441 3535 2614 3574 unum
2628 3535 2751 3576 esse
2762 3536 2861 3576 cor
2883 3529 2940 3577 et
2955 3536 3120 3576 unam
3134 3521 3378 3577 animam
3392 3519 3463 3575 ".

1961 3607 2067 3663 Sed
2094 3609 2205 3679 jam
2230 3610 2375 3679 quod
2395 3612 2671 3681 sequitur,
2700 3611 3013 3668 videamus.
3045 3631 3064 3665 ι
3104 3611 3467 3683 Contempto-

1889 3713 1999 3766 res,
2021 3701 2120 3767 ait,
2179 3703 2569 3758 auctoritatum
2624 3710 2899 3768 veterum,
2934 3718 3205 3758 novarum
3274 3699 3466 3774 cupidi

1887 3792 2280 3863 quaestionum,
2306 3794 2475 3850 solam
2503 3803 2762 3864 putantes
2793 3795 3041 3850 scientia
3065 3803 3272 3850 rectam
3295 3794 3464 3863 viam,

1888 3883 2140 3954 qualibet
2164 3893 2480 3955 susceptam
2513 3884 2778 3940 facilitate
2807 3885 3255 3942 sententiamao
3279 3886 3466 3956 impu-

1891 3973 2031 4029 dens
2061 3983 2117 4028 et
2162 3976 2332 4030 stulta
2383 3976 2776 4030 haereticorum
2832 3976 3139 4041 temeritas,
3185 3993 3309 4047 qua
3359 3977 3465 4033 sub

1889 4067 2075 4136 specie
2097 4067 2319 4136 pietatis
2341 4068 2686 4139 impietatem
2719 4077 2958 4124 conatur
2995 4076 3251 4124 astruere
3292 4072 3306 4125 l
3342 4070 3466 4126 Non

1887 4159 2037 4213 enim
2059 4167 2347 4229 putant,ut
2371 4160 2475 4226 ais,
2499 4175 2534 4214 o
2563 4161 2753 4217 infelix
2799 4159 3031 4232 perﬁdia
3059 4162 3074 4215 l
3101 4161 3198 4216 sed
3229 4163 3461 4217 omnino

1889 4262 2098 4307 rectam
2122 4251 2358 4307 credunt
2379 4267 2504 4308 esse
2526 4254 2816 4309 sententia
2838 4253 3007 4316 viam,
3033 4253 3130 4323 qui
3179 4252 3466 4308 Christum

1890 4343 2064 4398 Deum
2095 4343 2361 4410 Verbum,
2395 4353 2451 4400 et
2499 4344 2572 4400 ob
2602 4345 2709 4400 hoc
2741 4361 2912 4400 unum
2944 4344 3194 4400 fatentur
3221 4361 3291 4400 ex
3343 4345 3472 4400 Tri-

1889 4435 2088 4490 nitate.
2119 4433 2234 4490 Nec
2290 4443 2732 4506 contemptores,
2755 4436 2855 4491 sed
2880 4436 3070 4506 potius
3100 4443 3468 4492 veneratores

197 4526 537 4588 Dioscorus,
565 4536 732 4577 uuam
757 4537 1054 4593 personam
1089 4521 1379 4577 Christum
1415 4521 1786 4591 pradicantes
1816 4517 1862 4574 D
1889 4526 2287 4580 auctoritatum
2351 4534 2602 4582 veterum
2674 4527 3115 4596 comprobantur
3173 4529 3270 4598 qui
3324 4527 3468 4582 hanc

195 4632 261 4671 ex
291 4614 609 4679 Trinitate,
647 4629 816 4669 unum
846 4631 917 4670 ea
933 4614 1212 4669 Trinitate
1226 4613 1511 4671 Christum
1530 4614 1790 4669 conﬁteri

196 4708 528 4762 nullatenus
557 4707 939 4775 acquiescant.
960 4707 1260 4763 Personam
1291 4707 1460 4777 igitur
1485 4707 1583 4762 Dei
1620 4707 1787 4764 Verbi

197 4801 412 4854 habere
439 4809 709 4853 asserunt
755 4797 1067 4864 Christum,
1107 4813 1224 4853 non
1268 4809 1453 4854 autem
1487 4800 1638 4869 quod
1671 4801 1789 4870 ipse

196 4892 350 4946 Deus
381 4891 637 4946 Verbum
670 4891 747 4945 sit
793 4888 1073 4955 Christus,
1138 4891 1288 4946 sicut
1336 4907 1636 4963 personam
1690 4893 1789 4948 Dei

198 4981 509 5036 videbatur
554 4981 762 5036 habere
783 4979 946 5053 5‘2
981 4981 1254 5052 propheta
1275 5023 1290 5046 ,
1342 4984 1439 5055 qui
1477 4984 1699 5040 dicebat
1720 4985 1789 5040 ad

198 5071 472 5126 lsraelem
497 5087 510 5123 :
535 5070 698 5134 Audi,
727 5071 958 5141 populus
990 5087 1160 5136 meus,
1192 5081 1242 5125 et
1263 5072 1481 5143 loquar,
1509 5074 1718 5140 Israel;
1742 5083 1793 5129 et

198 5162 536 5230 testiﬁcabor
591 5162 683 5216 tibi
713 5176 730 5212 :
764 5161 906 5216 Deus
935 5163 1072 5218 Deus
1123 5174 1244 5218 tum
1289 5181 1410 5219 sum
1433 5183 1526 5237 ego
1557 5168 1628 5233 ",
1665 5184 1792 5224 cum

200 5272 394 5314 tamen
445 5272 560 5313 non
584 5264 735 5312 esset
772 5257 892 5327 ipse
920 5259 1090 5323 Deus,
1133 5258 1228 5313 sed
1262 5259 1354 5312 ille
1383 5260 1478 5328 qui
1508 5260 1626 5315 hac
1652 5277 1788 5316 con-

200 5348 526 5403 testabatur
555 5347 724 5403 lsrael
758 5363 858 5418 per
903 5365 1055 5414 eum,
1097 5359 1154 5404 et
1213 5358 1420 5415 tamen,
1457 5353 1613 5420 quasi
1669 5354 1788 5423 ipse

198 5453 356 5496 esset
381 5441 537 5496 Deus
577 5431 834 5495 dicebat:
876 5440 1020 5495 Deus
1051 5442 1188 5498 Deus
1231 5452 1354 5496 tuus
1381 5457 1500 5496 sum
1539 5461 1653 5514 ego.
1694 5444 1790 5499 Sc-

198 5533 453 5587 cundum
483 5532 638 5587 hunc
663 5547 798 5603 ergo
820 5534 1045 5588 modum
1072 5534 1359 5598 Christum
1394 5552 1562 5589 unam
1594 5552 1788 5607 perso-

199 5637 331 5676 nam
363 5630 631 5676 asserunt
651 5622 904 5678 haretici
936 5640 1060 5679 esse
1087 5639 1154 5678 ex
1175 5624 1474 5687 Trinitate,
1506 5641 1617 5680 non
1639 5627 1788 5697 quod

273 5801 322 5832 "
349 5799 394 5854 ll
420 5798 553 5857 Cor.
582 5817 639 5867 ιι,
681 5799 765 5854 l6.
843 5800 886 5832 "
916 5800 1057 5855 Psal.
1078 5817 1221 5864 κως,
1247 5802 1297 5855 7.
1376 5802 1558 5858 "Act.
1590 5819 1662 5868 iv,
1700 5803 1789 5859 39..

1888 4622 2138 4670 sanctam
2166 4623 2224 4670 et
2246 4617 2424 4672 totius
2458 4617 2726 4672 Ecclesia
2745 4617 3107 4682 sententiam,
3154 4633 3287 4682 non,
3318 4617 3468 4673 sicut

1891 4719 1951 4765 tu
1996 4719 2204 4764 temere
2233 4710 2770 4780 insultas,qualibet
2814 4709 3081 4766 facilitate
3127 4717 3466 4779 susceptam,

1888 4803 1986 4857 sed
2028 4805 2184 4874 juxta
2237 4803 2562 4858 divinorum
2610 4803 2978 4874 Eloquiorum
3036 4813 3094 4859 et
3145 4812 3465 4859 sanctorum

1890 4894 2117 4948 Patrum
2169 4894 2528 4950 traditionem
2566 4895 2811 4950 ﬁdeliter
2839 4895 3204 4951 cenﬁtentur.
3237 4895 3308 4951 Et
3338 4894 3468 4949 ideo

1895 5001 2006 5040 non
2028 4986 2130 5050 illi,
2159 4984 2257 5041 sed
2288 4993 2344 5040 tu
2397 4987 2586 5056 potius
2611 5001 2883 5042 novarum
2917 4986 3163 5056 cupidus
3201 4987 3466 5056 quastio-

1893 5095 2029 5133 num
2075 5077 2371 5148 detegeris,
2424 5079 2521 5148 qui
2571 5079 2746 5135 Deum
2776 5077 3063 5133 Christum
3123 5088 3381 5148 quartum
3413 5085 3474 5133 et

1893 5167 2135 5224 alienum
2171 5185 2202 5222 a
2239 5176 2430 5224 sancta
2488 5178 2546 5224 et
2605 5169 2895 5224 individua
2933 5167 3206 5224 Trinitate
3247 5167 3470 5223 conaris

1893 5276 2165 5326 asserere,
2202 5259 2349 5332 quod
2388 5261 2576 5317 nullus
2604 5277 2871 5332 unquam,
2903 5272 3105 5331 prater
3149 5259 3469 5316 Nestorium

1892 5353 2189 5424 sociosque
2215 5355 2355 5422 ejus,
2396 5353 2705 5424 pradicarc
2740 5354 2796 5408 in
2849 5353 3097 5408 Ecclesia
3152 5355 3466 5419 usurpavit,

1893 5460 2059 5513 quem
2091 5445 2219 5500 talia
2257 5444 2735 5515 hlasphemantem
2795 5457 2832 5504 a
2920 5443 3167 5498 ﬁdelium
3211 5456 3467 5508 numero,

1894 5551 2004 5590 non
2034 5536 2335 5601 immerito,
2365 5545 2687 5592 sanctorum
2712 5537 2940 5592 Patrum
2998 5533 3234 5589 exclusit
3265 5541 3322 5586 et
3351 5531 3468 5605 Iab-

1886 5628 2022 5698 jecit
2069 5629 2397 5684 auctoritas.
2439 5631 2752 5701 Exaggeras
2783 5643 2915 5682 sane
2961 5626 3145 5681 adhuc
3171 5667 3184 5688 ,
3220 5633 3277 5678 et
3325 5624 3472 5678 dicis
