4200 6426
705 373 806 438 103

1946 365 2265 425 ΙΟᾹΝΝΙΒ
2304 363 2683 425 ΜᾹΧΕλΤῖῐ

3868 353 3971 425 1οι

698 481 927 536 eosdem
970 475 1278 530 monachos
1318 487 1566 542 eousque
1599 473 1835 527 tumoris
1889 471 2086 536 elatos,
2136 480 2196 524 ut
2224 472 2292 525 ad
2327 475 2365 528 A
2398 472 2662 540 primere.
2695 491 2712 524 ι
2752 470 2856 526 Sed
2887 487 2915 525 a
2952 486 3063 540 quo
3097 486 3316 535 errore,
3351 487 3380 524 a
3414 486 3522 540 qua
3552 470 3850 526 insolentia
3876 486 3979 527 vo-

699 571 998 628 arhitrium
1033 583 1197 623 suum
1229 565 1525 634 utriusque
1555 564 1710 618 orbis
1750 570 1950 632 putent
2001 563 2282 616 inclinan-

701 667 832 722 dum
858 663 1153 734 judicium.
1215 659 1326 714 Nec
1351 659 1404 710 in
1438 671 1673 710 numero
1718 655 1967 708 fidelium
2011 653 2286 723 deputent

702 768 997 824 sequacem
1036 751 1353 804 traditionis
1383 759 1650 818 paterntc,
1683 764 1849 818 quem
1881 762 1992 801 suae
2046 747 2289 800 viderint

702 847 930 902 credere
955 844 1101 897 nolle
1155 842 1471 896 sentcntizc.
1507 841 1589 894 Tu
1630 841 1736 894 hoc
1769 849 1904 894 tunc
1940 855 2069 894 vere
2102 840 2170 893 de
2203 839 2288 894 eis

704 954 1005 1000 assercres,
1037 936 1083 990 si
1118 951 1312 990 eorum
1350 936 1684 1012 sententiam
1709 932 2047 987 contrariam
2097 933 2289 986 catho-

659 1031 674 1037 ’
703 1034 828 1088 licis
846 1046 1038 1102 posses
1063 1029 1417 1099 dogmatibus
1442 1027 1850 1096 :ipprobare.At
1876 1043 2006 1080 vero
2037 1042 2161 1080 cum
2186 1026 2290 1080 hoc

704 1127 857 1178 nulla
892 1124 1078 1178 valeas
1108 1122 1323 1174 ratione
1382 1118 1642 1182 educere,
1687 1118 1875 1186 inique
1903 1117 2132 1170 omnino
2167 1127 2289 1169 tan-

708 1226 899 1286 topere
922 1223 1115 1268 contra
1155 1226 1252 1265 eos
1288 1211 1597 1273 invehcris,
1651 1209 1746 1278 qui
1779 1211 1936 1279 juxta
1969 1217 2288 1263 sanctorum

709 1307 934 1360 l‘atrmn
967 1302 1324 1357 traditionem
1353 1300 1663 1364 Christum,
1694 1315 1860 1369 quem
1904 1314 2071 1368 super
2105 1300 2290 1352 omnia

708 1397 876 1448 Deum
911 1402 1145 1446 testatur
1197 1393 1496 1461 Apostolus
1526 1395 1591 1454 ”,
1625 1407 1795 1445 unum
1849 1392 2189 1445 conﬁtentur
2221 1405 2288 1443 ex

708 1496 896 1539 sancta
922 1495 976 1539 ct
998 1486 1166 1539 unius
1189 1489 1447 1539 essentia:
1473 1486 1771 1538 Trinitate.
1792 1484 2037 1548 Quorum
2066 1492 2292 1536 sentcn-

709 1578 803 1632 tiis
835 1593 946 1630 non
1008 1592 1281 1646 sequaces
1329 1585 1577 1645 paterna:
1632 1574 1970 1638 traditionis,
2022 1574 2118 1627 scd
2148 1574 2226 1626 illi
2262 1589 2291 1627 a

708 1683 947 1722 numero
1001 1669 1245 1721 ﬁdelium
1295 1667 1694 1730 excluduntur,
1748 1665 1843 1735 qui
1889 1680 2126 1729 eorum,
2181 1665 2292 1719 imo

710 1762 884 1815 totius
936 1761 1224 1824 Ecclesim’,
1269 1759 1613 1813 confessioni
1669 1760 1949 1814 exsistunt
2001 1757 2286 1812 contrarii.

707 1852 829 1907 1am
863 1868 991 1905 vero
1010 1852 1063 1904 in
1093 1852 1573 1922 consequentibus
1589 1852 1717 1921 quis
1743 1867 1853 1905 non
1878 1851 2063 1904 videat
2090 1861 2297 1920 quanta
2329 1832 2371 1886 Β

713 1961 810 1999 cos
835 1944 1078 2013 repletus
1107 1944 1386 1998 dementia
1418 1944 1668 1998 laceres?
1706 1962 1724 1994 ι
1763 1942 2164 2012 Docti,inquis,
2189 1942 2300 1996 cri-

735 2038 883 2091 mina
902 2053 1110 2100 serere,
1140 2037 1612 2090 obtrectationum
1675 2051 1893 2090 venena
1941 2049 2297 2103 componere,

711 2126 986 2195 intcgrqu
1029 2126 1291 2181 Ecclesiae
1317 2141 1523 2195 corpus
1541 2126 1758 2189 odisse,
1792 2125 2099 2180 seditiones
2120 2135 2301 2179 strue-

715 2236 795 2284 re,
832 2219 1095 2273 invidiam
1166 2218 1467 2286 concitare,
1529 2227 1584 2272 et
1631 2234 1733 2289 pro
1781 2217 2100 2272 obedientia
2156 2218 2301 2287 (quae

713 2312 770 2366 in
809 2312 1088 2366 coenobiis
1131 2312 1507 2380 principatum
1540 2310 1812 2380 regularis
1864 2319 2016 2365 tenet
2049 2309 2301 2379 discipli-

715 2407 822 2475 nac)
893 2405 1329 2459 obstinationem
1383 2403 1688 2474 pertinacis
1721 2419 1908 2458 amare
1957 2404 2291 2474 superbire.»

715 2497 854 2552 Cum
889 2497 1008 2551 haec
1041 2511 1153 2551 non
1207 2496 1316 2550 nisi
1351 2496 1419 2550 de
1453 2497 1566 2550 illis
1600 2511 1746 2562 vero,
1769 2505 1826 2551 et
1867 2505 2019 2550 certo
2051 2496 2300 2550 omnium

715 2586 1370 2659 assevercnturjudicio,
1400 2587 1497 2657 qui
1538 2586 2036 2641 tenebrisnefandi
2088 2587 2302 2642 erroris

714 2680 902 2734 caecati
936 2678 1230 2734 catholica:
1253 2677 1480 2732 veritati
1519 2677 1816 2743 resistunt,
1868 2687 2218 2748 quapropter
2247 2688 2301 2733 te

715 2773 902 2840 potius
926 2773 1344 2825 criminatorem
1381 2779 1437 2825 et
1470 2771 1934 2834 obtrectatorem,
1965 2771 2300 2825 seditiosum

714 2879 938 2934 quoque
963 2862 1288 2917 etinvidum
1326 2872 1493 2932 atque
1516 2873 1822 2916 amatorem
1862 2863 2165 2932 pertinacis
2205 2878 2302 2917 su-

717 2956 924 3024 perbia:
947 2965 1003 3008 et
1045 2953 1487 3019 inobedientem,
1528 2970 1639 3008 non
1668 2955 1954 3008 humanus
1995 2970 2175 3020 error,
2203 2953 2302 3010 sed

717 3049 833 3117 ipsa
866 3048 1074 3102 veritas
1107 3047 1315 3116 prodit,
1345 3048 1470 3118 ejus
1502 3055 1554 3102 te
1597 3046 1885 3101 inimicum
1915 3063 2036 3102 esse
2064 3065 2173 3103 non
2197 3048 2302 3103 du-

2394 564 2525 618 stris
2577 563 2848 625 monitis,
2912 572 3212 631 vestraque
3264 562 3693 616 mansuetudine
3742 562 3826 617 vel
3872 577 3977 616 au-

2394 662 2656 714 ctoritate
2727 658 2959 712 minime
3039 671 3138 712 eos
3225 654 3600 726 comprimere
3689 654 3980 734 potueris,

2396 753 2722 808 nullatenus
2781 752 3074 821 exprimis.
3104 749 3264 817 Quod
3321 751 3446 804 ideo
3489 749 3689 804 callide
3733 759 3982 817 praeter-

2396 847 2595 911 mittis,
2638 863 2707 900 ne
2754 846 2859 899 hoc
2906 845 3153 906 faciens,
3198 844 3553 910 temetipsum
3596 840 3888 911 profanum
3924 846 3980 893 e'l

2393 940 2630 1010 impium
2659 941 2906 1010 detegas.
2941 937 3032 1001 Et,
3064 954 3097 991 ο
3135 938 3343 991 invicta
3375 937 3601 997 veritas,
3641 951 3764 1004 qua:
3814 949 3984 988 annn-

2395 1035 2576 1088 Iorum
2616 1022 3056 1086 obtrectationes
3118 1029 3175 1082 in
3211 1028 3546 1082 famulorum
3595 1035 3813 1080 tuorum
3843 1039 3984 1078 con-

2397 1123 2573 1177 vertis
2599 1124 2832 1192 gloriam
2875 1124 2889 1176 ι
2929 1123 3221 1189 Nunquam
3283 1119 3493 1173 etenim
3534 1133 3682 1183 reor,
3724 1115 3986 1186 quamvis

2396 1213 2661 1269 laudandi
2726 1213 2917 1267 fideles
2977 1211 3252 1280 cupidus,
3321 1209 3393 1263 ad
3452 1221 3649 1262 eorum
3703 1206 3985 1276 praiconia

2397 1305 2883 1361 constantiushzcc
2912 1303 3102 1357 dicere
3148 1300 3447 1371 potuisses,
3489 1314 3612 1369 quae
3647 1313 3797 1352 nunc
3821 1296 3984 1366 quasi
4013 1333 4015 1335 -

2397 1395 2456 1450 in
2491 1395 2958 1464 vituperationem
2991 1392 3623 1453 monachorum,contra
3655 1402 3795 1456 quos
3817 1401 3987 1455 agere

2396 1485 2629 1549 videris,
2665 1481 3067 1552 conscripsisse
3089 1489 3140 1535 le
3174 1480 3379 1535 credis.
3404 1479 3542 1533 Nam
3566 1475 3844 1546 quomodo
3872 1490 3985 1528 non

2400 1579 2456 1634 in
2496 1593 2694 1633 eorum
2729 1575 2974 1639 laudem,
3005 1583 3062 1628 et
3115 1573 3185 1628 ad
3226 1582 3378 1628 tuam
3429 1571 3814 1628 confusionem
3867 1568 3991 1621 hzec

2399 1669 2690 1739 scripsisse
2722 1667 2996 1722 veraciter
3033 1663 3433 1736 intelligendus
3456 1679 3538 1730 es,
3584 1663 3681 1732 qui
3718 1678 3828 1716 non
3867 1675 3991 1712 mo-

2399 1762 2557 1826 nitis,
2609 1776 2721 1815 non
2761 1755 3214 1820 mansuetudine,
3273 1770 3386 1809 non
3417 1753 3756 1809 auctoritate
3786 1766 3882 1806 eos
3915 1749 3990 1802 ad

2403 1861 2552 1906 tuam
2601 1850 2934 1920 pravitatem
2993 1847 3245 1917 potuisse
3297 1840 3664 1915 detorqueri,
3735 1840 3990 1911 propriis

2401 1940 2686 2000 attestaris
2720 1939 3162 1996 assertionibus?
3206 1937 3364 1992 Nunc
3385 1937 3498 2006 jam
3529 1933 3822 2004 sequentia
3850 1946 3990 1986 con-

2401 2033 2700 2090 sideranda
2731 2040 2883 2097 sunt,
2915 2031 3007 2086 ubi
3033 2044 3294 2100 perverso
3324 2029 3522 2084 ordine
3553 2043 3618 2082 ea
3652 2043 3774 2097 quae
3799 2027 3993 2080 Romae

2401 2135 2597 2182 contra
2622 2127 2772 2195 ipsos
2794 2133 2918 2179 acta
2953 2130 3082 2178 sunt
3121 2121 3427 2176 monachos
3472 2118 3742 2191 dirigens,
3786 2125 3992 2172 cuncta

2403 2217 2672 2272 mentitus
2702 2231 2816 2271 es.c
2854 2215 2918 2270 ιη
2941 2213 3250 2284 publicum,
3274 2211 3485 2282 inquis,
3515 2227 3693 2281 usque
3724 2209 3995 2280 prodiere

2403 2318 2766 2372 conventum,
2793 2317 2851 2363 et
2878 2307 2948 2362 ad
3007 2307 3432 2362 concussionem
3465 2306 3678 2376 quietis
3722 2304 3874 2360 circa
3905 2318 3997 2358 re-

2404 2415 2536 2471 gum
2566 2400 2733 2454 etiam
2759 2407 2975 2454 statuas
3009 2399 3401 2462 inclamantes,
3433 2407 3489 2452 et
3533 2398 3640 2451 nisi
3681 2396 3860 2452 fidelis
3894 2411 3998 2466 po-

2403 2493 2521 2563 puli
2565 2491 2884 2546 constantia
2934 2491 3254 2556 restitisset,
3301 2508 3405 2561 per
3442 2491 3732 2546 diabolica:
3770 2490 3990 2544 semina

2404 2583 2643 2640 nefanda
2684 2583 2910 2638 zizania:
2941 2583 3089 2654 apud
3112 2599 3210 2639 eos
3247 2583 3658 2638 dissensionem
3697 2590 3754 2635 et
3775 2581 3996 2637 discor-

2404 2679 2551 2733 diam
2599 2679 3060 2741 commovissem,
3107 2693 3209 2747 per
3254 2693 3395 2748 quos
3451 2677 3735 2748 adjutorio
3760 2676 3856 2732 Dei
3919 2675 3995 2730 de

2405 2771 2632 2840 regione
2663 2786 2857 2824 eorum
2882 2777 2968 2823 est
2988 2769 3147 2838 pulsa
3179 2769 3472 2824 dissensio.
3509 2789 3526 2821 ι

2477 2862 2522 2919 Ο
2550 2865 2689 2918 mira
2721 2863 3065 2918 furiosorum
3098 2864 3341 2926 accitas,
3368 2873 3426 2917 ct
3452 2879 3483 2917 a
3512 2862 3748 2918 veritate
3783 2861 4001 2917 aliena—

2408 2967 2592 3012 tarum
2637 2955 2910 3011 mentium
2965 2955 3267 3010 criminosa
3319 2954 3538 3009 fallacia
3576 2953 3808 3022 lNeque
3839 2953 3995 3008 enim

2406 3050 2490 3106 fas
2521 3061 2605 3106 est
2635 3061 2744 3106 tam
2771 3058 2963 3120 aperte
2991 3065 3151 3120 posse
3191 3049 3418 3103 mentiri
3452 3049 3612 3102 Rom.
3645 3049 3997 3118 episcopum.

719 3141 874 3195 hium
903 3151 1010 3205 est,
1046 3141 1190 3195 sicut
1221 3140 1481 3210 superius
1517 3155 1662 3209 saepe
1697 3140 2078 3210 probavimus.
2101 3141 2304 3196 Levius
2331 3164 2374 3222 ο
2406 3143 2554 3199 Bene
2585 3152 2802 3198 certum
2834 3152 2919 3197 est
2941 3143 3204 3197 omnibus
3231 3143 3420 3197 Romae
3443 3141 3797 3210 degentibus,
3843 3140 3998 3210 quod

717 3235 924 3288 etenim
958 3242 1044 3288 est
1072 3233 1375 3303 cujuslibet
1409 3231 1652 3286 hominis
1687 3249 1851 3302 quam
1888 3233 1983 3286 Dei
2036 3249 2158 3286 esse
2196 3234 2305 3287 cri-

719 3309 1070 3379 minatorem.
1122 3325 1347 3377 Annon
1383 3331 1468 3376 cst
1516 3323 1788 3378 adversus
1841 3323 2016 3378 Deum
2075 3324 2306 3379 crimina

719 3433 932 3479 serere,
963 3425 1020 3472 et
1075 3416 1544 3470 obtrectationum
1587 3431 1800 3470 venena
1847 3431 2208 3486 componere,
2239 3418 2307 3473 de

718 3522 786 3560 co
818 3523 940 3576 quae
972 3507 1105 3560 falsa
1132 3513 1261 3559 sunt
1294 3504 1622 3575 praedicare,
1684 3507 2154 3576 adversariosque
2187 3510 2308 3578 ejus

719 3595 1058 3650 defendere?
1094 3595 1231 3660 Quis
1284 3603 1469 3648 autem
1508 3603 1619 3648 tam
1660 3597 1866 3650 stultus
1913 3607 1970 3651 et
2011 3597 2186 3652 hebes
2211 3599 2303 3662 sit,

720 3687 816 3756 qui
845 3704 953 3741 non
983 3703 1112 3741 eum
1151 3685 1598 3752 inobedientem,
1641 3689 1944 3757 superbum
1975 3698 2031 3744 et
2063 3691 2309 3759 pertina-

720 3795 840 3834 ocm
864 3781 1102 3851 judicet,
1129 3794 1294 3848 quem
1322 3777 1476 3832 videt
1520 3780 1576 3832 in
1625 3780 1854 3849 proprio
1885 3796 2082 3835 errore
2133 3781 2310 3836 obsti-

722 3879 852 3924 nate
903 3870 1246 3938 persistere,
1308 3878 1365 3922 et
1420 3868 1719 3923 catholicis
1761 3869 1908 3924 nolle
1953 3871 2310 3940 dogmatibus

723 3961 962 4016 cedere?
994 3961 1105 4016 Aut
1134 3962 1260 4030 quis
1310 3977 1423 4016 non
1485 3977 1615 4015 eum
1647 3962 1836 4031 potius
1868 3972 2025 4016 certo
2077 3971 2135 4017 et
2175 3978 2310 4018 vero

719 4055 932 4126 judicio
958 4055 1267 4110 seditiones
1295 4063 1538 4118 struere,
1591 4065 1650 4110 et
1709 4055 1977 4110 invidiam
2025 4057 2309 4111 concitare

722 4155 938 4216 arguat,
965 4161 1131 4215 quem
1154 4147 1425 4216 perspicit
1459 4147 1730 4203 adversus
1751 4147 2070 4202 Catholicos
2119 4147 2309 4218 iniqua

726 4238 964 4292 dilatare
1000 4237 1320 4293 mendacia?
1341 4239 1630 4304 Quomodo
1653 4249 1840 4294 autem
1891 4256 2000 4295 non
2034 4241 2310 4311 integrum

724 4330 995 4386 Ecclesia:
1028 4345 1236 4398 corpus
1262 4331 1450 4386 odisse
1476 4333 1557 4386 illi
1597 4332 2094 4403 potiusjudicandi
2155 4342 2307 4400 sunt,

724 4422 820 4492 qui
854 4422 1102 4492 perfidite
1133 4437 1247 4476 sua:
1270 4439 1487 4477 venena
1518 4423 1573 4478 in
1595 4426 1718 4495 ejus
1765 4423 2012 4478 membra
2035 4433 2311 4478 conantur

724 4513 1063 4579 diﬂ'undere,
1121 4529 1298 4584 caque
1331 4530 1361 4568 a
1397 4517 1622 4585 propria
1649 4525 1706 4570 et
1756 4516 2051 4570 salutifera
2087 4518 2306 4587 profes-
2339 4501 2385 4557 Ῑ)

723 4609 879 4663 sione
914 4607 1208 4662 avertere?
1233 4607 1382 4677 quod
1419 4615 1470 4661 te
1500 4616 1556 4661 et
1581 4623 1776 4662 omnes
1799 4608 1895 4678 qui
1932 4609 2033 4664 tibi
2061 4625 2300 4666 consen-

725 4701 876 4754 tiunt
921 4699 1150 4768 implere
1196 4699 1341 4753 velle
1405 4714 1514 4753 non
1552 4699 1787 4753 dubium
1823 4710 1928 4766 est,
1982 4703 2076 4771 qui
2110 4703 2307 4759 callida

727 4790 1196 4860 tergiversatione
1251 4789 1535 4845 Christum
1587 4791 1791 4844 Filium
1827 4809 2000 4846 unum
2041 4811 2152 4849 non
2189 4811 2312 4852 esse

727 4898 796 4936 ex
831 4881 1105 4936 Trinitate
1144 4880 1450 4950 praedicare
1492 4883 1856 4938 contenditis.
1917 4885 2169 4941 Monachi
2215 4904 2314 4943 au-

729 4984 864 5037 tem,
903 4989 1045 5044 quos
1083 4973 1273 5043 inique
1303 4974 1534 5039 laceras,
1566 4976 1634 5028 ‘in
1669 4983 1887 5030 tantum
1936 4978 2007 5032 ab
2050 4979 2157 5034 hoc
2196 4986 2311 5035 cri-

731 5067 882 5121 mine
919 5067 1088 5120 alieni
1115 5077 1266 5132 sunt,
1303 5076 1365 5122 ut
1395 5085 1682 5138 nunquam
1714 5085 1813 5140 per
1867 5071 1964 5126 Dei
2012 5074 2249 5142 gratiam
2283 5092 2310 5131 a

730 5159 1008 5214 catholica
1037 5161 1428 5214 communione
1465 5161 1850 5228 discesserint,
1882 5165 2013 5220 licet
2060 5166 2128 5220 ad
2169 5177 2309 5222 tem-

734 5268 860 5323 pus,
913 5255 1180 5308 nonnulla
1235 5254 1480 5309 secunda
1509 5255 1565 5309 in
1605 5255 1851 5310 Orientis
1884 5259 2134 5327 partibus
2165 5269 2313 5328 orta,

732 5345 1186 5400 Occidentalibus
1215 5346 1483 5401 Ecclesiis
1510 5348 2076 5406 communicavcrint.

803 5435 1001 5491 Adhuc
1037 5453 1169 5493 sane
1203 5453 1312 5492 non
1355 5439 1749 5504 tonfunderis,
1810 5441 1906 5496 sed
1947 5442 2315 5512 impudentis-

734 5528 872 5582 sima
897 5527 1078 5582 fronte
1113 5530 1368 5598 sequeris
1393 5531 1645 5585 etdicis:
1681 5531 1840 5587 «Non
1879 5535 2164 5603 potuimus
2192 5537 2316 5594 illos

733 5617 986 5681 monitis,
1021 5633 1129 5671 non
1164 5621 1615 5686 mansuetudine,
1645 5640 1754 5678 non
1782 5625 2117 5682 auctoritate
2155 5644 2313 5684 com-

813 5790 855 5818 "
880 5795 1034 5848 llom.
1068 5811 1140 5860 Ix,
1164 5797 1214 5850 fi.

2411 3236 2513 3307 ipsi
2548 3235 2806 3290 monachi
2840 3235 2908 3290 de
2962 3235 3052 3289 his
3083 3251 3206 3304 qua:
3255 3233 3400 3310 circa
3447 3248 3506 3288 se
3536 3241 3656 3287 acta
3681 3241 3835 3298 sunt,
3881 3242 3998 3286 tam

2409 3335 2720 3381 memorato
2745 3326 3011 3394 episcopo
3040 3340 3206 3393 quam
3249 3324 3421 3376 etiam
3463 3322 3840 3388 senatoribus,
3891 3337 4003 3376 nec

2410 3433 2522 3470 non
2550 3418 2825 3470 universae
2880 3416 3142 3470 Ecclesiae
3199 3414 3425 3484 scriptis
3475 3422 3791 3468 contestata
3840 3420 4000 3466 sunt.

2410 3507 2661 3561 llumana
2684 3519 2925 3574 namque
2960 3504 3266 3558 tentatione
3297 3513 3613 3573 prteventus
3645 3502 3794 3558 idem
3828 3502 3998 3557 Rom.

2409 3600 2925 3668 episcOpus,ulpotc
2943 3597 3293 3651 mortalitatis
3309 3595 3491 3651 adhuc
3513 3595 3732 3650 sarcina
3751 3610 4003 3666 praegra-

2408 3698 2604 3755 vatus,
2628 3697 2922 3760 postquam
2947 3689 3217 3759 comperit
3248 3689 3454 3743 reverti
3507 3689 3862 3753 Dioscorum,
3900 3701 4004 3740 γοα

2408 3783 2532 3838 lens
2563 3783 2615 3837 ei
2647 3792 2911 3852 przestarc
2946 3782 3053 3834 hoc
3077 3779 3442 3843 beneficium,
3480 3795 3549 3834 ne
3581 3779 3638 3832 in
3670 3777 3898 3849 publico
3927 3777 4002 3832 ab

2409 3875 2620 3931 eisdem
2685 3874 2973 3928 monachis
3037 3881 3368 3942 argueretur
3421 3870 3754 3934 haereticus,
3809 3867 4003 3924 missis

2412 3967 2804 4023 defensoribus
2845 3981 2971 4021 cum
3032 3965 3240 4036 ingenti
3275 3964 3541 4018 violentia
3599 3978 3694 4017 eos
3734 3961 3805 4016 ab
3855 3961 4001 4016 urbe

2414 4065 2590 4123 Roma
2627 4063 2816 4117 subito
2866 4061 3019 4116 exire
3080 4060 3374 4130 compulit,
3407 4073 3725 4129 quanquam
3792 4057 4002 4128 saepius

2413 4155 2638 4227 publice
2657 4164 2714 4209 et
2743 4153 3028 4225 privatim,
3048 4163 3158 4208 tam
3196 4153 3250 4205 in
3277 4161 3561 4206 conventu
3609 4148 4000 4204 ecclesiastico

2412 4263 2576 4318 quam
2601 4248 2768 4302 etiam
2795 4246 3046 4301 omnium
3071 4253 3418 4307 senatorum,
3445 4243 3529 4298 eis
3557 4243 3822 4297 veniente
3861 4241 4001 4296 Dio-

2414 4355 2575 4397 scoro
2625 4339 2966 4393 audientiam
3021 4336 3153 4392 dare
3189 4345 3336 4392 esset
3367 4335 3673 4406 pollicitus.
3717 4333 3824 4400 Qui
3870 4348 4001 4388 cum

2413 4431 2484 4486 ab
2513 4431 2649 4501 ipsis
2671 4429 3068 4484 defensoribus
3091 4427 3283 4498 egredi
3334 4435 3692 4499 urgerentur,
3724 4425 4004 4496 compulsi

2414 4533 2545 4578 sunt
2577 4524 2634 4576 in
2659 4522 2799 4577 locis
2833 4521 3078 4592 publicis
3116 4521 3382 4590 populum
3409 4517 3740 4583 contestari,
3779 4532 3850 4571 ne
3874 4524 4006 4586 post

2413 4631 2574 4672 suum
2593 4615 2898 4670 discessum
2931 4615 3072 4669 clam
3106 4628 3203 4668 eos
3236 4612 3536 4668 recessisse
3579 4611 3834 4666 fautores
3865 4607 4007 4663 Dio-

2413 4709 2560 4764 scori
2605 4707 2751 4777 apud
2796 4707 3102 4762 Ecclesiam
3157 4704 3535 4769 diﬂ‘amarent,
3589 4704 3739 4758 unde
3788 4703 4002 4758 factum

2413 4811 2497 4856 est
2528 4811 2588 4855 ut
2616 4801 2815 4856 saltem
2851 4800 2934 4854 eis
2989 4814 3158 4867 parva
3189 4798 3384 4851 dilatio
3422 4805 3800 4866 praestaretur,
3826 4813 4008 4867 quan-

2415 4888 2510 4941 diu
2541 4903 2599 4941 se
2636 4887 2839 4942 exinde
2869 4887 3057 4956 egredi
3089 4895 3487 4956 praepararent,
3539 4887 3644 4940 sub
3693 4903 3806 4956 quo
3857 4896 4007 4941 tem-

2420 4993 2552 5048 pore
2577 4977 2825 5046 scriptis,
2855 4976 3040 5031 omnia
3087 4992 3210 5046 qua:
3257 4976 3312 5030 in
3360 4976 3518 5048 543
3559 4992 3617 5031 se
3664 4989 3814 5046 gesta
3848 4993 4006 5043 sunt,

2420 5070 2656 5124 facultas
2687 5069 2813 5122 data
2874 5077 2959 5123 est
2998 5069 3375 5123 contestandi.
3428 5069 3588 5134 Quod
3637 5079 3819 5124 tamen
3857 5086 4007 5123 nun-

2420 5178 2584 5232 quam
2618 5161 2798 5216 facere
2823 5149 3156 5230 potuissent,
3195 5161 3298 5215 nisi
3333 5162 3435 5216 hoc
3471 5162 3552 5215 eis
3586 5161 3869 5216 Romanus
3899 5177 4011 5230 po-

2421 5258 2585 5328 pulus
2628 5256 2997 5326 praestitisset,
3030 5256 3157 5324 qui,
3188 5256 3319 5310 licet
3365 5271 3467 5326 pro
3500 5257 3582 5310 eis
3611 5256 3838 5311 minime
3877 5273 4015 5326 pro-

2421 5349 2710 5412 clamaret,
2741 5347 2858 5417 ipsa
2885 5355 3069 5401 tamen
3098 5362 3194 5400 sua
3243 5347 3408 5400 tacita
3438 5347 3881 5401 murmuratione
3909 5347 4008 5401 de-

2421 5443 2701 5504 fensores,
2757 5440 2852 5509 qui
2921 5454 3020 5492 eos
3065 5438 3266 5492 exinde
3317 5439 3504 5507 egredi
3563 5438 4010 5510 compellebant,

2422 5533 2740 5594 deterrens,
2777 5531 2908 5584 fecit
2939 5539 2997 5583 ut
3045 5546 3240 5584 eorum
3274 5531 3517 5583 violenta
3569 5530 3824 5599 expulsio
3883 5530 4015 5584 uni-

2421 5643 2594 5684 versae
2642 5627 2903 5683 Ecclesia:
2951 5626 3341 5682 innotesceret.
3395 5626 3518 5680 Non
3567 5641 3702 5697 ergo
3761 5622 3846 5696 (ut
3903 5625 4014 5681 iste
