4200 6426
235 388 329 452 105

1123 383 1224 444 AD
1261 379 1689 444 EPISTOLAM
1728 377 2150 440 HORMISDA‘J
2190 379 2627 440 RESPONSIO.

3400 379 3502 441 l06

237 497 520 567 mentitur)
569 496 830 569 pepulus,
884 495 981 550 sed
1025 495 1349 552 defensores
1386 493 1672 560 Ecclesiae,
1725 509 1823 550 eos
1851 497 1898 555 Α
1925 491 2082 560 Quod
2110 504 2294 547 autem
2327 509 2455 548 sero
2480 508 2537 547 se
2560 491 2826 562 probasse
2853 491 3077 555 fatetur,
3108 493 3212 548 hoc
3264 492 3499 562 Aposto-

236 591 438 648 exinde
493 588 688 659 egredi
740 588 1159 657 compulerunt.
1195 587 1385 658 Neque
1424 587 1576 642 enim
1624 598 1820 658 sponte

236 684 418 739 suain
455 681 686 752 publico
745 679 1094 750 prodierunt,
1128 691 1190 735 ut
1237 682 1439 735 merito
1487 682 1557 734 ad
1588 695 1822 734 concus-

237 775 448 830 sionem
477 773 705 842 quietis,
753 772 870 826 sive
931 772 999 825 ad
1034 771 1476 842 dissipationem,
1520 779 1577 825 et
1614 770 1825 824 discor-

237 867 380 920 diam
408 863 1019 929 commovendam,hoc
1052 879 1149 919 eos
1174 863 1369 920 fecisse
1403 864 1640 934 quilibet
1676 871 1825 918 recte

238 957 600 1029 diiudicaret,
634 956 733 1010 sed
770 956 1043 1011 violenter
1067 956 1133 1009 ad
1163 956 1269 1010 hoc
1302 964 1432 1010 sunt
1456 955 1646 1011 venire
1670 971 1824 1010 com-

240 1049 403 1119 pulsi.
453 1047 593 1102 Nam
640 1046 714 1101 ita
742 1047 858 1100 haec
925 1061 984 1100 se
1037 1046 1270 1108 habere,
1328 1047 1500 1101 etiam
1553 1061 1623 1100 ex
1650 1046 1826 1116 ipsius

239 1139 400 1194 istius
467 1137 659 1191 verbis
721 1137 886 1191 facile
930 1135 1260 1201 educentur,
1300 1137 1510 1205 quibus
1538 1151 1636 1190 eos
1681 1137 1827 1190 circa

241 1245 430 1301 regum
483 1238 699 1283 statuas
749 1230 954 1283 asserit
1009 1227 1360 1290 inclamasse,
1409 1227 1560 1298 quod
1609 1227 1828 1289 nullus,

240 1324 341 1377 nisi
362 1321 896 1392 quiviolentissime
924 1320 1275 1381 molestatur,
1312 1319 1494 1373 facere
1545 1317 1831 1387 compelli-

241 1414 640 1480 tur.Quamvis
669 1429 780 1466 non
819 1412 980 1480 quasi
1017 1412 1182 1480 regiae
1224 1411 1516 1480 potestatis
1560 1410 1828 1464 auxilium

240 1507 554 1577 agitantes
624 1505 794 1576 (sicut
864 1504 1105 1558 heretici
1164 1503 1440 1573 iactitant)
1497 1517 1643 1570 sape
1693 1499 1829 1555 dicti

241 1596 501 1651 monachi
549 1597 696 1650 circa
754 1611 945 1665 regum
998 1603 1208 1648 statuas
1249 1593 1691 1654 inclamaverint,
1733 1590 1831 1645 sed

240 1699 544 1760 postquam
577 1704 606 1742 a
646 1689 772 1741 loco
821 1686 1294 1756 quemadmodum
1341 1694 1693 1757 acceperant,
1729 1699 1832 1754 pro

243 1782 510 1836 mandato
535 1779 786 1848 ejusdem
815 1779 1049 1832 Romani
1083 1780 1330 1849 episcopi
1358 1776 1829 1847 fuerantexpulsi,

243 1873 297 1927 in
325 1873 564 1942 publico
599 1873 992 1926 consistentes.
1026 1871 1128 1926 Ubi
1159 1888 1290 1925 casu
1325 1886 1516 1941 regum
1562 1870 1836 1940 imagines

243 1965 488 2026 fuerant,
524 1961 673 2032 quod
720 1961 977 2030 petitioni
1010 1978 1123 2017 suae
1153 1962 1441 2017 audientia
1459 1963 1836 2030 denegarctur

243 2058 451 2128 populo
483 2055 785 2109 eontestati
817 2063 968 2108 sunt.
993 2053 1104 2108 Cur
1137 2070 1268 2123 ergo
1308 2056 1391 2110 eis
1438 2053 1619 2109 ﬁdelis
1645 2050 1836 2122 populi

247 2149 584 2208 constantia,
623 2157 684 2202 ut
712 2147 817 2200 iste
859 2147 1019 2209 dicit,
1074 2149 1385 2208 resisteret,
1438 2161 1580 2215 quos
1617 2143 1840 2198 videbat

244 2257 342 2313 pro
382 2241 494 2294 sibi
518 2237 735 2309 ingesta
765 2238 1028 2294 violentia
1053 2254 1383 2309 progressos
1421 2238 1486 2291 ad
1511 2236 1839 2307 publicum?

242 2331 339 2387 sed
361 2347 552 2400 neque
604 2331 690 2386 eis
739 2331 923 2400 aliqua
958 2330 1065 2385 fuit
1102 2331 1157 2384 in
1213 2331 1437 2400 publico
1483 2329 1836 2398 disceptatio,

246 2431 306 2477 ut
338 2424 552 2478 merito
573 2431 936 2492 exasperatus
974 2425 1214 2493 populus
1235 2463 1249 2487 ,
1285 2437 1384 2477 eos
1415 2437 1444 2475 a
1481 2422 1598 2477 suis
1648 2421 1839 2491 expel-

243 2512 387 2569 leret
426 2513 777 2582 regionibus.

309 2607 525 2661 Verum
541 2607 587 2660 si
612 2605 942 2676 diligentius
966 2605 1083 2661 haec
1108 2607 1272 2661 istius
1301 2605 1472 2660 verba
1492 2604 1837 2666 consideres,

243 2696 502 2752 invenies
547 2711 678 2750 eum
733 2697 906 2751 etiam
969 2697 1281 2751 Romanum
1357 2697 1623 2766 populum
1674 2711 1838 2764 quem

243 2783 471 2840 fidelem
501 2788 724 2850 asserit,
789 2802 901 2842 non
935 2788 1114 2841 solum
1145 2795 1206 2841 ut
1258 2786 1591 2850 violentum,
1625 2799 1844 2839 verum-

244 2881 439 2941 etiam,
471 2886 538 2932 ut
566 2879 893 2934 hmreticum
924 2895 1211 2935 accusare.
1244 2881 1380 2935 Nam
1405 2880 1451 2933 si
1486 2879 1555 2934 de
1585 2879 1678 2934 illa
1711 2895 1806 2934 sen
1826 2911 1838 2920 -

247 2971 448 3035 tentia,
483 2987 654 3041 quam
688 2973 948 3026 universa
977 2972 1072 3027 Dei
1102 2982 1252 3027 tenet
1287 2981 1344 3026 et
1373 2971 1623 3027 defendit
1646 2971 1840 3027 Eccle-

245 3061 350 3125 sia,
397 3062 694 3117 monachis
740 3063 795 3116 in
826 3063 1052 3132 publico
1098 3063 1537 3134 disputantibus,
1575 3063 1681 3118 hoc
1731 3071 1837 3127 est,

1932 583 2044 636 lum
2092 584 2415 654 prophetica
2450 599 2584 638 voce
2644 583 2852 638 dixisse
2906 598 3016 637 non
3051 595 3137 638 est
3182 586 3408 650 mirum.
3452 583 3502 640 si

1929 674 2198 731 hactenus
2221 676 2405 732 surdis
2430 677 2663 732 auribus
2696 676 2955 732 eumdem
2986 674 3230 731 audierit
3263 677 3501 746 Aposto-

1928 765 2042 820 lum
2069 767 2176 821 hoc
2224 768 2476 836 quotidie
2505 769 2559 823 in
2600 767 2848 823 Ecclesia
2891 769 3246 833 clamantem,
3294 770 3388 836 qui
3435 783 3506 822 ne

1928 872 2078 912 nunc
2127 858 2354 926 quidem
2412 859 2526 912 vim
2577 858 2894 928 apostolicae
2951 858 3242 912 sententiae
3291 856 3508 912 intelle-

1929 947 2075 1002 xisse
2096 948 2471 1002 convincitur.
2508 949 2757 1004 Ecclesia
2778 959 2960 1005 autem
2984 949 3082 1005 Dei
3111 948 3198 1003 his
3221 948 3352 1004 olim
3386 963 3510 1004 mo-

1934 1034 2069 1089 nitis
2102 1037 2452 1105 praemunita,
2501 1037 2685 1093 sciens
2708 1055 2991 1108 nunquam
3016 1039 3310 1094 haereticos
3346 1054 3510 1110 posse

1941 1126 2250 1196 quiescere,
2286 1129 2578 1200 vigilanter
2616 1145 2941 1196 occurrens,
2960 1145 3158 1186 eorum
3205 1128 3374 1185 falsas
3403 1131 3505 1186 de-

1932 1222 2099 1276 struit
2127 1223 2483 1278 assertiones.

2003 1313 2133 1366 Post
2158 1313 2273 1368 hate
2295 1314 2515 1369 tandem
2537 1315 2771 1371 satiatus
2788 1332 2890 1371 nec
2907 1314 3137 1382 habens,
3155 1315 3344 1381 credo,
3362 1314 3512 1386 quod

1933 1403 2202 1458 adversus
2228 1403 2455 1459 eosdem
2509 1408 2813 1463 monachos
2859 1423 2960 1463 sua
3000 1408 3106 1464 sibi
3139 1409 3353 1464 fallacia
3380 1425 3513 1479 sug-

1935 1502 2111 1564 gerat,
2141 1495 2391 1566 adiungit
2421 1495 2614 1552 dicens
2641 1514 2655 1551 :
2685 1497 2810 1552 Haec
2841 1498 2967 1554 ideo
3003 1499 3288 1554 dilectioni
3317 1511 3514 1557 vestra

1937 1587 2229 1642 indicanda
2254 1588 2358 1643 sub
2384 1589 2674 1644 occasione
2707 1591 3009 1657 credimus,
3046 1609 3116 1647 ne
3141 1593 3188 1647 si
3216 1593 3348 1648 illuc
3391 1594 3514 1648 fue-

1936 1680 2047 1734 rint
2085 1679 2228 1735 forte
2268 1679 2462 1745 delati,
2494 1681 2813 1751 ignorantes
2861 1683 3332 1753 quemadmodum
3365 1701 3427 1741 se
3458 1687 3516 1740 in

1945 1771 2198 1826 Romana
2231 1773 2371 1826 urbe
2400 1773 2712 1842 gesserint,
2755 1773 2942 1843 aliqua
2965 1776 3258 1831 verborum
3281 1778 3519 1833 simula-

1937 1864 2088 1919 tione
2103 1864 2318 1935 aliquos
2339 1875 2555 1936 possunt
2570 1865 2846 1937 decipere.
2867 1868 2970 1935 Qui
2990 1885 3118 1924 vere
3137 1871 3282 1926 scire
3302 1871 3522 1926 deside-

1938 1964 2042 2017 rat,
2065 1972 2131 2010 ex
2161 1971 2353 2011 eorum
2380 1957 2885 2014 contestationibus
2906 1975 3050 2030 quas
3073 1962 3129 2016 in
3152 1961 3347 2016 eadem
3379 1963 3519 2018 urbe
3543 1993 3559 2008 ο

1937 2049 2075 2104 locis
2108 2049 2348 2120 publicis
2369 2049 2702 2112 defixerunt,
2742 2052 2915 2122 magis
2936 2065 3220 2123 agnoscet,
3246 2071 3411 2125 quam
3453 2073 3520 2112 ex

1939 2140 2104 2196 istius
2148 2142 2392 2212 scriptis,
2425 2143 2520 2213 qui
2567 2159 2677 2198 non
2714 2153 2798 2199 est
2849 2160 3040 2200 eorum
3067 2155 3303 2211 tantum,
3339 2149 3434 2203 sed
3465 2157 3524 2203 et

1940 2235 2111 2288 totius
2140 2233 2398 2290 Ecclesiae
2433 2235 2692 2292 inimicus
2721 2238 3062 2316 agnoscitur.
3097 2238 3232 2294 Nam
3262 2251 3320 2296 et
3349 2241 3524 2311 ipsius

1942 2325 2199 2381 Romanae
2251 2328 2531 2394 Ecclesize,
2582 2329 2744 2399 cujus
2777 2344 2836 2384 se
2867 2331 3022 2398 quasi
3056 2331 3405 2387 defensorem
3443 2335 3522 2387 si-

1942 2419 2136 2480 mulat,
2170 2419 2224 2472 in
2257 2427 2469 2473 tantum
2497 2418 2856 2476 adversarius
2880 2420 3201 2490 denotatur,
3231 2433 3294 2479 ut
3327 2425 3372 2479 si
3402 2440 3522 2480 me-

1943 2507 2139 2562 morati
2184 2511 2463 2575 monachi,
2489 2526 2630 2580 quos
2667 2512 2826 2582 quasi
2862 2511 3046 2568 eidem
3073 2513 3339 2570 Ecclesiae
3385 2532 3523 2573 con-

1944 2600 2145 2655 trarios
2172 2600 2433 2667 aestimat,
2482 2602 2673 2672 inique
2703 2603 2972 2659 adversus
2999 2619 3121 2660 eam
3160 2605 3217 2660 in
3265 2605 3354 2663 his
3395 2624 3523 2678 par-

1943 2693 2095 2747 tibus
2146 2694 2329 2762 aliqua
2376 2693 2582 2763 fingere
2637 2695 2970 2760 voluissent,
3019 2712 3306 2767 nunquam
3355 2701 3524 2756 crcdo

1943 2784 2022 2838 ita
2048 2785 2292 2854 ejusdem
2313 2786 2574 2842 Ecclesiae
2594 2786 2759 2842 (idem
2786 2786 3054 2860 derogare
3080 2791 3522 2860 praevaluissent,

1943 2875 2413 2946 quemadmodum
2450 2879 2572 2942 iste,
2597 2880 2691 2949 qui
2707 2895 2774 2934 ex
2797 2896 3036 2950 persona
3061 2882 3237 2952 ipsius
3260 2884 3527 2943 Ecclesia:

1944 2966 2072 3021 ideo
2094 2966 2281 3036 inique
2294 2983 2390 3022 eos
2403 2968 2679 3022 obtrectat
2695 2979 2750 3024 et
2770 2971 3000 3033 lacerat,
3022 2970 3316 3044 quiajuxta
3337 2975 3526 3032 divina

1945 3058 2188 3128 eloquia,
2205 3067 2258 3112 et
2284 3070 2600 3114 sanctorum
2623 3061 2846 3115 Patrum
2882 3063 3212 3119 traditiones
3243 3065 3524 3123 Christum

246 3175 357 3230 qua
394 3157 662 3213 Christus
704 3159 880 3213 Filius
941 3160 1037 3213 Dei
1101 3175 1247 3215 unus
1304 3174 1426 3215 esse
1479 3158 1729 3214 creditur
1774 3173 1841 3212 ex
1869 3171 1913 3231 ρ
1948 3150 2149 3206 Filium
2174 3151 2478 3221 Dei,quem
2521 3153 2573 3206 ill
2618 3154 2835 3209 duabus
2870 3157 3088 3210 naturis
3117 3159 3524 3224 essentialiter.

248 3260 447 3305 sancta
478 3258 537 3304 et
588 3248 867 3303 ineffabili
919 3249 1216 3313 Triuitate,
1262 3251 1549 3304 Romanus
1604 3251 1846 3319 populus

251 3343 506 3408 resistit;
544 3344 654 3413 jam
675 3358 786 3396 non
817 3351 1027 3396 tantum
1059 3342 1184 3408 iste,
1211 3343 1307 3412 qui
1329 3343 1542 3396 erroris
1580 3343 1667 3396 sui
1698 3351 1848 3395 tene-

251 3431 372 3486 bris
401 3442 738 3494 excaecatus,
764 3431 1054 3485 diabolica:
1087 3433 1297 3486 semina
1345 3431 1578 3486 nefanda
1621 3431 1846 3486 zizanite

259 3523 408 3578 hanc
485 3531 737 3576 sanctam
789 3523 1123 3577 sententiam
1194 3523 1419 3588 asserit,
1482 3523 1843 3578 verumetiam

253 3611 437 3668 omnis
462 3611 789 3666 antedictus
823 3613 1070 3682 populus
1106 3613 1406 3666 haereticus
1438 3614 1607 3683 (quod
1643 3614 1844 3680 absit!)

253 3720 375 3760 esse
431 3705 813 3759 convincitur.
875 3704 930 3758 Si
982 3714 1166 3760 autem
1223 3720 1399 3774 usque
1434 3707 1502 3760 ad
1532 3709 1716 3761 annuli
1759 3709 1843 3761 sui

256 3797 610 3866 prasentiam
667 3797 878 3851 eisdem
948 3797 1238 3852 monachis
1300 3798 1508 3853 ibidem
1577 3801 1843 3852 remorari

255 3891 598 3953 volentibus,
633 3906 746 3960 quo
794 3890 915 3960 ipso
959 3899 1235 3959 prasente
1257 3905 1423 3945 causa
1453 3906 1646 3945 eorum
1687 3907 1846 3960 aequo

254 3981 449 4036 ordine
490 3983 916 4046 terminaretur,
965 3983 1204 4051 populus
1261 3984 1494 4046 restitit,
1521 3983 1748 4045 stultus,
1791 3992 1846 4036 et

255 4074 485 4143 iniquus
508 4083 628 4128 erat
660 4073 806 4135 idem
858 4075 1121 4143 populus,
1175 4077 1272 4144 qui
1322 4076 1668 4130 audientiam
1713 4079 1840 4146 jure

255 4162 586 4232 petentibus
613 4161 912 4231 denegavit
933 4178 1142 4231 eosque
1157 4179 1187 4216 a
1210 4164 1326 4219 suis
1351 4166 1624 4220 violenter
1642 4165 1846 4234 repulit

255 4254 607 4324 regionibus.
637 4253 757 4308 Huc
783 4255 1083 4310 attendant
1109 4265 1166 4311 et
1207 4256 1620 4312 confundantur
1665 4258 1720 4311 hi
1748 4257 1843 4327 qui

254 4347 457 4402 exinde
481 4362 580 4402 eos
613 4347 784 4402 fuisse
799 4348 1078 4417 jactitant.

323 4437 494 4492 Nunc
523 4452 648 4505 qua:
703 4437 817 4492 sint
869 4437 1161 4506 sequentia
1205 4437 1516 4512 videamus.
1569 4437 1726 4500 Sero,
1768 4437 1846 4490 in-

253 4529 397 4599 quit.
420 4529 789 4597 probavimus
813 4528 1144 4598 prophetica
1171 4529 1492 4597 Apostolqu
1514 4544 1649 4583 voce
1674 4529 1846 4583 dixis-

253 4634 311 4675 se
345 4621 390 4651 "
430 4619 490 4672 in
536 4619 861 4674 novissimis
903 4620 1105 4674 diebus
1148 4620 1357 4674 instare
1390 4631 1642 4689 tempora
1693 4620 1844 4690 peri-

253 4711 448 4764 culosa
512 4719 569 4763 et
621 4709 765 4765 fore,
814 4711 1068 4765 homines
1122 4712 1206 4766 sui
1255 4721 1471 4767 tantum
1528 4721 1844 4778 amatores,

255 4803 533 4857 habentes
583 4803 815 4856 formam
869 4804 1117 4873 pietatis,
1175 4805 1439 4858 virtutem
1487 4813 1670 4858 autem
1725 4807 1844 4874 ejus

252 4893 622 4962 abnegantes,
640 4899 698 4945 et
723 4892 797 4946 ita
827 4906 949 4945 esse
980 4892 1339 4958 vitandos..Si
1362 4893 1596 4947 formam
1623 4893 1845 4962 pietatis

253 4999 365 5038 non
396 4984 665 5038 virtutem
708 4982 1036 5054 judicantur
1083 4983 1311 5048 habere,
1344 4984 1441 5055 qui
1479 4983 1715 5038 fideliter
1745 4999 1841 5038 ca-

252 5073 483 5128 tholicis
532 5073 889 5143 dogmatibus
943 5075 1340 5144 acquiescunt:
1403 5085 1614 5145 quanto
1669 5075 1842 5142 magis

253 5180 361 5219 nec
392 5165 570 5234 ipsam
597 5165 828 5218 formam
864 5166 1088 5234 pietatis
1129 5166 1358 5229 habere,
1407 5168 1503 5222 sed
1553 5167 1843 5221 evidenter

251 5257 409 5326 impii
428 5257 716 5326 judicandi
743 5257 1006 5327 sunt,qui
1027 5257 1310 5312 Christum
1337 5259 1536 5312 Filium
1554 5260 1649 5314 Dei
1671 5274 1841 5313 unum

253 5363 377 5404 esse
401 5357 610 5417 negant
657 5364 725 5404 ex
745 5357 935 5403 sancta
961 5359 1019 5404 et
1056 5349 1294 5404 terribili
1342 5350 1657 5405 Trinitate?
1685 5350 1843 5406 Unde

253 5455 366 5494 non
410 5439 519 5503 illi,
575 5438 675 5494 sed
722 5440 812 5494 isti
848 5439 1036 5509 potius
1067 5441 1151 5496 sui
1203 5450 1502 5504 amatores,
1537 5450 1594 5496 et
1627 5442 1840 5497 vitandi

251 5528 409 5597 juxta
439 5527 770 5596 Apostolum
797 5528 1087 5582 verissime
1105 5528 1436 5594 edocentur,
1471 5530 1567 5599 qui
1599 5530 1842 5600 propriis

256 5617 476 5692 decepti
499 5618 884 5691 opinionibus,
913 5621 1182 5676 resistunt
1211 5621 1573 5690 apertissima:
1594 5622 1839 5677 veritati.

328 5799 427 5853 “ll
452 5801 594 5856 Tim.
619 5817 701 5866 tu,
732 5803 850 5864 ἰοῦ.
947 5802 987 5834 ³⁸
1018 5803 1210 5858 Matth.
1236 5823 1291 5870 v,
1318 5805 1407 5858 il.

653 5897 924 5960 Panos.
970 5898 1085 5961 Gn.
1131 5899 1300 5960 LXX
1317 5900 1422 5960 XV
1438 5899 1487 5965 Ι.

1485 5805 1526 5837 ³¹
1553 5806 1719 5861 Prov.
1748 5823 1857 5874 six,
1881 5806 1938 5865 5.

1951 3244 2065 3300 sive
2083 3245 2234 3315 juxta
2251 3246 2710 3314 compositionem
2728 3246 2998 3302 unitionis
3034 3257 3088 3302 et
3122 3248 3532 3305 inconfusionis

1949 3336 2113 3392 docet
2129 3335 2266 3392 fides
2282 3336 2576 3402 catholica,
2597 3337 2956 3402 confitentur,
2975 3348 3031 3394 et
3055 3339 3166 3395 illis
3178 3341 3400 3410 quidem
3429 3342 3530 3396 hu-

1943 3430 2034 3500 jus
2058 3429 2289 3493 falsitas,
2349 3447 2460 3484 non
2484 3431 2660 3485 solum
2681 3431 2894 3485 auferet
2924 3432 3086 3496 nihil,
3114 3449 3307 3487 verum
3358 3435 3529 3490 etiam

1949 3519 2176 3573 multam
2204 3535 2356 3588 spem
2383 3519 2744 3573 beatitudinis
2761 3519 2999 3583 confert,
3021 3521 3255 3576 Domino
3269 3522 3491 3579 dicente
3515 3541 3528 3576 :

1949 3611 2101 3666 Beati
2127 3613 2249 3665 estis
2286 3629 2404 3665 cunt
2431 3628 2519 3666 vos
2549 3613 2984 3681 exprobraverint
3043 3615 3301 3678 homines,
3331 3626 3379 3668 et
3412 3633 3536 3686 pcr-

1947 3704 2110 3757 secuti
2140 3701 2355 3771 fuerint,
2393 3711 2439 3755 et
2469 3701 2699 3755 dixerint
2747 3719 2900 3756 omne
2941 3704 3154 3757 verbum
3190 3705 3393 3759 malum
3431 3709 3533 3761 ad-

1948 3809 2128 3846 versus
2149 3809 2237 3844 vos
2273 3795 2579 3846 mentientes
2606 3803 2820 3863 propter
2846 3810 2928 3846 me
2953 3793 3019 3858 ³¹,
3045 3793 3150 3849 sibi
3183 3807 3365 3850 autem
3408 3812 3534 3861 per-

1949 3892 2168 3952 pctuam
2188 3885 2307 3936 sine
2331 3884 2502 3937 dubio
2520 3884 2756 3937 contulit
2779 3895 3012 3938 mortem
3030 3888 3180 3956 ;quia
3199 3887 3369 3956 falsus
3386 3890 3533 3942 testis

1948 3991 2051 4027 non
2086 3977 2185 4027 erit
2214 3976 2505 4044 impunitus
2533 3977 2598 4027 ³³.
2638 3973 2736 4030 His
2761 3974 2836 4030 ita
2870 3975 3064 4040 finitis,
3127 3979 3300 4033 multa
3325 3987 3382 4034 et
3420 3995 3533 4036 non

1949 4067 2264 4122 necessaria
2294 4066 2362 4121 de
2397 4067 2556 4122 libris
2577 4067 2765 4123 Fausti
2787 4069 3076 4140 cujusdam
3110 4070 3250 4126 Galli
3282 4073 3533 4145 episcopi

1949 4160 2004 4214 in
2034 4159 2506 4228 consequentibus
2533 4159 2804 4228 loquitur,
2851 4176 2955 4215 nec
2997 4162 3065 4216 ad
3101 4163 3156 4218 id
3205 4165 3356 4234 quod
3383 4182 3534 4236 quae-

1949 4251 2112 4311 ritur,
2157 4249 2521 4319 respondens,
2572 4249 2670 4304 sed
2722 4251 2830 4306 alia
2884 4252 3079 4307 nescio
3141 4269 3267 4325 quae
3310 4255 3379 4310 ad
3417 4272 3533 4313 rem

1949 4356 2063 4396 non
2093 4341 2424 4412 pertinentia
2477 4341 2626 4395 inani
2679 4349 2737 4397 et
2765 4343 2980 4412 prolixo
3021 4359 3279 4402 sermone
3304 4347 3532 4419 digerit.

1955 4432 2089 4486 Nam
2120 4447 2247 4486 cum
2278 4431 2346 4486 de
2387 4431 2522 4500 ipsis
2551 4431 2728 4497 libris,
2760 4447 2871 4487 non
2922 4441 3117 4488 utrum‘
3146 4436 3364 4507 legendi
3395 4438 3532 4507 sint,

1950 4522 2046 4578 sed
2107 4531 2294 4575 utrum
2343 4522 2456 4577 sint
2496 4523 2781 4587 catholici,
2823 4533 3083 4581 vertatur
3115 4529 3373 4598 quaestio,
3421 4531 3529 4589 iste

1949 4627 2060 4666 non
2089 4611 2158 4667 de
2187 4612 2322 4682 ipsis
2354 4611 2490 4682 quid
2514 4612 2868 4668 sentiendum
2901 4615 2995 4681 sit,
3023 4615 3123 4672 sed
3151 4632 3248 4675 eos
3277 4621 3532 4690 quamvis

1949 4720 2058 4760 non
2080 4706 2410 4761 auctoritate
2439 4705 2748 4771 habendos,
2777 4715 2963 4762 tamen
2992 4708 3257 4779 legendos
3288 4727 3412 4769 esse
3428 4713 3530 4770 de-

1949 4799 2146 4853 cernit.
2190 4798 2610 4862 Verumtamen,
2664 4798 2795 4868 quia
2824 4813 2922 4854 eos
2950 4799 3129 4857 libros
3151 4818 3294 4873 quos
3333 4807 3532 4864 beatus

1951 4891 2301 4960 Augustinus
2336 4891 2632 4959 episcopus
2654 4889 2722 4944 ad
2758 4891 3028 4948 Hilarium
3060 4895 3287 4965 scripsit
3313 4906 3371 4951 et
3403 4898 3534 4954 Pro-

1955 4997 2180 5052 sperum
2220 4981 2274 5035 in
2328 4982 2433 5037 line
2471 4982 2638 5052 hujus
2671 4983 2918 5052 epistolae
2955 4984 3261 5041 Romanam
3297 4996 3534 5046 testatur

1950 5074 2234 5143 suscipere
2251 5073 2574 5139 Ecclesiam,
2602 5084 2659 5129 et
2682 5075 2814 5144 quid
2840 5073 2909 5132 de
2939 5076 3118 5148 gratia
3140 5078 3260 5146 Dei,
3277 5089 3336 5136 et
3358 5081 3534 5137 libero

1953 5165 2198 5220 humano
2227 5165 2461 5219 arbitrio
2485 5165 2679 5221 eadem
2703 5175 2889 5224 teneat
2937 5179 2998 5225 et
3035 5180 3220 5226 servet
3262 5170 3531 5240 Ecclesia,

1951 5271 2020 5310 ex
2055 5255 2190 5325 ipsis
2219 5254 2380 5308 libris
2408 5255 2633 5310 abunde
2665 5271 2830 5326 posse
2865 5259 2996 5314 sciri
3023 5261 3246 5326 asserit,
3271 5261 3536 5318 omitten-

1956 5357 2039 5402 tes
2079 5363 2144 5402 ea
2191 5362 2312 5417 quae
2360 5347 2641 5417 superﬂue
2696 5357 2755 5402 et
2802 5349 3018 5420 prolixe
3062 5351 3119 5405 in
3174 5351 3292 5422 ipsa
3323 5353 3534 5424 digesta

1953 5442 2260 5512 probantur
2285 5441 2541 5510 cpistola,
2578 5443 2920 5498 conveniens
2949 5443 3165 5500 credidi
3198 5445 3384 5515 aliqua
3423 5456 3533 5503 tam

1953 5534 2022 5589 de
2053 5533 2241 5588 Fausti
2287 5549 2453 5603 quam
2489 5533 2556 5588 de
2597 5533 2899 5590 antedictis
2941 5535 3100 5591 libris
3125 5537 3373 5608 ejusdem
3406 5554 3549 5594 san—-

1953 5626 2024 5680 cti
2070 5624 2379 5696 Augustini
2437 5636 2592 5682 certa
2633 5627 2874 5697 capitula
2916 5627 3254 5698 decerpere,
3317 5640 3374 5686 et
3407 5626 3549 5691 huic;

3061 5893 3100 5952 ιι
