4200 6426
642 410 739 470 107

1881 412 2204 473 JOANNIS
2243 413 2627 474 ΜΑΧΕΝΤΙῙ

3809 415 3912 479 108

635 527 827 570 nostro
857 515 1127 586 opusculo
1154 516 1420 581 inserere,
1452 525 1515 570 ut
1558 529 1682 570 cum
1730 517 1786 571 in
1827 517 1982 572 brevi
2014 521 2213 574 collata
2245 529 2289 585 Α
2388 521 2639 590 Denique
2681 529 2806 590 post
2853 522 3135 592 aliquanta
3181 521 3394 592 quaibi
3446 521 3514 575 de
3560 520 3720 576 initio
3757 524 3905 590 fidei,

633 607 700 668 ad
731 605 966 660 invicem
1003 604 1284 660 contraria
1316 604 1421 660 sibi
1453 614 1672 674 reperta
1703 605 1939 669 fuerint,
1981 608 2213 662 eviden-

635 703 716 752 ter
748 697 976 762 clareat,
1008 698 1184 751 libros
1236 695 1421 752 Fausti
1468 713 1590 752 esse
1637 696 1956 752 haereticos.
2010 697 2216 767 Sicque

633 787 1043 852 confundantur
1069 803 1284 851 omnes,
1332 788 1429 857 qui
1461 803 1559 842 eos
1609 787 1881 843 hactenus
1911 787 2219 842 defendunt

634 881 958 939 catholicos.
991 879 1239 946 Quorum
1289 881 1551 949 princeps
1594 889 1651 933 et
1705 889 1903 934 auctor
1951 888 2038 935 est
2092 895 2219 949 pos-

634 985 819 1024 sessor
854 969 1149 1024 Africanus
1168 970 1492 1039 episcopus,
1520 969 1567 1022 si
1599 977 1782 1022 tamen
1812 970 1867 1023 in
1913 970 2018 1024 hac
2061 977 2218 1039 parte

634 1079 747 1117 non
779 1062 946 1132 hujus
981 1070 1203 1131 reputat
1235 1061 1598 1124 sententiam,
1637 1062 1818 1131 cujus,
1864 1070 1927 1115 ut
1960 1061 2220 1116 Christus

637 1155 808 1209 Filius
835 1155 932 1208 Dei
968 1154 1103 1219 vivi,
1147 1153 1242 1223 qui
1291 1167 1395 1222 pro
1432 1153 1676 1206 humana
1730 1154 1911 1207 salute
1951 1153 2005 1206 in
2047 1167 2217 1207 carne

633 1258 718 1302 est
747 1247 1048 1303 cruciﬁxus
1081 1261 1226 1300 unus
1258 1254 1496 1315 negetur
1522 1262 1590 1301 ex
1624 1245 1925 1309 Trinitate,
1963 1261 2219 1315 magnam

636 1341 897 1410 prmdicat
925 1338 1342 1394 auctoritatem.
1369 1338 1477 1391 Sed
1511 1345 1810 1407 antequam
1843 1338 1960 1407 ipsa
1995 1355 2024 1393 a
2058 1338 2224 1394 nobis

633 1432 954 1484 inserantur
974 1430 1240 1499 capitula,
1287 1428 1420 1498 quid
1463 1429 1664 1482 beatus
1711 1428 2052 1499 Augustinus
2087 1430 2223 1498 ipsis

633 1522 792 1577 libris
821 1523 1085 1577 defendat
1114 1531 1171 1575 et
1210 1530 1439 1583 statuat,
1496 1520 1632 1589 quid
1677 1537 1709 1576 e
1761 1530 1954 1576 contra
1985 1523 2223 1576 Faustus

628 1615 692 1669 in
719 1616 835 1669 suis
868 1624 1103 1668 conetur
1147 1624 1427 1678 astruere,
1478 1612 1726 1666 breviter
1761 1611 2032 1666 lectorem
2083 1629 2225 1683 pra:-

634 1721 861 1761 monere
895 1704 1277 1759 necessarium
1302 1703 1537 1768 credidi,
1569 1719 1681 1773 quo
1716 1703 1879 1760 facile
1908 1719 2104 1759 eorum
2142 1705 2226 1758 in-

636 1799 915 1854 tentiones
945 1799 1270 1853 discernere
1306 1797 1508 1852 valeat.

2319 612 2467 682 quod
2500 613 2662 668 nobis
2691 615 2794 689 nisi
2821 613 3064 685 desuper
3117 614 3238 668 dari
3274 614 3608 668 certissimis
3638 615 3911 683 approbat

2316 703 2687 768 documentis,
2725 705 3066 776 exprobrans
3115 706 3268 760 hunc
3321 720 3544 760 sensum
3577 746 3592 768 ,
3649 704 3821 760 infert
3852 714 3910 761 et

2318 791 2500 846 dicit:
2547 793 2757 848 Nolens
2811 810 2947 864 ergo
3003 804 3113 849 tam
3156 794 3322 849 claris
3365 795 3697 850 testimoniis
3745 812 3911 866 repu-

2317 898 2505 954 gnare,
2555 894 2611 939 et
2657 895 2839 940 tamen
2893 887 3086 941 volens
3146 902 3176 940 a
3226 888 3410 957 seipso
3438 887 3542 941 sibi
3591 904 3713 943 esse
3759 889 3910 958 quod

2319 976 2521 1041 credit,
2555 978 2713 1046 quasi
2745 979 3031 1047 componit
3063 979 3230 1032 homo
3263 995 3389 1034 cum
3425 981 3558 1044 Deo,
3598 989 3658 1034 ut
3689 989 3908 1050 partem

2319 1067 2426 1122 sibi
2459 1068 2586 1122 fidei
2623 1069 2891 1134 vindicet,
2939 1078 3103 1140 atque
3138 1071 3216 1124 illi
3241 1080 3452 1140 partem
3489 1073 3766 1142 relinquat
3803 1090 3816 1126 :
3851 1082 3909 1127 et

2320 1157 2468 1226 quod
2499 1169 2583 1214 est
2611 1161 2834 1223 elatius,
2876 1162 3108 1230 primam
3147 1161 3278 1223 sibi,
3312 1173 3639 1230 sequentem
3674 1164 3772 1216 dat
3801 1165 3903 1230 illi,

2319 1257 2374 1302 et
2405 1248 2462 1302 in
2494 1266 2561 1303 eo
2584 1251 2730 1320 quod
2755 1266 2876 1305 esse
2905 1251 3056 1306 dicat
3081 1249 3371 1305 amborum
3396 1253 3636 1321 primum
3663 1269 3720 1307 se
3755 1253 3906 1316 facit,

2321 1342 2697 1417 posteriorem
2750 1343 2946 1396 Deum.
2983 1341 3090 1396 Sed
3132 1342 3365 1396 Faustus
3405 1344 3688 1413 (inquiunt
3721 1344 3776 1397 hi
3814 1345 3908 1413 qui

2322 1448 2448 1487 eum
2465 1434 2798 1489 catholicum
2826 1443 3098 1489 conantur
3121 1434 3471 1499 defendere),
3491 1437 3701 1503 primas
3724 1443 3910 1503 partes

2322 1539 2435 1579 non
2470 1525 2704 1588 homini,
2755 1526 2852 1580 sed
2879 1526 3069 1597 gratia:
3106 1526 3202 1579 Dei
3238 1527 3454 1580 tribuit.
3490 1527 3627 1581 Nam
3667 1527 3720 1580 in
3751 1537 3909 1582 sexto

2322 1619 2569 1689 ejusdem
2597 1618 2726 1672 libri
2752 1620 2934 1689 capite
2972 1633 3095 1672 cum
3130 1617 3378 1686 Apostoli
3419 1619 3749 1672 sententiam
3790 1618 3909 1671 dis-

2322 1719 2555 1776 sereret,
2592 1713 2665 1765 ita
2698 1713 2777 1766 ait
2817 1728 2830 1763 :
2864 1711 3051 1766 Gratia
3078 1711 3195 1774 Dei,
3233 1751 3248 1773 ,
3279 1711 3480 1779 inquit,
3513 1727 3629 1764 sum
3666 1712 3742 1774 id,
3770 1713 3910 1782 quod

2320 1819 2439 1857 sum
2476 1803 2540 1858 “.
2597 1804 2811 1859 Primas
2853 1811 3040 1872 partes
3093 1802 3194 1854 soli
3239 1802 3428 1871 gratiae
3478 1801 3566 1869 pie
3621 1802 3910 1870 subjectus

704 1890 878 1961 Igitur
926 1889 1074 1944 idem
1127 1896 1354 1943 sanctus
1393 1887 1740 1958 Augustinus
1788 1887 1862 1941 ita
1913 1887 2220 1944 humanum
2252 1883 2294 1938 Β
2325 1894 2574 1960 ascribit,
2607 1895 2790 1950 media
2821 1911 3053 1965 quaeque
3088 1892 3301 1948 laboris
3339 1894 3657 1962 magisterio
3687 1904 3744 1948 et
3767 1895 3909 1948 obe-

629 1978 932 2038 arbitrium
975 1981 1215 2036 liberum
1253 1981 1440 2045 docet,
1473 1989 1533 2034 ut
1568 1980 1926 2046 illuminatio,
1957 1981 2138 2038 virtus
2160 1990 2218 2038 et

631 2077 785 2130 salus
821 2076 898 2130 illi
933 2091 964 2129 a
991 2074 1219 2129 Christo
1249 2083 1306 2129 et
1342 2090 1446 2144 per
1473 2072 1755 2129 Christum
1797 2081 1854 2128 et
1894 2088 2020 2128 cum
2054 2074 2219 2130 Chri-

635 2179 722 2224 sto
755 2169 846 2224 sit.
880 2168 1119 2223 Faustus
1149 2182 1282 2221 vero
1310 2167 1387 2221 ita
1432 2167 1672 2220 liberum
1714 2165 2094 2225 Christianum
2133 2183 2221 2222 ar-

634 2261 864 2315 bitrium
897 2260 1102 2315 docere
1136 2266 1394 2325 conatus,
1434 2266 1494 2312 ut
1529 2259 1888 2324 illuminatio,
1923 2260 2126 2326 virtus,
2165 2271 2223 2316 et

640 2347 808 2418 salus,
835 2367 948 2406 non
981 2367 1012 2406 a
1044 2351 1288 2416 Christo,
1329 2351 1428 2406 sed
1459 2358 1658 2405 natura
1685 2353 1778 2407 sit.
1806 2352 1876 2407 Et
1903 2361 1965 2408 ut
1994 2353 2221 2424 planum

639 2450 734 2501 fiat
801 2445 952 2517 quod
999 2445 1260 2511 dicimus,
1304 2445 1400 2500 ille
1455 2460 1560 2500 nos
1602 2444 1976 2511 Christianos.
2029 2446 2224 2503 fideles

637 2546 802 2607 atque
831 2536 1160 2592 obedientes
1187 2537 1302 2591 Deo
1324 2536 1627 2591 salubriter
1666 2552 1767 2607 per
1799 2538 2033 2609 gratiam
2055 2538 2223 2594 Chri-

637 2630 732 2694 sti,
794 2645 958 2700 quam
1016 2629 1180 2684 nobis
1228 2644 1330 2698 per
1380 2628 1790 2685 lncarnationis
1835 2647 1950 2686 suae
1995 2631 2226 2687 donavit

638 2723 982 2792 pneseutiam
1003 2763 1017 2786 ,
1050 2737 1173 2777 esse
1199 2720 1396 2777 definit
1426 2739 1440 2775 :
1473 2721 1601 2786 iste,
1629 2722 1784 2792 juxta
1813 2722 2044 2792 profana
2072 2740 2224 2778 com-

641 2826 822 2870 menta
846 2815 1052 2885 Pelagii
1079 2814 1410 2869 naturaliter
1442 2829 1566 2869 esse
1609 2814 1896 2869 discernit.
1950 2815 2224 2872 Refutans

641 2923 878 2977 namque
907 2907 1105 2962 callide
1129 2907 1378 2977 ejusdem
1412 2906 1619 2976 Pelagii
1671 2923 1920 2974 sensum,
1974 2918 2032 2962 et
2064 2909 2222 2977 quasi

641 3001 1007 3070 exprobrans,
1065 2999 1215 3070 quod
1272 2999 1502 3054 omnino
1541 2999 1749 3055 Christi
1781 3001 2068 3073 negaverit
2103 3018 2226 3072 gra-

645 3092 796 3157 tiam,
861 3095 1078 3148 necnon
1113 3101 1170 3146 et
1207 3090 1351 3152 illos,
1411 3091 1506 3161 qui
1560 3092 1730 3147 nullis
1777 3093 2226 3162 prtecedentibus

643 3183 864 3239 meritis
909 3186 1065 3255 juxta
1106 3183 1432 3253 Apostolum
1481 3183 1718 3253 gratiam
1769 3185 1868 3238 Dei
1907 3184 2296 3284 hominibusc

640 3275 762 3330 dari
792 3276 1038 3332 fatentur
1070 3276 1136 3341 ³³,
1173 3276 1292 3345 ipse
1324 3274 1479 3344 quasi
1515 3275 1962 3344 sapientissrmus
1996 3286 2054 3331 et
2095 3293 2226 3347 pru—

641 3369 1000 3424 dentissimus
1033 3383 1212 3422 novus
1246 3382 1403 3448 novae
1449 3367 1740 3437 pravitatis
1775 3369 2062 3438 apostolus
2087 3383 2214 3439 gra-

643 3461 774 3515 tiam
809 3458 908 3514 Dei
935 3458 1240 3514 secundum
1278 3458 1535 3512 meritum
1575 3456 1703 3512 fidei
1749 3467 1808 3512 et
1867 3457 2076 3512 laboris
2121 3456 2224 3511 da-

646 3553 729 3616 ri,
766 3551 965 3605 nititur
1014 3550 1275 3614 cdocere,
1339 3557 1399 3602 ut
1446 3549 1560 3619 jam
1616 3549 1698 3601 sic
1745 3548 1842 3602 Dei
1884 3549 2064 3618 gratia
2113 3563 2223 3602 non

643 3644 714 3698 sit
781 3644 978 3714 gratia.
1039 3642 1176 3696 Nam
1239 3656 1365 3696 cum
1438 3656 1604 3695 nemo
1653 3641 1884 3694 obcdiat
1948 3642 2080 3718 sive.
2139 3641 2221 3695 la-

647 3737 804 3790 boret
845 3736 951 3791 nisi
987 3736 1202 3799 volens,
1262 3750 1427 3790 nemo
1469 3734 1628 3799 velit,
1679 3735 1787 3788 nisi
1825 3734 2019 3789 scierit
2071 3735 2221 3804 quod

643 3825 694 3879 ei
726 3826 1024 3880 conveniat
1064 3826 1344 3891 laborare,
1393 3826 1496 3881 iste
1538 3833 1666 3895 post
1707 3827 1998 3881 scientiam
2042 3836 2099 3882 et
2128 3843 2226 3882 vo-

645 3917 912 3972 luntatem
945 3932 1042 3972 seu
1075 3917 1457 3972 obedientiam
1494 3918 1738 3972 humano
1770 3917 1946 3972 labori
1974 3918 2224 3988 adjungit

644 4010 838 4078 gratia:
885 4008 1248 4079 adjutorium,
1314 4017 1376 4062 ut
1430 4007 1695 4063 videlicet
1743 4003 1917 4079 gratia
1972 4019 2028 4062 et
2069 4008 2224 4063 labor

647 4103 945 4165 humanus,
1002 4102 1163 4170 cujus
1214 4099 1646 4170 possibilitatem
1696 4116 1808 4154 non
1844 4115 1944 4170 per
1975 4099 2224 4154 eamdem

643 4189 903 4259 gratiam,
959 4187 1057 4242 sed
1087 4188 1422 4242 naturaliter
1458 4188 1638 4243 inesse
1689 4189 1948 4242 omnibus
1999 4187 2222 4254 asserit,

643 4282 855 4351 pariter
890 4281 1112 4346 sociati,
1166 4282 1378 4351 reliqua
1432 4281 1723 4350 perﬁciant
1761 4297 1950 4351 opera,
2017 4292 2077 4337 et
2120 4281 2226 4337 hoc

642 4373 869 4443 quidem
899 4388 958 4426 se
994 4373 1294 4442 pollicetur
1330 4372 1651 4428 defendere.
1682 4375 1881 4428 Postea
1912 4383 2099 4428 autem
2123 4374 2226 4428 im-
2292 4376 2298 4387 '

560 4491 564 4498 ι
645 4482 861 4520 memor
898 4467 985 4520 sui
1019 4465 1306 4536 promissi,
1357 4473 1530 4519 totam
1566 4466 1785 4535 plenius
1818 4467 2050 4536 gratiam
2096 4482 2226 4521 cva-

2322 1986 2549 2040 dientia:
2583 1987 3147 2056 deputat,utrumque
3179 1987 3234 2038 in
3281 1986 3762 2039 consummatione
3792 2001 3912 2038 mo-

2320 2074 2546 2130 deratus
2573 2073 2806 2145 gratiam
2828 2074 3192 2143 laboremque
3218 2073 3529 2144 conjungit.
3585 2074 3705 2127 Non
3745 2073 3907 2138 dicit,

2320 2167 2434 2238 Ego
2458 2169 2578 2222 sine
2609 2167 2810 2240 gratia,
2839 2176 2934 2222 aut
2959 2167 3136 2239 gratia
3165 2167 3284 2221 sine
3313 2183 3420 2227 me,
3451 2167 3546 2220 sed
3598 2167 3787 2220 Gratia
3811 2166 3909 2220 Dei

2322 2275 2524 2313 mecum
2546 2259 2610 2314 ³⁸.
2633 2259 2738 2316 Sed
2754 2261 3006 2331 gratiam,
3030 2259 3121 2314 cui
3153 2259 3259 2313 hoc
3293 2259 3418 2312 loco
3436 2259 3670 2312 Faustus
3702 2259 3914 2327 primas

2320 2363 2503 2422 partes
2534 2353 2749 2417 tribuit,
2778 2370 2889 2408 non
2913 2369 3033 2407 eam
3061 2368 3184 2423 quae
3210 2368 3309 2422 per
3335 2352 3604 2422 Spiritum
3640 2361 3900 2406 sanctum

2321 2445 2402 2510 fit,
2438 2455 2499 2501 ut
2527 2447 2772 2502 Verbum
2799 2447 2896 2502 Dei
2934 2446 3250 2500 forinsecus
3285 2445 3564 2499 iutonanti
3613 2460 3908 2499 assensum

2320 2539 2684 2609 praebeamus,
2721 2549 2778 2593 et
2805 2538 3138 2593 obedientes
3157 2536 3467 2592 eiliciamur
3501 2578 3514 2601 ,
3561 2537 3658 2591 sed
3703 2538 3911 2607 praedi-

2320 2629 2595 2684 cationem
2622 2629 2939 2684 divinorum
2985 2629 3188 2683 asserit
3243 2627 3629 2697 eloquiorum,
3664 2638 3726 2683 ut
3754 2629 3914 2684 vide—

2319 2720 2452 2776 licet
2487 2721 2678 2791 gratiae
2724 2723 2797 2776 sit
2848 2720 2996 2790 quod
3030 2719 3192 2774 nobis
3234 2720 3420 2774 divina
3455 2721 3675 2790 eloquia
3706 2721 3914 2790 pracdi-

2321 2821 2518 2868 cantur
2547 2831 2560 2867 :
2593 2822 2844 2868 nostrum
2885 2822 3071 2866 autem
3096 2812 3187 2877 sit,
3209 2821 3270 2865 ut
3299 2811 3481 2866 cidem
3513 2813 3910 2882 praedicationi

2324 2907 2760 2962 consentiamus.
2799 2907 3049 2976 Denique
3093 2907 3148 2960 in
3191 2906 3373 2975 capite
3406 2906 3679 2976 vigesimo
3713 2915 3914 2961 octavo

2323 2995 2572 3067 ejusdem
2597 2997 2728 3052 libri
2763 2997 2930 3067 primi
2983 2997 3270 3052 disserens
3308 2998 3653 3052 Dominicam
3685 3008 3916 3053 senten-

2326 3088 2486 3153 tiam,
2518 3103 2626 3158 qua
2662 3088 2741 3142 ait
2774 3106 2786 3140 :
2820 3089 2986 3142 Nemo
3017 3089 3155 3141 venit
3192 3088 3262 3141 ad
3287 3105 3367 3141 me
3398 3090 3500 3142 nisi
3541 3087 3702 3142 Pater
3733 3098 3912 3144 attra-

2325 3180 2466 3232 xerit
2525 3194 2642 3232 cum
2684 3179 2750 3243 ³⁸,
2790 3179 2862 3233 ita
2902 3179 3048 3233 inter
3102 3189 3301 3233 etetera
3344 3179 3614 3248 loquitur.
3669 3179 3910 3245 Clamat,

2331 3270 2534 3340 inquit,
2568 3271 2849 3336 voluntas,
2890 3271 3020 3341 quia
3058 3271 3173 3325 sola
3223 3287 3324 3342 per
3370 3287 3430 3325 se
3479 3272 3688 3326 elevari
3731 3271 3915 3326 nescit

2327 3361 2645 3417 inﬁrmitas.
2709 3362 2791 3416 lta
2845 3363 3114 3417 Dominus
3165 3363 3400 3417 attrahit
3456 3362 3910 3428 desiderantem,

2326 3453 2490 3523 erigit
2524 3453 2894 3508 adnitentem.
2941 3454 3085 3520 Quid
3110 3463 3198 3508 est
3223 3461 3408 3508 autem
3444 3455 3753 3517 attrahere,
3799 3454 3912 3509 nisi

2327 3545 2675 3614 praedicare,
2727 3545 2834 3599 nisi
2892 3546 3240 3615 Scripturam
3291 3546 3775 3600 consolationibus
3816 3562 3915 3600 cx-

2326 3638 2536 3702 citare,
2599 3638 3082 3708 increpationibus
3145 3639 3481 3704 deterrere,
3542 3639 3914 3710 desideranda

2327 3746 2658 3800 proponere,
2693 3731 2976 3786 intentare
3010 3730 3332 3795 metuenda,
3375 3731 3648 3802 judicium
3677 3733 3914 3786 eorumi-

2327 3823 2469 3887 nari,
2509 3823 2795 3891 prtemiutu
2829 3822 3120 3891 polliceri?
3151 3821 3308 3887 Quod
3344 3818 3389 3875 si
3417 3823 3533 3876 sola
3558 3823 3909 3892 praedicatio,

2327 3914 2470 3969 sicut
2519 3915 2621 3968 iste
2656 3915 3005 3985 vult,gratia
3052 3915 3151 3968 Dei
3205 3915 3484 3969 credenda
3514 3925 3618 3979 est,
3655 3932 3778 3984 qua:
3812 3933 3914 3985 per

2325 4005 2512 4060 Jesum
2542 4004 2830 4060 Christum
2885 4006 3030 4060 facta
3059 4017 3184 4070 est;
3230 4022 3368 4076 ergo
3407 4008 3521 4077 jam
3560 4022 3670 4061 non
3716 4009 3910 4061 Salva~

2330 4108 2439 4163 tor,
2477 4097 2571 4153 sed
2622 4097 2955 4168 pmdicator
3012 4099 3402 4153 tantummodo
3450 4099 3597 4154 idem
3643 4099 3791 4154 Deus
3836 4109 3896 4154 et

2327 4191 2595 4245 Dominus
2633 4200 2826 4246 noster
2855 4191 3015 4246 Jesus
3047 4190 3328 4255 Christus,
3358 4190 3530 4262 (quod
3553 4189 3704 4244 absit
3723 4188 3764 4259 l)
3787 4205 3911 4244 cre-

2327 4282 2545 4338 dendus
2578 4291 2681 4337 est.

2400 4373 2508 4430 Sed
2556 4375 2708 4429 hunc
2739 4375 3018 4430 nefariqu
3053 4377 3179 4446 ejus
3213 4392 3437 4431 sensum
3478 4375 3552 4430 ita
3603 4374 3912 4444 exprobrat

2326 4477 2384 4522 et
2415 4466 2621 4522 refutat
2657 4467 2880 4522 beatus.
2904 4469 3272 4538 Augustinus,
3330 4468 3578 4537 denique
3614 4483 3739 4521 mox
3779 4475 3909 4536 post

643 4572 811 4611 cuare
849 4557 1222 4620 convincitur,
1252 4555 1493 4625 denique
1517 4558 1918 4613 inPraefationc
1937 4575 2036 4613 sua
2075 4559 2222 4614 inter
2253 4563 2297 4620 ι)
2324 4557 2473 4612 illam
2511 4558 2870 4620 sententiam,
2917 4559 3078 4628 cujus
3111 4557 3370 4625 superius
3396 4557 3634 4610 fecimus
3673 4555 3910 4610 mentio-

644 4658 842 4702 etetera
893 4649 967 4701 ita
999 4647 1249 4716 loquitur
1289 4647 1592 4703 :Studium
1637 4649 1864 4720 (inquit)
1915 4650 2225 4704 asserenda:

643 4740 834 4810 gratia:
857 4745 1238 4808 competenter
1269 4748 1326 4794 ct
1353 4740 1656 4796 salubriter
1679 4743 1938 4812 suscipit,
1970 4743 2065 4812 qui
2089 4745 2224 4798 obe-

644 4831 910 4887 dientiam
934 4829 1122 4884 famuli
1152 4831 1331 4885 labori
1368 4833 1639 4903 adjungit.

713 4923 782 4976 Et
823 4922 1022 4974 iterum
1053 4921 1108 4974 in
1137 4921 1317 4990 capite
1360 4923 1384 4975 l
1423 4923 1586 4991 primi
1628 4923 1756 4976 libri
1791 4939 1803 4974 :
1837 4922 1892 4977 Si
1921 4939 2053 4993 ergo
2101 4938 2226 4992 par-

646 5016 816 5075 tibus,
857 5014 1060 5083 inquit,
1104 5014 1480 5082 proprietates
1507 5030 1636 5068 suas
1688 5015 1908 5077 reddas,
1957 5025 2013 5069 et
2064 5015 2228 5069 Chri-

646 5115 790 5159 stum
813 5106 986 5159 Deuut
1013 5113 1067 5158 et
1102 5105 1385 5158 hominem
1422 5103 1620 5157 credas
1650 5112 1960 5166 etasseras,
1995 5104 2226 5174 perinde

645 5207 731 5253 cst
769 5212 834 5251 ac
881 5197 925 5250 si
968 5195 1200 5264 gratiam
1248 5210 1375 5250 cum
1427 5194 1615 5247 labore
1667 5196 2004 5263 conjungas,
2050 5205 2100 5248 et
2159 5196 2226 5248 ab

647 5288 922 5360 adjutorio
953 5287 1051 5340 Dei
1093 5293 1352 5339 conatum
1398 5284 1642 5338 hominis
1670 5300 1780 5338 non
1831 5284 2086 5353 repellas.
2122 5282 2223 5336 Cui

647 5376 941 5434 asscrtioni
972 5376 1027 5429 in
1049 5375 1230 5446 primo
1282 5389 1478 5428 eorum
1531 5373 1672 5428 libro
1706 5388 1847 5443 quos
1898 5388 2226 5442 suprame-

648 5459 886 5525 moravit
920 5470 995 5523 ita
1021 5467 1354 5522 contradicit
1373 5465 1536 5536 544
1561 5466 1922 5535 Augustinus,
1947 5476 2006 5519 ut
2027 5466 2225 5519 eredas

644 5579 774 5618 eum
817 5572 950 5618 tunc
1003 5561 1226 5616 nonnisi
1271 5569 1466 5617 contra
1486 5561 1692 5631 scripta
1743 5560 1932 5613 Fausti
1988 5576 2222 5630 respon-

649 5670 800 5712 nem.

2324 4665 2475 4714 nem,
2515 4649 2766 4719 sequitur
2801 4659 2856 4703 et
2879 4650 3017 4703 dicit
3046 4667 3058 4700 :
3092 4649 3211 4702 Non
3240 4649 3320 4702 sic
3351 4649 3476 4717 pius
3513 4658 3682 4716 atque
3709 4647 3898 4700 humi—

2329 4743 2397 4795 lis
2429 4741 2626 4795 doetor
2678 4741 2768 4794 ille
2809 4741 3064 4810 sapiebat
3112 4739 3473 4810 (Cyprianum
3524 4739 3911 4792 beatissimum

2327 4831 2552 4900 loquor)
2578 4830 2672 4900 qui
2698 4830 2835 4884 dicit
2862 4832 2915 4883 in
2953 4831 3107 4884 nullo
3143 4829 3515 4898 gloriandum,
3544 4828 3766 4897 quando
3797 4844 3906 4881 no-

2330 4933 2508 4977 strum
2564 4923 2703 4976 nihil
2756 4923 2847 4978 sit.
2901 4923 3058 4989 Quod
3117 4931 3177 4976 ut
3233 4921 3601 4999 ostenderet,
3653 4921 3915 4999 adhibuit

2337 5013 2659 5081 Apostolum
2710 5022 2905 5066 testem
2962 5012 3244 5066 dicentem
3294 5029 3307 5063 :
3354 5010 3494 5074 Quid
3524 5021 3699 5062 autem
3752 5011 3913 5064 habes

2333 5104 2472 5174 quod
2503 5122 2605 5157 non
2635 5107 2880 5174 accepisti
2902 5106 2924 5156 ?
2944 5106 2988 5156 si
3022 5115 3198 5157 autent
3225 5104 3491 5171 accepisti,
3515 5102 3640 5172 quid
3662 5103 3912 5171 gloriaris

2336 5196 2487 5265 quasi
2535 5212 2637 5246 non
2696 5197 2957 5263 acceperis
2976 5195 3017 5224 ³⁷
3044 5195 3066 5246 ?
3095 5193 3216 5258 Quo
3269 5177 3553 5262 praecipuo
3585 5193 3912 5247 testimonio

2334 5286 2499 5339 etiam
2542 5286 2657 5354 ipse
2689 5285 2981 5338 convictus
3008 5300 3153 5348 sum,
3187 5299 3312 5338 cum
3345 5283 3605 5336 similiter
3640 5297 3913 5347 errarem,

2326 5371 2533 5446 rputans
2556 5379 2865 5447 lidem,qua
2900 5376 3165 5431 in'Deum
3199 5375 3500 5437 credimus,
3531 5388 3640 5426 non
3673 5388 3795 5426 esse
3812 5371 3915 5426 do-

2333 5485 2464 5523 num
2491 5470 2606 5531 Dei,
2637 5470 2731 5522 sed
2770 5485 2798 5521 a
2827 5468 2990 5522 nobis
3011 5483 3132 5522 esse
3159 5468 3212 5520 in
3241 5466 3423 5528 nobis,
3443 5473 3499 5520 et
3525 5481 3624 5534 per
3646 5465 3790 5518 illam
3811 5479 3916 5518 uos

2335 5562 2631 5629 impetrare
2651 5559 2744 5613 Dei
2768 5559 2910 5613 dona
2935 5559 3138 5629 quibus
3155 5566 3547 5626 temperanter,
3571 5565 3629 5610 et
3658 5556 3828 5625 justc.
3853 5561 3916 5608 et

2335 5653 2423 5722 pie
2465 5653 2712 5707 vivamus
2740 5654 2794 5707 in
2823 5653 2927 5706 hoc
2962 5652 3186 5706 saeculo.
3209 5650 3400 5720 Neque
3429 5648 3579 5704 enim
3606 5646 3770 5702 ﬁdem
3805 5660 3916 5715 pu-

718 5835 761 5865 ³³
785 5833 942 5887 Rom.
969 5847 1040 5897 ιι,
1062 5833 1095 5889 6
1124 5847 1276 5905 seqq.
1357 5832 1397 5864 "
1423 5833 1441 5887 l
1471 5787 1595 5886 eo}.
1622 5847 1710 5893 xv.
1740 5832 1820 5885 l0.
1902 5834 1944 5863 ³⁵
1972 5831 2110 5912 ibid.
2192 5831 2225 5863 ³¹

2327 5845 2418 5884 an.
2443 5847 2519 5894 γι,
2549 5831 2630 5884 Η.
2713 5831 2798 5884 ³⁷1
2831 5829 2956 5885 Cor.
2984 5847 3054 5895 tv,
3082 5831 3131 5883 7.
