4200 6426
245 393 334 458 109

1132 386 1225 444 AD
1268 381 1695 442 EPISTOLAM
1738 378 2162 440 ΠΟΒΜΙΞΒίΕ
2205 381 2630 440 RESPONSIO

3415 379 3518 444 110

241 504 418 561 tabam
459 499 560 555 Dei
613 496 788 568 gratia
829 495 1123 566 praeveniri
1147 535 1160 554 ,
1209 504 1262 545 ut
1316 509 1412 561 per
1460 491 1607 545 illam
1657 490 1820 544 nobis
1849 496 1894 548 Α
1923 501 2180 544 asserunt
2213 491 2424 544 donum
2461 505 2585 543 esse
2622 487 2994 552 credulitatis,
3027 490 3100 543 ita
3138 490 3283 544 inter
3317 500 3516 546 cetera

242 597 463 650 daretur
492 591 644 662 quod
680 589 894 643 utiliter
927 601 1287 658 posceremus
1313 625 1328 649 ,
1369 585 1476 638 nisi
1522 584 1654 652 quia
1693 599 1814 636 cre-

241 687 364 742 dere
397 701 511 738 non
544 696 857 753 possemus,
890 679 1072 734 sinon
1099 676 1438 748 prmcederct
1473 676 1814 745 praeconium

243 779 514 834 veritatis.
582 775 654 830 Ut
699 783 889 828 autem
946 771 1252 840 przedicato
1309 769 1474 822 nobis
1521 767 1825 836 Evangelio

243 869 710 929 consentiremus,
741 874 999 918 nostrum
1044 878 1167 916 esse
1198 860 1489 930 proprium
1511 900 1524 923 ,
1579 868 1636 914 et
1665 859 1828 912 nobis

242 978 298 1016 ex
333 960 500 1014 nobis
545 973 670 1014 esse
723 955 1061 1009 arbitrabar.
1112 952 1290 1019 Quem
1339 967 1524 1005 meum
1568 966 1826 1005 errorem

241 1051 509 1104 nonnulla
541 1047 817 1117 opuscula
867 1061 988 1099 mea
1039 1045 1290 1098 indicant
1315 1084 1330 1108 ,
1372 1051 1503 1098 ante
1533 1044 1820 1113 episcopa-

242 1154 350 1197 tum
383 1157 575 1195 meum
606 1141 861 1209 scripta;
895 1139 1002 1192 iste
1035 1151 1288 1191 errorem
1318 1137 1480 1200 dicit,
1518 1136 1679 1189 ﬁdem
1713 1149 1824 1188 non

243 1235 330 1289 Dei
360 1233 575 1287 donum
606 1231 863 1292 credere,
889 1227 983 1283 sed
1010 1244 1040 1281 a
1067 1227 1228 1282 nobis
1250 1244 1373 1282 esse
1401 1228 1456 1282 in
1486 1227 1666 1281 nobis.
1693 1226 1835 1280 Fau-

245 1333 354 1380 stus
388 1331 583 1376 autem
618 1338 730 1375 non
767 1320 864 1374 Dei
900 1318 1140 1382 donum,
1175 1316 1271 1372 sed
1311 1332 1340 1370 a
1384 1316 1546 1370 nobis
1585 1316 1640 1370 in
1675 1315 1836 1368 nobis

241 1431 354 1471 esse
395 1413 675 1468 aﬂirmare
716 1419 968 1465 conatur.
998 1409 1057 1462 In
1095 1409 1278 1478 capite
1316 1421 1557 1476 namque
1598 1407 1836 1474 septimo

241 1507 359 1562 libri
404 1505 573 1574 primi
614 1517 906 1574 exponens
946 1500 1082 1554 illud
1123 1499 1372 1569 Apostoli
1420 1515 1432 1550 :
1479 1498 1666 1553 Gratia
1703 1496 1838 1550 salvi

244 1586 360 1655 {acti
406 1598 531 1650 estis
579 1613 674 1666 per
708 1595 899 1662 ﬁdem,
931 1603 978 1646 et
1021 1595 1116 1646 hoc
1154 1609 1258 1645 non
1297 1607 1361 1644 ea:
1411 1591 1580 1649 vobis.
1617 1592 1706 1643 sed
1746 1589 1840 1642 Dei

235 1693 436 1744 donum
467 1697 544 1739 est
568 1684 636 1749 ³⁸,
665 1696 790 1754 post
820 1684 1100 1752 aliquanta
1131 1681 1387 1751 sequitur
1418 1698 1430 1733 :
1463 1679 1725 1748 Tempus,
1755 1678 1840 1731 in-

243 1781 386 1848 quit,
417 1777 612 1847 gratia:
640 1792 753 1844 quo
789 1774 1060 1844 redempti
1095 1788 1318 1834 sumus,
1352 1773 1611 1824 meritum
1659 1768 1840 1822 homi-

245 1871 324 1924 nis
357 1885 472 1923 non
504 1867 867 1938 exspectavit,
900 1881 1067 1935 opera
1103 1881 1214 1919 non
1247 1863 1527 1933 quaesivit,
1561 1862 1678 1916 sola
1710 1859 1839 1915 ﬁdei

245 1972 445 2018 nostra:
490 1960 792 2015 devotione
819 1967 1120 2013 contentus
1142 1956 1268 2010 fuit.
1293 1956 1361 2011 Et
1387 1963 1578 2010 contra
1615 1961 1841 2008 sanctus

249 2055 590 2125 Augustinus
635 2052 785 2105 inter
830 2050 990 2105 initia
1031 2048 1296 2103 antedicti
1331 2047 1495 2118 primi
1533 2046 1658 2100 libri
1695 2045 1780 2099 sui
1821 2061 1839 2099 :

247 2149 346 2204 Sed
385 2163 563 2210 nunc,
596 2147 798 2214 inquit,
829 2143 953 2196 istis
1000 2140 1452 2211 respondendum
1489 2153 1612 2193 esse
1649 2136 1835 2203 video,

248 2241 334 2310 qui
367 2240 565 2293 divina
598 2235 938 2297 testimonia,
969 2249 1090 2303 qua:
1122 2233 1191 2286 de
1226 2233 1330 2286 hac
1367 2247 1426 2286 re
1458 2230 1839 2293 adhibuimus,

247 2331 309 2384 sd
343 2331 454 2384 hoc
485 2329 681 2384 dicunt
711 2329 917 2390 valere,
945 2335 1008 2378 ut
1041 2323 1384 2386 noverimus,
1412 2337 1480 2377 ex
1515 2322 1680 2377 nobis
1717 2320 1842 2391 qui-

247 2423 370 2478 dem
419 2436 529 2476 nos
578 2420 786 2474 habere
832 2419 1007 2488 ipsam
1057 2416 1256 2480 ﬁdem,
1297 2415 1394 2470 sed
1438 2416 1844 2468 incrementum

248 2513 364 2582 ejus
402 2526 473 2564 ex
515 2509 653 2573 Deo,
686 2517 948 2577 tanquam
987 2503 1126 2560 ﬁdes
1160 2520 1275 2560 non
1312 2504 1382 2560 ab
1423 2505 1544 2574 ipso
1581 2504 1842 2569 donetur,

239 2605 337 2660 sed
367 2604 440 2658 ab
467 2603 592 2672 ipso
617 2610 800 2656 tamen
828 2608 1092 2670 augeatur
1117 2599 1174 2654 in
1200 2597 1382 2662 nobis,
1406 2612 1476 2651 eo
1500 2597 1706 2652 merito
1731 2613 1845 2667 quo

242 2697 417 2766 capit
444 2711 477 2750 a
510 2695 696 2748 nobis.
727 2694 850 2748 Non
883 2708 1015 2762 ergo
1045 2691 1330 2748 reccditur
1357 2690 1426 2744 ab
1451 2705 1516 2744 ea
1546 2691 1844 2755 sententia,

243 2803 411 2858 quam
437 2786 700 2855 Pelagius
733 2785 850 2855 ipse
883 2785 939 2838 in
969 2782 1270 2853 episcopali
1290 2780 1504 2852 judicio
1532 2780 1844 2845 Palaestino,

244 2881 392 2934 sicut
436 2879 640 2932 eadem
680 2886 834 2946 gesta
879 2883 1182 2938 testantur,
1220 2875 1486 2928 damnare
1528 2873 1850 2943 compulsus

249 2980 348 3027 est.
371 2970 568 3026 Gratia
594 2969 693 3023 Dei
719 2968 1025 3023 secundum
1055 2966 1254 3021 merita
1278 2974 1465 3020 nostra
1493 2974 1679 3034 posset
1701 2964 1844 3030 dari,

250 3063 292 3117 si
340 3078 456 3115 non
505 3061 786 3130 pertineat
834 3057 902 3112 ad
954 3058 1185 3128 gratiam
1241 3057 1372 3119 Dei,
1413 3056 1563 3126 quod
1615 3055 1847 3110 credere

1875 1830 1916 1884 Β

1927 581 2176 651 loquitur
2227 602 2239 636 :
2295 583 2405 638 Sed
2452 581 2622 645 dicis,
2671 582 2879 651 inquit,
2923 583 3053 651 quia
3102 598 3211 636 non
3260 585 3521 639 omnibus

1926 674 2109 740 detur,
2161 676 2255 730 sed
2293 675 2500 729 donum
2544 677 2618 729 sit
2656 675 2949 745 personale
2990 673 3288 728 credulitas
3322 685 3377 730 et
3410 678 3521 730 iliis

1929 777 2145 821 tantum
2187 767 2418 820 credere
2458 776 2738 837 suppetat,
2770 767 2978 836 quibus
3018 766 3164 820 Deus
3205 769 3521 836 specialiter

1929 863 2158 917 donavit
2202 874 2265 915 ut
2308 863 2623 918 crederent.
2666 862 2784 917 Non
2830 863 2905 915 ita
2952 868 3056 916 est.
3096 859 3354 915 Nondum
3400 877 3520 914 eam

1931 953 2198 1008 Dominus
2235 954 2402 1006 etiam
2438 952 2507 1005 ab
2540 951 2844 1006 incredulis
2877 953 3069 1022 exigit,
3102 953 3364 1006 omnibus
3397 969 3520 1006 eam

1935 1043 2196 1098 insertam
2243 1060 2363 1098 esse
2406 1044 2778 1098 demonstrat.
2815 1041 2917 1097 Cui
2962 1052 3150 1098 autem
3196 1046 3365 1098 etiam
3408 1046 3526 1115 ipsa

1936 1143 2154 1188 natura:
2192 1133 2312 1204 lege
2375 1148 2486 1186 non
2553 1141 2816 1202 suppetat
2873 1131 3136 1194 credere,
3187 1133 3410 1201 quando
3470 1144 3528 1187 et

1937 1225 2216 1280 daemones
2249 1227 2514 1289 credunt,
2547 1234 2602 1278 et
2635 1225 3105 1279 contremiscunt?
3141 1223 3240 1279 Hic
3267 1226 3379 1296 jam
3415 1241 3528 1280 non

1939 1317 2249 1385 Augustino
2288 1327 2526 1380 tantum,
2558 1333 2750 1370 verum
2791 1317 2956 1368 etiam
2997 1316 3263 1384 Apostolo
3300 1315 3530 1368 omnino

1941 1409 2179 1466 Faustus
2231 1409 2547 1464 contrarius
2599 1409 2959 1478 approbatur.
3010 1408 3145 1460 Nam
3200 1423 3325 1461 eum
3383 1408 3529 1462 idem

1941 1501 2239 1571 Apostolus
2268 1502 2415 1555 dicat
2440 1500 2588 1554 :Non
2623 1501 2763 1552 enim
2796 1499 3030 1551 omnium
3063 1508 3138 1550 est
3168 1496 3297 1564 ﬁdes
3319 1498 3386 1562 ⁸ο,
3421 1497 3532 1552 iste

1943 1594 2204 1648 omnibus
2241 1609 2362 1649 eam
2402 1593 2735 1646 naturaliter
2771 1590 2908 1644 dicit
2946 1606 3067 1644 esse
3110 1590 3393 1644 insertam.
3426 1588 3532 1644 Cui

1945 1687 1992 1740 si
2041 1687 2453 1756 acquiescatur,
2489 1701 2601 1739 non
2653 1686 2832 1739 solum
2881 1683 3128 1738 lueretici
3173 1693 3231 1737 et
3275 1683 3532 1752 gentiles,

1949 1797 2140 1835 verum
2175 1779 2343 1835 etiam
2377 1778 2656 1832 daemones
2689 1776 2880 1831 ﬁdeles
2911 1791 3031 1829 esse
3068 1775 3329 1829 credendi
3362 1784 3531 1830 sunt:

1945 1872 2077 1942 quia
2124 1871 2180 1926 in
2225 1886 2338 1940 quo
2385 1877 2470 1925 est
2518 1868 2687 1932 ﬁdes,
2721 1866 2962 1922 inﬁdelis
3011 1865 3122 1921 dici
3175 1866 3326 1920 nullo
3373 1873 3535 1936 pacto

1945 1971 2149 2033 potest.

2015 2054 2123 2110 Sed
2156 2055 2321 2125 longe
2354 2054 2516 2108 aliter
2542 2060 2770 2108 sanctus
2795 2051 3140 2122 Augustinus
3170 2050 3238 2106 ad
3262 2050 3534 2107 Hilarium

1943 2147 2196 2202 scribens
2229 2155 2287 2201 et
2323 2146 2682 2214 Prosperum,
2711 2142 2897 2209 docet,
2927 2142 3023 2213 qui
3065 2159 3175 2198 non
3219 2153 3434 2198 tantum
3474 2154 3537 2198 ut

1945 2239 2186 2296 ﬁdeliter
2213 2255 2532 2310 operemur,
2556 2253 2748 2292 verum
2778 2236 2949 2292 etiam
2979 2237 3154 2306 ipsam
3180 2236 3344 2291 ﬁdem
3365 2252 3393 2291 a
3423 2237 3538 2292 Deo

1946 2332 2112 2386 nobis
2147 2331 2369 2395 donari,
2401 2331 2547 2384 sicut
2579 2329 2842 2398 superius
2873 2327 3222 2392 edocuimus,
3253 2327 3310 2381 in
3340 2326 3538 2382 eodem

1945 2424 2091 2480 libro
2131 2424 2356 2494 penitus
2399 2429 2759 2493 protestatur,
2793 2419 2868 2474 ita
2912 2418 3106 2474 dicens
3155 2436 3168 2472 :
3217 2417 3539 2475 Cavendum

1947 2527 2068 2583 est,
2110 2516 2314 2572 fratres
2355 2515 2546 2571 dilecti
2595 2531 2630 2570 a
2678 2514 2828 2578 Deo,
2868 2528 2941 2568 ne
2991 2513 3157 2568 homo
3204 2527 3264 2568 se
3314 2513 3542 2568 extollat

1947 2610 2220 2666 adversus
2251 2611 2424 2665 Deum
2459 2625 2587 2664 cum
2621 2622 2680 2663 se
2710 2605 2846 2662 dicit
2873 2605 3078 2669 facere,
3103 2604 3252 2675 quod
3286 2605 3542 2676 promisit

1948 2704 2116 2759 Deus.
2139 2702 2334 2757 Nonne
2361 2701 2498 2756 ﬁdes
2524 2701 2773 2772 gentium
2801 2700 3075 2769 promissa
3096 2707 3182 2754 est
3207 2698 3462 2764 Abrahae,
3484 2703 3544 2755 et

1947 2795 2042 2849 ille
2071 2793 2211 2849 dans
2242 2793 2472 2864 gloriam
2499 2793 2615 2848 Deo
2645 2790 2965 2862 plenissime
2991 2790 3248 2856 credidit,
3277 2792 3541 2862 quoniam

1949 2901 2072 2956 qua:
2099 2885 2375 2955 promisit,
2399 2893 2600 2955 potens
2626 2892 2710 2938 est
2733 2892 2790 2938 et
2814 2884 3161 2954 facere?lpse
3187 2885 3354 2954 igitur
3378 2884 3544 2942 ﬁdem

1949 2979 2200 3048 gentium
2230 2976 2385 3042 facit,
2412 2977 2508 3046 qui
2538 2985 2738 3046 potens
2765 2985 2851 3030 est
2877 2975 3058 3030 facere
3086 2977 3233 3046 quod
3260 2978 3541 3047 promisit.

1951 3066 2129 3120 Porro
2160 3065 2206 3118 si
2236 3065 2385 3119 Deus
2413 3072 2680 3134 operatur
2704 3062 2869 3118 ﬁdem
2906 3073 3174 3130 nostram,
3203 3065 3346 3121 miro
3377 3065 3546 3123 modo

252 3154 547 3223 coepimus,
571 3151 670 3206 sed
708 3150 846 3206 illud
881 3151 1067 3220 potius
1101 3149 1251 3219 quod
1290 3157 1518 3218 propter
1545 3147 1649 3201 hoc
1683 3147 1846 3202 nobis
1872 3171 1917 3230 ο
1950 3172 2120 3228 agens
2157 3156 2213 3210 in
2252 3155 2459 3211 nostris
2495 3155 2762 3210 cordibus
2802 3164 2863 3210 ut
2895 3155 3193 3212 credamus
3232 3173 3248 3211 :
3287 3157 3544 3229 nunquid

248 3245 500 3309 additur,
529 3253 598 3298 ut
640 3244 863 3312 plenius
910 3242 1324 3312 perfectiusque
1374 3240 1668 3294 credamus
1720 3257 1734 3292 :
1784 3255 1848 3294 ac

254 3352 348 3406 per
383 3336 494 3390 hoc
532 3335 690 3388 initia
728 3335 856 3388 ﬁdei
895 3343 1101 3387 nostra:
1142 3333 1360 3402 priores
1393 3333 1589 3386 damus
1626 3333 1759 3395 Deo,
1792 3341 1851 3384 ut

257 3427 606 3482 retribuatur
652 3425 816 3480 nobis
854 3425 1300 3494 supplementum
1346 3424 1494 3492 ejus,
1531 3430 1587 3475 et
1628 3421 1674 3475 si
1715 3420 1849 3490 quid

253 3521 405 3575 aliud
447 3520 692 3575 ﬁdeliter
731 3519 1121 3588 prospicimus.

323 3613 435 3668 Sed
480 3621 675 3666 contra
709 3611 828 3666 haec
863 3626 963 3664 cur
997 3624 1109 3662 non
1145 3608 1330 3678 potius
1364 3605 1626 3660 audimus
1666 3625 1678 3659 :
1719 3603 1849 3670 Quis

261 3707 405 3774 prior
432 3706 578 3759 dedit
608 3707 676 3769 ei,
699 3713 746 3758 et
778 3703 1099 3757 retribuetur
1129 3700 1232 3763 illi,
1257 3701 1509 3770 quoniam
1544 3716 1606 3751 ea:
1641 3700 1774 3768 ipso,
1801 3703 1850 3749 et

260 3814 350 3866 per
381 3799 581 3866 ipsum,
611 3806 658 3850 et
687 3797 743 3848 in
775 3797 888 3864 ipso
920 3795 1240 3847 suntomnia
1263 3791 1348 3842 ”?
1371 3791 1438 3844 Et
1535 3791 1712 3860 ipsum
1747 3790 1849 3860 igi-

261 3901 349 3946 tur
381 3889 606 3944 initium
640 3888 766 3941 ﬁdei
803 3895 1006 3940 nostra:
1037 3901 1105 3940 ex
1135 3900 1246 3954 quo
1274 3882 1380 3938 nisi
1413 3898 1480 3938 ex
1511 3883 1632 3952 ipso
1667 3891 1725 3936 et
1755 3897 1853 3951 per

264 3982 466 4052 ipsum,
485 3989 545 4034 et
571 3980 627 4033 in
653 3980 772 4048 ipso
801 3989 933 4032 sunt
956 3977 1170 4031 omnia?
1184 3976 1321 4042 Quis
1347 3985 1532 4030 autem
1557 3974 1704 4029 dicat
1727 3990 1854 4029 eum

262 4076 356 4145 qui
381 4076 500 4144 jam
529 4072 700 4141 coepit
726 4070 957 4125 credere
985 4069 1057 4122 ab
1082 4068 1182 4122 illo
1213 4069 1270 4123 in
1296 4083 1461 4138 quem
1489 4067 1748 4132 credidit,
1775 4067 1853 4122 nil

264 4162 503 4218 mereri?
538 4161 694 4217 Unde
728 4160 810 4224 ﬁt,
837 4168 898 4214 ut
927 4160 1040 4229 jam
1077 4158 1326 4212 credenti
1366 4169 1565 4212 caetera
1600 4157 1856 4212 dicantur

264 4254 394 4308 addi
441 4251 818 4307 retributione
859 4249 1072 4310 divina.
1130 4263 1195 4303 ac
1243 4263 1342 4317 per
1385 4248 1493 4302 hoc
1537 4247 1879 4318 gratiamDei

264 4348 578 4405 secundum
614 4345 811 4400 merita
844 4352 1036 4397 nostra
1069 4340 1222 4405 dari,
1253 4339 1403 4408 quod
1437 4339 1716 4410 objectum
1751 4337 1856 4393 sibi

265 4440 546 4510 Pelagius,
575 4453 645 4492 ne
675 4437 1037 4492 damnaretur
1063 4434 1205 4503 ipse,
1233 4431 1542 4488 damnavit.

1952 3248 2311 3304 metuendum
2335 3255 2440 3313 est,
2465 3262 2535 3302 ne
2565 3255 2742 3302 totum
2771 3245 2952 3302 facere
2977 3263 3088 3302 non
3117 3248 3313 3318 possit,
3336 3257 3394 3304 et
3418 3249 3546 3304 ideo

1951 3340 2058 3394 sibi
2096 3339 2264 3394 homo
2295 3341 2501 3409 primas
2534 3339 2656 3409 ejus
2695 3338 2942 3394 vindicat
2968 3348 3176 3408 partes,
3206 3348 3268 3394 ut
3297 3340 3542 3394 novissi-

1953 3446 2072 3487 mas
2111 3430 2181 3485 ab
2222 3430 2317 3485 illo
2355 3431 2610 3500 accipere
2654 3430 2968 3484 mereatur?
3007 3428 3203 3484 Videte
3241 3429 3288 3485 si
3333 3430 3545 3500 aliquid

1953 3530 2150 3592 agatur
2180 3521 2286 3576 isto
2322 3520 2519 3585 modo,
2551 3521 2658 3575 nisi
2693 3529 2756 3575 ut
2787 3522 2966 3591 gratia
3002 3522 3307 3576 secundum
3345 3523 3547 3580 merita

1954 3623 2142 3669 nostra
2186 3614 2352 3668 detur
2393 3613 2647 3683 quolibet
2689 3613 2878 3678 modo,
2906 3629 2970 3668 ac
3012 3613 3058 3668 si
3103 3614 3280 3685 gratia
3321 3630 3432 3670 non
3473 3614 3548 3672 sit

1953 3705 2149 3775 gratia.
2195 3703 2468 3760 Redditur
2514 3719 2751 3774 namque
2802 3703 2912 3758 hoc
2957 3713 3120 3774 pacto
3164 3705 3386 3772 debita,
3431 3721 3544 3761 non

1953 3795 2198 3850 donatur
2228 3795 2422 3865 gratis.
2451 3794 2624 3849 Datur
2652 3795 2802 3849 enim
2836 3794 3122 3860 credenti,
3154 3805 3218 3851 ut
3245 3812 3277 3850 a
3309 3797 3546 3850 Domino

1957 3888 2074 3957 ipsa
2102 3886 2238 3942 ﬁdes
2269 3896 2559 3956 augeatur,
2591 3896 2646 3942 et
2677 3887 2749 3941 sit
2778 3902 2993 3942 merces
3022 3887 3152 3943 ﬁdei
3184 3897 3381 3956 erepta:
3410 3887 3548 3945 ﬁdes

1957 3988 2138 4034 aucta.
2171 3980 2282 4035 Nec
2309 3979 2618 4034 attenditur
2646 3995 2772 4033 cum
2807 3980 2912 4033 hoc
2938 3979 3166 4042 dicitur,
3195 3996 3309 4035 non
3343 3994 3546 4037 secun-

1959 4071 2091 4126 dum
2121 4071 2376 4142 gratiam,
2404 4071 2500 4126 sed
2533 4071 2837 4126 secundum
2865 4071 3114 4126 debitum
3145 4073 3305 4128 istam
3333 4089 3548 4130 merce-

1959 4163 2083 4218 dem
2123 4163 2478 4217 credentibus
2515 4161 2943 4232 imputarirCur
2980 4172 3166 4218 autem
3206 4179 3320 4218 non
3366 4172 3547 4220 totum

1961 4254 2241 4308 tribuatur
2265 4253 2498 4317 homini,
2522 4260 2583 4306 ut
2604 4253 2701 4322 qui
2731 4253 2836 4308 sibi
2867 4253 3046 4322 potuit
3075 4253 3374 4310 instituere
3397 4256 3548 4326 quod

1961 4361 2074 4398 non
2120 4345 2384 4408 habebat,
2423 4346 2540 4415 ipse
2583 4346 2730 4416 quod
2784 4346 3049 4410 instituit,
3081 4358 3281 4417 augeat
3321 4349 3551 4405 omnino

1963 4449 2074 4489 non
2106 4433 2292 4494 video.
2322 4436 2429 4488 nisi
2461 4435 2588 4504 quia
2619 4434 2806 4488 resisti
2840 4449 2954 4488 non
2989 4443 3171 4504 potest
3201 4436 3407 4492 divinis
3431 4453 3551 4492 ma-

338 4501 450 4587 Sevd
486 4501 721 4584 Faustus
753 4527 848 4596 qui
882 4501 1140 4594 superius
1169 4524 1386 4576 dixerat
1421 4541 1432 4576 :
1465 4523 1708 4592 Tempus
1733 4537 1858 4594 gra-
1890 4501 1936 4556 Ῑ)
1965 4526 2185 4581 nifestis
2225 4501 2574 4588 testimoniis,
2607 4525 2810 4594 quibus
2845 4535 2904 4579 et
2941 4501 3078 4581 ﬁdes
3118 4527 3288 4595 (unde
3325 4529 3552 4598 pietatis

270 4625 358 4679 tiae
380 4637 498 4691 quo
527 4619 801 4687 redempti
832 4632 1045 4677 sumus,
1073 4614 1270 4668 merita
1303 4613 1592 4667 hominum
1624 4630 1734 4668 non
1765 4630 1863 4668 ex-

1962 4617 2252 4671 exordium
2303 4617 2567 4684 sumitur)
2617 4615 2823 4669 donum
2873 4615 2970 4669 Dei
3017 4632 3140 4672 esse
3190 4627 3550 4677 monstratur.

267 4710 566 4783 spectavit,
588 4723 755 4777 opera
784 4705 1008 4776 penitus
1035 4694 1145 4756 non
1174 4705 1448 4772 qumsivit,
1470 4703 1565 4756 sed
1594 4706 1708 4758 sola
1737 4704 1864 4760 ﬁdei
1961 4708 2132 4774 Quale
2171 4717 2256 4762 est
2291 4709 2426 4763 illud
2465 4725 2477 4760 :
2519 4706 2670 4772 Quod
2705 4711 2985 4778 unicuique
3031 4707 3173 4763 Deus
3205 4713 3435 4779 partitus
3474 4721 3554 4766 est

269 4812 479 4859 nostra:
522 4800 823 4856 devotione
881 4806 1182 4850 contentus
1228 4796 1366 4858 fuit;
1391 4810 1514 4850 mox
1563 4796 1617 4848 in
1667 4796 1864 4851 eodem
1963 4799 2563 4867 meusuramﬁd.-i“.Et
2596 4797 2731 4850 illud
2767 4815 2778 4850 :
2815 4797 2932 4851 Pax
2961 4799 3212 4868 fratribus
3242 4808 3290 4852 et
3320 4801 3552 4856 charitas

269 4895 480 4964 capite,
507 4898 632 4960 post
664 4889 948 4958 paululum
981 4889 1253 4956 sequitur,
1283 4903 1552 4956 suamque
1586 4887 1704 4956 ipse
1731 4902 1862 4942 sen-

271 4987 507 5041 tentiam
530 4983 825 5036 destruens
847 4980 993 5033 sicut
1017 4978 1202 5042 ﬁdem,
1229 4979 1302 5032 ita
1331 4980 1498 5033 etiam
1529 4996 1696 5049 opera
1722 4980 1858 5035 dicit

270 5077 341 5130 ad
389 5074 677 5130 hominem
723 5072 1004 5141 pertinere
1056 5087 1068 5123 :
1119 5069 1275 5123 Sicut
1320 5070 1504 5134 enim,
1541 5071 1754 5140 inquit,
1788 5071 1857 5126 ad

269 5170 450 5224 Deum
485 5163 708 5235 largitio
736 5162 1087 5227 munerandi,
1119 5161 1192 5216 ita
1224 5161 1291 5214 ad
1322 5162 1605 5216 hominem
1635 5163 1859 5218 devotio

275 5259 511 5330 respicit
563 5255 904 5326 inquirendi.
952 5253 1060 5309 Sed
1109 5254 1262 5309 dices
1313 5254 1476 5308 ﬁdem
1528 5253 1703 5323 ipsam
1753 5270 1864 5309 non

277 5351 542 5406 omnibus
580 5361 743 5416 posse
787 5353 1123 5414 competere.
1151 5341 1269 5396 Non
1311 5343 1536 5408 mirum,
1563 5344 1609 5398 si
1653 5344 1865 5399 homini

277 5445 350 5498 ad
374 5456 542 5513 quem
572 5441 812 5509 denegas
837 5452 1006 5508 opera
1035 5435 1343 5506 pertinere,
1368 5437 1538 5490 etiam
1567 5435 1728 5491 ﬁdem
1755 5444 1870 5490 stu-

277 5536 418 5590 deas
449 5532 737 5601 derogare.
775 5529 992 5583 Rursus
1027 5527 1081 5581 in
1115 5527 1295 5597 capite
1327 5527 1575 5597 ejusdem
1613 5527 1743 5583 libri
1778 5544 1866 5595 xv,

280 5639 457 5697 agens
500 5630 694 5677 contra
737 5633 836 5674 eos
877 5618 974 5690 qui
1018 5633 1131 5675 non
1173 5618 1451 5690 generale,
1484 5617 1582 5673 sed
1629 5619 1871 5689 speciale

360 5801 406 5834 ⁸³
425 5799 632 5871 Ephes.
655 5818 714 5866 ιι,
741 5799 791 5855 8.
825 5793 1042 5852 “Rom'
1061 5795 1244 5866 xt,35,
1261 5795 1348 5855 56.
1382 5795 1428 5832 δ’
1450 5795 1496 5853 ll
1520 5795 1716 5853 Thess.
1741 5796 1899 5865 111,2.

1967 4907 2084 4944 cum
2109 4889 2216 4957 ﬁde
2249 4907 2280 4942 a
2318 4889 2421 4942 Deo
2454 4890 2644 4952 Patre,
2677 4897 2726 4942 et
2759 4888 2983 4943 Domino
3011 4888 3137 4943 Jesu
3171 4888 3376 4944 Christo
3398 4891 3466 4957 ",
3496 4901 3552 4947 et

1971 4991 2167 5035 caetera
2196 4981 2346 5034 talia.

2046 5071 2110 5124 Et
2132 5088 2323 5125 rursus
2350 5070 2494 5124 idem
2527 5070 2724 5125 beatus
2739 5069 3081 5139 Augustinus
3099 5080 3223 5140 post
3237 5073 3548 5143 aliquanta:

1973 5161 2282 5231 Utrumque
2310 5161 2458 5214 enim
2492 5171 2741 5215 nostrum
2777 5171 2883 5227 est,
2915 5161 3118 5230 inquit,
3149 5173 3382 5232 propter
3408 5164 3556 5218 arbi-

1977 5254 2144 5308 trium
2171 5249 2498 5314 voluntatis,
2517 5261 2570 5305 et
2595 5261 2892 5322 utrumque
2925 5260 3110 5308 tamen
3133 5254 3321 5309 datum
3350 5264 3436 5311 est
3459 5271 3558 5327 per

1975 5343 2241 5414 Spiritum
2268 5343 2394 5397 ﬁdei
2421 5351 2477 5397 et
2502 5342 2813 5398 charitatis.
2841 5343 3028 5413 Neque
3055 5345 3204 5400 enim
3235 5346 3348 5400 sola
3371 5347 3556 5400 chari-

1977 5451 2080 5500 tas,
2110 5436 2204 5491 sed
2233 5435 2375 5490 sicut
2405 5435 2672 5504 scriptum
2697 5443 2802 5499 est,
2827 5436 3074 5505 charitas
3102 5452 3228 5490 cum
3257 5436 3363 5492 ﬁde
3388 5453 3420 5492 a
3447 5437 3559 5492 Deo

1981 5529 2140 5582 Patre
2174 5534 2230 5581 et
2259 5527 2495 5581 Domino
2524 5527 2657 5581 Jesu
2689 5526 2934 5582 Christo.
2968 5527 3255 5584 Evacuans
3319 5545 3558 5599 namque

1979 5621 2185 5675 donum
2213 5619 2310 5674 Dei
2344 5619 2598 5684 Faustus,
2626 5633 2903 5688 omneque
2935 5617 3094 5690 545
3127 5622 3316 5693 gratias
3342 5621 3559 5694 adjuto-

1977 5795 2022 5827 “
2049 5795 2208 5853 Rom.
2239 5813 2329 5863 xu,
2357 5796 2410 5850 3.
2489 5796 2533 5828 δ’
2559 5795 2759 5867 Ephes.
2784 5812 2857 5862 Vl,
2877 5795 2966 5850 25.
