4200 6426
670 398 762 462 ill

1929 397 2250 460 JUANNIS
2279 399 2666 462 ’ΜΑΧΕΝΤΠ
2726 446 2747 463 κ

3851 401 3958 462 112

666 527 830 576 num,
869 525 994 564 mox
1038 509 1092 562 in
1140 507 1461 579 praefatione
1505 523 1606 561 sua
1653 507 2091 563 misericordiam
2136 509 2254 574 Dei,
2287 517 2330 573 Δ
2361 520 2602 580 sumpta,
2630 526 2729 580 pro
2778 508 3019 565 humano
3064 525 3266 580 genere
3310 512 3490 565 mori?
3536 510 3644 565 Sed
3701 513 3954 581 nunquid

661 620 766 671 qua
810 603 982 671 gratis
1016 602 1404 671 jUstiﬁeamur,
1459 601 1682 654 nonnisi
1744 600 1850 655 ﬁde
1890 611 1946 654 et
1985 600 2248 668 operibus

664 697 1086 764 promerendam
1115 697 1315 748 docere
1342 693 1558 758 nititur,
1587 693 1780 747 dicens
1807 710 1822 745 :
1854 693 2250 747 Asserentibus

663 789 846 854 nobis,
874 788 1021 858 quod
1054 788 1147 842 Dei
1174 787 1579 851 misericordia,
1614 787 1720 841 ﬁde
1741 795 1796 840 et
1822 788 2086 858 operibus
2120 803 2248 856 pro-

665 883 929 936 merenda
962 891 1068 946 est,
1098 880 1431 935 catlioiicain
1461 895 1653 934 vocem
1686 880 1754 935 ad
1785 881 1990 950 Pelagii
2027 895 2250 934 sensum

663 971 1024 1025 discretionis
1056 971 1283 1025 nescius
1314 969 1551 1040 quilibet
1579 969 1880 1040 adjudicet.
1912 970 2063 1024 Unde
2103 978 2160 1022 et
2197 969 2252 1022 in

665 1063 807 1116 libro
868 1062 1168 1117 undecimo
1223 1079 1322 1132 per
1380 1062 1685 1116 naturalem
1745 1062 1987 1132 vigorem
2047 1062 2253 1129 absque

662 1154 853 1222 gratiae
882 1154 1162 1228 adjutorio
1192 1154 1398 1208 multos
1425 1169 1534 1206 non
1569 1153 1748 1207 solum
1789 1161 1917 1207 ante
1953 1152 2252 1206 adventum

668 1250 911 1315 Domini,
943 1265 1136 1304 verum
1172 1249 1337 1303 etiam
1373 1256 1430 1302 et
1463 1259 1595 1303 ante
1628 1249 1805 1318 legem
1838 1248 2039 1302 littera:
2074 1246 2250 1300 salva-

669 1359 776 1406 tus,
803 1352 966 1410 atque
1001 1342 1070 1396 ad
1107 1343 1329 1411 plenam
1368 1341 1556 1396 cordis
1590 1341 1886 1411 puritatem
1924 1339 2256 1409 perfectam-

667 1451 779 1502 que
817 1434 1088 1505 justitiam
1133 1434 1478 1504 pervenisse,
1511 1433 1653 1488 ﬁlios
1695 1433 1792 1489 Dei
1833 1432 1952 1488 ﬁeri
1989 1432 2258 1487 meruisse

668 1527 1022 1598 impudenter
1061 1536 1116 1581 et
1157 1528 1473 1596 procaciter
1511 1536 1818 1583 asseverat.

741 1618 990 1687 Denique
1024 1619 1079 1672 in
1115 1632 1262 1672 nono
1295 1618 1475 1686 capite
1507 1617 1756 1686 ejusdem
1786 1615 1940 1679 libri,
1980 1617 2126 1669 inter
2154 1629 2264 1668 ete-

672 1724 812 1780 tera,
845 1710 980 1762 dicit
1013 1727 1025 1761 :
1058 1708 1193 1762 Cum
1237 1708 1492 1762 homines
1533 1707 1606 1762 ita
1638 1707 1845 1761 fuerint
1871 1707 1939 1761 ad
1966 1706 2262 1775 imaginem

669 1811 725 1856 et
766 1799 1191 1855 similitudinem
1231 1799 1327 1854 Dei
1379 1799 1617 1869 praediti.
1648 1808 1709 1852 ιιι
1753 1799 1910 1854 multi
1951 1798 2119 1852 etiam
2164 1798 2265 1854 ﬁlii

671 1893 769 1949 Dei
801 1893 1112 1948 meruerint
1143 1893 1472 1962 nuncupari,
1508 1892 1592 1946 vel
1633 1891 1824 1961 paucis
1851 1889 2034 1946 adhuc
2073 1905 2262 1944 exem-

672 1987 779 2059 plis
802 1986 1188 2057 praestringere
1213 1999 1315 2038 nos
1346 1993 1586 2054 oportet,
1610 1983 1802 2053 quanti
1822 1991 1952 2038 ante
1970 1984 2147 2052 legem
2167 1984 2274 2048 lit-,

673 2089 825 2140 terte,
860 2074 1150 2130 erudiente
1198 2074 1317 2144 lege
1365 2084 1579 2128 naturae
1624 2089 1746 2144 quae
1777 2073 1952 2144 prima
1992 2075 2076 2140 (ut
2116 2072 2274 2152 (ιιιιὶ-¹

671 2170 816 2239 inus)
849 2167 1023 2238 gratia
1057 2167 1154 2221 Dei
1187 2176 1273 2221 est
1303 2174 1363 2221 ut
1391 2165 1666 2220 vestibula
1711 2166 1907 2220 salutis
1948 2153 2272 2220 intraveritf

672 2256 743 2312 Et
774 2258 975 2311 iterum
1023 2262 1150 2324 post
1191 2267 1366 2324 pauca
1397 2271 1408 2306 :
1439 2253 1595 2309 Unde
1627 2253 1842 2318 Enmh,
1895 2253 2097 2323 inquit,
2132 2267 2261 2307 cum

671 2350 786 2404 Deo
816 2346 1126 2410 ambulare,
1160 2344 1246 2400 vel
1277 2344 1391 2400 Deo
1421 2346 1640 2415 placere
1671 2345 1962 2415 potuisset,
1995 2346 2100 2401 nisi
2133 2361 2262 2402 eum

671 2441 762 2496 lex
798 2437 1109 2496 visceribus
1141 2436 1322 2492 infusa
1354 2446 1568 2493 secreto
1602 2438 1918 2509 magisterio
1949 2437 2261 2494 illuminas-

672 2542 780 2595 set,
813 2532 870 2586 in
905 2539 1117 2586 tantum
1149 2539 1210 2586 ut
1239 2530 1379 2584 nihil
1412 2539 1702 2584 terrenum
1745 2531 1988 2601 sapiens,
2029 2531 2262 2586 mirabi-

674 2625 803 2678 liter
835 2639 867 2678 a
901 2633 1070 2687 terra,
1118 2623 1230 2678 Deo
1271 2632 1606 2688 assumente,
1643 2625 1970 2693 raperetur?
2003 2623 2262 2689 Quicum

676 2715 803 2770 Iidei
840 2716 1041 2770 merito
1089 2715 1145 2769 in
1185 2714 1362 2784 prima
1410 2714 1598 2770 saeculi
1643 2715 1794 2770 illius
1835 2724 1996 2770 aetate
2035 2725 2265 2770 exteros

655 2808 979 2875 antecellit,
1014 2806 1178 2862 ﬁdem
1211 2809 1386 2878 ipsam
1414 2822 1540 2863 cum
1568 2807 1687 2879 lege
1712 2815 1922 2862 natura:
1951 2806 2058 2864 sibi
2090 2807 2274 2861 tradi-,

675 2914 786 2955 tam
830 2901 1002 2955 fuisse
1046 2899 1358 2972 perdocuit.
1412 2898 1482 2954 Et
1528 2900 1729 2954 iterum
1767 2909 1894 2969 post
1936 2897 2218 2970 aliquanta
2247 2907 2275 2952 ελ

659 2992 901 3060 Qualem
937 3001 1335 3061 quantamque,
1377 2989 1576 3061 inquit,
1625 2989 1806 3061 legem
1843 2989 2022 3059 prima
2068 2988 2264 3044 condi-

674 3082 827 3135 tione
861 3079 1190 3149 susceperit,
1217 3077 1460 3147 perl’ecta
1491 3077 1661 3133 etiam
1687 3077 1805 3133 Noe
1835 3077 2047 3148 justitia
2077 3077 2264 3134 deela-

675 3172 839 3236 ravit,
888 3171 984 3242 qui
1028 3171 1310 3241 generalia
1346 3170 1474 3225 ﬁdei
1521 3171 1667 3224 dona
1713 3169 1940 3239 speciali
1990 3170 2048 3224 in
2080 3169 2266 3226 studio

674 3266 947 3318 virtutum
983 3272 1225 3318 sectator
1249 3263 1513 3318 excoluit.
1545 3263 1604 3317 Si
1631 3262 1937 3318 secundum
1967 3264 2132 3336 hujus
2157 3264 2264 3319 im-

675 3355 830 3424 pium
865 3369 1110 3433 sensum,
1139 3363 1196 3409 et
1227 3353 1414 3409 Enocb
1457 3354 1607 3408 omni
1637 3352 1771 3410 faece
1802 3363 2023 3411 terrena
2055 3354 2113 3410 in
2141 3363 2264 3410 tan-

678 3459 794 3501 tum
829 3447 1054 3518 purgari
1077 3446 1267 3515 potuit
1311 3461 1412 3515 per
1452 3455 1665 3500 natura:
1711 3447 1978 3518 vigorem,
2033 3458 2093 3503 ut
2125 3446 2266 3502 nihd

677 3553 960 3596 terrenum
1009 3547 1250 3611 saperet,
1287 3549 1344 3596 et
1387 3540 1503 3594 Noe
1545 3540 1614 3594 ad
1655 3539 1954 3610 perfectam
1993 3542 2265 3612 justitiam

678 3632 1016 3701 perveniret,
1036 3647 1160 3702 ergo
1174 3631 1410 3687 Christus
1423 3632 1593 3703 gratis
1623 3640 1862 3686 mortuus
1879 3643 1954 3687 est
1970 3633 2038 3688 ⁸³.
2059 3633 2119 3690 Si
2135 3647 2264 3689 eum

679 3741 780 3795 per
807 3732 1021 3780 natura:
1047 3726 1293 3796 vigorem
1322 3725 1506 3781 carnis
1534 3725 1804 3796 sapientia
1833 3728 1979 3799 (quae
2011 3728 2125 3784 Deo
2157 3728 2265 3782 ini-

679 3815 823 3869 mica
875 3816 981 3884 est)
1012 3815 1230 3886 plenius
1277 3830 1583 3887 expurgare
1633 3818 1850 3887 potuit,
1913 3827 1970 3873 et
2024 3820 2268 3888 perlecta

676 3907 894 3976 justitia
925 3908 1250 3982 adimplere,
1275 3909 1408 3980 quid
1431 3924 1658 3967 necesse
1682 3917 1802 3966 erat
1820 3911 1955 3978 Deo,
1983 3927 2149 3969 carne
2177 3928 2265 3968 as-

761 4087 807 4116 ⁸⁸
839 4085 1014 4141 Calai.
1043 4097 1104 4151 Ii,
1143 4083 1235 4137 2i.
1348 4084 1395 4113 “
1431 4081 1599 4139 Hebr.
1633 4097 1709 4150 si,
1743 4082 1800 4137 5.
1908 4078 1957 4114 "
1990 4080 2125 4137 ibid.
2161 4078 2215 4134 7.

682 4155 730 4185 ⁸⁸
759 4157 883 4210 Act.
923 4172 1013 4219 sv,
1058 4154 1142 4219 10,
1190 4154 1276 4208 il.

1348 4084 1395 4113 “
1431 4081 1599 4139 Hebr.
1633 4097 1709 4150 si,
1743 4082 1800 4137 5.

2350 603 2654 672 Apostolus
2687 603 2883 667 tacuit,
2930 603 3077 656 unde
3111 603 3299 658 Enocb
3337 613 3390 657 et
3419 603 3534 658 Noe
3575 603 3693 658 Deo
3736 603 3955 671 placere

2351 704 2676 765 potuerunt,
2725 694 2960 749 dicens:
3009 692 3137 748 Fide
3178 695 3362 748 Enocli
3406 694 3704 749 translatus
3750 705 3847 757 est,
3890 711 3957 746 ne

2351 789 2548 842 videret
2587 797 2828 851 mortem,
2863 797 2914 841 et
2952 805 3056 842 non
3094 789 3479 851 inveniebatur,
3507 789 3632 857 quia
3675 785 3955 851 transtuli;

2353 880 2508 934 iitum
2552 878 2738 933 Deus?
2765 874 3360 933 Ante'translationem
3405 881 3545 931 enim
3596 879 3956 931 testimonium

2353 973 2572 1026 habebat
2599 966 3119 1043 placuisseDeo“;et
3136 971 3353 1040 reliqua
3383 989 3395 1024 :
3422 971 3549 1024 Fide
3571 970 3681 1024 Noe
3703 985 3957 1040 responso

2357 1074 2588 1132 accepto,
2614 1065 2678 1116 de
2715 1065 2796 1117 his
2830 1078 2949 1132 quae
2983 1061 3153 1116 adhuc
3195 1078 3300 1114 non
3345 1062 3681 1126 videbantur,
3718 1071 3958 1114 metuens

2357 1158 2559 1226 aptavit
2592 1172 2775 1209 arcam
2805 1156 2860 1208 in
2881 1154 3114 1209 salutem
3136 1154 3323 1208 domus
3342 1169 3474 1214 sure,
3502 1169 3596 1224 per
3615 1169 3778 1222 quam
3802 1154 3960 1205 dum-

2358 1250 2504 1302 navit
2527 1249 2802 1312 mundum,
2825 1257 2876 1300 et
2894 1248 3123 1319 justitiw
3139 1262 3256 1318 quae
3276 1263 3370 1317 per
3383 1246 3538 1314 ﬁdem
3559 1254 3655 1312 est,
3688 1248 3851 1300 Intres
3879 1257 3958 1298 est

2358 1345 2630 1399 institutus
2655 1346 2720 1396 “.
2745 1342 2934 1397 Fidem
2960 1340 3258 1412 Apostolus
3287 1355 3396 1394 non
3422 1349 3483 1393 ut
3502 1339 3701 1392 delirat
3723 1336 3960 1392 Faustus

2359 1437 2677 1508 generalem
2723 1436 2818 1491 sed
2852 1435 3148 1505 specialem
3180 1434 3362 1497 docet,
3385 1433 3577 1487 dicens
3610 1450 3621 1484 :
3659 1432 3777 1486 Non
3807 1433 3960 1485 enin

2359 1529 2608 1584 omnium
2632 1536 2718 1582 est
2747 1527 3089 1597 ﬁdes;neque
3112 1527 3442 1582 naturaliter
3463 1525 3725 1579 omnibus
3752 1525 3955 1585 inesse,

2364 1621 2460 1676 sed
2481 1635 2512 1675 a
2537 1620 2651 1674 Deo
2672 1618 2892 1685 donari,
2916 1620 3012 1689 qui
3031 1626 3295 1688 operatur
3317 1617 3499 1672 omnia
3529 1617 3582 1669 iu
3608 1616 3866 1670 omnibus
3887 1616 3956 1669 δ”.

2365 1713 2523 1768 Sicut
2558 1721 2616 1768 et
2644 1711 2776 1766 alibi
2817 1711 2965 1766 idem
2994 1711 3296 1780 Apostolus
3319 1711 3474 1773 dicit,
3508 1709 3642 1763 illud
3679 1707 3824 1778 quod
3861 1724 3956 1760 su~

2367 1806 2557 1876 perius
2587 1804 2939 1860 beatissimus
2980 1804 3167 1874 posuit
3202 1802 3543 1872 Augustinus
3572 1819 3585 1854 :
3618 1800 3735 1854 Pax
3770 1803 3964 1870 [rati-i-

2369 1899 2465 1952 bus
2499 1909 2547 1951 et
2579 1899 2812 1951 charitas
2837 1913 2956 1950 cum
2983 1896 3090 1965 ﬁde
3113 1913 3144 1949 a
3167 1895 3276 1949 Deo
3300 1894 3483 1958 Patre,
3512 1901 3559 1944 et
3584 1891 3807 1945 Domino
3831 1890 3964 1944 Iesu

2371 1990 2580 2046 Christo
2607 1990 2674 2044 ".
2703 1989 2824 2044 Non
2846 2003 2977 2057 ergo
3006 1987 3301 2058 perlegem
3325 1995 3558 2047 naturae,
3586 1984 3680 2037 sed
3715 1998 3810 2051 per
3838 1997 3964 2052 gra-

2373 2081 2501 2134 tiam
2531 2094 2724 2134 omnes
2767 2079 2942 2133 sancti
2973 2085 3102 2132 ante
3130 2077 3428 2132 adventum
3460 2075 3672 2129 Domini
3699 2075 3809 2128 Deo
3840 2085 3962 2142 pla-

2370 2182 2625 2228 cuerunt.
2661 2170 2980 2226 Secundum
3015 2170 3071 2224 id
3113 2170 3261 2240 quod
3293 2178 3350 2223 et
3382 2169 3735 2222 beatissimus
3766 2167 3966 2221 Petrus

2371 2267 2428 2322 in
2486 2267 2717 2322 Actibus
2759 2273 2992 2320 testatur
3032 2263 3448 2334 Apostolorum,
3489 2261 3681 2315 dicens
3723 2277 3736 2313 :
3783 2259 3964 2313 Nolite

2361 2360 2558 2430 jugum
2592 2359 2862 2428 imponere
2901 2373 3061 2427 super
3098 2356 3319 2409 cervices
3371 2352 3770 2424 discipulorum,
3821 2352 3965 2420 quod

2371 2467 2539 2522 neque
2565 2467 2681 2516 nos,
2709 2466 2876 2520 neque
2903 2457 3080 2520 patres
3111 2449 3278 2502 nostri
3303 2454 3519 2520 portare
3546 2448 3832 2517 potuimus,
3869 2444 3968 2499 sed

2371 2560 2466 2615 per
2494 2544 2729 2615 gratiam
2757 2541 2952 2597 Christi
2990 2556 3268 2612 speramus
3296 2538 3430 2594 salvi
3460 2539 3580 2607 ﬁeri
3617 2537 3965 2609 quemadmo-

2371 2637 2498 2691 dum
2528 2645 2577 2690 et
2606 2635 2689 2689 illi
2712 2636 2778 2690 η.
2813 2635 2916 2689 Eat
2945 2649 3092 2688 nunc
3122 2634 3434 2697 Possessor,
3459 2640 3516 2686 et
3540 2631 3722 2685 adhuc
3751 2632 3805 2684 iu
3838 2646 3970 2700 per-

2371 2728 2516 2784 nicie
2545 2727 2792 2798 propria,
2834 2734 2891 2780 et
2941 2740 3135 2782 eorum
3178 2725 3273 2796 qui
3307 2725 3413 2779 sibi
3453 2726 3826 2784 consentiunt,
3861 2724 3965 2776 de-

2351 2816 2560 2871 .fendat
2609 2815 2793 2870 Fausti
2836 2816 3011 2870 libros
3065 2815 3387 2880 catholicos,
3434 2830 3576 2884 quos
3618 2830 3730 2868 non
3782 2813 3966 2868 solutn

2371 2910 2478 2963 seri
2487 2907 2942 2978 ptissanctissimi
2963 2908 3068 2961 viri
3084 2908 3399 2976 Augustini,
3417 2921 3609 2961 verum
3627 2907 3792 2960 etiam
3812 2920 3968 2959 sum-

2373 3015 2589 3055 morum
2624 3009 2680 3054 et
2724 3000 3133 3070 praicipuorum
3171 2998 3377 3055 Christi
3422 2997 3800 3068 apostolorum
3831 3013 3966 3052 sen-

2374 3092 2564 3148 tentiis
2595 3092 2904 3147 eontrarios
2934 3092 3155 3162 penitus
3189 3092 3396 3146 veritas
3429 3091 3622 3160 docet,
3669 3091 3813 3146 sicut
3857 3089 3966 3144 hoc

2371 3185 2498 3241 loco
2531 3184 2821 3240 manifesta
2853 3184 3067 3239 ratione
3097 3184 3472 3253 probavimus.
3505 3183 3641 3237 Nam
3686 3183 3813 3237 ideo
3843 3197 3970 3236 cer-

2369 3288 2454 3334 tas
2482 3279 2784 3333 sententias
2830 3287 2936 3331 tam
2979 3291 3047 3331 ex
3097 3277 3419 3346 praefatione
3453 3291 3708 3331 errorum
3752 3275 3962 3340 Fausti,

2369 3383 2534 3438 quam
2574 3368 2744 3423 etiam
2786 3383 2855 3422 ex
2899 3366 3127 3436 capituli
3173 3357 3344 3436 primi
3386 3375 3443 3421 et
3487 3367 3708 3436 septimi
3759 3367 3969 3437 prioris

2367 3461 2500 3515 libri
2534 3460 2806 3524 inserere,
2839 3459 2948 3513 hoc
2980 3460 3102 3514 loco
3144 3460 3517 3514 necessarium
3561 3458 3905 3514 considerari
3949 3476 3961 3511 :

2368 3552 2498 3622 quia
2545 3567 2604 3607 se
2651 3551 2800 3607 idem
2843 3551 3135 3607 Possessor
3167 3552 3240 3606 ita
3271 3553 3410 3606 solet
3443 3552 3641 3606 callide
3673 3566 3965 3615 excusare,

2319 3682 2326 3688 .
2373 3644 2522 3715 quod
2547 3659 2655 3700 non
2687 3645 2927 3716 amplius
2959 3646 3068 3700 nisi
3099 3654 3225 3700 octo
3251 3646 3489 3715 capitula
3523 3644 3651 3698 libri
3694 3644 3855 3714 primi
3881 3644 3969 3698 le-

2375 3738 2534 3808 gerit,
2568 3748 2630 3792 ut
2672 3739 2753 3794 sic
2795 3737 2989 3792 saltem
3033 3737 3296 3793 confusus
3322 3735 3622 3807 aliquando
3653 3735 3967 3805 resipiscat,

2374 3842 2439 3883 ea
2468 3845 2590 3899 quae
2617 3829 2845 3900 preprio
2881 3844 2975 3883 ore
3013 3829 3209 3899 legisse
3232 3845 3291 3884 se
3313 3829 3532 3893 asserit,
3563 3828 3836 3882 catholica
3866 3844 3960 3883 ne-

2373 3916 2523 3971 rario
2559 3931 2729 3971 ausus
2767 3916 3150 3988 pronuntiare.

2311 4077 2357 4109 "
2385 4077 2429 4133 ll
2459 4079 2662 4136 Thess.
2687 4097 2769 4149 ni,
2795 4081 2857 4148 2;
2892 4082 2939 4138 ll
2971 4081 3098 4140 Cor.
3143 4097 3243 4151 ιιι,
3286 4084 3341 4140 6.
3415 4085 3468 4118 ⁸⁷
3495 4085 3699 4158 Ephes.
3731 4101 3809 4155 Vl,
3847 4087 3948 4146 23.

693 4341 3940 4379 W3:

1971 4521 2690 4652 EJUSDEM

1349 4766 1826 4862 CONTRA
1896 4766 2592 4862 ACEPHALOS
2680 4770 2789 4858 Ll
2814 4767 3302 4860 BELLUS.

756 5097 1055 5157 Catholica
1112 5096 1240 5154 ﬁdei
1300 5097 1642 5168 professione
1693 5096 1936 5155 breviter
1985 5099 2233 5169 exposita
2257 5137 2275 5163 ,
2301 5100 2356 5160 D
2381 5108 2506 5169 post
2543 5096 2937 5152 adunationem
2981 5096 3039 5150 in
3071 5094 3294 5152 Christo
3325 5102 3524 5149 natura
3565 5101 3673 5161 est,
3704 5108 3838 5165 ergo
3865 5108 3975 5149 nec

687 5193 967 5265 pergimus
1010 5207 1160 5246 nunc
1192 5191 1417 5246 illorum
1453 5191 1792 5262 respondere
1835 5191 2274 5257 deﬁnitionibus,

687 5285 782 5355 qui
814 5284 971 5353 lapsu
995 5279 1301 5335 miserabili
1329 5289 1680 5345 corruentes,
1711 5279 1868 5335 novis
1893 5289 1950 5334 et
1985 5279 2278 5349 exquisitis

688 5371 1268 5446 argumentationibus
1303 5371 1578 5426 nefarium
1609 5372 1805 5442 dogma
1837 5370 2044 5426 Christi
2085 5371 2276 5426 Eccle-

688 5467 786 5524 siis
820 5467 1128 5521 moliuntur
1167 5464 1394 5528 inferre,
1425 5473 1483 5519 et
1505 5465 1678 5518 Deum
1713 5474 1770 5519 et
1801 5465 2105 5529 hominem,
2139 5465 2278 5518 Ver-

690 5559 823 5615 bum
867 5569 927 5613 et
955 5570 1180 5613 carnem
1221 5556 1575 5621 conﬁtentes,
1625 5572 1790 5610 unam
1825 5565 1951 5627 post
1992 5555 2280 5612 adunatio-

689 5665 821 5706 nem
847 5649 903 5703 in
925 5648 1150 5705 Christo
1176 5656 1454 5711 naturam,
1487 5646 1655 5701 stulte
1697 5648 1864 5702 nimis
1894 5647 2281 5718 impudenter-

693 5761 800 5816 que
824 5753 1095 5799 conantur
1123 5752 1391 5808 astruere,
1422 5742 1577 5812 quia,
1596 5743 1874 5812 inquiunt,
1903 5759 2012 5798 non
2037 5760 2158 5800 esse
2187 5761 2283 5798 na-

701 5849 875 5894 turam
920 5840 1038 5895 sine
1081 5851 1342 5908 persona,
1393 5835 1599 5904 quibus
1643 5836 2013 5906 respondetur
2072 5837 2128 5892 Si
2174 5853 2282 5892 una

2383 5190 2648 5245 adunatio
2666 5189 2849 5244 carnis
2870 5188 3012 5243 facta
3035 5195 3122 5242 est
3153 5205 3165 5240 :
3189 5185 3338 5256 quod
3360 5186 3406 5241 si
3429 5186 3764 5241 coaduuatio
3787 5187 3973 5242 carnis

2383 5281 2527 5336 facta
2562 5295 2672 5334 non
2703 5288 2811 5344 est,
2854 5293 2954 5332 cur
2997 5277 3352 5332 adunationis
3398 5275 3460 5330 ﬁt
3491 5277 3812 5332 mentio?si
3839 5292 3973 5333 vero

2385 5372 2650 5427 adunatio
2677 5370 2862 5426 carnis
2891 5369 3034 5424 facta
3067 5378 3174 5435 est,
3205 5371 3317 5441 jam
3347 5384 3460 5423 non
3507 5376 3721 5424 tantum
3759 5369 3973 5436 divina,

2386 5465 2482 5519 sed
2510 5473 2566 5518 et
2607 5463 2794 5518 carnis
2823 5470 3022 5517 natura
3058 5461 3112 5516 in
3139 5460 3362 5516 Christo
3387 5469 3492 5525 est,
3529 5460 3655 5515 duae
3681 5460 3846 5530 igitur
3873 5475 3976 5513 na-

2387 5570 2526 5613 turai
2574 5558 2695 5612 sine
2747 5556 2856 5610 ulla
2906 5553 3256 5610 dubitatione
3300 5563 3424 5622 post
3473 5551 3866 5624 adunationem
3919 5553 3977 5605 in

2384 5651 2606 5705 Christo
2633 5659 2782 5705 sunt.
2832 5648 2890 5703 Si
2936 5657 3122 5703 autem
3164 5645 3500 5702 adunatione
3544 5644 3711 5710 facta,
3759 5657 3888 5706 una,
3922 5655 3983 5700 et

2388 5745 2504 5798 sola
2540 5750 2725 5796 manet
2759 5742 2815 5795 in
2841 5739 3064 5796 Christo
3103 5740 3384 5802 divinitas,
3413 5753 3546 5808 ergo
3579 5753 3690 5792 non
3723 5735 3982 5805 simplex,

2389 5836 2485 5891 sed
2525 5834 2830 5903 composita
2877 5832 3264 5903 passibilisque
3296 5840 3378 5886 est
3410 5831 3603 5886 eadem
3633 5827 3795 5885 Verbi
3834 5825 3982 5882 divi-
