4200 6426
243 447 339 513 113

1272 450 1572 512 comm
1615 449 2050 512 ACEPHALOS
2085 436 2490 516 LIBELLUS.

3412 447 3510 512 ili

241 565 400 620 nitas.
433 561 576 630 Quia
603 560 875 633 quidquid
902 576 972 618 ex
999 561 1337 616 adunatione
1368 562 1671 618 subsistere
1703 577 1823 618 cre-
1854 567 1897 621 A
1928 575 2058 616 vare
2092 577 2392 631 personas;
2423 565 2553 634 quia
2589 564 2832 619 Verbum
2855 570 2912 618 et
2942 577 3164 618 carnem
3194 563 3358 618 etiam
3389 576 3512 635 post

240 655 408 719 ditur,
432 654 756 709 nullatenus
777 653 1084 710 secundum
1107 652 1426 718 veritatem,
1451 654 1675 724 proprie
1698 655 1830 708 sim-
1929 648 2322 706 adunationcm
2366 653 2421 707 in
2447 652 2670 708 Christo
2700 667 2906 723 negare,
2937 667 3049 707 non
3078 660 3332 722 possunt,
3371 669 3511 722 quo-

241 748 359 819 plex
389 759 500 816 est,
528 749 626 805 sed
665 750 890 804 omnino
920 749 1288 820 compositum
1320 749 1671 820 intelligitur.
1716 747 1832 802 Hoc

241 849 427 897 autem
473 841 544 896 de
577 842 695 896 sola
740 841 1031 896 divinitate
1069 839 1276 896 Christi
1327 843 1533 897 sentire
1568 842 1833 912 probatur

242 945 361 985 esse
409 931 788 1000 sacrilegium.
840 929 1034 984 Restat
1079 942 1211 999 ergo
1274 937 1335 982 ut
1379 928 1666 993 adunatio,
1711 944 1834 999 qua:

243 1023 708 1092 compositionem
731 1020 886 1086 facit,
912 1019 1148 1089 refugiat
1184 1020 1616 1090 simplicitatem,
1645 1035 1834 1076 susce-

243 1113 604 1183 ptionemque
632 1113 825 1182 procul
849 1111 1021 1167 dubio
1042 1127 1072 1166 a
1095 1111 1237 1166 Filio
1266 1113 1363 1166 Dei
1396 1113 1650 1166 humanae
1676 1120 1837 1166 natu-

246 1218 318 1257 ra
343 1203 640 1274 signiticet.
669 1203 737 1258 Et
767 1203 892 1258 ideo
915 1211 1132 1258 constat
1160 1201 1320 1267 duas,
1346 1202 1404 1257 id
1442 1211 1548 1262 est,
1579 1202 1840 1256 divinita-

247 1295 317 1348 tis
343 1303 404 1349 et
439 1294 826 1358 humanitatis,
863 1294 920 1349 in
949 1294 1091 1349 Filio
1132 1294 1231 1350 Dei
1281 1300 1406 1364 post
1449 1293 1837 1348 adunationcm

248 1401 368 1442 esse
404 1397 652 1451 naturas,
681 1401 750 1442 ex
777 1387 986 1458 quibus
1028 1393 1086 1442 et
1115 1387 1174 1441 in
1213 1386 1418 1458 quibus
1448 1385 1703 1442 subsistit
1732 1401 1839 1441 una

249 1485 305 1532 et
345 1478 650 1548 singularis
680 1478 885 1534 Christi
922 1495 1182 1550 persona.

319 1567 557 1634 Rursus,
591 1571 637 1624 si
676 1581 801 1641 post
827 1571 1218 1626 adunationcm
1247 1585 1356 1626 una
1387 1579 1584 1626 natura
1615 1569 1671 1625 in
1701 1569 1843 1626 Filio

251 1658 346 1714 Dei
372 1661 688 1729 profitenda
709 1670 816 1728 est,
837 1671 934 1718 aut
955 1663 1274 1718 humanitas
1289 1663 1403 1718 sola
1420 1662 1477 1717 in
1495 1661 1719 1718 Christo
1731 1669 1840 1727 est,

253 1757 348 1804 aut
367 1761 524 1806 certe
547 1753 664 1807 sola
695 1753 980 1810 divinitas.
1003 1755 1136 1810 Item
1158 1755 1204 1811 si
1224 1769 1336 1808 non
1365 1762 1451 1809 est
1482 1762 1700 1817 natura,
1724 1753 1845 1808 sine

255 1856 517 1911 persona,
547 1844 724 1899 multo
748 1845 920 1917 magis
950 1861 1185 1916 persona
1213 1863 1323 1901 non
1353 1855 1533 1917 potest
1560 1861 1682 1902 esse
1725 1846 1846 1902 sine

254 1941 479 1988 natura.
499 1933 558 1989 Si
586 1951 720 2008 ergo
743 1948 956 1993 nonest
981 1946 1180 1993 natura
1211 1938 1330 1994 sine
1363 1953 1623 2008 persona,
1647 1948 1702 1994 et
1720 1953 1849 2009 per-

255 2038 391 2079 sona
425 2041 544 2081 non
584 2029 838 2086 est-sine
884 2040 1105 2096 natura,
1140 2041 1251 2087 tres
1279 2047 1414 2102 ergo
1461 2040 1592 2086 sunt
1639 2040 1849 2087 natura!

257 2110 588 2182 divinitatis,
610 2133 722 2172 non
739 2135 871 2175 una.
894 2120 1032 2188 Quia
1064 2131 1179 2177 tres
1209 2130 1341 2178 sunt
1366 2121 1487 2177 sine
1517 2122 1687 2178 dubio
1712 2123 1848 2179 sub-
1895 2165 1902 2169 -

257 2206 529 2262 εἱειειιῑίω
572 2209 691 2266 sive
725 2227 979 2281 persona:
1001 2256 1015 2280 ,
1052 2214 1235 2270 Patris
1273 2223 1330 2270 et
1360 2214 1485 2270 Filii
1524 2223 1581 2270 et
1609 2214 1853 2286 Spiritus

258 2299 457 2354 sancti.
493 2299 600 2355 Sed
635 2301 740 2358 hoc
774 2304 871 2374 qui
899 2304 1094 2360 dicunt
1124 2306 1348 2361 Arianis
1385 2306 1614 2361 omnino
1640 2307 1853 2361 socian-

259 2397 370 2454 tur,
402 2399 461 2445 et
493 2392 615 2461 pari
647 2394 861 2450 cautela
892 2397 1120 2452 cavendi
1162 2407 1313 2463 sunt,
1337 2398 1468 2468 quia
1509 2397 1763 2453 similiter
1789 2407 1852 2452 ut

258 2479 338 2535 illi
365 2482 760 2552 blasphemare
796 2496 1124 2544 noscuntur.
1159 2489 1480 2556 Quaeramus
1510 2499 1692 2546 tamen
1716 2490 1850 2561 quid

259 2572 364 2628 sibi
395 2576 518 2629 vult
553 2577 792 2649 adjectio
823 2578 916 2634 illa
957 2579 1294 2651 signiﬁcare,
1329 2597 1455 2637 cum
1485 2582 1697 2647 dicunt,
1728 2593 1854 2654 post

259 2663 682 2723 adunationem.
711 2668 912 2725 Utrum
957 2671 1089 2741 quia
1119 2680 1248 2728 ante
1294 2672 1688 2729 adunationcm
1731 2674 1855 2730 dua:

261 2755 319 2811 in
341 2757 572 2814 Christo
599 2769 812 2817 natura:
836 2760 1086 2829 fuerunt,
1111 2772 1170 2818 et
1195 2763 1324 2820 ideo
1343 2765 1539 2821 dicunt
1568 2776 1693 2838 post
1714 2766 1854 2822 adu-

263 2848 573 2916 nationem,
605 2865 677 2906 an
705 2860 763 2906 et
808 2860 936 2909 ante
965 2855 1357 2911 adunationcm
1388 2872 1552 2913 unam
1588 2857 1858 2927 proﬁten-

265 2947 357 2992 tur
393 2940 571 2997 fuisse
602 2942 656 2996 in
687 2941 913 2999 Christo
944 2947 1239 3001 naturam?
1262 2945 1421 3014 Quod
1463 2948 1510 3003 si
1553 2956 1681 3005 ante
1715 2951 1854 3006 adu-

264 3029 555 3084 nationcm
588 3047 754 3086 unam
802 3031 972 3089 fuisse
1013 3035 1229 3101 dicunt,
1261 3038 1604 3108 superfluum
1632 3041 1860 3096 omnino

266 3128 370 3184 est,
423 3130 556 3191 post
585 3122 978 3180 adunationcm
1021 3126 1230 3192 dicere,
1260 3129 1389 3198 quia
1433 3144 1651 3199 semper
1692 3147 1862 3186 unam

1933 754 2055 821 τηρ
2078 740 2326 796 diversas
2344 757 2466 798 esse
2495 752 2722 797 naturas
2746 741 2935 796 nullus
2957 741 3194 809 ignorat.
3219 738 3329 795 Sed
3352 740 3510 803 duas,

1933 828 2214 900 inquiunt,
2263 831 2388 885 ideo
2434 847 2543 887 non
2592 833 2796 890 debere
2847 833 2958 888 dici
3013 833 3068 888 in
3121 831 3342 888 Christo
3391 838 3516 900 post

1934 922 2325 978 adunationcm
2373 924 2612 980 fatemur
2643 941 2766 982 esse
2808 935 3056 992 naturas,
3095 926 3226 996 quia
3266 923 3378 979 duo
3411 938 3519 977 nu-

1936 1028 2124 1068 merus
2150 1029 2274 1070 esse
2318 1030 2429 1070 non
2477 1025 2658 1086 potest
2701 1017 2992 1084 indivisus,
3047 1031 3174 1071 cum
3209 1013 3515 1072 secundum

1938 1104 2251 1169 veritatem,
2282 1106 2466 1162 omnis
2494 1122 2760 1162 numerus
2795 1107 3054 1162 divisioni
3089 1106 3358 1179 subiacet.
3392 1105 3520 1160 Haec

1938 1203 1997 1249 et
2032 1197 2346 1269 huiusmodi
2377 1200 2521 1254 solet
2548 1215 2742 1256 eorum
2770 1202 3247 1273 impudentissima
3288 1198 3522 1255 catholi-

1941 1301 2061 1342 cam
2083 1291 2372 1347 veritatem
2397 1294 2766 1364 argumentari
2796 1295 3027 1349 vanitas.
3053 1295 3123 1349 Et
3141 1293 3378 1364 primum
3399 1290 3520 1361 qui-

1943 1379 2069 1435 dem
2099 1397 2210 1438 non
2250 1399 2350 1454 per
2393 1399 2452 1441 se
2484 1384 2687 1456 ipsum,
2719 1387 2816 1441 sed
2849 1385 2906 1440 in
2948 1401 3136 1442 rerum
3168 1385 3381 1440 naturis
3403 1399 3524 1438 om-

1942 1485 2072 1526 nem
2131 1473 2434 1531 subsistere
2479 1491 2771 1532 numerum
2836 1476 3248 1532 evidentissima
3309 1475 3525 1530 ratione

1945 1559 2229 1616 docemur.
2263 1563 2492 1628 Deinde,
2527 1564 2572 1620 si
2615 1566 2932 1620 nullatenus
2958 1581 3023 1620 ea
3064 1580 3187 1636 qua:
3217 1562 3523 1620 secundum

1945 1652 2156 1721 aliquid
2191 1652 2585 1710 discernuntur
2636 1665 2694 1710 et
2733 1664 3138 1719 numerantur,
3190 1665 3423 1726 possunt
3467 1655 3523 1709 in

1948 1741 2161 1797 unitate
2185 1741 2509 1811 subsistere,
2540 1760 2748 1815 quaaro,
2775 1756 2831 1802 et
2858 1746 3019 1801 Pater
3046 1753 3101 1800 et
3131 1744 3301 1800 Filius
3321 1754 3375 1798 et
3405 1743 3528 1813 Spi-

1949 1830 2092 1886 ritus
2122 1843 2365 1900 sanctus,
2390 1835 2484 1905 qui
2520 1849 2631 1890 non
2667 1835 2867 1906 reipsa,
2898 1834 2994 1902 sed
3048 1834 3378 1906 cognitione_
3408 1842 3528 1888 tan-

1952 1932 2067 1978 tum
2094 1923 2165 1979 ab
2189 1925 2424 1981 invicem
2452 1926 2862 1994 discernuntur,
2894 1927 3174 1998 quomodo
3203 1941 3314 1981 non
3345 1926 3402 1981 in
3446 1925 3502 1980 di

1948 2015 2183 2082 visione,
2217 2015 2316 2072 sed
2343 2017 2401 2072 in
2435 2027 2648 2074 natura:
2676 2018 2887 2074 unitate
2917 2015 3251 2073 subsistant?

2019 2105 2178 2173 Quod
2206 2108 2251 2164 si
2284 2108 2339 2162 hi
2369 2117 2484 2166 tres
2518 2125 2688 2166 unum
2723 2119 2872 2174 sunt,
2915 2119 2972 2165 et
3003 2123 3366 2179 personarum
3409 2123 3532 2162 sua-

1950 2216 2077 2256 rum
2124 2201 2487 2272 proprietates
2538 2201 2775 2272 integras
2822 2210 2880 2255 ct
2924 2199 3197 2271 perfectas
3243 2197 3532 2254 ineonfuse

1951 2292 2294 2359 custodiunt,
2320 2308 2424 2349 nec
2465 2294 2522 2348 in
2553 2285 2850 2359 divisiohe,
2884 2292 2980 2349 sed
3011 2291 3068 2347 in
3105 2291 3319 2346 unitate
3351 2289 3535 2346 subsi-

1952 2391 2127 2452 stunt,
2173 2393 2364 2451 restat,
2418 2395 2481 2440 ut
2519 2387 2631 2457 jam
2677 2400 2786 2442 non
2822 2384 3008 2441 omnia
3055 2398 3176 2454 quae
3225 2380 3530 2438 secundum

1952 2477 2325 2549 cognitionem
2365 2486 2718 2534 numerantes
2760 2476 3150 2540 discernimus,
3173 2473 3338 2529 etiam
3366 2473 3535 2528 rebus

1953 2568 2110 2640 ipsis,
2138 2567 2348 2624 nefarie
2390 2567 2722 2623 dividamus.
2767 2565 2907 2634 Quia
2953 2581 3056 2621 nec
3093 2581 3221 2621 cum
3264 2564 3450 2620 carnis
3478 2572 3535 2618 et

1958 2660 2153 2717 animae
2198 2659 2336 2714 duas
2383 2659 2804 2730 pronuntiamus
2864 2657 3224 2728 diversasque
3283 2667 3532 2717 naturas.

1945 2735 2128 2808 'unum
2152 2751 2432 2807 hominem
2458 2751 2515 2806 in
2538 2749 2650 2806 duo
2673 2750 2992 2815 dividimus,
3021 2762 3186 2820 quem
3210 2762 3321 2802 non
3346 2747 3534 2809 rebus,

1957 2827 2053 2900 sed
2119 2836 2435 2915 cognitione
2497 2843 2888 2898 discernimus.
2963 2841 3223 2912 Alioquin
3285 2839 3540 2895 dividant

1958 2936 2140 3006 primo
2173 2934 2220 2989 si
2252 2943 2503 3005 possunt,
2531 2950 2642 2989 non
2685 2933 2864 2990 solum
2905 2933 3205 2998 intellectu,
3235 2931 3331 2986 sed
3371 2930 3542 2987 etiam.

1961 3028 2153 3093 rebus,
2182 3043 2214 3083 a
2235 3028 2530 3098 splendore
2557 3028 2822 3092 colorem,
2849 3033 2906 3082 et
2944 3025 3185 3080 calorem
3209 3038 3239 3078 a
3269 3024 3543 3095 sole;tunc

1963 3133 2153 3173 eorum
2183 3118 2388 3188 poterit
2414 3117 2532 3174 haec
2564 3118 2732 3173 stulta
2765 3117 3039 3172 sententia
3072 3114 3344 3170 stabiliri-

267 3211 583 3265 secundum
631 3213 780 3281 ipsos
817 3223 1035 3269 constat
1066 3215 1238 3272 fuisse
1278 3227 1336 3272 et
1366 3233 1488 3273 esse
1535 3220 1592 3274 in
1638 3220 1858 3278 Christo

2033 3213 2189 3281 Quod
2224 3215 2272 3268 si
2304 3212 2485 3268 facere
2507 3221 2810 3282 nequeunt,
2834 3211 3035 3266 cedant
3061 3208 3305 3270 veritati,
3329 3217 3385 3263 et
3405 3207 3546 3262 duas

269 3309 554 3357 naturam.
583 3303 789 3359 Verum
821 3305 864 3359 si
897 3306 972 3360 ita
1001 3317 1106 3373 est,
1137 3309 1367 3364 omnino
1395 3309 1664 3366 fallaciter
1686 3312 1756 3366 ab
1777 3314 1860 3368 eis

269 3392 439 3446 etiam
487 3395 698 3448 mentio
727 3396 1081 3453 adunationis
1111 3399 1364 3455 ail‘ertur.
1395 3399 1556 3477 Quia,
1587 3401 1632 3456 si
1665 3417 1772 3457 una
1805 3413 1861 3460 et

272 3493 402 3540 ante
426 3492 488 3540 et
525 3497 646 3554 post
673 3489 877 3543 mansit
906 3490 961 3544 in
987 3490 1209 3548 Christo
1251 3502 1470 3557 natura,
1503 3494 1653 3548 nulla
1677 3495 1860 3550 omni-

274 3575 442 3628 modo
478 3575 622 3632 facta
653 3587 736 3632 est
771 3579 1055 3644 adunatio,
1081 3583 1209 3652 quia
1237 3582 1632 3639 adunationcm
1663 3601 1730 3640 ex
1773 3587 1861 3642 di-

272 3680 788 3723 versarum'rerum
823 3672 1037 3727 naturis
1064 3672 1204 3736 ﬁeri,
1233 3689 1398 3728 nemo
1427 3683 1512 3729 est
1537 3675 1632 3745 qui
1663 3677 1858 3732 nescit.

276 3753 331 3810 Si
369 3765 562 3812 autem
597 3758 732 3814 duas
767 3771 894 3816 ante
921 3761 1314 3817 adunationcm
1346 3762 1516 3818 fuisse
1549 3772 1773 3820 naturas
1805 3766 1862 3820 in

274 3844 500 3902 Christo
537 3849 799 3916 dixerint,
833 3851 973 3908 duas
1014 3855 1179 3908 etiam
1201 3855 1320 3909 sine
1349 3852 1522 3908 dubio
1565 3862 1692 3910 ante
1724 3855 1864 3913 adu-

276 3939 562 3993 nationcm
616 3940 799 3997 dicere
850 3944 1259 3999 convincuntur
1310 3945 1366 3999 in
1415 3944 1636 4001 Christo
1693 3946 1864 4004 fuisse

283 4043 567 4097 personas,
619 4033 768 4101 quia,
820 4035 1126 4090 secundum
1180 4036 1352 4106 ipsos,
1389 4053 1499 4092 non
1537 4048 1624 4093 est
1668 4049 1864 4095 natura

279 4123 398 4176 sine
433 4138 696 4194 persona.
748 4125 906 4192 Quod
957 4143 1084 4183 cum
1118 4129 1333 4195 dicunt,
1368 4131 1493 4200 quis
1513 4147 1608 4185 eos
1653 4135 1866 4188 nesciat

277 4214 625 4271 Nestoriana:
656 4218 901 4287 perfidiae
932 4219 1104 4290 (quod
1135 4219 1375 4291 fugiunt)
1401 4222 1613 4292 laqueis
1643 4238 1865 4294 compe-

279 4307 412 4372 diri,
449 4308 548 4378 qui
590 4308 870 4365 hominem
899 4311 1122 4381 plenum
1158 4311 1294 4375 Deo,
1323 4327 1435 4367 non
1467 4313 1639 4368 Deum
1684 4315 1860 4371 homio

279 4414 408 4454 nem
445 4399 654 4455 factum
698 4402 1002 4472 praedicare
1035 4403 1464 4459 convincuntur.
1496 4405 1634 4460 Item
1669 4406 1715 4460 si
1755 4421 1866 4461 non

280 4500 366 4546 est
398 4502 599 4546 natura
621 4493 738 4548 sine
774 4507 1036 4563 persona,
1070 4509 1379 4563 quieramus
1407 4495 1477 4549 ab
1506 4495 1590 4551 eis
1626 4515 1638 4552 ε
1669 4497 1866 4555 Utrum

1965 3304 2256 3359 nobiscum
2287 3305 2344 3360 in
2368 3303 2592 3361 Christo
2624 3301 2988 3374 proﬁteantur
3020 3314 3144 3357 esse
3171 3309 3418 3363 naturas,
3447 3298 3550 3370 qui

1967 3411 2061 3453 eas
2087 3411 2199 3451 non
2236 3395 2404 3452 rebus
2435 3396 2567 3466 ipsis
2599 3395 2920 3460 dividimus,
2956 3393 3053 3450 sed
3084 3392 3398 3465 cognitione
3417 3386 3546 3447 tan-
3606 3438 3616 3450 .

1971 3500 2087 3545 tum
2128 3488 2496 3545 discernimus
2541 3498 2598 3545 et
2643 3489 2966 3562 probamus.
3002 3487 3061 3543 Si
3107 3501 3240 3544 vero
3261 3485 3548 3544 dixerint:

1971 3578 2127 3634 Sicut
2157 3594 2224 3634 ex
2255 3579 2434 3634 anima
2467 3588 2524 3634 et
2551 3573 2721 3634 carne
2746 3594 2852 3634 una
2881 3579 3120 3633 humana
3148 3586 3344 3631 natura
3371 3576 3547 3631 conﬂ-

1971 3670 2136 3738 citur,
2173 3686 2295 3741 quae
2328 3671 2614 3742 singulari,
2643 3687 2754 3726 non
2798 3671 2999 3742 plurali
3037 3685 3268 3726 numero
3296 3685 3547 3741 pronun-

1973 3765 2159 3830 tiatur,
2197 3765 2271 3818 ita
2303 3779 2371 3818 ex
2400 3763 2688 3819 divinitate
2714 3773 2769 3820 et
2796 3764 3137 3819 humanitate
3160 3779 3270 3818 una
3296 3763 3435 3818 facta
3465 3773 3550 3818 est

1949 3855 2177 3916 .Christi
2218 3865 2438 3917 natura.
2487 3858 2674 3913 Primo
2707 3858 2930 3932 quidem
2965 3858 3070 3913 hoc
3089 3855 3394 3926 exemplum
3409 3856 3550 3912 Filio

1971 3949 2068 4006 Dei
2125 3949 2352 4004 minime
2397 3951 2653 4004 existimo
2705 3949 3038 4014 convenire,
3078 3949 3168 4003 cui
3215 3947 3550 4003 subsistendi

1973 4059 2135 4099 causa
2161 4058 2289 4098 caro
2312 4057 2422 4096 non
2447 4041 2570 4096 fuit.
2602 4041 2814 4112 Quippe
2836 4041 2933 4111 qui
2960 4048 3087 4096 ante
3117 4041 3316 4096 saecula
3339 4056 3367 4093 a
3392 4041 3551 4096 Patre

1974 4144 2137 4191 natus
2163 4136 2217 4192 in
2257 4135 2483 4205 propria
2528 4148 2762 4204 persona
2805 4132 3332 4188 incommutabiliter
3369 4130 3552 4185 subsi—

1974 4231 2102 4294 stit,
2155 4229 2251 4284 sed
2301 4244 2427 4282 cum
2466 4227 2708 4280 Verbum
2743 4241 2874 4280 caro
2922 4225 3112 4289 lieret,
3164 4223 3555 4280 misericordiae

1975 4320 2102 4376 fuit.
2142 4320 2391 4376 Animam
2439 4331 2620 4376 autem
2674 4323 2970 4377 humanam
3021 4327 3148 4374 ante
3185 4333 3403 4374 carnem
3453 4317 3555 4371 ali-

1975 4413 2103 4468 cubi
2134 4415 2458 4479 subsistere,
2487 4422 2544 4469 et
2581 4413 2929 4483 postmodum
2962 4409 3117 4467 carni
3163 4410 3356 4474 inseri,
3392 4425 3556 4464 nemo

1975 4519 2144 4560 ausus
2169 4513 2254 4560 est
2277 4503 2568 4558 allirmare.
2600 4503 2741 4560 Sane
2767 4503 2896 4574 quia
2923 4501 3073 4557 nulla
3101 4516 3191 4556 res
3213 4499 3328 4555 sive
3360 4513 3556 4559 natura

281 4596 406 4657 post
429 4585 824 4642 adunationcm
848 4586 1014 4643 Verbi
1042 4594 1100 4642 et
1131 4587 1313 4642 carnis
1342 4587 1401 4642 in
1430 4587 1651 4645 Christo
1682 4589 1869 4646 dicant
1898 4594 1947 4651 D
1972 4601 2078 4660 est,
2113 4608 2235 4664 qua:
2267 4609 2378 4647 non
2404 4592 2628 4662 proprio
2657 4593 2962 4664 appelletur
2990 4591 3234 4655 nomine,
3268 4590 3434 4646 unius
3459 4605 3560 4644 na-

281 4677 424 4732 duas
465 4693 589 4732 esse
616 4689 865 4744 naturas,
895 4694 966 4734 an
991 4679 1286 4750 denegent.
1321 4679 1477 4746 Quod
1511 4682 1555 4735 si
1586 4681 1672 4736 vel
1698 4683 1866 4738 Verbi

285 4769 366 4822 vel
393 4767 585 4823 carnis
609 4770 903 4824 essentiam
930 4770 987 4824 in
1017 4769 1242 4825 Christo
1273 4772 1613 4840 negaverint,
1647 4780 1742 4826 aut
1776 4773 1873 4829 Ju-

282 4859 534 4914 dzeorum
569 4859 841 4930 impietati
869 4861 1096 4915 omnino
1121 4862 1388 4933 iungendi
1418 4871 1547 4917 sunt
1578 4863 1674 4933 qui
1705 4863 1872 4918 Chri-

282 4959 434 5005 stum
466 4966 670 5020 purum
719 4951 1003 5006 hominem
1049 4951 1218 5007 fuisse
1265 4963 1542 5018 asserunt,
1573 4963 1669 5010 aut
1702 4953 1873 5008 Mani-

282 5042 572 5097 chaeorum
603 5044 907 5114 sacrilegiis
929 5043 1274 5115 coaequandi,
1304 5046 1398 5115 qui
1421 5046 1607 5100 carnis
1629 5046 1686 5099 in
1710 5045 1873 5101 Chri-

283 5141 374 5186 sto
404 5139 611 5201 negant
635 5133 930 5188 essentiam
950 5134 1047 5188 vel
1075 5142 1355 5190 naturam.
1401 5135 1456 5190 Si
1487 5151 1619 5191 vero
1651 5145 1707 5191 et
1734 5136 1872 5191 Ver-

284 5223 419 5278 bum
455 5239 678 5279 carnem
707 5239 830 5279 esse
873 5225 930 5279 in
949 5226 1185 5304 Christo
1215 5226 1480 5289 dixerint,
1510 5228 1650 5282 duas
1678 5230 1871 5299 utique

283 5316 560 5370 essentias
589 5316 745 5371 inviti
769 5316 1112 5372 diversarum
1141 5327 1460 5373 naturarum
1493 5320 1736 5389 ipsorum
1777 5337 1874 5376 no-

286 5403 505 5459 minum
553 5405 873 5461 testimonio
924 5408 1287 5478 proﬁtentur,
1332 5409 1461 5477 quia
1519 5426 1627 5464 non
1680 5411 1873 5467 eadem

286 5507 424 5550 sunt
446 5496 671 5552 nomina
696 5497 860 5552 Verbi
885 5506 943 5552 et
959 5497 1146 5552 carnis
1166 5515 1180 5562 ;
1203 5513 1330 5552 nam
1361 5499 1602 5553 Verbum
1634 5501 1871 5556 Verbum

286 5593 396 5648 est,
435 5594 491 5640 et
515 5601 649 5642 caro
681 5601 810 5642 caro
838 5595 942 5642 est.
991 5588 1194 5645 Verum
1234 5589 1362 5660 quia
1397 5591 1592 5645 nolunt
1620 5607 1741 5646 esse
1780 5610 1876 5648 na-

290 5685 475 5731 turain
523 5677 642 5733 sine
689 5693 947 5748 persona,
976 5678 1140 5752 5&6
1171 5682 1361 5748 procul
1397 5681 1567 5736 dubio
1593 5684 1758 5737 etiam
1795 5685 1875 5740 sic

290 5773 602 5827 secundum
653 5773 794 5828 hanc
841 5775 1064 5829 stultam
1122 5783 1178 5829 ct
1224 5775 1447 5847 impiam
1497 5777 1874 5835 deﬁnitionem

291 5878 472 5926 sitam,
501 5863 602 5934 ipsi
641 5865 825 5934 potius
855 5866 991 5922 duas
1033 5867 1315 5922 invenient
1351 5871 1400 5921 in
1444 5869 1568 5920 Cliti
1597 5882 1660 5923 -lu
1698 5889 1874 5928 asser-

1979 4694 2115 4740 turze
2140 4701 2304 4756 quam
2332 4701 2396 4739 ex
2426 4684 2699 4739 Trinitate
2740 4693 2796 4739 et
2830 4683 3173 4739 humanitate
3213 4681 3410 4737 factam
3436 4697 3559 4736 esse

1977 4773 2340 4839 contendunt,
2369 4788 2569 4828 nomen
2592 4773 2850 4828 doceant.
2875 4771 2945 4830 At
2961 4771 3008 4828 si
3033 4771 3311 4827 voluerint
3334 4771 3516 4825 dicere
3547 4787 3564 4826 :

1980 4866 2220 4920 Verbum
2252 4865 2617 4930 incarnatum,
2649 4866 2764 4921 sive
2794 4879 2958 4919 unam
2988 4871 3241 4918 naturam
3267 4862 3364 4917 Dei
3391 4862 3558 4918 Verbi

1979 4959 2341 5024 incarnatam,
2387 4972 2456 5013 eo
2490 4959 2609 5028 ipso
2640 4971 2751 5028 quo
2782 4956 2890 5011 hoc
2918 4955 3131 5020 dicunt,
3182 4955 3319 5010 duas
3366 4953 3560 5024 procul

1980 5049 2149 5104 dubio
2171 5049 2360 5105 dicere
2384 5049 2792 5104 convincuntur
2821 5047 2878 5101 in
2898 5045 3124 5102 Christo
3148 5052 3399 5110 naturas,
3426 5045 3563 5098 dua-

1982 5155 2237 5210 rumque,
2268 5154 2377 5193 non
2412 5138 2577 5192 unius
2621 5136 2842 5192 nomina
2875 5146 3223 5199 naturarum,
3256 5134 3377 5204 ejus
3403 5133 3561 5188 vide-

1982 5235 2131 5298 licet,
2163 5233 2254 5302 qui
2292 5233 2607 5287 incarnatus
2637 5239 2742 5296 est,
2780 5231 2835 5287 id
2877 5239 2964 5286 est
2992 5228 3159 5286 Verbi
3205 5230 3325 5294 Dei,
3356 5237 3413 5283 et
3441 5229 3564 5299 eius

1981 5343 2103 5396 quae
2131 5326 2199 5379 ab
2232 5325 2352 5394 ipso
2376 5335 2654 5394 assumpta
2687 5333 2791 5389 est,
2819 5323 2874 5378 id
2906 5331 3011 5389 est,
3042 5322 3245 5378 carnis.
3277 5322 3399 5377 Non
3430 5337 3561 5393 ergo

1982 5415 2088 5470 hoc
2134 5413 2299 5468 unius
2336 5413 2416 5468 rei
2460 5428 2662 5468 nomen
2693 5421 2800 5476 est,
2832 5411 2979 5482 quod
3013 5413 3094 5466 sic
3121 5425 3437 5482 expressam
3481 5413 3564 5466 si-

1981 5505 2388 5576 gniﬁcationem
2414 5505 2648 5560 duarum
2676 5505 3130 5573 diversarumque
3157 5503 3438 5558 unitarum
3461 5502 3564 5557 do-

1983 5606 2104 5651 ceat
2149 5603 2495 5658 naturarum,
2526 5593 2990 5666 quemadmodum
3030 5608 3156 5648 cum
3202 5592 3431 5658 dicitur,
3459 5593 3568 5648 hu-

1984 5705 2143 5745 mana
2173 5699 2386 5754 natura,
2423 5704 2588 5759 quam
2623 5702 2691 5742 cx
2723 5686 2942 5742 duabus
2973 5700 3070 5742 seu
3112 5686 3320 5756 potius,
3345 5685 3403 5740 in
3433 5685 3573 5740 dua-

1985 5780 2087 5835 bus
2133 5780 2479 5850 diversisque
2527 5781 2762 5846 naturis,
2799 5778 2852 5833 id
2901 5787 3006 5842 est,
3054 5777 3237 5833 carnis
3285 5785 3341 5833 et
3375 5777 3572 5833 animae

1985 5871 2285 5927 subsistere
2342 5888 2502 5926 nemo
2560 5871 2806 5936 dubitat,
2859 5869 2956 5926 sed
3009 5868 3472 5938 quemadmodum
3524 5868 3574 5926 si
