4200 6426
605 409 706 475 115
1860 409 2186 473 JOANNIS
2226 410 2264 469 Ν

2226 409 2615 469 MAXENTII
3769 400 3873 469 116

599 528 834 592 dicatur,
867 525 1051 582 anima
1102 529 1406 592 incarnata,
1440 528 1557 583 sive
1603 541 1712 582 una
1758 532 1955 581 natura
1985 526 2183 581 animae
2212 535 2256 591 Α
2290 524 2600 593 appelletur
2650 519 3133 591 significationem.
3186 518 3467 577 Christum
3521 526 3704 573 autem
3762 531 3874 571 non

599 619 916 674 incarnatze.
947 620 1015 675 Et
1039 622 1160 675 ideo
1190 636 1392 676 nomen
1419 631 1631 675 naturae
1664 620 1851 685 unius,
1878 635 2001 688 quae
2040 618 2186 672 divi-
2291 631 2413 671 esse
2439 622 2651 669 naturae
2679 626 2904 674 nomen,
2935 612 3032 667 sed
3060 611 3364 675 unctionis,
3388 618 3445 665 et
3467 624 3535 664 ex
3572 607 3697 672 hoc,
3726 606 3875 678 quod

597 707 810 774 uitatis,
866 720 923 766 et
966 711 1344 777 humanitatis,
1390 726 1706 781 expressam
1760 712 1937 782 possit
1979 710 2188 765 habere
2293 704 2452 760 multi
2478 704 2683 760 Christi
2714 703 2848 759 dicti
2880 713 3010 759 sunt
3037 704 3092 758 in
3117 704 3319 760 Vetere
3347 703 3725 765 Testamento,
3756 714 3873 753 ma-

600 798 1079 870 signilicationem,
1109 802 1310 857 docere
1341 814 1633 873 coguntur.
2293 795 2554 851 nifestum
2594 803 2698 849 est.
2730 792 3082 864 Quapropter
3108 804 3204 849 aut
3230 808 3431 849 nomen
3474 791 3625 847 illius
3664 798 3882 845 natura

672 891 872 947 Verum
905 892 951 946 si
984 893 1038 947 in
1071 903 1282 950 tantum
1313 894 2041 966 desipuerint,quoddicant
2065 907 2187 947 eam
2295 888 2483 953 unius,
2533 886 2682 958 quod
2717 886 2788 941 ab
2833 888 2915 942 eis
2956 886 3267 942 rectissime
3314 885 3579 956 quaeritur
3621 882 3877 946 doceant,

600 980 808 1036 Christi
835 996 957 1037 esse
980 991 1258 1050 naturam,
1284 1000 1477 1040 rursus
1500 986 1570 1040 ab
1597 985 1680 1040 eis
1702 984 1989 1055 quaeritur,
2012 982 2192 1051 qualis
2296 989 2391 1034 aut
2416 980 2463 1034 si
2495 979 2604 1035 hoc
2629 979 2810 1033 facere
2839 978 3066 1033 minime
3097 987 3330 1048 possunt
3355 977 3504 1049 (quia
3537 973 3766 1030 omnino
3795 982 3884 1027 est

603 1074 697 1128 illa
726 1075 817 1129 sit.
853 1074 991 1141 Quia
1020 1076 1279 1133 Christus
1315 1094 1427 1133 non
1460 1086 1693 1142 natura},
1729 1076 1824 1131 sed
1855 1073 2193 1145 operationis
2296 1070 2659 1140 impossibile)
2692 1069 2830 1125 duas
2861 1086 2970 1124 non
3002 1078 3151 1135 ante,
3183 1069 3281 1124 sed
3313 1076 3438 1138 post
3464 1065 3880 1127 adunationem,

604 1166 720 1219 sive
748 1165 1077 1232 efﬁcientia,
1106 1167 1161 1221 id
1185 1177 1292 1233 est,
1318 1168 1598 1225 unctionis
1624 1183 1822 1222 nomen
1853 1175 1956 1229 est,
1985 1178 2042 1221 et
2068 1166 2192 1221 ideo

2297 1172 2354 1213 ct
2379 1159 2663 1229 deinceps,
2705 1174 2925 1228 semper
2953 1157 3412 1214 indissolubiliter
3441 1162 3750 1216 manentes,
3779 1167 3883 1206 na-

606 1257 789 1312 adhuc
814 1270 1192 1326 coarctantur,
1212 1268 1273 1315 ut
1294 1261 1444 1316 illius
1471 1269 1683 1316 natura:
1706 1258 2197 1329 singularis,quatn
2299 1260 2452 1305 turas
2494 1252 2552 1305 in
2595 1266 2703 1305 una
2739 1249 2946 1305 Christi
2996 1263 3258 1320 persona,
3304 1256 3491 1317 spreta
3538 1244 3747 1302 erroris
3794 1242 3884 1297 sui

607 1357 733 1417 post
779 1349 1173 1406 adunationem
1227 1353 1282 1406 in
1325 1351 1547 1408 Christo
1590 1365 1714 1406 esse
1744 1351 1957 1415 volunt,
1999 1364 2201 1404 nomen
2298 1342 2554 1412 caligine,
2590 1341 2836 1411 profiteri
2877 1356 2989 1396 non
3028 1348 3297 1405 metuant,
3333 1354 3403 1393 ne
3449 1347 3547 1393 aut
3586 1336 3886 1390 humanam

610 1438 866 1495 doceant.
2301 1444 2516 1489 tantum
2548 1449 2673 1488 cum
2705 1434 2928 1499 Judaais,
2960 1442 3057 1487 aut
3083 1432 3327 1487 divinam
3359 1437 3575 1485 tantum
3612 1441 3738 1482 cum
3774 1424 3887 1479 Ma-

684 1528 823 1596 Quia
852 1530 1003 1586 nulla
1049 1532 1129 1588 rei
1177 1541 1376 1588 natura
1425 1536 1530 1600 eSt,
1566 1549 1690 1604 quae
1734 1547 1844 1587 non
1879 1532 2104 1602 proprio
2145 1537 2206 1583 et
2304 1527 2534 1581 nichaeis
2568 1524 2916 1588 confitentes,
2950 1524 3022 1579 ab
3055 1523 3217 1578 unica
3244 1532 3304 1578 et
3327 1520 3614 1577 Catholica
3640 1514 3884 1574 damnati

616 1619 882 1691 singulari
936 1623 1164 1681 nomine
1218 1624 1528 1682 secundum
1592 1624 1890 1695 specialem
1943 1620 2206 1677 videlicet
2303 1626 2482 1673 matre
2510 1615 2778 1682 Ecclesia,
2809 1616 2866 1671 in
2904 1624 3234 1688 perpetuum
3258 1614 3599 1671 crucientur.

626 1798 3871 1842 Μ

1673 1977 2189 2073 JOANNIS
2254 1974 2855 2067 MAXENTII

962 2193 1620 2328 DIALOGI
1714 2186 2360 2327 CONTRA
2460 2185 3570 2326 NESTORIANOS

1892 2435 2009 2498 AD
2051 2430 2647 2498 THEOPHILUM.

2058 2727 2442 2786 PREFATIO.

676 2847 734 2904 Si
776 2845 836 2909 lu
876 2845 985 2903 hoc
1012 2847 1215 2903 saeculo
1252 2854 1440 2916 posset
1469 2843 1594 2899 linis
1622 2857 1744 2900 esse
1784 2842 2081 2907 mendacii,
2116 2850 2368 2896 maneret
2398 2842 2591 2913 utique
2617 2844 2806 2914 quieta
2834 2845 3040 2903 Christi
3069 2846 3338 2914 Ecclesia,
3366 2849 3463 2905 sed
3500 2849 3630 2921 quia
3664 2849 3898 2907 inextri-

616 2937 797 2996 cabile
824 2936 1233 3008 quodammodo
1266 2937 1470 2991 malum
1509 2952 1789 3008 nunquam
1821 2936 2027 2991 desinit
2050 2935 2293 2989 humana
2321 2935 2488 2990 corda
2514 2937 2755 3006 pulsare,
2783 2947 2948 3010 atque
2982 2940 3285 3011 inopinatis
3329 2943 3673 3013 argumentis
3730 2943 3898 2999 ﬁdem

616 3031 930 3101 inquietare
962 3029 1313 3090 catholicam,
1348 3044 1576 3084 necesse
1612 3038 1701 3085 est
1731 3030 2101 3085 sectatoribus
2132 3029 2380 3083 veritatis
2414 3029 2716 3099 prudenter
2748 3033 3022 3103 captiosas
3063 3034 3185 3105 eius
3214 3035 3522 3091 sententias
3566 3038 3897 3106 praevidere.

616 3122 1012 3194 sapienterque
1055 3121 1332 3192 detegere,
1369 3124 1725 3193 prolatasque
1768 3123 1823 3178 in
1869 3121 2114 3176 medium
2158 3121 2358 3175 malleo
2383 3122 2635 3177 veritatis
2664 3123 2949 3189 cohibere,
2978 3133 3035 3180 et
3081 3141 3255 3195 usque
3297 3126 3364 3181 ad
3407 3126 3735 3183 eﬂ‘usionem
3768 3146 3900 3185 san-

616 3214 802 3288 guinis
834 3224 1029 3269 contra
1068 3230 1162 3271 eas
1191 3231 1293 3287 pro
1341 3216 1573 3271 veritate
1617 3223 1851 3271 certare.
1887 3213 2197 3269 Praesertim
2230 3228 2355 3268 cum
2387 3214 2678 3284 Scriptura
2722 3214 2910 3270 divina
2956 3226 3177 3271 moneat
3204 3224 3261 3272 et
3286 3217 3433 3271 dicat
3466 3236 3479 3271 :
3511 3239 3539 3268 α
3568 3220 3647 3275 Ne
3674 3221 3901 3291 confun-

616 3310 766 3364 daris
801 3306 946 3378 loqui
978 3309 1193 3363 uerbum
1223 3325 1319 3379 pro
1348 3311 1532 3364 animo
1563 3318 1678 3374 tua,
1712 3319 1760 3363 et
1789 3324 1885 3380 pro
1915 3309 2139 3363 veritate
2167 3316 2310 3361 certa
2338 3316 2501 3379 usque
2522 3308 2593 3363 ad
2622 3317 2845 3363 mortem
2877 3312 3012 3409 ηδτ»
3048 3311 3320 3368 Similiter
3353 3321 3409 3367 et
3434 3314 3727 3383 Apostolus
3760 3328 3903 3383 quo-

556 3418 563 3427 '
616 3406 877 3461 rumdam
917 3407 1188 3461 denotans
1232 3406 1590 3462 timiditatem
1622 3421 1635 3459 :
1669 3404 1939 3470 Nondum,
1975 3403 2179 3473 inquit,
2214 3419 2379 3474 usque
2422 3403 2493 3457 ad
2522 3407 2838 3475 sanguinem
2885 3403 3153 3463 restitistis
3198 3409 3447 3463 adversm
3483 3417 3754 3479 peccatum
3786 3426 3905 3463 cer-

618 3508 796 3557 tantes
824 3500 891 3555 ⁸⁸.
929 3500 1319 3556 Resistendum
1353 3500 1539 3572 igitur,
1571 3514 1675 3555 nec
1702 3500 1931 3553 omnino
1962 3506 2049 3553 est
2077 3498 2415 3566 parcendum
2446 3497 2749 3565 haereticis,
2788 3501 3131 3559 conﬁdentes
3157 3502 3216 3558 in
3256 3503 3349 3558 tali
3380 3501 3600 3573 negotio
3629 3501 3907 3558 sermonis

619 3597 834 3667 copiam
880 3595 1109 3651 minime
1151 3596 1486 3651 defuturam.
1517 3596 1653 3649 Nam
1686 3596 1731 3650 si
1763 3594 1832 3649 ad
1864 3592 2255 3648 confutandam
2300 3593 2586 3664 prophetae
2631 3594 3005 3665 insipientiam
3048 3612 3110 3653 os
3155 3595 3326 3654 asinae
3353 3597 3571 3668 aperuit
3600 3598 3668 3660 ",
3695 3604 3905 3667 quanto

618 3691 800 3760 magis
829 3706 928 3747 cor
960 3690 1142 3746 ﬁdelis
1170 3706 1420 3746 reserare
1446 3690 1788 3761 dignabitur,
1830 3699 1890 3743 ut
1927 3687 2267 3760 perfidorum
2313 3687 2592 3743 dementia
2633 3690 2987 3745 confutetur?
3009 3691 3359 3763 Quapropter
3386 3691 3646 3761 quoniam
3674 3690 3804 3745 olim
3846 3690 3904 3743 in

621 3783 812 3840 radice
840 3785 1085 3853 pravitas
1117 3784 1443 3840 Nestoriana
1473 3785 1753 3848 damnata,
1786 3798 1937 3839 nunc
1965 3797 2162 3837 rursus
2190 3783 2434 3837 vivacior
2477 3786 2709 3854 assurgit
2750 3785 3179 3853 quodammodo,
3207 3786 3529 3855 callidisque
3559 3764 3919 3857 syllogismo'D

619 3890 746 3930 rum
777 3873 1120 3944 argumentis
1145 3873 1412 3930 adversus
1438 3875 1555 3944 ipsa
1591 3873 1878 3928 catholicae
1921 3870 2047 3925 ﬁdei
2081 3870 2442 3926 fundamenta
2472 3872 2763 3937 dimicans,
2797 3874 2899 3928 sub
2934 3875 3190 3945 religiosa
3221 3874 3670 3945 pronuntiatione
3701 3874 3906 3929 verbo—

621 3983 748 4023 rum
780 3967 1104 4039 religionem
1134 3967 1428 4038 profanare
1461 3966 1768 4030 contendit,
1797 3965 2111 4019 necessario
2142 3963 2377 4027 credidi,
2415 3964 2488 4018 mi
2524 3965 2855 4036 Theophile,
2890 3967 2999 4022 tuis
3040 3968 3264 4040 adjutus
3293 3970 3575 4037 precibus,
3603 3968 3902 4033 ot-eultum,

622 4072 680 4119 et
710 4064 815 4120 sub
844 4063 1033 4119 verbis
1072 4062 1374 4121 Catholicis
1414 4062 1699 4126 latentem,
1734 4075 1929 4115 eorum
1966 4059 2194 4129 impium
2231 4057 2471 4129 prodere
2520 4059 2893 4126 intellectum,
2924 4070 3201 4131 quatenus
3230 4063 3485 4118 detectus
3524 4072 3581 4119 et
3609 4063 3907 4119 denotatus

622 4159 721 4216 ﬁat
748 4161 966 4215 cunctis
989 4160 1195 4231 ubique
1222 4159 1570 4231 perspicuus.
1606 4157 1787 4227 Agens
1815 4155 1978 4211 simul
2012 4155 2180 4210 etiam
2214 4163 2404 4209 contra
2436 4172 2553 4217 eos.
2581 4156 2675 4226 qui
2713 4157 2843 4212 licet
2870 4156 3154 4212 Christum
3180 4159 3477 4213 Dominum
3509 4159 3902 4223 confiteantur,

623 4265 810 4309 tamen
854 4253 1041 4309 nescio
1086 4269 1194 4324 qua
1245 4267 1438 4307 rursus
1488 4250 1701 4306 inducti
1751 4248 2136 4321 perversitate,
2172 4247 2455 4303 declinant
2506 4266 2637 4303 eum
2683 4264 2856 4304 unum
2894 4250 3145 4305 confiteri
3193 4266 3262 4306 ex
3295 4260 3484 4305 sancta
3531 4260 3587 4304 ct
3617 4251 3903 4305 individua

623 4345 922 4402 Trinitate.
956 4345 1111 4412 Quod
1160 4346 1414 4400 nolentes
1450 4358 1734 4409 asserere,
1767 4342 1893 4412 quis
1936 4356 2034 4396 eos
2078 4356 2190 4395 non
2227 4340 2497 4412 intelligat
2528 4341 2671 4403 aliis,
2696 4340 2886 4397 νει-ως
2934 4341 3176 4411 idipsum
3224 4357 3430 4414 negare
3472 4342 3621 4412 quod
3673 4341 3904 4424 dicunt,

622 4436 878 4507 nihilque
904 4437 1051 4492 aliud
1086 4435 1370 4492 Christum
1401 4437 1506 4492 nisi
1537 4444 1861 4491 extraneum
1889 4451 1919 4488 a
1948 4432 2221 4488 Trinitate
2245 4441 2302 4487 et
2326 4432 2482 4504 juxta
2520 4432 2776 4497 Arianos,
2812 4431 3041 4488 credere
3083 4432 3251 4504 impie
3280 4433 3638 4489 creaturam?
3668 4432 3724 4488 Si
3754 4434 3907 4488 enim

624 4543 795 4585 verus
816 4539 902 4585 est
928 4530 1075 4584 Deus
1116 4530 1260 4585 sicut
1306 4538 1410 4595 est,
1457 4537 1554 4584 aut
1586 4527 1829 4583 Trinitas
1869 4536 1976 4597 est,
2021 4537 2117 4582 aut
2145 4542 2291 4582 unus
2327 4543 2394 4581 ex
2430 4525 2726 4581 Trinitate.
2763 4526 2870 4582 Sed
2900 4527 3033 4596 quia
3065 4536 3236 4583 totam
3264 4528 3592 4583 Trinitatem
3620 4526 3904 4582 Christum

625 4620 857 4678 credere
883 4621 1230 4691 sacrilegium
1257 4631 1361 4684 est.
1391 4630 1563 4678 restat
1592 4631 1652 4678 ut
1676 4638 1820 4678 unus
1845 4622 1917 4677 sit
1943 4623 2088 4677 Deus
2113 4622 2369 4677 Christus
2394 4636 2464 4675 ex
2492 4619 2787 4681 Trinitate.
2811 4621 2929 4676 Nisi
2961 4622 3103 4677 forte
3132 4624 3305 4678 alium
3334 4638 3463 4679 eum
3491 4622 3667 4677 Deum
3700 4630 3908 4692 prazter

625 4712 955 4768 Trinitatem
978 4727 1100 4769 esse
1122 4715 1480 4781 contendant,
1504 4715 1654 4785 quod
1682 4731 1794 4770 non
1820 4713 2253 4779 Catholicorum,
2279 4713 2376 4770 sed
2407 4714 2832 4771 Manichaeorum
2862 4724 2951 4770 est
2986 4714 3299 4786 proprium,
3328 4715 3425 4785 qui
3455 4715 3599 4770 duos
3625 4713 3761 4769 deos
3795 4712 3903 4768 sibi

626 4803 938 4859 contrarios
984 4802 1363 4859 introducunt.
1405 4805 1621 4860 Placuit
1662 4804 1831 4876 igitur
1878 4806 1982 4860 sub
2027 4819 2263 4876 persona
2312 4805 2709 4876 interrogantis
2756 4806 3026 4869 haeretici,
3076 4813 3135 4861 et
3169 4805 3428 4861 catholici
3475 4803 3905 4874 respondentis,

627 4896 905 4966 explicare
954 4896 1120 4967 hujus
1168 4904 1373 4952 nostrae
1414 4895 1805 4968 disputationis
1854 4899 2206 4969 opusculum,
2257 4913 2370 4970 quo
2422 4898 2643 4955 facilius
2689 4898 3068 4971 objectionum
3122 4896 3401 4954 absolutio
3443 4896 3754 4969 legentibus
3781 4894 3906 4950 elu-

631 4999 835 5047 cescat.

704 5110 752 5142 ⁸⁸
783 5108 954 5165 Eccli.
988 5126 1062 5174 tv,
1091 5108 1181 5165 53.
1257 5110 1304 5142 “
1338 5107 1507 5165 Hebr.
1545 5124 1641 5175 an,
1674 5109 1729 5163 4.
1812 5110 1857 5142 ⁸⁸
1891 5106 2058 5164 Num.
2095 5124 2227 5173 un,
2258 5108 2352 5165 28.

642 5256 3865 5293 Μ

1803 5394 2172 5482 «LIBER
2260 5393 2753 5484 PRIMUS.

1016 5628 1361 5690 CAPITULA
1399 5630 1582 5689 LIBRI
1620 5631 1831 5687 PRIMI.
2326 5634 2389 5688 II.
2423 5631 2575 5698 Quod
2608 5632 2892 5687 Theotocon
2922 5630 3157 5684 Iucretici
3183 5628 3394 5685 beatam
3420 5627 3683 5699 Virginem
3709 5625 3785 5682 ita
3819 5624 3910 5697 fc-

642 5721 685 5778 I.
732 5721 806 5779 De
859 5724 1013 5777 modo
1047 5723 1420 5796 appellationis
1472 5724 1767 5789 Theotocte,
1829 5725 1920 5778 hoc
1965 5734 2071 5786 cu,
2121 5723 2218 5777 Dei
2396 5734 2631 5787 teantar,
2664 5739 2769 5777 non
2823 5724 2949 5792 quia
2989 5722 3159 5777 Deum
3208 5720 3497 5777 secundum
3548 5733 3783 5787 carm,
3812 5717 3914 5774 sed

708 5823 1003 5881 Genitricis.
2394 5818 2518 5896 quia
2549 5816 2812 5871 hominem
2846 5813 2954 5870 Deo
2986 5817 3192 5871 unitum
3221 5814 3483 5887 genuerit.
