4200 6426
245 411 336 467 Il'l

1112 405 1311 464 DIAL.
1348 402 1652 464 CONTRA
1679 399 2233 465 NESTORIANOS.
2271 424 2342 437 -·
2383 399 2609 462 LIB..I.

3410 385 3514 450 1‘18

244 514 326 572 IlI.
364 511 515 580 Quod
553 514 764 568 initium
805 514 927 568 dari
970 512 1080 568 Deo
1121 512 1285 569 Verbo
1329 529 1394 567 ea:
1441 513 1640 583 femina
1671 511 1834 566 stulte
1863 515 1908 570 Α
1936 510 2026 567 IX.
2057 511 2209 577 Quod
2237 514 2332 566 hoc
2361 517 2572 564 tantum
2610 507 2810 561 distare
2846 520 2879 557 a
2926 501 3203 572 Prophetis
3247 499 3514 556 Christum

309 606 730 671 calumnientur,
757 607 836 660 his
865 608 957 677 qui
986 622 1107 660 vere
1136 615 1187 662 et
1218 608 1430 676 proprie
1459 605 1624 659 Deum
1649 622 1832 659 secun-

309 699 438 753 dum
466 716 681 753 carnem
713 707 900 752 natum
932 716 994 752 ex
1022 699 1219 768 femina
1255 697 1588 764 conﬁtentur.

249 787 330 843 iV.
363 787 518 854 Quod
543 788 736 842 callide
761 799 811 843 et
841 805 1084 860 peruerse
1110 805 1229 843 eam
1267 800 1496 843 matrem
1525 789 1833 842 humanita-

312 884 380 934 tis
426 881 723 949 afﬁrmem.

252 972 306 1025 ν.
337 969 491 1036 Quod
541 988 604 1025 ea:
652 972 761 1025 illis
805 972 1120 1044 euangelicis
1152 973 1358 1027 vocibus
1391 987 1511 1043 quae
1547 973 1617 1026 ad
1643 972 1836 1044 Ioseph

309 1060 577 1131 Sponsum
609 1072 808 1117 saneta:
834 1063 1061 1134 Virginis
1079 1065 1235 1133 facte:
1259 1064 1522 1134 leguntur,
1546 1079 1646 1116 non
1670 1063 1836 1116 Deum

311 1153 506 1220 fortem
557 1154 849 1206 secundum
897 1153 1214 1224 Prophetam
1258 1155 1326 1217 ",
1366 1154 1454 1206 sed
1489 1171 1682 1223 purum
1713 1163 1836 1206 tan-

311 1251 449 1309 tum,
479 1244 574 1312 qui
601 1254 820 1315 propter
848 1262 990 1309 eum,
1021 1248 1104 1299 cui
1133 1248 1277 1300 uniri
1309 1248 1519 1309 meruit,
1561 1245 1698 1300 Deus
1729 1247 1840 1314 for-

313 1336 380 1387 tis
415 1335 648 1399 dicatur,
683 1336 775 1388 sed
809 1337 1008 1404 femina
1044 1353 1229 1390 natum
1273 1346 1528 1390 conentur
1577 1346 1835 1390 astruere.

257 1428 332 1482 VI.
379 1426 542 1498 547
577 1427 654 1481 De
683 1445 743 1481 eo
775 1432 916 1499 quod
946 1432 1205 1499 scriptum
1252 1439 1329 1482 est
1361 1446 1419 1483 :t
1454 1428 1606 1494 Quod
1645 1437 1832 1481 natum

317 1531 394 1572 est
426 1522 490 1572 de
521 1537 706 1582 carne,
727 1537 855 1574 caro
894 1531 1008 1577 est:
1043 1521 1184 1589 quod
1225 1532 1409 1576 natum
1449 1532 1527 1576 est
1561 1522 1625 1574 de
1649 1521 1842 1591 spiritu

315 1613 538 1679 spiritus
561 1621 639 1664 est
669 1612 738 1666 ⁸³.
783 1632 801 1664 ι

263 1704 358 1758 VII.
385 1703 459 1757 De
475 1722 536 1757 eo
553 1706 694 1774 quod
719 1723 823 1759 non
851 1705 1018 1760 Deum
1046 1707 1268 1776 factum,
1285 1708 1378 1761 sed
1394 1707 1661 1763 Christum
1675 1709 1842 1765 Deum

322 1800 524 1866 factum
556 1799 752 1852 callide
791 1801 1048 1868 fatentur.

260 1889 386 1944 “ll.
422 1889 576 1954 Quod
638 1909 746 1945 non
781 1902 1007 1956 natura,
1050 1891 1142 1945 sed
1191 1892 1454 1962 dignitate
1513 1899 1564 1946 et
1602 1894 1843 1948 unitione

320 1979 490 2033 Deum
517 1981 680 2036 stulte
726 1991 974 2036 asserunt
1005 1980 1274 2038 Christum
1309 1999 1326 2036 :
1353 1983 1416 2035 ob
1439 1982 1496 2035 id
1539 1983 1682 2052 quod
1708 1985 1842 2038 seri-

324 2079 473 2141 ptum
496 2082 574 2127 est
603 2075 659 2127 in
692 2073 908 2128 Actibus
941 2073 1340 2143 Apostolorum,
1395 2071 1556 2127 Petro
1587 2075 1658 2126 ad
1713 2072 1846 2129 Cor-

326 2163 530 2220 nelium
552 2166 760 2221 dicente
786 2166 812 2220 7
835 2164 975 2232 Quia
1003 2165 1144 2221 Deus
1165 2175 1281 2221 erat
1307 2182 1427 2218 cum
1448 2164 1543 2219 illo
1579 2166 1643 2218 “.

2005 607 2165 675 impie
2193 606 2488 675 fateantur,
2529 603 2620 674 qui
2638 616 2743 654 non
2769 599 2836 652 sit
2871 605 3028 650 natus
3058 609 3121 648 ea:
3151 596 3347 648 semine
3392 595 3512 658 viri,

2005 701 2244 772 quamvis
2298 716 2401 752 non
2441 705 2556 769 post
2607 694 3106 764 conformationem,
3165 688 3256 742 sed
3309 688 3364 740 in
3399 690 3511 756 ipso

2007 792 2445 863 conformatione,
2465 789 2671 845 Christo
2686 797 2863 840 tamen
2881 783 3050 839 Deum
3069 779 3292 834 Verbum
3308 779 3512 832 unitum

2001 887 2184 954 inique
2207 881 2548 936 contendant.

1935 976 2002 1032 Χ.
2046 975 2196 1042 Quod
2223 976 2356 1028 sicut
2389 973 2520 1026 duas
2546 978 2790 1032 naturas,
2818 969 2893 1021 ita
2916 973 2968 1020 et
3006 961 3375 1018 subsistentias
3415 959 3516 1013 sit't

2009 1084 2264 1137 personas
2296 1068 2351 1119 in
2383 1063 2591 1120 Christo
2623 1062 2918 1131 fateantur.

1938 1159 2031 1215 XI.
2060 1160 2210 1225 Quod
2244 1165 2574 1225 assumptum
2599 1172 2631 1207 a
2661 1153 2790 1215 Deo,
2815 1165 2921 1203 non
2943 1147 3109 1200 Deum
3137 1145 3336 1213 factum
3356 1140 3518 1194 homi-

2011 1267 2128 1303 nem
2151 1264 2391 1318 perverse
2409 1255 2676 1309 asserunt,
2695 1253 2742 1296 et
2775 1241 2916 1312 quod
2932 1242 3107 1309 ipsum
3134 1235 3395 1304 definiant
3425 1249 3520 1286 na-

2013 1351 2193 1395 turam
2209 1356 2321 1394 esse
2343 1338 2480 1408 quod
2516 1353 2745 1406 persona
2776 1341 2875 1387 est.

1939 1434 2060 1490 XII.
2105 1433 2256 1500 Quod
2295 1432 2410 1486 alia
2440 1438 2564 1485 sunt
2597 1429 2816 1500 prapria
2851 1427 3069 1480 nomina
3108 1431 3430 1477 naturarum
3478 1429 3523 1474 et

1944 1539 2336 1598 personagqute
2367 1522 2575 1577 nullam
2601 1521 2800 1591 faciant
2824 1518 3190 1586 quaestionem,
3236 1513 3348 1567 alia
3388 1528 3523 1566 conv-

2018 1621 2200 1672 munia
2231 1633 2348 1687 qua?
2375 1617 2430 1669 in
2454 1614 2798 1685 quwstionem
2829 1610 3066 1662 veniant.

1946 1711 2089 1768 XIII.
2131 1709 2268 1775 Quid
2313 1710 2452 1762 inter
2486 1714 2712 1760 naturas
2764 1702 2917 1755 distet
2941 1707 3099 1770 atque
3145 1713 3426 1768 personam
3484 1699 3538 1748 et

2019 1803 2159 1874 quod
2177 1818 2281 1856 non
2311 1801 2482 1854 omnis
2507 1799 2574 1851 sit
2608 1804 2805 1850 natura
2839 1808 3091 1864 persona.

1946 1896 2083 1951 XIV.
2111 1893 2262 1960 Quod
2302 1900 2353 1945 et
2397 1890 2565 1944 Deum
2601 1889 2797 1957 factum
2835 1885 3120 1946 hominem,
3171 1887 3221 1932 et
3248 1889 3533 1933 secundum

2015 1987 2350 2040 natiuitatem
2376 1981 2472 2034 Dei
2501 1979 2652 2034 Verbi
2683 1980 2845 2050 juxta
2884 1991 3101 2031 carnem
3145 1971 3377 2028 heretici
3424 1980 3532 2027 crs-

2019 2079 2144 2132 dere
2180 2075 2535 2128 detestantur.

1577 2392 2232 2452 INTERLOCUTORES.

1305 2503 1916 2580 NESTORIANUS,
1963 2505 2065 2566 CA
2079 2501 2513 2568 THOLICUS.

770 2630 999 2686 CAPUT
1032 2615 1332 2687 puniunt:

328 2721 842 2778 NESTOIUANUS.
909 2721 1058 2778 Olim
1100 2731 1154 2777 te
1198 2730 1520 2776 nostrorum
1571 2721 1853 2777 dictorum

263 2813 503 2867 adiens
551 2813 1186 2884 infatuatorem,sa)pius
1238 2811 1580 2866 incitabatur
1615 2812 1835 2865 animus

264 2917 446 2961 tecum
500 2905 572 2958 de
635 2905 840 2959 divinae
905 2904 1338 2973 dispensationis
1391 2905 1724 2972 conquirere
1775 2919 1861 2958 sa-

269 3007 576 3051 cramento.
639 2998 798 3051 Nunc
858 3011 994 3051 vero
1047 3004 1366 3065 opportuno
1424 2994 1547 3049 loco
1611 3002 1667 3048 et
1719 3004 1860 3048 tem-

270 3102 399 3155 pore
434 3097 529 3140 tua
570 3088 736 3140 nobis
763 3103 794 3140 a
823 3087 936 3140 Deo
986 3086 1189 3139 donata
1225 3083 1543 3152 praesentia,
1570 3081 1728 3136 valde
1760 3082 1862 3135 de-

1959 2629 2229 2699 scriptum
2276 2629 2385 2699 est)
2414 2627 2672 2682 hilariter
2712 2628 2831 2695 ipsa
2880 2623 3087 2678 veritas
3111 2621 3392 2686 intimare,
3421 2633 3549 2676 cum

1962 2719 2031 2774 ad
2057 2721 2536 2790 investigationem
2581 2717 2669 2772 sui
2692 2715 3104 2786 disputantium
3143 2721 3362 2767 mentes
3416 2710 3547 2766 sim-

1963 2813 2095 2884 plici
2152 2813 2358 2867 viderit
2415 2812 2728 2866 intentione
2782 2807 3137 2879 pertendere.
3201 2805 3322 2860 Erit
3387 2803 3550 2874 igitur

1964 2906 2162 2976 procul
2197 2905 2368 2961 dubio
2402 2913 2608 2959 nostrae
2635 2901 3034 2972 disputationis
3061 2899 3382 2954 fructuosus
3409 2895 3561 2963 linis,

1968 2999 2014 3052 si
2063 2998 2230 3053 modo
2283 2997 2496 3052 furiosa
2558 2995 2846 3052 contentio
2897 2993 3296 3049 submoventur
3352 3003 3385 3044 e
3445 3000 3554 3041 me-

1971 3088 2084 3142 dio.

272 3179 480 3242 sidero,
510 3189 573 3233 ut
597 3187 929 3247 praesentem
952 3193 1168 3248 arguas,
1195 3177 1284 3230 cui
1310 3175 1526 3229 absenti
1543 3188 1654 3227 non
1683 3173 1869 3243 quies-
1893 3149 1944 3215 (ἶ
2042 3178 2106 3233 Ν,
2145 3179 2264 3234 Mea
2290 3185 2440 3232 certe
2466 3178 2584 3232 haec
2616 3185 2703 3230 est
2725 3173 2958 3228 omnino
2985 3169 3227 3226 intentio
3246 3207 3262 3232 ,
3293 3166 3340 3221 si
3376 3175 3556 3248 tamen

273 3273 351 3329 cis
385 3274 714 3328 detrahere.

338 3364 802 3421 CATIIOLICUS.
841 3364 947 3430 Qui
978 3378 1036 3418 se
1067 3378 1180 3416 non
1210 3359 1510 3423 mendacii,
1538 3358 1637 3412 sed
1663 3358 1869 3412 verita-

275 3459 344 3513 tis
377 3459 615 3512 exhibet
640 3466 996 3518 sectatorem,
1024 3455 1212 3510 nullus
1240 3461 1494 3507 movetur
1527 3450 1872 3506 mussitatio-

276 3550 444 3603 nibus
477 3549 870 3616 querulorum.
911 3546 1082 3616 Cujus
1102 3554 1290 3600 autem
1315 3544 1538 3598 animus
1563 3543 1636 3598 de
1663 3558 1762 3597 sua
1789 3549 1874 3596 est

278 3637 520 3694 falsitate
549 3639 830 3702 conscius,
863 3636 1178 3691 licetnemo
1219 3635 1288 3689 de
1315 3649 1383 3689 eo
1427 3644 1717 3703 queratur,
1753 3647 1874 3686 sus-

279 3730 564 3799 picionum
596 3736 781 3782 tamen
813 3726 1054 3783 stimulis
1083 3726 1432 3795 inquietator
1458 3724 1702 3778 assidue.
1723 3721 1872 3777 Nihil

277 3831 463 3876 autem
527 3820 902 3890 prudentibus
952 3817 1158 3881 aufert,
1221 3817 1335 3870 imo
1388 3816 1575 3885 potius
1631 3813 1870 3878 confert,

279 3913 518 3967 mendax
547 3910 836 3964 inlamatio
866 3909 1286 3979 malevolorum.
1324 3905 1382 3960 Si
1418 3905 1568 3959 enim
1597 3905 1874 3958 veraciter

280 4006 403 4074 quis
431 4004 504 4057 dc
541 4002 748 4056 talibus
786 4000 1242 4071 reprehenditur,
1273 3995 1643 4067 corrigendns
1663 4001 1780 4058 est,
1804 4009 1873 4048 ne

281 4099 522 4152 ulterius
540 4094 978 4164 reprehendant,
1003 4095 1047 4147 si
1069 4092 1440 4154 mendaciter,
1461 4088 1873 4144 condemnandi

281 4198 411 4244 sunt
438 4187 629 4256 potius
657 4195 715 4240 et
739 4185 982 4239 delendi.
1010 4185 1362 4254 Quapropter
1384 4183 1452 4247 si,
1483 4190 1546 4236 ut
1571 4181 1688 4251 ipse
1723 4181 1874 4235 aesti-

283 4293 434 4341 mas,
487 4285 715 4331 tuarum
774 4291 898 4332 sum
954 4291 1055 4346 ego
1111 4275 1408 4330 infamator
1459 4273 1872 4336 assertionum,

283 4386 380 4440 age
412 4386 567 4424 nunc
611 4371 756 4451 sicut
789 4367 1147 4431 desiderasti,
1194 4375 1250 4420 et
1284 4376 1338 4420 te
1391 4370 1724 4420 sectatorem
1777 4378 1875 4417 ve-

1973 3276 2031 3324 et
2057 3277 2115 3322 tu
2149 3266 2366 3337 placido
2385 3266 2570 3320 animo
2591 3265 2732 3319 meis
2761 3257 3299 3332 interrogationibus
3325 3243 3552 3328 dignum

1973 3359 2200 3413 duxeris
2233 3357 2596 3427 respondere.

2043 3449 2104 3506 C.
2129 3449 2286 3504 Move
2318 3449 2466 3518 quod
2494 3449 2596 3514 vis,
2635 3455 2698 3502 ut
2716 3447 2830 3518 jam
2859 3444 3150 3500 videamus
3171 3457 3240 3500 ea
3262 3458 3388 3514 quas
3415 3458 3447 3500 a
3471 3457 3555 3500 me

1977 3543 2122 3597 scire
2150 3543 2454 3596 desideres.

2044 3633 2110 3687 N.
2159 3633 2296 3686 Volo
2356 3632 2559 3700 igitur,
2609 3640 2669 3684 ut
2716 3629 2852 3684 mihi
2903 3629 3130 3699 planum
3181 3627 3374 3693 facias,
3427 3640 3565 3696 quo-

1977 3741 2104 3780 nam
2130 3725 2294 3779 modo
2316 3741 2344 3778 a
2362 3724 2518 3778 vobis
2540 3723 2701 3777 beata
2723 3722 2887 3791 Virgo
2910 3720 3218 3791 appellatur
3231 3714 3558 3794 Tlieotocos,

1977 3817 2084 3871 hoc
2107 3825 2211 3879 est,
2253 3814 2349 3869 Dei
2378 3813 2653 3879 Genitrix,
2686 3828 2855 3882 quam
2886 3819 3104 3867 constat
3153 3811 3413 3881 genuisse
3438 3811 3560 3866 Em.

1977 3909 2310 3963 manuelem.

2044 3999 2106 4054 C.
2150 3999 2270 4069 Ipsa
2329 4015 2561 4069 prorsus
2598 4007 2706 4053 tuae
2758 3995 3216 4068 interrogationis
3265 3995 3558 4067 principia,

1977 4089 2118 4146 duos
2142 4099 2193 4144 te
2228 4089 2372 4144 ﬁlios
2392 4089 2625 4144 credere
2659 4087 3034 4143 manifestam.

2045 4182 2111 4237 N.
2138 4181 2285 4246 Noli,
2323 4196 2512 4252 quaeso
2555 4189 2630 4245 te,
2657 4189 2958 4251 antequam
3001 4195 3254 4235 meorum
3288 4179 3557 4235 dictorum

1979 4273 2250 4346 rationem
2282 4273 2580 4345 diligenter
2615 4275 2909 4340 discutias,
2935 4272 3300 4328 calumniosis
3332 4286 3421 4326 me
3461 4272 3550 4325 im-

1979 4375 2171 4437 petere
2206 4367 2459 4420 vocibus.

284 4459 468 4513 ritatis
495 4457 818 4521 ostendens,
852 4471 942 4511 me
972 4465 1130 4512 tuum
1165 4455 1522 4510 falsissimum
1559 4461 1691 4508 nota
1715 4466 1879 4507 accu-
1911 4478 1960 4536 ο
2050 4457 2120 4514 C.
2149 4458 2324 4513 Nemo
2351 4466 2502 4512 recte
2559 4456 2666 4511 sibi
2696 4454 2888 4510 inferri
2931 4454 3266 4509 calumniam
3313 4453 3563 4524 queritur

285 4562 552 4605 saturem.

357 4641 424 4694 N.
465 4641 892 4709 Relinquentes,
950 4641 996 4695 si
1030 4640 1232 4710 placet,
1263 4640 1388 4701 ista,
1419 4653 1488 4692 ea
1528 4637 1879 4708 proferamus

287 4731 646 4785 discutienda
669 4731 724 4784 in
758 4731 1026 4795 medium,
1059 4746 1183 4801 quae
1208 4731 1594 4800 unusquisque
1627 4741 1881 4787 nostrum

288 4823 534 4891 simplici
587 4832 794 4886 mente,
840 4821 1146 4888 Catholicis
1176 4820 1393 4891 jndicat
1419 4823 1718 4877 convenire
1750 4823 1886 4895 dog-

289 4915 562 4980 matibus,
592 4930 660 4968 ne
690 4915 746 4968 in
773 4915 864 4968 his
887 4929 1010 4984 quae
1032 4913 1100 4967 ad
1127 4929 1244 4968 rem
1279 4927 1390 4967 non
1423 4915 1707 4983 pertinent
1741 4923 1884 4971 tem-

293 5023 398 5079 pus
422 5007 718 5060 videamur
750 5007 1102 5076 expendisse.

361 5099 426 5155 C.
453 5098 741 5169 Optimum
764 5100 992 5168 quidem
1017 5099 1153 5154 mihi
1172 5108 1231 5154 et
1251 5100 1419 5154 nimis
1437 5109 1678 5170 gratum,
1702 5116 1885 5157 semo-

293 5190 368 5246 tis
388 5190 662 5244 conviciis
695 5206 914 5260 semper
937 5190 1006 5244 de
1024 5190 1262 5245 veritate
1293 5191 1650 5260 conquirere.

365 5278 434 5334 Ν.
458 5277 652 5334 Solent
683 5279 902 5350 injuria:
927 5280 1038 5334 illis
1066 5287 1330 5351 praestare
1373 5279 1723 5349 sull'ragium,
1760 5279 1888 5349 qui—

298 5367 402 5423 bus
436 5368 689 5422 studium
733 5377 817 5424 est
852 5385 968 5423 non
1002 5369 1072 5424 de
1107 5370 1366 5433 veritate,
1398 5373 1496 5425 sed
1547 5371 1616 5425 de
1663 5371 1889 5440 propria

296 5460 522 5532 gloriari
549 5461 808 5515 victoria.
841 5461 902 5516 In
932 5461 1020 5516 his
1043 5472 1252 5527 autem,
1286 5463 1381 5532 qui
1428 5470 1541 5518 tota
1577 5461 1890 5518 intentione

296 5554 536 5623 cupiunt
563 5552 633 5608 de
668 5563 950 5623 comperta
994 5555 1229 5627 veritate
1267 5554 1736 5626 gaudere,locum
1773 5561 1891 5610 haec

297 5646 526 5715 penitus
549 5659 662 5700 non
691 5645 919 5700 habent.

368 5735 645 5806 C..Facile
673 5737 814 5792 solet
839 5737 895 5792 in
928 5737 1368 5808 disputationum
1389 5738 1608 5794 semitis
1627 5743 1696 5795 "se
1725 5740 1891 5810 (sicut

375 5850 423 5883 ⁶¹
451 5849 599 5906 Psal.

1985 4563 2149 4619 quem
2182 4562 2290 4600 non
2322 4547 2522 4610 aliena,
2552 4544 2648 4600 sed
2678 4559 2775 4598 sua
2818 4544 3006 4614 potius
3066 4544 3426 4614 redarguunt.
3465 4543 3564 4598 γε.

1985 4653 2108 4692 rum
2138 4637 2183 4690 si
2205 4652 2308 4706 ego
2337 4633 2798 4704 interrogationis
2836 4642 2943 4688 tuae
2966 4633 3300 4688 sententiam
3339 4632 3565 4686 minimc

1985 4727 2296 4796 intelligere
2326 4726 2505 4796 potui,
2531 4726 2736 4796 deputa
2763 4727 2869 4779 hoc
2912 4724 3228 4793 imperitiae,
3265 4723 3568 4778 dummodo

1985 4824 2047 4872 tu
2069 4818 2308 4872 lucidius
2329 4816 2605 4887 explices,
2635 4818 2730 4894 qui
2769 4816 2995 4870 modum
3030 4815 3098 4869 de
3129 4815 3424 4871 Theotoca:
3469 4828 3572 4884 ap-

1987 4909 2286 4980 pellatione
2340 4910 2564 4978 planum
2623 4910 2725 4963 tibi
2778 4908 2898 4963 ﬁeri
2948 4906 3201 4978 ﬂagitans
3257 4906 3571 4974 subjecisti,

1987 5015 2153 5070 quam
2183 5008 2399 5054 constat
2432 5001 2691 5070 genuisse
2713 5000 3152 5054 Emmanuelem.
3194 4997 3252 5051 Si
3275 4999 3423 5051 enim
3451 5013 3566 5051 mo~

1989 5091 2121 5145 dum
2159 5091 2546 5160 appellationis
2601 5090 2899 5145 Theotocae
2942 5088 3348 5158 perquirentes,
3405 5086 3570 5140 etiam

1988 5183 2426 5247 Emmanuelem,
2448 5198 2612 5253 quem
2659 5190 2854 5236 natum
2879 5181 3067 5236 dixisti
3098 5196 3166 5233 ex
3184 5179 3430 5249 Virgine,
3473 5179 3568 5232 Dei

1990 5274 2190 5329 Filium
2222 5274 2502 5340 crederes,
2532 5274 2812 5330 sulliceret
2859 5274 3067 5336 dicere,
3116 5287 3359 5341 quonam
3409 5270 3569 5324 modo

1990 5367 2300 5422 Theotocos
2325 5367 2481 5423 beata
2501 5368 2665 5439 Virgo
2685 5367 2995 5438 appelletur
3012 5381 3042 5419 a
3061 5362 3570 5433 vobis.Adjiciendo

1991 5471 2198 5524 autem,
2241 5476 2407 5530 quam
2454 5467 2671 5515 constat
2698 5459 2960 5530 genuisse
2993 5455 3432 5518 Emmanuelem,
3477 5453 3580 5508 do-

1991 5554 2178 5618 cuisti,
2216 5553 2360 5608 sicut
2389 5553 2553 5608 datur
2587 5551 2846 5623 intelligi,
2888 5548 3305 5606 Emmanuelem
3361 5561 3475 5602 non
3521 5555 3580 5602 te

1992 5647 2192 5702 Filium
2218 5645 2314 5699 Dei
2338 5645 2593 5700 credere.

2063 5738 2130 5794 N.
2169 5737 2462 5807 Nunquam
2505 5752 2630 5810 ego,
2689 5745 2750 5793 ut
2795 5745 2852 5794 tu
2885 5735 3112 5803 asseris,
3157 5729 3574 5790 Emmanueletn

699 5852 884 5920 xu,3.
961 5854 1188 5934 l'loan.
1245 5872 1321 5920 ιιι,
1350 5855 1399 5910 6.
1479 5856 1522 5887 "'
1555 5855 1675 5910 Act.
1715 5872 1767 5922 χ,
1813 5856 1834 5909 l
1894 5870 2048 5926 seqq.
