4200 6426
612 366 715 432 119

1853 369 2173 432 JOANNIS
2212 371 2590 434 ΜΑΧΕΝΤΙΙ

3775 370 3878 435 120

608 481 712 534 nisi
743 479 942 536 Filium
962 481 1058 537 Dei
1085 481 1320 546 credidi,
1338 482 1432 537 sed
1456 481 1595 538 seire
1615 481 1780 552 cupio
1793 481 2040 546 modum,
2065 496 2200 550 qua-
2228 486 2275 542 A
2303 498 2466 538 causa
2497 501 2626 541 vere
2647 497 2703 542 et
2719 489 2944 558 proprie
2964 503 3088 546 esse
3102 486 3876 560 crediturmTheotocos.

606 570 732 623 liter
766 567 1076 627 Theotoeos
1107 572 1263 627 beata
1291 571 1454 641 Virgo
1477 572 1787 641 appelletur
1821 585 1852 624 a
1887 571 2062 625 vobis.

675 661 737 716 C.
793 661 850 715 Si
901 662 1247 726 Emmanuel,
1289 677 1455 731 quem
1492 669 1736 716 natume
1775 659 1938 715 beata
1958 657 2182 729 Virgine

606 750 917 813 confiteris,
948 748 1274 814 FiliusEDeia
1307 757 1590 819 tesemper
1609 756 1694 802 est
1717 747 1985 812 creditus,
2011 745 2185 800 Filius

608 852 792 897 autem
825 841 921 895 Dei
954 855 1064 894 non
1089 848 1174 894 est
1198 841 1302 894 nisi
1332 841 1500 905 Deus,
1523 848 1673 896 recte
1697 840 1926 896 omnino
1951 854 1982 892 a
2020 835 2185 892 nobis

608 935 768 987 beata
797 932 965 1001 Virgo
991 931 1241 986 creditur
1271 928 1607 986 Th'eotocos.

681 1021 746 1076 N.
770 1019 894 1076 Cito
913 1021 1210 1090 propositae
1230 1022 1550 1091 quaestionis
1574 1021 1848 1075 rationem
1875 1028 1929 1074 te
1944 1017 2185 1074 aestimas

608 1113 935 1182 rxplicasse,
989 1113 1147 1182 quasi
1198 1129 1309 1166 non
1341 1112 1453 1166 sint
1498 1112 1752 1176 ulterius,
1784 1126 1906 1180 qua:
1966 1109 2036 1164 de
2083 1108 2188 1164 hac

608 1204 920 1274 quaestione
953 1210 1297 1273 quaerantur.

678 1294 740 1349 C.
773 1295 872 1348 Dic
893 1309 1013 1365 age,
1045 1294 1184 1364 ‘quid
1211 1295 1312 1359 vis,
1357 1309 1460 1348 nec
1491 1293 1630 1348 ullas
1657 1291 1941 1348 dilationis
1962 1289 2189 1361 patiaris

609 1385 910 1453 angusﬁas.

682 1477 746 1530 Ν.
800 1476 1064 1543 Quamvis
1115 1477 1434 1531 Theotocou
1481 1477 1696 1530 beatam
1735 1474 2015 1544 Virginem
2055 1485 2192 1526 con-

611 1567 755 1623 fiteri
805 1584 908 1623 nec
962 1583 1064 1638 ego
1098 1569 1384 1639 refugiant,
1416 1584 1525 1622 non
1563 1576 1746 1622 tamen
1791 1565 1939 1636 quod
1994 1564 2189 1627 Deum,

609 1660 706 1715 sed
740 1661 867 1730 quia
903 1661 1184 1716 hominem
1236 1661 1513 1732 genuerit,
1544 1661 1657 1715 Deo
1679 1659 1920 1721 unitum,
1984 1655 2192 1710 idcirco

608 1767 729 1807 eam
755 1752 1023 1808 confiteor
1052 1753 1392 1807 Thcotocon.

1280 1865 1430 1921 CAP.
1475 1865 1538 1918 ll.

688 1981 750 2036 C.
799 1981 984 2036 Patuit
1039 1982 1267 2036 omnino
1296 1978 1442 2049 quod
1474 1979 1748 2032 hactenus
1799 1973 2108 2046 tegebatur.
2141 1961 2199 2025 Si

609 2073 757 2127 enim
782 2087 892 2126 non
917 2073 1109 2137 Deum,
1141 2070 1234 2126 sed
1266 2069 1545 2123 hominem
1563 2068 1678 2123 Deo
1768 2065 1983 2120 unitum
2012 2061 2201 2133 genuit

610 2174 802 2219 sancta
843 2165 1010 2235 Virgo
1036 2166 1227 2226 Maria,
1252 2173 1336 2217 est
1366 2164 1484 2217 sine
1507 2161 1677 2216 dubio
1692 2161 1844 2230 juxta
1880 2166 1934 2211 te
1953 2153 2194 2209 Anthro-

608 2265 861 2326 potocos,
899 2256 1005 2311 hoc
1026 2265 1130 2321 est,
1165 2255 1404 2309 hominis
1439 2254 1700 2326 genitrix,
1728 2266 1841 2305 non
1864 2248 2194 2302 Theotocos.

609 2349 731 2416 Quo
761 2365 893 2420 ergo
919 2349 1084 2404 modo
1132 2349 1453 2403 Theotocon
1492 2344 1743 2401 eamdem
1768 2339 2036 2412 virginem
2075 2352 2200 2407 pro-

609 2438 807 2507 ﬁteris,
845 2455 1008 2509 quam
1037 2455 1144 2494 non
1170 2440 1364 2504 Deum,
1400 2436 1496 2491 sed
1521 2435 1799 2490 hominem
1819 2425 2198 2486 tantummodo

609 2531 880 2603 praedicas
899 2529 1196 2602 genuisse?

683 2625 747 2680 N.
792 2625 1053 2681 Unitione
1107 2623 1312 2678 factum
1355 2628 1464 2686 est,
1493 2630 1553 2674 ut
1591 2619 1638 2673 is
1685 2619 1780 2689 qui
1819 2633 1888 2673 ex
1932 2631 1997 2671 ea
2034 2621 2198 2669 natus

611 2726 720 2781 est,
754 2719 901 2772 Deus
926 2716 1256 2786 appelletur,
1313 2722 1543 2782 prOpter
1591 2712 1764 2765 Deum
1805 2708 2071 2763 videlicet
2104 2705 2194 2760 cui

615 2811 788 2873 uniri,
818 2823 1097 2883 unamque
1129 2822 1254 2860 cum
1294 2821 1362 2860 co
1401 2801 1753 2874 dignitatem,
1783 2809 1841 2856 et
1888 2796 2194 2853 auctorita-

615 2912 726 2963 tem
766 2902 972 2955 habere
1003 2899 1332 2968 promeruit.

685 2992 746 3049 C.
787 2991 1170 3063 Appellatione
1226 3005 1359 3060 ergo
1405 2999 1618 3043 tantum
1669 2994 1726 3040 et
1777 2983 2043 3054 dignitate
2077 2978 2195 3033 sive

614 3085 856 3150 honore,
889 3098 1000 3138 non
1054 3097 1187 3137 vere
1212 3091 1267 3136 et
1299 3081 1522 3152 proprie
1587 3079 1748 3134 beata
1774 3075 1942 3143 Virgo
1992 3079 2078 3127 est
2104 3084 2194 3124 se-
2224 3107 2234 3128 ι

2357 577 2423 630 Ν.
2475 576 2531 632 Si
2588 580 2763 634 Deum
2807 590 3007 637 natura
3053 581 3248 653 genuit
3279 581 3441 636 beata
3471 582 3641 652 Virgo
3679 579 3873 643 Maria,
3957 646 3960 648 τ

2281 663 2394 734 jam
2429 681 2538 721 non
2560 669 2766 734 carnis,
2800 670 2900 726 sed
2929 683 3016 728 est
3049 673 3292 744 genitrix
3317 673 3710 740 divinitatis;et
3731 687 3868 741 quo-
3902 685 3913 698 ·

2283 754 2449 810 modo
2497 771 2610 812 non
2655 759 2829 814 Deum
2865 761 3112 816 Verbum
3159 763 3465 819 secundum
3501 763 3881 828 divinitatem,

2284 861 2406 916 qua:
2429 847 2507 901 illi
2523 863 2649 903 cum
2669 849 2832 906 Patre
2853 853 3164 908 communis
3187 862 3297 921 est,
3320 853 3624 909 secundum
3650 867 3874 908 carnem

2286 952 2412 993 eum
2443 948 2635 994 natum
2652 955 2720 996 ex
2749 940 2964 1012 virgine
2988 941 3333 1014 praedicatis?

2355 1025 2416 1082 C.
2460 1027 2580 1084 Non
2619 1039 2705 1085 est
2771 1030 3080 1087 divinitatis
3131 1031 3406 1097 Genitrix,
3449 1030 3599 1086 sicut
3655 1038 3714 1084 tu
3772 1042 3878 1083 nos

2287 1118 2516 1174 credere
2547 1128 2826 1186 autumas,
2861 1123 3119 1192 quamvis
3146 1138 3272 1179 vere
3303 1132 3360 1178 et
3393 1123 3618 1194 pr0prie
3679 1121 3752 1175 sit
3775 1119 3873 1174 Dei

2286 1209 2558 1275 Genitrix,
2583 1211 2715 1281 quia
2747 1227 2858 1266 non
2875 1212 3221 1269 divinitatem
3242 1213 3341 1268 Dei
3358 1212 3549 1276 Verbi,
3570 1211 3666 1268 sed
3698 1211 3872 1267 Deum

2287 1303 2535 1359 Verbum
2561 1319 2629 1358 ex
2654 1319 2715 1359 se
2737 1304 3018 1362 hominem
3043 1305 3271 1373 factum,
3300 1305 3446 1361 sicut
3468 1303 3727 1374 superius
3752 1303 3871 1359 dic--

2291 1403 2407 1448 tum
2436 1403 2543 1460 est,
2571 1395 2780 1464 genuit.

2358 1485 2426 1540 N.
2454 1485 2511 1540 Si
2544 1501 2671 1541 vere
2693 1496 2751 1542 et
2779 1489 3004 1558 proprie
3031 1490 3206 1544 Deum
3226 1496 3416 1544 natum
3438 1504 3508 1544 ex
3525 1486 3751 1556 Virgine
3777 1485 3874 1538 de-

2292 1577 2558 1643 derimus,
2581 1594 2775 1633 vereor
2795 1595 2864 1634 ne
2904 1581 3024 1635 sine
3047 1581 3207 1635 initio
3223 1582 3368 1636 Deus
3385 1579 3630 1635 Verbum
3654 1576 3874 1632 initium

2292 1671 2497 1727 habere
2525 1671 2865 1742 intelligatur
2888 1687 2954 1726 ex
2981 1671 3203 1727 femina.

2945 1781 3096 1838 CAP.
3129 1781 3218 1838 IV.

2373 1895 2435 1950 C.
2457 1895 2526 1950 Et
2551 1910 2650 1950 cur
2673 1910 2785 1950 non
2815 1894 3016 1949 demus
3029 1895 3081 1949 ei
3105 1909 3176 1949 ex
3204 1895 3408 1950 femina
3426 1893 3731 1950 secundum
3755 1907 3879 1948 car-

2304 2000 2432 2040 nem
2464 1984 2826 2057 initium,.qui
2847 1993 2932 2040 est
2961 1983 3264 2039 secundum
3288 1983 3638 2039 divinitatem
3656 1998 3686 2037 a
3712 1983 3878 2037 Patro

2304 2078 2425 2131 sine
2453 2076 2658 2132 initio?

2373 2167 2439 2226 Ν.
2463 2167 2752 2234 Quomodo
2780 2169 3085 2224 secundum
3115 2182 3337 2223 carnem
3370 2166 3578 2220 habere
3604 2163 3825 2218 initium
3843 2178 3878 2217 a

2305 2269 2356 2314 te
2389 2259 2594 2315 dicitur
2623 2261 2692 2324 is,
2716 2259 2926 2330 quiiest
2949 2275 2980 2316 a
3002 2262 3162 2316 Patre
3185 2260 3305 2315 sine
3351 2258 3534 2321 initio,
3568 2271 3680 2312 non
3715 2255 3879 2310 intel-

2301 2352 2434 2420 ligo,
2458 2362 2644 2405 utrum
2677 2353 2771 2422 qui
2795 2355 2879 2408 ais
2899 2353 2996 2422 qui
3026 2368 3058 2407 a
3095 2353 3259 2408 Patre
3311 2360 3396 2406 est
3424 2341 3545 2405 sine
3593 2348 3774 2412 initio,
3808 2362 3879 2402 ex

2299 2444 2590 2500 divinitate
2621 2445 2677 2500 in
2712 2459 2937 2500 carnem
2961 2461 3178 2510 versus,
3215 2444 3436 2500 dicatur
3461 2442 3741 2512 accepisse
3765 2440 3878 2494 ini-

2300 2537 2477 2591 tium?
2500 2538 2584 2593 An
2623 2538 2754 2609 quia
2782 2546 2902 2594 erat
2930 2539 3049 2594 sine
3080 2537 3263 2604 initio,
3323 2545 3546 2605 accepta
3576 2548 3744 2589 carne
3787 2530 3876 2586 di-

2299 2640 2456 2686 catur
2481 2631 2686 2686 habere
2710 2630 2964 2685 initium?

2367 2721 2427 2777 C.
2458 2721 2517 2776 lu
2541 2737 2763 2777 carnem
2805 2721 3068 2775 converti
3095 2718 3539 2774 inconvertibilis
3572 2715 3720 2770 Deus
3755 2727 3879 2768 om-

2299 2813 2432 2866 nino
2465 2826 2574 2865 non
2603 2818 2810 2880 potest,
2837 2809 2935 2864 sed
2965 2822 3196 2863 manens
3243 2807 3412 2870 Deus,
3451 2805 3506 2859 in
3533 2802 3756 2874 propria
3785 2801 3878 2856 di-

2296 2902 2529 2956 vinitate
2592 2899 2896 2970 perfectus,
2952 2899 3112 2952 carni
3164 2905 3223 2952 et
3269 2897 3467 2952 animae
3509 2891 3762 2949 rationali
3816 2907 3880 2945 se

2299 2995 2518 3058 uniens,
2557 2992 2730 3065 οωρῆ
2761 3005 2883 3045 esse
2913 2990 3081 3044 homo
3117 2988 3265 3059 quod
3294 2997 3457 3042 antea
3490 3001 3605 3040 non
3649 2995 3788 3045 erat,
3820 2989 3880 3035 et

2297 3086 2402 3142 hac
2435 3071 2648 3140 ratione
2681 3083 2985 3138 secundum
3015 3096 3237 3138 carnem
3265 3079 3472 3133 dicitur
3499 3076 3711 3131 habere
3772 3071 3882 3127 ini-

616 3173 862 3231 cundum
898 3187 998 3228 vos
1025 3172 1358 3233 Theotocos,
1413 3184 1534 3238 qua‘
1562 3182 1676 3222 non
1699 3180 1829 3219 vere
1877 3169 1933 3216 et
1972 3157 2195 3231 proprie
2222 3163 2266 3222 ε.
2299 3178 2439 3233 tium
2472 3178 2539 3241 is,
2566 3176 2663 3247 qui
2691 3184 2777 3231 est
2827 3191 2857 3230 a
2884 3176 3046 3230 pauc
3077 3174 3198 3228 sine
3224 3171 3336 3226 uno
3358 3168 3542 3224 initio.

618 3268 813 3338 genuit
837 3265 1141 3321 secundum
1167 3279 1391 3321 carnem
1428 3263 1600 3316 Deum
1644 3258 1908 3320 Verbum,
1941 3251 2038 3309 sed
2094 3251 2197 3304 ho-

619 3359 850 3422 mitim,
881 3357 970 3411 cui
1005 3355 1309 3426 praestitum
1335 3361 1420 3408 est
1448 3353 1515 3407 ab
1546 3367 1642 3415 eo,
1672 3350 1760 3404 cui
1795 3345 1941 3402 uniri
1969 3343 2195 3406 meruit,

621 3459 684 3505 ut
713 3450 860 3506 Deus
889 3448 1127 3513 dicatur,
1157 3447 1304 3517 quod
1338 3461 1450 3500 non
1478 3451 1584 3499 est.

1271 3557 1424 3613 CAP.
1462 3556 1552 3610 ill.

694 3680 760 3735 Ν.
811 3677 1081 3743 Quoniam
1122 3677 1228 3730 hoc
1249 3683 1355 3738 est,
1390 3673 1538 3744 quod
1572 3683 1675 3727 nos
1701 3666 1863 3724 valde
1894 3669 2199 3738 permovet,

623 3791 694 3829 eo
737 3771 884 3843 quod
923 3786 1055 3827 vere
1089 3780 1144 3825 et
1180 3769 1408 3840 proprie
1454 3768 1629 3822 Deum
1670 3771 1862 3819 natum
1901 3775 1970 3816 ex
1996 3759 2203 3818 femina

627 3867 958 3940 praedicetis,
996 3877 1160 3940 atque
1197 3865 1269 3918 ob
1300 3864 1404 3919 hoc
1437 3877 1566 3916 vere
1611 3870 1668 3915 et
1720 3857 1945 3928 proprie
1987 3855 2203 3909 beatam

625 3936 910 4032 Virginem
961 3936 1058 4013 [ίθὶ
1093 3955 1372 4010 fateamini
1422 3953 1782 4021 Genitricem,
1840 3962 2048 4018 quaero,
2110 3945 2204 4016 qui

628 4065 758 4105 vere
786 4057 842 4104 et
872 4045 1092 4118 proprie
1113 4054 1358 4116 generet,
1387 4052 1573 4098 utrum
1605 4040 1874 4112 ejusdem,
1903 4039 2062 4109 cujus
2088 4036 2207 4108 ipse

628 4155 736 4209 est,
768 4160 836 4198 an
867 4142 1100 4198 alterius
1122 4139 1421 4210 cujuslibet
1447 4138 1772 4194 substantia:
1794 4133 2054 4206 generet?

699 4232 764 4289 C.
819 4231 1009 4301 lnepta
1062 4228 1230 4286 nimis
1285 4238 1342 4284 et
1400 4229 1551 4284 fatua
1625 4223 2026 4294 interrogatio,
2083 4221 2209 4291 quis

627 4326 779 4390 enim
806 4322 1109 4394 aliquando
1130 4321 1322 4377 aliena:
1345 4328 1639 4390 generator
1662 4317 1909 4373 creditur
1931 4329 2052 4371 esse
2073 4313 2209 4370 sub-

630 4415 884 4471 stantize?

701 4506 769 4562 Ν.
803 4505 860 4560 Si
892 4503 1105 4560 fatuum
1125 4503 1443 4571 etineptum
1485 4497 1725 4570 judicas,

631 4613 797 4670 quam
823 4596 1019 4652 alienae
1045 4601 1426 4666 generatorem
1457 4606 1580 4647 esse
1611 4589 1960 4652 substantiae,

631 4706 766 4762 ergo
783 4690 957 4745 Deum
979 4687 1245 4751 Verbum,
1271 4700 1382 4740 non
1410 4683 1478 4740 de
1505 4691 1701 4747 matre,
1751 4679 1847 4736 sed
1881 4687 2037 4751 patre
2080 4693 2212 4734 vere

632 4792 691 4838 et
721 4781 946 4853 proprie
975 4787 1317 4850 generatum,
1336 4791 1461 4831 cum
1495 4790 1605 4846 quo
1636 4773 1715 4828 illi
1747 4780 1835 4828 est
1863 4786 1970 4826 una
1991 4771 2211 4825 eadem-

635 4886 744 4946 que
772 4869 1104 4927 substantia.
1128 4867 1385 4937 Alioquin
1411 4864 1518 4922 erit
1546 4863 1738 4934 procul
1760 4860 1954 4925 dubio,
1971 4859 2212 4915 consub-

635 4963 915 5021 stantialis
961 4969 1139 5017 mater
1176 4957 1418 5022 Domini,
1463 4971 1575 5012 non
1604 4954 1787 5011 solum
1827 4953 1942 5008 Deo
1988 4951 2170 5006 Verbo
2195 4992 2208 5015 ,

2369 3275 2436 3330 N.
2469 3273 2739 3340 Quoniam
2773 3273 2840 3326 de
2865 3268 3096 3326 summis
3129 3275 3185 3323 et
3213 3265 3510 3339 praecipuis
3537 3262 3706 3317 rebus
3731 3272 3884 3329 quae-

2300 3370 2408 3427 stio
2434 3367 2696 3430 vertitur,
2733 3379 2921 3434 quaeso
2953 3371 3015 3417 ut
3035 3361 3310 3431 patienter
3338 3357 3408 3412 de
3450 3355 3540 3410 his
3561 3369 3687 3425 qua:
3721 3367 3754 3407 a
3787 3365 3880 3404 me

2300 3469 2630 3534 quaeruntur
2675 3455 3032 3527 respondeas.
3089 3453 3276 3508 Necte
3311 3456 3569 3505 moveant
3618 3461 3718 3508 ea,
3758 3458 3884 3513 qua:

2302 3553 2404 3608 tibi
2470 3548 2742 3612 fortassis,
2779 3556 3073 3617 antequam
3131 3542 3427 3614 intelligas,
3457 3540 3722 3596 videntur
3759 3540 3886 3592 esse

2301 3645 2600 3702 contraria.

2374 3737 2430 3791 C.
2473 3736 2564 3791 Sic
2611 3749 2700 3789 me
2751 3732 2819 3788 de
2869 3729 3135 3802 patientia
3165 3738 3507 3789 commones,
3572 3719 3728 3792 quasi
3780 3718 3886 3772 ha-

2304 3840 2499 3886 ctenus
2531 3824 2884 3895 impatienter
2917 3820 3025 3875 tuis
3066 3816 3458 3894 responderim
3493 3809 3889 3880 interrogatio-

2303 3921 2491 3976 nibus.

2372 4012 2438 4066 N.
2465 4011 2585 4065 Non
2616 4008 2831 4077 utique,
2855 4003 2949 4060 sed
2981 4012 3045 4057 ut
3085 4003 3303 4070 incepta
3333 3996 3563 4054 lenitate
3601 4001 3654 4049 te
3706 3991 3888 4047 conti.

2307 4120 2462 4168 neas,
2496 4115 2716 4156 moneo.

2376 4197 2438 4252 C.
2466 4194 2566 4250 Dei
2598 4194 2705 4247 hoc
2733 4192 2942 4246 donum
2960 4197 3066 4244 est.

2377 4288 2445 4346 N.
2475 4285 2770 4341 Dominum
2814 4288 3069 4335 nostrum
3115 4275 3305 4332 Jesum
3333 4271 3616 4328 Christum
3656 4280 3764 4320 una
3817 4278 3887 4317 an

2310 4380 2525 4435 duabus
2555 4372 2883 4431 substantiis
2916 4367 3240 4426 confiteris?

1765 4495 1995 4551 credere
2010 4508 2206 4564 quem-
2237 4503 2284 4558 ι)
2381 4472 2442 4528 C.
2498 4470 2560 4525 in
2595 4467 2812 4523 duabus
2849 4462 3042 4564 procul
3079 4459 3283 4560 dubio,
3325 4455 3422 4512 sed
3473 4449 3733 4514 naturali,
3773 4463 3888 4502 non

1993 4548 2211 4641 οξιηειτη
2241 4548 2276 4558 ν
2311 4558 2589 4634 personali
2624 4554 2995 4613 conventione
3029 4548 3224 4604 unitis.

2969 4663 3123 4720 CAP.
3151 4663 3242 4717 γλ

2382 4786 2446 4840 Ν.
2469 4780 2717 4838 Necdum
2749 4773 3024 4840 absoluta,
3053 4774 3123 4830 de
3154 4788 3263 4844 qua
3313 4773 3516 4843 agitur,
3564 4765 3892 4838 quaestione,

2311 4886 2684 4946 praepropere,
2727 4867 2961 4924 in~aliam
2992 4863 3316 4937 prorupisti,
3345 4861 3442 4917 sed
3467 4856 3636 4914 dilata
3668 4855 3894 4910 interim

2313 4964 2674 5036 inquisitione
2698 4961 2768 5016 de
2794 4957 3034 5014 naturali
3057 4955 3340 5032 ,pnitione,
3375 4950 3650 5013 absolute,
3679 4960 3891 5017 quaeso,

636 5068 804 5124 αιιεω
829 5067 960 5107 vere
985 5059 1042 5106 ει
1075 5049 1293 5120 Proprie
1319 5049 1474 5119 luna
1533 5062 1632 5102 "05
1660 5046 1909 5102 πεδίων
1931 5042 2210 5116 genuisses
2317 5055 2656 5128 respondeas
2699 5071 2712 5106 :
2752 5052 2953 5108 Utrum
3000 5048 3304 5109 Christum,
3360 5057 3526 5113 quem
3570 5041 3629 5095 in
3675 5037 3897 5092 duabus

637 5159 836 5200 verum
859 5143 1026 5198 “iam
1043 5141 1156 5197 Deo
1182 5141 1352 5206 Ρθιτίν
1379 5141 1468 5196 συί
1488 5139 1634 5197 idem
1660 5139 1807 5194 Deus
1823 5137 2066 5192 Verbum
2083 5151 2216 5190 00"“
2319 5127 2534 5205 naturis
2561 5144 2851 5202 confessus
2877 5158 2959 5209 es,
2985 5156 3053 5197 ex
3077 5141 3240 5196 Patre
3265 5143 3500 5197 tantum,
3539 5147 3608 5186 an
3626 5127 3794 5183 etiam
3827 5141 3895 5180 ex

639 5233 1028 5292 substantialis
1054 5231 1292 5288 exsistit.
2304 5217 2491 5297 inane
2521 5245 2710 5293 natum
2734 5233 3008 5290 asseras?.

715 5325 778 5383 C.
804 5325 1346 5384 Consubstantialem
1371 5324 1584 5395 Virgini
1610 5325 1782 5380 Deum
1806 5323 2069 5383 Verbum,
2105 5337 2215 5374 non
2391 5331 2451 5387 (ι,
2491 5330 2559 5384 Et
2603 5343 2670 5383 ex
2715 5327 2878 5382 parte
2929 5331 2988 5379 ει
3016 5339 3084 5378 ει
3113 5320 3282 5375 Matre
3307 5331 3481 5372 unum
3529 5309 3901 5375 eumdemqne

640 5418 947 5475 secundum
975 5417 1486 5486 divinilatem,qu:e
1508 5415 1586 5468 illi
1621 5430 1729 5469 una
1757 5413 2062 5483 eademque
2094 5426 2219 5467 cum
2323 5421 2608 5477 Christum
2639 5425 2827 5472 narum
2859 5429 2981 5470 esse
3014 5410 3306 5468 conﬁteor.
3675 5457 3688 5470 _

643 5512 806 5567 Patre
835 5516 942 5574 est,
991 5509 1088 5565 sed
1123 5507 1431 5564 secundum
1461 5521 1685 5561 carnem
1739 5505 1833 5575 qui
1865 5521 1973 5559 non
2023 5505 2198 5559 credit

2397 5510 2462 5566 Ν.
2489 5507 2613 5563 ΑΙἰο
2649 5507 2811 5561 modo
2856 5519 2922 5558 ex
2954 5503 3124 5558 Matre
3146 5542 3160 5565 ,
3202 5501 3312 5555 alio
3340 5514 3408 5553 ex
3434 5495 3632 5552 Patre?
3668 5507 3737 5546 an
3787 5503 3960 5548 uno",

645 5602 863 5657 alienus
889 5617 921 5656 a
945 5600 1074 5656 ﬁde.
1106 5599 1248 5656 Sane
1296 5600 1424 5670 quia
1461 5614 1572 5653 non
1595 5598 1870 5653 hominem
1898 5596 2220 5666 quemlibet,
2325 5601 2633 5668 eodemque
2666 5596 2831 5651 modo
2863 5611 2932 5650 ex
2960 5595 3125 5649 Patre
3145 5600 3202 5647 et
3233 5605 3301 5645 ex
3328 5588 3532 5644 Matre?

645 5692 744 5765 qui
773 5707 886 5748 non
911 5695 986 5748 sit
1017 5701 1215 5748 natura
1236 5693 1404 5757 Deus,
1433 5693 1532 5748 sed
1566 5693 1738 5749 Deum
1768 5693 2011 5748 Verbum
2041 5691 2222 5747 incar-
2394 5691 2455 5747 C.
2499 5691 2618 5745 Alio
2667 5687 2857 5761 procul
2911 5685 3081 5742 dubio
3107 5700 3174 5741 ex
3222 5683 3406 5748 Patre,
3464 5678 3573 5734 alio
3625 5673 3790 5730 modo
3835 5686 3906 5728 ex

649 5791 943 5854 natum,et
992 5799 1062 5840 ex
1102 5799 1161 5842 se
1191 5785 1472 5841 hominem
1504 5784 1709 5842 factum
1756 5785 1967 5857 genuit,
2019 5785 2119 5838 hac
2157 5783 2222 5837 de
2327 5785 2532 5840 Matre.
