4200 6426
681 381 788 448 123

1926 385 2251 452 ΪΟΑΝΝῙΒ
2283 388 2674 451 ΜΑΧΕΝΤΙῙ
3856 394 3956 459 ιὲι

674 495 801 564 fecit
831 491 1086 551 Dominus
1109 494 1175 552 ³⁷.
1209 495 1278 553 Et
1305 495 1608 568 Apostolus
1632 497 1700 556 ad
1723 514 1843 566 eos,
1882 503 1977 572 qui
2003 504 2118 573 jam
2145 504 2271 560 sub-
2299 510 2345 565 Α
2372 503 2545 559 dubio
2569 503 2717 559 Deus
2743 511 2830 558 est
2869 511 3092 569 unctus,
3117 511 3176 558 et
3195 519 3306 559 non
3330 519 3469 575 puer
3493 505 3657 563 Jesus
3672 507 3954 571 Christus.

676 587 1018 643 stantialiter
1053 590 1431 644 exsistebant:
1462 589 1603 644 Nam
1641 593 1686 644 si
1724 592 1901 647 decem
1942 595 2137 663 millia,
2181 597 2268 650 in-

680 681 822 750 quit,
878 680 1285 750 pwtlagogorum
1349 681 1587 734 habeatis
1616 682 1673 736 in
1724 682 1961 750 Christo,
2011 688 2104 741 sed
2161 704 2267 742 non

679 770 876 824 multos
899 779 1096 838 patres.
1126 768 1263 823 Nam
1288 772 1343 824 in
1382 770 1589 826 Christo
1630 771 1757 828 Iesu
1795 793 1889 846 per
1913 777 2268 849 Euangelium

680 879 775 932 ego
830 878 919 916 eos
958 862 1117 929 genui
1162 861 1230 915 ⁸⁸.
1260 861 1564 918 Contendit
1612 865 1858 938 denique
1910 869 2028 926 haec
2083 878 2268 926 vestra

681 951 1069 1019 interpretatio
1118 953 1286 1006 etiam
1346 953 1508 1017 illud,
1540 956 1691 1025 quod
1745 961 1930 1016 omnis
1985 961 2264 1017 catholica

680 1044 927 1098 Ecclesia
970 1044 1290 1111 conﬁtetur,
1319 1047 1522 1101 Filium
1553 1048 1652 1104 Dei
1716 1050 1889 1106 Deum
1942 1062 2138 1106 natum
2190 1052 2261 1109 de

681 1135 848 1189 Patre
880 1134 1343 1199 substantialiter,
1413 1137 1613 1192 falsum
1649 1139 1874 1206 docere,
1909 1147 2136 1198 etcum
2185 1147 2268 1200 A-

681 1225 856 1280 rianis
885 1237 1075 1280 natum
1107 1227 1333 1295 quidem
1370 1227 1440 1283 de
1458 1229 1621 1285 Patre
1676 1231 1867 1287 dicere
1906 1233 2132 1300 Filium,
2168 1235 2267 1290 sed

682 1330 795 1370 non
860 1316 1306 1372 substantialiter
1363 1318 1435 1374 de
1478 1335 1547 1376 eo
1608 1330 1823 1377 natum.
1860 1323 1931 1378 Et
1964 1324 2110 1380 unde
2151 1327 2266 1397 jam

684 1406 1129 1462 substantialiter
1164 1418 1328 1464 natus
1354 1411 1620 1466 credatur
1643 1414 1790 1468 Deus
1819 1430 1978 1484 puer,
2022 1416 2122 1486 qui
2165 1433 2270 1474 nee

683 1499 755 1556 de
786 1513 960 1555 matre
991 1516 1093 1556 nec
1132 1501 1202 1555 de
1251 1510 1410 1572 patre
1461 1506 1770 1560 secundum
1795 1522 1894 1562 vos
1939 1507 2273 1581 intelligitur

684 1593 1128 1647 substantialiter
1146 1595 1347 1648 natus?

753 1683 822 1737 Ν.
853 1683 998 1747 Noli,
1035 1700 1223 1753 quaeso
1276 1693 1351 1752 te,
1392 1687 1449 1742 in
1481 1691 1850 1758 supervacuis
1903 1702 2123 1764 tempus
2169 1710 2269 1750 ex-

684 1772 951 1843 pendere.
1001 1775 1113 1831 Nos
1173 1776 1323 1832 enim
1374 1779 1548 1835 Deum
1607 1782 1829 1850 Filium,
1884 1785 2270 1842 abominantes

685 1861 1031 1932 impietatem
1105 1865 1249 1932 Arii,
1316 1870 1768 1927 substantialiter
1796 1883 1989 1928 natum
2035 1891 2104 1930 ex
2153 1875 2268 1931 Deo

685 1951 848 2007 Patre
884 1955 1170 2009 credimus
1202 1967 1262 2012 et
1306 1959 1698 2027 praedicamus,
1727 1971 1785 2018 et
1808 1980 2047 2033 puerum
2075 1974 2270 2020 natum

683 2058 752 2098 ex
782 2043 1004 2115 Virgine
1028 2047 1476 2105 subSIantialiter
1527 2053 1650 2107 sine
1699 2054 1871 2109 dubio
1919 2057 2269 2122 conﬁtemur,

684 2149 850 2205 quem
885 2137 1054 2192 etiam
1107 2148 1338 2209 propter
1362 2157 1490 2196 eum
1521 2144 1615 2213 qui
1677 2145 1730 2200 ei
1772 2147 1966 2202 unitus
2016 2158 2125 2214 est,
2186 2165 2272 2204 se-

683 2235 920 2296 quentes
950 2229 1302 2299 prophetam,
1340 2231 1579 2289 dicimus
1605 2236 1803 2292 Deum.

751 2313 814 2370 C.
839 2317 936 2371 Est
964 2332 1097 2387 ergo
1129 2333 1270 2388 puer
1302 2335 1412 2376 non
1430 2331 1630 2379 natura
1655 2324 1826 2392 Deus,
1864 2326 1962 2383 sed
1983 2328 2271 2384 vocatione

681 2406 829 2462 sicut
865 2407 1118 2479 Moyses?

753 2499 820 2553 N.
895 2499 952 2553 Si
998 2516 1110 2556 non
1147 2505 1437 2560 vocatione
1484 2514 1541 2560 et
1586 2505 1880 2577 dignitate,
1921 2511 2017 2566 sed
2071 2520 2272 2568 natura

681 2589 830 2645 Deus
845 2600 931 2645 est
951 2607 1109 2660 puer,
1125 2603 1220 2648 aut
1251 2595 1788 2654 consubstantialem
1811 2599 1976 2673 549
1992 2604 2106 2659 Deo
2122 2603 2272 2658 Patri

683 2681 867 2737 credis
894 2698 1146 2748 carnem,
1162 2699 1259 2740 aut
1282 2701 1523 2757 puerum
1542 2698 1735 2745 natum
1750 2691 1819 2747 de
1835 2693 2060 2764 Virgine
2086 2695 2274 2752 incor-

684 2787 917 2842 poreum
965 2773 1274 2830 conﬁteris.

752 2863 816 2919 C.
845 2864 926 2918 Tu
957 2881 1193 2934 puerum
1229 2867 1626 2939 incorporeum
1655 2889 1766 2927 non
1823 2874 2055 2931 credere
2104 2886 2272 2933 autu-

684 2970 824 3020 mas,
858 2972 963 3010 nos
995 2972 1026 3013 e
1052 2969 1244 3014 contra
1278 2962 1453 3016 Deum
1484 2963 1584 3016 tibi
1629 2979 1855 3021 carnem
1888 2966 2097 3022 factum
2115 2971 2275 3040 juxta

684 3047 973 3116 Evangelii
1021 3050 1359 3105 sententiam
1397 3054 1786 3122 praedicamus,
1845 3059 2007 3128 cujus
2049 3073 2274 3126 carnem

685 3153 798 3192 non
826 3140 938 3194 Deo
960 3141 1132 3207 Patri,
1166 3141 1264 3197 sed
1313 3145 1477 3199 matri
1515 3147 2050 3204 consubstantialem
2087 3151 2273 3205 credi-

685 3245 830 3285 mus.
895 3231 1250 3286 Divinitatem
1304 3250 1439 3288 vero
1466 3251 1578 3290 non
1620 3239 1806 3302 matri,
1840 3239 1936 3294 sed
1975 3241 2089 3295 Deo
2121 3240 2269 3295 Patri

687 3322 1224 3378 consubstantialem
1250 3323 1514 3382 fatemur.

757 3412 828 3466 N.
861 3413 1088 3468 Varium
1146 3417 1442 3484 quemdam
1492 3428 1548 3474 et
1607 3420 1896 3478 diversum
1946 3425 2272 3480 assertionis

690 3515 797 3560 tuae
831 3521 1081 3572 sensum,
1113 3505 1278 3562 modo
1319 3510 1780 3579 confundentem,
1836 3515 2006 3570 modo
2056 3517 2272 3572 discer-

690 3606 913 3653 nentem
943 3609 1193 3664 naturas,
1233 3618 1462 3672 prorsus
1499 3605 1810 3676 intelligere
1858 3624 1967 3662 non
2016 3626 2265 3679 possum.

691 3691 749 3745 Si
771 3691 942 3760 igitur
972 3693 1323 3749 divinitatem
1356 3696 1531 3762 Patri,
1580 3714 1810 3754 carnem
1864 3717 2000 3756 vero
2025 3704 2272 3759 consub-

691 3784 1005 3838 stantialem
1037 3787 1308 3855 praedicas
1344 3791 1536 3856 matri,
1591 3795 1873 3866 quomodo
1909 3811 2096 3849 sanam
2129 3797 2274 3853 hanc

692 3883 1011 3930 naturarum
1043 3879 1392 3936 confundens
1420 3881 1841 3951 discretionem,
1883 3903 2078 3943 rursus
2097 3891 2271 3945 Deum

691 3980 914 4020 carnem
937 3967 1145 4023 factum
1173 3971 1400 4035 asseris,
1445 3987 1573 4027 cum
1610 3974 1684 4029 sit
1722 3975 1868 4030 Deus
1898 3994 2010 4032 non
2043 3994 2270 4050 corpus,

690 4058 788 4112 sed
825 4058 1091 4128 Spiritus,
1121 4063 1357 4119 Domino
1387 4063 1642 4120 dicente:
1668 4066 1808 4121 Deus
1835 4067 2066 4138 Spiritus
2109 4080 2183 4124 est
2203 4072 2274 4126 5"?

754 4148 817 4204 C.
849 4151 1049 4205 Veram
1076 4163 1406 4209 naturarum
1439 4159 1870 4214 conventionem
1901 4162 1998 4216 Dei
2023 4163 2190 4218 Verbi
2216 4173 2274 4220 et

690 4239 874 4294 carnis
923 4239 1184 4307 fatentes,
1243 4260 1355 4298 non
1407 4247 1824 4315 confundimus,
1872 4251 1970 4306 sed
2023 4253 2270 4318 unimus,

689 4328 820 4397 quia
868 4345 979 4386 non
1025 4331 1082 4385 in
1134 4349 1357 4388 carnem
1402 4351 1649 4404 versum,
1700 4340 1799 4395 sed
1843 4343 1996 4396 carni
2030 4342 2271 4408 unitum,

689 4418 895 4473 factum
921 4421 1204 4476 hominem
1229 4423 1614 4492 praedicamus.

2371 593 2572 663 Sicque
2603 596 2715 665 jam
2772 608 2886 649 non
2928 594 3186 651 Christus
3241 596 3422 652 factus
3483 601 3739 655 creditur
3786 604 3954 670 Deus,

2369 683 2463 738 sed
2499 683 2645 738 Deus
2675 686 2830 755 juxta
2863 699 2960 739 vos
2984 684 3163 739 factus
3205 685 3540 757 intelligitur
3582 689 3863 755 Christus,
3899 705 3958 749 et

2369 776 2717 831 mentiuntur
2749 773 3011 846 discipuli
3042 777 3098 831 in
3128 778 3363 834 Actibus
3411 782 3816 850 apostolorum,
3845 801 3958 840 non

2368 865 2566 930 Deum,
2627 865 2721 921 sed
2764 882 2999 936 puerum
3057 867 3248 922 Jesum
3302 879 3532 924 unctum
3597 874 3960 930 testiﬁcantes

2369 965 2537 1025 atque
2569 955 2854 1012 dicentes:
2881 956 3252 1012 Convenerunt
3300 962 3443 1014 enim
3497 977 3618 1016 vere
3657 964 3712 1016 in
3747 967 3960 1019 civitate

2369 1049 2473 1102 ista
2495 1049 2778 1103 adversum
2803 1058 3048 1103 sanctum
3107 1066 3336 1119 puerum
3387 1061 3539 1106 tuum
3569 1053 3778 1120 Iesum,
3805 1073 3960 1126 quem

2368 1140 2588 1203 unxisti,
2623 1140 2855 1194 Herodes
2903 1149 2952 1192 et
2982 1139 3199 1194 Pontius
3222 1140 3431 1197 Pilatus
3461 1144 3530 1197 ⁶¹.

2438 1275 2500 1331 C.
2528 1275 2655 1340 Non
2708 1276 3106 1332 confundimus
3152 1286 3482 1334 naturarum
3538 1281 3962 1348 diversitatem,

2368 1370 2514 1424 sicut
2543 1371 2802 1440 superius
2828 1371 2929 1425 tibi
2965 1387 3297 1440 responsum
3328 1383 3434 1430 est.
3493 1375 3635 1442 Quia
3670 1391 3773 1430 nec
3809 1377 3961 1430 divi-

2368 1458 2600 1513 nitatem
2629 1458 2798 1514 Vcrbi
2863 1459 2922 1513 in
2991 1469 3246 1515 naturam
3291 1462 3573 1516 credimus
3635 1477 3963 1516 conversam

2369 1552 2691 1616 humanam,
2717 1566 2820 1606 nec
2846 1568 3044 1607 rursus
3069 1553 3369 1608 humanam
3403 1555 3458 1609 in
3506 1554 3815 1609 divinitatis
3848 1570 3968 1608 mu-

2371 1649 2540 1697 tatam
2573 1643 2872 1698 essentiam
2924 1644 3317 1714 praedicamus,
3359 1656 3747 1701 verumtamen
3795 1645 3964 1700 Chri-

2371 1741 2516 1788 stum
2541 1739 2754 1796 non,ut
2787 1739 2844 1786 tu
2879 1734 3105 1800 asseris,
3153 1734 3326 1788 Deum
3359 1735 3591 1800 factum,
3639 1735 3736 1789 sed
3783 1736 3962 1788 Deum

2299 1844 2343 1899 Β
2370 1823 2577 1878 factum
2605 1823 2893 1878 Christum
2937 1825 3107 1894 (quod
3139 1825 3241 1879 tibi
3270 1824 3553 1895 displicet)
3600 1827 3959 1881 conﬁtemur.

2372 1913 2512 1980 Quia
2543 1928 2655 1968 non
2689 1930 2817 1968 cum
2860 1930 3072 1984 pauper
3089 1925 3261 1980 esset,
3322 1917 3481 1972 dives
3507 1917 3688 1972 factus
3722 1925 3825 1976 est.
3864 1917 3965 1971 sed

2373 2020 2498 2059 eum
2521 2004 2677 2059 dives
2709 2012 2878 2069 esset,
2917 2021 3130 2075 pauper
3157 2007 3338 2062 factus
3386 2016 3493 2073 est,
3528 2017 3590 2064 ut
3627 2025 3729 2062 nos
3764 2008 3969 2063 divites

2371 2093 2582 2149 faceret
2608 2096 2678 2152 σί.
2709 2095 2823 2150 Nec
2847 2097 2996 2151 enim
3022 2111 3148 2152 cum
3180 2107 3330 2154 esset
3355 2099 3410 2154 in
3445 2100 3622 2154 forma
3649 2101 3814 2163 servi,
3851 2100 3966 2154 for-

2372 2200 2516 2238 mam
2548 2183 2646 2238 Dei
2680 2186 2915 2255 accepit,
2944 2186 3042 2240 sed
3073 2203 3200 2242 cum
3235 2198 3380 2242 esset
3410 2188 3464 2242 in
3485 2188 3658 2242 forma
3691 2189 3812 2251 Dei,
3847 2188 3969 2242 for-

2372 2293 2518 2331 mam
2541 2278 2686 2332 servi
2711 2277 2925 2347 accepit
2946 2277 3011 2332 ⁸³.
3029 2276 3304 2332 Similiter
3329 2277 3498 2334 etiam
3521 2295 3626 2333 nec
3663 2295 3790 2334 cum
3818 2289 3970 2333 esset

2372 2385 2525 2435 caro,
2557 2370 2802 2426 Verbum
2824 2379 2909 2425 est
2935 2369 3166 2435 factum,
3203 2370 3302 2425 sed
3351 2387 3478 2424 cum
3518 2379 3667 2426 esset
3694 2371 3964 2436 Verbum,

2374 2477 2504 2516 caro
2690 2460 2897 2516 factum
2932 2471 3021 2517 est
3052 2463 3120 2516 “.
3146 2462 3305 2529 Quod
3327 2472 3513 2518 autem
3543 2462 3694 2518 dicis
3723 2480 3734 2517 :
3769 2465 3825 2519 Si
3863 2481 3968 2518 na-

2374 2559 2498 2606 tura
2529 2559 2615 2608 est
2647 2552 2797 2608 Deus
2830 2568 2992 2623 puer,
3037 2561 3200 2608 natus
3229 2554 3299 2609 de
3335 2554 3588 2626 Virgine,
3633 2555 3836 2610 fallunt
3885 2556 3969 2609 tli—

2373 2645 2576 2714 scipuli
2632 2645 2690 2699 in
2745 2645 2980 2700 Actibus
3003 2647 3409 2715 apostolorum,
3456 2663 3570 2701 non
3622 2647 3820 2710 Deum,
3865 2647 3968 2701 sed

2374 2749 2612 2806 puerum
2662 2735 2853 2790 Jesum
2905 2743 3139 2790 unctum
3191 2736 3556 2791 testiﬁcantes
3619 2738 3686 2792 ".
3733 2737 3854 2792 Non
3888 2737 3966 2791 illi

2375 2824 2596 2887 fallunt,
2625 2823 2724 2878 sed
2763 2832 2820 2878 tu
2857 2823 3044 2893 potius
3070 2823 3305 2889 falleris,
3337 2824 3432 2894 qui
3458 2826 3631 2880 Deum
3655 2825 3968 2880 secundum

2376 2929 2600 2968 carnem
2650 2921 2882 2968 unctum
2915 2928 3030 2967 non
3062 2912 3350 2984 intelligis.
3416 2915 3554 2970 Nam
3609 2916 3654 2970 si
3688 2932 3799 2970 non
3829 2931 3968 2970 con-

2377 3007 2568 3070 trario,
2603 3006 2700 3061 sed
2745 3022 2860 3060 uno
2910 3007 3114 3075 spiritu
3166 3006 3476 3076 discipulos
3530 3017 3587 3062 et
3641 3008 3971 3079 prophetam

2376 3094 2561 3149 credis
2581 3095 2816 3158 locutos,
2852 3095 2983 3149 audi
3027 3095 3357 3165 prophetam
3396 3097 3569 3150 Deum
3593 3108 3819 3152 unctum
3847 3114 3969 3152 ma-

2299 3169 2346 3232 C
2379 3184 2579 3239 nifeste
2606 3184 2902 3240 docentem
2930 3190 3096 3253 atque
3125 3183 3435 3239 dicentem:
3463 3182 3623 3238 Sedes
3651 3194 3765 3249 tua,
3805 3184 3966 3248 Deus,

2376 3279 2432 3331 in
2457 3274 2932 3339 swculumswculi,
2964 3276 3114 3345 virga
3145 3276 3434 3346 aequitatis,
3479 3276 3630 3344 uirga
3669 3275 3818 3344 regni
3867 3277 3966 3329 tui.

2378 3368 2624 3422 Dilexisti
2643 3367 2938 3437 justitiam,
2987 3374 3036 3419 et
3069 3365 3226 3419 odisti
3273 3366 3637 3435 iniquitatem,
3686 3373 3970 3435 prapterea

2379 3465 2535 3517 unxit
2559 3471 2608 3516 te
2627 3463 2787 3529 Deus,
2807 3460 2948 3516 Deus
2968 3469 3112 3525 tuus,
3132 3458 3248 3514 oleo
3268 3458 3469 3513 ltetitite
3490 3476 3601 3529 pra:
3625 3459 3970 3530 participibus

2379 3557 2482 3609 tuis
2515 3556 2580 3608 ⁸⁸.
2626 3553 2766 3609 llinc
2825 3551 3118 3608 evidenter
3169 3561 3403 3621 apparet
3465 3567 3576 3606 non
3631 3551 3800 3605 alium
3844 3567 3971 3606 esse

2378 3654 2608 3701 unctum
2641 3660 2881 3715 puerum
2913 3644 3124 3708 Jesum,
3157 3643 3266 3697 nisi
3301 3644 3498 3707 Deum,
3529 3657 3633 3696 nec
3659 3643 3970 3697 essealium

2378 3739 2552 3793 Deum
2579 3745 2832 3802 unctum,
2866 3736 2976 3790 nisi
3037 3751 3277 3805 puerum
3307 3737 3521 3797 Jesum,
3558 3735 3603 3788 si
3639 3744 3823 3788 tamen
3857 3750 3971 3788 non

2379 3829 2540 3891 duos,
2565 3829 2663 3882 sed
2691 3842 2864 3881 unum
2891 3826 3177 3881 Christum
3228 3826 3531 3896 prophetas
3582 3834 3640 3880 et
3685 3827 3972 3895 apostolos

2377 3919 2711 3990 przedieasse
2743 3933 2856 3973 non
2891 3916 3138 3972 dubitas.

2450 4056 2519 4112 N.
2547 4056 2695 4112 Duos
2720 4054 2977 4110 Christos
2996 4053 3370 4124 praedicantes
3401 4054 3629 4107 omnino
3652 4052 3968 4115 abominor,

2379 4148 2510 4218 quia
2553 4162 2668 4201 uno
2700 4147 2908 4215 spiritu
2953 4145 3285 4216 prophetam
3333 4152 3391 4198 et
3431 4145 3711 4214 apostolos
3753 4144 3972 4197 locutos

2379 4256 2502 4296 esse
2528 4255 2640 4293 non
2674 4238 2918 4308 ambigo,
2945 4238 3044 4294 sed
3079 4247 3132 4292 te
3165 4237 3443 4292 contraria
3493 4236 3826 4291 sentientem
3880 4252 3970 4290 re-

2380 4338 2537 4400 puto,
2568 4327 2695 4398 quia
2721 4328 2878 4398 quasi
2909 4343 2976 4382 ex
3007 4326 3298 4397 propheta:
3326 4325 3626 4389 sententia,
3653 4341 3779 4380 eum
3804 4341 3968 4394 quem

2381 4423 2502 4493 ipse
2580 4430 2811 4476 unctum
2865 4421 3155 4490 praedicas,
3213 4422 3392 4476 Deum
3473 4429 3677 4474 natura
3745 4420 3971 4473 conaris

757 4511 823 4566 N.
885 4513 1024 4568 Cum
1065 4515 1211 4570 Deus
1239 4516 1407 4584 dicat,
1461 4519 1601 4588 quod
1648 4521 1713 4574 de
1737 4537 1898 4575 carne
1953 4531 2142 4578 natum
2171 4533 2269 4590 est,
2301 4519 2650 4581 Dastruere.
2706 4515 2843 4570 Nam
2891 4530 3020 4570 cum
3077 4514 3350 4585 propheta
3403 4528 3533 4568 eum
3583 4513 3758 4566 Deum
3797 4528 3829 4566 a
3858 4513 3972 4566 Deo

684 4618 817 4655 caro
858 4612 956 4668 est,
1021 4606 1160 4675 quod
1220 4616 1401 4661 autem
1460 4619 1646 4663 natum
1696 4620 1772 4664 est
1818 4612 1884 4664 de
1924 4613 2138 4682 spiritu,
2161 4617 2275 4685 spi-

689 4697 826 4748 ritus
878 4706 952 4749 est
985 4697 1060 4752 ⁸ο,
1117 4699 1400 4768 quomodo
1436 4716 1673 4770 puerum
1710 4711 1904 4758 natum
1961 4719 2030 4760 ex
2062 4704 2273 4761 femina

689 4803 804 4840 non
839 4788 1117 4853 unitione,
1145 4790 1241 4844 sed
1271 4801 1470 4846 natura
1495 4794 1670 4847 Deum
1711 4795 1964 4850 asseris?

761 4880 823 4934 C.
852 4879 992 4946 Quia
1018 4895 1128 4935 non
1165 4890 1252 4935 est
1276 4882 1417 4936 alter
1455 4892 1618 4939 natus
1661 4884 1730 4939 de
1769 4900 1936 4942 carne
1979 4887 2278 4944 carnaliter

685 4990 842 5035 caro,
864 4973 971 5027 nisi
1001 4973 1092 5028 ille
1118 4975 1214 5043 qui
1234 4974 1304 5028 de
1340 4974 1540 5044 spiritu
1571 4976 1942 5045 spiritualiter
1986 4987 2155 5033 natus
2189 4989 2276 5035 est

686 5063 941 5132 spiritus.
969 5064 1184 5121 ideirco
1227 5065 1471 5136 denique
1504 5083 1575 5122 ex
1597 5068 1815 5124 duabus
1855 5079 1912 5125 et
1953 5070 2011 5124 in
2054 5071 2275 5126 duabus

689 5157 909 5210 naturis
969 5157 1144 5213 unitis
1185 5166 1244 5213 et
1305 5151 1638 5227 inconfusis,
1687 5160 1862 5217 Deum
1920 5162 2018 5219 Dei
2072 5163 2275 5219 Filium

691 5245 1079 5314 prmdicamus.

765 5338 828 5392 N.
865 5338 972 5394 Sed
1005 5341 1203 5396 harum
1233 5351 1562 5398 naturarum
1611 5343 1994 5401 diversitatem
2037 5347 2276 5402 confun-

691 5432 799 5489 dis,
832 5431 1003 5486 Deum
1042 5442 1238 5488 natura
1271 5435 1578 5504 praedicans
1608 5438 1875 5508 eum,qui
1901 5437 2153 5494 unitione
2177 5439 2274 5494 Dei

694 5524 858 5578 Verbi
899 5525 1048 5579 Deus
1077 5526 1302 5582 dicitur.
1339 5527 1475 5582 Nam
1515 5529 1558 5585 si
1593 5545 1702 5584 non
1741 5531 2014 5596 unitione;
2045 5532 2140 5586 sed
2170 5547 2272 5586 na-

693 5622 818 5667 tura
849 5616 994 5668 Deus
1041 5626 1148 5678 est,
1197 5619 1292 5686 qui
1325 5618 1394 5673 de
1448 5621 1675 5692 Virgine
1729 5629 1892 5677 natus
1934 5631 2041 5686 est,
2077 5623 2270 5692 procul

765 5749 808 5780 ⁵¹
843 5748 984 5803 Psal.
1035 5767 1141 5814 xm,
1199 5751 1289 5806 '52.
1365 5753 1451 5807 ⁸³³1
1491 5753 1616 5809 Cor.
1644 5773 1715 5815 IV,
1741 5757 1824 5812 l5.
1875 5758 1918 5788 ”
1939 5757 2098 5811 Joan.
2131 5755 2316 5816 ψει.

2374 4618 2603 4664 unctum
2640 4607 2926 4678 praedicet,
2982 4622 3150 4677 quem
3200 4614 3258 4661 et
3305 4605 3609 4676 participes
3660 4605 3822 4659 docet
3875 4605 3974 4659 ha-

2374 4702 2531 4767 bere,
2568 4709 2626 4756 tu
2658 4710 2857 4755 natura
2880 4700 3078 4764 Deum,
3099 4699 3196 4769 qui
3226 4698 3444 4753 nullum
3467 4697 3640 4752 habet
3661 4695 3968 4752 secundum

2376 4803 2633 4849 naturam
2672 4807 2830 4848 suam
2853 4791 3209 4862 participem,
3239 4798 3470 4845 unctum
3501 4789 3706 4844 docere
3737 4789 3969 4842 conclu-

2375 4886 2486 4953 dis,
2516 4903 2642 4943 eum
2666 4888 2815 4942 Deus
2845 4900 2959 4940 non
2990 4885 3162 4940 habet
3187 4885 3419 4939 omnino
3450 4881 3776 4953 participes,
3823 4881 3972 4934 sicut

2377 4995 2488 5033 non
2516 4978 2684 5033 habet
2713 4977 2936 5040 fratres,
2961 4974 3062 5031 sed
3108 4975 3204 5030 ille
3236 4974 3471 5029 docetur
3499 4972 3706 5027 habere
3737 4970 3971 5040 partici-

2378 5087 2497 5142 pes,
2532 5071 2602 5125 de
2631 5085 2744 5139 quo
2775 5070 2853 5124 ait
2881 5069 3220 5140 Apostolus:
3273 5068 3414 5131 Quia
3451 5082 3574 5135 ergo
3623 5065 3775 5133 pueri
3821 5079 3972 5116 com-

2379 5163 2782 5216 municaverunt
2806 5162 2964 5216 carni
2987 5171 3037 5215 et
3060 5160 3332 5230 sanguini,
3372 5168 3422 5211 et
3452 5160 3564 5227 ipse
3601 5155 3970 5210 communica-

2375 5260 2448 5312 uit
2483 5257 2669 5311 iisdem
2693 5255 2758 5308 ⁸⁷.
2800 5254 2871 5308 Et
2929 5253 3026 5323 qui
3075 5251 3252 5306 dixit:
3282 5249 3530 5304 Narrabo
3584 5265 3779 5302 nomen
3817 5263 3968 5301 mum

2377 5347 2636 5418 fratribus
2686 5347 2837 5410 meis,
2867 5347 2923 5398 in
2960 5345 3134 5398 medio
3197 5342 3450 5398 Ecclesiae
3505 5341 3738 5396 laudabo
3795 5339 3846 5394 t'e
3895 5339 3966 5394 ⁸⁸.

2384 5436 2542 5493 Unde
2577 5435 2868 5491 evidenter
2891 5442 3144 5504 apparet,
3168 5448 3282 5488 non
3324 5442 3548 5496 natura,
3583 5429 3681 5486 sed
3712 5430 3969 5484 unitione

2379 5529 2553 5583 Deum
2609 5542 2729 5583 esse
2751 5541 2903 5590 eum,
2953 5540 3116 5596 quem
3148 5539 3263 5595 pra:
3317 5521 3685 5592 participibus
3735 5528 3968 5576 unctum

2382 5621 2650 5693 propheta
2683 5627 2940 5674 testatur.

2399 5756 2443 5786 ⁶¹³
2479 5755 2634 5810 Joan.
2669 5771 2746 5816 ιιι,
2770 5754 2822 5808 6.
2897 5755 2939 5785 ⁶¹
2967 5754 3088 5807 Act.
3117 5769 3188 5812 Iv,
3213 5753 3302 5807 27.
3400 5752 3444 5782 ⁸⁵⁸
3489 5750 3531 5804 11
3575 5750 3705 5804 Cor.
3765 5763 3878 5809 vui,
3908 5746 3964 5816 9.

693 5819 740 5849 ”
772 5819 1009 5882 Philip».
1052 5839 1108 5883 ll.
1140 5822 1190 5877 6.
1271 5823 1315 5854 ”
1355 5823 1510 5878 Joan.
1554 5841 1586 5889 ι,
1645 5825 1724 5878 Η.
1803 5828 1846 5858 ⁵⁸
1876 5827 1995 5882 Act.
2042 5843 2095 5893 x,
2132 5815 2220 5882 38.

2381 5827 2522 5881 Psal.
2571 5842 2709 5888 κων,
2736 5815 2792 5891 ’7,
2820 5825 2872 5879 8.
2952 5825 2994 5855 "
3029 5824 3196 5878 Hebr.
3233 5839 3290 5886 ιι,
3320 5822 3404 5886 Η.
3481 5820 3525 5852 ⁸⁸
3548 5820 3694 5876 Psal.
3734 5835 3839 5882 xxi,
3869 5815 3961 5870 23.
