  <div class='ocr_page' id='page_1' title='image "/cluster/home/n/w/nwhite01/storage/ocr_20150623/86 pt.1/nnc1.0022106588/070.png"; bbox 0 0 4200 6426; ppageno 0'>
   <div class='ocr_carea' id='block_1_1' title="bbox 182 411 276 478">
    <p class='ocr_par' dir='ltr' id='par_1_1' title="bbox 182 411 276 478">
     <span class='ocr_line' id='line_1_1' title="bbox 182 411 276 478; baseline -0.021 0"><span class='ocrx_word' id='word_1_1' title='bbox 182 411 276 478; x_wconf 77' lang='grc'><strong>125</strong></span> 
     </span>
    </p>
   </div>
   <div class='ocr_carea' id='block_1_2' title="bbox 1115 400 2522 467">
    <p class='ocr_par' dir='ltr' id='par_1_2' title="bbox 1115 400 2522 467">
     <span class='ocr_line' id='line_1_2' title="bbox 1115 400 2522 467; baseline -0.008 0"><span class='ocrx_word' id='word_1_2' title='bbox 1115 408 1312 467; x_wconf 85' lang='lat' dir='ltr'><strong>DIAL.</strong></span> <span class='ocrx_word' id='word_1_3' title='bbox 1346 404 1644 465; x_wconf 80' lang='lat' dir='ltr'><strong>CONTRA</strong></span> <span class='ocrx_word' id='word_1_4' title='bbox 1684 401 2235 461; x_wconf 73' lang='lat' dir='ltr'><strong>NESTORIANOS.</strong></span> <span class='ocrx_word' id='word_1_5' title='bbox 2265 425 2334 436; x_wconf 85' lang='grc'><strong><em>-</em></strong></span> <span class='ocrx_word' id='word_1_6' title='bbox 2371 400 2522 458; x_wconf 68' lang='grc' dir='ltr'><strong>ΗΒ.</strong></span> 
     </span>
    </p>
   </div>
   <div class='ocr_carea' id='block_1_3' title="bbox 3346 388 3448 451">
    <p class='ocr_par' dir='ltr' id='par_1_3' title="bbox 3346 388 3448 451">
     <span class='ocr_line' id='line_1_3' title="bbox 3346 388 3448 451; baseline 0 -1"><span class='ocrx_word' id='word_1_7' title='bbox 3346 388 3448 451; x_wconf 71' lang='lat'><strong>126</strong></span> 
     </span>
    </p>
   </div>
   <div class='ocr_carea' id='block_1_4' title="bbox 240 499 3450 598">
    <p class='ocr_par' dir='ltr' id='par_1_4' title="bbox 240 499 3450 598">
     <span class='ocr_line' id='line_1_4' title="bbox 240 499 3450 598; baseline -0.008 -12"><span class='ocrx_word' id='word_1_8' title='bbox 240 530 301 586; x_wconf 78' lang='grc' dir='ltr'><strong>ε.</strong></span> <span class='ocrx_word' id='word_1_9' title='bbox 333 528 634 594; x_wconf 84' lang='lat' dir='ltr'><strong>Quomodo</strong></span> <span class='ocrx_word' id='word_1_10' title='bbox 659 543 780 592; x_wconf 87' lang='lat' dir='ltr'><strong>eos,</strong></span> <span class='ocrx_word' id='word_1_11' title='bbox 831 527 928 598; x_wconf 97' lang='lat' dir='ltr'><strong>qui</strong></span> <span class='ocrx_word' id='word_1_12' title='bbox 965 526 1105 582; x_wconf 89' lang='lat' dir='ltr'><strong>duos</strong></span> <span class='ocrx_word' id='word_1_13' title='bbox 1133 524 1386 578; x_wconf 83' lang='lat' dir='ltr'><strong>Christus</strong></span> <span class='ocrx_word' id='word_1_14' title='bbox 1427 519 1755 592; x_wconf 69' lang='lat' dir='ltr'><strong>praedicant,</strong></span> <span class='ocrx_word' id='word_1_15' title='bbox 1789 522 1834 576; x_wconf 79' lang='grc' dir='ltr'>Α</span> <span class='ocrx_word' id='word_1_16' title='bbox 1861 518 2062 586; x_wconf 84' lang='lat' dir='ltr'><strong>Joseph</strong></span> <span class='ocrx_word' id='word_1_17' title='bbox 2087 517 2372 571; x_wconf 82' lang='lat' dir='ltr'><strong>credimus</strong></span> <span class='ocrx_word' id='word_1_18' title='bbox 2395 514 2643 567; x_wconf 89' lang='lat' dir='ltr'><strong>omnium</strong></span> <span class='ocrx_word' id='word_1_19' title='bbox 2671 512 3040 568; x_wconf 84' lang='lat' dir='ltr'><strong>Salvatorem.</strong></span> <span class='ocrx_word' id='word_1_20' title='bbox 3094 508 3189 562; x_wconf 90' lang='lat' dir='ltr'><strong>sed</strong></span> <span class='ocrx_word' id='word_1_21' title='bbox 3236 499 3450 562; x_wconf 75' lang='lat' dir='ltr'><strong>inconi-</strong></span> 
     </span>
    </p>
   </div>
   <div class='ocr_carea' id='block_1_5' title="bbox 175 612 1760 680">
    <p class='ocr_par' dir='ltr' id='par_1_5' title="bbox 175 612 1760 680">
     <span class='ocr_line' id='line_1_5' title="bbox 175 612 1760 680; baseline -0.008 -4"><span class='ocrx_word' id='word_1_22' title='bbox 175 620 480 676; x_wconf 86' lang='lat' dir='ltr'><strong>abominari</strong></span> <span class='ocrx_word' id='word_1_23' title='bbox 514 634 570 675; x_wconf 89' lang='lat' dir='ltr'><strong>te</strong></span> <span class='ocrx_word' id='word_1_24' title='bbox 601 621 828 680; x_wconf 84' lang='lat' dir='ltr'><strong>asseris,</strong></span> <span class='ocrx_word' id='word_1_25' title='bbox 867 634 996 675; x_wconf 92' lang='lat' dir='ltr'><strong>cum</strong></span> <span class='ocrx_word' id='word_1_26' title='bbox 1024 628 1080 672; x_wconf 92' lang='lat' dir='ltr'><strong>tu</strong></span> <span class='ocrx_word' id='word_1_27' title='bbox 1114 617 1258 671; x_wconf 90' lang='lat' dir='ltr'><strong>duos</strong></span> <span class='ocrx_word' id='word_1_28' title='bbox 1287 615 1433 668; x_wconf 94' lang='lat' dir='ltr'><strong>ﬁlios</strong></span> <span class='ocrx_word' id='word_1_29' title='bbox 1469 612 1760 667; x_wconf 74' lang='lat' dir='ltr'><strong>manifeste</strong></span> 
     </span>
    </p>
   </div>
   <div class='ocr_carea' id='block_1_6' title="bbox 175 711 902 782">
    <p class='ocr_par' dir='ltr' id='par_1_6' title="bbox 175 711 902 782">
     <span class='ocr_line' id='line_1_6' title="bbox 175 711 902 782; baseline -0.006 -15"><span class='ocrx_word' id='word_1_30' title='bbox 175 711 478 782; x_wconf 66' lang='lat' dir='ltr'><strong>praedicare</strong></span> <span class='ocrx_word' id='word_1_31' title='bbox 503 711 902 766; x_wconf 82' lang='lat' dir='ltr'><strong>convinceris?</strong></span> 
     </span>
    </p>
   </div>
   <div class='ocr_carea' id='block_1_7' title="bbox 237 796 1623 869">
    <p class='ocr_par' dir='ltr' id='par_1_7' title="bbox 237 796 1623 869">
     <span class='ocr_line' id='line_1_7' title="bbox 237 796 1623 869; baseline -0.007 -11"><span class='ocrx_word' id='word_1_32' title='bbox 237 804 304 858; x_wconf 85' lang='lat' dir='ltr'><strong>N.</strong></span> <span class='ocrx_word' id='word_1_33' title='bbox 333 805 407 858; x_wconf 79' lang='lat' dir='ltr'><strong>Et</strong></span> <span class='ocrx_word' id='word_1_34' title='bbox 442 804 542 858; x_wconf 88' lang='lat' dir='ltr'><strong>ubi</strong></span> <span class='ocrx_word' id='word_1_35' title='bbox 574 803 781 858; x_wconf 85' lang='lat' dir='ltr'><strong>audisti</strong></span> <span class='ocrx_word' id='word_1_36' title='bbox 809 819 897 858; x_wconf 90' lang='lat' dir='ltr'><strong>me</strong></span> <span class='ocrx_word' id='word_1_37' title='bbox 935 801 1077 856; x_wconf 93' lang='lat' dir='ltr'><strong>duos</strong></span> <span class='ocrx_word' id='word_1_38' title='bbox 1105 799 1248 854; x_wconf 87' lang='lat' dir='ltr'><strong>ﬁlios</strong></span> <span class='ocrx_word' id='word_1_39' title='bbox 1281 796 1623 869; x_wconf 66' lang='lat' dir='ltr'><strong>praedicare?</strong></span> 
     </span>
    </p>
   </div>
   <div class='ocr_carea' id='block_1_8' title="bbox 238 885 1764 955">
    <p class='ocr_par' dir='ltr' id='par_1_8' title="bbox 238 885 1764 955">
     <span class='ocr_line' id='line_1_8' title="bbox 238 885 1764 955; baseline -0.009 -4"><span class='ocrx_word' id='word_1_40' title='bbox 238 895 300 951; x_wconf 88' lang='lat' dir='ltr'><strong>C.</strong></span> <span class='ocrx_word' id='word_1_41' title='bbox 335 897 398 949; x_wconf 91' lang='lat' dir='ltr'><strong>ln</strong></span> <span class='ocrx_word' id='word_1_42' title='bbox 424 911 495 950; x_wconf 91' lang='lat' dir='ltr'><strong>eo</strong></span> <span class='ocrx_word' id='word_1_43' title='bbox 529 911 658 950; x_wconf 91' lang='lat' dir='ltr'><strong>cum</strong></span> <span class='ocrx_word' id='word_1_44' title='bbox 684 894 853 955; x_wconf 88' lang='lat' dir='ltr'><strong>dicis,</strong></span> <span class='ocrx_word' id='word_1_45' title='bbox 881 908 989 947; x_wconf 91' lang='lat' dir='ltr'><strong>non</strong></span> <span class='ocrx_word' id='word_1_46' title='bbox 1018 904 1145 945; x_wconf 90' lang='lat' dir='ltr'><strong>eum</strong></span> <span class='ocrx_word' id='word_1_47' title='bbox 1182 897 1414 942; x_wconf 89' lang='lat' dir='ltr'><strong>unctum</strong></span> <span class='ocrx_word' id='word_1_48' title='bbox 1439 885 1533 954; x_wconf 85' lang='lat' dir='ltr'><strong>qui</strong></span> <span class='ocrx_word' id='word_1_49' title='bbox 1562 894 1764 939; x_wconf 86' lang='lat' dir='ltr'><strong>natura</strong></span> 
     </span>
    </p>
   </div>
   <div class='ocr_carea' id='block_1_9' title="bbox 173 977 1767 1056">
    <p class='ocr_par' dir='ltr' id='par_1_9' title="bbox 173 977 1767 1056">
     <span class='ocr_line' id='line_1_9' title="bbox 173 977 1767 1056; baseline -0.008 -14"><span class='ocrx_word' id='word_1_50' title='bbox 173 996 253 1042; x_wconf 87' lang='lat' dir='ltr'><strong>est</strong></span> <span class='ocrx_word' id='word_1_51' title='bbox 281 987 456 1049; x_wconf 88' lang='lat' dir='ltr'><strong>Deus,</strong></span> <span class='ocrx_word' id='word_1_52' title='bbox 484 986 585 1041; x_wconf 82' lang='lat' dir='ltr'><strong>sed</strong></span> <span class='ocrx_word' id='word_1_53' title='bbox 608 1001 737 1040; x_wconf 91' lang='lat' dir='ltr'><strong>eum</strong></span> <span class='ocrx_word' id='word_1_54' title='bbox 774 986 869 1056; x_wconf 91' lang='lat' dir='ltr'><strong>qui</strong></span> <span class='ocrx_word' id='word_1_55' title='bbox 914 999 944 1038; x_wconf 91' lang='lat' dir='ltr'><strong>a</strong></span> <span class='ocrx_word' id='word_1_56' title='bbox 984 981 1256 1052; x_wconf 83' lang='lat' dir='ltr'><strong>propheta</strong></span> <span class='ocrx_word' id='word_1_57' title='bbox 1288 979 1522 1033; x_wconf 87' lang='lat' dir='ltr'><strong>docetur</strong></span> <span class='ocrx_word' id='word_1_58' title='bbox 1557 977 1767 1031; x_wconf 88' lang='lat' dir='ltr'><strong>habere</strong></span> 
     </span>
    </p>
   </div>
   <div class='ocr_carea' id='block_1_10' title="bbox 173 1069 1494 1146">
    <p class='ocr_par' dir='ltr' id='par_1_10' title="bbox 173 1069 1494 1146">
     <span class='ocr_line' id='line_1_10' title="bbox 173 1069 1494 1146; baseline -0.006 -17"><span class='ocrx_word' id='word_1_59' title='bbox 173 1076 480 1146; x_wconf 84' lang='lat' dir='ltr'><strong>participes</strong></span> <span class='ocrx_word' id='word_1_60' title='bbox 525 1077 621 1144; x_wconf 88' lang='lat' dir='ltr'><strong>qui</strong></span> <span class='ocrx_word' id='word_1_61' title='bbox 655 1076 921 1129; x_wconf 87' lang='lat' dir='ltr'><strong>unctione</strong></span> <span class='ocrx_word' id='word_1_62' title='bbox 954 1072 1049 1126; x_wconf 87' lang='lat' dir='ltr'><strong>Dei</strong></span> <span class='ocrx_word' id='word_1_63' title='bbox 1091 1071 1299 1124; x_wconf 92' lang='lat' dir='ltr'><strong>dicitur</strong></span> <span class='ocrx_word' id='word_1_64' title='bbox 1327 1069 1494 1122; x_wconf 88' lang='lat' dir='ltr'><strong>Deus.</strong></span> 
     </span>
    </p>
   </div>
   <div class='ocr_carea' id='block_1_11' title="bbox 240 1153 1768 1225">
    <p class='ocr_par' dir='ltr' id='par_1_11' title="bbox 240 1153 1768 1225">
     <span class='ocr_line' id='line_1_11' title="bbox 240 1153 1768 1225; baseline -0.008 -7"><span class='ocrx_word' id='word_1_65' title='bbox 240 1164 308 1219; x_wconf 92' lang='grc' dir='ltr'><strong>Ν.</strong></span> <span class='ocrx_word' id='word_1_66' title='bbox 343 1164 471 1218; x_wconf 74' lang='lat' dir='ltr'><strong>Non</strong></span> <span class='ocrx_word' id='word_1_67' title='bbox 499 1164 667 1225; x_wconf 91' lang='lat' dir='ltr'><strong>duos,</strong></span> <span class='ocrx_word' id='word_1_68' title='bbox 706 1172 768 1216; x_wconf 90' lang='lat' dir='ltr'><strong>ut</strong></span> <span class='ocrx_word' id='word_1_69' title='bbox 796 1173 853 1216; x_wconf 93' lang='lat' dir='ltr'><strong>tu</strong></span> <span class='ocrx_word' id='word_1_70' title='bbox 885 1171 1153 1216; x_wconf 77' lang='lat' dir='ltr'><strong>autumas.</strong></span> <span class='ocrx_word' id='word_1_71' title='bbox 1182 1158 1277 1214; x_wconf 89' lang='lat' dir='ltr'><strong>sed</strong></span> <span class='ocrx_word' id='word_1_72' title='bbox 1320 1172 1492 1211; x_wconf 90' lang='lat' dir='ltr'><strong>unum</strong></span> <span class='ocrx_word' id='word_1_73' title='bbox 1527 1153 1768 1224; x_wconf 59' lang='lat' dir='ltr'><strong>praedico</strong></span> 
     </span>
    </p>
   </div>
   <div class='ocr_carea' id='block_1_12' title="bbox 182 1246 1769 1324">
    <p class='ocr_par' dir='ltr' id='par_1_12' title="bbox 182 1246 1769 1324">
     <span class='ocr_line' id='line_1_12' title="bbox 182 1246 1769 1324; baseline -0.006 -16"><span class='ocrx_word' id='word_1_74' title='bbox 182 1254 383 1318; x_wconf 80' lang='lat' dir='ltr'><strong>ﬁlium,</strong></span> <span class='ocrx_word' id='word_1_75' title='bbox 420 1255 558 1324; x_wconf 89' lang='lat' dir='ltr'><strong>quia</strong></span> <span class='ocrx_word' id='word_1_76' title='bbox 590 1263 649 1308; x_wconf 91' lang='lat' dir='ltr'><strong>et</strong></span> <span class='ocrx_word' id='word_1_77' title='bbox 682 1254 806 1323; x_wconf 82' lang='lat' dir='ltr'><strong>ejus</strong></span> <span class='ocrx_word' id='word_1_78' title='bbox 826 1252 920 1321; x_wconf 89' lang='lat' dir='ltr'><strong>qui</strong></span> <span class='ocrx_word' id='word_1_79' title='bbox 941 1260 1140 1305; x_wconf 87' lang='lat' dir='ltr'><strong>natura</strong></span> <span class='ocrx_word' id='word_1_80' title='bbox 1160 1251 1303 1304; x_wconf 87' lang='lat' dir='ltr'><strong>Deus</strong></span> <span class='ocrx_word' id='word_1_81' title='bbox 1333 1257 1438 1308; x_wconf 86' lang='lat' dir='ltr'><strong>est,</strong></span> <span class='ocrx_word' id='word_1_82' title='bbox 1465 1248 1657 1317; x_wconf 71' lang='lat' dir='ltr'><strong>eteius</strong></span> <span class='ocrx_word' id='word_1_83' title='bbox 1673 1246 1769 1314; x_wconf 88' lang='lat' dir='ltr'><strong>qui</strong></span> 
     </span>
    </p>
   </div>
   <div class='ocr_carea' id='block_1_13' title="bbox 178 1339 1771 1410">
    <p class='ocr_par' dir='ltr' id='par_1_13' title="bbox 178 1339 1771 1410">
     <span class='ocr_line' id='line_1_13' title="bbox 178 1339 1771 1410; baseline -0.006 -11"><span class='ocrx_word' id='word_1_84' title='bbox 178 1346 446 1400; x_wconf 88' lang='lat' dir='ltr'><strong>unctione</strong></span> <span class='ocrx_word' id='word_1_85' title='bbox 503 1346 601 1400; x_wconf 88' lang='lat' dir='ltr'><strong>Dei</strong></span> <span class='ocrx_word' id='word_1_86' title='bbox 633 1345 780 1399; x_wconf 87' lang='lat' dir='ltr'><strong>Deus</strong></span> <span class='ocrx_word' id='word_1_87' title='bbox 810 1354 918 1408; x_wconf 87' lang='lat' dir='ltr'><strong>est,</strong></span> <span class='ocrx_word' id='word_1_88' title='bbox 973 1359 1138 1398; x_wconf 87' lang='lat' dir='ltr'><strong>unam</strong></span> <span class='ocrx_word' id='word_1_89' title='bbox 1180 1341 1277 1395; x_wconf 85' lang='lat' dir='ltr'><strong>lilii</strong></span> <span class='ocrx_word' id='word_1_90' title='bbox 1311 1339 1771 1410; x_wconf 81' lang='lat' dir='ltr'><strong>appellationem,</strong></span> 
     </span>
    </p>
   </div>
   <div class='ocr_carea' id='block_1_14' title="bbox 181 1426 1772 1506">
    <p class='ocr_par' dir='ltr' id='par_1_14' title="bbox 181 1426 1772 1506">
     <span class='ocr_line' id='line_1_14' title="bbox 181 1426 1772 1506; baseline -0.006 -16"><span class='ocrx_word' id='word_1_91' title='bbox 181 1453 460 1506; x_wconf 89' lang='lat' dir='ltr'><strong>unamque</strong></span> <span class='ocrx_word' id='word_1_92' title='bbox 509 1436 779 1506; x_wconf 88' lang='lat' dir='ltr'><strong>proﬁteor</strong></span> <span class='ocrx_word' id='word_1_93' title='bbox 807 1435 901 1506; x_wconf 83' lang='lat' dir='ltr'><strong>dig</strong></span> <span class='ocrx_word' id='word_1_94' title='bbox 927 1436 1157 1490; x_wconf 71' lang='lat' dir='ltr'><strong>nitatem.</strong></span> <span class='ocrx_word' id='word_1_95' title='bbox 1199 1431 1356 1499; x_wconf 86' lang='lat' dir='ltr'><strong>Quod</strong></span> <span class='ocrx_word' id='word_1_96' title='bbox 1390 1441 1571 1484; x_wconf 87' lang='lat' dir='ltr'><strong>autem</strong></span> <span class='ocrx_word' id='word_1_97' title='bbox 1598 1429 1646 1483; x_wconf 86' lang='lat' dir='ltr'><strong>is</strong></span> <span class='ocrx_word' id='word_1_98' title='bbox 1673 1426 1772 1498; x_wconf 90' lang='lat' dir='ltr'><strong>qui</strong></span> 
     </span>
    </p>
   </div>
   <div class='ocr_carea' id='block_1_15' title="bbox 182 1522 1772 1592">
    <p class='ocr_par' dir='ltr' id='par_1_15' title="bbox 182 1522 1772 1592">
     <span class='ocr_line' id='line_1_15' title="bbox 182 1522 1772 1592; baseline -0.006 -10"><span class='ocrx_word' id='word_1_99' title='bbox 182 1540 382 1582; x_wconf 88' lang='lat' dir='ltr'><strong>unctus</strong></span> <span class='ocrx_word' id='word_1_100' title='bbox 410 1538 522 1592; x_wconf 89' lang='lat' dir='ltr'><strong>est,</strong></span> <span class='ocrx_word' id='word_1_101' title='bbox 559 1545 668 1582; x_wconf 92' lang='lat' dir='ltr'><strong>non</strong></span> <span class='ocrx_word' id='word_1_102' title='bbox 702 1538 922 1590; x_wconf 86' lang='lat' dir='ltr'><strong>natura,</strong></span> <span class='ocrx_word' id='word_1_103' title='bbox 948 1527 1047 1582; x_wconf 87' lang='lat' dir='ltr'><strong>sed</strong></span> <span class='ocrx_word' id='word_1_104' title='bbox 1085 1525 1337 1580; x_wconf 90' lang='lat' dir='ltr'><strong>unitione</strong></span> <span class='ocrx_word' id='word_1_105' title='bbox 1366 1522 1461 1577; x_wconf 88' lang='lat' dir='ltr'><strong>Dei</strong></span> <span class='ocrx_word' id='word_1_106' title='bbox 1491 1522 1640 1576; x_wconf 91' lang='lat' dir='ltr'><strong>Deus</strong></span> <span class='ocrx_word' id='word_1_107' title='bbox 1664 1529 1772 1584; x_wconf 89' lang='lat' dir='ltr'><strong>est,</strong></span> 
     </span>
    </p>
   </div>
   <div class='ocr_carea' id='block_1_16' title="bbox 181 1611 1775 1690">
    <p class='ocr_par' dir='ltr' id='par_1_16' title="bbox 181 1611 1775 1690">
     <span class='ocr_line' id='line_1_16' title="bbox 181 1611 1775 1690; baseline -0.006 -16"><span class='ocrx_word' id='word_1_108' title='bbox 181 1621 307 1675; x_wconf 83' lang='lat' dir='ltr'><strong>audi</strong></span> <span class='ocrx_word' id='word_1_109' title='bbox 350 1621 584 1674; x_wconf 86' lang='lat' dir='ltr'><strong>beatum</strong></span> <span class='ocrx_word' id='word_1_110' title='bbox 611 1622 836 1674; x_wconf 86' lang='lat' dir='ltr'><strong>Petrum</strong></span> <span class='ocrx_word' id='word_1_111' title='bbox 865 1619 1177 1690; x_wconf 85' lang='lat' dir='ltr'><strong>apostolum</strong></span> <span class='ocrx_word' id='word_1_112' title='bbox 1203 1616 1487 1670; x_wconf 89' lang='lat' dir='ltr'><strong>dicentem</strong></span> <span class='ocrx_word' id='word_1_113' title='bbox 1531 1613 1598 1666; x_wconf 90' lang='lat' dir='ltr'><strong>ad</strong></span> <span class='ocrx_word' id='word_1_114' title='bbox 1634 1611 1775 1668; x_wconf 88' lang='lat' dir='ltr'><strong>Cor-</strong></span> 
     </span>
    </p>
   </div>
   <div class='ocr_carea' id='block_1_17' title="bbox 183 1705 1775 1782">
    <p class='ocr_par' dir='ltr' id='par_1_17' title="bbox 183 1705 1775 1782">
     <span class='ocr_line' id='line_1_17' title="bbox 183 1705 1775 1782; baseline -0.008 -14"><span class='ocrx_word' id='word_1_115' title='bbox 183 1714 422 1768; x_wconf 89' lang='lat' dir='ltr'><strong>nelium:</strong></span> <span class='ocrx_word' id='word_1_116' title='bbox 459 1713 706 1780; x_wconf 77' lang='lat' dir='ltr'><strong>Verbum,</strong></span> <span class='ocrx_word' id='word_1_117' title='bbox 733 1712 940 1782; x_wconf 87' lang='lat' dir='ltr'><strong>inquit,</strong></span> <span class='ocrx_word' id='word_1_118' title='bbox 978 1712 1118 1766; x_wconf 89' lang='lat' dir='ltr'><strong>misit</strong></span> <span class='ocrx_word' id='word_1_119' title='bbox 1154 1708 1282 1777; x_wconf 78' lang='lat' dir='ltr'><strong>ﬁliis</strong></span> <span class='ocrx_word' id='word_1_120' title='bbox 1331 1705 1523 1770; x_wconf 82' lang='lat' dir='ltr'><strong>Israel,</strong></span> <span class='ocrx_word' id='word_1_121' title='bbox 1555 1721 1775 1758; x_wconf 83' lang='lat' dir='ltr'><strong>annun-</strong></span> 
     </span>
    </p>
   </div>
   <div class='ocr_carea' id='block_1_18' title="bbox 185 1798 1775 1875">
    <p class='ocr_par' dir='ltr' id='par_1_18' title="bbox 185 1798 1775 1875">
     <span class='ocr_line' id='line_1_18' title="bbox 185 1798 1775 1875; baseline -0.005 -18"><span class='ocrx_word' id='word_1_122' title='bbox 185 1806 320 1858; x_wconf 85' lang='lat' dir='ltr'><strong>tians</strong></span> <span class='ocrx_word' id='word_1_123' title='bbox 344 1822 540 1874; x_wconf 84' lang='lat' dir='ltr'><strong>pacem</strong></span> <span class='ocrx_word' id='word_1_124' title='bbox 581 1821 674 1875; x_wconf 85' lang='lat' dir='ltr'><strong>per</strong></span> <span class='ocrx_word' id='word_1_125' title='bbox 721 1803 908 1858; x_wconf 73' lang='lat' dir='ltr'><strong>Iesum</strong></span> <span class='ocrx_word' id='word_1_126' title='bbox 944 1802 1238 1864; x_wconf 75' lang='lat' dir='ltr'><strong>Christum,</strong></span> <span class='ocrx_word' id='word_1_127' title='bbox 1281 1803 1361 1852; x_wconf 78' lang='lat' dir='ltr'><strong>hic</strong></span> <span class='ocrx_word' id='word_1_128' title='bbox 1412 1807 1488 1852; x_wconf 89' lang='lat' dir='ltr'><strong>est</strong></span> <span class='ocrx_word' id='word_1_129' title='bbox 1538 1798 1775 1851; x_wconf 88' lang='lat' dir='ltr'><strong>omnium</strong></span> 
     </span>
    </p>
   </div>
   <div class='ocr_carea' id='block_1_19' title="bbox 186 1890 1777 1964">
    <p class='ocr_par' dir='ltr' id='par_1_19' title="bbox 186 1890 1777 1964">
     <span class='ocr_line' id='line_1_19' title="bbox 186 1890 1777 1964; baseline -0.005 -16"><span class='ocrx_word' id='word_1_130' title='bbox 186 1894 463 1950; x_wconf 82' lang='lat' dir='ltr'><strong>Dominus.</strong></span> <span class='ocrx_word' id='word_1_131' title='bbox 536 1896 633 1950; x_wconf 70' lang='lat' dir='ltr'><strong>Vos</strong></span> <span class='ocrx_word' id='word_1_132' title='bbox 681 1897 826 1950; x_wconf 84' lang='lat' dir='ltr'><strong>scitis</strong></span> <span class='ocrx_word' id='word_1_133' title='bbox 851 1895 992 1964; x_wconf 86' lang='lat' dir='ltr'><strong>quod</strong></span> <span class='ocrx_word' id='word_1_134' title='bbox 1046 1893 1245 1962; x_wconf 78' lang='lat' dir='ltr'><strong>factum</strong></span> <span class='ocrx_word' id='word_1_135' title='bbox 1290 1901 1366 1945; x_wconf 83' lang='lat' dir='ltr'><strong>est</strong></span> <span class='ocrx_word' id='word_1_136' title='bbox 1417 1890 1641 1944; x_wconf 80' lang='lat' dir='ltr'><strong>Verbum</strong></span> <span class='ocrx_word' id='word_1_137' title='bbox 1682 1904 1777 1958; x_wconf 88' lang='lat' dir='ltr'><strong>per</strong></span> 
     </span>
    </p>
   </div>
   <div class='ocr_carea' id='block_1_20' title="bbox 185 1981 1778 2057">
    <p class='ocr_par' dir='ltr' id='par_1_20' title="bbox 185 1981 1778 2057">
     <span class='ocr_line' id='line_1_20' title="bbox 185 1981 1778 2057; baseline -0.004 -17"><span class='ocrx_word' id='word_1_138' title='bbox 185 1991 490 2042; x_wconf 72' lang='lat' dir='ltr'><strong>universam</strong></span> <span class='ocrx_word' id='word_1_139' title='bbox 519 1988 794 2055; x_wconf 69' lang='lat' dir='ltr'><strong>Judwam,</strong></span> <span class='ocrx_word' id='word_1_140' title='bbox 821 1988 1079 2057; x_wconf 74' lang='lat' dir='ltr'><strong>incipiens</strong></span> <span class='ocrx_word' id='word_1_141' title='bbox 1103 2004 1135 2040; x_wconf 89' lang='lat' dir='ltr'><strong>a</strong></span> <span class='ocrx_word' id='word_1_142' title='bbox 1166 1983 1396 2041; x_wconf 72' lang='lat' dir='ltr'><strong>Galilwa</strong></span> <span class='ocrx_word' id='word_1_143' title='bbox 1432 1991 1547 2052; x_wconf 90' lang='lat' dir='ltr'><strong>post</strong></span> <span class='ocrx_word' id='word_1_144' title='bbox 1599 1981 1778 2049; x_wconf 89' lang='lat' dir='ltr'><strong>bapti-</strong></span> 
     </span>
    </p>
   </div>
   <div class='ocr_carea' id='block_1_21' title="bbox 184 2074 1776 2152">
    <p class='ocr_par' dir='ltr' id='par_1_21' title="bbox 184 2074 1776 2152">
     <span class='ocr_line' id='line_1_21' title="bbox 184 2074 1776 2152; baseline -0.003 -18"><span class='ocrx_word' id='word_1_145' title='bbox 184 2097 352 2134; x_wconf 80' lang='lat' dir='ltr'><strong>smum</strong></span> <span class='ocrx_word' id='word_1_146' title='bbox 372 2084 523 2151; x_wconf 82' lang='lat' dir='ltr'><strong>quod</strong></span> <span class='ocrx_word' id='word_1_147' title='bbox 541 2082 851 2152; x_wconf 64' lang='lat' dir='ltr'><strong>praedicavit</strong></span> <span class='ocrx_word' id='word_1_148' title='bbox 884 2079 1140 2140; x_wconf 81' lang='lat' dir='ltr'><strong>Joannes,</strong></span> <span class='ocrx_word' id='word_1_149' title='bbox 1189 2077 1372 2131; x_wconf 81' lang='lat' dir='ltr'><strong>Jesum</strong></span> <span class='ocrx_word' id='word_1_150' title='bbox 1411 2094 1444 2128; x_wconf 93' lang='lat' dir='ltr'><strong>a</strong></span> <span class='ocrx_word' id='word_1_151' title='bbox 1486 2074 1776 2138; x_wconf 79' lang='lat' dir='ltr'><strong>Nazareth,</strong></span> 
     </span>
    </p>
   </div>
   <div class='ocr_carea' id='block_1_22' title="bbox 186 2164 1778 2238">
    <p class='ocr_par' dir='ltr' id='par_1_22' title="bbox 186 2164 1778 2238">
     <span class='ocr_line' id='line_1_22' title="bbox 186 2164 1778 2238; baseline -0.005 -15"><span class='ocrx_word' id='word_1_152' title='bbox 186 2171 445 2238; x_wconf 66' lang='lat' dir='ltr'><strong>quomodo</strong></span> <span class='ocrx_word' id='word_1_153' title='bbox 488 2171 646 2222; x_wconf 76' lang='lat' dir='ltr'><strong>unxit</strong></span> <span class='ocrx_word' id='word_1_154' title='bbox 688 2185 808 2222; x_wconf 86' lang='lat' dir='ltr'><strong>eum</strong></span> <span class='ocrx_word' id='word_1_155' title='bbox 858 2167 998 2221; x_wconf 83' lang='lat' dir='ltr'><strong>Deus</strong></span> <span class='ocrx_word' id='word_1_156' title='bbox 1041 2166 1246 2236; x_wconf 87' lang='lat' dir='ltr'><strong>Spiritu</strong></span> <span class='ocrx_word' id='word_1_157' title='bbox 1277 2173 1462 2217; x_wconf 81' lang='lat' dir='ltr'><strong>sancto</strong></span> <span class='ocrx_word' id='word_1_158' title='bbox 1487 2171 1536 2215; x_wconf 90' lang='lat' dir='ltr'><strong>et</strong></span> <span class='ocrx_word' id='word_1_159' title='bbox 1566 2164 1778 2225; x_wconf 78' lang='lat' dir='ltr'><strong>virtute,</strong></span> 
     </span>
    </p>
   </div>
   <div class='ocr_carea' id='block_1_23' title="bbox 186 2258 1782 2331">
    <p class='ocr_par' dir='ltr' id='par_1_23' title="bbox 186 2258 1782 2331">
     <span class='ocr_line' id='line_1_23' title="bbox 186 2258 1782 2331; baseline -0.005 -17"><span class='ocrx_word' id='word_1_160' title='bbox 186 2265 269 2331; x_wconf 77' lang='lat' dir='ltr'><strong>qui</strong></span> <span class='ocrx_word' id='word_1_161' title='bbox 294 2264 620 2331; x_wconf 80' lang='lat' dir='ltr'><strong>pertransiit</strong></span> <span class='ocrx_word' id='word_1_162' title='bbox 669 2260 1042 2330; x_wconf 81' lang='lat' dir='ltr'><strong>benefaciendo</strong></span> <span class='ocrx_word' id='word_1_163' title='bbox 1090 2267 1140 2311; x_wconf 83' lang='lat' dir='ltr'><strong>et</strong></span> <span class='ocrx_word' id='word_1_164' title='bbox 1183 2258 1428 2312; x_wconf 83' lang='lat' dir='ltr'><strong>sanando</strong></span> <span class='ocrx_word' id='word_1_165' title='bbox 1465 2270 1644 2308; x_wconf 84' lang='lat' dir='ltr'><strong>omnes</strong></span> <span class='ocrx_word' id='word_1_166' title='bbox 1689 2270 1782 2323; x_wconf 86' lang='lat' dir='ltr'><strong>op-</strong></span> 
     </span>
    </p>
   </div>
   <div class='ocr_carea' id='block_1_24' title="bbox 187 2345 1779 2424">
    <p class='ocr_par' dir='ltr' id='par_1_24' title="bbox 187 2345 1779 2424">
     <span class='ocr_line' id='line_1_24' title="bbox 187 2345 1779 2424; baseline -0.005 -19"><span class='ocrx_word' id='word_1_167' title='bbox 187 2371 390 2424; x_wconf 78' lang='lat' dir='ltr'><strong>pressos</strong></span> <span class='ocrx_word' id='word_1_168' title='bbox 415 2372 451 2407; x_wconf 89' lang='lat' dir='ltr'><strong>a</strong></span> <span class='ocrx_word' id='word_1_169' title='bbox 489 2353 726 2417; x_wconf 79' lang='lat' dir='ltr'><strong>diabolo,</strong></span> <span class='ocrx_word' id='word_1_170' title='bbox 776 2351 1030 2423; x_wconf 86' lang='lat' dir='ltr'><strong>quoniam</strong></span> <span class='ocrx_word' id='word_1_171' title='bbox 1060 2350 1199 2404; x_wconf 82' lang='lat' dir='ltr'><strong>Deus</strong></span> <span class='ocrx_word' id='word_1_172' title='bbox 1232 2358 1348 2402; x_wconf 84' lang='lat' dir='ltr'><strong>erat</strong></span> <span class='ocrx_word' id='word_1_173' title='bbox 1401 2363 1521 2400; x_wconf 85' lang='lat' dir='ltr'><strong>cum</strong></span> <span class='ocrx_word' id='word_1_174' title='bbox 1566 2345 1659 2398; x_wconf 81' lang='lat' dir='ltr'><strong>illo</strong></span> <span class='ocrx_word' id='word_1_175' title='bbox 1714 2345 1779 2397; x_wconf 78' lang='grc'><strong>⁶⁹.</strong></span> 
     </span>
    </p>
   </div>
   <div class='ocr_carea' id='block_1_25' title="bbox 185 2437 1780 2505">
    <p class='ocr_par' dir='ltr' id='par_1_25' title="bbox 185 2437 1780 2505">
     <span class='ocr_line' id='line_1_25' title="bbox 185 2437 1780 2505; baseline -0.005 -8"><span class='ocrx_word' id='word_1_176' title='bbox 185 2441 312 2498; x_wconf 89' lang='lat' dir='ltr'><strong>Sine</strong></span> <span class='ocrx_word' id='word_1_177' title='bbox 337 2442 524 2496; x_wconf 88' lang='lat' dir='ltr'><strong>dubio</strong></span> <span class='ocrx_word' id='word_1_178' title='bbox 561 2458 676 2496; x_wconf 87' lang='lat' dir='ltr'><strong>non</strong></span> <span class='ocrx_word' id='word_1_179' title='bbox 690 2457 818 2497; x_wconf 89' lang='lat' dir='ltr'><strong>cum</strong></span> <span class='ocrx_word' id='word_1_180' title='bbox 855 2441 989 2505; x_wconf 91' lang='lat' dir='ltr'><strong>Deo,</strong></span> <span class='ocrx_word' id='word_1_181' title='bbox 1011 2439 1109 2495; x_wconf 90' lang='lat' dir='ltr'><strong>sed</strong></span> <span class='ocrx_word' id='word_1_182' title='bbox 1136 2454 1263 2493; x_wconf 87' lang='lat' dir='ltr'><strong>cum</strong></span> <span class='ocrx_word' id='word_1_183' title='bbox 1286 2437 1415 2493; x_wconf 84' lang='lat' dir='ltr'><strong>Jesu</strong></span> <span class='ocrx_word' id='word_1_184' title='bbox 1454 2454 1483 2490; x_wconf 90' lang='lat' dir='ltr'><strong>a</strong></span> <span class='ocrx_word' id='word_1_185' title='bbox 1507 2437 1780 2491; x_wconf 61' lang='lat' dir='ltr'><strong>Nazanth</strong></span> 
     </span>
    </p>
   </div>
   <div class='ocr_carea' id='block_1_26' title="bbox 185 2532 1782 2604">
    <p class='ocr_par' dir='ltr' id='par_1_26' title="bbox 185 2532 1782 2604">
     <span class='ocr_line' id='line_1_26' title="bbox 185 2532 1782 2604; baseline -0.004 -16"><span class='ocrx_word' id='word_1_186' title='bbox 185 2545 354 2589; x_wconf 85' lang='lat' dir='ltr'><strong>uncto</strong></span> <span class='ocrx_word' id='word_1_187' title='bbox 391 2545 450 2589; x_wconf 91' lang='lat' dir='ltr'><strong>et</strong></span> <span class='ocrx_word' id='word_1_188' title='bbox 498 2534 718 2604; x_wconf 83' lang='lat' dir='ltr'><strong>Spiritu</strong></span> <span class='ocrx_word' id='word_1_189' title='bbox 760 2542 976 2597; x_wconf 85' lang='lat' dir='ltr'><strong>sancto,</strong></span> <span class='ocrx_word' id='word_1_190' title='bbox 1010 2541 1066 2588; x_wconf 90' lang='lat' dir='ltr'><strong>et</strong></span> <span class='ocrx_word' id='word_1_191' title='bbox 1115 2533 1321 2586; x_wconf 77' lang='lat' dir='ltr'><strong>virtute</strong></span> <span class='ocrx_word' id='word_1_192' title='bbox 1361 2532 1506 2584; x_wconf 86' lang='lat' dir='ltr'><strong>Deus</strong></span> <span class='ocrx_word' id='word_1_193' title='bbox 1528 2544 1652 2584; x_wconf 89' lang='lat' dir='ltr'><strong>esse</strong></span> <span class='ocrx_word' id='word_1_194' title='bbox 1685 2544 1782 2582; x_wconf 91' lang='lat' dir='ltr'><strong>co-</strong></span> 
     </span>
    </p>
   </div>
   <div class='ocr_carea' id='block_1_27' title="bbox 186 2623 1785 2699">
    <p class='ocr_par' dir='ltr' id='par_1_27' title="bbox 186 2623 1785 2699">
     <span class='ocr_line' id='line_1_27' title="bbox 186 2623 1785 2699; baseline -0.006 -16"><span class='ocrx_word' id='word_1_195' title='bbox 186 2630 500 2699; x_wconf 84' lang='lat' dir='ltr'><strong>gnoscitur.</strong></span> <span class='ocrx_word' id='word_1_196' title='bbox 530 2629 669 2682; x_wconf 87' lang='lat' dir='ltr'><strong>Nam</strong></span> <span class='ocrx_word' id='word_1_197' title='bbox 691 2627 973 2698; x_wconf 89' lang='lat' dir='ltr'><strong>quomodo</strong></span> <span class='ocrx_word' id='word_1_198' title='bbox 1003 2641 1114 2680; x_wconf 91' lang='lat' dir='ltr'><strong>non</strong></span> <span class='ocrx_word' id='word_1_199' title='bbox 1152 2632 1240 2680; x_wconf 91' lang='lat' dir='ltr'><strong>est</strong></span> <span class='ocrx_word' id='word_1_200' title='bbox 1282 2623 1514 2690; x_wconf 89' lang='lat' dir='ltr'><strong>impium</strong></span> <span class='ocrx_word' id='word_1_201' title='bbox 1554 2630 1785 2675; x_wconf 90' lang='lat' dir='ltr'><strong>unctum</strong></span> 
     </span>
    </p>
   </div>
   <div class='ocr_carea' id='block_1_28' title="bbox 188 2710 1788 2780">
    <p class='ocr_par' dir='ltr' id='par_1_28' title="bbox 188 2710 1788 2780">
     <span class='ocr_line' id='line_1_28' title="bbox 188 2710 1788 2780; baseline -0.005 -9"><span class='ocrx_word' id='word_1_202' title='bbox 188 2717 417 2771; x_wconf 84' lang='lat' dir='ltr'><strong>credere</strong></span> <span class='ocrx_word' id='word_1_203' title='bbox 453 2728 663 2770; x_wconf 85' lang='lat' dir='ltr'><strong>natura</strong></span> <span class='ocrx_word' id='word_1_204' title='bbox 731 2717 930 2780; x_wconf 90' lang='lat' dir='ltr'><strong>Deum,</strong></span> <span class='ocrx_word' id='word_1_205' title='bbox 957 2715 1048 2770; x_wconf 91' lang='lat' dir='ltr'><strong>cui</strong></span> <span class='ocrx_word' id='word_1_206' title='bbox 1101 2714 1222 2769; x_wconf 87' lang='lat' dir='ltr'><strong>sine</strong></span> <span class='ocrx_word' id='word_1_207' title='bbox 1254 2713 1429 2768; x_wconf 91' lang='lat' dir='ltr'><strong>dubio</strong></span> <span class='ocrx_word' id='word_1_208' title='bbox 1460 2711 1610 2764; x_wconf 89' lang='lat' dir='ltr'><strong>nulla</strong></span> <span class='ocrx_word' id='word_1_209' title='bbox 1644 2710 1788 2764; x_wconf 88' lang='lat' dir='ltr'><strong>valet</strong></span> 
     </span>
    </p>
   </div>
   <div class='ocr_carea' id='block_1_29' title="bbox 189 2797 1786 2884">
    <p class='ocr_par' dir='ltr' id='par_1_29' title="bbox 189 2797 1786 2884">
     <span class='ocr_line' id='line_1_29' title="bbox 189 2797 1786 2884; baseline -0.004 -23"><span class='ocrx_word' id='word_1_210' title='bbox 189 2821 392 2863; x_wconf 86' lang='lat' dir='ltr'><strong>natura</strong></span> <span class='ocrx_word' id='word_1_211' title='bbox 423 2808 739 2863; x_wconf 86' lang='lat' dir='ltr'><strong>resistere?</strong></span> <span class='ocrx_word' id='word_1_212' title='bbox 769 2806 868 2862; x_wconf 90' lang='lat' dir='ltr'><strong>sed</strong></span> <span class='ocrx_word' id='word_1_213' title='bbox 894 2807 988 2862; x_wconf 91' lang='lat' dir='ltr'><strong>ille</strong></span> <span class='ocrx_word' id='word_1_214' title='bbox 1010 2797 1260 2884; x_wconf 63' lang='lat' dir='ltr'><strong>ungitur,</strong></span> <span class='ocrx_word' id='word_1_215' title='bbox 1291 2804 1389 2874; x_wconf 91' lang='lat' dir='ltr'><strong>qui</strong></span> <span class='ocrx_word' id='word_1_216' title='bbox 1423 2810 1547 2857; x_wconf 88' lang='lat' dir='ltr'><strong>erat</strong></span> <span class='ocrx_word' id='word_1_217' title='bbox 1569 2801 1786 2872; x_wconf 71' lang='lat' dir='ltr'><strong>przelia-</strong></span> 
     </span>
    </p>
   </div>
   <div class='ocr_carea' id='block_1_30' title="bbox 191 2896 921 2951">
    <p class='ocr_par' dir='ltr' id='par_1_30' title="bbox 191 2896 921 2951">
     <span class='ocr_line' id='line_1_30' title="bbox 191 2896 921 2951; baseline 0.001 -2"><span class='ocrx_word' id='word_1_218' title='bbox 191 2906 349 2950; x_wconf 90' lang='lat' dir='ltr'><strong>turus</strong></span> <span class='ocrx_word' id='word_1_219' title='bbox 374 2905 579 2950; x_wconf 88' lang='lat' dir='ltr'><strong>contra</strong></span> <span class='ocrx_word' id='word_1_220' title='bbox 612 2896 921 2951; x_wconf 85' lang='lat' dir='ltr'><strong>diabolum.</strong></span> 
     </span>
    </p>
   </div>
   <div class='ocr_carea' id='block_1_31' title="bbox 256 2985 1788 3076">
    <p class='ocr_par' dir='ltr' id='par_1_31' title="bbox 256 2985 1788 3076">
     <span class='ocr_line' id='line_1_31' title="bbox 256 2985 1788 3076; baseline -0.003 -32"><span class='ocrx_word' id='word_1_221' title='bbox 256 2986 319 3044; x_wconf 89' lang='lat' dir='ltr'><strong>C.</strong></span> <span class='ocrx_word' id='word_1_222' title='bbox 375 2989 625 3043; x_wconf 80' lang='lat' dir='ltr'><strong>Versata</strong></span> <span class='ocrx_word' id='word_1_223' title='bbox 678 2989 906 3058; x_wconf 88' lang='lat' dir='ltr'><strong>quidem</strong></span> <span class='ocrx_word' id='word_1_224' title='bbox 954 2987 1150 3076; x_wconf 56' lang='lat' dir='ltr'><strong>fraude</strong></span> <span class='ocrx_word' id='word_1_225' title='bbox 1209 2986 1640 3058; x_wconf 77' lang='lat' dir='ltr'><strong>argumentaris,</strong></span> <span class='ocrx_word' id='word_1_226' title='bbox 1687 2985 1788 3041; x_wconf 89' lang='lat' dir='ltr'><strong>sed</strong></span> 
     </span>
    </p>
   </div>
   <div class='ocr_carea' id='block_1_32' title="bbox 193 3079 1789 3152">
    <p class='ocr_par' dir='ltr' id='par_1_32' title="bbox 193 3079 1789 3152">
     <span class='ocr_line' id='line_1_32' title="bbox 193 3079 1789 3152; baseline 0 -18"><span class='ocrx_word' id='word_1_227' title='bbox 193 3081 520 3136; x_wconf 86' lang='lat' dir='ltr'><strong>nullatenus</strong></span> <span class='ocrx_word' id='word_1_228' title='bbox 548 3099 579 3136; x_wconf 88' lang='lat' dir='ltr'><strong>a</strong></span> <span class='ocrx_word' id='word_1_229' title='bbox 615 3082 854 3135; x_wconf 88' lang='lat' dir='ltr'><strong>duorum</strong></span> <span class='ocrx_word' id='word_1_230' title='bbox 890 3081 1131 3136; x_wconf 91' lang='lat' dir='ltr'><strong>ﬁliorum</strong></span> <span class='ocrx_word' id='word_1_231' title='bbox 1184 3081 1579 3152; x_wconf 68' lang='lat' dir='ltr'><strong>praedicatione</strong></span> <span class='ocrx_word' id='word_1_232' title='bbox 1603 3079 1789 3135; x_wconf 87' lang='lat' dir='ltr'><strong>disce-</strong></span> 
     </span>
    </p>
   </div>
   <div class='ocr_carea' id='block_1_33' title="bbox 1867 597 3450 678">
    <p class='ocr_par' dir='ltr' id='par_1_33' title="bbox 1867 597 3450 678">
     <span class='ocr_line' id='line_1_33' title="bbox 1867 597 3450 678; baseline -0.006 -17"><span class='ocrx_word' id='word_1_233' title='bbox 1867 609 2192 678; x_wconf 88' lang='lat' dir='ltr'><strong>parabiliter</strong></span> <span class='ocrx_word' id='word_1_234' title='bbox 2261 607 2744 661; x_wconf 85' lang='lat' dir='ltr'><strong>excellentiorem.</strong></span> <span class='ocrx_word' id='word_1_235' title='bbox 2793 600 2933 666; x_wconf 89' lang='lat' dir='ltr'><strong>Quia</strong></span> <span class='ocrx_word' id='word_1_236' title='bbox 2979 599 3234 667; x_wconf 85' lang='lat' dir='ltr'><strong>quamvis</strong></span> <span class='ocrx_word' id='word_1_237' title='bbox 3273 597 3450 652; x_wconf 78' lang='lat' dir='ltr'><strong>fuerit</strong></span> 
     </span>
    </p>
   </div>
   <div class='ocr_carea' id='block_1_34' title="bbox 1867 688 3447 763">
    <p class='ocr_par' dir='ltr' id='par_1_34' title="bbox 1867 688 3447 763">
     <span class='ocr_line' id='line_1_34' title="bbox 1867 688 3447 763; baseline -0.006 -10"><span class='ocrx_word' id='word_1_238' title='bbox 1867 701 2014 753; x_wconf 88' lang='lat' dir='ltr'><strong>Deus</strong></span> <span class='ocrx_word' id='word_1_239' title='bbox 2041 715 2166 753; x_wconf 91' lang='lat' dir='ltr'><strong>cum</strong></span> <span class='ocrx_word' id='word_1_240' title='bbox 2198 700 2330 763; x_wconf 90' lang='lat' dir='ltr'><strong>illis,</strong></span> <span class='ocrx_word' id='word_1_241' title='bbox 2375 713 2488 753; x_wconf 92' lang='lat' dir='ltr'><strong>non</strong></span> <span class='ocrx_word' id='word_1_242' title='bbox 2544 707 2725 751; x_wconf 90' lang='lat' dir='ltr'><strong>tamen</strong></span> <span class='ocrx_word' id='word_1_243' title='bbox 2753 694 2877 748; x_wconf 86' lang='lat' dir='ltr'><strong>sine</strong></span> <span class='ocrx_word' id='word_1_244' title='bbox 2921 691 3028 745; x_wconf 91' lang='lat' dir='ltr'><strong>viri</strong></span> <span class='ocrx_word' id='word_1_245' title='bbox 3075 689 3314 749; x_wconf 87' lang='lat' dir='ltr'><strong>semine,</strong></span> <span class='ocrx_word' id='word_1_246' title='bbox 3349 688 3447 744; x_wconf 88' lang='lat' dir='ltr'><strong>sed</strong></span> 
     </span>
    </p>
   </div>
   <div class='ocr_carea' id='block_1_35' title="bbox 1867 779 3450 860">
    <p class='ocr_par' dir='ltr' id='par_1_35' title="bbox 1867 779 3450 860">
     <span class='ocr_line' id='line_1_35' title="bbox 1867 779 3450 860; baseline -0.01 -13"><span class='ocrx_word' id='word_1_247' title='bbox 1867 794 1982 846; x_wconf 89' lang='lat' dir='ltr'><strong>nati</strong></span> <span class='ocrx_word' id='word_1_248' title='bbox 2011 803 2142 846; x_wconf 89' lang='lat' dir='ltr'><strong>sunt</strong></span> <span class='ocrx_word' id='word_1_249' title='bbox 2197 792 2314 860; x_wconf 84' lang='lat' dir='ltr'><strong>lege</strong></span> <span class='ocrx_word' id='word_1_250' title='bbox 2373 799 2606 843; x_wconf 72' lang='lat' dir='ltr'><strong>naturai.</strong></span> <span class='ocrx_word' id='word_1_251' title='bbox 2649 786 2908 840; x_wconf 87' lang='lat' dir='ltr'><strong>Christus</strong></span> <span class='ocrx_word' id='word_1_252' title='bbox 2961 790 3148 836; x_wconf 84' lang='lat' dir='ltr'><strong>autem</strong></span> <span class='ocrx_word' id='word_1_253' title='bbox 3179 779 3450 833; x_wconf 88' lang='lat' dir='ltr'><strong>Dominus</strong></span> 
     </span>
    </p>
   </div>
   <div class='ocr_carea' id='block_1_36' title="bbox 1870 868 3452 944">
    <p class='ocr_par' dir='ltr' id='par_1_36' title="bbox 1870 868 3452 944">
     <span class='ocr_line' id='line_1_36' title="bbox 1870 868 3452 944; baseline -0.009 -7"><span class='ocrx_word' id='word_1_254' title='bbox 1870 899 2017 937; x_wconf 91' lang='lat' dir='ltr'><strong>novo</strong></span> <span class='ocrx_word' id='word_1_255' title='bbox 2066 882 2378 936; x_wconf 86' lang='lat' dir='ltr'><strong>nativitatis</strong></span> <span class='ocrx_word' id='word_1_256' title='bbox 2418 880 2584 933; x_wconf 90' lang='lat' dir='ltr'><strong>modo</strong></span> <span class='ocrx_word' id='word_1_257' title='bbox 2615 893 2684 931; x_wconf 84' lang='lat' dir='ltr'><strong>ex</strong></span> <span class='ocrx_word' id='word_1_258' title='bbox 2715 876 2929 944; x_wconf 85' lang='lat' dir='ltr'><strong>Spiritu</strong></span> <span class='ocrx_word' id='word_1_259' title='bbox 2962 881 3156 927; x_wconf 88' lang='lat' dir='ltr'><strong>sancto</strong></span> <span class='ocrx_word' id='word_1_260' title='bbox 3193 877 3252 924; x_wconf 90' lang='lat' dir='ltr'><strong>et</strong></span> <span class='ocrx_word' id='word_1_261' title='bbox 3281 868 3452 923; x_wconf 81' lang='lat' dir='ltr'><strong>Maria</strong></span> 
     </span>
    </p>
   </div>
   <div class='ocr_carea' id='block_1_37' title="bbox 1869 957 3453 1044">
    <p class='ocr_par' dir='ltr' id='par_1_37' title="bbox 1869 957 3453 1044">
     <span class='ocr_line' id='line_1_37' title="bbox 1869 957 3453 1044; baseline -0.012 -15"><span class='ocrx_word' id='word_1_262' title='bbox 1869 975 2096 1044; x_wconf 78' lang='lat' dir='ltr'><strong>Virgine</strong></span> <span class='ocrx_word' id='word_1_263' title='bbox 2153 983 2318 1026; x_wconf 89' lang='lat' dir='ltr'><strong>natus</strong></span> <span class='ocrx_word' id='word_1_264' title='bbox 2343 981 2450 1032; x_wconf 90' lang='lat' dir='ltr'><strong>est,</strong></span> <span class='ocrx_word' id='word_1_265' title='bbox 2493 981 2660 1038; x_wconf 88' lang='lat' dir='ltr'><strong>atque</strong></span> <span class='ocrx_word' id='word_1_266' title='bbox 2710 968 2767 1021; x_wconf 92' lang='lat' dir='ltr'><strong>in</strong></span> <span class='ocrx_word' id='word_1_267' title='bbox 2816 965 2936 1034; x_wconf 91' lang='lat' dir='ltr'><strong>ipsa</strong></span> <span class='ocrx_word' id='word_1_268' title='bbox 2977 974 3210 1032; x_wconf 87' lang='lat' dir='ltr'><strong>prorsus</strong></span> <span class='ocrx_word' id='word_1_269' title='bbox 3244 957 3453 1013; x_wconf 80' lang='lat' dir='ltr'><strong>forma-</strong></span> 
     </span>
    </p>
   </div>
   <div class='ocr_carea' id='block_1_38' title="bbox 1873 1063 2668 1121">
    <p class='ocr_par' dir='ltr' id='par_1_38' title="bbox 1873 1063 2668 1121">
     <span class='ocr_line' id='line_1_38' title="bbox 1873 1063 2668 1121; baseline -0.008 -1"><span class='ocrx_word' id='word_1_270' title='bbox 1873 1068 2021 1121; x_wconf 88' lang='lat' dir='ltr'><strong>tione</strong></span> <span class='ocrx_word' id='word_1_271' title='bbox 2049 1065 2312 1120; x_wconf 82' lang='lat' dir='ltr'><strong>Christus</strong></span> <span class='ocrx_word' id='word_1_272' title='bbox 2342 1072 2428 1116; x_wconf 88' lang='lat' dir='ltr'><strong>est</strong></span> <span class='ocrx_word' id='word_1_273' title='bbox 2468 1063 2668 1115; x_wconf 81' lang='lat' dir='ltr'><strong>factus.</strong></span> 
     </span>
    </p>
   </div>
   <div class='ocr_carea' id='block_1_39' title="bbox 1941 1143 3452 1220">
    <p class='ocr_par' dir='ltr' id='par_1_39' title="bbox 1941 1143 3452 1220">
     <span class='ocr_line' id='line_1_39' title="bbox 1941 1143 3452 1220; baseline -0.009 -10"><span class='ocrx_word' id='word_1_274' title='bbox 1941 1157 2001 1210; x_wconf 91' lang='lat' dir='ltr'><strong>C.</strong></span> <span class='ocrx_word' id='word_1_275' title='bbox 2035 1155 2092 1210; x_wconf 90' lang='lat' dir='ltr'><strong>Si</strong></span> <span class='ocrx_word' id='word_1_276' title='bbox 2130 1172 2239 1210; x_wconf 89' lang='lat' dir='ltr'><strong>non</strong></span> <span class='ocrx_word' id='word_1_277' title='bbox 2273 1166 2362 1209; x_wconf 90' lang='lat' dir='ltr'><strong>est</strong></span> <span class='ocrx_word' id='word_1_278' title='bbox 2383 1153 2644 1208; x_wconf 82' lang='lat' dir='ltr'><strong>Christus</strong></span> <span class='ocrx_word' id='word_1_279' title='bbox 2675 1149 2907 1220; x_wconf 68' lang='lat' dir='ltr'><strong>aequalis</strong></span> <span class='ocrx_word' id='word_1_280' title='bbox 2929 1161 3112 1216; x_wconf 87' lang='lat' dir='ltr'><strong>neque</strong></span> <span class='ocrx_word' id='word_1_281' title='bbox 3133 1143 3452 1216; x_wconf 85' lang='lat' dir='ltr'><strong>prophetis,</strong></span> 
     </span>
    </p>
   </div>
   <div class='ocr_carea' id='block_1_40' title="bbox 1873 1237 3458 1318">
    <p class='ocr_par' dir='ltr' id='par_1_40' title="bbox 1873 1237 3458 1318">
     <span class='ocr_line' id='line_1_40' title="bbox 1873 1237 3458 1318; baseline -0.011 -14"><span class='ocrx_word' id='word_1_282' title='bbox 1873 1260 1969 1304; x_wconf 91' lang='lat' dir='ltr'><strong>aut</strong></span> <span class='ocrx_word' id='word_1_283' title='bbox 2022 1249 2250 1318; x_wconf 83' lang='lat' dir='ltr'><strong>Joseph,</strong></span> <span class='ocrx_word' id='word_1_284' title='bbox 2294 1255 2390 1301; x_wconf 91' lang='lat' dir='ltr'><strong>aut</strong></span> <span class='ocrx_word' id='word_1_285' title='bbox 2433 1245 2667 1301; x_wconf 88' lang='lat' dir='ltr'><strong>cuilibet</strong></span> <span class='ocrx_word' id='word_1_286' title='bbox 2718 1249 3085 1303; x_wconf 88' lang='lat' dir='ltr'><strong>sanctorum,</strong></span> <span class='ocrx_word' id='word_1_287' title='bbox 3134 1237 3243 1292; x_wconf 88' lang='lat' dir='ltr'><strong>erit</strong></span> <span class='ocrx_word' id='word_1_288' title='bbox 3303 1241 3458 1290; x_wconf 84' lang='lat' dir='ltr'><strong>certe</strong></span> 
     </span>
    </p>
   </div>
   <div class='ocr_carea' id='block_1_41' title="bbox 1869 1325 3454 1414">
    <p class='ocr_par' dir='ltr' id='par_1_41' title="bbox 1869 1325 3454 1414">
     <span class='ocr_line' id='line_1_41' title="bbox 1869 1325 3454 1414; baseline -0.012 -16"><span class='ocrx_word' id='word_1_289' title='bbox 1869 1345 2024 1414; x_wconf 83' lang='lat' dir='ltr'><strong>juxta</strong></span> <span class='ocrx_word' id='word_1_290' title='bbox 2063 1356 2165 1395; x_wconf 89' lang='lat' dir='ltr'><strong>nos</strong></span> <span class='ocrx_word' id='word_1_291' title='bbox 2208 1339 2441 1409; x_wconf 68' lang='lat' dir='ltr'><strong>aequalis</strong></span> <span class='ocrx_word' id='word_1_292' title='bbox 2468 1336 2671 1392; x_wconf 80' lang='lat' dir='ltr'><strong>Joanni</strong></span> <span class='ocrx_word' id='word_1_293' title='bbox 2728 1333 2991 1402; x_wconf 75' lang='lat' dir='ltr'><strong>Baptista:</strong></span> <span class='ocrx_word' id='word_1_294' title='bbox 3039 1330 3125 1384; x_wconf 89' lang='lat' dir='ltr'><strong>vel</strong></span> <span class='ocrx_word' id='word_1_295' title='bbox 3177 1325 3454 1390; x_wconf 63' lang='lat' dir='ltr'><strong>Jeremiae,</strong></span> 
     </span>
    </p>
   </div>
   <div class='ocr_carea' id='block_1_42' title="bbox 1875 1419 3461 1503">
    <p class='ocr_par' dir='ltr' id='par_1_42' title="bbox 1875 1419 3461 1503">
     <span class='ocr_line' id='line_1_42' title="bbox 1875 1419 3461 1503; baseline -0.009 -14"><span class='ocrx_word' id='word_1_296' title='bbox 1875 1435 1970 1503; x_wconf 90' lang='lat' dir='ltr'><strong>qui</strong></span> <span class='ocrx_word' id='word_1_297' title='bbox 2024 1435 2079 1488; x_wconf 91' lang='lat' dir='ltr'><strong>in</strong></span> <span class='ocrx_word' id='word_1_298' title='bbox 2139 1434 2255 1503; x_wconf 86' lang='lat' dir='ltr'><strong>ipsa</strong></span> <span class='ocrx_word' id='word_1_299' title='bbox 2311 1429 2647 1485; x_wconf 83' lang='lat' dir='ltr'><strong>formatione</strong></span> <span class='ocrx_word' id='word_1_300' title='bbox 2705 1421 3036 1480; x_wconf 85' lang='lat' dir='ltr'><strong>sanctiﬁcati</strong></span> <span class='ocrx_word' id='word_1_301' title='bbox 3096 1430 3250 1484; x_wconf 87' lang='lat' dir='ltr'><strong>sunt,</strong></span> <span class='ocrx_word' id='word_1_302' title='bbox 3311 1419 3461 1474; x_wconf 81' lang='lat' dir='ltr'><strong>sicut</strong></span> 
     </span>
    </p>
   </div>
   <div class='ocr_carea' id='block_1_43' title="bbox 1877 1514 3468 1587">
    <p class='ocr_par' dir='ltr' id='par_1_43' title="bbox 1877 1514 3468 1587">
     <span class='ocr_line' id='line_1_43' title="bbox 1877 1514 3468 1587; baseline -0.011 -4"><span class='ocrx_word' id='word_1_303' title='bbox 1877 1527 2013 1582; x_wconf 85' lang='lat' dir='ltr'><strong>dicit</strong></span> <span class='ocrx_word' id='word_1_304' title='bbox 2033 1527 2180 1582; x_wconf 90' lang='lat' dir='ltr'><strong>Deus</strong></span> <span class='ocrx_word' id='word_1_305' title='bbox 2210 1525 2277 1580; x_wconf 93' lang='lat' dir='ltr'><strong>ad</strong></span> <span class='ocrx_word' id='word_1_306' title='bbox 2312 1523 2608 1580; x_wconf 81' lang='lat' dir='ltr'><strong>Jeremiam</strong></span> <span class='ocrx_word' id='word_1_307' title='bbox 2655 1536 2670 1573; x_wconf 74' lang='grc' dir='ltr'><strong><em>τ</em></strong></span> <span class='ocrx_word' id='word_1_308' title='bbox 2705 1518 3029 1587; x_wconf 76' lang='lat' dir='ltr'><strong>Priusquam</strong></span> <span class='ocrx_word' id='word_1_309' title='bbox 3087 1523 3137 1568; x_wconf 84' lang='lat' dir='ltr'><strong>te</strong></span> <span class='ocrx_word' id='word_1_310' title='bbox 3170 1514 3468 1584; x_wconf 79' lang='lat' dir='ltr'><strong>formarem</strong></span> 
     </span>
    </p>
   </div>
   <div class='ocr_carea' id='block_1_44' title="bbox 1876 1601 3458 1683">
    <p class='ocr_par' dir='ltr' id='par_1_44' title="bbox 1876 1601 3458 1683">
     <span class='ocr_line' id='line_1_44' title="bbox 1876 1601 3458 1683; baseline -0.011 -7"><span class='ocrx_word' id='word_1_311' title='bbox 1876 1624 1933 1675; x_wconf 89' lang='lat' dir='ltr'><strong>in</strong></span> <span class='ocrx_word' id='word_1_312' title='bbox 1989 1631 2139 1675; x_wconf 86' lang='lat' dir='ltr'><strong>utero</strong></span> <span class='ocrx_word' id='word_1_313' title='bbox 2184 1619 2302 1672; x_wconf 87' lang='lat' dir='ltr'><strong>novi</strong></span> <span class='ocrx_word' id='word_1_314' title='bbox 2348 1627 2436 1680; x_wconf 84' lang='lat' dir='ltr'><strong>te,</strong></span> <span class='ocrx_word' id='word_1_315' title='bbox 2479 1624 2528 1669; x_wconf 87' lang='lat' dir='ltr'><strong>et</strong></span> <span class='ocrx_word' id='word_1_316' title='bbox 2566 1614 2883 1683; x_wconf 79' lang='lat' dir='ltr'><strong>priusquam</strong></span> <span class='ocrx_word' id='word_1_317' title='bbox 2944 1608 3113 1662; x_wconf 68' lang='lat' dir='ltr'><strong>eaires</strong></span> <span class='ocrx_word' id='word_1_318' title='bbox 3179 1605 3246 1658; x_wconf 77' lang='lat' dir='ltr'><strong>de</strong></span> <span class='ocrx_word' id='word_1_319' title='bbox 3298 1601 3458 1658; x_wconf 66' lang='lat' dir='ltr'><strong>uulsa</strong></span> 
     </span>
    </p>
   </div>
   <div class='ocr_carea' id='block_1_45' title="bbox 1875 1710 2413 1780">
    <p class='ocr_par' dir='ltr' id='par_1_45' title="bbox 1875 1710 2413 1780">
     <span class='ocr_line' id='line_1_45' title="bbox 1875 1710 2413 1780; baseline -0.019 -12"><span class='ocrx_word' id='word_1_320' title='bbox 1875 1711 2205 1780; x_wconf 76' lang='lat' dir='ltr'><strong>sanctificavi</strong></span> <span class='ocrx_word' id='word_1_321' title='bbox 2246 1718 2296 1761; x_wconf 88' lang='lat' dir='ltr'><strong>te</strong></span> <span class='ocrx_word' id='word_1_322' title='bbox 2327 1710 2413 1758; x_wconf 71' lang='grc' dir='ltr'><strong>η’.</strong></span> 
     </span>
    </p>
   </div>
   <div class='ocr_carea' id='block_1_46' title="bbox 1947 1786 3463 1866">
    <p class='ocr_par' dir='ltr' id='par_1_46' title="bbox 1947 1786 3463 1866">
     <span class='ocr_line' id='line_1_46' title="bbox 1947 1786 3463 1866; baseline -0.013 -6"><span class='ocrx_word' id='word_1_323' title='bbox 1947 1803 2015 1860; x_wconf 87' lang='grc' dir='ltr'><strong>Ν.</strong></span> <span class='ocrx_word' id='word_1_324' title='bbox 2050 1802 2171 1859; x_wconf 86' lang='grc' dir='ltr'><strong>Νοη</strong></span> <span class='ocrx_word' id='word_1_325' title='bbox 2188 1812 2272 1856; x_wconf 91' lang='lat' dir='ltr'><strong>est</strong></span> <span class='ocrx_word' id='word_1_326' title='bbox 2295 1799 2554 1854; x_wconf 88' lang='lat' dir='ltr'><strong>Christus</strong></span> <span class='ocrx_word' id='word_1_327' title='bbox 2574 1795 2806 1866; x_wconf 66' lang='lat' dir='ltr'><strong>aequalis</strong></span> <span class='ocrx_word' id='word_1_328' title='bbox 2831 1794 2887 1848; x_wconf 90' lang='lat' dir='ltr'><strong>in</strong></span> <span class='ocrx_word' id='word_1_329' title='bbox 2919 1790 3083 1846; x_wconf 81' lang='lat' dir='ltr'><strong>vulva</strong></span> <span class='ocrx_word' id='word_1_330' title='bbox 3142 1786 3463 1852; x_wconf 72' lang='lat' dir='ltr'><strong>sanctiﬁca-</strong></span> 
     </span>
    </p>
   </div>
   <div class='ocr_carea' id='block_1_47' title="bbox 1881 1880 3466 1966">
    <p class='ocr_par' dir='ltr' id='par_1_47' title="bbox 1881 1880 3466 1966">
     <span class='ocr_line' id='line_1_47' title="bbox 1881 1880 3466 1966; baseline -0.011 -12"><span class='ocrx_word' id='word_1_331' title='bbox 1881 1897 1974 1963; x_wconf 91' lang='lat' dir='ltr'><strong>tis,</strong></span> <span class='ocrx_word' id='word_1_332' title='bbox 2018 1899 2147 1966; x_wconf 86' lang='lat' dir='ltr'><strong>quia</strong></span> <span class='ocrx_word' id='word_1_333' title='bbox 2179 1894 2269 1949; x_wconf 91' lang='lat' dir='ltr'><strong>isti</strong></span> <span class='ocrx_word' id='word_1_334' title='bbox 2296 1893 2522 1958; x_wconf 83' lang='lat' dir='ltr'><strong>quidem</strong></span> <span class='ocrx_word' id='word_1_335' title='bbox 2579 1892 2634 1944; x_wconf 91' lang='lat' dir='ltr'><strong>in</strong></span> <span class='ocrx_word' id='word_1_336' title='bbox 2668 1889 2834 1942; x_wconf 87' lang='lat' dir='ltr'><strong>vulva</strong></span> <span class='ocrx_word' id='word_1_337' title='bbox 2877 1883 3332 1945; x_wconf 88' lang='lat' dir='ltr'><strong>sanctiﬁcantur,</strong></span> <span class='ocrx_word' id='word_1_338' title='bbox 3370 1880 3466 1936; x_wconf 87' lang='lat' dir='ltr'><strong>ille</strong></span> 
     </span>
    </p>
   </div>
   <div class='ocr_carea' id='block_1_48' title="bbox 1880 1971 3466 2044">
    <p class='ocr_par' dir='ltr' id='par_1_48' title="bbox 1880 1971 3466 2044">
     <span class='ocr_line' id='line_1_48' title="bbox 1880 1971 3466 2044; baseline -0.013 1"><span class='ocrx_word' id='word_1_339' title='bbox 1880 2006 2014 2044; x_wconf 91' lang='lat' dir='ltr'><strong>vero</strong></span> <span class='ocrx_word' id='word_1_340' title='bbox 2044 1989 2100 2042; x_wconf 93' lang='lat' dir='ltr'><strong>in</strong></span> <span class='ocrx_word' id='word_1_341' title='bbox 2137 1984 2580 2042; x_wconf 78' lang='lat' dir='ltr'><strong>conformatione</strong></span> <span class='ocrx_word' id='word_1_342' title='bbox 2613 1980 2673 2034; x_wconf 87' lang='lat' dir='ltr'><strong>ﬁt</strong></span> <span class='ocrx_word' id='word_1_343' title='bbox 2710 1979 2986 2033; x_wconf 89' lang='lat' dir='ltr'><strong>Christus.</strong></span> <span class='ocrx_word' id='word_1_344' title='bbox 3030 1975 3098 2030; x_wconf 86' lang='lat' dir='ltr'><strong>Et</strong></span> <span class='ocrx_word' id='word_1_345' title='bbox 3120 1974 3210 2029; x_wconf 92' lang='lat' dir='ltr'><strong>isti</strong></span> <span class='ocrx_word' id='word_1_346' title='bbox 3237 1971 3466 2044; x_wconf 83' lang='lat' dir='ltr'><strong>quidem</strong></span> 
     </span>
    </p>
   </div>
   <div class='ocr_carea' id='block_1_49' title="bbox 1883 2065 3468 2154">
    <p class='ocr_par' dir='ltr' id='par_1_49' title="bbox 1883 2065 3468 2154">
     <span class='ocr_line' id='line_1_49' title="bbox 1883 2065 3468 2154; baseline -0.013 -16"><span class='ocrx_word' id='word_1_347' title='bbox 1883 2081 2276 2154; x_wconf 87' lang='lat' dir='ltr'><strong>particularem</strong></span> <span class='ocrx_word' id='word_1_348' title='bbox 2333 2075 2620 2144; x_wconf 90' lang='lat' dir='ltr'><strong>accipiunt</strong></span> <span class='ocrx_word' id='word_1_349' title='bbox 2652 2071 2912 2141; x_wconf 82' lang='lat' dir='ltr'><strong>gratiam,</strong></span> <span class='ocrx_word' id='word_1_350' title='bbox 2953 2067 3046 2122; x_wconf 92' lang='lat' dir='ltr'><strong>ille</strong></span> <span class='ocrx_word' id='word_1_351' title='bbox 3082 2081 3215 2119; x_wconf 89' lang='lat' dir='ltr'><strong>vero</strong></span> <span class='ocrx_word' id='word_1_352' title='bbox 3265 2065 3468 2135; x_wconf 89' lang='lat' dir='ltr'><strong>plenus</strong></span> 
     </span>
    </p>
   </div>
   <div class='ocr_carea' id='block_1_50' title="bbox 1882 2163 2930 2243">
    <p class='ocr_par' dir='ltr' id='par_1_50' title="bbox 1882 2163 2930 2243">
     <span class='ocr_line' id='line_1_50' title="bbox 1882 2163 2930 2243; baseline -0.015 -13"><span class='ocrx_word' id='word_1_353' title='bbox 1882 2185 1968 2230; x_wconf 89' lang='lat' dir='ltr'><strong>est</strong></span> <span class='ocrx_word' id='word_1_354' title='bbox 2000 2173 2200 2243; x_wconf 87' lang='lat' dir='ltr'><strong>gratia.</strong></span> <span class='ocrx_word' id='word_1_355' title='bbox 2230 2175 2425 2238; x_wconf 88' lang='lat' dir='ltr'><strong>utpote</strong></span> <span class='ocrx_word' id='word_1_356' title='bbox 2453 2165 2785 2235; x_wconf 84' lang='lat' dir='ltr'><strong>Unigenitus</strong></span> <span class='ocrx_word' id='word_1_357' title='bbox 2811 2163 2930 2216; x_wconf 80' lang='lat' dir='ltr'><strong>Dei.</strong></span> 
     </span>
    </p>
   </div>
   <div class='ocr_carea' id='block_1_51' title="bbox 1951 2250 3470 2329">
    <p class='ocr_par' dir='ltr' id='par_1_51' title="bbox 1951 2250 3470 2329">
     <span class='ocr_line' id='line_1_51' title="bbox 1951 2250 3470 2329; baseline -0.012 -9"><span class='ocrx_word' id='word_1_358' title='bbox 1951 2265 2014 2320; x_wconf 83' lang='lat' dir='ltr'><strong>C.</strong></span> <span class='ocrx_word' id='word_1_359' title='bbox 2037 2264 2319 2318; x_wconf 86' lang='lat' dir='ltr'><strong>Christum</strong></span> <span class='ocrx_word' id='word_1_360' title='bbox 2351 2261 2401 2312; x_wconf 77' lang='lat' dir='ltr'><strong>in</strong></span> <span class='ocrx_word' id='word_1_361' title='bbox 2422 2260 2539 2329; x_wconf 88' lang='lat' dir='ltr'><strong>ipsa</strong></span> <span class='ocrx_word' id='word_1_362' title='bbox 2556 2255 2998 2312; x_wconf 78' lang='lat' dir='ltr'><strong>conformatione</strong></span> <span class='ocrx_word' id='word_1_363' title='bbox 3027 2250 3257 2313; x_wconf 79' lang='lat' dir='ltr'><strong>factum,</strong></span> <span class='ocrx_word' id='word_1_364' title='bbox 3276 2262 3470 2318; x_wconf 87' lang='lat' dir='ltr'><strong>quem-</strong></span> 
     </span>
    </p>
   </div>
   <div class='ocr_carea' id='block_1_52' title="bbox 1886 2339 3471 2414">
    <p class='ocr_par' dir='ltr' id='par_1_52' title="bbox 1886 2339 3471 2414">
     <span class='ocr_line' id='line_1_52' title="bbox 1886 2339 3471 2414; baseline -0.012 -3"><span class='ocrx_word' id='word_1_365' title='bbox 1886 2374 2011 2411; x_wconf 80' lang='lat' dir='ltr'><strong>nam</strong></span> <span class='ocrx_word' id='word_1_366' title='bbox 2064 2356 2287 2410; x_wconf 86' lang='lat' dir='ltr'><strong>modum</strong></span> <span class='ocrx_word' id='word_1_367' title='bbox 2332 2352 2507 2414; x_wconf 86' lang='lat' dir='ltr'><strong>dicas,</strong></span> <span class='ocrx_word' id='word_1_368' title='bbox 2535 2363 2648 2403; x_wconf 91' lang='lat' dir='ltr'><strong>non</strong></span> <span class='ocrx_word' id='word_1_369' title='bbox 2703 2345 2980 2414; x_wconf 72' lang='lat' dir='ltr'><strong>intelligo,</strong></span> <span class='ocrx_word' id='word_1_370' title='bbox 3039 2342 3166 2396; x_wconf 87' lang='lat' dir='ltr'><strong>ideo</strong></span> <span class='ocrx_word' id='word_1_371' title='bbox 3218 2340 3345 2410; x_wconf 91' lang='lat' dir='ltr'><strong>quis</strong></span> <span class='ocrx_word' id='word_1_372' title='bbox 3395 2339 3471 2394; x_wconf 88' lang='lat' dir='ltr'><strong>sit</strong></span> 
     </span>
    </p>
   </div>
   <div class='ocr_carea' id='block_1_53' title="bbox 1885 2435 3472 2517">
    <p class='ocr_par' dir='ltr' id='par_1_53' title="bbox 1885 2435 3472 2517">
     <span class='ocr_line' id='line_1_53' title="bbox 1885 2435 3472 2517; baseline -0.011 -12"><span class='ocrx_word' id='word_1_373' title='bbox 1885 2451 2142 2506; x_wconf 81' lang='lat' dir='ltr'><strong>Christus</strong></span> <span class='ocrx_word' id='word_1_374' title='bbox 2191 2446 2286 2517; x_wconf 90' lang='lat' dir='ltr'><strong>qui</strong></span> <span class='ocrx_word' id='word_1_375' title='bbox 2346 2445 2402 2499; x_wconf 92' lang='lat' dir='ltr'><strong>in</strong></span> <span class='ocrx_word' id='word_1_376' title='bbox 2458 2443 2576 2513; x_wconf 89' lang='lat' dir='ltr'><strong>ipsa</strong></span> <span class='ocrx_word' id='word_1_377' title='bbox 2643 2437 3091 2494; x_wconf 81' lang='lat' dir='ltr'><strong>conformatione</strong></span> <span class='ocrx_word' id='word_1_378' title='bbox 3145 2435 3328 2489; x_wconf 85' lang='lat' dir='ltr'><strong>lactus</strong></span> <span class='ocrx_word' id='word_1_379' title='bbox 3383 2439 3472 2488; x_wconf 87' lang='lat' dir='ltr'><strong>est</strong></span> 
     </span>
    </p>
   </div>
   <div class='ocr_carea' id='block_1_54' title="bbox 1885 2528 2772 2602">
    <p class='ocr_par' dir='ltr' id='par_1_54' title="bbox 1885 2528 2772 2602">
     <span class='ocr_line' id='line_1_54' title="bbox 1885 2528 2772 2602; baseline -0.014 -5"><span class='ocrx_word' id='word_1_380' title='bbox 1885 2528 2166 2602; x_wconf 78' lang='lat' dir='ltr'><strong>Christus,</strong></span> <span class='ocrx_word' id='word_1_381' title='bbox 2194 2536 2492 2593; x_wconf 90' lang='lat' dir='ltr'><strong>evidenter</strong></span> <span class='ocrx_word' id='word_1_382' title='bbox 2518 2531 2772 2588; x_wconf 86' lang='lat' dir='ltr'><strong>ostende.</strong></span> 
     </span>
    </p>
   </div>
   <div class='ocr_carea' id='block_1_55' title="bbox 1960 2616 3474 2704">
    <p class='ocr_par' dir='ltr' id='par_1_55' title="bbox 1960 2616 3474 2704">
     <span class='ocr_line' id='line_1_55' title="bbox 1960 2616 3474 2704; baseline -0.012 -15"><span class='ocrx_word' id='word_1_383' title='bbox 1960 2633 2124 2704; x_wconf 76' lang='lat'><strong>550</strong></span> <span class='ocrx_word' id='word_1_384' title='bbox 2152 2631 2219 2685; x_wconf 83' lang='lat' dir='ltr'><strong>N.</strong></span> <span class='ocrx_word' id='word_1_385' title='bbox 2279 2629 2538 2684; x_wconf 88' lang='lat' dir='ltr'><strong>Christus</strong></span> <span class='ocrx_word' id='word_1_386' title='bbox 2591 2634 2678 2680; x_wconf 92' lang='lat' dir='ltr'><strong>est</strong></span> <span class='ocrx_word' id='word_1_387' title='bbox 2731 2620 3055 2692; x_wconf 85' lang='lat' dir='ltr'><strong>unigenitus</strong></span> <span class='ocrx_word' id='word_1_388' title='bbox 3077 2616 3474 2689; x_wconf 89' lang='lat' dir='ltr'><strong>proculdubio</strong></span> 
     </span>
    </p>
   </div>
   <div class='ocr_carea' id='block_1_56' title="bbox 1890 2724 2090 2780">
    <p class='ocr_par' dir='ltr' id='par_1_56' title="bbox 1890 2724 2090 2780">
     <span class='ocr_line' id='line_1_56' title="bbox 1890 2724 2090 2780; baseline -0.03 0"><span class='ocrx_word' id='word_1_389' title='bbox 1890 2724 2090 2780; x_wconf 83' lang='lat' dir='ltr'><strong>Patris.</strong></span> 
     </span>
    </p>
   </div>
   <div class='ocr_carea' id='block_1_57' title="bbox 1959 2801 3474 2880">
    <p class='ocr_par' dir='ltr' id='par_1_57' title="bbox 1959 2801 3474 2880">
     <span class='ocr_line' id='line_1_57' title="bbox 1959 2801 3474 2880; baseline -0.01 -9"><span class='ocrx_word' id='word_1_390' title='bbox 1959 2815 2020 2871; x_wconf 92' lang='lat' dir='ltr'><strong>C.</strong></span> <span class='ocrx_word' id='word_1_391' title='bbox 2052 2813 2209 2880; x_wconf 85' lang='lat' dir='ltr'><strong>Quod</strong></span> <span class='ocrx_word' id='word_1_392' title='bbox 2270 2811 2542 2866; x_wconf 81' lang='lat' dir='ltr'><strong>hactenus</strong></span> <span class='ocrx_word' id='word_1_393' title='bbox 2582 2809 3034 2878; x_wconf 79' lang='lat' dir='ltr'><strong>impugnavcras,</strong></span> <span class='ocrx_word' id='word_1_394' title='bbox 3066 2817 3218 2857; x_wconf 92' lang='lat' dir='ltr'><strong>nunc</strong></span> <span class='ocrx_word' id='word_1_395' title='bbox 3247 2801 3318 2856; x_wconf 89' lang='lat' dir='ltr'><strong>ab</strong></span> <span class='ocrx_word' id='word_1_396' title='bbox 3354 2802 3474 2870; x_wconf 81' lang='lat' dir='ltr'><strong>ipsa</strong></span> 
     </span>
    </p>
   </div>
   <div class='ocr_carea' id='block_1_58' title="bbox 1891 2892 3475 2964">
    <p class='ocr_par' dir='ltr' id='par_1_58' title="bbox 1891 2892 3475 2964">
     <span class='ocr_line' id='line_1_58' title="bbox 1891 2892 3475 2964; baseline -0.01 -3"><span class='ocrx_word' id='word_1_397' title='bbox 1891 2908 2126 2961; x_wconf 84' lang='lat' dir='ltr'><strong>veritate</strong></span> <span class='ocrx_word' id='word_1_398' title='bbox 2165 2911 2418 2964; x_wconf 83' lang='lat' dir='ltr'><strong>coaetus,</strong></span> <span class='ocrx_word' id='word_1_399' title='bbox 2449 2901 2584 2952; x_wconf 85' lang='lat' dir='ltr'><strong>licet</strong></span> <span class='ocrx_word' id='word_1_400' title='bbox 2638 2897 2860 2958; x_wconf 90' lang='lat' dir='ltr'><strong>nolens,</strong></span> <span class='ocrx_word' id='word_1_401' title='bbox 2893 2893 3189 2948; x_wconf 78' lang='lat' dir='ltr'><strong>confessus</strong></span> <span class='ocrx_word' id='word_1_402' title='bbox 3217 2907 3296 2947; x_wconf 89' lang='lat' dir='ltr'><strong>es.</strong></span> <span class='ocrx_word' id='word_1_403' title='bbox 3334 2892 3475 2946; x_wconf 86' lang='lat' dir='ltr'><strong>Nam</strong></span> 
     </span>
    </p>
   </div>
   <div class='ocr_carea' id='block_1_59' title="bbox 1893 2968 3477 3066">
    <p class='ocr_par' dir='ltr' id='par_1_59' title="bbox 1893 2968 3477 3066">
     <span class='ocr_line' id='line_1_59' title="bbox 1893 2968 3477 3066; baseline -0.008 -17"><span class='ocrx_word' id='word_1_404' title='bbox 1893 2995 1991 3066; x_wconf 89' lang='lat' dir='ltr'><strong>qui</strong></span> <span class='ocrx_word' id='word_1_405' title='bbox 2057 2995 2230 3047; x_wconf 86' lang='lat' dir='ltr'><strong>Deum</strong></span> <span class='ocrx_word' id='word_1_406' title='bbox 2270 2991 2477 3044; x_wconf 77' lang='lat' dir='ltr'><strong>factum</strong></span> <span class='ocrx_word' id='word_1_407' title='bbox 2513 2987 2798 3041; x_wconf 80' lang='lat' dir='ltr'><strong>Christum</strong></span> <span class='ocrx_word' id='word_1_408' title='bbox 2859 2968 3130 3038; x_wconf 86' lang='lat' dir='ltr'><strong>hactenus</strong></span> <span class='ocrx_word' id='word_1_409' title='bbox 3176 2981 3364 3036; x_wconf 88' lang='lat' dir='ltr'><strong>dicere</strong></span> <span class='ocrx_word' id='word_1_410' title='bbox 3388 2995 3477 3036; x_wconf 82' lang='lat' dir='ltr'><strong>re-</strong></span> 
     </span>
    </p>
   </div>
   <div class='ocr_carea' id='block_1_60' title="bbox 1896 3077 3478 3146">
    <p class='ocr_par' dir='ltr' id='par_1_60' title="bbox 1896 3077 3478 3146">
     <span class='ocr_line' id='line_1_60' title="bbox 1896 3077 3478 3146; baseline -0.008 -5"><span class='ocrx_word' id='word_1_411' title='bbox 1896 3087 2130 3146; x_wconf 81' lang='lat' dir='ltr'><strong>nuebas,</strong></span> <span class='ocrx_word' id='word_1_412' title='bbox 2171 3097 2321 3137; x_wconf 90' lang='lat' dir='ltr'><strong>nunc</strong></span> <span class='ocrx_word' id='word_1_413' title='bbox 2349 3082 2481 3134; x_wconf 80' lang='lat' dir='ltr'><strong>licet</strong></span> <span class='ocrx_word' id='word_1_414' title='bbox 2512 3077 2818 3132; x_wconf 87' lang='lat' dir='ltr'><strong>secundum</strong></span> <span class='ocrx_word' id='word_1_415' title='bbox 2868 3089 3094 3129; x_wconf 89' lang='lat' dir='ltr'><strong>carnem</strong></span> <span class='ocrx_word' id='word_1_416' title='bbox 3132 3087 3302 3142; x_wconf 83' lang='lat' dir='ltr'><strong>neges</strong></span> <span class='ocrx_word' id='word_1_417' title='bbox 3333 3088 3365 3127; x_wconf 88' lang='lat' dir='ltr'><strong>a</strong></span> <span class='ocrx_word' id='word_1_418' title='bbox 3387 3087 3478 3128; x_wconf 87' lang='lat' dir='ltr'><strong>se-</strong></span> 
     </span>
    </p>
   </div>
   <div class='ocr_carea' id='block_1_61' title="bbox 195 3165 3474 3249">
    <p class='ocr_par' dir='ltr' id='par_1_61' title="bbox 195 3165 3474 3249">
     <span class='ocr_line' id='line_1_61' title="bbox 195 3165 3474 3249; baseline -0.002 -25"><span class='ocrx_word' id='word_1_419' title='bbox 195 3172 296 3226; x_wconf 86' lang='lat' dir='ltr'><strong>dis.</strong></span> <span class='ocrx_word' id='word_1_420' title='bbox 349 3173 496 3227; x_wconf 81' lang='lat' dir='ltr'><strong>Nam</strong></span> <span class='ocrx_word' id='word_1_421' title='bbox 543 3173 591 3228; x_wconf 91' lang='lat' dir='ltr'><strong>si</strong></span> <span class='ocrx_word' id='word_1_422' title='bbox 631 3174 790 3228; x_wconf 82' lang='lat' dir='ltr'><strong>Jesus</strong></span> <span class='ocrx_word' id='word_1_423' title='bbox 822 3189 853 3228; x_wconf 89' lang='lat' dir='ltr'><strong>a</strong></span> <span class='ocrx_word' id='word_1_424' title='bbox 907 3173 1204 3237; x_wconf 85' lang='lat' dir='ltr'><strong>Nazarcth,</strong></span> <span class='ocrx_word' id='word_1_425' title='bbox 1240 3190 1406 3244; x_wconf 89' lang='lat' dir='ltr'><strong>quem</strong></span> <span class='ocrx_word' id='word_1_426' title='bbox 1442 3176 1601 3227; x_wconf 84' lang='lat' dir='ltr'><strong>unxit</strong></span> <span class='ocrx_word' id='word_1_427' title='bbox 1643 3173 1790 3227; x_wconf 86' lang='lat' dir='ltr'><strong>Deus</strong></span> <span class='ocrx_word' id='word_1_428' title='bbox 1815 3188 1859 3248; x_wconf 73' lang='grc' dir='ltr'>ο</span> <span class='ocrx_word' id='word_1_429' title='bbox 1893 3179 2126 3249; x_wconf 89' lang='lat' dir='ltr'><strong>metipso</strong></span> <span class='ocrx_word' id='word_1_430' title='bbox 2161 3177 2480 3235; x_wconf 82' lang='lat' dir='ltr'><strong>formatum,</strong></span> <span class='ocrx_word' id='word_1_431' title='bbox 2525 3181 2708 3225; x_wconf 85' lang='lat' dir='ltr'><strong>tamen</strong></span> <span class='ocrx_word' id='word_1_432' title='bbox 2771 3169 2825 3221; x_wconf 90' lang='lat' dir='ltr'><strong>in</strong></span> <span class='ocrx_word' id='word_1_433' title='bbox 2866 3167 2983 3236; x_wconf 87' lang='lat' dir='ltr'><strong>ipsa</strong></span> <span class='ocrx_word' id='word_1_434' title='bbox 3021 3165 3474 3221; x_wconf 69' lang='lat' dir='ltr'><strong>conformatione</strong></span> 
     </span>
    </p>
   </div>
   <div class='ocr_carea' id='block_1_62' title="bbox 196 3264 1786 3336">
    <p class='ocr_par' dir='ltr' id='par_1_62' title="bbox 196 3264 1786 3336">
     <span class='ocr_line' id='line_1_62' title="bbox 196 3264 1786 3336; baseline 0.001 -16"><span class='ocrx_word' id='word_1_435' title='bbox 196 3264 402 3336; x_wconf 84' lang='lat' dir='ltr'><strong>Spiritu</strong></span> <span class='ocrx_word' id='word_1_436' title='bbox 444 3276 647 3321; x_wconf 85' lang='lat' dir='ltr'><strong>sancto</strong></span> <span class='ocrx_word' id='word_1_437' title='bbox 679 3279 736 3323; x_wconf 88' lang='lat' dir='ltr'><strong>et</strong></span> <span class='ocrx_word' id='word_1_438' title='bbox 762 3270 995 3332; x_wconf 86' lang='lat' dir='ltr'><strong>virtute,</strong></span> <span class='ocrx_word' id='word_1_439' title='bbox 1022 3283 1133 3322; x_wconf 92' lang='lat' dir='ltr'><strong>non</strong></span> <span class='ocrx_word' id='word_1_440' title='bbox 1155 3277 1243 3322; x_wconf 90' lang='lat' dir='ltr'><strong>est</strong></span> <span class='ocrx_word' id='word_1_441' title='bbox 1272 3268 1440 3328; x_wconf 87' lang='lat' dir='ltr'><strong>Deus,</strong></span> <span class='ocrx_word' id='word_1_442' title='bbox 1470 3275 1531 3320; x_wconf 92' lang='lat' dir='ltr'><strong>ut</strong></span> <span class='ocrx_word' id='word_1_443' title='bbox 1562 3266 1786 3327; x_wconf 85' lang='lat' dir='ltr'><strong>asseris,</strong></span> 
     </span>
    </p>
   </div>
   <div class='ocr_carea' id='block_1_63' title="bbox 196 3357 1792 3430">
    <p class='ocr_par' dir='ltr' id='par_1_63' title="bbox 196 3357 1792 3430">
     <span class='ocr_line' id='line_1_63' title="bbox 196 3357 1792 3430; baseline -0.001 -19"><span class='ocrx_word' id='word_1_444' title='bbox 196 3374 357 3427; x_wconf 88' lang='lat' dir='ltr'><strong>quem</strong></span> <span class='ocrx_word' id='word_1_445' title='bbox 392 3361 576 3413; x_wconf 90' lang='lat' dir='ltr'><strong>Deum</strong></span> <span class='ocrx_word' id='word_1_446' title='bbox 633 3361 900 3430; x_wconf 66' lang='lat' dir='ltr'><strong>praedicat</strong></span> <span class='ocrx_word' id='word_1_447' title='bbox 943 3360 1212 3429; x_wconf 87' lang='lat' dir='ltr'><strong>propheta</strong></span> <span class='ocrx_word' id='word_1_448' title='bbox 1267 3359 1584 3413; x_wconf 87' lang='lat' dir='ltr'><strong>venientem</strong></span> <span class='ocrx_word' id='word_1_449' title='bbox 1632 3373 1663 3411; x_wconf 90' lang='lat' dir='ltr'><strong>a</strong></span> <span class='ocrx_word' id='word_1_450' title='bbox 1700 3357 1792 3410; x_wconf 89' lang='lat' dir='ltr'><strong>Li-</strong></span> 
     </span>
    </p>
   </div>
   <div class='ocr_carea' id='block_1_64' title="bbox 199 3450 1791 3516">
    <p class='ocr_par' dir='ltr' id='par_1_64' title="bbox 199 3450 1791 3516">
     <span class='ocr_line' id='line_1_64' title="bbox 199 3450 1791 3516; baseline -0.003 -10"><span class='ocrx_word' id='word_1_451' title='bbox 199 3451 361 3515; x_wconf 87' lang='lat' dir='ltr'><strong>bano,</strong></span> <span class='ocrx_word' id='word_1_452' title='bbox 389 3454 628 3508; x_wconf 77' lang='lat' dir='ltr'><strong>dicens:</strong></span> <span class='ocrx_word' id='word_1_453' title='bbox 663 3453 803 3508; x_wconf 84' lang='lat' dir='ltr'><strong>Deus</strong></span> <span class='ocrx_word' id='word_1_454' title='bbox 830 3472 863 3507; x_wconf 92' lang='lat' dir='ltr'><strong>a</strong></span> <span class='ocrx_word' id='word_1_455' title='bbox 892 3453 1090 3508; x_wconf 84' lang='lat' dir='ltr'><strong>Libano</strong></span> <span class='ocrx_word' id='word_1_456' title='bbox 1131 3455 1323 3516; x_wconf 80' lang='lat' dir='ltr'><strong>ueniet,</strong></span> <span class='ocrx_word' id='word_1_457' title='bbox 1374 3460 1424 3506; x_wconf 85' lang='lat' dir='ltr'><strong>et</strong></span> <span class='ocrx_word' id='word_1_458' title='bbox 1461 3461 1681 3506; x_wconf 85' lang='lat' dir='ltr'><strong>sanctus</strong></span> <span class='ocrx_word' id='word_1_459' title='bbox 1727 3450 1791 3503; x_wconf 89' lang='lat' dir='ltr'><strong>de</strong></span> 
     </span>
    </p>
   </div>
   <div class='ocr_carea' id='block_1_65' title="bbox 206 3541 1790 3600">
    <p class='ocr_par' dir='ltr' id='par_1_65' title="bbox 206 3541 1790 3600">
     <span class='ocr_line' id='line_1_65' title="bbox 206 3541 1790 3600; baseline 0 -4"><span class='ocrx_word' id='word_1_460' title='bbox 206 3554 380 3598; x_wconf 84' lang='lat' dir='ltr'><strong>monte</strong></span> <span class='ocrx_word' id='word_1_461' title='bbox 408 3547 665 3600; x_wconf 73' lang='lat' dir='ltr'><strong>unibroso</strong></span> <span class='ocrx_word' id='word_1_462' title='bbox 701 3555 750 3598; x_wconf 85' lang='lat' dir='ltr'><strong>et</strong></span> <span class='ocrx_word' id='word_1_463' title='bbox 795 3541 1166 3599; x_wconf 81' lang='lat' dir='ltr'><strong>condenso&quot;&#39;?</strong></span> <span class='ocrx_word' id='word_1_464' title='bbox 1188 3543 1462 3598; x_wconf 81' lang='lat' dir='ltr'><strong>Nazareth</strong></span> <span class='ocrx_word' id='word_1_465' title='bbox 1511 3542 1663 3598; x_wconf 91' lang='lat' dir='ltr'><strong>enim</strong></span> <span class='ocrx_word' id='word_1_466' title='bbox 1719 3542 1790 3596; x_wconf 90' lang='lat' dir='ltr'><strong>ad</strong></span> 
     </span>
    </p>
   </div>
   <div class='ocr_carea' id='block_1_66' title="bbox 206 3635 1791 3705">
    <p class='ocr_par' dir='ltr' id='par_1_66' title="bbox 206 3635 1791 3705">
     <span class='ocr_line' id='line_1_66' title="bbox 206 3635 1791 3705; baseline -0.003 -14"><span class='ocrx_word' id='word_1_467' title='bbox 206 3639 365 3692; x_wconf 86' lang='lat' dir='ltr'><strong>istius</strong></span> <span class='ocrx_word' id='word_1_468' title='bbox 387 3639 602 3692; x_wconf 89' lang='lat' dir='ltr'><strong>montis</strong></span> <span class='ocrx_word' id='word_1_469' title='bbox 635 3638 878 3692; x_wconf 91' lang='lat' dir='ltr'><strong>radicem</strong></span> <span class='ocrx_word' id='word_1_470' title='bbox 905 3638 960 3690; x_wconf 90' lang='lat' dir='ltr'><strong>in</strong></span> <span class='ocrx_word' id='word_1_471' title='bbox 980 3636 1231 3705; x_wconf 86' lang='lat' dir='ltr'><strong>partibus</strong></span> <span class='ocrx_word' id='word_1_472' title='bbox 1248 3635 1484 3690; x_wconf 69' lang='lat' dir='ltr'><strong>Galilzeae</strong></span> <span class='ocrx_word' id='word_1_473' title='bbox 1515 3635 1791 3704; x_wconf 81' lang='lat' dir='ltr'><strong>hodieque</strong></span> 
     </span>
    </p>
   </div>
   <div class='ocr_carea' id='block_1_67' title="bbox 204 3727 1792 3795">
    <p class='ocr_par' dir='ltr' id='par_1_67' title="bbox 204 3727 1792 3795">
     <span class='ocr_line' id='line_1_67' title="bbox 204 3727 1792 3795; baseline -0.004 -11"><span class='ocrx_word' id='word_1_474' title='bbox 204 3740 577 3792; x_wconf 87' lang='lat' dir='ltr'><strong>monstratur,</strong></span> <span class='ocrx_word' id='word_1_475' title='bbox 611 3729 704 3784; x_wconf 90' lang='lat' dir='ltr'><strong>ubi</strong></span> <span class='ocrx_word' id='word_1_476' title='bbox 729 3730 875 3783; x_wconf 90' lang='lat' dir='ltr'><strong>Deus</strong></span> <span class='ocrx_word' id='word_1_477' title='bbox 924 3729 1086 3782; x_wconf 88' lang='lat' dir='ltr'><strong>Jesus</strong></span> <span class='ocrx_word' id='word_1_478' title='bbox 1118 3727 1398 3787; x_wconf 88' lang='lat' dir='ltr'><strong>Christus,</strong></span> <span class='ocrx_word' id='word_1_479' title='bbox 1441 3742 1605 3794; x_wconf 77' lang='lat' dir='ltr'><strong>quem</strong></span> <span class='ocrx_word' id='word_1_480' title='bbox 1661 3742 1792 3795; x_wconf 87' lang='lat' dir='ltr'><strong>pro-</strong></span> 
     </span>
    </p>
   </div>
   <div class='ocr_carea' id='block_1_68' title="bbox 203 3819 1795 3893">
    <p class='ocr_par' dir='ltr' id='par_1_68' title="bbox 203 3819 1795 3893">
     <span class='ocr_line' id='line_1_68' title="bbox 203 3819 1795 3893; baseline -0.003 -16"><span class='ocrx_word' id='word_1_481' title='bbox 203 3825 368 3893; x_wconf 84' lang='lat' dir='ltr'><strong>pheta</strong></span> <span class='ocrx_word' id='word_1_482' title='bbox 425 3824 652 3877; x_wconf 77' lang='lat' dir='ltr'><strong>venisse</strong></span> <span class='ocrx_word' id='word_1_483' title='bbox 692 3840 723 3875; x_wconf 89' lang='lat' dir='ltr'><strong>a</strong></span> <span class='ocrx_word' id='word_1_484' title='bbox 772 3821 986 3875; x_wconf 86' lang='lat' dir='ltr'><strong>Libano</strong></span> <span class='ocrx_word' id='word_1_485' title='bbox 1015 3819 1290 3889; x_wconf 59' lang='lat' dir='ltr'><strong>prredixit,</strong></span> <span class='ocrx_word' id='word_1_486' title='bbox 1325 3819 1630 3872; x_wconf 81' lang='lat' dir='ltr'><strong>secundum</strong></span> <span class='ocrx_word' id='word_1_487' title='bbox 1677 3834 1795 3872; x_wconf 87' lang='lat' dir='ltr'><strong>ear-</strong></span> 
     </span>
    </p>
   </div>
   <div class='ocr_carea' id='block_1_69' title="bbox 204 3907 1793 3980">
    <p class='ocr_par' dir='ltr' id='par_1_69' title="bbox 204 3907 1793 3980">
     <span class='ocr_line' id='line_1_69' title="bbox 204 3907 1793 3980; baseline -0.003 -14"><span class='ocrx_word' id='word_1_488' title='bbox 204 3929 328 3966; x_wconf 89' lang='lat' dir='ltr'><strong>nem</strong></span> <span class='ocrx_word' id='word_1_489' title='bbox 361 3911 574 3978; x_wconf 86' lang='lat' dir='ltr'><strong>nutriri</strong></span> <span class='ocrx_word' id='word_1_490' title='bbox 605 3912 864 3980; x_wconf 87' lang='lat' dir='ltr'><strong>dignatus</strong></span> <span class='ocrx_word' id='word_1_491' title='bbox 893 3921 998 3964; x_wconf 87' lang='lat' dir='ltr'><strong>est.</strong></span> <span class='ocrx_word' id='word_1_492' title='bbox 1040 3909 1199 3974; x_wconf 85' lang='lat' dir='ltr'><strong>Quod</strong></span> <span class='ocrx_word' id='word_1_493' title='bbox 1232 3917 1417 3962; x_wconf 85' lang='lat' dir='ltr'><strong>autem</strong></span> <span class='ocrx_word' id='word_1_494' title='bbox 1456 3907 1653 3962; x_wconf 86' lang='lat' dir='ltr'><strong>niteris</strong></span> <span class='ocrx_word' id='word_1_495' title='bbox 1692 3924 1793 3977; x_wconf 87' lang='lat' dir='ltr'><strong>ap-</strong></span> 
     </span>
    </p>
   </div>
   <div class='ocr_carea' id='block_1_70' title="bbox 207 3999 1792 4071">
    <p class='ocr_par' dir='ltr' id='par_1_70' title="bbox 207 3999 1792 4071">
     <span class='ocr_line' id='line_1_70' title="bbox 207 3999 1792 4071; baseline -0.002 -16"><span class='ocrx_word' id='word_1_496' title='bbox 207 4003 471 4071; x_wconf 81' lang='lat' dir='ltr'><strong>probare,</strong></span> <span class='ocrx_word' id='word_1_497' title='bbox 501 4016 614 4055; x_wconf 86' lang='lat' dir='ltr'><strong>non</strong></span> <span class='ocrx_word' id='word_1_498' title='bbox 655 4016 778 4055; x_wconf 89' lang='lat' dir='ltr'><strong>esse</strong></span> <span class='ocrx_word' id='word_1_499' title='bbox 809 4011 1005 4054; x_wconf 85' lang='lat' dir='ltr'><strong>natura</strong></span> <span class='ocrx_word' id='word_1_500' title='bbox 1036 4001 1210 4054; x_wconf 88' lang='lat' dir='ltr'><strong>Deum</strong></span> <span class='ocrx_word' id='word_1_501' title='bbox 1260 3999 1454 4054; x_wconf 81' lang='lat' dir='ltr'><strong>Jesum</strong></span> <span class='ocrx_word' id='word_1_502' title='bbox 1486 3999 1792 4062; x_wconf 85' lang='lat' dir='ltr'><strong>Christum,</strong></span> 
     </span>
    </p>
   </div>
   <div class='ocr_carea' id='block_1_71' title="bbox 207 4091 1795 4163">
    <p class='ocr_par' dir='ltr' id='par_1_71' title="bbox 207 4091 1795 4163">
     <span class='ocr_line' id='line_1_71' title="bbox 207 4091 1795 4163; baseline -0.003 -14"><span class='ocrx_word' id='word_1_503' title='bbox 207 4095 300 4150; x_wconf 88' lang='lat' dir='ltr'><strong>sed</strong></span> <span class='ocrx_word' id='word_1_504' title='bbox 333 4098 546 4150; x_wconf 82' lang='lat' dir='ltr'><strong>unione</strong></span> <span class='ocrx_word' id='word_1_505' title='bbox 609 4094 705 4148; x_wconf 90' lang='lat' dir='ltr'><strong>Dei</strong></span> <span class='ocrx_word' id='word_1_506' title='bbox 736 4102 793 4148; x_wconf 90' lang='lat' dir='ltr'><strong>et</strong></span> <span class='ocrx_word' id='word_1_507' title='bbox 841 4094 1133 4163; x_wconf 80' lang='lat' dir='ltr'><strong>dignitate,</strong></span> <span class='ocrx_word' id='word_1_508' title='bbox 1162 4108 1228 4146; x_wconf 79' lang='lat' dir='ltr'><strong>ex</strong></span> <span class='ocrx_word' id='word_1_509' title='bbox 1273 4108 1342 4148; x_wconf 92' lang='lat' dir='ltr'><strong>eo</strong></span> <span class='ocrx_word' id='word_1_510' title='bbox 1385 4092 1534 4162; x_wconf 84' lang='lat' dir='ltr'><strong>quod</strong></span> <span class='ocrx_word' id='word_1_511' title='bbox 1585 4091 1795 4145; x_wconf 88' lang='lat' dir='ltr'><strong>dictum</strong></span> 
     </span>
    </p>
   </div>
   <div class='ocr_carea' id='block_1_72' title="bbox 208 4183 1797 4252">
    <p class='ocr_par' dir='ltr' id='par_1_72' title="bbox 208 4183 1797 4252">
     <span class='ocr_line' id='line_1_72' title="bbox 208 4183 1797 4252; baseline -0.003 -11"><span class='ocrx_word' id='word_1_512' title='bbox 208 4197 328 4242; x_wconf 87' lang='lat' dir='ltr'><strong>est:</strong></span> <span class='ocrx_word' id='word_1_513' title='bbox 367 4187 518 4241; x_wconf 83' lang='lat' dir='ltr'><strong>Deus</strong></span> <span class='ocrx_word' id='word_1_514' title='bbox 559 4197 678 4240; x_wconf 85' lang='lat' dir='ltr'><strong>erat</strong></span> <span class='ocrx_word' id='word_1_515' title='bbox 711 4203 831 4240; x_wconf 85' lang='lat' dir='ltr'><strong>cum</strong></span> <span class='ocrx_word' id='word_1_516' title='bbox 861 4186 957 4240; x_wconf 85' lang='lat' dir='ltr'><strong>illo</strong></span> <span class='ocrx_word' id='word_1_517' title='bbox 988 4186 1071 4252; x_wconf 71' lang='lat'><strong>7°;</strong></span> <span class='ocrx_word' id='word_1_518' title='bbox 1112 4185 1286 4240; x_wconf 89' lang='lat' dir='ltr'><strong>miror</strong></span> <span class='ocrx_word' id='word_1_519' title='bbox 1323 4194 1378 4241; x_wconf 90' lang='lat' dir='ltr'><strong>te</strong></span> <span class='ocrx_word' id='word_1_520' title='bbox 1401 4183 1668 4239; x_wconf 89' lang='lat' dir='ltr'><strong>eumdem</strong></span> <span class='ocrx_word' id='word_1_521' title='bbox 1686 4183 1797 4237; x_wconf 86' lang='lat' dir='ltr'><strong>Do-</strong></span> 
     </span>
    </p>
   </div>
   <div class='ocr_carea' id='block_1_73' title="bbox 211 4274 1800 4336">
    <p class='ocr_par' dir='ltr' id='par_1_73' title="bbox 211 4274 1800 4336">
     <span class='ocr_line' id='line_1_73' title="bbox 211 4274 1800 4336; baseline -0.003 -2"><span class='ocrx_word' id='word_1_522' title='bbox 211 4281 423 4334; x_wconf 88' lang='lat' dir='ltr'><strong>minum</strong></span> <span class='ocrx_word' id='word_1_523' title='bbox 465 4293 580 4332; x_wconf 90' lang='lat' dir='ltr'><strong>non</strong></span> <span class='ocrx_word' id='word_1_524' title='bbox 618 4277 816 4334; x_wconf 90' lang='lat' dir='ltr'><strong>audire</strong></span> <span class='ocrx_word' id='word_1_525' title='bbox 853 4279 1166 4334; x_wconf 87' lang='lat' dir='ltr'><strong>dicentem:</strong></span> <span class='ocrx_word' id='word_1_526' title='bbox 1191 4274 1681 4336; x_wconf 72' lang='lat' dir='ltr'><strong>Etnousumsolus.</strong></span> <span class='ocrx_word' id='word_1_527' title='bbox 1706 4276 1800 4330; x_wconf 86' lang='lat' dir='ltr'><strong>sed</strong></span> 
     </span>
    </p>
   </div>
   <div class='ocr_carea' id='block_1_74' title="bbox 215 4367 1800 4440">
    <p class='ocr_par' dir='ltr' id='par_1_74' title="bbox 215 4367 1800 4440">
     <span class='ocr_line' id='line_1_74' title="bbox 215 4367 1800 4440; baseline -0.001 -15"><span class='ocrx_word' id='word_1_528' title='bbox 215 4371 376 4426; x_wconf 85' lang='lat' dir='ltr'><strong>Pater</strong></span> <span class='ocrx_word' id='word_1_529' title='bbox 441 4376 650 4424; x_wconf 82' lang='lat' dir='ltr'><strong>mecum</strong></span> <span class='ocrx_word' id='word_1_530' title='bbox 679 4378 754 4422; x_wconf 84' lang='lat' dir='ltr'><strong>est</strong></span> <span class='ocrx_word' id='word_1_531' title='bbox 797 4371 864 4424; x_wconf 71' lang='lat' dir='ltr'><strong>&quot;s</strong></span> <span class='ocrx_word' id='word_1_532' title='bbox 891 4370 990 4424; x_wconf 85' lang='lat' dir='ltr'><strong>Est</strong></span> <span class='ocrx_word' id='word_1_533' title='bbox 1019 4384 1156 4440; x_wconf 86' lang='lat' dir='ltr'><strong>ergo</strong></span> <span class='ocrx_word' id='word_1_534' title='bbox 1210 4379 1411 4424; x_wconf 89' lang='lat' dir='ltr'><strong>natura</strong></span> <span class='ocrx_word' id='word_1_535' title='bbox 1461 4368 1608 4422; x_wconf 87' lang='lat' dir='ltr'><strong>Deus</strong></span> <span class='ocrx_word' id='word_1_536' title='bbox 1635 4367 1800 4424; x_wconf 73' lang='lat' dir='ltr'><strong>Jesus</strong></span> 
     </span>
    </p>
   </div>
   <div class='ocr_carea' id='block_1_75' title="bbox 214 4459 1798 4532">
    <p class='ocr_par' dir='ltr' id='par_1_75' title="bbox 214 4459 1798 4532">
     <span class='ocr_line' id='line_1_75' title="bbox 214 4459 1798 4532; baseline -0.003 -13"><span class='ocrx_word' id='word_1_537' title='bbox 214 4463 476 4520; x_wconf 89' lang='lat' dir='ltr'><strong>Christus</strong></span> <span class='ocrx_word' id='word_1_538' title='bbox 501 4480 530 4518; x_wconf 93' lang='lat' dir='ltr'><strong>a</strong></span> <span class='ocrx_word' id='word_1_539' title='bbox 560 4463 859 4527; x_wconf 82' lang='lat' dir='ltr'><strong>Nazareth,</strong></span> <span class='ocrx_word' id='word_1_540' title='bbox 893 4463 1040 4518; x_wconf 87' lang='lat' dir='ltr'><strong>sicut</strong></span> <span class='ocrx_word' id='word_1_541' title='bbox 1072 4478 1104 4516; x_wconf 89' lang='lat' dir='ltr'><strong>a</strong></span> <span class='ocrx_word' id='word_1_542' title='bbox 1153 4462 1428 4532; x_wconf 85' lang='lat' dir='ltr'><strong>propheta</strong></span> <span class='ocrx_word' id='word_1_543' title='bbox 1473 4459 1798 4523; x_wconf 89' lang='lat' dir='ltr'><strong>didicimus,</strong></span> 
     </span>
    </p>
   </div>
   <div class='ocr_carea' id='block_1_76' title="bbox 1891 3263 3051 3330">
    <p class='ocr_par' dir='ltr' id='par_1_76' title="bbox 1891 3263 3051 3330">
     <span class='ocr_line' id='line_1_76' title="bbox 1891 3263 3051 3330; baseline -0.015 0"><span class='ocrx_word' id='word_1_544' title='bbox 1891 3276 2064 3330; x_wconf 91' lang='lat' dir='ltr'><strong>Deum</strong></span> <span class='ocrx_word' id='word_1_545' title='bbox 2087 3273 2292 3326; x_wconf 79' lang='lat' dir='ltr'><strong>factum</strong></span> <span class='ocrx_word' id='word_1_546' title='bbox 2323 3268 2617 3322; x_wconf 90' lang='lat' dir='ltr'><strong>Christum</strong></span> <span class='ocrx_word' id='word_1_547' title='bbox 2654 3263 2946 3318; x_wconf 81' lang='lat' dir='ltr'><strong>confessus</strong></span> <span class='ocrx_word' id='word_1_548' title='bbox 2973 3276 3051 3315; x_wconf 91' lang='lat' dir='ltr'><strong>es.</strong></span> 
     </span>
    </p>
   </div>
   <div class='ocr_carea' id='block_1_77' title="bbox 1960 3349 3478 3427">
    <p class='ocr_par' dir='ltr' id='par_1_77' title="bbox 1960 3349 3478 3427">
     <span class='ocr_line' id='line_1_77' title="bbox 1960 3349 3478 3427; baseline -0.012 -7"><span class='ocrx_word' id='word_1_549' title='bbox 1960 3367 2027 3422; x_wconf 87' lang='grc' dir='ltr'><strong>Ν.</strong></span> <span class='ocrx_word' id='word_1_550' title='bbox 2059 3363 2390 3420; x_wconf 83' lang='lat' dir='ltr'><strong>Nullatenus</strong></span> <span class='ocrx_word' id='word_1_551' title='bbox 2447 3375 2532 3412; x_wconf 91' lang='lat' dir='ltr'><strong>me</strong></span> <span class='ocrx_word' id='word_1_552' title='bbox 2563 3366 2728 3427; x_wconf 90' lang='lat' dir='ltr'><strong>putes</strong></span> <span class='ocrx_word' id='word_1_553' title='bbox 2773 3355 2884 3408; x_wconf 89' lang='lat' dir='ltr'><strong>tuis</strong></span> <span class='ocrx_word' id='word_1_554' title='bbox 2915 3350 3318 3406; x_wconf 85' lang='lat' dir='ltr'><strong>calliditatibus</strong></span> <span class='ocrx_word' id='word_1_555' title='bbox 3365 3349 3478 3403; x_wconf 88' lang='lat' dir='ltr'><strong>cir-</strong></span> 
     </span>
    </p>
   </div>
   <div class='ocr_carea' id='block_1_78' title="bbox 1893 3437 3474 3519">
    <p class='ocr_par' dir='ltr' id='par_1_78' title="bbox 1893 3437 3474 3519">
     <span class='ocr_line' id='line_1_78' title="bbox 1893 3437 3474 3519; baseline -0.011 -8"><span class='ocrx_word' id='word_1_556' title='bbox 1893 3462 2274 3516; x_wconf 89' lang='lat' dir='ltr'><strong>cumventum,</strong></span> <span class='ocrx_word' id='word_1_557' title='bbox 2301 3465 2403 3519; x_wconf 86' lang='lat' dir='ltr'><strong>ego</strong></span> <span class='ocrx_word' id='word_1_558' title='bbox 2429 3448 2578 3503; x_wconf 89' lang='lat' dir='ltr'><strong>enim</strong></span> <span class='ocrx_word' id='word_1_559' title='bbox 2608 3447 2664 3501; x_wconf 91' lang='lat' dir='ltr'><strong>in</strong></span> <span class='ocrx_word' id='word_1_560' title='bbox 2696 3445 2814 3513; x_wconf 87' lang='lat' dir='ltr'><strong>ipsa</strong></span> <span class='ocrx_word' id='word_1_561' title='bbox 2862 3440 3312 3501; x_wconf 80' lang='lat' dir='ltr'><strong>conformatione</strong></span> <span class='ocrx_word' id='word_1_562' title='bbox 3346 3437 3474 3494; x_wconf 89' lang='lat' dir='ltr'><strong>ideo</strong></span> 
     </span>
    </p>
   </div>
   <div class='ocr_carea' id='block_1_79' title="bbox 1893 3529 3477 3612">
    <p class='ocr_par' dir='ltr' id='par_1_79' title="bbox 1893 3529 3477 3612">
     <span class='ocr_line' id='line_1_79' title="bbox 1893 3529 3477 3612; baseline -0.013 -11"><span class='ocrx_word' id='word_1_563' title='bbox 1893 3545 2007 3601; x_wconf 87' lang='lat' dir='ltr'><strong>dixi</strong></span> <span class='ocrx_word' id='word_1_564' title='bbox 2042 3542 2391 3612; x_wconf 75' lang='lat' dir='ltr'><strong>unigenitum</strong></span> <span class='ocrx_word' id='word_1_565' title='bbox 2449 3537 2733 3592; x_wconf 87' lang='lat' dir='ltr'><strong>Christum</strong></span> <span class='ocrx_word' id='word_1_566' title='bbox 2767 3534 2999 3596; x_wconf 82' lang='lat' dir='ltr'><strong>factum,</strong></span> <span class='ocrx_word' id='word_1_567' title='bbox 3023 3531 3155 3600; x_wconf 87' lang='lat' dir='ltr'><strong>quia</strong></span> <span class='ocrx_word' id='word_1_568' title='bbox 3185 3529 3289 3599; x_wconf 91' lang='lat' dir='ltr'><strong>ipsi</strong></span> <span class='ocrx_word' id='word_1_569' title='bbox 3341 3543 3477 3582; x_wconf 86' lang='lat' dir='ltr'><strong>con-</strong></span> 
     </span>
    </p>
   </div>
   <div class='ocr_carea' id='block_1_80' title="bbox 1895 3621 3473 3692">
    <p class='ocr_par' dir='ltr' id='par_1_80' title="bbox 1895 3621 3473 3692">
     <span class='ocr_line' id='line_1_80' title="bbox 1895 3621 3473 3692; baseline -0.013 0"><span class='ocrx_word' id='word_1_570' title='bbox 1895 3634 2216 3692; x_wconf 81' lang='lat' dir='ltr'><strong>formationi</strong></span> <span class='ocrx_word' id='word_1_571' title='bbox 2245 3631 2430 3688; x_wconf 91' lang='lat' dir='ltr'><strong>carnis</strong></span> <span class='ocrx_word' id='word_1_572' title='bbox 2475 3628 2651 3683; x_wconf 88' lang='lat' dir='ltr'><strong>Deum</strong></span> <span class='ocrx_word' id='word_1_573' title='bbox 2716 3625 2964 3680; x_wconf 83' lang='lat' dir='ltr'><strong>Verbum</strong></span> <span class='ocrx_word' id='word_1_574' title='bbox 3003 3621 3173 3676; x_wconf 91' lang='lat' dir='ltr'><strong>credo</strong></span> <span class='ocrx_word' id='word_1_575' title='bbox 3232 3621 3473 3689; x_wconf 82' lang='lat' dir='ltr'><strong>conjun-</strong></span> 
     </span>
    </p>
   </div>
   <div class='ocr_carea' id='block_1_81' title="bbox 1894 3739 2064 3784">
    <p class='ocr_par' dir='ltr' id='par_1_81' title="bbox 1894 3739 2064 3784">
     <span class='ocr_line' id='line_1_81' title="bbox 1894 3739 2064 3784; baseline -0.006 -1"><span class='ocrx_word' id='word_1_576' title='bbox 1894 3739 2064 3784; x_wconf 77' lang='grc' dir='ltr'><strong>ειυηι.</strong></span> 
     </span>
    </p>
   </div>
   <div class='ocr_carea' id='block_1_82' title="bbox 1965 3801 3473 3885">
    <p class='ocr_par' dir='ltr' id='par_1_82' title="bbox 1965 3801 3473 3885">
     <span class='ocr_line' id='line_1_82' title="bbox 1965 3801 3473 3885; baseline -0.012 -12"><span class='ocrx_word' id='word_1_577' title='bbox 1965 3819 2028 3873; x_wconf 92' lang='lat' dir='ltr'><strong>C.</strong></span> <span class='ocrx_word' id='word_1_578' title='bbox 2055 3816 2160 3882; x_wconf 85' lang='lat' dir='ltr'><strong>Qui</strong></span> <span class='ocrx_word' id='word_1_579' title='bbox 2197 3815 2301 3885; x_wconf 91' lang='lat' dir='ltr'><strong>ipsi</strong></span> <span class='ocrx_word' id='word_1_580' title='bbox 2335 3809 2763 3868; x_wconf 88' lang='lat' dir='ltr'><strong>conl&#39;ormationi</strong></span> <span class='ocrx_word' id='word_1_581' title='bbox 2793 3806 2977 3861; x_wconf 88' lang='lat' dir='ltr'><strong>carnis</strong></span> <span class='ocrx_word' id='word_1_582' title='bbox 3005 3805 3181 3858; x_wconf 92' lang='lat' dir='ltr'><strong>Deum</strong></span> <span class='ocrx_word' id='word_1_583' title='bbox 3227 3801 3473 3858; x_wconf 82' lang='lat' dir='ltr'><strong>Verbum</strong></span> 
     </span>
    </p>
   </div>
   <div class='ocr_carea' id='block_1_83' title="bbox 1896 3895 3473 3975">
    <p class='ocr_par' dir='ltr' id='par_1_83' title="bbox 1896 3895 3473 3975">
     <span class='ocr_line' id='line_1_83' title="bbox 1896 3895 3473 3975; baseline -0.011 -10"><span class='ocrx_word' id='word_1_584' title='bbox 1896 3911 2051 3965; x_wconf 87' lang='lat' dir='ltr'><strong>carni</strong></span> <span class='ocrx_word' id='word_1_585' title='bbox 2071 3907 2208 3962; x_wconf 91' lang='lat' dir='ltr'><strong>dicit</strong></span> <span class='ocrx_word' id='word_1_586' title='bbox 2231 3906 2578 3975; x_wconf 74' lang='lat' dir='ltr'><strong>adiunctum,</strong></span> <span class='ocrx_word' id='word_1_587' title='bbox 2601 3916 2714 3954; x_wconf 89' lang='lat' dir='ltr'><strong>non</strong></span> <span class='ocrx_word' id='word_1_588' title='bbox 2752 3899 2806 3952; x_wconf 91' lang='lat' dir='ltr'><strong>in</strong></span> <span class='ocrx_word' id='word_1_589' title='bbox 2835 3896 3058 3967; x_wconf 88' lang='lat' dir='ltr'><strong>propria</strong></span> <span class='ocrx_word' id='word_1_590' title='bbox 3087 3895 3473 3959; x_wconf 87' lang='lat' dir='ltr'><strong>subsistentia,</strong></span> 
     </span>
    </p>
   </div>
   <div class='ocr_carea' id='block_1_84' title="bbox 1898 3987 3476 4071">
    <p class='ocr_par' dir='ltr' id='par_1_84' title="bbox 1898 3987 3476 4071">
     <span class='ocr_line' id='line_1_84' title="bbox 1898 3987 3476 4071; baseline -0.01 -15"><span class='ocrx_word' id='word_1_591' title='bbox 1898 4003 2016 4056; x_wconf 87' lang='lat' dir='ltr'><strong>sine</strong></span> <span class='ocrx_word' id='word_1_592' title='bbox 2061 4014 2300 4071; x_wconf 90' lang='lat' dir='ltr'><strong>persona</strong></span> <span class='ocrx_word' id='word_1_593' title='bbox 2336 3999 2506 4050; x_wconf 88' lang='lat' dir='ltr'><strong>Deum</strong></span> <span class='ocrx_word' id='word_1_594' title='bbox 2547 3993 2793 4048; x_wconf 78' lang='lat' dir='ltr'><strong>Verbum</strong></span> <span class='ocrx_word' id='word_1_595' title='bbox 2828 3991 3129 4044; x_wconf 87' lang='lat' dir='ltr'><strong>humanam</strong></span> <span class='ocrx_word' id='word_1_596' title='bbox 3159 3987 3325 4041; x_wconf 92' lang='lat' dir='ltr'><strong>docet</strong></span> <span class='ocrx_word' id='word_1_597' title='bbox 3348 3999 3476 4040; x_wconf 85' lang='lat' dir='ltr'><strong>sus-</strong></span> 
     </span>
    </p>
   </div>
   <div class='ocr_carea' id='block_1_85' title="bbox 1903 4079 3480 4164">
    <p class='ocr_par' dir='ltr' id='par_1_85' title="bbox 1903 4079 3480 4164">
     <span class='ocr_line' id='line_1_85' title="bbox 1903 4079 3480 4164; baseline -0.011 -15"><span class='ocrx_word' id='word_1_598' title='bbox 1903 4096 2124 4164; x_wconf 88' lang='lat' dir='ltr'><strong>cepisse</strong></span> <span class='ocrx_word' id='word_1_599' title='bbox 2179 4099 2466 4150; x_wconf 80' lang='lat' dir='ltr'><strong>naturam,</strong></span> <span class='ocrx_word' id='word_1_600' title='bbox 2517 4087 2613 4141; x_wconf 93' lang='lat' dir='ltr'><strong>sed</strong></span> <span class='ocrx_word' id='word_1_601' title='bbox 2672 4081 3054 4140; x_wconf 66' lang='lat' dir='ltr'><strong>subsistentia</strong></span> <span class='ocrx_word' id='word_1_602' title='bbox 3099 4079 3306 4142; x_wconf 87' lang='lat' dir='ltr'><strong>carnis,</strong></span> <span class='ocrx_word' id='word_1_603' title='bbox 3351 4091 3480 4148; x_wconf 67' lang='lat' dir='ltr'><strong>quas</strong></span> 
     </span>
    </p>
   </div>
   <div class='ocr_carea' id='block_1_86' title="bbox 1899 4167 3476 4243">
    <p class='ocr_par' dir='ltr' id='par_1_86' title="bbox 1899 4167 3476 4243">
     <span class='ocr_line' id='line_1_86' title="bbox 1899 4167 3476 4243; baseline -0.014 0"><span class='ocrx_word' id='word_1_604' title='bbox 1899 4188 2034 4243; x_wconf 90' lang='lat' dir='ltr'><strong>dum</strong></span> <span class='ocrx_word' id='word_1_605' title='bbox 2090 4186 2145 4239; x_wconf 91' lang='lat' dir='ltr'><strong>in</strong></span> <span class='ocrx_word' id='word_1_606' title='bbox 2181 4182 2562 4238; x_wconf 89' lang='lat' dir='ltr'><strong>membrorum</strong></span> <span class='ocrx_word' id='word_1_607' title='bbox 2620 4167 3476 4232; x_wconf 84' lang='lat' dir='ltr'><strong>extendebatur.lineamentis,</strong></span> 
     </span>
    </p>
   </div>
   <div class='ocr_carea' id='block_1_87' title="bbox 1901 4264 3477 4334">
    <p class='ocr_par' dir='ltr' id='par_1_87' title="bbox 1901 4264 3477 4334">
     <span class='ocr_line' id='line_1_87' title="bbox 1901 4264 3477 4334; baseline -0.015 0"><span class='ocrx_word' id='word_1_608' title='bbox 1901 4274 2324 4334; x_wconf 90' lang='lat' dir='ltr'><strong>subsistentiam</strong></span> <span class='ocrx_word' id='word_1_609' title='bbox 2397 4271 2494 4326; x_wconf 86' lang='lat' dir='ltr'><strong>Dei</strong></span> <span class='ocrx_word' id='word_1_610' title='bbox 2558 4267 2724 4323; x_wconf 85' lang='lat' dir='ltr'><strong>Verbi</strong></span> <span class='ocrx_word' id='word_1_611' title='bbox 2786 4264 3135 4319; x_wconf 89' lang='lat' dir='ltr'><strong>demonstrat</strong></span> <span class='ocrx_word' id='word_1_612' title='bbox 3183 4273 3477 4313; x_wconf 80' lang='lat' dir='ltr'><strong>annexam.</strong></span> 
     </span>
    </p>
   </div>
   <div class='ocr_carea' id='block_1_88' title="bbox 1901 4349 3483 4436">
    <p class='ocr_par' dir='ltr' id='par_1_88' title="bbox 1901 4349 3483 4436">
     <span class='ocr_line' id='line_1_88' title="bbox 1901 4349 3483 4436; baseline -0.016 -9"><span class='ocrx_word' id='word_1_613' title='bbox 1901 4370 2058 4429; x_wconf 88' lang='lat' dir='ltr'><strong>Unde</strong></span> <span class='ocrx_word' id='word_1_614' title='bbox 2105 4383 2216 4422; x_wconf 93' lang='lat' dir='ltr'><strong>non</strong></span> <span class='ocrx_word' id='word_1_615' title='bbox 2243 4369 2354 4436; x_wconf 80' lang='lat' dir='ltr'><strong>jam</strong></span> <span class='ocrx_word' id='word_1_616' title='bbox 2385 4377 2577 4424; x_wconf 92' lang='lat' dir='ltr'><strong>unam,</strong></span> <span class='ocrx_word' id='word_1_617' title='bbox 2621 4357 2718 4413; x_wconf 88' lang='lat' dir='ltr'><strong>sed</strong></span> <span class='ocrx_word' id='word_1_618' title='bbox 2765 4356 2905 4411; x_wconf 89' lang='lat' dir='ltr'><strong>duas</strong></span> <span class='ocrx_word' id='word_1_619' title='bbox 2932 4349 3330 4408; x_wconf 88' lang='lat' dir='ltr'><strong>subsistentias</strong></span> <span class='ocrx_word' id='word_1_620' title='bbox 3361 4349 3483 4403; x_wconf 82' lang='lat' dir='ltr'><strong>sive</strong></span> 
     </span>
    </p>
   </div>
   <div class='ocr_carea' id='block_1_89' title="bbox 1904 4437 3483 4532">
    <p class='ocr_par' dir='ltr' id='par_1_89' title="bbox 1904 4437 3483 4532">
     <span class='ocr_line' id='line_1_89' title="bbox 1904 4437 3483 4532; baseline -0.018 -14"><span class='ocrx_word' id='word_1_621' title='bbox 1904 4463 2172 4532; x_wconf 75' lang='lat' dir='ltr'><strong>personas</strong></span> <span class='ocrx_word' id='word_1_622' title='bbox 2221 4457 2316 4510; x_wconf 87' lang='lat' dir='ltr'><strong>Dei</strong></span> <span class='ocrx_word' id='word_1_623' title='bbox 2374 4451 2540 4508; x_wconf 86' lang='lat' dir='ltr'><strong>Verbi</strong></span> <span class='ocrx_word' id='word_1_624' title='bbox 2596 4445 2894 4508; x_wconf 90' lang='lat' dir='ltr'><strong>incarnati,</strong></span> <span class='ocrx_word' id='word_1_625' title='bbox 2942 4450 3000 4497; x_wconf 87' lang='lat' dir='ltr'><strong>et</strong></span> <span class='ocrx_word' id='word_1_626' title='bbox 3051 4439 3298 4494; x_wconf 84' lang='lat' dir='ltr'><strong>hominis</strong></span> <span class='ocrx_word' id='word_1_627' title='bbox 3347 4437 3483 4492; x_wconf 82' lang='lat' dir='ltr'><strong>facti</strong></span> 
     </span>
    </p>
   </div>
   <div class='ocr_carea' id='block_1_90' title="bbox 215 4523 3487 4613">
    <p class='ocr_par' dir='ltr' id='par_1_90' title="bbox 215 4523 3487 4613">
     <span class='ocr_line' id='line_1_90' title="bbox 215 4523 3487 4613; baseline -0.009 -1"><span class='ocrx_word' id='word_1_628' title='bbox 215 4568 266 4613; x_wconf 87' lang='lat' dir='ltr'><strong>et</strong></span> <span class='ocrx_word' id='word_1_629' title='bbox 289 4569 377 4612; x_wconf 88' lang='lat' dir='ltr'><strong>est</strong></span> <span class='ocrx_word' id='word_1_630' title='bbox 406 4559 560 4612; x_wconf 85' lang='lat' dir='ltr'><strong>Deus</strong></span> <span class='ocrx_word' id='word_1_631' title='bbox 593 4573 720 4612; x_wconf 90' lang='lat' dir='ltr'><strong>cum</strong></span> <span class='ocrx_word' id='word_1_632' title='bbox 759 4523 857 4612; x_wconf 83' lang='lat' dir='ltr'><strong>illo</strong></span> <span class='ocrx_word' id='word_1_633' title='bbox 880 4556 1005 4611; x_wconf 90' lang='lat' dir='ltr'><strong>sine</strong></span> <span class='ocrx_word' id='word_1_634' title='bbox 1037 4523 1212 4609; x_wconf 77' lang='lat' dir='ltr'><strong>dubio</strong></span> <span class='ocrx_word' id='word_1_635' title='bbox 1245 4523 1430 4608; x_wconf 60' lang='lat' dir='ltr'><strong>Dater.</strong></span> <span class='ocrx_word' id='word_1_636' title='bbox 1458 4551 1676 4608; x_wconf 86' lang='lat' dir='ltr'><strong>Idcirco</strong></span> <span class='ocrx_word' id='word_1_637' title='bbox 1704 4552 1773 4607; x_wconf 92' lang='lat' dir='ltr'><strong>de</strong></span> <span class='ocrx_word' id='word_1_638' title='bbox 1831 4523 1876 4579; x_wconf 71' lang='grc' dir='ltr'><strong>θ</strong></span> <span class='ocrx_word' id='word_1_639' title='bbox 1905 4523 2134 4608; x_wconf 77' lang='lat' dir='ltr'><strong>credere</strong></span> <span class='ocrx_word' id='word_1_640' title='bbox 2167 4550 2492 4603; x_wconf 90' lang='lat' dir='ltr'><strong>denotatur.</strong></span> <span class='ocrx_word' id='word_1_641' title='bbox 2523 4541 2688 4596; x_wconf 84' lang='lat' dir='ltr'><strong>Fides</strong></span> <span class='ocrx_word' id='word_1_642' title='bbox 2715 4547 2902 4594; x_wconf 90' lang='lat' dir='ltr'><strong>autem</strong></span> <span class='ocrx_word' id='word_1_643' title='bbox 2924 4533 3200 4589; x_wconf 88' lang='lat' dir='ltr'><strong>catholica</strong></span> <span class='ocrx_word' id='word_1_644' title='bbox 3231 4547 3339 4585; x_wconf 94' lang='lat' dir='ltr'><strong>non</strong></span> <span class='ocrx_word' id='word_1_645' title='bbox 3366 4531 3487 4598; x_wconf 88' lang='lat' dir='ltr'><strong>ipsa</strong></span> 
     </span>
    </p>
   </div>
   <div class='ocr_carea' id='block_1_91' title="bbox 216 4622 3492 4730">
    <p class='ocr_par' dir='ltr' id='par_1_91' title="bbox 216 4622 3492 4730">
     <span class='ocr_line' id='line_1_91' title="bbox 216 4622 3492 4730; baseline -0.01 -24"><span class='ocrx_word' id='word_1_646' title='bbox 216 4653 381 4722; x_wconf 92' lang='lat' dir='ltr'><strong>nique</strong></span> <span class='ocrx_word' id='word_1_647' title='bbox 400 4652 657 4706; x_wconf 91' lang='lat' dir='ltr'><strong>omnium</strong></span> <span class='ocrx_word' id='word_1_648' title='bbox 689 4650 961 4730; x_wconf 73' lang='lat' dir='ltr'><strong>Dominus</strong></span> <span class='ocrx_word' id='word_1_649' title='bbox 1014 4647 1190 4718; x_wconf 85' lang='lat' dir='ltr'><strong>ipsius</strong></span> <span class='ocrx_word' id='word_1_650' title='bbox 1218 4645 1464 4716; x_wconf 87' lang='lat' dir='ltr'><strong>Apostoli</strong></span> <span class='ocrx_word' id='word_1_651' title='bbox 1488 4661 1622 4701; x_wconf 92' lang='lat' dir='ltr'><strong>voce</strong></span> <span class='ocrx_word' id='word_1_652' title='bbox 1648 4661 1806 4700; x_wconf 90' lang='lat' dir='ltr'><strong>mon-</strong></span> <span class='ocrx_word' id='word_1_653' title='bbox 1905 4643 2369 4702; x_wconf 74' lang='lat' dir='ltr'><strong>conformatione,</strong></span> <span class='ocrx_word' id='word_1_654' title='bbox 2423 4645 2484 4690; x_wconf 92' lang='lat' dir='ltr'><strong>ut</strong></span> <span class='ocrx_word' id='word_1_655' title='bbox 2535 4645 2592 4688; x_wconf 92' lang='lat' dir='ltr'><strong>tu</strong></span> <span class='ocrx_word' id='word_1_656' title='bbox 2637 4631 2864 4692; x_wconf 91' lang='lat' dir='ltr'><strong>asseris,</strong></span> <span class='ocrx_word' id='word_1_657' title='bbox 2921 4625 3022 4682; x_wconf 89' lang='lat' dir='ltr'><strong>sed</strong></span> <span class='ocrx_word' id='word_1_658' title='bbox 3067 4624 3251 4694; x_wconf 88' lang='lat' dir='ltr'><strong>ipsum</strong></span> <span class='ocrx_word' id='word_1_659' title='bbox 3313 4622 3492 4676; x_wconf 85' lang='lat' dir='ltr'><strong>Deum</strong></span> 
     </span>
    </p>
   </div>
   <div class='ocr_carea' id='block_1_92' title="bbox 216 4711 3490 4812">
    <p class='ocr_par' dir='ltr' id='par_1_92' title="bbox 216 4711 3490 4812">
     <span class='ocr_line' id='line_1_92' title="bbox 216 4711 3490 4812; baseline -0.009 -16"><span class='ocrx_word' id='word_1_660' title='bbox 216 4753 449 4798; x_wconf 88' lang='lat' dir='ltr'><strong>stratur.</strong></span> <span class='ocrx_word' id='word_1_661' title='bbox 493 4743 754 4812; x_wconf 78' lang='lat' dir='ltr'><strong>Alioquin</strong></span> <span class='ocrx_word' id='word_1_662' title='bbox 787 4711 834 4797; x_wconf 73' lang='lat' dir='ltr'><strong>si</strong></span> <span class='ocrx_word' id='word_1_663' title='bbox 864 4742 937 4796; x_wconf 90' lang='lat' dir='ltr'><strong>ob</strong></span> <span class='ocrx_word' id='word_1_664' title='bbox 972 4740 1050 4804; x_wconf 91' lang='lat' dir='ltr'><strong>id,</strong></span> <span class='ocrx_word' id='word_1_665' title='bbox 1085 4739 1234 4809; x_wconf 91' lang='lat' dir='ltr'><strong>quod</strong></span> <span class='ocrx_word' id='word_1_666' title='bbox 1262 4711 1470 4793; x_wconf 83' lang='lat' dir='ltr'><strong>dictum</strong></span> <span class='ocrx_word' id='word_1_667' title='bbox 1500 4746 1612 4792; x_wconf 89' lang='lat' dir='ltr'><strong>est:</strong></span> <span class='ocrx_word' id='word_1_668' title='bbox 1668 4736 1806 4790; x_wconf 87' lang='lat' dir='ltr'><strong>Erat</strong></span> <span class='ocrx_word' id='word_1_669' title='bbox 1903 4736 2147 4792; x_wconf 86' lang='lat' dir='ltr'><strong>Verbum</strong></span> <span class='ocrx_word' id='word_1_670' title='bbox 2200 4727 2508 4786; x_wconf 87' lang='lat' dir='ltr'><strong>secundum</strong></span> <span class='ocrx_word' id='word_1_671' title='bbox 2563 4737 2810 4783; x_wconf 86' lang='lat' dir='ltr'><strong>carnem,</strong></span> <span class='ocrx_word' id='word_1_672' title='bbox 2865 4733 2894 4772; x_wconf 92' lang='lat' dir='ltr'><strong>a</strong></span> <span class='ocrx_word' id='word_1_673' title='bbox 2927 4715 3232 4783; x_wconf 89' lang='lat' dir='ltr'><strong>semetipso</strong></span> <span class='ocrx_word' id='word_1_674' title='bbox 3275 4711 3490 4767; x_wconf 81' lang='lat' dir='ltr'><strong>forma-</strong></span> 
     </span>
    </p>
   </div>
   <div class='ocr_carea' id='block_1_93' title="bbox 222 4804 3498 4896">
    <p class='ocr_par' dir='ltr' id='par_1_93' title="bbox 222 4804 3498 4896">
     <span class='ocr_line' id='line_1_93' title="bbox 222 4804 3498 4896; baseline -0.009 -9"><span class='ocrx_word' id='word_1_675' title='bbox 222 4833 354 4888; x_wconf 82' lang='lat' dir='ltr'><strong>Deus</strong></span> <span class='ocrx_word' id='word_1_676' title='bbox 380 4848 507 4884; x_wconf 82' lang='lat' dir='ltr'><strong>cum</strong></span> <span class='ocrx_word' id='word_1_677' title='bbox 531 4831 646 4896; x_wconf 82' lang='lat' dir='ltr'><strong>illo,</strong></span> <span class='ocrx_word' id='word_1_678' title='bbox 675 4847 783 4886; x_wconf 92' lang='lat' dir='ltr'><strong>non</strong></span> <span class='ocrx_word' id='word_1_679' title='bbox 805 4832 968 4887; x_wconf 86' lang='lat' dir='ltr'><strong>Pater</strong></span> <span class='ocrx_word' id='word_1_680' title='bbox 995 4804 1123 4886; x_wconf 84' lang='lat' dir='ltr'><strong>cum</strong></span> <span class='ocrx_word' id='word_1_681' title='bbox 1148 4830 1310 4895; x_wconf 84' lang='lat' dir='ltr'><strong>Filio,</strong></span> <span class='ocrx_word' id='word_1_682' title='bbox 1342 4827 1442 4883; x_wconf 87' lang='lat' dir='ltr'><strong>sed</strong></span> <span class='ocrx_word' id='word_1_683' title='bbox 1471 4829 1619 4883; x_wconf 90' lang='lat' dir='ltr'><strong>Deus</strong></span> <span class='ocrx_word' id='word_1_684' title='bbox 1634 4827 1809 4883; x_wconf 88' lang='lat' dir='ltr'><strong>Filius</strong></span> <span class='ocrx_word' id='word_1_685' title='bbox 1910 4833 2050 4893; x_wconf 89' lang='lat' dir='ltr'><strong>tum,</strong></span> <span class='ocrx_word' id='word_1_686' title='bbox 2083 4827 2403 4892; x_wconf 81' lang='lat' dir='ltr'><strong>factumque</strong></span> <span class='ocrx_word' id='word_1_687' title='bbox 2457 4818 2760 4879; x_wconf 91' lang='lat' dir='ltr'><strong>hominem,</strong></span> <span class='ocrx_word' id='word_1_688' title='bbox 2793 4812 2947 4868; x_wconf 85' lang='lat' dir='ltr'><strong>salva</strong></span> <span class='ocrx_word' id='word_1_689' title='bbox 3004 4804 3316 4864; x_wconf 84' lang='lat' dir='ltr'><strong>divinitatis</strong></span> <span class='ocrx_word' id='word_1_690' title='bbox 3369 4804 3498 4875; x_wconf 81' lang='lat' dir='ltr'><strong>ejus</strong></span> 
     </span>
    </p>
   </div>
   <div class='ocr_carea' id='block_1_94' title="bbox 217 4925 1809 4997">
    <p class='ocr_par' dir='ltr' id='par_1_94' title="bbox 217 4925 1809 4997">
     <span class='ocr_line' id='line_1_94' title="bbox 217 4925 1809 4997; baseline -0.003 -14"><span class='ocrx_word' id='word_1_691' title='bbox 217 4945 343 4984; x_wconf 89' lang='lat' dir='ltr'><strong>cum</strong></span> <span class='ocrx_word' id='word_1_692' title='bbox 403 4929 543 4984; x_wconf 83' lang='lat' dir='ltr'><strong>Jesu</strong></span> <span class='ocrx_word' id='word_1_693' title='bbox 597 4927 820 4984; x_wconf 90' lang='lat' dir='ltr'><strong>Christo</strong></span> <span class='ocrx_word' id='word_1_694' title='bbox 885 4943 1008 4984; x_wconf 88' lang='lat' dir='ltr'><strong>esse</strong></span> <span class='ocrx_word' id='word_1_695' title='bbox 1072 4925 1473 4997; x_wconf 82' lang='lat' dir='ltr'><strong>intelligendus</strong></span> <span class='ocrx_word' id='word_1_696' title='bbox 1523 4933 1629 4989; x_wconf 87' lang='lat' dir='ltr'><strong>est,</strong></span> <span class='ocrx_word' id='word_1_697' title='bbox 1682 4934 1809 4979; x_wconf 87' lang='lat' dir='ltr'><strong>erat</strong></span> 
     </span>
    </p>
   </div>
   <div class='ocr_carea' id='block_1_95' title="bbox 217 5015 1806 5090">
    <p class='ocr_par' dir='ltr' id='par_1_95' title="bbox 217 5015 1806 5090">
     <span class='ocr_line' id='line_1_95' title="bbox 217 5015 1806 5090; baseline -0.001 -18"><span class='ocrx_word' id='word_1_698' title='bbox 217 5021 414 5090; x_wconf 87' lang='lat' dir='ltr'><strong>procul</strong></span> <span class='ocrx_word' id='word_1_699' title='bbox 440 5019 617 5074; x_wconf 85' lang='lat' dir='ltr'><strong>dubio</strong></span> <span class='ocrx_word' id='word_1_700' title='bbox 642 5020 902 5075; x_wconf 87' lang='lat' dir='ltr'><strong>omnibus</strong></span> <span class='ocrx_word' id='word_1_701' title='bbox 933 5018 1224 5090; x_wconf 80' lang='lat' dir='ltr'><strong>prophetis</strong></span> <span class='ocrx_word' id='word_1_702' title='bbox 1251 5016 1499 5086; x_wconf 61' lang='lat' dir='ltr'><strong>aequalis,</strong></span> <span class='ocrx_word' id='word_1_703' title='bbox 1539 5015 1626 5070; x_wconf 91' lang='lat' dir='ltr'><strong>vel</strong></span> <span class='ocrx_word' id='word_1_704' title='bbox 1653 5025 1806 5070; x_wconf 89' lang='lat' dir='ltr'><strong>certe</strong></span> 
     </span>
    </p>
   </div>
   <div class='ocr_carea' id='block_1_96' title="bbox 215 5107 1800 5182">
    <p class='ocr_par' dir='ltr' id='par_1_96' title="bbox 215 5107 1800 5182">
     <span class='ocr_line' id='line_1_96' title="bbox 215 5107 1800 5182; baseline -0.004 -18"><span class='ocrx_word' id='word_1_705' title='bbox 215 5113 422 5181; x_wconf 81' lang='lat' dir='ltr'><strong>loseph</strong></span> <span class='ocrx_word' id='word_1_706' title='bbox 456 5111 573 5166; x_wconf 88' lang='lat' dir='ltr'><strong>ﬁlio</strong></span> <span class='ocrx_word' id='word_1_707' title='bbox 605 5112 943 5182; x_wconf 83' lang='lat' dir='ltr'><strong>Jacob,quia</strong></span> <span class='ocrx_word' id='word_1_708' title='bbox 966 5121 1022 5166; x_wconf 93' lang='lat' dir='ltr'><strong>et</strong></span> <span class='ocrx_word' id='word_1_709' title='bbox 1045 5110 1115 5166; x_wconf 92' lang='lat' dir='ltr'><strong>de</strong></span> <span class='ocrx_word' id='word_1_710' title='bbox 1136 5125 1206 5165; x_wconf 93' lang='lat' dir='ltr'><strong>eo</strong></span> <span class='ocrx_word' id='word_1_711' title='bbox 1231 5109 1503 5178; x_wconf 91' lang='lat' dir='ltr'><strong>scriptum</strong></span> <span class='ocrx_word' id='word_1_712' title='bbox 1533 5116 1683 5162; x_wconf 88' lang='lat' dir='ltr'><strong>erat:</strong></span> <span class='ocrx_word' id='word_1_713' title='bbox 1730 5107 1800 5160; x_wconf 83' lang='lat' dir='ltr'><strong>Et</strong></span> 
     </span>
    </p>
   </div>
   <div class='ocr_carea' id='block_1_97' title="bbox 219 5198 1807 5274">
    <p class='ocr_par' dir='ltr' id='par_1_97' title="bbox 219 5198 1807 5274">
     <span class='ocr_line' id='line_1_97' title="bbox 219 5198 1807 5274; baseline -0.003 -17"><span class='ocrx_word' id='word_1_714' title='bbox 219 5215 336 5258; x_wconf 80' lang='lat' dir='ltr'><strong>erat</strong></span> <span class='ocrx_word' id='word_1_715' title='bbox 368 5204 513 5258; x_wconf 88' lang='lat' dir='ltr'><strong>Deus</strong></span> <span class='ocrx_word' id='word_1_716' title='bbox 568 5203 896 5258; x_wconf 79' lang='lat' dir='ltr'><strong>cumillo&quot;.</strong></span> <span class='ocrx_word' id='word_1_717' title='bbox 927 5204 1037 5274; x_wconf 85' lang='lat' dir='ltr'><strong>Ipsi</strong></span> <span class='ocrx_word' id='word_1_718' title='bbox 1082 5217 1308 5273; x_wconf 90' lang='lat' dir='ltr'><strong>quoque</strong></span> <span class='ocrx_word' id='word_1_719' title='bbox 1357 5201 1530 5257; x_wconf 82' lang='lat' dir='ltr'><strong>Jacob</strong></span> <span class='ocrx_word' id='word_1_720' title='bbox 1581 5198 1807 5269; x_wconf 87' lang='lat' dir='ltr'><strong>proﬁci-</strong></span> 
     </span>
    </p>
   </div>
   <div class='ocr_carea' id='block_1_98' title="bbox 220 5298 1808 5367">
    <p class='ocr_par' dir='ltr' id='par_1_98' title="bbox 220 5298 1808 5367">
     <span class='ocr_line' id='line_1_98' title="bbox 220 5298 1808 5367; baseline -0.004 -12"><span class='ocrx_word' id='word_1_721' title='bbox 220 5301 401 5355; x_wconf 84' lang='lat' dir='ltr'><strong>scenti</strong></span> <span class='ocrx_word' id='word_1_722' title='bbox 436 5301 497 5355; x_wconf 89' lang='lat' dir='ltr'><strong>in</strong></span> <span class='ocrx_word' id='word_1_723' title='bbox 540 5299 782 5367; x_wconf 85' lang='lat' dir='ltr'><strong>Charan,</strong></span> <span class='ocrx_word' id='word_1_724' title='bbox 823 5299 963 5355; x_wconf 86' lang='lat' dir='ltr'><strong>dicit</strong></span> <span class='ocrx_word' id='word_1_725' title='bbox 1013 5300 1190 5354; x_wconf 88' lang='lat' dir='ltr'><strong>Deus:</strong></span> <span class='ocrx_word' id='word_1_726' title='bbox 1231 5298 1338 5352; x_wconf 84' lang='lat' dir='ltr'><strong>Ero</strong></span> <span class='ocrx_word' id='word_1_727' title='bbox 1393 5306 1561 5352; x_wconf 86' lang='lat' dir='ltr'><strong>tecum</strong></span> <span class='ocrx_word' id='word_1_728' title='bbox 1587 5299 1724 5350; x_wconf 83' lang='lat' dir='ltr'><strong>sicut</strong></span> <span class='ocrx_word' id='word_1_729' title='bbox 1758 5303 1808 5350; x_wconf 85' lang='lat' dir='ltr'><strong>et</strong></span> 
     </span>
    </p>
   </div>
   <div class='ocr_carea' id='block_1_99' title="bbox 221 5389 1808 5464">
    <p class='ocr_par' dir='ltr' id='par_1_99' title="bbox 221 5389 1808 5464">
     <span class='ocr_line' id='line_1_99' title="bbox 221 5389 1808 5464; baseline -0.002 -18"><span class='ocrx_word' id='word_1_730' title='bbox 221 5411 343 5447; x_wconf 79' lang='lat' dir='ltr'><strong>rum</strong></span> <span class='ocrx_word' id='word_1_731' title='bbox 361 5404 520 5464; x_wconf 84' lang='lat' dir='ltr'><strong>patre</strong></span> <span class='ocrx_word' id='word_1_732' title='bbox 547 5402 637 5448; x_wconf 89' lang='lat' dir='ltr'><strong>tuo</strong></span> <span class='ocrx_word' id='word_1_733' title='bbox 674 5394 740 5449; x_wconf 84' lang='grc'><strong>⁷⁸.</strong></span> <span class='ocrx_word' id='word_1_734' title='bbox 766 5394 836 5449; x_wconf 87' lang='lat' dir='ltr'><strong>Et</strong></span> <span class='ocrx_word' id='word_1_735' title='bbox 879 5395 1007 5450; x_wconf 91' lang='lat' dir='ltr'><strong>ideo</strong></span> <span class='ocrx_word' id='word_1_736' title='bbox 1042 5393 1209 5449; x_wconf 91' lang='lat' dir='ltr'><strong>nimis</strong></span> <span class='ocrx_word' id='word_1_737' title='bbox 1237 5400 1324 5449; x_wconf 88' lang='lat' dir='ltr'><strong>est</strong></span> <span class='ocrx_word' id='word_1_738' title='bbox 1352 5391 1581 5462; x_wconf 89' lang='lat' dir='ltr'><strong>impium</strong></span> <span class='ocrx_word' id='word_1_739' title='bbox 1614 5389 1808 5445; x_wconf 89' lang='lat' dir='ltr'><strong>Salva-</strong></span> 
     </span>
    </p>
   </div>
   <div class='ocr_carea' id='block_1_100' title="bbox 223 5486 1224 5556">
    <p class='ocr_par' dir='ltr' id='par_1_100' title="bbox 223 5486 1224 5556">
     <span class='ocr_line' id='line_1_100' title="bbox 223 5486 1224 5556; baseline 0 -16"><span class='ocrx_word' id='word_1_740' title='bbox 223 5496 407 5541; x_wconf 89' lang='lat' dir='ltr'><strong>torem</strong></span> <span class='ocrx_word' id='word_1_741' title='bbox 432 5486 687 5542; x_wconf 90' lang='lat' dir='ltr'><strong>omnium</strong></span> <span class='ocrx_word' id='word_1_742' title='bbox 721 5501 946 5556; x_wconf 71' lang='lat' dir='ltr'><strong>aequare</strong></span> <span class='ocrx_word' id='word_1_743' title='bbox 972 5487 1224 5542; x_wconf 87' lang='lat' dir='ltr'><strong>salvatis.</strong></span> 
     </span>
    </p>
   </div>
   <div class='ocr_carea' id='block_1_101' title="bbox 291 5574 1810 5649">
    <p class='ocr_par' dir='ltr' id='par_1_101' title="bbox 291 5574 1810 5649">
     <span class='ocr_line' id='line_1_101' title="bbox 291 5574 1810 5649; baseline -0.003 -17"><span class='ocrx_word' id='word_1_744' title='bbox 291 5575 684 5648; x_wconf 63' lang='lat' dir='ltr'><strong>N..£qualem</strong></span> <span class='ocrx_word' id='word_1_745' title='bbox 718 5594 902 5648; x_wconf 87' lang='lat' dir='ltr'><strong>neque</strong></span> <span class='ocrx_word' id='word_1_746' title='bbox 933 5576 1248 5649; x_wconf 90' lang='lat' dir='ltr'><strong>prophetis,</strong></span> <span class='ocrx_word' id='word_1_747' title='bbox 1284 5590 1471 5647; x_wconf 90' lang='lat' dir='ltr'><strong>neque</strong></span> <span class='ocrx_word' id='word_1_748' title='bbox 1521 5574 1691 5632; x_wconf 86' lang='lat' dir='ltr'><strong>Jacob</strong></span> <span class='ocrx_word' id='word_1_749' title='bbox 1713 5582 1810 5629; x_wconf 89' lang='lat' dir='ltr'><strong>aut</strong></span> 
     </span>
    </p>
   </div>
   <div class='ocr_carea' id='block_1_102' title="bbox 302 5731 1416 5806">
    <p class='ocr_par' dir='ltr' id='par_1_102' title="bbox 302 5731 1416 5806">
     <span class='ocr_line' id='line_1_102' title="bbox 302 5731 1416 5806; baseline -0.011 -7"><span class='ocrx_word' id='word_1_750' title='bbox 302 5745 353 5777; x_wconf 79' lang='lat'>”</span> <span class='ocrx_word' id='word_1_751' title='bbox 381 5745 504 5798; x_wconf 72' lang='lat' dir='ltr'><strong>Act.</strong></span> <span class='ocrx_word' id='word_1_752' title='bbox 536 5757 593 5806; x_wconf 77' lang='grc' dir='ltr'><strong>ι,</strong></span> <span class='ocrx_word' id='word_1_753' title='bbox 621 5739 811 5796; x_wconf 76' lang='lat'><strong>36-38.</strong></span> <span class='ocrx_word' id='word_1_754' title='bbox 916 5735 980 5769; x_wconf 79' lang='lat'><strong>&quot;‘</strong></span> <span class='ocrx_word' id='word_1_755' title='bbox 1000 5732 1223 5806; x_wconf 9' lang='lat' dir='ltr'><strong>rllabac.</strong></span> <span class='ocrx_word' id='word_1_756' title='bbox 1255 5747 1337 5800; x_wconf 84' lang='grc' dir='ltr'><strong>ιιι,</strong></span> <span class='ocrx_word' id='word_1_757' title='bbox 1363 5731 1416 5787; x_wconf 80' lang='grc'><strong>5.</strong></span> 
     </span>
    </p>
   </div>
   <div class='ocr_carea' id='block_1_103' title="bbox 230 5805 1046 5882">
    <p class='ocr_par' dir='ltr' id='par_1_103' title="bbox 230 5805 1046 5882">
     <span class='ocr_line' id='line_1_103' title="bbox 230 5805 1046 5882; baseline -0.015 -11"><span class='ocrx_word' id='word_1_758' title='bbox 230 5831 399 5882; x_wconf 81' lang='lat' dir='ltr'><strong>xxxv,</strong></span> <span class='ocrx_word' id='word_1_759' title='bbox 436 5811 520 5868; x_wconf 78' lang='lat' dir='ltr'><strong>I2.</strong></span> <span class='ocrx_word' id='word_1_760' title='bbox 580 5805 664 5844; x_wconf 48' lang='grc'>⁷⁷³⁸</span> <span class='ocrx_word' id='word_1_761' title='bbox 691 5809 891 5866; x_wconf 80' lang='lat' dir='ltr'><strong>Jorem.</strong></span> <span class='ocrx_word' id='word_1_762' title='bbox 930 5821 966 5872; x_wconf 84' lang='grc' dir='ltr'><strong>ι,</strong></span> <span class='ocrx_word' id='word_1_763' title='bbox 992 5805 1046 5860; x_wconf 79' lang='grc'><strong>5.</strong></span> 
     </span>
    </p>
   </div>
   <div class='ocr_carea' id='block_1_104' title="bbox 1520 5727 1930 5796">
    <p class='ocr_par' dir='ltr' id='par_1_104' title="bbox 1520 5727 1930 5796">
     <span class='ocr_line' id='line_1_104' title="bbox 1520 5727 1930 5796; baseline -0.02 -7"><span class='ocrx_word' id='word_1_764' title='bbox 1520 5731 1564 5762; x_wconf 82' lang='grc'><strong>’⁸</strong></span> <span class='ocrx_word' id='word_1_765' title='bbox 1607 5731 1726 5788; x_wconf 83' lang='lat' dir='ltr'><strong>Act.</strong></span> <span class='ocrx_word' id='word_1_766' title='bbox 1761 5744 1813 5796; x_wconf 88' lang='lat' dir='ltr'><strong>x,</strong></span> <span class='ocrx_word' id='word_1_767' title='bbox 1840 5727 1930 5785; x_wconf 79' lang='lat'><strong>38.</strong></span> 
     </span>
    </p>
   </div>
   <div class='ocr_carea' id='block_1_105' title="bbox 1913 4911 2578 4977">
    <p class='ocr_par' dir='ltr' id='par_1_105' title="bbox 1913 4911 2578 4977">
     <span class='ocr_line' id='line_1_105' title="bbox 1913 4911 2578 4977; baseline -0.02 0"><span class='ocrx_word' id='word_1_768' title='bbox 1913 4918 2229 4977; x_wconf 87' lang='lat' dir='ltr'><strong>substantia</strong></span> <span class='ocrx_word' id='word_1_769' title='bbox 2258 4911 2578 4970; x_wconf 87' lang='lat' dir='ltr'><strong>conﬁtetur.</strong></span> 
     </span>
    </p>
   </div>
   <div class='ocr_carea' id='block_1_106' title="bbox 1983 4988 3496 5077">
    <p class='ocr_par' dir='ltr' id='par_1_106' title="bbox 1983 4988 3496 5077">
     <span class='ocr_line' id='line_1_106' title="bbox 1983 4988 3496 5077; baseline -0.017 -10"><span class='ocrx_word' id='word_1_770' title='bbox 1983 5013 2051 5068; x_wconf 88' lang='lat' dir='ltr'><strong>N.</strong></span> <span class='ocrx_word' id='word_1_771' title='bbox 2082 5009 2228 5077; x_wconf 90' lang='lat' dir='ltr'><strong>Quid</strong></span> <span class='ocrx_word' id='word_1_772' title='bbox 2248 5009 2420 5076; x_wconf 78' lang='lat' dir='ltr'><strong>igitur</strong></span> <span class='ocrx_word' id='word_1_773' title='bbox 2447 5001 2659 5073; x_wconf 83' lang='lat' dir='ltr'><strong>negasti</strong></span> <span class='ocrx_word' id='word_1_774' title='bbox 2687 4998 2996 5055; x_wconf 90' lang='lat' dir='ltr'><strong>subsistere</strong></span> <span class='ocrx_word' id='word_1_775' title='bbox 3025 4993 3200 5047; x_wconf 90' lang='lat' dir='ltr'><strong>Deum</strong></span> <span class='ocrx_word' id='word_1_776' title='bbox 3224 4988 3496 5046; x_wconf 85' lang='lat' dir='ltr'><strong>Verbum?</strong></span> 
     </span>
    </p>
   </div>
   <div class='ocr_carea' id='block_1_107' title="bbox 1914 5083 3502 5169">
    <p class='ocr_par' dir='ltr' id='par_1_107' title="bbox 1914 5083 3502 5169">
     <span class='ocr_line' id='line_1_107' title="bbox 1914 5083 3502 5169; baseline -0.016 -8"><span class='ocrx_word' id='word_1_777' title='bbox 1914 5107 2021 5160; x_wconf 88' lang='lat' dir='ltr'><strong>hoc</strong></span> <span class='ocrx_word' id='word_1_778' title='bbox 2050 5105 2199 5158; x_wconf 90' lang='lat' dir='ltr'><strong>enim</strong></span> <span class='ocrx_word' id='word_1_779' title='bbox 2224 5099 2372 5169; x_wconf 85' lang='lat' dir='ltr'><strong>cogit</strong></span> <span class='ocrx_word' id='word_1_780' title='bbox 2425 5093 2661 5164; x_wconf 86' lang='lat' dir='ltr'><strong>intelligi</strong></span> <span class='ocrx_word' id='word_1_781' title='bbox 2690 5091 2827 5145; x_wconf 91' lang='lat' dir='ltr'><strong>illud</strong></span> <span class='ocrx_word' id='word_1_782' title='bbox 2862 5087 3015 5158; x_wconf 91' lang='lat' dir='ltr'><strong>quod</strong></span> <span class='ocrx_word' id='word_1_783' title='bbox 3058 5084 3221 5147; x_wconf 87' lang='lat' dir='ltr'><strong>dicis,</strong></span> <span class='ocrx_word' id='word_1_784' title='bbox 3256 5083 3436 5153; x_wconf 90' lang='lat' dir='ltr'><strong>ipsum</strong></span> <span class='ocrx_word' id='word_1_785' title='bbox 3463 5096 3502 5136; x_wconf 61' lang='grc' dir='ltr'>δ</span> 
     </span>
    </p>
   </div>
   <div class='ocr_carea' id='block_1_108' title="bbox 1914 5176 3500 5266">
    <p class='ocr_par' dir='ltr' id='par_1_108' title="bbox 1914 5176 3500 5266">
     <span class='ocr_line' id='line_1_108' title="bbox 1914 5176 3500 5266; baseline -0.016 -12"><span class='ocrx_word' id='word_1_786' title='bbox 1914 5197 2216 5266; x_wconf 89' lang='lat' dir='ltr'><strong>semetipso</strong></span> <span class='ocrx_word' id='word_1_787' title='bbox 2276 5194 2598 5254; x_wconf 75' lang='lat' dir='ltr'><strong>formatum,</strong></span> <span class='ocrx_word' id='word_1_788' title='bbox 2641 5186 3042 5251; x_wconf 90' lang='lat' dir='ltr'><strong>hominemque</strong></span> <span class='ocrx_word' id='word_1_789' title='bbox 3098 5179 3332 5240; x_wconf 81' lang='lat' dir='ltr'><strong>factum,</strong></span> <span class='ocrx_word' id='word_1_790' title='bbox 3363 5176 3500 5230; x_wconf 84' lang='lat' dir='ltr'><strong>licet</strong></span> 
     </span>
    </p>
   </div>
   <div class='ocr_carea' id='block_1_109' title="bbox 1914 5269 3503 5353">
    <p class='ocr_par' dir='ltr' id='par_1_109' title="bbox 1914 5269 3503 5353">
     <span class='ocr_line' id='line_1_109' title="bbox 1914 5269 3503 5353; baseline -0.018 -5"><span class='ocrx_word' id='word_1_791' title='bbox 1914 5292 2114 5348; x_wconf 87' lang='lat' dir='ltr'><strong>callide</strong></span> <span class='ocrx_word' id='word_1_792' title='bbox 2150 5291 2207 5344; x_wconf 91' lang='lat' dir='ltr'><strong>in</strong></span> <span class='ocrx_word' id='word_1_793' title='bbox 2241 5281 2721 5353; x_wconf 86' lang='lat' dir='ltr'><strong>consequentibus</strong></span> <span class='ocrx_word' id='word_1_794' title='bbox 2755 5277 2864 5332; x_wconf 89' lang='lat' dir='ltr'><strong>hoc</strong></span> <span class='ocrx_word' id='word_1_795' title='bbox 2912 5274 3059 5329; x_wconf 90' lang='lat' dir='ltr'><strong>idem</strong></span> <span class='ocrx_word' id='word_1_796' title='bbox 3098 5270 3332 5333; x_wconf 81' lang='lat' dir='ltr'><strong>factum,</strong></span> <span class='ocrx_word' id='word_1_797' title='bbox 3375 5269 3503 5323; x_wconf 86' lang='lat' dir='ltr'><strong>sine</strong></span> 
     </span>
    </p>
   </div>
   <div class='ocr_carea' id='block_1_110' title="bbox 1915 5368 3111 5441">
    <p class='ocr_par' dir='ltr' id='par_1_110' title="bbox 1915 5368 3111 5441">
     <span class='ocr_line' id='line_1_110' title="bbox 1915 5368 3111 5441; baseline -0.02 0"><span class='ocrx_word' id='word_1_798' title='bbox 1915 5401 2029 5441; x_wconf 74' lang='lat' dir='ltr'><strong>sua:</strong></span> <span class='ocrx_word' id='word_1_799' title='bbox 2047 5378 2358 5438; x_wconf 84' lang='lat' dir='ltr'><strong>divinitatis</strong></span> <span class='ocrx_word' id='word_1_800' title='bbox 2385 5373 2760 5431; x_wconf 88' lang='lat' dir='ltr'><strong>diminutione</strong></span> <span class='ocrx_word' id='word_1_801' title='bbox 2790 5368 3111 5424; x_wconf 87' lang='lat' dir='ltr'><strong>conﬁrmes.</strong></span> 
     </span>
    </p>
   </div>
   <div class='ocr_carea' id='block_1_111' title="bbox 1985 5451 3499 5541">
    <p class='ocr_par' dir='ltr' id='par_1_111' title="bbox 1985 5451 3499 5541">
     <span class='ocr_line' id='line_1_111' title="bbox 1985 5451 3499 5541; baseline -0.017 -10"><span class='ocrx_word' id='word_1_802' title='bbox 1985 5475 2049 5532; x_wconf 91' lang='lat' dir='ltr'><strong>C.</strong></span> <span class='ocrx_word' id='word_1_803' title='bbox 2077 5473 2242 5530; x_wconf 84' lang='lat' dir='ltr'><strong>Nullo</strong></span> <span class='ocrx_word' id='word_1_804' title='bbox 2265 5483 2498 5541; x_wconf 88' lang='lat' dir='ltr'><strong>prorsus</strong></span> <span class='ocrx_word' id='word_1_805' title='bbox 2521 5465 2690 5522; x_wconf 92' lang='lat' dir='ltr'><strong>modo</strong></span> <span class='ocrx_word' id='word_1_806' title='bbox 2734 5463 2911 5519; x_wconf 90' lang='lat' dir='ltr'><strong>Deum</strong></span> <span class='ocrx_word' id='word_1_807' title='bbox 2936 5456 3184 5514; x_wconf 88' lang='lat' dir='ltr'><strong>Verbum</strong></span> <span class='ocrx_word' id='word_1_808' title='bbox 3234 5469 3336 5525; x_wconf 84' lang='lat' dir='ltr'><strong>ego</strong></span> <span class='ocrx_word' id='word_1_809' title='bbox 3368 5451 3499 5508; x_wconf 61' lang='lat' dir='ltr'><strong>sul»</strong></span> 
     </span>
    </p>
   </div>
   <div class='ocr_carea' id='block_1_112' title="bbox 1918 5565 2383 5634">
    <p class='ocr_par' dir='ltr' id='par_1_112' title="bbox 1918 5565 2383 5634">
     <span class='ocr_line' id='line_1_112' title="bbox 1918 5565 2383 5634; baseline -0.022 -7"><span class='ocrx_word' id='word_1_810' title='bbox 1918 5570 2120 5627; x_wconf 89' lang='lat' dir='ltr'><strong>sistere</strong></span> <span class='ocrx_word' id='word_1_811' title='bbox 2148 5565 2383 5634; x_wconf 80' lang='lat' dir='ltr'><strong>denego.</strong></span> 
     </span>
    </p>
   </div>
   <div class='ocr_carea' id='block_1_113' title="bbox 2027 5711 3463 5787">
    <p class='ocr_par' dir='ltr' id='par_1_113' title="bbox 2027 5711 3463 5787">
     <span class='ocr_line' id='line_1_113' title="bbox 2027 5711 3463 5787; baseline -0.006 -9"><span class='ocrx_word' id='word_1_812' title='bbox 2027 5727 2071 5759; x_wconf 77' lang='grc' dir='ltr'><strong>τι</strong></span> <span class='ocrx_word' id='word_1_813' title='bbox 2105 5722 2264 5780; x_wconf 81' lang='lat' dir='ltr'><strong>Joan.</strong></span> <span class='ocrx_word' id='word_1_814' title='bbox 2298 5737 2412 5787; x_wconf 72' lang='lat' dir='ltr'><strong>xvn,</strong></span> <span class='ocrx_word' id='word_1_815' title='bbox 2449 5720 2537 5775; x_wconf 73' lang='grc'><strong>52.</strong></span> <span class='ocrx_word' id='word_1_816' title='bbox 2637 5719 2684 5750; x_wconf 87' lang='lat'>&quot;</span> <span class='ocrx_word' id='word_1_817' title='bbox 2712 5716 2850 5774; x_wconf 85' lang='lat' dir='ltr'><strong>Gen.</strong></span> <span class='ocrx_word' id='word_1_818' title='bbox 2882 5730 3071 5781; x_wconf 78' lang='lat' dir='ltr'><strong>xxxix,</strong></span> <span class='ocrx_word' id='word_1_819' title='bbox 3103 5713 3175 5772; x_wconf 77' lang='lat'><strong>23</strong></span> <span class='ocrx_word' id='word_1_820' title='bbox 3274 5714 3320 5746; x_wconf 88' lang='lat'>&quot;</span> <span class='ocrx_word' id='word_1_821' title='bbox 3350 5711 3463 5770; x_wconf 80' lang='lat' dir='ltr'><strong>Gen</strong></span> 
     </span>
    </p>
   </div>
  </div>
