4200 6426
679 387 774 454 127

1960 384 2281 447 IOANNIS
2315 386 2697 448 ΜΑΧΕΝΤΙΙ

3841 385 3940 446 1‘28

729 507 810 563 Ν.
854 502 1000 571 Quid
1054 501 1122 560 de
1155 517 1322 560 carne
1352 500 1470 560 slve
1511 501 1582 560 de
1635 511 1751 560 tota
1783 503 1959 560 sentis
1995 503 2256 559 humani-
2285 509 2332 568 Α
2364 506 2476 560 Deo
2509 505 2693 561 Verbo
2709 514 3021 574 susceptam
3060 501 3270 559 auditis
3310 510 3565 558 naturam
3616 505 3937 567 humanam,

669 605 782 653 tate
797 596 824 650 ?

740 687 804 741 C.
830 687 900 742 Et
925 687 1100 757 ipsam
1126 685 1247 741 sine
1270 684 1443 741 dubio
1464 699 1689 741 manere
1718 685 2004 756 profiteor.

698 779 702 782 ’
742 777 812 833 Ν.
842 777 980 833 Cum
1003 791 1134 846 ergo
1169 775 1480 831 subsistere
1522 777 1697 830 Deum
1723 776 1966 830 Verbum
1990 787 2048 829 et
2075 774 2256 830 homi—

679 885 802 924 nem
845 867 1010 934 dicis,
1049 882 1153 921 cur
1187 881 1377 932 unam,
1427 874 1485 921 et
1521 880 1633 920 non
1677 864 1814 921 duas
1867 865 2259 921 subsistentias

677 957 996 1031 profiteris?
1507 1027 1510 1030 Q

743 1051 807 1107 C.
862 1049 1003 1117 Quia
1056 1065 1170 1105 non
1223 1049 1439 1104 homini
1467 1049 1582 1118 jam
1628 1049 1683 1102 in
1718 1049 1951 1118 propria
2004 1046 2258 1101 manenti

678 1139 1037 1198 subsistentia
1090 1141 1265 1195 Deum
1313 1139 1555 1195 Verbum
1625 1140 1795 1194 credo
1844 1139 2065 1194 unitum
2095 1179 2111 1204 ,
2162 1149 2261 1192 aut

679 1236 875 1292 saltem
897 1234 1053 1290 carni
1079 1233 1331 1289 formata
1353 1241 1410 1290 et
1439 1234 1719 1300 animata,
1743 1249 1844 1305 per
1874 1248 2041 1304 quam
2073 1233 2265 1304 cujus-

679 1328 818 1384 libet
851 1326 1100 1382 hominis
1167 1325 1500 1394 intelligitur
1539 1342 1664 1382 esse
1691 1342 1952 1396 persona,
1998 1324 2097 1380 sed
2125 1324 2262 1379 sub-

681 1419 995 1473 sistentiam
1021 1416 1140 1472 sive
1166 1431 1466 1487 personam
1497 1416 1596 1470 Dei
1619 1417 1813 1480 Verbi,
1848 1426 2106 1470 naturam
2139 1431 2265 1470 sus-

681 1510 897 1581 cepisse
935 1511 1258 1573 humanam,
1282 1523 1406 1577 qua
1445 1523 1731 1578 nunquam
1766 1509 1920 1562 velut
1948 1506 2263 1562 communis

681 1609 885 1673 prater
923 1601 1096 1656 Deum
1147 1598 1395 1655 Verbum
1452 1599 1729 1664 subsistit,
1780 1599 1878 1654 sed
1927 1615 2027 1669 per
2077 1600 2260 1668 ipsum

676 1702 822 1757 orta,
845 1701 901 1748 et
931 1693 1001 1747 ab
1026 1707 1094 1747 eo
1119 1699 1400 1760 suscepta,
1431 1689 1611 1760 ipsius
1636 1689 1789 1746 facta
1828 1691 2071 1761 propria
2097 1698 2264 1744 natu-

683 1800 757 1838 ra
782 1792 890 1849 est,
916 1793 1214 1854 manetque
1247 1799 1360 1838 non
1394 1783 1450 1837 in
1479 1798 1599 1848 sua,
1635 1783 1730 1838 sed
1761 1783 1816 1836 in
1848 1798 1915 1837 eo
1938 1798 1968 1836 a
2000 1798 2113 1851 quo
2138 1797 2266 1836 sus-

683 1882 840 1943 cepta
891 1882 999 1938 est,
1050 1872 1158 1927 hoc
1208 1881 1325 1935 est,
1368 1871 1466 1926 Dei
1523 1871 1690 1926 Verbi
1729 1872 2096 1927 subsistentia
2144 1872 2265 1928 sive

681 1979 920 2035 persona
956 1982 970 2019 :
1003 1973 1060 2020 et
1086 1963 1214 2020 ideo
1236 1979 1348 2018 non
1410 1971 1544 2020 sunt
1589 1963 1714 2018 dua
1737 1963 2134 2027 subsistentia,
2167 1962 2266 2018 sed

683 2057 922 2115 duarum
957 2067 1312 2122 naturarum,
1339 2055 1508 2111 Verbi
1538 2053 1876 2112 videlicetet
1921 2055 2130 2120 carnis,
2158 2071 2266 2110 una

682 2149 1048 2206 subsistentia
1075 2149 1194 2204 sive
1220 2163 1462 2218 persona
1495 2157 1602 2202 est.

751 2240 820 2296 N.
855 2239 1000 2311 Ergo
1019 2239 1263 2294 humana
1301 2245 1504 2292 natura
1531 2237 1799 2294 divinitas
1828 2238 1976 2295 facta
2000 2239 2127 2295 est?

752 2331 816 2388 C.
868 2330 986 2386 lloc
1036 2332 1234 2387 saltem
1285 2331 1628 2403 cogitatione
1676 2331 1952 2403 recipere,
2006 2340 2270 2388 extrema

684 2424 958 2496 probatur
987 2425 1268 2480 amentia.

754 2516 821 2571 N.
848 2515 1141 2583 Quomodo
1187 2529 1291 2584 ego
1328 2513 1610 2585 propriam
1650 2513 1750 2570 Dei
1796 2513 1963 2570 Verbi
2009 2521 2268 2570 naturam

689 2609 986 2663 humanam
1019 2607 1164 2663 dicis
1198 2606 1494 2662 effectam?

756 2701 819 2756 C.
849 2699 988 2766 Quia
1032 2716 1145 2755 non
1171 2712 1258 2758 est
1284 2700 1524 2774 alicujus
1563 2699 1798 2757 alterius
1833 2701 1940 2756 nisi
1976 2701 2074 2756 Dei
2105 2698 2272 2755 Verbi

689 2792 934 2847 hominis
965 2791 1116 2847 facti.

762 2884 829 2940 N.
854 2884 1080 2938 Factum
1132 2883 1605 2953 quemadmodum
1661 2883 1867 2938 asseris
1891 2883 2067 2938 Deum
2095 2881 2276 2937 homi-

695 2991 844 3040 nem,
872 2982 932 3028 ut
959 2989 1085 3030 eum
1115 2983 1378 3045 tanquam
1421 2989 1758 3031 conversum
1823 2976 1878 3028 in
1939 2975 2275 3029 hominem?

690 3083 760 3122 an
807 3075 1036 3137 propter
1087 3075 1415 3136 susceptum
1460 3067 1531 3121 ab
1584 3081 1652 3122 eo
1716 3065 2003 3120 hominem
2065 3064 2276 3119 factum

692 3158 866 3213 Deum
890 3157 1172 3212 hominem
1201 3157 1510 3228 praedicas?

2357 607 2653 663 personam
2703 593 2774 648 ab
2811 607 2900 658 eo,
2962 592 3069 648 hoc
3089 600 3196 659 est,
3243 593 3550 659 hominem,
3598 602 3938 663 susceptam.

2357 701 2468 741 non
2501 685 2759 741 eumdem
2787 685 2992 741 factum
3015 684 3302 740 hominem
3330 684 3583 740 creditis.
3608 682 3750 739 Hine
3769 687 3938 740 etiam

2357 793 2463 833 nec
2484 792 2636 846 vere,
2667 793 2773 833 nec
2815 777 3043 848 proprie
3098 777 3317 831 beatam
3347 777 3656 846 Virginem,
3702 775 3801 830 Dei
3851 791 3943 830 ac-

2357 869 2650 938 quiescitis
2690 867 2922 923 credere
2966 866 3330 931 Genitricem,
3389 868 3523 937 quia
3574 881 3686 922 non
3755 868 3932 921 Deum

2361 959 2604 1017 Verbum
2633 958 3165 1014 ineommutabiliter
3193 973 3260 1012 ex
3312 959 3435 1029 ejus
3486 958 3802 1013 visceribus
3835 959 3939 1013 ho-

2361 1053 2570 1108 minem
2614 1051 2844 1116 factum,
2881 1049 2979 1105 sed
3024 1050 3309 1106 hominem
3353 1050 3467 1105 Deo
3502 1051 3722 1105 unitum
3755 1065 3825 1107 ex
3870 1065 3936 1105 ea

2360 1141 2590 1198 creditis
2610 1150 2826 1198 natum.

2431 1237 2499 1291 Ν.
2523 1235 2665 1302 Quia
2715 1250 2818 1291 nos
2854 1234 3135 1291 invalidos
3167 1235 3357 1308 arguis
3387 1236 3457 1292 ad
3503 1235 3945 1293 discernendum

2360 1327 2496 1398 quid
2545 1326 2694 1382 inter
2730 1335 2989 1382 naturam
3043 1327 3138 1392 sit,
3195 1336 3253 1382 et
3303 1344 3644 1398 personam,
3684 1329 3826 1384 doce
3879 1337 3940 1382 tu

2360 1427 2616 1475 naturam
2643 1434 2770 1476 esse
2813 1421 2936 1476 sine
2991 1435 3257 1490 persona:
3294 1429 3393 1475 aut
3425 1436 3550 1491 qua
3598 1422 3818 1492 possint
3845 1436 3948 1475 na-

2361 1512 2504 1568 turis
2532 1513 2760 1582 proprie
2788 1511 2910 1568 sine
2943 1527 3179 1583 persona
3215 1513 3490 1568 vocabula
3510 1515 3787 1584 coaptari.

2429 1603 2494 1660 C.
2517 1603 2856 1661 Naturarum
2880 1613 2938 1660 et
2972 1620 3227 1676 persona
3247 1614 3380 1661 sunt
3412 1606 3643 1676 propria
3696 1615 3754 1660 et
3796 1620 3954 1660 eom-

2364 1697 2556 1752 munia
2585 1696 2836 1762 nomina,
2867 1705 2926 1752 et
2951 1696 3177 1768 propria
3208 1696 3438 1767 quidem
3479 1697 3689 1752 nullam
3737 1695 3954 1752 faciunt

2367 1785 2757 1858 quastionem,
2806 1787 3124 1842 communia
3158 1802 3296 1843 vero
3330 1802 3455 1857 qua
3493 1801 3524 1842 a
3559 1787 3714 1842 falsis
3755 1787 3951 1841 docto-

2369 1882 2528 1936 ribus
2571 1878 2773 1936 callide
2816 1887 3258 1950 prasumuntnr,
3297 1880 3544 1951 aliquam
3597 1878 3956 1950 simpliciori-

2367 1970 2475 2026 bus
2495 1970 2758 2026 nebulam
2788 1969 3096 2028 dubietatis
3127 1970 3453 2028 offundunt.

2436 2061 2504 2116 N.
2533 2060 2669 2128 Qua
2691 2069 2822 2116 sunt
2845 2061 3096 2130 nomina,
3147 2078 3272 2134 qua
3300 2071 3397 2119 aut
3421 2063 3662 2120 aﬂ‘erant
3690 2073 3788 2120 aut
3840 2080 3956 2120 non

2369 2153 2604 2209 afferant
2634 2152 3045 2222 quaestionem?

2437 2249 2501 2306 C.
2534 2250 2724 2306 Deitas
2748 2258 2900 2304 certe
2927 2257 2984 2305 et
3008 2248 3350 2314 humanitas,
3383 2262 3517 2304 caro
3558 2257 3618 2304 et
3661 2247 3951 2314 divinitas,

2368 2343 2598 2413 propria
2627 2350 2760 2398 sunt
2781 2341 3007 2397 nomina
3027 2351 3360 2397 naturarum
3387 2357 3400 2395 :
3427 2341 3670 2397 Verbum
3686 2355 3822 2395 vero
3838 2339 3958 2394 sive

2369 2435 2531 2492 Jesus
2559 2433 2839 2499 Christus,
2871 2443 2931 2490 et
2956 2434 3003 2490 si
3053 2449 3178 2505 qua
3217 2433 3348 2490 talia
3396 2434 3773 2504 reperiuntur,
3829 2446 3962 2502 pro-

2370 2528 2494 2600 pria
2521 2537 2651 2584 sunt
2668 2529 2895 2584 nomina
2916 2543 3194 2600 persona,
3224 2528 3371 2584 sicut
3413 2527 3619 2583 Paulus
3653 2536 3712 2582 et
3755 2527 3960 2581 Petrus

2371 2621 2634 2694 apostoli.
2659 2622 2758 2677 Dei
2790 2637 2926 2677 vero
2954 2631 3006 2678 et
3036 2622 3288 2677 hominis
3342 2631 3517 2678 totam
3542 2621 3838 2676 Trinitatis
3869 2619 3959 2674 di-

2372 2715 2662 2770 vinitatem
2696 2714 2972 2785 significat
3009 2729 3210 2769 nomen
3235 2715 3358 2778 Dei,
3389 2714 3468 2769 ita
3503 2723 3561 2769 et
3591 2727 3963 2783 unamquam-

2372 2818 2482 2872 que
2516 2817 2809 2873 personam
2830 2817 2897 2857 ex
2916 2801 3212 2859 Trinitate.
3258 2803 3406 2859 Deus
3428 2803 3579 2858 enim
3607 2804 3794 2866 Pater,
3811 2803 3961 2856 Deus

2375 2893 2571 2957 Filius,
2623 2902 2678 2950 et
2705 2893 2855 2948 Deus
2910 2892 3158 2963 Spiritus
3219 2903 3472 2958 sanctus,
3521 2901 3579 2948 et
3628 2903 3742 2948 tota
3792 2894 3962 2949 simul

2376 2985 2623 3040 Trinitas
2643 2999 2788 3039 unus
2804 2985 2971 3040 Deus.
3011 2984 3227 3041 Rursus
3250 2985 3440 3050 homo,
3475 2985 3622 3040 sicut
3640 2999 3958 3055 personam,

2377 3077 2453 3131 ita
2481 3075 2755 3148 significat
2784 3084 2843 3132 et
2866 3085 3145 3131 naturam.
3171 3077 3329 3132 Unde
3357 3086 3413 3132 et
3439 3077 3696 3131 nonnulli
3759 3078 3963 3132 Patres

2301 3183 2346 3243 ο
2379 3167 2581 3233 sancti,
2604 3183 2714 3222 non
2770 3167 2998 3238 quidem
3033 3167 3099 3222 ad
3127 3181 3461 3238 personam,
3505 3169 3656 3223 sicut
3702 3183 3825 3233 vos,
3862 3166 3964 3223 sed

760 3247 823 3305 (ἶ-
862 3249 976 3321 Ego
1020 3265 1050 3304 ³
1094 3249 1209 3305 De”
1243 3257 1563 3320 susceptum
1619 3248 1901 3304 hominem
1955 3249 2277 3304 nullatenus
2377 3257 2446 3315 ad
2472 3263 2730 3312 naturam
2762 3257 2953 3327 potius
2977 3258 3365 3328 respicientes,
3421 3257 3710 3315 hominem
3740 3273 3964 3314 assum-

691 3343 881 3398 dicere
926 3343 1132 3408 audeo,
1170 3343 1268 3398 sed
1300 3343 1477 3398 Deum
1511 3343 1634 3399 sine
1668 3342 2042 3400 diminutione
2067 3340 2278 3395 divini-

695 3438 829 3492 tatis
859 3452 972 3492 sua
1000 3435 1208 3491 factum
1246 3435 1533 3492 hominem
1551 3435 1752 3492 fateor.
1784 3435 1864 3491 Ne
1887 3435 1932 3490 si
1955 3442 2278 3503 susceptum

694 3549 726 3588 a
759 3533 876 3588 Deo
905 3532 1193 3586 hominem
1223 3529 1442 3597 dixero,
1484 3529 1625 3585 duas
1667 3529 1854 3584 videar
1899 3528 1955 3582 in
2009 3527 2148 3581 Filio
2182 3526 2277 3580 Dei

696 3624 1004 3695 praedicare
1032 3637 1320 3692 personas,
1352 3620 1483 3692 quia
1535 3630 1593 3676 et
1629 3629 1922 3689 susceptor
1959 3627 2280 3673 sanctorum

696 3727 861 3786 atque
887 3715 1135 3769 fidelium
1173 3715 1322 3769 Deus
1355 3714 1583 3778 dicitur,
1622 3713 1930 3768 secundum
1970 3710 2104 3764 illud
2131 3708 2281 3780 quod

699 3807 754 3860 in
777 3805 948 3860 Exodi
979 3804 1198 3859 cantico
1246 3803 1314 3857 ad
1361 3819 1491 3859 eum
1525 3803 1768 3858 dicitur:
1811 3802 2044 3873 Adjutor
2083 3809 2132 3852 et
2160 3815 2281 3853 sus-

698 3907 877 3969 ceptor
934 3898 1107 3968 factus
1144 3906 1220 3951 est
1269 3898 1395 3951 mihi
1443 3897 1498 3950 in
1536 3895 1766 3950 salutem
1795 3896 1861 3947 ⁷⁸.
1913 3893 2107 3948 Melius
2148 3905 2283 3962 ergo

699 4001 785 4046 est
830 4000 1156 4060 susceptam
1207 4006 1237 4044 a
1290 3990 1423 4044 Deo‘
1460 3997 1718 4044 naturam
1768 3987 2067 4042 humanam
2115 3999 2282 4055 quam

701 4089 1023 4150 susceptum
1056 4080 1340 4135 hominem
1371 4080 1586 4137 dicere.

767 4173 834 4228 Ν.
866 4173 1152 4243 Stupenda
1177 4172 1433 4242 quadam
1462 4177 1716 4232 meisate
1735 4171 1967 4226 auribus
2020 4171 2285 4241 ingerun-

704 4274 817 4331 tur,
847 4267 1005 4336 quasi
1035 4266 1320 4321 diversum
1348 4274 1405 4321 et
1426 4281 1535 4320 non
1577 4265 1816 4334 idipsum
1860 4265 1952 4328 sit,
1978 4263 2163 4318 dicere
2185 4263 2288 4317 ho-

706 4356 937 4420 minem,
965 4356 1080 4410 sive
1124 4362 1383 4410 naturam
1411 4355 1737 4418 humanam,
1773 4367 1902 4408 cum
1957 4353 2123 4406 homo
2171 4366 2288 4407 non

706 4448 780 4503 sit
803 4445 954 4500 aliud
989 4445 1095 4499 nisi
1125 4445 1368 4498 humana
1399 4453 1620 4500 natura.

2379 3359 2535 3420 ptum
2551 3364 2583 3403 a
2615 3348 2730 3403 Deo
2749 3348 2937 3404 dicere
2956 3349 3413 3418 comprobantur.

2449 3441 2516 3496 Ν.
2542 3440 2834 3495 Assentior
2871 3440 3036 3510 plane
3061 3440 3150 3496 his
3167 3456 3293 3511 qua
3320 3457 3352 3497 a
3385 3451 3438 3498 te
3462 3436 3677 3513 prolata
3738 3449 3890 3506 sunt,
3919 3442 3967 3496 si

2383 3538 2566 3586 tamen
2593 3531 2808 3600 poteris
2830 3529 3024 3586 dicere
3057 3541 3318 3587 naturam
3353 3548 3476 3588 esse
3503 3533 3560 3587 in
3596 3547 3856 3603 persona.

2450 3622 2513 3679 C.
2548 3622 2760 3678 Natura
2820 3622 3086 3687 humana,
3125 3624 3383 3693 quamvis
3429 3632 3544 3678 tota
3601 3623 3659 3679 in
3702 3637 3973 3694 personas

2383 3715 2629 3786 singulas
2667 3714 2976 3777 derivetur,
3022 3729 3133 3769 non
3160 3723 3346 3769 tamen
3374 3715 3641 3784 qualibet
3687 3729 3797 3768 una
3843 3728 3972 3784 per-

2383 3819 2518 3860 sona
2543 3815 2639 3858 aut
2661 3819 2806 3858 unus
2835 3804 3024 3867 homo,
3055 3804 3110 3858 id
3137 3813 3244 3869 est,
3297 3804 3649 3868 individuus,
3697 3812 3811 3859 tota
3838 3817 3972 3873 pro-

2385 3897 2551 3952 batur
2579 3896 2928 3960 humanitas;
2978 3897 3226 3967 alioquin
3278 3913 3635 3967 nequaquam
3690 3897 3972 3952 innumeri

2385 3988 2643 4043 homines
2663 3989 2781 4042 sive
2821 4003 3078 4058 persona
3098 3989 3378 4060 generalis
3402 3989 3569 4060 hujus
3607 3987 3972 4044 humanitatis

2387 4081 2740 4137 exsisterent.
2791 4080 3143 4136 Discernitur
3197 4096 3332 4151 ergo
3371 4095 3404 4134 a
3457 4090 3657 4135 natura
3706 4095 3970 4150 persona,

2389 4175 2519 4246 quia
2555 4189 2809 4244 persona
2855 4188 3024 4228 unam
3078 4189 3194 4228 rem
3243 4173 3589 4228 individuam
3641 4183 3858 4227 natura
3898 4172 3976 4226 si-

2389 4264 2670 4336 gnificant.
2730 4264 2939 4318 Natura
2988 4279 3123 4319 vero
3183 4279 3539 4318 communem
3611 4263 3974 4335 cognoscitur

2390 4355 2675 4411 declarare
2717 4355 3029 4420 materiam,
3060 4372 3128 4411 ex
3157 4372 3266 4426 qua
3299 4357 3555 4428 piurima
3583 4368 3809 4427 possent
3845 4373 3975 4428 per-

2392 4445 3253 4517 sona-subsistere.Quapropter
3275 4448 3457 4503 omnis
3477 4448 3703 4518 quidem
3724 4461 3967 4518 persona

775 4538 836 4594 C.
895 4537 1168 4592 Nimirum
1215 4536 1333 4592 1ιὶἓο
1371 4537 1586 4594 erroris
1634 4537 1832 4601 veSlri.
1888 4549 1945 4592 οι
1990 4550 2100 4590 non
2157 4533 2286 4598 alia.
2314 4540 2366 4601 D
2393 4540 2559 4596 simul
2584 4549 2842 4596 naturam
2869 4541 3144 4606 continet,
3174 4557 3286 4596 non
3315 4552 3504 4598 autem
3548 4545 3732 4599 omnis
3775 4553 3976 4598 natura

705 4639 1002 4686 causaest.
1028 4629 1164 4683 Nam
1223 4627 1354 4682 dum
1401 4644 1513 4683 non
1555 4629 1756 4685 valetis
1791 4629 2109 4682 discernere
2154 4625 2291 4696 quid

708 4724 855 4778 inter
882 4737 1178 4792 personam
1224 4720 1298 4775 sit
1347 4729 1405 4777 et
1455 4729 1754 4786 naturam,
1796 4721 2035 4791 idipsum
2079 4719 2290 4774 intelli-

707 4827 901 4890 gentes
929 4828 1186 4872 naturam
1214 4833 1362 4881 esse,
1397 4818 1548 4888 quod
1590 4826 1649 4873 et
1679 4832 1994 4889 personam,
2024 4816 2136 4870 imo
2163 4814 2293 4870 nul-

709 4913 925 4968 latenus
951 4911 1244 4966 credentes
1273 4918 1530 4966 naturam
1557 4927 1678 4966 esse
1697 4926 1859 4981 posse
1885 4911 2005 4965 sine
2027 4923 2290 4978 persona,

709 5007 982 5062 vocabula
1023 5021 1277 5075 persona
1316 5015 1756 5076 naturarumque
1803 5003 2172 5069 confunditis,
2232 5013 2290 5057 et

710 5098 850 5153 duas
871 5097 1102 5150 omnino
1151 5112 1446 5167 personas,
1505 5097 1655 5153 sicut
1682 5097 1823 5151 duas
1868 5103 2100 5150 naturas
2125 5093 2291 5148 unius

713 5189 839 5245 Filii
890 5189 1012 5255 Dei,
1045 5189 1166 5244 sine
1195 5189 1370 5244 dubio
1404 5189 1745 5260 pradieatis.
1777 5189 1914 5244 Nam
1967 5203 2095 5243 cum
2117 5188 2291 5241 Deum

712 5282 958 5337 Verbum
991 5290 1182 5336 natum
1226 5296 1293 5335 ex
1339 5281 1567 5352 Virgine
1603 5280 1910 5337 secundum
1963 5293 2186 5333 carnem
2213 5277 2297 5331 di-

713 5372 917 5436 cimus,
949 5371 1258 5426 divinitatis
1280 5371 1404 5442 ejus
1434 5379 1690 5426 naturam
1715 5369 2007 5425 astimatis
2045 5382 2147 5423 nos
2195 5383 2298 5422 na-

715 5478 825 5523 tam
881 5485 950 5523 ex
1002 5467 1227 5537 Virgine
1266 5466 1592 5539 pradicare.
1635 5468 1844 5522 Verum
1879 5466 1926 5520 si
1981 5464 2111 5527 hoc,
2145 5464 2296 5533 quod

2391 4647 2688 4704 personam
2712 4647 2869 4701 aque
2915 4631 3349 4701 complectitur:
3392 4633 3644 4703 alioquin
3680 4633 3825 4688 sicut
3863 4642 3979 4688 tres

2393 4738 2685 4795 personas,
2717 4723 2793 4778 ita
2817 4733 2874 4778 et
2902 4730 3017 4778 tres
3044 4729 3278 4777 naturas
3324 4732 3531 4778 sancta
3587 4732 3646 4780 et
3676 4722 3978 4779 inelfabilis

2392 4815 2544 4871 illius
2571 4814 2865 4871 Trinitatis
2895 4815 3174 4872 Catholici
3217 4816 3548 4871 faterentur.

2463 4908 2530 4963 N.
2559 4907 2992 4962 lnsubstantiam
3028 4908 3326 4978 quamdam
3353 4916 3412 4964 et
3446 4907 3671 4963 inanem
3723 4915 3979 4963 naturam

2397 4999 2534 5055 mihi
2579 4999 2795 5055 videris
2824 5015 3098 5062 asserere,
3129 5016 3294 5070 quam
3346 4999 3558 5055 nullam
3584 4999 3727 5054 dicis
3772 4999 3984 5056 habere

2397 5106 2712 5164 personam.

2471 5183 2535 5239 C.
2588 5183 2962 5239 lnsubstantia
3011 5199 3146 5253 ergo
3208 5182 3310 5238 tibi
3367 5183 3589 5238 videtur
3649 5198 3879 5238 summa
3927 5193 3984 5238 et

2401 5275 2985 5347 incomprehensibilis
3013 5275 3306 5330 Trinitatis
3341 5276 3581 5329 natura?
3602 5291 3727 5344 qua
3751 5289 3877 5329 cum
3911 5276 3987 5329 sit

2401 5385 2512 5423 una
2542 5376 2599 5424 et
2648 5367 2968 5438 singularis,
3015 5367 3072 5421 in
3105 5366 3286 5421 tribus
3316 5377 3501 5422 tamen
3555 5368 3816 5437 personis
3859 5381 3986 5420 earn

2397 5460 2704 5517 subsistere
2745 5459 3161 5516 Catholicorum
3217 5459 3450 5529 ambigit
3505 5475 3701 5515 nemo.
3751 5460 3984 5522 Verum,

717 5558 889 5622 absit,
928 5557 1251 5611 crederetur
1275 5573 1304 5610 a
1334 5557 1516 5622 nobis,
1560 5573 1668 5611 non
1692 5571 1820 5610 eum
1839 5553 2146 5611 secundum
2173 5569 2300 5608 car-
2401 5553 2530 5623 quia
2581 5567 2694 5606 non
2724 5551 2844 5608 sine
2906 5551 3114 5622 ingenti
3152 5550 3424 5621 periculo,
3463 5550 3532 5606 de
3577 5550 3840 5606 Creatorc
3883 5566 3988 5604 suo

722 5664 849 5703 nem
873 5659 1062 5702 natum
1091 5665 1156 5702 ex
1192 5649 1417 5719 Virgine
1467 5650 1788 5704 fateremur.
1839 5649 2076 5716 Rursus,
2106 5663 2232 5703 cum
2267 5663 2295 5700 a

795 5805 836 5827 ”
878 5800 1044 5859 Exod.
1091 5821 1178 5866 XV,
1218 5808 1270 5861 Ξ.

2401 5645 2648 5716 disputat
2677 5653 2954 5708 creatura,
2976 5645 3020 5700 si
3049 5645 3248 5715 placet,
3286 5645 3354 5699 ad
3387 5653 3654 5700 nostram.
3703 5643 3755 5697 id
3787 5647 3894 5707 est,
3921 5639 3989 5694 ad
