4200 6426
208 430 297 492 129
1109 415 1307 475 DIAL.
1343 409 1644 473 CONTRA
1688 403 2245 466 NES’I‘UHIANOS.
2276 425 2343 438 —-
2384 402 2412 458 ἶ
2439 403 2530 462 ΙΒ.
2567 402 2652 464 II.

3374 398 3476 461 130

203 556 455 601 naturam
517 549 869 593 transeamus
918 533 1242 594 humanam,
1291 527 1360 582 de
1410 539 1540 594 qua,
1569 523 1615 576 si
1647 517 1786 590 quid
1820 522 1862 579 Α
1899 524 2011 570 tur.
2045 512 2186 571 Cum
2217 524 2404 574 autem
2436 525 2576 569 nutu
2633 513 2729 569 Dei
2758 529 2860 584 per
2902 512 3106 570 seriem
3153 513 3478 586 generatio-

202 635 551 699 oﬂensionis,
570 630 719 702 quod
746 627 895 682 absit
916 629 930 679 l
951 622 1238 685 acciderit,
1272 618 1448 675 levius
1463 615 1787 672 aestimetur.

201 727 503 800 praecipue,
531 723 664 794 quia
714 727 773 776 et
815 719 885 774 de
922 718 1043 787 ipsa
1067 728 1218 769 nunc
1247 711 1397 766 inter
1423 723 1528 763 nos
1557 704 1792 776 quaestio

200 796 530 880 ventilatur,
564 823 626 870 ut
651 812 804 877 inde,
832 818 1102 881 quantum
1150 801 1416 875 possibile
1452 799 1647 862 fuerit,
1672 796 1792 866 pla-

201 924 330 962 num
359 910 459 961 ﬁat
481 905 635 977 quod
655 903 950 974 quaeritur,
979 914 1049 955 ne
1075 897 1340 952 videlicet
1369 903 1591 955 natura,
1625 902 1791 960 quam

201 1001 441 1057 necdum
476 999 720 1054 dicimus
755 995 811 1049 in
839 1006 1080 1065 persona
1111 989 1441 1052 subsistere,
1469 982 1792 1040 insuhstan-

202 1095 271 1149 tia
303 1093 413 1147 tibi
437 1106 567 1146 esse
597 1089 873 1144 videatur.

266 1187 335 1242 Ν.
376 1186 523 1250 Fiat,
561 1193 622 1237 ut
653 1181 762 1247 vis,
795 1177 963 1234 modo
1006 1186 1068 1233 ut
1099 1174 1428 1246 explicetur,
1460 1170 1610 1244 quod
1640 1183 1792 1242 quae-

203 1283 364 1335 ritur.

268 1372 330 1426 C.
359 1370 592 1424 Natura:
621 1364 885 1436 qualitas,
924 1377 1049 1434 qua:
1082 1361 1140 1416 in
1175 1360 1381 1415 multas
1407 1369 1674 1428 personas
1704 1369 1795 1408 tn-

203 1463 550 1532 dividuaque
609 1457 968 1520 diﬂ'unditur,
1031 1470 1141 1509 non
1201 1453 1304 1508 tibi
1347 1445 1796 1505 insubstantialis

203 1569 322 1610 esse
375 1552 664 1614 videatur,
734 1556 798 1602 ut
849 1545 992 1601 nihil
1039 1546 1128 1601 sit.
1193 1541 1456 1612 Alioquin
1511 1535 1796 1610 quomodo

199 1646 433 1700 Creator
453 1641 708 1694 omnium
731 1645 1079 1700 naturarum,
1110 1634 1368 1689 universa
1399 1631 1542 1686 bona
1564 1639 1622 1683 et
1637 1626 1797 1681 valde

203 1737 346 1791 bona
383 1733 589 1788 fecisse
620 1729 938 1785 credendus
960 1727 1084 1782 est?
1117 1725 1335 1780 Idcirco
1366 1733 1553 1777 autem
1573 1728 1794 1783 natura,

203 1841 322 1897 quae
365 1822 693 1879 communis
742 1818 1001 1875 materiei
1040 1818 1149 1871 vim
1180 1815 1567 1884 rationemque
1615 1811 1799 1867 conti-

203 1927 317 1981 net,
352 1912 815 1970 insubstantialis
835 1926 867 1965 a
887 1908 1260 1965 crassioribus
1293 1903 1804 1962 mentibusazstima-

203 2018 315 2071 tur,
372 2021 444 2061 eo
504 2002 658 2074 quod
695 2002 881 2056 minus
923 1998 1219 2055 attendunt
1267 1997 1501 2052 alterius
1546 2009 1800 2066 persona:

204 2097 453 2153 nondum
480 2093 808 2166 apparentis
840 2091 1149 2156 materiam,
1184 2091 1416 2145 alteram
1446 2104 1568 2144 esse
1603 2102 1802 2159 perso-

203 2203 365 2242 nam:
403 2200 598 2256 quam,
634 2191 693 2238 ut
717 2181 856 2246 dixi,
895 2179 1148 2234 nondum
1188 2178 1260 2234 ad
1289 2179 1473 2233 lucem
1502 2179 1797 2248 prolatam,

204 2278 480 2336 naturalis
525 2275 774 2347 potentia
829 2271 1218 2343 perfectamin
1251 2271 1468 2325 cunctis
1518 2269 1802 2324 membro-

205 2388 327 2428 rum
343 2367 766 2441 quodammodo
783 2364 1136 2422 lineamentis
1163 2365 1428 2420 ostendit.
1453 2362 1522 2418 Et
1546 2362 1672 2417 ideo
1689 2375 1802 2415 non

206 2465 347 2521 bene
401 2459 779 2517 substantiam
821 2458 1065 2513 :estimas
1112 2467 1170 2510 tu
1204 2465 1481 2521 naturam,
1537 2455 1658 2508 sine
1691 2447 1800 2522 qua

205 2555 359 2609 nulla
392 2559 584 2622 potest
637 2563 878 2620 persona
922 2547 1242 2602 subsistere.
1287 2545 1604 2602 Secundum
1660 2545 1804 2598 hanc

207 2648 494 2702 rationem
541 2643 712 2699 etiam
737 2641 807 2696 de
854 2641 1066 2697 vitiatis
1107 2640 1442 2710 corporibus
1485 2639 1803 2710 judicantes

211 2737 474 2791 dicimus.
534 2732 717 2786 Minus
764 2738 849 2786 est
879 2745 910 2785 a
967 2738 1199 2794 natura,
1245 2743 1426 2799 neque
1467 2728 1616 2782 enim
1671 2728 1802 2797 quia

210 2826 372 2889 latet,
397 2833 500 2878 aut
526 2821 694 2886 nihil,
717 2829 814 2876 aut
843 2820 1168 2889 imperfecta
1193 2836 1318 2876 esse
1362 2819 1643 2875 credenda
1694 2828 1802 2885 est,

210 2916 304 2972 sed
338 2925 428 2970 est
462 2929 700 2985 prorsus
723 2914 810 2968 vis
834 2913 938 2968 ista
962 2914 1020 2968 in
1069 2913 1336 2968 membris
1373 2912 1603 2976 nostris,
1639 2921 1698 2966 et
1723 2912 1806 2966 la-

212 3018 289 3065 tet
320 3007 600 3078 perl'ecta,
635 3017 694 3061 et
735 3013 849 3060 tota
867 3005 1175 3061 secundum
1227 3005 1507 3076 propriam
1536 3005 1805 3058 rationem

213 3100 266 3154 in
297 3100 541 3154 materia
586 3098 839 3153 seminis.
871 3097 1010 3164 Quis
1055 3097 1204 3152 enim
1235 3097 1530 3167 parvulum
1570 3096 1808 3151 necdum

1896 623 2053 674 num,
2083 609 2167 663 vis
2203 608 2434 663 seminis
2459 608 2515 661 in
2547 606 2755 662 femina
2785 606 2956 663 fuerit
2976 609 3140 664 vulva
3161 606 3474 677 ,transl‘usa,

1895 710 2030 756 tunc
2060 701 2207 772 quod
2263 701 2471 757 latebat
2507 702 2563 756 in
2624 701 2891 756 membris
2940 701 3284 767 extenditur,
3329 699 3478 757 etin

1894 811 2133 866 persona
2165 796 2389 866 propria
2446 795 2781 850 declaratur.
2815 793 2957 849 Huic
3001 793 3172 864 igitur
3221 795 3480 848 humanae

1894 898 2130 950 natum,
2167 903 2292 957 qua:
2345 888 2620 957 generalis
2649 897 2706 941 et
2731 885 3046 942 communis
3087 894 3173 940 est
3217 886 3480 940 omnibus

1896 980 2240 1045 hominibus,
2275 979 2396 1034 sine
2424 995 2534 1048 qua
2580 979 2733 1033 nulla
2759 984 2943 1048 potest
2969 977 3056 1048 (ut
3105 977 3364 1046 superius
3393 975 3481 1030 di-

1896 1073 2100 1143 ximus)
2154 1088 2394 1143 persona
2445 1072 2796 1136 subsistere,
2853 1072 2912 1126 in
2963 1080 3174 1126 sanctae
3233 1069 3480 1141 Virginis

1897 1175 2079 1231 utero,
2111 1180 2235 1235 qua:
2267 1164 2376 1218 [ide
2405 1163 2566 1234 plena
2586 1155 2759 1218 Deum
2785 1163 3080 1231 concipere
3112 1161 3340 1227 meruit,
3386 1175 3475 1215 se-

1901 1258 2201 1328 metipsum
2233 1257 2379 1311 Deus
2414 1255 2660 1310 Verbum
2695 1253 2860 1308 unire
2911 1253 3170 1322 dignatus
3191 1261 3296 1318 est,
3326 1260 3386 1307 et
3411 1265 3481 1306 ex

1898 1353 2130 1408 materia
2148 1353 2428 1407 viseerum
2449 1350 2572 1421 ejus
2592 1347 2803 1417 absque
2836 1346 2951 1401 ullo
2974 1345 3079 1400 viri
3103 1345 3315 1400 semine
3345 1357 3481 1414 pro-

1900 1444 2018 1514 pria
2051 1442 2303 1512 potentia
2333 1450 2390 1494 et
2417 1441 2624 1495 virtute
2657 1437 3045 1506 semetipsum,
3069 1436 3190 1490 sine
3225 1435 3338 1489 ulla
3369 1442 3484 1488 sta-

1899 1545 1990 1592 tus
2017 1535 2102 1590 sui
2127 1532 2526 1595 diminutione,
2551 1539 2705 1584 creat
2731 1527 3043 1584 secundum
3073 1541 3320 1589 carnem,
3348 1539 3470 1596 pro-

1899 1629 2016 1684 ﬁcit
2036 1629 2092 1681 in
2119 1625 2405 1689 membris,
2432 1623 2492 1677 ﬁt
2517 1623 2706 1688 homo,
2738 1620 3040 1676 secundam
3063 1635 3162 1690 pro
3180 1627 3370 1673 nostra
3394 1633 3485 1672 sa.

1898 1719 2015 1775 lute
2045 1719 2283 1774 sustinet
2311 1715 2688 1778 nativitatem,
2727 1723 3012 1784 postremo
3045 1710 3251 1766 crescit
3272 1708 3327 1764 in
3347 1716 3484 1763 aeta-

1901 1814 1974 1870 tis
2002 1821 2379 1883 augmentum.
2414 1809 2631 1864 Idcirco
2666 1823 2796 1862 vere
2816 1815 2876 1860 et
2922 1804 3148 1875 proprie
3174 1799 3484 1858 secundum

1901 1921 2126 1963 carnem
2161 1915 2329 1960 natus
2351 1912 2589 1959 asancta
2621 1901 2850 1971 Virgine
2888 1915 2919 1954 a
2947 1896 3256 1954 Catholicis
3287 1893 3488 1966 praedi-

1902 2010 2083 2056 catur.
2139 1998 2281 2054 Hinc
2334 2012 2464 2052 vere
2493 2004 2550 2050 et
2585 1992 2810 2065 proprie
2841 1990 3040 2048 eadem
3070 1995 3264 2044 sancta
3316 1985 3487 2056 Virgo

1903 2095 2000 2150 Dei
2025 2092 2278 2148 Genitrix
2303 2090 2575 2146 creditur.

1974 2187 2040 2242 Ν.
2069 2185 2271 2240 Totum
2303 2183 2454 2254 quod
2498 2183 2757 2252 superius
2786 2199 2814 2235 a
2854 2188 2931 2243 te,
2960 2177 3094 2232 licet
3119 2171 3368 2228 involute
3403 2177 3489 2224 ta-

1903 2295 2031 2335 men
2062 2276 2469 2332 rationabiliter
2488 2275 2689 2330 disseri
2715 2270 3032 2334 videbatur,
3071 2263 3355 2322 conclusio
3373 2261 3492 2316 haec

1903 2381 2150 2426 extrema
2180 2367 2452 2432 confudit,
2478 2381 2601 2437 quae
2633 2365 2809 2421 Deum
2855 2361 3141 2417 hominem
3191 2356 3399 2412 factum
3433 2361 3492 2408 et

1904 2463 2052 2534 quod
2085 2471 2170 2516 est
2204 2459 2638 2523 intolerabilius,
2684 2455 2988 2512 secundam
3017 2451 3116 2507 Dei
3139 2447 3312 2504 Verbi
3342 2445 3458 2500 nati
3478 2474 3491 2485 -

1904 2555 2135 2607 vitatem
2171 2549 2439 2605 audacter
2462 2546 2742 2617 expressit
2776 2563 2789 2600 :
2823 2559 2948 2600 cum
3006 2540 3158 2597 nulla
3194 2551 3288 2593 res
3337 2534 3492 2592 nasci

1907 2644 2156 2703 secundo
2201 2639 2649 2698 substantialitcr
2693 2646 2883 2707 queat.
2908 2634 3108 2690 Factus
3130 2637 3316 2684 autem
3347 2626 3495 2681 Deus

1907 2737 2098 2802 homo,
2129 2732 2411 2806 quomodo
2450 2747 2480 2786 a
2509 2739 2562 2786 te
2614 2727 2980 2800 praedicatur,
3029 2737 3156 2778 cum
3193 2717 3332 2775 illud
3373 2713 3494 2772 ﬁeri

1908 2830 2138 2893 dicitur,
2171 2825 2322 2898 quod
2357 2823 2598 2880 necdum
2642 2830 2860 2876 exstare
2891 2817 3180 2878 videatur,
3209 2811 3300 2868 vel
3326 2826 3395 2866 ex
3426 2824 3495 2865 eo

1909 2920 2060 2992 quod
2089 2928 2176 2976 est
2215 2919 2274 2974 in
2312 2915 2452 2972 illud
2487 2912 2699 2985 aliquid
2729 2911 2973 2966 vertitur
3031 2915 3094 2962 ut
3123 2905 3344 2961 desinat
3372 2915 3496 2957 esse

1908 3011 2059 3084 quod
2088 3017 2208 3066 erat
2225 3009 2250 3062 7

1982 3103 2045 3160 C.
2084 3101 2226 3158 Hinc
2272 3113 2471 3170 nempe
2533 3093 2824 3153 tremenda
2877 3100 2996 3153 est,
3031 3094 3088 3143 et
3117 3079 3495 3146 admirabilis,

213 3191 372 3263 551
407 3201 662 3246 utentem
692 3191 934 3254 ratione,
971 3190 1359 3262 imperfectam
1411 3198 1562 3244 recte
1587 3189 1804 3260 judica—
1837 3196 1882 3256 ο
1909 3196 2065 3267 juxta
2082 3205 2310 3248 carnem
2326 3189 2426 3245 Dei
2450 3187 2625 3243 nostri
2643 3183 2888 3240 secunda
2910 3178 3497 3242 nativitas,magnum-

214 3286 295 3341 bit
327 3287 639 3339 humanam
685 3282 894 3338 habere
953 3283 1462 3353 naturam?Neque
1511 3282 1666 3338 enim
1706 3282 1805 3352 qui

215 3382 294 3434 uti
318 3394 426 3452 pro
453 3389 712 3447 tempore
738 3391 852 3430 non
886 3383 1073 3446 potest
1115 3377 1334 3431 ratione
1355 3415 1370 3441 ,
1423 3374 1552 3429 ideo
1593 3373 1808 3439 aliquid

215 3471 294 3528 illi
321 3472 526 3526 deesse
556 3467 889 3539 probabitur
916 3483 948 3524 a
978 3466 1303 3522 deﬁnitione
1355 3474 1570 3527 naturae
1609 3465 1810 3519 huma—

214 3580 328 3634 na;
365 3561 678 3627 cum,sicut
729 3569 948 3616 veteres
979 3558 1341 3624 deﬁnierunt,
1385 3557 1527 3612 nihil
1553 3557 1626 3612 sit
1654 3554 1809 3611 aliud

219 3654 408 3720 homo,
435 3664 614 3722 quam
663 3648 868 3704 animal
895 3650 1174 3705 rationale
1231 3647 1491 3703 mortale.
1529 3647 1616 3702 An
1664 3646 1811 3701 forte

220 3746 449 3817 aliquis,
487 3742 623 3814 quia
645 3757 760 3797 non
785 3748 1022 3796 utuntur
1043 3740 1260 3812 parvuli
1322 3738 1562 3803 ratione,
1589 3735 1813 3791 irratio-

218 3837 432 3892 nabilia
458 3832 729 3889 animalia
749 3832 987 3888 tentahit
1015 3845 1114 3888 eos
1143 3843 1412 3894 asserere,
1439 3843 1580 3899 quos
1616 3827 1810 3897 utique

221 3941 477 4001 tempore
516 3941 765 3998 congruo
793 3940 907 3982 non
935 3924 1285 3980 extrinsecus
1312 3921 1616 3978 adveniens
1646 3919 1810 3984 ratio,

221 4023 316 4079 sed
334 4022 692 4091 intrinsecus,
710 4027 911 4073 natura
927 4015 1393 4072 subministrante
1408 4012 1646 4068 ditabit?
1665 4010 1813 4077 Qua-

222 4121 462 4185 propter
486 4117 690 4164 natura
716 4109 977 4171 humana,
1004 4121 1129 4178 qua:
1182 4107 1322 4161 latet
1349 4104 1406 4159 in
1449 4104 1681 4158 materia
1723 4117 1815 4156 se-

225 4205 412 4269 minis,
437 4217 557 4257 non
590 4211 688 4256 aut
715 4200 879 4267 nihil,
904 4210 1002 4255 aut
1026 4199 1350 4270 imperfecta
1379 4207 1486 4263 est,
1518 4203 1816 4266 antequam

225 4298 279 4353 in
302 4310 466 4352 suam
497 4292 936 4358 subsistentiam,
971 4292 1086 4348 Deo
1111 4306 1180 4348 ex
1212 4290 1334 4361 ipsa
1359 4297 1588 4344 creante
1608 4286 1818 4342 forme-

229 4399 337 4457 tur,
378 4387 485 4444 sed
517 4387 748 4442 omnino
774 4383 1041 4456 perlecta,
1081 4380 1390 4438 secundum
1433 4394 1600 4450 quam
1641 4376 1817 4432 ratio-

227 4497 352 4537 nem
377 4490 439 4536 et
477 4477 617 4533 Levi
641 4490 768 4532 ante
804 4476 978 4530 multa
1018 4487 1289 4545 tempora,
1345 4487 1515 4543 quam
1548 4470 1604 4525 in
1658 4478 1820 4525 utero

1911 3264 2020 3359 que
2069 3283 2293 3356 pietatis
2356 3281 2477 3337 sine
2528 3277 2697 3333 dubio
2746 3280 3156 3331 sacramentum
3204 3264 3496 3337 probatur,

1911 3356 2057 3450 quod
2083 3382 2319 3445 negatur
2339 3372 2411 3427 ab
2435 3369 2644 3440 impiis,
2677 3367 2810 3438 quia
2834 3379 2947 3420 non
2973 3371 3115 3425 erat,
3146 3356 3356 3450 sedgqul
3377 3361 3501 3410 erat

1911 3447 2160 3523 nascitur
2197 3483 2212 3520 :
2248 3478 2354 3517 nec
2387 3457 2698 3517 secundum
2724 3455 2780 3512 id
2808 3453 2959 3525 quod
2984 3459 3125 3516 erat,
3163 3447 3261 3504 sed
3295 3457 3497 3500 secun-

1913 3560 2045 3616 dum
2077 3557 2134 3612 id
2171 3555 2322 3628 quod
2357 3568 2470 3608 non
2498 3559 2653 3616 erat,
2688 3546 2916 3620 propria
2937 3541 3258 3615 dignatione
3291 3537 3499 3592 fortna-

1913 3665 2024 3711 tur.
2063 3651 2168 3720 Qui
2193 3650 2342 3707 enim
2387 3645 2717 3703 naturaliter
2744 3650 2864 3698 erat
2891 3639 3012 3695 sine
3048 3635 3210 3691 initio
3235 3639 3403 3688 natus
3430 3641 3499 3682 ex

1914 3756 2073 3818 patre
2101 3785 2116 3810 ,
2180 3743 2327 3799 idem
2372 3741 2489 3811 ipse
2535 3740 2593 3794 in
2631 3745 2886 3807 tempore
2927 3729 3263 3788 naturaliter
3308 3725 3500 3781 nasci-

1917 3850 2007 3895 tur
2053 3837 2216 3892 nobis
2272 3850 2341 3891 ex
2391 3843 2588 3888 matre.
2631 3830 2712 3886 lbi
2753 3825 3062 3884 secundum
3111 3821 3502 3888 divinitatem,

1915 3931 2008 3985 hic
2060 3929 2205 3984 idem
2242 3927 2360 3997 ipse
2411 3925 2578 3979 homo
2606 3938 2674 3977 ex
2719 3918 2947 3974 homine
2990 3915 3192 3978 lactus,
3243 3911 3503 3968 similiter

1914 4036 2027 4076 non
2078 4018 2386 4075 secundum
2438 4015 2495 4070 id
2544 4011 2695 4086 quod
2732 4018 2874 4075 erat,
2938 4007 3039 4064 sed
3087 4003 3394 4062 secundum
3445 3999 3498 4057 id

1916 4112 2065 4184 quod
2095 4127 2207 4166 non
2239 4117 2378 4164 erat.
2411 4106 2548 4162 Nam
2573 4105 2720 4160 Deus
2777 4100 2874 4172 qui
2899 4105 3042 4159 erat.
3074 4096 3138 4152 lit
3165 4097 3354 4161 homo,
3382 4093 3504 4149 sine

1918 4204 2004 4260 sui
2032 4201 2417 4263 conversione,
2456 4195 2608 4267 quod
2637 4209 2751 4249 non
2780 4200 2926 4248 erat.
2948 4188 3106 4245 Valet
3129 4187 3315 4257 itaque
3340 4199 3507 4256 argu-

1918 4301 2169 4351 mentum
2196 4300 2295 4347 ate
2318 4289 2618 4360 prolatum,
2650 4285 2720 4340 ad
2741 4299 2870 4340 eum
2890 4279 2987 4352 qui
3016 4277 3227 4349 aliquid
3245 4275 3393 4347 quod
3420 4283 3506 4330 est

1920 4387 2226 4444 secundum
2249 4383 2304 4438 id
2320 4380 2470 4453 quod
2491 4387 2598 4443 est,
2626 4386 2724 4433 aut
2746 4373 2899 4431 nasci
2927 4369 3176 4429 secundo
3191 4366 3506 4429 contendit,

1923 4486 2020 4532 aut
2039 4475 2159 4531 ﬁeri
2191 4491 2206 4528 :
2238 4471 2308 4528 ad
2338 4485 2442 4526 nos
2471 4483 2606 4524 vero
2637 4466 2777 4522 nihil
2810 4462 3075 4536 pertinet,
3119 4458 3216 4531 qui
3257 4473 3372 4513 non
3416 4471 3507 4512 se-

226 4575 629 4636 seminarelur.
660 4579 756 4626 aut
785 4570 1194 4640 conciperetur.
1250 4566 1309 4622 in
1368 4564 1578 4620 lumbis
1605 4563 1822 4634 positus
1849 4555 1897 4614 ι)
1925 4567 2171 4625 cundum
2206 4565 2265 4621 id
2299 4562 2448 4634 quod
2472 4570 2613 4627 erat,
2642 4567 2700 4614 et
2723 4565 2916 4614 natum
2938 4551 3183 4611 secundo
3215 4559 3274 4606 et
3299 4549 3501 4604 tactum

224 4667 473 4724 Abrahae
493 4666 701 4736 legitur
738 4663 1074 4720 decimatus.
1107 4661 1274 4719 Nulla
1294 4668 1486 4715 autem
1519 4672 1610 4713 res
1633 4663 1820 4727 potest

225 4757 500 4816 decimari
545 4771 673 4827 quae
721 4771 833 4811 non
863 4764 972 4812 est.
999 4756 1111 4811 Res
1139 4767 1274 4824 ergo
1321 4752 1426 4808 ista
1451 4749 1572 4806 sive
1619 4755 1822 4803 natura

225 4869 351 4923 qua:
380 4854 440 4908 in
474 4851 700 4905 occulto
725 4858 833 4914 est,
857 4846 1110 4919 quandiu
1136 4844 1484 4917 producatur
1509 4841 1580 4896 ad
1613 4841 1818 4906 lucem,

225 4946 384 5015 quasi
413 4945 476 4999 in
502 4941 817 4999 substantia
834 4957 868 4996 a
887 4940 1075 4995 minus
1097 4934 1544 5007 intelligentihus
1574 4933 1822 4988 aestima-

1926 4663 2100 4719 Deum
2130 4658 2412 4714 hominem
2430 4652 2814 4725 praedicamus.
2849 4647 2958 4704 Sed
2977 4648 3091 4718 jam
3123 4643 3288 4700 istius
3315 4641 3511 4710 dispu-

1925 4753 2174 4818 tationis,
2199 4751 2244 4806 si
2265 4749 2467 4822 placet,
2499 4747 2604 4802 iste
2637 4743 2713 4800 sit
2731 4740 2876 4796 linis.
2899 4738 2959 4796 Si
2976 4751 3088 4808 qua
3113 4749 3250 4792 vero
3271 4741 3507 4805 restant,

1924 4846 1996 4902 ab
2029 4843 2257 4901 alterius
2287 4833 2777 4897 sermocinationis
2800 4830 3159 4902 inquirantur
3183 4823 3435 4883 exordio.

271 5093 3496 5161 _________________________________.._.——

1336 5291 1698 5384 LIBER
1769 5209 2425 5379 SECUNDUS.

576 5630 925 5690 CAPITULA
962 5627 1144 5686 LlBRl
1173 5624 1489 5684 SECUNDI.

229 5779 270 5836 l.
319 5775 395 5831 De
435 5772 680 5828 naturali
703 5772 899 5827 unione
931 5768 1028 5824 Dei
1077 5765 1224 5824 Verbi
1258 5765 1400 5836 facta
1443 5762 1514 5818 ad
1547 5761 1818 5834 propriam

374 5883 618 5925 carnem.

1922 5574 1988 5630 ll.
2028 5572 2178 5639 Quod
2198 5584 2263 5624 ea:
2287 5568 2565 5624 divinitate
2589 5575 2640 5622 et
2664 5566 2998 5624 humanitate
3018 5563 3262 5621 Christus
3293 5577 3505 5634 compe—

2062 5666 2196 5719 situ
2233 5662 2504 5716 doceatur.

1926 5758 2017 5816 111.
2043 5757 2122 5811 De
2161 5771 2221 5809 eo
2268 5756 2409 5825 quod
2441 5757 2618 5808 dicunt
2670 5753 2898 5805 alterum
2946 5750 3003 5802 in
3045 5748 3250 5819 altera,
3281 5750 3376 5806 hoc
3403 5757 3501 5820 est,

2068 5845 2235 5902 Deum
2271 5845 2486 5903 Verbum
2518 5845 2758 5899 habitare
2786 5845 2838 5898 in
2869 5842 3097 5899 homine.
