4200 6426
618 412 623 416 ’
710 384 804 447 I31
1978 383 2301 444 JOANNIS

2393 383 2720 442 ,ΛΧΕΝΤΙῙ

699 499 792 554 IV.
827 496 904 552 De
939 513 1000 551 eo
1033 499 1171 566 quod
1198 498 1458 568 scriptum
1489 514 1506 551 :
1540 515 1556 547 ε
1585 495 1782 550 Solvite
1815 496 2072 565 templum
2098 501 2213 557 hoc,
2238 503 2285 546 et
2319 502 2363 554 Α

878 594 934 644 in
956 591 1130 644 triduo
1155 593 1476 646 resuscilabo
1500 590 1636 644 illud
1655 591 1720 644 ⁷⁵.
1770 610 1787 640 ι

701 683 768 739 ν.
808 680 959 746 Quod
993 699 1237 752 perverso
1268 681 1634 750 intelligentia:
1655 696 1811 733 sensu
1837 681 2123 750 accipiant,
2155 683 2294 748 quod

841 774 1099 842 scriptum
1119 781 1192 824 est
1221 787 1239 824 .°
1267 770 1409 824 «Nisi
1442 769 1892 822 manducaveritis
1919 785 2135 821 carnem
2167 767 2295 822 Filii

851 863 1096 924 hominis,
1131 878 1235 914 non
1265 861 1518 914 habebitis
1551 861 1713 914 vitam
1740 860 1795 912 in
1831 860 2054 913 vobis".
2093 877 2110 911 ι

712 950 795 1006 Vl.
839 951 988 1018 Quod
1024 970 1128 1006 non
1163 955 1380 1006 credant
1424 955 1585 1008 vitam
1617 969 1724 1005 esse
1760 968 1879 1005 eum
1903 953 1995 1022 qui
2037 970 2069 1005 a
2092 951 2294 1006 Iudicis

914 1054 989 1099 est
1014 1047 1318 1111 cruciﬁxus.

702 1135 814 1190 VII.
855 1133 1008 1200 Quod
1038 1139 1301 1191 hominem
1330 1139 1728 1205 tantummodo,
1767 1156 1873 1192 non
1902 1139 2105 1204 Deum,
2135 1156 2297 1194 carne

916 1229 1226 1295 cruciﬁxum
1254 1245 1364 1282 esse
1395 1230 1694 1298 fateantur.

709 1318 839 1372 \‘Iil.
876 1319 954 1372 De
1005 1337 1063 1371 eo
1115 1321 1254 1389 quod
1294 1323 1551 1391 scriptum
1589 1328 1697 1383 est,
1761 1340 1780 1372 ι
1813 1321 2073 1376 Dominus
2109 1323 2297 1394 gloria:

916 1410 1200 1477 cruciﬁxus
1220 1411 1290 1463 ⁷⁷.
1337 1430 1356 1462 s

709 1499 796 1554 IX.
839 1501 916 1554 De
949 1520 1007 1555 eo
1036 1503 1174 1572 quod
1210 1504 1390 1557 dicunt
1422 1521 1440 1558 :
1467 1503 1734 1558 Christum
1751 1522 1968 1576 passum
2003 1523 2294 1576 carne,non

921 1590 1084 1644 Deum
1135 1609 1350 1662 passum
1382 1611 1544 1647 carne
1591 1595 1834 1662 conﬁteri
1873 1595 2078 1649 debere.
2117 1595 2188 1649 Et
2233 1597 2296 1650 de

917 1698 976 1734 eo
1024 1683 1163 1753 quod
1198 1685 1452 1752 scriptum
1497 1691 1573 1737 est
1613 1701 1632 1738 :
1675 1702 1693 1734 ι
1732 1684 2019 1739 Dominum
2069 1702 2191 1739 eum
2245 1695 2293 1739 ct

914 1773 1182 1827 Christum
1209 1774 1345 1828 Deus
1375 1775 1492 1843 fecit
1508 1776 1576 1829 7".

703 1862 773 1919 Χ.
819 1863 894 1917 De
923 1867 1236 1920 testimoniis
1269 1869 1456 1937 quibus
1507 1886 1703 1939 purum
1749 1871 2015 1924 hominem
2046 1888 2167 1926 eum
2202 1873 2294 1942 qui
2327 1855 2368 1910 Β

881 1975 979 2028 pro
1017 1969 1198 2013 nostra
1242 1960 1417 2014 salute
1447 1979 1635 2032 passus
1669 1971 1766 2026 est,
1802 1964 2173 2017 demonstrare
2208 1967 2292 2018 ni-

881 2061 1086 2106 tuutur.

701 2140 794 2196 XI.
821 2141 974 2209 Quod
991 2144 1302 2199 nullatenus
1317 2149 1475 2200 unius
1494 2147 1834 2218 ejusdemque
1854 2149 2149 2212 mirabilia,
2173 2169 2297 2220 pas-

911 2235 1188 2304 sionesque
1216 2235 1514 2304 fateantur.
1563 2235 1634 2289 Et
1664 2236 1727 2288 de
1769 2251 1829 2288 eo
1860 2237 2001 2306 quod
2037 2239 2294 2306 scriptum

897 2333 994 2394 .est
1038 2327 1106 2379 ad
1161 2326 1410 2380 Hebraeos
1437 2343 1455 2380 :
1489 2344 1506 2377 ι
1546 2326 1771 2379 Decebat
1808 2327 1948 2380 enim
2005 2344 2126 2381 eum
2168 2345 2294 2398 pro-

917 2429 1036 2492 pter
1088 2437 1244 2491 quem
1277 2422 1492 2485 omnia,
1545 2428 1594 2473 et
1625 2437 1719 2490 per
1758 2436 1913 2490 quem
1952 2423 2156 2487 omnia,
2204 2427 2296 2493 qui

919 2511 1109 2564 multos
1138 2511 1280 2579 ﬁlios
1318 2515 1372 2565 in
1403 2511 1634 2582 gloriam
1662 2513 1993 2577 adduxerat,
2027 2521 2296 2568 auctorem

915 2599 1106 2655 salutis
1138 2618 1319 2654 eorum
1353 2617 1447 2671 per
1471 2603 1741 2672 passiones
1769 2620 2140 2659 consummare
2169 2606 2234 2659 ".
2270 2625 2287 2657 ι

701 2690 818 2749 XII.
869 2691 944 2746 De
987 2709 1046 2746 eo
1083 2694 1222 2762 quod
1259 2692 1454 2746 callide
1506 2694 1700 2748 dicitur
1736 2696 1801 2748 ab
1845 2697 1967 2751 eis:
2007 2695 2146 2751 Caro
2199 2697 2298 2751 Dei

917 2789 1075 2854 pass‘a
1109 2792 1207 2847 est,
1242 2783 1376 2837 Deus
1403 2794 1582 2838 autem
1611 2802 1771 2838 carne
1809 2803 1999 2857 passus
2030 2805 2138 2842 non
2162 2797 2258 2843 est.

703 2877 839 2932 XIII.
883 2876 1130 2944 Qualiter
1167 2879 1332 2931 Deum
1365 2881 1613 2948 proprias
1646 2881 1828 2933 carnis
1859 2895 1974 2934 sua:
1997 2883 2179 2950 fecisse
2206 2897 2298 2935 as-

945 2978 1129 3023 serunt
1158 2971 1454 3040 passiones.

700 3059 840 3114 XIV.
882 3059 1035 3126 Quod
1063 3063 1228 3115 Deum
1258 3079 1477 3132 possunt
1505 3080 1670 3116 carne
1708 3074 1973 3129 asserunt,
2002 3064 2167 3121 Deum
2197 3084 2297 3121 au-

950 3162 1054 3206 tem
1093 3153 1316 3208 Verbum
1349 3172 1566 3226 passum
1611 3171 1775 3210 carne
1824 3155 1973 3211 nullo
2022 3159 2178 3213 modo
2212 3159 2298 3230 fa-

952 3252 1189 3298 teantur.

699 3331 815 3388 XV.
859 3331 1011 3398 Quod
1046 3342 1243 3404 negant
1267 3333 1436 3388 Deum
1470 3349 1600 3397 esse,
1635 3336 1723 3405 qui
1753 3336 1894 3390 visus
1919 3343 1969 3388 et
1997 3345 2293 3390 contrecta-

917 3433 1000 3478 tus
1033 3435 1082 3478 et
1112 3441 1298 3495 passus
1339 3442 1500 3478 carne
1551 3434 1650 3491 est,
1688 3427 1750 3480 ob
1780 3427 1836 3479 id
1860 3425 2001 3496 quod
2038 3429 2295 3496 scriptum

912 3525 1025 3571 est:
1059 3537 1077 3568 ‹
1107 3517 1276 3571 Deum
1311 3534 1464 3572 nemo
1497 3521 1628 3573 vidit
1658 3536 1895 3590 unquam
1911 3520 1983 3574 ”.
2024 3539 2046 3574 ι

698 3605 842 3664 XVI.
883 3605 1036 3673 Quod
1073 3609 1388 3664 Trinitatem
1425 3613 1480 3664 in
1505 3611 1714 3666 Christo
1744 3613 1988 3666 habitare
2027 3613 2188 3683 impie
2211 3629 2298 3666 as-

936 3710 1139 3766 serant,
1167 3710 1216 3755 et
1259 3703 1321 3757 ob
1347 3703 1401 3756 id
1433 3705 1688 3773 scriptum
1714 3713 1790 3757 est
1822 3721 1840 3757 :
1878 3723 1894 3754 ι
1926 3702 2066 3768 Quia
2097 3705 2151 3757 in
2181 3705 2296 3774 ipso

939 3792 1144 3847 habitat
1173 3795 1345 3848 omnis
1383 3793 1652 3865 plenitudo
1701 3795 1995 3849 divinitatis
2034 3811 2295 3866 corpora-

921 3883 1044 3938 liter
1063 3886 1130 3939 ⁸³.
1169 3906 1187 3937 ι

699 3971 865 4030 XVII.
907 3973 1058 4040 Quod
1089 3993 1334 4046 perverse
1366 3977 1536 4032 Deum
1568 3977 1766 4032 Filium
1789 4018 1804 4042 ,
1845 3993 1952 4030 non
1986 3977 2157 4030 Deum
2186 3977 2295 4031 Pa-

949 4078 1084 4120 trem
1105 4069 1161 4121 in
1183 4067 1390 4124 Christo
1411 4070 1653 4123 habitare
1674 4079 1936 4131 asserunt,
1961 4084 2056 4139 per
2081 4069 2137 4121 id
2156 4070 2295 4139 quod

945 4162 1201 4230 scriptum
1228 4170 1303 4214 est
1337 4177 1355 4215 :
1383 4182 1400 4213 ι
1427 4161 1568 4216 Deus
1593 4173 1708 4216 erat
1730 4165 1786 4214 in
1803 4160 2009 4216 Christo
2036 4162 2289 4216 mundum

947 4251 1298 4306 reconcilians
1327 4252 1427 4306 sibi
1443 4253 1511 4306 υ.
1549 4271 1570 4305 ι

698 4333 887 4393 XVIII.
929 4337 1082 4405 Quod
1113 4340 1528 4413 Christum,'_non
1565 4360 1780 4399 carnem
1802 4344 2019 4414 Christi,
2049 4366 2081 4404 a
2101 4359 2288 4405 sancta

3883 394 3986 448 I32

2674 494 2932 548 Trinitate
2964 503 3199 548 creatum
3237 504 3286 548 et
3319 499 3689 553 "suscitatam
3721 511 3986 560 asseram,

2680 587 2819 655 quod
2850 587 2973 640 dum
3007 588 3193 640 docere
3236 600 3501 644 conantur
3535 592 3700 658 juxta
3735 593 3984 657 Arianos,

2683 677 2952 731 Christum
2990 688 3295 733 creaturam
3325 681 3541 734 credere
3591 684 3994 752 deprehendun-

2662 749 2794 824 .tur.

2404 859 2545 913 XIX.
2588 860 2664 913 De
2698 878 2758 914 eo
2789 862 2927 931 quod
2975 864 3194 925 dicunt,
3226 863 3550 916 Homousion
3587 864 3818 918 (lividere
3839 905 3852 928 ,
3913 875 3988 918 est

2640 948 2905 1004 Christum
2937 953 3108 1004 dicere
3129 971 3293 1007 unum
3329 969 3391 1007 ea:
3414 954 3692 1010 Trinitate.

2403 1038 2520 1092 ΧΧ.
2546 1039 2620 1092 De
2643 1057 2702 1094 eo
2722 1042 2860 1111 quod
2887 1043 3058 1103 aiunt,
3087 1043 3341 1112 quidquid
3365 1059 3426 1096 ex
3458 1043 3641 1114 aliquo
3662 1062 3770 1098 esse
3795 1046 3991 1099 dicitur

2613 1131 2845 1186 alterum
2895 1133 3122 1187 ostendit
3150 1151 3214 1187 ea:
3253 1133 3445 1199 altero,
3494 1145 3545 1188 et
3574 1136 3691 1189 ideo
3721 1135 3989 1191 Christum

2614 1240 2720 1276 non
2774 1235 2977 1295 Oportet
3024 1243 3189 1279 unum
3243 1243 3308 1279 ea:
3354 1228 3614 1282 Trinitate
3645 1230 3837 1300 fateri,
3897 1233 3993 1285 sed

2619 1333 2782 1371 unum
2823 1318 3155 1372 iuTrinitate
3185 1329 3230 1372 et
3267 1322 3608 1390 perversitate
3635 1323 3730 1375 hoc
3751 1323 3889 1376 idem
3926 1323 3992 1376 ab

2614 1411 2741 1480 ipsis
2766 1411 3023 1465 haereticis
3055 1421 3394 1466 memoretur.

2403 1499 2544 1555 XXI.
2587 1499 2738 1564 Quod
2782 1519 2947 1556 unam
2985 1504 3196 1573 quidem
3251 1520 3537 1574 personam
3592 1503 3861 1559 Christum
3927 1520 3990 1558 ea

2619 1594 2873 1648 Trinitate
2895 1598 3186 1666 fateantur,
3222 1595 3488 1650 Christum
3514 1603 3692 1651 autem
3733 1614 3899 1651 unum
3929 1613 3993 1650 ea:

2624 1687 2884 1741 Trinitate
2936 1688 3096 1741 stulte
3143 1687 3420 1757 denegent.
3482 1688 3552 1742 Et
3586 1689 3728 1758 quod
3763 1706 3867 1742 non
3928 1704 3993 1742 ex

2618 1780 2824 1834 duabus
2855 1781 3086 1842 naturis,
3117 1781 3209 1834 sed
3232 1797 3295 1834 ex
3325 1781 3528 1833 duabus
3556 1783 3794 1850 personis
3826 1797 3991 1834 unam

2609 1883 2894 1936 personam
2938 1875 3153 1936 propter
3191 1883 3359 1920 unum
3388 1864 3510 1920 Filii
3551 1867 3884 1933 vocabulum,
3942 1878 3990 1921 et

2609 1955 2924 2024 dignitatem
2945 1963 2994 2007 et
3015 1957 3387 2009 auctoritatem
3409 1953 3678 2011 Christum
3700 1972 3812 2009 esse
3833 1957 3992 2025 impie

2611 2044 3002 2097 machinentur.

2398 2133 2568 2190 XXII.
2611 2134 2688 2188 De
2737 2150 2795 2188 eo
2825 2135 2964 2206 quod
2992 2142 3236 2188 asserant
3287 2133 3422 2188 nihil
3456 2151 3550 2188 nos
3595 2133 3864 2204 aﬂirmare
3895 2133 3992 2186 de-

2681 2228 2824 2291 bere,
2856 2228 2995 2297 quod
3024 2243 3129 2282 non
3168 2228 3223 2280 in
3249 2225 3540 2297 Scripturis
3568 2227 3833 2280 canonicis
3862 2243 3990 2280 con-

2681 2319 2902 2380 tinetur,
2925 2328 2972 2371 et
2994 2319 3059 2372 de
3085 2335 3188 2389 quo
3213 2318 3397 2372 dolose
3417 2318 3619 2382 dicant,
3645 2321 3758 2370 sine
3782 2317 3992 2373 Christo

2685 2411 3000 2466 Trinitatem
3021 2428 3126 2465 non
3161 2426 3270 2464 esse
3294 2427 3312 2464 :
3343 2420 3394 2463 et
3425 2411 3563 2481 quod
3592 2412 3780 2464 invicte
3804 2418 3991 2464 contra

2686 2515 2865 2553 omnes
2894 2516 3026 2571 pene
3049 2516 3232 2554 eorum
3247 2499 3508 2553 versutias
3531 2508 3836 2569 apponatur
3856 2499 3994 2552 illud

2690 2590 2832 2661 quod
2891 2591 3146 2661 scriptum
3192 2597 3316 2644 est:
3363 2608 3380 2641 ‹
3414 2588 3546 2643 Ecce
3593 2588 3769 2643 Adam
3816 2588 3992 2658 factus

2683 2693 2760 2738 est
2792 2685 2946 2755 quasi
2972 2700 3107 2737 unus
3137 2700 3201 2737 ea:
3223 2683 3368 2737 nobis
3381 2681 3448 2734 ⁸³.
3487 2702 3505 2733 ›

2402 2771 2594 2828 XXIII.
2645 2772 2722 2826 De
2774 2789 2832 2826 eo
2878 2775 3018 2844 quod
3051 2789 3114 2826 ea:
3158 2774 3286 2843 ipsis
3330 2774 3555 2843 quidam
3592 2771 3773 2825 dolose
3819 2770 3989 2826 Deum

2676 2872 2865 2917 natum
2888 2879 2952 2917 ex
2977 2863 3174 2934 femina
3196 2863 3368 2916 dicere
3381 2862 3698 2927 videantur;
3723 2860 3989 2916 Christum

2685 2970 2811 3008 vero
2852 2971 3017 3006 unum
3046 2969 3110 3006 ex
3161 2952 3421 3006 Trinitate
3450 2951 3759 3005 nullatenus
3789 2965 3999 3004 asseve-

2683 3054 2824 3111 rent,
2849 3054 2895 3099 et
2926 3045 2989 3099 de
3014 3061 3072 3098 eo
3117 3044 3259 3115 quod
3309 3044 3491 3096 dicunt
3522 3059 3539 3097 :
3575 3040 3786 3111 Sufﬁcit
3844 3042 3991 3095 nobis

2685 3139 2782 3192 hoc
2834 3137 3111 3206 conﬁteri,
3172 3137 3366 3191 nostris
3405 3134 3642 3190 volumus
3678 3136 3754 3188 uti
3794 3149 3981 3188 sermo-

2687 3233 2862 3286 nibus.

2401 3345 2592 3402 XXIV.
2635 3343 2787 3410 Quod
2808 3343 3000 3399 callide
3023 3345 3230 3398 dicatur
3250 3343 3314 3396 ab
3342 3347 3437 3406 eis,
3467 3343 3512 3396 si
3534 3342 3763 3411 idipsum
3775 3341 3988 3411 judico.

2697 3440 2764 3493 tis
2797 3454 2928 3502 esse,
2947 3438 3087 3508 quod
3103 3455 3135 3491 a
3158 3437 3298 3491 vobis
3326 3446 3374 3489 et
3407 3437 3552 3490 nobis
3573 3436 3765 3488 dicitur
3796 3453 3812 3489 :
3849 3433 3982 3499 Quo-

2690 3529 2844 3583 modo
2878 3545 2972 3583 nos
3002 3537 3059 3582 ut
3105 3529 3378 3582 haereticos
3423 3527 3722 3590 aestimatis,
3751 3527 3879 3594 quia
3913 3541 3994 3579 ve-

2687 3621 2811 3675 stris
2837 3619 3082 3674 nolumus
3098 3621 3174 3673 uti
3195 3619 3552 3684 sermonibus,
3582 3634 3646 3671 ne
3669 3618 3996 3670 occasionem

2687 3712 2812 3766 aliis
2837 3713 3095 3766 htereticis
3146 3711 3494 3781 praebeamus.

2405 3804 2569 3858 XXV.
2609 3804 2689 3858 De
2718 3820 2778 3858 eo
2808 3805 2946 3874 quod
3000 3805 3179 3857 dicunt
3209 3819 3227 3856 :
3251 3802 3402 3856 Nihil
3455 3800 3686 3872 amplius
3725 3809 3994 3871 oportere,

2654 3897 2756 3950 nisi
2803 3896 2942 3966 quod
2966 3895 3135 3949 verbis
3162 3896 3352 3966 synodi
3382 3895 3702 3958 continetur,
3731 3909 3994 3958 asserere,

2658 3995 2711 4042 et
2748 3987 2888 4057 quod
2920 3988 3192 4041 hereticos
3208 3984 3448 4057 judicent
3469 3985 3992 4056 eos,quiconsimili-

2656 4087 2757 4143 ter,
2790 4087 2849 4132 ut
2879 4081 2981 4150 ipsi
3003 4079 3342 4148 respondent,
3364 4079 3499 4132 duas
3529 4077 3738 4149 quidem
3765 4084 3995 4132 naturas

2650 4173 2820 4226 verbis
2840 4173 2961 4226 aliis
2997 4173 3254 4236 dicimus;
3278 4173 3464 4226 vestris
3490 4187 3613 4224 vero
3646 4169 3892 4224 nolumus
3913 4173 3994 4224 uti

2649 4263 2980 4317 sermonibus
2999 4303 3014 4326 ,
3065 4279 3131 4316 ne
3188 4261 3311 4316 aliis
3354 4261 3610 4318 htereticis
3660 4263 3993 4316 occasionem

2644 4356 2779 4410 dare
2807 4355 3104 4410 videamur.

2023 4624 2676 4688 INTERLOCUTORES.

1737 4766 2351 4848 NESTORIANUS,
2394 4775 2505 4837 CA
2518 4776 2955 4852 THOLICUS,

1120 4900 1288 4972 552
1309 4901 1540 4962 CAPUT
1578 4905 1872 4966 PRIMUM.

2325 4915 2375 4974 D
2401 4917 2669 4989 arbitror)
2695 4920 2948 4976 creditur
2966 4920 3233 4984 alienum,
3274 4919 3447 4975 Deum
3473 4917 3723 4975 Verbum
3757 4926 3984 4972 natura-

771 4989 1282 5048 NESTORIANUS.
1333 4995 1560 5051 Memini
1592 5007 1645 5053 te
1669 5009 1729 5054 et
1768 4999 1823 5053 in
1856 4999 2136 5070 superiori
2179 5017 2298 5056 ser-
2395 5007 2525 5063 liter
2547 5008 2803 5064 humana:
2841 5019 3055 5066 naturae
3081 5010 3300 5065 unitum
3322 5010 3571 5074 credere,
3598 5010 3859 5080 quoniam
3885 5009 3991 5064 hoc

690 5097 903 5148 suone,
957 5098 1086 5138 cum
1128 5084 1425 5153 quaesitum
1473 5086 1704 5154 fuisset,
1747 5100 1938 5146 utrum
1984 5091 2040 5145 in
2077 5091 2296 5148 duabus
2397 5099 2564 5154 modo
2592 5111 2744 5157 recte
2768 5111 2956 5172 posset
2975 5101 3233 5172 intelligi,
3258 5101 3303 5156 si
3329 5101 3564 5172 placeat,
3597 5102 3858 5171 primitus
3902 5102 3986 5156 in-

697 5172 919 5228 maturis
932 5172 1219 5229 Christum
1246 5176 1532 5243 crederes,
1565 5181 1940 5250 respondisse,
1963 5182 2024 5237 In
2051 5183 2292 5250 duabus,

695 5265 800 5320 sed
836 5265 1078 5319 naturali
1109 5269 1479 5324 conventione
1519 5270 1712 5327 unitis.
1750 5272 1910 5339 Quod
1937 5274 2066 5344 quia
2104 5275 2291 5331 subito

699 5355 758 5409 in
786 5357 1020 5412 alterius
1052 5359 1378 5426 quaestionis
1411 5362 1664 5432 prorupit
1682 5363 2021 5435 indaginem,
2056 5367 2288 5422 dilatum

695 5456 788 5502 est
827 5449 905 5502 ibi
943 5449 1013 5503 de
1041 5464 1110 5505 eo
1141 5451 1355 5522 aliquid
1387 5469 1660 5522 quaerere.
1688 5456 1849 5512 Nunc
1869 5474 2002 5514 vero
2021 5462 2285 5529 quoniam

2395 5191 2674 5262 quiratur.

2466 5280 2920 5339 CATHOLICUS.
2985 5284 3152 5338 Multa
3177 5283 3403 5353 quidem
3440 5285 3498 5338 in
3539 5284 3827 5354 superiore
3866 5299 3986 5339 ser-

2398 5386 2563 5426 mone
2585 5373 2944 5439 disserentes,
2964 5376 3176 5428 nullum
3201 5375 3344 5444 apud
3372 5384 3425 5430 te
3447 5375 3754 5444 profectum
3778 5376 3986 5431 habere

2396 5461 2699 5529 potuimus,
2731 5463 2863 5530 quia
2915 5477 3073 5517 mens
3120 5479 3231 5517 non
3263 5463 3445 5517 sanari
3490 5463 3583 5518 sed
3630 5465 3853 5519 vincere
3882 5481 3986 5519 cu-

697 5537 871 5594 n'unis
909 5539 1164 5611 impium,
1197 5550 1256 5597 et
1280 5541 1575 5600 catholicis
1603 5545 1958 5618 dogmatibus
1996 5551 2287 5623 (quantum
2395 5552 2577 5622 piens,
2632 5570 2827 5609 aversa
2877 5553 2948 5608 ab
2995 5554 3083 5610 his
3131 5571 3253 5625 qua:
3285 5556 3587 5622 dicuntur,
3636 5556 3705 5610 ad
3737 5555 3984 5612 nihilum

774 5719 821 5792 ’ξ
844 5719 1006 5792 .loan.
1033 5737 1093 5788 η,
1154 5725 1241 5782 l9.
1341 5725 1389 5759 ⁷⁸
1418 5725 1578 5781 Joan.
1608 5744 1684 5792 vn,
1728 5730 1817 5786 54.

711 5787 988 5846 "Coloss.
1023 5787 1159 5860 ",9.
1236 5797 1281 5828 "
1317 5795 1360 5850 II
1392 5795 1522 5852 Cor.
1556 5787 1725 5864 v.19.
1803 5801 1848 5833 ³⁸
1886 5800 2025 5858 Gen.
2078 5787 2281 5868 "1,22,.

1917 5732 1962 5763 "
1994 5732 2013 5787 1
2045 5732 2177 5788 Cor.
2209 5749 2268 5799 ιι,
2300 5735 2352 5789 8.

2451 5738 2498 5770 ⁷⁸
2528 5737 2650 5793 Act.
2691 5754 2752 5804 n,
2789 5738 2877 5793 36.
2982 5741 3029 5773 τ’
3061 5739 3231 5794 Ilebr.
3267 5755 3327 5804 n,
3359 5739 3443 5794 10.
3547 5740 3592 5770 ⁸⁸
3623 5739 3783 5794 Joan.
3821 5755 3858 5803 ι,
3892 5739 3977 5793 18.
