4200 6426
176 410 273 472 133

1070 407 1248 466 DlAL
1312 405 1608 465 CON'IIlA
1646 401 2195 464 NESTORIANOS.
2232 428 2297 437 --
2337 405 2472 463 ΗΒ.
2524 407 2598 463 ll.

3359 409 3463 474 13‘

171 522 314 577 aliud
355 521 583 576 intenta
611 531 720 581 est,
761 518 867 573 nisi
904 530 964 570 ut
1013 518 1254 572 inveniat
1287 533 1299 569 :
1330 516 1478 585 quod
1519 531 1618 586 pro
1659 515 1776 570 suis
1805 520 1848 574 Λ
1879 524 1973 567 aut
2011 513 2332 569 inconfusas
2363 526 2589 571 naturas
2636 519 2690 570 in
2722 518 2946 576 Christo
2983 522 3218 592 potestis
3249 522 3457 596 dicere,

171 614 424 683 partibus
462 613 767 681 eloquatur
787 654 802 674 ,
832 621 1173 680 quapropter
1216 609 1514 680 oportebat
1542 607 1766 677 quidem

169 705 304 758 nihil
336 704 586 757 ulterius
618 713 802 757 tecum
843 701 912 771 de
939 717 998 756 re
1035 715 1249 755 summa
1289 698 1629 768 disquirere.
1661 695 1768 750 Sed

171 813 237 849 ne
269 811 377 849 nos
404 797 536 858 hoc,
571 795 791 850 defectu
811 795 999 864 potius
1028 792 1283 857 rationis,
1307 805 1474 860 quam
1501 788 1801 852 modestia,

171 887 352 942 facere
385 889 661 951 aestimes,
710 888 964 958 cogimur
996 892 1191 940 contra
1234 882 1584 954 propositum
1609 923 1624 946 ,
1663 879 1774 936 tuis

169 977 595 1048 Objectioaibus
634 976 998 1047 respondere.
1032 975 1221 1044 Itaque
1251 973 1442 1028 dixisti
1487 973 1563 1042 (ni
1589 969 1773 1044 fallor)

171 1067 346 1122 Deum
367 1068 625 1121 Verbum
659 1067 994 1120 naturaliter
1033 1065 1288 1119 humana:
1312 1072 1525 1118 natura:
1556 1062 1776 1116 unitum

175 1159 403 1213 credere
430 1199 447 1223 ,
502 1158 737 1228 impium
788 1172 912 1211 esse
935 1198 950 1220 ,
988 1165 1045 1210 et
1092 1156 1389 1210 catholicis
1424 1154 1778 1225 dogmatibus

175 1250 444 1313 alienum,
480 1256 833 1319 quapmpter
869 1264 971 1302 cur
993 1247 1098 1302 hoc
1125 1246 1432 1302 arbitratus
1448 1261 1532 1312 es,
1556 1244 1778 1316 planius

176 1348 226 1393 te
252 1342 526 1394 convenit
550 1341 856 1410 explicare.

246 1432 313 1485 Ν.
359 1431 656 1500 Quidquid
705 1431 764 1484 lit
793 1430 1173 1495 naturaliter,.
1201 1445 1309 1484 non
1334 1429 1642 1494 voluntate,
1679 1429 1776 1484 sed

175 1524 516 1577 necessitate
569 1522 691 1577 fieri
737 1523 1093 1592 intelligitur,
1134 1533 1191 1577 et
1217 1523 1342 1578 ideo
1373 1522 1420 1577 si
1452 1524 1780 1578 naturaliter

179 1614 320 1668 Deus
355 1615 612 1669 Verbum
665 1616 907 1683 praprize
934 1615 1091 1674 carni
1127 1615 1328 1670 ‘unitus
1356 1623 1462 1678 est,
1514 1631 1624 1669 non
1664 1617 1779 1686 jam

181 1705 647 1770 misericorditer,
706 1698 808 1760 sed
856 1706 1099 1775 impulsu
1150 1706 1389 1761 naturali
1436 1706 1541 1761 hoc
1582 1706 1779 1762 fecisse

180 1795 494 1850 credendus
533 1806 643 1851 est.

246 1888 304 1942 C.
333 1887 552 1942 Definis
601 1904 740 1959 ergo
784 1888 1045 1944 universa
1072 1903 1194 1958 quae
1222 1887 1550 1943 naturaliter
1569 1887 1771 1943 dicun-

183 1991 287 2044 tur,
308 1980 657 2034 necessitate
681 1979 799 2034 lieri
837 1996 947 2034 non
977 1981 1263 2034 voluntate
1288 1981 1312 2032 ?

246 2071 306 2125 Ν.
326 2071 446 2125 Hoc
469 2071 746 2145 arbitror,
767 2071 1008 2141 denique
1029 2071 1298 2136 esuriem,
1318 2071 1492 2132 sitim,
1518 2086 1772 2126 somnum

183 2179 285 2216 non
307 2164 633 2224 voluntate,
669 2162 766 2216 sed
802 2162 1051 2217 naturale
1090 2163 1374 2232 patimur;
1409 2163 1556 2234 quod
1589 2174 1775 2218 autem

182 2268 286 2306 non
315 2253 376 2307 fit
399 2253 722 2316 voluntate,
746 2253 958 2322 geritur
983 2252 1101 2308 sine
1123 2253 1296 2307 dubio
1321 2255 1656 2308 necessitate
1680 2268 1750 2306 na

184 2354 332 2400 ture.
372 2344 512 2399 llaec
538 2361 666 2415 quae.
706 2344 869 2405 dicis,
909 2345 1231 2414 compositae
1262 2355 1319 2398 et
1345 2345 1622 2415 passibilis
1672 2359 1772 2397 na-

183 2443 313 2489 tura:
341 2444 484 2488 sunt
529 2437 780 2504 propria,
817 2434 1143 2502 impassibili
1177 2443 1365 2488 autem
1393 2441 1445 2487 et
1485 2435 1774 2502 incompo-

184 2527 291 2581 sita:
343 2542 463 2582 non
515 2536 604 2580 est
639 2526 788 2580 aliud
844 2525 1205 2590 naturaliter,
1264 2527 1414 2581 aliud
1463 2527 1775 2582 voluntarie

184 2617 469 2687 quidpiam
501 2617 707 2678 facere,
739 2617 833 2670 sed
878 2634 1103 2686 prorsus
1132 2634 1302 2672 unum
1339 2626 1503 2688 atque
1538 2617 1776 2688 idipsum

186 2719 284 2763 est.
317 2709 465 2776 Quia
506 2709 584 2762 ibi
629 2725 739 2761 non
767 2708 919 2761 aliud
957 2717 1041 2764 est
1065 2717 1282 2773 natura,
1305 2709 1454 2763 aliud
1487 2711 1774 2773 voluntas,

187 2801 276 2855 sed
305 2811 515 2854 natura
538 2800 793 2853 voluntas
819 2809 924 2859 cst.
955 2808 1011 2853 et
1037 2800 1294 2854 voluntas
1319 2811 1534 2855 natura.
1564 2801 1778 2856 Idcirco

187 2892 327 2946 Deus
350 2892 632 2952 Verbum,
660 2889 752 2943 cui
783 2890 935 2944 nulla
967 2890 1223 2945 voluntas
1251 2899 1336 2945 est
1362 2891 1645 2954 accidens,
1682 2900 1778 2944 aut

187 2992 382 3038 natura
441 2982 752 3052 passibilis,
814 2998 940 3036 cum
995 2982 1199 3036 dicitur
1247 2982 1576 3037 naturaliter
1620 2983 1776 3036 carni

189 3075 398 3137 unitus,
439 3090 555 3126 non
579 3072 931 3136 necessitate,
959 3073 1056 3127 sed
1087 3072 1373 3141 voluntate
1402 3073 1652 3128 creditur
1674 3072 1779 3127 hoc

189 3168 404 3223 fecisse.
441 3167 709 3235 Alioquin
758 3181 967 3234 quazro,
1019 3174 1204 3218 utrum
1235 3160 1562 3220 naturaliter
1604 3165 1776 3219 Deum

189 3257 380 3312 credas
416 3271 550 3310 esse
587 3270 656 3308 an
683 3253 1035 3308 voluntarie?
1066 3253 1122 3308 Si
1156 3252 1305 3307 enim
1349 3253 1661 3308 voluntarie
1693 3253 1782 3307 di-

191 3349 355 3413 xeris,
392 3347 663 3422 sequitur
692 3355 751 3400 ut
785 3362 900 3401 non
933 3345 1004 3400 sit
1027 3345 1360 3400 naturaliter
1383 3344 1554 3399 Deus.
1585 3344 1644 3399 Si
1679 3359 1783 3399 au-

191 3457 296 3499 tem
317 3425 660 3498 naturaliter
693 3443 878 3513 pergis
900 3457 1170 3507 asserere,
1200 3441 1311 3496 erit
1332 3456 1464 3510 ergo
1494 3441 1650 3511 juxta
1683 3455 1785 3495 vos

190 3537 331 3591 Dens
355 3531 722 3599 necessitate,
759 3551 872 3590 non
911 3535 1219 3598 voluntate,
1255 3533 1404 3602 quod
1425 3533 1494 3587 de
1519 3533 1632 3588 Deo
1657 3548 1784 3588 cre-

190 3629 315 3684 dere
345 3646 552 3700 magna
586 3628 866 3683 dementia
898 3634 1001 3681 est.
1032 3626 1100 3680 Et
1128 3626 1254 3680 ideo
1273 3641 1384 3679 nou
1412 3633 1497 3680 est
1526 3624 1780 3694 impium,

190 3736 287 3776 nec
325 3737 356 3774 a
403 3718 706 3774 catholicis
733 3716 1087 3788 dogmatibus
1114 3717 1395 3782 alienum,
1435 3716 1610 3771 Deum
1644 3717 1782 3772 Ver-

191 3815 318 3868 bum
361 3795 700 3867 naturaliter
729 3809 968 3880 propria:
995 3811 1147 3864 carni
1187 3809 1403 3863 unitum
1435 3808 1684 3875 credere,
1712 3808 1783 3864 ad

190 3904 572 3960 excludendos
628 3918 727 3958 eos
776 3902 872 3972 qui
925 3910 1180 3956 naturam
1232 3900 1611 3955 inviolabilem
1668 3917 1782 3956 non

191 3998 425 4053 credunt
478 3994 812 4074 naturaliter
845 3994 1058 4048 unitam
1097 4003 1310 4048 natura:
1359 3993 1643 4062 passibili,
1687 3993 1783 4048 sed

192 4104 440 4159 persona;
477 4089 672 4142 nescio
696 4087 854 4156 cujus
868 4088 980 4156 jam
1012 4087 1256 4140 formata:
1279 4087 1334 4140 in
1359 4095 1520 4140 utero
1543 4085 1787 4143 hominis

193 4179 360 4232 Deum
393 4177 713 4232 secundum
741 4177 996 4247 gratiam.
1037 4177 1156 4230 sive
1186 4175 1502 4254 secundum
1539 4176 1784 4232 illustra-

193 4271 421 4333 tioncm,
457 4269 545 4324 vel
579 4278 730 4325 certe
744 4268 1103 4324 dilectionem
1132 4268 1380 4323 fatentur
1402 4268 1642 4324 unitum.

860 4401 1014 4457 CAP.
1057 4401 1125 4456 ll.

1872 609 1966 674 qui
2001 606 2284 662 Christum
2321 610 2686 678 compositum
2721 612 3079 680 praedicatis?

1941 696 2004 752 C.
2036 698 2209 754 Omne
2233 701 2601 770 compositum
2629 702 2885 772 passibile
2910 721 2978 759 an
3011 707 3347 778 impassibile
3372 725 3454 765 as-

1874 789 2013 845 seris
2030 790 2053 843 τ

1945 879 2011 933 Ν.
2043 880 2284 937 Omnino
2325 885 2607 951 passibile.

1945 975 2007 1030 C.
2039 975 2115 1029 De
2150 989 2262 1028 non
2301 977 2612 1045 composito
2637 977 2770 1047 quid
2798 980 3084 1048 opinaris?

1945 1067 2013 1120 N.
2048 1065 2306 1121 Profecto
2339 1067 2786 1137 impassibilitate
2814 1073 3146 1129 subsistere.

1946 1157 2007 1212 C.
2063 1156 2351 1213 Christum
2414 1159 2731 1228 passibilem
2787 1176 2857 1216 an
2913 1162 3312 1234 impassibilem
3371 1180 3459 1222 as-

1878 1263 2042 1303 SCI'IS.

1947 1339 2013 1394 N.
2045 1339 2175 1394 Post
2203 1341 2641 1397 incarnationem
2671 1360 2901 1413 prorsus
2929 1348 3272 1416 passibilem.

1946 1429 2009 1483 C.
2045 1429 2158 1484 Cur
2188 1445 2322 1500 ergo
2353 1431 2639 1487 Christum
2691 1436 2892 1490 Filium
2942 1439 3039 1492 Dei
3090 1441 3201 1495 vivi
3257 1442 3464 1512 refugis

1877 1523 2245 1590 compositum
2275 1521 2554 1587 confiteri,
2589 1539 2755 1593 quem
2803 1526 2923 1580 sine
2947 1527 3122 1584 dubio
3162 1530 3306 1588 dicis
3341 1548 3463 1589 esse

1880 1611 2248 1681 passibilem?
2302 1638 2306 1642 -

1952 1704 2016 1758 Ν.
2046 1703 2362 1772 Secundum
2396 1704 2822 1770 humanitatem,
2852 1708 3136 1777 videlicet,
3181 1710 3464 1770 Christum

1881 1798 2249 1876 compositum
2280 1797 2510 1856 fateor,"
2542 1798 2674 1866 quia
2715 1809 2772 1853 et
2797 1801 3107 1877 secundum
3147 1802 3464 1860 humanitao

1879 1895 1987 1942 tem
2022 1901 2152 1940 eum
2193 1885 2515 1956 passibilem
2545 1886 2748 1950 credo,
2780 1889 3086 1955 secundum
3114 1890 3464 1956 divinitatem

1873 1988 2059 2032 autem
2080 1977 2527 2047 incompositum,
2544 1978 2672 2047 quia
2692 1988 2748 2032 et
2776 1980 3194 2049 impassibilem.

1920 2062 2007 2124 Ὀ.
2053 2067 2196 2135 Quid
2233 2069 2402 2138 igitur
2444 2083 2615 2123 unum
2658 2068 3032 2138 eumdemque
3064 2069 3256 2126 fateris
3286 2087 3353 2126 ex
3379 2071 3465 2126 di-

1875 2161 2106 2216 vinitate
2132 2171 2189 2215 et
2210 2160 2555 2214 humanitate
2579 2169 2702 2228 post
2721 2161 3162 2215 incarnationem
3189 2163 3460 2232 composi.

1876 2265 2014 2317 tum,
2051 2267 2216 2322 quem
2252 2263 2378 2304 ante
2422 2251 2866 2304 incarnationem
2899 2260 3118 2305 constat
3150 2251 3324 2308 fuisse
3377 2253 3465 2307 in-

1876 2347 2288 2416 cnnipositum?

1955 2440 2021 2494 N.
2053 2439 2173 2493 Non
2203 2437 2484 2507 equidem,
2510 2437 2605 2491 sed
2632 2446 2977 2506 assumptum
3001 2437 3286 2494 hominem
3315 2455 3466 2494 com-

1876 2532 2121 2604 positum
2149 2529 2294 2595 dico,
2332 2545 2462 2584 eum
2491 2545 2622 2584 vero
2649 2545 2681 2584 a
2734 2545 2845 2599 quo
2886 2540 3209 2600 assumptus
3237 2542 3345 2599 est,
3387 2532 3468 2587 in-

1878 2623 2271 2693 compositum.

1949 2715 2012 2769 C.
2044 2715 2193 2769 Duos
2221 2714 2365 2768 filios
2399 2713 2592 2783 procul
2617 2711 2791 2766 dubio
2823 2713 3053 2768 credere
3081 2713 3470 2783 deprehende-

1880 2807 2158 2861 riszunum
2182 2806 2575 2875 compositum,
2609 2805 2844 2857 alterum
2900 2805 3354 2875 incompositum.

1950 2899 2016 2952 Ν.
2047 2897 2224 2967 Negas
2252 2911 2387 2965 ergo
2423 2907 2481 2949 tu
2516 2894 2829 2950 divinitatis
2861 2904 3118 2950 naturam
3155 2910 3281 2952 esse
3332 2897 3470 2951 siin-

1881 2987 2083 3057 plicem
2118 2997 2175 3040 et
2211 2984 2677 3053 incompositam?
3042 2987 3047 2993 ‘

1947 3078 2012 3133 C.
2041 3078 2206 3132 Nullo
2241 3077 2404 3130 modo
2443 3077 2548 3130 hoc
2574 3075 2806 3144 denego.

1807 3202 1852 3261 ε
1954 3170 2021 3225 Ν.
2054 3168 2433 3239 Compositum
2475 3167 2668 3222 fateris
2707 3167 3015 3234 hominem,
3067 3182 3140 3223 an
3181 3167 3469 3240 incompo-

1889 3262 2082 3316 situm.

1955 3352 2017 3409 C.
2047 3351 2427 3422 Compositum
2458 3366 2708 3421 prorsus.

1954 3447 2022 3502 N.
2050 3444 2342 3512 Quomodo
2387 3458 2522 3514 ergo
2553 3459 2722 3514 negas
2766 3443 3050 3500 Christum
3100 3442 3470 3514 compositum

1883 3553 2030 3603 esse,
2059 3546 2116 3593 et
2151 3537 2605 3606 incompositum,
2637 3553 2803 3608 quem
2831 3537 2952 3593 sine
2981 3535 3158 3592 dubio
3195 3537 3369 3592 Deum
3413 3542 3472 3593 et

1886 3627 2170 3682 hominem
2198 3627 2526 3682 confiteris?
2665 3619 2670 3621 Α
3308 3627 3313 3632 ’

1953 3716 2017 3773 C.
2055 3718 2228 3772 Deum
2262 3716 2496 3786 quidem
2545 3725 2602 3770 et
2630 3715 2912 3771 hominem
2938 3715 3138 3771 Filium
3167 3714 3264 3772 Dei
3294 3714 3471 3772 eonﬁ-

1885 3819 2006 3866 teor
2035 3824 2166 3864 :eos
2192 3817 2376 3863 autem
2412 3806 2508 3877 qui
2530 3823 2642 3862 non
2675 3808 2932 3863 eumdem
2956 3808 3243 3864 Christum
3269 3808 3471 3864 Filium

1885 3905 1983 3960 Dei
2039 3914 2097 3959 et
2157 3903 2587 3974 incompositum
2654 3911 2784 3958 ante
2851 3903 3346 3969 incarnationem,
3412 3912 3472 3960 et

1885 4005 2009 4066 post
2034 3995 2473 4052 incarnationem
2514 3989 2880 4049 compositum
2928 3994 3269 4050 confitentur
3311 3992 3472 4050 valde

1884 4087 2117 4159 refugio.
2681 4148 2689 4158 ,

1955 4181 2022 4236 Ν.
2056 4178 2504 4235 Contractionem
2533 4177 2830 4248 quamdam
2861 4174 3068 4232 divina
3093 4185 3307 4233 natura:
3327 4193 3468 4248 prae-

1885 4271 2072 4328 dicare
2111 4271 2486 4341 cognosceris,
2505 4269 2766 4324 eumdem
2788 4268 3002 4334 dicens,
3042 4275 3102 4324 et
3134 4276 3265 4324 ante
3287 4267 3472 4323 incar-

1885 4362 2169 4418 nationem
2213 4359 2642 4428 incompositum
2676 4398 2691 4423 ,
2737 4366 2794 4412 et
2842 4367 2970 4429 post
3027 4358 3469 4414 incarnationem

1889 4451 2281 4522 compositum.
2307 4449 2596 4516 Quomodo
2625 4456 2812 4503 autem
2851 4456 3037 4519 potest
3055 4448 3470 4505 incircumscri-

260 4540 325 4595 Ν.
343 4533 825 4607 Compositionem
849 4533 1145 4604 quamdam
1172 4545 1231 4590 et
1249 4535 1631 4593 confusionem
1653 4538 1791 4595 mihi
1817 4549 1870 4612 ι)
1895 4552 1988 4616 pta
2025 4553 2082 4599 ct
2110 4542 2320 4611 ubique
2357 4540 2560 4595 diffusa
2592 4549 2791 4594 natura
2818 4540 3254 4610 circumscriptae
3301 4549 3358 4595 et
3412 4540 3467 4597 in

196 4631 406 4687 videris
441 4627 798 4683 introducere
828 4634 1154 4682 naturarum
1177 4667 1192 4692 ,
1226 4616 1788 4688 dicens'naturaliter

196 4731 428 4776 naturas
454 4718 663 4772 unitas;
1041 4733 1043 4735 ί

259 4812 326 4868 C.
348 4809 620 4882 Quamvis
645 4823 711 4864 ex
735 4808 1028 4864 divinitate
1045 4819 1103 4865 et
1127 4811 1472 4868 humanitate
1494 4814 1668 4869 Deum
1683 4831 1786 4870 no-

196 4923 371 4967 strum
418 4909 612 4965 Jesum
658 4905 943 4962 Christum
992 4911 1366 4984 compositum
1415 4911 1534 4966 sive
1566 4913 1787 4966 unitum

195 5020 316 5060 esse
345 5002 649 5064 fateamur,
673 4999 1057 5055 confusionem
1099 5009 1280 5072 tamen
1317 5011 1642 5058 naturarum
1689 5019 1785 5074 pe-

195 5099 352 5152 nitus
380 5093 712 5165 refugimus,
743 5093 873 5162 quia
923 5101 1188 5171 utrasque
1236 5103 1467 5152 naturas
1505 5096 1787 5153 credimus

197 5201 430 5243 manere
469 5183 768 5256 perfectas.
825 5210 833 5216 -
959 5187 963 5191 ’
1407 5201 1409 5204 ‘

266 5279 337 5335 N.
400 5276 747 5346 Compositio
815 5275 1099 5330 contraria
1155 5276 1492 5348 intelligitur
1554 5279 1785 5346 unitati,

197 5374 329 5442 quia
359 5379 458 5424 aut
478 5369 863 5425 confusionem
881 5367 1067 5434 efficit,
1086 5379 1184 5424 aut
1203 5385 1313 5426 non
1330 5372 1784 5430 caretdivisione.

197 5463 453 5519 Edifieia
505 5460 746 5531 denique
798 5461 1004 5526 omnia,
1059 5477 1182 5532 quae
1213 5463 1613 5532 compositione
1654 5481 1788 5521 con-

201 5565 374 5619 stant,
412 5553 565 5609 nullo
614 5552 906 5608 dubitante
952 5555 1280 5617 solvuntur,
1321 5571 1385 5610 ea
1435 5573 1568 5612 vero
1602 5573 1727 5628 qua:
1757 5575 1792 5615 a

162 5669 164 5671 ‘
201 5645 589 5718 pigmentariis
609 5662 639 5700 a
660 5646 897 5701 diversis
913 5662 1099 5701 rerum
1118 5648 1335 5704 naturis
1356 5662 1786 5721 componuntur,

203 5741 435 5798 confusa
459 5743 515 5795 in
545 5734 610 5795 se
634 5749 788 5806 sunt,
821 5755 926 5794 nec
957 5740 1069 5794 ulla
1105 5757 1194 5796 res
1216 5757 1445 5811 prorsus
1476 5743 1530 5797 in
1565 5743 1648 5799 eis
1685 5745 1788 5800 ob-

205 5834 345 5889 tinet
386 5832 804 5902 proprietatem.
840 5829 1128 5897 Quomodo
1176 5847 1306 5903 ergo
1354 5848 1451 5886 vos
1500 5833 1787 5900 indivisas,

1888 4650 2061 4707 parvo
2097 4634 2218 4688 loco
2270 4631 2585 4688 constituta:
2615 4640 2828 4686 naturae
2853 4631 3158 4686 secundum
3189 4633 3470 4702 composi-

1889 4725 2094 4780 tionem
2126 4723 2297 4789 uniri,
2320 4723 2424 4777 nisi
2454 4723 2617 4787 forte,
2643 4730 2705 4778 ut
2735 4722 2872 4788 dixi,
2901 4723 3323 4780 autdivinitatis
3341 4740 3472 4780 con-

1888 4815 2216 4870 tractionem
2268 4823 2367 4868 aut
2427 4813 2612 4868 carnis
2652 4815 3035 4869 extensionetn
3067 4815 3270 4871 factam
3300 4817 3472 4887 impie

1888 4890 2115 4962 fateris?
2234 4965 2240 4974 ,
2922 4915 2926 4920 ·
3003 4923 3009 4928 ~

1956 4998 2020 5054 C.
2051 4997 2266 5068 Opinor
2298 5013 2624 5068 corpoream
2661 5005 2712 5052 te
2751 4997 2979 5054 credere
3011 4997 3255 5054 divinam
3278 5012 3488 5070 essen-3

1887 5091 2043 5157 tiam,
2092 5106 2258 5162 quam
2309 5090 2474 5145 modo
2513 5091 2769 5145 contrahi
2809 5090 2880 5145 ad
2925 5105 3146 5145 carnem
3198 5091 3472 5157 aestimas,
3521 5087 3524 5091 ’

1827 5231 1834 5240 ,
1887 5184 2054 5239 modo
2077 5182 2298 5239 extendi
2330 5195 2460 5237 cum
2491 5197 2656 5238 carne
2682 5167 3059 5251 pronuntias.”

1957 5276 2024 5331 N.
2061 5275 2220 5331 Absit
2240 5275 2348 5331 hoc
2374 5275 2444 5331 ab
2474 5274 2659 5348 animo
2678 5274 3012 5330 Christiano.

1957 5369 2022 5424 C.
2047 5368 2188 5436 Quid
2230 5383 2363 5439 ergo
2380 5368 2556 5423 sentis
2573 5367 2816 5422 divinam
2837 5381 2960 5423 esse
2989 5374 3243 5422 naturam
3260 5367 3286 5421 ἲ

1905 5483 1921 5508 ι
1960 5461 2025 5516 Ν.
2056 5460 2332 5517 Virtutem
2377 5459 2573 5530 procul
2605 5459 2781 5515 dubio
2818 5474 3104 5530 magnam,
3158 5469 3218 5515 et
3267 5459 3475 5531 ubique

1893 5559 2083 5607 totam.

1963 5644 2024 5701 C.
2073 5645 2268 5701 Totam
2315 5644 2521 5714 ubique
2579 5643 2884 5700 secundum
2937 5649 3109 5700 totum
3159 5657 3284 5698 eam
3339 5640 3477 5698 dicis

1891 5737 2159 5795 exsistere
2182 5738 2205 5790 ’ἔ

1964 5831 2030 5887 Ν.
2060 5830 2180 5885 Non
2230 5831 2423 5900 utique
2450 5831 2759 5888 secundum
2791 5836 2970 5884 totum
3007 5827 3215 5896 ubique
3251 5831 3359 5890 est,
3381 5822 3479 5878 sed
