4200 6426
697 406 803 471 135

1958 384 2277 449 IOANNIS
2314 384 2693 446 MAXENTII

3864 390 3967 452 136

693 514 767 570 ab
793 529 858 570 ea
893 514 1245 571 rationabilia
1275 513 1434 569 aliter
1459 552 1473 577 ,
1524 508 1927 566 irrationabilia
1968 505 2149 564 aliter,
2187 507 2282 554 aut
2309 501 2357 557 A
2384 497 2504 562 bra,
2543 515 2612 553 an
2663 501 2929 568 majorem
2974 497 3200 568 quidem
3241 507 3452 568 partem
3495 497 3618 567 ejus
3667 496 3721 550 in
3756 501 3966 570 majore

693 607 846 661 omni
870 621 1036 661 sensu
1053 608 1299 662 carentia
1334 607 1714 661 continentur.

765 698 828 752 C.
860 697 998 752 Tota
1031 699 1336 753 secundum
1370 707 1546 751 totum
1573 697 1628 750 in
1655 707 1992 764 unoquoque
2016 689 2275 744 rationali

696 793 944 857 animali,
989 808 1051 846 ae
1083 789 1492 860 partieulariter
1523 803 1646 842 esse
1687 785 2061 855 cegnoscltur.

763 875 834 931 N.
853 873 1261 930 Particulariter
1275 879 1422 926 certe
1445 871 1605 932 inest,
1625 883 1731 923 non
1749 869 2049 924 secundum
2071 875 2267 934 totum,

689 967 823 1037 quia
846 966 1045 1036 singuli
1067 965 1270 1035 quique
1291 961 1360 1018 de
1382 961 1717 1032 plenitudine
1733 962 1848 1031 ejus
1868 961 2162 1032 accipiunt.

767 1062 834 1118 C.
865 1061 1152 1128 Quomodo
1181 1076 1313 1132 ergo
1357 1061 1561 1130 ubique
1596 1069 1710 1114 tota
1739 1067 1846 1121 est,
1891 1073 2015 1128 quae
2043 1074 2154 1112 non
2196 1067 2282 1113 est

699 1152 758 1208 in
787 1168 1124 1224 unoquoque
1147 1152 1403 1207 rationali
1426 1151 1654 1205 animali
1685 1151 1840 1205 tota?
1861 1149 1957 1204 sed
1983 1149 2283 1219 particula-

698 1243 950 1298 riter?et
979 1241 1260 1312 quomodo
1293 1239 1723 1312 particulariter,
1756 1253 1878 1308 quae
1900 1253 2010 1293 non
2052 1245 2137 1292 est
2158 1253 2286 1292 cor-

699 1349 827 1404 pus,
855 1333 951 1387 sed
985 1331 1256 1403 spiritus?

771 1425 838 1479 N.
875 1425 995 1494 Ipsa
1049 1423 1276 1494 quidem
1311 1423 1378 1479 ad
1409 1424 1645 1494 seipsam
1676 1433 1821 1487 tota,
1871 1432 1927 1478 et
1975 1422 2280 1477 secundum

702 1524 879 1570 totum
919 1515 1125 1584 ubique
1161 1523 1282 1580 est,
1339 1524 1604 1585 quantum
1647 1523 1830 1569 autem
1866 1513 1934 1568 ad
1975 1522 2282 1569 creaturam

701 1605 964 1674 pertinet,
991 1619 1103 1659 non
1125 1603 1323 1668 eﬂicit,
1353 1615 1414 1658 ut
1447 1620 1568 1658 eam
1604 1605 1872 1658 rationale
1905 1604 2107 1656 animal
2151 1603 2286 1657 sibi-

702 1704 818 1750 met
840 1697 1038 1752 adesse
1061 1737 1075 1763 ,
1122 1707 1218 1752 aut
1262 1698 1442 1752 inesse
1477 1695 1701 1759 sentiat,
1736 1695 1840 1749 nisi
1873 1706 2140 1765 quantum
2167 1697 2284 1766 ipsa

703 1788 1056 1844 indicaverit.

2379 592 2652 656 membro,
2691 593 2962 646 minorem
3006 605 3140 644 vero
3189 592 3246 644 in
3289 591 3542 645 minore?
3629 615 3635 620 -

2449 683 2516 738 N.
2556 683 2748 738 Totam
2798 683 2852 737 in
2896 696 3236 752 unoquoque
3279 682 3530 736 membro
3577 683 3830 752 corporis
3878 685 3968 738 sui

2379 789 2502 829 eam
2528 789 2652 830 esse
2677 774 2868 839 credo,
2917 774 3075 845 quia,
3103 773 3240 828 licet
3267 773 3339 828 sit
3364 774 3810 843 circumscripta,
3838 790 3970 844 par-

2381 866 2531 920 tibus
2557 874 2741 922 tamen
2772 882 2895 921 eam
2926 875 3185 922 constare
3217 865 3371 920 nullo
3398 864 3563 919 modo
3591 865 3811 933 opinor,
3837 865 3970 934 quia

2381 959 2654 1013 truncatis
2699 958 2966 1016 membris
3016 959 3303 1029 corporis,
3354 958 3473 1029 ipsa
3523 958 3734 1028 integra
3777 973 3973 1028 perse-

2381 1057 2561 1105 verat.
3651 1094 3658 1098 .

2451 1141 2514 1197 C.
2555 1140 2614 1197 Si
2641 1157 2776 1214 ergo
2809 1143 3016 1208 anima,
3055 1157 3180 1212 quae
3205 1157 3316 1196 non
3349 1153 3437 1197 est
3469 1157 3696 1213 corpus,
3730 1141 3824 1197 sed
3860 1141 3977 1210 spi-

2383 1233 2546 1298 ritus,
2571 1235 2726 1290 carni
2745 1234 3051 1290 secundum
3072 1234 3532 1304 compositionem
3557 1234 3736 1296 unita,
3761 1234 3976 1288 nullam

2382 1325 2822 1380 contractionem
2854 1326 2910 1379 in
2953 1326 3190 1390 minore,
3221 1327 3428 1380 nullam
3472 1324 3860 1380 extensionem
3915 1327 3977 1378 in

2383 1417 2597 1487 majore
2647 1418 2856 1487 patitur
2904 1417 3179 1479 membro,
3213 1418 3309 1472 scd
3336 1418 3456 1472 sine
3498 1418 3583 1471 sui
3619 1416 3974 1478 confusione,

2385 1515 2498 1563 tota
2541 1509 2596 1562 in
2631 1510 2863 1579 majore,
2899 1517 3014 1563 tota
3039 1523 3162 1562 esse
3198 1507 3453 1562 creditur
3485 1509 3540 1563 in
3569 1509 3786 1562 minore
3819 1525 3833 1561 :
3861 1521 3979 1576 quo

2385 1610 2546 1669 pacto
2583 1599 2849 1654 divinitas
2870 1599 2967 1654 Dei
2989 1599 3155 1654 Verbi
3185 1599 3492 1655 secundum
3513 1600 3978 1670 compositionem

2385 1692 2624 1762 propria:
2660 1691 2814 1745 carni
2863 1690 3041 1754 unita,
3075 1691 3519 1746 contractionem
3571 1691 3978 1745 autextensio-

2314 1822 2361 1882 Β
2387 1798 2513 1837 nem
2561 1783 2678 1838 sive
2719 1781 3103 1838 confusionem
3153 1783 3487 1838 sustinuisse
3535 1783 3815 1838 credenda
3857 1783 3982 1838 est?

771 1881 834 1936 (ἶ.
856 1881 1028 1935 Deum
1050 1881 1288 1937 Verbum
1318 1882 1372 1936 in
1396 1882 1548 1936 nullo
1576 1880 1900 1937 dissimilem
1921 1879 2067 1936 Patri
2096 1891 2146 1934 te
2164 1894 2286 1935 cre-
2315 1873 2356 1882 '
2385 1873 2655 1944 Exemplo
2693 1874 2843 1929 enim
2888 1875 3089 1929 animae
3130 1873 3196 1928 ad
3226 1889 3450 1929 carnem
3497 1873 3654 1929 facta:
3684 1875 3978 1939 unitionis,

701 1972 836 2028 dere
860 1975 1078 2044 opinor.

771 2064 838 2119 N.
875 2065 1208 2118 Arianorum
1239 2072 1295 2118 et
1315 2063 1808 2127 Eunomianorum,
1830 2079 1939 2116 non
1972 2062 2287 2117 Catholica-

705 2169 825 2207 rum
851 2154 1051 2224 dogma
1089 2164 1196 2219 est,
1222 2155 1548 2210 dissimilem
1584 2154 1733 2210 Patri
1779 2153 1976 2208 Filium
2025 2152 2080 2206 in
2131 2159 2287 2222 parte

701 2248 887 2315 aliqua
927 2247 1176 2303 credere.

772 2337 836 2394 C.
872 2339 1184 2394 Perfectum
1211 2341 1385 2405 enim,
1415 2340 1561 2394 sicut
1587 2349 1671 2394 est
1705 2339 1852 2395 Patri
1875 2340 2125 2408 aequalis,
2159 2354 2288 2409 pro-

701 2431 838 2500 prie
869 2431 1024 2486 carni
1075 2429 1262 2486 dicitis
1316 2433 1556 2495 unitum,
1599 2447 1668 2486 an
1719 2430 2026 2486 secundum
2077 2430 2288 2501 aliquid

704 2519 948 2585 unitum,
988 2527 1044 2575 et
1067 2521 1370 2576 secundum
1397 2521 1606 2592 aliquid
1638 2536 1748 2576 non
1781 2523 2041 2579 unitum?

775 2613 842 2667 N.
879 2613 1084 2669 Paulus
1102 2613 1314 2674 docuit,
1343 2614 1407 2668 lu
1428 2630 1530 2685 quo
1558 2624 1682 2668 sunt
1711 2631 1894 2668 omnes
1931 2616 2170 2670 thesauri
2202 2632 2290 2669 sa-

703 2705 916 2776 pientia:
937 2715 986 2758 et
1011 2707 1242 2758 scientia'
1272 2707 1563 2758 absconditi
1586 2705 1657 2766 ⁸⁵.

775 2793 836 2849 C.
869 2795 1008 2849 Tota
1033 2811 1170 2867 ergo
1199 2808 1255 2850 et
1290 2797 1599 2851 secundum
1635 2806 1834 2860 totum,
1880 2806 1940 2851 ut
1976 2807 2068 2852 est
2107 2797 2293 2868 perfe-

706 2894 796 2940 cta
824 2886 919 2941 Dei
955 2887 1126 2942 Verbi
1177 2888 1442 2944 divinitas
1474 2889 1706 2958 :equalis
1734 2891 1904 2950 Patri,
1953 2891 2106 2944 carni
2139 2890 2293 2946 unita

705 2987 794 3033 est
814 2979 838 3032 ?

777 3068 846 3126 N.
880 3069 1079 3125 Nullus
1113 3069 1218 3126 hoc
1245 3071 1463 3126 dubitat
1492 3072 1868 3130 Christianus.

2385 1980 2554 2037 quam
2599 1965 2906 2021 secundum
2948 1967 3410 2037 compositionem
3437 1965 3556 2022 fieri
3596 1982 3707 2021 non
3741 1969 3979 2038 negasti,

2387 2073 2581 2115 omnes
2603 2058 2861 2116 doctores
2878 2059 3138 2116 Ecclesiae
3167 2069 3224 2114 et
3256 2059 3503 2114 illustres
3531 2059 3640 2114 viri
3671 2060 3769 2114 Dei
3809 2060 3981 2116 Verbi

2387 2151 2455 2206 ad
2515 2150 2801 2221 pr0priam
2852 2165 3079 2206 carnem
3140 2150 3454 2206 unitionem
3521 2150 3727 2205 factam
3775 2151 3984 2208 docere

2398 2254 2802 2302 monstrantur.

2462 2337 2527 2391 N.
2568 2337 2743 2393 Omne
2789 2337 3162 2408 compositum
3218 2335 3472 2407 partibus
3516 2346 3774 2392 constare
3864 2351 3981 2394 non

2389 2429 2624 2484 dubium
2653 2438 2761 2494 est,
2810 2445 2938 2500 pars
2988 2439 3173 2485 autem
3221 2430 3407 2484 minus
3445 2437 3533 2483 est
3565 2444 3730 2499 quam
3779 2437 3989 2492 totum;

2389 2532 2640 2592 estergo
2684 2520 2828 2577 Deus
2868 2521 3112 2576 Verbum
3163 2535 3292 2590 pars
3332 2521 3565 2586 Christi,
3608 2535 3773 2590 quem
3804 2536 3871 2575 ex
3899 2520 3992 2574 di-

2389 2614 2622 2670 vinitate
2655 2625 2715 2670 et
2750 2614 3098 2669 humanitate
3160 2614 3533 2683 compositum
3585 2608 3822 2678 asseris;
3847 2620 3906 2666 et
3935 2614 3985 2668 sl

2391 2707 2540 2763 Deus
2584 2707 2828 2762 Verbum
2867 2721 2998 2777 pars
3039 2714 3127 2762 est
3168 2705 3399 2770 Christi,
3437 2713 3495 2759 et
3547 2704 3694 2758 Deus
3739 2703 3986 2758 Verbum

2389 2799 2545 2870 juxta
2590 2813 2691 2854 vos
2736 2798 2919 2852 minor
2944 2797 3195 2862 Christo,
3237 2797 3402 2867 cujus
3430 2806 3487 2851 et
3528 2811 3656 2866 pars
3695 2803 3810 2860 est;
3837 2794 3989 2864 quod

2395 2891 2443 2945 si
2487 2906 2616 2961 pars
2663 2889 2872 2946 Christi
2914 2891 3062 2944 Deus
3105 2897 3211 2954 est,
3262 2887 3546 2958 quomodo
3592 2888 3758 2950 Deus,
3795 2886 3841 2941 si
3883 2887 3992 2940 im-

2395 2982 2682 3054 perfectus
2712 2983 2841 3038 est?

2467 3073 2528 3130 C.
2570 3075 2690 3129 Non
2717 3082 2804 3129 est
2835 3073 3198 3144 imperfectus
3229 3073 3379 3128 Deus
3407 3072 3679 3137 Verbum,
3714 3070 3845 3141 quia
3878 3085 3993 3127 non

777 3157 842 3214 C.
898 3159 1044 3226 Quid
1101 3160 1271 3230 igitur
1338 3164 1778 3218 contractionem
1850 3165 2182 3230 divinitatis,
2225 3181 2296 3220 an
2325 3175 2372 3239 ο
2401 3173 2464 3221 ut
2494 3165 2861 3237 perficeretur
2889 3163 3271 3236 assumptione
3296 3163 3481 3219 carnis
3505 3162 3760 3233 indiguit,
3795 3161 3892 3217 sed
3933 3171 3998 3216 ut

703 3249 1095 3306 extensionem
1112 3251 1296 3307 carnis
1329 3252 1526 3307 factam
1544 3254 1771 3320 asseris,
1796 3257 1925 3325 quia
1953 3273 2063 3312 non
2086 3267 2294 3328 potest,

714 3352 778 3396 ut
814 3343 978 3407 dicis,
1008 3343 1488 3415 incircumscripta
1541 3356 1598 3401 et
1642 3347 1849 3418 ubique
1881 3348 2080 3404 diffusa
2105 3360 2300 3405 natura

713 3435 1152 3506 circumscripta:
1176 3446 1232 3490 et
1257 3453 1432 3507 parvo
1482 3439 1604 3493 loco
1630 3441 1946 3495 constituta:
1975 3450 2188 3496 naturae
2215 3456 2302 3496 se-

715 3527 959 3582 cundum
987 3529 1444 3598 compositionem
1486 3531 1672 3585 uniri?

786 3620 851 3675 N.
868 3621 1057 3691 Neque
1084 3632 1294 3677 naturae
1312 3623 1772 3688 contractionem,
1798 3639 1978 3695 neque
2028 3625 2306 3682 extensio-

715 3727 844 3768 nem
869 3713 1126 3769 humanae
1148 3714 1348 3769 factam
1374 3731 1584 3780 assero,
1631 3717 1762 3786 quia
1796 3717 1900 3771 hoc
1923 3719 2147 3789 proprie
2177 3734 2305 3774 cor-

717 3819 920 3876 porum
964 3815 1070 3870 est,
1127 3822 1240 3861 non
1285 3818 1473 3863 autem
1510 3808 1745 3878 Spiritus
1795 3821 1853 3863 et
1898 3809 2144 3874 virtutis,
2185 3825 2308 3880 qua:

715 3895 875 3949 carni
910 3896 1054 3950 uniri
1087 3896 1393 3952 secundum
1441 3899 1903 3967 compositionem
1950 3915 2061 3954 non
2102 3909 2305 3970 potest,

717 3987 1024 4057 praesertim
1044 3985 1204 4059 553
1226 4003 1354 4043 cum
1379 3989 1882 4060 incircumscripta,
1904 3991 2115 4057 utdixi,
2139 3991 2307 4046 Verbi

721 4081 1010 4145 divinitas,
1038 4090 1096 4136 et
1115 4083 1302 4136 omnia
1331 4082 1646 4137 continens.

837 4213 852 4227 .
893 4172 1275 4244 Compositum
1330 4175 1475 4231 dicis
1526 4175 1804 4231 sustinere
1862 4175 2179 4244 hominem,
2237 4193 2307 4233 an

715 4263 1186 4335 incompositum?

791 4355 862 4410 Ν.
896 4354 1299 4425 Compositum.

788 4445 856 4503 C.
897 4447 978 4502 Ex
1017 4447 1222 4517 quibus
1251 4447 1468 4504 rebus?

791 4539 859 4595 Ν.
896 4539 975 4593 Ex
1006 4540 1192 4593 anima
1235 4539 1427 4608 utique
1477 4547 1536 4594 et
1582 4552 1772 4595 carne.

792 4651 857 4708 C.
899 4653 1151 4708 Animam
1197 4653 1732 4711 consubstantialem
1763 4653 1916 4710 carni
1968 4654 2195 4720 asseris,
2238 4671 2310 4712 an

724 4741 961 4798 diversa:
1009 4743 1262 4797 natura?

796 4834 866 4891 Ν.
907 4835 1150 4889 Diversae
1190 4834 1439 4889 omnino.

802 4943 864 5000 C.
916 4945 1112 5002 Utrum
1141 4949 1270 5015 quia
1297 4963 1406 5002 non
1443 4947 1514 5002 sit
1539 4961 1691 5016 caro,
1714 4957 1771 5004 et
1803 4949 1876 5004 sit
1900 4949 2308 5021 corpus,'quia,

729 5036 986 5105 quamvis
1018 5037 1201 5091 omnis
1237 5051 1368 5092 caro
1395 5053 1619 5109 corpus,
1645 5055 1758 5094 non
1781 5047 1964 5094 tamen
1993 5055 2158 5096 omne
2186 5054 2311 5095 cor-

735 5141 835 5195 pus
865 5141 995 5181 caro
1025 5127 1142 5181 est?

799 5239 866 5297 N.
913 5241 1076 5296 Nullo
1105 5243 1270 5298 modo
1308 5260 1412 5314 ego
1458 5259 1671 5316 corpus
1697 5245 1826 5302 dico
1863 5248 2104 5306 animam
2133 5265 2278 5308 esse.

806 5329 868 5386 C.
911 5331 1054 5398 Quid
1094 5348 1230 5405 ergo
1269 5336 1449 5390 dicis?

805 5445 874 5502 Ν.
913 5445 1184 5517 Spiritum
1227 5449 1348 5506 sine
1393 5451 1587 5517 dubio,
1622 5454 1717 5509 sed
1756 5471 1866 5510 non
1904 5457 2321 5515 incircumscri-

741 5545 911 5610 ptum.

810 5630 872 5687 C.
913 5631 1106 5688 Totam
1127 5633 1320 5690 fateris
1346 5651 1468 5691 eam
1495 5637 1757 5693 diffusam
1785 5655 1884 5698 Der
1907 5641 2122 5712 singula
2148 5658 2317 5698 mem-

797 5806 842 5837 ⁶⁸
880 5816 1091 5870 Coloss.
1121 5830 1180 5879 ιι,
1217 5816 1269 5870 3.
1347 5819 1390 5850 ⁸⁸
1427 5818 1569 5874 Psal.
1607 5835 1694 5886 xv,
1744 5820 1798 5872 9.

2398 3272 2532 3312 caro
2573 3257 2941 3327 perficeretur
2981 3256 3038 3310 in
3081 3254 3283 3310 melius
3332 3261 3696 3315 commutata,
3729 3252 3885 3306 carni
3933 3267 4000 3306 se

2402 3349 2636 3416 uniens;
2679 3349 3027 3419 compositus
3077 3348 3260 3403 factus
3297 3357 3385 3402 est
3413 3345 3509 3416 qui
3555 3353 3684 3400 ante
3727 3352 3852 3398 erat
3877 3343 4002 3398 sine

2402 3438 2577 3494 dubio
2604 3455 2821 3494 summe
2855 3439 3090 3509 simplex
3125 3448 3181 3493 et
3216 3437 3642 3507 incompositus,
3687 3434 4002 3505 perfectus-

2402 3547 2513 3602 que
2545 3546 2646 3602 per
2677 3531 2888 3596 omnia,
2918 3540 3111 3602 utpote
3145 3530 3314 3585 Deus.
3349 3528 3628 3598 Scriptum
3652 3527 3802 3581 enim
3831 3526 3902 3580 de
3933 3540 4005 3580 eo

2404 3633 2512 3689 est,
2546 3624 2681 3694 quia
2721 3623 2995 3679 bonorum
3027 3633 3349 3678 nostrorum
3390 3636 3504 3676 non
3545 3630 3707 3692 egeat
3751 3621 3819 3674 ".
3851 3620 4004 3676 Nihil

2405 3718 2556 3772 enim
2575 3717 2654 3772 illi
2676 3716 2937 3782 contulit,
2961 3726 3058 3771 aut
3077 3716 3338 3781 detraxit,
3365 3722 3651 3784 assumpta
3681 3728 3782 3784 pro
3808 3723 4001 3768 nostra

2406 3811 2589 3866 salute
2635 3810 2879 3864 humana
2925 3818 3162 3871 natura,
3216 3823 3384 3877 quam
3435 3807 3691 3861 unitione
3737 3819 3839 3859 sua
3885 3805 4006 3875 ipse

2407 3902 2597 3972 potius
2644 3901 3004 3956 ineﬂ‘abiliter
3039 3897 3395 3971 glorificavit.
3444 3897 3640 3966 Neque
3688 3897 3872 3951 minor
3917 3907 4005 3952 cst

2408 3995 2558 4050 Deus
2595 3993 2843 4049 Verbum
2868 3992 3115 4057 Christo,
3139 3990 3270 4061 quia
3301 3990 3418 4060 ipse
3449 3998 3535 4044 est
3558 3988 3822 4043 Christus
3857 4005 3870 4039 :
3900 4003 4006 4042 nec

2409 4092 2598 4162 seipse
2630 4090 2815 4145 minor
2843 4104 2967 4144 esse
3013 4095 3220 4158 potest,
3255 4096 3314 4142 et
3341 4094 3622 4155 assumpta
3655 4099 3821 4139 carne
3856 4082 4006 4139 idem

2412 4183 2618 4238 mansit
2657 4182 2806 4237 Deus
2836 4181 2954 4236 sine
3005 4179 3358 4235 dubitatione
3403 4176 3704 4248 perfectus.
3742 4175 4006 4245 Alioquin

2411 4276 2458 4330 si
2507 4283 2566 4329 et
2609 4282 2736 4344 post
2784 4271 3224 4328 incarnationem
3275 4277 3511 4340 negatur
3560 4268 3822 4325 Christus
3879 4281 4004 4323 esse

2411 4365 2776 4436 compositus,
2808 4363 3014 4419 mansit
3042 4377 3199 4433 ergo,
3224 4361 3372 4432 quod
3402 4370 3523 4415 erat
3553 4368 3740 4425 antea,
3769 4358 4006 4429 simplex

2413 4465 2472 4511 et
2516 4453 2939 4525 incompositus.
2982 4453 3052 4508 Et
3090 4453 3222 4522 quia
3268 4467 3359 4506 res
3407 4465 3622 4506 summe
3667 4449 3904 4521 simplex
3951 4460 4006 4503 et

2337 4515 2388 4574 Β
2415 4547 2783 4616 incomposita
2800 4545 3009 4600 nullam
3033 4544 3266 4600 omnino
3287 4543 3343 4598 in
3362 4557 3421 4598 se
3447 4542 3646 4612 recipit
3664 4543 4008 4613 passionem,

2415 4638 2562 4693 sicut
2593 4637 2853 4708 superius
2871 4637 3040 4691 etiam
3065 4635 3181 4706 ipse
3210 4634 3498 4704 professus
3516 4649 3598 4698 es,
3625 4648 3740 4688 non
3764 4640 3850 4688 est
3875 4647 4010 4701 ergo

2413 4728 2569 4800 juxta
2619 4743 2721 4783 vos
2745 4727 3001 4784 Christus
3039 4742 3140 4798 pro
3171 4726 3416 4780 humana
3456 4725 3637 4780 salute
3686 4737 4013 4794 perpessus.

2419 4818 2477 4874 Si
2524 4827 2708 4874 autem
2741 4817 2976 4888 simplex
3017 4831 3251 4872 manens
3273 4825 3331 4871 et
3369 4813 3780 4885 incompositus
3811 4827 4013 4883 passus

2418 4918 2526 4974 est,
2567 4909 2680 4978 jam
2728 4923 2844 4964 non
2875 4907 3110 4978 simplex
3150 4907 3520 4978 incomposita
3557 4913 3760 4960 natura
3787 4911 3874 4960 est
3903 4903 4013 4958 im-

2420 5000 2723 5071 passibilis.
2758 4999 2918 5066 Quod
2949 5001 2993 5054 si
3023 4999 3258 5070 simplex
3299 5007 3356 5054 et
3389 4997 3761 5068 incomposita
3811 5002 4015 5050 natura

2423 5090 2788 5160 impassibilis
2850 5105 2962 5144 non
3009 5098 3117 5154 est,
3163 5104 3297 5161 ergo
3348 5088 3629 5160 passibilis
3673 5094 3762 5142 est
3804 5085 4015 5141 Christi

2423 5180 2707 5236 divinitas.
2745 5180 2802 5236 Si
2851 5191 3036 5236 autem
3080 5181 3290 5236 Christi
3333 5181 3598 5235 divinitas
3651 5177 4014 5250 impassibilis

2423 5282 2734 5345 permanet,
2785 5274 2931 5327 sicut
2973 5282 3030 5328 et
3076 5287 3272 5328 verum
3317 5283 3426 5338 est,
3477 5279 3651 5328 restat
3693 5279 3758 5325 ut
3811 5279 4015 5326 natura

2422 5367 2662 5438 simplex
2699 5375 2757 5421 et
2801 5365 3169 5436 incomposita
3223 5380 3334 5420 non
3377 5365 3452 5420 sit
3502 5363 3804 5435 passibilis.
3845 5362 4012 5429 Quia,

2425 5460 2682 5531 quamvis
2714 5459 2976 5515 Christus
3015 5458 3328 5514 divinitatis
3359 5474 3474 5513 sum
3514 5455 3928 5527 simplicitatem
3961 5465 4014 5510 et

2427 5551 2930 5624 impassibilitatem
2979 5551 3147 5606 etiam
3201 5560 3326 5620 post
3371 5549 3684 5604 unitionem
3735 5547 4007 5617 composi-

2428 5644 2748 5711 tionemque
2788 5649 3110 5708 conservet,
3148 5649 3331 5696 tamen
3379 5648 3610 5712 propter
3650 5640 3862 5696 unitam
3908 5635 4019 5692 sibi
