4200 6426
218 429 311 494 137
1504 430 1841 505 DIALOGI,
1886 431 2034 492 LIB.
2104 433 2184 491 II.

3362 422 3462 490 133

205 556 429 598 carnem
457 542 609 610 iuste
637 539 705 595 ad
739 539 916 611 ipsam
958 542 1300 610 compositus
1330 556 1452 597 esse
1479 542 1791 597 credendus
1824 556 1860 607 Α
1895 545 2045 613 plum
2092 542 2226 614 quid
2280 535 2596 612 intelligas,
2635 540 2680 594 si
2733 538 2930 608 placet,
2993 537 3231 593 lucidius
3286 553 3465 592 mama

202 640 305 687 est.
387 632 770 702 Quapropter,
810 632 944 686 dum
1021 648 1132 688 non
1195 635 1278 688 vis
1341 643 1466 704 post
1525 635 1781 692 incarna-

200 724 410 776 tionem
462 723 756 778 Christum
805 722 967 778 fateri
1016 726 1411 795 compositum,
1458 735 1554 779 aut
1583 727 1786 781 divini-

200 815 330 868 tatis
363 815 491 884 ejus
542 822 797 869 naturam
829 817 1191 884 compositam
1221 824 1276 869 et
1309 817 1626 884 passibilem
1651 833 1786 871 con-

197 906 443 959 vinceris
489 905 745 969 credere,
795 913 893 960 aut
920 916 1070 961 certe
1097 907 1401 969 Christum,
1425 923 1588 976 quem
1618 910 1786 964 etiam

198 1008 321 1066 post
366 999 816 1051 incarnationem
872 998 1183 1067 simplicem
1230 1009 1286 1052 et
1336 999 1786 1068 incompositum,

199 1097 256 1138 ut
298 1097 422 1139 erat
460 1098 650 1151 antea,
681 1087 908 1153 asseris,
939 1088 1262 1142 nullatenus
1296 1103 1517 1158 passum
1561 1105 1657 1158 pro
1682 1089 1788 1142 hu-

200 1193 360 1229 mana
412 1180 599 1230 salute
642 1179 884 1232 testeris.

265 1265 332 1320 Ν.
367 1269 484 1321 Nec
509 1269 754 1322 divinam
785 1277 1036 1322 naturam
1063 1271 1384 1338 passibilem
1408 1270 1599 1336 credo,
1625 1286 1790 1341 quam

198 1373 416 1411 summe
466 1359 779 1426 simplicem
810 1366 869 1410 et
904 1358 1328 1429 incompositam
1369 1361 1518 1425 dico,
1547 1371 1603 1416 et
1627 1361 1791 1416 Chri-

198 1459 346 1502 stum
396 1465 504 1518 pro
541 1449 784 1503 humana
834 1451 1013 1504 salute
1063 1467 1289 1520 passum
1329 1452 1617 1517 cenliteor,
1665 1454 1793 1522 quia

198 1557 309 1595 non
367 1542 544 1596 Deum
580 1551 818 1607 tantum,
851 1543 947 1596 sed
979 1551 1031 1596 et
1066 1544 1348 1598 hominem
1370 1561 1498 1599 eum
1532 1529 1791 1615 agnasco.

199 1633 403 1698 Quaero
456 1645 649 1698 autem
681 1633 870 1690 utruni
903 1618 1362 1704 compositionem
1387 1637 1529 1690 hanc
1550 1636 1604 1689 in
1631 1638 1794 1689 vulva

200 1724 452 1793 Virginis
472 1724 677 1779 factam
708 1741 949 1790 asseras,
973 1743 1040 1779 an
1071 1736 1360 1796 postquam
1384 1728 1597 1797 peperit
1625 1728 1795 1781 lilium

203 1831 365 1870 suum
411 1818 874 1886 primogenitum.
1033 1813 1065 1830 ’⁸

273 1861 365 1869 _..-
412 1861 874 1886 ,..-...ν,,ν..........
1295 1861 1305 1866 -
1383 1864 1398 1892 ε
1779 1861 1790 1875 .

273 1910 336 1984 0,.
378 1911 439 1964 lu
485 1912 648 1988 vulva
696 1927 945 1980 prorsus.
1000 1911 1137 1965 Nam
1170 1909 1450 1978 quomodo
1485 1910 1654 1963 Deum
1692 1925 1792 1963 na-
1825 1883 1867 1936 Β

209 2007 332 2051 tura
381 2000 713 2064 crederem,
769 2017 934 2070 quem
979 2000 1287 2054 secundum
1335 2000 1794 2068 compositionem

206 2092 363 2144 carni
417 2093 640 2145 unitum
686 2093 890 2157 fateor,
936 2093 982 2149 si
1014 2103 1138 2163 post
1184 2102 1403 2163 partum
1436 2094 1795 2163 compositio-

206 2198 333 2236 nem
374 2186 1106 2243 naturarummssererent?
1143 2185 1268 2258 haec,
1297 2185 1446 2238 enim
1487 2201 1589 2240 nec
1649 2202 1798 2239 com-

207 2274 437 2341 positio,
485 2291 590 2330 nec
615 2276 797 2335 nnitio
833 2277 1117 2349 creditur,
1141 2274 1238 2330 sed
1282 2275 1514 2330 alterius
1545 2277 1599 2330 in
1623 2277 1799 2330 altero

209 2365 512 2420 habitatio.

859 2481 991 2537 CAP
1069 2482 1160 2537 111.

283 2591 352 2645 Ν.
393 2591 646 2646 Docuisti
682 2605 855 2654 certe,
896 2595 1040 2663 quod
1084 2598 1275 2650 multis
1306 2596 1574 2649 hactenus
1600 2593 1802 2648 verbo-

213 2697 337 2735 rum
386 2683 717 2752 ambagibus
771 2693 956 2753 tegcre
1004 2687 1304 2751 videbaris,
1347 2686 1804 2755 compositionem

212 2775 541 2829 nullatenus
595 2762 920 2829 naturarum
959 2793 1186 2834 scrvare
1219 2778 1636 2848 proprietatem.

286 2865 350 2919 C.
387 2865 642 2932 Quonam
677 2868 842 2922 modo
874 2872 1339 2940 compositionem
1379 2871 1551 2944 docui
1582 2881 1806 2928 natura-

216 2973 342 3011 rum
375 2972 486 3010 non
526 2973 754 3013 servare
804 2963 1241 3031 prOprictatem?

290 3049 360 3102 Ν.
401 3049 462 3102 in
498 3066 566 3104 eo
590 3051 738 3120 quod
773 3031 1163 3110 inhabitationi
1195 3071 1319 3111 eam
1351 3059 1687 3113 contrariam
1714 3061 1805 3131 ju-

219 3141 393 3196 dicas.

290 3235 558 3293 C.‘Sicut
596 3256 705 3296 non
747 3238 1042 3294 confundit
1091 3249 1318 3294 naturas
1367 3241 1563 3305 unitio,
1599 3242 1672 3296 ita
1709 3259 1810 3297 nec

225 3329 581 3396 compositio,
608 3331 736 3399 quia
765 3347 868 3385 nec
899 3333 1098 3384 anima:
1124 3342 1180 3384 et
1212 3331 1396 3385 carnis
1421 3343 1648 3395 naturae,
1691 3350 1811 3402 qua:

223 3419 536 3474 secundum
555 3422 1016 3491 compositionem
1041 3422 1208 3476 unitae
1225 3431 1376 3487 sunt,
1395 3423 1812 3478 confunduntur

225 3515 281 3568 in
327 3517 976 3574 sese..Alteﬂus.autem
1001 3519 1054 3572 in
1088 3511 1265 3573 altero
1295 3519 1626 3574 inliabitatio
1654 3536 1810 3588 prur-

225 3623 326 3661 sus
368 3609 610 3664 duorum
653 3618 757 3663 est.
818 3609 967 3668 Deus
1009 3616 1193 3661 autem
1228 3615 1284 3660 et
1331 3607 1497 3661 homo
1524 3624 1634 3661 non
1671 3610 1810 3662 alter

228 3700 285 3750 in
341 3700 519 3752 altero
560 3708 666 3763 est,
715 3698 808 3752 sed
850 3699 994 3752 idem
1024 3698 1192 3761 Deus,
1219 3697 1366 3751 idem
1397 3697 1563 3752 homo
1597 3708 1702 3752 est.

301 3791 368 3844 Ν.
409 3792 675 3856 Quamvis
703 3789 1009 3844 secundum
1030 3787 1338 3842 unitionem
1376 3804 1524 3870 unus
1553 3789 1810 3860 idemque

229 3881 307 3935 sit
330 3883 479 3935 Deus
496 3882 683 3946 homo,
706 3881 1013 3936 secundum
1047 3891 1276 3936 naturas
1295 3888 1474 3936 tamen
1507 3881 1646 3939 alter
1667 3882 1812 3936 Deus

227 3984 337 4037 est,
362 3974 506 4027 alter
531 3972 717 4028 homo.
750 3973 885 4027 Nam
906 3973 970 4033 ,si
1003 3973 1120 4042 ipse
1151 3974 1298 4028 Deus
1319 3974 1486 4027 homo
1517 3983 1622 4038 est,
1646 3974 1810 4042 etiam

229 4065 545 4119 secundum
592 4074 840 4129 naturas,
890 4065 1169 4134 quomodo
1205 4080 1316 4120 non
1352 4066 1488 4121 dicit
1539 4083 1552 4118 :
1604 4067 1813 4121 Solvite

233 4173 343 4220 me,
403 4156 531 4220 sed,
579 4155 778 4211 Solvite
811 4156 1064 4226 templum
1095 4158 1210 4222 liae,
1242 4168 1291 4210 et
1335 4159 1390 4210 in
1428 4158 1602 4211 triduo
1644 4158 1813 4212 susci-

233 4251 354 4303 tabo
389 4248 528 4302 illud
573 4247 659 4300 "‘l

877 4360 1028 4415 CAP.
1070 4360 1155 4414 IV.

1213 4429 1231 4459 ι)

302 4473 364 4529 C.
407 4474 581 4553 Miror
611 4483 665 4528 te
702 4489 866 4528 voces
907 4473 1275 4544 evangelicas,
1307 4488 1445 4542 quas
1489 4473 1599 4528 tuis
1631 4475 1815 4529 credis

234 4550 640 4619 assertionibus
662 4565 962 4620 convenire
985 4565 1252 4620 memoria
1277 4564 1537 4628 retinere,
1567 4581 1660 4620 eas
1683 4582 1812 4620 vero
1845 4550 1888 4604 Ι)

237 4669 372 4722 quas
403 4658 518 4708 tuis
549 4656 804 4723 partibus
843 4657 1097 4726 agnoscis
1131 4657 1253 4710 esse
1297 4657 1625 4721 contrarias,
1657 4660 1814 4726 quasi

235 4757 522 4814 nunquam
567 4746 811 4800 audieris
853 4748 1159 4816 praeterire.
1208 4747 1288 4801 An
1321 4762 1454 4802 vero
1499 4749 1593 4816 qui
1637 4749 1837 4804 dixitz'

1889 636 2046 689 festa.

1961 725 2027 778 Ν.
2061 719 2177 780 Mea
2215 724 2566 794 expositione
2607 737 2718 777 non
2754 720 2988 791 indiget,
3020 720 3166 790 quod
3199 721 3267 774 ab
3294 735 3468 775 evan-

1890 815 2086 883 gelista
2118 825 2336 870 constat
2367 828 2711 884 expressum.
2757 812 3007 882 Denique
3043 820 3166 880 post
3202 811 3347 865 illam
3375 814 3471 864 de-

1894 908 2029 962 bent
2070 921 2264 963 vocem
2306 909 2614 977 expositam
2650 907 2890 963 dicentis
2923 923 2936 960 :
2966 904 3186 962 Solvite.
3216 907 3470 977 teniplum

1893 1005 2010 1066 hoc,
2052 1011 2102 1056 et
2133 1004 2190 1056 in
2219 985 2395 1056 triduo
2425 1002 2742 1055 resuscitabo
2765 1000 2922 1065 iltud,
2957 1014 3084 1052 mox
3113 1008 3342 1052 secutus
3370 999 3470 1052 ad-

1886 1095 2072 1164 junxit
2099 1111 2112 1147 :
2143 1093 2251 1148 Hoc
2272 1102 2449 1146 autem
2477 1092 2680 1145 dicebat
2711 1091 2774 1144 de
2815 1089 3007 1160 templo
3036 1090 3273 1157 corporis
3302 1090 3384 1142 sui
3404 1089 3468 1143 ".

1962 1186 2025 1240 Ο.
2064 1185 2282 1256 Corpus
2321 1185 2430 1243 hoc
2466 1185 2587 1247 Dei,
2633 1198 2704 1236 an
2759 1181 3007 1237 hominis
3041 1194 3164 1234 esse
3196 1179 3372 1234 dicis?

1967 1278 2030 1331 Ν.
2073 1278 2328 1331 Hominis
2363 1277 2481 1330 sine
2517 1275 2688 1341 dubio
2722 1275 3028 1344 assumpti.-

1965 1369 2026 1422 (ἶ.
2070 1368 2128 1421 Si
2169 1366 2414 1421 hominis
2455 1365 2722 1433 assumpti
2759 1365 2863 1418 hoc
2898 1382 3099 1434 corpus
3126 1375 3231 1430 est,
3271 1379 3477 1435 corpus

1896 1476 2028 1528 ergo
2081 1459 2188 1510 hoc
2236 1455 2503 1524 assumpti
2551 1453 2792 1507 hominis
2843 1455 3107 1523 templum
3143 1454 3263 1507 est?

1971 1552 2036 1605 Ν.
2076 1550 2195 1604 Νοη
2229 1559 2313 1602 est
2342 1547 2605 1617 templum
2633 1547 2901 1615 assumpti
2935 1545 3200 1612 hominis,
3228 1537 3325 1600 séd
3359 1545 3479 1614 ejus

1897 1643 1990 1714 qui
2025 1643 2078 1695 in
2113 1643 2231 1710 ipso
2279 1639 2494 1694 habitat
2531 1637 2909 1692 invisibiliter.

1967 1733 2028 1786 C.
2073 1734 2140 1786 Et
2175 1733 2302 1802 quis
2345 1739 2431 1783 est
2465 1729 2761 1784 invisibilis
2791 1729 3056 1798 templum
3092 1725 3444 1787 inhabitans?

1969 1825 2032 1878 N.
2076 1825 2222 1877 Deus
2252 1822 2440 1891 procul
2471 1821 2665 1874 dubio.

1966 1915 2028 1968 C.
2072 1915 2170 1967 Est
2209 1929 2343 1982 ergo
2379 1927 2601 1982 corpus,
2643 1925 2754 1964 non
2802 1910 3048 1966 hominis
3093 1909 3383 1977 assumpti,
3421 1918 3482 1962 ut

1899 2005 2125 2068 assurls,
2160 2004 2257 2058 sed
2293 2002 2588 2074 Dei,cujus
2627 2011 2685 2056 et
2716 2001 2980 2071 templum
3019 1999 3125 2054 est.

1971 2093 2035 2146 Ν.
2079 2092 2134 2157 Si
2165 2108 2367 2162 corpus
2407 2100 2554 2147 esset
2596 2090 2874 2156 exanime,
2917 2091 2975 2145 in
3022 2105 3134 2160 quo
3179 2091 3482 2144 invisibilis

1902 2185 2048 2241 Deus
2093 2183 2389 2243 habitaret,
2437 2193 2585 2236 esset
2613 2182 2806 2250 utique
2839 2196 3045 2252 corpus
3071 2181 3191 2245 Dei,
3223 2197 3335 2234 non
3376 2181 3481 2234 ho-

1903 2275 2072 2328 minis
2105 2273 2396 2342 assumpti.
2432 2274 2633 2326 Verum
2662 2270 2792 2340 quia
2822 2287 3028 2341 corpus
3049 2272 3352 2335 animatum
3375 2278 3482 2334 est,

1830 2437 1846 2455 ι
1904 2368 1958 2420 in
1993 2383 2105 2436 quo
2139 2365 2352 2420 habitat
2381 2367 2546 2430 Deus,
2577 2372 2664 2419 est
2691 2379 2896 2434 corpus
2930 2379 3042 2419 non
3081 2364 3202 2428 Dei,
3248 2363 3344 2418 sed
3383 2364 3485 2419 ho-

1905 2461 2072 2514 minis
2099 2459 2390 2531 assumpti.
2626 2535 2628 2538 ν

1974 2553 2034 2607 C.
2077 2553 2196 2608 Non
2227 2568 2357 2624 ergo
2385 2567 2609 2623 corpus,
2645 2551 2740 2606 sed
2763 2551 2930 2606 homo
2955 2551 3221 2621 templum
3249 2560 3336 2606 est
3362 2550 3483 2612 Dei,

1906 2647 2034 2715 quia
2055 2646 2109 2699 in
2135 2661 2371 2715 corpore
2395 2645 2638 2707 animato
2653 2642 2823 2714 (quod
2847 2653 2932 2698 est
2957 2643 3076 2698 sine
3099 2643 3273 2721 dubio
3295 2641 3483 2713 homo)

1812 2793 1821 2804 ,
1906 2737 2108 2790 asseris
2142 2736 2396 2790 habitare
2439 2736 2612 2790 Deum
2661 2734 3016 2788 invisibilem.

1979 2829 2042 2883 Ν.
2078 2828 2220 2883 Νιιιη
2268 2827 2368 2880 tibi
2418 2827 2524 2882 hoc
2554 2842 2666 2881 non
2707 2825 2970 2881 videtur?

1977 2921 2040 2975 C.
2063 2921 2253 2975 Absit!
2285 2920 2389 2976 hoc
2409 2920 2559 2975 enim
2585 2919 2816 2974 omnino
2841 2919 3182 2974 contrarium
3210 2927 3296 2972 est
3323 2933 3489 2973 evan-

1907 3014 2118 3083 gelisla:
2166 3011 2524 3083 expositioni,
2575 3012 2672 3081 qui
2711 3012 2852 3066 dixit
2893 3029 2907 3064 :
2951 3029 2968 3062 ι
3001 3011 3116 3065 Hoc
3149 3019 3333 3064 autem
3373 3023 3488 3064 non

1909 3105 2129 3160 dicebat
2163 3104 2231 3159 de
2264 3105 2470 3174 templo
2503 3103 2745 3159 hominis
2770 3104 2880 3170 sui,
2906 3101 3003 3158 sed
3029 3101 3098 3157 de
3132 3101 3338 3172 templo
3357 3109 3490 3157 cor-

1836 3211 1878 3266 c
1913 3200 2065 3267 poris
2112 3197 2251 3251 sui.»

1982 3289 2046 3343 N.
2084 3289 2153 3344 Ut
2183 3289 2316 3343 mihi
2342 3288 2583 3352 videtur,
2618 3286 2861 3341 animam
2883 3301 2994 3342 non
3025 3285 3207 3341 credis
3227 3284 3491 3340 habuisse

1809 3377 1837 3417 Α
1909 3377 2189 3432 Christum
2217 3379 2240 3430 ?

1982 3470 2048 3552 (1ἲ
2088 3471 2287 3525 Procul
2338 3485 2368 3524 a
2409 3479 2498 3525 me
2545 3469 2775 3525 omnino
2807 3469 2880 3524 sit
2920 3470 3022 3524 ista
3050 3469 3346 3523 calumnia.

1982 3561 2047 3616 N.
2073 3561 2361 3628 Quomodo
2379 3577 2515 3632 ergo
2536 3563 2694 3631 quasi
2716 3561 3057 3616 contrarium
3084 3561 3320 3630 respuis,
3343 3561 3490 3631 quod

1911 3667 1941 3706 ι
1977 3652 2137 3706 nobis
2170 3653 2318 3707 Deus
2339 3651 2547 3707 dicitur
2576 3652 2835 3707 habitare
2859 3653 2914 3706 in
2937 3653 3181 3716 homine,
3213 3653 3259 3708 si
3287 3670 3493 3725 corpus

1910 3743 2151 3798 animam
2182 3743 2388 3798 habere
2409 3743 2695 3799 Christum
2724 3743 2950 3798 fateris?

1978 3832 2042 3887 C.
2079 3832 2219 3898 Quia
2263 3847 2468 3902 corpus
2516 3848 2626 3887 non
2685 3832 2928 3886 hominis
2977 3832 3268 3902 assumpti,
3326 3843 3388 3886 ut
3433 3842 3490 3886 tu

1911 3925 2136 3989 asseris,
2171 3925 2266 3980 sed
2313 3923 2410 3980 Dei
2448 3923 2754 3988 confiteris,
2790 3925 2948 3994 cujus
2991 3924 3332 3979 et-animam
3370 3941 3493 3979 esse

1913 4012 2102 4077 credo,
2147 4022 2203 4067 et
2225 4012 2350 4067 ideo
2386 4028 2498 4068 non
2525 4015 2697 4068 Deum
2735 4013 2789 4068 in
2817 4002 3064 4077 homine,
3101 4013 3197 4068 sed
3228 4014 3399 4068 Deum
3435 4017 3492 4071 in

1915 4119 2151 4173 corpore
2195 4103 2457 4174 praedico.
2496 4104 2757 4174 Alioquin
2801 4105 2940 4159 nihil
2988 4114 3073 4160 est
3105 4107 3256 4161 aliud
3305 4108 3492 4163 dicere

1916 4197 2090 4251 Deum
2125 4197 2182 4251 in
2224 4196 2472 4263 homine,
2506 4197 2614 4252 nisi
2661 4197 2944 4252 hominem
2993 4198 3114 4261 Dei,
3160 4199 3349 4268 sicque
3382 4216 3494 4254 non

1912 4288 2026 4358 jam
2067 4288 2213 4342 Deus
2256 4287 2445 4352 homo,
2489 4289 2586 4345 sed
2617 4289 2785 4344 homo
2829 4289 2927 4344 Dei
2959 4289 3289 4362 intelligitur
3334 4282 3497 4348 Chri-

1915 4388 2056 4443 stus,
2088 4381 2234 4449 quod
2279 4381 2348 4436 de
2379 4381 2639 4436 omnibus
2667 4381 2760 4451 qui
2809 4381 2921 4436 Deo
2957 4369 3194 4444 ﬁdelii‘br
3223 4383 3493 4448 serviunt,

1918 4471 2028 4526 dici
2077 4482 2279 4543 potest.
2971 4455 2977 4462 ’

2571 4564 2722 4620 CAP.
2771 4564 2832 4619 V.

1982 4657 2049 4711 Ν.
2080 4657 2136 4712 Si
2168 4671 2370 4727 corpus
2398 4656 2496 4712 Dei
2521 4665 2626 4722 est,
2653 4673 2765 4712 non
2797 4658 3066 4728 assumpti
3100 4659 3365 4727 hominis,
3394 4678 3496 4718 cur

1913 4763 2024 4803 non
2065 4748 2274 4802 dictum
2306 4765 2319 4802 :
2349 4742 2463 4804 Nisi
2502 4749 2945 4804 manducaberitis
2975 4765 3202 4808 carnem
3228 4751 3357 4818 Dei;
3397 4756 3493 4810 sed

235 4833 434 4888 Solvite
480 4836 733 4906 templum
773 4837 888 4900 hoc,
919 4852 1030 4890 non
1058 4837 1174 4906 ipse
1197 4840 1334 4907 ‘bost
1369 4837 1610 4892 infusum
1636 4855 1664 4892 a
1694 4837 1818 4893 mu-
1919 4851 2134 4890 carnem
2153 4835 2278 4890 Filii
2299 4838 2546 4902 hominis,
2570 4853 2674 4891 non
2703 4837 2955 4893 habebitis
2981 4841 3148 4895 vitam
3176 4843 3232 4896 in
3248 4843 3389 4897 vobis
3414 4844 3497 4898 "2

237 4925 371 4981 liere
421 4941 592 4996 super
621 4937 789 4997 caput
813 4944 972 4982 suum
999 4939 1340 4998 unguentum
1368 4930 1574 4985 dixisse
1600 4930 1777 4986 fertur
1801 4948 1812 4982 :

236 5015 404 5070 Sinite
443 5034 585 5081 eam,
632 5019 824 5072 bonum
854 5036 984 5089 opus
1026 5029 1246 5090 operata
1285 5031 1360 5075 est
1414 5023 1470 5075 in
1525 5038 1652 5086 me;
1689 5025 1812 5075 mit-

237 5117 345 5162 tens
380 5125 613 5178 namque
642 5112 751 5164 haec
777 5118 1102 5180 unguentum
1145 5112 1239 5163 hoc
1288 5113 1343 5164 in
1371 5127 1561 5182 corpus
1617 5129 1811 5174 meum,

235 5200 304 5252 ad
325 5200 689 5269 sepeliendum
727 5217 808 5254 me
842 5202 962 5271 [epit
986 5201 1074 5254 '7?
1110 5201 1307 5256 Cernis
1340 5218 1450 5257 non
1482 5205 1648 5258 alium
1691 5219 1812 5258 esse

233 5292 550 5362 sepultum,
579 5291 683 5344 nisi
717 5307 845 5345 eum
881 5293 1041 5362 cujus
1073 5301 1130 5346 et
1162 5293 1427 5362 templum
1450 5295 1569 5348 est?

301 5381 369 5434 N.
416 5380 472 5434 Si
529 5381 620 5434 ille
670 5382 920 5451 sepultus
969 5391 1054 5437 est
1096 5385 1254 5454 cujus
1302 5391 1359 5437 et
1402 5387 1666 5455 templum
1707 5395 1812 5452 est,

235 5481 408 5546 restat
445 5480 505 5524 ut
532 5472 805 5540 templum
837 5489 940 5528 nec
975 5475 1216 5528 solutum
1253 5475 1346 5538 sit,
1382 5490 1484 5530 nec
1516 5477 1812 5546 sepultum.

248 5533 268 5566 ι
301 5561 364 5617 C.
403 5563 678 5628 Quoniam
703 5565 807 5618 sub
839 5566 1064 5619 nomine
1110 5566 1321 5635 templi,
1350 5565 1520 5620 alium
1567 5533 1781 5638 i-nsepul
1803 5599 1818 5608 -

237 5662 375 5719 tum,
431 5655 600 5709 alium
640 5656 920 5727 sepultum
961 5655 1097 5710 mihi
1125 5655 1333 5711 videris
1368 5671 1640 5722 asserere,
1675 5667 1815 5714 lem-

305 5831 353 5864 ⁸⁸
384 5831 547 5890 Joan.
589 5847 650 5894 ιι,
689 5833 776 5886 l9.
857 5833 901 5866 ⁸⁷
935 5831 1126 5887 Matth.
1158 5841 1304 5898 xxvi,
1336 5834 1422 5900 l0,
1458 5836 1547 5891 ιε.
1582 5851 1588 5862 ·
1646 5836 1692 5871 ⁸⁸
1715 5839 1874 5898 Joan.
1907 5856 1968 5908 ιι,
2005 5839 2096 5896 2i.

558 5947 835 6009 PATBOL.
868 5948 985 6010 Gn.
1021 5951 1369 6034 LXXXVI.

1987 4925 2050 4982 C.
2091 4927 2355 4994 Quamvis
2380 4943 2513 4983 caro
2559 4928 2632 4982 sit
2678 4927 2804 4983 Filii
2847 4929 3114 4997 hominis,
3146 4931 3264 5002 ipsa
3311 4943 3496 4992 tamen

1921 5036 2050 5076 caro
2073 5021 2199 5076 Filii
2247 5023 2489 5078 hominis
2526 5037 2658 5078 caro
2697 5023 2794 5079 Dei
2825 5025 2929 5079 est.
2973 5025 3108 5080 Nam
3159 5027 3204 5082 si
3237 5041 3368 5084 caro
3400 5031 3497 5084 Dei

1921 5130 2033 5168 non
2077 5124 2182 5180 est,
2221 5116 2501 5186 quomodo
2527 5125 2710 5186 potest
2737 5116 2908 5172 vitam
2941 5128 3202 5174 reternam
3233 5130 3499 5191 praestare

1921 5206 2278 5262 credentibus
2300 5207 2323 5260 ?

1992 5298 2058 5352 N.
2105 5297 2245 5365 Quia
2283 5300 2390 5353 hoc
2433 5298 2513 5353 illi
2551 5313 2581 5353 ι
2619 5298 2733 5354 Ι)εο
2778 5299 2886 5356 sibi
2937 5301 3097 5358 unito
3139 5311 3225 5360 est
3281 5307 3500 5374 praemia

1919 5397 2120 5444 tutum.

1989 5479 2050 5536 C.
2108 5481 2163 5536 Si
2208 5481 2320 5536 Deo
2368 5481 2523 5538 unita
2577 5489 2668 5538 est
2709 5497 2862 5550 caro,
2915 5454 3194 5556 quomodo
3242 5465 3356 5543 non
3413 5499 3500 5544 est

1920 5588 2050 5626 caro
2087 5573 2181 5626 Dei
2203 5573 2226 5626 ?

1988 5661 2054 5715 N.
2094 5661 2232 5728 Quia
2275 5672 2469 5718 contra
2497 5659 2844 5728 manifestam
2872 5669 3159 5741 Evangelii
3187 5682 3380 5726 vocem
3409 5668 3494 5724 in-

2175 5837 2220 5874 ⁸⁸
2245 5841 2402 5898 Joan.
2441 5859 2514 5912 vt,
2553 5845 2642 5902 54.
