4200 6426
719 383 822 448 139

1949 381 1980 440 J
1986 380 2191 440 OANN
2196 379 2269 440 IS
2331 379 2707 442 ΜΑΧΕΝΤΙῙ

3873 382 3983 445 140

718 489 1030 545 verecunde
1066 489 1383 554 Contendis,
1417 503 1626 560 qurere,
1655 490 1780 559 quis
1803 496 1890 545 est
1918 492 2014 561 qui
2043 490 2207 563 555
2232 488 2299 545 ad
2334 500 2375 551 A
2402 501 2508 554 est,
2539 491 2838 548 cruciﬁxus
2868 502 2952 548 est
2983 507 3117 563 ergo
3140 502 3197 548 et
3225 493 3465 550 Jacobus
3494 492 3665 548 frater
3693 492 3812 559 Dei,
3844 494 3983 564 quia

719 581 1034 651 passionem
1082 597 1407 653 properans,
1451 582 1591 635 dicit
1633 581 1921 650 discipulis
1960 580 2075 635 suis
2104 599 2117 633 ε
2143 582 2291 635 Acci-

718 675 821 742 pite
852 681 897 725 et
928 671 1067 725 edite
1090 688 1153 725 ex
1174 673 1268 726 hoc
1291 687 1492 737 omnes;
1508 672 1604 724 hoc
1618 679 1695 725 est
1715 672 1855 724 enim
1879 686 2067 742 corpus
2095 687 2287 733 meum,

717 763 855 833 quod
872 780 970 834 pro
987 765 1124 817 vobis
1141 763 1420 834 frangetur
1434 764 1489 816 in
1510 764 1867 817 remissionem
1882 762 2292 834 peccatorum"?

1364 893 1517 949 CAP.
1558 894 1646 948 Vl.

789 1023 851 1079 C.
896 1024 994 1078 Ille
1036 1030 1125 1079 est
1176 1025 1466 1090 nimirum,
1502 1025 1597 1096 qui
1635 1025 1774 1081 dixit
1812 1044 1827 1080 :
1878 1026 1988 1097 Ego
2027 1043 2143 1080 sum
2187 1027 2295 1091 via,

719 1116 917 1170 veritas
955 1124 1005 1168 et
1051 1118 1158 1170 uita
1184 1117 1251 1170 ".

790 1206 857 1261 N.
878 1207 1000 1262 Vita
1027 1223 1159 1277 ergo
1185 1207 1439 1260 manibus
1462 1198 1956 1275 comprehenditur
1979 1204 2298 1273 impiorum,

721 1299 835 1353 vita
877 1298 1238 1367 crucifigitur,
1272 1306 1559 1367 postremo
1587 1299 1824 1351 moritur
1862 1297 1994 1363 vita,
2020 1305 2076 1350 et
2113 1296 2158 1350 si
2190 1296 2301 1350 vita

722 1397 960 1452 mortua,
981 1389 1107 1458 quis
1126 1390 1295 1440 vitam
1315 1388 1551 1441 mortuis
1578 1398 1835 1456 praestare
1855 1385 2164 1439 credendus
2185 1384 2303 1438 est?

790 1478 852 1530 C.
885 1477 939 1530 Si
980 1477 1028 1530 is
1060 1478 1154 1546 qui
1191 1475 1301 1529 vita
1326 1485 1431 1536 est,
1474 1492 1581 1529 non
1606 1483 1690 1529 est
1725 1474 2043 1538 cruciﬁxus,
2069 1484 2124 1527 et
2159 1489 2304 1526 mor-

723 1578 873 1634 tuus,
890 1582 1113 1636 sperare
1133 1569 1299 1619 vitam
1318 1567 1517 1619 mortui
1540 1566 1851 1619 nullatenus
1867 1565 2088 1618 debent.
2106 1564 2305 1616 Verum

723 1661 851 1726 quia
891 1657 1193 1712 cruciﬁxus
1241 1666 1347 1719 est,
1396 1664 1452 1709 et
1491 1664 1745 1708 mortuus
1812 1656 1860 1708 is
1899 1655 1995 1725 qni
2035 1662 2121 1707 est
2171 1654 2304 1715 vita,

724 1765 836 1802 non
875 1764 984 1811 mc,
1038 1749 1133 1800 sed
1168 1747 1387 1801 beatum
1417 1746 1637 1800 Petrum
1681 1746 1749 1800 ad
1794 1747 2014 1801 Judaaos
2036 1747 2161 1801 audi
2194 1746 2307 1800 cla-

727 1849 967 1893 titantem
999 1857 1011 1891 :
1057 1838 1292 1902 Petistis,
1326 1838 1529 1906 inquit,
1556 1854 1735 1891 verum
1770 1838 2087 1891 homicidam
2114 1838 2306 1891 donari
2339 1828 2378 1887 Β

724 1933 886 1995 vobis,
922 1940 1191 1984 auctorem
1220 1947 1341 1984 vero
1388 1931 1511 1985 vita:
1539 1932 1880 1984 interemistis
1910 1931 1978 1983 ".

798 2023 864 2078 N.
899 2020 1165 2088 Quamvis
1197 2032 1390 2075 auctor
1421 2021 1547 2074 vita:
1593 2023 1827 2090 propria:
1862 2022 2006 2075 Deus
2032 2002 2161 2075 esse
2194 2014 2307 2078 cre-

727 2115 912 2180 datur,
945 2125 1130 2168 tamen
1171 2112 1299 2182 quia
1342 2120 1399 2165 et
1458 2111 1712 2167 homines
1742 2124 2000 2169 auctores
2029 2115 2156 2168 vita:
2183 2128 2308 2183 pos-

729 2220 920 2260 sumus
971 2204 1270 2275 appellare,
1327 2203 1424 2273 qui
1470 2203 1820 2273 disciplinam
1891 2206 2120 2261 tradunt
2167 2207 2306 2262 bene

727 2299 975 2362 vivendi,
1011 2296 1363 2351 manifestius
1393 2295 1551 2360 doce,
1590 2296 1637 2351 si
1668 2298 1836 2361 vales,
1872 2297 2191 2353 cruciﬁxam
2221 2303 2306 2355 vel

731 2399 1005 2445 mortuam
1042 2390 1232 2443 vitam.

801 2482 864 2537 C.
939 2482 1263 2551 Quanquam
1318 2497 1426 2535 non
1490 2482 1742 2536 homines
1797 2483 1892 2552 qui
1954 2482 2307 2552 disciplinam

731 2577 960 2629 tradunt
993 2574 1133 2629 bene
1179 2573 1427 2639 vivendi,
1462 2573 1559 2627 sed
1593 2574 1738 2628 Dens
1782 2575 1935 2627 solus
1963 2583 2156 2628 auctor
2184 2575 2310 2629 vita:

734 2683 843 2720 non
878 2673 1027 2720 recte
1077 2663 1360 2727 credatur,
1398 2672 1582 2718 tamen
1612 2672 1669 2718 et
1697 2664 1743 2719 si
1783 2681 1908 2719 eum
1940 2667 2037 2735 qui
2058 2675 2143 2721 est
2175 2666 2306 2732 vita,

734 2766 1014 2813 mortuum
1036 2766 1088 2810 et
1112 2757 1438 2811 crucifixum
1459 2771 1526 2812 ex
1557 2755 1860 2824 Scripturis
1884 2757 2147 2820 docuero,
2184 2775 2309 2812 rur-

735 2867 832 2906 sus
870 2850 936 2903 ad
981 2849 1089 2903 alia
1126 2858 1178 2903 te
1222 2856 1578 2912 convertens,
1631 2848 1760 2901 dum
1797 2865 1907 2902 non
1955 2850 2036 2902 vis
2086 2850 2311 2904 credere

738 2942 977 3004 veritati,
1002 2938 1311 3010 superfluas
1336 2939 1671 3009 quaestiones
1700 2953 1922 2993 movere
1948 2955 2058 2993 non
2082 2939 2308 2993 desinis.

1368 3075 1518 3132 CAP.
1566 3076 1674 3130 VII.

808 3218 874 3271 Ν.
917 3215 972 3271 Si
1009 3215 1210 3270 nollem
1249 3213 1477 3269 credere
1511 3210 1749 3273 veritati,
1781 3224 2059 3277 nunquam
2099 3225 2161 3261 ea
2190 3223 2311 3276 quae

740 3327 824 3363 me
856 3316 1096 3371 movent,
1132 3306 1187 3360 in
1216 3304 1456 3359 medium
1485 3299 1834 3357 discutienda
1867 3300 2191 3369 proferrem.
2230 3298 2260 3350 '1
2280 3314 2311 3349 ιι

741 3416 895 3464 vero,
944 3398 1075 3453 dum
1129 3412 1240 3451 non
1282 3396 1432 3450 vales
1484 3392 1821 3462 respondere
1864 3390 2119 3460 objectis,
2154 3389 2314 3443 nobis

740 3492 897 3562 quasi
942 3487 1223 3558 superﬂua
1254 3485 1631 3556 quaerentibus
1678 3483 1933 3537 insultas.

810 3586 874 3639 (Σ.
918 3584 1118 3643 Verum
1165 3581 1273 3634 hoc
1317 3577 1543 3632 omnino
1580 3584 1665 3629 est
1711 3574 1857 3643 quod
1899 3588 2011 3627 non
2045 3586 2168 3641 ego,
2219 3572 2314 3624 sed

744 3679 861 3748 ipse
899 3677 966 3729 dc
1007 3687 1116 3744 quo
1166 3670 1368 3741 agitur,
1409 3668 1519 3722 tuis
1565 3682 1664 3736 pro
1696 3681 1784 3720 me
1836 3663 2121 3734 respondit
2168 3663 2315 3732 0|ij-

744 3767 1042 3825 ctionihus.
1098 3772 1261 3832 teque
1312 3774 1474 3814 suum
1508 3756 1888 3813 adversarium
1920 3765 2117 3809 notans
2139 3755 2315 3824 loqui—

745 3870 855 3921 tur,
890 3857 947 3910 in
1000 3848 1428 3908 Deuteronomio
1474 3848 1542 3902 ad
1592 3847 1855 3917 populum
1899 3846 2082 3900 Israel.
2139 3846 2207 3898 Et
2238 3848 2314 3899 vi-

741 3950 947 4013 debitis,
979 3945 1179 4014 inquit,
1197 3944 1359 3996 vitam
1398 3950 1624 3995 vestram
1656 3938 1967 4008 pendentem
1995 3939 2049 3991 in
2081 3937 2245 4007 ligno,
2268 3945 2317 3989 et

743 4056 849 4093 non
884 4036 1105 4090 credetis
1138 4035 1185 4086 ei
1215 4033 1284 4085 ”.

812 4129 878 4182 N.
920 4127 988 4180 Et
1033 4121 1315 4194 quomodo
1366 4128 1548 4191 potest
1590 4119 1704 4194 vita
1753 4135 1854 4189 per
1885 4134 1942 4173 se
1974 4117 2217 4188 pendere
2260 4116 2316 4169 in

742 4215 926 4287 ligno?
970 4190 1114 4269 Deus
1142 4226 1274 4283 ergo
1302 4227 1333 4265 a
1357 4210 1565 4266 Iudaeis
1595 4190 1682 4264 εέι
1725 4206 2072 4263 cruciﬁxus?

809 4309 874 4365 C.
913 4307 1037 4363 Non
1068 4304 1228 4371 mihi,
1270 4303 1366 4358 sed
1406 4302 1689 4372 propheta:
1733 4299 1899 4354 crede
1939 4298 2145 4353 dicenti
2197 4315 2210 4350 :
2259 4296 2319 4351 Si

741 4401 903 4470 afﬁgit
920 4400 1074 4451 homo
1101 4394 1293 4458 Deum,
1311 4393 1437 4463 quia
1457 4407 1544 4445 vos
1568 4388 1828 4459 conligitis
1860 4404 1942 4442 me
1968 4404 2093 4456 gens
2119 4395 2228 4440 tota
2246 4386 2313 4439 “.

2391 592 2448 638 et
2488 583 2661 640 frater
2696 585 2923 647 Domini
2972 584 3179 639 dicitur
3216 584 3240 638 ‘l

2460 674 2524 731 C.
2563 675 2682 730 Non
2717 684 2801 730 est
2828 675 2967 730 alter
2997 676 3163 737 Deus,
3200 676 3339 730 alter
3373 674 3659 741 Dominus,
3713 675 3810 730 sed
3857 673 3974 729 Do-

2394 765 2578 820 minus
2620 766 2737 835 ipse
2777 775 2864 819 est
2919 766 3086 829 Deus,
3135 764 3406 833 Propheta
3454 764 3676 818 dicente
3714 779 3728 815 :
3784 761 3986 816 Scitote

2394 857 2534 930 quod
2580 856 2832 912 Dominus
2876 858 2986 929 ipse
3014 867 3091 910 est
3139 856 3280 910 Deus
3322 858 3389 908 ".
3422 856 3491 910 Et
3514 856 3642 912 ideo
3676 864 3827 910 recte
3854 869 3985 910 om-

2397 950 2529 1005 nino
2551 950 2698 1004 Deus
2723 949 2911 1019 gloriae
2937 964 2968 1002 a
3011 947 3219 1004 Judwis
3242 948 3494 1003 creditur
3521 947 3841 1011 cruciﬁxus,
3873 961 3986 1001 nec

2397 1051 2483 1095 est
2520 1041 2822 1096 secundum
2866 1041 3010 1094 hanc
3058 1038 3345 1108 Prophetas
3389 1053 3580 1093 vocem
3639 1036 3989 1091 contrarium

2400 1132 2640 1196 veritati,
2708 1129 2973 1186 Jacobum
3022 1130 3248 1185 fratrem
3293 1130 3534 1192 Domini,
3597 1129 3828 1184 fratrem
3878 1129 3988 1185 Dei

2402 1222 2589 1277 dicere
2622 1221 2926 1277 secundum
2977 1237 3222 1293 carnem.

2471 1315 2537 1370 N.
2574 1314 2724 1372 Nova
2757 1314 3005 1385 quaedam
3042 1323 3099 1368 et
3146 1314 3512 1368 intolerabilis
3562 1312 3816 1368 doctrina
3865 1312 3991 1367 haec

2404 1418 2588 1463 vestra
2634 1417 2720 1462 est
2760 1422 2883 1477 qua:
2926 1407 3100 1461 Deum
3144 1406 3465 1475 passibilem
3521 1406 3807 1475 prmdicat,
3854 1417 3992 1458 cum

2406 1503 2473 1557 de
2499 1518 2569 1556 eo
2593 1501 2689 1571 qui
2718 1518 2749 1556 a
2779 1502 2983 1558 Judteis
3012 1510 3098 1556 est
3120 1499 3437 1564 cruciﬁxus,
3467 1499 3666 1553 Petrus
3698 1497 3993 1567 apostolus

2408 1595 2463 1648 in
2496 1593 2724 1648 Actibus
2758 1593 3133 1661 apostolorum
3175 1590 3464 1646 manifeste
3499 1589 3854 1651 testiﬁcetur,
3899 1587 3991 1641 di-

2407 1698 2539 1737 cens
2564 1700 2577 1735 :
2604 1680 2795 1736 Notum
2817 1682 2884 1735 sit
2913 1680 3151 1733 omnibus
3179 1680 3340 1743 vobis,
3372 1687 3424 1732 et
3444 1679 3589 1732 omni
3615 1676 3752 1747 plebi
3780 1674 3983 1737 Israel,

2409 1776 2535 1843 quia
2591 1776 2645 1825 in
2696 1774 2905 1826 nomine
2936 1771 3061 1831 Iesu
3115 1771 3307 1824 Christi
3346 1770 3638 1833 Nazareni,
3684 1784 3841 1839 quem
3893 1783 3993 1821 vos

2406 1866 2760 1933 cruciﬁxistis.
2798 1881 2952 1933 quem
2989 1863 3126 1917 Deus
3159 1864 3433 1916 suscitavit
3468 1878 3500 1914 a
3530 1862 3773 1921 mortuis.
3808 1861 3865 1913 in
3892 1860 3993 1912 hac

2405 1958 2500 2009 ista
2552 1963 2693 2008 astat
2724 1970 2905 2009 coram
2940 1953 3077 2006 vobis
3104 1969 3264 2005 sanus
3293 1952 3359 2003 ’⁷.
3399 1951 3462 2005 Et
3500 1951 3699 2004 iterum
3740 1968 3752 2002 :
3789 1949 3990 2003 Certis-

2404 2050 2555 2107 sime.
2605 2046 2803 2115 inquit,
2842 2045 2972 2098 sciat
3014 2045 3185 2097 annuis
3239 2043 3422 2096 domus
3462 2042 3656 2105 Israel,
3707 2044 3832 2112 quia
3872 2042 3992 2095 Ilo-

2408 2139 2609 2190 mitium
2626 2146 2675 2189 ct
2696 2136 2962 2191 Christum
2992 2150 3114 2187 eum
3141 2133 3275 2186 Deus
3313 2134 3428 2202 fecit
3459 2134 3596 2187 hunc
3622 2132 3803 2186 Jesum
3828 2149 3993 2200 quem

2407 2245 2494 2281 vos
2527 2226 2864 2295 cruciﬁxistis
2895 2226 2961 2279 ’⁸.
2994 2225 3132 2280 Cum
3158 2241 3292 2294 ergo
3323 2241 3352 2278 a
3396 2225 3508 2278 Deo
3531 2239 3659 2279 eum
3696 2240 3862 2294 quem
3890 2224 3995 2277 Ju-

2407 2318 2508 2374 daei
2546 2318 2939 2372 crucitixernnt
2969 2316 3261 2370 Dominum
3311 2316 3594 2370 Christum
3634 2315 3862 2379 factum,
3900 2324 3989 2368 te—

2338 2398 2344 2433 ‘
2407 2418 2586 2466 stetur
2610 2410 2912 2478 apostolus.
2944 2424 3052 2461 non
3096 2409 3151 2461 in
3176 2408 3396 2461 occulto
3433 2416 3521 2462 est
3572 2409 3669 2477 qui
3702 2407 3774 2460 sit
3803 2407 3996 2460 Domi-

2408 2518 2516 2557 nus
2542 2502 2728 2572 gloriae
2774 2500 3194 2568 intelligendus,
3251 2502 3339 2553 vel
3384 2506 3535 2553 certe
3593 2498 3747 2568 quia
3780 2497 3991 2552 Iudicis

2408 2591 2720 2647 credendus
2746 2599 2831 2645 est
2874 2589 3170 2644 crucifixus
3199 2605 3214 2655 ;
3240 2603 3419 2658 neque
3473 2587 3622 2643 enim
3661 2589 3716 2641 in
3766 2596 3985 2641 tantum

2409 2684 2615 2738 erroris
2658 2663 2949 2750 abruptum
3001 2679 3167 2733 credo
3216 2693 3313 2733 vos
3341 2679 3757 2755 devenissenut
3785 2678 3990 2732 Filium

2411 2774 2509 2830 Dei
2562 2773 2735 2827 Deum
2784 2789 2814 2825 a
2844 2772 2955 2825 Deo
3005 2770 3208 2824 factum
3239 2769 3536 2825 Dominum
3568 2783 3693 2823 esse
3724 2768 3992 2823 credatis.

2410 2864 2566 2921 Unde
2598 2864 2862 2917 docemur
2902 2877 3000 2932 per
3032 2864 3172 2916 hanc
3213 2862 3447 2931 apostoli
3473 2860 3806 2915 sententiam
3836 2870 3891 2912 et
3919 2859 3990 2912 il-

2411 2956 2517 3009 lam
2551 2970 2581 3007 a
2606 2962 2655 3007 tc
2679 2954 2942 3022 prolatam
2971 2952 3252 3022 propheta‘
3276 2966 3490 3010 vocem.
3514 2950 3731 3004 Domini
3785 2965 3990 3004 nomen

2411 3059 2522 3097 non
2565 3058 2785 3111 semper
2817 3042 2989 3096 Deum
3023 3039 3360 3110 signiﬁcare,
3396 3040 3491 3094 sed
3523 3038 3824 3109 aliquando
3865 3045 3991 3091 tan-

2336 3156 2379 3212 ε
2414 3145 2530 3189 tum
2562 3134 2755 3197 Deum,
2783 3133 3078 3203 aliquando
3113 3133 3394 3187 hominem
3428 3141 3663 3196 tantum,
3687 3129 3990 3198 aliquando

2416 3240 2544 3278 vero
2589 3224 2760 3278 Deum
2794 3233 2849 3277 et
2883 3223 3162 3276 hominem
3192 3239 3203 3273 :
3231 3221 3355 3275 ideo
3389 3236 3497 3275 non
3525 3221 3775 3289 cogimur
3816 3219 3993 3273 Deum

2417 3314 2719 3380 intelligere
2772 3313 3119 3374 cruciﬁxum,
3167 3327 3233 3365 co
3279 3310 3427 3380 qu'od
3476 3310 3545 3364 ab
3590 3309 3839 3378 apostolo
3885 3308 3993 3361 Do-

2416 3405 2600 3457 minus
2648 3402 2835 3472 gloriae
2864 3403 3071 3455 dicitur
3101 3401 3421 3465 cruciﬁxus,
3457 3414 3562 3453 nec
3598 3399 3725 3468 quia
3752 3398 3993 3452 Jacolius

2417 3495 2586 3548 frater
2621 3493 2835 3547 Domini
2869 3492 3095 3556 dicitur,
3133 3491 3359 3546 fratrem
3388 3504 3517 3544 eum
3553 3487 3838 3544 credimus
3870 3487 3990 3541 Dei.

3047 3626 3199 3681 (IAP.
3254 3625 3348 3680 IX.

2486 3764 2545 3817 (ἶ.
2584 3766 2657 3818 De
2686 3766 2813 3818 Jesu
2843 3764 3143 3825 Nazarene,
3173 3759 3320 3829 quod
3351 3759 3497 3814 Deus
3519 3759 3609 3831 sit,
3637 3758 3883 3813 arbitror
3906 3772 3995 3810 me

2417 3856 2752 3910 sullicicnter
2782 3864 2889 3908 tam
2923 3853 3155 3908 ratione.
3185 3865 3347 3919 quam
3374 3852 3544 3903 etiam
3574 3841 3907 3903 testimoniis
3934 3848 3992 3901 in

2417 3947 2704 4014 superiore
2731 3960 2988 3999 sermone
3012 3942 3287 4005 docuisse,
3322 3943 3418 3995 sed
3473 3940 3790 3994 inﬁdelibus
3815 3948 3995 3993 totum

2418 4034 2557 4088 nihil
2591 4042 2695 4089 est.
2730 4034 2808 4088 De
2835 4049 2905 4087 eo
2927 4042 3109 4087 autem
3133 4032 3280 4101 quod
3307 4045 3562 4099 magnum
3594 4044 3840 4083 errorem
3869 4045 3993 4083 esse

2412 4127 2651 4197 judicas,
2702 4126 2874 4180 Deum
2923 4124 3124 4178 factum
3160 4124 3453 4177 Dominum
3500 4138 3531 4175 a
3582 4122 3693 4176 Deo
3744 4121 3993 4182 credere.

2419 4219 2548 4285 quia
2578 4218 2788 4271 dictum
2834 4226 2920 4269 est
2958 4231 2987 4268 ο
3035 4213 3201 4267 Petro
3242 4213 3311 4267 de
3356 4214 3483 4269 Jesu
3530 4212 3815 4276 cruciﬁxo,
3865 4214 3994 4282 quia

2422 4307 2716 4362 Dominum
2762 4320 2888 4360 eum
2941 4314 2999 4360 et
3053 4304 3339 4359 Christum
3392 4303 3538 4358 Deus
3582 4302 3755 4367 fecit,
3806 4316 3996 4370 qumro

2422 4407 2631 4459 utrum,
2656 4410 2779 4450 cum
2815 4404 2961 4448 esset
3003 4394 3182 4458 Jesns,
3229 4402 3285 4447 et
3323 4403 3507 4448 tamen
3555 4407 3668 4446 non
3709 4401 3857 4445 esset
3889 4391 3999 4445 Do-

812 4487 878 4541 N-
926 4484 1146 4539 Falsum
1191 4490 1276 4537 est
1302 4480 1550 4543 omnino.
1581 4493 1863 4547 nunquam
1901 4477 2007 4532 hoc
2041 4477 2096 4531 in
2145 4476 2320 4531 εεοιθ-
2350 4478 2393 4533 0
2421 4488 2627 4551 minus,
2674 4487 2851 4540 factus
2887 4495 2973 4540 est
3004 4501 3032 4538 a
3080 4486 3189 4538 Deo
3235 4483 3537 4538 Dominus?
3575 4498 3645 4537 an
3680 4497 3806 4536 eum
3847 4488 3998 4536 esset

742 4576 985 4633 siasticis
1028 4572 1189 4628 libris
1236 4572 1473 4642 legitur,
1507 4569 1759 4639 quamvis
1813 4568 2078 4638 scriptum
2139 4569 2211 4622 sit
2258 4568 2314 4622 in

740 4663 1006 4720 Malachia
1040 4660 1307 4730 propheta
1339 4676 1352 4711 :
1380 4657 1437 4712 Si
1459 4657 1771 4728 supplantat
1791 4658 1942 4710 homo
1968 4655 2154 4721 Deum,
2187 4658 2313 4727 quia

698 4784 701 4788 ~
737 4753 1101 4826 supplantatis
1140 4766 1222 4804 me
1260 4766 1348 4804 vos
1385 4765 1509 4819 gens
1544 4758 1677 4801 tota.

708 4877 716 4889 ι
808 4848 871 4902 C.
904 4846 1026 4903 Non
1065 4850 1152 4897 est
1193 4840 1442 4904 dubium,
1473 4839 1545 4892 ita
1591 4845 1757 4892 ut’tu
1792 4838 1955 4903 dicis,
2007 4839 2061 4892 in
2089 4839 2313 4908 antiqua

739 4935 1016 4994 contineri
1065 4932 1335 4995 editione,
1383 4932 1441 4983 in
1481 4929 1696 4983 novella
1737 4943 1870 4984 vero
1917 4928 2056 4983 illud
2101 4928 2248 4998 quod
2283 4944 2313 4981 a

739 5029 905 5084 nobis
948 5033 1035 5081 est
1064 5023 1326 5095 positum.
1358 5022 1561 5077 Verum
1608 5021 1654 5075 si
1693 5020 1796 5075 tibi
1835 5036 2032 5076 recens
2060 5029 2311 5075 contem-

739 5120 922 5177 nenda
948 5117 1167 5171 videtur
1184 5114 1446 5169 editionis
1474 5112 1794 5176 auctoritas,
1836 5111 1962 5165 audi
1990 5111 2312 5181 Apostolum

741 5211 1071 5266 clamantem
1107 5225 1118 5259 :
1151 5205 1430 5258 Dominum
1465 5202 1649 5273 gloria:
1672 5201 1983 5269 cruciﬁxum
2014 5201 2081 5283 °’:

1359 5362 1511 5417 CAP.
1557 5360 1694 5417 VIII.

808 5504 876 5561 Ν.
896 5503 953 5557 Si
979 5500 1247 5557 Dominus
1267 5496 1457 5567 gloriae
1477 5492 1794 5557 cruciﬁxus,
1825 5492 1972 5547 Deus
2003 5490 2316 5547 credendus

1324 5622 1351 5636 κ

804 5699 855 5732 ⁹⁹
894 5696 1084 5752 Matth.
1112 5711 1256 5758 xxvn,
1287 5693 1377 5749 9.6.
1450 5696 1495 5728 ⁹¹
1531 5693 1693 5750 Joan.
1731 5691 1818 5753 14,
1853 5691 1905 5745 6.
1984 5692 2030 5724 "
2073 5692 2193 5752 Act.
2256 5707 2332 5753 ιιι,
2370 5690 2458 5751 Il,
2495 5690 2576 5742 lii.

1355 5764 1400 5795 “
1432 5764 1577 5820 Psal.
1619 5778 1764 5826 χαι,
1812 5762 1865 5817 5.
1940 5761 2129 5815 "Act.
2163 5778 2235 5827 Ir,
2275 5762 2356 5815 10.
2434 5762 2476 5792 ³⁸
2514 5763 2635 5812 Act.
2676 5773 2734 5820 ιι,
2784 5755 2871 5809 56.

740 5769 787 5804 ⁸⁸
825 5768 844 5826 1
875 5768 1000 5823 Cor.
1037 5782 1093 5832 ιι,
1139 5766 1192 5821 8.

2421 4579 2705 4639 Dominus,
2738 4577 2916 4631 factus
2942 4583 3027 4629 est
3055 4589 3085 4629 a
3113 4575 3227 4629 Deo
3262 4572 3562 4629 Dominus?

2490 4669 2558 4723 N.
2598 4666 2910 4733 Quomodo,
2938 4664 2982 4718 si
3009 4673 3156 4717 esset
3194 4663 3477 4727 Dominus,
3497 4678 3527 4716 a
3563 4662 3675 4716 Deo
3704 4659 3858 4715 ﬁeret
3888 4659 3998 4714 Do-

2420 4758 2624 4818 minus,
2651 4769 2774 4808 cum
2806 4753 2898 4806 ﬁat
2924 4768 3085 4807 nemo
3112 4751 3260 4820 quod
3305 4753 3431 4805 est?
3459 4750 3552 4805 sed
3578 4750 3708 4819 quia
3731 4766 3841 4804 non
3872 4757 3994 4804 erat

2420 4847 2706 4910 Dominus,
2740 4843 2866 4898 ideo
2897 4858 2927 4896 a
2957 4843 3070 4896 Deo
3101 4842 3278 4895 factus
3307 4840 3513 4894 dicitur
3542 4840 3829 4893 Dominus.

2488 4936 2551 4991 C.
2597 4936 2732 4990 Erat
2775 4947 2906 5004 ergo
2949 4930 3173 5000 quando
3202 4945 3316 4984 non
3347 4939 3466 4984 erat
3503 4929 3663 4985 Jesns
3687 4930 3996 4985 Dominus!

2487 5028 2555 5083 N.
2598 5027 2719 5081 Non
2770 5032 2889 5079 erat
2935 5032 3230 5090 antequam
3280 5018 3439 5073 ﬁeret
3470 5020 3755 5073 Dominus.

2485 5119 2548 5175 C.
2575 5116 2863 5185 Quomodo
2888 5129 3018 5184 ergo
3046 5111 3232 5167 dixisti
3261 5128 3273 5163 :
3306 5109 3363 5165 Si
3388 5118 3536 5163 esset
3568 5110 3854 5175 Dominus,
3882 5125 3991 5165 non

2414 5211 2573 5266 ﬁeret
2602 5225 2632 5263 a
2665 5209 2778 5263 Deo
2808 5207 3096 5269 Dominus,
3137 5205 3231 5259 sed
3255 5204 3384 5274 quia
3419 5218 3529 5257 non
3552 5208 3672 5257 erat
3705 5200 3990 5265 Dominus,

2414 5307 2543 5361 ideo
2575 5320 2605 5359 a
2650 5304 2763 5358 Deo
2802 5301 2981 5356 factus
3026 5310 3112 5355 est
3142 5298 3454 5354 Dominus?

2484 5398 2551 5453 Ν.
2586 5394 2746 5462 Quia,
2778 5401 3070 5462 antequam
3105 5398 3448 5453 nasceretur,
3486 5403 3595 5442 non
3617 5396 3741 5442 erat
3769 5385 3863 5456 qui
3893 5384 3991 5440 ﬁe-

2417 5505 2503 5545 ret
2523 5488 2811 5551 Dominus,
2838 5497 2941 5540 nec
2982 5490 3341 5553 posteaquam
3374 5486 3539 5533 natus
3568 5485 3675 5541 est,
3704 5476 3883 5533 factus
3905 5482 3993 5534 est

2688 5686 2733 5717 ’³
2771 5686 2927 5739 Deut.
2988 5640 3189 5748 xxvni,
3242 5680 3330 5735 66.
3437 5680 3485 5713 ”
3523 5677 3756 5734 Malach.
3821 5690 3900 5741 In,
3932 5673 3992 5731 8.
