4200 6426
223 451 316 518 141

221 655 315 709 Dei
349 655 534 708 {actus
560 667 649 709 est
679 656 966 710 Dominus.

285 745 352 799 C.
396 746 555 800 Alter
571 761 710 814 ergo
725 754 812 800 est
843 746 1018 799 Filius
1047 743 1168 808 Dei,
1205 741 1346 795 alter
1369 740 1532 794 Jcsus
1562 739 1658 809 qui
1693 737 1817 791 uni-

219 837 374 891 tionc
409 838 537 890 Filii
561 839 658 891 Dei
696 838 768 890 sit
808 836 1113 891 Dominus?

287 929 360 982 N.
404 928 557 982 Idem
592 929 709 997 ipse
759 936 870 991 est,
919 929 1062 981 sicut
1113 927 1370 994 superius
1414 926 1526 994 jam
1571 925 1705 987 dixi,
1734 922 1820 978 di-

217 1019 434 1089 gnitate
486 1029 544 1074 et
592 1020 953 1082 auctoritate,
990 1033 1100 1072 non
1147 1030 1333 1071 autem
1368 1017 1672 1071 secundum
1719 1031 1818 1070 na-

219 1114 348 1161 tura
357 1125 404 1162 ε.

282 1198 352 1254 C.
395 1199 716 1255 Secundum
749 1208 980 1254 naturas
1014 1213 1148 1268 ergo
1175 1198 1286 1252 duo
1317 1209 1480 1259 sunt,
1518 1195 1612 1250 sed
1640 1195 1818 1266 digni-

219 1299 333 1345 tate
393 1301 449 1345 et
498 1292 746 1360 potentia
794 1307 939 1344 unus
987 1300 1072 1343 cst
1121 1290 1310 1351 Filius,
1377 1297 1436 1340 et
1467 1287 1562 1355 qui
1612 1301 1677 1339 ex
1730 1287 1816 1340 his

215 1382 458 1436 formam
515 1385 664 1438 servi
696 1384 977 1451 accepisse
1010 1381 1325 1436 credendus
1358 1381 1492 1433 est?

288 1475 359 1527 Ν.
403 1476 525 1528 Non
569 1485 700 1528 sunt
745 1475 858 1528 duo
889 1474 1008 1538 lilii,
1045 1483 1104 1527 ut
1137 1482 1193 1526 tu
1225 1474 1492 1538 somnias,
1536 1475 1631 1527 sed
1671 1490 1816 1528 unus

215 1564 499 1617 estFilius
525 1566 643 1628 Dei,
676 1581 842 1634 quem
869 1573 1049 1617 tamen
1078 1565 1131 1617 in
1159 1562 1378 1616 duabus
1406 1564 1620 1616 naturis
1646 1565 1814 1618 unitis

219 1654 525 1718 credimus,
558 1657 656 1724 qui
692 1657 884 1720 etiam,
914 1671 1040 1709 cum
1072 1662 1221 1709 esset
1252 1654 1309 1707 in
1339 1653 1517 1707 forma
1545 1655 1660 1716 Dei,
1702 1655 1814 1708 lur-

222 1759 366 1798 mam
416 1747 565 1800 servi
604 1747 822 1814 accepit
868 1747 936 1799 ”.

210 1829 218 1836 ’
286 1836 350 1891 C.
394 1837 631 1906 Accepit
659 1852 793 1906 ergo
833 1837 1005 1890 Filius
1033 1837 1153 1899 Dei,
1189 1851 1315 1889 cum
1353 1845 1499 1890 esset
1527 1837 1672 1890 Deus
1705 1837 1808 1890 Do-

1539 449 1870 521 DlALOUI,
1915 449 2057 507 LIB.
2091 446 2170 506 ΙῘ.

222 563 518 626 Dominus,
553 563 649 618 sed
684 563 739 617 in
791 562 909 632 ipsa
950 575 1178 631 prorsus
1211 559 1372 612 vulva
1421 558 1669 611 unitionc
1702 558 1820 610 Filii
1858 568 1895 620 Α

3395 450 3493 511 142

1996 558 2056 610 C.
2109 555 2460 610 Divinitatcm
2524 557 2745 626 quidem
2809 557 3118 625 passilsilem
3180 559 3493 615 nullatenus

1923 649 2162 716 ιιι-ωᾱὶοο
2199 667 2210 702 :
2245 650 2416 702 Deum
2449 658 2631 702 autem
2662 663 2824 704 carne
2857 663 3072 716 passum
3100 649 3326 702 omnino
3356 667 3490 703 cun-

1921 738 2102 801 liteor,
2129 739 2258 808 quia
2284 739 2470 792 Jesum
2490 739 2770 792 Christum
2802 739 2972 791 Deum
3004 754 3196 792 verum
3231 757 3487 810 agnuscn.

1986 826 2053 882 Ν.
2089 827 2249 881 Nullo
2280 829 2446 881 modo
2499 829 2668 882 Deum
2716 843 2937 897 passum
2987 843 3152 882 carne
3209 832 3489 897 proﬁteor,

1918 918 2066 987 quod
2115 920 2169 973 in
2222 920 2529 988 Scripturis
2555 922 2763 973 sanctis
2795 920 3113 974 nullatenus
3144 921 3363 990 legitur,
3396 925 3491 977 scd

1916 1011 2198 1066 Christum
2233 1027 2455 1081 passum
2504 1025 2694 1075 carne,
2729 1026 2968 1080 sequens
3001 1012 3226 1066 Petrum
3275 1024 3494 1082 apostu-

1919 1101 2054 1161 lum,
2097 1100 2294 1156 fateor.

1987 1192 2027 1246 C
2073 1192 2188 1261 Ego
2209 1191 2431 1260 quidem
2459 1201 2760 1262 utrumque
2786 1193 3076 1256 conﬁteor,
3100 1204 3156 1247 et
3175 1195 3346 1248 Deum
3372 1208 3494 1263 pas—

1916 1299 2037 1337 sum
2076 1300 2265 1345 carne,
2293 1294 2348 1337 et
2378 1284 2657 1338 Christum
2689 1301 2910 1354 passum
2947 1302 3129 1344 carne,
3165 1287 3295 1355 quia
3328 1287 3485 1341 Chri-

1917 1384 2035 1429 stus
2064 1391 2230 1443 super
2270 1377 2456 1428 omnia
2493 1376 2639 1429 Deus
2673 1385 2777 1430 est.
2809 1376 2889 1429 Tu
2922 1387 3104 1430 autem
3135 1377 3258 1430 ideo
3287 1379 3494 1446 refugis

1916 1465 2090 1519 Deum
2141 1481 2364 1532 passum
2402 1481 2566 1519 carne
2611 1465 2820 1529 dicere,
2876 1468 3004 1534 quia
3046 1465 3326 1520 Christum
3381 1485 3490 1522 non

1915 1556 2098 1610 credis
2140 1557 2312 1609 Deum
2370 1572 2510 1611 esse.
2557 1555 2712 1622 Quod
2766 1556 2812 1610 si
2857 1557 3140 1612 Christum
3171 1559 3339 1612 Deum
3370 1574 3492 1614 esse

1915 1663 2025 1702 non
2071 1649 2331 1717 denegas,
2380 1664 2602 1717 passum
2659 1647 2944 1702 Christum
3005 1664 3194 1712 carne,
3257 1649 3363 1704 hoc
3409 1661 3492 1704 cst

1914 1741 2139 1793 omnino
2184 1741 2331 1808 quod
2379 1741 2551 1792 Deum
2606 1755 2825 1808 passum
2884 1757 3051 1795 carne
3105 1742 3314 1803 dicere.
3361 1744 3490 1812 quia

1913 1831 2164 1884 Christus
2179 1830 2270 1898 qui
2311 1845 2502 1898 passus
2523 1841 2625 1891 est,
2653 1830 2770 1882 sine
2800 1830 2972 1883 dubio
3001 1831 3160 1900 555
3191 1833 3452 1886 Deusest.

221 1926 426 1992 minus,
477 1926 713 1982 formam
751 1927 919 1992 servi,
947 1943 1016 1980 an
1050 1928 1156 1981 hoc
1200 1928 1428 1981 credere
1457 1943 1701 1982 errorem
1733 1927 1809 1980 la-

1984 1921 2048 1973 N.
2099 1920 2156 1972 Si
2208 1920 2445 1988 idipsum
2496 1930 2580 1972 est
2615 1921 2786 1973 Deum
2829 1937 3050 1990 passum
3101 1938 3288 1988 c:u'ne,
3343 1924 3490 1992 quod

222 2019 358 2073 heris
375 2019 400 2071 ἲ

287 2111 358 2163 Ν.
394 2111 502 2176 Qui
535 2111 643 2165 hoc
673 2126 785 2165 non
816 2111 1012 2175 credit,
1065 2126 1297 2180 prorsus
1334 2127 1579 2180 paganus
1612 2119 1715 2163 est.

283 2200 349 2254 C.
394 2202 451 2255 Si
476 2218 612 2272 ergo
638 2218 749 2254 non
776 2210 862 2255 est
893 2217 1074 2264 error,
1102 2201 1298 2254 Filium
1336 2202 1430 2254 Dei
1456 2202 1649 2262 Deum,
1686 2217 1809 2254 cum

216 2300 367 2345 esset
399 2292 552 2345 Deus
585 2300 641 2343 et
679 2290 968 2354 Dominus,
1012 2297 1202 2357 utpote
1248 2289 1476 2357 mqnalis
1510 2289 1620 2342 Deo
1663 2289 1810 2343 Patri

219 2381 273 2434 in
315 2381 498 2434 forma
527 2380 698 2441 servi,
743 2379 949 2432 factum
995 2377 1226 2431 credere
1263 2393 1508 2440 servum,
1544 2378 1671 2446 quia
1708 2378 1812 2432 hoc

217 2472 384 2526 etiam
431 2471 553 2540 ipse
587 2472 654 2524 de
707 2470 828 2539 ipso
884 2477 1135 2530 testatur,
1181 2468 1375 2522 dicens
1428 2468 1497 2521 ad
1548 2469 1806 2522 Patrem:

224 2561 335 2632 Ego
372 2579 561 2616 servus
607 2570 748 2622 tuus,
799 2569 851 2613 et
897 2560 1040 2627 ﬁlius
1088 2559 1301 2614 ancilla:
1332 2567 1438 2613 tua:
1466 2562 1517 2624 ¹;
1564 2574 1674 2613 non
1725 2567 1810 2613 est

221 2655 452 2708 omnino
486 2669 644 2708 error
667 2653 869 2707 Filium
893 2652 990 2706 Dei
1019 2652 1214 2715 Deum,
1242 2651 1545 2705 secundum
1580 2652 1633 2707 id
1661 2651 1808 2721 quod

223 2743 397 2798 factus
429 2754 520 2798 est
551 2759 768 2803 servus.
805 2743 1036 2796 credere
1082 2758 1113 2796 a
1158 2744 1272 2796 Deo
1304 2743 1488 2806 Patre,
1515 2743 1808 2796 Dominum

223 2833 458 2899 factum;
507 2844 565 2888 et
595 2833 802 2887 idcirco
830 2847 965 2898 non,
987 2840 1048 2886 ut
1069 2840 1126 2884 tu
1157 2831 1317 2896 dicis,
1343 2833 1639 2902 aliquando
1665 2833 1810 2888 Deus

223 2934 460 2987 tantum,
512 2923 814 2992 aliquando
852 2924 1018 2976 homo
1051 2931 1287 2988 tantum,
1329 2923 1627 2992 aliquando
1678 2940 1808 2978 vero

223 3015 362 3070 Deus
405 3024 469 3069 et
509 3016 700 3079 homo,
741 3015 838 3070 sed
870 3031 1089 3085 semper
1119 3015 1386 3069 Dominus
1419 3016 1809 3085 intelligendus

221 3116 302 3162 est
328 3109 506 3171 Deus,
540 3115 598 3160 et
627 3107 774 3161 Deus
802 3106 1194 3176 intelligendus
1233 3113 1316 3160 est
1348 3105 1633 3168 Dominus,
1678 3107 1808 3175 quia

1911 2010 2191 2064 Christum
2217 2027 2436 2080 passum
2452 2026 2615 2064 carne
2641 2013 2824 2064 dicere
2856 2031 2867 2064 :
2897 2014 3214 2081 crgu.juxta
3236 2030 3350 2077 vos,
3381 2031 3489 2069 non

1912 2102 2088 2154 solum
2107 2102 2298 2162 Filius,
2323 2119 2512 2154 verum
2532 2102 2696 2154 etiam
2720 2103 2878 2154 Pater
2893 2101 3166 2166 Christus,
3191 2105 3318 2172 quia
3347 2106 3492 2158 Deus

1912 2196 2103 2263 procul
2139 2194 2309 2246 dubio
2336 2195 2503 2246 etiam
2533 2194 2649 2262 ipse
2683 2204 2790 2246 est.

1981 2285 2044 2339 C.
2073 2285 2190 2338 Non
2227 2296 2312 2338 est
2368 2286 2530 2338 Pater
2571 2286 2862 2348 Christus,
2918 2287 3172 2356 quamvis
3204 2288 3275 2342 sit
3317 2286 3486 2350 Deus,

1911 2376 2041 2446 quia
2067 2392 2177 2429 non
2211 2375 2388 2444 ipsum
2419 2386 2500 2429 est
2534 2378 2696 2440 Deus,
2731 2377 2879 2445 quod
2906 2389 2992 2431 est
3014 2378 3291 2431 Christus.
3321 2379 3493 2434 Filius

1911 2477 2097 2524 autem
2133 2470 2259 2523 ideo
2298 2479 2383 2524 est
2427 2469 2706 2534 Christus,
2758 2469 2887 2538 quia
2943 2485 3053 2524 non
3114 2470 3352 2540 idipsum
3382 2481 3488 2533 est,

1911 2561 2009 2616 sed
2052 2563 2178 2630 quia
2227 2561 2342 2630 ipse
2406 2570 2494 2616 est
2536 2561 2681 2615 Deus
2735 2560 3010 2617 Christus.
3063 2561 3172 2616 Hac
3216 2563 3286 2616 de
3325 2577 3491 2616 causa

1911 2659 2209 2720 utrumque
2251 2651 2588 2706 conﬁtentur
2628 2651 2934 2716 Catholici,
2965 2662 3022 2707 ct
3054 2654 3226 2707 Deum
3267 2669 3490 2723 paswm

1911 2759 2099 2807 carne,
2123 2753 2180 2798 et
2200 2743 2480 2800 Christum
2502 2760 2722 2814 passum
2762 2760 2948 2798 carne.

2561 2831 2712 2890 CAP.
2769 2836 2834 2890 Χ.

1980 2927 2045 2979 Ν.
2086 2925 2140 2980 Si
2179 2927 2324 2981 Deus
2358 2935 2444 2980 est
2469 2925 2747 2984 Christus.
2778 2926 2906 2994 quis
2949 2935 3035 2980 est
3077 2927 3172 2996 qui
3213 2927 3352 2982 dicit
3387 2928 3492 2983 lu-

1911 3019 2044 3073 daais
2071 3035 2082 3070 :
2118 3018 2257 3083 Quid
2289 3037 2368 3072 me
2397 3019 2557 3072 vultis
2582 3021 2816 3072 occidere
2851 3021 3138 3083 hominem,
3172 3022 3262 3090 qui
3290 3025 3490 3076 uerita-

1912 3119 2016 3162 tem
2051 3110 2255 3163 locutus
2282 3128 2399 3164 sum
2424 3111 2562 3164 vobis
2597 3111 2660 3162 ’ἲ

222 3215 328 3254 non
364 3203 512 3253 alter
561 3215 591 3252 a
641 3199 754 3253 Deo
787 3197 965 3253 factus
1004 3199 1272 3252 Dominus
1307 3197 1663 3266 prredicatur,
1699 3198 1805 3252 nisi
1835 3226 1876 3282 ο
1981 3198 2043 3252 C.
2081 3199 2174 3253 Ille
2201 3201 2450 3264 omnino,
2484 3199 2553 3253 de
2584 3215 2693 3268 quo
2727 3201 2998 3270 scriptum
3031 3211 3118 3257 est
3146 3220 3158 3255 :
3186 3203 3324 3268 Quia
3349 3223 3492 3276 qua--

223 3292 269 3345 is
299 3292 395 3360 qui
447 3291 683 3344 formam
722 3291 868 3344 servi
911 3290 1214 3358 accipiens,
1243 3288 1419 3343 factus
1459 3296 1545 3342 est
1591 3303 1805 3353 servus,

223 3400 345 3438 eum
393 3392 550 3438 esset
595 3392 722 3436 ante
773 3383 970 3436 saecula
1002 3381 1271 3434 Dominus
1311 3379 1607 3447 gloriosus,
1643 3395 1808 3448 quem

221 3475 427 3529 Paulus
478 3492 507 3528 a
563 3473 771 3530 Judaeis
815 3473 1078 3542 praedicat
1124 3469 1471 3526 cruciﬁxum.
1524 3469 1663 3523 llinc
1724 3477 1810 3523 est

221 3566 364 3634 quod
400 3566 678 3619 exclamat
722 3563 789 3618 ad
819 3563 1036 3617 Patrem
1068 3580 1081 3614 :
1115 3561 1300 3625 Pater,
1335 3560 1577 3630 glorifica
1617 3560 1809 3613 Filium

222 3667 368 3710 tuum
412 3674 480 3710 ea
530 3656 703 3725 gloria
778 3671 939 3726 quam
974 3654 1158 3707 habuit
1211 3652 1356 3721 apud
1407 3660 1456 3703 te
1496 3652 1809 3720 priusquam

221 3749 449 3801 mundus
494 3747 650 3814 ﬁeret
678 3749 716 3799 ³.
751 3745 1014 3814 Nunquid
1055 3760 1160 3798 vox
1199 3744 1302 3796 ista
1352 3757 1460 3795 non
1531 3742 1679 3795 illius
1727 3751 1809 3796 cst

219 3840 311 3908 qui
345 3839 490 3892 dixit
523 3857 536 3891 :
579 3838 770 3890 Discite
819 3855 852 3890 a
887 3852 969 3890 me
1008 3836 1136 3906 quia
1171 3835 1312 3887 mitis
1353 3850 1473 3886 sum
1521 3842 1570 3884 et
1595 3833 1808 3886 humilis

219 3931 372 3983 corde
417 3931 438 3960 ³
467 3931 492 3981 ?
518 3929 811 3998 Nunquam
857 3929 1004 3983 enim
1042 3927 1216 3981 Filius
1248 3925 1367 3989 Dei,
1414 3926 1560 3979 Deus
1589 3941 1618 3978 a
1652 3925 1808 3977 Patre

221 4021 333 4074 Deo
352 4019 516 4073 ﬁeret
535 4019 827 4082 Dominus,
847 4018 976 4081 nisi,
1004 4031 1129 4072 cum
1150 4023 1295 4069 esset
1310 4016 1598 4077 Dominus,
1619 4022 1809 4082 utpote

222 4109 390 4173 Deus,
412 4110 651 4164 formam
685 4109 830 4164 servi
854 4107 1180 4177 accipiendo
1212 4107 1390 4161 factus
1417 4113 1565 4160 esset
1595 4120 1805 4159 servus.

222 4200 334 4256 Nec
364 4215 426 4254 se
465 4199 766 4270 gloriﬁcari
810 4206 1136 4269 precaretur
1168 4213 1197 4251 a
1232 4198 1414 4261 Patre,
1453 4197 1499 4251 si
1543 4211 1653 4250 non
1683 4211 1808 4249 cum

224 4300 373 4346 esset
409 4291 559 4360 apud
600 4291 840 4353 Patrem.
868 4291 1186 4360 priusquam
1215 4288 1459 4343 mundus
1486 4287 1662 4350 ﬁeret,
1688 4287 1808 4356 glo-

226 4380 434 4444 riosus,
484 4381 843 4449 semetipsum
880 4390 1077 4449 sponte
1127 4395 1228 4449 pro
1263 4389 1450 4432 nostra
1490 4377 1666 4430 salute
1707 4376 1810 4430 hu-

225 4470 517 4524 miliassel.
543 4470 630 4524 Fit
648 4471 936 4532 Dominus.
961 4480 1018 4524 et
1048 4468 1390 4539 gloriﬁcatur
1412 4485 1441 4522 a
1466 4468 1626 4522 Patre
1650 4467 1809 4520 Jesus

1912 3288 2096 3341 rebant
2129 3304 2248 3341 eum
2281 3289 2578 3357 inter/icere
2607 3289 2802 3352 Juda'i,
2843 3307 2948 3344 non
2995 3291 3167 3345 solum
3215 3296 3339 3362 quia
3386 3295 3494 3348 sol-

1910 3377 2059 3429 vebat
2080 3375 2392 3441 Sabbatum,
2419 3378 2512 3431 sed
2561 3381 2685 3448 quia
2719 3379 2920 3433 dicebat
2951 3379 3169 3434 Patrem
3197 3398 3350 3436 suum
3381 3401 3493 3437 esse

1909 3466 2383 3536 Deum,tzqualem
2413 3484 2470 3521 se
2494 3469 2693 3536 faciens
2725 3467 2832 3521 Deo
2865 3471 2906 3525 ⁸.
2933 3469 3196 3540 Nunquid
3224 3473 3495 3543 relinqui-

1913 3567 2006 3612 tur
2029 3561 2189 3614 nobis
2229 3561 2414 3616 adhuc
2435 3562 2584 3615 ullus
2613 3563 2993 3633 ambiguitatis
3035 3567 3350 3636 scrupulus,
3379 3585 3491 3638 quo

1910 3666 2022 3704 non
2079 3651 2336 3704 credatur
2389 3659 2588 3704 natura
2634 3653 2780 3706 Deus
2817 3668 2937 3708 esse
2983 3654 3145 3709 .lcsus
3187 3655 3491 3713 Christus?

1909 3741 2042 3809 quia
2076 3741 2121 3794 si
2149 3742 2344 3810 gratia.
2374 3749 2431 3794 et
2460 3757 2567 3795 non
2595 3751 2792 3797 natura
2825 3743 2972 3798 Deus
2998 3756 3166 3812 esset,
3203 3763 3488 3819 nunquam

1911 3844 1969 3884 se
1986 3831 2258 3899 inqualem
2292 3830 2500 3885 laceret
2526 3832 2659 3886 Deo.

1979 3921 2045 3974 N.
2085 3921 2316 3974 Fallitur
2371 3936 2505 3990 ergo
2549 3921 2758 3976 Paulus
2803 3923 3040 3978 dicens:
3085 3925 3186 3980 Per
3227 3929 3488 3982 hominem

1912 4029 2075 4089 mors,
2104 4022 2153 4064 et
2189 4029 2281 4081 per
2310 4015 2572 4067 hominem
2602 4017 2916 4068 resurrectio
2953 4025 3281 4071 mortuorum
3309 4020 3327 4049 "
3351 4021 3374 4072 ?

1980 4104 2042 4159 C.
2079 4105 2147 4158 Et
2196 4104 2476 4173 quomodo
2525 4121 2624 4174 per
2673 4106 2953 4165 hominem
2995 4118 3176 4177 potest
3225 4127 3347 4165 esse
3396 4128 3488 4166 re~

1910 4196 2184 4250 surrectio
2241 4204 2611 4260 mortuorum,
2651 4197 2756 4250 nisi
2818 4198 2889 4251 sit
2935 4201 3052 4268 ipse
3093 4201 3259 4256 homo
3301 4218 3486 4258 resur-

1911 4286 2108 4348 rectio,
2136 4285 2229 4354 qui
2277 4287 2482 4342 clamat
2528 4286 2581 4339 in
2608 4287 2948 4356 Evangelio:
2987 4290 3097 4361 Ego
3143 4309 3260 4348 sum
3311 4310 3487 4349 resur-

1910 4379 2072 4430 rectio
2097 4387 2145 4429 et
2174 4378 2282 4430 vita
2306 4376 2370 4428 ⁸2
2398 4378 2463 4432 Et
2491 4378 2619 4446 quia
2651 4382 2982 4436 resurrectio
3009 4390 3065 4436 et
3103 4385 3214 4438 vita
3236 4387 3482 4441 omnium

1910 4469 2130 4523 nonnisi
2161 4470 2305 4522 Deus
2324 4477 2429 4531 est,
2484 4473 2675 4537 procul
2705 4472 2876 4526 dubio
2902 4473 3046 4527 idem
3071 4475 3236 4530 homo
3255 4488 3358 4541 est,
3386 4494 3484 4547 per

227 4560 396 4614 Filius
434 4560 534 4614 Dei
574 4561 742 4624 Deus,
777 4575 885 4614 non
916 4577 980 4614 ea
1028 4562 1202 4630 gloria
1239 4576 1403 4629 quam
1451 4577 1559 4614 non
1586 4559 1799 4623 habuit,
1835 4554 1878 4608 D
1906 4573 2070 4628 quem
2104 4559 2571 4612 resurrectionem
2607 4575 2728 4613 esse
2769 4563 3064 4629 Apostolus
3096 4564 3374 4632 praedicet.

218 4651 316 4703 sed
344 4665 518 4719 quam
551 4650 746 4704 habuit
771 4651 916 4720 apud
941 4652 1178 4716 Patrem,
1209 4652 1528 4719 priusquam
1563 4649 1801 4704 mundus

217 4740 399 4811 ﬁeret.
454 4740 800 4810 Quapropter
843 4742 1207 4796 dubitandum
1253 4741 1478 4795 omnino
1531 4755 1640 4793 non
1692 4749 1797 4806 est,

216 4839 422 4884 natura
470 4830 644 4884 Deum
690 4846 814 4886 esse
864 4832 1050 4885 Jesum
1084 4848 1097 4883 :
1135 4846 1299 4900 quem
1339 4831 1482 4885 sicut
1506 4829 1796 4884 Dominum

217 4935 247 4973 a
286 4922 404 4976 Deo
458 4921 684 4986 factum,
721 4923 796 4976 ita
828 4923 995 4976 etiam
1037 4937 1162 4976 eum
1212 4923 1574 4992 gloriﬁcatum
1620 4937 1650 4974 a
1689 4922 1805 4976 Dco

216 5009 490 5077 pradicat
512 5009 709 5066 Petrus
735 5012 1040 5082 apostolus,
1069 5012 1259 5066 dicens
1288 5031 1301 5066 :
1338 5012 1477 5067 Deus
1511 5013 1800 5073 Abraham.

218 5111 267 5156 et
285 5101 438 5156 Deus
455 5102 634 5169 Isaac,
658 5114 708 5158 et
727 5105 868 5159 Deus
889 5105 1074 5168 Iacob,
1098 5105 1416 5176 glori/ienuit
1433 5105 1630 5159 Filium
1647 5121 1800 5158 suum

213 5191 426 5260 Jaum,
448 5209 605 5263 quem
629 5211 718 5248 vos
743 5196 952 5264 quidem
978 5197 1208 5266 negastis
1238 5203 1364 5249 ante
1392 5196 1582 5265 faciem
1611 5194 1798 5262 Pilati,

207 5285 496 5353 judicatus
537 5284 632 5340 illo
663 5287 858 5340 dimitti
905 5289 946 5343 ⁸.

284 5377 353 5431 Ν.
409 5375 529 5432 Nisi
573 5376 693 5431 haec
743 5378 928 5432 omnia
981 5388 1208 5449 propter
1248 5377 1555 5432 unitionem
1595 5377 1685 5430 Dei
1732 5377 1799 5430 ad

216 5467 504 5523 hominem
559 5467 760 5524 factam
813 5470 1154 5536 credideris,
1213 5471 1558 5525 divinitatem
1613 5470 1802 5540 procul

216 5559 390 5614 dubio
443 5560 768 5630 passibilem
819 5562 1123 5632 praedicare
1169 5563 1533 5619 convinceris.

889 5770 903 5801 ¹
947 5771 1087 5826 Psal.
1130 5788 1250 5830 cxv,
1302 5772 1386 5826 16.

285 5768 330 5799 ’⁸
369 5768 614 5869 Philipp.
656 5785 714 5832 ιι,
755 5769 808 5822 6.
889 5770 903 5801 ¹
947 5771 1087 5826 Psal.
1130 5788 1253 5857 οχνζ
1302 5772 1386 5826 16.
1493 5774 1510 5801 ²
1551 5772 1595 5824 ,ις

285 5852 339 5901 ιι,
387 5840 475 5893 40.
615 5839 773 5894 Joan.
815 5855 870 5904 v,
921 5842 1002 5896 l8.
1083 5844 1101 5872 τ
1148 5843 1164 5897 l
1217 5845 1341 5898 Lor.
1382 5859 1465 5908 xv,
1509 5843 1595 5895 2!.

226 5851 339 5901 Vm,
387 5840 475 5893 40.

1493 5774 1510 5801 ²
1551 5772 1708 5826 .loan.
1761 5789 1889 5833 xvn,
1925 5775 1976 5826 5.

1707 5845 1726 5873 ⁸
1762 5843 1918 5896 .luan.
1974 5859 2044 5900 xl.
2097 5843 2185 5896 95.

1978 4650 2044 4705 N.
2077 4649 2305 4719 Ignarus
2354 4665 2487 4718 ergo
2531 4653 2758 4705 omnino
2809 4653 2974 4723 hujus
3020 4658 3348 4710 sacramenti
3387 4659 3483 4712 dc-

1905 4743 2276 4812 prehenditur
2311 4743 2454 4795 idem
2487 4745 2781 4812 Apostolus
2809 4745 3001 4800 dicens
3034 4765 3046 4800 :
3092 4748 3355 4802 Mediator
3385 4751 3482 4805 Dei

1907 4845 1956 4887 et
1976 4836 2269 4891 hominum.
2301 4836 2454 4887 homo
2482 4835 2634 4888 Jesus
2672 4835 2910 4889 Christus
2946 4836 3006 4889 ’?

1979 4924 2041 4979 C.
2078 4925 2234 4978 Sicut
2262 4941 2371 4978 non
2403 4935 2490 4979 est
2518 4927 2744 4994 ignarus
2770 4928 2934 4998 hujus
2969 4931 3300 4984 sacramenti
3333 4931 3480 5000 Apo-

1904 5016 2101 5080 stolus,
2127 5016 2201 5069 ita
2221 5030 2324 5069 nec
2358 5016 2690 5085 sibimetipsi
2712 5021 3078 5083 'contrarius,
3109 5020 3300 5075 dicens
3338 5039 3352 5073 :
3383 5022 3478 5076 Sc-

1899 5109 2129 5162 cundum
2175 5109 2458 5161 adventum
2508 5111 2688 5178 magni
2738 5110 2835 5164 Dei
2880 5121 2928 5164 et
2968 5111 3263 5168 Saluatoris
3313 5119 3480 5170 nostri

1898 5199 2025 5254 Iesu
2060 5198 2276 5264 Christi,
2308 5202 2399 5270 qui
2423 5201 2566 5253 dedit
2616 5204 2954 5273 semetipsum
2988 5221 3084 5272 pro
3130 5208 3354 5274 peccatis
3385 5223 3477 5258 no-

1900 5294 2026 5346 stris
2067 5293 2128 5345 “.
2177 5291 2316 5346 Cum
2375 5307 2506 5359 ergo
2541 5293 2708 5347 homo
2752 5295 2913 5348 Jesus
2961 5296 3218 5352 Christus
3269 5298 3477 5351 media-

1906 5391 1991 5439 tor
2047 5383 2142 5437 Dei
2201 5392 2257 5437 et
2307 5383 2592 5436 hominum
2633 5399 2866 5454 magnus
2910 5395 3024 5450 est,
3062 5388 3156 5456 qui
3201 5387 3352 5442 dedit
3387 5405 3477 5442 sc-

1905 5475 2203 5544 metipsum
2265 5490 2367 5544 pro
2409 5477 2657 5544 peccatis
2687 5478 2896 5530 nostris
2927 5518 2940 5541 ,
2968 5494 3078 5532 non
3122 5487 3208 5533 est
3250 5480 3477 5534 omnino

1907 5567 2270 5631 contrarium,
2295 5565 2393 5620 sed
2424 5582 2596 5621 unum
2627 5567 2886 5638 idemque
2914 5569 3087 5623 Deum
3114 5585 3332 5639 passum
3355 5587 3478 5626 car-

2086 5772 2105 5803 '
2148 5773 2338 5827 Matth.
2393 5789 2466 5832 x1.
2521 5774 2612 5828 ‘29.
2716 5773 2736 5803 ‘
2778 5772 3001 5835 Act.1n,
3051 5775 3136 5830 15.

2291 5845 2310 5873 ⁹
2351 5843 2542 5897 lTim.
2593 5860 2648 5911 ιι,
2702 5845 2752 5897 5.

3069 5776 3136 5846 l5.
3226 5777 3276 5846 θ’
3312 5776 3470 5837 Joan.

2855 5846 2898 5876 ιο
2937 5844 3044 5901 Tit.
3069 5844 3157 5917 ‘u,
3189 5845 3275 5903 is.
