4200 6426
704 426 806 490 143

1917 428 2236 489 JOANNIS
2282 430 2657 492 MAXENTII

3874 440 3972 502 lli

705 557 796 605 ne,
820 549 877 595 ct
900 538 1183 595 Christum
1206 556 1430 613 passum
1454 557 1643 605 carne,
1673 541 1854 615 modis
1875 541 2136 595 omnibus
2155 556 2288 595 con-
2321 547 2361 601 Α
2394 555 2717 616 portamque
2763 551 2940 603 omm’a
2995 550 3148 604 verbo
3183 552 3392 606 virtutis
3433 566 3564 617 sue,
3602 552 3972 622 purgationem

706 630 871 686 litori.
901 629 1057 686 Unde
1082 632 1253 687 etiam
1278 633 1526 687 Ecclesia
1558 633 1676 697 Dei,
1726 632 1895 686 unius
1923 632 2283 701 ejusdemque

704 723 982 777 mirabilia
1020 733 1075 778 et
1102 724 1393 794 passiones
1414 725 1687 794 agnoscit.
1710 712 2063 798 Quapropter
2091 725 2139 780 si
2159 726 2285 794 quis

705 823 1005 885 utrumque
1031 817 1487 879 non-conﬁtetur,
1524 820 1621 871 aut
1652 827 1714 871 ut
1738 800 1961 885 Indicus
1991 816 2286 885 fugiendus

701 914 807 971 est,
850 917 946 962 aut
969 906 1250 962 cavendus
1275 916 1337 961 ut
1363 908 1725 962 Maniehzeus.

1342 1061 1493 1116 CAP.
1555 1062 1644 1115 ΧΙ.

772 1173 838 1225 Ν.
871 1171 1084 1228 Callida
1113 1172 1353 1242 quadam
1385 1179 1441 1230 et
1477 1170 1844 1224 subtilissima
1897 1170 2122 1224 fallendi
2169 1178 2286 1225 arte

704 1265 972 1319 hactenus
999 1263 1099 1317 tibi
1128 1263 1312 1316 aditus
1361 1262 1491 1323 fuit,
1527 1260 1679 1316 nunc.
1720 1274 1907 1341 autem
1942 1263 2155 1316 nullum
2185 1262 2287 1316 tibi

703 1355 906 1425 poterit
932 1370 1057 1409 esse
1083 1354 1408 1423 suffugium.
1438 1354 1614 1410 Unius
1640 1354 2002 1425 ejusdemque
2034 1355 2158 1409 Filii
2189 1356 2285 1409 Dei

706 1446 1030 1514 praedicanti
1057 1445 1330 1499 mirabilia
1372 1453 1429 1499 et
1456 1446 1783 1515 passiones,
1872 1447 2289 1526 tun.Apostolu‘s

706 1536 995 1592 manifeste
1029 1536 1098 1591 ad
1128 1536 1410 1602 llebrzeos,
1450 1538 1743 1591 Dominum
1770 1536 1964 1592 Jesum
1993 1537 2286 1592 Christum

701 1643 732 1679 a
756 1628 868 1681 Deo
896 1626 1076 1680 Verbo
1108 1642 1209 1696 per
1233 1612 1522 1695 piission'es
1574 1616 1773 1680 doee'at
1821 1638 2285 1692 consummatum,

700 1717 892 1773 dicens
910 1733 925 1768 :
943 1716 1168 1771 Docebat
1196 1734 1313 1772 eum
1331 1708 1547 1789 propter
1569 1735 1723 1790 quem
1738 1715 1999 1786 omnia,“
2020 1739 2115 1793 per
2135 1738 2289 1793 quem

701 1810 903 1872 omnia,
935 1811 1023 1877 qui
1054 1808 1245 1862 multos
1271 1809 1413 1877 ﬁlios
1470 1810 1524 1864 in
1557 1810 1787 1881 gloriam
1822 1814 2143 1881 adduxerat,
2190 1828 2289 1866 au-

700 1912 901 1956 ctorem
927 1901 1115 1956 salutis
1147 1918 1351 1966 eorum,
1382 1919 1478 1973 per
1509 1906 1782 1974 passiones
1817 1905 2280 1959 consummare”.

701 1993 895 2047 Cernis
932 2009 962 2047 a
989 1984 1101 2046 Deo
1133 1992 1310 2047 Verbo
1342 2003 1572 2063 propter
1612 2009 1782 2063 quem
1816 1996 2026 2060 omnia,
2077 2004 2135 2051 et
2175 1974 2280 2065 per

701 2100 865 2153 quem
892 2084 1098 2149 omnia,
1148 2084 1245 2154 qui
1286 2084 1495 2139 multos
1544 2083 1700 2143 lilios,
1738 2087 1792 2140 in
1831 2088 2066 2157 gloriam
2109 2087 2280 2141 addu-

704 2187 880 2244 xerat,
906 2187 1192 2248 auctorem
1220 2178 1418 2233 salutis
1438 2194 1635 2234 eorum
1661 2182 1857 2250 procul
1888 2181 2064 2237 dubio
2093 2181 2280 2236 Jesum

701 2270 985 2325 Christum
1009 2284 1134 2347 _per
1159 2268 1451 2340 passiones
1486 2272 1973 2327 consummatum?
1994 2273 2283 2339 Quomodo

701 2377 833 2432 ergo
859 2361 1026 2415 unius
1048 2361 1408 2433 ejusdemque
1439 2363 1718 2418 mirabilia
1757 2375 1813 2419 et
1840 2365 2123 2433 passiones
2159 2381 2281 2419 cre-

705 2453 899 2508 denda:
939 2463 1091 2518 sunt,
1143 2468 1272 2508 cum
1325 2470 1426 2524 per
1464 2455 1754 2525 passiones
1802 2457 1943 2511 alter
1990 2457 2059 2511 ab
2106 2457 2283 2511 altero

703 2543 1158 2599 eonsumr‘netur?

771 2634 834 2691 C.
861 2635 1115 2709 Magnum
1146 2635 1283 2689 mihi
1314 2637 1545 2695 omnino
1574 2637 1777 2693 dedisti
1809 2638 2133 2710 sulfugium,
2163 2656 2282 2694 nia-

598 2734 602 2739 ‘
702 2743 920 2796 gnaque
948 2727 1081 2781 mihi
1112 2727 1377 2796 adaperta
1419 2738 1505 2784 est
1530 2731 1718 2800 janua,
1756 2732 1812 2784 in
1861 2747 1970 2800 qua
1996 2772 2010 2795 ,
2062 2731 2157 2786 illo
2196 2747 2282 2784 me

703 2819 941 2872 ducente
965 2818 1246 2888 ingressus
1272 2860 1285 2882 ,
1317 2820 1411 2889 qui
1436 2821 1611 2876 dixit:
1644 2820 1753 2892 Ego
1787 2839 1907 2876 sum
1957 2825 2152 2877 ostium
2214 2826 2279 2886 ",

703 2928 813 2965 non
858 2910 1096 2975 callidis,
1127 2918 1189 2963 ut
1227 2912 1459 2983 asseris,
1485 2911 1553 2965 ad
1584 2911 1884 2966 fallendum
1911 2913 2148 2978 artibus,
2184 2914 2280 2967 sed

690 2988 1009 3058 ~verissimis
1029 3003 1217 3072 potius
1248 3002 1598 3058 documentis
1620 3013 1770 3059 tuam
1792 3004 2124 3074 imperitiam
2162 3021 2282 3074 pcr-

705 3095 1002 3164 lidiamque
1030 3093 1379 3164 redarguam.
1405 3095 1544 3149 Nam
1584 3096 1715 3150 dum
1754 3096 2005 3165 Apostoli
2059 3106 2284 3151 senten-

2388 645 2725 707 peccatorum
2745 641 2965 710 faciem,
3000 642 3144 695 sedet
3178 642 3249 695 ad
3271 643 3546 696 dexteram
3582 642 3880 712 majestatis
3913 644 3977 695 in

2386 728 2624 782 excelsis.
2658 729 2828 783 Tanto
2865 729 3054 783 melior
3093 729 3298 801 angelis
3321 731 3552 800 effectus,
3579 735 3784 799 quanto
3823 729 3978 800 ἀειγε-

2389 822 2590 874 rentius
2617 837 2729 891 pra:
2754 820 2862 874 illis
2899 836 3089 875 nomen
3119 821 3448 875 luereditavit
3487 822 3552 874 ".
3598 820 3742 876 Ecce
3766 818 3981 874 Auctor

2387 896 2606 990 salutis,
2632 914 2729 982 qui
2775 913 2986 969 multos
3017 913 3184 990 .lllios
3241 914 3299 967 in
3350 913 3584 984 gloriam
3627 912 3976 975 adduxerat,

2390 988 2773 1070 purgationem
2813 988 3026 1058 faciens
3052 1011 3439 1073 peccatorum;
3466 992 3588 1072 quae
3611 1001 3759 1055 nulla
3780 1002 3980 1070 utique

2388 1100 2571 1161 potest
2598 1091 2718 1147 lieri
2751 1094 2871 1147 sine
2894 1093 3185 1164 sanguinis
3206 1093 3503 1148 eﬂusione.
3539 1093 3696 1147 Sicut
3717 1091 3828 1147 alio
3848 1093 3979 1146 loco

2391 1176 2743 1259 idem‘docet
2778 1184 3080 1255 Apostolus
3112 1201 3127 1235 :
3162 1183 3427 1257 Splendor
3451 1184 3640 1256 gloria
3688 1192 3740 1238 et
3792 1183 3977 1254 ﬁgura

2388 1276 2699 1331 substantia!
2725 1277 2819 1331 Dei
2854 1277 3055 1341 Patris,
3092 1286 3312 1346 portans
3342 1277 3524 1331 omnia
3569 1277 3726 1331 verbo
3766 1275 3979 1329 virtutis

2388 1354 2516 1421 stur.
2544 1366 2627 1421 Fit
2662 1369 2820 1422 etiam
2870 1369 2980 1442 ipse
3006 1368 3193 1421 melior
3228 1367 3453 1438 angelis,
3492 1374 3542 1420 et
3571 1352 3716 1442 sedet
3739 1367 3810 1420 ad
3849 1366 3982 1418 dea:-

2391 1451 2560 1513 teram
2585 1435 3028 1530 majestatis,‘°per
3053 1472 3207 1529 quem
3249 1435 3393 1527 facta
3429 1456 3627 1511 saecula
3672 1440 3978 1526 pradican-

2391 1561 2496 1616 tur,
2528 1568 2617 1621 qut
2644 1552 2807 1621 paulo
2831 1552 3005 1604 minus
3034 1567 3196 1620 quant
3223 1548 3399 1621 angeli
3433 1552 3755 1612 minoratus,
3785 1548 3973 1618 gratia

2386 1642 2490 1709 Dei
2512 1624 2709 1706 Pat‘ris,
2742 1643 2876 1707 sicut
2904 1642 3104 1696 dictum
3145 1650 3221 1695 est
3248 1659 3265 1696 :
3299 1640 3403 1695 Pro
3450 1640 3692 1695 omnibus
3742 1640 3976 1709 gustavit

2391 1743 2643 1798 mortem;
2682 1734 2746 1787 de
2772 1749 2875 1804 quo
2898 1734 3118 1794 dictum
3148 1742 3227 1787 est
3263 1749 3281 1788 :
3314 1732 3555 1804 .Propter
3596 1748 3752 1803 quem
3789 1740 3838 1784 et
3879 1746 3979 1801 per

2389 1840 2546 1894 quem
2590 1825 2791 1884 omnia.
2830 1824 2918 1894 qui
2961 1822 3152 1878 multos
3193 1823 3333 1891 ﬁlios
3383 1824 3436 1876 in
3475 1821 3706 1892 gloriam
3739 1821 3979 1875 adduxe-

2390 1889 2648 1984 ἧπιτῖῚομ
2696 1922 2783 1967 est
2832 1889 2967 1983 ergo
3024 1889 3495 1977 DeusJVei-bum,
3538 1919 3765 1981 propter
3807 1925 3977 1978 quem

2385 2005 2595 2069 omnia,
2626 2013 2686 2059 et
2733 2020 2835 2074 per
2890 2019 3055 2073 quem
3114 2003 3322 2069 omnia,
3383 2003 3491 2057 nisi
3544 2011 3741 2056 auctor
3780 2000 3981 2055 salutis

2383 2096 2566 2159 Jesus,
2593 2092 2688 2163 qui
2714 2092 3099 2164 purgationem
3126 2091 3336 2146 faciens
3355 2100 3738 2160 peccatorum,
3766 2091 3979 2143 multos

2386 2168 2528 2240 filios
2575 2182 2807 2239 adduxit
2860 2182 2918 2237 in
2972 2181 3207 2252 gloriam
3248 2195 3280 2234 a
3328 2181 3493 2234 Patre
3530 2194 3628 2249 per
3679 2177 3980 2248 passiones

2384 2286 2837 2352 consummatus,
2890 2281 3041 2333 sicut
3079 2278 3224 2332 idem
3274 2277 3577 2346 Apostolus
3615 2272 3693 2331 de
3726 2290 3796 2333 eo
3829 2276 3910 2329 ait
3956 2288 3969 2324 :

2386 2371 2487 2445 Qui
2517 2373 2732 2443 proprio
2759 2370 2893 2425 Filio
2919 2386 3022 2424 non
3047 2380 3296 2442 pepercit,
3315 2371 3405 2425 sed
3429 2385 3527 2441 pro
3562 2369 3708 2423 nobis
3729 2368 3977 2422 omnibus

2390 2466 2615 2519 tradidit
2646 2463 2801 2518 illum
2832 2463 2897 2517 “.

2450 2556 2516 2610 N.
2554 2554 2703 2611 Nihil
2725 2555 2954 2609 omnino
2974 2552 3086 2623 agit
3116 2551 3354 2608 intentio
3388 2560 3501 2615 tua,
3535 2551 3643 2606 nisi
3682 2557 3767 2614 ut,
3797 2564 3978 2618 quau-

2382 2648 2577 2714 tomin
2606 2662 2668 2701 se
2694 2654 2800 2712 est,
2844 2646 3020 2699 Deum
3052 2643 3451 2714 impassibilem
3481 2652 3540 2696 et
3576 2641 3977 2702 immortalem,

2382 2722 2602 2810 passum
2637 2749 2691 2794 ct
2720 2748 2998 2792 mortuum
3023 2737 3242 2791 doceat.

3011 2872 3162 2927 CAP.
3209 2870 3330 2926 XII.

2453 3009 2517 3064 C.
2551 3009 2691 3075 Quia
2739 3023 2912 3077 negas
2948 2991 3132 3061 Deum'
3162 3021 3291 3061 eum
3339 3006 3434 3075 qui
3472 3022 3574 3075 pro
3607 3006 3851 3060 humana
3883 3019 3976 3060 sa-

2384 3103 2498 3156 lute
2553 3109 2640 3156 est
2691 3099 3014 3165 cruciﬁxus,
3055 3113 3280 3169 quaaro,
3331 3111 3496 3167 quem
3530 3098 3735 3154 asscris
3782 3097 3973 3152 incar-

704 3187 835 3241 tiam
882 3200 989 3240 non
1042 3183 1329 3254 intelligis,
1382 3185 1619 3239 alterum
1654 3186 1997 3255 passibilem,
2041 3187 2279 3242 alterqu
2307 3209 2353 3266 ρ
2385 3192 2618 3246 natum?

705 3276 1098 3348 inipassibilem
1153 3276 1250 3330 Dei
1302 3269 1503 3331 Filium
1526 3267 1858 3347 ‘prtedieare
1904 3280 2278 3334 convinceris.

706 3370 816 3424 Nec
844 3368 1017 3433 enim,
1064 3376 1125 3421 ut
1156 3368 1411 3438 imperite
1438 3369 1663 3433 asseris,
1707 3370 1853 3426 Deus
1893 3371 2136 3429 Verbum
2176 3387 2277 3424 au-

703 3468 917 3514 ctorem
968 3459 1163 3515 salutis
1190 3468 1395 3513 nostra:
1442 3469 1793 3515 consummat
1841 3477 1943 3531 per
1972 3462 2281 3530 passiones,

703 3551 798 3605 sed
821 3551 968 3606 Deus
989 3552 1150 3606 Pater
1176 3551 1349 3605 Deum
1381 3551 1581 3606 Filium
1606 3554 1795 3608 Jesum
1831 3553 2136 3617 Christum,
2156 3571 2285 3624 pro-

706 3655 825 3713 pter
853 3660 1018 3714 quem
1064 3645 1273 3711 omnia,
1315 3655 1375 3700 et
1399 3645 1497 3715 per
1528 3661 1693 3716 quem
1741 3647 1950 3713 omnia,
1994 3656 2281 3702 auctorem

707 3737 948 3790 tiliorum
980 3746 1330 3791 consummat
1357 3751 1456 3806 per
1484 3737 1790 3807 passiones.
1846 3738 1982 3805 Quis
2011 3738 2158 3793 enim
2196 3737 2284 3791 hic

705 3837 989 3884 auctorem
1024 3828 1226 3882 salutis
1275 3827 1515 3882 ﬁliorum
1558 3845 1659 3899 per
1710 3830 1997 3899 passiones
2027 3816 2283 3885 cdnsum-

706 3929 912 3972 mutum
955 3920 1124 3976 alium
1168 3920 1515 3989 permittitur
1582 3920 1931 3991 intelligere,
1985 3922 2095 3975 nisi
2152 3936 2282 3976 eum

703 4013 797 4080 qui
850 4011 1053 4095 multos
1096 4010 1241 4066 ﬁlios
1300 4012 1358 4066 in
1407 4012 1637 4083 gloriam
1670 4013 2003 4078 adduxerat,
2058 4021 2284 4083 pr0pter

704 4117 869 4170 quem
891 4103 1074 4157 omnia
1087 4112 1146 4157 et
1168 4119 1266 4174 per
1283 4117 1448 4173 quem
1470 4103 1658 4158 omnia
1674 4104 1698 4143 ν
1720 4102 1856 4158 Nam
1879 4118 2005 4159 cum
2026 4104 2283 4184 superius

703 4196 933 4249 dixisset
960 4211 974 4248 :
1007 4193 1146 4249 Eum
1172 4198 1263 4266 qui
1292 4196 1552 4250 modicum
1578 4212 1742 4266 quant
1772 4196 1952 4275 angeli
1982 4198 2282 4277 minoratus

702 4298 803 4352 est,
836 4288 1072 4342 videmus
1106 4287 1291 4342 Iesum
1319 4298 1541 4360 propter
1572 4290 1871 4359 passionem
1903 4290 2086 4363 mortis
2102 4288 2274 4359 gloria

703 4387 752 4431 et
777 4380 975 4431 honore
1005 4386 1338 4443 coronatum,
1368 4384 1428 4431 ut
1445 4377 1626 4448 gratia
1652 4367 1747 4431 Dei
1774 4396 1869 4449 pro
1898 4380 2137 4432 erunibus
2188 4396 2286 4449 gu-

703 4478 870 4522 staret
902 4478 1124 4522 mortem
1146 4469 1211 4526 ¹³,
1235 4476 1460 4521 secutus
1481 4482 1606 4522 mox
1636 4468 2055 4532 intulit,dieens
2080 4485 2093 4521 :
2124 4468 2285 4523 Dece-

2457 3283 2525 3339 Ν.
2550 3281 2795 3337 Verbum
2848 3281 3045 3352 procul
3076 3279 3275 3345 dubio,
3314 3280 3463 3334 sicut
3491 3279 3834 3349 evangelista
3884 3290 3973 3333 te-

2381 3386 2560 3433 statur
2593 3376 2788 3431 dicens
2819 3392 2833 3428 :
2864 3374 2933 3429 Et
2961 3372 3186 3435 Verbum
3210 3387 3338 3427 caro
3371 3372 3573 3441 laetum
3610 3379 3710 3437 est,
3737 3383 3788 3426 et
3821 3372 3973 3426 hab;-

2370 3470 2522 3545 ‘tarit
2548 3468 2602 3520 in
2640 3465 2788 3519 nobis
2818 3463 2883 3517 ".
3870 3462 3873 3463 ⁷

2452 3558 2513 3614 C.
2562 3558 2710 3613 Deus
2770 3554 3013 3610 Verbum
3072 3554 3166 3623 qui
3208 3553 3533 3608 incarnatus
3585 3558 3691 3615 est,
3737 3550 3856 3618 ipse
3910 3558 3969 3602 et

2384 3665 2582 3721 passus
2604 3657 2711 3712 est,
2738 3662 2808 3701 an
2836 3646 2980 3699 alius
3010 3645 3355 3709 incarnatus,
3394 3642 3540 3696 alius
3578 3655 3717 3696 vero
3765 3655 3970 3711 passus

2384 3728 2510 3794 est?

2456 3830 2520 3884 Ν.
2570 3830 2897 3883 heroi-natus
2928 3827 3153 3897 quidem
3206 3826 3353 3882 Deus
3393 3841 3509 3881 non
3545 3834 3654 3890 est,
3697 3822 3797 3879 sed
3825 3837 3971 3883 :caro

2384 3921 2502 3976 Dei.
3362 3916 3379 3929 ’

2454 4013 2517 4069 C.
2549 4012 2798 4096 Magnam
2836 4011 3002 4067 nobis
3032 4026 3187 4083 spem
3231 4010 3302 4067 de
3342 4012 3525 4081 teipse
3572 4007 3795 4065 dedisti.
3829 4006 3971 4061 Nam

2325 4138 2354 4184 μ
2384 4106 2478 4175 qui
2507 4105 2779 4160 hactenus
2805 4119 3030 4160 carnem
3063 4118 3176 4158 non
3211 4101 3453 4169 Dei,sed
3476 4100 3750 4171 assumpti
3786 4098 3974 4173 bomi-q

2392 4199 2477 4255 nis
2500 4197 2816 4263 asserebas,
2846 4206 2999 4251 nunc
3036 4196 3135 4251 Dei
3168 4211 3289 4251 eam
3323 4196 3616 4251 confessus
3645 4209 3743 4259 es;
3770 4208 3969 4248 verum

2384 4292 2515 4361 quia
2549 4304 2744 4361 parum
2769 4289 2950 4358 liquet
2981 4288 3133 4357 quod
3177 4288 3390 4343 dictum
3427 4295 3536 4351 est,
3561 4286 3684 4341 Non
3709 4292 3797 4340 est
3822 4284 3973 4339 Deus

2387 4395 2605 4455 passus,
2635 4378 2733 4433 sed
2766 4393 2895 4433 caro
2930 4377 3050 4441 Dei,
3077 4377 3122 4431 si
3149 4378 3351 4446 placet,
3369 4376 3493 4430 'boe
3513 4374 3765 4430 edissere
3793 4374 3969 4427 inani-

2386 4470 2602 4525 t‘estius.
2652 4467 2829 4523 Nimis
2853 4467 3004 4522 enim
3035 4466 3348 4521 absurdum
3379 4480 3503 4519 esse
3548 4463 3774 4517 videtur
3817 4461 3971 4531 quod

704 4561 791 4613 bat
825 4561 986 4621 enim,
1016 4560 1227 4613 scilicet
1261 4557 1432 4613 Deum
1469 4559 1706 4624 Patrem,
1733 4575 1852 4613 eum
1877 4568 2090 4630 propter
2122 4575 2274 4630 quem
2309 4546 2354 4602 Ι)
2381 4555 2588 4611 dicitur
2616 4573 2631 4610 :
2662 4555 2708 4610 si
2728 4556 2880 4631 enim
2903 4569 3035 4608 caro
3054 4553 3153 4609 Dei
3187 4567 3351 4623 passa
3372 4563 3480 4614 est,
3503 4549 3792 4621 quomodo
3820 4549 3970 4603 Deus

703 4649 883 4700 omnia
915 4655 964 4700 et
994 4662 1088 4716 per
1114 4663 1271 4717 quem
1306 4650 1509 4714 omnia,
1549 4662 1822 4702 auctorem
1861 4649 2054 4703 salutis
2094 4665 2276 4702 eorum

704 4738 960 4793 videlicet
995 4754 1123 4808 quos
1160 4739 1217 4791 in
1265 4739 1497 4809 gloriam‘
1524 4740 1821 4794 adduxerat
1869 4740 2103 4809 ﬁliorum
2159 4742 2279 4810 (qui

703 4830 895 4893 etiam,
928 4845 1055 4885 cum
1084 4838 1234 4885 esset
1260 4831 1490 4900 aequalis
1528 4830 1663 4896 Deo,
1702 4831 1867 4902 paulo
1896 4832 2077 4888 minus
2110 4848 2276 4903 quam

703 4919 883 4988 angeli
924 4919 1490 4993 Ininoratus),gratia
1544 4918 1642 4974 Dei
1667 4919 1847 4975 Patris
1904 4937 2000 4973 oro
2040 4923 2279 4976 omnibus

702 5010 933 5079 gustavit
964 5019 1206 5075 mortem,
1238 5025 1333 5080 per
1365 5012 1632 5085 passiones
1663 5026 2033 5065 consummare
2075 5015 2137 5065 ".
2170 5011 2278 5065 Sed

704 5099 1053 5155 manifestius
1081 5100 1187 5166 hoc
1206 5109 1263 5155 et
1283 5100 1527 5155 lucidius
1556 5100 1613 5154 in
1646 5101 1819 5171 ipsius
1845 5101 2105 5170 Epistolis
2130 5104 2281 5171 prin-

703 5191 851 5260 cipio
885 5190 1297 5262 perdoeemur:
1334 5184 1663 5261 Hultifdrie,
1724 5191 1942 5262 inquit,
2000 5204 2049 5247 et
2101 5179 2307 5249 multis.

703 5282 832 5336 olim
867 5282 1005 5335 Deus
1039 5281 1256 5353 loquens
1288 5283 1527 5351 patribus
1570 5283 1626 5336 in
1680 5284 1965 5354 prophetis,
2002 5286 2281 5338 novissime

703 5374 884 5426 diebus
914 5374 1029 5427 istis
1054 5372 1259 5430 locutus
1284 5383 1360 5427 est
1391 5373 1536 5428 nobis
1560 5376 1618 5427 in
1645 5373 1804 5439 Filio,
1835 5390 1988 5445 quem
2007 5376 2278 5429 constituit

703 5466 960 5518 lari-edem
994 5467 1382 5530 universorum,
1415 5481 1510 5535 per
1531 5455 1685 5537 quem
1710 5465 1827 5535 fecit
1856 5475 1905 5519 et
1925 5466 2140 5521 sa'cular.
2176 5466 2280 5532 Qui

702 5570 821 5607 ατη
851 5555 918 5606 sit
967 5553 1215 5623 splendor
1251 5555 1455 5624 gloria',
1506 5563 1554 5607 et
1575 5553 1752 5625 ﬁgura
1807 5554 2114 5609 substantiw
2142 5558 2275 5625 ejus,

780 5752 821 5783 “
864 5750 1028 5806 llehr.
1070 5767 1128 5812 It,
1181 5750 1266 5806 lO'.

709 5821 749 5855 "
790 5822 947 5877 Joau.
1001 5838 1037 5880 ι.
1095 5823 1175 5874 Η.

1352 5754 1393 5784 ι’
1435 5750 1589 5807 han.
1633 5768 1685 5814 ιι,
1740 5754 1793 5807 9.
1873 5753 1912 5782 ⁸³
1961 5750 2123 5805 l't-hr.
2168 5768 2222 5804 ll.
2267 5753 2320 5805 9.

2385 4662 2554 4702 carne
2586 4661 2781 4725 passus
2812 4660 2922 4700 non
2966 4645 3092 4700 est?
3140 4652 3200 4699 et
3235 4643 3284 4699 si
3315 4643 3464 4698 Deus
3505 4655 3703 4712 passus
3739 4654 3852 4695 non
3880 4649 3970 4695 est

2386 4754 2573 4799 carne,
2608 4738 2891 4807 quomodo
2918 4751 3050 4792 caro
3069 4736 3164 4791 Dei
3184 4742 3272 4789 est
3287 4734 3489 4804 passa?
3528 4733 3635 4789 nisi
3667 4731 3821 4788 l'orte'
3847 4746 3970 4786 car-

2385 4843 2511 4902 nem
2545 4828 2858 4883 exanimem
2900 4836 2957 4883 et
2996 4826 3277 4882 desertam
3313 4842 3344 4882 a
3374 4826 3509 4891 Deo,
3548 4823 3746 4881 Judaei
3785 4822 3972 4877 cruci-

2386 4900 2571 4976 ﬁsisse
2594 4919 2864 4996 credendi.
2885 4927 3037 4973 sunt.
3054 4918 3369 4996 Quodquia
3394 4917 3563 4971 nimis
3593 4916 3828 4970 stultum
3853 4924 3965 4975 est,

2384 4997 2608 5065 carnem
2640 5008 2761 5064 sine
2810 4992 2995 5064 anima
3040 5025 3071 5064 a
3095 4992 3301 5066 Judaeis
3348 5009 3581 5065 credere
3613 5006 3965 5067 crucillsam,

2384 5107 2557 5152 restat
2592 5105 2653 5150 ut
2672 5112 2804 5152 caro
2835 5098 3079 5153 animata
3109 5099 3207 5155 Dei
3234 5115 3265 5153 a
3291 5098 3497 5154 Iudaeis
3536 5096 3806 5152 crucilisa
3834 5111 3966 5150 cre-

2382 5190 2566 5254 datur,
2599 5187 2749 5258 quod
2774 5199 2859 5244 est
2882 5192 3073 5259 procul
3098 5190 3270 5245 dubio
3299 5188 3630 5245 ho‘no.-Cui
3660 5190 3962 5245 assertioni

2390 5289 2607 5345 vestrm,
2637 5281 2743 5335 hoc
2771 5288 2875 5345 est,
2902 5296 3010 5334 non
3033 5281 3204 5335 Deum
3234 5297 3423 5345 carne,
3448 5281 3545 5336 sed
3573 5296 3806 5359 paritem
3842 5279 3963 5344 Dei,

2384 5370 2569 5424 dicere
2603 5385 2840 5439 passam,
2864 5371 2908 5425 si
2935 5372 3238 5425 credulitas
3265 5371 3613 5434 admittatur,
3639 5370 3774 5441 quid
3802 5370 3962 5424 aliud

2388 5459 2660 5523 creditur,
2699 5460 2804 5514 nisi
2846 5462 2975 5529 quia
3028 5462 3196 5515 homo
3244 5462 3342 5516 Dei
3388 5471 3474 5517 est
3513 5461 3764 5530 passus?
3810 5460 3962 5530 quod

2386 5560 2554 5611 etiam
2612 5559 2680 5612 de
2730 5558 2894 5613 Petro
2939 5567 2997 5613 et
3061 5559 3231 5613 Paulo
3301 5558 3485 5614 dicere
3538 5556 3622 5613 l’as
3667 5564 3789 5621 est,
3830 5557 3962 5625 quia

2400 5756 2440 5782 "
2495 5754 2625 5807 ibid.
2690 5753 2755 5809 10
2858 5756 2899 5785 ³⁸
2942 5753 3108 5808 llchr.
3154 5769 3190 5818 ι,
3232 5755 3342 5808 l-l.
3423 5756 3465 5785 "
3500 5755 3658 5809 Boni.
3702 5769 3814 5817 νι;ι,
3869 5753 3955 5809 '52.
