4200 6426
215 369 312 433 145

1536 368 1872 441 DIALOGI,
1915 369 2060 428 LIB.
2126 369 2207 430 II.

3387 365 3485 429 Illi

208 501 265 548 et
310 491 416 560 ipsi
467 491 724 545 homines
769 491 866 546 Dei
915 491 1200 552 dicuntur.
1250 501 1305 546 et
1355 509 1456 562 pro
1492 495 1610 563 ipso
1662 501 1792 548 sunt
1826 499 1864 550 Λ
1896 495 2055 563 cujus
2108 491 2499 546 vestimentum
2555 483 2672 538 sive
2757 497 2887 536 caro
2927 489 3048 543 est,
3085 478 3234 534 iliins
3297 481 3487 550 proeui

209 581 376 651 passi.

821 715 973 769 CAP.
1016 715 1154 768 XIII.

273 855 342 909 Ν.
379 855 528 908 Deus
549 853 774 922 quidem
807 867 1004 921 passus
1028 867 1136 906 non
1162 861 1267 911 est.
1308 853 1439 922 quia
1466 854 1636 908 Deum
1672 870 1799 924 pas-

206 946 428 999 sibilem
462 944 766 1015 [medicare
791 988 804 1008 ,
859 944 1212 1013 sacrilegium
1250 955 1355 1002 est.
1385 945 1482 999 sed
1517 946 1662 1001 Deus
1712 948 1796 1001 sui

206 1037 465 1102 corporis
497 1035 631 1090 fecit
659 1036 914 1105 proprias
938 1036 1245 1104 passiones.

272 1123 340 1182 C.
383 1130 708 1197 Proprietas
740 1129 930 1184 multis
965 1129 1294 1198 intelligitur
1331 1127 1531 1182 modis.
1583 1131 1720 1183 Nam
1747 1141 1801 1184 et

205 1220 462 1272 Ecclesia
497 1233 703 1289 corpus
728 1221 852 1288 ejus
883 1220 1107 1282 dicitur,
1145 1221 1507 1290 ejusdemque
1539 1221 1802 1278 Ecclesia:

207 1312 339 1366 facit
396 1313 546 1366 Deus
578 1314 835 1382 proprias
891 1314 1194 1382 passiones,
1238 1329 1338 1382 pro
1374 1330 1482 1382 qua
1523 1315 1689 1368 etiam
1745 1315 1799 1368 in

207 1403 350 1457 cmlo
383 1403 604 1472 positus
638 1404 841 1457 clamat
870 1420 882 1454 :
925 1402 1106 1474 saule,
1142 1403 1324 1466 Saute,
1352 1405 1478 1474 quid
1505 1422 1584 1457 me
1623 1422 1802 1473 perse-

206 1495 385 1562 queris
412 1494 498 1545 ‘3‘?
531 1494 597 1546 Et
621 1494 1000 1562 unusquisque
1051 1493 1296 1549 fidelium
1346 1497 1657 1550 membrum
1681 1500 1802 1567 ejus

205 1593 310 1645 est,
352 1586 501 1639 sicut
529 1585 675 1638 idem
704 1586 865 1638 docet
897 1585 1195 1653 Apostolus
1222 1626 1235 1649 ,
1273 1586 1468 1641 dicens
1502 1604 1514 1638 :
1551 1587 1646 1640 Vos
1678 1591 1799 1642 estis

207 1691 398 1739 corpus
443 1674 664 1738 Christi,
707 1683 755 1727 et
807 1677 1043 1729 membra
1083 1678 1146 1728 de
1193 1679 1424 1730 membro
1459 1679 1540 1740 ¹⁹;
1590 1679 1684 1731 sed
1746 1689 1802 1733 et

210 1770 368 1834 panis
420 1767 517 1820 iiie
552 1782 721 1836 quem
768 1767 1023 1820 universa
1073 1767 1319 1821 Ecclesia
1367 1769 1420 1822 iu
1473 1771 1795 1824 memoriam

210 1860 518 1914 Dominica:
573 1860 848 1928 passionis
898 1860 1214 1929 participat,
1271 1875 1476 1929 corpus
1509 1864 1630 1931 ejus
1679 1873 1794 1916 est.
1842 1848 1880 1901 Β

208 1948 562 2016 Quapropter
589 1949 871 2016 quomodo
921 1949 1088 2002 Deum
1139 1951 1391 2018 corporis
1415 1953 1498 2004 sui
1548 1957 1801 2021 proprias

210 2038 410 2091 iecisse
447 2040 657 2093 asseris
685 2039 992 2107 passiones,
1051 2041 1319 2112 exemplis
1365 2051 1415 2096 te
1453 2043 1676 2112 planum
1718 2045 1800 2098 fa-

211 2149 338 2186 cere
374 2134 664 2186 convenit.

282 2224 346 2278 Ν.
381 2224 605 2278 Faciam
632 2232 902 2293 quantum
933 2234 1188 2294 potuero,
1244 2224 1410 2279 modo
1439 2235 1498 2280 ut
1526 2233 1578 2280 te
1609 2227 1677 2280 ab
1703 2229 1805 2282 hac

212 2317 530 2370 intentione
565 2317 836 2370 divertam
861 2358 874 2376 ,
927 2317 1073 2385 quod
1105 2318 1341 2370 ulterius
1370 2317 1592 2372 desinas
1632 2320 1804 2372 Deum

219 2407 459 2461 Verbum
496 2423 717 2476 passum
751 2423 918 2462 carne
949 2424 1222 2472 asserere,
1251 2410 1508 2477 quamvis
1547 2427 1676 2465 caro
1706 2412 1804 2464 Dei

216 2503 286 2553 sit
317 2515 508 2568 passa,
542 2516 664 2568 qua:
696 2515 802 2553 non
847 2499 920 2553 ita
951 2500 1157 2554 dicitur
1191 2516 1397 2570 corpus
1435 2485 1552 2564 Dei,
1599 2511 1671 2570 ut
1703 2503 1808 2556 Ec-

218 2590 404 2650 clesia,
447 2604 552 2642 nec
598 2588 671 2642 ita
703 2598 764 2642 ut
813 2589 971 2658 panis
1032 2589 1126 2643 ille
1159 2604 1324 2657 quem
1372 2589 1427 2643 in
1486 2569 1807 2646 memoriam

222 2681 501 2748 passionis
529 2680 737 2734 Christi
770 2681 1067 2749 participat
1097 2681 1354 2734 universa
1389 2682 1634 2736 Ecclesia
1667 2700 1681 2736 :
1714 2684 1808 2738 sed

224 2770 312 2822 Dei
338 2770 415 2821 ita
464 2767 674 2822 dicitur
721 2784 946 2837 corpus,
996 2777 1058 2823 ut
1111 2768 1346 2839 alicujus
1389 2771 1629 2847 hominis
1677 2791 1832 2844 pro-.

223 2863 399 2928 prium
437 2901 452 2920 ,
526 2876 638 2929 quo
697 2861 928 2916 indutus
1002 2859 1310 2932 556*est
1373 2863 1812 2929 vestimentum,

222 2952 362 3017 quod
393 2966 523 3004 enm
557 2953 625 3004 ab
659 2953 845 3020 aliquo
869 2953 1102 3006 scissum
1134 2954 1323 3016 fuerit,
1355 2955 1556 3023 injuria
1583 2955 1650 3008 ad
1683 2973 1813 3009 eum

225 3042 466 3093 refertur
514 3039 608 3107 qui
644 3039 698 3093 in
730 3041 849 3108 ipso
889 3041 1117 3095 indutus
1155 3052 1260 3096 est.
1311 3043 1632 3098 Secundum
1667 3045 1809 3099 hanc

224 3134 388 3203 igitur
423 3134 702 3187 rationem
748 3132 879 3187 facit
929 3135 1075 3189 Deus
1131 3136 1382 3204 corporis
1429 3136 1515 3190 sui
1556 3139 1812 3206 proprias

225 3227 539 3296 passiones;

291 3318 352 3374 C.
383 3318 543 3373 Facit
565 3333 696 3388 ergo
726 3320 978 3388 proprias
1013 3319 1159 3374 Deus
1212 3320 1398 3375 carnis
1449 3335 1563 3375 sure
1595 3321 1814 3391 passio-

224 3425 321 3462 nes
370 3408 683 3462 secundum
726 3409 1089 3474 relationem,
1142 3426 1252 3463 non
1277 3410 1587 3464 secundum
1625 3426 1813 3465 veram

223 3512 277 3555 et
312 3502 569 3554 intimam
602 3501 995 3570 proprietatem
1022 3519 1034 3552 :
1069 3511 1125 3556 et
1154 3503 1431 3571 quomodo
1460 3503 1657 3558 fecisse
1685 3520 1816 3573 pro-

225 3595 373 3661 prias
411 3595 561 3647 Deus
594 3595 927 3666 carnis‘suze
958 3595 1245 3663 passiones
1275 3597 1610 3664 praedicatur
1652 3613 1681 3650 a
1717 3614 1816 3650 vo-

226 3685 310 3737 bis
335 3685 569 3761 qui‘nml
597 3685 902 3739 secundum
933 3678 1351 3755 proprietatem,
1378 3688 1474 3742 sed
1508 3669 1815 3742 secundum

228 3776 557 3828 relationem
599 3775 732 3828 facit
774 3777 961 3831 carnis
1009 3793 1122 3832 sua:
1175 3779 1450 3847 proprias-
1479 3781 1820 3848 passiones?

225 3867 399 3932 Quam
454 3877 642 3920 autem
695 3869 1088 3938 proprietatem
1144 3878 1328 3939 potest
1385 3871 1595 3925 habere
1647 3872 1821 3926 vesti-

226 3969 477 4013 mentum
511 3961 581 4013 ad
615 3976 742 4013 eum
793 3960 890 4029 qui
943 3963 1063 4030 ipso
1089 3971 1175 4016 est
1211 3962 1462 4027 indutus,
1517 3979 1644 4030 cum
1677 3963 1819 4018 nihil

227 4057 507 4120 pertineat
536 4052 606 4106 ad
638 4054 758 4119 ejus
788 4029 1156 4108 substantiam
1184 4055 1206 4106 ?
1251 4053 1444 4131 Neque
1499 4029 1648 4109 enim
1690 4071 1818 4109 eum

228 4143 529 4199 definimus
559 4145 692 4213 quid
727 4145 800 4200 sit
844 4146 1032 4210 homo,
1066 4147 1237 4200 etiam
1271 4147 1665 4208 vestimentum
1699 4149 1822 4218 ejus

230 4234 680 4302 complectimur,
727 4234 878 4303 quod
915 4235 1106 4304 utique
1157 4251 1270 4289 non
1318 4237 1572 4306 ejusdem
1601 4245 1822 4290 constat

227 4338 346 4376 esse
371 4322 727 4378 substantiae.
775 4322 928 4378 Facit
947 4340 1081 4394 ergo
1105 4325 1250 4380 Deus
1259 4327 1418 4394 juxta
1441 4342 1538 4379 vos
1561 4327 1825 4382 Ecclesise

229 4427 338 4466 suae
370 4412 563 4481 potius
598 4413 870 4482 proprias,
907 4429 1072 4482 quam
1111 4414 1196 4469 sui
1231 4415 1486 4484 corporis
1513 4416 1822 4484 passiones.

1908 585 2080 638 dubio
2113 582 2313 651 injuria
2343 587 2401 633 et
2433 577 2582 632 illius
2616 573 2802 644 passio
2850 570 3110 626 credatur
3133 585 3272 624 esse.
3330 574 3492 642 cujus

1907 690 2037 729 caro
2070 689 2166 728 seu
2197 671 2588 727 vestimentum
2618 674 2724 721 est.

2523 776 2676 832 CAP.
2709 773 2849 829 XIV.

1977 898 2046 953 Ν.
2067 897 2145 950 Et
2163 896 2387 949 ubinam
2411 906 2617 961 corpus
2640 888 2738 944 Dei
2767 885 2934 943 Verbi
2959 886 3015 941 in
3038 880 3348 953 Scripturis
3363 893 3489 933 san-

1908 992 2012 1046 ctis
2034 988 2216 1059 legisti
2245 985 2566 1048 Eeclesiam,
2585 991 2641 1038 et
2664 997 2772 1036 non
2803 981 2988 1050 potius
3023 993 3228 1048 corpus
3253 975 3496 1032 Christi?

1978 1081 2041 1136 C.
2058 1079 2171 1134 Hae
2191 1078 2496 1134 assertione
2521 1086 2634 1138 tua,
2664 1074 2899 1128 alterum
2927 1071 3060 1126 facis
3081 1070 3363 1126 Christum
3383 1109 3397 1131 ,
3420 1067 3501 1120 al-

1911 1183 2090 1227 terum
2121 1171 2291 1226 Deum
2308 1168 2546 1223 Verbum
2568 1165 2748 1236 aquod
2770 1163 2814 1220 si
2830 1179 2938 1218 non
2965 1171 3050 1217 est
3063 1162 3203 1216 alter
3217 1158 3497 1220 Christus,

1909 1265 2048 1318 alter
2075 1264 2220 1318 Deus
2244 1260 2509 1322 Verbum,
2529 1257 2625 1312 sed
2643 1258 2788 1310 Deus
2813 1254 3056 1309 Verbum
3086 1253 3202 1322 ipse
3226 1257 3311 1306 est
3337 1248 3503 1304 Chri-

1911 1365 2048 1418 stus,
2071 1352 2428 1408 sicutdicitur
2452 1347 2874 1418 eorpusChristi
2894 1343 3163 1406 Ecclesia,
3183 1344 3256 1400 ita
3293 1342 3501 1396 dicitur

1910 1462 2114 1514 eorpus
2149 1445 2239 1499 Dei
2261 1441 2450 1498 Verbi.
2482 1441 2686 1496 Verum
2727 1440 2773 1493 si
2805 1451 3010 1506 corpus
3035 1434 3241 1491 Christi
3280 1449 3390 1488 non
3415 1441 3501 1487 est

1911 1553 2112 1608 corpus
2136 1538 2230 1592 Dei
2253 1535 2438 1600 Verbi,
2466 1532 2746 1604 quomodo
2775 1531 2960 1584 dixisti
2989 1527 3247 1598 superius
3278 1539 3500 1582 carnem

1912 1633 2004 1685 Dei
2043 1645 2255 1700 passam
2275 1628 2299 1682 ?

1981 1723 2046 1776 N.
2071 1722 2304 1776 Carnem
2324 1719 2419 1773 Dei
2441 1719 2550 1772 dixi
2577 1731 2813 1787 passam,
2842 1730 2948 1768 non
2973 1723 3159 1767 autem
3186 1710 3284 1766 Dei
3312 1706 3502 1770 Verbi,

1911 1815 2039 1881 quia
2083 1812 2226 1867 Deus
2249 1819 2333 1864 est
2362 1810 2575 1863 honore
2620 1817 2678 1862 et
2720 1805 2990 1876 dignitate
3020 1801 3300 1865 Christus,
3345 1799 3504 1870 cujus

1910 1918 2130 1956 carnem
2175 1900 2288 1955 dixi
2340 1915 2582 1970 passam,
2638 1907 2865 1967 propter
2903 1895 3311 1950 inhabitantem
3353 1891 3408 1946 in
3445 1907 3504 1943 se

1914 1998 2083 2050 Deum
2119 1995 2380 2049 Verbum.
2415 1981 2558 2069 Ilinc
2591 1990 2832 2050 denique
2860 1996 2917 2042 et
2946 1988 3120 2041 Deum
3151 1985 3348 2054 negavi
3373 1997 3501 2052 pas-

1910 2102 2055 2149 sum,
2086 2095 2142 2139 et
2180 2093 2363 2138 tamen
2400 2074 2624 2135 carnem
2650 2079 2743 2132 Dei
2779 2092 2995 2148 passam
3029 2073 3318 2130 confessus
3355 2087 3504 2126 sum.

1979 2177 2042 2234 C.
2075 2177 2195 2232 Non
2217 2184 2304 2230 est
2331 2190 2462 2244 ergo
2487 2174 2634 2228 Deus
2654 2187 2821 2226 verus
2841 2167 3120 2229 Christus,
3150 2163 3248 2219 sed
3283 2170 3508 2233 propter

1913 2269 2310 2323 inhabitantem
2337 2267 2390 2320 in
2427 2280 2485 2318 se
2516 2261 2961 2323 DeumVerbum,
2993 2251 3508 2323 honore,dignitate

1914 2378 2008 2415 seu
2037 2361 2221 2430 potius
2265 2357 2491 2411 nomine
2536 2348 3113 2412 tantum,secundum
3161 2360 3263 2400 vos
3302 2344 3508 2398 dicitur

1915 2453 2060 2505 Deus
2091 2468 2106 2501 τ
2140 2457 2196 2504 et
2228 2446 2505 2518 quomodo
2533 2445 2638 2499 hoc
2665 2459 2774 2498 non
2799 2449 2884 2496 est
2917 2438 3261 2495 contrarium
3279 2435 3360 2490 illi
3383 2447 3510 2488 sen-

1917 2544 2100 2600 tentia:
2121 2540 2350 2596 Joannis
2375 2537 2632 2608 apostoli,
2659 2551 2768 2606 qua
2805 2533 2942 2588 dicit
2979 2551 2992 2587 :
3030 2531 3241 2587 Scimus
3266 2528 3390 2598 quia
3419 2541 3510 2580 ue-

1917 2640 1994 2691 nit
2020 2635 2182 2689 Filius
2211 2633 2322 2697 Dei,
2353 2641 2400 2685 et
2433 2631 2574 2684 dedit
2602 2630 2749 2683 nobis
2795 2644 3007 2682 sensum
3037 2632 3095 2678 ut
3134 2635 3513 2693 cognoscamus

1921 2727 2087 2780 Deum
2113 2741 2314 2787 verum,
2341 2712 2387 2776 ἐι
2412 2724 2575 2776 simus
2595 2723 2650 2775 in
2676 2736 2796 2775 vero
2823 2717 2954 2772 Filio
2992 2713 3241 2788 ejuslesu
3268 2711 3510 2774 Christo;

1921 2819 2001 2870 hic
2034 2824 2108 2868 est
2159 2813 2300 2868 Deus
2328 2827 2482 2865 verus
2521 2819 2569 2863 et
2592 2811 2700 2863 vita
2722 2816 2922 2862 (eterna
2947 2807 3014 2860 “.

1992 2904 2058 2958 Ν.
2083 2902 2139 2956 Si
2166 2917 2276 2954 non
2326 2907 2562 2973 propter.
2582 2900 2851 2951 honorem
2893 2906 2951 2950 et
2989 2893 3319 2964 dignitatem
3352 2889 3484 2944 inha

1924 2996 2150 3051 bitantis
2192 2994 2286 3048 Dei
2320 2991 2486 3046 Verbi
2517 2992 2691 3043 Deum
2723 2988 2933 3043 dixeris
2965 2985 3269 3046 Christum,
3326 2981 3509 3037 visum

1926 3087 2172 3167 profecto
2195 3094 2252 3139 et
2278 3060 2683 3138 conirectatum
2718 3080 2856 3135 facis
2875 3080 2944 3134 ab
2971 3076 3294 3133 hominibus
3312 3074 3508 3129 Deum.

2559 3194 2713 3274 CAP.
2749 3173 2885 3247 xv.’

1985 3311 2046 3366 C.
2067 3310 2135 3365 .Si
2162 3325 2272 3364 non
2302 3317 2387 3363 est
2408 3295 2566 3361 visus
2609 3314 2665 3360 et
2693 3308 3070 3360 contrectatus
3099 3299 3168 3355 ab
3191 3297 3514 3354 hominibus

1916 3406 2083 3471 Deus,
2109 3401 2390 3474 quomodo
2419 3400 2557 3455 dicit
2596 3398 2742 3453 idem
2787 3395 3076 3451 Joannes-z
3113 3392 3266 3459 Quod
3306 3392 3404 3462 fuit
3447 3389 3512 3444 ab

1918 3496 2088 3557 initio,
2121 3492 2260 3563 quod
2287 3491 2610 3552 audivimus,
2659 3487 2801 3558 quod
2830 3485 3056 3540 uidimus
3093 3483 3260 3537 oculis
3299 3481 3513 3544 nostris,

1919 3596 1965 3639 e!
1994 3585 2372 3654 perspeximus,
2391 3591 2439 3635 et
2470 3597 2662 3635 manus
2684 3587 2880 3633 nostri:
2911 3581 3277 3630 tractaverunt
3300 3572 3366 3624 de
3389 3567 3515 3625 Ver-
3585 3563 3588 3566 ’

1919 3679 1982 3731 bo
2001 3678 2140 3737 vim.
2163 3683 2210 3728 et
2236 3677 2344 3729 vita
2363 3673 2728 3742 manifestata,
2758 3679 2807 3724 et
2834 3670 3146 3730 uidimus,‘et
3163 3675 3440 3728 testamur,
3464 3670 3516 3716 et

1924 3770 2310 3821 annuntiamus
2352 3765 2495 3819 nobis
2523 3766 2691 3818 uitam
2714 3772 2996 3824 (sternam,
3041 3775 3161 3832 quas
3217 3768 3335 3812 erat
3367 3757 3515 3828 apud

1924 3860 2162 3918 Patrem.
2196 3866 2245 3912 et
2267 3859 2518 3927 apparuit
2567 3855 2712 3910 nobis
2743 3855 2832 3908 "1'
2861 3855 3130 3909 Percurre
3170 3849 3387 3921 singula
3414 3890 3429 3915 ,
3458 3857 3518 3904 ct

1927 3953 2050 4006 vide
2076 3953 2257 4005 visum
2287 3958 2342 4004 et
2372 3956 2778 4004 contrectatum
2827 3945 2898 4013 ab
2947 3941 3270 3998 hominibus
3317 3942 3514 3996 Deum.

1925 4045 2177 4113 Denique
2221 4041 2466 4097 Verbum
2500 4042 2648 4104 vitae,
2699 4037 2849 4109 quod
2889 4036 2998 4092 fuit
3035 4035 3104 4091 ab
3161 4034 3318 4089 initio
3368 4033 3514 4103 apud

1927 4125 2168 4196 Patrem.
2201 4134 2352 4204 quod
2390 4149 2454 4186 ex
2485 4131 2605 4202 lege
2629 4141 2685 4186 et
2706 4129 2995 4201 prophetis
3018 4127 3312 4183 audierunt
3339 4127 3516 4180 visum

1928 4239 1984 4282 et
2028 4235 2380 4297 perspectum
2415 4224 2596 4279 oculis
2643 4223 2799 4282 suis.
2859 4221 3214 4292 propriisque
3261 4216 3518 4271 manibus

1929 4324 2333 4372 contrectatam
2362 4313 2690 4370 testificatur
2744 4321 2932 4367 tantus
2980 4310 3283 4380 apostolus.
3332 4307 3400 4362 Et
3447 4322 3518 4361 ne

1929 4408 2078 4462 aliud
2114 4405 2354 4462 Verbum
2378 4413 2576 4475 praeter
2608 4403 2661 4457 id
2697 4403 2845 4472 qum]
2873 4412 2958 4456 est
2987 4403 3132 4456 Deus
3157 4400 3300 4470 apud
3322 4400 3516 4462 Deum,

231 4503 322 4555 lala
352 4503 511 4557 enim
541 4517 743 4572 corpus
783 4504 878 4557 Dei
923 4504 1153 4567 dicitur,
1212 4506 1342 4574 quia
1389 4507 1823 4560 communicat-it
1861 4532 1900 4585 ο
1931 4500 2166 4568 quilibet
2208 4498 2388 4551 visum
2431 4503 2488 4549 et
2516 4502 2928 4549 contrectatum
2965 4501 3208 4548 tentaret
3239 4506 3514 4552 asserere,

231 4595 374 4645 Eleus
403 4592 562 4646 carni
584 4602 639 4646 et
671 4595 1016 4664 sanguini,et
1045 4605 1213 4666 caput
1233 4598 1409 4652 factus
1438 4606 1521 4651 est
1542 4597 1820 4656 Ecclesiae.

230 4683 480 4736 Ecclesia
510 4699 646 4738 vero
672 4701 771 4754 per
803 4685 967 4740 ﬁdem
1001 4703 1197 4742 rursus
1229 4687 1658 4758 particeps'ejus
1701 4689 1821 4742 suf-

230 4775 443 4834 lieitur,
469 4775 796 4842 accipiendo
826 4776 1094 4845 Spiritum
1120 4788 1394 4832 sanctum.
1433 4778 1474 4832 A
1519 4779 1682 4832 vobis
1720 4795 1786 4832 an
1806 4809 1824 4820 -

231 4873 342 4916 tem
373 4878 585 4932 corpus
630 4865 724 4918 Dei
769 4866 942 4920 instar
979 4869 1231 4922 creditur
1261 4868 1575 4922 vestimenti
1609 4908 1622 4930 ,
1671 4868 1818 4936 quod

228 4955 371 5008 nihil
404 4955 475 5007 ad
505 4955 818 5009 divinitatis
849 4958 934 5010 vel
990 4959 1177 5011 carnis
1221 4960 1343 5026 ejus
1388 4968 1643 5012 naturam
1692 4975 1819 5026 per-

232 5043 416 5096 tinere
443 5042 719 5098 videatur.
746 5044 916 5100 Isaias
937 5058 1122 5100 autem
1147 5049 1534 5102 vestimentum
1558 5049 1656 5103 Dei
1686 5048 1822 5100 nihil

229 5132 384 5184 aliud
415 5131 704 5200 przedicat,
742 5135 849 5188 nisi
882 5151 1108 5190 carnem
1135 5137 1253 5201 Dei,
1287 5137 1480 5192 dicens
1515 5155 1528 5190 :
1560 5137 1690 5202 Quis
1726 5140 1825 5190 iste

231 5221 424 5288 estqui
449 5222 590 5273 venit
616 5237 680 5273 ea:
710 5221 902 5286 Edam,
945 5225 1239 5280 rubicunda
1274 5234 1414 5280 veste
1443 5243 1505 5279 ea:
1528 5226 1718 5280 Ποσει-(ι
1747 5228 1827 5279 ὀἳ

232 5311 393 5376 Quod
453 5312 498 5363 si
560 5320 616 5364 et
660 5322 715 5365 tu
766 5314 1163 5371 vestimentum
1195 5318 1327 5380 Dei,
1374 5319 1512 5371 nihil
1568 5319 1830 5385 intelligis

235 5401 344 5454 nisi
372 5416 602 5456 carnem
628 5398 1034 5473 Dei,’superest
1084 5415 1144 5460 ut
1185 5409 1301 5462 sive
1366 5408 1689 5462 scissionem

235 5490 506 5552 stimenti,
543 5493 660 5545 sive
705 5493 986 5559 passiones
1034 5499 1217 5550 carnis
1263 5496 1330 5552 ad
1374 5514 1499 5552 enim
1536 5499 1833 5564 retuleris,

311 5701 357 5729 ¹¹⁸
405 5700 525 5753 Act.
575 5717 648 5763 tv,
699 5704 751 5756 4.
835 5704 872 5733 ¹⁹
912 5704 925 5756 Ι
965 5704 1088 5756 Cur.
1128 5722 1216 5761 xu.
1255 5707 1344 5758 9.7.

238 5779 280 5834 ι,
322 5769 416 5832 l8;
453 5769 658 5825 IJoan.
715 5789 786 5835 μ’,
851 5773 931 5825 li’.
1015 5776 1052 5803 "'
1096 5775 1112 5827 1
1166 5775 1308 5829 Titii.
1341 5779 1522 5838 τι,Ηί

1421 5709 1464 5735 ’θ
1504 5709 1601 5759 Isu.
1640 5724 1782 5766 mu,
1835 5709 1877 5760 Ι.

1607 5781 1646 5807 ³⁵
1701 5779 1870 5834 I'Ixoo'.
1923 5795 2102 5844 XXXI”,
2158 5779 2244 5832 2U.
2322 5779 2366 5807 ἐ
2411 5779 2510 5832 Isa.
2555 5793 2639 5840 LII,
2680 5775 2730 5829 G.

1931 4605 2055 4644 mox
2082 4590 2333 4659 sequitur
2367 4604 2378 4639 :
2427 4586 2494 4640 Et
2522 4587 2650 4648 vita,
2686 4585 2889 4654 inquit,
2940 4584 3291 4652 manifestata
3321 4589 3420 4642 est,
3466 4587 3519 4634 et

1925 4681 2171 4744 vidimus,
2193 4687 2241 4732 et
2294 4685 2572 4740 testamur,
2627 4685 2676 4729 et
2733 4677 3117 4729 annuntiamus
3164 4673 3305 4726 vobis
3353 4672 3517 4725 vitam

1927 4781 2206 4834 wternam,
2244 4785 2362 4838 qua:
2401 4778 2514 4821 erat
2548 4766 2693 4836 apud
2727 4765 2941 4820 Patrem
2965 4773 3012 4818 et
3058 4763 3309 4833 apparuit
3346 4761 3514 4814 nobis.

1997 4862 2062 4915 N.
2094 4861 2356 4914 Mentitur
2385 4873 2516 4928 ergo
2548 4859 2664 4926 ipse
2704 4856 2972 4910 Dominus
2998 4895 3012 4918 ,
3067 4854 3264 4908 dicens
3301 4870 3314 4905 :
3348 4850 3512 4905 Deum

1931 4972 2079 5008 nemo
2106 4954 2229 5007 vidit
2255 4968 2488 5021 unquam
2507 4951 2588 5002 "?
2615 4950 2683 5005 Et
2706 4947 3001 5017 Apostolus
3024 4946 3259 5014 loquens
3281 4942 3349 4997 de
3369 4942 3482 4994 beo
3503 4959 3516 4992 :

1931 5045 2096 5109 Quem
2131 5059 2280 5095 nenia
2307 5084 2321 5103 ,
2378 5041 2581 5109 inquit,
2617 5043 2892 5094 hominum
2920 5037 3074 5100 vidit,
3105 5036 3196 5090 sed
3221 5051 3318 5089 nec
3346 5034 3512 5088 videri

1935 5143 2100 5205 potest
2129 5135 2194 5186 “.
2230 5133 2296 5186 Et
2327 5133 2392 5186 ad
2448 5133 2684 5202 Moysem
2736 5129 2872 5183 dicit
2917 5128 3066 5183 Deus
3097 5145 3109 5181 :
3139 5126 3306 5181 Nemo
3347 5131 3516 5194 potest

1929 5227 2104 5280 uidere
2133 5226 2319 5294 {aciem
2351 5241 2544 5285 meam,
2585 5231 2634 5276 et
2662 5223 2831 5276 viuere
2864 5222 2956 5276 ’³.’

2001 5317 2062 5370 C.
2105 5316 2159 5368 Si
2191 5332 2297 5369 non
2330 5325 2414 5367 est
2445 5315 2590 5368 Deus
2638 5313 2734 5383 qui
2769 5314 2922 5366 visus
2943 5319 3050 5372 est,
3079 5306 3362 5378 quomodo
3398 5305 3517 5374 ipse

1935 5409 2069 5460 tiit'it
2099 5427 2110 5458 ;
2147 5408 2275 5459 Γιτρ
2323 5407 2410 5473 qui
2455 5405 2728 5474 loquebar,
2771 5406 2959 5456 adsum
2983 5402 3067 5466 ης
3109 5407 3164 5454 et
3195 5396 3461 5474 propheta
3498 5415 3509 5447 ἶ

1943 5499 2078 5554 Deus
2103 5498 2373 5572 ηιίιηὶῙρδερ
2399 5498 2564 5554 veniet
2595 5514 2610 5551 :
2650 5495 2786 5550 Deus
2812 5503 3010 5559 uoster,
3035 5501 3084 5546 et
3113 5508 3216 5545 non
3247 5489 3414 5543 silebit
3435 5489 3474 5519 "
3493 5487 3518 5540 ‘2‘

1980 5711 2017 5736 "
2065 5711 2078 5759 Ι
2128 5710 2281 5761 .Iian.
2330 5726 2378 5763 γ.
2436 5709 2524 5761 ‘20.
2631 5708 2672 5736 “
2713 5705 2730 5758 I
2767 5705 2924 5757 Joult.
2967 5718 3003 5758 1,
3035 5704 3080 5764 I,
3126 5701 3180 5754 2.
3257 5700 3305 5732 ⁸⁸
3354 5698 3511 5755 .Ioan.

2813 5777 2851 5806 "
2900 5773 3042 5828 Psal.
3087 5773 3308 5836 xux,5.
