4200 6426
718 425 817 491 147

1934 426 2253 487 ,ΙΟΛΚΝξΞ
2292 425 2667 492 ΜᾹΧΕΝἿἹΙ

3874 438 3981 505 148

786 546 849 600 Ν.
877 542 1166 600 Contraria
1223 559 1354 613 ergo
1407 540 1735 610 sibimetipsi
1786 541 1938 610 loqui
2006 542 2283 596 credenda
2316 541 2361 593 A
2389 546 2648 600 inhabitat
2670 549 2839 601 omnis
2879 547 3151 618 plenitudo
3183 551 3477 604 divinitatis
3522 550 3879 622 corporaliter
3906 555 3976 607 υ.

712 647 798 691 est
827 636 1113 705 Scriptura
1144 636 1380 690 divina?

779 725 841 779 C.
862 726 980 780 Non
1001 735 1085 781 est
1106 726 1389 793 Scriptura
1405 722 1590 777 divina
1609 721 1713 775 sibi
1733 722 1836 790 ipsi
1852 723 2129 776 contraria
2150 720 2296 792 apud

712 832 809 871 eos
838 819 931 887 qui
954 832 1073 870 eam
1107 817 1193 885 pie
1231 815 1570 883 intelligunt,
1624 814 1721 868 sed
1766 814 1876 868 illis
1905 814 2129 868 videtur
2158 830 2295 869 con-

714 908 884 961 traria
903 910 997 976 qui
1025 906 1287 960 haeretica
1306 904 1529 974 decepti
1553 906 1752 973 spiritu
1782 920 1891 958 non
1921 912 2153 972 possunt
2175 919 2299 974 qua:

711 1013 842 1051 vera
877 1005 1006 1051 sunt
1037 1012 1253 1064 sapere.
1282 996 1419 1053 Nam
1451 998 1577 1066 quia
1609 1011 1771 1049 nemo
1804 997 2092 1065 corporeis
2118 998 2299 1051 oculis

711 1099 896 1157 potest
928 1088 1114 1143 videre
1141 1099 1396 1144 naturam
1428 1090 1762 1151 divinitatis,
1789 1105 1910 1156 qum
1959 1090 2150 1157 utique
2184 1104 2293 1141 non

711 1191 792 1233 cst
825 1197 1028 1251 corpus
1052 1224 1066 1241 ,
1102 1182 1196 1235 sed
1232 1182 1487 1250 spiritus,
1522 1180 1728 1233 dictum
1768 1191 1854 1233 est
1887 1197 1899 1229 :
1938 1181 2101 1231 Deum
2143 1195 2295 1231 nemo

712 1274 839 1326 vidit
900 1281 1259 1342 unquam;et
1317 1289 1329 1323 :
1372 1272 1538 1326 Nemo
1585 1273 1722 1326 videt
1782 1273 1971 1340 facient
2027 1283 2295 1334 meam,et

711 1366 865 1417 vivet.
922 1363 1308 1432 Rursus,quia
1341 1364 1615 1418 videndus
1662 1372 1811 1417 esset
1861 1363 1933 1417 ab
1976 1363 2298 1433 hominibus

711 1454 858 1508 Deus
910 1454 966 1507 in
1016 1464 1299 1522 assumpta
1351 1470 1520 1509 carne
1570 1454 1735 1509 docet
1778 1453 2149 1522 pnet‘tguratio
2202 1454 2294 1507 illa

711 1545 853 1598 facta
883 1544 950 1599 ad
986 1544 1192 1610 Iacob;
1226 1546 1468 1615 denique
1514 1561 1639 1599 cum
1682 1545 1909 1598 homine
1956 1545 2295 1599 colluctatur

711 1635 768 1687 in
799 1636 1014 1689 visione
1049 1637 1191 1689 idem
1218 1636 1414 1689 beatus
1436 1636 1770 1703 patriarcha,
1794 1642 1851 1688 et
1877 1634 2202 1689 benedictus
2224 1636 2295 1690 ab

710 1741 777 1779 eo
811 1724 984 1779 dicit:
1020 1725 1131 1778 Vidi
1148 1724 1316 1778 Deum
1348 1724 1481 1794 facie
1502 1726 1573 1778 ad
1602 1725 1871 1793 faciem,“
1886 1724 2033 1779 salva
2058 1725 2201 1795 facta
2219 1735 2294 1779 cst

2465 638 2527 691 C.
2570 640 2975 695 Plenitudinem
3012 641 3323 696 divinitatis
3361 642 3702 698 habitantem
3726 646 3782 699 in
3810 644 3978 699 Chri-

2396 739 2486 787 διο
2513 732 2643 800 quid
2685 732 2989 803 intelligis?

2468 820 2533 873 N.
2576 820 2770 876 Totam
2800 823 2991 891 procul
3027 822 3198 877 dubio
3229 824 3580 880 Trinitatem.

3012 927 3165 984 CAP.
3207 929 3348 983 XVI.
3433 999 3453 1009 ν

2464 1018 2525 1073 C.
2566 1019 2806 1084 Quartus
2851 1034 2983 1088 ergo
3023 1021 3136 1091 jam
3179 1019 3434 1074 Christus
3464 1028 3570 1085 est,
3619 1021 3673 1075 in
3715 1037 3829 1091 quo
3861 1031 3977 1077 tota

2397 1111 2669 1166 inhabitat
2708 1113 2951 1167 Trinitas
2975 1112 3000 1165 τ

2465 1203 2531 1257 Ν.
2572 1204 2715 1274 Ergo
2749 1204 3069 1259 mendacem
3095 1204 3326 1259 iacimus
3361 1204 3592 1258 Paulum
3626 1204 3720 1274 qui
3753 1206 3859 1261 hoc
3884 1222 3980 1260 as-

2397 1294 2533 1348 serit
2567 1294 2593 1347 ?
3004 1354 3014 1367 ρ

2464 1384 2523 1438 C.
2554 1385 2674 1439 Non
2711 1393 2795 1440 est
2829 1385 3063 1441 mendax
3095 1386 3319 1451 Paulus,
3348 1386 3475 1457 quia
3510 1401 3619 1438 non
3645 1384 3978 1439 Trinitatem

2396 1475 2533 1529 dicit
2570 1475 2635 1552 in.
2674 1475 2896 1531 Christo
2923 1476 3258 1542 inhabitare,
3292 1493 3416 1531 cum
3438 1476 3722 1532 Christum
3756 1478 3974 1531 nesciat

2395 1572 2731 1619 extraneum“
2769 1583 2799 1620 a
2835 1566 3125 1621 Trinitate.

2464 1657 2530 1711 N.
2556 1656 2610 1710 Si
2639 1674 2748 1712 non
2781 1658 3051 1712 inhabitat
3069 1659 3123 1712 in
3150 1658 3371 1731 Christo
3393 1659 3660 1724 Trinitas,
3694 1660 3979 1729 quomodo

2395 1746 2451 1799 in
2482 1744 2704 1801 Christo
2731 1748 2929 1808 ,omnis
2974 1742 3283 1817 plenitudo,
3312 1748 3625 1803 divinitatis
3655 1747 3978 1803 inhabitat?

710 1815 890 1926 imm."
913 1814 1130 1926 ξηθαιη·
1165 1813 1303 1868 "in"
1332 1813 1648 1867 “Thomas
1679 1814 2290 1926 Ρθειρτθευπθίξιίθᾮθξη
2322 1872 2366 1926 Β
2394 1835 2505 1890 Aut
2558 1836 2708 1891 enim
2756 1834 2887 1891 noni
2916 1813 3190 1893 inhabitat
3235 1830 3523 1907 plenitudo
3571 1840 3878 1894 divinitatis
3913 1840 3974 1894 in

707 1904 928 1959 Domini
963 1905 1189 1974 palpans
1231 1915 1287 1958 et
1314 1912 1672 1959 contrectans
1700 1904 2008 1974 perfossum
2037 1904 2284 1960 Domini-

707 2012 833 2050 cum
857 1997 1022 2059 latus,
1040 1997 1310 2051 exclamat
1334 2013 1347 2047 :
1376 1996 1628 2049 Dominus
1656 2011 1800 2048 meus
1822 2005 1871 2048 et
1893 1995 2027 2049 Deus
2048 2012 2194 2051 meus
2216 1998 2285 2053 ”.

779 2086 842 2141 N.
872 2087 1129 2152 Multum,
1176 2088 1309 2142 licet
1344 2089 1562 2150 nolens,
1613 2088 1820 2141 nostris
1866 2088 2119 2156 partibus
2158 2104 2287 2158 pro-

703 2180 857 2234 fuisti
932 2179 1091 2242 Nam,
1130 2195 1255 2234 cum
1300 2171 1491 2233 divina
1518 2189 1714 2232 natura
1758 2195 1868 2231 non
1919 2181 1992 2233 sit
2042 2196 2285 2250 corpus,

706 2273 804 2327 sed
857 2271 1130 2342 spiritus,
1171 2273 1316 2326 sicut
1362 2280 1418 2324 tu
1449 2286 1672 2340 quoque
1706 2270 1991 2339 professus
2038 2286 2131 2337 es,
2166 2287 2290 2341 quae

702 2371 903 2418 natura
949 2363 1065 2417 visa
1107 2362 1196 2417 vel
1227 2360 1487 2416 confossa
1533 2361 1609 2415 sit
1640 2362 1960 2431 ambiguum
2011 2378 2120 2416 non
2154 2373 2240 2417 est
2271 2379 2287 2428 ;

704 2452 1090 2507 dubitantibus
1115 2467 1355 2521 namque
1383 2451 1451 2505 de
1488 2466 1546 2505 se
1576 2450 1887 2519 discipulis,
1921 2451 2066 2506 idem
2109 2453 2293 2507 Domi-

702 2560 847 2598 nus:
879 2542 1125 2615 Palpate,
1160 2542 1371 2611 inquit,
1410 2550 1461 2594 et
1495 2543 1662 2595 ridete
1695 2583 1709 2606 ,
1761 2544 1887 2613 quia
1912 2545 2130 2613 spiritus
2172 2561 2291 2597 ossa

706 2644 756 2689 et
785 2652 1000 2690 carnem
1022 2653 1124 2689 non
1147 2637 1322 2698 habet,
1342 2637 1478 2690 sicut
1504 2651 1586 2689 me
1623 2636 1805 2689 ridetis
1824 2637 2015 2689 habere
2051 2637 2118 2688 ³⁸.
2142 2636 2285 2701 Qua-

704 2734 932 2796 propter
962 2726 1113 2780 visus
1137 2735 1193 2779 et
1219 2727 1474 2796 palpatus
1501 2732 1586 2778 est
1624 2726 1893 2779 Dominus
1936 2724 2099 2779 .lesus
2128 2724 2292 2779 Chri-

703 2826 843 2878 stus,
874 2817 969 2899 quj
993 2816 1286 2871 confossus
1305 2814 1412 2880 est,
1441 2831 1610 2886 quem
1638 2832 1764 2871 cum
1788 2799 2113 2884 ’agnovisset
2155 2832 2288 2885 apo-

706 2907 882 2960 stolus
931 2916 1055 2976 post
1110 2907 1598 2966 resurrectionem.
1654 2906 1927 2959 exclamat
1976 2914 2033 2961 et
2098 2908 2286 2962 dicit:

704 2997 966 3051 Dominus
993 3015 1139 3052 meus
1168 3009 1217 3053 et
1243 3000 1379 3053 Deus
1414 3001 1557 3053 tusus
1581 2999 1601 3051 .'
1634 2998 1771 3052 llinc
1800 2998 2291 3099 evidenter’appa-

704 3100 791 3149 tet
835 3106 948 3146 non
974 3108 1097 3147 esse
1128 3093 1300 3147 Deum
1322 3093 1509 3148 Iesum
1526 3093 1831 3156 ChriStum,
1852 3106 2018 3161 quem
2042 3093 2113 3146 ei
2136 3108 2288 3147 mor-

2393 1925 2632 1989 Christo,
2669 1926 2715 1980 si
2760 1942 2868 1980 non
2914 1928 3283 1982 inhabitat'in
3309 1928 3531 1981 Christo
3556 1928 3799 1983 Trinitas
3830 1947 3843 1983 :
3877 1938 3979 1984 aut

2390 2017 2436 2070 si
2486 2016 3031 2087 habitat'plenitudo
3078 2018 3407 2082 divinitatis,
3462 2020 3653 2087 procul
3705 2019 3876 2073 dubio
3913 2019 3975 2074 in

2389 2107 2612 2163 Christo
2642 2108 2887 2163 Trinitas
2919 2099 3152 2163 habitat.

2460 2199 2520 2255 C.
2565 2201 2633 2254 Et
2656 2200 2871 2254 habitat
2902 2201 3188 2271 plenitudo
3217 2201 3528 2256 divinitatis
3553 2201 3608 2255 in
3636 2201 3883 2264 Christo,
3917 2212 3978 2257 et

2391 2305 2502 2344 non
2537 2291 2809 2346 inhabitat
2845 2293 2899 2346 in
2941 2291 3167 2347 Christo
3207 2278 3578 2356 Trinitasfne
3610 2294 3684 2346 sit
3708 2309 3819 2347 non
3849 2294 3979 2348 Tri-

2393 2383 2557 2445 nitas,
2610 2382 2705 2437 sed
2736 2383 3096 2452 quaternitas.
3144 2380 3279 2436 Nam
3307 2398 3456 2445 cum,
3477 2383 3632 2437 nullo
3659 2382 3978 2447 dubitante,

2392 2473 2579 2535 Pater,
2598 2481 2653 2528 et
2678 2474 2869 2536 Filius,
2900 2484 2956 2529 et
2987 2463 3231 2543 Spiritus
3270 2482 3499 2528 sanctus
3526 2474 3599 2528 sit
3628 2474 3889 2535 Trinitas,
3919 2484 3983 2530 et

2394 2565 2518 2619 ideo
2566 2567 2675 2618 lion
2718 2564 3045 2619 Trinitatem
3092 2565 3295 2619 Paulus
3325 2566 3379 2618 in
3428 2565 3655 2618 Christo
3699 2565 3862 2620 docet
3892 2567 3981 2618 in-

2396 2657 2665 2717 habitare.
2699 2657 2889 2712 dicens
2916 2674 2928 2711 :
2961 2656 3098 2723 Quia
3123 2658 3323 2726 iit-ipso
3356 2658 3628 2710 inhabitat
3660 2660 3831 2711 omnis
3860 2659 3981 2728 ple-

2394 2749 2577 2801 nitudo
2598 2748 2888 2801 divinitatis
2911 2747 3298 2817 corporaliter;
3316 2745 3411 2800 sed
3433 2748 3650 2801 Patrem
3678 2749 3731 2802 in
3757 2747 3984 2803 Christo

2395 2838 2557 2893 docet
2594 2839 2929 2893 inhabitare.

2465 2933 2532 2986 N.
2566 2932 2622 2986 Si
2667 2932 2849 2986 omnis
2897 2931 3185 3002 plenitudo
3225 2918 3537 2987 divinitatis
3598 2930 3856 2985 habitans
3914 2930 3978 2984 in

2395 3023 2620 3078 Christo
2680 3025 2830 3079 solus
2876 3025 3039 3079 Pater
3087 3023 3486 3094 intelligendus
3520 3031 3625 3085 est,
3663 3038 3774 3077 non
3802 3021 3980 3077 relin-

2400 3115 2591 3185 quitur
2641 3113 2781 3166 Filio
2825 3122 2882 3167 et
2930 3101 3161 3182 Spiritui
3211 3123 3425 3176 sancto,
3484 3121 3547 3166 ut
3598 3112 3765 3166 Deus.
3834 3143 3848 3166 δ

706 3182 817 3238 tuis
844 3185 1231 3239 resuscitatum
1254 3186 1393 3241 vidit
1417 3195 1472 3240 et
1492 3186 1856 3240 contrectavit
1876 3184 2138 3247 Thomas,
2181 3185 2286 3241 nisi

2420 3182 2432 3185 v
2463 3206 2524 3261 C.
2564 3207 2791 3261 Plenum
2838 3212 2895 3259 et
2941 3204 3249 3275 perfectum
3301 3205 3474 3259 Deum
3531 3203 3737 3258 asseris
3775 3201 3981 3264 Patris,

705 3285 931 3345 propter
950 3277 1346 3332 iuhabitantem
1374 3277 1427 3332 in
1442 3294 1509 3332 eo
1527 3278 1721 3339 Deum,
1739 3292 1903 3347 quem
1916 3292 2080 3332 nemo
2092 3280 2288 3347 procul

706 3370 877 3424 dubio
902 3370 1188 3424 hominum
1217 3369 1389 3433 videt,
1438 3379 1495 3423 et
1518 3371 1686 3424 vivet.
2243 3350 2267 3394 ί

774 3462 838 3516 C.
871 3462 1199 3518 Nullatenus
1245 3470 1475 3533 propter
1515 3463 1945 3529 inhabitantem,
1977 3473 2036 3519 ut
2063 3464 2287 3530 asseris,

705 3570 832 3608 eum
861 3569 1026 3623 quem
1057 3553 1198 3607 vidit
1217 3561 1273 3607 et
1287 3552 1655 3607 contrectavit
1696 3552 1959 3617 Thomas,
1982 3553 2158 3607 Deum
2193 3565 2296 3623 apJ

706 3646 921 3722 pellat,
972 3645 1103 3715 quia
1143 3643 1340 3715 procul
1390 3650 1475 3705 est
1526 3642 1596 3696 ab
1640 3644 1939 3713 apostolica
1987 3644 2093 3698 lide
2143 3645 2290 3700 duos

706 3739 852 3792 ﬁlios
880 3736 1134 3799 credere,
1183 3735 1288 3791 sed
1319 3734 1500 3805 ipsum
1545 3750 1799 3805 prorsus,
1849 3738 2009 3806 cujus
2044 3738 2289 3790 fossuras

706 3829 1091 3893 contrectavit,
1116 3827 1410 3883 Dominum
1432 3834 1489 3881 et
1507 3826 1678 3881 Deum
1705 3841 1866 3881 suum
1885 3841 2008 3882 esse
2025 3835 2286 3891 testatur;

706 3921 1084 3990 apostolorum
1110 3919 1259 3975 enim
1288 3918 1455 3982 Deus,
1483 3933 1596 3973 non
1625 3917 1915 3987 dignitate,
1949 3919 2046 3973 sed
2084 3929 2283 3973 natura

704 4022 789 4069 est
811 4014 974 4068 Deus.
1010 4012 1371 4083 Apertissime
1418 4010 1661 4080 denique
1691 4010 1761 4065 de
1801 4025 1871 4065 eo
1916 4012 2013 4081 qui
2053 4011 2204 4066 visus
2232 4022 2290 4068 et

707 4088 1083 4173 co’ntrectatus
1127 4110 1233 4167 est,
1270 4101 1418 4172 quod
1456 4111 1653 4156 natura
1687 4101 1763 4156 sit
1806 4101 1972 4168 Deus,
2021 4101 2290 4158 Jeremias

707 4196 974 4265 propheta
1008 4202 1244 4248 testatur
1275 4211 1289 4247 :
1324 4193 1421 4247 Hic
1445 4186 1584 4246 Deits
1606 4200 1805 4257 noster,
1840 4198 1891 4244 et
1919 4209 2025 4245 non
2050 4194 2291 4247 (estima-

708 4296 796 4338 tur
824 4284 961 4339 alter
980 4285 1050 4338 ad
1065 4300 1215 4348 eum;
1235 4285 1325 4354 qui
1348 4284 1546 4337 invenit
1576 4298 1786 4336 omnem
1806 4282 1948 4335 viam
1968 4282 2287 4353 disciplima,

708 4387 757 4429 et
786 4378 925 4432 dedit
953 4394 1070 4431 eam
1101 4376 1261 4430 Iacob
1289 4391 1453 4446 puero
1482 4391 1598 4437 sua,
1647 4383 1698 4428 et
1728 4373 1903 4428 Israel
1935 4373 2125 4428 dilecto
2163 4368 2286 4459 ριιὸ.

705 4470 946 4524 Postha'c
982 4471 1036 4522 in
1076 4470 1230 4522 terris
1258 4466 1395 4521 visits
1436 4475 1533 4530 est,
1551 4474 1601 4519 et
1618 4481 1736 4519 cum
1752 4465 2047 4519 hominibus
2070 4483 2287 4521 conver-
2329 4462 2340 4481 ⁸

2392 3313 2461 3352 an
2513 3297 2674 3368 557
2700 3296 3100 3366 perfectionem
3125 3304 3179 3349 et
3206 3294 3610 3365 plenitudinem
3637 3294 3758 3365 ejus
3776 3292 3982 3347 Filium

2390 3399 2446 3443 et
2495 3388 2757 3457 Spiritum
2792 3393 3044 3440 sanctum
3073 3400 3196 3439 esse
3246 3385 3518 3439 testaris?

2462 3479 2526 3535 N.
2556 3480 2783 3534 Plenum
2814 3479 3004 3549 procul
3037 3477 3210 3532 dubio
3240 3485 3298 3531 et
3329 3477 3659 3547 perlectum.

2460 3574 2520 3629 C.
2556 3558 2673 3629 Non
2700 3591 2832 3643 ergo
2863 3574 3127 3643 relinquit
3180 3574 3379 3642 plenus
3420 3582 3477 3627 et
3521 3570 3801 3641 perfectus
3831 3570 3984 3625 Deus

2389 3665 2571 3725 Pater,
2596 3671 2657 3717 nt
2679 3664 2750 3718 sit
2786 3664 2966 3726 Deus,
2998 3670 3092 3716 aut
3114 3661 3305 3726 Filius,
3338 3668 3433 3715 aut
3463 3659 3705 3731 Spiritus
3733 3668 3980 3714 sanctus.

2389 3750 2592 3802 Verum
2619 3749 2662 3802 si
2694 3749 2799 3803 hoc
2830 3749 3057 3816 impium
3086 3756 3170 3802 est
3188 3748 3416 3803 credere
3448 3793 3461 3813 ,
3492 3757 3661 3803 restat
3690 3758 3749 3802 ut
3772 3764 3879 3802 non
3900 3749 3986 3814 sit

2389 3842 2750 3904 contrarium,
2784 3841 2894 3895 imo
2912 3840 3093 3910 potius
3107 3841 3265 3895 valde
3284 3856 3585 3910 congruum
3612 3841 3852 3903 veritati,
3878 3842 3985 3895 Pa-

2391 3941 2529 3988 trem
2557 3933 2959 4002 plenitudinem
2996 3933 3300 4002 intelligere
3330 3931 3655 3987 divinitatis.
3701 3931 3840 3999 Quia
3870 3932 3982 3985 sie-

2391 4031 2452 4075 ut
2502 4022 2619 4092 ipse
2654 4022 2936 4087 plenitudo
2973 4036 3071 4076 sua
3098 4032 3203 4085 est,
3233 4021 3493 4075 similiter
3519 4031 3575 4075 et
3608 4022 3776 4075 Filius
3800 4022 3978 4090 pleni.

2392 4111 2543 4170 tudo.
2573 4119 2629 4164 et
2655 4101 2898 4180 spiritus
2929 4119 3153 4179 sapetus
3204 4108 3494 4179 plenitudo
3524 4149 3538 4173 ,
3587 4118 3642 4163 et
3670 4109 3835 4164 simul
3861 4124 3984 4163 om-

2390 4218 2509 4265 nes,
2545 4204 2648 4256 hoc
2669 4209 2773 4265 est,
2799 4209 2911 4255 tota
2941 4188 3227 4264 Trinitas:
3259 4199 3369 4256 noni
3394 4210 3509 4256 tres
3535 4241 3549 4264 ,
3574 4201 3672 4255 sed
3734 4216 3842 4255 una
3895 4209 3985 4255 est

2370 4291 2678 4364 'pienitudo
2728 4292 3038 4345 divinitatis
3069 4333 3083 4355 ,
3125 4293 3284 4361 quia.
3310 4300 3366 4346 et
3403 4290 3681 4361 perfectus
3703 4290 3986 4354 Pater,'et

2389 4385 2668 4454 perlectus
2712 4382 2883 4436 Pilius
2907 4425 2921 4447 ,
2962 4391 3018 4437 et
3049 4382 3326 4452 perfectus
3362 4381 3603 4451 Spiritus
3625 4391 3851 4436 sanctus
3884 4422 3899 4445 ,
3926 4396 3986 4436 et

2391 4476 2553 4530 simul
2582 4489 2774 4528 omnes
2797 4513 2812 4535 ,
2840 4460 2949 4527 lion
2980 4482 3092 4527 tres
3147 4472 3538 4542 perfectiones,
3591 4470 3688 4525 sed
3713 4485 3821 4523 una
3859 4486 3989 4539 per-

705 4571 854 4615 satus
877 4569 951 4613 est
968 4562 1006 4591 ³¹
1020 4601 1032 4611 .
1047 4558 1399 4629 Quapropter
1423 4558 1577 4611 visus
1591 4564 2025 4611 etconversatus
2039 4564 2124 4610 est
2140 4557 2287 4613 Dens

2391 4566 2575 4620 lectio.
2634 4566 2689 4619 Si
2738 4565 2887 4619 enim
2943 4564 3156 4634 Filius,
3223 4563 3367 4617 sicut
3416 4562 3485 4615 de
3522 4576 3592 4615 eo
3654 4560 3988 4615 testiﬁcatur

708 4650 875 4704 homo
902 4650 1061 4704 .lcsus
1075 4649 1353 4711 Christus,
1384 4649 1452 4702 ad
1470 4663 1634 4718 quem
1651 4662 1763 4702 non
1784 4646 2092 4702 estimatur
2124 4644 2284 4703 alter.

776 4742 845 4797 N.
888 4742 943 4796 Si
988 4740 1174 4794 nullus
1210 4740 1355 4794 alius
1394 4740 1543 4794 Deus
1569 4739 1877 4794 aestimatur
1920 4738 1988 4793 ad
2033 4754 2161 4794 eum
2191 4741 2287 4809 qui

709 4832 997 4887 confossus
1044 4841 1101 4886 et
1123 4831 1422 4886 cruciﬁxus
1459 4838 1543 4884 est
1570 4845 1601 4884 a
1621 4828 1847 4896 ludatis,
1877 4830 2005 4899 quis
2033 4838 2119 4885 est
2144 4832 2292 4887 Deus

708 4924 800 4993 qui
838 4924 1145 4977 :cstitnetur
1170 4923 1239 4977 ad
1272 4919 1597 4978 cruciﬁxum
1618 4922 1645 4975 ?

779 5014 838 5068 C.
864 5014 1184 5067 Nullatenus
1207 5023 1264 5067 tu
1297 5014 1513 5068 recedis
1540 5030 1571 5068 a
1601 5014 1823 5086 propria
1853 5002 2158 5086 intentione
2181 5030 2293 5083 quo

708 5105 991 5157 Christum
1027 5119 1136 5157 non
1165 5104 1317 5158 aliud
1363 5104 1572 5174 aliquid
1601 5106 1708 5159 nisi
1734 5120 1906 5159 unum
1935 5121 2003 5159 ex
2038 5107 2147 5167 illis
2178 5122 2295 5165 cre—

709 5196 833 5262 das,
865 5196 934 5251 de
962 5196 1167 5264 quibus
1202 5195 1340 5250 dicit
1375 5196 1520 5250 Deus
1556 5213 1571 5249 :
1605 5195 1870 5261 Quoniam
1908 5197 2213 5250 inhabitabo
2235 5200 2291 5251 in

710 5285 819 5341 illis
856 5294 905 5338 et
941 5285 1247 5351 ambulabo,
1278 5295 1329 5339 et
1355 5303 1445 5341 ero
1481 5286 1703 5342 illarum
1741 5287 1902 5353 Deus,
1929 5296 1977 5341 et
2009 5289 2109 5358 ipsi
2137 5298 2292 5343 erunt

668 5428 673 5435 ,
713 5375 841 5430 milii
892 5377 945 5429 in
985 5375 1237 5446 pupulum
1283 5376 1349 5431 ".
2156 5368 2165 5379 ’

772 5464 849 5520 .i‘i.
895 5465 1001 5518 Sed
1035 5466 1104 5520 de
1149 5465 1371 5537 nemine
1405 5466 1628 5521 illorum
1659 5468 1867 5521 dictum
1914 5469 2175 5537 estquod
2220 5468 2289 5522 de

654 5584 659 5589 ι
713 5553 935 5612 Christo
978 5566 1209 5612 testatur
1256 5558 1574 5630 Apostolus,
1620 5558 1812 5613 dicens
1857 5578 1868 5613 :
1921 5557 2059 5624 Quia
2087 5563 2141 5613 in
2176 5561 2289 5629 ipso

789 5763 834 5793 "
870 5762 1007 5818 Gen.
1055 5778 1218 5825 xxxii,
1263 5761 1349 5815 '50.
1426 5764 1470 5794 ¹⁹
1509 5761 1665 5817 .loan.
1709 5776 1798 5829 sx,
1837 5763 1926 5816 28.
2004 5763 2048 5795 ⁸ο
2088 5762 2218 5824 an.
2266 5781 2404 5831 xxiv,
2444 5760 2531 5821 ἵει.

715 5832 759 5890 ll
802 5832 929 5889 Cor.
981 5849 1053 5896 va,
1105 5833 1183 5888 l6.
1263 5832 1305 5863 ³³
1346 5831 1556 5887 (Ξυῖωες.
1596 5848 1654 5895 ιι,
1706 5834 1759 5898 9,
1836 5833 2229 5902 “lcan.z,lG.

2390 4658 2628 4713 Joannes
2652 4697 2665 4718 ,
2692 4656 2896 4709 dicitur
2929 4654 3218 4724 plenitudo
3270 4653 3289 4721 (
3309 4652 3436 4714 Nos,
3470 4651 3672 4720 inquit,
3712 4666 3891 4703 omnes
3918 4650 3987 4703 de

2389 4745 2717 4817 plenitudine
2743 4744 2857 4812 ejus
2882 4746 3179 4812 accepimus
3199 4740 3307 4814 “),
3332 4739 3612 4812 quomodo
3659 4739 3822 4795 Pater
3858 4753 3983 4793 esse

2388 4836 2673 4908 negandus
2695 4844 2779 4891 est
2826 4835 3109 4905 plenitudo
3135 4834 3162 4889 τ
3641 4869 3686 4901 α.

2458 4928 2526 4983 Ν.
2553 4929 2670 4983 Una
2714 4935 2799 4981 est
2854 4926 3116 4980 divinitas
3179 4923 3470 4979 Trinitatis
3506 4964 3521 4988 ,
3575 4931 3632 4977 et
3668 4936 3812 4976 unus
3836 4921 3987 4975 Deus

2356 5070 2361 5073 _
2398 5019 2661 5081 Trinitas,
2687 5033 2756 5072 an
2779 5027 2895 5072 tres
2928 5017 3038 5079 dii,
3070 5025 3127 5070 et
3153 5024 3267 5070 tres
3300 5014 3622 5068 divinitates
3643 5013 3679 5063 Ἱι

2421 5176 2427 5183 ι
2467 5109 2529 5164 C.
2552 5109 2669 5165 Una
2699 5108 2889 5177 procul
2914 5107 3085 5162 dubio
3106 5106 3371 5161 divinitas
3400 5104 3709 5170 Trinitatis,
3743 5111 3800 5157 et
3839 5117 3988 5157 unus

2397 5201 2543 5255 Deus
2558 5200 2824 5254 Trinitas.

2466 5289 2530 5343 Ν.
2565 5288 2621 5343 Si
2642 5302 2773 5358 ergo
2807 5295 2894 5341 est
2924 5301 3033 5341 una
3090 5284 3358 5339 divinitas
3398 5282 3688 5338 Trinitatis
3720 5321 3734 5345 ,
3762 5292 3817 5335 et
3840 5294 3988 5335 unus

2392 5381 2537 5434 Dens
2560 5379 2803 5433 Trinitas
2830 5419 2845 5442 ,
2893 5378 3175 5447 quomodo
3229 5393 3339 5431 non
3366 5376 3641 5430 inhabitat
3677 5375 3731 5428 in
3757 5372 3984 5428 Christo

2393 5468 2636 5522 Trinitas
2670 5468 2876 5531 ,tsicut
2930 5467 3218 5536 plenitudo
3246 5466 3557 5522 divinitatis
3615 5464 3875 5521 habitans
3923 5463 3981 5517 in

2392 5560 2633 5624 Christo,
2671 5574 2793 5628 quae
2822 5572 2929 5611 una
2952 5566 3008 5612 et
3036 5560 3151 5613 sola
3176 5567 3258 5612 est
3285 5557 3311 5611 ἲ

2637 5766 2675 5798 ²¹
2722 5763 2933 5820 Baruch
2976 5780 3071 5829 ιιι,
3110 5763 3299 5820 56-58.
3378 5763 3423 5796 "
3464 5761 3640 5819 Levit.
3687 5778 3831 5830 xm,
3873 5761 3980 5828 ης
