4200 6426
196 402 298 470 ιω

1536 412 1870 488 DIALOGI,
1902 415 2046 476 LIB.
2079 416 2161 476 II.

3369 426 3471 494 150

257 523 324 578 C.
349 521 477 577 Non
498 531 589 578 est
615 523 849 579 dubium
891 526 1038 596 apud
1057 542 1161 582 nos
1180 526 1464 583 Christum
1492 528 1548 583 in
1570 528 1787 583 duabus
1813 533 1862 589 Α
1888 529 2119 587 Domino
2136 573 2151 597 ,
2179 533 2476 590 doceamur
2512 553 2524 590 :
2562 535 2743 602 Pater,
2777 538 2953 610 inquit
2981 582 2993 606 ,
3026 543 3083 597 in
3116 560 3197 599 me
3229 494 3471 611 manens,

192 616 407 670 naturis
429 616 606 670 unitis
645 618 973 683 subsistere,
1007 636 1117 675 una
1157 620 1468 676 divinitatis
1490 661 1505 684 ,
1532 630 1590 675 et
1607 623 1784 676 altera

192 706 578 762 humanitatis.
620 708 688 763 Et
714 709 846 779 quia
869 726 979 765 una
1007 720 1065 766 et
1088 711 1205 766 sola
1226 721 1312 767 est
1350 714 1522 767 totius
1544 713 1784 767 Trinita-

190 797 257 850 tis
278 796 568 861 divinitas,
586 807 674 853 est
701 814 871 868 ergo,
889 800 1045 870 juxta
1078 816 1195 867 vos,
1220 799 1461 857 Trinitas
1501 811 1557 856 et
1586 802 1784 855 huma-

187 886 332 940 nitas
353 887 620 942 Christus
659 890 756 957 qui
788 904 856 943 ex
903 890 1192 945 divinitate
1243 892 1414 945 totius
1457 891 1781 954 Trinitatis,

187 992 307 1045 qua:
347 993 459 1032 una
487 985 547 1031 et
571 979 691 1034 sola
717 989 824 1043 est,
852 989 910 1035 et
940 982 1280 1037 humanitate
1306 982 1583 1038 subsistit.
1610 984 1784 1038 Porro

186 1070 227 1121 si
251 1069 505 1124 Trinitas
529 1079 588 1125 et
620 1070 937 1127 humanitas
958 1084 1042 1127 est
1060 1074 1316 1128 Christus
1343 1114 1359 1139 ,
1381 1074 1494 1143 jam
1546 1090 1658 1128 non
1687 1075 1787 1129 ha-

189 1159 329 1212 bitat
355 1159 611 1214 Trinitas
656 1162 712 1215 in
769 1160 1028 1227 Christo,
1087 1163 1181 1217 sed
1235 1171 1320 1217 est
1376 1163 1494 1232 ipsa
1545 1163 1788 1218 Trinitas

187 1250 471 1306 Christus.

827 1368 978 1424 CAP.
1017 1367 1180 1425 XVII.

252 1457 319 1511 Ν.
356 1457 483 1511 Non
508 1466 594 1512 est
616 1458 859 1513 Trinitas
882 1468 938 1514 et
964 1459 1279 1514 humanitas
1310 1458 1602 1525 Christus;
1629 1468 1684 1514 et
1708 1467 1787 1513 ta-

191 1563 313 1601 men
339 1564 409 1601 ει
446 1548 747 1604 divinitate
798 1550 1037 1619 perfecta
1069 1559 1127 1604 et
1176 1549 1520 1604 humanitate
1545 1550 1789 1620 perfecta

188 1646 269 1690 est
287 1636 576 1702 Christus,
606 1647 663 1693 et
708 1638 922 1693 habitat
955 1639 1196 1695 Trinitas
1248 1640 1301 1694 in
1327 1640 1569 1704 Christo,
1595 1650 1651 1695 et
1680 1656 1789 1694 non

187 1739 269 1782 est
292 1739 536 1798 quartus
560 1770 577 1795 ,
600 1740 661 1785 ut
709 1740 770 1785 tu
816 1740 1090 1794 autumas,
1114 1732 1388 1787 Christus.
1419 1734 1579 1787 Pater
1612 1732 1786 1796 enim,

188 1821 337 1873 nullo
369 1822 693 1887 dubitante,
724 1823 778 1876 in
813 1822 950 1877 Filio
984 1822 1289 1886 habitat,ct
1316 1822 1482 1877 Filius
1517 1823 1571 1876 in
1605 1823 1787 1886 Patre,

187 1928 217 1965 a
239 1913 449 1982 quibus
474 1928 588 1966 non
622 1923 912 1981 separatur
937 1914 1176 1984 Spiritus
1205 1923 1428 1968 sanctus
1453 1956 1464 1968 .
1498 1915 1669 1969 Filius
1696 1931 1794 1968 au-

189 2011 298 2054 tem
329 2002 482 2055 Deus
505 2043 521 2066 ,
568 2003 627 2056 in
648 2017 759 2071 quo
789 2002 1002 2056 habitat
1027 2002 1190 2056 Pater
1215 2042 1229 2065 ,
1264 2002 1336 2055 ita
1360 2011 1444 2055 est
1477 2002 1531 2054 in
1565 2001 1790 2055 Christo

188 2094 449 2145 mundum
485 2092 836 2146 reconcilians
867 2094 966 2147 sibi
984 2093 1050 2152 ³⁸.
1081 2101 1141 2146 ιιι
1176 2102 1402 2163 propter
1432 2093 1791 2161 conjunctum

188 2185 292 2238 sibi
326 2186 556 2247 Filium,
601 2200 746 2239 unus
764 2194 821 2239 et
848 2186 964 2253 ipse
1001 2185 1073 2239 sit
1108 2184 1276 2238 Filius
1300 2193 1356 2238 et
1392 2182 1691 2248 Christus;
1738 2190 1796 2237 et

190 2274 290 2328 hac
337 2276 557 2328 ratione
596 2274 811 2329 habitat
848 2274 1090 2329 Trinitas
1111 2276 1167 2329 in
1191 2274 1448 2337 Christo,
1480 2283 1537 2328 et
1566 2291 1675 2328 non
1711 2279 1795 2329 est

186 2374 421 2434 quartus
446 2365 728 2419 Christus.

164 2464 171 2469 '
256 2457 319 2511 C.
344 2456 541 2527 Magna
564 2456 731 2510 nimis
754 2465 840 2511 est
867 2455 991 2519 ista,
1009 2471 1120 2511 non
1146 2458 1287 2512 ratio
1308 2458 1430 2524 ,sed
1462 2458 1793 2514 absurditas.

189 2550 323 2602 tiam
379 2564 511 2603 cum
571 2548 840 2602 hactenus
876 2547 1200 2603 Trinitatem
1238 2548 1292 2603 in
1323 2548 1544 2603 Christo
1565 2559 1797 2603 conten-

192 2643 359 2695 tiebas
386 2640 724 2704 inhabitare,
746 2655 843 2709 pro
871 2655 938 2694 eo
974 2640 1120 2710 quod
1156 2640 1364 2694 dictum
1419 2649 1537 2694 est:
1571 2639 1708 2704 Quia
1743 2640 1798 2693 in

194 2738 302 2802 ipso
326 2739 531 2786 habitat
551 2735 719 2785 omnis
737 2731 879 2800 plani
887 2732 1013 2783 tudo
1038 2732 1329 2784 divinitatis
1346 2730 1695 2800 corporaliter
1727 2730 1794 2777 ³⁸³.

196 2827 472 2894 nunciam
498 2840 608 2877 non
641 2832 810 2877 totam
837 2821 1188 2885 Trinitatem,
1220 2822 1314 2876 sed
1343 2822 1514 2876 Deum
1550 2829 1797 2876 tantum-

203 2916 364 2973 modo
414 2916 620 2969 Filium
684 2914 741 2967 in
786 2913 1007 2968 Christo
1029 2929 1152 2967 esse
1183 2914 1361 2977 dicis,
1390 2929 1493 2983 pro
1529 2928 1597 2967 eo
1648 2912 1797 2981 quod

198 3016 464 3075 strtptunt
497 3014 583 3059 est
617 3024 630 3058 :
659 3004 797 3057 Deus
819 3012 935 3057 erat
966 3005 1021 3057 iu
1052 3003 1260 3058 Christo
1287 3044 1300 3066 ,
1334 3003 1589 3057 mundum
1618 3019 1800 3055 recon-

197 3100 383 3152 nlicns
410 3098 534 3149 sibi.
563 3097 621 3148 In
652 3112 762 3164 quo
795 3103 977 3148 tamen
1008 3095 1165 3159 Filio,
1202 3094 1329 3164 quia
1364 3094 1580 3148 habitat
1636 3095 1797 3148 Pater

200 3191 251 3242 in
273 3205 374 3245 eo.
402 3197 463 3242 et
494 3188 611 3255 ipse
638 3188 691 3239 in
716 3187 877 3240 Patre
902 3228 915 3248 ,
941 3202 969 3239 a
1000 3186 1203 3255 quibus
1229 3200 1336 3239 non
1363 3183 1794 3253 srparaturSpi-

199 3283 331 3332 ritus
363 3293 595 3333 sanetus
618 3318 631 3340 ,
664 3293 855 3331 rursus
885 3287 1052 3330 totam
1111 3276 1435 3330 Trinitatem
1480 3274 1779 3329 secundum

202 3372 339 3424 hanc
374 3371 639 3423 videlicet
674 3370 942 3422 rationem
974 3369 1174 3422 asseris
1198 3369 1250 3421 in
1285 3367 1507 3421 Christo
1565 3364 1783 3419 inhabi-

202 3474 311 3514 tare
338 3480 354 3526 ;
389 3461 491 3515 sed
524 3461 668 3523 ideo,
701 3459 883 3528 inquis
908 3498 924 3519 ,
952 3474 1062 3512 non
1098 3468 1184 3512 est
1210 3458 1551 3528 quaternitas
1592 3471 1781 3526 quam-

205 3556 281 3605 vis
308 3554 526 3606 habitet
558 3552 612 3603 in
636 3551 857 3604 Christo
896 3550 1138 3603 Trinitas
1169 3589 1184 3612 ,
1223 3550 1352 3617 quia
1377 3549 1521 3601 Dens
1544 3548 1787 3601 Verbum

207 3644 272 3694 ἱιει
302 3644 446 3695 inest
469 3640 691 3695 Christo
718 3647 779 3693 ut
812 3648 1035 3708 propter
1050 3641 1400 3709 conjunctum
1427 3637 1623 3691 Filium
1648 3651 1792 3690 unus

205 3734 270 3783 sit
299 3731 567 3794 Filius,et
588 3744 729 3781 unus
751 3728 1020 3782 Christus.
1046 3726 1151 3781 Sed
1172 3727 1287 3780 sive
1308 3726 1653 3791 Trinitatem,
1676 3725 1794 3779 sive

208 3823 373 3874 Deum
398 3820 649 3875 Verbum
679 3820 855 3873 inesse
872 3820 1077 3873 dixeris
1097 3819 1350 3883 Christo,
1371 3818 1794 3887 quaternitatem

206 3912 457 3975 oinnino,
487 3926 599 3964 non
633 3910 931 3963 trinitatem
959 3909 1256 3979 [medicare
1288 3908 1653 3962 convinceris.

275 4004 341 4056 εί.
371 4002 629 4067 Quonam
657 4000 820 4054 modo
846 4041 860 4064 ,
881 4001 997 4054 sive
1020 4001 1189 4054 Deum
1218 3999 1456 4054 Verbum
1501 3998 1555 4052 in
1582 3998 1802 4053 Christo

211 4093 391 4148 inesse
416 4092 636 4156 dixero,
664 4092 1084 4161 quaternitatem
1103 4133 1117 4153 ,
1149 4107 1259 4147 non
1283 4092 1631 4155 Trinitatem,
1663 4104 1803 4159 pra:-

210 4184 396 4239 dirare
427 4184 734 4237 convincar
760 4183 783 4233 ?

272 4273 337 4327 C.
359 4272 503 4338 Quia
526 4271 772 4326 Trinitas
793 4272 972 4336 Pater,
996 4280 1054 4327 et
1090 4274 1280 4337 Filius,
1305 4283 1363 4330 et
1414 4275 1653 4347 Spiritus
1684 4295 1802 4335 sano

207 4376 330 4418 ctus
360 4373 451 4419 est
471 4404 485 4425 ,
508 4364 651 4417 sicut
670 4364 926 4433 superius
950 4365 1061 4435 jam
1082 4365 1342 4433 diximus,
1371 4369 1464 4436 qui
1490 4369 1535 4423 si
1574 4370 1627 4423 in
1648 4368 1808 4425 Chri~

208 4465 294 4508 sto
337 4453 657 4515 inhabitant
700 4493 716 4517 ,
782 4464 1012 4523 quartus
1075 4455 1413 4527 intelligetur
1470 4458 1591 4513 sine
1644 4459 1814 4513 dubio

208 4547 495 4609 Christus,
530 4546 586 4599 in
606 4560 718 4614 quo
748 4545 963 4600 habitat
985 4545 1245 4600 Trinitas.

208 4638 264 4691 in
289 4637 521 4691 Christo
552 4635 697 4689 Deus
724 4635 917 4699 Filius,
960 4650 1068 4689 non
1090 4636 1203 4705 jam
1236 4636 1352 4705 ipse
1376 4646 1462 4690 est
1489 4635 1745 4690 Christus
1776 4655 1791 4701 ;

211 4740 265 4783 ct
285 4730 330 4782 si
364 4728 488 4797 ipse
523 4742 634 4780 non
661 4734 743 4780 est
757 4725 1011 4781 Christus
1034 4767 1046 4789 ,
1072 4730 1184 4781 duo
1209 4738 1337 4781 sunt
1380 4729 1628 4794 omnino,
1655 4730 1801 4783 Deus

214 4820 384 4873 Filius
412 4826 473 4872 et
489 4816 745 4872 Christus
773 4816 827 4869 in
851 4832 961 4884 quo
983 4817 1253 4872 inhabitat
1280 4835 1294 4871 :
1320 4818 1573 4886 quamvis
1608 4819 1806 4875 callide

212 4911 277 4962 ad
320 4907 693 4976 decipiendos
735 4906 1012 4975 simplices
1041 4923 1210 4961 unum
1248 4923 1345 4962 eos
1377 4922 1499 4962 esse
1521 4924 1814 4978 argumen-

216 5002 367 5053 taris.
402 4998 704 5067 Apostolus
726 5012 964 5067 namque
992 5000 1248 5067 superius
1271 4999 1462 5053 docuit
1515 5001 1685 5054 Deum
1709 5001 1813 5055 Pa-

216 5099 374 5153 trem,
412 5106 525 5145 non
561 5091 729 5144 Deum
756 5090 953 5144 Filium
984 5133 998 5152 ,
1046 5091 1223 5145 inesse
1277 5091 1519 5156 Christo.
1552 5095 1817 5149 mundum

221 5184 325 5239 sibi
362 5181 857 5246 reconciliantem;
888 5182 1129 5251 denique
1152 5183 1232 5236 ait
1269 5200 1281 5235 :
1323 5181 1380 5236 Si
1402 5201 1507 5253 qua
1534 5186 1587 5237 in
1614 5184 1819 5239 Christo

223 5295 351 5329 nar-.1
387 5282 642 5328 creatura
673 5315 687 5333 ,
721 5280 896 5326 vetera
920 5274 1270 5326 transierunt.
1342 5273 1475 5326 Ecce
1497 5274 1640 5344 facta
1694 5284 1817 5326 sunt

222 5369 401 5421 omnia
433 5382 574 5418 nova
598 5364 664 5419 ³⁷.
687 5364 881 5418 Omnia
905 5373 1088 5419 autem
1112 5380 1210 5434 per
1234 5366 1426 5428 Deum,
1455 5365 1547 5434 qui
1574 5365 1821 5419 reconci-

225 5459 377 5512 liavit
416 5470 521 5511 nos
544 5456 654 5510 sibi
678 5471 778 5524 per
800 5455 1114 5510 Christum.
1149 5456 1304 5521 Quod
1332 5457 1377 5510 si
1400 5456 1619 5510 videtur
1639 5454 1821 5511 adhuc

226 5553 457 5607 dubium
478 5592 494 5616 ,
525 5566 690 5620 quem
710 5551 881 5605 Deum
915 5549 1064 5604 dicat
1111 5566 1209 5620 per
1230 5549 1509 5605 Christum
1557 5549 1819 5604 mundum

232 5643 331 5695 sibi
370 5640 752 5697 reconciliare.
782 5648 970 5693 utrum
1001 5640 1214 5696 Patrem
1234 5656 1302 5694 an
1330 5639 1560 5705 Filium,
1604 5640 1674 5694 ab
1703 5640 1821 5709 ipso

304 5799 346 5826 "
372 5797 417 5851 ιι
443 5796 569 5851 Cor.
593 5812 648 5859 γ,
681 5794 761 5850 19.
839 5795 882 5825 ’ί
905 5793 1113 5850 Coloss.
1138 5812 1191 5859 ιι,
1215 5795 1266 5847 9.
1344 5795 1382 5826 ³⁷
1410 5795 1452 5851 ll
1480 5796 1607 5851 Cur.
1630 5811 1682 5864 γ,
1711 5796 1793 5853 Π.

1891 620 2002 690 ipse
2030 623 2157 691 facit
2188 641 2349 695 opera
2375 643 2493 682 sua.

1961 712 2026 766 N.
2060 714 2174 769 Una
2194 725 2251 771 ct
2276 720 2503 787 aequalis
2531 761 2545 786 ,
2577 736 2645 775 an
2683 721 2899 778 diversa
2932 734 3017 779 est
3038 725 3213 783 virtus
3261 737 3316 783 et
3342 744 3476 801 ote-

1892 801 2032 855 ratio
2057 803 2345 862 Trinitatis
2371 809 2396 861 ?

1961 890 2023 945 C.
2060 893 2174 947 Una
2215 912 2460 964 prorsus.

1961 980 2026 1035 N.
2067 983 2326 1042 Uuiversa
2355 1004 2485 1060 ergo
2523 1007 2645 1062 qua:
2682 1005 2940 1052 creantur
2977 1016 3008 1054 a
3048 1008 3161 1056 tota
3207 999 3476 1060 Trinitate

1893 1088 2152 1132 creantur
2177 1094 2191 1130 :
2233 1094 2300 1135 an
2322 1081 2421 1136 tibi
2460 1084 2566 1139 hoc
2587 1102 2696 1141 non
2724 1088 2987 1143 videtur?
3098 1078 3107 1088 ’

1962 1166 2024 1222 C.
2052 1168 2246 1225 Omnia
2272 1187 2395 1241 qua:
2432 1173 2562 1229 facit
2593 1177 2772 1243 Pater,
2804 1179 2923 1234 haec
2979 1181 3171 1237 eadem
3222 1183 3476 1241 similiter

1894 1267 1945 1310 et
1968 1257 2138 1313 Filius
2164 1260 2290 1314 facit
2310 1303 2324 1325 ,
2361 1280 2465 1319 nec
2497 1267 2616 1322 sine
2638 1267 2847 1338 Spiritu
2870 1282 3062 1327 sancto
3095 1274 3255 1330 Pater
3291 1285 3348 1331 et
3380 1275 3475 1331 Fi-

1896 1348 2003 1404 lius
2028 1352 2234 1421 aliquid
2262 1353 2490 1411 faciunt.

2507 1469 2657 1524 CAP.
2697 1471 2884 1529 XVIII.

1968 1577 2032 1631 N.
2063 1577 2235 1634 Omne
2264 1581 2496 1636 mortale
2555 1594 2802 1639 creatum
2833 1585 2972 1643 dicis
3002 1604 3071 1644 an
3090 1589 3436 1646 increatum?

1966 1668 2028 1724 C.
2065 1669 2301 1725 Omnino
2334 1681 2598 1729 creatum.

1968 1761 2034 1816 N.
2077 1760 2132 1816 Si
2163 1777 2293 1832 ergo
2316 1778 2479 1819 omne
2511 1766 2658 1835 quod
2689 1768 2923 1823 moritur
2968 1780 3225 1826 creatura
3247 1779 3356 1838 est,
3380 1786 3478 1826 er-

1826 1882 1866 1936 B
1899 1867 1966 1921 go
2004 1862 2059 1906 ct
2083 1850 2336 1908 Christus
2358 1870 2457 1924 pro
2493 1858 2697 1913 nostris
2728 1862 2969 1928 peccatis
3007 1870 3261 1918 mortuus
3286 1904 3302 1927 ,
3330 1878 3486 1918 crea-

1898 1953 2017 1997 tura
2046 1953 2149 1999 cst.
2182 1946 2249 2000 Et
2279 1946 2408 2016 quia
2432 1948 2580 2003 nulla
2611 1959 2696 2005 est
2714 1964 2966 2008 creatura
3014 1970 3182 2024 quam
3222 1970 3335 2010 non
3359 1954 3485 2010 Tri-

1894 2035 2037 2088 nitas
2069 2046 2329 2105 operetur
2347 2078 2362 2101 ,
2399 2038 2648 2107 profecto
2682 2040 2956 2108 Christus,
2984 2060 3148 2113 quem
3168 2061 3268 2115 pro
3285 2046 3489 2101 nostris

1895 2125 2134 2193 peccatis
2160 2135 2437 2182 mortuum
2462 2129 2807 2197 credimus,a
2829 2141 2939 2189 tota
2973 2136 3242 2192 Trinitate
3265 2145 3488 2192 creatus

1893 2222 1997 2277 est,
2021 2222 2076 2268 ct
2100 2215 2459 2270 resuscitatus
2480 2233 2510 2271 a
2533 2219 2782 2284 mortuis,
2807 2223 2935 2292 quia
2976 2240 3081 2278 una
3111 2235 3196 2279 est
3238 2225 3413 2280 virtus
3431 2233 3489 2280 et

1895 2306 2139 2373 operatio
2169 2303 2471 2363 Trinitatis.
2503 2308 2659 2375 Quod
2692 2312 2734 2365 si
2759 2328 2870 2366 non
2892 2323 2977 2368 est
3020 2314 3361 2387 contrarium
3391 2331 3487 2371 ve-

1897 2396 2069 2459 ritati,
2098 2395 2379 2452 Christum
2415 2410 2659 2455 creatum
2684 2410 2741 2456 et
2766 2404 3150 2458 resuscitatum
3172 2446 3186 2469 ,
3242 2406 3492 2461 sicutra-

1900 2487 1975 2541 tio
2000 2487 2226 2553 docuit,
2251 2505 2281 2543 a
2323 2498 2433 2545 tota
2467 2492 2695 2548 credere
2717 2491 2991 2549 Trinitate
3019 2536 3034 2559 ,
3095 2512 3195 2552 nec
3233 2497 3337 2552 hoc
3383 2497 3493 2553 erit

1897 2583 2234 2636 contrarium
2274 2584 2531 2648 veritati,
2588 2592 2757 2640 totam
2819 2587 3143 2643 Trinitatem
3194 2590 3402 2659 pariter
3435 2590 3491 2644 in

1816 2702 1819 2709 ι
1897 2672 2119 2729 Christo
2150 2674 2459 2730 inhabitare
2495 2718 2509 2741 ,
2537 2692 2701 2747 quem
2728 2679 2851 2733 sine
2878 2679 3048 2734 dubio
3078 2680 3427 2736 resuscitavit
3461 2697 3492 2736 a

1907 2765 2165 2843 mortuis.

1969 2853 2032 2909 C.
2066 2854 2235 2925 Impia
2282 2857 2507 2912 omnino
2527 2867 2584 2912 et
2611 2859 2872 2931 sacrilega
2908 2902 2922 2924 ,
2956 2869 3120 2931 atque
3154 2859 3486 2916 Arianorum

1902 2945 2257 3015 blasphemiis
2278 2946 2395 3002 haec
2424 2948 2654 3003 assertio
2677 2951 3008 3020 coarquanda
3028 2962 3134 3015 est,
3162 2969 3285 3023 qua;
3324 2952 3493 3008 Chri-

1901 3042 2047 3086 stum
2073 3049 2184 3088 non
2214 3035 2386 3088 Deum
2408 3037 2695 3105 praedicat,
2721 3039 2817 3093 sed
2839 3050 3174 3095 creaturam.
3197 3042 3310 3096 Nec
3324 3042 3494 3106 enim,

1906 3135 1965 3180 ut
1993 3124 2159 3195 impie
2178 3137 2591 3197 argumentatus
2613 3130 2990 3194 es,Christum
3017 3148 3118 3203 pro
3141 3135 3346 3188 nostris
3372 3149 3496 3204 pec-

1825 3215 1867 3270 C
1901 3219 2038 3273 catis
2061 3227 2336 3273 mortuum
2369 3227 2480 3274 tota
2505 3227 2656 3275 creat
2682 3228 2738 3276 et
2758 3223 3050 3278 resuscitat
3074 3223 3319 3278 Trinitas
3339 3242 3353 3278 :
3370 3240 3495 3279 cum

1886 3310 2142 3366 Christus
2173 3320 2428 3366 mortuus
2456 3328 2556 3382 pro
2576 3313 2818 3382 peccatis
2843 3314 3050 3369 nostris
3070 3329 3178 3370 non
3198 3324 3498 3371 extraneus

1890 3412 1985 3456 aut
2002 3401 2233 3467 alienus,
2254 3401 2348 3457 sed
2370 3418 2513 3457 unus
2528 3418 2594 3457 ex
2615 3403 2727 3472 ipsa
2751 3403 3018 3460 Trinitate
3037 3404 3498 3475 sit.Crcaturqui-

1892 3493 2017 3548 dem
2040 3499 2096 3546 et
2128 3491 2487 3546 resuscitatur
2518 3508 2548 3545 a
2573 3500 2684 3546 tota
2737 3492 3027 3558 Trinitate,
3071 3510 3182 3549 non
3214 3493 3493 3561 Christus,

1896 3582 1989 3637 sed
2015 3596 2147 3635 caro
2169 3580 2287 3635 sine
2315 3579 2483 3634 dubio
2511 3579 2748 3635 Christi:
2786 3589 2842 3633 et
2864 3583 2993 3650 quia
3038 3597 3167 3636 caro
3197 3596 3308 3636 non
3355 3581 3499 3635 alte-

1899 3672 2034 3738 rius,
2060 3672 2153 3726 sed
2180 3671 2351 3741 ipsius
2373 3679 2456 3726 est
2475 3670 2703 3736 Christi,
2729 3680 2880 3726 creat
2912 3681 2967 3726 et
2987 3673 3281 3728 resuscitat
3330 3672 3496 3727 Chri-

1901 3771 2021 3817 stus
2067 3762 2423 3830 semetipsum
2490 3763 2794 3816 secundum
2841 3778 3063 3818 carnem
3100 3779 3225 3818 cum
3252 3764 3412 3818 Patre
3442 3773 3497 3817 et

1904 3854 2111 3923 Spiritu
2146 3864 2378 3917 sancto;
2414 3870 2538 3907 nam
2568 3865 2624 3909 et
2644 3855 2939 3924 Apostolus
2984 3872 3091 3910 non
3124 3873 3155 3911 a
3203 3856 3495 3914 Trinitate.

1908 3944 2002 3998 sed
2039 3960 2067 3997 a
2094 3944 2255 3998 Patre
2291 3944 2676 3999 resuscitatum
2712 3945 2993 4000 Christum
3020 3947 3094 4000 ita
3121 3955 3375 4011 testatur,
3412 3948 3499 4002 di-

1910 4047 2042 4087 cens
2078 4048 2091 4085 :
2127 4031 2327 4086 Paulus
2358 4033 2627 4103 apostolus
2650 4075 2664 4099 ,
2714 4052 2819 4089 non
2869 4036 2932 4089 ab
2969 4036 3289 4101 hominibus,
3334 4054 3502 4108 neque

1913 4140 2005 4193 per
2031 4125 2314 4186 hominem,
2343 4125 2435 4178 sed
2462 4141 2556 4195 per
2570 4125 2755 4181 Iesum
2796 4126 3065 4181 Christum
3115 4137 3163 4182 et
3203 4128 3367 4182 Deum
3391 4128 3500 4182 Pa-

1916 4226 2069 4283 trem,
2096 4221 2186 4289 qui
2206 4220 2475 4274 suscitavit
2504 4236 2623 4273 eum
2648 4239 2679 4275 a
2716 4223 2943 4275 mortuis
2961 4221 3026 4275 ³⁸.
3058 4221 3170 4277 Nec
3199 4222 3349 4277 enim
3371 4224 3502 4292 quia

1918 4309 2056 4365 dixit
2094 4327 2108 4364 :
2163 4309 2279 4364 Non
2307 4310 2371 4363 ab
2395 4311 2723 4374 hominibus,
2776 4325 2944 4383 neque
2982 4328 3075 4381 per
3092 4313 3379 4377 hominem,
3411 4314 3502 4366 sed

1921 4417 2011 4473 per
2057 4399 2238 4454 Iesum
2300 4399 2565 4455 Christum
2618 4443 2633 4467 ,
2668 4403 2838 4457 Deum
2881 4418 3009 4457 eum
3071 4403 3453 4458 tantummodo
3486 4444 3500 4465 ,

1926 4509 2033 4548 non
2056 4502 2112 4547 et
2134 4492 2412 4547 hominem
2455 4493 2775 4562 praedicavit
2806 4535 2821 4559 ,
2851 4495 3101 4548 scribens
3121 4493 3328 4549 Galatis
3359 4535 3374 4557 ,
3406 4496 3502 4564 qui

1839 4563 1881 4618 θ
1910 4584 2127 4640 fuerant
2151 4600 2181 4638 a
2210 4547 2523 4639 Judaeordm
2557 4547 3034 4657 pseudoapostolis
3084 4601 3226 4656 pene
3255 4547 3498 4656 decepti,

1904 4673 2180 4743 sapienter
2211 4689 2524 4728 sermonem
2570 4682 2871 4744 temperat,
2902 4683 2963 4728 ut
2990 4691 3091 4730 nec
3141 4676 3312 4730 Deum
3343 4691 3494 4730 mor-

1906 4772 2062 4817 tuum
2093 4779 2123 4817 a
2156 4764 2267 4817 Deo
2293 4764 2454 4818 Patre
2471 4765 2857 4820 resuscitatum
2911 4766 3201 4822 audientes
3264 4768 3500 4822 scanda-

1910 4853 2231 4919 lizarentur,
2262 4853 2403 4908 duos
2445 4854 2549 4908 sibi
2573 4854 2707 4909 deos
2757 4855 3092 4911 aestimantes
3117 4858 3187 4912 ab
3241 4857 3504 4928 Apostolo

1916 4943 2203 5013 [medicari
2223 4983 2237 5003 ,
2256 4958 2357 4996 nec
2375 4959 2570 5012 purum
2596 4945 2874 5001 hominem
2897 4947 3189 5003 crederent
3218 4947 3502 5004 Christum

1922 5051 1951 5088 a
1984 5034 2217 5087 mortuis
2237 5033 2556 5088 suscitatum
2579 5073 2593 5087 .

2428 5235 2434 5243 ,
2527 5203 2533 5207 -
2568 5172 2717 5229 CAP.
2739 5128 2893 5227 ~xux.

1999 5283 2063 5337 N.
2089 5281 2225 5337 Cum
2252 5283 2403 5336 velut
2438 5283 2661 5353 impiam
2685 5292 2743 5339 et
2773 5284 3098 5340 Arianorum
3145 5285 3506 5356 hlasphemiis

1921 5373 2308 5442 coaequa'ndam
2342 5374 2701 5430 assertionem
2738 5391 2916 5431 meam
2976 5393 3172 5450 arguas
3197 5417 3212 5441 ,
3240 5378 3369 5448 quia
3391 5377 3505 5432 disi

1914 5472 2226 5516 crmtnra'n
2281 5460 2565 5518 Christu-n
2626 5505 2641 5530 ,
2691 5467 2788 5534 qui
2847 5481 2947 5535 pro
3024 5465 3232 5522 nostris
3301 5481 3503 5538 pecca-

1924 5552 1996 5605 tis
2029 5561 2113 5606 est
2138 5562 2394 5608 mortuus
2417 5595 2431 5617 ,
2464 5554 2594 5625 quia
2625 5556 2807 5611 omnis
2840 5558 3032 5626 utique
3064 5565 3323 5613 creatura
3355 5573 3506 5613 mor-

1927 5641 2088 5699 talis,
2151 5640 2459 5698 immortale
2517 5652 2702 5699 autem
2736 5643 3005 5715 estquod
3059 5643 3368 5701 increatum
3418 5653 3506 5702 est

1872 5796 1915 5827 "'
1945 5795 2126 5851 Galil.
2157 5794 2279 5861 1,1.
