4200 6426
697 414 789 479 lSl

1959 409 2276 469 JOANNIS
2316 412 2694 474 MAXENTII

3863 415 3970 482 152

688 543 744 588 et
774 528 1203 602 quaternitatcm
1236 528 1537 601 pradiearc
1573 542 1642 582 nc
1687 527 1930 581 restitues
1959 565 1974 589 ,
2005 541 2074 580 eo
2133 525 2281 594 quod
2314 530 2360 586 Α
2393 531 2444 583 in
2481 547 2734 595 numero,
2766 549 2874 588 non
2910 534 3097 589 solum.
3123 534 3427 590 secundum
3461 549 3744 604 personas,
3771 548 3967 588 verum

688 624 804 679 dixi
854 624 1114 680 eumdem
1166 622 1449 679 Chriswm
1481 636 1511 674 a
1536 629 1650 674 tota
1675 618 1947 674 Trinitate
1983 624 2233 671 creatum
2259 657 2275 680 ,

686 725 745 771 et
767 715 1056 770 amortuis
1098 713 1486 771 resuscitatum
1522 728 1536 764 :
1573 718 1630 765 tu
1666 711 1893 765 omnino
1937 709 2090 778 juxta
2116 706 2278 762 Aria-

686 822 791 863 nos
809 806 1148 862 llomousion
1170 804 1419 860 dividere
1439 844 1454 867 ,
1483 810 1541 858 et
1578 801 2005 873 quaternitatcm
2028 814 2130 869 pro
2154 797 2279 855 Tri-

687 899 859 955 nitate
893 897 1195 970 praedicare
1217 910 1280 952 es
1307 895 1706 966 deprehensus.

758 990 822 1047 C.
853 989 1179 1060 Quanquam
1230 988 1486 1059 imperite
1513 986 1680 1041 nimis
1711 999 1934 1041 omnem
1962 989 2278 1038 creaturam

688 1083 979 1137 mortalem
1008 1095 1131 1136 esse
1164 1079 1396 1137 deﬁnias
1421 1118 1435 1141 ,
1462 1077 1558 1132 ubi
1591 1086 1776 1134 tamen
1820 1091 1906 1130 me
1939 1073 2281 1128 llomousion

688 1171 961 1233 dividere,
998 1180 1095 1226 aut
1133 1168 1561 1240 quaternitatem
1591 1182 1693 1237 pro
1750 1165 2057 1221 Trinitatc'
2081 1163 2281 1233 pradi-

688 1278 818 1323 Care
851 1264 1109 1335 coarguis
1135 1263 1160 1316 τ

761 1356 830 1410 Ν.
860 1357 920 1410 In
948 1370 1016 1409 eo
1043 1369 1169 1408 cum
1202 1352 1344 1407 dicis
1373 1367 1543 1406 unum
1574 1368 1643 1405 ex
1668 1350 1963 1408 Trinitate.

761 1448 823 1501 C.
851 1448 992 1501 Doce
1016 1461 1395 1517 ergouquarso.
1426 1442 1894 1513 quemadmodum
1919 1443 2036 1497 haec
2067 1442 2279 1507 dicens,

693 1539 1020 1593 divismnem
1054 1538 1222 1607 inger:
1248 1555 1297 1591 lt‘.
1333 1536 1607 1591 Tz‘inzfali.
1639 1535 1728 1588 v--l
1759 1534 2189 1604 quaternitatetn
2224 1534 2280 1588 in

694 1630 1085 1701 pnedicatioiie
1113 1628 1401 1686 Trinitatis
1434 1628 1710 1682 inducam.

763 1721 823 1774 Ν.
860 1720 1056 1775 Omnia
1096 1735 1219 1789 quae
1255 1719 1446 1773 insunt
1505 1725 1663 1781 actis,
1690 1714 1800 1771 "il'e
1840 1724 1909 1771 tis
1949 1716 2131 1772 inesse
2166 1731 2280 1770 non

694 1818 943 1879 possunt.
977 1808 1182 1863 Infecta
1227 1822 1362 1863 vero
1401 1813 1487 1863 est
1529 1806 1621 1861 Tri
1648 1814 1793 1871 ‘itas,
1824 1815 1882 1862 et
1927 1816 1987 1861 ut
2025 1808 2275 1862 omittam

694 1908 912 1964 caetera,
935 1899 1079 1955 inest
1110 1897 1268 1954 factis
1301 1898 1468 1958 etiam
1504 1912 1790 1963 numerus,
1819 1898 1875 1951 in
1908 1912 2142 1952 numero
2174 1912 2276 1952 au-

695 2001 803 2044 tem
834 1990 972 2044 ordo
994 1998 1078 2045 est
1101 1988 1265 2059 primi
1291 1996 1349 2043 et
1372 1988 1622 2049 secundi.
1650 2004 1704 2043 in
1733 1987 1929 2043 ordine
1950 2002 2083 2043 vero
2108 1990 2280 2060 majo-

693 2084 771 2136 vis
793 2082 1135 2151 minorisque
1159 2080 1409 2152 gradatio
1435 2088 1616 2152 potest
1639 2080 1893 2137 accidere
1916 2080 2197 2146 Trinitati,
2222 2091 2279 2138 et

690 2190 755 2229 ea
794 2174 1008 2228 ratione
1038 2189 1146 2244 qua
1180 2173 1233 2228 ei
1270 2189 1377 2237 non
1412 2173 1622 2234 insunt,
1646 2189 1769 2243 qua:
1803 2173 1994 2227 insunt
2021 2188 2274 2237 numero,

688 2283 794 2323 nec
825 2282 1095 2322 numerus
1130 2266 1274 2321 inest
1304 2266 1380 2320 ei.
1405 2264 1756 2335 Quapropter
1789 2282 1899 2320 non
1933 2274 2019 2320 est
2050 2266 2277 2321 omnino

687 2361 911 2415 veritati
942 2374 1268 2430 congruum,
1298 2374 1468 2412 unum
1503 2375 1569 2413 ex
1601 2358 1871 2413 Trinitate
1901 2358 2088 2413 dicere
2116 2357 2279 2413 Chri-

592 2462 595 2467 '
688 2461 860 2515 stum,
883 2452 1013 2523 quia
1042 2468 1229 2515 unum,
1256 2450 1470 2505 numeri
1502 2459 1716 2507 constat
1740 2466 1863 2506 esse
1891 2452 2222 2506 vocabulum
2257 2468 2272 2505 :

688 2555 757 2599 et.
783 2546 913 2614 quia
952 2544 1135 2599 omnis
1174 2557 1441 2599 numerus
1481 2544 1535 2598 in
1577 2543 1850 2599 divisione
1891 2553 1996 2609 est,
2027 2544 2276 2599 dividere

688 2645 776 2690 est
814 2633 1184 2697 llomousion,
1220 2648 1392 2689 unum
1438 2632 1626 2688 dicere
1668 2648 1735 2687 ex
1775 2632 2046 2688 Trinitate
2110 2648 2273 2703 quam

689 2737 911 2784 constat
954 2729 1008 2781 in
1047 2727 1282 2789 unitate,
1318 2742 1429 2780 :“on
1472 2726 1528 2780 iu
1564 2725 1838 2780 divisione
1877 2725 2183 2780 subsistere

759 2820 822 2875 C.
870 2819 1055 2874 Multis
1109 2828 1167 2873 et
1216 2817 1508 2889 superﬂuis
1562 2816 2083 2891 ratiocinationibus
2136 2816 2275 2871 nihil

690 2924 924 2981 prorsus
966 2909 1159 2980 egisti,
1195 2910 1301 2963 nisi
1354 2923 1384 2961 u
1453 2916 1505 2961 te
1546 2920 1667 2975 post
1713 2908 1944 2959 nimium
1993 2905 2271 2961 laborem.

692 2987 1072 3057 Sabellianum
1113 2998 1455 3054 ostenderes.
1490 2997 1583 3067 qui
1621 2997 1767 3052 sicut
1798 3010 1962 3051 unam
1997 3004 2274 3062 natur'm,

692 3094 776 3151 sic
824 3107 990 3149 unam
1041 3101 1098 3148 et
1147 3092 1515 3147 substantiam
1570 3091 1685 3146 sive
1734 3105 2026 3160 personam
2078 3094 2275 3146 asserit

2381 624 2548 677 etiam
2578 625 2886 681 secundum
2916 633 3171 682 naturam
3196 627 3443 680 Trinitas
3468 625 3874 679 numerabitur.
3898 625 3971 679 Et

2381 716 2531 786 quia,
2562 726 2623 772 ut
2652 717 2813 783 dicis,
2839 719 3022 775 omnis
3054 716 3322 774 numerus
3345 719 3399 772 in
3429 718 3764 771 divisionem
3797 715 3971 776 cadit.

2383 825 2412 863 a
2451 817 2501 862 te
2538 809 2745 878 potius.
2778 825 2886 865 non
2923 825 2953 865 a
2987 811 3151 866 nobis
3182 810 3521 866 Homousion
3551 808 3844 869 dividitur.
3872 809 3970 880 qui

2384 914 2556 953 unum
2590 901 2774 955 credis
2805 917 2966 970 posse
2996 902 3080 959 vel
3114 901 3399 956 numerari
3430 902 3518 956 vel
3548 900 3743 956 dividi.
3780 900 3886 955 Sed
3920 901 3972 955 si

2383 1003 2594 1054 unum,
2638 990 2786 1061 quod
2836 992 3142 1061 perfectum
3190 1002 3278 1049 est
3322 1002 3381 1048 et
3428 991 3811 1055 individuum,
3856 1006 3971 1046 non

2382 1088 2567 1148 potest
2606 1080 2661 1135 in
2699 1082 3032 1136 divisionem
3075 1083 3294 1137 numeri
3338 1084 3519 1152 aliqua
3560 1082 3775 1135 ratione
3812 1095 3973 1134 rece-

2381 1169 2550 1231 dere,
2600 1186 2707 1225 non
2763 1170 3067 1227 dividimus
3117 1171 3457 1227 llomousion
3505 1187 3633 1226 eum
3682 1172 3970 1226 Christum

2384 1277 2556 1316 unum
2580 1276 2647 1315 ex
2672 1262 2941 1317 Trinitate
2966 1279 3089 1319 esse
3115 1264 3388 1319 veraciter
3410 1265 3758 1317 conﬁtemur.
3780 1262 3974 1332 Neque

2380 1354 2528 1407 enim
2572 1355 2757 1410 omnia
2796 1372 2918 1424 qua:
2955 1334 3322 1411 numerantur
3353 1357 3520 1411 etiam
3557 1356 3725 1418 rebus
3759 1355 3975 1424 pariter
4018 1395 4023 1399 .

2380 1443 2731 1510 dividuntur,
2757 1446 3014 1516 quamvis
3042 1448 3231 1502 omnia
3265 1461 3390 1518 quae
3420 1446 3749 1501 dividuntur
3776 1446 3969 1508 rebus,

2382 1535 2545 1591 simul
2585 1537 2754 1592 etiam
2796 1547 3179 1594 numerentur.
3213 1538 3584 1594 Numeramus
3620 1537 3806 1600 enim,
3840 1551 3970 1593 cum

2380 1626 2620 1682 dicimus
2658 1628 2797 1684 duas
2833 1627 3105 1685 emeacias
3140 1629 3275 1696 soli,
3313 1628 3665 1700 splendorem
3708 1628 3973 1683 videlicet

2379 1726 2437 1772 et
2458 1720 2722 1778 calorem.
2751 1736 2851 1774 nec
2882 1731 3064 1776 tamen
3089 1736 3184 1776 eas
3208 1720 3533 1784 dividimus,
3563 1720 3692 1790 quia
3725 1728 3971 1773 tantum-

2380 1807 2545 1861 modo
2587 1823 2683 1862 ρας
2729 1810 3041 1879 cognitione
3085 1811 3447 1881 percipimus.
3492 1810 3760 1866 Similiter
3800 1812 3969 1863 etiam

2381 1914 2759 1961 numeramus,
2788 1916 2914 1956 cum
2947 1902 3186 1959 dicimus
3215 1902 3503 1961 Christum
3539 1903 3829 1957 Dominum
3865 1916 3971 1955 no-

2378 1997 2554 2045 strum
2586 1992 2643 2046 in
2668 1992 2887 2048 duabus
2911 1995 3127 2049 naturis
3155 1994 3349 2059 unitis,
3374 1995 3470 2050 sed
3504 2011 3613 2049 non
3643 1994 3768 2049 ideo
3800 1994 3972 2048 rebus

2379 2080 2601 2136 easdem
2626 2090 2854 2137 naturas
2875 2083 3203 2149 dividimus,
3224 2101 3364 2154 quas
3391 2082 3507 2139 sola
3536 2094 3749 2140 tantum
3778 2084 3972 2153 cogni-

2381 2173 2530 2228 tione
2574 2172 2964 2230 discernimus.
3008 2176 3339 2232 Triuitatem
3393 2185 3614 2240 autem,
3657 2176 3803 2231 sicut
3854 2176 3970 2245 iam

2378 2267 2635 2336 superius
2665 2266 2875 2324 dictum
2903 2277 3010 2332 est,
3041 2269 3349 2324 secundum
3382 2283 3646 2338 personas
3672 2275 3728 2321 et
3756 2267 3974 2321 discer-

2378 2356 2563 2410 nimus
2584 2366 2640 2412 et
2662 2344 3040 2421 numeramus,
3061 2374 3225 2428 quam
3258 2367 3441 2413 tamen
3469 2358 3777 2413 secundum
3805 2366 3938 2412 natu
3957 2387 3974 2398 -

2381 2464 2533 2510 ram,
2565 2465 2689 2517 qua:
2736 2465 2844 2518 una
2894 2460 2951 2505 et
2993 2450 3110 2504 sola
3153 2459 3268 2514 est,
3301 2465 3407 2506 nec
3450 2449 3819 2505 discernimus
3865 2464 3971 2502 nec

2379 2556 2737 2595 numeramus
2788 2562 2800 2594 :
2851 2542 2981 2610 quia
3035 2542 3221 2596 unitas
3268 2543 3385 2596 sive
3434 2541 3821 2610 singularitas,
3868 2556 3970 2599 seu

2379 2640 2531 2687 Certe
2574 2633 2743 2701 (quod
2780 2634 2982 2688 melius
3011 2631 3126 2688 dici
3163 2634 3317 2701 puto)
3352 2632 3831 2686 uniodivinitatis
3867 2647 3975 2686 nec

2378 2724 2739 2786 discernitur,
2770 2740 2875 2779 nec
2915 2732 3262 2780 numeratur.
3297 2724 3511 2779 Dicitur
3546 2740 3677 2791 ergo
3717 2722 3977 2778 Christus

2379 2833 2525 2871 unus
2567 2833 2636 2872 ex
2687 2816 2990 2879 Trinitate,
3024 2826 3083 2871 et
3124 2832 3237 2871 non
3283 2816 3553 2871 dividitur
3599 2815 3973 2876 llomousion.

2338 2966 2346 2977 ,
2378 2910 2507 2978 quia
2545 2925 2655 2962 non
2694 2907 2999 2962 secundum
3038 2907 3092 2961 id
3137 2906 3284 2977 quod
3326 2914 3652 2961 numeratur
3689 2905 3973 2967 Trinitas,

2380 3002 2473 3049 seu
2506 2998 2813 3054 secundum
2842 2998 2895 3052 id
2922 3014 3035 3068 quo
3061 3006 3388 3052 numeratur
3413 3012 3557 3051 unus
3582 3012 3649 3051 ex
3674 2996 3974 3060 Trinitate,

2378 3090 2638 3145 Christus
2686 3090 2976 3145 asseritur.
3014 3090 3332 3159 Praecipue,
3364 3089 3496 3158 quia
3541 3104 3712 3141 unum
3761 3104 3975 3157 nequa:

694 3186 1004 3241 Trinitatis.
1030 3185 1123 3241 Sic
1150 3186 1323 3249 enim,
1347 3192 1407 3238 ut
1437 3193 1496 3237 tn
1528 3183 1629 3243 vis.
1657 3183 1712 3237 in
1744 3183 1893 3237 nulla
1919 3190 2077 3252 parte
2099 3183 2278 3237 aderit
2307 3198 2349 3252 α
2382 3197 2546 3251 quam
2569 3223 2582 3242 .
2624 3188 2687 3234 ut
2734 3180 2946 3236 dictum
2997 3188 3113 3243 est,
3159 3189 3450 3249 reputetur
3499 3179 3554 3232 in
3608 3194 3872 3239 numero.
3916 3187 3978 3233 et

694 3294 963 3334 numerus
987 3276 1299 3340 Trinitatis,
1330 3291 1438 3330 non
1466 3276 1578 3345 jam
1611 3273 1878 3338 Trinitas,
1909 3272 2007 3328 sed
2039 3282 2281 3329 tantum-

696 3370 861 3424 modo
903 3369 1037 3424 unio
1081 3376 1198 3423 tota
1242 3366 1548 3422 secundum
1590 3374 1765 3419 totum
1807 3374 1892 3419 est
1934 3381 1947 3417 :
1985 3371 2043 3418 et
2078 3365 2125 3419 si
2167 3372 2279 3419 tota

695 3461 1003 3517 secundum
1040 3468 1215 3515 totum
1251 3459 1384 3513 unio
1414 3467 1520 3515 est,
1553 3455 1833 3526 quomodo
1863 3454 2140 3510 Trinitas?
2171 3455 2278 3509 nisi

695 3558 837 3609 forte
879 3553 1201 3606 nominibus
1228 3560 1484 3611 tantum,
1521 3560 1578 3603 et
1623 3565 1730 3602 non
1774 3547 2129 3610 substantiis,
2164 3546 2280 3601 sive

694 3638 1486 3710 personis.Tiinitatem,jnsta
1515 3636 1995 3699 Sabellium,sicul
2023 3636 2281 3707 superius

694 3733 903 3785 dictum
949 3739 1064 3793 est,
1105 3729 1271 3801 558
1314 3737 1370 3782 et
1417 3728 1646 3783 Paulum
1696 3727 2112 3782 Samosatenum
2158 3743 2279 3782 esse

695 3820 1006 3875 contendis.
1040 3820 1151 3875 Aut
1181 3819 1227 3873 si
1266 3818 1433 3874 rebus
1465 3826 1522 3871 et
1558 3816 1882 3871 substantiis
1914 3816 2108 3872 fateris
2144 3816 2278 3870 sub-

696 3912 894 3965 sistere
934 3911 1294 3974 Trinitatem,
1334 3917 1388 3962 et
1432 3909 1600 3962 alium
1643 3907 1784 3961 dicis
1825 3908 2071 3971 Patrem,
2112 3908 2278 3962 alium

696 4002 924 4065 Filium,
957 4001 1125 4055 alium
1168 4008 1351 4054 autem
1392 3998 1657 4068 Spiritum
1698 4005 1972 4062 sanctum,
2001 3997 2280 4067 quomodo

696 4087 943 4147 Trinitas
991 4107 1099 4146 non
1154 4089 1519 4146 numeratur?
1564 4103 1691 4148 nam
1738 4089 1845 4143 hoc
1896 4088 2076 4159 ipsum
2130 4089 2279 4158 quod

696 4184 942 4238 Trinitas
1014 4183 1223 4238 dicitur
1263 4222 1278 4244 ,
1334 4180 1555 4236 nonnisi
1627 4195 1920 4235 numerum
1985 4180 2277 4249 signiﬁcat.

694 4274 1031 4328 Numeratur
1063 4287 1195 4343 ergo
1225 4271 1500 4335 Trinitas,
1526 4279 1583 4325 et
1615 4286 1725 4325 non
1761 4279 2087 4325 numeratur
2120 4288 2133 4323 :
2168 4287 2279 4324 non

698 4375 1022 4421 numeratur
1042 4364 1349 4421 secundum
1375 4373 1652 4429 naturam,
1674 4364 1802 4434 quia
1827 4364 1895 4419 de
1921 4380 1984 4419 ea
2012 4366 2280 4435 scriptum

697 4468 782 4511 est
814 4475 827 4487 ·
867 4456 934 4512 Et
962 4456 1237 4526 sapientia:
1269 4457 1381 4526 ejus
1412 4473 1516 4509 non
1548 4466 1623 4510 est
1651 4472 1900 4510 numerus
1922 4455 1987 4520 ",
2014 4471 2284 4511 numerus

2386 3273 2573 3328 omnia
2619 3289 2741 3344 qua:
2786 3273 3072 3328 intellectu
3125 3280 3527 3334 numerantur,
3558 3287 3668 3325 non
3717 3271 3980 3340 protinus

2388 3368 2555 3422 rebus
2601 3367 2769 3421 etiam
2813 3365 3163 3420 dividuntur.
3198 3363 3338 3419 Hinc
3379 3374 3436 3418 et
3480 3364 3683 3418 Paulus
3729 3380 3742 3417 :
3794 3362 3976 3425 Unus,

2388 3457 2587 3526 inquit,
2615 3455 2755 3509 Deus
2789 3455 2975 3520 Pater,
3003 3470 3068 3509 ea:
3100 3471 3203 3525 quo
3232 3456 3435 3517 omnia,
3463 3462 3512 3507 et
3545 3470 3680 3508 unus
3716 3452 3979 3508 Dominus

2388 3556 2566 3602 noster
2584 3546 2739 3600 Iesus
2765 3544 3023 3607 Christus,
3047 3562 3139 3616 per
3160 3561 3315 3614 quem
3341 3546 3522 3599 omnia
3538 3544 3604 3597 ⁸³.
3626 3543 3980 3613 Quapropter

2389 3648 2497 3695 tam
2541 3639 2755 3693 ratione
2797 3653 2962 3707 quam
3003 3637 3091 3691 bis
3128 3637 3335 3691 divinis
3372 3635 3708 3690 testimoniis
3742 3650 3881 3688 vana
3920 3643 3979 3690 et

2387 3731 2569 3786 inanis
2605 3730 2839 3784 docetur
2872 3729 2962 3784 illa
3007 3740 3099 3784 tua
3142 3728 3333 3783 multis
3372 3727 3707 3798 syllogismis
3745 3728 3978 3782 collecta

2387 3823 2669 3877 conclusio
2691 3862 2704 3881 ,
2730 3837 2853 3890 qua:
2884 3820 3024 3875 dicit
3066 3836 3174 3873 non
3212 3819 3512 3874 convenire
3547 3817 3765 3872 veritati
3802 3834 3980 3872 unum

2386 3929 2452 3968 ex
2480 3911 2751 3967 Trinitate
2781 3910 2966 3965 dicere
2996 3910 3280 3964 Christum
3319 3927 3332 3961 :
3371 3910 3503 3977 quia
3534 3924 3727 3970 unum,
3753 3909 3976 3962 numeri

2387 4005 2672 4075 proprium
2709 4013 2815 4067 est,
2850 4017 3115 4057 numerus
3150 4012 3334 4057 autem
3374 4002 3556 4055 omnis
3601 4002 3656 4055 in
3701 4000 3979 4055 divisione

2385 4107 2489 4154 est.

3022 4185 3175 4241 CAP.
3216 4185 3337 4240 XX.

2457 4282 2523 4336 Ν.
2546 4279 2827 4349 Quidquid
2857 4294 2924 4333 ex
2953 4278 3140 4346 aliquo
3164 4291 3288 4331 esse
3313 4276 3543 4337 dicitur,
3567 4284 3664 4330 aut
3691 4291 3788 4347 per
3814 4293 3983 4347 gene—

2390 4373 2693 4436 rationem,
2727 4377 2824 4425 aut
2854 4385 2953 4439 per
2984 4369 3427 4437 processionem,
3461 4370 3701 4423 alterum
3734 4369 3983 4423 ostendit

2388 4478 2457 4517 ex
2495 4462 2673 4517 altero
2716 4479 2729 4515 :
2778 4477 2876 4531 per
2913 4462 3355 4530 generationem,
3394 4470 3457 4515 ut
3498 4476 3528 4514 a
3573 4460 3736 4515 Patre
3772 4460 3978 4521 Filius,

699 4562 880 4604 autem
912 4548 1218 4604 secundum
1254 4563 1522 4618 personas
1576 4548 1708 4618 quia
1738 4555 1851 4603 tres
1885 4560 2134 4616 personae
2163 4547 2269 4601 Tri-
2318 4551 2359 4606 D
2389 4551 2534 4605 Deus
2563 4551 2713 4604 enim
2747 4565 2815 4603 ex
2848 4550 2959 4603 Deo
2985 4549 3194 4603 dicitur
3224 4567 3236 4599 :
3274 4564 3373 4617 per
3400 4550 3814 4617 processionem
3849 4564 3982 4603 vero

702 4644 870 4697 nitas.
897 4641 1058 4696 Pater
1084 4650 1140 4696 et
1165 4641 1336 4697 Filius
1364 4650 1420 4695 et
1448 4640 1691 4710 Spiritus
1721 4649 1959 4695 sanctus.
1990 4640 2138 4710 Ergo
2178 4656 2282 4694 non

701 4733 879 4786 solum
906 4732 1203 4802 singularis
1226 4746 1492 4787 numerus
1515 4732 1563 4782 Er;
1590 4729 1881 4785 Trinitate.
1903 4745 2093 4785 verum
2116 4730 2283 4784 etiam

703 4822 933 4890 pluralis
954 4821 1289 4883 admittitur,
1310 4820 1441 4877 licet
1463 4835 1571 4876 non
1598 4820 1783 4874 omnia
1812 4819 2029 4875 admitti
2055 4827 2283 4889 queant,

704 4927 828 4982 qua;
869 4913 1060 4967 insunt
1094 4927 1350 4967 numero.
1384 4909 1702 4968 Secundum
1740 4911 2010 4980 pluralem
2049 4926 2286 4980 namque

704 5017 1000 5057 numerum
1030 5000 1241 5056 dictum
1272 5008 1356 5055 est
1386 5017 1400 5053 :
1436 4999 1712 5053 Faciamus
1746 4999 2011 5054 hominem
2044 4999 2114 5053 ad
2147 5000 2282 5054 ima-

706 5096 883 5165 ginem
927 5103 976 5148 et
1018 5091 1422 5147 similitudinem
1468 5100 1706 5144 nostram
1734 5091 1781 5125 “
1839 5090 1907 5144 Et
1953 5108 1966 5144 :
2016 5090 2289 5145 Veniamus

708 5203 805 5257 ego
843 5193 894 5239 et
931 5184 1113 5246 Pater,
1149 5193 1198 5237 et
1238 5185 1567 5237 mansionem
1601 5182 1746 5252 apud
1784 5198 1902 5235 eum
1947 5182 2200 5251 faciemus
2224 5184 2287 5235 ".

710 5278 779 5336 Et
814 5294 831 5331 :
859 5275 975 5347 Ego
1011 5281 1063 5327 et
1093 5272 1255 5328 Pater
1284 5289 1450 5326 unum
1480 5287 1663 5326 sumus
1687 5271 1753 5335 ",
1778 5285 1949 5325 unum
1983 5271 2290 5326 secundum

712 5379 999 5432 naturam,
1027 5381 1137 5420 non
1174 5364 1481 5420 secundum
1517 5378 1802 5433 personas.
1831 5362 1974 5418 Hinc
2024 5362 2292 5418 docemur

713 5476 885 5521 unum
932 5474 1046 5514 non
1090 5472 1213 5513 esse
1257 5471 1578 5518 numerum.
1615 5455 1868 5525 quamvis
1918 5456 1991 5511 sit
2035 5457 2196 5526 origo
2239 5464 2297 5512 et

710 5549 1050 5637 principium
1087 5545 1341 5611 numeri,
1372 5545 1523 5616 quod
1560 5546 1802 5637 solidum
1836 5560 2055 5616 semper
2088 5546 2293 5604 indiv.-

714 5636 949 5712 sumque
982 5637 1255 5695 subsistit.
1284 5637 1543 5707 Alioquin
1579 5636 1624 5691 si
1663 5651 1832 5691 unum
1859 5651 1888 5690 a
1920 5646 1974 5691 te
2004 5645 2293 5705 reputetur

784 5850 830 5885 ⁸⁵
855 5848 971 5915 Psal
1022 5863 1193 5913 cum,
1220 5848 1250 5901 5
1345 5849 1391 5880 "
1420 5847 1533 5902 Gen
1579 5866 1614 5913 l,
1639 5847 1723 5900 ‘26.
1799 5848 2015 5904 “Joan
2052 5863 2155 5908 stv,
2185 5845 2272 5898 23.

2354 5842 2759 5909 "1930.530.

2391 4642 2647 4696 similiter
2681 4639 2922 4709 Spiritus
2960 4646 3214 4699 sanctus,
3246 4653 3372 4693 nam
3411 4648 3470 4693 et
3501 4638 3571 4692 de
3608 4654 3677 4694 eo
3710 4640 3985 4708 scriptum

2391 4741 2478 4788 est
2524 4754 2529 4759 ·
2574 4733 2683 4785 Nos
2726 4738 2903 4784 autem
2943 4748 3039 4781 ίνύέ
3087 4732 3335 4799 spiritum
3368 4731 3525 4800 hujus
3559 4733 3743 4785 mundi
3774 4734 3982 4800 accepi-

2394 4838 2533 4885 mus,
2556 4822 2647 4875 sed
2675 4822 2921 4891 spiritum
2943 4820 3033 4888 qui
3058 4835 3123 4874 ea:
3146 4818 3256 4873 Deo
3280 4827 3357 4871 est
3377 4818 3443 4871 δι.
3466 4817 3624 4885 Quod
3655 4819 3701 4872 si
3723 4817 3986 4874 Christus

2393 4930 2461 4969 ex
2489 4912 2762 4967 Trinitate
2791 4919 2896 4975 est,
2924 4920 3017 4965 aut
3048 4925 3148 4980 per
3176 4910 3595 4980 generationem
3625 4909 3767 4966 alter
3792 4919 3899 4970 est.
3924 4920 3981 4964 et

2394 5012 2481 5061 est
2505 5004 2650 5058 ﬁlius
2671 5001 2958 5057 Trinitatis
2987 5020 2999 5055 :
3026 5011 3125 5057 aut
3148 5017 3248 5071 per
3268 5002 3686 5072 processionem
3713 5003 3854 5056 alter
3870 5013 3952 5055 est
3968 5046 3980 5062 ,

2397 5097 2556 5167 quasi
2595 5112 2624 5150 a
2666 5096 2941 5149 Trinitate
2986 5092 3315 5163 procedens.
3354 5093 3420 5148 Et
3458 5093 3608 5162 quod
3653 5109 3755 5147 nos
3794 5094 3984 5148 dicere

2378 5188 2640 5257 putatis,
2683 5201 2782 5240 vos
2830 5194 3089 5254 quartum
3144 5192 3204 5239 et
3253 5194 3576 5239 extraneum
3630 5200 3661 5238 a
3711 5184 3979 5239 Trinitate

2395 5275 2676 5332 Christum
2706 5273 3189 5343 deprehendimini
3221 5273 3546 5342 praedicare,
3572 5273 3822 5326 dicentes
3852 5289 3981 5327 eum

2395 5384 2519 5424 esse
2561 5383 2626 5423 ex
2667 5367 2962 5421 Trinitate.
2998 5366 3348 5435 Quapropter
3387 5380 3560 5419 unum
3612 5364 3665 5417 in
3709 5364 3981 5418 Trinitate

2394 5458 2678 5515 Christum
2730 5456 2926 5519 fateri,
2973 5457 3308 5511 catholicum
3360 5454 3583 5525 judico,
3633 5469 3745 5509 non
3794 5462 3983 5507 autem

2398 5562 2569 5602 unum
2613 5562 2678 5598 ex
2718 5544 3007 5598 Trinitate.

2466 5636 2527 5692 C.
2562 5636 2715 5690 Sicut
2759 5651 2856 5704 per
2895 5635 3308 5702 generationem
3349 5639 3404 5688 et
3436 5649 3535 5703 per
3570 5631 3982 5703 processioncm

2846 5842 2925 5895 "‘l
2959 5844 3083 5894 Car.
3115 5858 3220 5900 Vm.
3249 5838 3299 5892 ε.
3376 5837 3469 5888 ’⁸⁸1
3507 5837 3632 5892 Cor.
3661 5850 3720 5895 tt.
3752 5832 3835 5886 η.
