4200 6426
180 353 271 418 153

1468 359 1804 430 DIALOGI,
1849 360 1993 419 LIB.
2035 359 2119 417 II.

3334 357 3433 422 156

173 473 300 523 alter
333 470 658 526 ostenditur
685 489 754 528 ex
788 473 983 533 altero.
1017 471 1089 526 ita
1125 481 1181 526 et
1213 486 1310 541 per
1339 470 1747 540 processioncm
1780 474 1822 525 A
1853 471 2085 538 pulatis,
2119 485 2282 523 unam
2325 484 2417 537 per
2439 483 2612 521 .onam
2653 466 2853 521 Christi
2891 465 3086 520 factam
3121 481 3241 522 esse
3275 482 3447 523 comm

173 562 356 629 procul
402 561 577 615 dubio
626 564 766 618 alter
804 564 1036 618 docetur
1074 579 1137 616 es
1182 565 1388 625 altero,
1422 562 1549 631 quia
1589 571 1643 614 et
1682 562 1750 615 de

173 662 424 706 creatura
467 653 700 720 dicitur,
745 655 931 709 omnia
977 671 1044 709 ex
1094 655 1224 708 Deo.
1267 653 1614 723 Quapropter
1657 654 1754 720 qui

171 742 448 796 Christum
475 759 506 797 a
530 740 805 802 Trinitate
832 753 1081 799 creatum
1111 754 1167 798 et
1193 745 1580 798 resuscitatum
1610 759 1755 796 asse-

175 838 315 891 runt,
349 841 619 898 quartum
655 847 782 886 eum
822 832 1110 888 evidenter
1142 839 1464 887 extraneum
1503 847 1530 884 a
1567 831 1752 884 Trini-

175 929 275 972 L‘lle
301 936 405 988 per
423 924 766 976 creationem
791 932 1057 977 statuunt.
1080 923 1233 988 Quod
1259 923 1389 991 quia
1414 931 1471 976 tu
1502 923 1757 990 superius

173 1023 424 1066 astruere
457 1025 696 1069 conatus
730 1030 810 1076 es,
845 1014 972 1069 ideo
1007 1015 1097 1069 hic
1131 1030 1227 1084 per
1256 1013 1667 1083 generationem
1701 1024 1757 1067 et

173 1106 614 1172 processionem,
644 1108 882 1162 alterum
919 1105 1126 1162 decens
1165 1120 1286 1159 esse
1325 1121 1393 1159 ex
1433 1105 1628 1166 altero,
1661 1121 1757 1173 per

172 1198 513 1251 creationem
538 1198 727 1252 dicere
756 1199 1004 1262 noluisti,
1023 1214 1092 1252 ne
1117 1206 1309 1251 contra
1337 1197 1571 1266 teipsum
1598 1212 1757 1266 agere

173 1288 465 1342 videreris.
504 1287 616 1343 Nos
646 1297 830 1343 autem
862 1304 1041 1358 neque
1072 1304 1170 1360 per
1197 1288 1634 1358 generationem,
1663 1303 1756 1340 ne-

173 1395 275 1445 que
317 1395 421 1448 per
455 1381 893 1448 processionem,
923 1391 1104 1450 neque
1143 1397 1240 1448 per
1273 1381 1631 1441 creationem,
1663 1377 1757 1434 sed

168 1472 677 1538 juxta.numerum,
702 1469 988 1523 Christum
1017 1485 1185 1524 unum
1221 1469 1456 1524 fatemur
1485 1483 1552 1522 cx
1581 1467 1762 1520 Trini-

174 1569 300 1618 tate.
333 1563 485 1614 sicut
518 1561 761 1617 solemus
795 1575 964 1616 unum
996 1561 1299 1630 quemlibet
1329 1577 1397 1614 ex
1429 1559 1646 1613 duobus
1676 1561 1761 1614 vel

175 1653 350 1706 tribus
402 1652 732 1721 pluribusve
779 1653 1095 1720 specialiter
1145 1653 1564 1714 demonstrare,
1607 1652 1760 1719 juxta

173 1760 333 1811 quem
381 1745 612 1798 modum
653 1759 758 1799 nec
797 1744 1094 1798 diminutio
1138 1745 1225 1803 fit.
1263 1759 1366 1798 nec
1405 1752 1760 1812 augmentum

173 1835 289 1900 ejus
326 1834 585 1894 numeri.
621 1849 732 1902 quo
768 1835 1147 1900 unusquilibet
1179 1834 1495 1902 specialiter
1525 1833 1756 1886 demon-

172 1933 397 1975 stra'ur.
453 1923 648 1990 Neque
709 1922 857 1975 enim
917 1923 1228 1976 diminutus
1279 1930 1364 1977 est
1415 1922 1499 1975 vel
1566 1929 1761 1973 auctus

171 2032 437 2068 numerus
468 2017 871 2083 apostolorum.
898 2032 1022 2069 cum
1056 2015 1261 2068 dicitur
1288 2032 1301 2067 :
1343 2012 1489 2067 Unus
1519 2028 1583 2066 ex
1618 2011 1759 2087 pobis

172 2108 341 2159 tradet
386 2122 473 2158 me
497 2108 560 2168 ⁸³.
588 2116 680 2158 aut
719 2107 960 2174 seipsum
997 2106 1238 2162 Joannes
1278 2105 1520 2158 alienum
1563 2102 1692 2156 facit
1730 2116 1760 2154 a

170 2199 492 2261 duodecim,
523 2207 622 2251 aut
655 2197 875 2252 tertium
911 2197 1186 2252 decimum
1224 2195 1440 2264 probat,
1467 2208 1592 2249 cum
1627 2192 1762 2246 dicit

169 2290 235 2344 de
263 2291 454 2358 seipse
483 2307 498 2341 :
530 2289 594 2342 Et
618 2298 732 2342 erat
759 2289 1055 2341 recumbens
1087 2303 1225 2340 unus
1256 2303 1320 2340 ex
1350 2283 1622 2355 discipulis
1647 2284 1761 2352 (jus

170 2384 222 2434 in
251 2384 375 2435 sinu
404 2381 556 2445 Iesu,
590 2396 745 2450 queui
775 2380 1026 2450 diligebat
1061 2379 1352 2448 plurimum
1372 2378 1447 2442 “;
1485 2385 1579 2429 aut
1609 2383 1759 2428 certe

171 2483 534 2543 augmentum
567 2472 662 2533 ibi,
692 2482 786 2527 aut
813 2471 1111 2527 diminutio
1138 2471 1320 2539 aliqua
1347 2469 1484 2520 facta
1515 2474 1601 2519 est
1624 2465 1762 2517 duo-

173 2580 290 2618 rum
325 2564 733 2633 discipulorum
765 2563 1018 2618 euntium
1056 2562 1109 2615 iu
1142 2562 1435 2620 Emmaus,
1461 2573 1588 2612 cum
1617 2556 1762 2610 dici-

175 2667 261 2708 tur
293 2674 307 2707 :
350 2656 418 2709 Et
454 2665 576 2708 erat
614 2672 747 2708 unus
782 2671 845 2708 ex
881 2654 987 2706 illis
1031 2651 1296 2722 Cleoplias
1318 2653 1385 2704 ".
1415 2648 1763 2718 Quapropter

178 2761 354 2814 neque
394 2754 791 2814 augmentum,
830 2759 1009 2812 neque
1043 2741 1340 2796 diminutio
1374 2738 1435 2793 fit
1468 2735 1759 2800 Trinitati,

177 2838 459 2892 Christum
508 2835 698 2890 dicere
741 2851 911 2889 unum
956 2851 1022 2888 ex
1063 2833 1363 2896 Trinitate,
1396 2831 1492 2886 sed
1535 2829 1762 2898 speciali

178 2927 559 2997 assignatione
613 2939 785 2980 unum
832 2942 958 2980 eum
1005 2942 1070 2978 ex
1121 2925 1392 2997 Trinitate
1439 2937 1560 2976 esse
1605 2935 1763 2973 mon-

178 3030 449 3082 strantes,
485 3028 543 3074 et
583 3034 681 3072 eos
718 3019 814 3087 qui
856 3017 1237 3071 confusionem
1279 3013 1762 3070 subsistentiarum

184 3112 514 3181 puedicant,
547 3111 872 3179 abjicimus,
904 3121 959 3164 et
999 3126 1096 3164 eos
1136 3110 1229 3178 qui
1272 3124 1399 3163 eum
1441 3117 1763 3162 extraneum

182 3203 415 3256 credunt
460 3217 528 3254 ex
567 3200 870 3262 Trinitate,
903 3200 1112 3252 aiienos
1155 3216 1183 3250 a
1225 3198 1494 3253 catholica
1538 3195 1766 3249 veritate

182 3294 534 3347 declaramus
561 3311 575 3344 :
605 3293 750 3363 quod
781 3292 909 3360 quia
943 3302 998 3344 tu
1025 3292 1244 3345 veritati
1273 3289 1614 3345 contrarium
1644 3303 1765 3342 esse

180 3385 427 3453 jadicas,
473 3393 569 3437 aut
619 3383 1053 3437 substantiarum
1105 3381 1485 3436 confusionem
1538 3380 1766 3434 credere

185 3474 644 3544 deprehenderis,
667 3485 764 3526 aut
790 3482 1108 3527 extraneum
1138 3489 1165 3525 a
1193 3473 1463 3526 Trinitate
1484 3470 1766 3526 Christum

187 3582 409 3634 prorsus
450 3564 733 3633 intelligis.
763 3565 940 3619 Unum
975 3574 1155 3616 autem
1196 3562 1248 3614 in
1280 3560 1549 3615 Trinitate
1581 3563 1766 3615 dicere

185 3659 496 3718 Christum,
533 3665 590 3711 et
635 3651 805 3709 unum
857 3671 983 3708 eum
1034 3671 1098 3707 ex
1143 3653 1412 3706 Trinitate
1459 3652 1764 3722 denegare,

187 3766 288 3802 non
327 3749 773 3809 Catholicorum,
803 3754 863 3798 nt
897 3746 1120 3805 asscris,
1146 3744 1240 3798 sed
1275 3745 1494 3798 illorum
1530 3754 1614 3798 est
1640 3761 1767 3813 pro-

187 3844 394 3910 piium,
423 3841 520 3910 qui
573 3840 852 3893 Christum
887 3853 916 3890 a
948 3837 1219 3890 Trinitate
1257 3846 1504 3890 creatum
1543 3836 1615 3890 ita
1647 3853 1768 3890 esse

185 3935 420 3987 credunt
458 3932 512 3984 in
551 3928 842 3990 Trinitate,
874 3936 936 3980 ut
974 3943 1085 3981 non
1126 3927 1198 3982 sit
1236 3925 1304 3979 de
1341 3926 1634 3986 Trinitate,
1665 3926 1769 3978 hoc

184 4037 287 4086 est,
323 4040 435 4078 non
463 4037 592 4077 eum
620 4019 926 4074 secundum
951 4034 1098 4080 esse,
1123 4017 1220 4071 sed
1251 4018 1555 4072 secundum
1591 4018 1768 4071 inesse

185 4122 547 4182 cognoscant.
581 4111 735 4166 Sicut
771 4121 829 4166 et
868 4111 1251 4179 unusquisque
1297 4118 1547 4162 nostrum
1591 4118 1674 4162 cst
1716 4110 1768 4161 in

185 4209 488 4268 Trinitate,
520 4205 650 4274 quia
698 4219 842 4258 unus
883 4211 968 4257 est
1012 4202 1188 4264 Deus,
1217 4201 1273 4254 in
1317 4218 1418 4270 quo
1460 4202 1680 4254 vivimus
1723 4209 1770 4252 et

190 4314 459 4351 moremur
489 4304 541 4348 et
570 4312 750 4349 sumus
772 4294 850 4360 l';
880 4295 964 4348 vel
1001 4301 1154 4348 certe
1184 4293 1330 4345 sicut
1357 4292 1584 4353 dicitur,
1613 4292 1772 4345 Pater

190 4390 241 4441 in
272 4389 442 4449 Filio,
471 4386 612 4439 alter
635 4384 868 4438 docetur
894 4385 947 4438 in
978 4385 1156 4438 altero
1185 4400 1196 4434 :
1232 4383 1304 4436 ita
1336 4398 1460 4435 cum
1487 4398 1608 4435 esse
1638 4383 1772 4435 dici-

1855 572 2192 624 memorant,
2227 562 2479 615 dicentes
2519 559 2798 616 Christum
2840 573 3004 611 unam
3045 572 3115 611 ex
3159 557 3432 615 Trinitate

1856 669 2166 721 personam,
2200 669 2368 708 unum
2401 653 2680 707 Christum
2714 667 2778 704 es
2807 650 3077 704 Trinitate
3109 648 3268 703 fateri
3305 650 3429 704 nul~

1857 745 2072 797 latcnus
2108 746 2485 812 acquiescant,
2519 760 2585 796 ex
2617 742 2822 812 quibus
2858 753 2908 796 te
2943 757 3112 797 unum
3147 753 3269 794 esse
3305 756 3432 809 pro-

1857 834 1981 897 bas,
2009 834 2139 904 quia
2173 851 2336 888 unam
2368 845 2657 902 personam
2687 832 2968 886 Christum
2997 832 3190 887 dicens
3216 847 3283 886 ex
3309 831 3433 885 Tri-

1857 928 2063 988 nitate,
2113 941 2282 980 unnm
2329 942 2455 979 eum
2500 926 2685 980 dicere
2728 941 2793 980 ex
2845 922 3118 979 Trinitate
3169 923 3432 978 declinas.

1857 1018 1993 1083 Quis
2032 1018 2181 1073 enim
2222 1025 2331 1071 tam
2376 1017 2582 1071 stultus
2624 1026 2680 1070 et
2719 1032 2913 1072 vecors
2951 1026 3058 1076 est.
3089 1016 3184 1085 qui
3226 1016 3376 1073 dicat
3420 1034 3434 1070 :

1858 1110 2055 1162 Petrus
2086 1125 2150 1162 ex
2186 1109 2504 1162 hominibus
2538 1123 2644 1160 una
2680 1122 2913 1176 persona
2947 1119 3051 1171 est,
3082 1122 3193 1162 non
3222 1115 3310 1162 est
3338 1123 3437 1161 au-

1863 1211 1968 1252 tem
2005 1217 2147 1255 unus
2178 1216 2243 1254 ex
2271 1200 2591 1254 hominibus
2619 1199 2845 1253 Petrus?
2875 1197 3222 1269 Quapropter
3244 1197 3439 1253 catho-

1862 1291 1966 1348 lica
1997 1297 2078 1345 est
2106 1291 2374 1355 definitio,
2403 1292 2574 1347 Deum
2607 1291 2840 1343 \‘erhum
2874 1290 3163 1344 Dominum
3191 1296 3441 1343 nostrum

1860 1385 2139 1438 Christum
2167 1398 2290 1436 cum
2321 1382 2542 1452 prepria
2569 1396 2757 1442 carne,
2786 1395 2954 1434 unum
2981 1379 3141 1436 fateri
3170 1393 3236 1432 ex
3261 1377 3445 1433 Trini-

1865 1484 1994 1534 tate.
2022 1472 2151 1528 licet
2177 1487 2287 1527 non
2320 1475 2392 1528 sit
2443 1471 2747 1527 secundum
2781 1483 3004 1527 carnem
3035 1470 3106 1524 de
3133 1468 3439 1523 substantia

1865 1563 2172 1620 Trinitatis.

1936 1657 1999 1708 N.
2034 1655 2324 1723 Nunquam
2370 1668 2473 1723 ego
2515 1652 2796 1706 Christum
2845 1668 3016 1706 unum
3059 1667 3124 1705 ex
3171 1650 3440 1704 Trinitate

1866 1747 2162 1805 confiteor.
2203 1745 2331 1813 quia
2378 1745 2432 1797 in
2485 1745 2634 1797 nulla
2685 1744 2791 1797 hoc
2837 1743 3124 1811 Scriptura
3177 1743 3442 1796 canonica

1863 1843 2082 1910 legitur.
2115 1838 2435 1907 Exemplum
2463 1846 2647 1889 autem
2682 1834 2814 1888 illud
2843 1835 2991 1904 quod
3020 1835 3088 1888 de.
3117 1830 3281 1889 Petro
3313 1843 3444 1901 pro-

1864 1933 2006 1986 ferre
2037 1929 2279 1992 voluisti.
2308 1927 2446 1982 nihil
2479 1925 2546 1980 ad
2583 1939 2805 1979 causam
2839 1925 3120 1995 pertinere
3155 1926 3444 1993 cognosci-

1866 2031 1976 2077 tur.
1999 2022 2127 2089 quia
2167 2018 2361 2087 singuli
2401 2018 2606 2085 quique
2645 2016 2898 2071 homines
2933 2015 3004 2070 ab
3043 2015 3277 2070 invicem
3317 2023 3448 2068 sunt

1863 2112 2025 2166 divisi
2065 2130 2078 2163 :
2117 2109 2262 2179 quod
2299 2107 2366 2162 de
2399 2107 2487 2160 illa
2521 2105 2804 2160 individua
2839 2115 2893 2160 et
2928 2105 3283 2174 inseparabili
3320 2105 3447 2158 Tri-

1866 2204 2034 2255 nitate
2072 2201 2299 2254 credere
2336 2197 2564 2251 omnino
2602 2196 2829 2262 impium
2870 2195 3280 2264 comprobatur.
3308 2193 3448 2248 illud

1864 2302 2046 2345 autem
2097 2291 2379 2344 fatendum
2429 2300 2542 2354 est,
2585 2290 2717 2358 quia
2767 2289 2887 2343 sine
2937 2287 3162 2343 Christo
3207 2285 3450 2340 Trinitas

1865 2401 1973 2438 non
2016 2393 2119 2438 est.

2473 2494 2624 2549 CAP.
2669 2493 2836 2552 XXII.

1933 2588 1993 2643 C.
2024 2589 2080 2643 Si
2115 2603 2398 2658 nunquam
2433 2587 2536 2642 nisi
2565 2585 2713 2656 quod
2745 2590 2801 2640 In
2831 2585 3138 2655 Scripturis
3166 2583 3451 2637 canonicis

1865 2681 2201 2742 continetur,
2234 2689 2286 2734 te
2321 2679 2504 2733 dicere
2575 2676 2924 2746 protestaris,
2959 2675 3184 2731 ubinam
3224 2675 3278 2728 in
3318 2674 3450 2743 ipsis

1864 2771 2071 2839 legisti.
2099 2784 2267 2824 unum
2297 2770 2350 2824 in
2379 2769 2651 2823 Trinitate
2677 2767 2980 2830 Christum,
3006 2773 3102 2820 aut
3135 2779 3298 2818 unam
3327 2780 3454 2834 per-

1865 2878 2054 2917 sonam
2081 2877 2146 2918 ex
2173 2859 2467 2922 Trinitate,
2487 2860 2574 2914 vel
2599 2868 2773 2920 certe,
2797 2857 2950 2926 quod
2973 2870 3086 2913 non
3112 2857 3186 2910 sit
3208 2855 3454 2910 Trinitas

1864 2955 1985 3007 sine
2013 2952 2269 3007 Christo?
2290 2951 2446 3018 Quod
2483 2966 2609 3005 cum
2640 2949 2866 3010 dicitur,
2891 2947 3018 3016 quis
3045 2962 3152 3001 non
3183 2945 3455 3015 intelligat

1865 3046 2294 3114 quaternitatem
2324 3058 2424 3098 eos
2449 3041 2544 3112 qui
2580 3043 2685 3096 hoc
2720 3048 2996 3104 asserunt,
3025 3037 3360 3108 pradicare?
3395 3035 3454 3090 Si

1870 3137 2022 3191 enim
2050 3151 2159 3191 non
2189 3146 2274 3191 est
2299 3133 2545 3191 Trinitas
2578 3136 2697 3190 sine
2729 3131 2975 3198 Christo,
3001 3141 3086 3188 est
3111 3144 3244 3203 ergo
3271 3130 3458 3186 Trini-

1872 3241 1953 3285 tas
1985 3247 2108 3284 cum
2143 3231 2388 3285 Christo.
2413 3231 2550 3285 Nam
2583 3240 2640 3284 et
2671 3245 2798 3284 cum
2837 3241 3172 3300 unoquoque
3202 3236 3451 3282 nostrum

1867 3334 1953 3378 est
1981 3324 2228 3377 Trinitas
2257 3323 2431 3386 Deus,
2455 3323 2550 3392 qui
2585 3337 2698 3378 non
2729 3321 2974 3391 deipso,
2992 3319 3088 3376 sed
3123 3320 3178 3374 in
3211 3319 3330 3388 ipso
3364 3333 3458 3370 su-

1867 3430 2008 3474 mus,
2025 3415 2288 3484 sicutjam
2315 3413 2590 3481 superius,
2612 3412 2872 3481 Apostolo
2898 3409 3452 3480 teste,probavimus.

1867 3505 2110 3571 Quartus
2154 3512 2240 3556 est
2279 3518 2412 3571 ergo
2459 3502 2752 3565 Christus,
2787 3517 2912 3556 cum
2955 3516 3067 3570 quo
3112 3507 3170 3554 et
3210 3497 3458 3552 Trinitas

1870 3595 2032 3648 Pater
2078 3600 2136 3646 et
2182 3589 2356 3646 Filius
2402 3601 2460 3646 et
2508 3592 2750 3660 Spiritus
2797 3598 3042 3645 sanctus.
3077 3583 3282 3644 Verum
3325 3585 3456 3656 quia

1867 3685 2151 3738 Christum
2179 3699 2348 3736 unum
2377 3699 2444 3735 ex
2471 3683 2746 3735 Trinitate
2775 3681 2962 3735 dicere
2989 3678 3211 3734 veritati
3241 3688 3458 3732 contra-

1872 3775 2015 3829 rium
2055 3775 2304 3844 iudicas.
2352 3775 2640 3842 eujusnam
2691 3787 2882 3827 vocem
2931 3771 3078 3825 illam
3120 3783 3241 3824 esse
3287 3767 3456 3828 dicis,

1870 3882 1976 3932 qua
2005 3866 2214 3918 dictum
2259 3872 2344 3919 est
2376 3883 2388 3918 :
2416 3865 2607 3918 Factus
2637 3872 2714 3918 est
2739 3863 2912 3918 Adam
2941 3870 3200 3931 tanquam
3231 3875 3365 3912 unus
3394 3874 3460 3911 ex

1874 3957 2018 4008 uallis
2042 3956 2122 4006 ⁸⁸⁸9

1945 4049 2006 4100 Ν.
2040 4049 2134 4101 Dei
2167 4049 2356 4115 procul
2385 4045 2578 4100 dubio.

1941 4140 2002 4193 C.
2034 4139 2225 4194 Plures
2261 4153 2414 4205 ergo.
2453 4145 2512 4190 et
2550 4151 2660 4190 non
2702 4150 2849 4189 unus
2883 4142 2968 4188 est
2999 4132 3165 4204 559
3201 4132 3368 4192 Deus,
3393 4146 3460 4184 ex

1874 4231 2078 4300 quibus
2104 4245 2248 4282 unus
2273 4228 2409 4282 dicit
2430 4228 2498 4281 ad
2525 4236 2756 4282 exteros
2783 4243 2797 4280 :
2828 4225 3020 4280 Factus
3044 4233 3121 4279 est
3145 4225 3315 4279 Adam
3342 4233 3462 4276 tau-

1875 4339 2037 4394 quam
2057 4338 2194 4375 unus
2223 4337 2286 4374 ea:
2317 4319 2508 4373 nobis?

1947 4414 2012 4467 N.
2043 4413 2163 4467 Non
2189 4419 2319 4466 sunt
2341 4411 2528 4480 plures
2573 4409 2683 4473 dii,
2721 4409 2817 4464 sed
2853 4425 2996 4464 unus
3021 4417 3106 4464 est
3130 4410 3277 4462 Deus
3301 4407 3463 4461 Pater

166 4491 274 4532 tur
302 4477 577 4570 Christus
603 4477 658 4570 in
693 4477 991 4540 Trinitate,
1023 4477 1166 4530 alius
1207 4485 1406 4544 praatcr
1441 4475 1765 4528 Trinitatem
1801 4476 1846 4532 D
1871 4513 1927 4559 et
1955 4503 2126 4559 Filius
2153 4510 2210 4556 et
2233 4475 2476 4570 sphin“
2513 4508 2758 4554 sanctus.

207 4585 364 4626 nesse
401 4567 732 4637 intelligitur
759 4567 1037 4622 Trinitati.

798 4680 949 4734 CAP.
994 4680 1132 4734 XXI.

251 4775 319 4828 Ν.
353 4771 506 4826 Nihil
543 4773 686 4841 quod
721 4782 776 4825 ct
809 4772 904 4825 tibi
943 4772 1199 4841 objiciunt
1240 4773 1487 4827 occurrit
1522 4772 1771 4833 ulterius,

187 4863 287 4916 nisi
322 4863 458 4932 quia
492 4877 602 4916 non
637 4877 806 4914 unum
839 4876 905 4916 ex
933 4860 1227 4925 Trinitate,
1253 4861 1349 4915 sed
1382 4878 1545 4916 unam
1580 4877 1768 4932 perso-

189 4970 308 5007 nam
349 4952 642 5008 Christum
677 4968 742 5006 ex
779 4951 1049 5006 Trinitate
1089 4952 1288 5007 melius
1323 4952 1564 5007 arbitror
1596 4951 1772 5007 confi-

191 5046 307 5106 teri,
332 5044 619 5113 praecipue
645 5043 776 5112 quia
800 5054 914 5097 tres
940 5059 1190 5112 personae
1215 5055 1347 5098 sunt
1371 5044 1679 5099 Trinitatis.

253 5135 320 5192 C.
351 5135 674 5190 Catholicos
717 5150 826 5188 non
871 5136 1006 5191 latet
1033 5151 1063 5189 a
1099 5135 1430 5204 quibusdam
1479 5137 1550 5190 ita
1608 5152 1774 5191 unam

192 5239 490 5293 personam
537 5225 644 5278 dici
693 5222 1007 5290 Christum,
1046 5237 1106 5280 ut
1154 5235 1334 5281 tamen
1386 5243 1496 5282 non
1543 5229 1634 5283 ille
1679 5230 1774 5299 qui

195 5336 288 5387 pro
323 5319 491 5373 nobis
520 5335 685 5372 carne
716 5330 802 5373 est
827 5321 1146 5386 crucifixus,
1175 5338 1279 5376 una
1318 5325 1390 5376 sit
1415 5339 1482 5378 ex
1509 5324 1775 5380 Trinitate

196 5426 453 5479 persona.
484 5410 603 5463 Non
641 5413 789 5464 enim
833 5427 899 5466 es
938 5413 1156 5467 duabus
1196 5415 1409 5468 naturis
1450 5417 1778 5471 naturaliter

197 5502 404 5565 mitis,
449 5516 615 5555 unam
665 5501 902 5557 credunt
940 5503 1142 5557 Christi
1197 5518 1522 5574 personam,
1563 5507 1658 5560 sed
1710 5523 1776 5559 ex

197 5592 414 5647 duabus
447 5593 699 5662 personis
734 5609 834 5663 per
858 5595 1302 5664 conjunctionem
1323 5606 1391 5649 act
1420 5597 1648 5666 gratiam
1682 5613 1775 5650 co-

267 5752 310 5780 "
334 5753 498 5806 Marc.
532 5770 633 5812 xiv,
670 5753 747 5806 18.
824 5754 1042 5809 ⁸⁸10311
1077 5772 1183 5822 xm,
1209 5757 1295 5809 25.
1373 5757 1421 5790 δ’
1444 5756 1577 5814 Luc.
1603 5775 1747 5824 xxiv,

1935 5759 1986 5789 "
2009 5760 2102 5813 Act
2121 5796 2132 5809 .
2162 5772 2287 5823 xvn,
2312 5755 2396 5809 28.

1941 4593 2002 4647 C.
2030 4591 2172 4659 Quid
2202 4606 2334 4663 ergo
2361 4591 2526 4661 hujus
2577 4591 2696 4654 Dei,
2729 4589 2823 4660 qui
2871 4597 2957 4644 est
2990 4589 3150 4643 Pater
3193 4597 3248 4645 et
3295 4588 3468 4641 Filius

1872 4695 1928 4739 et
1962 4684 2201 4754 Spiritus
2219 4728 2232 4738 .
2251 4689 2498 4743 sanctus,
2533 4697 2723 4736 vocem
2743 4681 2890 4734 illam
2913 4695 3034 4735 esse
3061 4679 3381 4748 profiteris?
3407 4688 3461 4730 et

1868 4779 1916 4832 si
1949 4778 2112 4846 hujus
2133 4775 2231 4828 Dei
2263 4790 2364 4827 vox
2412 4776 2502 4828 illa
2541 4784 2620 4829 est
2652 4814 2666 4837 ,
2709 4773 2776 4826 ad
2835 4789 2998 4842 quem
3050 4772 3187 4826 dicit
3220 4769 3465 4828 :‘Fuclus

1874 4877 1949 4923 est
1973 4869 2144 4922 Adam
2175 4877 2432 4936 tanquam
2474 4883 2610 4919 unm
2638 4882 2702 4918 ea:
2741 4866 2884 4918 nobis
2914 4865 2938 4916 τ’

2046 4959 2192 5011 Deus
2223 4957 2412 5027 procul
2449 4956 2621 5010 dubio
2651 4957 2811 5010 Pater
2843 4955 2910 5008 ad
2946 4955 3115 5008 Deum
3143 4953 3359 5006 Filium.

1950 5051 2011 5105 Ο.
2046 5051 2181 5104 Cum
2211 5066 2341 5117 ergo
2365 5049 2528 5102 Pater
2566 5057 2622 5100 et
2655 5047 2822 5099 Filius
2841 5053 2897 5099 et
2945 5045 3186 5112 Spiritus
3243 5052 3470 5099 sanctus

1882 5143 1954 5197 sit
1982 5141 2171 5210 procul
2203 5139 2372 5193 dubio
2399 5154 2504 5191 una
2535 5137 2796 5199 Trinitas,
2825 5150 2950 5190 cum
2983 5136 3144 5189 Pater
3175 5134 3242 5188 ael
3269 5135 3468 5188 Filium

1882 5233 2031 5286 dicat
2061 5245 2078 5281 :
2104 5229 2235 5282 Ecce
2257 5229 2426 5298 {actus
2448 5237 2522 5280 est
2542 5228 2712 5281 Adam
2739 5237 2999 5297 tanquam
3027 5243 3161 5278 mth
3188 5241 3250 5278 ea:
3280 5226 3422 5284 nobis
3449 5241 3466 5278 :

1878 5337 1987 5374 non
2022 5321 2118 5373 tibi
2151 5320 2370 5372 videtur
2407 5320 2592 5373 dicere
2628 5359 2642 5383 ,
2681 5327 2940 5390 tanquam
2974 5336 3107 5371 unus
3139 5359 3153 5380 ,
3186 5319 3288 5371 hoc
3341 5325 3425 5372 est
3452 5357 3470 5382 ι

1879 5413 1971 5481 qui
1997 5428 2187 5465 sumus
2220 5410 2510 5464 Trinitas?

1951 5505 2014 5558 N.
2059 5504 2209 5557 Licet
2236 5504 2338 5556 hoc
2373 5503 2521 5558 dicat
2555 5502 2717 5557 Pater
2746 5503 2810 5556 ad
2840 5502 3034 5558 Filium
3075 5542 3088 5565 ,
3121 5515 3223 5571 ego
3262 5509 3467 5560 tamen,

1880 5597 2025 5667 quod
2046 5597 2248 5650 dicitur
2277 5612 2305 5647 a
2345 5595 2651 5664 Scriptura,
2674 5596 2776 5648 etsi
2818 5595 3030 5658 nolens,
3059 5593 3234 5650 fateor
3268 5610 3280 5646 :
3323 5589 3470 5660 quod
3500 5624 3516 5639 -

2484 5758 2525 5788 ‘-"
2548 5757 2690 5812 Gen.
2713 5769 2790 5823 in,
2815 5753 2910 5808 Ἡ.
