4200 6426
688 423 791 487 155

1621 417 1940 513 JOANNIS
1979 414 2358 477 MAXENTH
2396 413 2730 487 DIALOGI,
2763 413 2908 474 LIB.
2941 411 3025 471 II.

3846 400 3955 469 156

687 551 867 596 autem
897 541 1032 610 ipsis
1060 542 1245 597 verbis
1270 556 1377 597 non
1403 539 1685 610 exmimit,
1713 537 1895 592 dicere
1915 533 2139 589 omnino
2157 545 2265 583 non
2300 536 2342 588 Α
2438 529 2498 584 C.
2532 530 2719 585 Jesum
2748 530 2867 612 sine
2892 526 3063 583 dubio
3084 566 3100 591 ,
3135 539 3240 582 nec
3260 525 3495 580 alterum
3525 517 3825 592 aliquando
3854 534 3954 575 eo—

688 630 888 685 audeo.
922 630 1028 686 Sed
1055 631 1403 687 sullicitmihi
1432 642 1446 692 ,‘
1484 638 1543 683 ut
1569 629 1859 684 calumniae
1902 623 2259 679 contentione

687 737 926 785 caream,
964 723 1068 776 hoc
1099 732 1308 776 tantum
1342 722 1411 775 de
1443 721 1579 775 Filio
1613 721 1819 780 dicere,
1847 716 1995 786 quod
2025 716 2079 769 in
2106 714 2261 783 Sym-

689 809 816 864 holo
845 812 1178 870 continetur.
1218 812 1387 863 Deum
1418 810 1631 864 seiiicet
1657 817 1714 862 et
1748 807 1945 861 Filium
1971 815 2027 860 ct
2067 805 2253 874 unige-

692 900 863 953 nitum
906 901 1082 953 Patris
1132 910 1319 954 natum
1373 900 1440 953 de
1486 898 1696 968 Spiritu
1734 906 1927 952 sancto
1977 910 2044 951 ex
2095 895 2261 949 Maria

691 991 931 1058 Virgine.
2063 977 2068 983 ’

754 1080 816 1134 C.
851 1080 955 1135 Sed
984 1084 1152 1136 Deum
1184 1091 1367 1135 natum
1390 1096 1457 1134 ex
1484 1080 1708 1150 Virgine
1756 1078 1922 1133 etiam
1949 1078 2040 1132 ille
2072 1076 2213 1130 dixit
2249 1116 2264 1139 ,

685 1167 777 1235 qui
804 1168 947 1236 apud
974 1169 1250 1237 Ephesum
1284 1149 1681 1220 condemnatus
1703 1175 1785 1219 est
1818 1183 1829 1217 :
1862 1180 1972 1217 non
2001 1179 2113 1232 quo
2132 1149 2268 1216 vere

684 1266 741 1311 et
774 1260 992 1328 proprie
1020 1267 1205 1311 natum
1227 1257 1585 1311 confiteretur
1611 1257 1780 1310 Deum
1805 1271 1872 1309 ex
1892 1255 2095 1307 femina
2124 1294 2139 1315 ,
2172 1253 2268 1307 sed

684 1361 910 1418 propter
934 1352 1236 1405 unitionem
1287 1351 1383 1404 Dei
1415 1350 1580 1404 Verbi
1621 1348 1687 1402 ad
1720 1348 1997 1402 hominem
2026 1345 2225 1400 factum
2253 1385 2267 1407 ,

683 1452 844 1504 quem
870 1439 1033 1508 Virgo
1066 1440 1224 1492 enixa
1258 1448 1361 1492 est.

758 1528 819 1580 Ν.
847 1528 958 1596 Ego
988 1529 1158 1581 Deum
1186 1528 1427 1582 Verbum
1472 1525 1778 1581 secundum
1808 1540 2033 1579 carnem
2080 1535 2271 1578 natum

685 1617 811 1672 dico
842 1635 908 1673 ex
940 1619 1167 1674 femina.

1288 1756 1448 1811 CAP.
1495 1757 1684 1812 XXIII.

2364 637 2551 692 gnovL

2426 710 2500 767 Ν.
2532 711 2588 766 Si
2615 727 2746 782 ergo
2779 710 3018 780 idipsum
3056 717 3162 774 est,
3190 706 3363 763 audes
3383 721 3470 760 me
3505 703 3826 758 haereticum
3866 699 3955 755 di-

2364 816 2512 863 cere,
2543 803 2588 855 si
2622 801 2731 855 tuis
2767 800 3119 855 sermonibus
3147 799 3225 851 uti
3253 798 3519 858 noluero,
3546 809 3643 873 (ιθ,
3677 792 3809 846 dum
3849 790 3952 845 tibi

2366 888 2665 955 satisfaeio,
2712 888 2837 943 aliis
2867 887 3141 943 haereticis
3193 886 3544 941 occasionem
3594 880 3682 937 sui
3738 878 3953 934 erroris

2366 980 2560 1035 videar
2587 981 2871 1036 exhibere.
3557 984 3564 995 ’
4043 1034 4055 1043 .

2436 1072 2496 1127 C.
2527 1072 2583 1128 Si
2619 1074 2691 1128 ob
2713 1073 2767 1127 id
2793 1089 2903 1127 non
2963 1082 3052 1128 est
3101 1070 3357 1126 Christus
3397 1066 3655 1122 fatendus
3700 1078 3845 1117 unus
3881 1078 3982 1129 ex,
4022 1095 4035 1109 ο

2370 1163 2640 1218 Trinitate
2657 1204 2673 1229 ,
2700 1179 2769 1217 ne
2809 1163 2942 1217 dare
2972 1160 3317 1216 occasionem
3331 1148 3634 1211 uideamur
3654 1152 3953 1215 haereticis,

2371 1268 2479 1306 non
2506 1263 2638 1307 sunt
2667 1251 2992 1306 confitendre
3019 1261 3131 1305 tres
3170 1261 3416 1318 personae
3443 1286 3458 1308 ,
3476 1254 3531 1298 et
3560 1243 3842 1305 Trinitas,
3882 1254 3955 1294 ne

2372 1344 2567 1399 demus
2592 1344 2824 1405 .Arianis
2871 1343 3215 1397 occasionem
3247 1342 3270 1393 ?
3305 1353 3407 1392 nec
3441 1351 3635 1391 rursus
3680 1334 3957 1388 confiten—

2372 1436 2502 1490 dum
2527 1434 2885 1497 Homousion,
2915 1446 2985 1486 ne
3014 1431 3222 1485 similes
3241 1428 3530 1482 videamur
3555 1422 3911 1480 Pauliauistis
3931 1420 3960 1473 ?

2375 1526 2659 1582 Postremo
2692 1532 2963 1594 negentur
2985 1522 3107 1577 duae
3127 1529 3357 1583 naturae,
3387 1518 3644 1588 quiageas
3668 1512 3960 1569 Nestorius

2374 1633 2594 1688 semper
2620 1625 2678 1672 et
2703 1617 2909 1686 ubique
2933 1608 3215 1685 professus
3233 1619 3319 1666 est
3351 1628 3367 1677 ;
3400 1609 3548 1680 quod
3583 1608 3626 1662 si
3657 1607 3750 1660 fiat
3779 1645 3793 1669 ,
3820 1603 3958 1674 quid

2376 1710 2749 1763 confitendum
2763 1707 2861 1779 sit,
2892 1705 3548 1764 uescioxVerumtamen,
3599 1699 3644 1753 si
3676 1697 3803 1767 quis
3857 1694 3958 1749 tibi

2377 1800 2598 1854 dixerit:
2623 1799 3010 1861 Christotocon
3032 1796 3243 1860 beatam
3263 1794 3438 1847 fateor
3456 1791 3753 1859 Virginem,
3778 1787 3961 1840 Theo-

755 1889 815 1943 C.
848 1892 1015 1945 Deum
1042 1892 1286 1946 Verbum
1327 1907 1488 1960 quem
1530 1905 1714 1945 natum
1764 1892 1902 1945 dicis
1934 1908 2000 1945 ex
2028 1884 2230 1946 femina
2253 1931 2268 1958 ,
2305 1858 2344 1914 Β
2375 1903 2701 1946 tocowvero
2743 1888 2931 1942 dicere
2981 1886 3299 1940 nullatenus
3351 1882 3666 1951 acquiesco,
3718 1878 3959 1933 catholi-

684 1989 836 2032 extra
876 1981 1205 2034 Trinitatem
1231 2022 1245 2043 ,
1288 1990 1382 2035 aut
1411 1982 1734 2035 Trinitatem
1760 2024 1773 2045 ,
1822 1990 1917 2036 aut
1977 1998 2147 2036 unum
2205 1998 2274 2039 ex

689 2070 964 2125 Trinitate
987 2072 1264 2142 profiteris
1296 2073 1319 2126 ?

767 2161 833 2215 Ν.
895 2162 1085 2231 Neque
1133 2164 1483 2229 Trinitatem,
1535 2181 1713 2234 neque
1739 2177 1892 2223 extra
1949 2165 2275 2219 Trinitatem

685 2251 859 2306 Deum
911 2254 1152 2308 Verbum
1180 2255 1471 2319 conﬁteor,
1501 2256 1594 2309 sed
1630 2257 1829 2310 Filium
1856 2258 1950 2311 Dei
1981 2258 2149 2311 Deum
2177 2275 2276 2327 pro

685 2356 875 2397 nostra
901 2345 1076 2399 salute
1111 2362 1178 2399 ex
1211 2347 1412 2399 femina
1454 2348 1756 2402 secundum
1805 2365 2024 2403 carnem
2084 2357 2273 2402 natum

686 2430 1018 2505 passamque.
1057 2440 1327 2492 confiteor
1346 2480 1359 2502 ,
1405 2440 1511 2492 tuis
1538 2448 1720 2493 autem
1740 2440 1869 2493 nolo
1897 2440 1976 2494 uti
2007 2441 2277 2495 sermoni-

687 2525 793 2585 bus
821 2572 836 2595 ,
867 2548 966 2587 nec
987 2550 1114 2586 eum
1144 2550 1312 2587 unum
1343 2549 1408 2587 ex
1435 2534 1707 2589 Trinitate
1736 2533 2029 2589 confiteor.

1291 2663 1442 2720 CAP.
1493 2666 1681 2721 XXIV.

757 2800 819 2854 C.
847 2801 963 2855 Non
997 2802 1224 2862 meis.ut
1258 2804 1390 2857 mihi
1427 2804 1664 2866 videtur,
1682 2805 1765 2858 vis
1790 2804 1869 2859 uti
1898 2806 2271 2873 sermonibus,

687 2893 1002 2961 prtsertim
1059 2909 1182 2947 eum
1213 2910 1473 2954 non,mea
1494 2936 1510 2959 ,
1557 2896 1651 2949 sed
1689 2896 1938 2949 veritatis
1960 2896 2077 2950 lucc
2110 2897 2276 2950 verba

687 2983 791 3037 sint
825 3000 838 3045 ;
868 2982 962 3035 sed
996 2984 1103 3037 tuis
1129 2986 1311 3051 potius
1342 2984 1425 3037 vis
1456 2984 1630 3047 abuti,
1666 3001 1817 3038 more
1850 2985 2109 3040 haeretica
2131 3027 2145 3050 ,
2173 2987 2278 3041 hoc

689 3073 868 3143 ipsum
912 3076 1059 3145 quod
1099 3077 1238 3130 dicis
1269 3117 1284 3140 ,
1307 3076 1650 3146 almegando.
1715 3077 1848 3131 Nam
1873 3086 1926 3130 et
1953 3079 2140 3132 Ariani
2177 3095 2277 3133 no-

2372 1997 2497 2037 cum
2530 1981 2677 2034 hunc
2704 1994 2773 2033 an
2808 1977 3125 2031 haereticum
3154 1988 3276 2029 esse
3305 1968 3678 2042 pronuntias?

2435 2070 2509 2131 Ν.
2545 2068 2876 2124 Haereticum
2898 2066 3087 2135 procul
3126 2064 3299 2117 dubio
3330 2062 3527 2124 fateor,
3557 2059 3688 2128 quia
3723 2057 3963 2130 bocjam

2374 2160 2616 2231 synodus
2653 2159 2846 2214 statuit
2874 2198 2888 2218 ,
2923 2157 3067 2211 sicut
3106 2165 3161 2210 et
3192 2155 3283 2208 illa
3315 2154 3502 2207 omnia
3532 2166 3656 2220 qua:
3686 2165 3717 2204 a
3761 2160 3814 2203 te
3861 2164 3962 2203 su—

2376 2251 2564 2321 perius
2586 2260 2716 2303 sunt
2744 2250 2977 2318 prolata.

2443 2343 2505 2399 C.
2536 2342 2744 2397 Rursus
2770 2341 2864 2408 qui
2894 2339 2991 2393 tibi
3017 2337 3180 2392 dicit:
3201 2337 3377 2392 Unam
3400 2345 3654 2389 naturam
3675 2333 3765 2387 Dei
3794 2330 3963 2385 Verbi

2373 2435 2714 2495 inearnatam
2740 2443 2797 2486 et
2826 2433 3122 2486 animatam
3179 2429 3359 2483 anima
3388 2427 3643 2482 rationali
3668 2436 3720 2479 et
3742 2424 3968 2478 intelle-

2374 2526 2542 2580 ctuali
2570 2524 2849 2578 Christum
2876 2502 3166 2582 confiteor,
3187 2520 3326 2572 duas
3350 2533 3483 2571 vero
3534 2526 3761 2570 naturas
3801 2512 3966 2567 fateri

2375 2624 2484 2671 no‘n
2515 2615 2726 2679 audeo;
2759 2614 2842 2667 vel
2871 2621 3022 2666 certe
3076 2611 3168 2680 qui
3199 2610 3295 2664 tibi
3336 2608 3541 2663 dixerit
3584 2623 3598 2660 :
3640 2606 3718 2659 Ex
3744 2603 3968 2658 duabus

2376 2707 2773 2765 naturist'redo
2800 2707 3104 2763 Christum.
3126 2706 3179 2756 in
3210 2702 3427 2756 duabus
3478 2708 3663 2753 autem
3688 2712 3818 2750 eum
3852 2710 3969 2748 non

2377 2817 2599 2871 possunt
2634 2799 2882 2856 credere.
2910 2812 2979 2850 ne
3004 2797 3194 2849 videar
3218 2794 3565 2848 occasionem
3610 2789 3743 2842 dare
3792 2787 3970 2841 luere-

2380 2893 2525 2953 tieis,
2550 2890 2683 2960 quid
2712 2889 2781 2943 de
2804 2888 3008 2973 talibus
3033 2885 3271 2939 censes?
3304 2884 3442 2936 Num
3471 2880 3642 2933 audes
3670 2892 3768 2932 eos
3792 2877 3973 2930 luere-

2376 2983 2516 3035 ticos
2539 2982 2724 3035 dicere
2751 3020 2764 3040 .
2802 2970 2927 3033 cum
2985 2977 3112 3031 aliis
3161 2974 3348 3029 verbis
3378 2972 3516 3025 duas
3541 2970 3701 3023 fateri
3739 2978 3973 3021 naturas

2379 3074 2760 3142 intelligantur
2795 3072 2852 3125 in
2883 3069 3125 3133 Christo,
3167 3066 3264 3121 sed
3296 3081 3366 3119 ne
3392 3063 3689 3116 videantur
3716 3058 3850 3112 dare
3875 3072 3976 3111 oc-

687 3164 901 3221 biscum
938 3179 1055 3222 tres
1077 3184 1340 3237 personas
1363 3169 1640 3231 fatentur,
1669 3170 1884 3223 Patrem
1909 3178 1966 3223 et
1993 3170 2190 3224 Filium
2219 3180 2273 3225 et
2302 3197 2343 3253 ε
2379 3166 2655 3220 casionem
2710 3162 2984 3217 luereticis
3006 3201 3020 3223 ,
3079 3159 3217 3214 duas
3257 3173 3367 3212 non
3397 3153 3758 3223 aequiescunt
3781 3149 3972 3203 verbis

643 3286 650 3294 -
689 3254 959 3324 Spiritum
995 3269 1243 3311 sanetum
1277 3299 1291 3321 ,
1324 3258 1418 3311 sed
1446 3259 1697 3312 nolentes
1735 3259 2070 3313 llomousion
2088 3261 2272 3316 dicere

688 3344 931 3400 danmati
962 3358 1109 3404 sunt.
1147 3348 1414 3402 Similiter
1445 3347 1778 3401 llmnousion
1803 3350 2149 3403 Paulianisue
2179 3367 2277 3404 no-

689 3436 901 3489 biscmn
931 3439 1232 3507 praedicant
1256 3479 1270 3502 ,
1310 3440 1403 3491 sed
1431 3439 1558 3507 quia
1587 3449 1696 3493 tres
1722 3455 1985 3508 personas
2004 3442 2277 3510 denegaut

689 3527 977 3583 Trinitatis
997 3571 1010 3592 ,
1040 3530 1281 3617 barretiri
1308 3531 1539 3599 judicati
1565 3541 1713 3585 sunt.
1751 3530 1923 3601 dique
1951 3548 2082 3603 ergo
2106 3534 2158 3586 hi
2181 3534 2275 3602 qui

690 3621 863 3676 Deum
886 3622 1107 3690 quidem
1133 3622 1372 3675 Verbum
1399 3623 1590 3675 dicunt
1611 3633 1796 3675 natum
1830 3625 2131 3678 secundum
2158 3641 2278 3677 car—

689 3725 817 3764 nem
859 3727 923 3763 ex
960 3710 1178 3779 Virgine
1205 3753 1218 3773 ,
1256 3711 1351 3763 sed
1406 3711 1748 3764 noluuteum
1801 3713 2052 3766 confiteri
2108 3729 2274 3766 unum

689 3816 758 3857 ex
798 3801 1106 3862 Trinitate,
1139 3811 1236 3854 aut
1293 3817 1415 3853 eum
1485 3801 1724 3854 Sabe-ilio
1778 3818 1938 3854 unam
1988 3818 2276 3871 personam

692 3896 863 3950 totius
893 3894 1175 3947 Trinitatis
1212 3893 1589 3961 intelleguntu.Ir
1643 3908 1888 3945 asserere
1916 3934 1930 3955 ,
1972 3904 2068 3947 aut
2107 3896 2275 3960 alium

692 3986 883 4040 nescio
908 4001 1070 4055 quem
1098 4027 1112 4050 ,
1140 3986 1313 4039 Deum
1366 3984 1605 4039 Verbum
1643 3984 1943 4052 prmdieare
1969 4027 1982 4049 ,
2017 4001 2123 4039 non
2150 4002 2275 4040 eum

694 4078 788 4147 qui
821 4093 886 4129 ex
927 4076 1195 4129 Trinitate
1222 4084 1306 4129 est
1332 4115 1345 4138 ,
1387 4075 1764 4128 confutantur.

763 4168 831 4221 Ν.
867 4167 973 4222 Sed
1000 4166 1147 4221 aiiud
1182 4176 1265 4220 est
1285 4166 1469 4219 dicere
1497 4205 1509 4224 .
1537 4174 1651 4218 tres
1687 4180 1950 4233 personas
1970 4206 1983 4225 ,
2011 4174 2067 4218 et
2093 4165 2278 4219 Trini-

2378 3255 2510 3324 ipsis
2533 3252 2875 3321 exprimere?
3226 3310 3229 3314 η

2445 3349 2511 3403 Ν.
2532 3348 2691 3403 Tales
2714 3361 2815 3415 ego
2850 3359 2958 3398 nou
2982 3344 3159 3397 solum
3199 3341 3408 3395 alienos
3442 3353 3471 3391 a
3493 3336 3728 3391 veritate
3757 3330 3978 3404 judico,

2374 3457 2565 3495 verum
2592 3439 2754 3493 etiam
2787 3435 3212 3493 anathematizo,
3251 3432 3367 3485 haec
3387 3443 3620 3496 namque
3644 3439 3700 3478 et
3722 3438 3833 3476 non
3862 3419 3978 3474 alia

2377 3544 2538 3582 causa
2564 3537 2648 3581 est
2685 3525 2814 3595 quia
2843 3538 2954 3577 non
3004 3521 3481 3576 eommunicamus
3503 3512 3792 3584 Egyptiis.

2708 3682 2711 3687 _
2987 3613 3139 3667 cae.
3172 3610 3337 3665 xxv.
3400 3656 3405 3662 .
3714 3656 3719 3671 ,

2447 3707 2506 3761 (ἶ.
2544 3706 2599 3760 Si
2628 3720 2762 3776 ergo
2802 3711 2857 3757 et
2890 3702 2992 3755 hos
3012 3699 3106 3769 qui
3142 3699 3265 3751 aliis
3314 3695 3501 3749 verbis
3564 3694 3702 3747 duas
3751 3701 3982 3747 naturas

2379 3795 2679 3864 przealieant
2698 3831 2712 3853 ,
2745 3790 2840 3846 sed
2872 3789 3067 3843 nolunt
3096 3782 3383 3840 hociidem
3417 3784 3551 3853 ipsis
3575 3783 3759 3835 verbis
3789 3783 3981 3850 expri-

2380 3900 2527 3939 mere
2550 3926 2563 3947 ,
2592 3881 2843 3951 quamvis
2880 3890 3228 3948 praepropere
3256 3882 3311 3927 tu
3337 3872 3629 3927 haereticos
3655 3886 3764 3924 non
3792 3871 3977 3925 solum

2379 3988 2610 4033 censes,
2667 3985 2859 4024 verum
2917 3967 3083 4021 etiam
3133 3961 3701 4017 anathematizaszet
3757 3973 3856 4012 eos
3878 3960 3978 4026 qui

2379 4065 2764 4120 Christotoeon
2804 4060 2995 4112 dicunt
3032 4058 3247 4109 beatam
3279 4051 3852 4127 Mariam,Theotoeon
3880 4065 3985 4102 au-

2384 4164 2489 4208 tem
2532 4167 2652 4205 eam
2678 4149 2835 4211 fateri
2856 4163 2965 4201 non
3012 4146 3395 4215 acquiescunt,
3440 4142 3694 4203 similiter
3730 4140 3981 4204 damnat,

697 4265 867 4312 tatem
925 4258 1089 4311 unius
1133 4256 1383 4310 essentne
1430 4230 1741 4323 denegare,
1793 4262 1887 4307 aut,
1944 4253 2278 4308 Ποιησυείοη
2316 4257 2347 4314 [
2381 4258 2505 4296 cum
2527 4238 3042 4295 eonstetChristum
3068 4237 3379 4290 Denmesse
3403 4242 3459 4288 et
3483 4233 3654 4286 Deum
3674 4230 3982 4295 Christum,

698 4349 950 4404 centiteri
978 4390 993 4413 ,
1033 4356 1089 4402 et
1131 4356 1243 4401 tres
1285 4362 1548 4415 personas
1575 4346 1721 4399 nulla
1755 4346 1966 4399 ratione
2001 4347 2278 4416 recipere,
2320 4404 2346 4425 ρ

698 4442 843 4511 quod
880 4440 1046 4494 rebus
1069 4439 1245 4508 ipsisa
1271 4437 1499 4491 veritate
1532 4436 1806 4497 dissentit,
1824 4444 1880 4490 et
1912 4436 2059 4489 aliud
2081 4444 2166 4490 est
2198 4452 2283 4489 re-

699 4534 805 4589 bus
829 4550 1129 4604 congruere
1159 4574 1173 4596 ,
1203 4542 1259 4586 et
1292 4532 1476 4586 verbis
1512 4531 1893 4585 tantummodo
1922 4531 2229 4586 dissonare.

769 4628 831 4683 C.
868 4627 1010 4697 Quid
1049 4642 1183 4695 ergo
1207 4626 1540 4680 catholicum
1582 4640 1705 4679 esse
1742 4625 1882 4679 dicis
1913 4665 1928 4686 ,
1958 4634 2015 4679 et
2059 4624 2279 4679 veritati

699 4734 756 4775 cr
771 4718 1026 4784 ngrinun,
1055 4731 1225 4770 unum
1249 4714 1435 4769 dicere
1460 4713 1739 4768 Christum
1771 4728 1838 4767 ex
1866 4713 2179 4768 Trinitate?

772 4810 837 4863 Ν.
868 4810 1009 4862 .\'ihil
1034 4808 1160 4860 volo
1184 4807 1251 4860 de
1276 4806 1377 4860 hac
1401 4821 1459 4859 re
1477 4805 1712 4859 ulterius
1734 4813 1915 4858 tecum
1930 4805 2279 4873 conquirere.

801 4902 833 4950 ‘..
874 4899 1079 4952 illecum
1106 4897 1434 4965 conquirere
1457 4896 1688 4949 ulterius
1715 4910 1824 4947 non
1875 4895 1983 4947 alia
2026 4903 2077 4949 te
2120 4911 2283 4949 causa

701 4982 991 5052 prohibet,
1027 4978 1308 5073 nisi‘quia
1335 4993 1499 5032 sensu
1539 4978 1799 5031 hanretico
1828 5016 1843 5040 ,
1873 4977 2063 5030 nescio
2119 4993 2282 5045 quem

703 5075 874 5129 Deum
898 5066 1170 5133 Verbum;
1185 5086 1295 5124 non
1327 5084 1455 5125 eum
1482 5069 1574 5137 qui
1606 5084 1674 5122 ex
1700 5066 1971 5120 Trinitate
2003 5082 2146 5120 unus
2178 5076 2282 5131 est,

699 5165 854 5236 juxta
917 5162 1243 5215 Manichacus
1274 5158 1573 5229 praedicare
1626 5155 1992 5211 convinceris.
2043 5155 2099 5210 Si
2137 5154 2285 5209 enim

703 5272 816 5311 non
850 5256 906 5309 iu
934 5270 1120 5317 sensu,
1151 5251 1248 5307 sed
1269 5259 1477 5305 tantum
1502 5250 1557 5303 in
1585 5241 1934 5304 sermonibus
1951 5246 2286 5307 dissonares.

703 5346 973 5417 probares
1003 5344 1195 5412 utique
1242 5340 1569 5409 catholicum
1611 5352 1733 5391 esse
1778 5352 1946 5391 unum
1991 5351 2060 5390 ex
2107 5334 2290 5388 Trini-

706 5445 818 5494 tate
861 5436 1142 5491 Christum
1174 5434 1351 5487 fateri.

773 5524 845 5581 N.
873 5524 992 5579 Non
1030 5523 1127 5577 tibi
1160 5522 1381 5576 videtur
1419 5519 1657 5588 idipsum
1692 5532 1811 5571 esse
1833 5557 1847 5581 ,
1873 5515 2022 5586 quod
2046 5524 2103 5570 tu
2129 5514 2289 5579 dicis,

704 5626 765 5674 et
782 5616 929 5688 quod
966 5631 1069 5687 ego
1094 5634 1106 5669 :
1131 5632 1199 5670 an
1223 5625 1279 5669 tu
1322 5613 1492 5668 alium
1524 5611 1711 5665 nescio
1745 5624 1931 5679 quem,
1967 5623 2076 5661 non
2119 5606 2291 5660 Deum

706 5721 900 5761 verum
932 5705 1117 5762 Iesum
1151 5704 1456 5767 Christum,
1505 5701 1646 5756 dicis
1676 5715 1798 5755 esse
1834 5715 2006 5752 unum
2055 5713 2121 5751 ex
2168 5697 2292 5750 Tri-

704 5800 881 5859 nitate
898 5799 921 5856 τ

2382 4332 2660 4405 quomodo
2682 4346 2783 4385 nos
2796 4326 3498 4397 Catholicosjudicabimus
3520 4339 3618 4378 eos
3663 4322 3755 4392 qui
3783 4322 3985 4375 dicunt

2385 4425 2553 4479 Deum
2576 4420 2814 4475 Verbum
2842 4428 3037 4472 natura
3055 4414 3363 4471 secundum
3386 4427 3608 4467 carnem
3632 4409 3700 4464 de
3727 4409 3975 4478 Virgine,

2318 4533 2362 4587 ι)
2390 4524 2445 4568 ct
2480 4526 2698 4577 passum
2721 4522 2886 4564 carne
2922 4523 3023 4578 pro
3048 4506 3241 4571 nobis,
3294 4513 3351 4558 et
3385 4511 3587 4573 negant
3619 4516 3748 4555 eum
3800 4513 3978 4552 unum

2382 4621 2501 4658 esse
2558 4618 2622 4657 ex
2677 4610 2867 4655 sancta
2891 4608 2947 4653 et
3002 4597 3287 4651 individua
3340 4595 3656 4655 Trinitate,
3688 4592 3975 4661 praecipuo

2383 4697 2508 4766 quia
2552 4693 2750 4746 dicunt
2771 4692 2878 4744 hoc
2903 4688 3188 4743 catholica:
3211 4686 3337 4739 fidei
3362 4684 3661 4740 convenire
3684 4682 3708 4734 ?

2553 4784 2659 4839 Sed
2685 4790 2741 4837 ct
2789 4781 2927 4836 duas
2952 4788 3178 4833 naturas
3211 4787 3267 4831 et
3293 4777 3608 4830 Theotocon
3635 4773 3819 4827 dicere
3848 4786 3982 4841 syn-

2386 4880 2525 4930 odus
2548 4875 2817 4934 definivit,
2839 4874 2944 4926 hoc
2971 4881 3154 4924 autem
3179 4868 3331 4923 nulla
3360 4865 3604 4938 synodus
3625 4862 3835 4917 statuit.

2454 4970 2515 5024 (1.
2546 4968 2689 5022 Nihil
2718 4966 2883 5036 igitur
2902 4961 3198 5018 arbitraris
3217 4958 3514 5014 dicendum
3536 4967 3736 5027 prtcter
3758 4952 3810 5007 id
3834 4951 3985 5022 quod

2388 5061 2669 5133 syrodicis
2694 5058 2897 5112 litteris
2925 5051 3289 5110 continetur?

2457 5149 2699 5225 N.}\lihil
2718 5147 2964 5201 omnino.
3262 5210 3271 5220 ⁸
3368 5133 3382 5185 ἶ

2460 5238 2522 5295 C.
2545 5222 2602 5293 Si
2628 5238 2724 5292 tibi
2748 5236 2814 5290 ab
2843 5225 3030 5303 aliquo
3059 5230 3226 5285 fuerit
3255 5227 3530 5297 objectum
3555 5264 3570 5286 ,
3597 5232 3783 5277 utrum
3805 5222 3984 5275 Deum

2389 5332 2607 5386 Patrem
2641 5327 2886 5398 genitum
2916 5341 2984 5378 an
3015 5321 3321 5392 ingenitum
3341 5315 3562 5371 fatearis
3582 5354 3598 5381 ,
3657 5312 3790 5384 quid
3821 5311 3875 5369 ei
3922 5326 3989 5366 es

2395 5434 2764 5490 responsurus
2787 5418 2810 5470 ?
2857 5457 2881 5473 ν

2464 5513 2528 5566 Ν.
2558 5510 2867 5579 lugenitum
2904 5503 3094 5574 procul
3123 5499 3314 5554 dubio.

2463 5601 2523 5654 (ἶ.
2555 5600 2610 5654 Si
2638 5598 2732 5651 tibi
2766 5595 2993 5651 dixerit:
3022 5592 3135 5645 lloc
3160 5606 3267 5644 non
3293 5585 3525 5656 accipio,
3558 5584 3688 5654 quia
3715 5584 3864 5638 nulla
3880 5581 3984 5638 hoc

2396 5694 2589 5747 Statuit
2615 5686 2905 5756 synodus?

2469 5784 2531 5838 Ν.
2565 5778 2909 5851 lteSpoudeo,
2928 5774 3060 5846 quia
3076 5790 3176 5828 nec:
3200 5771 3383 5827 dicere
3410 5768 3606 5823 vetuit.
