4200 6426
226 393 313 458 161
1692 397 1885 457 NOT‘t'

1818 400 2000 457 l‘i't‘lA
3377 411 3477 476 152

219 507 359 582 quia
392 512 678 563 extremo
713 500 877 563 libro
906 520 1112 581 pauca
1155 501 1385 564 subdat
1435 501 1508 561 de
1540 505 1723 564 annis
1755 505 2158 566 Constantini
2192 508 2423 593 Magni.
2462 543 2491 567 μ
2513 510 2838 584 ιιηειαηιίἰ,
2876 510 3205 576 Theodosii
3234 517 3476 597 Magni,

216 605 477 667 Arcadii
524 612 586 665 et
636 602 969 682 Theodosii
998 604 1291 667 Junioris
1324 608 1354 665 ?
1408 604 1696 665 Sedenim
1757 614 1881 664 tam
1914 609 2036 666 ista
2066 620 2209 671 sunt
2250 613 2468 683 exilia,
2503 626 2574 672 ut
2606 631 2735 674 non
2763 624 3129 676 mereantur
3171 617 3238 678 in
3266 624 3477 683 consi-

215 705 607 765 derationem
632 706 850 765 venire
883 724 904 771 ;
938 707 1295 785 praesertim
1326 723 1465 767 cum
1486 714 1765 766 extremo
1797 702 2072 767 addatur
2098 708 2259 784 loco,
2298 721 2369 772 ut
2400 712 2474 772 ab
2506 714 2635 775 alio
2664 717 2884 792 potius
2913 714 3258 778 uideantur
3295 739 3477 782 assu-

216 820 299 883 ta.
345 808 481 865 luto
514 814 640 866 tam
671 806 894 886 exigui
928 813 1078 866 sunt
1118 804 1242 865 duo
1293 805 1493 869 libelli
1523 803 2089 881 Collectaneorum,
2124 820 2195 870 ut
2226 813 2338 873 via:
2373 812 2551 890 digni
2581 814 2711 874 sint
2746 814 3171 893 appellatione
3218 827 3480 899 Ἱστορίας

152 972 156 975 ν
214 907 702 977 ἐκκλητιαστικῆς,
735 902 1043 983 quomodo
1070 915 1253 967 vocat
1280 904 1533 967 Suidas.
1568 905 1811 985 Equide

1825 926 1874 966 m
1909 917 2114 968 metuo
2168 928 2245 968 ne
2277 912 2479 971 solum
2509 912 2641 972 sint
2666 924 2969 992 excerpta
2999 916 3301 994 quadam.
3334 921 3484 982 Est-

215 1017 327 1077 que
373 1001 491 1060 hoc
549 1021 620 1063 eo
671 1005 1323 1092 verosimilius,guod
1380 1007 1532 1069 libri
1584 1010 1845 1069 secundi

1824 1010 1845 1069 i
1892 1010 2230 1090 inscriptio
2270 1013 2375 1079 sit,
2403 1020 2540 1074 Ἀπὸ
2568 1021 2660 1074 τοῦ
2686 1023 2943 1095 δευτέρου
2977 1025 3209 1097 βισλιου,
3259 1040 3289 1080 e
3318 1024 3480 1084 libro

214 1099 513 1160 secundo.
538 1100 631 1161 Ac
665 1101 830 1162 libro
863 1104 1077 1181 primo
1107 1104 1233 1166 lucc
1265 1106 1739 1182 pramittantur
1773 1124 1792 1163 :
1838 1112 1873 1165 'l

1838 1110 2098 1179 Ἐκλογαὶ
2122 1114 2230 1195 απὸ
2256 1118 2356 1186 τῆς
2390 1113 2861 1187 ἐκκλησιαστικῆς
2902 1118 3169 1193 Ἱστορίας
3222 1125 3330 1178 ἀπὸ
3367 1140 3483 1193 φιβ’

214 1206 307 1275 vi;
336 1208 661 1279 Νικηφόρον
703 1196 1126 1287 Καλλίστουζτοῦ
1148 1212 1544 1267 Ξανθοπούλου.
1565 1228 1593 1260 α
1628 1203 1873 1297 Εαῖςενρ

1827 1215 1957 1281 ’ρεα
1991 1206 2297 1269 Historia
2324 1208 2757 1270 ecclesiastici:
2786 1208 2863 1269 ab
2896 1230 3003 1297 ore
3032 1218 3486 1297 exceptaNice-

214 1301 401 1377 phori
436 1302 1143 1379 Callisti‘Xantltopuli.
1169 1324 1198 1359 ι
1231 1301 1457 1374 Credo,
1490 1294 1886 1381 Nicephbrus
1922 1303 2172 1366 Callisti
2198 1308 2215 1383 (
2245 1307 2356 1383 qui
2382 1325 2545 1366 anno
2588 1307 2742 1368 1320
2770 1309 2939 1368 vixit
2973 1294 3147 1388 )‘non
3177 1294 3484 1393 integram

220 1406 269 1462 Τ
266 1400 531 1462 hcodori
565 1403 943 1473 Historiam,
964 1402 1074 1463 sed
1107 1402 1311 1464 solum
1341 1421 1410 1461 ea
1436 1420 1571 1481 quia
1602 1412 1871 1480 excepta
1898 1402 2196 1478 digniora
2222 1405 2476 1482 putavit
2495 1449 2510 1473 ,
2545 1424 2659 1464 suo
2687 1404 2951 1466 dictavit
2979 1417 3364 1474 amanuensi.
3398 1414 3483 1474 Et

214 1518 357 1559 sane
418 1501 752 1578 appendix
780 1501 1112 1564 Possevt'ni
1161 1500 1245 1561 ad
1279 1500 1686 1584 Apparatum
1732 1519 1984 1561 sacrum
2015 1510 2286 1561 testatur
2316 1503 2384 1563 in
2416 1488 2642 1564 Veneta
2674 1502 3053 1567 bibliotheca
3086 1508 3481 1573 Bessariouis

219 1615 467 1666 exstare
522 1609 836 1685 epitomen
870 1607 1931 1688 Historiarumecclesiasticarum
1995 1607 2307 1672 Theodori
2342 1611 2647 1686 Lectoris,
2716 1622 2771 1673 et
2826 1612 3264 1692 Philostorgii.
3328 1613 3484 1673 Item

223 1706 531 1769 Theodori
566 1708 850 1770 Lectoris
892 1710 1406 1790 compositionem
1446 1712 1929 1775 ecclesiasticam
1970 1720 1999 1771 ’e
2030 1714 2226 1776 variis
2255 1692 2649 1775 auctoribus.
2681 1713 2755 1775 Ut
2786 1715 3140 1775 Historiam
3170 1713 3485 1777 Theodori

206 1809 441 1888 justam
481 1816 543 1867 et
574 1807 847 1889 ejusdem
885 1810 1206 1888 epitomen
1248 1810 1518 1875 alienam
1542 1810 1935 1890 distinguere
1967 1814 2319 1874 conveniat.
2359 1814 2552 1892 Atque
2591 1805 2683 1873 ita
2723 1813 2875 1874 mihi
2911 1813 3160 1892 quidem
3204 1811 3478 1873 videtur.

217 1907 337 1968 Nec
376 1915 585 1966 tamen
607 1906 909 1985 pugnabo
947 1909 1006 1969 si
1035 1909 1177 1986 quis
1207 1926 1348 1969 cum
1388 1906 1567 1987 longe
1597 1909 1963 1972 doctissimo
2014 1910 2251 1971 Labbeo
2307 1920 2578 1983 censeat,
2614 1913 2704 1971 sic
2739 1913 2903 1973 hunc
2945 1909 3178 1993 nodum
3214 1910 3480 1985 exsolvi,

216 2004 509 2082 (μιοώυεί
539 2004 757 2084 plures
786 2007 1092 2067 historias
1127 2006 1465 2086 scripserit
1496 2005 1860 2070 Theodorus
1913 2005 2161 2078 Lector,
2201 2008 2298 2069 vel
2322 2008 2540 2086 plures
2571 2009 2814 2088 fuerint
2850 2007 3160 2069 Theodori
3194 2009 3478 2071 lectores.

214 2106 397 2179 Quod
441 2104 497 2164 si
532 2106 690 2184 quid
726 2117 871 2183 post
895 2110 1063 2168 duos
1086 2105 1204 2168 hos
1236 2107 1412 2168 viros
1444 2107 1970 2185 prmclarissimOs
1994 2108 2350 2188 conjectare
2387 2110 2557 2182 licet,
2588 2111 2816 2172 dixero
2839 2128 3041 2171 unum
3070 2112 3481 2172 Theodorum

216 2204 568 2266 Historiam
612 2222 647 2265 a
705 2206 1126 2269 Constantino
1188 2207 1420 2284 Magno
1477 2207 1554 2268 ad
1627 2215 1913 2286 tempora
1967 2208 2316 2270 Justiniani
2378 2209 2813 2281 continuasse,
2853 2212 2937 2271 ita
2968 2224 3172 2273 tamen
3208 2220 3277 2273 ut
3318 2214 3484 2275 ducs

214 2303 413 2367 libros
449 2305 722 2381 priores,
754 2318 903 2364 cum
933 2302 1074 2381 ipse
1107 2319 1237 2366 non
1271 2304 1534 2368 haberet
1565 2306 1646 2367 de
1677 2320 1799 2367 suo
1830 2305 2119 2377 meliora,
2154 2324 2233 2367 ex
2283 2308 2688 2371 Th00tlUl‘6lO
2710 2353 2726 2380 ,
2758 2311 3012 2373 Socrate
3058 2317 3121 2373 et
3178 2313 3481 2375 Sozome-

214 2425 319 2480 no,
356 2410 476 2487 qui
510 2406 967 2467 existimantur
1003 2423 1076 2469 ea
1125 2414 1409 2485 tempora
1440 2391 1612 2471 inter
1653 2408 1819 2470 alios
1883 2414 2242 2471 aetat-atius
2280 2419 2722 2489 pertractasse,
2766 2415 3288 2486 concinnatierit;
3329 2416 3485 2476 reli-

214 2523 407 2587 quam
445 2506 798 2567 Historiam
839 2505 914 2567 ad
946 2505 1299 2568 Iustiniani
1338 2506 1681 2583 impr-rium
1713 2524 1791 2570 ex
1814 2524 1956 2567 sese
1990 2508 2639 2586 conscripserit,cum
2673 2518 2900 2588 praeter
2932 2513 3195 2573 eosdem
3229 2513 3485 2575 haberet
3600 2546 3601 2549 η

215 2616 275 2666 et
330 2607 502 2668 alios
542 2605 1031 2686 diligentiores;
1064 2617 1124 2666 ct
1156 2624 1230 2667 cx
1266 2607 1365 2670 his
1403 2607 1874 2685 posterioribus
1935 2607 2116 2668 libris
2179 2607 2342 2670 duos
2391 2608 2756 2688 eclogarum
2816 2611 3015 2673 libros
3047 2599 3484 2690 Nicephorum

217 2705 568 2767 Callixtum
597 2704 1026 2780 decerpsisse,
1061 2718 1190 2765 non
1222 2718 1375 2763 vero
1406 2720 1484 2764 ex
1518 2701 1775 2764 duobus
1836 2703 2185 2780 prioribus,
2229 2705 2402 2782 quod
2430 2705 2754 2783 quidquid
2784 2705 2867 2769 ibi
2899 2707 3371 2781 contineretur,
3401 2727 3482 2773 ex

218 2805 515 2870 fontibus
580 2804 738 2881 ipsis
798 2802 1123 2864 sincerius
1158 2802 1403 2866 hauriri
1453 2810 1718 2885 poterat.
1776 2807 2329 2884 Nuncupaturque
2380 2804 2486 2867 hic
2540 2804 2856 2885 Paphlago
2905 2808 3486 2887 Byzantinus,.non

219 2906 392 2983 quod
463 2910 637 2968 esset
682 2902 877 2981 patria
937 2900 1355 2981 Byzantinus,
1389 2903 1703 2983 sedquod
1747 2903 2028 2983 Byzantii
2067 2901 2317 2963 lectoris
2364 2914 2605 2965 inu‘nus
2643 2904 2869 2965 obiret.
2907 2905 2975 2966 lit
3013 2908 3200 2968 nobis
3253 2910 3488 2970 Suidas

222 3005 613 3085 signiﬁcavit
647 3013 971 3085 εΘεὸδωρος
997 3012 1026 3063 6
1064 3011 1174 3064 ἀπὸ
1208 3011 1577 3079 ἁναγνωστῶν
1631 3011 1732 3083 τῆς
1778 3013 1881 3077 Μετ

1832 3010 2037 3079 ζεγάλης
2060 3007 2394 3079 Ἐκκλησίας
2441 3012 3093 3076 Κωνσταντινουπόὶεως.
3128 3004 3491 3068 Theodorus

223 3116 419 3170 lector
460 3107 710 3184 Magnis
734 3104 1037 3168 Ecclesiae
1079 3101 1822 3183 Constantinopolitanae.
1855 3105 1979 3165 Nec
2004 3100 2181 3161 aliud
2214 3102 2414 3163 voluit
2438 3104 2841 3181 Nieephorus
2869 3104 3203 3174 Callixtus,
3224 3108 3489 3185 quando

224 3207 287 3268 in
336 3204 715 3269 Praefatione
771 3206 860 3266 ait
895 3227 910 3265 :
943 3213 1039 3270 καὶ
1073 3215 1103 3266 ὁ
1129 3212 1428 3277 Βυζάντιος
1475 3211 1836 3279 ἁναγνὼστης
1878 3220 1883 3253 l

1825 3210 2187 3280 ςθεὸδωρος,
2256 3212 2313 3261 et
2376 3201 2769 3279 Byzantinus
2843 3200 3039 3264 lector
3097 3202 3484 3265 Theodorus-

225 3306 449 3385 Neqne
479 3307 653 3366 enim
688 3306 752 3367 id
792 3315 889 3367 est
918 3304 1200 3384 Byzantii
1231 3311 1450 3366 natum
1488 3320 1659 3377 esse,
1697 3304 1807 3362 scil
1838 3303 2139 3363 lectorem
2168 3302 2458 3383 Byzantii
2488 3304 2721 3381 egisse.
2755 3304 3035 3364 Joannes
3059 3290 3490 3369 Damascenus

226 3417 381 3469 orat.
420 3406 463 3466 3
506 3405 598 3465 De
644 3405 1022 3483 imaginibus
1084 3405 1288 3466 utitur
1337 3402 1705 3465 testimonio
1753 3401 2073 3464 Theodori
2119 3400 2620 3480 historiOgraphi
2671 3401 3357 3484 ConstantinOpolitoni
3413 3423 3489 3467 ex

226 3510 661 3573 ecclesiastica
716 3510 996 3571 Historia
1047 3508 1127 3575 de
1175 3509 1512 3571 Gennadio
1563 3506 1912 3584 patriarcha
1969 3505 2697 3585 ConstantinOpolitaoo.
2736 3507 2832 3567 An
2874 3523 2954 3572 ex
2998 3506 3140 3580 hoc,
3206 3506 3307 3570 vel
3366 3507 3493 3571 alio

226 3612 579 3675 Theodoro
610 3611 916 3674 historico
954 3611 1311 3690 Byzantina
1341 3610 1798 3688 desumpserit,
1832 3609 2123 3671 divinent
2151 3608 2280 3673 alii.

2082 3806 2093 3812 ν
2106 3803 2301 3817 ..--
2310 3803 3459 3817 mam——

1332 3952 1838 4045 ΝΟΤΙΊἹΛ
1925 3956 2421 4041 ALTERA.

1001 4134 1233 4208 (ﬂante.
1272 4132 1524 4188 Bibliotlt.
1564 4132 1732 4207 Grato.
1791 4131 1880 4186 ed.
1936 4124 2150 4191 llarliis,
2190 4141 2207 4184 ι
2258 4130 2343 4185 Vl.
2396 4147 2448 4199 p.
2486 4130 2633 4200 127.)

1838 4273 1909 4285 ‘-

302 4386 700 4450 Theodorus
762 4394 1184 4468 ἱστοριογράφος
1245 4391 1881 4453 Κωνσταντινευπό).εως
1946 4380 1961 4440 l

1841 4408 1881 4453 ›ς
1946 4380 2240 4443 laudatur
2300 4395 2332 4440 a
2391 4379 2634 4439 Joanne
2691 4377 3087 4439 Damasceno
3147 4374 3252 4436 lib.
3287 4393 3357 4440 ιιι
3415 4376 3500 4437 De

227 4488 489 4564 imagg.,
526 4501 671 4563 pag.
708 4486 828 4548 386
848 4483 1162 4548 editionis
1194 4481 1477 4560 insignis
1511 4481 1948 4561 Lequinianai,
1991 4480 2129 4559 qui,
2159 4497 2216 4557 p.
2252 4479 2391 4551 380,
2418 4482 2720 4555 praeterea
2751 4482 3108 4553 ἀναγνώστην
3135 4475 3268 4537 sive
3302 4477 3500 4537 lecto-

226 4604 359 4646 rem
398 4584 960 4665 Constantinopoli
981 4582 1186 4647 fuisse
1219 4580 1413 4645 refert
1437 4582 1639 4660 ;quod
1676 4581 1924 4641 ﬁrmant
1953 4581 2142 4641 etiam
2168 4578 2588 4656 Nicephorus,
2613 4574 2724 4635 lib.
2749 4592 2818 4646 ιι,
2844 4576 3029 4653 cap.1
3055 4576 3256 4644 Hist.;
3281 4585 3501 4641 auctor

227 4698 646 4766 παραστάσεσιν
669 4694 938 4767 χρυνικῶν
965 4686 1031 4746 in
1064 4681 1431 4747 Combeﬁsii
1467 4680 1838 4759 Originibus

1900 4679 2414 4758 Constantinop.,
2451 4695 2593 4758 pag.
2635 4676 2710 4735 19
2737 4719 2752 4747 ,
2789 4675 2890 4734 cui
2935 4683 3196 4737 vocatur
3226 4685 3501 4756 Θεόδωρος

227 4797 616 4866 χρονογραφος
663 4794 1042 4868 ἁναρρωσθεὶς
1085 4790 1534 4862 ἀναγνώσμασιν,
1573 4789 1633 4842 et
1665 4781 1886 4843 Suitlas

1843 4798 1921 4849 is,
1957 4783 2066 4860 qui
2102 4780 2509 4841 Theodorum
2549 4792 2729 4845 vocat
2756 4787 2849 4840 τὸν
2878 4788 2985 4840 ἀπὸ
3014 4785 3380 4854 ἁναγνωστῶν
3399 4785 3502 4854 τῆς

226 4898 497 4969 Μεγάλης
511 4897 835 4971 Ἐκκλησιεις
867 4894 1519 4961 Κωνσταντινουπόλεως,
1551 4885 1697 4957 Hic,
1744 4886 1885 4945 Just

1842 4886 2000 4946 stino
2038 4891 2095 4946 et
2156 4885 2544 4959 Justiuiano,
2587 4895 2654 4950 ut
2714 4886 2990 4977 videtur,
3031 4881 3501 4959 imperantibus

229 4988 476 5061 clarus,
510 4987 769 5051 duobus
802 4984 986 5050 libris
1016 4986 1273 5065 scripsit
1303 4981 1756 5063 Compendium
1790 4983 2095 5045 Historia:
2129 4983 2563 5045 ecclesiastica
2596 4984 2671 5044 tri
2685 4986 2926 5063 pan-litin
2951 4999 3029 5043 ex
3060 4977 3238 5039 libris
3279 4980 3501 5039 Socra-

229 5086 332 5161 tis,
366 5086 718 5149 Sozomeni
750 5099 824 5147 ac
858 5084 1264 5158 Theodoriti,
1290 5082 1467 5164 quod
1490 5089 1693 5145 exstat
1722 5098 1756 5144 a
1792 5083 2098 5145 vicesimo
2129 5098 2298 5143 anno
2329 5083 2727 5144 Constantini
2759 5084 2844 5144 Μ.
2881 5096 3086 5160 usque
3117 5077 3194 5139 ad
3253 5076 3501 5138 obitum

231 5187 623 5250 Constantii.
657 5188 813 5249 Nam
848 5187 1144 5266 quamvis
1181 5185 1386 5248 lucem
1415 5185 1726 5248 hactenus
1755 5199 1882 5245 non
1929 5183 2110 5254 vidit,
2159 5184 2374 5245 Graece
2417 5190 2625 5244 tamen
2660 5199 2779 5243 ms.
2814 5181 2937 5243 fuit
2965 5178 3132 5258 apud
3167 5177 3500 5250 Allatiuui,

230 5287 346 5365 qui
370 5287 570 5348 edere
602 5285 830 5360 voluit,
863 5285 1051 5366 cujus
1081 5285 1323 5377 codicis
1355 5284 1545 5346 variis
1571 5283 1956 5345 let-tionibus
1983 5284 2149 5345 Sam.
2179 5282 2479 5345 Tennulii
2524 5281 2908 5361 professoris
2950 5281 3501 5358 Noviomagensis,

236 5404 434 5449 manu
469 5387 817 5466 descriptis
860 5386 1139 5451 feliciter
1164 5404 1325 5451 usus
1373 5393 1468 5450 est
1493 5383 1793 5448 Valesius
1814 5384 1889 5446 ad
1924 5383 2234 5447 eluendus
2265 5401 2339 5445 ex
2372 5385 2563 5447 trium
2597 5384 2877 5446 virorum
2905 5382 3164 5443 illorum
3200 5379 3505 5441 Historiis

234 5487 532 5561 mendas,
559 5486 670 5566 qui
702 5488 891 5549 etiam
922 5488 1306 5551 Prooemium
1333 5488 1552 5550 Graece
1593 5502 1664 5548 ac
1710 5485 1926 5547 Latine
1971 5485 2319 5563 publicavit
2354 5495 2491 5562 post
2526 5485 2768 5548 Pttet‘at.
2804 5485 2879 5545 ad
2914 5483 3232 5545 Theodor.
3274 5481 3507 5543 Nescio

234 5602 315 5647 an
372 5586 595 5648 Allatii
633 5584 747 5649 ille
797 5584 961 5648 liber
992 5586 1356 5666 descriptus
1393 5584 1590 5649 fuerit
1623 5602 1657 5647 e
1694 5585 1915 5647 codice
1943 5587 2190 5646 Veneto
2218 5586 2275 5645 S.
2312 5584 2530 5653 Marci,
2566 5585 2751 5665 cujus
2810 5582 3197 5643 mentionem
3264 5577 3509 5639 faciunt

236 5681 641 5744 Possevinus
684 5689 747 5743 et
791 5682 858 5743 in
909 5684 1196 5764 catalogo
1246 5700 1420 5747 .mss.
1488 5684 1888 5746 Venetorum
1947 5684 2399 5746 Thomasinus.
2450 5686 2631 5748 Certe
2683 5683 2935 5744 videtur
2984 5688 3267 5743 extrema
3330 5684 3507 5755 parte

238 5801 509 5850 mancus
540 5787 773 5863 fuisse,
799 5786 946 5867 quia
974 5789 1278 5853 Historia
1314 5791 1499 5854 telam
1532 5804 1660 5852 non
1692 5805 1901 5870 usque
1932 5792 2007 5852 ad
2050 5799 2326 5852 extrema
2366 5788 2656 5854 Junioris
2690 5785 3040 5851 Theodosii
3067 5782 3503 5865 persequitur.
