4210 6442
675 386 775 451 891

1885 388 1969 446 SA
1979 389 2026 449 Ν
2031 389 2152 448 CTI
2196 387 2492 447 BARSAN
2501 386 2720 447 UPHlI

3841 388 3950 452 89!

682 448 846 554 llibl.
902 513 1066 559 noua
1113 516 1257 558 mss.
1416 497 1526 572 92;
1571 499 1916 560 Parwnesi:
1965 500 2050 560 ad
2091 499 2335 578 discipu

2366 517 2490 573 um,
2541 499 2800 579 incipit:
2829 507 3011 578 Γέρων
3037 526 3119 571 τις
3143 507 3430 580 διέτριϐεν.
3509 496 3802 560 Lambcc.
3842 500 3946 574 ιν,

681 614 741 672 ιη).
774 593 883 655 136
913 600 1016 676 [ρ.
1047 597 1164 658 312
1195 597 1356 658 Koll.
1389 598 1454 658 in
1484 598 1626 660 cod.
1665 597 1870 670 152,11.
1906 595 2033 674 ll].
2069 601 2156 661 De
2185 597 2621 678 Barsanuphio
2651 599 2999 662 meminere
3027 601 3325 680 Evagrius
3349 602 3451 677 IV,
3495 599 3605 675 32;
3632 599 3947 680 Nicepho-

680 709 783 754 rus
821 694 1012 768 XVII,
1042 694 1116 755 22
1134 712 1151 768 ;
1186 695 1605 776 Martyrolog.
1637 698 1814 757 Rom.
1843 713 1914 758 x1
1949 698 2144 778 April.

1161 1143 1510 1278 ΤΟΥ
1583 1142 2108 1280 ΑΓΙΟΥ
2180 1143 3464 1284 ΒΑΡΣΑΝΟΥΦΙΟΥ

1661 1412 1782 1469 ΕΠΙ
1823 1419 2274 1475 ΔΥΡΕΛῘΑΝΟΥ
2316 1421 2719 1475 ΕΠῐνΣΚΟΠΟΥ
2751 1423 2972 1478 ΓΑΖΗΣ

1849 1634 2776 1755 ΔΙΔΑΣΚΑΔΙΑ

2217 1879 2393 1936 ΠΕΡΙ

687 2052 911 2142 ΤΩΝ
988 2055 1636 2156 ΩΡΙΓΕΝΟΥΣ,
1703 2063 2241 2152 ΕΥΑΓΡΙΟΥ
2294 2068 2489 2153 ΚΑΙ
2565 2065 3073 2162 ΔΙΔΥΜΟΥ
3145 2071 3941 2177 ΦΡΟΝΗΜΑΤΩΝ.

1449 2501 2015 2635 SANCTI
2112 2505 3186 2644 BARSANUPHII

1614 2775 1758 2840 SUB
1800 2777 2270 2842 AURELIANO
2325 2780 2713 2849 EPISCOPO
2764 2789 3000 2853 GAZE

2007 2988 2656 3098 DOCTBINA

751 3253 1084 3345 CIRCA
1147 3252 1822 3350 OPINIONES
1891 3255 2511 3384 ORIGENIS,
2582 3266 3072 3360 EVAGRII
3153 3271 3305 3361 ET
3378 3275 3872 3370 DlDYMI.

1338 3510 1421 3556 nx
1458 3511 1681 3556 comcz
1716 3512 2013 3570 CCLXXXI,
2052 3513 2479 3558 BInLIomECA;
2522 3516 2934 3564 consumam:
2964 3521 3109 3568 me.
3140 3506 3276 3568 39ft.

1595 3699 1884 3768 (GALLAND.
1908 3706 2022 3760 Vet.
2056 3699 2282 3756 Patrum
2313 3703 2560 3759 Biblioth.
2612 3713 2650 3759 t.
2684 3705 2777 3771 XI,
2810 3723 2866 3777 p.
2900 3705 3049 3775 592,)

1277 4019 1657 4091 Interrogatio.

704 4175 708 4179 ·
745 4158 933 4212 Frater
964 4155 1190 4226 quidam
1225 4153 1592 4225 interrogavit
1641 4160 1892 4208 sanctum
1931 4167 2120 4208 senem
2164 4153 2260 4207 ab-

672 4254 868 4306 ‘batem‘
895 4249 1336 4319 Barsanuphium
1391 4247 1708 4302 his'verhis
1748 4247 2025 4310 :Nescio,
2075 4247 2259 4310 Pater,

682 4351 986 4413 quospacto
1011 4340 1310 4395 inciderim
1345 4339 1402 4393 in
1431 4338 1611 4393 libros
1635 4337 1892 4407 Origenis
1937 4346 1994 4392 et
2021 4335 2258 4407 Didymi,

683 4442 741 4488 et
772 4435 824 4488 in
859 4432 1124 4488 Gnostica
1155 4429 1413 4500 Evagrii,
1446 4444 1550 4483 nec
1581 4443 1695 4481 non
1721 4428 1778 4481 in
1805 4429 1928 4499 ejus
1953 4427 2263 4497 disciplinae

685 4527 960 4584 instituta.
1012 4523 1216 4578 Dicunt
1276 4529 1462 4576 autem
1519 4519 1812 4574 hominum
1873 4519 2092 4573 animas
2148 4535 2261 4573 non

683 4617 852 4670 fuisse
879 4623 1093 4670 creatas
1118 4629 1244 4668 cum
1275 4611 1641 4682 corporibus;
1671 4610 1768 4665 sed
1807 4610 1943 4680 ipsis
1971 4610 2263 4680 pmexsti-

685 4708 838 4770 tisse,
872 4704 1161 4773 nudasque
1193 4702 1594 4772 intelligentias
1635 4700 1831 4766 fuisse,
1866 4701 1921 4755 id
1945 4708 2033 4755 est
2080 4701 2264 4755 incor-

683 4796 1311 4868 poreas;similiterque
1363 4794 1591 4864 angelos
1624 4793 1804 4848 nudas
1861 4793 2266 4863 intelligentias

683 4892 852 4944 fuisse
889 4931 905 4954 ,
961 4888 1352 4955 daemonasque
1415 4886 1545 4940 item
1598 4885 1776 4940 nudas
1829 4885 2262 4956 intelligentias;

683 4990 848 5051 atque
910 4979 1166 5032 homines
1217 4977 1336 5029 sive
1387 4975 1679 5028 hominum
1725 4975 1940 5029 animas
1985 4975 2053 5028 ad
2100 4974 2267 5044 hujus

682 5071 936 5141 corporis
974 5066 1415 5140 (animationem)
1445 5067 1737 5120 damnatas
1789 5065 2004 5131 fuisse;
2039 5066 2267 5135 angelos

684 5178 819 5218 vero
846 5162 972 5215 ideo
1004 5161 1230 5231 angelos
1251 5160 1428 5213 factos
1453 5174 1597 5224 esse,
1617 5156 1764 5227 quod
1799 5172 1921 5212 sese
1969 5172 2267 5211 conserva-

685 5259 902 5321 verint;
934 5256 1212 5310 daemonas
1245 5271 1313 5311 ex
1353 5255 1527 5308 multa
1568 5254 1821 5323 nequitia
1860 5254 1998 5308 tales
2029 5253 2264 5307 ell'ectos

683 5364 830 5405 esse.
863 5347 1098 5417 Aliaque
1127 5347 1269 5401 bene
1303 5347 1471 5400 multa
1499 5346 1704 5400 similia
1732 5345 1930 5401 dicunt
1967 5346 2070 5399 illi.
2099 5345 2266 5398 ltem-

683 5455 793 5509 que
831 5437 990 5493 ai‘unt
1021 5438 1142 5492 fore
1185 5446 1245 5491 ut
1275 5437 1522 5491 futurum
1562 5437 1698 5491 illud
1727 5437 2060 5506 supplicium
2099 5435 2264 5490 ﬁnem

687 5531 921 5593 haheat;
951 5530 1193 5598 itemque
1221 5527 1472 5581 futurum
1505 5543 1651 5592 esse,
1676 5536 1738 5582 ut
1770 5528 2041 5587 homines.
2075 5526 2258 5596 angeli

688 5634 744 5674 el
784 5621 1067 5676 dmmoucs
1108 5630 1482 5686 revertantur,
1508 5632 1568 5676 ut
1608 5622 1764 5691 prius
1792 5631 1972 5683 erant,
1997 5621 2160 5674 nuda:
2188 5621 2264 5674 in-

692 5711 1047 5775 telligrntizu;
1089 5711 1231 5779 qmul
1272 5721 1462 5765 \ucanl
1498 5711 2055 5766 reatitmimmu.Cum
2099 5712 2264 5779 igitur

2992 4021 3327 4091 Ἐρώτησις.

2447 4156 2698 4225 Ἀδελφδς
2753 4157 3009 4229 ἠρώτησε
3061 4160 3152 4212 τὸν
3201 4160 3360 4228 ἅγιον
3391 4159 3625 4232 γέροντα
3649 4158 3746 4215 τὸν
3771 4163 3956 4218 ἀσεᾶν

2361 4249 2772 4319 Βαρσανοὺφιον
2799 4249 3014 4316 λέγων’
3053 4252 3167 4304 Οὐκ
3221 4247 3362 4316 οῖδα,
3418 4253 3624 4324 Πάτερ,
3672 4254 3794 4316 πῶς
3865 4257 3954 4306 ἐν-

2363 4338 2535 4390 έπεσα
2565 4340 2644 4400 εἰς
2663 4338 2733 4390 τὰ
2758 4337 2940 4407 βιϐλία
2967 4339 3062 4393 τοῦ
3096 4341 3416 4411 Ὠριγένουφ
3442 4343 3536 4396 καὶ
3569 4343 3833 4413 Διδύμου,
3858 4347 3957 4397 καὶ

2363 4430 2443 4494 εἰς
2465 4431 2535 4484 τὰ
2566 4431 2845 4498 γνωστικὰ
2874 4432 3171 4502 Εὑαγρίου,
3210 4436 3308 4486 κω⁹
3329 4436 3410 4497 εἰς
3444 4435 3513 4488 τὰ
3541 4436 3649 4488 τῶν
3677 4435 3955 4507 μαθημά-

2361 4538 2469 4575 των
2497 4521 2689 4576 αὐτοῦ.
2726 4524 2837 4576 Καὶ
2863 4522 3117 4590 λέγουσιν
3147 4525 3231 4576 ὅτι
3284 4526 3386 4577 οὐκ
3431 4526 3958 4596 ὲδημιουργήθησαν

2365 4615 2420 4666 αἱ
2450 4614 2558 4666 τῶν
2591 4613 2908 4685 ἀνθρώπων
2932 4613 3106 4682 ψυχαὶ
3138 4616 3278 4685 μετὰ
3308 4615 3420 4668 τῶν
3455 4617 3752 4686 σωμάτων,
3812 4619 3956 4672 ἀλλὰ

2365 4705 2724 4775 προϋπῆρχον
2772 4705 2954 4759 αὐτῶν
2987 4707 3108 4768 νόες
3157 4706 3361 4776 γυμνοὶ
3398 4706 3578 4769 οὖσαι,
3637 4708 3957 4772 τουτέστιν,

2366 4796 2686 4866 ἀσώματοι·
2715 4797 2916 4866 ὁμοίως
2945 4797 3042 4850 καὶ
3068 4799 3118 4850 ol
3152 4798 3376 4865 ἄγγελοι
3403 4799 3522 4861 νόες
3551 4799 3754 4868 γυμνοὶ
3781 4795 3958 4870 ἦσαν,

2367 4889 2463 4941 καὶ
2491 4888 2540 4940 oi
2565 4889 2818 4958 δαίμονες
2835 4890 2952 4952 νόες
2975 4890 3176 4959 γυμνοὶ
3197 4887 3338 4960 ἦσαν
3360 4907 3374 4921 ·
3411 4891 3505 4942 καὶ
3530 4892 3576 4942 οἱ
3616 4889 3718 4960 μὲν
3747 4891 3957 4962 avo?»

2371 4997 2460 5032 ποι
2488 4981 2861 5051 παραϐάντες,
2884 4980 3360 5051 κατεδικάσθησαν
3386 4983 3468 5044 εἰς
3487 4982 3548 5033 τδ
3577 4981 3739 5051 σῶμα
3767 4983 3958 5036 τοῦτο·

2366 5073 2416 5124 οἱ
2444 5072 2502 5124 δὲ
2528 5072 2746 5140 ἄγγελοι
2784 5073 3075 5139 γεγόνασιν
3122 5072 3366 5140 ἄγγελοι,
3423 5073 3764 5141 τηρήσαντες
3821 5076 3958 5126 ἐαυ-

2365 5164 2526 5221 τούςο
2566 5162 2616 5213 οἱ
2651 5161 2708 5213 δὲ
2748 5161 3005 5231 δαίμονες
3054 5161 3163 5214 ἀπὸ
3195 5161 3404 5231 πολλῆς
3437 5161 3661 5225 κακίας,
3715 5163 3956 5215 τοιοῦτοι

2367 5253 2679 5322 γεγόνασιν.
2710 5255 2820 5306 Καὶ
2842 5255 2951 5322 ὅσῳ
2980 5252 3117 5306 ἄλλα
3144 5253 3363 5322 λέγουσι
3395 5253 3643 5316 τοιαῦτα,
3667 5256 3762 5306 καὶ
3786 5254 3958 5307 πάλιν

2367 5345 2450 5397 ὅτι
2479 5344 2559 5396 δεῖ
2592 5343 2894 5412 μέλλουσαν
2929 5345 3152 5397 κόλασιν
3183 5344 3339 5408 τέλος
3371 5344 3556 5398 λαϐεῖν
3578 5362 3591 5374 ·
3655 5347 3753 5397 καὶ
3794 5345 3957 5415 ἐχου-

2370 5453 2456 5488 σιν
2485 5438 2532 5488 οἱ
2564 5435 2843 5504 ἄνθρωποι
2873 5437 2967 5488 καὶ
2987 5437 3037 5487 οἱ
3063 5437 3288 5504 ἄγγελοι
3316 5437 3410 5490 καὶ
3430 5438 3480 5488 οἱ
3506 5436 3762 5505 δαίμονες
3784 5437 3957 5488 ἔπαν-

2369 5526 2543 5580 ελθεῖν
2571 5521 2639 5598 ἦς
2673 5525 2758 5596 (F.
2793 5525 2889 5596 ὡς)
2926 5528 3172 5595 ὑπῆρχον
3202 5529 3322 5590 vis;
3369 5527 3590 5597 γυμνοὶ,
3635 5527 3664 5579 ὃ
3699 5527 3960 5595 λέγουσιν

2370 5619 2890 5673 ἀποκατάστασιν.
2958 5602 3112 5670 Ἐπέὶ
3148 5619 3242 5671 οὖν
3295 5617 3536 5671 θλίϐεται
3585 5619 3617 5688 ἡ
3662 5618 3816 5686 ψυχή
3851 5638 3961 5685 μου

2369 5711 2686 5777 ἐμπεσοῦσα
2715 5711 2792 5772 εἰς
2823 5709 3093 5779 διψυχὶαν,
3130 5711 3180 5762 εἰ
3207 5710 3381 5779 ἀληθῆ
3405 5709 3580 5764 ταῦτα
3615 5712 3772 5774 εἰσιν,
3801 5709 3836 5779 ἦ
3869 5710 3958 5764 αὖ·
