4210 6442
202 413 305 475 893

1650 414 2051 479 DOCTRINA.

3361 431 3468 498 894

197 534 392 603 δέομαί
428 550 550 601 σου,
603 531 861 599 δέσποτα,
896 527 1073 594 δεῖξόν
1123 545 1214 600 μοι
1254 528 1355 597 τὴν
1383 527 1667 598 ἀλήθειαν,
1698 529 1784 584 ίνα

1889 533 2077 588 animo
2112 534 2426 605 perturber,
2463 548 2631 608 atque
2663 538 2720 594 iu
2753 537 2986 593 dubium
3014 537 3304 596 inciderit!
3328 555 3464 598 num

200 628 378 692 οὕτως
407 629 677 699 ripa-rimo
715 628 812 680 καὶ
848 624 924 696 μὴ
960 622 1276 694 ἀπόλωμαι.
1331 624 1440 676 Καὶ
1477 623 1587 695 γὰρ
1639 623 1793 677 οὐδὲν

200 721 417 774 τούτων
448 721 670 792 εἴρηται
702 723 760 772 ἐν
792 722 861 790 τῇ
890 719 1012 790 θείᾳ
1044 718 1260 789 Γραφῇ,
1285 716 1475 787 ὥσπερ
1505 718 1601 771 καὶ
1628 719 1792 784 αὐτὸς

212 813 508 882 Ὠριγένης
529 811 936 867 διαϐεϐαιοῦται
959 813 1020 866 ιν
1048 810 1127 881 τῷ
1146 810 1315 863 αὑτοῦ
1350 809 1663 880 ἑξηγητικῷ
1690 811 1793 880 τῆς

199 904 342 972 πρὸς
376 904 544 956 Τίτον
584 903 930 972 Ἐπιστολῆς,
981 901 1059 973 μὴ
1117 896 1257 956 εἶναι
1296 900 1407 954 τῶν
1453 900 1787 965 ἀποστόλων,

201 994 345 1063 μηδὲ
399 994 505 1064 τῆς
551 994 886 1065 Ἐκκλησίας
918 993 1242 1063 παράδοσιν,
1272 993 1334 1047 τό
1354 1011 1366 1023 '
1403 991 1793 1065 πρεσϐυτέραν

196 1081 343 1137 εἶναι
369 1088 473 1154 τὴν
500 1085 683 1156 ψυχὴν
711 1087 816 1156 τῆς
846 1085 944 1138 τοῦ
996 1085 1254 1155 σώματος
1303 1089 1673 1157 κατασκευῆς,
1714 1086 1793 1151 ὡς

196 1179 489 1248 αἱρετικὸν
526 1178 955 1253 χαρακτηρίζων
1003 1179 1096 1233 τὸν
1137 1180 1312 1233 ταῦτα
1340 1179 1590 1247 λέγοντα.
1630 1179 1792 1233 Ἀλλά

200 1271 299 1325 καὶ
331 1272 608 1343 Εὖάγρεος
640 1274 913 1344 μαρτυρεῖ
938 1273 997 1326 ἰν
1018 1275 1134 1336 τοῖς
1161 1275 1483 1340 γνωστικοῐς
1508 1271 1675 1326 αὐτοῦ
1705 1288 1794 1325 κε-

199 1363 487 1427 φαλαίοις,
552 1363 634 1415 ὅτι
669 1363 802 1433 περὶ
837 1362 1046 1416 τούτων
1087 1362 1264 1425 οὐδεὶς
1310 1362 1611 1433 ὲμήνυσεν,
1669 1362 1792 1416 οὐδὶ

198 1454 337 1506 αὐτὸ
363 1454 428 1507 τὺ
452 1454 679 1524 Πνεῦμα
734 1456 1060 1526 ιξηγήσατο.
1108 1454 1277 1526 ’Ἔχει
1309 1457 1417 1527 γὰρ
1487 1457 1547 1509 ιν
1582 1455 1660 1527 τῷ
1702 1456 1793 1521 ἐξ-

195 1560 233 1613 1;
243 1545 428 1614 κοστῷ
446 1547 693 1616 τετάρτῳ
708 1546 995 1615 κεφαλαίῳ
1011 1546 1114 1615 τῆς
1131 1533 1284 1600 δευτέ
1291 1564 1393 1617 ρας
1405 1543 1794 1611 Ἐκατσντάδος

199 1635 315 1685 τῶν
351 1634 523 1687 αὑτοῦ
555 1635 913 1688 Γνωστικῶν·
961 1653 981 1686 ι
1017 1635 1154 1707 Περὶ
1199 1636 1300 1705 μὲν
1346 1635 1458 1689 τῶν
1507 1636 1793 1708 προτέρων

197 1725 227 1776 ὁ
261 1726 527 1794 μηνύσων
548 1725 744 1789 οὔδεὶς,
775 1724 906 1795 περὶ
930 1724 989 1778 δὲ
1019 1726 1129 1778 τῶν
1151 1724 1422 1796 δευτέρων
1447 1727 1478 1779 δ
1510 1727 1568 1779 ιν
1592 1724 1791 1797 Χωρὴσ

200 1814 544 1884 ἐξηγήσατο.
572 1833 594 1868 ι
628 1817 740 1873 Καὶ
767 1815 937 1869 πάλιν
965 1818 1026 1869 ιν
1048 1814 1129 1885 τῷ
1162 1816 1442 1887 ἑξηκοστῷ
1474 1815 1683 1887 δννάτφ
1708 1833 1791 1869 κεο

198 1904 424 1975 φαλαίῳ
449 1906 552 1975 τῆς
573 1905 750 1975 αὐτῆς
776 1906 1168 1969 Ἑκατοντάδος
1203 1908 1304 1977 τῆς
1327 1906 1590 1978 δευτέρας
1615 1906 1786 1972 οὕτως

197 1996 395 2065 φησιν,
441 1997 527 2049 δτι
561 2015 582 2049 s
643 1996 718 2050 Τδ
774 1994 1003 2067 Πνεῦμα
1052 1996 1116 2049 τὸ
1156 1995 1313 2065 ἅγιον
1338 1997 1401 2049 οὐ
1427 1997 1531 2065 τὴν
1562 1997 1787 2067 πρώτην

194 2087 310 2137 τῶν
337 2086 580 2156 λογικῶν
599 2087 890 2157 διαίρεσιν,
920 2086 1044 2141 οὐδὲ
1073 2088 1175 2157 τὴν
1203 2086 1433 2159 πρώτην
1456 2088 1647 2141 οὐσίαν
1677 2088 1787 2141 τῶν

196 2179 483 2248 σωμάτων
512 2178 840 2249 ἐξηγήσατο.
878 2197 899 2232 ι
937 2180 1073 2251 Περὶ
1124 2178 1183 2233 δὲ
1211 2178 1307 2233 τοῦ
1348 2179 1424 2250 μὴ
1460 2175 1601 2247 εἶναι
1638 2182 1784 2234 ἀπο·

198 2268 566 2331 κατάστασιν,
624 2269 761 2339 μηδὲ
793 2270 950 2333 τέλος
1003 2271 1301 2333 κολάσεως,
1336 2271 1500 2333 αὐτὸς
1528 2274 1557 2324 ὁ
1583 2271 1784 2342 Κύριος

195 2360 555 2429 ἐφανέρωσεν
579 2360 638 2412 ιν
666 2360 746 2429 τῷ
789 2362 1108 2433 Εὐαγγελίῳ
1138 2363 1308 2416 εἰπών
1331 2379 1349 2395 ο
1397 2364 1785 2419 Ἇπελεύσονο

196 2467 292 2503 ται
325 2454 419 2517 είς
448 2452 710 2507 κόλασιν
732 2454 1002 2510 αιώνιον·
1046 2457 1155 2509 Καὶ
1187 2457 1350 2510 πάλιν
1371 2475 1384 2484 ·
1430 2456 1492 2509 '0
1535 2456 1786 2524 σκώαηξ

194 2540 406 2597 αὐτῶν
434 2545 507 2597 οὐ
529 2542 804 2622 τελευτᾷ,
832 2546 931 2599 καὶ
964 2545 1028 2600 τὸ
1050 2546 1170 2616 πῦρ
1197 2548 1270 2601 οὐ
1297 2546 1644 2601 σϐέννυται.
1676 2547 1784 2600 Πό-

198 2634 295 2686 θεν
328 2630 449 2698 οὖν,
477 2636 740 2702 δέσποτα,
777 2637 912 2708 μηδὲ
939 2638 1050 2692 τῶν
1084 2639 1399 2694 ἀποστόλων
1424 2641 1784 2710 παραδεδοκό-

196 2744 333 2790 των,
356 2727 496 2797 μηδὲ
516 2730 613 2782 τοῦ
629 2729 786 2797 ἀγίου
806 2731 946 2784 Πνεύ
955 2747 1124 2800 ματος
1144 2731 1577 2803 ἐξηγησαμένου,
1602 2733 1786 2796 καθὼς

197 2819 357 2872 αὐτοὶ
381 2820 802 2893 ἐμαρτύρηςιχι,
844 2854 855 2871 ρ
898 2824 935 2875 .i.
968 2841 1078 2875 των
1128 2823 1475 2891 Εὐαγγελίων
1525 2825 1785 2886 ἐναντίως

197 2908 463 2979 ἑχόντων,
503 2904 679 2967 ταῦτα
722 2913 1002 2980 ὲξέθεντο;
1055 2915 1290 2984 Ποίησον
1342 2910 1434 2969 ὤν
1482 2915 1629 2979 ἔλεος
1696 2917 1786 2969 εὑ-

198 3001 568 3072 σπλαγχνίας,
628 3004 826 3076 πάτερ,
864 3006 1004 3074 μετὰ
1063 3008 1162 3076 τῆς
1216 3006 1503 3071 ἀσθενείας
1533 3025 1660 3079 μου,
1692 3009 1784 3062 καὶ

197 3091 524 3163 φανέρωσόν
565 3111 656 3164 μοι
683 3095 736 3148 τί
761 3096 871 3148 είσι
898 3095 970 3150 τὰ
995 3097 1241 3166 δόγματα
1270 3096 1462 3152 ταῦτα.

812 3210 1179 3277 Ἀπόκρισις.

282 3315 536 3385 ’Δδελφὲ,
562 3317 688 3371 οὐαὶ
717 3317 813 3370 καὶ
835 3318 1032 3371 ἀλαλαὶ
1058 3318 1137 3385 τῷ
1174 3321 1325 3385 γένει
1354 3321 1530 3390 ἡμῶν.
1579 3322 1645 3374 Τί
1682 3324 1787 3391 ἀφ-

198 3410 444 3478 ήκαμεν,
470 3408 567 3461 καὶ
591 3408 644 3459 τί
677 3409 693 3457 ἐ
708 3412 991 3479 ρευηιωμεν
1017 3427 1031 3473 ;
1056 3410 1149 3472 Είς
1175 3413 1304 3464 ποῖα
1334 3411 1645 3481 ἀμελοῦμεν
1690 3415 1787 3467 καὶ

195 3501 281 3563 είς
312 3503 445 3552 ποῖα
477 3499 875 3569 σπουδάζομεν,
923 3503 1003 3563 είς
1040 3503 1166 3553 ποῖα
1218 3501 1640 3572 ἀμδλυνόμεθάς
1673 3505 1785 3570 Τὰς

196 3590 421 3655 εὐθείας
448 3591 603 3655 ὀδοὺς
637 3593 934 3662 ἀφήκαμεν
965 3593 1060 3644 καὶ
1083 3594 1164 3655 είς
1181 3592 1281 3655 τὰς
1308 3593 1526 3656 σκολιὰς
1557 3594 1785 3665 θέλομεν

198 3680 442 3750 βαδίσαι,
473 3681 565 3733 ἴνα
602 3681 866 3753 πληρωθῇ
902 3684 982 3745 είς
1008 3683 1155 3751 ἡμᾶς
1198 3685 1228 3735 ὁ
1281 3684 1555 3753 Γραφικὸς
1601 3685 1782 3753 λόγος,

195 3774 297 3824 τό·
345 3772 488 3824 Οὐαί
541 3772 665 3839 τοῖς
720 3775 1123 3827 καταλιποῦσι
1174 3775 1280 3841 τὰς
1326 3777 1561 3842 εὐθείας
1601 3778 1782 3845 ὁδοὺς

196 3864 310 3917 τοῦ
337 3864 705 3933 πορευθῆναι
754 3868 844 3929 εις
892 3866 1071 3930 ὀδοὺς
1110 3869 1385 3934 σκολιάς.
1446 3871 1601 3923 Μετὰ
1656 3870 1785 3940 ἀλη-

198 3956 377 4021 θείας,
416 3956 632 4024 ἀδελφὲ,
667 3957 857 4025 ἀφῆκά
893 3974 995 4027 μου
1018 3958 1077 4009 τί.
1112 3958 1331 4023 πένθος,
1359 3963 1450 4012 καὶ
1484 3961 1667 4013 πενθῶ
1698 3980 1777 4014 σε.

196 4047 315 4099 Ποῦ
350 4046 647 4113 ὲνέπεσαςς
689 4048 800 4100 Καὶ
846 4049 936 4100 τὸν
986 4048 1263 4118 κλαυθμὸν
1313 4051 1407 4104 τὸν
1442 4053 1573 4123 περὶ
1604 4054 1783 4124 ἁμαρ-

193 4139 336 4190 τιῶν
370 4155 497 4207 μου,
530 4139 624 4193 καὶ
669 4138 838 4192 γλαίω
894 4157 952 4192 σε
986 4144 1062 4204 ως
1115 4142 1246 4195 ἴδιον
1294 4143 1505 4197 τέκνον.
1548 4146 1781 4216 Οὑρανοὶ

196 4229 513 4299 φρίττουσι,
564 4229 619 4282 τί
670 4230 1223 4300 πολυπραγμονοῦσιν
1278 4233 1592 4303 ἄνθρωποι·
1642 4237 1674 4302 ὴ
1707 4235 1779 4303 γῆ

195 4322 428 4383 σείεται,
472 4321 590 4384 πῶς
646 4322 951 4391 ἐξυχνιάσαι
1009 4321 1226 4375 θέλουσι
1275 4323 1344 4375 τὰ
1391 4324 1776 4393 ἀκατάληπτα.

192 4410 390 4464 Ταῦτα
432 4410 702 4478 Ἐλλήνων
735 4410 846 4462 εἰσὶ
876 4411 1126 4479 δόγματα
1146 4450 1162 4476 ,
1194 4411 1367 4465 ταῦτα
1398 4413 1779 4481 ματαιολογίαι

1807 3198 1856 3263 C

1896 624 2014 681 huic
2045 643 2178 684 vera
2204 630 2339 694 sint,
2359 644 2464 685 uec
2494 645 2595 697 ne,
2621 646 2756 701 rogo
2780 641 2853 697 te,
2884 629 3108 687 domine
3128 671 3142 694 ,
3181 633 3463 691 veritatem

1892 719 2032 773 mihi
2060 720 2331 786 declares,
2362 729 2425 776 ut
2448 721 2532 776 sie
2562 722 2756 776 ﬁrmus
2777 723 3077 777 consistam
3101 730 3160 777 et
3192 737 3304 777 non
3334 740 3462 794 per-

1890 823 2033 865 eam.
2069 810 2288 865 Etenim
2320 812 2521 867 horum
2552 812 2696 868 nihil
2722 814 2777 867 in
2813 827 2969 867 sacra
3002 812 3292 882 Scriptura
3320 812 3468 868 diei-

1892 905 2003 957 tur.
2037 900 2509 969 quenadmodum
2552 913 2611 959 et
2644 903 2914 974 Origenes
2940 902 3175 960 aﬂirmat
3205 907 3265 960 in
3302 903 3471 963 Com-

1892 991 2166 1046 mentario
2188 1007 2292 1047 suo
2312 993 2369 1047 in
2394 993 2700 1063 Epistulam
2735 995 2804 1050 ad
2840 994 3052 1060 Titum,
3085 1011 3199 1051 non
3238 1005 3465 1067 aposto-

1892 1083 2098 1147 lorum,
2121 1098 2236 1139 non
2264 1085 2530 1141 Ecclesia:
2554 1086 2911 1143 traditionem
2942 1088 3079 1144 illud
3095 1103 3242 1154 esse,
3267 1103 3466 1158 nempe
3495 1120 3500 1128 -

1890 1174 2134 1229 animam
2164 1175 2414 1247 corporis
2429 1174 2769 1233 formatione
2792 1179 3072 1235 seniorem
3098 1194 3224 1235 esse
3241 1219 3257 1244 ,
3287 1179 3465 1235 haere-

1892 1267 2062 1320 ticum
2095 1266 2454 1324 subiudicans
2480 1284 2606 1324 esse
2626 1284 2756 1325 eum
2786 1268 2884 1339 qui
2927 1269 3047 1326 haec
3068 1269 3290 1326 dixerit.
3318 1269 3467 1337 Quin

1891 1361 1948 1409 et
1977 1354 2249 1422 Evagrius
2267 1356 2385 1425 ipse
2413 1356 2743 1413 testiﬁcatur
2782 1358 2837 1412 in
2865 1358 3143 1414 Gnosticis
3170 1359 3286 1413 suis
3311 1358 3467 1429 capi-

1893 1446 2046 1511 tulis,
2063 1446 2134 1501 de
2161 1446 2251 1501 his
2274 1446 2552 1501 nemiuem
2573 1448 2799 1504 enatum
2820 1464 2967 1514 esse,
2989 1464 3172 1521 neque
3192 1450 3463 1521 Spiritum

1890 1546 2143 1591 sanctum
2169 1536 2332 1592 ~illud
2376 1537 2708 1593 declarasse.
2752 1538 2972 1594 Etenim
3012 1540 3072 1595 in
3120 1542 3463 1611 sexagesimo

1890 1635 2090 1695 quarto
2119 1626 2363 1695 capitulo
2393 1628 2651 1684 secunda:
2680 1626 3069 1685 Hccalontadis
3089 1670 3103 1690 .
3134 1645 3234 1685 seu
3262 1629 3465 1686 Cente-

1891 1716 2036 1771 narii
2065 1716 2456 1772 Gnostieorum
2478 1720 2602 1790 ejus
2626 1740 2639 1773 :
2675 1737 2694 1770 ι
2732 1720 2809 1774 De
2829 1720 3027 1789 primis
3046 1736 3212 1775 nemo
3230 1720 3461 1787 indicat,

1891 1809 1962 1864 de
1987 1809 2246 1864 secundis
2270 1810 2364 1865 ille
2386 1812 2483 1881 qui
2522 1811 2578 1865 in
2607 1811 2829 1867 Choreb
2857 1812 3079 1867 locutus
3101 1822 3208 1878 est,
3229 1829 3463 1870 enarra-

1890 1900 1989 1954 vit.
2028 1921 2046 1951 ν
2078 1901 2157 1956 Ac
2184 1918 2378 1957 rursus
2408 1903 2463 1957 in
2490 1903 2833 1973 sexagesimo
2861 1919 3012 1959 nono
3034 1905 3282 1974 capitulo
3307 1906 3462 1976 ejus-

1889 1991 2015 2047 dem
2055 1992 2316 2047 seeundaz
2359 1993 2786 2058 Hecatontadis,
2851 1993 2935 2049 sie
2976 1995 3058 2050 ait
3101 2036 3115 2050 .
3154 2013 3175 2047 ι
3220 1993 3463 2066 Spiritus

1890 2091 2135 2145 sanctus,
2171 2097 2353 2150 neque
2379 2082 2612 2151 primam
2645 2081 3060 2137 rationabilium
3101 2083 3458 2149 divisionem,

1890 2187 2073 2242 neque
2098 2172 2332 2242 primam
2365 2187 2662 2241 corporum
2693 2174 3058 2228 substantiam
3091 2174 3389 2229 enarravit.
3433 2193 3455 2226 ι

1890 2261 2046 2327 Quod
2078 2269 2265 2316 autem
2294 2277 2406 2317 non
2448 2261 2634 2317 futura
2670 2263 2743 2318 sit
2770 2263 3073 2328 restitutio,
3101 2278 3283 2332 neque
3335 2263 3463 2320 linis

1887 2353 2309 2423 suppliciorum.
2337 2353 2455 2423 ipse
2478 2354 2744 2408 Dominus
2761 2354 2818 2408 in
2840 2354 3139 2424 Evangelia
3160 2354 3462 2411 declaravit

1887 2442 1977 2498 his
2004 2443 2190 2498 verbis
2217 2460 2234 2495 ε
2252 2441 2412 2497 Ibunt
2432 2445 2489 2496 in
2516 2442 2837 2513 supplicium
2868 2452 3126 2497 (sternunt
3148 2442 3187 2497 ⁸.
3221 2444 3299 2499 Ac
3340 2458 3461 2497 rur-

1886 2548 2008 2588 sum
2037 2549 2053 2586 :
2087 2531 2285 2587 Ventis
2312 2547 2501 2586 eorum
2543 2547 2648 2586 non
2687 2534 2933 2597 moritur,
2967 2541 3018 2584 et
3052 2533 3189 2602 ignis
3218 2548 3321 2586 non
3366 2548 3458 2587 ea:-

1884 2625 2226 2694 stinguitur‘.
2249 2624 2406 2681 Uude
2427 2624 2615 2695 igitur,
2636 2624 2884 2687 domine,
2908 2639 3089 2693 neque
3114 2624 3462 2680 tradentibus

1885 2718 2182 2787 apostolis,
2211 2733 2393 2787 neque
2425 2716 2641 2786 Spiritu
2672 2723 2863 2771 sancto
2883 2724 3168 2782 narrante,
3197 2717 3461 2787 quemad-

1886 2808 2113 2862 modum
2142 2816 2201 2862 et
2219 2808 2327 2878 ipsi
2354 2808 2633 2864 testiﬁcati
2661 2815 2814 2872 sunt,
2842 2808 2955 2861 imo
2984 2807 3297 2878 Evangeliis
3320 2824 3458 2863 wu-

1888 2901 2055 2954 traria
2089 2900 2461 2964 habentibus,
2506 2900 2625 2955 hac
2660 2910 2845 2955 tamen
2876 2902 2952 2953 ita
2990 2898 3069 2953 illi
3114 2898 3460 2972 exposuere?

1885 2992 2040 3055 Mihi,
2063 3001 2241 3062 pater,
2260 2990 2661 3047 misericordiae
2675 2991 2891 3045 viscera
2908 2978 3133 3056 exhibe,
3154 2999 3213 3047 et
3239 2990 3457 3046 declara
3494 3028 3505 3037 ι

1884 3082 2018 3154 quid
2044 3084 2152 3139 sibi
2185 3084 2362 3140 velint
2387 3084 2507 3140 hac
2526 3084 2806 3154 dogmata.

2514 3197 2822 3269 Responsio.

1957 3306 2194 3376 Frater,
2239 3325 2321 3363 va:
2364 3318 2423 3364 et
2453 3310 2654 3364 iterum
2698 3325 2781 3365 vat
2823 3311 3013 3381 generi
3045 3320 3256 3365 nostro.
3315 3309 3459 3377 Quid

1887 3403 2115 3456 missum
2153 3404 2407 3469 facqus,
2438 3411 2496 3457 et
2522 3402 2655 3471 quid
2682 3402 3034 3459 scrutamur?
3068 3401 3201 3469 Quae
3233 3403 3462 3473 negligi-

1887 3509 2030 3557 mus,
2064 3502 2123 3548 et
2151 3494 2222 3548 de
2244 3495 2448 3564 quibus
2476 3509 2756 3560 curamus,
2793 3498 2848 3548 in
2874 3494 3078 3563 quibus
3105 3508 3208 3549 nos
3230 3494 3461 3550 hebetes

1886 3585 2209 3641 reddimus?
2260 3588 2462 3642 Rectas
2514 3592 2632 3643 vias
2681 3588 3026 3654 dimisimus,
3073 3596 3131 3644 et
3184 3596 3460 3644 tortuosas

1884 3692 2179 3748 peragrare
2202 3680 2481 3743 volumus,
2521 3688 2583 3733 ut
2613 3680 2907 3748 impleatur
2939 3681 2993 3734 in
3025 3680 3185 3734 nobis
3205 3679 3457 3750 Scriptu-

1884 3784 1958 3822 m
1983 3784 2168 3824 sermo
2200 3771 2291 3825 ille
2321 3790 2338 3827 :
2375 3771 2463 3825 νω
2493 3770 2602 3825 illis
2638 3774 2726 3841 qui
2757 3771 3085 3842 reliquerunt
3119 3774 3231 3826 sias
3265 3780 3455 3835 rectas.

1887 3871 1940 3914 ut
1961 3862 2297 3916 ambularent
2324 3865 2381 3917 in
2407 3866 2503 3918 viis
2524 3864 2747 3934 obliquis
2774 3865 2814 3919 ³.
2858 3865 2916 3919 In
2956 3865 3034 3918 rei
3069 3867 3324 3929 veritate,
3352 3865 3457 3921 fra-

1885 3963 1991 4019 ter,
2027 3956 2212 4010 dimisi
2234 3956 2445 4012 luctum
2467 3957 2575 4011 mei
2600 3956 2793 4026 ipsius,
2824 3964 2882 4010 et
2908 3967 2961 4011 te
2981 3957 3092 4026 jam
3126 3958 3309 4028 lugeo.
3339 3956 3459 4022 Quo

1883 4047 2139 4103 decidisti
2159 4049 2184 4101 ἶ)
2220 4049 2546 4117 Fletumque
2579 4064 2682 4118 pro
2720 4049 2965 4119 peccatis
2992 4049 3131 4102 meis
3159 4046 3456 4112 intermisi,

1882 4155 1946 4194 ac
1992 4148 2044 4193 te
2074 4148 2135 4192 ut
2167 4142 2454 4210 proprium
2488 4142 2660 4194 lilium
2689 4140 2888 4195 deﬂeo.
2932 4138 3038 4209 Ipsi
3066 4138 3192 4193 caeli
3228 4138 3461 4208 perhor-

1884 4240 2150 4291 rescunt,
2201 4246 2327 4284 cum
2383 4233 2510 4285 talia
2556 4232 2810 4285 homines
2846 4232 3068 4285 curiose
3097 4238 3454 4296 scrutantur;

1885 4332 2031 4376 terra
2080 4335 2497 4386 commovetur,
2538 4324 2671 4377 dum
2706 4324 2784 4376 illi
2842 4325 3171 4393 perquirunt
3222 4337 3289 4377 ea
3334 4338 3457 4394 qua!

1884 4412 2280 4482 comprehendi
2312 4423 2615 4482 nequeunt.
2665 4414 2792 4468 Haec
2841 4415 3128 4483 gentilium
3179 4422 3311 4468 sunt
3353 4413 3456 4467 do-

194 4502 341 4553 εἰσὶν
369 4500 675 4571 ἀνθρώπων
696 4501 963 4572 οἰομένων
992 4520 1048 4556 τι
1076 4498 1236 4567 εἶναι,
1264 4502 1437 4556 ταῦτα
1462 4504 1531 4556 τὰ
1556 4506 1778 4574 ῥήματὰ

1884 4514 2087 4574 guiata,
2123 4505 2239 4558 hac
2271 4499 2448 4559 iutilia
2470 4505 2615 4559 dicta
2648 4514 2777 4559 sunt
2809 4505 3096 4558 hominum
3125 4505 3219 4574 qui
3254 4520 3316 4559 se
3351 4505 3458 4559 ali-

192 4597 340 4646 εἰσιν
382 4592 571 4663 ἀργῶν
615 4594 940 4664 ἀνθρώπων,
968 4596 1143 4648 ταῦτα
1184 4596 1479 4665 ἐγέννησεν
1506 4600 1539 4666 ἡ
1573 4598 1774 4668 πλάνη.

190 4683 339 4751 Φησὶ
370 4683 482 4751 γάρ
500 4697 514 4709 ⁸
546 4682 895 4749 Φὰσκοντες
913 4681 1066 4737 εἶναι
1098 4687 1303 4753 σοφοί,
1324 4685 1775 4754 ἐμωράνθησαν.

192 4773 310 4824 Καὶ
353 4772 405 4823 εί
467 4771 629 4841 θέλῃς
682 4775 895 4840 μαθεῖν,
930 4776 1191 4844 πρόσχες.
1245 4776 1412 4842 Λέγει
1470 4777 1499 4827 ὁ
1569 4777 1777 4846 Κύριος

192 4862 358 4932 ἡμῶν
400 4862 609 4930 Ἰησοῦς
664 4864 921 4933 Χριστὸς,
952 4866 1011 4917 τὸ
1065 4868 1182 4934 φῶς
1230 4868 1470 4936 ήμῶν,ὁ
1523 4868 1778 4937 βασιλεὺς

192 4954 392 5021 ἡμῶν*
436 4954 570 5007 Ἀπὸ
631 4953 752 5006 τῶν
811 4956 1057 5023 καρπῶν
1108 4957 1309 5011 αὐτῶν
1366 4960 1777 5029 ἐπιγνώσεσθε

189 5045 441 5111 αὐτούς.
486 5045 681 5105 noles;
732 5043 825 5097 οὖν
880 5050 1126 5117 καρποὺς
1176 5047 1398 5118 ἐχουσι;
1455 5054 1724 5120 φυσὶωσιν
1756 5095 1772 5118 ,

192 5136 571 5199 ἐξουδένωσιν,
597 5137 894 5206 χαύνωσιν,
915 5140 1198 5208 ἀμέλειαν,
1230 5143 1586 5212 πρόσκομμα,
1621 5146 1775 5198 ἀλλοο

198 5227 420 5296 τρίωσιν
452 5230 641 5296 νόμου,
670 5230 871 5297 μᾶλλον
900 5232 955 5283 δὲ
994 5232 1088 5283 τοῦ
1112 5234 1406 5301 νομοθέτου
1439 5235 1597 5303 Θεοῦ,
1623 5240 1775 5307 οἰκη-

195 5322 250 5369 ti-
264 5334 381 5384 ριον
423 5317 693 5383 δαιμόνων
724 5322 817 5373 καὶ
847 5322 942 5373 τοῦ
1000 5323 1244 5392 ἀρχηγοῦ
1288 5325 1469 5377 αὐτῶν
1500 5327 1768 5382 διαϐόλου.

190 5405 381 5458 Ταῦτα
405 5407 506 5458 οὐκ
530 5407 755 5473 ἄγουσιν
785 5412 861 5470 εἰς
888 5410 1003 5477 φῶς
1032 5414 1159 5473 τοὺς
1184 5413 1363 5477 αὐτοῖς
1392 5419 1767 5483 πιστεύοντας,

190 5498 306 5548 ari.‘
334 5500 413 5560 εἰς
451 5498 511 5549 τὸ
540 5502 731 5561 σκότος
751 5518 765 5531 ·
792 5501 965 5554 ταῦτα
995 5505 1073 5564 εἰς
1105 5505 1567 5575 σκληροκαρδίαν·
1600 5512 1769 5564 ταῦτα

195 5599 271 5649 είς
312 5588 594 5657 προκοπὴν
620 5591 759 5642 κατά
793 5593 927 5644 θεὸν
957 5596 1056 5645 οὐκ
1098 5596 1343 5663 ἄγουσιν,
1370 5600 1485 5650 ἀλλ’
1515 5603 1594 5662 εἰς
1636 5620 1771 5673 προ-

1881 4595 2016 4665 quid
2053 4612 2176 4650 esse
2202 4595 2567 4661 arbitrantur,
2606 4597 2720 4650 lucc
2743 4598 2934 4665 genuit
2981 4610 3163 4649 error.
3192 4595 3281 4648 Ait
3305 4597 3453 4650 enim

1883 4690 1901 4758 (
1925 4689 2241 4757 Scriptum)
2271 4705 2287 4741 :
2317 4688 2561 4742 Dicentes
2596 4703 2653 4742 se
2677 4690 2940 4758 sapientes
2966 4703 3078 4740 esse
3101 4728 3118 4752 ,
3150 4686 3301 4740 stulti
3326 4687 3457 4756 [acti

1879 4787 2001 4833 sunt
2024 4780 2065 4832 ‘.
2098 4780 2178 4833 Ac
2201 4778 2248 4832 si
2278 4779 2495 4833 discere
2548 4778 2705 4842 velis,
2737 4777 3138 4832 animadverte.
3190 4776 3456 4830 Dominus

1882 4879 2070 4925 noster
2091 4870 2255 4924 Jesus
2273 4868 2553 4932 Christus,
2592 4869 2687 4922 lux
2714 4875 2901 4922 nostra
2919 4876 2978 4921 et
3004 4882 3100 4922 rex
3131 4866 3452 4932 noster,ait:

1883 4960 1966 5015 Ex
1995 4961 2248 5031 fructibus
2273 4977 2459 5014 eorum
2500 4960 2819 5029 cognoscetis
2845 4974 2932 5012 eos
2958 4958 3001 5011 '.
3051 4957 3122 5012 At
3146 4955 3453 5028 cuiusmodi

1875 5052 2090 5107 fructus
2118 5052 2324 5107 habent
2350 5052 2469 5106 illi?
2497 5062 2791 5115 tumorem,
2831 5057 3234 5119 contemptum,
3272 5047 3454 5102 molli-

1876 5146 2006 5199 tiem
2033 5182 2048 5205 .
2091 5143 2361 5197 incuriam
2385 5184 2402 5206 ,
2437 5142 2836 5197 oﬂcndiculum
2858 5181 2873 5205 ,
2924 5138 3388 5195 abalienationem
3420 5153 3452 5192 a

1873 5236 2024 5306 lege,
2082 5236 2195 5289 imo
2242 5236 2428 5304 potius
2481 5250 2513 5288 a
2546 5234 2863 5305 legislature
2898 5234 3050 5297 Deo,
3107 5230 3453 5286 domicilium

1880 5330 2189 5384 daemonum
2209 5341 2516 5397 eorumque
2540 5327 2807 5396 principis
2831 5325 3059 5381 diaboli.
3095 5323 3220 5378 Haec
3237 5338 3336 5378 eos
3358 5323 3452 5391 qui

1881 5420 2020 5489 ipsis
2049 5420 2210 5474 tidem
2240 5418 2466 5478 habent.
2496 5433 2609 5471 non
2641 5418 2699 5471 in
2728 5418 2932 5480 lucem,
2965 5416 3062 5470 sed
3093 5415 3149 5469 in
3194 5411 3454 5467 tenebras

1880 5511 2198 5573 deducunt;
2228 5509 2347 5563 bare
2379 5525 2492 5563 non
2522 5510 2588 5563 ad
2613 5509 2708 5563 Dei
2750 5509 3004 5562 timorem
3042 5505 3324 5575 instigant,
3353 5502 3451 5556 sed

1877 5603 1943 5655 ad
1973 5603 2235 5655 duritiam
2265 5602 2449 5656 cordis
2484 5620 2497 5655 :
2530 5601 2646 5655 lucc
2672 5617 2781 5654 non
2819 5600 2885 5653 ad
2920 5598 3225 5667 profectum
3253 5609 3454 5649 secun-

196 5676 373 5742 κοτιὴν
438 5678 640 5745 μᾶλλον
700 5683 800 5748 τὴν
846 5688 984 5747 κατὰ
1023 5684 1270 5742 διάϐολον
1299 5705 1309 5713 ·
1340 5688 1505 5742 ταῦτα
1536 5693 1641 5745 ἀπὸ
1674 5695 1765 5746 tot)

1884 5696 2004 5748 llum
2032 5695 2200 5747 lteum
2238 5702 2441 5763 agunt,
2472 5693 2568 5748 sed
2608 5692 2777 5761 magis
2810 5690 2874 5745 ad
2908 5690 3213 5760 profectum
3247 5700 3450 5741 secun-

263 5813 281 5844 ¹
314 5813 505 5869 Matth.
537 5832 635 5870 sxy
695 5817 771 5872 l6.
806 5822 824 5851 ³
850 5820 1009 5877 Μεινε
1042 5837 1111 5882 ιιι,
1143 5825 1223 5878 43.
1262 5826 1346 5894 65,
1370 5829 1451 5886 «i7.

1538 5829 1556 5856 '
1588 5829 1789 5885 Jerem.
1824 5846 1969 5887 xvm.
2007 5830 2081 5884 Ib.

2217 5830 2373 5883 Rom.
2405 5829 2549 5893 1,22.
2629 5828 2647 5859 ⁸
2702 5827 2889 5881 Matth.
2930 5842 3020 5887 vn,
3064 5823 3148 5878 l6.
