4210 6442
682 405 797 471 895

1900 399 2170 463 SANCTI
2206 398 2733 460 BARSANUPHII

3854 396 3960 463 896

694 523 821 572 dum
854 513 1171 583 diabolum;
1208 515 1326 572 hzec
1357 531 1387 569 a
1418 514 1539 569 luto
1568 527 1682 569 non
1710 514 2015 571 extrahunt
2034 553 2050 581 ,
2090 512 2189 569 sed
2216 512 2274 566 in

2385 510 2646 583 βορϐόρου
2683 512 2787 566 οὐκ
2833 511 3157 567 ἀνασπῶσιν
3182 554 3198 579 ,
3235 513 3354 568 ἀλλ’
3383 514 3463 577 είς
3494 512 3755 586 βόρϐορον
3788 526 3962 567 καταο

696 612 868 660 tutum
896 608 1262 677 demergunt;
1299 607 1417 663 haec
1436 615 1568 662 sunt
1593 607 1805 662 zizania
1831 621 1956 678 quae
1978 605 2275 661 seminavit

697 697 953 752 inimicus
989 699 1042 751 in
1068 714 1203 763 agro
1234 698 1686 768 patrisfamilias;
1719 699 1806 753 hae
1834 684 2005 768 spinae
2031 697 2276 756 suborlat

698 787 751 840 in
787 797 931 842 terra
965 804 994 842 a
1032 776 1267 842 Domino
1304 789 1418 845 Deo
1448 789 1746 846 maledicta
1778 807 1791 842 :
1825 789 2083 845 universa
2115 802 2275 843 men-

699 879 815 931 daci
825 896 937 942 um,
955 881 1214 935 universa
1232 881 1496 948 tenebrae,
1519 881 1784 937 universa
1809 895 1993 946 error,
2019 880 2276 935 universa

699 986 726 1023 a
754 970 865 1023 Deo
887 971 1090 1025 aliena.
1114 973 1264 1045 Fuge
1284 974 1398 1037 illa,
1430 973 1625 1039 frater,
1661 990 1732 1030 ne
1764 974 1998 1030 verbum
2030 974 2277 1043 ipsorum

700 1060 952 1113 firmetur
976 1060 1033 1113 in
1072 1061 1238 1115 corde
1267 1071 1383 1115 tuo.
1412 1061 1543 1118 Haec
1572 1064 1869 1135 lacrymas‘
1890 1063 2275 1131 exstinguunt,

700 1150 816 1205 haec
837 1167 935 1206 cor
949 1162 1248 1217 excaecant,
1271 1154 1329 1208 in
1355 1169 1568 1209 summa
1589 1155 1833 1226 perdunt
1859 1154 2115 1209 homines
2142 1152 2279 1223 ipsis

700 1243 1069 1298 attendentes.
1123 1243 1205 1298 Ne
1238 1255 1353 1301 stes
1404 1246 1460 1301 in
1515 1247 1659 1312 illis,
1694 1261 1764 1301 ne
1817 1246 2105 1301 mediteris
2161 1260 2276 1299 ea:

701 1336 1067 1390 amaritudine
1097 1339 1306 1409 quippe
1326 1348 1456 1393 sunt
1492 1339 1675 1407 plena,
1724 1339 2050 1407 fructusque
2070 1354 2071 1357 ‘
2091 1337 2280 1392 ferunt

701 1424 768 1477 ad
784 1435 1038 1480 mortem.
1069 1427 1229 1481 Circa
1259 1428 1576 1482 futurorum
1604 1437 1789 1483 autem
1809 1428 2180 1499 cognitionem
2208 1444 2278 1483 ne

699 1519 993 1572 t-rraveris.
1041 1518 1099 1572 Si
1147 1519 1239 1573 hic
1268 1521 1670 1586 seminaveris,
1726 1521 1841 1574 illic
1895 1531 2093 1576 metes.
2147 1521 2280 1575 Post

702 1607 1008 1673 profectum
1036 1607 1169 1663 hinc
1195 1624 1360 1663 nemo
1394 1609 1661 1678 prolicere
1683 1618 1887 1679 potest.
1914 1611 2036 1665 Non
2065 1611 2280 1665 laborat

703 1695 846 1748 Deus
874 1694 928 1748 in
963 1697 1202 1751 creando
1240 1699 1482 1753 animam
1514 1714 1625 1751 una
1665 1713 1791 1751 cum
1829 1714 2086 1769 corpore.
2118 1698 2278 1755 Circa

700 1787 954 1841 ctelestes
982 1798 1166 1842 autem
1200 1788 1447 1853 ordines,
1476 1789 1654 1843 cuivis
1680 1789 1891 1843 homini
1916 1790 2104 1845 divina
2134 1790 2280 1846 Scri-

704 1886 863 1946 ptura
901 1894 965 1933 os
1001 1880 1228 1934 obturat
1268 1880 1357 1934 bis
1401 1881 1588 1936 verbis
1620 1899 1634 1935 ε
1666 1882 1813 1937 Dixit
1847 1890 1897 1936 et
1937 1884 2082 1952 facta
2128 1891 2276 1947 sunt,
2308 1850 2356 1910 Β

703 1970 977 2024 mandavit
1008 1982 1058 2023 et
1086 1982 1265 2025 creata
1287 1981 1429 2025 sunt.
1462 1971 1659 2027 Statuit
1685 1991 1750 2028 ea
1782 1976 1834 2028 in
1864 1984 2121 2029 aeternum
2148 1985 2198 2029 et
2224 1978 2280 2031 in

700 2061 955 2116 mentum
989 2063 1172 2118 swculi
1201 2065 1242 2117 °.
1273 2065 1343 2119 Et
1376 2081 1499 2135 quae
1518 2066 1666 2121 Deus
1690 2068 1999 2131 constituit,
2026 2083 2138 2123 non
2161 2084 2283 2122 mu-

705 2160 912 2206 tantur.
935 2153 1057 2207 Non
1081 2164 1167 2210 est
1184 2155 1332 2209 enim
1352 2159 1407 2210 in
1431 2173 1499 2211 eo
1525 2160 1779 2223 mutatio,
1801 2160 2108 2214 secundum
2131 2159 2282 2213 Scri—

704 2254 944 2314 pturam.
980 2247 1215 2303 Ubinam
1260 2249 1408 2302 enim
1456 2252 1713 2319 reperisti
1748 2252 1927 2322 angeli
1970 2252 2283 2321 cujuspiam

704 2340 951 2394 studium
981 2340 1434 2412 diligentiamque
1483 2344 1658 2413 ipsam
1703 2343 1774 2398 ad
1827 2343 2138 2413 profectum
2186 2344 2283 2399 de-

705 2431 966 2485 duxisse?
994 2431 1208 2495 Frater,
1250 2434 1346 2487 ubi
1391 2444 1476 2489 est
1504 2436 1777 2504 operatio,
1804 2436 1919 2490 illic
1942 2443 2000 2491 et
2029 2451 2277 2501 merces;

706 2522 798 2575 ubi
836 2532 1142 2588 certamen,
1168 2524 1245 2579 ibi
1273 2540 1511 2581 coronae.
1544 2525 1757 2589 Frater,
1787 2527 1834 2582 si
1866 2535 1921 2581 te
1947 2527 2161 2582 salvum
2188 2541 2284 2581 ve-

705 2614 779 2669 lis
807 2655 822 2678 ,
874 2631 945 2670 ne
977 2624 1029 2670 te
1075 2616 1130 2672 in
1160 2633 1252 2672 res
1289 2616 1609 2688 hujusmodi
1650 2619 1940 2689 conjicias.
1987 2618 2281 2673 Testificor

706 2705 808 2759 tibi
844 2706 897 2758 in
928 2716 1228 2775 conspectu
1262 2708 1448 2763 Patris
1473 2717 1532 2762 et
1558 2708 1683 2763 Filii
1713 2717 1771 2764 et
1796 2709 2039 2779 Spiritus
2080 2708 2280 2774 sancti,

707 2806 761 2850 te
792 2795 845 2850 in
877 2795 1094 2852 foveam
1148 2797 1355 2854 diaboli
1401 2799 1668 2856 incidisse
1711 2809 1769 2856 et
1814 2802 1872 2857 in
1907 2801 2164 2857 ultimum
2192 2802 2285 2856 ina

705 2888 956 2943 teritum.
984 2890 1235 2946 Abscede
1264 2891 1485 2947 tandem
1513 2893 1585 2948 ab
1610 2893 1700 2959 iis,
1725 2901 1783 2949 et
1804 2894 2031 2949 Patrum
2051 2894 2282 2964 vestigia

705 2991 943 3038 sectare.
971 2982 1244 3054 Compara
1272 2985 1374 3040 tibi
1406 2986 1775 3043 humilitatem
1800 2996 1860 3043 et
1883 2987 2281 3055 obedientiam,

704 3071 999 3142 lacrymas,
1036 3075 1510 3141 exercitationem,
1543 3086 1949 3148 paupertatem,
1991 3080 2283 3135 sententia:

705 3164 947 3266 propria:
971 3164 1391 3266 tib-negationem
1414 3208 1429 3234 ,
1458 3175 1518 3223 et
1543 3169 1589 3224 si
1626 3184 1736 3240 qua
1763 3179 1892 3225 sunt
1938 3171 2278 3241 hujusmodi,
2309 3203 2355 3266 ο

706 3263 770 3308 ιιι
825 3262 882 3309 et
922 3256 977 3310 in
1016 3255 1181 3312 dictis
1212 3267 1269 3313 et
1308 3258 1365 3314 in
1408 3260 1521 3315 vita
1550 3276 1747 3316 eorum
1811 3263 2041 3331 reperis.
2095 3261 2283 3316 Facito

706 3354 891 3399 antem
920 3346 1135 3402 fructus
1164 3350 1365 3421 dignos
1399 3351 1779 3421 pcenilentiaa;
1812 3368 1992 3422 neque
2031 3353 2284 3408 attendas

709 3431 843 3486 mihi
874 3432 1080 3489 dicenti
1107 3435 1354 3505 quidem,
1385 3437 1483 3493 sed
1510 3454 1623 3494 non
1653 3438 1897 3495 facienti.
1928 3440 2034 3496 Sed
2058 3456 2286 3510 precare

711 3532 772 3576 ιιι
794 3540 896 3595 ego
924 3542 1145 3597 quoque
1174 3530 1241 3584 ad
1272 3532 1526 3588 veritatis
1555 3534 1924 3604 cognitionem
1946 3535 2283 3604 perveniam,

708 3617 776 3670 ad
816 3618 1046 3688 gloriam
1091 3632 1335 3690 sanctae,
1393 3624 1882 3680 consubstantialis
1930 3642 1995 3681 ac
2054 3625 2287 3682 viviﬁctc

710 3708 1000 3766 Trinitatis
1029 3711 1083 3766 in
1110 3715 1309 3769 saacula
1333 3716 1685 3771 saeculorum.
1711 3716 1910 3773 Amen.

1321 3918 1702 3991 Interrogatio.

782 4027 932 4083 ldem
967 4028 1139 4084 frater
1178 4030 1328 4085 circa
1357 4032 1553 4087 eadem
1584 4048 1774 4089 senem
1812 4034 1984 4089 alium
2032 4034 2286 4090 abbatem

710 4118 979 4175 Joannem
1009 4119 1391 4191 interrogavit.

1368 4235 1672 4306 Responsio.

783 4346 910 4400 llaec
941 4348 1213 4416 sapientia
1239 4364 1348 4403 non
1381 4364 1448 4403 ex
1479 4351 1620 4404 coelo
1651 4357 1758 4415 est,
1810 4351 1905 4406 sed
1935 4367 2002 4406 ex
2040 4351 2289 4406 dmmone

714 4438 770 4492 in
797 4439 1038 4492 animam
1067 4438 1347 4507 profecta;
1380 4439 1497 4493 haec
1516 4440 1767 4494 doctrina
1792 4439 1996 4495 diaboli
2021 4449 2137 4507 est;
2175 4441 2291 4495 haec

713 4545 811 4583 eos
834 4528 929 4598 qui
962 4528 1063 4599 ipsi
1091 4529 1336 4583 animum
1372 4530 1658 4594 adhibent,
1686 4531 1743 4584 in
1777 4532 2109 4602 supplicium
2130 4540 2293 4587 reter-

712 4636 845 4674 num
874 4620 1121 4674 deducit.
1154 4620 1260 4686 Qui
1301 4620 1358 4675 in
1401 4621 1492 4675 illa
1536 4613 1790 4676 versatur
1832 4632 1890 4678 et
1936 4623 2286 4689 immoratur,

713 4711 1010 4765 haereticus
1028 4710 1299 4773 edicitur;
1329 4711 1428 4780 qui
1450 4711 1568 4765 haec
1592 4712 1791 4774 credit,
1811 4727 1840 4766 a
1868 4714 2104 4767 veritate
2128 4727 2291 4766 ever-

714 4816 811 4854 sus
834 4811 917 4854 est
942 4817 958 4865 ;
987 4802 1083 4869 qui
1117 4801 1194 4854 illi
1236 4803 1542 4856 assentitur
1562 4844 1577 4864 ,
1613 4804 1832 4857 alienus
1871 4812 1957 4856 est
1991 4818 2023 4855 a
2052 4803 2139 4856 via
2168 4802 2285 4857 Dei.

712 4890 960 4960 Operarii
984 4889 1191 4944 Christi
1221 4906 1331 4943 non
1363 4890 1513 4946 ita'sc
1537 4891 1742 4946 habent
1770 4891 2064 4961 :discipuli
2082 4891 2289 4947 Christi

714 4984 831 5038 haec
852 4998 964 5037 non
985 4982 1300 5038 docuerunt
1318 5000 1335 5050 ;
1352 4984 1447 5054 qui
1467 4984 1698 5040 verbum
1716 4985 1967 5040 veritatis
1993 4985 2290 5054 recipiunt,

716 5074 834 5128 lia-c
866 5089 976 5127 non
1021 5074 1316 5143 recipiunt.
1345 5074 1469 5128 Cito
1497 5075 1567 5128 ab
1597 5074 1686 5129 his
1709 5074 1965 5136 abscede,
1996 5074 2189 5133 frater.
2224 5091 2292 5129 ne

716 5167 956 5220 animam
988 5174 1137 5219 tuam
1170 5166 1438 5220 incendas
1469 5168 1593 5237 igne
1623 5167 1920 5231 diabolica,
1960 5182 2026 5221 ne
2060 5182 2160 5235 pro
2191 5166 2293 5219 tri-

720 5259 830 5313 tico
854 5259 911 5312 in
941 5267 1087 5313 terra
1116 5266 1209 5312 tua
1231 5259 1418 5328 spinas
1438 5259 1668 5321 inseras,
1698 5274 1767 5312 ne
1791 5273 1892 5328 pro
1919 5259 2029 5311 vita
2057 5265 2291 5311 mortem

718 5344 996 5419 acCipias;
1056 5349 1190 5417 quid
1257 5350 1430 5403 multa
1491 5349 1738 5419 loquor?
1794 5363 1862 5402 ne
1919 5364 2020 5418 pro
2073 5347 2296 5402 Christo

2374 602 2721 667 ποντίζουσιν
2754 620 2767 634 ·
2802 603 2978 657 ταῦτά
3034 606 3142 658 εἱσι
3190 606 3258 659 τὰ
3312 604 3535 671 ζιζάνια
3566 606 3604 661 ἃ.
3644 605 3906 674 ἔσπειρεν
3932 603 3966 656 ό

2374 692 2567 763 ἐχθρὸς
2591 695 2653 748 ἐν
2679 693 2758 759 τῷ
2797 694 2951 765 ἀγρῷ
2980 695 3071 750 τοῦ
3099 696 3476 751 οἰκοδεσπότου
3504 716 3518 730 ο
3553 692 3715 753 αῦταί
3740 697 3885 750 εἰσιν
3904 695 3962 747 αι

2376 785 2613 840 ἀκάνθαι
2657 787 2715 840 ai
2746 787 3074 856 dvacpuelcat
3123 790 3182 842 ὲν
3213 792 3281 860 τῇ
3338 792 3411 861 γῇ
3448 788 3817 859 κατηραμένῃ
3854 787 3962 841 ὑπὸ

2375 876 2651 951 Δεσπότου
2680 876 2816 931 Θεοῦ
2836 892 2852 908 ⁶
2882 879 2983 932 ὅλα
3013 878 3224 943 σκότος,
3250 880 3350 934 ὅλα
3367 879 3682 952 πλάνη,ὅλα
3699 874 3961 949 ἀλλότρια

2376 969 2534 1024 Θεοῦ.
2563 969 2740 1039 Φεῦγε
2796 962 3222 1041 αὐτὰᾴὼδελφὲ,
3260 970 3336 1044 μὴ
3393 972 3669 1043 βεϐαοωθῇ
3722 974 3754 1025 ὁ
3799 970 3963 1040 λόγος

2376 1064 2556 1118 αὐτῶν
2606 1067 2665 1120 ἐν
2709 1070 2776 1140 τῇ
2822 1047 3023 1139 καρδίᾳ
3067 1086 3183 1122 σου.
3213 1068 3547 1139 Ξηραίνουσι
3592 1067 3835 1139 δάκρυα,
3859 1081 3959 1118 τυ-

2378 1158 2568 1227 φλοῦσι
2613 1160 2712 1231 τὴν
2751 1160 3002 1231 καρδίαν,
3032 1159 3375 1228 ἁπαξαπλῶς
3436 1158 3778 1214 ἀπολλύουσι
3827 1158 3962 1221 τοὺς

2379 1249 2745 1320 προσέχοντας
2787 1254 2970 1316 αὐτοῖς
3017 1252 3358 1324 ἀνθρώπους.
3383 1252 3476 1323 Μὴ
3505 1255 3638 1323 στῆς
3656 1252 3716 1304 ὲν
3749 1251 3961 1316 αὐτοῖς,

2383 1341 2459 1411 μὴ
2520 1342 2824 1413 μελετήσῃς
2863 1343 3022 1398 αὐτά.
3056 1331 3293 1414 Πικρίας
3340 1343 3593 1413 γέμουσι,
3621 1341 3717 1395 καὶ
3769 1340 3964 1394 τελεσο

2381 1433 2607 1502 φοροῦσι
2645 1435 2890 1504 καρποὺς
2916 1436 2997 1498 είς
3028 1434 3279 1487 θάνατον.
3306 1435 3444 1504 Περὶ
3482 1435 3541 1487 δὲ
3571 1435 3673 1504 τῆς
3700 1434 3963 1501 γνώσεως

2379 1526 2489 1577 τῶν
2521 1525 2823 1594 μελλόντων
2861 1525 2937 1596 μὴ
2962 1528 3263 1598 πλανηθῇς.
3284 1527 3408 1579 Ἐὰν
3438 1526 3667 1597 σπείρης
3696 1525 3966 1589 ἐνταῦθα,

2383 1619 2499 1669 ἐκεῖ
2529 1616 2790 1684 θερίζεις,
2817 1618 2917 1671 οὐκ
2947 1618 3027 1670 ἔνι
3054 1618 3197 1687 μετά
3215 1618 3313 1688 τὴν
3338 1618 3526 1687 ἄφιξιν
3556 1618 3667 1670 τῶν
3692 1610 3797 1671 ὧδε
3827 1632 3963 1685 προ-

2381 1708 2549 1777 κόψαι
2592 1708 2734 1761 τινά.
2766 1710 2840 1761 Οὐ
2890 1710 3060 1779 κοπιᾷ
3109 1711 3139 1763 ὁ
3173 1710 3307 1772 Θεὸς
3358 1708 3647 1778 συγκτίσαι
3676 1694 3967 1777 ἀνθρώπῳ

2384 1800 2527 1852 κατὰ
2555 1800 2615 1869 (l.
2645 1799 2763 1868 καὶ)
2791 1799 2889 1870 τὴν
2924 1801 3093 1854 αὑτοῦ
3139 1801 3340 1871 ψυχήν.
3366 1802 3503 1872 Περὶ
3541 1801 3599 1855 δὲ
3637 1800 3745 1854 τῶν
3793 1800 3966 1868 οὖρα-

2385 1891 2514 1944 νίων
2570 1891 2871 1958 ταγμάτων
2919 1893 3324 1963 ἐπιστομίζειὴ
3366 1891 3486 1945 θεία
3524 1892 3719 1962 Γραφὴ
3774 1890 3962 1943 πάντα

2385 1981 2673 2052 ἄνθρωπον
2698 1982 2874 2046 οὕτως
2896 1982 3135 2051 λέγουσα
3168 1999 3182 2013 ο
3213 1979 3361 2037 Είπε
3396 1985 3497 2037 καὶ
3522 1983 3963 2052 ἐγεννήθησαν,

2383 2073 2746 2138 ἐνετείλατο,
2788 2074 2889 2129 καί
2923 2076 3296 2139 ἐκτίσθησαν
3321 2092 3334 2106 ο
3370 2077 3638 2143 ἔστησεν
3668 2074 3825 2128 αὐτὰ
3876 2075 3967 2136 είς

2384 2165 2493 2218 τὸν
2518 2166 2707 2220 αἰῶνα
2748 2168 2845 2221 καί
2887 2170 2976 2234 είς
3006 2167 3114 2221 τὸν
3155 2166 3344 2221 αἰῶνα
3383 2168 3488 2222 τοῦ
3524 2166 3765 2233 αίῶνος,
3803 2166 3905 2218 καὶ
3929 2164 3967 2218 ἃ

2384 2256 2613 2327 ἔστησεν
2646 2248 2673 2310 ό
2731 2257 2865 2321 Θεὸς
2897 2259 2997 2311 οὐκ
3036 2258 3398 2312 ἀλλοιοῦνται.
3427 2259 3503 2312 Οῦ
3559 2259 3668 2328 γάρ
3722 2258 3879 2309 ἐστιν
3904 2257 3964 2307 ὲν

2384 2349 2535 2420 αὐτῷ
2567 2350 2857 2413 ἀλλοίωσις
2906 2350 3048 2404 κατὰ
3089 2350 3189 2421 τὴν
3226 2352 3474 2422 Γραφήν.
3507 2349 3619 2403 Ποῦ
3658 2349 3768 2419 γὰρ
3802 2342 3967 2418 εὗρες

2382 2443 2522 2510 ὄτιή
2569 2438 2776 2510 σπουδὴ
2810 2439 2967 2494 τοῦδε
3023 2440 3119 2494 τοῦ
3164 2441 3402 2508 ἀγγέλου
3437 2440 3647 2510 ἢγαγεν
3686 2437 3857 2491 αὐτὸν
3885 2438 3968 2501 είς

2383 2534 2707 2603 προκοπὴνς
2741 2531 2992 2600 ’Δδελφὲ,
3014 2526 3118 2587 ὧδε
3151 2531 3278 2602 (sic)
3301 2532 3549 2603 ἕργασις.
3576 2532 3696 2582 ἐκεῖ
3719 2528 3920 2599 μισθός
3947 2543 3965 2559 °

2382 2617 2485 2677 ὦδε
2513 2621 2761 2693 ἄθλησις,
2792 2621 3001 2676 ἐκεῖθεν
3026 2622 3303 2690 στέφανοι.
3343 2619 3588 2687 Ἀδελφὲ,
3623 2620 3673 2672 εί
3719 2617 3966 2687 σωθῆναι

2383 2715 2565 2788 θέλῃς,
2606 2714 2680 2785 μὴ
2715 2714 2916 2788 βάλλῃς
2948 2715 3137 2768 ἑαυτὸν
3164 2715 3245 2777 είς
3265 2711 3459 2766 ταῦτα.
3479 2708 3967 2780 Ἐπιμαρτύρομαέ

2384 2826 2467 2863 σοι
2489 2807 2720 2861 ἐνώπιον
2744 2806 2839 2860 τοῦ
2865 2808 3097 2877 Πατρὸς,
3124 2806 3218 2861 καὶ
3244 2805 3340 2859 τοῦ
3380 2802 3531 2866 Υίοῦ,
3562 2802 3654 2856 καὶ
3679 2799 3778 2855 τοῦ
3803 2800 3968 2867 ἁγίου

2385 2896 2725 2967 Πνεὺματος,
2749 2897 2830 2949 ὅτι
2869 2896 2949 2958 εἰς
2995 2894 3220 2966 βόθυνον
3261 2893 3529 2955 ἐνέπεσας
3557 2890 3653 2944 τοῦ
3686 2888 3971 2954 διαϐόλου,

2384 2987 2479 3039 καὶ
2510 2987 2589 3048 είς
2626 2987 2718 3039 τὸν
2745 2985 2972 3055 ἔσχατον
3004 2985 3257 3056 θάνατον.
3282 2982 3485 3037 Λοιπὸν
3511 2982 3729 3035 ἀπόστα
3752 2979 3975 3033 τούτων

2384 3077 2479 3130 καὶ⁵
2510 3076 2868 3147 ίχνηλάτησον
2918 3075 3047 3138 τοὺς
3089 3073 3355 3144 πατόρας.
3383 3072 3597 3142 κτῆσαι
3643 3069 3829 3140 ἑαυτῷ
3870 3067 3974 3140 τὴν

2386 3168 2717 3221 ταπείνωσιν
2775 3168 2870 3220 καὶ
2924 3168 3026 3239 τὴν
3080 3155 3354 3236 ὑπακοὴν,
3385 3165 3479 3218 τὸν
3523 3162 3832 3230 κλαυθμὸν,
3867 3161 3975 3231 τὴν

2385 3262 2639 3332 ἄσκησιν,
2655 3259 2750 3332 τὴν
2777 3260 2916 3329 ἀκτη
2926 3257 3183 3330 μοσύνην,
3198 3256 3260 3310 τὸ
3277 3256 3602 3326 ἀψήφιστον,
3624 3254 3721 3307 καὶ
3735 3255 3840 3307 ὅσα
3859 3270 3976 3308 τοι·

2385 3353 2526 3407 αῦτά
2554 3355 2660 3405 εισι
2688 3352 2783 3404 καὶ
2804 3350 3079 3422 εὑρίσκεις
3099 3351 3179 3413 είς
3203 3348 3270 3402 τὰ
3303 3350 3528 3419 ῥήματα
3565 3346 3749 3401 αὐτῶν
3765 3343 3870 3399 καὶ
3891 3345 3976 3409 είς

2383 3451 2511 3511 τοὺς
2534 3447 2701 3519 βίους.
2723 3446 2957 3518 Ποίησον
2970 3446 3027 3501 δὲ
3046 3445 3295 3517 καρποὺς
3318 3443 3504 3510 ἀξίους
3525 3443 3624 3513 τῆς
3648 3437 3975 3512 μετανοίας,

2388 3542 2483 3594 καὶ
2544 3541 2623 3610 μὴ
2662 3540 2899 3610 πρόσχες
2947 3537 3073 3609 ἐμοὶ
3098 3536 3178 3605 τῷ
3218 3535 3435 3603 λέγοντι
3466 3533 3563 3587 καὶ
3591 3532 3668 3603 μὴ
3697 3530 3974 3585 ποιοῦντι.

2399 3631 2541 3685 Ἀλλ’
2576 3627 2728 3697 εὖξαι
2766 3630 2855 3684 ἵνα
2885 3629 3039 3699 κάγὼ
3062 3628 3203 3682 ἔλθω
3236 3627 3367 3681 ποτὲ
3409 3614 3492 3689 είς
3531 3624 3835 3692 ἑπίγνωσιν
3875 3621 3977 3691 τῆς

2388 3716 2648 3789 ἀληθείας
2669 3759 2686 3784 ,
2719 3719 2799 3781 είς
2836 3717 2991 3783 δόξαν
3032 3719 3130 3788 τῆς
3170 3715 3333 3784 ἁγίας
3378 3713 3668 3785 ὁμοουσίου
3700 3711 3801 3765 καὶ
3836 3710 3978 3773 ζωο-

2389 3806 2545 3862 ποιοῦ
2575 3808 2803 3879 Τριάδος
2820 3809 2900 3871 είς
2923 3809 3050 3869 τοὺς
3075 3807 3281 3869 αἰῶνας
3303 3804 3414 3858 τῶν
3441 3802 3676 3858 αἰώνων.
3699 3801 3901 3873 Ἀμήν.

3011 3917 3349 3987 Ἐρώτησις.

2477 4031 2534 4085 ’0
2562 4030 2721 4095 αὐτὸς
2744 4029 2972 4099 ἀδελφὸς
2999 4030 3258 4100 ἠρώτησε
3278 4026 3455 4082 ταῦτα
3480 4026 3572 4080 τὸν
3591 4025 3757 4080 ἀλλον
3780 4025 3981 4095 γέρον-

2388 4139 2460 4176 τα
2495 4123 2586 4176 τὸν
2628 4121 2827 4174 ’Δϐϐᾶν
2870 4120 3146 4189 Ἰωάννην.

2999 4234 3369 4301 Ἀπόκρισις.

2465 4348 2678 4417 Αῦτηή
2730 4346 2893 4414 σοφία
2945 4344 3153 4399 ἄνωθεν
3202 4345 3301 4397 οὐκ
3367 4339 3700 4405 ἔστιν,ἀλλά
3759 4340 3981 4411 ψυχικὴ

2391 4439 2750 4509 δαιμονιώδης
2778 4452 2791 4467 °
2828 4437 2968 4507 αὕτη
2996 4439 3029 4507 ὴ
3084 4435 3274 4505 διδαχὴ
3315 4432 3564 4486 διαϐόλου
3607 4431 3760 4485 ἐστίν
3782 4448 3799 4464 ⁸
3834 4430 3981 4502 αὕτη

2394 4528 2596 4594 ἀπάγει
2626 4529 2751 4589 τοὺς
2779 4525 3147 4596 προσέχοντας
3180 4525 3320 4593 αὐτῇ
3345 4524 3425 4585 είς
3465 4522 3687 4574 κόλασιν
3726 4521 3980 4585 αἰώνιον,

2393 4623 2422 4673 ὁ
2454 4617 2748 4687 ἐνδελεχῶν
2798 4617 2957 4684 αὐτῇ,
2987 4614 3263 4685 αἱρετικδς
3317 4616 3549 4682 γίνεται.
3592 4615 3653 4667 '0
3696 4616 3984 4669 πιστεύων

2394 4712 2554 4780 αὐτῇ,
2583 4706 2736 4771 οὗτος
2763 4707 3041 4779 ἐξετράπη
3066 4707 3163 4775 τῆς
3194 4706 3453 4777 ἀληθείας
3480 4723 3495 4737 ·
3530 4709 3560 4760 ό
3589 4707 3986 4778 συντιθέμενος

2395 4806 2553 4874 αὐτῇ,
2586 4800 2864 4871 ἀλλότριός
2901 4801 3019 4851 ἐστι
3046 4800 3147 4869 τῆς
3174 4798 3295 4850 ὁδοῦ
3328 4799 3423 4851 τοῦ
3457 4797 3617 4851 Θεοῦ.
3649 4799 3714 4851 Oi
3743 4799 3987 4866 ὲργάται

2394 4898 2488 4951 τοῦ
2518 4894 2756 4967 Χριστοῦ
2798 4894 2898 4946 οὐκ
2936 4895 3150 4963 ἔχουσιν
3179 4892 3374 4954 οὕτως.
3408 4894 3471 4945 Οἱ
3513 4891 3572 4944 δὲ
3604 4890 3858 4960 μαθηταὶ
3887 4889 3985 4944 τοῦ

2396 4984 2635 5058 Χριστοῦ
2666 4983 2842 5037 ταῦτα
2870 4983 2970 5035 οὐκ
2992 4981 3240 5045 ἐδίδαξαν
3265 4997 3280 5010 ·
3315 4981 3365 5033 οι
3386 4978 3668 5050 δεχόμενοι
3696 4979 3789 5032 τὸν
3821 4979 3987 5047 λόγον

2396 5078 2497 5147 τῆς
2519 5075 2778 5145 ἀληθείας
2802 5073 2973 5127 ταῦτα
3004 5073 3063 5125 οὐ
3091 5072 3359 5141 δέχονται.
3391 5072 3491 5124 Διά
3519 5071 3724 5139 τάχους
3757 5069 3988 5121 ἀπόστα

2398 5169 2492 5222 ἀπ’
2519 5165 2718 5231 αὐτῶν,
2758 5165 2978 5234 ἀδελφὲ,
3011 5164 3085 5235 μὴ
3115 5162 3329 5237 καύσῃς
3357 5162 3459 5231 τὴν
3495 5159 3729 5232 καρδίαν
3766 5176 3868 5212 σου
3908 5157 3987 5227 τῷ

2398 5258 2534 5330 πυρὶ
2570 5257 2664 5310 τοῦ
2702 5255 2953 5310 διαϐόλου
2980 5297 2995 5319 ,
3032 5254 3107 5324 μὴ
3136 5254 3259 5307 ἀντὶ
3287 5251 3435 5305 σίτου
3462 5251 3701 5321 σπείρης
3724 5251 3783 5302 ὲν
3819 5252 3889 5319 τῇ
3912 5251 3985 5318 γῇ

2395 5366 2490 5402 σου
2522 5347 2766 5410 ἀκάνθας
2789 5387 2803 5408 ,
2832 5344 2905 5415 μὴ
2950 5345 3075 5398 ἀντὶ
3103 5343 3252 5413 ζωῆς
3293 5341 3467 5415 λάϐῃς
3496 5341 3730 5395 θάνατον
3756 5357 3770 5370 ο
3799 5341 3901 5394 καὶ
3932 5339 3988 5392 τί

719 5443 1021 5499 diabolum.
1065 5440 1146 5496 Ne
1201 5440 1255 5494 in
1315 5441 1402 5494 bis
1434 5441 1527 5495 diu
1563 5441 1830 5505 moreris,
1873 5449 1929 5494 et
1978 5455 2007 5492 a
2043 5438 2290 5493 Sodomis

2398 5440 2565 5494 πολλὰ
2613 5438 2795 5505 λέγω;
2847 5436 2923 5506 μὴ
2967 5435 3088 5488 ἀντὶ
3137 5432 3377 5503 Χριστοῦ
3427 5433 3519 5485 τὸν
3570 5431 3844 5485 διάϐολον.
3892 5431 3988 5497 Μὴ

720 5553 847 5589 eum
918 5534 1019 5590 Lot
1091 5534 1276 5589 salvus
1346 5534 1546 5588 evades
1626 5533 1886 5601 precibus
1955 5537 2292 5585 sanctorum.

723 5627 919 5682 Anton.

796 5782 815 5812 ‘
842 5781 985 5837 Psal.
1020 5796 1232 5843 cuvm,
1261 5781 1311 5839 5.
1346 5779 1396 5831 ϐ.

2404 5529 2662 5600 χρονίσῃς
2682 5528 2739 5579 ἐν
2766 5527 2977 5589 αὐτοῖς,
3008 5524 3104 5578 καὶ
3142 5522 3289 5596 σώζῃ
3316 5522 3390 5586 ὡς
3436 5522 3560 5576 Δώο
3591 5520 3701 5575 ἀπὸ
3730 5521 3988 5591 Σοδόμων

2407 5618 2592 5686 εὐχαῖς
2626 5617 2815 5685 ἁγίων.
2854 5614 3048 5684 Ἀμήν.
