4210 6442
754 366 864 433 899

1991 355 2255 414 SANC'l‘l
2300 354 2388 411 BA
2399 352 2588 412 RSAN
2601 351 2819 413 UPIIII

3926 361 4050 427 990

752 483 859 536 silii
889 482 1117 533 liatrcm
1168 478 1219 531 id
1256 479 1434 547 ipsum
1465 474 1688 537 dixisse,
1727 492 1787 526 :u:
1838 471 2332 540 prrevxsistcntiam

2446 468 2597 534 άγῖου
2634 470 2935 541 Γρηγορίου
2987 473 3080 523 τοῦ
3119 470 3355 541 ἀδελφοῦ
3396 473 3492 529 τοῦ
3537 476 3697 543 ἁγίου
3752 476 4048 535 Βασιλείαν

753 572 1035 635 docuisse,
1064 572 1185 641 eius
1227 569 1374 621 dicta
1406 565 1655 635 qmcdam
1680 578 1846 632 prave
1883 561 2331 628 interpretantes.

756 662 875 731 Ipse
910 671 1088 716 tamen
1119 660 1262 711 clare
1300 658 1579 710 tricesimo
1606 653 1785 722 capite
1817 652 2002 721 operis
2028 650 2109 704 sui
2137 650 2205 703 de
2233 650 2335 703 bo-

759 752 1019 812 niinibus,
1045 747 1493 818 praecxsistcntiae
1513 745 1709 812 dogma
1733 749 2013 811 oppugnat
2037 749 2093 793 et
2115 740 2335 801 evertit,

756 838 1224 910 quemadmodum
1263 848 1320 891 et
1351 837 1547 891 beatus
1588 833 1758 887 David
1784 874 1799 897 ,
1856 849 1959 887 nec
2010 849 2120 886 non
2160 831 2335 886 sancti

755 934 1015 995 Joannes,
1038 931 1710 996 Athanasius,onmesqnc
1738 926 1828 979 alii
1854 925 1946 994 qui
1977 924 2233 978 Ecclesiae
2256 924 2338 976 lu-

757 1024 992 1077 minaria
1052 1021 1419 1088 doctoresque
1467 1028 1616 1072 sunt.
1676 1017 1752 1070 De
1808 1015 2161 1069 restitutione
2204 1029 2337 1067 vero

755 1130 946 1185 aperte
996 1114 1245 1183 loquitur
1276 1113 1417 1166 idem
1463 1108 1766 1179 Gregorius
1798 1108 2114 1178 Nyssenus;
2146 1121 2336 1160 verum

759 1222 869 1259 non
904 1206 972 1259 de
1006 1205 1107 1259 hac
1132 1220 1293 1273 quam
1330 1203 1432 1271 ipsi
1471 1204 1805 1271 pnedicant,
1846 1215 2047 1268 nempe
2086 1208 2339 1254 cessante

757 1297 1033 1366 supplicio
1058 1297 1173 1349 fore
1207 1305 1265 1347 nt
1298 1294 1462 1347 homo
1494 1294 1820 1347 restituatur
1847 1291 1900 1344 in
1924 1290 1976 1344 id
2012 1291 2158 1359 quod
2185 1291 2341 1359 prius

756 1399 895 1451 crat,
934 1378 1143 1441 scilicet
1170 1388 1221 1440 in
1253 1402 1418 1455 puras
1445 1383 1852 1451 intelligentias.
1886 1384 1953 1436 At
1991 1398 2337 1451 nequaquam

757 1480 892 1533 dicit
923 1478 1011 1531 ille
1038 1488 1380 1532 cessaturum
1420 1492 1482 1528 ac
1511 1475 1673 1527 linem
1700 1474 2020 1529 habiturum
2051 1490 2171 1528 esse
2211 1489 2341 1544 sup-

756 1571 1006 1639 plicium.
1039 1570 1139 1623 Dic
1173 1585 1324 1637 ergo,
1358 1578 1532 1638 pater,
1564 1583 1664 1621 cur
1690 1567 1813 1620 talis
1840 1567 2006 1619 homo
2036 1582 2148 1620 non
2188 1575 2339 1621 recte

756 1665 1040 1733 loquatur,
1084 1671 1142 1715 ut
1170 1679 1268 1732 par
1292 1669 1440 1715 esset
1463 1670 1714 1715 sanctum
1760 1660 1963 1723 virum,
2006 1659 2099 1729 qui
2128 1659 2337 1727 Spiritu

757 1764 950 1807 sancto
992 1754 1209 1806 alllante
1253 1750 1402 1821 loqui
1475 1751 1737 1820 dignatus
1775 1750 1868 1804 sit.
1926 1749 2142 1804 Etenim
2191 1749 2338 1804 circa

2439 559 2839 628 ἐπιχαίρωσιν,
2879 561 2962 613 ὅτι
3015 563 3076 612 τὸ
3127 562 3260 614 αὐτὸ
3300 559 3419 618 εἷπε
3471 568 3563 618 καὶ
3595 567 3745 634 λέγει
3773 570 4050 633 κάκεῖ.ος

2442 650 2811 721 προῦπαρξιν,
2839 653 3352 723 παρερμηνεύοντες
3387 656 3478 707 καὶ
3512 656 3851 728 αὖτοῦρητά
3885 674 4045 713 τινα.

2440 740 2611 803 Αὐτὸς
2638 741 2695 794 δὲ
2723 743 2912 813 σαφῶς
2940 746 2997 796 ἐν
3026 744 3103 813 τῷ
3126 746 3434 816 τριακοστῷ
3462 748 3744 819 κεφαλαίῳ
3767 753 3871 818 τῆς
3904 752 4046 820 περὶ

2438 832 2547 885 τῶν
2572 833 2880 905 ἀνθρώπων
2901 836 3069 891 αὑτοῦ
3093 839 3506 907 πραγματείας,
3534 841 3767 909 μάχεται
3788 842 4044 911 ἰσχυρῶς

2439 925 2615 996 τούτῳ
2664 926 2766 996 τῆς
2830 930 3229 1002 προῦπάρξεως
3290 931 3520 1001 δόγματι
3582 933 3679 987 καὶ
3729 934 4044 1005 ἀνατρέπει

2440 1016 2596 1082 αὐτὸ,
2624 1017 2761 1072 καθὸ
2813 1022 2911 1073 καὶ
2943 1023 2972 1074 ὁ
3005 1022 3278 1093 μακάριος
3337 1024 3503 1077 Δαυὶδ
3550 1025 3644 1077 καὶ
3691 1026 3742 1076 οἱ
3776 1027 3913 1095 περὶ
3943 1028 4044 1079 τὸν

2440 1106 2594 1175 ἅγιον
2634 1110 2889 1180 Ἰωάννην
2914 1112 3008 1166 καὶ
3050 1112 3372 1167 Ἀθανάσιον
3397 1115 3493 1167 καὶ
3530 1115 3581 1168 oi
3614 1114 3794 1168 λοιποὶ
3827 1114 4051 1180 πάντες

2438 1199 2538 1268 τῆς
2571 1198 2899 1273 Ἐκκλησίας
2950 1205 3240 1275 φωστῆρες
3286 1205 3379 1259 καὶ
3423 1205 3756 1259 διδάσκαλοι.
3789 1208 3935 1277 Περὶ
3977 1208 4043 1260 δὲ

2440 1292 2946 1359 ἀποκαταστάσεως
2978 1296 3171 1366 σαφῶς
3201 1296 3355 1365 λέγει
3398 1300 3427 1350 ὁ
3477 1298 3637 1360 αὐτὸς
3678 1300 3984 1371 Γρηγόριος
4010 1300 4046 1350 ὁ

2441 1383 2664 1455 Νύσσης
2690 1397 2705 1409 ⁰
2745 1385 2859 1438 ἀλλ’
2889 1388 2951 1439 οὐ
2977 1388 3106 1459 περὶ
3138 1388 3345 1457 ταύτης
3370 1384 3433 1460 ἦς
3462 1391 3616 1443 αὐτοὶ
3646 1391 3928 1459 λέγουσιν,
3954 1392 4043 1443 ὅτι

2444 1477 2761 1545 παυομένης
2789 1477 2887 1545 τῆς
2906 1478 3183 1543 κολάσεως
3208 1479 3392 1549 μέλλει
3418 1482 3446 1533 ὁ
3476 1481 3770 1551 ἄνθρωπος
3784 1481 4042 1535 ἀποκαθ-

2444 1565 2662 1618 ίσασθαι
2694 1570 2775 1631 εἰς
2803 1568 2938 1641 ὅπερ
2980 1569 3042 1633 ἐξ
3091 1571 3268 1641 ἀρχῆς
3302 1566 3369 1641 ἦν
3399 1609 3413 1634 ,
3446 1573 3523 1634 εἰς
3556 1571 3832 1642 καθαροὺς
3887 1573 4037 1633 νόας.

2455 1657 2595 1708 Ἀλλ’
2626 1658 2688 1709 οὑ
2726 1658 2883 1712 τοῦτο
2904 1660 3075 1727 λέγει,
3100 1662 3181 1713 ὅτι
3203 1661 3438 1715 παύεται
3462 1664 3494 1733 ἡ
3522 1662 3745 1726 κόλασις
3776 1664 4042 1725 καίτέλκ

2441 1748 2730 1820 λαμϐάνει.
2762 1750 2897 1803 Εἰπὲ
2918 1753 3032 1816 οῦν,
3068 1753 3261 1824 πάτερ,
3295 1754 3384 1806 διὰ
3404 1755 3457 1806 τί
3478 1753 3718 1815 τοιοῦτος
3742 1754 4041 1826 ἄνθρωπος

758 1844 1075 1914 paradisum
1110 1859 1333 1913 quoque
1366 1843 1705 1897 dissentiunt
1737 1840 1963 1909 quidam
1993 1856 2060 1893 ex
2080 1840 2340 1898 Patribus

2446 1839 2544 1891 οὐκ
2583 1839 2758 1905 ὀρθῶς
2787 1840 2959 1910 λέγει,
2989 1841 3170 1905 καθὼς
3223 1844 3498 1913 ἐνδέχεται
3534 1844 3704 1915 ἄνδρα
3750 1846 3918 1913 ἅγιον
3946 1846 4041 1897 καὶ

755 1947 811 1989 ct
833 1937 1176 1999 doctoribus,
1204 1936 1335 1990 dum
1354 1935 1513 1988 aiunt
1536 1933 1689 1987 illum
1716 1949 1826 1987 non
1850 1948 1972 1987 esse
1991 1932 2335 2000 scnsibilcm,

756 2028 853 2082 sed
903 2027 1330 2097 intelligibilcm.
1361 2027 1419 2081 ln
1446 2025 1571 2079 aliis
1595 2039 1816 2095 quoque
1857 2024 2157 2094 Scriptura:
2183 2026 2338 2094 capi-

761 2121 892 2178 Iulis
920 2120 1215 2190 quamdam
1252 2119 1651 2173 dissonantiam
1698 2116 1946 2186 reperire
1996 2124 2101 2171 est.
2152 2116 2339 2171 Indica

758 2213 893 2268 illud
921 2230 1054 2283 ergo
1087 2214 1270 2278 nobis,
1304 2223 1478 2284 pater,
1516 2221 1630 2267 uta
1659 2212 1818 2266 vobis
1844 2210 2139 2265 illuminati
2164 2209 2337 2281 glori-

757 2307 984 2361 ﬁccmus
1013 2307 1206 2370 Deum,
1228 2315 1286 2359 et
1311 2305 1584 2377 judicium
1614 2319 1727 2368 non
1755 2301 2001 2358 feramus
2033 2302 2092 2357 in
2117 2310 2340 2357 sanctos

756 2398 948 2453 Patres
974 2407 1213 2453 nostros.

1204 2687 1491 2757 Responsio
1522 2684 1902 2755 Barsanuphii.

828 2806 1142 2860 Benedictus
1156 2803 1293 2857 Deus
1317 2812 1365 2858 et
1379 2802 1542 2856 Pater
1560 2802 1773 2854 Domini
1792 2799 1957 2853 nostri
1972 2798 2097 2853 Jesn
2122 2798 2337 2862 Christi,

2439 1928 2741 1995 ἀξιωθέντα
2763 1930 2945 1984 λαλεῖν
2976 1932 3040 1985 ὲκ
3065 1933 3380 2003 Πνεύματος
3431 1935 3609 2003 ἁγίου,
3672 1934 3912 2005 καὶγὰρ
3942 1936 4039 1987 καὶ

2442 2020 2573 2091 περὶ
2612 2021 2707 2076 τοῦ
2742 2023 3074 2094 παραδείσου
3103 2024 3432 2093 διαφωνοῦσι
3456 2044 3601 2090 τινες
3629 2026 3740 2079 τῶν
3765 2026 4040 2098 Πατέρων

2442 2111 2540 2165 καὶ
2577 2112 2935 2177 διδασκάλων,
2982 2115 3058 2185 μὴ
3109 2114 3363 2183 λέγοντες
3400 2115 3566 2169 αὐτὸν
3598 2115 4039 2185 αἱσθητδν,1λλα

2440 2205 2653 2275 νοητόν.
2688 2206 2801 2259 Καὶ
2833 2207 2892 2259 ὲν
2923 2206 3105 2272 ἄλλοις
3129 2208 3449 2277 κεφαλαίοις
3486 2209 3587 2277 τῆς
3629 2209 3863 2279 Γραφῆς
3890 2209 4039 2262 ἐστιν

2439 2296 2622 2367 εὑρεῖν
2651 2315 2813 2350 τινων
2845 2298 3163 2367 διαφωνίαν.
3199 2300 3505 2369 Σαφήνισον
3522 2297 3616 2352 οῦν
3645 2299 3801 2369 ἡμῖν,
3833 2299 4037 2371 δέσπο-

2438 2406 2531 2453 τα,
2562 2388 2748 2452 τοῦτο,
2782 2389 3236 2461 παρακαλοῦμεν,
3278 2388 3368 2442 ἵνα
3393 2388 3526 2459 παρ’
3551 2387 3705 2458 ὑμῶν
3728 2387 4035 2457 φωτισθέν-

2440 2499 2552 2545 τες,
2576 2481 2892 2553 δοξάσωμεν
2926 2482 3019 2536 τδν
3053 2481 3210 2546 Θεὸν,
3245 2481 3341 2536 καὶ
3386 2480 3465 2552 μὴ
3496 2479 3913 2552 διακρινώμεθα
3950 2484 4033 2546 είς

2439 2571 2567 2636 τοὺς
2596 2572 2788 2640 ἁγίους
2817 2574 2849 2643 ἡ
2860 2572 2978 2643 μῶν
3008 2572 3281 2644 Πατέρας.

2808 2687 3148 2755 Ἀπόκρισις
3178 2686 3668 2755 Βαρσανουφιου.

2515 2804 2861 2873 Εὐλογητὸς
2915 2805 2951 2857 ό
3010 2802 3156 2868 Θεὸς
3222 2802 3324 2855 καὶ
3381 2801 3587 2868 Πατὴρ
3638 2798 3748 2853 τοῦ
3803 2799 4037 2868 Κυρίου

755 2899 845 2968 qni
879 2896 1142 2950 benedixit
1174 2911 1265 2947 nos
1295 2896 1350 2948 in
1398 2894 1543 2946 omni
1580 2891 1936 2945 benedictione
1971 2890 2241 2960 spirituali
2285 2891 2340 2943 in

2446 2896 2611 2966 ἡμῶν
2669 2894 2865 2961 Ἰησοῦ
2914 2893 3214 2961 Χριστοῦ,
3270 2895 3300 2945 ὀ
3358 2890 3706 2961 εὐλογήσας
3748 2891 3918 2961 ἡμᾶς
3967 2894 4038 2946 ἐν

754 2989 1047 3042 cmlestibus
1075 2988 1130 3041 in
1164 2986 1391 3041 Christo.
1436 2984 1663 3039 Amen’.
1719 2983 1941 3036 Fratres
1966 3022 1981 3046 ,
2027 2991 2340 3052 Opportune

2446 2988 2611 3053 πάσῃ
2637 2987 2888 3054 εὐλογίᾳ
2925 2983 3303 3053 πνευματικῇ
3355 2984 3426 3035 ἐν
3476 2983 3601 3048 τοῖς
3647 2982 4039 3051 ἐπουρανίοις

756 3081 941 3134 dicere
977 3094 1201 3148 possum
1250 3092 1376 3132 cum
1407 3075 1671 3145 Apostolo
1699 3093 1710 3126 :
1740 3074 1933 3127 Factus
1967 3092 2085 3128 sum
2121 3076 2338 3139 stultus,

2446 3081 2513 3133 ἐν
2547 3079 2805 3146 Χριστῷ.
2853 3077 3062 3146 Ἀμήν.
3097 3076 3367 3144 Ἀδελφοὶ,
3394 3074 3654 3147 εὔκαιρον
3684 3076 3867 3129 εἰπεῖν
3899 3078 4042 3145 μετὰ

757 3187 847 3225 vos
879 3186 961 3223 me
999 3167 1242 3238 coegistis
1264 3167 1307 3219 ⁸.
1340 3164 1559 3219 Etenim
1602 3172 1833 3232 prepter
1857 3178 1953 3216 vos
1999 3178 2169 3230 cogor
2215 3178 2339 3231 qua:

2448 3169 2540 3222 τοῦ
2590 3166 2947 3221 Ἀποστόλου·
2994 3170 3227 3237 Γέγονα
3262 3161 3490 3236 ἄφρων,
3521 3166 3795 3235 ὐμεῒς,με
3837 3169 4034 3233 ἠναγ-

761 3273 1077 3313 mensuram
1101 3263 1367 3324 superant
1396 3268 1571 3307 meam
1598 3250 1856 3310 scrutari,
1882 3258 1937 3303 ct
1960 3265 2022 3303 ea
2046 3248 2196 3319 loqui
2221 3265 2344 3318 quae

760 3368 873 3406 non
899 3364 1152 3420 magnam
1174 3347 1373 3402 anima:
1389 3345 1684 3399 utilitatem
1718 3340 2028 3403 conferant,
2070 3341 2173 3394 nisi
2202 3340 2344 3395 forte

761 3446 935 3515 ipsam
977 3442 1204 3497 laedant.
1246 3438 1573 3493 Dimisimus
1622 3434 1851 3490 Paulum
1898 3434 2209 3503 apostolum
2257 3433 2345 3487 di-

759 3546 979 3592 centem
1007 3553 1021 3588 :
1056 3533 1239 3589 Omnis
1265 3533 1350 3585 ira
1380 3539 1427 3583 et
1451 3529 1599 3599 furor
1634 3535 1681 3579 et
1708 3525 1912 3579 clamor
1936 3532 1985 3578 et
2020 3524 2345 3594 blasphemia

762 3630 987 3683 tollatur
1008 3646 1041 3682 a
1062 3626 1204 3681 vobis
1226 3640 1344 3678 cum
1368 3622 1513 3675 omni
1534 3619 1743 3673 malitia
1764 3619 1806 3671 ’.
1840 3618 1953 3688 Ego
1980 3625 2165 3670 autem
2196 3617 2342 3685 dico,

763 3739 889 3777 cum
919 3719 1227 3776 voracitate
1267 3724 1324 3769 et
1352 3710 1719 3768 fornicatione
1767 3718 1825 3764 ct
1868 3710 2102 3765 avaritia
2127 3718 2183 3766 ct
2213 3711 2344 3767 reli-

763 3815 890 3885 quis
944 3811 1114 3867 auimi
1152 3807 1393 3870 morbis,
1449 3805 1519 3858 de
1561 3802 1765 3873 quibus
1806 3801 2186 3856 indesinenter
2214 3800 2346 3855 flere

763 3910 1062 3977 lugereque
1092 3917 1195 3955 nos
1227 3904 1450 3969 Oportet
1478 3895 1568 3949 die
1598 3910 1663 3947 ac
1686 3903 1870 3956 nocte,
1905 3899 1966 3945 ut
1998 3891 2053 3945 vi
2076 3892 2346 3961 lacrymao

765 4012 886 4050 rum
909 3995 1108 4048 horum
1139 3988 1389 4043 omnium
1420 3984 1620 4039 sordes
1646 3984 1963 4044 abluantur,
1984 3990 2042 4035 et
2069 3982 2349 4051 possimus

656 4107 665 4116 ·
760 4104 828 4142 cx
860 4084 1165 4155 inquinatis
1209 4079 1335 4150 puri
1369 4077 1628 4139 evadere,
1676 4089 1743 4128 ex
1774 4072 2161 4142 peccatoribus
2188 4072 2347 4142 justi,

761 4196 828 4234 ex
861 4176 1097 4231 mortuis
1122 4175 1394 4228 viventes.
1428 4166 1772 4244 Exercitatio
1788 4174 1973 4218 autem
2000 4173 2189 4218 nostra
2221 4179 2348 4217 ver-

762 4280 919 4327 satur
947 4270 1096 4325 circa
1132 4281 1303 4320 unum
1339 4272 1553 4319 tantum
1583 4259 1855 4321 verbum,
1907 4256 1976 4311 de
2022 4271 2134 4326 quo
2174 4255 2349 4309 ratio-

766 4382 892 4421 nem
921 4362 1197 4418 reddituri
1245 4373 1461 4415 sumus.
1508 4354 1657 4410 Dicit
1685 4352 1834 4407 enim
1866 4366 1882 4404 :
1914 4349 2005 4431 Tu,
2028 4349 2212 4402 reddes
2231 4348 2351 4401 uni-

762 4460 952 4519 cuique
973 4456 1136 4525 juxta
1166 4467 1329 4523 opera
1351 4465 1450 4503 sua
1474 4447 1517 4478 ¹⁶
1544 4464 1558 4511 ;
1585 4455 1643 4499 et
1674 4444 1876 4498 iterum
1906 4457 1922 4495 :
1955 4438 2065 4494 Nos
2121 4438 2348 4507 manife-

2444 3263 2690 3315 κάσιιτε.
2757 3258 2866 3312 Καὶ
2916 3259 3028 3331 γάρ
3062 3260 3453 3329 ἀναγκάζομαι
3496 3259 3565 3311 δι’
3595 3259 3742 3327 ὑμᾶς
3783 3257 3855 3311 τά
3872 3257 4042 3321 dscip-

2449 3353 2626 3423 μετρά
2681 3370 2783 3422 μου
2837 3354 3087 3423 ἐρευνᾷν,
3123 3351 3219 3404 καὶ
3260 3351 3446 3403 λαλεῖν
3483 3351 3552 3403 τά
3591 3349 3667 3421 μὴ
3711 3348 4041 3418 ὠφελοῦντα

2445 3446 2589 3497 πάνυ
2627 3443 2728 3514 τὴν
2767 3443 2967 3515 ψυχὴν,
3001 3447 3050 3496 εἰ
3084 3443 3160 3513 μὴ
3200 3444 3295 3496 καὶ
3347 3441 3675 3512 βλάπτοντα.
3712 3442 4043 3511 ’Δφήκαμεν

2447 3534 2661 3588 Παῦλον
2714 3534 2807 3586 τὸν
2864 3533 3168 3588 ἀπόστολον
3202 3532 3472 3601 λέγονταο
3520 3532 3698 3587 Πᾶσα
3747 3533 3905 3601 ὁρτὴ
3939 3535 4041 3585 καί

2446 3627 2634 3696 θυμὸς
2687 3627 2784 3679 καὶ
2832 3625 3063 3697 κραυγὴ
3108 3625 3207 3678 καὶ
3258 3624 3630 3694 βλασφημία
3664 3625 3908 3693 ἀρθήτω
3939 3625 4044 3693 ἀρ.

2446 3717 2620 3787 ὑμῶν
2640 3717 2763 3771 σὺν
2806 3715 2977 3784 πάσῃ
3007 3714 3212 3780 κακίᾳ.
3251 3713 3397 3782 Ἐγὼ
3427 3714 3486 3767 δὲ
3510 3714 3677 3781 λέγω,
3718 3714 3819 3767 σὺν
3847 3716 3916 3785 τῇ
3948 3733 4048 3782 Ta-

2450 3805 2793 3878 στριμαργίᾳ
2839 3806 2932 3859 καὶ
2966 3803 3198 3876 πορνείᾳ
3248 3806 3346 3857 καὶ
3390 3802 3731 3875 φιλαργυρίᾳ
3775 3805 3877 3857 καὶ
3928 3809 4047 3866 τοῖς

2449 3899 2658 3962 λοιποῖς
2691 3897 2912 3961 πάθεσι,
2951 3895 3081 3964 περὶ
3127 3888 3202 3949 ὧν
3257 3895 3552 3965 ὀφείλομεν
3600 3893 3824 3948 πενθεῖν
3869 3895 4047 3947 νύκτα

2449 3994 2546 4046 καὶ
2591 3991 2809 4062 ἡμέραν
2850 3990 2945 4043 καὶ
2993 3988 3207 4041 κλαίειν
3239 3987 3627 4051 ἀδιαλείπτως,
3666 3987 3755 4041 ἵνα
3805 3988 3902 4041 διὰ
3950 3986 4047 4040 τοῦ

2449 4084 2561 4138 τῶν
2590 4079 2845 4153 δακρύων
2875 4079 3136 4151 πλήθους,
3160 4081 3189 4133 ὁ
3218 4079 3390 4150 ῥύπος
3412 4078 3621 4132 τούτων
3643 4079 3781 4131 ὅλων
3807 4079 4051 4131 ἐκπλυν-

2451 4179 2543 4247 θῇ,
2576 4175 2673 4228 καλ⁸
2710 4172 3033 4242 δυνηθῶμεν
3067 4171 3322 4239 γενέσθαι
3372 4171 3438 4222 ἐκ
3475 4170 3743 4258 ρυπαρῶν
3783 4169 4046 4240 καθαροὶ,

2451 4266 2511 4331 ὲξ
2543 4263 2890 4335 ἁμαρτωλῶν
2923 4263 3155 4327 δίκαιοι,
3195 4264 3261 4315 ὲκ
3305 4261 3517 4332 νεκρῶν
3562 4260 3783 4325 ζῶντες.
3837 4262 4051 4315 1601:-

2456 4349 2695 4421 σχοῦμεν
2725 4350 2783 4402 δὲ
2811 4351 2892 4412 είς
2923 4348 3021 4401 ἕνα
3050 4349 3233 4418 λόγον,
3265 4343 3328 4403 οῦ
3365 4349 3640 4419 μέλλομεν
3679 4348 3873 4403 δοῦναι
3900 4351 4045 4404 ἀπο-

2452 4441 2662 4510 λογίαν.
2693 4442 2863 4511 Φησὶν
2895 4439 3024 4512 γάρ,
3051 4441 3133 4493 ὅτι
3162 4440 3246 4494 Σὺ
3270 4438 3606 4505 ἀποδώσεις
3620 4439 3864 4507 ἑκάστῳ
3894 4444 4048 4496 κατὰ

763 4550 899 4604 stari
936 4510 1140 4617 oportet
1170 4510 1293 4598 aunte
1312 4510 1552 4594 tribuunt
1584 4536 1812 4599 Christi,
1856 4541 1914 4586 ut
1952 4532 2149 4601 referat
2184 4546 2344 4583 unus-

2455 4535 2529 4586 τὰ
2566 4532 2712 4601 ἔργα
2744 4531 2964 4585 αὐτοῦ·
3013 4532 3107 4584 καὶ
3157 4532 3342 4584 πάλιν·
3386 4532 3469 4584 ὅτι
3506 4531 3609 4585 Δεῖ
3654 4530 3816 4600 ἡμᾶς
3857 4551 4047 4601 gnere-

764 4643 985 4712 quisque
1002 4654 1120 4708 qum
1136 4648 1235 4708 per
1244 4648 1435 4704 corpus
1452 4633 1578 4701 egit,
1598 4629 1705 4683 sive
1720 4628 1913 4681 bonum
1931 4627 2040 4678 sive
2059 4622 2264 4677 malum
2283 4622 2349 4675 ".

767 4734 973 4786 llorum
1014 4744 1116 4783 nos
1144 4741 1334 4781 curam
1359 4738 1554 4795 gerere
1587 4730 1829 4789 oportet,
1863 4717 1933 4771 de
1960 4716 2167 4786 quibus
2188 4715 2352 4769 Pater

767 4833 958 4877 uoster
1000 4821 1226 4873 Pmmen
1253 4824 1310 4870 et
1343 4814 1438 4884 qui
1459 4819 1586 4882 post
1605 4811 1785 4879 ipsum
1811 4807 2171 4870 exstiterunt,
2197 4804 2353 4859 solli-

764 4914 860 4970 citi
896 4913 1072 4967 fuere.
1105 4909 1232 4963 Haac
1269 4903 1587 4960 sollicitudo
1638 4900 1691 4954 id
1724 4900 1868 4970 parit
1916 4907 1980 4951 ut
2016 4912 2129 4951 non
2171 4896 2349 4949 altum

763 5008 1047 5078 sapiamus
1071 5044 1086 5067 .
1118 5016 1220 5056 nos
1258 5014 1369 5054 non
1419 4994 1601 5065 magni
1637 4992 1923 5056 faciamus,
1959 4989 2054 5044 sed
2091 4998 2352 5059 tanquam

767 5113 973 5157 terram
1005 5108 1061 5153 et
1098 5096 1345 5149 cinerem
1386 5089 1792 5145 existimemus.
1830 5084 1925 5138 Illa
1959 5097 2094 5135 vero
2141 5081 2352 5135 sollici-

764 5192 902 5248 tudo
952 5204 1066 5259 pne
1096 5203 1156 5243 se
1193 5186 1323 5247 fert,
1359 5191 1423 5236 ut
1466 5179 1593 5250 quis
1619 5193 1680 5233 se
1707 5191 1809 5247 pro
1831 5175 2097 5230 Gnostico
2127 5174 2351 5235 habeat,

765 5288 828 5332 ut
861 5287 1140 5332 tumorem
1176 5271 1398 5333 inferat,
1427 5278 1490 5323 ut
1521 5266 1650 5337 quis
1689 5265 1863 5319 altum
1883 5262 2079 5332 sapiat,
2107 5277 2353 5331 seseque

765 5369 950 5439 magni
981 5363 1267 5437 quidpiam
1303 5362 1357 5415 in
1391 5359 1653 5413 erunibus
1682 5355 1997 5417 existimet,
2031 5361 2092 5407 ut
2129 5352 2200 5406 ab
2243 5353 2350 5406 hu-

766 5461 1002 5515 militate
1017 5458 1269 5512 desistat.
1286 5454 1559 5526 Ignoscite
1580 5450 1740 5513 milii,
1764 5463 1834 5502 an
1861 5463 1970 5501 non
1994 5446 2161 5500 otiosi
2185 5446 2350 5511 estis;

765 5553 1004 5622 ideoque
1035 5550 1102 5604 ad
1132 5549 1250 5604 haec
1278 5563 1377 5601 vos
1407 5543 1715 5601 confertis?
1750 5541 1805 5596 Si
1835 5541 1907 5593 ita
1941 5548 2065 5602 cst,
2117 5538 2352 5592 descen-

764 5644 882 5700 dite
913 5644 971 5699 in
998 5642 1203 5706 forum,
1258 5639 1437 5694 donec
1465 5635 1653 5691 veniat
1687 5631 2108 5704 paterfamilias,
2152 5639 2209 5683 et
2256 5644 2354 5683 vos

829 5802 849 5834 "
885 5796 1092 5869 prcs.
1136 5815 1173 5859 ι,
1206 5796 1259 5849 5.

1336 5792 1358 5825 ⁸
1383 5793 1428 5847 ll
1462 5791 1590 5846 Cor.
1639 5804 1735 5857 xu,
1774 5788 1859 5843 il.
1938 5787 1958 5817 ’
1987 5784 2190 5858 Eplies.
2228 5799 2301 5850 tv,
2334 5784 2426 5839 51.

2444 4622 2713 4691 ρωθῆναι
2744 4622 2845 4674 ἐπὶ
2875 4623 2982 4675 τοῦ
3014 4621 3294 4690 βήματος
3332 4622 3440 4676 τοῦ
3479 4624 3765 4689 Χριστοῦ,
3805 4624 3914 4677 Ira
3951 4643 4048 4679 κο-

2448 4714 2705 4783 μίσηται
2744 4713 3007 4780 ἕκαστος
3054 4713 3127 4767 τὰ
3183 4714 3282 4769 διὰ
3319 4714 3426 4769 τοῦ
3486 4715 3763 4785 σώματος
3812 4719 3970 4785 πρὸς
4012 4717 4049 4772 d

2450 4806 2740 4874 ἔπραξεν,
2793 4805 2915 4859 εἴτε
2962 4808 3212 4875 ἀγαθὸν,
3246 4808 3369 4861 εἴτε
3410 4809 3620 4862 κακόν.
3665 4809 3803 4880 Περὶ
3837 4811 4049 4865 τούτων

2453 4896 2745 4966 ὀφείλομεν
2780 4898 3106 4961 σπουδάσαι,
3136 4899 3268 4969 περὶ
3305 4892 3381 4952 ὧν
3410 4900 3505 4952 καὶ
3530 4902 3580 4953 ot
3613 4903 3857 4971 πατέρες
3890 4903 4048 4973 ἡμῶν

2450 4990 2500 5041 oi
2532 4988 2665 5059 περὶ
2685 4987 2981 5042 τδνάϐὅάν
3009 4992 3254 5060 Ποιμένα
3292 4991 3387 5044 καὶ
3417 4993 3545 5055 τοὺς
3571 4993 3809 5063 καθεξῆς
3840 4995 4048 5049 ἐσπού-

2451 5080 2645 5133 δασαν.
2692 5079 2845 5150 Αὕτη
2900 5083 2934 5152 ὴ
2981 5082 3189 5153 σπουδὴ
3238 5083 3353 5154 ἔχει
3391 5084 3453 5137 τὸ
3483 5085 3816 5154 άψήφιστον,
3867 5087 3934 5139 τὸ
3975 5088 4050 5157 μὴ

2456 5173 2679 5241 μετρεῖν
2727 5172 2949 5236 ἑαυτὸν,
2994 5172 3057 5225 τὸ
3092 5172 3239 5243 ἔχειν
3286 5174 3479 5228 ἑαυτὸν
3535 5176 3642 5244 γῆν
3676 5177 3777 5228 καὶ
3822 5179 4045 5233 σποδόν.

2466 5263 2682 5333 Ἐκείνη
2726 5263 2785 5316 δὲ
2834 5265 2868 5334 ἡ
2908 5264 3119 5335 σπουδὴ
3155 5266 3272 5335 ὲχεῖ
3297 5265 3360 5319 τὸ
3394 5266 3541 5337 ἔχειν
3580 5268 3778 5320 ἑαυτὸν
3806 5270 4046 5325 rvunt-ri-

2456 5356 2575 5419 κον,
2605 5355 2667 5406 τὸ
2696 5354 2887 5425 φέρειν
2915 5358 2997 5422 είς
3024 5358 3314 5427 φυσίωσιν,
3340 5357 3403 5411 τὸ
3427 5358 3689 5428 ψηφίζειν
3713 5360 3938 5428 ἑαυτὸν,
3956 5364 4048 5419 καὶ

2460 5448 2688 5517 μετρεῖν
2720 5448 2779 5500 ἐν
2806 5450 2977 5503 παντὶ
3014 5450 3330 5521 πράγματι,
3370 5451 3436 5504 τδ
3468 5453 3777 5522 ἀποστῆναι
3813 5455 3919 5524 τῆς
3953 5475 4047 5510 τα-

2458 5540 2918 5610 πεινοφροσύνης.
2952 5542 3354 5614 Συγχωρήσατέ
3399 5560 3511 5613 μοι,
3574 5543 3650 5615 μὴ
3698 5547 3866 5618 ἀργοί
3900 5548 4047 5611 ἐστι.

2457 5630 2553 5682 καὶ
2584 5629 2672 5683 διὰ
2693 5632 2854 5684 τοῦτο
2877 5632 3107 5703 ἔρχεσθε
3136 5636 3216 5697 εις
3246 5635 3424 5688 ταῦτα
3448 5652 3464 5701 ;
3496 5636 3555 5689 Εἰ
3579 5634 3757 5701 οὕτως
3785 5639 3928 5712 ἔχει,
3963 5657 4049 5695 κα·

2507 5785 2551 5817 ’⁸
2578 5786 2722 5842 Psal.
2749 5802 2855 5854 ut,
2884 5786 2970 5842 1⁸5.
3051 5789 3093 5820 ³⁸
3132 5788 3180 5845 II
3204 5788 3333 5847 Cor.
3368 5806 3422 5855 ν,
3463 5793 3528 5849 10
