4210 6442
821 339 932 401 903

2060 335 2441 396 EUSTATHI
2448 335 2476 392 Ι
2516 335 2854 398 MONACHI

3992 345 4104 408 904

823 449 1115 503 divinitate
1164 461 1352 503 sanam
1402 443 1713 500 doctrinam
1751 444 2122 508 retinuerunt,
2168 453 2382 512 excepti

2505 441 2626 497 οὐδὲ
2661 449 2790 516 περὶ
2822 449 2994 521 αὐτὴν
3031 453 3132 523 μὲν
3163 453 3262 522 τὴν
3299 453 3535 522 θεότητα
3567 452 3925 520 ὑγιαίνοντες,
3949 458 4102 526 πλὴν

822 545 1048 600 nomine
1079 543 1274 600 Christi
1306 560 1323 596 :
1352 540 1455 596 sed
1503 541 1864 596 vehementer
1903 540 2159 594 doctores
2210 541 2397 594 incre-

821 652 1044 703 pavere,
1108 635 1390 688 Christum
1455 633 1509 684 in
1565 646 1730 685 carne
1787 631 2004 684 venisse
2059 639 2394 696 asserentes,

816 729 957 780 duas
1005 725 1220 779 sciiicct
1256 731 1486 776 naturas
1517 722 1818 776 confessos.
1858 721 1993 774 lieni
2026 721 2126 774 tibi
2163 729 2396 776 testetur

817 820 1003 872 Manes
1053 817 1119 870 ad
1174 815 1387 869 Addam
1435 817 1726 869 scribens:
1776 835 1793 865 ι
1831 815 1968 868 Dum
2000 814 2211 869 Galilei
2258 816 2396 869 duas

815 905 1099 956 Christum
1137 912 1364 958 naturas
1411 903 1617 956 habere
1674 904 2110 968 contendebant,
2168 904 2394 958 caehin-

815 1011 946 1050 nutn
971 995 1330 1055 sustulimus;
1371 995 1492 1047 illos
1513 996 1661 1046 enim
1687 994 1953 1062 fugiebat,
1975 995 2121 1062 quod
2140 996 2396 1050 substan-

818 1085 888 1136 tia
932 1083 1181 1147 luminis,
1227 1097 1352 1136 cum
1389 1081 1495 1134 alia
1541 1082 1773 1135 materia
1823 1097 1932 1134 non
1977 1085 2392 1147 commiscetur,

813 1176 910 1229 sed
955 1177 1253 1245 purissima
1293 1183 1399 1237 est,
1455 1173 1665 1226 nullius
1698 1188 1822 1226 cum
1872 1172 2054 1226 aliena
2085 1173 2395 1230 substantia

814 1269 1035 1323 unionis
1089 1281 1282 1335 capax,
1339 1265 1557 1318 etiamsi
1605 1264 1736 1317 huic
1793 1264 2075 1320 cohaerere
2113 1266 2391 1322 videatur.

811 1359 1007 1413 Christi
1061 1373 1264 1410 nomen
1303 1373 1400 1425 per
1431 1356 1667 1409 abusum
1715 1365 2048 1425 usurpatur;
2104 1357 2250 1412 istud
2292 1375 2395 1414 nec

809 1453 1052 1519 speciem
1101 1450 1268 1503 ullam
1310 1449 1582 1518 designat,
1633 1464 1737 1502 nec
1767 1450 2154 1503 substantiam.
2186 1450 2394 1519 Super-

811 1560 940 1596 num
1003 1558 1135 1596 vero
1185 1543 1372 1595 lumen
1414 1543 1656 1608 seipsum
1708 1557 1832 1593 cum
1887 1543 2002 1594 suis
2042 1543 2391 1608 consocians,

811 1634 1048 1703 przebuit
1077 1648 1136 1687 se
1162 1647 1361 1699 corpus
1394 1631 1538 1682 inter
1587 1629 1742 1681 rudia
1776 1645 2031 1697 corpora,
2067 1646 2174 1684 una
2210 1630 2392 1698 ipsum

809 1742 906 1794 per
939 1725 1122 1778 omnia
1149 1731 1364 1776 natura.
1397 1741 1414 1772 ι
1447 1720 1528 1775 Ad
1558 1721 1918 1791 Scythianum
1941 1738 2161 1792 quoque
2192 1723 2390 1778 similia

2500 537 2762 603 Χριστὸν
2795 541 3068 610 λέγοντες.
3088 545 3575 616 Διελοιδορήσαντο
3590 544 3647 597 δὲ
3673 546 3798 608 τοὺς
3820 548 3962 600 θεὸν
3990 551 4100 603 Λό-

2503 644 2597 696 γον
2626 630 2686 682 ὲν
2734 635 2900 702 σαρκὶ
2935 634 3256 704 ἐληλυθέναι
3301 636 3582 705 λέγοντας,
3614 637 3691 699 ὡς
3737 637 3833 691 δύο
3895 643 4105 708 φύσεις

2501 722 2923 792 ὁμολογοῦντας.
2977 729 3089 781 Καὶ
3123 729 3360 782 πειθέτω
3416 747 3476 782 σε
3523 731 3826 800 Μακιιχαίος
3860 737 4106 805 γράφων

2501 815 2639 884 πρὸς
2679 815 2906 870 Ἀδδᾶν·
2947 839 2966 871 ι
3020 821 3141 873 Τῶν
3192 824 3497 877 Γαλιλαίων
3555 825 3650 877 δύο
3705 825 4104 895 ὀνομαζόντων

2500 907 2696 972 φύσεις
2745 909 2890 976 ἔχειν
2933 913 3023 965 τὸν
3052 914 3314 984 Χριστὸν,
3367 917 3577 974 πλατὺν
3620 919 3970 988 κατεχὲαμεν
4002 922 4102 986 γέ-

2499 994 2669 1060 λῶταν
2706 999 2781 1062 ὡς
2817 1001 2919 1053 οὐκ
2951 1004 3171 1057 εἰδότων
3208 1007 3288 1058 ὅτι
3329 1008 3361 1074 ή
3389 1007 3549 1058 ούσία
3581 1007 3676 1059 τοῦ
3719 1010 3898 1074 φωτὸς
3925 1011 4104 1080 ἑτέρᾳ.

2497 1087 2561 1139 ού
2603 1088 2861 1157 μίγνυται
2914 1091 3056 1163 ὕλῃ,
3109 1097 3224 1150 ἀλλ’
3293 1097 3439 1149 ἔστιν
3486 1101 3837 1170 ἀκραιζνὴς,
3887 1103 4101 1171 ἐπιωῡῆ-

2498 1197 2587 1230 ναι
2639 1181 2805 1253 ἑτέρᾳ,
2853 1185 3013 1255 οὐσίᾳ.
3071 1187 3145 1257 μὴ
3193 1189 3470 1259 δυναμένη
3500 1231 3514 1253 ,
3569 1191 3674 1243 κᾶν
3723 1193 3856 1262 δοκῇ
3920 1196 4101 1263 ταύτῃ

2501 1271 2794 1342 συνῆφθαι.
2835 1276 2917 1329 ,Ἦ
2960 1277 3018 1330 δὲ
3066 1278 3161 1331 τοῦ
3203 1281 3468 1344 Χριστοῦ
3523 1286 3869 1353 προσηγορία
3920 1285 4102 1351 ὃνοςά

2499 1365 2615 1416 ἐστι
2648 1371 3112 1438 καταχρηστικὸν,
3150 1369 3272 1423 οὔτε
3326 1373 3501 1434 eicio»;
3538 1375 3663 1426 οὔτε
3693 1378 3887 1439 ούσίας
3923 1381 4102 1445 ὑπάρ-

2499 1473 2594 1525 χον
2627 1462 2988 1530 σημαντικόν.
3021 1463 3093 1514 Τὸ
3132 1464 3189 1515 δὲ
3231 1465 3510 1518 ἀνώτατον
3560 1468 3678 1533 φῶς
3723 1474 3837 1532 τοῖς
3891 1474 4100 1522 έλῖλῖοεζ)

2501 1551 2937 1620 συνουσιωμένον
2963 1593 2980 1616 ,
3016 1554 3218 1619 ἔδειξεν
3264 1558 3456 1610 ἑαυτὸν
3497 1560 3553 1611 ἐν
3588 1563 3700 1622 τοῖς
3742 1562 3952 1624 ὑλικοῖς
3989 1565 4102 1613 σώ-

2501 1659 2668 1711 μασιν
2710 1643 2892 1714 σῶμα,
2929 1647 3029 1715 μία
3057 1646 3116 1699 ὂν
3142 1647 3274 1699 αὐτὸ
3300 1648 3468 1716 φύσις
3491 1651 3552 1702 τὸ
3590 1653 3720 1705 πᾶν.
3759 1671 3777 1704 ι
3811 1653 3926 1706 Καὶ
3956 1662 4098 1720 πρὶς

2498 1734 2798 1789 Σκυοιανὸν
2835 1737 2894 1790 δὲ
2926 1738 2997 1791 τὰ
3031 1741 3196 1809 ὃμοια
3238 1741 3480 1810 γράφειο
3527 1761 3544 1792 ι
3601 1743 3660 1795 '0
3711 1744 3768 1798 δὲ
3808 1745 3909 1798 τοῦ
3957 1749 4097 1799 ἰξίου

809 1819 976 1873 habet
1013 1835 1026 1871 :
1074 1836 1090 1867 ‹
1128 1817 1307 1886 Ipsius
1342 1815 1568 1869 luminis
1615 1815 1790 1869 Filius
1820 1818 2097 1884 prapriam
2129 1817 2382 1871 substan-

2495 1826 2674 1892 φωτὸς
2714 1829 2846 1892 Υἱὸς
2877 1829 2976 1902 τὴν
3005 1793 3147 1886 ἰδίαν
3166 1793 3442 1886 οὐσίανιὲν
3470 1835 3548 1904 τῷ
3575 1835 3690 1906 ὄρει
3713 1838 4093 1907 ἐφανέρωσεν·

809 1911 938 1965 tiam
981 1909 1037 1962 in
1078 1916 1269 1962 monte
1325 1906 1630 1969 revelavit;
1670 1922 1780 1960 non
1811 1907 1950 1962 duas
1983 1907 2198 1962 habens
2232 1917 2382 1962 natu-

2492 1915 2555 1968 οὐ
2609 1915 2703 1970 δύο
2754 1919 2893 1989 ἔχων
2941 1921 3157 1992 φύσεις,
3198 1925 3337 1979 ἀλλὰ
3375 1926 3526 1995 μίαν,
3558 1930 3618 1980 ὲν
3648 1929 3726 1998 τῷ
3756 1906 3948 2001 ὁρατῷ
3998 1935 4097 1985 καὶ

809 2018 915 2066 ras,
967 2001 1061 2056 sed
1101 2016 1290 2064 unam,
1349 2000 1601 2055 eamdem
1650 1999 1706 2054 in
1741 1999 1952 2054 visibi'i
2023 2011 2080 2055 et
2132 2003 2190 2056 in
2245 2002 2390 2056 invi-

799 2094 972 2149 sibili.
1012 2114 1030 2145 ι

871 2185 1029 2239 Talia
1099 2184 1439 2254 scripserant
1496 2191 1551 2235 et
1600 2182 1844 2236 Marcion
1906 2189 1962 2235 et
2009 2182 2386 2238 Valentinus:

799 2293 1040 2346 quorum
1065 2274 1314 2345 vestigiis
1340 2273 1627 2335 insistens,
1653 2272 1998 2335 Timotheus,
2021 2284 2389 2342 cognomento

803 2368 1044 2430 Elurus,
1094 2366 1150 2420 in
1182 2376 1380 2419 octavo
1434 2363 1613 2433 capite
1655 2364 1788 2418 dicit
1822 2383 1835 2418 :
1889 2383 1906 2413 ι
1940 2363 2144 2417 Natura
2179 2362 2387 2420 Christi

799 2477 909 2516 una
932 2459 1050 2514 sola
1091 2457 1374 2521 divinitas,
1409 2457 1550 2509 citra
1585 2455 1750 2510 ullam
1782 2457 2272 2511 commutationem
2303 2457 2389 2511 in-

800 2565 1044 2612 carnata.
1079 2573 1097 2606 ›
1133 2553 1284 2607 Idem
1319 2552 1376 2606 in
1422 2551 1649 2620 scriptis
1698 2551 1963 2631 adversus
1995 2549 2236 2605 Leonem
2279 2553 2389 2606 Ro-

800 2664 1024 2704 manum
1071 2645 1451 2716 patriarcham
1499 2643 1622 2698 ait:
1669 2663 1686 2693 ‹
1714 2644 1834 2697 Non
1869 2643 2018 2698 cnim
2076 2644 2385 2699 substantia

797 2738 1004 2797 Christi
1059 2747 1159 2792 aut
1186 2745 1409 2796 natura.
1436 2751 1570 2790 caro
1606 2737 1748 2806 ejus,
1803 2735 1901 2790 sed
1951 2734 2387 2805 dispensationis

796 2830 1288 2904 (incarnationis)
1345 2829 1507 2892 ritus,
1561 2834 1789 2897 propter
1840 2819 2089 2882 nostram
2149 2827 2383 2882 salutem

795 2923 1008 2993 optime
1039 2921 1350 2976 institutus.
1384 2937 1402 2970 ι
1439 2918 1508 2974 Et
1534 2919 1736 2974 iterum
1766 2935 1778 2971 :
1823 2938 1841 2968 ι
1880 2918 2038 2983 Quod
2060 2919 2105 2972 si
2143 2919 2381 2973 Verbum

795 3016 1011 3088 perﬁcit
1047 3030 1171 3084 qua:
1203 3014 1377 3082 ipsius
1417 3019 1568 3074 sunt,
1601 3021 1661 3065 ut
1699 3027 1845 3064 novo
1894 3010 2149 3065 Nestorio
2179 3011 2380 3080 placet,

793 3110 1037 3164 alienum
1067 3107 1174 3162 erit
1217 3105 1422 3159 divina:
1475 3113 1533 3158 et
1563 3103 1972 3172 simplicissime
2017 3112 2230 3158 naturai
2279 3105 2382 3158 sub

791 3209 1154 3270 conspectum
1195 3206 1252 3252 et
1285 3205 1491 3251 tactum
1525 3195 1747 3259 cadere,
1785 3195 1880 3249 sed
1919 3196 2172 3250 humana:
2199 3197 2382 3264 potius

792 3303 1008 3350 natura:
1054 3292 1362 3362 proprium.
1399 3309 1417 3341 ι
1469 3290 1537 3342 Ει
1572 3303 1765 3341 rursus
1794 3305 1806 3339 :
1838 3307 1855 3337 ι
1887 3287 2197 3342 Ostendent
2219 3288 2383 3342 nobis

794 3385 1096 3457 Diphysita:
1151 3385 1392 3437 duarum
1450 3389 1775 3434 naturarum
1831 3379 2273 3442 distinctionem,
2322 3389 2383 3433 ut

791 3479 897 3548 ipsi
923 3478 1136 3532 dicunt.
1175 3495 1193 3526 ›
1223 3474 1413 3542 Neque
1438 3473 1591 3536 huic,
1623 3487 1804 3553 neque
1831 3471 2106 3525 hazreticis
2133 3472 2186 3525 ei
2207 3486 2382 3541 usque

790 3571 859 3623 ad
917 3568 1188 3623 hodierna
1247 3573 1494 3633 tempora
1555 3563 1907 3626 faventibus,
1967 3564 2382 3618 communicant

791 3658 1102 3720 Severiani,
1147 3656 1443 3725 acephalos
1471 3669 1569 3709 eos
1599 3663 1881 3710 vocantes.

860 3753 983 3821 Ipse
1038 3760 1220 3804 tamen
1275 3749 1516 3802 Severus
1567 3747 1924 3800 Timotheum
1970 3747 2201 3816 suscipit
2249 3748 2377 3802 talia

789 3846 1124 3917 professum.
1175 3841 1387 3895 Scribit
1426 3840 1575 3893 enim
1611 3839 1680 3891 ad
1709 3839 1980 3893 Niciotem
2018 3840 2072 3893 in
2100 3839 2380 3910 synodicis

789 3938 905 3990 suis
930 3956 943 3989 :
973 3955 992 3986 ‹
1021 3932 1270 3988 Dioscori
1296 3931 1598 3994 Timothei,
1627 3930 1878 3984 veritatis
1904 3940 2376 4000 propugnatorum

788 4033 1022 4084 immoto
1057 4027 1194 4097 pede
1225 4034 1395 4095 petrae
1431 4025 1770 4084 innixorum,
1807 4025 2052 4078 horridis
2076 4025 2377 4078 adversan-

788 4127 927 4180 tium
963 4123 1225 4177 ﬂuctibus
1250 4121 1456 4173 frustra
1483 4119 1818 4188 jactatorqu
1852 4133 2062 4186 pugnas
2093 4133 2376 4181 revercor,

787 4231 844 4274 et
886 4217 1068 4287 magni
1114 4215 1277 4268 facio.
1312 4233 1328 4263 ι
1387 4213 1537 4276 Quos
1584 4209 1675 4263 hic
1727 4210 2072 4263 orthodoxus
2115 4209 2376 4263 defendat

787 4307 1038 4364 attende.
1095 4304 1236 4358 Odio
1288 4302 1344 4355 in
1408 4309 1654 4354 sanctam
1705 4299 1980 4370 synodum
2028 4298 2105 4369 (ι)
2165 4310 2369 4363 motus,

787 4396 1251 4456 Phantasianistis
1284 4394 1450 4454 favet,
1482 4402 1538 4444 et
1563 4392 1782 4444 illorum
1805 4391 2041 4444 vocibus
2067 4390 2372 4444 sententias

783 4503 1006 4547 nostras
1032 4488 1315 4557 exprimit,
1339 4486 1624 4538 hominum
1653 4484 1720 4536 ad
1743 4483 2045 4552 exemplar.
2072 4483 2167 4550 qui
2193 4482 2368 4535 simu-
2401 4462 2446 4518 ί)

780 4585 950 4641 lacris
982 4579 1304 4650 Splendidas
1323 4587 1507 4631 vestes
1537 4576 1873 4643 largiuntur,
1890 4582 1948 4626 et
1968 4581 2158 4641 turpes
2180 4573 2368 4625 vultus

779 4669 1067 4724 coloribus
1113 4672 1405 4721 exornant.
1444 4663 1684 4717 Videsne
1723 4677 1754 4716 a
1807 4662 2015 4731 quibus
2056 4670 2112 4715 et
2160 4676 2269 4730 qua
2301 4661 2369 4715 de

775 4775 950 4814 causa
995 4772 1103 4811 una
1150 4763 1349 4809 natura
1399 4753 1706 4822 excogitata
1751 4751 1862 4805 sit?

849 5032 1006 5099 Quod
1041 5040 1227 5086 autem
1277 5028 1574 5085 orthodoxi
1617 5029 1809 5083 Patres
1828 5027 1968 5082 duas
1997 5027 2223 5083 Christo
2248 5044 2369 5085 esse

776 5135 1008 5179 naturas
1059 5123 1434 5186 contendant,
1485 5123 1601 5191 ipse
1652 5128 1887 5175 testatur
1941 5121 2217 5185 Severus;
2251 5122 2370 5175 haac

777 5218 928 5271 enim
975 5217 1144 5270 habet
1197 5217 1250 5268 in
1302 5223 1559 5278 tractatu,
1589 5213 1685 5282 qui
1717 5212 2039 5267 inscribitur
2087 5213 2362 5283 Expositio

777 5307 903 5376 ﬁdei
934 5323 953 5362 :
988 5327 1008 5358 ι
1038 5308 1233 5361 Dicere
1261 5306 1402 5360 duas
1432 5315 1661 5358 naturas
1691 5305 1747 5356 in
1773 5302 2016 5366 Christo,
2043 5306 2225 5358 omnis
2248 5306 2362 5360 cri-

777 5399 947 5455 minis
978 5400 1227 5469 plenum,
1273 5398 1406 5452 licet
1437 5413 1467 5451 a
1515 5395 1797 5466 plerisque
1849 5396 2058 5450 sanctis
2108 5397 2363 5454 Patribus

776 5492 989 5546 dictum
1009 5493 1103 5546 sit.
1143 5511 1160 5541 )
1191 5493 1259 5546 Ει
1282 5492 1448 5561 paulo
1465 5497 1622 5560 post:
1652 5508 1669 5538 ‹
1701 5489 1778 5542 Ne
1804 5488 1939 5542 mihi
1978 5488 2177 5542 iterum
2203 5491 2361 5546 dixe-

777 5585 858 5638 ris
900 5583 1172 5653 quosdam
1205 5599 1271 5637 ex
1308 5582 1568 5637 Patribus
1611 5579 1886 5634 vocabulo
1913 5579 2149 5635 duarum
2199 5594 2362 5638 natu-

798 5823 801 5825 _
845 5764 922 5833 (ἰ)
957 5762 1263 5817 Concilium
1298 5760 1766 5819 Chalcedonense.

2493 2008 2732 2082 ἀοράτῳ.
2775 2030 2794 2062 ι

2564 2199 2804 2254 Τοιαῦτα
2840 2201 2933 2254 καὶ
2978 2203 3246 2273 Μαρκίων
3279 2206 3376 2259 καὶ
3403 2207 3764 2266 Ούαλεντίνος
3790 2208 4052 2278 ἔγραῷαν
4079 2231 4090 2242 ·

2489 2286 2577 2344 οἶα
2604 2295 3088 2364 κατακολουθήσας
3137 2298 3428 2368 Τιμόθεος,
3460 2301 3488 2352 ὀ
3528 2300 3759 2371 ἐπίκλην
3796 2303 4092 2372 Δῖλουροε,

2490 2385 2549 2436 ὲν
2587 2385 2665 2453 τῷ
2701 2386 2874 2456 ὀγδόῳ
2909 2388 3194 2460 κεφαλαίῳ
3227 2389 3410 2458 λέγει’
3468 2409 3487 2443 ι
3528 2393 3695 2455 Φύσις
3737 2393 3794 2445 δὲ
3837 2395 4093 2465 Χριστοῦ

2493 2479 2593 2545 μία
2639 2479 2777 2550 μόνη
2812 2481 3039 2551 οεότης,
3077 2483 3126 2535 εἰ
3173 2485 3268 2538 καὶ
3311 2485 3659 2555 σεσάρκωται
3707 2489 4030 2558 ἀτρέπτως,
4070 2508 4088 2540 ο

2502 2571 2591 2623 Ἐν
2628 2573 2684 2625 δὲ
2729 2577 2846 2636 τοῖς
2879 2576 3022 2629 κατά
3063 2577 3295 2640 Λέοντος
3325 2577 3420 2630 τοῦ
3468 2578 3690 2649 Ῥώμης
3734 2583 4093 2652 πατριάρχου

2489 2667 2657 2734 φησίν
2683 2684 2694 2696 ·
2736 2685 2754 2717 ι
2793 2668 2866 2719 Οὐ
2903 2668 3015 2739 γάρ
3051 2670 3211 2723 οὐσία
3237 2670 3331 2723 τοῦ
3378 2672 3639 2742 Χριστοῦ,
3682 2674 3803 2726 οὐδὲ
3849 2675 4022 2742 φύσις
4058 2679 4094 2746 ἡ

2490 2756 2626 2828 σὰρξ
2657 2758 2845 2824 αὐτοῦ,
2892 2758 3028 2812 ἀλλὰ
3063 2761 3228 2828 νόμος
3281 2763 3597 2832 οἰκονομίας
3633 2763 3811 2833 ὀρθῶς
3865 2784 4096 2836 πεπρα-

2487 2849 2689 2916 γμένος
2720 2849 2807 2902 διὰ
2830 2851 2932 2920 τὴν
2971 2851 3130 2921 ἡμῶν
3157 2853 3490 2922 σωτηρίαν.)
3520 2856 3628 2908 Kal.
3659 2857 3844 2908 πάλιν·
3879 2876 3897 2906 ι
3934 2859 4003 2911 El
4035 2861 4096 2911 δὲ

2484 2939 2514 2989 ὀ
2553 2941 2726 3008 Λόγος
2751 2945 3156 3013 κατεργάζεται
3185 2946 3324 3017 ὅπερ
3349 2947 3498 2999 ἐστὶν
3540 2947 3734 3010 αὑτοῦ,
3764 2948 3843 3012 ὡς
3871 2949 3955 3018 τῷ
3985 2953 4096 3022 νέῳ

2486 3029 2768 3102 Νεστορίῳ
2813 3034 2980 3096 δοκεῖ,
3034 3035 3319 3107 ἀλλότριον
3349 3038 3449 3106 τῆς
3495 3038 3650 3102 θείας
3683 3041 3777 3092 καὶ
3828 3043 4095 3111 ἀκράτου

2409 3130 2456 3190 c
2488 3121 2705 3190 φύσεως
2731 3125 2795 3177 τὸ
2821 3127 3090 3196 ὁραθῆναι
3121 3130 3218 3182 καὶ
3239 3129 3656 3200 ψηλαφηθῆναι,
3689 3133 3822 3185 ἴδιον
3851 3135 3911 3186 δὲ
3941 3137 4096 3204 μᾶλ-

2486 3213 2576 3266 λον
2627 3220 2728 3282 τῆς
2785 3219 3138 3290 ἀνθρωπίνης
3193 3222 3313 3274 ἐστὶ
3369 3222 3608 3291 φύσεως.
3660 3243 3678 3274 ι
3725 3226 3838 3277 Καὶ
3870 3229 4048 3280 πάλιν
4078 3248 4092 3260 ·

2489 3322 2508 3354 ι
2545 3305 2827 3368 Δείξουσιν
2867 3309 3001 3377 ἡμῖν
3028 3309 3078 3360 οἱ
3115 3311 3403 3376 Διφυσῐται
3444 3310 3556 3362 τῶν
3587 3311 3681 3363 δύο
3730 3311 3959 3378 φύσεων
3991 3316 4096 3381 τὴν

2482 3396 2769 3464 διαφοράν,
2796 3398 2873 3460 ὡς
2908 3401 3066 3452 αὐτοὶ
3104 3401 3378 3468 λέγουσιν.
3418 3420 3437 3452 ι
3475 3402 3663 3473 Τούτῳ
3696 3405 3792 3456 καὶ
3826 3407 3951 3468 τοῖς
3989 3406 4094 3459 ἀπ’

2485 3489 2655 3541 αὐτοῦ
2700 3490 2864 3559 μέχρι
2905 3492 3006 3560 τῆς
3056 3493 3302 3563 σήμερον
3331 3494 3394 3546 ού
3431 3495 3785 3548 κοινωνοῦσιν
3815 3499 3870 3550 οἱ
3899 3499 4091 3570 Σευή-

2487 3595 2606 3648 ρου,
2645 3580 2957 3650 ἀκεφάλους
2995 3583 3196 3646 αὐτοὺς
3225 3587 3754 3657 προσαγορεύοντες.

2553 3757 2727 3820 Λύτδς
2793 3759 2978 3828 μέντοι
3032 3760 3273 3832 Σευῆρος
3322 3764 3648 3832 ἀποδέχεται
3701 3767 3793 3818 τὸν
3847 3771 4093 3824 τοιαῦτα⁴

2483 3851 2749 3920 εἰρηκότα
2788 3853 3074 3920 Τιμόθεον.
3120 3853 3329 3923 Γράφει
3360 3858 3469 3924 γάρ
3502 3858 3639 3926 πρὸς
3669 3860 3763 3910 τὸν
3789 3860 4090 3934 Νικιώτην

2480 3943 2539 3993 ἐν
2569 3945 2681 4005 τοῖς
2711 3942 3009 4006 συνοδικοῖς
3045 3945 3234 3996 αὐτοῦ·
3274 3965 3291 3996 ι
3324 3947 3619 4017 Διοσκόρου
3667 3949 3721 4001 δὲ
3761 3953 3857 4002 καὶ
3903 3953 4090 4024 Τιμο-

2481 4031 2626 4097 οὲου,
2662 4033 2772 4085 τῶν
2807 4035 2907 4103 τῆς
2941 4036 3198 4104 ἀληθείας
3228 4041 3581 4105 ἀγωνιστῶν,
3617 4042 3726 4093 τῶν
3765 4044 4087 4116 ἀπεριτρέ-

2481 4141 2630 4187 πτως
2659 4125 2750 4177 τὸν
2790 4127 2927 4179 πόδα
2957 4129 3291 4198 ἐρεισάντων
3323 4133 3416 4184 ἐπὶ
3455 4133 3552 4201 τῆς
3589 4134 3823 4202 πέτρας,
3867 4141 3970 4192 καὶ
4005 4142 4088 4210 τῷ

2479 4215 2628 4285 σάλῳ
2678 4217 2783 4268 τῶν
2852 4219 3368 4291 άντιδιατιθεμένων
3430 4224 3916 4295 περικλυσθέντων
3979 4235 4084 4300 μὲν

2478 4307 2805 4378 βιαιότερον,
2836 4311 2899 4362 ού
2933 4312 3366 4381 παραρρυέντων
3396 4314 3475 4379 δὲ,
3516 4317 3642 4380 τοὺς
3671 4317 3896 4384 ἀγῶνας
3925 4323 4085 4391 τιμῶ

2477 4401 2572 4453 καὶ
2633 4402 2976 4472 ἀσπάζομαι.
3036 4421 3055 4454 ι
3106 4405 3164 4456 Ὀ
3219 4405 3510 4476 λεγόμενος
3571 4409 3860 4479 ὀρθόδοξος
3919 4414 4084 4477 τίνας

2476 4492 2800 4563 ἀποδέχεται
2858 4495 3139 4564 πρόσεχε·
3189 4499 3217 4548 ὁ
3267 4498 3354 4549 διά
3407 4499 3506 4566 τὴν
3557 4503 3929 4558 ἁντιπάθειαν
3975 4508 4084 4576 τῆς

2476 4584 2641 4652 ἁγίας
2671 4586 2890 4638 συνόδου
2925 4589 3086 4639 παντὶ
3115 4589 3547 4661 Φαντασιανιστῇ
3575 4595 4081 4664 προσκλινόμενος.

2475 4677 2504 4729 ὀ
2534 4679 2656 4738 ταῖς
2688 4678 2915 4730 ἐκείνων
2956 4682 3165 4746 φωναῖς
3198 4681 3299 4743 τὰς
3329 4682 3612 4753 ἡμετέρας
3657 4687 3875 4752 ἑννοίας
3908 4707 4084 4760 περιι

2476 4766 2669 4830 τιθεὶς,
2698 4767 2771 4830 ὼς
2797 4773 2907 4832 τοῖς
2941 4769 3180 4834 εἰδώλοις
3210 4774 3259 4824 οἱ
3293 4773 3391 4836 τάς
3420 4773 3678 4847 λαμπράς
3705 4777 3956 4846 ἐσθῆτας
3984 4785 4083 4835 καὶ

2475 4857 2547 4909 τὰ
2576 4857 2790 4928 ἀκαλλῆ
2825 4859 3097 4929 πρόσωπα
3129 4861 3217 4914 διά
3251 4866 3561 4932 χρωμάτων
3597 4865 4078 4932 καλλωπίζοντες·

2473 4945 2649 5013 ἔγνως
2677 4949 2788 5002 ἀπὸ
2817 4951 2981 5002 τίνων
3009 4953 3104 5003 καὶ
3137 4951 3228 5004 διὰ
3265 4953 3319 5005 τί
3347 4955 3378 5023 ἡ
3415 4955 3514 5023 μία
3546 4956 3710 5023 φύσις
3743 4960 4037 5030 ἐπενοήθη
4065 4978 4079 5023 ;

2545 5037 2669 5090 Ὀτι
2699 5037 2758 5090 δὲ
2783 5039 2832 5091 οἱ
2863 5038 3134 5109 ὀρθόδοξοι
3160 5043 3402 5112 Πατέρες
3424 5044 3714 5113 εἰρήκασιν
3739 5045 3835 5099 δύο
3873 5050 4082 5116 φύσεις

2476 5125 2617 5184 εἶναι
2675 5131 2766 5184 τὸν
2800 5133 3059 5201 Χριστὸν,
3118 5134 3281 5194 αὐτὸς
3318 5137 3557 5206 Σευῆρος
3593 5145 3885 5210 μαρτυρεῖ·
3920 5143 4081 5209 λέγει

2474 5222 2585 5294 γὰρ
2631 5226 2688 5277 ἐν
2719 5225 2799 5294 τῷ
2847 5226 3191 5296 συντάγματι
3229 5228 3396 5280 αὑτοῦ
3435 5231 3511 5298 τῷ
3543 5233 4039 5304 ἐπιγεγραμμένῳ
4063 5252 4075 5263 ·

2483 5314 2770 5380 Ἕκθεσις
2795 5317 3080 5383 πίστεως,
3121 5316 3295 5380 οὕτως
3315 5335 3328 5348 ·
3367 5339 3386 5371 ι
3420 5320 3493 5373 Τὸ
3523 5321 3708 5389 λέγειν
3737 5323 3833 5376 δύο
3871 5324 4080 5392 φύσεις

2475 5405 2568 5458 ἐπὶ
2595 5407 2862 5477 Χριστοῦ,
2911 5407 3096 5478 πάσης
3129 5411 3468 5479 κατηγορίας
3504 5414 3828 5482 ὲπίμεστον,
3861 5419 3913 5467 εξ
3979 5420 4079 5468 καὶ

2476 5497 2582 5549 ὑπὸ
2609 5499 2874 5553 πλειόνων
2921 5500 3092 5567 ἁγίων
3127 5502 3390 5572 Πατέρων
3439 5505 3678 5574 εἴρηται.
3732 5523 3750 5555 ι
3797 5507 3910 5558 Καὶ
3953 5511 4077 5576 μετ’

2471 5589 2659 5657 ὀλίγα·
2701 5609 2720 5642 ι
2766 5592 2878 5645 Καὶ
2920 5591 2995 5663 μὴ
3040 5591 3204 5644 πάλιν
3257 5594 3414 5666 εἴπῃς
3464 5595 3538 5660 ὡς
3566 5598 3632 5667 τῇ
3664 5596 3814 5662 λέξει
3855 5601 3931 5671 τῇ
3963 5599 4077 5652 τίον
