4210 6442
211 385 315 450 905

1237 386 1597 447 EPISTOLA
1629 383 1723 444 DE
1764 385 2067 445 DUABUS
2108 387 2461 446 NATURIS.

3346 376 3449 446 906

209 497 301 548 δύο
320 492 540 562 φύσεών
570 508 714 555 τινες
741 492 848 544 τῶν
875 495 1138 565 Πατέρων
1167 495 1472 565 ἐχρήσαντο
1495 495 1780 563 ’ἐχρήσαψ
1807 498 1849 551 Α

1807 498 1849 551 Α
1882 508 2064 546 rarum
2112 508 2240 547 usos
2288 508 2446 556 esse;
2483 507 2550 546 eo
2591 492 2735 546 enim
2786 491 2870 544 usi
2899 499 3052 557 sunt,
3106 490 3312 561 absque
3340 493 3450 544 ullo

208 606 268 642 το
284 590 393 658 γὰρ
412 585 771 656 ἀδιασλὴτως,
802 585 989 654 ὥσπερ
1019 584 1264 654 εἴπομενο
1289 585 1426 636 κατὰ
1451 584 1504 636 δὲ
1533 583 1624 636 τὸν
1658 584 1776 651 χρὸ-

209 698 294 735 νον
319 677 419 731 τοῦ
443 678 713 747 μακαρίου
743 675 1010 744 Κυρίλλου
1039 675 1138 738 τῆς
1165 676 1320 726 νόσου
1350 674 1459 726 τῶν
1487 673 1781 741 Νεστορίου

209 768 587 836 καινοφωνιῶν
602 767 700 828 τὰς
728 766 1051 835 Ἐκκλησίας
1068 764 1487 834 ἐπινεμομένης,
1507 764 1600 817 ἐπὶ
1623 763 1784 814 πλέον

210 861 241 928 ὴ
259 858 405 922 λέξις
431 855 864 924 ἀπεδοκιμάσθη.
880 873 898 904 ι
921 855 1029 908 Καὶ
1055 853 1216 905 πάλιν
1233 871 1246 883 ο
1260 872 1277 904 ι
1298 855 1388 924 Μὴ
1407 852 1664 905 δύνασθαι
1687 852 1783 914 τὰς

208 950 317 1002 τῶν
350 949 617 1018 Πατέρων
653 946 834 1013 φωνὰς
862 944 970 996 τῶν
1002 945 1338 1014 ἀδιαῦλήτως
1374 947 1441 1015 τῇ
1471 943 1614 1010 λέξει
1644 960 1782 1013 χρη-

211 1040 462 1108 σαμένων
491 1035 886 1106 προφέρεσθαι,
929 1035 1034 1088 κᾶν
1063 1034 1230 1088 αὐτοῦ
1274 1035 1545 1104 Κυρίλλου
1576 1031 1685 1087 εἷεν
1728 1034 1784 1086 αἱ

211 1129 405 1196 φωναί.
442 1145 461 1177 ι
507 1127 662 1178 Πᾶσα
703 1125 889 1194 σχεδὸν
925 1123 1077 1194 φωνὴ
1107 1124 1413 1194 δογματικὴ
1454 1126 1784 1194 κακουργεῖ-

213 1220 336 1271 σθαι
369 1217 596 1270 δύναται
623 1216 776 1284 παρά
799 1216 907 1267 τῶν
938 1215 1252 1286 αἱρετικῶν,
1282 1215 1396 1267 ἀλλ’
1425 1216 1486 1268 οὐ
1513 1215 1600 1267 διὰ
1627 1214 1786 1266 τοῦτο

210 1307 428 1367 πάντως
463 1306 496 1375 ἢ
525 1305 756 1357 πάντοτε
796 1304 1000 1367 ταύτας
1027 1303 1440 1372 παραιτούμεθα
1459 1320 1472 1334 °
1504 1305 1583 1366 είς
1610 1304 1667 1356 δὲ
1695 1303 1784 1356 τὸν

213 1397 415 1448 σκοπὸν
458 1395 555 1448 τοῦ
607 1394 898 1457 λαλοῦντος
947 1395 1369 1457 ἀποὸλέποντες,
1402 1396 1545 1448 κατὰ
1582 1394 1644 1447 τὸ
1685 1412 1783 1464 ση-

217 1485 543 1556 μαινόμενον
584 1487 616 1556 il
670 1487 1092 1556 παραδεχόμεθα
1122 1485 1155 1555 ἢ
1192 1485 1559 1556 ἀπωθούμεθα
1590 1486 1783 1547 αὐτάς.

293 1575 489 1644 Ἡμεῖς
516 1571 610 1629 οὖν
635 1578 747 1638 τοῖς
777 1575 1116 1646 ἀδιαὸλήτως
1146 1578 1211 1646 τῇ
1238 1576 1378 1640 λέξει
1421 1577 1786 1646 χρησαμένοις

212 1667 666 1729 ἀκολουθοῦντες,
705 1667 799 1719 δύο
853 1667 1045 1734 φύσεις
1096 1668 1331 1736 Χριστοῦ
1377 1667 1630 1736 λέγομεν,
1683 1666 1785 1719 κᾶν

215 1759 438 1829 Σιυήρφ
471 1758 655 1828 πάσης
692 1759 1027 1828 κατηγορίας
1073 1759 1370 1827 ὲπίμεστον
1418 1753 1558 1810 εἶναι
1609 1759 1739 1828 δοκῇ
1765 1775 1780 1789 ο

214 1851 304 1900 καὶ
457 1817 724 1901 δύνασθαι
750 1817 860 1910 τάξ
881 1817 1297 1918 τ’ὦν-Πατέρων
1346 1848 1529 1916 φωνὰς
1577 1817 1782 1919 προφέ-
1814 1817 1856 1870 Β

218 1940 409 2008 ρεσθαι
441 1939 727 2008 νομοθετεῖ
770 1940 799 1992 ὀ
839 1941 1136 2009 συνήγορος
1170 1940 1267 1993 καὶ
1295 1940 1591 2004 ἀντίδικος·
1625 1942 1787 2010 ἀρκεῖ

213 2029 256 2081 δ’
278 2030 412 2099 ἡμῖν
429 2029 668 2099 Σευῆρον
700 2030 1019 2099 μαρτυρεῖν,
1041 2029 1122 2081 ὅτι
1152 2029 1322 2098 ἁγίων
1352 2030 1496 2083 Πατέ
1507 2047 1614 2099 ρων
1639 2029 1787 2081 ἐστὶν

213 2121 246 2188 ἡ
281 2119 390 2171 τῶν
415 2119 510 2171 δύο
542 2120 760 2187 φύσεων
790 2119 958 2183 λέξις,
993 2120 1086 2173 καὶ
1117 2119 1378 2173 πλειόνων
1400 2119 1690 2190 Πατέρωψ
1724 2121 1785 2172 οὐ

213 2210 322 2280 γὰρ
350 2210 472 2272 ἑνὸς
517 2211 550 2279 ἢ
580 2210 674 2263 δύο
717 2209 898 2279 μόνον.
933 2210 1047 2264 Οὐκ
1094 2210 1351 2280 ἀληθεύει
1401 2206 1497 2264 οὖν
1549 2213 1577 2264 ὀ
1629 2228 1788 2264 συκο-

213 2303 454 2368 φαντῶν,
495 2303 806 2373 αἱρετικοὺς
857 2304 1268 2372 ἐπινενοηκέναι
1316 2305 1414 2374 τὴν
1445 2303 1616 2370 λέξιν·
1651 2303 1787 2371 ἀλη-

215 2394 362 2446 θεύει
405 2393 464 2446 δὲ
517 2395 718 2465 μᾶλλον
774 2396 802 2447 ὁ
857 2394 1058 2462 λέγων,
1089 2395 1278 2463 ἁγίους
1313 2395 1452 2448 κατὰ
1496 2394 1786 2465 αἱρετικῶν

216 2485 530 2553 χρήσασθαι
578 2485 772 2556 ταύτῃ.
819 2485 1017 2553 Ἀγίων
1057 2485 1128 2550 ,δὲ
1182 2485 1276 2538 καὶ
1333 2485 1546 2538 πολλῶν
1601 2486 1786 2553 φωνὰς

217 2573 526 2638 ἐκϐάλλειν,
561 2573 882 2637 ἀλαζονικὸν
921 2574 1035 2642 ἅμα
1081 2574 1175 2627 κα)⁵
1213 2573 1460 2644 μανικόν.
1502 2573 1623 2626 Κᾶν
1653 2589 1789 2643 προ-

217 2667 515 2735 φασίζηται
545 2666 783 2735 Σευῆρος
816 2665 904 2718 διὰ
942 2665 1237 2735 Νεστόριον
1283 2665 1790 2735 ἀποδοκιμασθῆναι

218 2759 317 2826 τὴν
349 2756 496 2819 λέξιν
529 2755 734 2825 ταύτην
754 2774 767 2786 ·
798 2757 1211 2827 ἀπεδοκιμάσθη
1243 2757 1299 2809 δὲ
1343 2757 1474 2826 παρ’
1503 2757 1666 2811 αὐτοῦ
1693 2757 1790 2810 καὶ

218 2848 327 2900 τῶν
378 2846 504 2899 κατ’
550 2846 736 2921 αύτόν.
785 2846 842 2898 '0
880 2847 988 2916 γὰρ
1047 2845 1313 2914 μακάριος
1348 2845 1617 2916 Κύριλλος
1653 2846 1791 2916 μετά

219 2936 517 3012 Νεστόριον
569 2936 668 3006 τὴν
726 2937 864 3006 πρὸς
916 2936 1172 3005 Εύλόγιον
1215 2935 1429 3006 γράψας
1475 2936 1789 3006 επιστολὴν,

220 3026 603 3095 ἀπελογήσατο
642 3027 700 3079 ὲν
729 3026 868 3096 αὐτῇ
902 3025 1029 3095 περὶ
1072 3024 1178 3078 τῶν
1223 3023 1581 3078 Ἀνατολικῶν
1604 3024 1792 3092 λεγόν-

217 3135 329 3171 των
353 3118 448 3171 δύο
475 3117 690 3187 φύσεις.

288 3211 461 3277 Φησὶν
513 3208 570 3261 δὲ
620 3209 857 3277 Σευῆρος
893 3207 990 3261 καὶ
1024 3207 1292 3276 ἀλλαχοῦ’
1326 3225 1344 3258 ι
1385 3205 1585 3260 Πολλαὶ
1617 3205 1795 3274 φωναὶ¹

221 3302 376 3371 παρά
405 3303 516 3362 τοῖς
543 3302 822 3370 Πατράσιν
851 3298 1189 3368 ἀδιαδλήτως
1218 3297 1535 3367 λεγόμεναι,
1565 3295 1795 3364 ὕστερον

219 3393 322 3446 οὐκ
340 3391 607 3459 ἀσφαλεῖς
631 3389 896 3457 ὤφθησαν
922 3389 1061 3458 μετά
1104 3387 1416 3458 Νεστόριον.
1466 3408 1486 3440 ο
1542 3387 1667 3439 Ἐὰν
1703 3382 1795 3440 οὖν

219 3484 510 3553 καὶήμεῖς
557 3483 846 3551 φήσωμεν,
899 3480 1092 3534 πολλαὶ
1131 3481 1304 3547 φωναὶ
1337 3479 1487 3550 παρά
1528 3480 1640 3552 τοξ
1683 3479 1796 3531 Πα-

217 3575 417 3646 τράσιν
449 3572 786 3642 ἀδιαδλήτως
820 3572 1135 3640 λεγόμεναι,
1169 3570 1395 3642 ὕστερον
1417 3571 1518 3622 οὐκ
1539 3569 1798 3638 ἀσφαλεῖς

220 3665 490 3735 ὤφθησαν
543 3662 685 3733 μετὰ
739 3663 1005 3732 Εὑτυχέα,
1039 3662 1089 3714 τί
1147 3662 1208 3714 τὸ
1262 3663 1664 3730 συναγόμενον;
1699 3661 1798 3714 Διά

222 3757 521 3826 Νεστόριον
559 3756 660 3824 μὲν
708 3756 742 3823 ἡ
793 3753 902 3806 τῶν
941 3752 1050 3807 δύο
1103 3753 1346 3820 φύσεων
1400 3751 1797 3822 ικῦληθήσεται

223 3847 403 3915 φωνὴ,
451 3847 518 3898 δι’
549 3845 796 3916 Εὐτυχέα
843 3844 900 3896 δὲ
934 3845 968 3914 ὴ
1010 3844 1111 3911 τῆς
1161 3841 1303 3912 μιᾶς
1342 3843 1600 3910 φύσεως.
1638 3843 1700 3894 Ei.
1741 3841 1797 3894 δὲ

225 3940 400 4007 ἀγίων
445 3938 702 4006 Πατέρων
743 3937 1076 4006 ἀναιροῦμεν
1123 3933 1328 4002 φωνὰς,
1370 3933 1458 3986 διά
1509 3933 1571 3985 τὸ
1613 3933 1799 3995 κακῶς

1885 581 2138 644 crimine,
2164 581 2244 634 uti
2268 580 2534 635 diximus:
2558 589 2802 649 tempore
2838 590 3022 634 autem
3062 582 3205 636 beati
3237 582 3449 653 Cyrilli,

1884 686 2006 724 cum
2053 671 2377 725 Nestoriana
2405 673 2574 740 pestis
2601 681 2656 726 et
2685 672 2902 726 novitas
2929 673 3205 728 Ecclesias
3253 675 3453 744 depas-

1885 772 2128 824 ceretur,
2174 763 2503 816 vocabulum
2548 764 2672 828 hoc,
2731 773 2791 818 ut
2841 763 3138 833 plurimum
3190 766 3450 835 rejectum

1883 860 1968 906 est
1999 852 2098 922 (2).
2139 870 2157 901 ι
2198 852 2267 906 Ει
2293 867 2483 905 rursus
2517 869 2529 904 :
2566 871 2582 902 ι
2618 854 2735 907 Non
2772 862 3004 922 possunt
3043 855 3263 909 Patrum
3290 873 3455 913 voces

1883 939 2141 1008 proferri,
2179 940 2273 1009 qui
2317 940 2424 994 hoc
2464 940 2732 994 vocabulo
2791 943 2997 1012 absque
3063 943 3174 997 ullo
3223 945 3455 1001 crimine

1883 1032 1970 1084 usi
2016 1039 2183 1095 sunt,
2233 1030 2446 1085 etiamsi
2488 1045 2653 1085 voces
2683 1031 2790 1084 ille
2829 1033 2942 1087 sint
2989 1034 3162 1104 ipsius
3195 1034 3402 1106 Cyrilli.
3429 1055 3448 1087 ι

1883 1122 2200 1192 Dogmatico
2273 1122 2387 1176 fere
2440 1121 2638 1190 quovis
2693 1122 2964 1177 vocabulo
3013 1126 3254 1182 haeretici
3299 1127 3452 1183 abuti

1883 1221 2136 1281 possunt,
2193 1212 2289 1266 sed
2341 1226 2454 1264 non
2505 1211 2629 1265 ideo
2680 1213 2907 1266 omnino
2948 1224 3006 1268 et
3059 1216 3262 1286 ubique
3317 1217 3455 1272 illud

1885 1303 2260 1372 repudiamus,
2308 1301 2404 1356 sed
2443 1309 2684 1355 mentem
2707 1303 2985 1370 loquentis
3018 1305 3454 1367 considerantes.

1886 1407 1986 1460 pro
2033 1392 2188 1446 verbi
2231 1391 2630 1460 significatione
2665 1392 2799 1445 illud
2839 1403 2937 1447 aut
2989 1395 3315 1464 retinemus,
3361 1408 3460 1454 aut

1884 1482 2249 1550 explodimus.

1957 1573 2181 1626 Patrum
2217 1573 2384 1642 igitur
2413 1573 2658 1642 vestigiis
2694 1574 2950 1643 ingressi,
2983 1577 3077 1644 qui
3109 1577 3316 1647 absque
3347 1581 3458 1634 ullo

1885 1663 2119 1718 crimine
2165 1664 2271 1717 hoc
2314 1664 2584 1718 vocabulo
2613 1665 2698 1718 usi
2750 1674 2900 1730 sunt,
2953 1667 3091 1721 duas
3131 1668 3188 1723 in
3237 1667 3458 1725 Christo

1886 1765 2113 1809 naturas
2167 1755 2488 1819 asserimus,
2525 1754 2654 1810 licet
2689 1755 2794 1810 hoc
2824 1756 3028 1812 Severo
3056 1759 3280 1827 plenum
3306 1762 3459 1830 peri-

1889 1847 1998 1901 culi
2024 1861 2147 1901 esse
2193 1847 2468 1913 videatur,
2503 1856 2560 1902 et
2588 1848 2813 1902 Patrum
2847 1863 3010 1904 voces
3034 1849 3284 1918 proferre
3309 1859 3462 1906 vetet

1887 1937 2238 1992 adversarius
2259 1939 2423 1993 simul
2446 1947 2503 1993 et
2525 1939 2842 1994 advocatus.
2871 1939 3080 1995 Suﬂlcit
3098 1942 3258 1997 nobis
3279 1945 3460 2012 ipsum

1887 2029 2150 2083 Severum
2187 2029 2414 2094 testari,
2451 2028 2598 2098 quod
2635 2039 2953 2085 sanctorum
2981 2032 3206 2086 Patrum
3250 2035 3323 2088 sit
3357 2034 3464 2090 hoc

1887 2120 2118 2173 duarum
2143 2128 2464 2173 naturarum
2491 2119 2844 2186 vocabulum,
2863 2129 2919 2176 et
2939 2123 3330 2194 plerorumque
3357 2126 3461 2180 Pa-

1890 2219 2057 2272 trum,
2091 2224 2203 2263 non
2248 2210 2414 2263 unius
2447 2217 2660 2263 tantum
2694 2210 2780 2264 vel
2828 2211 3080 2267 alterius.
3140 2213 3185 2268 A
3229 2215 3463 2270 veritate

1888 2313 2022 2368 ergo
2061 2299 2346 2364 abhorret,
2396 2299 2528 2354 dum
2591 2302 2859 2356 mentitur
2887 2303 2957 2357 ab
2995 2303 3274 2360 haereticis
3322 2306 3464 2361 illud

1888 2388 2059 2444 fuisse
2117 2390 2423 2455 inventum,
2465 2391 2686 2446 veritati
2737 2401 2919 2447 autem
2955 2395 3130 2469 magis
3186 2399 3465 2454 mnsentit

1890 2479 2100 2543 dicens,
2131 2491 2353 2536 sanctos
2387 2482 2482 2535 illo
2520 2481 2786 2537 adversus
2819 2484 3111 2541 haereticos
3147 2503 3269 2543 esse
3310 2505 3460 2544 usos.

1891 2571 1960 2626 At
2001 2587 2166 2627 voces
2189 2581 2506 2628 sanctorum
2527 2574 2942 2644 multorumque
2970 2577 3222 2648 rejicere.
3245 2580 3463 2650 jactan-

1893 2663 1965 2718 tis
1998 2663 2161 2716 simul
2191 2673 2248 2716 et
2292 2664 2492 2716 insani.
2533 2665 2612 2718 Ne
2653 2673 2919 2734 praetexat
2957 2667 3195 2725 Severus
3238 2681 3466 2741 propter

1890 2753 2208 2810 Nestorium
2229 2754 2333 2807 hoc
2354 2753 2682 2810 vocabulum
2706 2756 3076 2826 improbatum
3102 2759 3306 2829 fuisse;
3337 2779 3464 2818 nam

1894 2854 1951 2900 et
2002 2845 2376 2915 improbatum
2419 2854 2506 2900 est
2547 2847 2616 2900 ab
2673 2862 2742 2902 eo
2785 2856 2841 2903 et
2897 2865 2928 2903 a
2965 2849 3278 2908 fautoribus
3319 2856 3462 2925 ejus.

1894 2934 2096 2989 Beatus
2127 2936 2270 2990 enim
2295 2934 2533 3005 Cyrillus
2570 2946 2694 3006 post
2721 2938 3036 2994 Nestorium
3070 2942 3138 2996 ad
3173 2944 3464 3016 Eulogium

1892 3028 2143 3082 scribens
2174 3026 2486 3096 epistolam,
2522 3027 2576 3082 in
2600 3043 2664 3083 ea
2689 3029 3002 3088 Orientales
3035 3033 3283 3091 defendit
3327 3019 3465 3092 duas

1817 3149 1864 3208 α
1893 3127 2121 3173 naturas
2151 3127 2477 3173 asserentes.

1969 3210 2113 3264 Dicit
2159 3211 2323 3264 etiam
2377 3211 2513 3266 alias
2556 3211 2793 3268 Severus
2843 3233 2855 3267 :
2913 3233 2930 3265 ι
2978 3212 3160 3273 Multae
3202 3218 3466 3289 loquendi

1897 3301 2148 3355 formulae
2200 3310 2449 3356 veterum
2504 3303 2726 3358 Patrum
2776 3305 2985 3375 absque
3023 3308 3133 3362 ulla
3183 3310 3348 3366 ullius
3381 3327 3471 3367 re-

1898 3392 2271 3460 prehensione
2342 3403 2638 3464 usurpata,
2679 3384 2802 3464 post
2832 3397 3148 3453 Nestorium
3189 3416 3302 3456 non
3335 3403 3469 3458 visa:

1898 3492 2026 3536 sunt
2045 3484 2281 3552 amplius
2309 3492 2462 3539 tutae.
2496 3504 2514 3536 ι
2551 3486 2620 3540 At
2663 3488 2707 3541 si
2735 3503 2838 3543 nos
2870 3504 3093 3560 quoque
3121 3491 3468 3551 diceremus:

1898 3573 2082 3629 Multae
2128 3589 2292 3646 voces
2326 3576 2536 3646 absque
2584 3577 2819 3632 crimine
2848 3595 2878 3633 a
2905 3574 3159 3637 Patribus
3192 3594 3470 3656 usurpatae

1899 3675 2022 3734 post
2042 3667 2324 3738 Eutychen
2376 3682 2488 3722 non
2529 3669 2768 3738 amplius
2819 3679 2949 3726 tutae
2990 3672 3122 3728 visae
3156 3682 3306 3740 sunt,
3336 3677 3470 3746 quid

1901 3757 2069 3812 inde?
2111 3759 2340 3828 Pr0pter
2400 3760 2715 3814 Nestorium
2771 3763 3100 3830 explodetur
3143 3765 3470 3822 vocabulum

1900 3849 2130 3901 duarum
2177 3858 2517 3914 naturarum,
2555 3859 2779 3920 propter
2810 3851 3098 3922 Eutychen
3144 3856 3473 3912 vocabulum

1900 3941 2056 3992 unius
2087 3948 2317 3994 naturae.
2355 3940 2511 4005 Quod
2557 3941 2602 3994 si
2663 3949 2981 3996 sanctorum
3031 3945 3254 4000 Patrum
3313 3961 3477 4003 voces

222 4032 456 4094 ταύταις
493 4030 802 4101 χρήσασθαι
835 4030 1166 4098 αίρετικους,
1214 4025 1418 4087 πολλὰς
1462 4026 1556 4078 καὶ
1601 4027 1665 4078 ἐκ
1695 4025 1800 4077 τῶν

1904 4030 2166 4092 tollimus,
2188 4032 2337 4098 quod
2359 4031 2468 4085 illis
2491 4032 2734 4086 haeretici
2755 4048 2921 4101 prave
2943 4034 3273 4100 abutuntur,
3303 4039 3474 4093 multa

225 4127 402 4194 ἀγίων
438 4121 670 4192 Γραφῶν
719 4122 1090 4189 ἀθετήσομεν,
1147 4119 1239 4170 διά
1280 4117 1340 4169 τὸ
1376 4117 1574 4187 ὁμοίως
1620 4116 1801 4178 κακῶς

1903 4136 2124 4189 quoque
2151 4121 2218 4174 de
2252 4121 2425 4176 sacris
2451 4122 2754 4191 Scripturis
2785 4123 3108 4186 auferenda,
3134 4125 3265 4194 quia
3301 4135 3357 4181 et
3390 4127 3477 4182 bis

225 4214 539 4288 χρήσασθαι
591 4213 820 4272 ταύταις
870 4209 1205 4280 αίρετικούς.
1258 4209 1368 4261 Καὶ
1417 4211 1484 4279 τῇ
1518 4208 1615 4277 μὲν
1649 4209 1800 4275 φωνῇ

1905 4212 2159 4266 similiter
2204 4213 2447 4267 haeretici
2484 4227 2649 4282 prave
2685 4220 2935 4268 utuntur.
2973 4211 3308 4271 Vocabulum
3337 4219 3475 4274 dua-

221 4307 336 4358 τῶν
365 4304 476 4358 δύο
513 4303 757 4372 φύσεων
787 4301 1088 4371 ἐχρήσαντο
1121 4297 1266 4364 ἅγιοι
1316 4297 1423 4365 πρὸ
1459 4296 1570 4350 τῶν
1600 4297 1804 4365 αἱρετι-

1907 4321 2026 4358 rum
2055 4310 2372 4357 naturarum
2397 4312 2806 4372 usurpaverunt
2823 4307 2997 4358 sancti
3019 4314 3147 4360 ante
3169 4303 3475 4372 haereticos,

226 4397 366 4460 κῶν,
395 4397 462 4463 τῇ
491 4394 547 4447 δὲ
569 4391 712 4462 μιᾶς
732 4391 970 4460 φύσεως
1012 4389 1117 4459 πρὸ
1143 4387 1249 4442 τῶν
1281 4387 1646 4457 χρησαμένων
1667 4385 1804 4455 αὐτῇ

1907 4396 2237 4451 vocabulum
2265 4411 2396 4449 vero
2416 4397 2572 4448 unius
2603 4404 2810 4449 natura!
2843 4397 3176 4451 invenerunt
3212 4398 3476 4464 haeretici,

228 4487 490 4557 Πατέρων
516 4525 530 4549 ,
562 4482 782 4552 εὑρεταὶ
811 4481 1097 4548 γεγόνασιν
1132 4479 1418 4549 αἱρετικοὶ,
1453 4479 1530 4540 ὡς
1554 4479 1809 4548 ἀνωτέρω
1836 4468 1888 4529 Ῑ)

1836 4468 1888 4529 Ῐ)
1912 4492 2206 4554 antequam
2249 4499 2316 4538 eo
2348 4485 2536 4538 Patres
2584 4483 2667 4537 usi
2705 4483 2837 4548 sint,
2878 4483 2958 4536 ull
3005 4498 3170 4554 supra
3214 4485 3478 4556 scriptum

225 4585 566 4647 γέγραπται.
610 4576 1029 4628 Κατεπλάτυνεν
1069 4574 1126 4625 δὲ
1160 4573 1331 4642 αὐτὴν
1372 4573 1610 4642 μάλιστα
1651 4573 1808 4625 Ἀπο-

1907 4585 2014 4639 est,
2065 4585 2121 4631 et
2156 4575 2287 4630 illud
2319 4573 2654 4644 Apollinaris
2678 4587 2845 4643 opera
2873 4575 3108 4629 maxime
3139 4577 3475 4643 percrebuit.

224 4671 472 4738 λινάριος
491 4669 520 4718 δ
548 4667 879 4736 διμοιρίτης.
913 4664 974 4718 Ei.
1000 4666 1058 4718 δὲ
1088 4665 1176 4717 διὰ
1208 4665 1334 4727 τοὺς
1357 4665 1668 4734 αίρετικοὺς
1701 4664 1807 4735 χρὴ

1908 4669 2064 4735 Quod
2098 4668 2144 4721 si
2175 4675 2396 4736 propter
2421 4666 2709 4720 haereticos
2738 4665 3171 4720 orthodoxorum
3202 4681 3366 4723 voces
3397 4685 3481 4723 re-

227 4760 419 4828 φωνὰς
469 4756 769 4828 ὀρθοδύξων
819 4759 1086 4826 ἀναιρεῖν,
1127 4756 1222 4809 καὶ
1290 4757 1365 4825 μὴ
1417 4756 1616 4825 μᾶλλον
1666 4756 1809 4808 κατὰ

1905 4760 2182 4831 jiciendae,
2233 4766 2290 4811 et
2329 4773 2441 4812 non
2484 4756 2672 4826 potius
2728 4757 2996 4812 adversus
3046 4758 3338 4813 haereticos
3395 4761 3479 4812 vi-

227 4848 526 4922 αἱρετικῶν
562 4848 788 4910 ταύταις
837 4849 960 4900 κατ’
994 4848 1241 4916 ἀλλήλων
1286 4847 1539 4918 χρᾶσθαι,
1589 4848 1811 4915 ἀναιρε-

230 4943 459 5012 θήσεται
487 4939 574 4993 διά
603 4937 893 4991 Σαὸέλλιον
926 4938 988 4991 τὸ
1031 4941 1377 5006 όμοούσιον,
1408 4938 1496 4991 διὰ
1531 4935 1810 4989 ’Δπολινά-

235 5051 355 5103 ριον
376 5033 433 5085 δὲ
463 5033 557 5085 καὶ
585 5032 854 5102 Εὐνόμιον
878 5032 974 5084 καὶ
1001 5032 1219 5099 Ἀρειον
1254 5033 1287 5100 ἡ
1321 5033 1604 5095 Θεοτόκος
1635 5030 1806 5099 φωνή.

233 5124 348 5176 Καὶ
368 5121 546 5184 οὕτως
576 5122 763 5175 λοιπὸν
809 5121 875 5175 δι’
913 5121 1310 5185 ἀνακολούθους
1354 5121 1696 5184 ἀκολουθίας,
1731 5119 1810 5182 εἰς

231 5216 551 5285 ἑφευρέσεις
579 5214 959 5281 καινοφωνιῶν
988 5213 1536 5283 ἀπασχοληθήσονται
1582 5213 1632 5265 οἱ
1673 5213 1810 5279 Χρι-

233 5304 467 5358 στιανοὶ
521 5303 701 5357 Καλὸν
732 5298 826 5356 οὖν
867 5307 980 5367 τοῖς
1036 5305 1213 5371 ἁγίοις
1256 5305 1536 5372 Πατράσιν
1582 5302 1810 5356 ἀκολου-

234 5396 467 5458 θοῦντας
491 5397 661 5466 ἡμᾶς,
693 5398 804 5459 τοῖς
835 5394 1309 5464 ἀντινομοθετοῦσι
1341 5395 1416 5466 μὴ
1437 5395 1738 5448 πείθεσθαι.

308 5489 504 5542 Καίτοι
531 5505 594 5555 γε
619 5490 710 5540 καὶ
735 5489 890 5539 αὐτοὶ
917 5487 1062 5539 ἐστιν
1087 5487 1174 5538 ὅτε
1208 5487 1285 5556 τῷ
1316 5487 1526 5556 δυνατῷ
1555 5488 1650 5555 τῆς
1685 5487 1812 5553 ἀληο

230 5581 389 5645 θείας
440 5580 744 5650 ἡττώμενοι
795 5582 980 5634 ὲκείνα
1024 5579 1410 5651 ὁμολογοῦσιν,
1455 5578 1596 5651 ἆπερ
1635 5581 1812 5649 ἀρνεῖο

1910 4851 2096 4906 cissim
2135 4849 2464 4918 usurpandae
2503 4855 2710 4909 essent,
2767 4847 3093 4918 rejiceretur
3129 4856 3359 4918 propter
3385 4849 3483 4905 Sa-

1913 4942 2138 4997 bellium
2178 4940 2508 4994 vocabulum
2541 4938 3000 4992 consubstantialis
3018 4955 3036 5002 ;
3066 4947 3290 5008 propter
3315 4940 3482 5009 Apol-

1911 5036 2164 5096 linarem,
2193 5032 2522 5086 Eunomium
2550 5038 2607 5084 et
2650 5030 2862 5093 Arium,
2891 5045 2994 5083 vox
3029 5029 3278 5099 Deipara.
3305 5031 3484 5101 Atque

1913 5124 1989 5179 ita
2031 5138 2248 5191 semper
2276 5122 2459 5190 inepta
2492 5118 2909 5186 consequentia,
2945 5119 3091 5173 circa
3124 5119 3483 5189 excogitanda

1913 5231 2054 5270 nova
2113 5211 2379 5267 vocabula
2447 5210 2869 5278 occupabuntur
2934 5208 3254 5264 Christiani.
3319 5210 3486 5268 Decet

1915 5304 2082 5376 igitur
2104 5319 2205 5358 nos
2233 5311 2550 5356 sanctorum
2591 5302 2812 5354 Patrum
2836 5299 3148 5354 auctoritati
3175 5296 3482 5354 inservien-

1916 5407 2020 5459 tes,
2079 5393 2488 5449 adversantium
2535 5391 2801 5445 libidines
2847 5405 3130 5460 respuere.

1989 5487 2393 5553 Nonnunquam
2433 5493 2614 5536 tamen
2648 5482 2707 5535 fit
2742 5491 2802 5534 ut
2824 5481 2929 5550 ipsi
2960 5479 3206 5542 veritatis
3240 5478 3295 5532 vi
3328 5477 3484 5542 victi,

1919 5579 2109 5634 eadem
2148 5576 2540 5642 conﬁteantur,
2583 5585 2703 5644 quae
2732 5588 2932 5644 negare
2967 5572 3294 5627 studuerant
3319 5577 3378 5627 et
3404 5583 3487 5624 so-

309 5758 388 5830 (2)
420 5755 622 5812 Eadem
655 5755 973 5809 referuntur
1024 5756 1092 5808 ab
1110 5755 1398 5809 Anastasio
1443 5754 1671 5818 Sinaita,
1708 5756 1810 5810 Via:
1849 5755 1975 5819 dux,
2014 5769 2134 5823 cap.
2165 5754 2214 5806 7.

557 5850 828 5912 ΡΑτιιοι..
875 5848 993 5907 Gn.
1028 5849 1364 5908 LXXXVI.

3087 5837 3165 5896 29
