4210 6442
692 415 792 477 9οῗ

1923 398 2332 458 EUSTATHII
2365 395 2707 455 ltit‘NACl-Ii

3854 377 3958 442 908

697 528 901 579 Eas-bant.
937 520 1062 574 Haec
1090 519 1237 572 enim
1273 515 1435 570 docet
1472 514 1713 567 Severus
1744 509 1798 561 in
1829 507 1973 560 libro
2007 505 2272 559 adversus

2393 504 2501 554 r-‘iat
2557 504 2648 554 καὶ
2693 499 3036 554 εσπούδασαν
3090 501 3184 552 καί
3230 498 3654 568 ἐνομοθέτησαν⁹
3690 498 3820 550 ὅταν
3848 500 3958 568 γὰρ

698 611 1226 680 Grammaticumw)
1259 625 1272 658 :
1313 626 1330 658 ι
1365 607 1446 660 En
1491 605 1604 657 duo
1645 600 2020 663 considerare,
2066 596 2272 650 utentis

697 705 964 776 opinione
1011 712 1224 757 tantum
1269 699 1389 752 fieri
1438 703 1622 766 potest
1665 692 2036 747 differentiam
2077 687 2275 742 distin—

699 799 939 867 guentis,
985 803 1043 847 ut
1091 794 1145 846 in
1195 791 1456 861 qualitate
1508 787 1753 856 physica.
1793 803 1811 834 ι
1863 783 1930 836 Et
1990 797 2185 835 rursus
2219 780 2272 832 in

699 891 894 944 eodem
935 886 1078 940 libro
1113 902 1126 936 :
1169 903 1185 934 ι
1219 880 1510 949 Quomodo
1536 878 1715 932 omnis
1736 873 2094 944 impudentia:
2127 871 2272 942 pleni

703 978 958 1030 homines
997 982 1218 1043 negant,
1257 972 1387 1025 dum
1428 969 1567 1024 duas
1610 975 1837 1020 naturas
1886 971 2160 1024 asserunt,
2218 977 2274 1015 se

703 1071 840 1124 duas
873 1069 1198 1138 hypostases
1229 1071 1288 1116 et
1323 1074 1586 1130 personas
1610 1057 1837 1111 dicere?
1866 1055 2098 1121 Quando
2128 1053 2276 1106 enim

703 1160 1036 1230 cogitatione
1081 1154 1501 1224 distinguuntur
1545 1157 1757 1202 naturae
1797 1155 1890 1200 aut
1933 1147 2275 1215 hypostases,

706 1251 869 1306 simul
901 1248 1214 1317 cogitantur
1236 1254 1292 1300 et
1312 1257 1597 1313 personae;
1626 1255 1752 1292 nam
1789 1236 2060 1307 quidquid
2082 1236 2150 1288 ab
2174 1236 2280 1288 alio

706 1341 1066 1411 distinguitur
1112 1337 1362 1407 protinus
1412 1332 1690 1402 propriam
1740 1343 2030 1400 personam
2073 1327 2284 1380 consti-

710 1438 833 1486 tnit.
870 1433 971 1487 Ubi
1030 1437 1212 1482 autem
1276 1433 1486 1480 naturae
1525 1438 1555 1476 e
1598 1423 1802 1491 quibus
1857 1430 2071 1474 constat
2141 1433 2283 1471 unus

707 1526 962 1580 Christus
994 1522 1049 1574 in
1072 1518 1469 1587 compositione
1501 1505 1835 1576 subsistunt,
1875 1521 1929 1565 et
1960 1526 2124 1564 unam
2155 1525 2280 1578 per-

712 1616 905 1669 llciunt
951 1610 1273 1683 hypostasin
1315 1613 1373 1661 et
1411 1615 1703 1667 naturam,
1737 1603 2018 1673 Unigeniti
2070 1602 2284 1655 scilicet

711 1706 877 1761 Verbi
905 1701 1174 1757 inearnati
1199 1707 1257 1753 et
1292 1695 1661 1760 inhumanati,
1698 1703 1881 1749 cessat
1920 1695 2085 1747 simul
2113 1703 2169 1746 ct
2202 1693 2308 1779 ιίτ

712 1795 902 1850 narius
965 1792 1337 1862 hypostaseon
1395 1799 1872 1856 personarumque
1945 1783 2283 1850 cogitatione

708 1893 1012 1955 conceptus
1062 1897 1349 1943 numerus,
1402 1880 1458 1932 in
1516 1891 1686 1930 unum
1731 1875 1863 1944 quid
1919 1888 2282 1940 concurrens,

711 1978 765 2030 in
816 1989 980 2028 unam
1018 1989 1086 2027 ex
1131 1970 1400 2025 ambabus
1435 1967 1782 2038 hypostasin,
1835 1981 1896 2019 ac
1942 1966 2138 2018 merito
2163 1981 2284 2034 per-

709 2085 839 2122 sana
855 2073 1102 2120 vocatus.
1118 2063 1252 2117 Nam
1269 2058 1606 2130 impossibile
1626 2064 1709 2112 est
1729 2056 1840 2110 duo
1863 2070 1970 2109 non
1996 2055 2050 2107 in
2072 2054 2287 2109 duabus

697 2159 966 2230 ’personis
1009 2170 1298 2225 apparere.
1339 2171 1355 2202 ι

781 2249 922 2304 Num
958 2247 1057 2300 tibi
1114 2259 1224 2298 non
1265 2241 1486 2296 videtur
1526 2247 1650 2309 post
1675 2236 2155 2306 compositionem,
2200 2235 2286 2289 vel

713 2341 973 2394 unionem
1005 2378 1020 2403 ,
1055 2337 1194 2392 duas
1240 2341 1467 2388 naturas
1508 2339 1566 2384 et
1596 2343 1890 2399 agnoscere
1916 2336 1974 2381 et
2004 2340 2203 2379 vocare
2231 2326 2286 2379 in

711 2430 954 2493 Christo,
993 2436 1048 2482 et
1078 2427 1177 2480 has
1211 2422 1432 2492 quidem
1468 2416 1875 2475 subsistentes?
1913 2415 2060 2482 Quas
2085 2414 2288 2468 distin-

714 2521 832 2589 guit
864 2519 958 2572 ubi
999 2516 1140 2580 vult,
1183 2521 1245 2567 ut
1277 2513 1434 2574 duas,
1468 2518 1525 2563 et
1549 2523 1742 2563 rursus
1771 2508 1828 2561 in
1859 2522 2025 2561 unam
2056 2505 2284 2576 conjun-

713 2613 813 2683 git,
844 2610 1000 2680 quasi
1025 2613 1352 2678 potestatem
1377 2603 1608 2656 haberet
1629 2609 1684 2654 et
1709 2597 1928 2652 dicendi
1953 2606 2008 2652 et
2027 2595 2288 2650 faciendi.

719 2705 818 2756 Per
841 2700 1024 2753 omnia
1059 2697 1280 2751 sibimet
1319 2700 1607 2762 repugnat,
1639 2689 1822 2762 omnia
1858 2687 2113 2741 consulto
2160 2701 2289 2754 per-

718 2791 924 2844 turbat.
954 2790 1057 2842 Per
1079 2802 1142 2840 ea
1166 2786 1368 2853 quibus
1400 2796 1565 2836 unam
1606 2790 1858 2833 naturam
1899 2774 2288 2832 stabiliendam

717 2882 968 2949 suscipit,
999 2879 1137 2932 duas
1167 2875 1362 2946 probat
1402 2885 1665 2935 naturas;
1711 2869 1777 2922 ad
1823 2884 1948 2923 eam
1977 2867 2150 2938 ipsam
2192 2867 2291 2921 do—

717 2975 952 3029 ctrinam
985 2970 1233 3030 deducit,
1257 2975 1317 3020 ut
1367 2966 1442 3020 ita
1486 2962 1714 3025 dixeris,
1773 2976 1939 3030 quam
1991 2959 2290 3014 defendere

720 3073 958 3118 recusat.
1012 3051 1267 3116 Cui'soli
1296 3068 1354 3112 et
1404 3071 1514 3110 non
1544 3054 1703 3108 alteri
1755 3061 1982 3122 propter
2029 3067 2182 3106 suam
2233 3051 2289 3105 in

723 3168 942 3211 terrena
979 3153 1249 3222 sapientia
1281 3146 1655 3218 prudentiam,
1693 3143 1818 3198 data
1846 3150 1932 3197 est
1963 3142 2054 3196 illa
2091 3142 2287 3210 gratia,

723 3254 780 3298 ut
814 3242 1035 3314 quando
1070 3238 1329 3301 voluerit,
1361 3251 1466 3289 una
1498 3242 1694 3287 natura
1723 3239 2037 3295 evanescat,
2075 3239 2129 3284 et
2168 3230 2292 3283 duae

720 3344 1039 3408 appareant,
1100 3341 1156 3388 et
1239 3331 1454 3385 duabus
1519 3327 1678 3394 visis,
1749 3340 1942 3379 rursus
2009 3325 2064 3376 in
2129 3335 2292 3374 unam

723 3440 940 3494 coeant,
973 3437 1030 3482 et
1068 3423 1488 3481 contrahantur.

791 3608 910 3675 Ipse
941 3603 1110 3672 igitur
1154 3599 1364 3668 primus
1412 3591 1659 3648 omnium
1702 3591 1898 3660 plenus
1942 3587 2296 3657 impudentiae

723 3699 818 3767 qui
849 3695 1015 3751 etiam
1048 3691 1186 3745 duas
1204 3698 1428 3742 naturas
1459 3682 1774 3738 confitetur.
1804 3681 1921 3735 Non
1944 3680 2091 3735 enim
2115 3679 2253 3732 dixit
2279 3696 2292 3731 :

723 3786 1066 3858 Cogitationc
1081 3795 1204 3836 cum
1217 3778 1344 3832 disti
1354 3783 1588 3846 nguetur
1602 3781 1818 3834 natura,
1834 3769 1927 3824 sed
1937 3809 1952 3834 ,
1964 3769 2100 3823 Cum
2112 3767 2298 3822 distiu-

727 3886 1023 3951 guerentur
1035 3881 1164 3928 natu
1173 3887 1264 3936 rae;
1281 3885 1388 3923 non
1399 3908 1412 3932 ,
1431 3864 1662 3932 Quando
1678 3865 1732 3918 in
1751 3862 2158 3930 comparatione
2172 3860 2298 3914 sub-

725 3971 871 4024 sistit
907 3975 1129 4027 natura,
1162 3963 1281 4027 sed,
1315 3960 1638 4014 Subsistunt
1665 3964 1895 4010 naturae.
1935 3951 2068 4018 Qua:
2110 3959 2295 4004 autem

729 4077 838 4114 non
861 4060 1038 4114 solum
1074 4061 1258 4109 mente
1275 4053 1501 4122 cogitat,
1519 4058 1614 4102 aut
1646 4063 1744 4101 ore
1780 4044 2123 4115 profert,scd
2155 4043 2294 4097 scri-

723 4154 835 4222 ptis
864 4149 1035 4204 etiam
1062 4143 1348 4214 exprimit,
1371 4150 1534 4209 atque
1564 4154 1628 4192 ea
1661 4137 1938 4206 octoginta
1975 4145 2031 4188 et
2063 4134 2299 4203 amplius

726 4243 884 4296 annis
913 4249 1038 4310 post
1071 4235 1406 4292 Nestorium.
1432 4232 1585 4287 Alios
1610 4228 1835 4299 quidem
1861 4234 2010 4280 vetat
2038 4225 2176 4277 duas
2199 4239 2298 4277 na-

727 4345 877 4388 turas
903 4331 1111 4391 dicere,
1153 4328 1268 4396 ipse
1301 4339 1433 4378 vero
1469 4337 1564 4376 eas
1599 4335 1696 4391 per
1725 4317 1911 4373 omnia
1958 4330 2158 4396 negare
2201 4327 2299 4366 ne—

726 4421 882 4490 quit;
917 4428 972 4474 et
1000 4434 1139 4488 quas
1163 4415 1394 4470 confuso
1447 4420 1504 4466 et
1549 4389 1894 4480 :enigmatico
1935 4389 2184 4459 modo‘in
2220 4403 2301 4454 al-

2375 595 2432 646 ἐν
2463 594 2528 661 τῇ
2563 591 2731 660 βίϐλῳ
2781 593 2846 660 τῇ
2907 591 3046 643 κατὰ
3083 587 3476 659 Γραμματικοῦ
3510 585 3746 655 Σευῆρος
3789 586 3954 660 λέγῃ.

2380 701 2399 736 ι
2443 682 2575 736 Ἰδοὺ
2607 681 2668 734 τὸ
2715 681 2814 749 μὲν
2851 681 2948 734 δύο
2997 683 3243 743 σκοπεῖν,
3292 681 3357 748 τῇ
3405 678 3678 749 φαντασίᾳ
3719 677 3814 730 τοῦ
3867 678 3959 730 νοῦ

2380 773 2541 844 μόνον
2569 771 2806 840 ἐφίεται,
2834 770 3205 840 διακρίνοντος
3233 769 3334 841 τὴν
3365 770 3648 839 διαφορὰν,
3673 772 3771 837 τὴν
3802 773 3877 833 ὡς
3906 774 3962 823 ἐν

2377 867 2627 934 ποιότητι
2660 866 2884 933 φυσικῇ.
2923 882 2940 913 ι
2969 862 3079 916 Καὶ
3125 862 3289 914 πάλιν
3331 866 3390 916 ἐν
3435 863 3512 934 τῷ
3555 863 3706 931 αὑτῷ
3736 863 3958 933 βιϐλίῳ·

2384 975 2399 1008 ι
2449 955 2574 1017 Πῶς
2621 955 2672 1008 οἱ
2716 954 2898 1025 πάσης
2929 954 3207 1014 ἀναιδείας
3234 955 3556 1023 ἀνάμεστοι,
3588 954 3683 1007 δύο
3714 955 3961 1020 λέγοντες

2380 1046 2596 1116 φύσεις,
2648 1048 2780 1116 φασὶ
2811 1046 2886 1116 μὴ
2931 1045 3113 1112 λέγειν
3143 1044 3239 1097 δύο
3273 1045 3603 1109 ὑποστάσεις
3659 1049 3753 1098 καὶ
3792 1046 3964 1115 πρόσ-

2379 1141 2667 1202 ωπα;ιὸτι
2733 1139 2927 1191 καὶέν
2978 1139 3044 1207 τῇ
3099 1138 3314 1206 ἐπινοίᾳ
3373 1136 3786 1208 διαιρουμέναις
3841 1141 3964 1200 ταῖς

2381 1229 2608 1297 φύσεσιν
2641 1229 2810 1295 ἤγουν
2845 1228 3230 1291 ὑποστάσεσιν,
3267 1231 3671 1279 συνεπινοεῖται
3701 1230 3768 1279 τὰ
3795 1227 3965 1295 πρόσ-

2381 1338 2539 1374 ωπαο
2588 1323 2812 1392 θάτερον
2859 1322 2967 1392 γάρ
3021 1320 3252 1391 θατέρου
3321 1319 3742 1389 διαιρούμενον,
3802 1319 3967 1379 εὐθὺς

2385 1416 2516 1468 ἴδιον
2570 1415 2939 1484 ἐπιγράφεται
2994 1412 3327 1482 πρόσωπον’
3379 1411 3437 1462 ἐν
3487 1410 3734 1462 συνθέσει
3769 1410 3825 1462 δὲ
3864 1410 3967 1476 ὑφ-

2387 1506 2708 1576 ισταμέναις
2745 1506 2864 1566 ταῖς
2895 1503 3122 1572 φύσεσιν
3159 1502 3218 1565 ἐξ
3276 1493 3351 1554 ὧν
3382 1505 3410 1554 ὁ
3452 1496 3531 1563 εἷς
3563 1503 3824 1570 Χριστὸς,
3874 1500 3967 1552 καὶ

2387 1598 2519 1667 μίαν
2569 1593 2963 1656 άποτελούσαις
3017 1593 3319 1646 ὑπόστασιν
3377 1593 3471 1645 καὶ
3517 1591 3679 1659 φύσιν
3716 1592 3818 1661 τὴν
3871 1591 3965 1642 τοῦ

2388 1688 2716 1760 μονογενοῦς
2744 1687 2920 1753 Λόγου
2943 1685 3368 1753 σεσαρκωμένου
3397 1684 3489 1737 καὶ
3517 1683 3969 1754 ἐνανθρωπήσαν-

2385 1796 2472 1843 τος
2505 1778 2867 1848 συναπολήγει
2909 1777 3002 1829 καὶ
3039 1778 3074 1846 ἡ
3123 1774 3492 1844 φαντασθεῖσα
3519 1777 3586 1843 τῇ
3617 1774 3829 1843 ἐπινοίᾳ
3858 1771 3968 1825 τῶν

2389 1871 2745 1924 ὑποστάσεων
2784 1869 2877 1922 καὶ
2912 1866 3222 1938 προσώπων
3251 1865 3404 1928 δυάς,
3439 1868 3520 1926 είς
3555 1866 3612 1918 ἓν
3641 1883 3694 1917 τι
3735 1865 3966 1934 συνδρα-

2391 1960 2568 2031 μοῦσα
2597 1960 2696 2028 τὴν
2728 1960 2786 2024 ἐξ
2829 1959 3032 2027 ἀμφοῖν
3071 1957 3202 2025 μίαν
3243 1956 3558 2017 ὑπόστασιν,
3605 1953 3703 2006 καὶ⁸
3738 1953 3965 2005 ἀκολού-

2389 2054 2494 2114 θως
2515 2051 2572 2104 ἓν
2595 2049 3012 2118 ἐπιγραφομένῃ
3046 2048 3104 2099 τὸ
3142 2047 3487 2114 πρόσωπον.
3524 2043 3603 2096 Τὰ
3635 2045 3743 2113 γὰρ
3769 2043 3864 2095 δύο
3896 2043 3970 2111 μὴ

2386 2146 2445 2196 ἐν
2463 2145 2558 2197 δύο
2581 2142 2866 2211 φαίνεσθαι
2899 2139 3211 2210 προσώποις
3231 2177 3246 2201 ,
3289 2137 3396 2190 τῶν
3431 2138 3709 2189 ἀδυνάτων
3740 2134 3910 2188 ἐστίν.
3945 2154 3962 2184 ι

2455 2230 2584 2304 Ἆρ’
2613 2234 2674 2285 οὑ
2710 2233 2859 2286 δοκεῖ
2889 2247 2973 2284 σοι
3020 2228 3160 2299 μετὰ
3194 2230 3293 2298 τὴν
3333 2228 3609 2290 σύνθεσιν,
3646 2228 3816 2296 ἦγουν
3835 2227 3970 2278 ’ἐνωο

2391 2345 2495 2393 σιν,
2522 2326 2616 2380 δύο
2656 2327 2752 2380 καὶ
2790 2325 2990 2378 ειδέναι
3029 2323 3123 2377 καὶ
3159 2321 3444 2390 ὀνομάζειν
3475 2319 3667 2388 φύσεις
3705 2319 3797 2371 ἐπὶ
3831 2319 3969 2388 Χρι-

2390 2419 2542 2482 στοῦ,
2582 2418 2678 2472 καὶ
2724 2415 2899 2470 ταῦτα
2937 2416 3373 2476 ἐνυποστάτους;
3409 2411 3475 2473 ἀς
3521 2413 3617 2463 καὶ
3657 2410 3856 2478 διαιρεῖ
3882 2409 3969 2461 ὅτε

2391 2511 2642 2582 βούλεται
2675 2511 2755 2573 εἱς
2789 2507 2905 2575 δύο,
2932 2508 3026 2562 καὶ
3057 2509 3283 2575 συνάγει
3305 2506 3387 2567 είς
3417 2502 3567 2574 μίαν,
3599 2503 3675 2565 ὡς
3699 2503 3785 2554 ἐπ’
3821 2499 3973 2564 ἐξου-

2391 2603 2513 2666 σίας
2553 2601 2696 2672 ἔχων
2752 2601 2846 2654 καὶ
2897 2598 3083 2665 λέγειν
3121 2599 3214 2650 καὶ
3263 2595 3550 2668 πράττειν.
3597 2594 3660 2646 ’0
3698 2595 3756 2646 ἐν
3803 2595 3973 2645 πᾶσιν

2390 2695 2570 2764 ἐαυτῷ
2613 2690 3047 2761 ἐναντιούμενος,
3086 2692 3115 2742 ὁ
3154 2687 3241 2742 διά
3289 2687 3388 2756 τὴν
3444 2684 3790 2755 κατασκευὴν
3841 2686 3972 2736 ἀνα-

2389 2786 2630 2857 τρέπων.
2673 2782 2734 2836 '0
2761 2784 2830 2835 δι’
2860 2776 2934 2835 ὧν
2964 2781 3216 2851 βούλεται
3247 2777 3378 2849 μίαν
3398 2777 3560 2844 φύσιν
3590 2776 3868 2845 συνιστᾷν,
3903 2774 3970 2826 δι’

2392 2878 2574 2932 αὐτῶν
2608 2875 2704 2930 δύο
2748 2875 2942 2944 φύσεις
2983 2869 3300 2942 παριστῶν·
3340 2869 3436 2920 καὶ
3497 2869 3557 2919 ἐν
3626 2866 3816 2926 αὑταῖς
3875 2863 3972 2932 μὲν

2393 2966 2584 3034 στῆναι
2625 2963 2701 3034 μὴ
2737 2962 3086 3032 βουλόμενος,
3117 2958 3269 3030 ὡςιδ⁹
3299 2957 3365 3012 ἂν
3399 2958 3544 3010 εἴποι
3583 2973 3668 3018 τις
3702 2955 3770 3007 δι’
3794 2953 3973 3006 αὐτῶν

2391 3056 2489 3126 τὴν
2522 3055 2760 3125 πάροδον
2789 3053 3130 3122 ποιούμενος.
3163 3044 3232 3121 ᾟ
3259 3049 3404 3119 μόνῳ
3427 3049 3522 3102 καὶ
3547 3047 3646 3100 οὑκ
3674 3047 3818 3116 aut,»
3843 3048 3970 3112 τινὶ,

2393 3145 2482 3198 διά
2517 3146 2617 3213 τὴν
2660 3142 2974 3214 προσοῦσαν
3002 3140 3156 3211 αύτῷ
3188 3139 3431 3210 χαμόθεν
3481 3137 3800 3209 οίησίσοφον
3834 3139 3971 3206 ἀρε-

2393 3237 2515 3305 τὴν,
2553 3235 2710 3305 ἐδόθη
2755 3237 2789 3304 ή
2827 3236 2986 3304 χάρις
3031 3233 3196 3302 αὕτη,
3253 3231 3340 3284 ἵνα
3380 3232 3510 3284 ὅταν
3551 3229 3833 3300 βούληται,
3865 3230 3975 3282 δια·

2395 3329 2643 3396 νοίγηται
2688 3323 2840 3394 αὐτῷ
2871 3326 2905 3394 ἡ
2935 3323 3031 3392 μία
3063 3321 3245 3390 φύσις,
3280 3321 3376 3373 καὶ
3406 3319 3775 3388 ἀναφαίνηται
3819 3318 3975 3386 αὐτῷ

2395 3415 2517 3469 δύο·
2549 3416 2646 3469 καὶ
2681 3414 2819 3484 μετά
2849 3412 2948 3481 τὴν
2975 3409 3282 3480 φαντασίαν
3309 3408 3420 3460 τῶν
3459 3407 3554 3459 δύο
3620 3405 3959 3476 συγκλείητα

2397 3508 2561 3562 πάλιν
2588 3508 2683 3560 καὶ
2715 3505 3010 3572 συνάγηται
3037 3505 3116 3564 είς
3140 3501 3360 3572 ἑαυτήν.

2467 3597 2638 3658 Αὐτὸς
2672 3593 2766 3648 οὖν
2819 3595 2928 3664 ἀρα
2976 3592 3193 3662 πρῶτος
3241 3591 3419 3658 πάσης
3467 3587 3741 3648 ἀναιδείας
3768 3587 3976 3654 ἀνάμε·

2401 3703 2546 3748 στος,
2582 3685 2772 3755 ἐπειδὴ
2813 3684 2906 3736 καὶ
2929 3681 3022 3734 δύο
3052 3680 3243 3750 φύσεις
3279 3678 3552 3748 ὁμολογεῖ.
3581 3676 3656 3727 Οὑ
3689 3678 3798 3746 γάρ
3830 3675 3975 3737 εἶπε,

2404 3778 2648 3846 Ἐπινοίᾳ
2678 3774 3063 3843 διαιρουμένης
3092 3773 3191 3839 τῆς
3218 3770 3451 3837 φύσεως,
3471 3767 3627 3829 ἀλλά,
3650 3767 3980 3836 Διαιρουμέ-

2402 3887 2520 3933 ναις
2553 3872 2668 3931 ταῖς
2701 3865 2931 3935 φύσεσιν
2954 3867 3076 3916 ’καὶ
3107 3866 3162 3913 ὲν
3187 3865 3253 3931 τῇ
3279 3859 3544 3921 συνθέσει,
3569 3857 3686 3924 οὐχ,
3717 3856 3977 3922 Ὑφιστα-

2401 3962 2570 4030 μένης
2586 3960 2685 4028 τῆς
2699 3958 2935 4027 φύσεως,
2953 3955 3091 4016 ἀλλ’,
3129 3952 3550 4021 ’Υφισταμέναις
3575 3951 3692 4008 ταῖς
3713 3946 3947 4014 φύσεσιν
3964 3961 3978 3975 ·

2401 4052 2494 4103 καὶ
2530 4051 2603 4119 μὴ
2661 4049 2821 4118 μόνον
2857 4045 3077 4099 σκοπῶν
3111 4045 3202 4097 καὶ
3249 4042 3426 4108 λέγων
3464 4041 3685 4101 ταύτας,
3715 4038 3856 4089 ἀλλά
3891 4040 3982 4090 καί

2403 4143 2696 4213 ἐγγράφως
2729 4137 3182 4207 ἀποτυπούμενος
3205 4151 3217 4163 ”
3250 4135 3347 4186 καὶ
3375 4131 3550 4184 ταῦτα
3587 4129 3726 4197 μετά
3769 4128 3981 4180 Νεστό-

2408 4250 2542 4303 ριον,
2573 4225 2710 4300 μετά
2739 4229 2790 4282 π’
2823 4231 2917 4281 καὶ
2954 4227 3089 4295 πρὸς
3125 4225 3240 4293 ἔτη.
3291 4223 3350 4274 Ὀ
3391 4221 3583 4281 ἀλλους
3613 4218 3712 4287 μὲν
3745 4218 3983 4286 ἀποτρέ-

2405 4343 2525 4377 πων
2551 4323 2644 4376 δύο
2677 4321 2867 4391 φύσεις
2893 4319 3096 4386 λέγειν,
3131 4315 3298 4377 αὑτὸς
3331 4313 3388 4366 δὲ
3423 4311 3498 4381 μὴ
3519 4309 3820 4379 δυνάμενος
3849 4325 3985 4360 παν-

2406 4415 2576 4476 τελῶς
2607 4414 2812 4474 ταύτας
2839 4408 3159 4479 ἀρνεῖσθαι·
3189 4407 3220 4458 δ
3245 4405 3332 4457 διὰ
3371 4403 3470 4472 μὲν
3507 4400 3616 4453 τῶν
3651 4399 3985 4468 παρατεθει-

727 4513 852 4566 latis
876 4509 1065 4564 verbis
1097 4509 1376 4568 innuerat,
1428 4505 1481 4556 in
1521 4503 1630 4555 alio
1669 4502 1790 4553 loco
1829 4497 2075 4567 ejusdem
2103 4503 2298 4548 tracta-

2412 4506 2516 4558 σῶν
2554 4503 2719 4557 αὑτοῦ
2765 4501 2965 4565 λέξεων
3008 4496 3380 4567 ἀμυδρότερον
3423 4491 3986 4560 καὶγριφωδέστερον

728 4615 816 4657 tus
846 4602 954 4656 alta
984 4615 1119 4655 voce
1149 4597 1445 4667 proﬁtetur
1474 4613 1486 4646 :
1527 4613 1544 4644 ι
1575 4593 1757 4646 Nolite
1790 4590 2040 4667 scribere
2078 4587 2304 4641 Chalce-

728 4695 1030 4748 donensem
1062 4664 1331 4760 synodum
1383 4685 1522 4739 duas
1565 4683 1771 4735 dixisse
1820 4664 2084 4742 naturas;
2142 4676 2304 4745 longe

731 4783 892 4845 absit,
956 4779 1052 4833 sed
1107 4775 1510 4846 hypostaticam
1567 4772 1832 4824 unionem
1885 4777 1943 4821 et
1993 4780 2183 4819 vocem
2241 4779 2305 4815 ea;

730 4873 929 4924 duabus
991 4869 1179 4922 dicere
1228 4865 1589 4935 prohibuit.»
1651 4861 1708 4914 In
1751 4859 1954 4912 librum
2011 4865 2195 4910 autem
2237 4854 2306 4906 ad

731 4963 1002 5032 Sergium,
1035 4961 1108 5012 ita
1128 4957 1406 5026 loquitur:
1442 4973 1460 5003 ι
1488 4953 1691 5006 Eadem
1717 4937 1882 5020 igitur
1904 4954 2086 5001 mente
2116 4945 2307 4998 incede

728 5062 782 5106 et
815 5049 1371 5122 progredere,eorum
1407 5047 1696 5098 immemor
1719 5056 1842 5110 quae
1870 5048 2040 5103 retro,
2065 5039 2118 5090 in
2141 5053 2204 5092 ea
2226 5038 2308 5090 in-

732 5150 916 5194 tentus
935 5154 1056 5209 quae
1072 5146 1220 5202 ante,
1240 5144 1296 5190 et
1312 5134 1590 5204 opinionis
1601 5133 1809 5186 oblitus
1839 5130 2088 5199 perditae,
2111 5143 2232 5196 quae
2254 5128 2308 5180 in

735 5246 899 5285 unam
930 5230 1194 5284 conducit
1235 5243 1301 5281 ea
1343 5242 1373 5280 c
1404 5225 1609 5295 quibus
1649 5223 1907 5277 Christus
1945 5221 2082 5274 citra
2115 5217 2312 5273 confu-

735 5323 948 5376 sionem
981 5329 1216 5374 constat.
1247 5319 1353 5384 Qui
1384 5317 1536 5371 enim
1583 5330 1734 5369 nunc
1786 5315 2179 5384 proprietatem
2215 5327 2310 5364 na-

737 5425 985 5467 turarum
1020 5411 1360 5480 distinguere
1390 5408 1716 5471 contendit,
1745 5421 1777 5460 e
1803 5406 2004 5475 quibus
2036 5412 2120 5458 est
2148 5403 2312 5457 Chri-

735 5515 874 5570 stus,
897 5505 1105 5573 absque
1139 5500 1470 5556 confusione
1498 5518 1511 5554 :
1544 5516 1694 5553 nunc
1731 5513 1861 5552 vero
1893 5499 1948 5550 in
1981 5511 2142 5549 unam
2174 5496 2311 5548 sub-

736 5596 1372 5665 stantiemetpersonam
1400 5593 1583 5647 omnia
1609 5591 1892 5661 coniungit
1917 5597 1973 5642 et
1998 5587 2310 5649 confundit,

734 5691 977 5744 visusest
990 5688 1416 5743 exconfessioue
1433 5686 1771 5755 manipulum
1793 5684 1996 5738 afferre
2011 5700 2113 5736 non
2127 5682 2316 5734 haben-

726 5793 826 5836 tem
865 5784 997 5836 uires
1028 5791 1083 5836 ut
1106 5782 1269 5850 faciat
1301 5781 1536 5850 farinam
1593 5777 1750 5847 (Osee
1771 5793 1884 5844 \‘lll,
1909 5776 1983 5846 7).
2027 5795 2043 5828 ι
2110 5774 2312 5827 Natura

787 5875 863 5950 (ὅ)
896 5873 1160 5930 Joannem
1183 5872 1390 5927 scilicet
1426 5869 1838 5925 Caesariensem.

2406 4591 2610 4652 ταύτας
2638 4586 2946 4657 ὁμολογῶνο
2985 4587 3044 4637 ἐν
3076 4585 3132 4635 δὲ
3159 4583 3334 4650 ἐτέρῳ
3358 4581 3508 4648 τόπῳ
3530 4577 3624 4629 τοῦ
3658 4575 3826 4629 αὑτοῦ
3855 4593 3988 4641 συγ-

2405 4683 2756 4751 γράμματος,
2805 4679 3184 4746 φανερώτερον
3227 4671 3399 4740 βοῶν’
3429 4689 3455 4749 Δι
3474 4669 3654 4737 Μῆτις
3705 4667 3988 4734 ἐγράψατο

2407 4747 2592 4841 τῆννέν
2625 4769 2933 4838 Χαλκηδόνι
2983 4765 3200 4817 σύνοδον
3229 4762 3321 4814 δύο
3352 4747 3542 4828 φύσεις
3586 4758 3850 4809 εἰποῦσαν
3899 4758 3987 4809 τὸν

2407 4863 2682 4933 Χριστόν;
2716 4861 2792 4930 μὴ
2842 4858 3076 4928 γένοιτοί
3125 4854 3241 4908 ἀλλ’
3282 4854 3362 4906 ὅτι
3391 4851 3490 4920 τὴν
3534 4850 3656 4903 καθ’
3687 4849 3988 4901 ὑπόστασιν

2407 4956 2624 5019 ἕνωσιν,
2657 4952 2752 5005 καὶ
2775 4951 2874 5020 τὴν
2901 4950 2968 5002 ἐκ
2998 4949 3109 5002 δύο
3136 4944 3318 5014 φωνὴν
3347 4943 3525 4996 είπείν
3555 4941 3939 5009 παρῃτήσατο.
3964 4956 3984 4987 ι

2423 5044 2509 5096 Ἐν
2531 5043 2584 5094 δὲ
2602 5041 2680 5110 τῷ
2706 5040 2841 5110 πρὸς
2862 5037 3112 5108 Σέργιον,
3132 5032 3304 5087 ταῦτά
3323 5046 3489 5099 φησιν
3509 5044 3521 5056 ·
3555 5046 3572 5078 ι
3589 5026 3689 5078 Ἰθι
3704 5027 3888 5079 τοίνυν
3904 5027 3989 5077 διὰ

2410 5139 2508 5203 τῆς
2538 5133 2706 5202 αὐτῆς
2733 5129 2992 5200 διανοίας,
3022 5127 3114 5180 καὶ
3147 5127 3227 5186 εἰς
3253 5123 3495 5175 ἐπίδοσιν
3547 5119 3704 5185 άγου,
3752 5117 3861 5169 τῶν
3893 5119 3990 5185 μὲν

2413 5227 2633 5280 ὄπισθεν
2667 5209 3182 5290 ἐπιλανθανόμενος,
3229 5216 3362 5286 πρὸς
3380 5215 3438 5266 δὲ
3455 5212 3523 5265 τά
3541 5210 3855 5280 ἔμπροσθεν
3898 5212 3991 5261 ὲκ-

2412 5318 2744 5387 τεινόμενος,
2762 5313 2965 5381 καὶτῆς
2988 5307 3338 5378 ὲσφαλμένης
3366 5304 3521 5372 δόξης
3547 5301 3764 5368 ἐκείνης
3783 5301 3886 5370 τῆς
3913 5301 3990 5360 εἰς

2418 5410 2548 5480 μίαν
2578 5403 2823 5474 ἀγούσης
2853 5404 2922 5456 τὰ
2947 5402 3006 5465 ἐξ
3030 5394 3106 5454 ὧν
3131 5397 3454 5465 ἀσυγχύτως
3487 5394 3634 5446 ἔστιν
3671 5393 3698 5442 ό
3730 5389 3989 5460 Χριστός.

2411 5479 2690 5570 Φήσαντος
2715 5495 2824 5564 γάρ
2851 5494 2914 5545 οὑ
2941 5488 3322 5560 συνομολογεῖν
3352 5483 3588 5550 ἰδιότητα
3614 5479 3723 5532 τῶν
3751 5479 3992 5546 φύσεων,

2416 5592 2476 5655 ἐξ
2509 5584 2583 5644 ὧν
2629 5587 2952 5656 ἀσυγχύτως
2994 5582 3142 5635 ἐστιν
3183 5583 3212 5632 ὁ
3255 5577 3509 5646 Χριστὸς,
3563 5573 3660 5625 καὶ
3698 5571 3868 5623 πάλιν
3919 5572 3991 5631 εἰς

2420 5683 2550 5751 μίαν
2593 5680 2780 5732 οὐσίαν
2826 5675 2920 5728 καὶ
2974 5672 3166 5740 ίδίωμα
3215 5668 3275 5719 τὸ
3323 5668 3434 5717 πᾶν
3466 5660 3882 5727 συναλείφοντος
3909 5659 3998 5709 καὶ

2421 5749 2769 5842 συγχέοντος,
2799 5764 3029 5836 εὑρέθην
3058 5761 3417 5832 κομιζόμενος
3446 5753 3552 5808 ἀπδ
3580 5753 3679 5822 τῆς
3709 5749 3998 5822 ὁμολογίας
