4210 6442
219 406 320 467 909

1259 397 1622 458 EPISTOLA
1661 395 1756 457 DE
1793 394 2096 456 DUABUS
2131 395 2487 456 NATURIS.

3359 391 3464 456 910

216 521 439 590 δράγμα
464 517 549 586 μὴ
591 516 736 584 ἔχον
763 514 949 582 ἰσχὺν
993 512 1240 579 ποιῆσαι
1266 511 1548 580 ἄλευρον.
1572 531 1590 567 ι
1622 511 1787 572 Φύσις
1818 513 1862 569 Α

1818 513 1862 569 Α
1890 516 1945 562 et
1976 509 2282 564 substantia
2328 508 2412 561 vel
2444 503 2589 575 apud
2623 503 2892 560 Severum
2924 503 3068 559 idem
3117 512 3268 560 sunt.
3326 501 3460 558 Dum

217 611 310 666 καὶ
337 609 499 663 οὐσία
531 609 626 660 καὶ
676 609 832 676 παρὰ
894 605 1120 674 Σευήρῳ
1163 603 1359 656 ταυτόν
1405 603 1574 655 ἐστιν.
1619 603 1676 654 '0
1699 597 1793 653 οὖν

217 700 574 771 μεμφόμενος
605 698 698 750 τὸν
737 699 817 758 εἰς
858 698 990 766 μίαν
1033 695 1222 747 οὐσίαν
1269 696 1388 764 ἦτοι
1454 693 1617 762 φύσιν
1669 709 1793 744 συν-

213 793 417 858 άγοντα
445 791 513 842 τὰ
533 787 593 853 se
617 782 692 842 ὧν
717 790 746 840 ὁ
774 786 1025 856 Χριστὸς,
1047 787 1167 856 οὐχὶ
1196 785 1443 854 φανερῶς
1474 785 1792 852 ἀποδέχεται

213 885 336 945 τοὺς
370 883 465 934 δύο
486 883 580 935 καὶ
600 880 738 950 μετὰ
766 880 866 949 τὴν
895 880 1090 933 ἕνωσιν
1112 878 1505 946 ὁμολογοῦντας
1527 893 1542 941 ;

279 970 394 1026 Καὶ
425 976 481 1025 ὲν
518 973 596 1042 τῷ
629 971 866 1041 δευτέρῳ
908 972 965 1026 δὲ
1004 971 1150 1041 λόγῳ
1175 971 1255 1042 τῷ
1284 971 1422 1040 πρὸς
1464 969 1624 1024 αὑτὸν
1660 970 1791 1039 Σέρ-

211 1080 330 1128 γιον
362 1058 541 1131 (οὗτος
570 1061 627 1114 δὲ
651 1057 719 1130 ἦν
744 1061 1132 1131 γραμματικὸς
1154 1059 1604 1129 Εὑτυχιανιστὴς)
1621 1059 1786 1126 λέγει·

217 1173 234 1205 ι
267 1155 391 1217 Πῶς
423 1155 485 1207 οὐ
531 1154 937 1220 καταγέλαστον
967 1154 1062 1206 καὶ
1091 1153 1152 1206 τὸ
1181 1153 1359 1220 λέγειν
1388 1151 1481 1205 δύο
1524 1152 1792 1223 ἰδιότητας

209 1245 241 1312 ἢ
269 1243 362 1296 δύο
394 1243 714 1312 ὲνεργείαςς
754 1242 932 1295 Πολλὰ
963 1243 1074 1312 γάρ
1112 1243 1229 1294 ἐστι
1263 1241 1356 1294 καὶ⁸
1404 1243 1466 1293 οὐ
1501 1241 1595 1294 δύο
1629 1242 1790 1311 μόνον

209 1331 449 1397 ἑκάστης
481 1330 699 1399 φύσεως
722 1348 734 1360 ·
766 1323 876 1384 οἷον
901 1330 1009 1399 ’τῆς
1047 1330 1470 1399 ἀνθρωπότητος
1497 1331 1560 1382 τὸ
1597 1330 1788 1392 ἁπτὸν,

1895 599 2064 668 igitur
2090 614 2187 653 eos
2220 600 2457 660 incusat,
2484 597 2579 664 qui
2615 595 2670 648 in
2703 609 2866 648 unam
2905 604 3156 648 naturam
3184 602 3283 648 aut
3331 594 3464 649 sub—

1893 691 2149 744 stantiam
2195 703 2260 742 ea
2299 686 2630 742 contrahunt
2681 700 2711 738 e
2735 685 2938 754 quibus
2964 682 3238 749 Christus,
3276 699 3461 739 nonne

1891 782 2176 834 evidenter
2229 779 2350 830 illos
2398 775 2595 846 probat
2623 775 2715 844 qui
2766 776 2905 828 duas
2937 783 3182 838 naturas,
3218 773 3303 828 vel
3337 783 3463 845 post

1894 873 2156 926 unionem
2187 870 2522 924 conﬁtentur
2554 868 2577 920 ?

1963 964 2103 1016 Dicit
2163 963 2330 1015 etiam
2378 961 2432 1014 in
2491 961 2733 1015 secunda
2786 959 3040 1014 oratione
3086 958 3154 1013 ad
3201 958 3459 1012 eumdem

1895 1054 2150 1124 Sergium
2202 1052 2315 1123 (hic
2361 1060 2482 1106 erat
2536 1051 2927 1121 grammaticus
2974 1048 3458 1120 Eutychianista):

1899 1163 1917 1196 ι
1947 1145 2052 1211 Qui
2081 1159 2190 1198 non
2225 1143 2520 1197 ridiculum
2555 1142 2743 1196 dicere
2788 1140 2926 1195 duas
2960 1139 3331 1210 preprietates
3367 1148 3463 1193 aut

1891 1238 2028 1292 duas
2060 1235 2450 1306 operationes?
2509 1234 2691 1287 hlulta:
2736 1234 2881 1286 enim
2913 1243 3063 1296 sunt,
3095 1243 3153 1288 et
3184 1247 3296 1286 non
3341 1231 3464 1286 duae

1893 1337 2105 1382 tantum
2136 1328 2406 1395 cujusque
2431 1335 2679 1385 natura:
2737 1325 2812 1378 ita
2856 1321 3099 1396 hominis
3125 1331 3212 1379 est
3241 1323 3346 1379 sub
3379 1330 3464 1378 ta-

207 1424 268 1477 τὸ
299 1424 519 1493 ὁρατὸν,
545 1423 607 1475 τὸ
631 1422 848 1492 θνητὸν,
885 1422 944 1474 τὺ
977 1421 1302 1476 ὑποκεῖσθαι
1336 1422 1500 1493 πείνῃ
1530 1421 1627 1474 καὶ
1659 1421 1788 1491 δίψῃ

1896 1427 2046 1473 ctum
2087 1425 2145 1471 et
2175 1416 2279 1470 sub
2309 1423 2664 1485 conspectum
2695 1414 2891 1469 cadere
2917 1431 2932 1480 ;
2956 1414 3122 1470 morti
3164 1415 3459 1470 obnoxium

208 1516 302 1569 καὶ
354 1516 472 1575 τοῖς
519 1511 698 1575 ἄλλοις
740 1513 972 1581 ὁμοίως·
1005 1512 1101 1564 καὶ
1155 1511 1255 1579 τῆς
1300 1511 1451 1572 θείας
1477 1510 1532 1562 δὲ
1571 1510 1788 1578 φύσεως

1888 1523 2032 1572 esse,
2069 1523 2133 1563 ac
2164 1506 2298 1561 fami
2331 1515 2388 1560 et
2435 1507 2547 1571 siti,
2585 1515 2640 1560 et
2685 1514 2887 1562 caetera
2939 1506 3169 1576 hujusce
3221 1506 3461 1576 generis.

208 1607 382 1661 πολλὰ
428 1610 502 1658 τὰ
547 1606 673 1669 ῖδια,
700 1605 765 1656 τὸ
798 1603 1054 1674 ἀόρατον,
1088 1605 1149 1656 τὸ
1177 1604 1405 1672 ἀναφὲς,
1432 1604 1491 1655 τὸ
1545 1603 1786 1672 προαιώ-

1891 1600 2204 1653 Divinitatis
2229 1613 2449 1668 quoque
2501 1598 2685 1652 multa:
2713 1597 3113 1667 proprietates,
3157 1611 3283 1650 nam
3324 1595 3464 1650 invi-

207 1715 345 1763 νιον,
405 1696 467 1749 τὸ
516 1695 957 1764 ἁπερίγραπτον.
999 1694 1232 1764 Ὁμοίως
1284 1694 1377 1748 καὶ
1433 1693 1501 1746 τὰ
1556 1695 1786 1764 ἐνεργή-

1888 1690 2083 1753 sibilis,
2117 1689 2402 1749 intactilis,
2430 1697 2658 1752 aeterna,
2711 1687 3210 1756 incircumscripta.
3247 1686 3463 1741 Pariter

209 1786 559 1858 ματαλπολλὰ
605 1787 701 1838 καὶ
725 1785 997 1854 διάφορα·
1031 1786 1125 1838 καὶ
1169 1785 1408 1839 τοσαῦτα
1456 1787 1557 1839 ὅσα
1591 1787 1655 1840 ἄν
1698 1803 1783 1848 τις
1823 1846 1859 1858 _

1823 1846 1859 1858 _
1886 1791 1943 1836 et
1973 1781 2203 1836 eﬁ‘ectus
2239 1794 2461 1849 quoque
2491 1786 2621 1832 sunt
2669 1777 2947 1832 innumeri
2977 1792 3042 1832 ac
3082 1777 3237 1842 varii,
3276 1785 3335 1832 et
3384 1783 3464 1832 tot

206 1846 615 1948 staret-arpdistc
647 1876 796 1940 θείας
825 1846 1007 1934 τεκαὶ
1031 1876 1399 1947 ἀνθρωπίνας.
1429 1896 1445 1927 r
1483 1877 1613 1931 ’ἰδοὺ
1643 1846 1786 1931 οἶδεν
1823 1846 1862 1900 Β

1823 1846 1862 1900 Β
1895 1872 2166 1936 invenies,
2207 1846 2342 1940 quot
2371 1846 2528 1924 actus
2573 1869 2892 1924 hominibus
2933 1877 3030 1923 aut
3050 1869 3165 1924 Deo
3216 1868 3462 1924 tribuere

206 1973 301 2023 καὶ
343 1970 485 2040 μετὰ
536 1969 638 2040 τὴν
701 1969 898 2022 ἔνωσιν
944 1969 1124 2038 λέγειν
1172 1971 1412 2042 ἑκάστην
1450 1971 1646 2040 φύσιν·
1693 1971 1786 2023 ἐπὶ

209 2062 338 2128 μιᾶς
364 2059 420 2112 δὲ
448 2058 668 2127 φύσεως
703 2058 912 2126 ἑκάστη
948 2058 1110 2126 φύσις
1153 2059 1215 2111 οὐ
1263 2059 1502 2128 λέγεται,
1539 2060 1655 2114 ἀλλ’
1693 2061 1786 2113 ἐπὶ

204 2119 332 2206 ἐύοί
367 2119 522 2206 uie
552 2119 731 2219 λέγων
759 2151 854 2203 ἰπὶ
896 2119 1139 2220 Χριστοῦ
1181 2119 1347 2205 θείαν.
1373 2119 1557 2219 φ’θσὶν,
1605 2170 1782 2223 παρα-

202 2242 354 2312 δηλοῖ
398 2241 494 2294 καὶ
524 2241 626 2312 τὴν
654 2240 1232 2312 ἀντιδιαστελλομὲνην
1283 2243 1633 2314 ἀνθρωπίνην
1682 2242 1778 2310 φύ-

206 2351 292 2386 σιν
324 2333 547 2386 ειδέναι.
573 2333 685 2387 Καὶ
709 2332 915 2386 τούτων
946 2333 1218 2402 ἰδιότητας
1245 2335 1340 2387 καὶ
1374 2333 1656 2406 ἐνεργείας
1683 2351 1786 2403 φη-

205 2427 290 2477 σὶν
323 2427 350 2476 ό
392 2426 451 2477 ὲν
489 2424 705 2486 πολλοῖς
736 2423 903 2477 αὐτοῦ
952 2424 1330 2493 συντάγμασιν
1359 2425 1783 2495 ἀναθεματίζων

206 2519 334 2576 τοὺς
364 2517 623 2584 λέγοντας
657 2516 750 2568 ἐπὶ
783 2514 1022 2586 Χριστοῦ
1051 2515 1321 2584 ἰδιότητας
1350 2517 1444 2569 καὶ
1480 2517 1778 2587 ἐνεργείας.

221 2610 280 2662 '0
316 2609 408 2661 διὰ
433 2608 635 2678 πολλὴν
659 2607 855 2677 σοφίαν
884 2607 1064 2680 nam];
1095 2606 1254 2677 δόξης
1277 2608 1526 2678 μαθητὴς
1557 2609 1650 2663 καὶ
1674 2609 1780 2661 πά-

211 2715 332 2759 σαις
360 2699 687 2768 μαχόμενος.
715 2699 922 2767 ἑκάστῃ
947 2695 1002 2750 δὲ
1027 2700 1091 2767 τῇ
1113 2698 1395 2767 ἀντιθέτῳ.

278 2966 408 3027 Τοῖς
429 2965 528 3034 μὲν
549 2963 656 3033 γὰρ
683 2963 1129 3032 Εὐτυχιανισταῖς
1150 2963 1271 3033 ἦτοι
1300 2963 1786 3025 Φαντασιανισταῖς

209 3059 322 3118 τοῖς
369 3055 470 3125 τῆς
514 3053 842 3124 Ἐκκλησίας
877 3053 1143 3123 δόγμασιν
1194 3052 1511 3106 ἀνθίστατο·
1544 3053 1706 3121 φύσιν
1729 3053 1786 3105 δὲ

209 3146 373 3214 φύσιν
403 3146 602 3213 λέγων,
639 3147 734 3198 καί
767 3145 1010 3213 ἑκάστην
1055 3144 1150 3197 καὶ
1197 3143 1347 3196 θείαν
1377 3144 1472 3196 καὶ
1504 3143 1785 3214 ἀνθρωπί-

208 3257 326 3308 νην,
359 3239 456 3290 καὶ
483 3237 689 3290 τούτων
719 3237 1002 3306 ἰδιότητας»
1025 3237 1119 3288 καὶ
1147 3235 1447 3306 ἐνεργείας.
1489 3236 1617 3288 Ὅτε
1640 3235 1695 3288 δὲ
1722 3240 1786 3306 τῇ

220 3330 522 3400 Ἐκκλησία
585 3329 858 3397 μάχεται,
927 3327 1317 3396 ἀναθεματίζει
1371 3327 1586 3392 ταῦτα,
1645 3328 1789 3398 ειπερ

207 3421 350 3474 κατᾶ
398 3421 498 3489 τῆς
544 3418 846 3486 φαντασίας
888 3418 1254 3487 προεϐάλετο·
1305 3422 1415 3483 τοῖς
1466 3419 1523 3472 δὲ
1574 3419 1789 3489 ἐκείνης

208 3514 559 3574 συστατικοῖς
587 3512 987 3581 ἐπιχειρήμασι
1023 3511 1290 3581 κέχρηται
1329 3511 1471 3564 κατά
1519 3511 1618 3580 τῆς
1655 3512 1785 3581 ἀλη-

206 3605 384 3670 θείας,
426 3599 569 3674 ῖνα
602 3605 631 3655 ὁ
658 3600 953 3671 λεγόμενος
975 3600 1458 3671 δοξοκαθαιρέτης,
1491 3602 1519 3654 ὁ
1544 3603 1638 3655 καὶ
1661 3603 1786 3656 ἑαυ-

204 3697 284 3767 τῷ
328 3697 427 3751 καὶ
470 3697 605 3748 πᾶσι
638 3696 750 3758 τοῖς
796 3693 973 3757 ἁγίοις
1003 3693 1254 3764 Πατρὰσι
1292 3695 1600 3764 μαχόμενος
1622 3710 1635 3723 ·
1669 3695 1785 3756 πῶς

205 3789 319 3858 γὰρ
348 3788 412 3839 οὐ
472 3787 711 3855 μάχεται
757 3786 872 3846 τοῖς
905 3783 1185 3852 Πατράσιν
1215 3786 1244 3837 ό
1269 3783 1439 3837 εἰπὼν
1469 3785 1528 3836 ὲν
1560 3787 1626 3855 τῇ
1662 3785 1783 3837 Ἑκ-

205 3881 371 3936 owe;
401 3879 510 3946 τῆς
545 3879 804 3942 πίστεως
859 3875 1047 3941 αὑτοῦ,
1081 3877 1163 3930 ὅτι
1200 3878 1486 3946 εἰρήκασιν
1538 3879 1587 3929 οἱ
1638 3877 1782 3944 amt

205 3971 454 4040 Πατέρες
474 3969 568 4022 δύο
594 3967 811 4036 φύσειςς
867 3967 954 4020 Ἐν
979 3967 1037 4018 δὲ
1061 3971 1126 4037 τῇ
1169 3968 1417 4037 συνοδικῇ
1458 3969 1628 4022 αὑτοῦ
1661 3969 1783 4020 ἑπι-

205 4060 373 4130 στολῇ
411 4061 475 4128 τῇ
521 4057 658 4128 πρὸς
700 4057 796 4110 τὸν
827 4055 1105 4126 Νικιώτην
1138 4056 1524 4126 ἀναθεματίζω
1583 4059 1783 4120 αὐτοὺς

201 4156 260 4206 ὲν
291 4151 370 4220 τῷ
405 4148 667 4220 γράφειν·
711 4165 729 4198 ι
761 4145 1261 4217 Ἀναθεματίζομεν
1284 4147 1375 4200 οὖν
1413 4149 1538 4210 τοὺς
1569 4147 1663 4200 δύο
1693 4147 1780 4200 λέ-

199 4257 405 4310 γοντας
443 4240 478 4309 ἢ
516 4241 769 4301 εἰπόντας
801 4239 993 4306 φύσεις
1027 4238 1166 4308 μετὰ
1195 4239 1294 4307 τὴν
1345 4239 1624 4309 ἄφραστον
1649 4238 1780 4292 ἔνω-

202 4351 294 4388 σιν
347 4331 440 4385 τὸν
468 4331 564 4384 ἕνα
600 4330 810 4401 Κύριον
843 4330 1003 4399 ἡμῶν
1019 4329 1227 4397 Ἰησοῦν
1251 4330 1541 4400 Χριστόν.»
1563 4329 1660 4382 Διά
1682 4327 1776 4381 τοῦ

197 4425 526 4486 εἰπόντας,
588 4420 712 4480 τοὺς
779 4420 966 4487 ἁγίους⁸
1043 4419 1291 4489 Πατέρας
1353 4419 1773 4489 ἀναθεμάτισεν,

1894 1963 2122 2032 poteris.
2154 1981 2171 2012 ι
2206 1962 2286 2015 En
2318 1961 2404 2014 vel
2440 1967 2567 2030 post
2601 1959 2864 2015 unionem
2896 1971 3188 2030 utramque
3209 1969 3462 2016 naturam

1892 2054 2080 2109 dicere
2109 2068 2218 2106 non
2246 2051 2500 2114 dubitat;
2536 2049 2605 2104 ad
2637 2065 2802 2104 unam
2837 2065 2968 2105 vero
3011 2060 3264 2106 naturam
3306 2058 3462 2105 utra-

1890 2160 2001 2214 que
2019 2154 2212 2198 natura
2229 2159 2338 2197 non
2367 2141 2628 2206 refertur,
2649 2141 2746 2196 sed
2763 2141 2829 2196 ad
2853 2142 2990 2196 duas
3016 2157 3028 2194 :
3049 2142 3144 2212 qui
3167 2143 3222 2197 in
3242 2141 3462 2198 Christo

1893 2234 2136 2288 divinam
2218 2242 2472 2288 naturam
2526 2231 2815 2302 praedicat,
2875 2233 3082 2288 indicat
3126 2248 3185 2288 se
3239 2248 3461 2303 quoque

1891 2327 2196 2395 oppositam
2259 2325 2386 2379 huic
2459 2324 2756 2378 humanam
2811 2330 3064 2378 naturam
3138 2339 3460 2395 agnoscere.

1890 2416 2162 2486 Loquitur
2191 2416 2358 2470 etiam
2388 2413 2458 2468 de
2489 2415 2716 2468 istarum
2740 2414 3171 2484 preprietatihus
3187 2423 3245 2470 et
3268 2430 3465 2485 opera-

1889 2510 2140 2564 tionibus
2167 2509 2261 2579 qui
2299 2509 2354 2562 in
2402 2507 2589 2562 multis
2635 2508 2960 2563 tractatibus
3009 2523 3106 2563 eos
3139 2510 3462 2564 anathema-

1891 2601 2022 2654 tizat
2071 2600 2165 2670 qui
2206 2601 2262 2653 in
2302 2597 2528 2652 Christo
2581 2597 2952 2666 proprietates
2993 2605 3051 2652 et
3109 2600 3463 2670 operationes

1893 2691 2249 2747 conﬁtentur.
2321 2689 2413 2744 Sic
2439 2697 2665 2758 propter
2696 2703 2966 2743 summam
3003 2690 3328 2760 sapientiam
3361 2691 3464 2746 do-

1891 2783 2103 2836 ctrinas
2131 2795 2326 2835 omnes
2355 2778 2518 2834 simul
2551 2777 2799 2833 defendit
2829 2788 2884 2834 et
2927 2780 3232 2852 impugnat,
3266 2782 3352 2838 vel
3381 2782 3466 2838 di-

1891 2875 2240 2928 versissimas
2271 2873 2415 2926 inter
2441 2886 2520 2925 se.

1963 2963 2395 3035 Eutychianistis
2415 2964 2562 3017 enim
2600 2972 2694 3017 aut
2722 2963 3180 3019 Phantasianistis
3205 2964 3464 3021 Ecclesia:

1891 3053 2146 3124 dogmata
2195 3052 2424 3123 objicit,
2479 3061 2734 3106 naturam
2781 3068 3004 3118 vocans,
3054 3061 3111 3108 et
3169 3062 3462 3124 utramque

1890 3145 2176 3200 confessus
2213 3143 2456 3197 divinam
2497 3151 2556 3197 et
2601 3142 2924 3208 humanam,
2973 3151 3031 3198 et
3078 3144 3276 3200 harum
3328 3160 3462 3215 pro-

1891 3237 2154 3308 prietates
2181 3243 2236 3289 et
2264 3234 2633 3303 operationes.
2684 3233 2916 3300 Quando
2969 3243 3153 3291 autem
3202 3236 3463 3292 Ecclesia:

1888 3329 2233 3390 adversatur,
2279 3326 2471 3381 eadem
2517 3330 2744 3380 damnat
2792 3343 2916 3397 quae
2978 3340 3174 3384 contra
3225 3329 3460 3400 phanta-

1888 3427 2124 3474 smatum
2153 3418 2398 3472 fautores
2417 3426 2884 3487 propugnaverat,
2914 3426 2971 3474 et
2999 3419 3070 3473 ab
3099 3419 3234 3489 ipsis
3260 3419 3462 3475 adver-

1887 3525 1981 3564 sus
2013 3509 2303 3563 veritatem
2341 3524 2493 3562 arma
2519 3517 2823 3573 mutuatur,
2868 3519 2930 3564 ut
2969 3509 3042 3565 sit
3071 3525 3204 3566 vere
3235 3511 3462 3583 dogma-

1887 3611 2002 3658 tum
2027 3616 2270 3666 eversor,
2303 3601 2527 3656 sibimet
2555 3611 2612 3655 et
2643 3601 2851 3656 sanctis
2882 3601 3137 3658 Patribus
3183 3618 3456 3674 pugnans.

1884 3693 1988 3759 Qui
2025 3693 2173 3748 enim
2219 3691 2475 3747 Patribus
2518 3707 2626 3746 non
2665 3691 3054 3747 adversaretur
3095 3694 3192 3763 qui
3237 3695 3294 3750 in
3347 3694 3461 3750 Ea:-

1884 3790 2139 3857 positione
2167 3787 2289 3855 ﬁdei
2317 3802 2429 3841 suae
2458 3787 2620 3850 dixit,
2651 3803 2683 3840 a
2718 3787 2924 3842 sanctis
2954 3789 3212 3844 Patrihus
3245 3791 3460 3860 agnitae

1881 3897 2004 3936 esse
2047 3881 2184 3936 duas
2217 3893 2444 3935 naturas
2473 3921 2487 3945 ,
2527 3881 2580 3934 in
2613 3881 2877 3951 synodica
2918 3897 3051 3936 vero
3094 3883 3340 3953 Epistula
3387 3886 3457 3940 ad

1883 3974 2134 4027 Nicioten
2165 3988 2266 4028 eos
2304 3972 2736 4027 anathematizat
2772 3973 3067 4028 scribendo
3096 3991 3108 4027 :
3161 3992 3181 4025 ι
3212 3975 3456 4031 Anathe—

1883 4065 2205 4119 matizamns
2231 4066 2400 4133 igitur
2427 4077 2524 4118 eos
2557 4063 2650 4132 qui
2672 4073 2794 4132 post
2824 4062 3160 4120 ineffabilem
3191 4067 3452 4120 unionem

1882 4169 2053 4208 unum
2094 4154 2388 4206 Dominum
2454 4160 2706 4206 nostrum
2747 4151 2934 4207 Jcsum
2980 4151 3262 4208 Christum
3314 4154 3455 4209 duas

1882 4243 2086 4298 habere
2113 4251 2342 4297 naturas
2367 4243 2562 4296 dicunt
2607 4250 2704 4296 aut
2737 4241 3044 4298 dixerunt?
3076 4262 3096 4296 ι
3126 4243 3230 4299 Per
3259 4259 3452 4300 vocem

1879 4336 2147 4397 dixerunt,
2197 4343 2416 4388 sanctos
2467 4333 2655 4387 Patres
2683 4333 3132 4396 anathematizat,
3164 4333 3281 4403 qui,
3334 4336 3451 4404 ipso

1877 4432 2137 4487 testante,
2184 4424 2391 4492 absque
2451 4422 2563 4477 ullo
2612 4422 2844 4478 crimine
2899 4423 3171 4479 vocabulo
3219 4425 3450 4478 duarum

196 4516 327 4576 τοὺς
357 4511 698 4580 ἁδιαὸλήτως
723 4509 822 4580 τὴν
856 4510 1037 4580 φωνὴν
1066 4511 1357 4579 εἰρηκότας
1382 4502 1524 4562 κατὰ
1542 4510 1640 4578 τὴν
1673 4511 1775 4563 αὐ·
1805 4522 1850 4576 Ι)

1805 4522 1850 4576 Ι)
1880 4522 2200 4568 naturarum
2252 4513 2334 4566 usi
2387 4520 2554 4576 sunt;
2614 4525 2724 4564 non
2772 4511 3063 4582 distinguit
3107 4513 3289 4578 enim,
3347 4526 3450 4566 nec

196 4603 295 4656 τοῦ
347 4601 685 4670 μαρτυρίαν·
743 4599 806 4650 οὗ
858 4599 965 4670 γὰρ
1006 4597 1442 4668 προσδιωρίσατο
1495 4598 1588 4650 καὶ
1620 4593 1774 4651 εἶπεν

200 4691 328 4751 τοὺς
360 4687 548 4749 κακῶς
592 4687 976 4756 χρησαμένους
1025 4689 1091 4756 τῇ
1138 4685 1301 4752 λέξει,
1330 4685 1444 4738 ἀλλ’
1492 4685 1777 4750 ἀπολύτως

197 4784 305 4851 ἔφη
340 4782 466 4841 τοὺς
496 4779 806 4846 εἰρηκότας
828 4777 922 4829 δύο
951 4776 1163 4845 φύσεις.
1195 4777 1292 4829 Διὰ
1335 4777 1392 4829 δὲ
1432 4775 1527 4828 τοῦ
1565 4778 1776 4846 λέγον-

199 4892 326 4938 τας,
353 4871 546 4925 ἑαυτὸν
571 4868 960 4938 ἀναθεματίζει
978 4885 993 4900 ·
1033 4865 1187 4921 εἶπεν
1231 4871 1341 4938 γὰρ
1364 4869 1454 4922 καὶ
1482 4867 1668 4931 αὐτὸς.
1699 4869 1775 4932 ὡς

198 4951 707 5036 προαποδεδεικται.

283 5055 748 5122 Ἀξιοθαύμαστος
788 5051 845 5105 δὲ
891 5052 1006 5110 καὶ.
1030 5053 1158 5105 ὅταν
1209 5052 1611 5124 ἀποφαίνηται·
1643 5071 1661 5103 ι
1692 5051 1774 5104 Τὰ

200 5148 312 5216 γὰρ
331 5144 428 5198 δύο
461 5143 537 5214 μὴ
561 5146 619 5195 ὲν
641 5142 736 5195 δύο
763 5140 1075 5212 προσώποις
1105 5142 1412 5210 φαίνεσθαι,
1442 5143 1552 5196 τῶν
1579 5143 1773 5196 ἀδυνά.-

201 5255 307 5291 των
365 5236 578 5289 ἐστίν.)
616 5234 737 5287 Ἵνα
787 5234 967 5287 πάντα
1015 5232 1300 5304 παρῶμεν,
1352 5234 1628 5304 πανταχοῦ
1679 5235 1773 5288 δύο

198 5327 392 5398 φύσεις
421 5327 594 5392 λέγων
617 5323 780 5386 αὐτὸς
801 5325 1024 5376 σκοπεῖν
1050 5327 1108 5377 ὲν
1137 5324 1214 5394 τῷ
1238 5324 1482 5395 Χριστῷ,
1514 5325 1606 5378 δύο
1631 5325 1770 5378 πάν-

198 5435 305 5479 τως
327 5417 423 5470 καὶ
456 5414 725 5480 πρόσωπα
747 5413 896 5480 λέγει
922 5414 979 5464 ἑν
1011 5411 1180 5481 αὐτῷ,
1207 5413 1350 5467 κατὰ,
1367 5415 1464 5484 τὴν
1495 5415 1771 5484 ἀπόφασιν

197 5507 388 5563 αὑτοῦ.
417 5507 527 5560 Καὶ
554 5507 605 5558 εἰ
645 5506 744 5576 μὲν
781 5505 1172 5573 φαντασιώδεις
1222 5505 1419 5576 θεωρεῖ
1451 5506 1549 5569 τὰς
1580 5508 1771 5575 φύσεις

199 5603 256 5652 ἐν
281 5600 364 5669 τῷ
382 5597 606 5668 Χριστῷ
632 5596 944 5659 ἀκολούθοις
965 5596 1314 5668 φαντασιώδη
1347 5585 1669 5667 θεωρεῖκαὶ
1701 5599 1769 5651 τὰ

195 5692 504 5761 πρόσωπα·
539 5690 586 5742 εἰ
617 5689 671 5742 δὲ
698 5688 977 5751 οὐσιῶδεις
1025 5688 1168 5741 κατὰ
1214 5687 1494 5758 ἀλήθειαν,
1551 5689 1770 5757 ἀληθῶς

192 5783 541 5837 ὲνυπόστατα
563 5783 659 5834 καὶ
689 5781 757 5834 τὰ
783 5781 1051 5851 πρόσωπα
1084 5779 1308 5851 θεωρεῖ·
1337 5779 1431 5833 δύο
1461 5776 1553 5835 οὖν
1579 5781 1769 5850 φύσεις

1876 4603 2032 4665 dicit,
2061 4602 2163 4668 Qui
2199 4615 2363 4670 prave
2391 4601 2495 4654 hoc
2536 4599 2806 4655 vocabulo
2838 4601 2921 4654 usi
2962 4611 3125 4666 sunt,
3156 4601 3250 4656 sed
3287 4599 3449 4655 abso-

1877 4697 2011 4759 lute,
2038 4695 2142 4760 Qui
2167 4695 2410 4747 dixerunt
2444 4693 2582 4747 duas
2612 4702 2858 4747 naturas.
2901 4693 3005 4747 Per
3026 4707 3219 4749 vocem
3257 4703 3447 4748 autem

1875 4785 2074 4847 dicunt,
2134 4785 2374 4852 seipsum
2431 4783 2693 4848 damnat;
2743 4799 2868 4837 nam
2899 4792 2956 4838 et
2987 4783 3104 4852 ipse
3157 4783 3446 4839 confessus

1875 4885 1956 4927 est
1980 4873 2118 4927 duas
2145 4882 2390 4935 naturas,
2419 4881 2480 4925 ut
2512 4887 2678 4942 supra
2706 4872 3224 4928 demonstravimus.

1947 5052 2150 5121 Dignus
2172 5059 2257 5104 est
2286 5051 2452 5104 etiam
2483 5050 2843 5106 admiratione
2891 5051 3114 5119 quando
3159 5050 3441 5106 declarat:

1879 5163 1898 5195 ι
1929 5140 2270 5212 [inpossibile
2312 5149 2397 5194 est
2431 5139 2540 5194 duo
2571 5154 2681 5193 non
2709 5139 2765 5192 in
2793 5138 3012 5194 duabus
3055 5139 3310 5210 personis
3343 5155 3442 5210 ap-

1874 5248 2086 5304 parere.
2125 5252 2142 5284 ι
2199 5232 2268 5286 Ut
2297 5231 2481 5285 omnia
2513 5231 2903 5294 concedamus,
2928 5231 3135 5301 ubique
3167 5230 3305 5286 duas
3348 5245 3444 5285 na-

1874 5335 2028 5382 turas
2052 5326 2183 5381 dum
2213 5324 2349 5379 dicit
2377 5338 2437 5378 se
2479 5324 2536 5378 in
2565 5322 2788 5379 Christo
2825 5324 3092 5393 cogitare,
3147 5323 3286 5378 duas
3322 5338 3443 5378 om-

1872 5420 2006 5474 nino
2042 5430 2306 5486 personas
2332 5415 2530 5470 asserit
2558 5415 2614 5470 in
2671 5415 2786 5479 illo,
2831 5415 2986 5484 juxta
3039 5415 3144 5468 hoc
3190 5413 3436 5469 effatum.

1870 5509 2028 5576 Quod
2077 5509 2122 5562 si
2169 5507 2526 5578 imaginarius
2561 5509 2618 5562 in
2653 5507 2872 5562 Christo
2909 5506 3153 5561 admittit
3186 5513 3437 5569 naturas,

1871 5617 2004 5656 sane
2019 5610 2075 5654 et
2101 5599 2451 5669 imaginarias
2473 5599 2826 5654 conﬁtebitur
2848 5613 3113 5668 personas
3137 5615 3155 5664 ;
3183 5598 3230 5653 si
3252 5603 3439 5652 autem

1871 5693 2277 5758 substantiales,
2311 5701 2370 5747 et
2414 5708 2572 5748 veras
2613 5701 2861 5756 naturas,
2903 5708 3034 5748 vere
3075 5692 3438 5748 subsistentes

1874 5784 2163 5853 proﬁtetur
2192 5792 2248 5836 et
2295 5798 2579 5853 personas.
2642 5782 2780 5837 Cum
2832 5782 3001 5855 igitur
3036 5784 3175 5840 duas
3210 5792 3438 5839 natura:
