4210 6442
739 427 834 492 911

1969 425 2348 484 EUSTATIH
2392 425 2738 486 MONACBI

3887 424 3992 490 912

741 545 879 624 dicit
910 543 967 596 in
988 539 1212 597 Christo
1241 545 1297 592 et
1327 538 1466 592 duas
1495 548 1777 605 personas,
1807 535 1901 604 qui
1936 551 2048 590 non
2079 545 2136 591 ct
2166 538 2307 592 duos

2412 538 2584 604 λέγων
2627 539 2687 590 tv
2732 535 2809 606 τῷ
2840 536 3083 608 Χριστῷ,
3121 539 3214 591 καὶ
3262 538 3354 592 δύο
3399 540 3686 609 πρόσωπα,
3716 542 3833 606 πῶς
3874 543 3992 614 οὒχὶ

741 634 995 687 Christos
1014 629 1302 701 loquitur?
1338 626 1812 693 Quemadmodum
1835 641 1969 695 ergo
2005 642 2071 681 ex
2097 627 2314 683 duabus

743 725 976 787 naturis,
1011 725 1086 776 ita
1106 738 1171 776 cx
1200 719 1415 774 duabus
1452 719 1704 787 personis
1728 732 1986 786 expresse
2032 717 2170 771 dicit
2191 733 2315 772 esse

739 819 1022 872 Christum
1047 817 1101 867 in
1132 814 1274 867 libro
1297 811 1561 865 adversus
1579 811 1999 880 grammaticum
2025 809 2312 872 Joannem,

743 922 796 966 ct
849 921 907 963 ut
965 913 1124 977 putat
1175 902 1586 974 inexpugnabili
1636 901 1872 955 ratione.
1941 902 2082 956 Hinc
2129 909 2313 956 autem

743 1010 911 1070 patet,
943 1001 1011 1052 ab
1053 999 1173 1067 ipso
1197 1010 1415 1066 quoque
1447 993 1646 1061 saepius
1677 991 1809 1056 dici,
1847 1005 1960 1045 non
2003 1007 2126 1047 esse
2152 1000 2313 1046 natu-

743 1104 859 1145 ram
893 1105 1017 1159 qua:
1041 1102 1272 1157 persona
1298 1092 1499 1139 careat.

811 1182 926 1235 Nos
972 1194 1145 1242 vero,
1193 1175 1470 1248 praeterita
1521 1175 1644 1244 ejus
1673 1173 1776 1228 hac
1805 1171 2211 1236 enuntiatione,
2247 1188 2315 1226 ex

740 1274 957 1328 duabus
1000 1271 1219 1325 naturis
1276 1269 1514 1322 dicimus
1558 1281 1682 1321 esse
1703 1266 2008 1329 Christum,
2047 1266 2191 1320 sicut
2247 1280 2316 1319 ex

741 1365 931 1418 multis
986 1360 1248 1416 membris
1286 1365 1344 1412 et
1383 1358 1635 1426 partibus
1679 1370 1850 1409 unum
1900 1369 2147 1424 corpus:
2204 1371 2315 1410 non

740 1463 924 1508 autem
963 1469 1029 1507 ex
1057 1451 1271 1505 duabus
1302 1450 1572 1519 personis.
1604 1447 1788 1516 Longe
1817 1446 1960 1500 absit
1987 1466 2000 1500 :
2027 1462 2148 1517 quae
2167 1447 2315 1502 enim

741 1547 962 1618 propria
1033 1543 1345 1599 substantia
1403 1556 1685 1609 nunquam
1758 1539 2153 1602 substiterunt,
2190 1554 2317 1610 pro-

739 1639 913 1709 priam
964 1651 1258 1707 personam
1311 1649 1418 1686 non
1470 1638 1775 1693 assumeut,
1813 1630 1893 1681 uti
1925 1629 2040 1697 ipse
2080 1627 2319 1682 Severus

741 1732 944 1785 fatetur
983 1768 996 1781 .
1061 1747 1078 1777 ι
1127 1723 1357 1791 Quando
1415 1739 1482 1775 ex
1534 1719 1749 1773 duabus
1800 1719 2016 1772 naturis
2080 1718 2319 1772 dicimus

737 1819 1043 1881 Christum,
1070 1834 1140 1872 ac
1171 1817 1309 1870 duas
1339 1822 1583 1874 naturas,
1615 1826 1741 1865 eum
1773 1824 1992 1879 quoque
2028 1809 2084 1864 in
2101 1809 2318 1862 duabus

741 1911 951 1966 naturis
978 1923 1098 1963 esse
1136 1907 1390 1967 dicimus,
1433 1903 1673 1957 Verbum
1701 1901 1772 1954 ab
1806 1899 1957 1954 omni
1989 1898 2314 1953 confusione
2348 1877 2389 1932 Β

739 2014 796 2058 ct
819 1999 1203 2056 imminutione
1233 1997 1474 2050 immune
1511 2000 1815 2047 servantes.
1851 1989 1987 2044 Nam
2023 1989 2073 2042 si
2104 1997 2314 2043 natura:

741 2107 904 2147 unam
936 2102 1226 2160 personam
1254 2083 1568 2155 perﬁciunt,
1589 2079 1736 2134 unde
1759 2095 1822 2132 ea:
1851 2080 2054 2131 duabus
2087 2077 2312 2142 dicitur,

737 2185 832 2253 qui
874 2197 984 2236 non
1034 2180 1211 2249 ipsum
1248 2175 1394 2245 quod
1430 2173 1686 2229 elﬁcient.
1721 2189 1740 2222 ι
1773 2171 1900 2225 Haec
1942 2178 2072 2224 sunt
2112 2169 2314 2239 quibus

739 2283 955 2329 constat
990 2270 1138 2343 quod
1168 2267 1443 2332 efﬁcitur;
1496 2264 1542 2319 si
1572 2279 1706 2317 vero
1732 2278 1843 2316 non
1881 2262 1957 2316 ita
1983 2277 2041 2316 se
2061 2260 2311 2323 haberet,

741 2361 876 2416 illud
906 2367 1054 2415 esset
1073 2365 1135 2412 ut
1157 2357 1398 2410 alienum
1434 2353 1492 2407 in
1517 2352 1718 2406 alieno.
1748 2349 1946 2420 Aspice
1976 2360 2111 2419 quot
2129 2351 2314 2419 inepta

739 2461 796 2507 ct
833 2451 1073 2506 absurda
1106 2447 1233 2503 inde
1255 2445 1534 2500 oriuntur.
1579 2443 1718 2495 Dum
1745 2456 1843 2495 eos
1890 2441 2316 2496 anathematizat

739 2545 834 2614 qui
857 2543 1138 2599 Christum
1167 2538 1223 2592 in
1245 2537 1460 2591 duabus
1486 2534 1699 2588 naturis
1726 2533 1920 2588 dicunt
1951 2549 2096 2599 esse,
2129 2548 2314 2588 nonne

739 2637 985 2706 seipsum
1037 2627 1529 2686 anathematizat?
1582 2626 1728 2679 Nam
1778 2625 1917 2678 duas
1967 2633 2194 2679 naturas
2257 2625 2313 2677 in

737 2727 961 2784 Christo
995 2724 1090 2779 ubi
1131 2720 1338 2792 cogitat
1381 2729 1439 2774 et
1484 2717 1618 2772 dicit
1657 2724 1714 2771 et
1746 2717 1960 2780 scribit,
2011 2717 2069 2769 in
2099 2716 2316 2770 duabus

736 2819 1109 2877 naturiseum
1137 2812 1388 2873 conﬁteri
1430 2813 1687 2880 cogitur;
1745 2810 1857 2863 imo
1896 2823 2008 2862 non
2043 2809 2225 2863 solum
2259 2808 2312 2861 in

736 2913 952 2967 duabus
973 2909 1211 2971 naturis,
1243 2905 1340 2960 sed
1370 2902 1623 2958 etiamin
1651 2901 1865 2954 duabus
1891 2901 2139 2968 personis
2159 2901 2316 2969 juxta

726 3005 1038 3059 novitatem
1069 3014 1264 3063 suam;
1294 2994 1596 3050 declaravit
1627 2994 1798 3056 enim,
1837 2990 2177 3061 impossibile
2197 3005 2315 3045 esse

736 3098 848 3151 duo
879 3110 988 3148 non
1016 3093 1072 3147 in
1099 3089 1318 3144 duabus
1341 3086 1594 3157 personis
1623 3098 1910 3153 apparere.

805 3181 964 3249 Quod
994 3181 1040 3234 si
1062 3179 1121 3233 in
1167 3190 1422 3232 sermone
1453 3177 1508 3228 in
1533 3172 1888 3227 Nativitatem
1929 3168 2146 3225 veritati
2177 3183 2312 3223 con-
2340 3205 2383 3262 ο

737 3276 905 3331 sentit
933 3271 1283 3327 adversarius
1306 3266 1529 3338 quando
1553 3265 1735 3319 dixit:
1769 3283 1788 3315 ι
1821 3263 1976 3328 Quod
2007 3278 2074 3316 ex
2098 3262 2315 3316 duabus

736 3365 1072 3437 quibusdam
1131 3361 1295 3416 rebus
1331 3363 1772 3428 coagmentatur,
1807 3369 1918 3408 non
1963 3366 2030 3407 ea
2068 3353 2317 3406 continet

735 3458 1211 3529 quibns~constat,
1243 3471 1263 3504 ι
1311 3459 1368 3506 et
1396 3447 1616 3518 negavit
1652 3446 1934 3516 integrum
1969 3457 2195 3496 manere
2225 3441 2314 3495 bi-

736 3551 956 3607 narium
986 3549 1346 3609 elementum,
1378 3558 1485 3613 qua
1517 3541 1734 3595 ratione
1765 3552 1962 3593 rursus
1998 3537 2056 3590 in
2093 3534 2315 3590 Christo

736 3646 875 3700 duas
897 3651 1126 3698 naturas
1153 3640 1358 3709 cogitat
1405 3637 1462 3690 in
1487 3632 1887 3703 compositione
1914 3628 2309 3691 subsistentes,

739 3747 902 3806 atque
947 3735 1023 3788 ita
1057 3732 1220 3793 duas,
1264 3739 1324 3784 ut
1363 3744 1457 3784 eas
1487 3727 1790 3794 distinguat
1815 3730 1997 3777 mente
2029 3729 2086 3775 et
2103 3722 2314 3789 cogita-

736 3824 885 3878 tione
913 3831 970 3876 et
999 3822 1280 3875 intellectu
1309 3825 1365 3872 et
1394 3815 1691 3871 sermone?
1732 3815 1884 3867 Dicat
1920 3812 2082 3865 nobis
2129 3819 2311 3864 utrum

737 3926 902 3969 unam
936 3923 1191 3967 naturam
1215 3910 1502 3969 discernit,
1548 3921 1620 3960 an
1660 3903 1842 3959 duas?
1879 3919 1946 3957 ea
1991 3918 2116 3971 qua:
2157 3908 2308 3964 sunt,

733 4023 802 4060 an
825 4021 889 4060 ea
920 4020 1042 4074 quae
1070 4017 1186 4057 non
1229 4002 1405 4057 sunt?
1456 3997 1874 4060 substantialia,
1924 4010 2000 4048 an
2027 4009 2149 4062 qua:
2197 4007 2310 4048 non

734 4107 863 4153 sunt
887 4093 1270 4152 substantialis
1289 4094 1314 4146 ?
1344 4093 1412 4147 At
1452 4092 1784 4145 alterutrum
1829 4103 2018 4142 verum
2049 4097 2167 4141 est:
2215 4096 2311 4142 aut

683 4231 694 4255 ,
736 4190 1010 4258 integrum
1044 4194 1292 4239 remanet
1331 4180 1994 4243 binariumelementum,
2031 4177 2178 4246 quod
2211 4191 2307 4231 co-

733 4280 908 4348 gitet;
946 4284 1042 4330 aut
1081 4276 1128 4329 si
1162 4273 1464 4335 evanescit,
1497 4271 1636 4324 nihil
1679 4269 1905 4338 cogitat,
1935 4277 1992 4321 et
2041 4268 2308 4321 mentitur

733 4366 1016 4421 afﬁrmans
1071 4380 1130 4419 se
1179 4363 1423 4433 cogitare
1475 4375 1598 4429 qua:
1652 4373 1763 4412 non
1822 4364 1985 4411 sunt:
2041 4355 2308 4410 mentitur

732 4458 961 4528 quidem
1011 4456 1166 4524 ipse,
1226 4462 1410 4507 manet
1455 4459 1638 4505 autem
1684 4448 1947 4517 quodque
1994 4447 2144 4516 quod
2205 4463 2305 4502 na-

739 4558 858 4602 tura
893 4555 996 4601 εει.

802 4639 901 4693 Ast
924 4639 1039 4707 ipse
1068 4637 1265 4691 asserit
1285 4636 1340 4689 in
1366 4635 1510 4690 libro
1538 4634 1802 4688 adversus
1827 4632 2259 4688 Grammaticum
2288 4648 2303 4683 :

740 4749 758 4779 ι
810 4729 888 4783 Ea
937 4727 1006 4781 de
1069 4727 1272 4796 quibus
1317 4734 1535 4780 constat
1572 4724 1856 4787 Christus,
1895 4732 2120 4777 manent
2169 4723 2306 4776 citra

737 4819 900 4872 ullam
938 4817 1388 4871 imminutionem
1413 4823 1480 4867 et
1513 4813 1902 4874 mutationem,
1935 4813 1989 4864 in
2021 4813 2304 4880 composi-

737 4909 888 4963 tione
927 4907 1316 4962 subsisteutiw.
1364 4925 1382 4956 ι
1427 4905 1580 4970 Quod
1621 4905 1666 4958 si
1709 4914 1892 4956 autem
1936 4903 2059 4956 duas
2097 4910 2306 4956 natura:

735 5013 898 5051 unam
929 4996 1261 5059 ell'ecerunt,
1287 4995 1382 5064 qui
1415 4989 1543 5062 post'
1567 4993 1826 5047 unionem
1858 4992 1996 5045 duas
2023 4992 2224 5058 cogitat
2251 5000 2307 5044 et

730 5104 844 5140 non
888 5086 1092 5139 unam?
1129 5085 1200 5140 Et
1241 5093 1302 5137 ut
1347 5083 1416 5137 de
1469 5099 1575 5136 una
1621 5082 1900 5149 loquitur,
1945 5096 2044 5134 cur
2086 5096 2196 5134 non
2240 5095 2305 5134 ea

733 5159 938 5231 omittit
960 5191 1080 5242 quae
1097 5175 1170 5230 ad
1195 5189 1469 5244 quamque
1497 5175 1793 5242 pertinent,
1820 5181 2042 5224 naturas
2071 5170 2300 5233 scilicet,

727 5277 983 5322 naturam
1015 5268 1213 5330 carnis,
1238 5276 1294 5320 et
1337 5269 1591 5318 naturam
1635 5261 1962 5322 divinitatis,
1991 5272 2045 5315 et
2106 5261 2299 5314 huma-

728 5359 960 5412 nitatem
1001 5397 1015 5420 ,
1043 5366 1102 5409 et
1161 5355 1506 5409 divinitatem
1545 5350 1798 5419 ?quibus
1842 5351 2122 5404 abundant
2182 5351 2301 5418 ejus

727 5449 953 5518 scripta.
983 5447 1040 5502 Si
1076 5447 1198 5501 duae
1232 5455 1470 5503 naturae,
1501 5442 1762 5496 divinitas
1797 5457 1990 5510 nempe
2021 5449 2076 5494 et
2107 5441 2300 5494 Imma-

728 5540 893 5600 nitas,
925 5555 1086 5592 unam
1141 5546 1391 5591 naturam
1442 5534 1782 5594 eil‘eceruut,
1827 5533 1974 5586 dicat
2021 5549 2131 5601 quo
2179 5548 2298 5586 eam

2338 4547 2388 4607 D

2417 630 2512 682 ml.
2554 629 2650 682 δύο
2697 630 2970 700 Χριστοὺς
3015 629 3164 699 λέγει
3188 647 3204 698 ;
3236 631 3446 702 ’Ὠσπερ
3467 632 3522 685 δὲ
3549 635 3612 686 ὲκ
3639 633 3735 687 δύο
3753 635 3990 702 φύσεων,

2414 716 2589 781 οὕτως
2632 719 2724 771 καὶ
2757 721 2823 772 ἐκ
2855 720 2947 772 δύο
2995 719 3304 790 προσώπων
3337 721 3517 792 ῥητῶς
3553 721 3701 791 λέγει
3729 723 3821 777 τὸν
3855 728 3990 795 Χρι-

2417 813 2540 865 στὸν
2563 815 2620 864 ἐν
2642 811 2719 883 τῷ
2749 813 2895 867 κατά
2926 813 3021 868 τοῦ
3045 815 3439 885 γραμματικοῦ
3481 817 3730 872 Ἰωάννου
3776 819 3994 891 βιϐλίῳ·

2413 902 2491 966 ὡς
2524 905 2582 957 δὲ
2611 903 2823 974 νομίζει
2859 905 2955 959 καὶ
2976 906 3394 970 ἀποδεικτικῶς.
3429 907 3598 964 Τοῦτο
3625 911 3681 962 δὲ
3702 911 3876 982 δηλοῖ,
3902 915 3993 968 καὶ

2416 993 2476 1045 τὸ
2493 993 2675 1061 λέγειν
2709 995 2871 1049 αὑτὸν
2904 996 2964 1049 tv
2987 997 3224 1062 πολλοῖς,
3268 998 3344 1072 μὴ
3387 995 3530 1053 εἶναι
3571 1000 3736 1069 φύσιν
3782 1005 3992 1075 ἀπρόσο

2415 1101 2586 1140 ωπον.

2499 1173 2695 1243 Ἡμεῖς
2727 1175 2785 1229 δὲ
2827 1176 3033 1250 ταύτην
3066 1178 3236 1234 αὐτοῦ
3285 1183 3384 1250 τὴν
3415 1181 3694 1252 ἀπόφασιν
3734 1189 3994 1256 παρωσά-

2421 1282 2598 1335 μενοι,
2663 1268 2727 1320 ὲκ
2769 1269 2866 1322 δύο
2916 1270 3017 1340 μὲν
3061 1270 3280 1340 φύσεων
3318 1272 3552 1344 λέγομεν
3594 1276 3690 1329 τὸν
3733 1278 3990 1346 Χριστὸν,

2417 1357 2608 1427 ῶσπερ
2633 1359 2727 1411 καὶ
2754 1359 2818 1412 ἐκ
2835 1360 3047 1416 πολλῶν
3071 1361 3251 1431 μελῶν
3279 1365 3376 1417 καὶ
3407 1365 3592 1435 μερῶν
3615 1368 3676 1419 τὸ
3697 1367 3756 1420 ἓν
3781 1369 3944 1438 σῶμα
3970 1409 3985 1432 ,

2416 1450 2538 1518 οὐχὶ
2565 1451 2621 1502 δὲ
2659 1452 2755 1503 καὶ
2799 1453 2864 1504 ὲκ
2888 1451 2983 1504 δύο
3006 1452 3335 1523 προσώπων.
3361 1457 3452 1525 Μὴ
3477 1457 3719 1524 γένοιτοι
3751 1460 3876 1511 ἐπεὶ
3916 1462 3989 1528 μὴ

2419 1540 2840 1605 ιδιοῦποστάτως
2870 1544 3118 1613 ὑπάρξαν
3162 1547 3310 1610 ποτε,
3345 1549 3445 1600 οὐκ
3471 1551 3539 1601 ἂν
3589 1549 3721 1602 ἴδιον
3762 1553 3992 1622 ἐπιγρά-

2415 1633 2580 1701 ψεται
2613 1633 2928 1702 πρόσωπον,
2971 1635 3050 1697 ὡς
3092 1636 3244 1706 αὐτῷ
3287 1639 3511 1710 Σευήρῳ
3534 1641 3712 1695 δοκεῖ·
3751 1662 3770 1696 ι
3800 1645 3991 1696 Ἔστιν

2416 1723 2505 1775 ὅτε
2547 1725 2611 1776 ὲκ
2656 1721 2748 1775 δύο
2802 1723 2896 1777 οὖν
2932 1724 3152 1792 φύσεων
3203 1727 3453 1795 λέγοντες
3477 1731 3568 1783 τὸν
3605 1733 3862 1802 Χριστὸν,
3903 1736 3995 1788 καὶ

2417 1811 2512 1864 δύο
2538 1811 2750 1880 φύσεις,
2781 1816 2876 1866 καὶ
2911 1816 2968 1866 tv
2997 1817 3118 1868 δυσὶ
3143 1817 3341 1883 φύσεσι
3367 1818 3600 1888 λέγομεν
3627 1818 3772 1875 εἶναι
3801 1823 3989 1889 αὑτὸν,

2415 1905 2506 1957 τὸν
2531 1905 2629 1957 τοῦ
2656 1905 2968 1975 ἀσυγχύτου
2990 1909 3086 1961 καὶ
3112 1909 3386 1977 ἀμειώτου
3415 1913 3774 1980 φυλάττοντες
3799 1916 3959 1984 λόγον
3976 1936 3990 1949 ·

2415 1998 2589 2069 εῑγάρ
2611 1999 3026 2056 ἀποτελεστικαί
3048 2003 3154 2056 εἰσι
3193 2002 3287 2057 τοῦ
3330 2005 3449 2068 ἑνὸς
3487 2008 3781 2078 προσώπου
3810 2013 3868 2064 αῖ
3897 2011 3992 2080 φύ-

2415 2104 2548 2151 σεις,
2569 2088 2690 2142 καθ’
2705 2089 2734 2141 ὃ
2754 2089 2848 2142 καὶ
2877 2091 2943 2144 ὲκ
2964 2091 3058 2145 δύο
3083 2091 3318 2161 λέγεται,
3341 2093 3600 2165 πῶςούχὶ
3620 2099 3714 2150 καὶ
3733 2099 3870 2152 αὐτὸ
3900 2100 3992 2153 καὶ

2413 2177 2475 2229 τὸ
2499 2178 2852 2248 ἀποτέλεσμα
2877 2197 2892 2247 ;
2921 2199 2941 2231 ι
2969 2182 3155 2236 Ταῦτά
3188 2185 3305 2236 ἐστι
3333 2185 3398 2238 τά
3418 2185 3480 2250 ἐξ
3501 2181 3832 2259 ὧνβυνέστη
3859 2189 3991 2242 αὐτὸ

2414 2265 2476 2320 τὸ
2493 2269 2838 2339 ἀποτέλεσμα
2856 2287 2873 2302 ο
2907 2276 2954 2325 ει
2985 2272 3041 2325 δὲ
3070 2273 3144 2344 μὴ
3176 2274 3293 2328 ἐστι
3311 2276 3504 2341 ταῦτα,
3535 2278 3644 2347 ἄρα
3664 2297 3728 2347 γε
3751 2281 3831 2344 ὡς
3857 2283 3987 2336 ἄλλα

2415 2359 2473 2410 tv
2505 2359 2650 2429 ἄλλῳ
2683 2363 2812 2427 εἰσὶ,
2842 2362 2940 2416 καὶ
2963 2365 3374 2420 τοῦτο.-Σκόπει
3407 2368 3471 2421 σὺ
3509 2369 3577 2422 τά
3607 2371 3991 2427 ἀνακύπτοντα

2415 2447 2592 2504 ἄτοπα
2620 2452 2715 2504 καὶ
2755 2454 2936 2524 μωρά.
2981 2454 3040 2507 '0
3062 2455 3120 2508 δὲ
3147 2457 3562 2526 ἀναθεματίζων
3598 2460 3726 2523 τοὺς
3770 2463 3831 2516 tv
3875 2464 3994 2516 δυσὶ

2416 2537 2615 2607 φύσεσι
2648 2541 2906 2610 λέγοντας
2935 2538 3074 2598 εῐναι
3109 2547 3202 2598 τὸν
3234 2548 3492 2618 Χριστὸν,
3515 2545 3608 2620 ἆρ’
3641 2551 3763 2620 οὐχὶ
3797 2554 3993 2607 ἑαυτὸν

2414 2629 2840 2700 ἀναθεματίζεις
2879 2634 2975 2686 δύο
3020 2635 3131 2708 γὰρ
3185 2637 3380 2704 φύσεις
3411 2639 3468 2690 tv
3496 2638 3577 2709 τῷ
3622 2640 3849 2712 Χριστῷ
3901 2644 3992 2694 καὶ

2417 2723 2638 2776 σκοπῶν
2685 2725 2780 2778 καὶ
2818 2725 2994 2794 λέγων
3045 2728 3142 2780 καὶ
3195 2729 3450 2800 γράφων,
3500 2732 3556 2783 tv
3610 2733 3732 2785 δυσὶ
3761 2733 3993 2801 φύσεσιν

2414 2813 2784 2882 ἀναγκάζεται
2815 2817 3104 2886 ὁμολογεῖν
3138 2821 3304 2873 αὐτόν
3324 2839 3338 2853 ·
3367 2823 3462 2875 καὶ
3489 2825 3550 2875 οὐ
3596 2824 3759 2894 μόνον
3781 2829 3842 2879 tv
3875 2829 3994 2880 δυσὶ

2417 2907 2671 2972 φύσεσιν,
2699 2907 2836 2961 ἀλλά
2861 2909 2956 2962 καὶ
2990 2911 3047 2962 tv
3072 2909 3196 2964 δυσὶ
3225 2912 3538 2982 προσώποις
3576 2919 3717 2971 κατά
3740 2919 3840 2988 τὴν
3874 2937 3996 2973 atat--

2417 2997 2692 3065 νοφωνιαν
2724 2998 2922 3051 αὐτοῦ·
2967 3001 3289 3070 ἀπεφήνατο
3318 3003 3427 3073 γὰρ
3460 3005 3530 3058 τά
3569 3007 3665 3060 δύο
3697 3009 3774 3079 μὴ
3809 3010 3872 3062 tv
3903 3009 3996 3063 δύο

2418 3085 2782 3158 [προσώποις]
2823 3090 3135 3156 φαίνεσθαι,
3170 3093 3435 3149 ἀδύνατον
3460 3096 3619 3152 εἶναι.

2487 3178 2550 3230 Et
2580 3179 2636 3230 δὲ
2669 3179 2926 3249 ἀληθεύει
2955 3180 3130 3249 λέγων
3159 3187 3220 3236 ὲν
3254 3184 3333 3255 τῷ
3355 3185 3498 3256 λόγῳ
3526 3188 3692 3241 αὑτοῦ
3716 3189 3794 3258 τῷ
3818 3193 3900 3254 εἰς
3929 3194 3996 3245 τά

2424 3268 2680 3323 Γενέθλια
2710 3274 2738 3323 ὁ
2762 3272 3277 3345 ὲναντιωματάρης·
3314 3295 3334 3327 ‹
3357 3278 3430 3328 Τὸ
3457 3278 3569 3347 γὰρ
3597 3281 3789 3335 έ-κνδύο
3834 3285 3998 3337 τινῶν

2423 3362 2908 3431 συνενηνεγμένον,
2943 3363 3066 3416 οὔτε
3097 3366 3167 3418 τὰ
3197 3366 3254 3431 ἐξ
3281 3362 3356 3419 ῶν
3389 3370 3650 3441 συνετέθη
3671 3373 3948 3440 συνέχεεν,
3972 3391 3993 3424 ι

2422 3447 2520 3499 καὶ
2549 3449 2840 3518 ὲμπαγίως
2869 3451 3050 3519 μένειν
3073 3452 3172 3522 τὴν
3208 3453 3378 3507 δυάδα
3409 3458 3711 3528 ἠρνήσατο,
3744 3461 3863 3522 πῶς
3888 3463 3996 3515 πά-

2423 3538 2504 3590 λιν
2541 3541 2734 3592 σκοπεῖ
2782 3542 2842 3595 ὲν
2889 3542 2969 3611 τῷ
3020 3544 3243 3615 Χριστῷ
3275 3545 3370 3598 δύο
3423 3547 3639 3615 φύσεις,
3666 3551 3761 3602 καὶ
3791 3553 3998 3615 ταύτας

2421 3631 2802 3702 ὑφισταμένας
2854 3636 2913 3686 ὲν
2955 3638 3024 3705 τῇ
3063 3636 3351 3703 συνθέσει.;
3386 3639 3496 3692 Καὶ
3545 3640 3719 3703 οὕτως
3766 3643 3888 3707 δύο,
3922 3646 3999 3706 ὡς

2419 3725 2512 3776 καὶ
2533 3724 2766 3793 διαιρεῖν
2787 3726 2959 3788 αὐτὰς
2984 3726 3061 3797 νῷ
3093 3727 3186 3781 καὶ
3218 3732 3493 3800 φαντασίᾳ
3517 3731 3614 3784 καὶ
3641 3733 3866 3805 ἐπινοίᾳ
3905 3735 4001 3787 καὶ

2418 3813 2564 3884 λόγῳ
2584 3831 2599 3880 ;
2620 3817 2842 3869 Ειπάτω
2872 3819 3034 3886 ἡμῖν·
3067 3818 3168 3889 τὴν
3210 3820 3344 3890 μίαν
3391 3822 3553 3890 φύσιν
3579 3823 3802 3892 διαιρεῖ,
3818 3811 3867 3895 ’ἦ
3899 3827 4000 3888 τάς

2416 3905 2544 3972 δύο;
2589 3905 2658 3959 τά
2698 3907 2851 3973 ὄντα,
2883 3908 2916 3977 ἢ
2963 3909 3033 3961 τὰ
3062 3911 3137 3980 μὴ
3176 3910 3334 3977 ὄντος
3369 3912 3436 3965 τὰ
3466 3914 3830 3980 ἐνυπόστατα,
3869 3917 3902 3986 ἢ
3935 3919 4000 3970 τὰ

2417 3997 2933 4075 ἀνυπόστατας..⁶¹Εν
3002 3996 3098 4054 οὖν
3155 4001 3266 4054 τῶν
3330 4004 3609 4072 ὁποτέρων
3661 4005 3894 4073 ἀληθές·
3962 4008 3996 4077 ἢ

2415 4087 2714 4154 ὲμπαγῐως·
2734 4089 2888 4156 μένει
2910 4090 2942 4159 ἡ
2968 4087 3099 4151 δυάς
3127 4091 3224 4145 καὶ
3247 4092 3388 4161 μετά
3411 4094 3511 4163 τὴν
3530 4092 3744 4157 ἕνωσιν,
3778 4095 3870 4148 (va
3904 4100 3999 4150 καὶ

2416 4179 2595 4247 σκοπῇ
2647 4176 2852 4247 ταύτην
2873 4195 2886 4208 ’
2928 4178 2962 4249 ἢ
3006 4181 3055 4231 ει
3097 4181 3173 4248 μὴ
3228 4181 3400 4249 μένει,
3439 4183 3592 4236 οὐδὲν
3649 4190 3868 4249 σκοπεῖ,
3904 4191 3998 4240 καὶ

2415 4265 2674 4335 ψεύδεται
2724 4267 2900 4336 λέγων
2950 4273 3176 4322 σκοπεῖν
3217 4272 3288 4324 τά
3333 4272 3409 4342 μὴ
3445 4273 3606 4327 ὄντα·
3635 4275 3902 4343 ψεύδεται
3939 4279 3995 4331 δὲ

2415 4359 2510 4413 καὶ
2535 4360 2571 4412 ὁ
2600 4359 2798 4428 λέγων,
2831 4360 3074 4431 ,μένειδὲ
3108 4363 3372 4434 έκάτερον
3394 4365 3533 4434 ὅπερ
3561 4367 3680 4418 ἐστὶ
3703 4369 3770 4438 τῇ
3808 4368 3992 4438 φύσει,

2510 4629 2656 4682 Ana:
2691 4632 2785 4682 καὶ
2818 4629 2984 4692 αὐτὸς
3013 4629 3239 4698 φάσκων
3281 4630 3340 4683 tv
3371 4630 3450 4701 τῷ
3493 4631 3632 4685 κατά
3679 4631 3776 4686 τοῦ
3805 4635 3996 4706 Γραμ-

2412 4720 2647 4789 ματικοῦ
2667 4738 2681 4752 ·
2729 4741 2747 4772 ι
2773 4720 2894 4774 Τῶν
2937 4720 3037 4788 μὲν
3091 4719 3153 4783 ἐξ
3188 4713 3266 4773 ὧν
3287 4723 3438 4772 ἐστιν
3468 4723 3497 4773 ὁ
3533 4722 3770 4792 Χριστὸς
3801 4727 3996 4794 μενόν-

2407 4827 2516 4863 των
2535 4810 2829 4880 ἀμειώτων
2862 4813 2955 4864 καὶ
2977 4811 3380 4876 ἀναλλοιώτων,
3405 4814 3464 4865 tv
3488 4813 3735 4866 συνθέσει
3797 4816 3860 4868 δὲ
3893 4818 3994 4883 ὑφ-

2409 4901 2681 4956 εστώτων.
2705 4921 2723 4953 ι
2768 4903 2830 4955 Εἰ
2866 4903 2924 4956 δὲ
2947 4904 3004 4955 αι
3046 4902 3140 4956 δύο
3185 4903 3376 4972 φύσεις
3428 4904 3527 4974 μία
3555 4905 3841 4973 γεγόνασι,
3879 4909 3995 4971 πῶς

2412 4993 2552 5062 μετά
2573 4993 2673 5063 τὴν
2708 4994 2904 5047 ἕνωσιν
2935 4994 3028 5047 δύο
3063 4997 3259 5047 σκοπεῖ
3283 4995 3379 5047 καὶ
3414 4996 3538 5064 οὐχὶ
3576 4996 3742 5066 μίανς
3777 4999 3895 5053 Καὶ
3920 5000 3994 5060 ὡς

2409 5081 2540 5150 περὶ
2596 5083 2730 5150 μιᾶς
2779 5081 3087 5149 διαλέγεται
3131 5082 3320 5134 λοιπὸν
3367 5083 3610 5153 ἀναιρῶν
3660 5085 3993 5156 τὸέκάστης

2407 5169 2625 5239 φύσεως
2644 5189 2657 5202 ο
2699 5173 2796 5226 καὶ
2825 5175 2883 5225 αἱ
2914 5172 3125 5241 φύσεις,
3148 5173 3244 5227 καί⁵
3269 5175 3301 5241 ή
3330 5173 3432 5243 τῆς
3456 5175 3659 5244 σαρκὸς
3683 5176 3873 5245 φύσις,
3905 5181 3989 5233 καὶ

2401 5264 2440 5330 ιή
2481 5263 2584 5332 τῆς
2633 5262 2889 5333 θεότητος
2943 5263 3126 5332 φύσις,
3177 5266 3272 5318 καὶ
3321 5266 3356 5334 ἡ
3393 5265 3777 5337 ἀνθρωπύτης,
3818 5271 3915 5324 καὶ
3955 5274 3989 5338 ἡ

2407 5351 2631 5421 θεότης·
2653 5354 2858 5407 τούτων
2899 5354 3009 5424 γὰρ
3035 5355 3220 5425 πλήρη
3246 5354 3314 5406 τὰ
3345 5358 3766 5426 συγγράμματα
3797 5360 3988 5414 αὐτοῦ.

2405 5442 2470 5495 Ei
2502 5445 2558 5495 αἱ
2586 5442 2680 5496 δύο
2713 5444 2924 5511 φύσεις,
2961 5445 3239 5498 τουτέστιν
3278 5447 3311 5514 ἠ
3347 5444 3538 5515 θεότης
3578 5446 3669 5499 καὶ
3703 5449 3738 5516 ἡ
3772 5450 3989 5521 ἀνθρω-

2404 5533 2597 5601 ¹κενότης,
2637 5534 2735 5602 μία
2781 5534 2942 5600 φύσις
2997 5537 3303 5602 γεγόνασιν,
3358 5535 3570 5588 εἰπάτω
3622 5536 3679 5588 τί
3709 5538 3770 5588 τὸ
3818 5540 3988 5609 ὄνομα

729 5630 952 5684 nomine
979 5631 1169 5684 vocet?
1199 5629 1378 5684 Unum
1409 5628 1554 5682 enim
1585 5627 1657 5681 sit
1682 5633 1929 5695 oportet,
1955 5625 2102 5692 quod
2135 5641 2299 5678 unam

2412 5623 2644 5693 ταύτης;
2692 5624 2788 5676 Ἐν
2833 5627 2944 5694 γὰρ
3001 5627 3208 5692 ὀφείλει
3260 5623 3421 5690 εἶναι,
3458 5627 3534 5690 ὡς
3584 5630 3715 5697 μιᾶς
3768 5631 3989 5698 φύσεως

728 5731 980 5773 naturam
1013 5720 1278 5789 designat.
1312 5718 1513 5787 Nequit
1545 5717 1692 5770 enim
1728 5730 1892 5768 unam
1924 5715 2110 5768 dicere
2143 5725 2301 5768 natu-

2412 5716 2763 5783 σημαντικόν.
2802 5717 2910 5769 Καὶ
2958 5718 3032 5786 μὴ
3090 5717 3219 5787 μίαν
3275 5717 3374 5786 μὲν
3408 5717 3570 5784 φύσιν
3617 5717 3850 5785 λεγέτω,
3874 5718 3984 5771 τῶν

723 5822 946 5871 ηομ-(ξι
974 5809 1120 5864 illam
1154 5811 1441 5878 utriusque
1471 5807 1788 5862 nominibus
1813 5821 2039 5874 vocare,
2068 5821 2137 5861 ne
2169 5821 2298 5860 rur-

2412 5807 2460 5860 Βὲ
2498 5806 2594 5861 δύο
2626 5807 2844 5878 φύσεων
2877 5809 2946 5862 τὰ
2977 5809 3212 5879 ὀνόματα
3247 5807 3537 5862 ὲπιτιθέτω
3587 5810 3754 5880 αὐτῇ,
3791 5809 3876 5865 ῖνα
3911 5809 3989 5882 μὴ
