  <div class='ocr_page' id='page_1' title='image "/cluster/home/n/w/nwhite01/storage/ocr_20150623/86 pt.1/nnc1.0022106588/466.png"; bbox 0 0 4210 6442; ppageno 0'>
   <div class='ocr_carea' id='block_1_1' title="bbox 201 425 318 492">
    <p class='ocr_par' dir='ltr' id='par_1_1' title="bbox 201 425 318 492">
     <span class='ocr_line' id='line_1_1' title="bbox 201 425 318 492; baseline -0.043 -1"><span class='ocrx_word' id='word_1_1' title='bbox 201 425 318 492; x_wconf 63' lang='grc'><strong>’913</strong></span> 
     </span>
    </p>
   </div>
   <div class='ocr_carea' id='block_1_2' title="bbox 1267 418 2504 482">
    <p class='ocr_par' dir='ltr' id='par_1_2' title="bbox 1267 418 2504 482">
     <span class='ocr_line' id='line_1_2' title="bbox 1267 418 2504 482; baseline -0.005 -2"><span class='ocrx_word' id='word_1_2' title='bbox 1267 420 1620 482; x_wconf 79' lang='lat' dir='ltr'><strong>EPISTOLA</strong></span> <span class='ocrx_word' id='word_1_3' title='bbox 1670 422 1765 480; x_wconf 86' lang='lat' dir='ltr'><strong>DE</strong></span> <span class='ocrx_word' id='word_1_4' title='bbox 1808 418 2109 478; x_wconf 82' lang='lat' dir='ltr'><strong>DUABUS</strong></span> <span class='ocrx_word' id='word_1_5' title='bbox 2146 418 2504 479; x_wconf 73' lang='lat' dir='ltr'><strong>NATURIS.</strong></span> 
     </span>
    </p>
   </div>
   <div class='ocr_carea' id='block_1_3' title="bbox 3369 407 3470 473">
    <p class='ocr_par' dir='ltr' id='par_1_3' title="bbox 3369 407 3470 473">
     <span class='ocr_line' id='line_1_3' title="bbox 3369 407 3470 473; baseline -0.01 0"><span class='ocrx_word' id='word_1_6' title='bbox 3369 407 3470 473; x_wconf 72' lang='lat' dir='ltr'><strong>9H</strong></span> 
     </span>
    </p>
   </div>
   <div class='ocr_carea' id='block_1_4' title="bbox 212 525 1791 607">
    <p class='ocr_par' dir='ltr' id='par_1_4' title="bbox 212 529 1788 607">
     <span class='ocr_line' id='line_1_4' title="bbox 212 529 1788 607; baseline -0.004 -15"><span class='ocrx_word' id='word_1_7' title='bbox 212 539 377 592; x_wconf 81' lang='grc' dir='ltr'>πάλιν</span> <span class='ocrx_word' id='word_1_8' title='bbox 409 537 617 607; x_wconf 71' lang='grc' dir='ltr'>ἀναλύῃ</span> <span class='ocrx_word' id='word_1_9' title='bbox 647 537 742 607; x_wconf 74' lang='grc' dir='ltr'>τὴν</span> <span class='ocrx_word' id='word_1_10' title='bbox 777 537 907 607; x_wconf 84' lang='grc' dir='ltr'>μίαν</span> <span class='ocrx_word' id='word_1_11' title='bbox 937 537 1016 599; x_wconf 83' lang='grc' dir='ltr'>εἰς</span> <span class='ocrx_word' id='word_1_12' title='bbox 1047 536 1114 589; x_wconf 70' lang='grc' dir='ltr'>τὰ</span> <span class='ocrx_word' id='word_1_13' title='bbox 1158 534 1216 598; x_wconf 76' lang='grc' dir='ltr'><strong>ἐξ</strong></span> <span class='ocrx_word' id='word_1_14' title='bbox 1265 529 1359 602; x_wconf 82' lang='grc' dir='ltr'>ὧν,</span> <span class='ocrx_word' id='word_1_15' title='bbox 1409 536 1545 605; x_wconf 81' lang='grc' dir='ltr'>ὅπερ</span> <span class='ocrx_word' id='word_1_16' title='bbox 1579 535 1788 600; x_wconf 84' lang='grc' dir='ltr'>ἀπαγο-</span> 
     </span>
    </p>
   </div>
   <div class='ocr_carea' id='block_1_5' title="bbox 1893 525 3472 607">
    <p class='ocr_par' dir='ltr' id='par_1_5' title="bbox 1893 525 3472 595">
     <span class='ocr_line' id='line_1_5' title="bbox 1893 525 3472 595; baseline -0.005 -8"><span class='ocrx_word' id='word_1_17' title='bbox 1893 549 1985 587; x_wconf 85' lang='lat' dir='ltr'><strong>sus</strong></span> <span class='ocrx_word' id='word_1_18' title='bbox 2020 548 2183 586; x_wconf 92' lang='lat' dir='ltr'><strong>unam</strong></span> <span class='ocrx_word' id='word_1_19' title='bbox 2215 543 2466 586; x_wconf 87' lang='lat' dir='ltr'><strong>naturam</strong></span> <span class='ocrx_word' id='word_1_20' title='bbox 2496 533 2550 585; x_wconf 91' lang='lat' dir='ltr'><strong>in</strong></span> <span class='ocrx_word' id='word_1_21' title='bbox 2584 531 2704 584; x_wconf 87' lang='lat' dir='ltr'><strong>illas</strong></span> <span class='ocrx_word' id='word_1_22' title='bbox 2737 527 2912 582; x_wconf 82' lang='lat' dir='ltr'><strong>solvat</strong></span> <span class='ocrx_word' id='word_1_23' title='bbox 2940 539 2970 581; x_wconf 91' lang='lat' dir='ltr'><strong>e</strong></span> <span class='ocrx_word' id='word_1_24' title='bbox 2999 525 3201 595; x_wconf 83' lang='lat' dir='ltr'><strong>quibus</strong></span> <span class='ocrx_word' id='word_1_25' title='bbox 3235 534 3472 593; x_wconf 82' lang='lat' dir='ltr'><strong>constat,</strong></span> 
     </span>
    </p>
   </div>
   <div class='ocr_carea' id='block_1_6' title="bbox 207 623 1791 703">
    <p class='ocr_par' dir='ltr' id='par_1_6' title="bbox 207 623 1791 703">
     <span class='ocr_line' id='line_1_6' title="bbox 207 623 1791 703; baseline -0.006 -21"><span class='ocrx_word' id='word_1_26' title='bbox 207 631 380 703; x_wconf 87' lang='grc' dir='ltr'>ρεύει.</span> <span class='ocrx_word' id='word_1_27' title='bbox 415 629 488 682; x_wconf 84' lang='grc' dir='ltr'><em>Ἦ</em></span> <span class='ocrx_word' id='word_1_28' title='bbox 533 629 603 682; x_wconf 77' lang='grc' dir='ltr'>τὰ</span> <span class='ocrx_word' id='word_1_29' title='bbox 657 630 756 698; x_wconf 78' lang='grc' dir='ltr'><strong>μὲν</strong></span> <span class='ocrx_word' id='word_1_30' title='bbox 805 628 1043 697; x_wconf 82' lang='grc' dir='ltr'>ὀνόματα</span> <span class='ocrx_word' id='word_1_31' title='bbox 1071 627 1206 696; x_wconf 90' lang='grc' dir='ltr'>μόνα</span> <span class='ocrx_word' id='word_1_32' title='bbox 1237 627 1346 678; x_wconf 84' lang='grc' dir='ltr'>τῶν</span> <span class='ocrx_word' id='word_1_33' title='bbox 1376 623 1791 678; x_wconf 74' lang='grc' dir='ltr'>ἀποτελεσασῶν</span> 
     </span>
    </p>
   </div>
   <div class='ocr_carea' id='block_1_7' title="bbox 207 717 1790 792">
    <p class='ocr_par' dir='ltr' id='par_1_7' title="bbox 207 717 1790 792">
     <span class='ocr_line' id='line_1_7' title="bbox 207 717 1790 792; baseline -0.006 -16"><span class='ocrx_word' id='word_1_34' title='bbox 207 723 429 791; x_wconf 74' lang='grc' dir='ltr'>φύσεων</span> <span class='ocrx_word' id='word_1_35' title='bbox 462 722 636 792; x_wconf 86' lang='grc' dir='ltr'>μένει,</span> <span class='ocrx_word' id='word_1_36' title='bbox 664 720 798 774; x_wconf 82' lang='grc' dir='ltr'>αὐτὸ</span> <span class='ocrx_word' id='word_1_37' title='bbox 831 721 887 774; x_wconf 80' lang='grc' dir='ltr'>δὲ</span> <span class='ocrx_word' id='word_1_38' title='bbox 921 721 982 773; x_wconf 76' lang='grc' dir='ltr'>τὸ</span> <span class='ocrx_word' id='word_1_39' title='bbox 1015 719 1362 786; x_wconf 78' lang='grc' dir='ltr'><strong>ἀποτέλεσμα</strong></span> <span class='ocrx_word' id='word_1_40' title='bbox 1404 718 1722 785; x_wconf 77' lang='grc' dir='ltr'><strong>ἀνώνυμον·</strong></span> <span class='ocrx_word' id='word_1_41' title='bbox 1758 717 1790 786; x_wconf 82' lang='grc' dir='ltr'>ἢ</span> 
     </span>
    </p>
   </div>
   <div class='ocr_carea' id='block_1_8' title="bbox 205 809 1787 884">
    <p class='ocr_par' dir='ltr' id='par_1_8' title="bbox 205 809 1787 884">
     <span class='ocr_line' id='line_1_8' title="bbox 205 809 1787 884; baseline -0.004 -16"><span class='ocrx_word' id='word_1_42' title='bbox 205 810 318 868; x_wconf 74' lang='grc' dir='ltr'>οἷον</span> <span class='ocrx_word' id='word_1_43' title='bbox 347 814 394 866; x_wconf 81' lang='grc' dir='ltr'>δ’</span> <span class='ocrx_word' id='word_1_44' title='bbox 419 815 486 868; x_wconf 80' lang='grc' dir='ltr'><strong>ἃν</strong></span> <span class='ocrx_word' id='word_1_45' title='bbox 507 815 678 884; x_wconf 77' lang='grc' dir='ltr'>ὗνομα</span> <span class='ocrx_word' id='word_1_46' title='bbox 706 814 991 883; x_wconf 61' lang='grc' dir='ltr'>ἐπινοήσῃ,</span> <span class='ocrx_word' id='word_1_47' title='bbox 1021 811 1194 882; x_wconf 83' lang='grc' dir='ltr'>τούτῳ</span> <span class='ocrx_word' id='word_1_48' title='bbox 1218 811 1312 864; x_wconf 81' lang='grc' dir='ltr'>καὶ</span> <span class='ocrx_word' id='word_1_49' title='bbox 1333 813 1365 882; x_wconf 83' lang='grc' dir='ltr'>ὴ</span> <span class='ocrx_word' id='word_1_50' title='bbox 1384 809 1617 864; x_wconf 76' lang='grc' dir='ltr'>τεκοῦσα</span> <span class='ocrx_word' id='word_1_51' title='bbox 1648 811 1787 879; x_wconf 83' lang='grc' dir='ltr'>Παρ-</span> 
     </span>
    </p>
   </div>
   <div class='ocr_carea' id='block_1_9' title="bbox 207 905 813 975">
    <p class='ocr_par' dir='ltr' id='par_1_9' title="bbox 207 905 813 975">
     <span class='ocr_line' id='line_1_9' title="bbox 207 905 813 975; baseline 0 -18"><span class='ocrx_word' id='word_1_52' title='bbox 207 905 360 967; x_wconf 85' lang='grc' dir='ltr'>θένος</span> <span class='ocrx_word' id='word_1_53' title='bbox 389 923 447 958; x_wconf 88' lang='grc' dir='ltr'><strong>σε</strong></span> <span class='ocrx_word' id='word_1_54' title='bbox 458 906 813 975; x_wconf 83' lang='grc' dir='ltr'>μνυθήσεται.</span> 
     </span>
    </p>
   </div>
   <div class='ocr_carea' id='block_1_10' title="bbox 279 991 1793 1064">
    <p class='ocr_par' dir='ltr' id='par_1_10' title="bbox 279 991 1793 1064">
     <span class='ocr_line' id='line_1_10' title="bbox 279 991 1793 1064; baseline -0.005 -14"><span class='ocrx_word' id='word_1_55' title='bbox 279 993 414 1050; x_wconf 77' lang='grc' dir='ltr'>Οἶδα</span> <span class='ocrx_word' id='word_1_56' title='bbox 437 997 495 1050; x_wconf 75' lang='grc' dir='ltr'>δὲ</span> <span class='ocrx_word' id='word_1_57' title='bbox 517 998 643 1059; x_wconf 76' lang='grc' dir='ltr'>τοὺς</span> <span class='ocrx_word' id='word_1_58' title='bbox 671 994 837 1049; x_wconf 81' lang='grc' dir='ltr'>αὑτοῦ</span> <span class='ocrx_word' id='word_1_59' title='bbox 867 995 957 1048; x_wconf 87' lang='grc' dir='ltr'><strong>διά</strong></span> <span class='ocrx_word' id='word_1_60' title='bbox 983 993 1188 1056; x_wconf 87' lang='grc' dir='ltr'>ταύτην</span> <span class='ocrx_word' id='word_1_61' title='bbox 1211 994 1310 1064; x_wconf 75' lang='grc' dir='ltr'>τὴν</span> <span class='ocrx_word' id='word_1_62' title='bbox 1336 993 1515 1045; x_wconf 77' lang='grc' dir='ltr'>αἰτίαν</span> <span class='ocrx_word' id='word_1_63' title='bbox 1537 991 1793 1060; x_wconf 85' lang='grc' dir='ltr'>λέγοντας</span> 
     </span>
    </p>
   </div>
   <div class='ocr_carea' id='block_1_11' title="bbox 205 1080 1789 1159">
    <p class='ocr_par' dir='ltr' id='par_1_11' title="bbox 205 1080 1789 1159">
     <span class='ocr_line' id='line_1_11' title="bbox 205 1080 1789 1159; baseline -0.003 -21"><span class='ocrx_word' id='word_1_64' title='bbox 205 1087 297 1138; x_wconf 70' lang='grc' dir='ltr'>τὸν</span> <span class='ocrx_word' id='word_1_65' title='bbox 321 1087 581 1157; x_wconf 77' lang='grc' dir='ltr'>Χριστὸν,</span> <span class='ocrx_word' id='word_1_66' title='bbox 661 1087 892 1156; x_wconf 87' lang='grc' dir='ltr'>Χριστός</span> <span class='ocrx_word' id='word_1_67' title='bbox 913 1089 1081 1147; x_wconf 83' lang='grc' dir='ltr'>ἐστιν,</span> <span class='ocrx_word' id='word_1_68' title='bbox 1122 1085 1310 1154; x_wconf 78' lang='grc' dir='ltr'>μηδενὶ</span> <span class='ocrx_word' id='word_1_69' title='bbox 1327 1080 1462 1136; x_wconf 77' lang='grc' dir='ltr'>εἶναι</span> <span class='ocrx_word' id='word_1_70' title='bbox 1485 1083 1789 1152; x_wconf 84' lang='grc' dir='ltr'>όμοούσιον,</span> 
     </span>
    </p>
   </div>
   <div class='ocr_carea' id='block_1_12' title="bbox 208 1172 1794 1248">
    <p class='ocr_par' dir='ltr' id='par_1_12' title="bbox 208 1172 1794 1248">
     <span class='ocr_line' id='line_1_12' title="bbox 208 1172 1794 1248; baseline -0.002 -19"><span class='ocrx_word' id='word_1_71' title='bbox 208 1178 299 1229; x_wconf 73' lang='grc' dir='ltr'>καὶ</span> <span class='ocrx_word' id='word_1_72' title='bbox 343 1178 484 1248; x_wconf 76' lang='grc' dir='ltr'>μήτε</span> <span class='ocrx_word' id='word_1_73' title='bbox 515 1177 650 1230; x_wconf 84' lang='grc' dir='ltr'>Θεδν</span> <span class='ocrx_word' id='word_1_74' title='bbox 685 1172 827 1230; x_wconf 75' lang='grc' dir='ltr'>εἶναι</span> <span class='ocrx_word' id='word_1_75' title='bbox 875 1180 1011 1248; x_wconf 77' lang='grc' dir='ltr'>μήτε</span> <span class='ocrx_word' id='word_1_76' title='bbox 1060 1175 1368 1247; x_wconf 78' lang='grc' dir='ltr'>ἄνθρωπον.</span> <span class='ocrx_word' id='word_1_77' title='bbox 1419 1176 1482 1227; x_wconf 78' lang='lat' dir='ltr'><strong>Ei</strong></span> <span class='ocrx_word' id='word_1_78' title='bbox 1528 1174 1584 1225; x_wconf 75' lang='grc' dir='ltr'>δὲ</span> <span class='ocrx_word' id='word_1_79' title='bbox 1635 1173 1794 1226; x_wconf 86' lang='grc' dir='ltr'>τοῦτο</span> 
     </span>
    </p>
   </div>
   <div class='ocr_carea' id='block_1_13' title="bbox 207 1263 1792 1337">
    <p class='ocr_par' dir='ltr' id='par_1_13' title="bbox 207 1263 1792 1337">
     <span class='ocr_line' id='line_1_13' title="bbox 207 1263 1792 1337; baseline -0.004 -17"><span class='ocrx_word' id='word_1_80' title='bbox 207 1268 430 1337; x_wconf 75' lang='grc' dir='ltr'>ἀληθὲς,</span> <span class='ocrx_word' id='word_1_81' title='bbox 464 1265 590 1319; x_wconf 77' lang='grc' dir='ltr'>οὕτε</span> <span class='ocrx_word' id='word_1_82' title='bbox 625 1267 758 1330; x_wconf 82' lang='grc' dir='ltr'>Θεός</span> <span class='ocrx_word' id='word_1_83' title='bbox 789 1269 934 1320; x_wconf 66' lang='grc' dir='ltr'>ἐστιν</span> <span class='ocrx_word' id='word_1_84' title='bbox 967 1269 994 1318; x_wconf 87' lang='grc' dir='ltr'>ὁ</span> <span class='ocrx_word' id='word_1_85' title='bbox 1020 1266 1277 1336; x_wconf 80' lang='grc' dir='ltr'>Χριστὸς,</span> <span class='ocrx_word' id='word_1_86' title='bbox 1323 1263 1444 1318; x_wconf 78' lang='grc' dir='ltr'>οὕτε</span> <span class='ocrx_word' id='word_1_87' title='bbox 1469 1263 1728 1325; x_wconf 86' lang='grc' dir='ltr'>Θεοτόκος</span> <span class='ocrx_word' id='word_1_88' title='bbox 1759 1263 1792 1333; x_wconf 77' lang='grc' dir='ltr'><strong>ἠ</strong></span> 
     </span>
    </p>
   </div>
   <div class='ocr_carea' id='block_1_14' title="bbox 209 1354 1795 1428">
    <p class='ocr_par' dir='ltr' id='par_1_14' title="bbox 209 1354 1795 1428">
     <span class='ocr_line' id='line_1_14' title="bbox 209 1354 1795 1428; baseline -0.003 -18"><span class='ocrx_word' id='word_1_89' title='bbox 209 1359 509 1428; x_wconf 78' lang='grc' dir='ltr'>Παρθένος,</span> <span class='ocrx_word' id='word_1_90' title='bbox 539 1358 652 1410; x_wconf 83' lang='grc' dir='ltr'>ἀλλ’</span> <span class='ocrx_word' id='word_1_91' title='bbox 680 1359 754 1421; x_wconf 85' lang='grc' dir='ltr'><strong>ὡς</strong></span> <span class='ocrx_word' id='word_1_92' title='bbox 775 1357 1001 1426; x_wconf 81' lang='grc' dir='ltr'>λέγουσι</span> <span class='ocrx_word' id='word_1_93' title='bbox 1026 1357 1392 1428; x_wconf 77' lang='grc' dir='ltr'>Χριστοτὸκος</span> <span class='ocrx_word' id='word_1_94' title='bbox 1423 1354 1564 1408; x_wconf 82' lang='grc' dir='ltr'><strong>κατά</strong></span> <span class='ocrx_word' id='word_1_95' title='bbox 1593 1354 1795 1406; x_wconf 85' lang='grc' dir='ltr'>Νεστό-</span> 
     </span>
    </p>
   </div>
   <div class='ocr_carea' id='block_1_15' title="bbox 209 1442 1792 1517">
    <p class='ocr_par' dir='ltr' id='par_1_15' title="bbox 209 1442 1792 1517">
     <span class='ocr_line' id='line_1_15' title="bbox 209 1442 1792 1517; baseline -0.003 -19"><span class='ocrx_word' id='word_1_96' title='bbox 209 1466 345 1516; x_wconf 84' lang='grc' dir='ltr'>ριον,</span> <span class='ocrx_word' id='word_1_97' title='bbox 382 1442 444 1501; x_wconf 79' lang='grc' dir='ltr'><strong>οῦ</strong></span> <span class='ocrx_word' id='word_1_98' title='bbox 487 1449 557 1499; x_wconf 86' lang='grc' dir='ltr'><strong>τά</strong></span> <span class='ocrx_word' id='word_1_99' title='bbox 599 1447 820 1516; x_wconf 80' lang='grc' dir='ltr'><strong>χείρονα</strong></span> <span class='ocrx_word' id='word_1_100' title='bbox 857 1446 1112 1517; x_wconf 80' lang='grc' dir='ltr'><strong>φρονοῦσι</strong></span> <span class='ocrx_word' id='word_1_101' title='bbox 1143 1444 1301 1499; x_wconf 84' lang='grc' dir='ltr'>πολύ.</span> <span class='ocrx_word' id='word_1_102' title='bbox 1349 1445 1490 1497; x_wconf 57' lang='grc' dir='ltr'>’.ἀλλ’</span> <span class='ocrx_word' id='word_1_103' title='bbox 1517 1443 1638 1496; x_wconf 81' lang='grc' dir='ltr'>οὐδὲ</span> <span class='ocrx_word' id='word_1_104' title='bbox 1666 1444 1792 1495; x_wconf 76' lang='grc' dir='ltr'><strong>πὰνο</strong></span> 
     </span>
    </p>
   </div>
   <div class='ocr_carea' id='block_1_16' title="bbox 208 1533 1792 1604">
    <p class='ocr_par' dir='ltr' id='par_1_16' title="bbox 208 1533 1792 1604">
     <span class='ocr_line' id='line_1_16' title="bbox 208 1533 1792 1604; baseline -0.003 -14"><span class='ocrx_word' id='word_1_105' title='bbox 208 1556 311 1601; x_wconf 83' lang='grc' dir='ltr'><strong>τως</strong></span> <span class='ocrx_word' id='word_1_106' title='bbox 349 1539 412 1590; x_wconf 87' lang='grc' dir='ltr'><strong>τὸ</strong></span> <span class='ocrx_word' id='word_1_107' title='bbox 452 1541 517 1590; x_wconf 75' lang='grc' dir='ltr'>ὲκ</span> <span class='ocrx_word' id='word_1_108' title='bbox 569 1537 662 1590; x_wconf 88' lang='grc' dir='ltr'><strong>δύο</strong></span> <span class='ocrx_word' id='word_1_109' title='bbox 707 1537 870 1590; x_wconf 84' lang='grc' dir='ltr'>τινῶν</span> <span class='ocrx_word' id='word_1_110' title='bbox 903 1536 1300 1604; x_wconf 80' lang='grc' dir='ltr'>συνενηγμένον</span> <span class='ocrx_word' id='word_1_111' title='bbox 1349 1535 1628 1603; x_wconf 85' lang='grc' dir='ltr'>ἁσύγχυτα</span> <span class='ocrx_word' id='word_1_112' title='bbox 1663 1533 1792 1601; x_wconf 75' lang='grc' dir='ltr'>ἐφύ-</span> 
     </span>
    </p>
   </div>
   <div class='ocr_carea' id='block_1_17' title="bbox 207 1621 1790 1695">
    <p class='ocr_par' dir='ltr' id='par_1_17' title="bbox 207 1621 1790 1695">
     <span class='ocr_line' id='line_1_17' title="bbox 207 1621 1790 1695; baseline -0.001 -17"><span class='ocrx_word' id='word_1_113' title='bbox 207 1626 368 1690; x_wconf 74' lang='grc' dir='ltr'>λαξεν</span> <span class='ocrx_word' id='word_1_114' title='bbox 403 1629 472 1679; x_wconf 83' lang='grc' dir='ltr'><strong>τά</strong></span> <span class='ocrx_word' id='word_1_115' title='bbox 502 1627 556 1690; x_wconf 77' lang='grc' dir='ltr'>ἐξ</span> <span class='ocrx_word' id='word_1_116' title='bbox 591 1621 666 1680; x_wconf 81' lang='grc' dir='ltr'><strong>ὧν</strong></span> <span class='ocrx_word' id='word_1_117' title='bbox 697 1644 710 1656; x_wconf 75' lang='grc' dir='ltr'><strong>ο</strong></span> <span class='ocrx_word' id='word_1_118' title='bbox 748 1628 842 1680; x_wconf 79' lang='grc' dir='ltr'><strong>καὶ</strong></span> <span class='ocrx_word' id='word_1_119' title='bbox 878 1627 988 1695; x_wconf 81' lang='grc' dir='ltr'>γὰρ</span> <span class='ocrx_word' id='word_1_120' title='bbox 1026 1621 1170 1689; x_wconf 82' lang='grc' dir='ltr'>οἶνος</span> <span class='ocrx_word' id='word_1_121' title='bbox 1202 1627 1296 1677; x_wconf 74' lang='grc' dir='ltr'><strong>καὶ</strong></span> <span class='ocrx_word' id='word_1_122' title='bbox 1348 1625 1492 1695; x_wconf 76' lang='grc' dir='ltr'>ὓδωρ</span> <span class='ocrx_word' id='word_1_123' title='bbox 1541 1641 1790 1695; x_wconf 82' lang='grc' dir='ltr'>συνενεχ-</span> 
     </span>
    </p>
   </div>
   <div class='ocr_carea' id='block_1_18' title="bbox 207 1716 1790 1787">
    <p class='ocr_par' dir='ltr' id='par_1_18' title="bbox 207 1716 1790 1787">
     <span class='ocr_line' id='line_1_18' title="bbox 207 1716 1790 1787; baseline 0 -20"><span class='ocrx_word' id='word_1_124' title='bbox 207 1716 370 1769; x_wconf 87' lang='grc' dir='ltr'>θέντα</span> <span class='ocrx_word' id='word_1_125' title='bbox 414 1717 738 1786; x_wconf 85' lang='grc' dir='ltr'>συγχέονται</span> <span class='ocrx_word' id='word_1_126' title='bbox 770 1731 784 1746; x_wconf 77' lang='grc'><strong>⁸</strong></span> <span class='ocrx_word' id='word_1_127' title='bbox 820 1718 1025 1786; x_wconf 80' lang='grc' dir='ltr'>ὁμοίως</span> <span class='ocrx_word' id='word_1_128' title='bbox 1067 1717 1162 1770; x_wconf 76' lang='grc' dir='ltr'><strong>καὶ</strong></span> <span class='ocrx_word' id='word_1_129' title='bbox 1190 1716 1393 1786; x_wconf 82' lang='grc' dir='ltr'>χρυσὸς</span> <span class='ocrx_word' id='word_1_130' title='bbox 1421 1717 1516 1768; x_wconf 71' lang='grc' dir='ltr'>καὶ</span> <span class='ocrx_word' id='word_1_131' title='bbox 1547 1717 1790 1787; x_wconf 78' lang='grc' dir='ltr'>ἄργυρος</span> 
     </span>
    </p>
   </div>
   <div class='ocr_carea' id='block_1_19' title="bbox 207 1808 1790 1880">
    <p class='ocr_par' dir='ltr' id='par_1_19' title="bbox 207 1808 1790 1880">
     <span class='ocr_line' id='line_1_19' title="bbox 207 1808 1790 1880; baseline -0.001 -19"><span class='ocrx_word' id='word_1_132' title='bbox 207 1810 262 1861; x_wconf 79' lang='grc' dir='ltr'>ἑν</span> <span class='ocrx_word' id='word_1_133' title='bbox 295 1811 363 1879; x_wconf 74' lang='grc' dir='ltr'>τῇ</span> <span class='ocrx_word' id='word_1_134' title='bbox 389 1810 593 1880; x_wconf 81' lang='grc' dir='ltr'><strong>χωνείᾳ</strong></span> <span class='ocrx_word' id='word_1_135' title='bbox 617 1825 632 1841; x_wconf 78' lang='grc' dir='ltr'><strong>ο</strong></span> <span class='ocrx_word' id='word_1_136' title='bbox 665 1809 784 1861; x_wconf 83' lang='grc' dir='ltr'>ἀλλ’</span> <span class='ocrx_word' id='word_1_137' title='bbox 814 1808 937 1861; x_wconf 76' lang='grc' dir='ltr'>οὐδὲ</span> <span class='ocrx_word' id='word_1_138' title='bbox 964 1809 1023 1862; x_wconf 81' lang='grc' dir='ltr'>τὸ</span> <span class='ocrx_word' id='word_1_139' title='bbox 1047 1811 1109 1861; x_wconf 85' lang='grc' dir='ltr'>ὲκ</span> <span class='ocrx_word' id='word_1_140' title='bbox 1141 1809 1236 1862; x_wconf 88' lang='grc' dir='ltr'><strong>δύο</strong></span> <span class='ocrx_word' id='word_1_141' title='bbox 1267 1809 1642 1878; x_wconf 78' lang='grc' dir='ltr'>γνωσθήσεται</span> <span class='ocrx_word' id='word_1_142' title='bbox 1661 1825 1790 1861; x_wconf 79' lang='grc' dir='ltr'>ποτε</span> 
     </span>
    </p>
   </div>
   <div class='ocr_carea' id='block_1_20' title="bbox 206 1900 1791 1971">
    <p class='ocr_par' dir='ltr' id='par_1_20' title="bbox 206 1900 1791 1971">
     <span class='ocr_line' id='line_1_20' title="bbox 206 1900 1791 1971; baseline -0.001 -20"><span class='ocrx_word' id='word_1_143' title='bbox 206 1903 284 1952; x_wconf 83' lang='grc' dir='ltr'><strong>ὅτι</strong></span> <span class='ocrx_word' id='word_1_144' title='bbox 315 1901 466 1953; x_wconf 74' lang='grc' dir='ltr'>ἔστιν</span> <span class='ocrx_word' id='word_1_145' title='bbox 490 1902 553 1952; x_wconf 82' lang='grc' dir='ltr'>ὲκ</span> <span class='ocrx_word' id='word_1_146' title='bbox 575 1900 690 1964; x_wconf 87' lang='grc' dir='ltr'>δύο,</span> <span class='ocrx_word' id='word_1_147' title='bbox 723 1902 771 1953; x_wconf 86' lang='grc' dir='ltr'><strong>εί</strong></span> <span class='ocrx_word' id='word_1_148' title='bbox 811 1901 887 1971; x_wconf 79' lang='grc' dir='ltr'>μὴ</span> <span class='ocrx_word' id='word_1_149' title='bbox 921 1901 1062 1954; x_wconf 83' lang='grc' dir='ltr'>κατὰ</span> <span class='ocrx_word' id='word_1_150' title='bbox 1082 1901 1183 1970; x_wconf 72' lang='grc' dir='ltr'>τὴν</span> <span class='ocrx_word' id='word_1_151' title='bbox 1215 1901 1410 1954; x_wconf 74' lang='grc' dir='ltr'>ἕνωσιν</span> <span class='ocrx_word' id='word_1_152' title='bbox 1438 1902 1530 1953; x_wconf 74' lang='grc' dir='ltr'><strong>καὶ</strong></span> <span class='ocrx_word' id='word_1_153' title='bbox 1558 1901 1618 1953; x_wconf 83' lang='grc' dir='ltr'><strong>τὸ</strong></span> <span class='ocrx_word' id='word_1_154' title='bbox 1655 1901 1791 1952; x_wconf 82' lang='grc' dir='ltr'>ἀπο-</span> 
     </span>
    </p>
   </div>
   <div class='ocr_carea' id='block_1_21' title="bbox 205 1991 1790 2062">
    <p class='ocr_par' dir='ltr' id='par_1_21' title="bbox 205 1991 1790 2062">
     <span class='ocr_line' id='line_1_21' title="bbox 205 1991 1790 2062; baseline 0.001 -20"><span class='ocrx_word' id='word_1_155' title='bbox 205 1992 468 2060; x_wconf 81' lang='grc' dir='ltr'>τέλεσμα.</span> <span class='ocrx_word' id='word_1_156' title='bbox 499 1992 634 2062; x_wconf 73' lang='grc' dir='ltr'>Περὶ</span> <span class='ocrx_word' id='word_1_157' title='bbox 661 1991 718 2045; x_wconf 76' lang='grc' dir='ltr'>δὲ</span> <span class='ocrx_word' id='word_1_158' title='bbox 748 1991 1039 2061; x_wconf 75' lang='grc' dir='ltr'>ἐνεργειῶν</span> <span class='ocrx_word' id='word_1_159' title='bbox 1067 1993 1162 2045; x_wconf 77' lang='grc' dir='ltr'><strong>καὶ</strong></span> <span class='ocrx_word' id='word_1_160' title='bbox 1185 1992 1462 2062; x_wconf 80' lang='grc' dir='ltr'>ίδιοτήτων</span> <span class='ocrx_word' id='word_1_161' title='bbox 1500 1994 1646 2055; x_wconf 84' lang='grc' dir='ltr'>ὅπως</span> <span class='ocrx_word' id='word_1_162' title='bbox 1675 1993 1790 2045; x_wconf 77' lang='grc' dir='ltr'>δια-</span> 
     </span>
    </p>
   </div>
   <div class='ocr_carea' id='block_1_22' title="bbox 208 2083 1788 2154">
    <p class='ocr_par' dir='ltr' id='par_1_22' title="bbox 208 2083 1788 2154">
     <span class='ocr_line' id='line_1_22' title="bbox 208 2083 1788 2154; baseline -0.001 -18"><span class='ocrx_word' id='word_1_163' title='bbox 208 2087 401 2151; x_wconf 76' lang='grc' dir='ltr'>φωνεῖ,</span> <span class='ocrx_word' id='word_1_164' title='bbox 437 2083 568 2136; x_wconf 85' lang='grc' dir='ltr'>ποτὲ</span> <span class='ocrx_word' id='word_1_165' title='bbox 600 2084 698 2154; x_wconf 80' lang='grc' dir='ltr'>μὲν</span> <span class='ocrx_word' id='word_1_166' title='bbox 726 2083 1146 2154; x_wconf 76' lang='grc' dir='ltr'>ἀναθεματίζων</span> <span class='ocrx_word' id='word_1_167' title='bbox 1181 2084 1309 2148; x_wconf 80' lang='grc' dir='ltr'>τοὺς</span> <span class='ocrx_word' id='word_1_168' title='bbox 1337 2085 1618 2150; x_wconf 86' lang='grc' dir='ltr'>λέγοντας,</span> <span class='ocrx_word' id='word_1_169' title='bbox 1661 2085 1788 2136; x_wconf 82' lang='grc' dir='ltr'>ποτὲ</span> 
     </span>
    </p>
   </div>
   <div class='ocr_carea' id='block_1_23' title="bbox 207 2174 1790 2245">
    <p class='ocr_par' dir='ltr' id='par_1_23' title="bbox 207 2174 1790 2245">
     <span class='ocr_line' id='line_1_23' title="bbox 207 2174 1790 2245; baseline 0.001 -19"><span class='ocrx_word' id='word_1_170' title='bbox 207 2176 261 2226; x_wconf 79' lang='grc' dir='ltr'>δὲ</span> <span class='ocrx_word' id='word_1_171' title='bbox 295 2175 577 2243; x_wconf 75' lang='grc' dir='ltr'>ὁμολογῶν</span> <span class='ocrx_word' id='word_1_172' title='bbox 596 2176 765 2228; x_wconf 75' lang='grc' dir='ltr'>αὑτὰς</span> <span class='ocrx_word' id='word_1_173' title='bbox 788 2177 816 2228; x_wconf 86' lang='grc' dir='ltr'><strong>ὁ</strong></span> <span class='ocrx_word' id='word_1_174' title='bbox 844 2175 1005 2238; x_wconf 78' lang='grc' dir='ltr'>αὐτὸς</span> <span class='ocrx_word' id='word_1_175' title='bbox 1033 2174 1384 2245; x_wconf 81' lang='grc' dir='ltr'>πολύμορφος</span> <span class='ocrx_word' id='word_1_176' title='bbox 1418 2177 1553 2244; x_wconf 78' lang='grc' dir='ltr'>Σευῆ</span> <span class='ocrx_word' id='word_1_177' title='bbox 1565 2193 1674 2245; x_wconf 90' lang='grc' dir='ltr'>ρος,</span> <span class='ocrx_word' id='word_1_178' title='bbox 1702 2193 1790 2243; x_wconf 90' lang='grc' dir='ltr'>γι-</span> 
     </span>
    </p>
   </div>
   <div class='ocr_carea' id='block_1_24' title="bbox 208 2265 1787 2337">
    <p class='ocr_par' dir='ltr' id='par_1_24' title="bbox 208 2265 1787 2337">
     <span class='ocr_line' id='line_1_24' title="bbox 208 2265 1787 2337; baseline 0.002 -19"><span class='ocrx_word' id='word_1_179' title='bbox 208 2265 511 2320; x_wconf 81' lang='grc' dir='ltr'>νώσκουσιν</span> <span class='ocrx_word' id='word_1_180' title='bbox 560 2266 610 2320; x_wconf 91' lang='grc' dir='ltr'><strong>οί</strong></span> <span class='ocrx_word' id='word_1_181' title='bbox 654 2265 970 2337; x_wconf 80' lang='grc' dir='ltr'>φιλαληθῶς</span> <span class='ocrx_word' id='word_1_182' title='bbox 1010 2268 1476 2335; x_wconf 80' lang='grc' dir='ltr'>ἀναγινώσκοντες</span> <span class='ocrx_word' id='word_1_183' title='bbox 1503 2267 1571 2320; x_wconf 89' lang='grc' dir='ltr'><strong>τά</strong></span> <span class='ocrx_word' id='word_1_184' title='bbox 1601 2268 1787 2322; x_wconf 76' lang='grc' dir='ltr'>αὑτοῦ.</span> 
     </span>
    </p>
   </div>
   <div class='ocr_carea' id='block_1_25' title="bbox 207 2351 1788 2429">
    <p class='ocr_par' dir='ltr' id='par_1_25' title="bbox 207 2351 1788 2429">
     <span class='ocr_line' id='line_1_25' title="bbox 207 2351 1788 2429; baseline 0.001 -19"><span class='ocrx_word' id='word_1_185' title='bbox 207 2351 327 2410; x_wconf 82' lang='grc' dir='ltr'>Εἷδε</span> <span class='ocrx_word' id='word_1_186' title='bbox 363 2357 511 2425; x_wconf 84' lang='grc' dir='ltr'>γνῶς</span> <span class='ocrx_word' id='word_1_187' title='bbox 543 2362 561 2380; x_wconf 83' lang='grc'><strong>’</strong></span> <span class='ocrx_word' id='word_1_188' title='bbox 593 2357 710 2421; x_wconf 83' lang='grc' dir='ltr'>πῶς</span> <span class='ocrx_word' id='word_1_189' title='bbox 741 2358 892 2426; x_wconf 81' lang='grc' dir='ltr'>λέγει</span> <span class='ocrx_word' id='word_1_190' title='bbox 924 2358 1051 2422; x_wconf 80' lang='grc' dir='ltr'>τοὺς</span> <span class='ocrx_word' id='word_1_191' title='bbox 1087 2356 1338 2428; x_wconf 87' lang='grc' dir='ltr'>Πατέρας</span> <span class='ocrx_word' id='word_1_192' title='bbox 1363 2357 1675 2428; x_wconf 82' lang='grc' dir='ltr'>χρήσασθαι</span> <span class='ocrx_word' id='word_1_193' title='bbox 1722 2360 1788 2429; x_wconf 81' lang='grc' dir='ltr'>τῇ</span> 
     </span>
    </p>
   </div>
   <div class='ocr_carea' id='block_1_26' title="bbox 207 2449 1791 2522">
    <p class='ocr_par' dir='ltr' id='par_1_26' title="bbox 207 2449 1791 2522">
     <span class='ocr_line' id='line_1_26' title="bbox 207 2449 1791 2522; baseline 0 -20"><span class='ocrx_word' id='word_1_194' title='bbox 207 2453 360 2522; x_wconf 73' lang='grc' dir='ltr'>φωνῇ</span> <span class='ocrx_word' id='word_1_195' title='bbox 415 2449 526 2502; x_wconf 82' lang='grc' dir='ltr'>τῶν</span> <span class='ocrx_word' id='word_1_196' title='bbox 572 2450 682 2504; x_wconf 79' lang='grc' dir='ltr'><strong>δύο</strong></span> <span class='ocrx_word' id='word_1_197' title='bbox 737 2451 983 2519; x_wconf 78' lang='grc' dir='ltr'><strong>φύσεων</strong></span> <span class='ocrx_word' id='word_1_198' title='bbox 1037 2450 1378 2517; x_wconf 80' lang='grc' dir='ltr'>ἀδιαὸλήτως</span> <span class='ocrx_word' id='word_1_199' title='bbox 1400 2467 1458 2503; x_wconf 86' lang='grc' dir='ltr'><strong>τε</strong></span> <span class='ocrx_word' id='word_1_200' title='bbox 1490 2452 1582 2503; x_wconf 79' lang='grc' dir='ltr'>καὶ</span> <span class='ocrx_word' id='word_1_201' title='bbox 1608 2449 1791 2519; x_wconf 85' lang='grc' dir='ltr'>ἀμέμ-</span> 
     </span>
    </p>
   </div>
   <div class='ocr_carea' id='block_1_27' title="bbox 210 2539 1790 2612">
    <p class='ocr_par' dir='ltr' id='par_1_27' title="bbox 210 2539 1790 2612">
     <span class='ocr_line' id='line_1_27' title="bbox 210 2539 1790 2612; baseline -0.002 -16"><span class='ocrx_word' id='word_1_202' title='bbox 210 2558 382 2604; x_wconf 74' lang='grc' dir='ltr'>πτως.</span> <span class='ocrx_word' id='word_1_203' title='bbox 412 2543 512 2595; x_wconf 82' lang='grc' dir='ltr'><strong>οὐκ</strong></span> <span class='ocrx_word' id='word_1_204' title='bbox 548 2539 665 2596; x_wconf 74' lang='grc' dir='ltr'>οῖδα</span> <span class='ocrx_word' id='word_1_205' title='bbox 701 2545 846 2603; x_wconf 87' lang='grc' dir='ltr'>τίνος</span> <span class='ocrx_word' id='word_1_206' title='bbox 895 2542 1263 2610; x_wconf 78' lang='grc' dir='ltr'>καταγελάσει</span> <span class='ocrx_word' id='word_1_207' title='bbox 1303 2541 1484 2604; x_wconf 87' lang='grc' dir='ltr'>πλέον,</span> <span class='ocrx_word' id='word_1_208' title='bbox 1539 2540 1703 2594; x_wconf 84' lang='grc' dir='ltr'>αὑτοῦ</span> <span class='ocrx_word' id='word_1_209' title='bbox 1757 2539 1790 2612; x_wconf 78' lang='grc' dir='ltr'>ἢ</span> 
     </span>
    </p>
   </div>
   <div class='ocr_carea' id='block_1_28' title="bbox 209 2629 1792 2702">
    <p class='ocr_par' dir='ltr' id='par_1_28' title="bbox 209 2629 1792 2702">
     <span class='ocr_line' id='line_1_28' title="bbox 209 2629 1792 2702; baseline -0.001 -18"><span class='ocrx_word' id='word_1_210' title='bbox 209 2631 313 2684; x_wconf 84' lang='grc' dir='ltr'><strong>τῶν</strong></span> <span class='ocrx_word' id='word_1_211' title='bbox 347 2631 728 2701; x_wconf 87' lang='grc' dir='ltr'>ἀπατωμένων</span> <span class='ocrx_word' id='word_1_212' title='bbox 783 2631 876 2684; x_wconf 79' lang='grc' dir='ltr'><strong>ὑπ’</strong></span> <span class='ocrx_word' id='word_1_213' title='bbox 927 2630 1094 2684; x_wconf 77' lang='grc' dir='ltr'>αὑτοῦ</span> <span class='ocrx_word' id='word_1_214' title='bbox 1123 2647 1136 2660; x_wconf 81' lang='lat'><strong><em>°</em></strong></span> <span class='ocrx_word' id='word_1_215' title='bbox 1189 2631 1638 2702; x_wconf 84' lang='grc' dir='ltr'>διεστραμμένως</span> <span class='ocrx_word' id='word_1_216' title='bbox 1685 2629 1792 2700; x_wconf 73' lang='grc' dir='ltr'><strong>γὰρ</strong></span> 
     </span>
    </p>
   </div>
   <div class='ocr_carea' id='block_1_29' title="bbox 209 2722 1792 2793">
    <p class='ocr_par' dir='ltr' id='par_1_29' title="bbox 209 2722 1792 2793">
     <span class='ocr_line' id='line_1_29' title="bbox 209 2722 1792 2793; baseline 0.001 -20"><span class='ocrx_word' id='word_1_217' title='bbox 209 2723 460 2775; x_wconf 71' lang='grc' dir='ltr'>ἐκλαϐὼν</span> <span class='ocrx_word' id='word_1_218' title='bbox 501 2724 667 2785; x_wconf 72' lang='grc' dir='ltr'>αὐτὸς</span> <span class='ocrx_word' id='word_1_219' title='bbox 699 2722 797 2793; x_wconf 79' lang='grc' dir='ltr'><strong>τὴν</strong></span> <span class='ocrx_word' id='word_1_220' title='bbox 830 2723 1036 2792; x_wconf 80' lang='grc' dir='ltr'>φωνὴν,</span> <span class='ocrx_word' id='word_1_221' title='bbox 1069 2723 1478 2791; x_wconf 68' lang='grc' dir='ltr'>ἐσυκοφάντησε</span> <span class='ocrx_word' id='word_1_222' title='bbox 1517 2723 1646 2783; x_wconf 80' lang='grc' dir='ltr'>τοὺς</span> <span class='ocrx_word' id='word_1_223' title='bbox 1678 2723 1792 2774; x_wconf 83' lang='grc' dir='ltr'><strong>Πα-</strong></span> 
     </span>
    </p>
   </div>
   <div class='ocr_carea' id='block_1_30' title="bbox 208 2813 1789 2884">
    <p class='ocr_par' dir='ltr' id='par_1_30' title="bbox 208 2813 1789 2884">
     <span class='ocr_line' id='line_1_30' title="bbox 208 2813 1789 2884; baseline 0.002 -19"><span class='ocrx_word' id='word_1_224' title='bbox 208 2815 374 2884; x_wconf 81' lang='grc' dir='ltr'>τέρας</span> <span class='ocrx_word' id='word_1_225' title='bbox 390 2813 564 2876; x_wconf 76' lang='grc' dir='ltr'>οὕτως</span> <span class='ocrx_word' id='word_1_226' title='bbox 587 2815 777 2881; x_wconf 82' lang='grc' dir='ltr'>νοῆσαι</span> <span class='ocrx_word' id='word_1_227' title='bbox 801 2815 999 2876; x_wconf 80' lang='grc' dir='ltr'>αὐτοὺς</span> <span class='ocrx_word' id='word_1_228' title='bbox 1019 2813 1244 2884; x_wconf 84' lang='grc' dir='ltr'>ταύτην,</span> <span class='ocrx_word' id='word_1_229' title='bbox 1274 2814 1422 2867; x_wconf 79' lang='grc' dir='ltr'>ὥσπε</span> <span class='ocrx_word' id='word_1_230' title='bbox 1432 2832 1463 2884; x_wconf 91' lang='grc' dir='ltr'><strong>ρ</strong></span> <span class='ocrx_word' id='word_1_231' title='bbox 1492 2814 1586 2866; x_wconf 74' lang='grc' dir='ltr'><strong>καὶ</strong></span> <span class='ocrx_word' id='word_1_232' title='bbox 1609 2813 1789 2876; x_wconf 81' lang='grc' dir='ltr'>αὐτός.</span> 
     </span>
    </p>
   </div>
   <div class='ocr_carea' id='block_1_31' title="bbox 289 2905 1796 2976">
    <p class='ocr_par' dir='ltr' id='par_1_31' title="bbox 289 2905 1796 2976">
     <span class='ocr_line' id='line_1_31' title="bbox 289 2905 1796 2976; baseline 0.003 -20"><span class='ocrx_word' id='word_1_233' title='bbox 289 2905 540 2958; x_wconf 76' lang='grc' dir='ltr'>Ἰωάννου</span> <span class='ocrx_word' id='word_1_234' title='bbox 595 2905 700 2958; x_wconf 67' lang='grc' dir='ltr'>’τοῦ</span> <span class='ocrx_word' id='word_1_235' title='bbox 760 2906 1153 2976; x_wconf 77' lang='grc' dir='ltr'>γραμματικοῦ</span> <span class='ocrx_word' id='word_1_236' title='bbox 1220 2905 1600 2976; x_wconf 82' lang='grc' dir='ltr'>παραθεμένου</span> <span class='ocrx_word' id='word_1_237' title='bbox 1663 2909 1796 2975; x_wconf 77' lang='grc' dir='ltr'><strong>χρῆο</strong></span> 
     </span>
    </p>
   </div>
   <div class='ocr_carea' id='block_1_32' title="bbox 213 2995 1796 3068">
    <p class='ocr_par' dir='ltr' id='par_1_32' title="bbox 213 2995 1796 3068">
     <span class='ocr_line' id='line_1_32' title="bbox 213 2995 1796 3068; baseline 0.001 -21"><span class='ocrx_word' id='word_1_238' title='bbox 213 3013 296 3048; x_wconf 91' lang='grc' dir='ltr'><strong>σιν</strong></span> <span class='ocrx_word' id='word_1_239' title='bbox 325 2995 420 3050; x_wconf 85' lang='grc' dir='ltr'><strong>τοῦ</strong></span> <span class='ocrx_word' id='word_1_240' title='bbox 459 2997 734 3067; x_wconf 78' lang='grc' dir='ltr'>μακαρίου</span> <span class='ocrx_word' id='word_1_241' title='bbox 775 2997 1128 3068; x_wconf 61' lang='grc' dir='ltr'>Ἀμφιλοχίου</span> <span class='ocrx_word' id='word_1_242' title='bbox 1160 2998 1425 3067; x_wconf 77' lang='grc' dir='ltr'>κειμένην</span> <span class='ocrx_word' id='word_1_243' title='bbox 1457 2999 1514 3049; x_wconf 82' lang='grc' dir='ltr'>ὲν</span> <span class='ocrx_word' id='word_1_244' title='bbox 1540 2997 1617 3066; x_wconf 82' lang='grc' dir='ltr'>τῷ</span> <span class='ocrx_word' id='word_1_245' title='bbox 1652 2997 1796 3066; x_wconf 84' lang='grc' dir='ltr'>λόγῳ</span> 
     </span>
    </p>
   </div>
   <div class='ocr_carea' id='block_1_33' title="bbox 209 3088 1796 3158">
    <p class='ocr_par' dir='ltr' id='par_1_33' title="bbox 209 3088 1796 3158">
     <span class='ocr_line' id='line_1_33' title="bbox 209 3088 1796 3158; baseline 0.001 -17"><span class='ocrx_word' id='word_1_246' title='bbox 209 3089 374 3141; x_wconf 76' lang='grc' dir='ltr'>αὑτοῦ</span> <span class='ocrx_word' id='word_1_247' title='bbox 409 3088 505 3157; x_wconf 79' lang='grc' dir='ltr'>τῷ,</span> <span class='ocrx_word' id='word_1_248' title='bbox 547 3089 598 3140; x_wconf 89' lang='grc' dir='ltr'><em>Ὀ</em></span> <span class='ocrx_word' id='word_1_249' title='bbox 654 3088 856 3157; x_wconf 81' lang='grc' dir='ltr'>Πατὴρ</span> <span class='ocrx_word' id='word_1_250' title='bbox 903 3093 936 3143; x_wconf 83' lang='grc' dir='ltr'><strong>ό</strong></span> <span class='ocrx_word' id='word_1_251' title='bbox 979 3091 1222 3158; x_wconf 70' lang='grc' dir='ltr'>πέμψας</span> <span class='ocrx_word' id='word_1_252' title='bbox 1276 3106 1372 3158; x_wconf 83' lang='grc' dir='ltr'><strong>με,</strong></span> <span class='ocrx_word' id='word_1_253' title='bbox 1427 3088 1638 3157; x_wconf 81' lang='grc' dir='ltr'>μείζων</span> <span class='ocrx_word' id='word_1_254' title='bbox 1675 3091 1796 3158; x_wconf 81' lang='grc' dir='ltr'><strong>μού</strong></span> 
     </span>
    </p>
   </div>
   <div class='ocr_carea' id='block_1_34' title="bbox 208 3180 1865 3267">
    <p class='ocr_par' dir='ltr' id='par_1_34' title="bbox 208 3180 1865 3267">
     <span class='ocr_line' id='line_1_34' title="bbox 208 3180 1865 3267; baseline 0.001 -35"><span class='ocrx_word' id='word_1_255' title='bbox 208 3181 404 3253; x_wconf 61' lang='grc' dir='ltr'>ἐστιν,</span> <span class='ocrx_word' id='word_1_256' title='bbox 450 3180 679 3249; x_wconf 76' lang='grc' dir='ltr'>ἔχουσαν</span> <span class='ocrx_word' id='word_1_257' title='bbox 719 3181 891 3243; x_wconf 76' lang='grc' dir='ltr'>οὕτως</span> <span class='ocrx_word' id='word_1_258' title='bbox 917 3198 929 3210; x_wconf 92' lang='grc'><strong>·</strong></span> <span class='ocrx_word' id='word_1_259' title='bbox 963 3200 980 3230; x_wconf 79' lang='grc' dir='ltr'><strong>ι</strong></span> <span class='ocrx_word' id='word_1_260' title='bbox 1019 3181 1307 3251; x_wconf 80' lang='grc' dir='ltr'>Διάκρινον</span> <span class='ocrx_word' id='word_1_261' title='bbox 1337 3180 1522 3233; x_wconf 68' lang='grc' dir='ltr'>λοιπὸν</span> <span class='ocrx_word' id='word_1_262' title='bbox 1554 3181 1651 3243; x_wconf 76' lang='grc' dir='ltr'><strong>τὰς</strong></span> <span class='ocrx_word' id='word_1_263' title='bbox 1686 3180 1791 3248; x_wconf 79' lang='grc' dir='ltr'><strong>φύ·</strong></span> <span class='ocrx_word' id='word_1_264' title='bbox 1821 3209 1865 3267; x_wconf 77' lang='lat' dir='ltr'><strong>c</strong></span> 
     </span>
    </p>
   </div>
   <div class='ocr_carea' id='block_1_35' title="bbox 211 3271 1792 3342">
    <p class='ocr_par' dir='ltr' id='par_1_35' title="bbox 211 3271 1792 3342">
     <span class='ocr_line' id='line_1_35' title="bbox 211 3271 1792 3342; baseline 0 -18"><span class='ocrx_word' id='word_1_265' title='bbox 211 3289 323 3334; x_wconf 86' lang='grc' dir='ltr'>σεις</span> <span class='ocrx_word' id='word_1_266' title='bbox 357 3273 460 3340; x_wconf 75' lang='grc' dir='ltr'>τήν</span> <span class='ocrx_word' id='word_1_267' title='bbox 484 3288 543 3323; x_wconf 86' lang='grc' dir='ltr'><strong>τε</strong></span> <span class='ocrx_word' id='word_1_268' title='bbox 573 3272 668 3325; x_wconf 81' lang='grc' dir='ltr'><strong>τοῦ</strong></span> <span class='ocrx_word' id='word_1_269' title='bbox 703 3271 838 3325; x_wconf 88' lang='grc' dir='ltr'>Θεοῦ</span> <span class='ocrx_word' id='word_1_270' title='bbox 885 3274 986 3342; x_wconf 79' lang='grc' dir='ltr'>τήν</span> <span class='ocrx_word' id='word_1_271' title='bbox 1045 3291 1103 3325; x_wconf 85' lang='grc' dir='ltr'><strong>τε</strong></span> <span class='ocrx_word' id='word_1_272' title='bbox 1137 3273 1227 3326; x_wconf 82' lang='grc' dir='ltr'><strong>τοῦ</strong></span> <span class='ocrx_word' id='word_1_273' title='bbox 1278 3273 1568 3342; x_wconf 85' lang='grc' dir='ltr'>ἀνθρώπου</span> <span class='ocrx_word' id='word_1_274' title='bbox 1604 3291 1616 3302; x_wconf 90' lang='grc'><strong>·</strong></span> <span class='ocrx_word' id='word_1_275' title='bbox 1667 3271 1792 3325; x_wconf 67' lang='grc' dir='ltr'>οὔτε</span> 
     </span>
    </p>
   </div>
   <div class='ocr_carea' id='block_1_36' title="bbox 208 3351 1792 3429">
    <p class='ocr_par' dir='ltr' id='par_1_36' title="bbox 208 3351 1792 3429">
     <span class='ocr_line' id='line_1_36' title="bbox 208 3351 1792 3429; baseline 0 -19"><span class='ocrx_word' id='word_1_276' title='bbox 208 3362 317 3429; x_wconf 81' lang='grc' dir='ltr'>γὰρ</span> <span class='ocrx_word' id='word_1_277' title='bbox 363 3351 486 3412; x_wconf 76' lang='grc' dir='ltr'>κατ’</span> <span class='ocrx_word' id='word_1_278' title='bbox 515 3360 790 3413; x_wconf 72' lang='grc' dir='ltr'>ἔκπτωσιν</span> <span class='ocrx_word' id='word_1_279' title='bbox 819 3362 883 3413; x_wconf 79' lang='grc' dir='ltr'>ὲκ</span> <span class='ocrx_word' id='word_1_280' title='bbox 912 3361 1049 3412; x_wconf 81' lang='grc' dir='ltr'>Θεοῦ</span> <span class='ocrx_word' id='word_1_281' title='bbox 1083 3361 1305 3428; x_wconf 78' lang='grc' dir='ltr'>γέγονεν</span> <span class='ocrx_word' id='word_1_282' title='bbox 1335 3359 1639 3428; x_wconf 78' lang='grc' dir='ltr'>ἄνθρωπος,</span> <span class='ocrx_word' id='word_1_283' title='bbox 1671 3358 1792 3411; x_wconf 71' lang='grc' dir='ltr'>οὔτε</span> 
     </span>
    </p>
   </div>
   <div class='ocr_carea' id='block_1_37' title="bbox 208 3450 1793 3522">
    <p class='ocr_par' dir='ltr' id='par_1_37' title="bbox 208 3450 1793 3522">
     <span class='ocr_line' id='line_1_37' title="bbox 208 3450 1793 3522; baseline 0 -20"><span class='ocrx_word' id='word_1_284' title='bbox 208 3450 354 3502; x_wconf 79' lang='grc' dir='ltr'>κατὰ</span> <span class='ocrx_word' id='word_1_285' title='bbox 378 3452 664 3520; x_wconf 78' lang='grc' dir='ltr'>προκοπὴν</span> <span class='ocrx_word' id='word_1_286' title='bbox 693 3450 751 3517; x_wconf 75' lang='grc' dir='ltr'>ἐξ</span> <span class='ocrx_word' id='word_1_287' title='bbox 776 3451 1066 3522; x_wconf 81' lang='grc' dir='ltr'>ἀνθρώπου</span> <span class='ocrx_word' id='word_1_288' title='bbox 1101 3451 1232 3514; x_wconf 87' lang='grc' dir='ltr'>Θεός</span> <span class='ocrx_word' id='word_1_289' title='bbox 1261 3468 1275 3481; x_wconf 74' lang='grc' dir='ltr'><strong>ο</strong></span> <span class='ocrx_word' id='word_1_290' title='bbox 1314 3450 1447 3503; x_wconf 81' lang='grc' dir='ltr'>Θεὸν</span> <span class='ocrx_word' id='word_1_291' title='bbox 1471 3451 1526 3503; x_wconf 83' lang='grc' dir='ltr'>δὲ</span> <span class='ocrx_word' id='word_1_292' title='bbox 1558 3451 1648 3504; x_wconf 78' lang='grc' dir='ltr'><strong>καὶ</strong></span> <span class='ocrx_word' id='word_1_293' title='bbox 1699 3451 1793 3502; x_wconf 80' lang='grc' dir='ltr'><strong>ἄν-</strong></span> 
     </span>
    </p>
   </div>
   <div class='ocr_carea' id='block_1_38' title="bbox 207 3526 1792 3612">
    <p class='ocr_par' dir='ltr' id='par_1_38' title="bbox 207 3526 1792 3612">
     <span class='ocr_line' id='line_1_38' title="bbox 207 3526 1792 3612; baseline 0.001 -20"><span class='ocrx_word' id='word_1_294' title='bbox 207 3543 430 3611; x_wconf 82' lang='grc' dir='ltr'>θρωπον</span> <span class='ocrx_word' id='word_1_295' title='bbox 463 3541 659 3607; x_wconf 68' lang='grc' dir='ltr'>λέγων,</span> <span class='ocrx_word' id='word_1_296' title='bbox 694 3543 824 3594; x_wconf 83' lang='grc' dir='ltr'>ὅταν</span> <span class='ocrx_word' id='word_1_297' title='bbox 859 3541 923 3594; x_wconf 70' lang='grc' dir='ltr'>τὰ</span> <span class='ocrx_word' id='word_1_298' title='bbox 956 3539 1259 3610; x_wconf 82' lang='grc' dir='ltr'>παθήματα</span> <span class='ocrx_word' id='word_1_299' title='bbox 1290 3544 1355 3612; x_wconf 85' lang='grc' dir='ltr'>τῇ</span> <span class='ocrx_word' id='word_1_300' title='bbox 1382 3542 1564 3610; x_wconf 77' lang='grc' dir='ltr'>σαρκὶ,</span> <span class='ocrx_word' id='word_1_301' title='bbox 1595 3526 1696 3593; x_wconf 61' lang='grc' dir='ltr'>’καὶ</span> <span class='ocrx_word' id='word_1_302' title='bbox 1726 3542 1792 3594; x_wconf 72' lang='grc' dir='ltr'>τὰ</span> 
     </span>
    </p>
   </div>
   <div class='ocr_carea' id='block_1_39' title="bbox 208 3631 1791 3702">
    <p class='ocr_par' dir='ltr' id='par_1_39' title="bbox 208 3631 1791 3702">
     <span class='ocr_line' id='line_1_39' title="bbox 208 3631 1791 3702; baseline 0 -18"><span class='ocrx_word' id='word_1_303' title='bbox 208 3631 466 3700; x_wconf 83' lang='grc' dir='ltr'>θαύματα</span> <span class='ocrx_word' id='word_1_304' title='bbox 489 3631 564 3699; x_wconf 83' lang='grc' dir='ltr'>τῷ</span> <span class='ocrx_word' id='word_1_305' title='bbox 595 3631 714 3701; x_wconf 87' lang='grc' dir='ltr'>Θεῷ</span> <span class='ocrx_word' id='word_1_306' title='bbox 742 3632 867 3701; x_wconf 75' lang='grc' dir='ltr'>δῷς,</span> <span class='ocrx_word' id='word_1_307' title='bbox 899 3631 1110 3702; x_wconf 78' lang='grc' dir='ltr'>ἀνάγκῃ</span> <span class='ocrx_word' id='word_1_308' title='bbox 1150 3633 1245 3684; x_wconf 71' lang='grc' dir='ltr'><strong>καὶ</strong></span> <span class='ocrx_word' id='word_1_309' title='bbox 1296 3632 1373 3702; x_wconf 86' lang='grc' dir='ltr'><strong>μὴ</strong></span> <span class='ocrx_word' id='word_1_310' title='bbox 1418 3632 1587 3684; x_wconf 83' lang='grc' dir='ltr'>θέλων</span> <span class='ocrx_word' id='word_1_311' title='bbox 1635 3632 1791 3693; x_wconf 82' lang='grc' dir='ltr'>δίδως</span> 
     </span>
    </p>
   </div>
   <div class='ocr_carea' id='block_1_40' title="bbox 205 3723 1788 3795">
    <p class='ocr_par' dir='ltr' id='par_1_40' title="bbox 205 3723 1788 3795">
     <span class='ocr_line' id='line_1_40' title="bbox 205 3723 1788 3795; baseline 0.001 -21"><span class='ocrx_word' id='word_1_312' title='bbox 205 3725 332 3786; x_wconf 74' lang='grc' dir='ltr'>τοὺς</span> <span class='ocrx_word' id='word_1_313' title='bbox 369 3723 470 3790; x_wconf 82' lang='grc' dir='ltr'>μὲν</span> <span class='ocrx_word' id='word_1_314' title='bbox 496 3725 790 3787; x_wconf 79' lang='grc' dir='ltr'>ταπεινοὺς</span> <span class='ocrx_word' id='word_1_315' title='bbox 818 3724 1015 3791; x_wconf 78' lang='grc' dir='ltr'>λόγους</span> <span class='ocrx_word' id='word_1_316' title='bbox 1041 3724 1119 3792; x_wconf 80' lang='grc' dir='ltr'>τῷ</span> <span class='ocrx_word' id='word_1_317' title='bbox 1151 3725 1214 3778; x_wconf 75' lang='grc' dir='ltr'>ὲκ</span> <span class='ocrx_word' id='word_1_318' title='bbox 1253 3725 1470 3794; x_wconf 87' lang='grc' dir='ltr'>Μαρίας</span> <span class='ocrx_word' id='word_1_319' title='bbox 1496 3723 1788 3795; x_wconf 80' lang='grc' dir='ltr'><strong>ἀνθρώπῳ,</strong></span> 
     </span>
    </p>
   </div>
   <div class='ocr_carea' id='block_1_41' title="bbox 200 3815 1791 3887">
    <p class='ocr_par' dir='ltr' id='par_1_41' title="bbox 200 3815 1791 3887">
     <span class='ocr_line' id='line_1_41' title="bbox 200 3815 1791 3887; baseline 0.002 -21"><span class='ocrx_word' id='word_1_320' title='bbox 200 3816 332 3876; x_wconf 73' lang='grc' dir='ltr'>τοὺς</span> <span class='ocrx_word' id='word_1_321' title='bbox 361 3815 420 3866; x_wconf 85' lang='grc' dir='ltr'>δὲ</span> <span class='ocrx_word' id='word_1_322' title='bbox 445 3816 788 3885; x_wconf 83' lang='grc' dir='ltr'>ἀνηγμένους</span> <span class='ocrx_word' id='word_1_323' title='bbox 821 3816 915 3869; x_wconf 76' lang='grc' dir='ltr'><strong>καὶ</strong></span> <span class='ocrx_word' id='word_1_324' title='bbox 937 3816 1263 3887; x_wconf 80' lang='grc' dir='ltr'>θεοπρεπεῖς</span> <span class='ocrx_word' id='word_1_325' title='bbox 1289 3816 1367 3886; x_wconf 79' lang='grc' dir='ltr'>τῷ</span> <span class='ocrx_word' id='word_1_326' title='bbox 1387 3818 1456 3870; x_wconf 82' lang='grc' dir='ltr'><strong>ἐν</strong></span> <span class='ocrx_word' id='word_1_327' title='bbox 1479 3816 1636 3884; x_wconf 75' lang='grc' dir='ltr'>ἀρχῇ</span> <span class='ocrx_word' id='word_1_328' title='bbox 1663 3818 1791 3870; x_wconf 73' lang='grc' dir='ltr'>ὄντι</span> 
     </span>
    </p>
   </div>
   <div class='ocr_carea' id='block_1_42' title="bbox 205 3906 1790 3978">
    <p class='ocr_par' dir='ltr' id='par_1_42' title="bbox 205 3906 1790 3978">
     <span class='ocr_line' id='line_1_42' title="bbox 205 3906 1790 3978; baseline 0.001 -19"><span class='ocrx_word' id='word_1_329' title='bbox 205 3907 398 3974; x_wconf 51' lang='grc' dir='ltr'><strong>Λόγῳ.</strong></span> <span class='ocrx_word' id='word_1_330' title='bbox 436 3923 453 3956; x_wconf 74' lang='grc' dir='ltr'><strong>ι</strong></span> <span class='ocrx_word' id='word_1_331' title='bbox 499 3906 672 3968; x_wconf 78' lang='grc' dir='ltr'>Αὐτὸς</span> <span class='ocrx_word' id='word_1_332' title='bbox 711 3907 860 3959; x_wconf 81' lang='grc' dir='ltr'>δοκεῖ</span> <span class='ocrx_word' id='word_1_333' title='bbox 891 3908 1098 3977; x_wconf 83' lang='grc' dir='ltr'>ταύτην</span> <span class='ocrx_word' id='word_1_334' title='bbox 1133 3907 1457 3978; x_wconf 78' lang='grc' dir='ltr'>ἑρμηνεύειν</span> <span class='ocrx_word' id='word_1_335' title='bbox 1481 3907 1790 3974; x_wconf 86' lang='grc' dir='ltr'>καταγινώ-</span> 
     </span>
    </p>
   </div>
   <div class='ocr_carea' id='block_1_43' title="bbox 207 3996 1792 4069">
    <p class='ocr_par' dir='ltr' id='par_1_43' title="bbox 207 3996 1792 4069">
     <span class='ocr_line' id='line_1_43' title="bbox 207 3996 1792 4069; baseline 0.001 -19"><span class='ocrx_word' id='word_1_336' title='bbox 207 4014 353 4050; x_wconf 86' lang='grc' dir='ltr'>σκων</span> <span class='ocrx_word' id='word_1_337' title='bbox 389 3996 484 4050; x_wconf 84' lang='grc' dir='ltr'><strong>τοῦ</strong></span> <span class='ocrx_word' id='word_1_338' title='bbox 514 3998 914 4068; x_wconf 86' lang='grc' dir='ltr'>Γραμματικοῦ</span> <span class='ocrx_word' id='word_1_339' title='bbox 968 3999 1044 4062; x_wconf 85' lang='grc' dir='ltr'>ὡς</span> <span class='ocrx_word' id='word_1_340' title='bbox 1079 3999 1268 4061; x_wconf 83' lang='grc' dir='ltr'>κακῶς</span> <span class='ocrx_word' id='word_1_341' title='bbox 1327 4000 1646 4066; x_wconf 81' lang='grc' dir='ltr'>νενοηκότος</span> <span class='ocrx_word' id='word_1_342' title='bbox 1693 3999 1792 4069; x_wconf 70' lang='grc' dir='ltr'>τὴν</span> 
     </span>
    </p>
   </div>
   <div class='ocr_carea' id='block_1_44' title="bbox 204 4087 1792 4160">
    <p class='ocr_par' dir='ltr' id='par_1_44' title="bbox 204 4087 1792 4160">
     <span class='ocr_line' id='line_1_44' title="bbox 204 4087 1792 4160; baseline 0.002 -22"><span class='ocrx_word' id='word_1_343' title='bbox 204 4087 425 4156; x_wconf 78' lang='grc' dir='ltr'>γρῆσιν,</span> <span class='ocrx_word' id='word_1_344' title='bbox 463 4088 558 4141; x_wconf 84' lang='grc' dir='ltr'><strong>καί</strong></span> <span class='ocrx_word' id='word_1_345' title='bbox 595 4107 760 4159; x_wconf 80' lang='grc' dir='ltr'>φησιν</span> <span class='ocrx_word' id='word_1_346' title='bbox 787 4107 802 4121; x_wconf 83' lang='lat'><strong><em>°</em></strong></span> <span class='ocrx_word' id='word_1_347' title='bbox 849 4109 867 4141; x_wconf 78' lang='grc' dir='ltr'><strong>ι</strong></span> <span class='ocrx_word' id='word_1_348' title='bbox 903 4090 1089 4143; x_wconf 85' lang='grc' dir='ltr'>Ταῦτα</span> <span class='ocrx_word' id='word_1_349' title='bbox 1125 4090 1218 4143; x_wconf 77' lang='grc' dir='ltr'>καὶ</span> <span class='ocrx_word' id='word_1_350' title='bbox 1240 4091 1298 4142; x_wconf 71' lang='grc' dir='ltr'><strong>ιν</strong></span> <span class='ocrx_word' id='word_1_351' title='bbox 1325 4095 1437 4153; x_wconf 80' lang='grc' dir='ltr'>τοῖς</span> <span class='ocrx_word' id='word_1_352' title='bbox 1458 4091 1559 4160; x_wconf 61' lang='grc' dir='ltr'><strong>ἤδη</strong></span> <span class='ocrx_word' id='word_1_353' title='bbox 1593 4107 1792 4158; x_wconf 84' lang='grc' dir='ltr'>προγε-</span> 
     </span>
    </p>
   </div>
   <div class='ocr_carea' id='block_1_45' title="bbox 202 4179 1787 4250">
    <p class='ocr_par' dir='ltr' id='par_1_45' title="bbox 202 4179 1787 4250">
     <span class='ocr_line' id='line_1_45' title="bbox 202 4179 1787 4250; baseline 0.001 -21"><span class='ocrx_word' id='word_1_354' title='bbox 202 4179 610 4248; x_wconf 82' lang='grc' dir='ltr'>γυμνασμένοις</span> <span class='ocrx_word' id='word_1_355' title='bbox 650 4180 1036 4250; x_wconf 79' lang='grc' dir='ltr'>ἀπεδείξαμεν,</span> <span class='ocrx_word' id='word_1_356' title='bbox 1083 4181 1158 4242; x_wconf 84' lang='grc' dir='ltr'>ὠς</span> <span class='ocrx_word' id='word_1_357' title='bbox 1204 4179 1443 4242; x_wconf 76' lang='grc' dir='ltr'>ἅπαντες</span> <span class='ocrx_word' id='word_1_358' title='bbox 1481 4180 1529 4232; x_wconf 90' lang='grc' dir='ltr'><strong>οί</strong></span> <span class='ocrx_word' id='word_1_359' title='bbox 1568 4180 1667 4248; x_wconf 79' lang='grc' dir='ltr'>τῆς</span> <span class='ocrx_word' id='word_1_360' title='bbox 1697 4179 1787 4230; x_wconf 80' lang='grc' dir='ltr'>εύο</span> 
     </span>
    </p>
   </div>
   <div class='ocr_carea' id='block_1_46' title="bbox 204 4270 1790 4344">
    <p class='ocr_par' dir='ltr' id='par_1_46' title="bbox 204 4270 1790 4344">
     <span class='ocr_line' id='line_1_46' title="bbox 204 4270 1790 4344; baseline 0.001 -22"><span class='ocrx_word' id='word_1_361' title='bbox 204 4270 424 4332; x_wconf 73' lang='grc' dir='ltr'>σεΰείας</span> <span class='ocrx_word' id='word_1_362' title='bbox 448 4271 756 4325; x_wconf 84' lang='grc' dir='ltr'>διδάσκαλοι</span> <span class='ocrx_word' id='word_1_363' title='bbox 785 4273 921 4344; x_wconf 76' lang='grc' dir='ltr'>πρὸς</span> <span class='ocrx_word' id='word_1_364' title='bbox 939 4275 1066 4334; x_wconf 79' lang='grc' dir='ltr'>τοὺς</span> <span class='ocrx_word' id='word_1_365' title='bbox 1096 4271 1288 4334; x_wconf 84' lang='grc' dir='ltr'>ἀθέους</span> <span class='ocrx_word' id='word_1_366' title='bbox 1331 4273 1645 4340; x_wconf 78' lang='grc' dir='ltr'>Ἀρειανοῦς</span> <span class='ocrx_word' id='word_1_367' title='bbox 1665 4271 1790 4334; x_wconf 75' lang='grc' dir='ltr'>τοὺς</span> 
     </span>
    </p>
   </div>
   <div class='ocr_carea' id='block_1_47' title="bbox 201 4361 1788 4436">
    <p class='ocr_par' dir='ltr' id='par_1_47' title="bbox 201 4361 1788 4436">
     <span class='ocr_line' id='line_1_47' title="bbox 201 4361 1788 4436; baseline -0.003 -13"><span class='ocrx_word' id='word_1_368' title='bbox 201 4361 396 4428; x_wconf 71' lang='grc' dir='ltr'>λόγους</span> <span class='ocrx_word' id='word_1_369' title='bbox 441 4362 777 4430; x_wconf 78' lang='grc' dir='ltr'>ποιούμενοι,</span> <span class='ocrx_word' id='word_1_370' title='bbox 815 4364 1173 4435; x_wconf 77' lang='grc' dir='ltr'>βιαζομένους</span> <span class='ocrx_word' id='word_1_371' title='bbox 1210 4366 1365 4436; x_wconf 76' lang='grc' dir='ltr'>παρὰ</span> <span class='ocrx_word' id='word_1_372' title='bbox 1389 4366 1491 4436; x_wconf 74' lang='grc' dir='ltr'><strong>τὴν</strong></span> <span class='ocrx_word' id='word_1_373' title='bbox 1526 4365 1788 4436; x_wconf 76' lang='grc' dir='ltr'>ἀλήθειαν</span> 
     </span>
    </p>
   </div>
   <div class='ocr_carea' id='block_1_48' title="bbox 199 4452 1788 4526">
    <p class='ocr_par' dir='ltr' id='par_1_48' title="bbox 199 4452 1788 4526">
     <span class='ocr_line' id='line_1_48' title="bbox 199 4452 1788 4526; baseline 0.004 -25"><span class='ocrx_word' id='word_1_374' title='bbox 199 4452 326 4513; x_wconf 77' lang='grc' dir='ltr'>τοὺς</span> <span class='ocrx_word' id='word_1_375' title='bbox 363 4455 430 4522; x_wconf 83' lang='grc' dir='ltr'>τῇ</span> <span class='ocrx_word' id='word_1_376' title='bbox 465 4453 876 4522; x_wconf 79' lang='grc' dir='ltr'>ὲνανθρωπήσει</span> <span class='ocrx_word' id='word_1_377' title='bbox 907 4456 1001 4508; x_wconf 71' lang='grc' dir='ltr'>καὶ</span> <span class='ocrx_word' id='word_1_378' title='bbox 1031 4457 1096 4525; x_wconf 80' lang='grc' dir='ltr'>τῇ</span> <span class='ocrx_word' id='word_1_379' title='bbox 1117 4456 1349 4524; x_wconf 78' lang='grc' dir='ltr'>ἑκουσίῳ</span> <span class='ocrx_word' id='word_1_380' title='bbox 1378 4457 1622 4526; x_wconf 77' lang='grc' dir='ltr'>πτωχείᾳ</span> <span class='ocrx_word' id='word_1_381' title='bbox 1652 4456 1788 4525; x_wconf 84' lang='grc' dir='ltr'>πρέ-</span> 
     </span>
    </p>
   </div>
   <div class='ocr_carea' id='block_1_49' title="bbox 1894 618 3476 693">
    <p class='ocr_par' dir='ltr' id='par_1_49' title="bbox 1894 618 3476 693">
     <span class='ocr_line' id='line_1_49' title="bbox 1894 618 3476 693; baseline -0.004 -16"><span class='ocrx_word' id='word_1_382' title='bbox 1894 624 2041 693; x_wconf 86' lang='lat' dir='ltr'><strong>quod</strong></span> <span class='ocrx_word' id='word_1_383' title='bbox 2087 624 2370 678; x_wconf 77' lang='lat' dir='ltr'><strong>abhorret.</strong></span> <span class='ocrx_word' id='word_1_384' title='bbox 2405 625 2514 677; x_wconf 79' lang='lat' dir='ltr'><strong>Aut</strong></span> <span class='ocrx_word' id='word_1_385' title='bbox 2557 621 2776 676; x_wconf 89' lang='lat' dir='ltr'><strong>nomina</strong></span> <span class='ocrx_word' id='word_1_386' title='bbox 2821 618 2937 673; x_wconf 87' lang='lat' dir='ltr'><strong>sola</strong></span> <span class='ocrx_word' id='word_1_387' title='bbox 2981 625 3206 671; x_wconf 83' lang='lat' dir='ltr'><strong>manent</strong></span> <span class='ocrx_word' id='word_1_388' title='bbox 3243 625 3476 672; x_wconf 72' lang='lat' dir='ltr'><strong>natura-</strong></span> 
     </span>
    </p>
   </div>
   <div class='ocr_carea' id='block_1_50' title="bbox 1894 713 3476 779">
    <p class='ocr_par' dir='ltr' id='par_1_50' title="bbox 1894 713 3476 779">
     <span class='ocr_line' id='line_1_50' title="bbox 1894 713 3476 779; baseline -0.005 -10"><span class='ocrx_word' id='word_1_389' title='bbox 1894 732 2016 770; x_wconf 93' lang='lat' dir='ltr'><strong>rum</strong></span> <span class='ocrx_word' id='word_1_390' title='bbox 2060 715 2516 770; x_wconf 90' lang='lat' dir='ltr'><strong>constituentium</strong></span> <span class='ocrx_word' id='word_1_391' title='bbox 2539 755 2553 778; x_wconf 90' lang='lat'><strong>,</strong></span> <span class='ocrx_word' id='word_1_392' title='bbox 2579 713 2809 769; x_wconf 80' lang='lat' dir='ltr'><strong>effectus</strong></span> <span class='ocrx_word' id='word_1_393' title='bbox 2861 724 2993 766; x_wconf 84' lang='lat' dir='ltr'><strong>vero</strong></span> <span class='ocrx_word' id='word_1_394' title='bbox 3019 722 3354 779; x_wconf 76' lang='lat' dir='ltr'><strong>anonymus;</strong></span> <span class='ocrx_word' id='word_1_395' title='bbox 3381 717 3476 762; x_wconf 88' lang='lat' dir='ltr'><strong>aut</strong></span> 
     </span>
    </p>
   </div>
   <div class='ocr_carea' id='block_1_51' title="bbox 1895 800 3473 876">
    <p class='ocr_par' dir='ltr' id='par_1_51' title="bbox 1895 800 3473 876">
     <span class='ocr_line' id='line_1_51' title="bbox 1895 800 3473 876; baseline -0.008 -12"><span class='ocrx_word' id='word_1_396' title='bbox 1895 809 2003 864; x_wconf 88' lang='lat' dir='ltr'><strong>tale</strong></span> <span class='ocrx_word' id='word_1_397' title='bbox 2031 809 2282 863; x_wconf 82' lang='lat' dir='ltr'><strong>invenies</strong></span> <span class='ocrx_word' id='word_1_398' title='bbox 2311 823 2544 871; x_wconf 88' lang='lat' dir='ltr'><strong>nomen,</strong></span> <span class='ocrx_word' id='word_1_399' title='bbox 2571 820 2682 876; x_wconf 90' lang='lat' dir='ltr'><strong>quo</strong></span> <span class='ocrx_word' id='word_1_400' title='bbox 2706 814 2763 860; x_wconf 95' lang='lat' dir='ltr'><strong>et</strong></span> <span class='ocrx_word' id='word_1_401' title='bbox 2788 805 3021 874; x_wconf 87' lang='lat' dir='ltr'><strong>Deipara</strong></span> <span class='ocrx_word' id='word_1_402' title='bbox 3053 801 3216 872; x_wconf 80' lang='lat' dir='ltr'><strong>Virgo</strong></span> <span class='ocrx_word' id='word_1_403' title='bbox 3245 800 3473 873; x_wconf 81' lang='lat' dir='ltr'><strong>gloriari</strong></span> 
     </span>
    </p>
   </div>
   <div class='ocr_carea' id='block_1_52' title="bbox 1894 901 2088 971">
    <p class='ocr_par' dir='ltr' id='par_1_52' title="bbox 1894 901 2088 971">
     <span class='ocr_line' id='line_1_52' title="bbox 1894 901 2088 971; baseline -0.01 -16"><span class='ocrx_word' id='word_1_404' title='bbox 1894 901 2088 971; x_wconf 83' lang='lat' dir='ltr'><strong>possit.</strong></span> 
     </span>
    </p>
   </div>
   <div class='ocr_carea' id='block_1_53' title="bbox 1964 983 3474 1063">
    <p class='ocr_par' dir='ltr' id='par_1_53' title="bbox 1964 983 3474 1063">
     <span class='ocr_line' id='line_1_53' title="bbox 1964 983 3474 1063; baseline -0.007 -17"><span class='ocrx_word' id='word_1_405' title='bbox 1964 992 2084 1046; x_wconf 80' lang='lat' dir='ltr'><strong>Non</strong></span> <span class='ocrx_word' id='word_1_406' title='bbox 2135 992 2326 1063; x_wconf 88' lang='lat' dir='ltr'><strong>ignoro</strong></span> <span class='ocrx_word' id='word_1_407' title='bbox 2367 990 2610 1046; x_wconf 80' lang='lat' dir='ltr'><strong>fautores</strong></span> <span class='ocrx_word' id='word_1_408' title='bbox 2652 991 2773 1061; x_wconf 83' lang='lat' dir='ltr'><strong>ejus</strong></span> <span class='ocrx_word' id='word_1_409' title='bbox 2816 989 2920 1043; x_wconf 90' lang='lat' dir='ltr'><strong>hac</strong></span> <span class='ocrx_word' id='word_1_410' title='bbox 2969 985 3038 1042; x_wconf 92' lang='lat' dir='ltr'><strong>de</strong></span> <span class='ocrx_word' id='word_1_411' title='bbox 3080 1000 3244 1041; x_wconf 88' lang='lat' dir='ltr'><strong>causa</strong></span> <span class='ocrx_word' id='word_1_412' title='bbox 3286 983 3474 1038; x_wconf 84' lang='lat' dir='ltr'><strong>dicere</strong></span> 
     </span>
    </p>
   </div>
   <div class='ocr_carea' id='block_1_54' title="bbox 1892 1073 3472 1152">
    <p class='ocr_par' dir='ltr' id='par_1_54' title="bbox 1892 1073 3472 1152">
     <span class='ocr_line' id='line_1_54' title="bbox 1892 1073 3472 1152; baseline -0.006 -14"><span class='ocrx_word' id='word_1_413' title='bbox 1892 1083 2206 1148; x_wconf 85' lang='lat' dir='ltr'><strong>Christum,</strong></span> <span class='ocrx_word' id='word_1_414' title='bbox 2233 1098 2342 1152; x_wconf 90' lang='lat' dir='ltr'><strong>qua</strong></span> <span class='ocrx_word' id='word_1_415' title='bbox 2380 1081 2636 1136; x_wconf 86' lang='lat' dir='ltr'><strong>Christus</strong></span> <span class='ocrx_word' id='word_1_416' title='bbox 2673 1091 2786 1141; x_wconf 86' lang='lat' dir='ltr'><strong>est.</strong></span> <span class='ocrx_word' id='word_1_417' title='bbox 2818 1078 3031 1134; x_wconf 78' lang='lat' dir='ltr'><strong>nemini</strong></span> <span class='ocrx_word' id='word_1_418' title='bbox 3071 1091 3193 1132; x_wconf 87' lang='lat' dir='ltr'><strong>esse</strong></span> <span class='ocrx_word' id='word_1_419' title='bbox 3229 1073 3472 1130; x_wconf 89' lang='lat' dir='ltr'><strong>consub-</strong></span> 
     </span>
    </p>
   </div>
   <div class='ocr_carea' id='block_1_55' title="bbox 1895 1165 3470 1242">
    <p class='ocr_par' dir='ltr' id='par_1_55' title="bbox 1895 1165 3470 1242">
     <span class='ocr_line' id='line_1_55' title="bbox 1895 1165 3470 1242; baseline -0.009 -12"><span class='ocrx_word' id='word_1_420' title='bbox 1895 1175 2238 1240; x_wconf 87' lang='lat' dir='ltr'><strong>stantialem,</strong></span> <span class='ocrx_word' id='word_1_421' title='bbox 2266 1189 2330 1229; x_wconf 93' lang='lat' dir='ltr'><strong>ac</strong></span> <span class='ocrx_word' id='word_1_422' title='bbox 2361 1188 2540 1242; x_wconf 91' lang='lat' dir='ltr'><strong>neque</strong></span> <span class='ocrx_word' id='word_1_423' title='bbox 2573 1173 2746 1227; x_wconf 92' lang='lat' dir='ltr'><strong>Deum</strong></span> <span class='ocrx_word' id='word_1_424' title='bbox 2775 1187 2924 1234; x_wconf 89' lang='lat' dir='ltr'><strong>esse,</strong></span> <span class='ocrx_word' id='word_1_425' title='bbox 2955 1183 3136 1238; x_wconf 86' lang='lat' dir='ltr'><strong>neque</strong></span> <span class='ocrx_word' id='word_1_426' title='bbox 3166 1165 3470 1222; x_wconf 86' lang='lat' dir='ltr'><strong>hominem.</strong></span> 
     </span>
    </p>
   </div>
   <div class='ocr_carea' id='block_1_56' title="bbox 1895 1259 3474 1324">
    <p class='ocr_par' dir='ltr' id='par_1_56' title="bbox 1895 1259 3474 1324">
     <span class='ocr_line' id='line_1_56' title="bbox 1895 1259 3474 1324; baseline -0.007 -5"><span class='ocrx_word' id='word_1_427' title='bbox 1895 1265 1950 1319; x_wconf 90' lang='lat' dir='ltr'><strong>Si</strong></span> <span class='ocrx_word' id='word_1_428' title='bbox 1978 1274 2160 1319; x_wconf 90' lang='lat' dir='ltr'><strong>autem</strong></span> <span class='ocrx_word' id='word_1_429' title='bbox 2185 1264 2292 1319; x_wconf 93' lang='lat' dir='ltr'><strong>hoc</strong></span> <span class='ocrx_word' id='word_1_430' title='bbox 2315 1279 2506 1318; x_wconf 87' lang='lat' dir='ltr'><strong>verum</strong></span> <span class='ocrx_word' id='word_1_431' title='bbox 2527 1304 2541 1322; x_wconf 89' lang='lat'><strong>,</strong></span> <span class='ocrx_word' id='word_1_432' title='bbox 2572 1278 2681 1316; x_wconf 92' lang='lat' dir='ltr'><strong>non</strong></span> <span class='ocrx_word' id='word_1_433' title='bbox 2708 1263 2855 1316; x_wconf 89' lang='lat' dir='ltr'><strong>Deus</strong></span> <span class='ocrx_word' id='word_1_434' title='bbox 2878 1269 2963 1315; x_wconf 88' lang='lat' dir='ltr'><strong>est</strong></span> <span class='ocrx_word' id='word_1_435' title='bbox 2982 1259 3265 1322; x_wconf 86' lang='lat' dir='ltr'><strong>Christus,</strong></span> <span class='ocrx_word' id='word_1_436' title='bbox 3292 1267 3474 1324; x_wconf 86' lang='lat' dir='ltr'><strong>neque</strong></span> 
     </span>
    </p>
   </div>
   <div class='ocr_carea' id='block_1_57' title="bbox 1893 1345 3475 1426">
    <p class='ocr_par' dir='ltr' id='par_1_57' title="bbox 1893 1345 3475 1426">
     <span class='ocr_line' id='line_1_57' title="bbox 1893 1345 3475 1426; baseline -0.009 -15"><span class='ocrx_word' id='word_1_437' title='bbox 1893 1356 2122 1426; x_wconf 90' lang='lat' dir='ltr'><strong>Deipara</strong></span> <span class='ocrx_word' id='word_1_438' title='bbox 2145 1355 2329 1425; x_wconf 86' lang='lat' dir='ltr'><strong>Virgo,</strong></span> <span class='ocrx_word' id='word_1_439' title='bbox 2355 1354 2449 1410; x_wconf 91' lang='lat' dir='ltr'><strong>sed</strong></span> <span class='ocrx_word' id='word_1_440' title='bbox 2475 1353 2914 1422; x_wconf 90' lang='lat' dir='ltr'><strong>Christipara,ut</strong></span> <span class='ocrx_word' id='word_1_441' title='bbox 2935 1349 3091 1403; x_wconf 91' lang='lat' dir='ltr'><strong>aiunt</strong></span> <span class='ocrx_word' id='word_1_442' title='bbox 3105 1348 3256 1418; x_wconf 78' lang='lat' dir='ltr'><strong>juxta</strong></span> <span class='ocrx_word' id='word_1_443' title='bbox 3280 1345 3475 1400; x_wconf 82' lang='lat' dir='ltr'><strong>Nesto-</strong></span> 
     </span>
    </p>
   </div>
   <div class='ocr_carea' id='block_1_58' title="bbox 1893 1441 3476 1516">
    <p class='ocr_par' dir='ltr' id='par_1_58' title="bbox 1893 1441 3476 1516">
     <span class='ocr_line' id='line_1_58' title="bbox 1893 1441 3476 1516; baseline -0.008 -15"><span class='ocrx_word' id='word_1_444' title='bbox 1893 1447 2068 1510; x_wconf 86' lang='lat' dir='ltr'><strong>rium,</strong></span> <span class='ocrx_word' id='word_1_445' title='bbox 2101 1463 2212 1516; x_wconf 91' lang='lat' dir='ltr'><strong>quo</strong></span> <span class='ocrx_word' id='word_1_446' title='bbox 2252 1448 2426 1500; x_wconf 88' lang='lat' dir='ltr'><strong>multo</strong></span> <span class='ocrx_word' id='word_1_447' title='bbox 2463 1445 2622 1514; x_wconf 84' lang='lat' dir='ltr'><strong>pejus</strong></span> <span class='ocrx_word' id='word_1_448' title='bbox 2661 1444 2927 1498; x_wconf 87' lang='lat' dir='ltr'><strong>sentiunt.</strong></span> <span class='ocrx_word' id='word_1_449' title='bbox 2963 1441 3061 1496; x_wconf 85' lang='lat' dir='ltr'><strong>Ast</strong></span> <span class='ocrx_word' id='word_1_450' title='bbox 3101 1455 3212 1493; x_wconf 91' lang='lat' dir='ltr'><strong>non</strong></span> <span class='ocrx_word' id='word_1_451' title='bbox 3255 1450 3476 1504; x_wconf 82' lang='lat' dir='ltr'><strong>semper</strong></span> 
     </span>
    </p>
   </div>
   <div class='ocr_carea' id='block_1_59' title="bbox 1893 1522 3475 1601">
    <p class='ocr_par' dir='ltr' id='par_1_59' title="bbox 1893 1522 3475 1601">
     <span class='ocr_line' id='line_1_59' title="bbox 1893 1522 3475 1601; baseline -0.009 -8"><span class='ocrx_word' id='word_1_452' title='bbox 1893 1546 2076 1593; x_wconf 84' lang='lat' dir='ltr'><strong>servat</strong></span> <span class='ocrx_word' id='word_1_453' title='bbox 2098 1552 2187 1592; x_wconf 90' lang='lat' dir='ltr'><strong>res</strong></span> <span class='ocrx_word' id='word_1_454' title='bbox 2215 1537 2354 1591; x_wconf 86' lang='lat' dir='ltr'><strong>citra</strong></span> <span class='ocrx_word' id='word_1_455' title='bbox 2388 1535 2766 1590; x_wconf 81' lang='lat' dir='ltr'><strong>confusionem</strong></span> <span class='ocrx_word' id='word_1_456' title='bbox 2798 1547 2863 1587; x_wconf 91' lang='lat' dir='ltr'><strong>ea</strong></span> <span class='ocrx_word' id='word_1_457' title='bbox 2889 1547 2920 1586; x_wconf 93' lang='lat' dir='ltr'><strong>e</strong></span> <span class='ocrx_word' id='word_1_458' title='bbox 2952 1530 3156 1601; x_wconf 86' lang='lat' dir='ltr'><strong>quibus</strong></span> <span class='ocrx_word' id='word_1_459' title='bbox 3187 1522 3475 1596; x_wconf 87' lang='lat' dir='ltr'><strong>componi-</strong></span> 
     </span>
    </p>
   </div>
   <div class='ocr_carea' id='block_1_60' title="bbox 1895 1618 3472 1696">
    <p class='ocr_par' dir='ltr' id='par_1_60' title="bbox 1895 1618 3472 1696">
     <span class='ocr_line' id='line_1_60' title="bbox 1895 1618 3472 1696; baseline -0.01 -12"><span class='ocrx_word' id='word_1_460' title='bbox 1895 1639 2014 1694; x_wconf 87' lang='lat' dir='ltr'><strong>tur;</strong></span> <span class='ocrx_word' id='word_1_461' title='bbox 2059 1645 2187 1684; x_wconf 88' lang='lat' dir='ltr'><strong>nam</strong></span> <span class='ocrx_word' id='word_1_462' title='bbox 2223 1629 2411 1682; x_wconf 90' lang='lat' dir='ltr'><strong>vinum</strong></span> <span class='ocrx_word' id='word_1_463' title='bbox 2444 1636 2501 1682; x_wconf 93' lang='lat' dir='ltr'><strong>et</strong></span> <span class='ocrx_word' id='word_1_464' title='bbox 2533 1641 2673 1696; x_wconf 90' lang='lat' dir='ltr'><strong>aqua</strong></span> <span class='ocrx_word' id='word_1_465' title='bbox 2709 1622 3099 1693; x_wconf 89' lang='lat' dir='ltr'><strong>conjunctione</strong></span> <span class='ocrx_word' id='word_1_466' title='bbox 3136 1618 3472 1680; x_wconf 89' lang='lat' dir='ltr'><strong>miscentur;</strong></span> 
     </span>
    </p>
   </div>
   <div class='ocr_carea' id='block_1_61' title="bbox 1895 1712 3476 1790">
    <p class='ocr_par' dir='ltr' id='par_1_61' title="bbox 1895 1712 3476 1790">
     <span class='ocr_line' id='line_1_61' title="bbox 1895 1712 3476 1790; baseline -0.008 -14"><span class='ocrx_word' id='word_1_467' title='bbox 1895 1724 1968 1776; x_wconf 88' lang='lat' dir='ltr'><strong>ita</strong></span> <span class='ocrx_word' id='word_1_468' title='bbox 1991 1729 2046 1775; x_wconf 91' lang='lat' dir='ltr'><strong>et</strong></span> <span class='ocrx_word' id='word_1_469' title='bbox 2069 1729 2354 1790; x_wconf 73' lang='lat' dir='ltr'><strong>argentum</strong></span> <span class='ocrx_word' id='word_1_470' title='bbox 2380 1735 2442 1774; x_wconf 90' lang='lat' dir='ltr'><strong>ac</strong></span> <span class='ocrx_word' id='word_1_471' title='bbox 2469 1733 2666 1774; x_wconf 89' lang='lat' dir='ltr'><strong>aurum</strong></span> <span class='ocrx_word' id='word_1_472' title='bbox 2699 1716 2752 1771; x_wconf 89' lang='lat' dir='ltr'><strong>in</strong></span> <span class='ocrx_word' id='word_1_473' title='bbox 2779 1716 3020 1770; x_wconf 81' lang='lat' dir='ltr'><strong>fornace.</strong></span> <span class='ocrx_word' id='word_1_474' title='bbox 3045 1712 3158 1767; x_wconf 81' lang='lat' dir='ltr'><strong>Nec</strong></span> <span class='ocrx_word' id='word_1_475' title='bbox 3181 1723 3476 1780; x_wconf 79' lang='lat' dir='ltr'><strong>cognosce-</strong></span> 
     </span>
    </p>
   </div>
   <div class='ocr_carea' id='block_1_62' title="bbox 1894 1800 3477 1881">
    <p class='ocr_par' dir='ltr' id='par_1_62' title="bbox 1894 1800 3477 1881">
     <span class='ocr_line' id='line_1_62' title="bbox 1894 1800 3477 1881; baseline -0.01 -13"><span class='ocrx_word' id='word_1_476' title='bbox 1894 1823 1984 1868; x_wconf 92' lang='lat' dir='ltr'><strong>tur</strong></span> <span class='ocrx_word' id='word_1_477' title='bbox 2003 1829 2033 1868; x_wconf 91' lang='lat' dir='ltr'><strong>e</strong></span> <span class='ocrx_word' id='word_1_478' title='bbox 2059 1813 2278 1868; x_wconf 90' lang='lat' dir='ltr'><strong>duobus</strong></span> <span class='ocrx_word' id='word_1_479' title='bbox 2301 1827 2423 1866; x_wconf 85' lang='lat' dir='ltr'><strong>esse</strong></span> <span class='ocrx_word' id='word_1_480' title='bbox 2447 1811 2590 1881; x_wconf 86' lang='lat' dir='ltr'><strong>quod</strong></span> <span class='ocrx_word' id='word_1_481' title='bbox 2613 1825 2643 1864; x_wconf 90' lang='lat' dir='ltr'><strong>e</strong></span> <span class='ocrx_word' id='word_1_482' title='bbox 2668 1808 2886 1863; x_wconf 92' lang='lat' dir='ltr'><strong>duobus</strong></span> <span class='ocrx_word' id='word_1_483' title='bbox 2908 1814 3013 1869; x_wconf 91' lang='lat' dir='ltr'><strong>est,</strong></span> <span class='ocrx_word' id='word_1_484' title='bbox 3037 1803 3142 1858; x_wconf 90' lang='lat' dir='ltr'><strong>nisi</strong></span> <span class='ocrx_word' id='word_1_485' title='bbox 3171 1809 3296 1871; x_wconf 91' lang='lat' dir='ltr'><strong>post</strong></span> <span class='ocrx_word' id='word_1_486' title='bbox 3316 1800 3477 1854; x_wconf 86' lang='lat' dir='ltr'><strong>unio-</strong></span> 
     </span>
    </p>
   </div>
   <div class='ocr_carea' id='block_1_63' title="bbox 1892 1893 3478 1968">
    <p class='ocr_par' dir='ltr' id='par_1_63' title="bbox 1892 1893 3478 1968">
     <span class='ocr_line' id='line_1_63' title="bbox 1892 1893 3478 1968; baseline -0.011 -7"><span class='ocrx_word' id='word_1_487' title='bbox 1892 1922 2016 1960; x_wconf 90' lang='lat' dir='ltr'><strong>nem</strong></span> <span class='ocrx_word' id='word_1_488' title='bbox 2043 1914 2098 1960; x_wconf 87' lang='lat' dir='ltr'><strong>et</strong></span> <span class='ocrx_word' id='word_1_489' title='bbox 2119 1905 2350 1960; x_wconf 75' lang='lat' dir='ltr'><strong>eﬁ‘ectus</strong></span> <span class='ocrx_word' id='word_1_490' title='bbox 2375 1919 2438 1958; x_wconf 89' lang='lat' dir='ltr'><strong>ea</strong></span> <span class='ocrx_word' id='word_1_491' title='bbox 2468 1903 2726 1956; x_wconf 85' lang='lat' dir='ltr'><strong>retineat.</strong></span> <span class='ocrx_word' id='word_1_492' title='bbox 2745 1901 2820 1954; x_wconf 90' lang='lat' dir='ltr'><strong>De</strong></span> <span class='ocrx_word' id='word_1_493' title='bbox 2845 1893 3262 1968; x_wconf 88' lang='lat' dir='ltr'><strong>operationibus</strong></span> <span class='ocrx_word' id='word_1_494' title='bbox 3289 1900 3478 1946; x_wconf 85' lang='lat' dir='ltr'><strong>autem</strong></span> 
     </span>
    </p>
   </div>
   <div class='ocr_carea' id='block_1_64' title="bbox 1891 1982 3475 2068">
    <p class='ocr_par' dir='ltr' id='par_1_64' title="bbox 1891 1982 3475 2068">
     <span class='ocr_line' id='line_1_64' title="bbox 1891 1982 3475 2068; baseline -0.01 -16"><span class='ocrx_word' id='word_1_495' title='bbox 1891 2007 1946 2052; x_wconf 90' lang='lat' dir='ltr'><strong>et</strong></span> <span class='ocrx_word' id='word_1_496' title='bbox 1976 1997 2410 2068; x_wconf 85' lang='lat' dir='ltr'><strong>proprietatibus</strong></span> <span class='ocrx_word' id='word_1_497' title='bbox 2442 2010 2607 2065; x_wconf 92' lang='lat' dir='ltr'><strong>quam</strong></span> <span class='ocrx_word' id='word_1_498' title='bbox 2639 1993 2859 2047; x_wconf 88' lang='lat' dir='ltr'><strong>diversa</strong></span> <span class='ocrx_word' id='word_1_499' title='bbox 2889 1989 3092 2043; x_wconf 84' lang='lat' dir='ltr'><strong>sentiat</strong></span> <span class='ocrx_word' id='word_1_500' title='bbox 3119 1982 3475 2040; x_wconf 85' lang='lat' dir='ltr'><strong>multiformis</strong></span> 
     </span>
    </p>
   </div>
   <div class='ocr_carea' id='block_1_65' title="bbox 1891 2069 3477 2152">
    <p class='ocr_par' dir='ltr' id='par_1_65' title="bbox 1891 2069 3477 2152">
     <span class='ocr_line' id='line_1_65' title="bbox 1891 2069 3477 2152; baseline -0.01 -10"><span class='ocrx_word' id='word_1_501' title='bbox 1891 2087 2148 2152; x_wconf 88' lang='lat' dir='ltr'><strong>Severus,</strong></span> <span class='ocrx_word' id='word_1_502' title='bbox 2188 2101 2336 2140; x_wconf 90' lang='lat' dir='ltr'><strong>nunc</strong></span> <span class='ocrx_word' id='word_1_503' title='bbox 2372 2099 2470 2138; x_wconf 89' lang='lat' dir='ltr'><strong>eos</strong></span> <span class='ocrx_word' id='word_1_504' title='bbox 2505 2082 2771 2136; x_wconf 90' lang='lat' dir='ltr'><strong>damnans</strong></span> <span class='ocrx_word' id='word_1_505' title='bbox 2805 2078 2899 2149; x_wconf 90' lang='lat' dir='ltr'><strong>qui</strong></span> <span class='ocrx_word' id='word_1_506' title='bbox 2923 2077 3043 2133; x_wconf 86' lang='lat' dir='ltr'><strong>illas</strong></span> <span class='ocrx_word' id='word_1_507' title='bbox 3077 2069 3298 2136; x_wconf 81' lang='lat' dir='ltr'><strong>dicunt,</strong></span> <span class='ocrx_word' id='word_1_508' title='bbox 3327 2085 3477 2126; x_wconf 82' lang='lat' dir='ltr'><strong>nunc</strong></span> 
     </span>
    </p>
   </div>
   <div class='ocr_carea' id='block_1_66' title="bbox 1893 2164 3474 2249">
    <p class='ocr_par' dir='ltr' id='par_1_66' title="bbox 1893 2164 3474 2249">
     <span class='ocr_line' id='line_1_66' title="bbox 1893 2164 3474 2249; baseline -0.01 -17"><span class='ocrx_word' id='word_1_509' title='bbox 1893 2179 2016 2234; x_wconf 89' lang='lat' dir='ltr'><strong>illas</strong></span> <span class='ocrx_word' id='word_1_510' title='bbox 2065 2179 2181 2249; x_wconf 89' lang='lat' dir='ltr'><strong>ipse</strong></span> <span class='ocrx_word' id='word_1_511' title='bbox 2229 2177 2534 2238; x_wconf 80' lang='lat' dir='ltr'><strong>confitens,</strong></span> <span class='ocrx_word' id='word_1_512' title='bbox 2575 2178 2919 2243; x_wconf 87' lang='lat' dir='ltr'><strong>cognoscunt</strong></span> <span class='ocrx_word' id='word_1_513' title='bbox 2961 2169 3056 2239; x_wconf 93' lang='lat' dir='ltr'><strong>qui</strong></span> <span class='ocrx_word' id='word_1_514' title='bbox 3105 2165 3326 2235; x_wconf 65' lang='lat' dir='ltr'><strong>scripta,</strong></span> <span class='ocrx_word' id='word_1_515' title='bbox 3355 2164 3474 2234; x_wconf 81' lang='lat' dir='ltr'><strong>ejus</strong></span> 
     </span>
    </p>
   </div>
   <div class='ocr_carea' id='block_1_67' title="bbox 1891 2257 3473 2337">
    <p class='ocr_par' dir='ltr' id='par_1_67' title="bbox 1891 2257 3473 2337">
     <span class='ocr_line' id='line_1_67' title="bbox 1891 2257 3473 2337; baseline -0.01 -12"><span class='ocrx_word' id='word_1_516' title='bbox 1891 2271 2138 2325; x_wconf 80' lang='lat' dir='ltr'><strong>veritatis</strong></span> <span class='ocrx_word' id='word_1_517' title='bbox 2164 2268 2348 2324; x_wconf 88' lang='lat' dir='ltr'><strong>studio</strong></span> <span class='ocrx_word' id='word_1_518' title='bbox 2371 2268 2580 2337; x_wconf 88' lang='lat' dir='ltr'><strong>legunt.</strong></span> <span class='ocrx_word' id='word_1_519' title='bbox 2603 2265 2720 2320; x_wconf 87' lang='lat' dir='ltr'><strong>Jam</strong></span> <span class='ocrx_word' id='word_1_520' title='bbox 2745 2261 2947 2318; x_wconf 87' lang='lat' dir='ltr'><strong>novisti</strong></span> <span class='ocrx_word' id='word_1_521' title='bbox 2975 2257 3254 2330; x_wconf 91' lang='lat' dir='ltr'><strong>quomodo</strong></span> <span class='ocrx_word' id='word_1_522' title='bbox 3279 2257 3473 2312; x_wconf 87' lang='lat' dir='ltr'><strong>Patres</strong></span> 
     </span>
    </p>
   </div>
   <div class='ocr_carea' id='block_1_68' title="bbox 1893 2350 3494 2431">
    <p class='ocr_par' dir='ltr' id='par_1_68' title="bbox 1893 2350 3494 2431">
     <span class='ocr_line' id='line_1_68' title="bbox 1893 2350 3494 2431; baseline -0.009 -13"><span class='ocrx_word' id='word_1_523' title='bbox 1893 2361 2038 2418; x_wconf 90' lang='lat' dir='ltr'><strong>dicat</strong></span> <span class='ocrx_word' id='word_1_524' title='bbox 2055 2361 2260 2431; x_wconf 89' lang='lat' dir='ltr'><strong>absque</strong></span> <span class='ocrx_word' id='word_1_525' title='bbox 2277 2359 2704 2430; x_wconf 86' lang='lat' dir='ltr'><strong>reprehensione</strong></span> <span class='ocrx_word' id='word_1_526' title='bbox 2727 2365 2783 2411; x_wconf 85' lang='lat' dir='ltr'><strong>et</strong></span> <span class='ocrx_word' id='word_1_527' title='bbox 2825 2353 3065 2410; x_wconf 91' lang='lat' dir='ltr'><strong>crimine.</strong></span> <span class='ocrx_word' id='word_1_528' title='bbox 3086 2365 3220 2405; x_wconf 91' lang='lat' dir='ltr'><strong>voce</strong></span> <span class='ocrx_word' id='word_1_529' title='bbox 3245 2350 3494 2407; x_wconf 17' lang='lat' dir='ltr'><strong>duarum.</strong></span> 
     </span>
    </p>
   </div>
   <div class='ocr_carea' id='block_1_69' title="bbox 1899 2439 3474 2518">
    <p class='ocr_par' dir='ltr' id='par_1_69' title="bbox 1899 2439 3474 2518">
     <span class='ocr_line' id='line_1_69' title="bbox 1899 2439 3474 2518; baseline -0.01 -8"><span class='ocrx_word' id='word_1_530' title='bbox 1899 2466 2219 2510; x_wconf 77' lang='lat' dir='ltr'><strong>naturarum</strong></span> <span class='ocrx_word' id='word_1_531' title='bbox 2288 2469 2410 2508; x_wconf 92' lang='lat' dir='ltr'><strong>esse</strong></span> <span class='ocrx_word' id='word_1_532' title='bbox 2482 2466 2642 2517; x_wconf 90' lang='lat' dir='ltr'><strong>usos;</strong></span> <span class='ocrx_word' id='word_1_533' title='bbox 2680 2449 2868 2504; x_wconf 89' lang='lat' dir='ltr'><strong>nescio</strong></span> <span class='ocrx_word' id='word_1_534' title='bbox 2907 2461 3072 2518; x_wconf 87' lang='lat' dir='ltr'><strong>quem</strong></span> <span class='ocrx_word' id='word_1_535' title='bbox 3111 2444 3284 2516; x_wconf 85' lang='lat' dir='ltr'><strong>magis</strong></span> <span class='ocrx_word' id='word_1_536' title='bbox 3323 2439 3474 2496; x_wconf 81' lang='lat' dir='ltr'><strong>deri—</strong></span> 
     </span>
    </p>
   </div>
   <div class='ocr_carea' id='block_1_70' title="bbox 1893 2536 3474 2616">
    <p class='ocr_par' dir='ltr' id='par_1_70' title="bbox 1893 2536 3474 2616">
     <span class='ocr_line' id='line_1_70' title="bbox 1893 2536 3474 2616; baseline -0.009 -15"><span class='ocrx_word' id='word_1_537' title='bbox 1893 2549 2072 2610; x_wconf 84' lang='lat' dir='ltr'><strong>deam,</strong></span> <span class='ocrx_word' id='word_1_538' title='bbox 2095 2549 2272 2616; x_wconf 86' lang='lat' dir='ltr'><strong>ipsum</strong></span> <span class='ocrx_word' id='word_1_539' title='bbox 2300 2553 2395 2600; x_wconf 88' lang='lat' dir='ltr'><strong>aut</strong></span> <span class='ocrx_word' id='word_1_540' title='bbox 2433 2544 2672 2598; x_wconf 87' lang='lat' dir='ltr'><strong>asseclas</strong></span> <span class='ocrx_word' id='word_1_541' title='bbox 2709 2541 2860 2611; x_wconf 88' lang='lat' dir='ltr'><strong>ejus;</strong></span> <span class='ocrx_word' id='word_1_542' title='bbox 2903 2553 3030 2592; x_wconf 91' lang='lat' dir='ltr'><strong>nam</strong></span> <span class='ocrx_word' id='word_1_543' title='bbox 3072 2536 3258 2606; x_wconf 89' lang='lat' dir='ltr'><strong>inepte</strong></span> <span class='ocrx_word' id='word_1_544' title='bbox 3281 2548 3474 2588; x_wconf 86' lang='lat' dir='ltr'><strong>vocem</strong></span> 
     </span>
    </p>
   </div>
   <div class='ocr_carea' id='block_1_71' title="bbox 1894 2626 3474 2706">
    <p class='ocr_par' dir='ltr' id='par_1_71' title="bbox 1894 2626 3474 2706">
     <span class='ocr_line' id='line_1_71' title="bbox 1894 2626 3474 2706; baseline -0.009 -10"><span class='ocrx_word' id='word_1_545' title='bbox 1894 2641 2171 2704; x_wconf 79' lang='lat' dir='ltr'><strong>attollens,</strong></span> <span class='ocrx_word' id='word_1_546' title='bbox 2211 2639 2401 2695; x_wconf 83' lang='lat' dir='ltr'><strong>Patres</strong></span> <span class='ocrx_word' id='word_1_547' title='bbox 2434 2638 2700 2706; x_wconf 86' lang='lat' dir='ltr'><strong>increpat,</strong></span> <span class='ocrx_word' id='word_1_548' title='bbox 2718 2633 2863 2705; x_wconf 92' lang='lat' dir='ltr'><strong>quod</strong></span> <span class='ocrx_word' id='word_1_549' title='bbox 2881 2633 3074 2690; x_wconf 86' lang='lat' dir='ltr'><strong>eadem</strong></span> <span class='ocrx_word' id='word_1_550' title='bbox 3091 2637 3223 2685; x_wconf 86' lang='lat' dir='ltr'><strong>sunt</strong></span> <span class='ocrx_word' id='word_1_551' title='bbox 3237 2626 3474 2685; x_wconf 89' lang='lat' dir='ltr'><strong>confessi</strong></span> 
     </span>
    </p>
   </div>
   <div class='ocr_carea' id='block_1_72' title="bbox 1895 2733 2166 2803">
    <p class='ocr_par' dir='ltr' id='par_1_72' title="bbox 1895 2733 2166 2803">
     <span class='ocr_line' id='line_1_72' title="bbox 1895 2733 2166 2803; baseline -0.004 -18"><span class='ocrx_word' id='word_1_552' title='bbox 1895 2749 2016 2803; x_wconf 74' lang='lat' dir='ltr'><strong>qua:</strong></span> <span class='ocrx_word' id='word_1_553' title='bbox 2044 2733 2166 2802; x_wconf 91' lang='lat' dir='ltr'><strong>ipsi.</strong></span> 
     </span>
    </p>
   </div>
   <div class='ocr_carea' id='block_1_73' title="bbox 1965 2900 3486 2977">
    <p class='ocr_par' dir='ltr' id='par_1_73' title="bbox 1965 2900 3486 2977">
     <span class='ocr_line' id='line_1_73' title="bbox 1965 2900 3486 2977; baseline -0.006 -14"><span class='ocrx_word' id='word_1_554' title='bbox 1965 2911 2204 2964; x_wconf 84' lang='lat' dir='ltr'><strong>Joannes</strong></span> <span class='ocrx_word' id='word_1_555' title='bbox 2262 2907 2651 2977; x_wconf 85' lang='lat' dir='ltr'><strong>grammaticus</strong></span> <span class='ocrx_word' id='word_1_556' title='bbox 2710 2905 2890 2960; x_wconf 90' lang='lat' dir='ltr'><strong>locum</strong></span> <span class='ocrx_word' id='word_1_557' title='bbox 2965 2904 3122 2958; x_wconf 88' lang='lat' dir='ltr'><strong>hunc</strong></span> <span class='ocrx_word' id='word_1_558' title='bbox 3169 2900 3486 2971; x_wconf 72' lang='lat' dir='ltr'><strong>protulerat</strong></span> 
     </span>
    </p>
   </div>
   <div class='ocr_carea' id='block_1_74' title="bbox 1897 2991 3477 3070">
    <p class='ocr_par' dir='ltr' id='par_1_74' title="bbox 1897 2991 3477 3070">
     <span class='ocr_line' id='line_1_74' title="bbox 1897 2991 3477 3070; baseline -0.005 -16"><span class='ocrx_word' id='word_1_559' title='bbox 1897 3001 2041 3054; x_wconf 89' lang='lat' dir='ltr'><strong>beati</strong></span> <span class='ocrx_word' id='word_1_560' title='bbox 2071 3000 2439 3070; x_wconf 78' lang='lat' dir='ltr'><strong>Amphilochii</strong></span> <span class='ocrx_word' id='word_1_561' title='bbox 2467 3015 2533 3054; x_wconf 80' lang='lat' dir='ltr'><strong>ex</strong></span> <span class='ocrx_word' id='word_1_562' title='bbox 2564 3013 2819 3054; x_wconf 89' lang='lat' dir='ltr'><strong>sermone</strong></span> <span class='ocrx_word' id='word_1_563' title='bbox 2850 2999 2972 3069; x_wconf 89' lang='lat' dir='ltr'><strong>ejus</strong></span> <span class='ocrx_word' id='word_1_564' title='bbox 3003 2996 3060 3050; x_wconf 89' lang='lat' dir='ltr'><strong>in</strong></span> <span class='ocrx_word' id='word_1_565' title='bbox 3093 2993 3228 3050; x_wconf 89' lang='lat' dir='ltr'><strong>illud</strong></span> <span class='ocrx_word' id='word_1_566' title='bbox 3265 3012 3279 3048; x_wconf 89' lang='lat'><strong>:</strong></span> <span class='ocrx_word' id='word_1_567' title='bbox 3311 2991 3477 3047; x_wconf 83' lang='lat' dir='ltr'><strong>Pater</strong></span> 
     </span>
    </p>
   </div>
   <div class='ocr_carea' id='block_1_75' title="bbox 1897 3085 3478 3162">
    <p class='ocr_par' dir='ltr' id='par_1_75' title="bbox 1897 3085 3478 3162">
     <span class='ocr_line' id='line_1_75' title="bbox 1897 3085 3478 3162; baseline -0.004 -19"><span class='ocrx_word' id='word_1_568' title='bbox 1897 3093 1985 3162; x_wconf 79' lang='lat' dir='ltr'><strong>qui</strong></span> <span class='ocrx_word' id='word_1_569' title='bbox 2016 3093 2157 3144; x_wconf 79' lang='lat' dir='ltr'><strong>misit</strong></span> <span class='ocrx_word' id='word_1_570' title='bbox 2187 3107 2288 3155; x_wconf 82' lang='lat' dir='ltr'><strong>me,</strong></span> <span class='ocrx_word' id='word_1_571' title='bbox 2315 3091 2489 3159; x_wconf 88' lang='lat' dir='ltr'><strong>major</strong></span> <span class='ocrx_word' id='word_1_572' title='bbox 2513 3106 2594 3143; x_wconf 82' lang='lat' dir='ltr'><strong>me</strong></span> <span class='ocrx_word' id='word_1_573' title='bbox 2624 3096 2722 3152; x_wconf 79' lang='lat' dir='ltr'><strong>est,</strong></span> <span class='ocrx_word' id='word_1_574' title='bbox 2747 3088 3120 3156; x_wconf 85' lang='lat' dir='ltr'><strong>desumptum.</strong></span> <span class='ocrx_word' id='word_1_575' title='bbox 3159 3103 3178 3136; x_wconf 79' lang='grc' dir='ltr'><strong>ι</strong></span> <span class='ocrx_word' id='word_1_576' title='bbox 3210 3085 3478 3139; x_wconf 88' lang='lat' dir='ltr'><strong>Discerne</strong></span> 
     </span>
    </p>
   </div>
   <div class='ocr_carea' id='block_1_76' title="bbox 1898 3178 3475 3248">
    <p class='ocr_par' dir='ltr' id='par_1_76' title="bbox 1898 3178 3475 3248">
     <span class='ocr_line' id='line_1_76' title="bbox 1898 3178 3475 3248; baseline -0.004 -12"><span class='ocrx_word' id='word_1_577' title='bbox 1898 3183 1965 3238; x_wconf 92' lang='lat' dir='ltr'><strong>de</strong></span> <span class='ocrx_word' id='word_1_578' title='bbox 2012 3191 2211 3237; x_wconf 75' lang='lat' dir='ltr'><strong>czntero</strong></span> <span class='ocrx_word' id='word_1_579' title='bbox 2256 3191 2499 3248; x_wconf 89' lang='lat' dir='ltr'><strong>naturas,</strong></span> <span class='ocrx_word' id='word_1_580' title='bbox 2530 3181 2775 3235; x_wconf 88' lang='lat' dir='ltr'><strong>divinam</strong></span> <span class='ocrx_word' id='word_1_581' title='bbox 2822 3186 2878 3234; x_wconf 89' lang='lat' dir='ltr'><strong>et</strong></span> <span class='ocrx_word' id='word_1_582' title='bbox 2921 3178 3258 3232; x_wconf 84' lang='lat' dir='ltr'><strong>humanam:</strong></span> <span class='ocrx_word' id='word_1_583' title='bbox 3294 3189 3475 3244; x_wconf 88' lang='lat' dir='ltr'><strong>neque</strong></span> 
     </span>
    </p>
   </div>
   <div class='ocr_carea' id='block_1_77' title="bbox 1897 3265 3476 3342">
    <p class='ocr_par' dir='ltr' id='par_1_77' title="bbox 1897 3265 3476 3342">
     <span class='ocr_line' id='line_1_77' title="bbox 1897 3265 3476 3342; baseline -0.006 -15"><span class='ocrx_word' id='word_1_584' title='bbox 1897 3273 2044 3328; x_wconf 89' lang='lat' dir='ltr'><strong>enim</strong></span> <span class='ocrx_word' id='word_1_585' title='bbox 2097 3273 2382 3342; x_wconf 80' lang='lat' dir='ltr'><strong>dignitatis</strong></span> <span class='ocrx_word' id='word_1_586' title='bbox 2438 3271 2826 3326; x_wconf 87' lang='lat' dir='ltr'><strong>imminutione</strong></span> <span class='ocrx_word' id='word_1_587' title='bbox 2883 3285 2949 3324; x_wconf 83' lang='lat' dir='ltr'><strong>ex</strong></span> <span class='ocrx_word' id='word_1_588' title='bbox 3001 3269 3115 3323; x_wconf 92' lang='lat' dir='ltr'><strong>Deo</strong></span> <span class='ocrx_word' id='word_1_589' title='bbox 3164 3265 3340 3322; x_wconf 88' lang='lat' dir='ltr'><strong>factus</strong></span> <span class='ocrx_word' id='word_1_590' title='bbox 3390 3273 3476 3319; x_wconf 89' lang='lat' dir='ltr'><strong>est</strong></span> 
     </span>
    </p>
   </div>
   <div class='ocr_carea' id='block_1_78' title="bbox 1897 3357 3473 3433">
    <p class='ocr_par' dir='ltr' id='par_1_78' title="bbox 1897 3357 3473 3433">
     <span class='ocr_line' id='line_1_78' title="bbox 1897 3357 3473 3433; baseline -0.006 -16"><span class='ocrx_word' id='word_1_591' title='bbox 1897 3365 2099 3427; x_wconf 91' lang='lat' dir='ltr'><strong>homo,</strong></span> <span class='ocrx_word' id='word_1_592' title='bbox 2157 3378 2338 3433; x_wconf 87' lang='lat' dir='ltr'><strong>neque</strong></span> <span class='ocrx_word' id='word_1_593' title='bbox 2403 3362 2687 3432; x_wconf 79' lang='lat' dir='ltr'><strong>dignitatis</strong></span> <span class='ocrx_word' id='word_1_594' title='bbox 2747 3361 3064 3416; x_wconf 86' lang='lat' dir='ltr'><strong>accessione</strong></span> <span class='ocrx_word' id='word_1_595' title='bbox 3121 3373 3190 3413; x_wconf 80' lang='lat' dir='ltr'><strong>ex</strong></span> <span class='ocrx_word' id='word_1_596' title='bbox 3249 3357 3473 3411; x_wconf 83' lang='lat' dir='ltr'><strong>homine</strong></span> 
     </span>
    </p>
   </div>
   <div class='ocr_carea' id='block_1_79' title="bbox 1897 3445 3475 3520">
    <p class='ocr_par' dir='ltr' id='par_1_79' title="bbox 1897 3445 3475 3520">
     <span class='ocr_line' id='line_1_79' title="bbox 1897 3445 3475 3520; baseline -0.005 -14"><span class='ocrx_word' id='word_1_597' title='bbox 1897 3452 2041 3506; x_wconf 92' lang='lat' dir='ltr'><strong>Deus</strong></span> <span class='ocrx_word' id='word_1_598' title='bbox 2080 3451 2178 3520; x_wconf 71' lang='grc' dir='ltr'><strong>(ι).</strong></span> <span class='ocrx_word' id='word_1_599' title='bbox 2211 3452 2382 3506; x_wconf 90' lang='lat' dir='ltr'><strong>Deum</strong></span> <span class='ocrx_word' id='word_1_600' title='bbox 2416 3460 2474 3506; x_wconf 93' lang='lat' dir='ltr'><strong>et</strong></span> <span class='ocrx_word' id='word_1_601' title='bbox 2507 3451 2788 3506; x_wconf 89' lang='lat' dir='ltr'><strong>hominem</strong></span> <span class='ocrx_word' id='word_1_602' title='bbox 2831 3450 3052 3515; x_wconf 91' lang='lat' dir='ltr'><strong>dicens,</strong></span> <span class='ocrx_word' id='word_1_603' title='bbox 3088 3445 3310 3519; x_wconf 87' lang='lat' dir='ltr'><strong>quando</strong></span> <span class='ocrx_word' id='word_1_604' title='bbox 3350 3460 3475 3515; x_wconf 81' lang='lat' dir='ltr'><strong>pas-</strong></span> 
     </span>
    </p>
   </div>
   <div class='ocr_carea' id='block_1_80' title="bbox 1895 3541 3475 3606">
    <p class='ocr_par' dir='ltr' id='par_1_80' title="bbox 1895 3541 3475 3606">
     <span class='ocr_line' id='line_1_80' title="bbox 1895 3541 3475 3606; baseline -0.004 -8"><span class='ocrx_word' id='word_1_605' title='bbox 1895 3545 2081 3598; x_wconf 90' lang='lat' dir='ltr'><strong>siones</strong></span> <span class='ocrx_word' id='word_1_606' title='bbox 2121 3544 2270 3596; x_wconf 89' lang='lat' dir='ltr'><strong>carni</strong></span> <span class='ocrx_word' id='word_1_607' title='bbox 2309 3553 2365 3597; x_wconf 89' lang='lat' dir='ltr'><strong>et</strong></span> <span class='ocrx_word' id='word_1_608' title='bbox 2411 3543 2675 3598; x_wconf 87' lang='lat' dir='ltr'><strong>miracula</strong></span> <span class='ocrx_word' id='word_1_609' title='bbox 2714 3543 2826 3597; x_wconf 89' lang='lat' dir='ltr'><strong>Deo</strong></span> <span class='ocrx_word' id='word_1_610' title='bbox 2867 3541 3100 3606; x_wconf 87' lang='lat' dir='ltr'><strong>tribuis,</strong></span> <span class='ocrx_word' id='word_1_611' title='bbox 3128 3553 3352 3594; x_wconf 89' lang='lat' dir='ltr'><strong>necesse</strong></span> <span class='ocrx_word' id='word_1_612' title='bbox 3390 3547 3475 3592; x_wconf 88' lang='lat' dir='ltr'><strong>est</strong></span> 
     </span>
    </p>
   </div>
   <div class='ocr_carea' id='block_1_81' title="bbox 1897 3629 3476 3690">
    <p class='ocr_par' dir='ltr' id='par_1_81' title="bbox 1897 3629 3476 3690">
     <span class='ocr_line' id='line_1_81' title="bbox 1897 3629 3476 3690; baseline -0.004 -2"><span class='ocrx_word' id='word_1_613' title='bbox 1897 3643 1956 3688; x_wconf 91' lang='lat' dir='ltr'><strong>ut</strong></span> <span class='ocrx_word' id='word_1_614' title='bbox 1995 3636 2078 3688; x_wconf 90' lang='lat' dir='ltr'><strong>vel</strong></span> <span class='ocrx_word' id='word_1_615' title='bbox 2115 3635 2322 3689; x_wconf 83' lang='lat' dir='ltr'><strong>invitus</strong></span> <span class='ocrx_word' id='word_1_616' title='bbox 2356 3635 2594 3690; x_wconf 88' lang='lat' dir='ltr'><strong>humiles</strong></span> <span class='ocrx_word' id='word_1_617' title='bbox 2627 3648 2914 3690; x_wconf 88' lang='lat' dir='ltr'><strong>sermones</strong></span> <span class='ocrx_word' id='word_1_618' title='bbox 2946 3631 3159 3686; x_wconf 91' lang='lat' dir='ltr'><strong>homini</strong></span> <span class='ocrx_word' id='word_1_619' title='bbox 3199 3646 3268 3685; x_wconf 78' lang='lat' dir='ltr'><strong>ex</strong></span> <span class='ocrx_word' id='word_1_620' title='bbox 3303 3629 3476 3684; x_wconf 81' lang='lat' dir='ltr'><strong>Maria</strong></span> 
     </span>
    </p>
   </div>
   <div class='ocr_carea' id='block_1_82' title="bbox 1893 3721 3478 3790">
    <p class='ocr_par' dir='ltr' id='par_1_82' title="bbox 1893 3721 3478 3790">
     <span class='ocr_line' id='line_1_82' title="bbox 1893 3721 3478 3790; baseline -0.005 -10"><span class='ocrx_word' id='word_1_621' title='bbox 1893 3735 2023 3780; x_wconf 90' lang='lat' dir='ltr'><strong>nato</strong></span> <span class='ocrx_word' id='word_1_622' title='bbox 2051 3726 2294 3781; x_wconf 89' lang='lat' dir='ltr'><strong>ascribas</strong></span> <span class='ocrx_word' id='word_1_623' title='bbox 2329 3767 2342 3788; x_wconf 92' lang='lat'><strong>,</strong></span> <span class='ocrx_word' id='word_1_624' title='bbox 2368 3727 2634 3781; x_wconf 84' lang='lat' dir='ltr'><strong>sublimes</strong></span> <span class='ocrx_word' id='word_1_625' title='bbox 2657 3741 2791 3780; x_wconf 89' lang='lat' dir='ltr'><strong>vero</strong></span> <span class='ocrx_word' id='word_1_626' title='bbox 2817 3735 2872 3781; x_wconf 89' lang='lat' dir='ltr'><strong>et</strong></span> <span class='ocrx_word' id='word_1_627' title='bbox 2898 3725 3117 3778; x_wconf 88' lang='lat' dir='ltr'><strong>divinos</strong></span> <span class='ocrx_word' id='word_1_628' title='bbox 3148 3721 3308 3776; x_wconf 84' lang='lat' dir='ltr'><strong>Verba</strong></span> <span class='ocrx_word' id='word_1_629' title='bbox 3337 3721 3478 3790; x_wconf 77' lang='lat' dir='ltr'><strong>quod</strong></span> 
     </span>
    </p>
   </div>
   <div class='ocr_carea' id='block_1_83' title="bbox 1894 3813 3473 3888">
    <p class='ocr_par' dir='ltr' id='par_1_83' title="bbox 1894 3813 3473 3888">
     <span class='ocr_line' id='line_1_83' title="bbox 1894 3813 3473 3888; baseline -0.003 -18"><span class='ocrx_word' id='word_1_630' title='bbox 1894 3820 1948 3870; x_wconf 78' lang='lat' dir='ltr'><strong>in</strong></span> <span class='ocrx_word' id='word_1_631' title='bbox 1989 3819 2246 3888; x_wconf 80' lang='lat' dir='ltr'><strong>principio</strong></span> <span class='ocrx_word' id='word_1_632' title='bbox 2286 3829 2420 3872; x_wconf 84' lang='lat' dir='ltr'><strong>erat.</strong></span> <span class='ocrx_word' id='word_1_633' title='bbox 2457 3838 2474 3870; x_wconf 74' lang='grc' dir='ltr'><strong>ι</strong></span> <span class='ocrx_word' id='word_1_634' title='bbox 2520 3819 2692 3885; x_wconf 86' lang='lat' dir='ltr'><strong>Quem</strong></span> <span class='ocrx_word' id='word_1_635' title='bbox 2741 3819 2922 3872; x_wconf 91' lang='lat' dir='ltr'><strong>locum</strong></span> <span class='ocrx_word' id='word_1_636' title='bbox 2965 3817 3082 3886; x_wconf 91' lang='lat' dir='ltr'><strong>ipse</strong></span> <span class='ocrx_word' id='word_1_637' title='bbox 3123 3813 3473 3884; x_wconf 89' lang='lat' dir='ltr'><strong>interpretari</strong></span> 
     </span>
    </p>
   </div>
   <div class='ocr_carea' id='block_1_84' title="bbox 1893 3905 3474 3979">
    <p class='ocr_par' dir='ltr' id='par_1_84' title="bbox 1893 3905 3474 3979">
     <span class='ocr_line' id='line_1_84' title="bbox 1893 3905 3474 3979; baseline -0.001 -19"><span class='ocrx_word' id='word_1_638' title='bbox 1893 3917 2079 3978; x_wconf 82' lang='lat' dir='ltr'><strong>putat,</strong></span> <span class='ocrx_word' id='word_1_639' title='bbox 2118 3909 2367 3964; x_wconf 87' lang='lat' dir='ltr'><strong>incusato</strong></span> <span class='ocrx_word' id='word_1_640' title='bbox 2411 3911 2652 3976; x_wconf 86' lang='lat' dir='ltr'><strong>Joanne,</strong></span> <span class='ocrx_word' id='word_1_641' title='bbox 2685 3909 2837 3979; x_wconf 83' lang='lat' dir='ltr'><strong>quasi</strong></span> <span class='ocrx_word' id='word_1_642' title='bbox 2893 3922 3061 3978; x_wconf 89' lang='lat' dir='ltr'><strong>prave</strong></span> <span class='ocrx_word' id='word_1_643' title='bbox 3105 3907 3261 3961; x_wconf 91' lang='lat' dir='ltr'><strong>illum</strong></span> <span class='ocrx_word' id='word_1_644' title='bbox 3307 3905 3474 3959; x_wconf 84' lang='lat' dir='ltr'><strong>intel-</strong></span> 
     </span>
    </p>
   </div>
   <div class='ocr_carea' id='block_1_85' title="bbox 1891 3998 3477 4070">
    <p class='ocr_par' dir='ltr' id='par_1_85' title="bbox 1891 3998 3477 4070">
     <span class='ocr_line' id='line_1_85' title="bbox 1891 3998 3477 4070; baseline -0.002 -18"><span class='ocrx_word' id='word_1_645' title='bbox 1891 3999 2133 4053; x_wconf 85' lang='lat' dir='ltr'><strong>lexisset.</strong></span> <span class='ocrx_word' id='word_1_646' title='bbox 2167 4018 2183 4049; x_wconf 81' lang='grc' dir='ltr'><strong>ι</strong></span> <span class='ocrx_word' id='word_1_647' title='bbox 2215 4000 2333 4054; x_wconf 82' lang='lat' dir='ltr'><strong>Jam</strong></span> <span class='ocrx_word' id='word_1_648' title='bbox 2365 4000 2419 4054; x_wconf 87' lang='lat' dir='ltr'><strong>in</strong></span> <span class='ocrx_word' id='word_1_649' title='bbox 2449 4000 2740 4070; x_wconf 74' lang='lat' dir='ltr'><strong>prommio,</strong></span> <span class='ocrx_word' id='word_1_650' title='bbox 2763 4000 2859 4063; x_wconf 85' lang='lat' dir='ltr'><strong>ait,</strong></span> <span class='ocrx_word' id='word_1_651' title='bbox 2885 3998 3260 4070; x_wconf 86' lang='lat' dir='ltr'><strong>probavimus,</strong></span> <span class='ocrx_word' id='word_1_652' title='bbox 3284 4011 3477 4052; x_wconf 89' lang='lat' dir='ltr'><strong>omnes</strong></span> 
     </span>
    </p>
   </div>
   <div class='ocr_carea' id='block_1_86' title="bbox 1893 4087 3472 4161">
    <p class='ocr_par' dir='ltr' id='par_1_86' title="bbox 1893 4087 3472 4161">
     <span class='ocr_line' id='line_1_86' title="bbox 1893 4087 3472 4161; baseline -0.001 -18"><span class='ocrx_word' id='word_1_653' title='bbox 1893 4091 2114 4159; x_wconf 88' lang='lat' dir='ltr'><strong>pietatis</strong></span> <span class='ocrx_word' id='word_1_654' title='bbox 2135 4091 2393 4145; x_wconf 90' lang='lat' dir='ltr'><strong>doctores</strong></span> <span class='ocrx_word' id='word_1_655' title='bbox 2416 4092 2480 4145; x_wconf 89' lang='lat' dir='ltr'><strong>ad</strong></span> <span class='ocrx_word' id='word_1_656' title='bbox 2511 4092 2711 4161; x_wconf 91' lang='lat' dir='ltr'><strong>impios</strong></span> <span class='ocrx_word' id='word_1_657' title='bbox 2734 4091 2969 4145; x_wconf 86' lang='lat' dir='ltr'><strong>Arianos</strong></span> <span class='ocrx_word' id='word_1_658' title='bbox 2991 4089 3158 4144; x_wconf 84' lang='lat' dir='ltr'><strong>verba</strong></span> <span class='ocrx_word' id='word_1_659' title='bbox 3184 4087 3472 4150; x_wconf 87' lang='lat' dir='ltr'><strong>facientes,</strong></span> 
     </span>
    </p>
   </div>
   <div class='ocr_carea' id='block_1_87' title="bbox 1891 4177 3471 4249">
    <p class='ocr_par' dir='ltr' id='par_1_87' title="bbox 1891 4177 3471 4249">
     <span class='ocr_line' id='line_1_87' title="bbox 1891 4177 3471 4249; baseline -0.001 -17"><span class='ocrx_word' id='word_1_660' title='bbox 1891 4179 1987 4249; x_wconf 93' lang='lat' dir='ltr'><strong>qui</strong></span> <span class='ocrx_word' id='word_1_661' title='bbox 2027 4191 2214 4248; x_wconf 88' lang='lat' dir='ltr'><strong>spreta</strong></span> <span class='ocrx_word' id='word_1_662' title='bbox 2246 4181 2476 4235; x_wconf 79' lang='lat' dir='ltr'><strong>veritate</strong></span> <span class='ocrx_word' id='word_1_663' title='bbox 2509 4195 2796 4236; x_wconf 88' lang='lat' dir='ltr'><strong>sermones</strong></span> <span class='ocrx_word' id='word_1_664' title='bbox 2827 4180 3067 4235; x_wconf 85' lang='lat' dir='ltr'><strong>humiles</strong></span> <span class='ocrx_word' id='word_1_665' title='bbox 3104 4177 3471 4233; x_wconf 86' lang='lat' dir='ltr'><strong>incarnationi</strong></span> 
     </span>
    </p>
   </div>
   <div class='ocr_carea' id='block_1_88' title="bbox 1891 4269 3470 4344">
    <p class='ocr_par' dir='ltr' id='par_1_88' title="bbox 1891 4269 3470 4344">
     <span class='ocr_line' id='line_1_88' title="bbox 1891 4269 3470 4344; baseline -0.003 -20"><span class='ocrx_word' id='word_1_666' title='bbox 1891 4279 1947 4324; x_wconf 89' lang='lat' dir='ltr'><strong>et</strong></span> <span class='ocrx_word' id='word_1_667' title='bbox 1980 4272 2304 4326; x_wconf 61' lang='lat' dir='ltr'><strong>voluntariae</strong></span> <span class='ocrx_word' id='word_1_668' title='bbox 2339 4274 2649 4344; x_wconf 82' lang='lat' dir='ltr'><strong>paupertati</strong></span> <span class='ocrx_word' id='word_1_669' title='bbox 2685 4272 3078 4327; x_wconf 88' lang='lat' dir='ltr'><strong>convenientes</strong></span> <span class='ocrx_word' id='word_1_670' title='bbox 3109 4269 3177 4324; x_wconf 89' lang='lat' dir='ltr'><strong>ad</strong></span> <span class='ocrx_word' id='word_1_671' title='bbox 3211 4277 3470 4325; x_wconf 74' lang='lat' dir='ltr'><strong>aeternam</strong></span> 
     </span>
    </p>
   </div>
   <div class='ocr_carea' id='block_1_89' title="bbox 1891 4362 3473 4433">
    <p class='ocr_par' dir='ltr' id='par_1_89' title="bbox 1891 4362 3473 4433">
     <span class='ocr_line' id='line_1_89' title="bbox 1891 4362 3473 4433; baseline -0.004 -15"><span class='ocrx_word' id='word_1_672' title='bbox 1891 4362 2168 4433; x_wconf 89' lang='lat' dir='ltr'><strong>Unigeniti</strong></span> <span class='ocrx_word' id='word_1_673' title='bbox 2211 4365 2533 4428; x_wconf 86' lang='lat' dir='ltr'><strong>essentiam,</strong></span> <span class='ocrx_word' id='word_1_674' title='bbox 2565 4364 2632 4420; x_wconf 89' lang='lat' dir='ltr'><strong>ad</strong></span> <span class='ocrx_word' id='word_1_675' title='bbox 2669 4363 2872 4418; x_wconf 87' lang='lat' dir='ltr'><strong>nudam</strong></span> <span class='ocrx_word' id='word_1_676' title='bbox 2906 4371 2964 4418; x_wconf 93' lang='lat' dir='ltr'><strong>et</strong></span> <span class='ocrx_word' id='word_1_677' title='bbox 2993 4377 3159 4417; x_wconf 84' lang='lat' dir='ltr'><strong>carne</strong></span> <span class='ocrx_word' id='word_1_678' title='bbox 3191 4367 3473 4415; x_wconf 86' lang='lat' dir='ltr'><strong>carentem</strong></span> 
     </span>
    </p>
   </div>
   <div class='ocr_carea' id='block_1_90' title="bbox 1891 4452 3472 4522">
    <p class='ocr_par' dir='ltr' id='par_1_90' title="bbox 1891 4452 3472 4522">
     <span class='ocr_line' id='line_1_90' title="bbox 1891 4452 3472 4522; baseline -0.002 -16"><span class='ocrx_word' id='word_1_679' title='bbox 1891 4453 2238 4508; x_wconf 90' lang='lat' dir='ltr'><strong>divinitatem</strong></span> <span class='ocrx_word' id='word_1_680' title='bbox 2279 4456 2486 4519; x_wconf 82' lang='lat' dir='ltr'><strong>referre</strong></span> <span class='ocrx_word' id='word_1_681' title='bbox 2523 4456 2890 4520; x_wconf 86' lang='lat' dir='ltr'><strong>conabantur,</strong></span> <span class='ocrx_word' id='word_1_682' title='bbox 2923 4455 3066 4508; x_wconf 82' lang='lat' dir='ltr'><strong>hanc</strong></span> <span class='ocrx_word' id='word_1_683' title='bbox 3106 4454 3239 4522; x_wconf 82' lang='lat' dir='ltr'><strong>ipsis</strong></span> <span class='ocrx_word' id='word_1_684' title='bbox 3276 4452 3472 4521; x_wconf 83' lang='lat' dir='ltr'><strong>impie-</strong></span> 
     </span>
    </p>
   </div>
   <div class='ocr_carea' id='block_1_91' title="bbox 200 4537 1791 4616">
    <p class='ocr_par' dir='ltr' id='par_1_91' title="bbox 200 4543 1787 4614">
     <span class='ocr_line' id='line_1_91' title="bbox 200 4543 1787 4614; baseline 0.004 -23"><span class='ocrx_word' id='word_1_685' title='bbox 200 4557 406 4602; x_wconf 78' lang='grc' dir='ltr'>ποντας</span> <span class='ocrx_word' id='word_1_686' title='bbox 420 4544 712 4602; x_wconf 79' lang='grc' dir='ltr'>ταπεινοὺς</span> <span class='ocrx_word' id='word_1_687' title='bbox 738 4543 930 4611; x_wconf 84' lang='grc' dir='ltr'>λόγους</span> <span class='ocrx_word' id='word_1_688' title='bbox 957 4546 1052 4597; x_wconf 77' lang='grc' dir='ltr'><strong>καὶ</strong></span> <span class='ocrx_word' id='word_1_689' title='bbox 1083 4544 1232 4612; x_wconf 78' lang='grc' dir='ltr'>πάθη</span> <span class='ocrx_word' id='word_1_690' title='bbox 1262 4544 1398 4614; x_wconf 76' lang='grc' dir='ltr'>πρὸς</span> <span class='ocrx_word' id='word_1_691' title='bbox 1416 4545 1514 4613; x_wconf 78' lang='grc' dir='ltr'>τὴν</span> <span class='ocrx_word' id='word_1_692' title='bbox 1545 4543 1787 4614; x_wconf 79' lang='grc' dir='ltr'>προαιὼ-</span> 
     </span>
    </p>
   </div>
   <div class='ocr_carea' id='block_1_92' title="bbox 1893 4537 3470 4616">
    <p class='ocr_par' dir='ltr' id='par_1_92' title="bbox 1895 4545 3470 4616">
     <span class='ocr_line' id='line_1_92' title="bbox 1895 4545 3470 4616; baseline 0.001 -19"><span class='ocrx_word' id='word_1_693' title='bbox 1895 4553 2061 4599; x_wconf 87' lang='lat' dir='ltr'><strong>tatem</strong></span> <span class='ocrx_word' id='word_1_694' title='bbox 2103 4545 2320 4601; x_wconf 90' lang='lat' dir='ltr'><strong>crimini</strong></span> <span class='ocrx_word' id='word_1_695' title='bbox 2355 4549 2607 4602; x_wconf 84' lang='lat' dir='ltr'><strong>vertisse.</strong></span> <span class='ocrx_word' id='word_1_696' title='bbox 2639 4547 2906 4616; x_wconf 88' lang='lat' dir='ltr'><strong>Tempora</strong></span> <span class='ocrx_word' id='word_1_697' title='bbox 2944 4547 3033 4616; x_wconf 91' lang='lat' dir='ltr'><strong>pie</strong></span> <span class='ocrx_word' id='word_1_698' title='bbox 3067 4545 3470 4605; x_wconf 84' lang='lat' dir='ltr'><strong>distinxerunt,</strong></span> 
     </span>
    </p>
   </div>
   <div class='ocr_carea' id='block_1_93' title="bbox 199 4631 1789 4706">
    <p class='ocr_par' dir='ltr' id='par_1_93' title="bbox 199 4631 1789 4706">
     <span class='ocr_line' id='line_1_93' title="bbox 199 4631 1789 4706; baseline 0.003 -25"><span class='ocrx_word' id='word_1_699' title='bbox 199 4647 311 4682; x_wconf 79' lang='grc' dir='ltr'>νιον</span> <span class='ocrx_word' id='word_1_700' title='bbox 362 4631 606 4700; x_wconf 78' lang='grc' dir='ltr'>ὓπαρξιν</span> <span class='ocrx_word' id='word_1_701' title='bbox 661 4635 816 4702; x_wconf 79' lang='grc' dir='ltr'>ἄγειν</span> <span class='ocrx_word' id='word_1_702' title='bbox 874 4634 968 4687; x_wconf 84' lang='grc' dir='ltr'><strong>τοῦ</strong></span> <span class='ocrx_word' id='word_1_703' title='bbox 1014 4633 1402 4703; x_wconf 75' lang='grc' dir='ltr'>Μονογενοῦς,</span> <span class='ocrx_word' id='word_1_704' title='bbox 1441 4636 1537 4688; x_wconf 74' lang='grc' dir='ltr'><strong>καὶ</strong></span> <span class='ocrx_word' id='word_1_705' title='bbox 1575 4636 1789 4706; x_wconf 84' lang='grc' dir='ltr'>γυμνὴν</span> 
     </span>
    </p>
   </div>
   <div class='ocr_carea' id='block_1_94' title="bbox 200 4722 1788 4795">
    <p class='ocr_par' dir='ltr' id='par_1_94' title="bbox 200 4722 1788 4795">
     <span class='ocr_line' id='line_1_94' title="bbox 200 4722 1788 4795; baseline 0.005 -25"><span class='ocrx_word' id='word_1_706' title='bbox 200 4723 294 4773; x_wconf 59' lang='grc' dir='ltr'>καλ.</span> <span class='ocrx_word' id='word_1_707' title='bbox 326 4722 570 4790; x_wconf 77' lang='grc' dir='ltr'>ἀσαρκον</span> <span class='ocrx_word' id='word_1_708' title='bbox 604 4723 701 4794; x_wconf 78' lang='grc' dir='ltr'><strong>τὴν</strong></span> <span class='ocrx_word' id='word_1_709' title='bbox 732 4724 986 4794; x_wconf 77' lang='grc' dir='ltr'>θεότητα,</span> <span class='ocrx_word' id='word_1_710' title='bbox 1025 4724 1310 4795; x_wconf 79' lang='grc' dir='ltr'>διήλεγχον</span> <span class='ocrx_word' id='word_1_711' title='bbox 1331 4724 1511 4777; x_wconf 83' lang='grc' dir='ltr'>αὐτῶν</span> <span class='ocrx_word' id='word_1_712' title='bbox 1538 4723 1636 4795; x_wconf 85' lang='grc' dir='ltr'><strong>τὴν</strong></span> <span class='ocrx_word' id='word_1_713' title='bbox 1661 4727 1788 4778; x_wconf 84' lang='grc' dir='ltr'>ἀσέ-</span> 
     </span>
    </p>
   </div>
   <div class='ocr_carea' id='block_1_95' title="bbox 197 4813 1786 4888">
    <p class='ocr_par' dir='ltr' id='par_1_95' title="bbox 197 4813 1786 4888">
     <span class='ocr_line' id='line_1_95' title="bbox 197 4813 1786 4888; baseline 0.005 -25"><span class='ocrx_word' id='word_1_714' title='bbox 197 4814 357 4865; x_wconf 76' lang='grc' dir='ltr'>δειαν</span> <span class='ocrx_word' id='word_1_715' title='bbox 392 4813 725 4885; x_wconf 87' lang='grc' dir='ltr'>διαιροῦντες</span> <span class='ocrx_word' id='word_1_716' title='bbox 756 4817 881 4879; x_wconf 77' lang='grc' dir='ltr'>τοὺς</span> <span class='ocrx_word' id='word_1_717' title='bbox 909 4818 1136 4886; x_wconf 80' lang='grc' dir='ltr'>χρόνους</span> <span class='ocrx_word' id='word_1_718' title='bbox 1158 4817 1417 4881; x_wconf 75' lang='grc' dir='ltr'>εὐσεϐῶς,</span> <span class='ocrx_word' id='word_1_719' title='bbox 1451 4817 1575 4882; x_wconf 88' lang='grc' dir='ltr'>τούς</span> <span class='ocrx_word' id='word_1_720' title='bbox 1598 4835 1655 4870; x_wconf 90' lang='grc' dir='ltr'><strong>τε</strong></span> <span class='ocrx_word' id='word_1_721' title='bbox 1677 4819 1786 4888; x_wconf 81' lang='grc' dir='ltr'><strong>πρὸ</strong></span> 
     </span>
    </p>
   </div>
   <div class='ocr_carea' id='block_1_96' title="bbox 198 4904 1783 4980">
    <p class='ocr_par' dir='ltr' id='par_1_96' title="bbox 198 4904 1783 4980">
     <span class='ocr_line' id='line_1_96' title="bbox 198 4904 1783 4980; baseline 0.003 -25"><span class='ocrx_word' id='word_1_722' title='bbox 198 4904 297 4972; x_wconf 80' lang='grc' dir='ltr'>τῆς</span> <span class='ocrx_word' id='word_1_723' title='bbox 327 4904 800 4975; x_wconf 79' lang='grc' dir='ltr'>ἐνανθρωπήσεως</span> <span class='ocrx_word' id='word_1_724' title='bbox 817 4909 1054 4970; x_wconf 75' lang='grc' dir='ltr'>καὶτοὺς</span> <span class='ocrx_word' id='word_1_725' title='bbox 1074 4908 1213 4976; x_wconf 85' lang='grc' dir='ltr'><strong>μετά</strong></span> <span class='ocrx_word' id='word_1_726' title='bbox 1229 4908 1328 4980; x_wconf 74' lang='grc' dir='ltr'>τὴν</span> <span class='ocrx_word' id='word_1_727' title='bbox 1347 4908 1783 4977; x_wconf 79' lang='grc' dir='ltr'>ὲνανθρώπησιν,</span> 
     </span>
    </p>
   </div>
   <div class='ocr_carea' id='block_1_97' title="bbox 195 4994 1788 5070">
    <p class='ocr_par' dir='ltr' id='par_1_97' title="bbox 195 4994 1788 5070">
     <span class='ocr_line' id='line_1_97' title="bbox 195 4994 1788 5070; baseline 0.003 -22"><span class='ocrx_word' id='word_1_728' title='bbox 195 4994 515 5059; x_wconf 76' lang='grc' dir='ltr'>δεικνύντες</span> <span class='ocrx_word' id='word_1_729' title='bbox 574 4998 840 5069; x_wconf 84' lang='grc' dir='ltr'>μηδαμῶς</span> <span class='ocrx_word' id='word_1_730' title='bbox 897 5000 1192 5070; x_wconf 83' lang='grc' dir='ltr'>ἁρμόττειν</span> <span class='ocrx_word' id='word_1_731' title='bbox 1240 4999 1316 5068; x_wconf 87' lang='grc' dir='ltr'>τῷ</span> <span class='ocrx_word' id='word_1_732' title='bbox 1367 5000 1488 5068; x_wconf 82' lang='grc' dir='ltr'>θεῷ</span> <span class='ocrx_word' id='word_1_733' title='bbox 1523 5000 1680 5067; x_wconf 82' lang='grc' dir='ltr'>Λόγῳ</span> <span class='ocrx_word' id='word_1_734' title='bbox 1717 5001 1788 5053; x_wconf 82' lang='grc' dir='ltr'>τά</span> 
     </span>
    </p>
   </div>
   <div class='ocr_carea' id='block_1_98' title="bbox 195 5085 1784 5160">
    <p class='ocr_par' dir='ltr' id='par_1_98' title="bbox 195 5085 1784 5160">
     <span class='ocr_line' id='line_1_98' title="bbox 195 5085 1784 5160; baseline 0.005 -24"><span class='ocrx_word' id='word_1_735' title='bbox 195 5103 253 5137; x_wconf 88' lang='grc' dir='ltr'><strong>τε</strong></span> <span class='ocrx_word' id='word_1_736' title='bbox 289 5085 439 5154; x_wconf 81' lang='grc' dir='ltr'>πάθη</span> <span class='ocrx_word' id='word_1_737' title='bbox 475 5087 570 5138; x_wconf 72' lang='grc' dir='ltr'>καὶ</span> <span class='ocrx_word' id='word_1_738' title='bbox 600 5088 666 5140; x_wconf 77' lang='grc' dir='ltr'>τὰ</span> <span class='ocrx_word' id='word_1_739' title='bbox 709 5090 941 5142; x_wconf 81' lang='grc' dir='ltr'>ταπεινά</span> <span class='ocrx_word' id='word_1_740' title='bbox 982 5091 1199 5160; x_wconf 83' lang='grc' dir='ltr'>ῥήματα</span> <span class='ocrx_word' id='word_1_741' title='bbox 1232 5091 1356 5160; x_wconf 75' lang='grc' dir='ltr'>δίχα</span> <span class='ocrx_word' id='word_1_742' title='bbox 1401 5091 1603 5160; x_wconf 73' lang='grc' dir='ltr'>σαρκὸς</span> <span class='ocrx_word' id='word_1_743' title='bbox 1655 5108 1784 5144; x_wconf 77' lang='lat' dir='ltr'><strong>axo-</strong></span> 
     </span>
    </p>
   </div>
   <div class='ocr_carea' id='block_1_99' title="bbox 195 5177 1788 5254">
    <p class='ocr_par' dir='ltr' id='par_1_99' title="bbox 195 5177 1788 5254">
     <span class='ocr_line' id='line_1_99' title="bbox 195 5177 1788 5254; baseline 0.005 -26"><span class='ocrx_word' id='word_1_744' title='bbox 195 5177 500 5246; x_wconf 74' lang='grc' dir='ltr'>πουμένῳο</span> <span class='ocrx_word' id='word_1_745' title='bbox 546 5179 616 5232; x_wconf 83' lang='grc' dir='ltr'><strong>τὰ</strong></span> <span class='ocrx_word' id='word_1_746' title='bbox 668 5181 849 5250; x_wconf 88' lang='grc' dir='ltr'>μέντοι</span> <span class='ocrx_word' id='word_1_747' title='bbox 902 5199 966 5250; x_wconf 88' lang='grc' dir='ltr'><strong>γε</strong></span> <span class='ocrx_word' id='word_1_748' title='bbox 1020 5181 1276 5252; x_wconf 87' lang='grc' dir='ltr'>θαύματα</span> <span class='ocrx_word' id='word_1_749' title='bbox 1341 5185 1642 5254; x_wconf 73' lang='grc' dir='ltr'>προσήκειν</span> <span class='ocrx_word' id='word_1_750' title='bbox 1691 5185 1788 5236; x_wconf 87' lang='grc' dir='ltr'>αύ-</span> 
     </span>
    </p>
   </div>
   <div class='ocr_carea' id='block_1_100' title="bbox 195 5269 1783 5346">
    <p class='ocr_par' dir='ltr' id='par_1_100' title="bbox 195 5269 1783 5346">
     <span class='ocr_line' id='line_1_100' title="bbox 195 5269 1783 5346; baseline 0.006 -27"><span class='ocrx_word' id='word_1_751' title='bbox 195 5269 270 5336; x_wconf 82' lang='grc' dir='ltr'>τῷ</span> <span class='ocrx_word' id='word_1_752' title='bbox 313 5270 456 5323; x_wconf 85' lang='grc' dir='ltr'><strong>κατά</strong></span> <span class='ocrx_word' id='word_1_753' title='bbox 521 5273 684 5339; x_wconf 81' lang='grc' dir='ltr'>φύσιν</span> <span class='ocrx_word' id='word_1_754' title='bbox 733 5274 989 5344; x_wconf 77' lang='grc' dir='ltr'>ὅντιΘεῷ</span> <span class='ocrx_word' id='word_1_755' title='bbox 1049 5277 1141 5328; x_wconf 74' lang='grc' dir='ltr'><strong>καὶ</strong></span> <span class='ocrx_word' id='word_1_756' title='bbox 1175 5278 1582 5346; x_wconf 84' lang='grc' dir='ltr'>σεσαρκωμένῳ</span> <span class='ocrx_word' id='word_1_757' title='bbox 1617 5291 1632 5308; x_wconf 73' lang='grc' dir='ltr'><strong>ο</strong></span> <span class='ocrx_word' id='word_1_758' title='bbox 1671 5276 1783 5329; x_wconf 88' lang='grc' dir='ltr'>δια-</span> 
     </span>
    </p>
   </div>
   <div class='ocr_carea' id='block_1_101' title="bbox 192 5360 1786 5437">
    <p class='ocr_par' dir='ltr' id='par_1_101' title="bbox 192 5360 1786 5437">
     <span class='ocr_line' id='line_1_101' title="bbox 192 5360 1786 5437; baseline 0.006 -28"><span class='ocrx_word' id='word_1_759' title='bbox 192 5360 405 5426; x_wconf 82' lang='grc' dir='ltr'>κρίνειν</span> <span class='ocrx_word' id='word_1_760' title='bbox 451 5361 558 5432; x_wconf 76' lang='grc' dir='ltr'>γὰρ</span> <span class='ocrx_word' id='word_1_761' title='bbox 621 5363 896 5418; x_wconf 83' lang='grc' dir='ltr'>ἐδίδασκον</span> <span class='ocrx_word' id='word_1_762' title='bbox 969 5365 1067 5430; x_wconf 74' lang='grc' dir='ltr'>τὰς</span> <span class='ocrx_word' id='word_1_763' title='bbox 1123 5367 1312 5435; x_wconf 72' lang='grc' dir='ltr'>φύσεις</span> <span class='ocrx_word' id='word_1_764' title='bbox 1384 5371 1450 5437; x_wconf 83' lang='grc' dir='ltr'>τῇ</span> <span class='ocrx_word' id='word_1_765' title='bbox 1511 5366 1603 5420; x_wconf 91' lang='grc' dir='ltr'><strong>τοῦ</strong></span> <span class='ocrx_word' id='word_1_766' title='bbox 1656 5369 1786 5436; x_wconf 81' lang='grc' dir='ltr'>χρό-</span> 
     </span>
    </p>
   </div>
   <div class='ocr_carea' id='block_1_102' title="bbox 1893 4635 3475 4717">
    <p class='ocr_par' dir='ltr' id='par_1_102' title="bbox 1893 4635 3475 4717">
     <span class='ocr_line' id='line_1_102' title="bbox 1893 4635 3475 4717; baseline -0.001 -27"><span class='ocrx_word' id='word_1_767' title='bbox 1893 4635 1949 4690; x_wconf 83' lang='grc' dir='ltr'><strong>ἱη</strong></span> <span class='ocrx_word' id='word_1_768' title='bbox 1981 4653 2045 4692; x_wconf 91' lang='lat' dir='ltr'><strong>ea</strong></span> <span class='ocrx_word' id='word_1_769' title='bbox 2078 4653 2201 4706; x_wconf 69' lang='lat' dir='ltr'><strong>quae</strong></span> <span class='ocrx_word' id='word_1_770' title='bbox 2232 4647 2360 4694; x_wconf 90' lang='lat' dir='ltr'><strong>ante</strong></span> <span class='ocrx_word' id='word_1_771' title='bbox 2395 4639 3063 4717; x_wconf 28' lang='lat' dir='ltr'><strong>incarnationcmtin‘que</strong></span> <span class='ocrx_word' id='word_1_772' title='bbox 3099 4653 3163 4691; x_wconf 90' lang='lat' dir='ltr'><strong>ea</strong></span> <span class='ocrx_word' id='word_1_773' title='bbox 3196 4652 3318 4706; x_wconf 64' lang='lat' dir='ltr'><strong>quas</strong></span> <span class='ocrx_word' id='word_1_774' title='bbox 3351 4645 3475 4704; x_wconf 90' lang='lat' dir='ltr'><strong>post</strong></span> 
     </span>
    </p>
   </div>
   <div class='ocr_carea' id='block_1_103' title="bbox 1892 4727 3472 4800">
    <p class='ocr_par' dir='ltr' id='par_1_103' title="bbox 1892 4727 3472 4800">
     <span class='ocr_line' id='line_1_103' title="bbox 1892 4727 3472 4800; baseline -0.001 -20"><span class='ocrx_word' id='word_1_775' title='bbox 1892 4727 2366 4795; x_wconf 90' lang='lat' dir='ltr'><strong>incarnationem,</strong></span> <span class='ocrx_word' id='word_1_776' title='bbox 2405 4730 2760 4786; x_wconf 83' lang='lat' dir='ltr'><strong>ostendentes</strong></span> <span class='ocrx_word' id='word_1_777' title='bbox 2801 4733 3082 4800; x_wconf 72' lang='lat' dir='ltr'><strong>utinquam</strong></span> <span class='ocrx_word' id='word_1_778' title='bbox 3134 4729 3245 4783; x_wconf 89' lang='lat' dir='ltr'><strong>Deo</strong></span> <span class='ocrx_word' id='word_1_779' title='bbox 3289 4727 3472 4783; x_wconf 71' lang='lat' dir='ltr'><strong>Verbo</strong></span> 
     </span>
    </p>
   </div>
   <div class='ocr_carea' id='block_1_104' title="bbox 1889 4821 3470 4889">
    <p class='ocr_par' dir='ltr' id='par_1_104' title="bbox 1889 4821 3470 4889">
     <span class='ocr_line' id='line_1_104' title="bbox 1889 4821 3470 4889; baseline -0.001 -16"><span class='ocrx_word' id='word_1_780' title='bbox 1889 4821 2172 4889; x_wconf 84' lang='lat' dir='ltr'><strong>passiones</strong></span> <span class='ocrx_word' id='word_1_781' title='bbox 2201 4833 2258 4877; x_wconf 95' lang='lat' dir='ltr'><strong>et</strong></span> <span class='ocrx_word' id='word_1_782' title='bbox 2284 4823 2514 4878; x_wconf 85' lang='lat' dir='ltr'><strong>humilia</strong></span> <span class='ocrx_word' id='word_1_783' title='bbox 2542 4825 2709 4881; x_wconf 89' lang='lat' dir='ltr'><strong>verba</strong></span> <span class='ocrx_word' id='word_1_784' title='bbox 2736 4824 3055 4885; x_wconf 89' lang='lat' dir='ltr'><strong>convenire,</strong></span> <span class='ocrx_word' id='word_1_785' title='bbox 3085 4824 3224 4875; x_wconf 91' lang='lat' dir='ltr'><strong>citra</strong></span> <span class='ocrx_word' id='word_1_786' title='bbox 3251 4835 3470 4874; x_wconf 85' lang='lat' dir='ltr'><strong>carnem</strong></span> 
     </span>
    </p>
   </div>
   <div class='ocr_carea' id='block_1_105' title="bbox 1890 4912 3473 4984">
    <p class='ocr_par' dir='ltr' id='par_1_105' title="bbox 1890 4912 3473 4984">
     <span class='ocr_line' id='line_1_105' title="bbox 1890 4912 3473 4984; baseline -0.002 -18"><span class='ocrx_word' id='word_1_787' title='bbox 1890 4914 2269 4980; x_wconf 82' lang='lat' dir='ltr'><strong>considerato;</strong></span> <span class='ocrx_word' id='word_1_788' title='bbox 2309 4915 2574 4971; x_wconf 87' lang='lat' dir='ltr'><strong>miracula</strong></span> <span class='ocrx_word' id='word_1_789' title='bbox 2609 4932 2742 4969; x_wconf 85' lang='lat' dir='ltr'><strong>vero</strong></span> <span class='ocrx_word' id='word_1_790' title='bbox 2778 4916 2881 4984; x_wconf 91' lang='lat' dir='ltr'><strong>ipsi</strong></span> <span class='ocrx_word' id='word_1_791' title='bbox 2922 4922 3238 4982; x_wconf 89' lang='lat' dir='ltr'><strong>competere</strong></span> <span class='ocrx_word' id='word_1_792' title='bbox 3272 4912 3473 4966; x_wconf 80' lang='lat' dir='ltr'><strong>divina:</strong></span> 
     </span>
    </p>
   </div>
   <div class='ocr_carea' id='block_1_106' title="bbox 1891 5003 3470 5066">
    <p class='ocr_par' dir='ltr' id='par_1_106' title="bbox 1891 5003 3470 5066">
     <span class='ocr_line' id='line_1_106' title="bbox 1891 5003 3470 5066; baseline -0.002 -7"><span class='ocrx_word' id='word_1_793' title='bbox 1891 5014 2102 5060; x_wconf 73' lang='lat' dir='ltr'><strong>natura:</strong></span> <span class='ocrx_word' id='word_1_794' title='bbox 2125 5015 2180 5061; x_wconf 90' lang='lat' dir='ltr'><strong>ct</strong></span> <span class='ocrx_word' id='word_1_795' title='bbox 2206 5008 2490 5062; x_wconf 84' lang='lat' dir='ltr'><strong>incarnato</strong></span> <span class='ocrx_word' id='word_1_796' title='bbox 2517 5009 2649 5062; x_wconf 89' lang='lat' dir='ltr'><strong>Deo.</strong></span> <span class='ocrx_word' id='word_1_797' title='bbox 2672 5007 2907 5066; x_wconf 84' lang='lat' dir='ltr'><strong>Naturas</strong></span> <span class='ocrx_word' id='word_1_798' title='bbox 2933 5007 3247 5061; x_wconf 91' lang='lat' dir='ltr'><strong>docuerunt</strong></span> <span class='ocrx_word' id='word_1_799' title='bbox 3274 5003 3470 5058; x_wconf 79' lang='lat' dir='ltr'><strong>distin-</strong></span> 
     </span>
    </p>
   </div>
   <div class='ocr_carea' id='block_1_107' title="bbox 1891 5094 3468 5168">
    <p class='ocr_par' dir='ltr' id='par_1_107' title="bbox 1891 5094 3468 5168">
     <span class='ocr_line' id='line_1_107' title="bbox 1891 5094 3468 5168; baseline -0.001 -17"><span class='ocrx_word' id='word_1_800' title='bbox 1891 5098 2133 5166; x_wconf 88' lang='lat' dir='ltr'><strong>guendas</strong></span> <span class='ocrx_word' id='word_1_801' title='bbox 2160 5114 2280 5156; x_wconf 87' lang='lat' dir='ltr'><strong>esse</strong></span> <span class='ocrx_word' id='word_1_802' title='bbox 2314 5108 2621 5168; x_wconf 89' lang='lat' dir='ltr'><strong>temporum</strong></span> <span class='ocrx_word' id='word_1_803' title='bbox 2655 5098 2970 5153; x_wconf 80' lang='lat' dir='ltr'><strong>diﬂ‘erentia</strong></span> <span class='ocrx_word' id='word_1_804' title='bbox 2990 5138 3006 5162; x_wconf 90' lang='lat'><strong>,</strong></span> <span class='ocrx_word' id='word_1_805' title='bbox 3030 5106 3196 5166; x_wconf 90' lang='lat' dir='ltr'><strong>atque</strong></span> <span class='ocrx_word' id='word_1_806' title='bbox 3229 5096 3303 5150; x_wconf 92' lang='lat' dir='ltr'><strong>ita</strong></span> <span class='ocrx_word' id='word_1_807' title='bbox 3332 5094 3468 5149; x_wconf 79' lang='lat' dir='ltr'><strong>dcti-</strong></span> 
     </span>
    </p>
   </div>
   <div class='ocr_carea' id='block_1_108' title="bbox 1892 5189 3473 5258">
    <p class='ocr_par' dir='ltr' id='par_1_108' title="bbox 1892 5189 3473 5258">
     <span class='ocr_line' id='line_1_108' title="bbox 1892 5189 3473 5258; baseline -0.001 -16"><span class='ocrx_word' id='word_1_808' title='bbox 1892 5189 2118 5242; x_wconf 89' lang='lat' dir='ltr'><strong>nierunt</strong></span> <span class='ocrx_word' id='word_1_809' title='bbox 2153 5206 2274 5258; x_wconf 66' lang='lat' dir='ltr'><strong>quae</strong></span> <span class='ocrx_word' id='word_1_810' title='bbox 2312 5190 2480 5244; x_wconf 87' lang='lat' dir='ltr'><strong>fuerit</strong></span> <span class='ocrx_word' id='word_1_811' title='bbox 2522 5201 2718 5245; x_wconf 87' lang='lat' dir='ltr'><strong>natura</strong></span> <span class='ocrx_word' id='word_1_812' title='bbox 2764 5206 2928 5245; x_wconf 90' lang='lat' dir='ltr'><strong>carne</strong></span> <span class='ocrx_word' id='word_1_813' title='bbox 2967 5189 3217 5244; x_wconf 91' lang='lat' dir='ltr'><strong>destituti</strong></span> <span class='ocrx_word' id='word_1_814' title='bbox 3260 5189 3388 5252; x_wconf 89' lang='lat' dir='ltr'><strong>Dei,</strong></span> <span class='ocrx_word' id='word_1_815' title='bbox 3416 5202 3473 5241; x_wconf 88' lang='lat' dir='ltr'><strong>et</strong></span> 
     </span>
    </p>
   </div>
   <div class='ocr_carea' id='block_1_109' title="bbox 1892 5279 3470 5352">
    <p class='ocr_par' dir='ltr' id='par_1_109' title="bbox 1892 5279 3470 5352">
     <span class='ocr_line' id='line_1_109' title="bbox 1892 5279 3470 5352; baseline 0 -19"><span class='ocrx_word' id='word_1_816' title='bbox 1892 5296 2016 5349; x_wconf 68' lang='lat' dir='ltr'><strong>qure</strong></span> <span class='ocrx_word' id='word_1_817' title='bbox 2063 5291 2255 5334; x_wconf 87' lang='lat' dir='ltr'><strong>natura</strong></span> <span class='ocrx_word' id='word_1_818' title='bbox 2302 5282 2395 5335; x_wconf 90' lang='lat' dir='ltr'><strong>Dei</strong></span> <span class='ocrx_word' id='word_1_819' title='bbox 2444 5298 2541 5351; x_wconf 85' lang='lat' dir='ltr'><strong>per</strong></span> <span class='ocrx_word' id='word_1_820' title='bbox 2590 5282 3062 5352; x_wconf 77' lang='lat' dir='ltr'><strong>dispensationem</strong></span> <span class='ocrx_word' id='word_1_821' title='bbox 3107 5279 3317 5350; x_wconf 88' lang='lat' dir='ltr'><strong>absque</strong></span> <span class='ocrx_word' id='word_1_822' title='bbox 3363 5279 3470 5333; x_wconf 79' lang='lat' dir='ltr'><strong>ulla</strong></span> 
     </span>
    </p>
   </div>
   <div class='ocr_carea' id='block_1_110' title="bbox 1895 5371 2652 5427">
    <p class='ocr_par' dir='ltr' id='par_1_110' title="bbox 1895 5371 2652 5427">
     <span class='ocr_line' id='line_1_110' title="bbox 1895 5371 2652 5427; baseline -0.001 -4"><span class='ocrx_word' id='word_1_823' title='bbox 1895 5372 2198 5425; x_wconf 82' lang='lat' dir='ltr'><strong>mutatione</strong></span> <span class='ocrx_word' id='word_1_824' title='bbox 2235 5371 2600 5427; x_wconf 84' lang='lat' dir='ltr'><strong>inhutnanati.</strong></span> <span class='ocrx_word' id='word_1_825' title='bbox 2637 5393 2652 5422; x_wconf 73' lang='grc' dir='ltr'><strong>ο</strong></span> 
     </span>
    </p>
   </div>
   <div class='ocr_carea' id='block_1_111' title="bbox 194 5455 3470 5538">
    <p class='ocr_par' dir='ltr' id='par_1_111' title="bbox 194 5455 3470 5538">
     <span class='ocr_line' id='line_1_111' title="bbox 194 5455 3470 5538; baseline 0.004 -35"><span class='ocrx_word' id='word_1_826' title='bbox 194 5469 292 5504; x_wconf 73' lang='grc' dir='ltr'>νςυ</span> <span class='ocrx_word' id='word_1_827' title='bbox 356 5455 635 5527; x_wconf 78' lang='grc' dir='ltr'>διαστολῇ,</span> <span class='ocrx_word' id='word_1_828' title='bbox 700 5459 783 5522; x_wconf 86' lang='grc' dir='ltr'><strong>τίς</strong></span> <span class='ocrx_word' id='word_1_829' title='bbox 834 5477 892 5512; x_wconf 88' lang='grc' dir='ltr'><strong>τε</strong></span> <span class='ocrx_word' id='word_1_830' title='bbox 933 5460 1094 5529; x_wconf 77' lang='grc' dir='ltr'>φύσις</span> <span class='ocrx_word' id='word_1_831' title='bbox 1152 5459 1394 5530; x_wconf 86' lang='grc' dir='ltr'>ἀσάρκου</span> <span class='ocrx_word' id='word_1_832' title='bbox 1454 5460 1612 5526; x_wconf 83' lang='grc' dir='ltr'>Θεοῦ,</span> <span class='ocrx_word' id='word_1_833' title='bbox 1665 5463 1748 5525; x_wconf 83' lang='grc' dir='ltr'><strong>τίς</strong></span> <span class='ocrx_word' id='word_1_834' title='bbox 1786 5480 1843 5515; x_wconf 91' lang='grc' dir='ltr'><strong>τε</strong></span> <span class='ocrx_word' id='word_1_835' title='bbox 1899 5465 2059 5533; x_wconf 70' lang='grc' dir='ltr'>φύσις</span> <span class='ocrx_word' id='word_1_836' title='bbox 2112 5465 2231 5516; x_wconf 78' lang='grc' dir='ltr'>κατ’</span> <span class='ocrx_word' id='word_1_837' title='bbox 2289 5466 2604 5535; x_wconf 76' lang='grc' dir='ltr'>οἰκονομίαν</span> <span class='ocrx_word' id='word_1_838' title='bbox 2657 5467 2946 5538; x_wconf 82' lang='grc' dir='ltr'>ἀτρέπτως</span> <span class='ocrx_word' id='word_1_839' title='bbox 2986 5463 3277 5535; x_wconf 84' lang='grc' dir='ltr'>ἀνθρώπου</span> <span class='ocrx_word' id='word_1_840' title='bbox 3319 5479 3470 5532; x_wconf 84' lang='grc' dir='ltr'>γενο-</span> 
     </span>
    </p>
   </div>
   <div class='ocr_carea' id='block_1_112' title="bbox 198 5546 436 5611">
    <p class='ocr_par' dir='ltr' id='par_1_112' title="bbox 198 5546 436 5611">
     <span class='ocr_line' id='line_1_112' title="bbox 198 5546 436 5611; baseline 0.004 -16"><span class='ocrx_word' id='word_1_841' title='bbox 198 5546 387 5611; x_wconf 68' lang='grc' dir='ltr'>μένου.</span> <span class='ocrx_word' id='word_1_842' title='bbox 419 5563 436 5596; x_wconf 71' lang='grc' dir='ltr'><strong>ι</strong></span> 
     </span>
    </p>
   </div>
   <div class='ocr_carea' id='block_1_113' title="bbox 265 5659 1791 5743">
    <p class='ocr_par' dir='ltr' id='par_1_113' title="bbox 265 5659 1780 5738">
     <span class='ocr_line' id='line_1_113' title="bbox 265 5659 1780 5738; baseline 0.007 -25"><span class='ocrx_word' id='word_1_843' title='bbox 265 5663 283 5680; x_wconf 86' lang='grc'><strong>⁹</strong></span> <span class='ocrx_word' id='word_1_844' title='bbox 321 5659 412 5714; x_wconf 82' lang='lat' dir='ltr'><strong>Sic</strong></span> <span class='ocrx_word' id='word_1_845' title='bbox 438 5663 717 5718; x_wconf 80' lang='lat' dir='ltr'><strong>mendose.</strong></span> <span class='ocrx_word' id='word_1_846' title='bbox 748 5664 830 5718; x_wconf 85' lang='lat' dir='ltr'><strong>An</strong></span> <span class='ocrx_word' id='word_1_847' title='bbox 869 5666 1161 5736; x_wconf 84' lang='lat' dir='ltr'><strong>legendum</strong></span> <span class='ocrx_word' id='word_1_848' title='bbox 1196 5669 1255 5721; x_wconf 85' lang='grc' dir='ltr'>Εἰ</span> <span class='ocrx_word' id='word_1_849' title='bbox 1284 5669 1338 5722; x_wconf 85' lang='grc' dir='ltr'>δὲ</span> <span class='ocrx_word' id='word_1_850' title='bbox 1371 5670 1483 5738; x_wconf 81' lang='grc' dir='ltr'>γνῴ</span> <span class='ocrx_word' id='word_1_851' title='bbox 1511 5689 1628 5736; x_wconf 80' lang='grc' dir='ltr'>τι;;</span> <span class='ocrx_word' id='word_1_852' title='bbox 1658 5687 1780 5724; x_wconf 70' lang='lat' dir='ltr'><strong>mox</strong></span> 
     </span>
    </p>
   </div>
   <div class='ocr_carea' id='block_1_114' title="bbox 1893 5659 3148 5743">
    <p class='ocr_par' dir='ltr' id='par_1_114' title="bbox 1901 5672 3148 5743">
     <span class='ocr_line' id='line_1_114' title="bbox 1901 5672 3148 5743; baseline 0 -19"><span class='ocrx_word' id='word_1_853' title='bbox 1901 5672 1971 5724; x_wconf 89' lang='lat' dir='ltr'><strong>im</strong></span> <span class='ocrx_word' id='word_1_854' title='bbox 2006 5673 2060 5724; x_wconf 87' lang='lat' dir='ltr'><strong>in</strong></span> <span class='ocrx_word' id='word_1_855' title='bbox 2088 5672 2312 5740; x_wconf 83' lang='lat' dir='ltr'><strong>apodosi</strong></span> <span class='ocrx_word' id='word_1_856' title='bbox 2348 5673 2550 5743; x_wconf 81' lang='lat' dir='ltr'><strong>legitur</strong></span> <span class='ocrx_word' id='word_1_857' title='bbox 2583 5673 2963 5740; x_wconf 55' lang='grc' dir='ltr'>καταγελᾶτε.</span> <span class='ocrx_word' id='word_1_858' title='bbox 3001 5673 3148 5726; x_wconf 79' lang='grc' dir='ltr'>Ευιτ.</span> 
     </span>
    </p>
   </div>
   <div class='ocr_carea' id='block_1_115' title="bbox 268 5752 1780 5832">
    <p class='ocr_par' dir='ltr' id='par_1_115' title="bbox 268 5752 1780 5832">
     <span class='ocr_line' id='line_1_115' title="bbox 268 5752 1780 5832; baseline 0.009 -29"><span class='ocrx_word' id='word_1_859' title='bbox 268 5752 346 5820; x_wconf 74' lang='grc'><strong>(4)</strong></span> <span class='ocrx_word' id='word_1_860' title='bbox 381 5753 538 5832; x_wconf 71' lang='lat' dir='ltr'><strong>Apud</strong></span> <span class='ocrx_word' id='word_1_861' title='bbox 558 5756 910 5832; x_wconf 74' lang='lat' dir='ltr'><strong>Anastasium</strong></span> <span class='ocrx_word' id='word_1_862' title='bbox 938 5760 1011 5832; x_wconf 85' lang='lat' dir='ltr'><strong>ita</strong></span> <span class='ocrx_word' id='word_1_863' title='bbox 1043 5777 1102 5814; x_wconf 90' lang='lat' dir='ltr'><strong>se</strong></span> <span class='ocrx_word' id='word_1_864' title='bbox 1122 5761 1289 5816; x_wconf 89' lang='lat' dir='ltr'><strong>habet</strong></span> <span class='ocrx_word' id='word_1_865' title='bbox 1314 5761 1605 5817; x_wconf 70' lang='lat' dir='ltr'><strong>hicineus:</strong></span> <span class='ocrx_word' id='word_1_866' title='bbox 1633 5783 1648 5812; x_wconf 81' lang='grc' dir='ltr'><strong>ι</strong></span> <span class='ocrx_word' id='word_1_867' title='bbox 1674 5763 1780 5817; x_wconf 74' lang='grc' dir='ltr'><strong>Νο-</strong></span> 
     </span>
    </p>
   </div>
   <div class='ocr_carea' id='block_1_116' title="bbox 196 5827 1777 5890">
    <p class='ocr_par' dir='ltr' id='par_1_116' title="bbox 196 5827 1777 5890">
     <span class='ocr_line' id='line_1_116' title="bbox 196 5827 1777 5890; baseline 0.009 -16"><span class='ocrx_word' id='word_1_868' title='bbox 196 5839 306 5887; x_wconf 69' lang='grc' dir='ltr'>ιίιιε</span> <span class='ocrx_word' id='word_1_869' title='bbox 336 5827 484 5879; x_wconf 83' lang='lat' dir='ltr'><strong>enim</strong></span> <span class='ocrx_word' id='word_1_870' title='bbox 504 5827 806 5883; x_wconf 86' lang='lat' dir='ltr'><strong>secundum</strong></span> <span class='ocrx_word' id='word_1_871' title='bbox 837 5829 1297 5888; x_wconf 83' lang='lat' dir='ltr'><strong>inhabitationem</strong></span> <span class='ocrx_word' id='word_1_872' title='bbox 1338 5849 1405 5889; x_wconf 75' lang='lat' dir='ltr'><strong>ex</strong></span> <span class='ocrx_word' id='word_1_873' title='bbox 1454 5837 1567 5890; x_wconf 84' lang='lat' dir='ltr'><strong>Deo</strong></span> <span class='ocrx_word' id='word_1_874' title='bbox 1603 5834 1777 5890; x_wconf 70' lang='lat' dir='ltr'><strong>factus</strong></span> 
     </span>
    </p>
   </div>
   <div class='ocr_carea' id='block_1_117' title="bbox 1891 5765 3468 5836">
    <p class='ocr_par' dir='ltr' id='par_1_117' title="bbox 1891 5765 3468 5836">
     <span class='ocr_line' id='line_1_117' title="bbox 1891 5765 3468 5836; baseline 0.003 -18"><span class='ocrx_word' id='word_1_875' title='bbox 1891 5774 1976 5836; x_wconf 76' lang='lat' dir='ltr'><strong>est</strong></span> <span class='ocrx_word' id='word_1_876' title='bbox 2005 5765 2190 5836; x_wconf 73' lang='lat' dir='ltr'><strong>homo,</strong></span> <span class='ocrx_word' id='word_1_877' title='bbox 2239 5781 2416 5834; x_wconf 85' lang='lat' dir='ltr'><strong>neque</strong></span> <span class='ocrx_word' id='word_1_878' title='bbox 2456 5766 2760 5820; x_wconf 88' lang='lat' dir='ltr'><strong>secundum</strong></span> <span class='ocrx_word' id='word_1_879' title='bbox 2800 5766 3103 5836; x_wconf 78' lang='lat' dir='ltr'><strong>profectum</strong></span> <span class='ocrx_word' id='word_1_880' title='bbox 3149 5781 3213 5819; x_wconf 80' lang='lat' dir='ltr'><strong>cx</strong></span> <span class='ocrx_word' id='word_1_881' title='bbox 3247 5765 3468 5822; x_wconf 75' lang='lat' dir='ltr'><strong>homine</strong></span> 
     </span>
    </p>
   </div>
   <div class='ocr_carea' id='block_1_118' title="bbox 1885 5834 3006 5906">
    <p class='ocr_par' dir='ltr' id='par_1_118' title="bbox 1885 5834 3006 5906">
     <span class='ocr_line' id='line_1_118' title="bbox 1885 5834 3006 5906; baseline -0.002 -17"><span class='ocrx_word' id='word_1_882' title='bbox 1885 5835 2043 5890; x_wconf 82' lang='lat' dir='ltr'><strong>Deus.</strong></span> <span class='ocrx_word' id='word_1_883' title='bbox 2081 5834 2345 5892; x_wconf 78' lang='lat' dir='ltr'><strong>(Biblioth.</strong></span> <span class='ocrx_word' id='word_1_884' title='bbox 2376 5839 2630 5902; x_wconf 59' lang='lat' dir='ltr'><strong>maxima,</strong></span> <span class='ocrx_word' id='word_1_885' title='bbox 2662 5837 2752 5904; x_wconf 70' lang='grc' dir='ltr'><strong>ιλ,</strong></span> <span class='ocrx_word' id='word_1_886' title='bbox 2861 5837 3006 5894; x_wconf 68' lang='grc'><strong>831.)</strong></span> 
     </span>
    </p>
   </div>
  </div>
