4210 6442
740 344 841 408 915

1980 353 2390 412 EUSTATIIII
2431 354 2772 418 MONACIII

3901 363 4012 426 916

811 460 950 512 t'roh
982 457 1196 513 insania
1227 467 1282 514 et
1305 458 1532 529 perﬁdia
1564 458 1858 527 sapientis!
1891 463 1998 513 Aut
2023 461 2171 515 enim
2205 461 2304 530 ipst.

2499 465 2638 531 Εὖγε
2698 467 2799 536 τῆς
2858 467 3150 533 ἀσυνεσίας
3211 471 3302 523 καὶ
3366 472 3464 540 τῆς
3522 472 3738 542 ἀπάτης
3777 475 3872 526 τοῦ
3921 492 4020 528 σο-

735 566 844 604 non
888 549 1162 606 intellexit
1200 566 1322 620 qua:
1365 549 1612 614 dicebat,
1651 559 1745 604 aut
1789 551 2078 607 audientes
2121 553 2313 609 fallere

736 643 933 697 voluit.
969 643 1125 697 Haud
1171 643 1328 696 aliter
1374 659 1431 696 se
1478 642 1645 713 gessit
1689 659 1753 697 ac
1792 644 2043 712 lepores,
2078 643 2171 714 qui
2219 644 2310 698 ubi

733 731 1008 803 fugientes
1042 748 1100 786 se
1134 747 1257 784 mox
1293 747 1324 785 a
1359 731 1822 803 persequentibus
1856 733 2153 802 capiendos
2186 748 2314 786 scn-

735 826 909 890 tiunt,
943 825 1060 879 solo
1100 824 1425 894 perturbato
1460 834 1515 879 et
1548 824 1774 894 pulvere
1833 841 1932 894 per
1982 827 2313 881 subeuntem

735 931 862 969 aera
895 916 1154 980 excitato,
1182 916 1411 987 vestigia
1441 932 1539 970 sua
1571 916 1836 986 relegant,
1864 918 1965 971 ista
1997 925 2113 971 arte
2143 933 2201 973 se
2231 918 2313 971 in-

733 1007 1124 1077 vestigantium
1154 1009 1346 1063 oculos
1370 1009 1631 1062 illusuros
1669 1015 1974 1077 sperantes,
1995 1017 2050 1062 et
2077 1008 2307 1062 salutem

731 1109 1150 1156 consecuturos.
1180 1100 1250 1153 At
1295 1099 1457 1168 periti
1502 1107 1792 1153 venatores
1835 1107 1952 1153 arte
1999 1114 2109 1152 non
2155 1098 2308 1153 deci-

729 1188 981 1258 pientur,
1017 1200 1073 1243 et
1101 1189 1345 1260 vestigiis
1388 1189 1739 1255 insistentes,
1784 1207 1908 1244 mox
1948 1199 2313 1260 assequentur

729 1281 1011 1351 fugitivos.
1047 1280 1290 1350 Simplex
1333 1293 1420 1337 est
1461 1283 1711 1337 veritatis
1751 1297 1952 1337 sermo.
1990 1283 2172 1349 Quare
2212 1300 2311 1354 per

730 1381 810 1425 tot
833 1371 1006 1426 ﬂexus
1037 1379 1090 1426 te
1121 1372 1190 1426 ad
1213 1374 1500 1443 aenigmata
1528 1383 1583 1427 et
1611 1375 1845 1445 ineptias
1873 1376 2092 1446 recipis,
2122 1376 2308 1441 homo,

725 1461 988 1516 omnibus
1016 1464 1359 1533 perturbatis
1388 1473 1446 1519 et
1471 1464 1746 1532 confusis,
1776 1475 1834 1519 ut
1863 1467 2147 1522 auditores
2180 1469 2329 1522 cali-.

725 1553 850 1623 gine
877 1554 1188 1610 obeat-catos
1213 1556 1381 1611 variis
1408 1558 1518 1610 tuis
1547 1559 2101 1627 interpretationibus
2123 1560 2307 1624 fallas,

722 1659 822 1712 per
845 1646 1166 1701 verisimilia
1193 1647 1362 1701 verba
1396 1648 1566 1717 ipsam
1598 1649 1886 1703 veritatem
1919 1649 2202 1718 devitans;

2423 556 2522 624 φοῦ
2548 558 2561 609 !
2591 558 2658 609 Ἢ
2690 560 2796 630 γὰρ
2824 558 2988 623 αὐτὸς
3019 563 3081 614 οὐ
3117 563 3351 634 συνῆκεν
3379 560 3522 634 ἅπερ
3556 559 3734 630 εἶπεν,
3777 565 3810 637 ἢ
3861 567 4010 619 ἀπα-

2417 650 2582 719 τῆσαι
2609 649 2876 724 ἐϐουλήθη
2895 653 3019 717 τοὺς
3047 655 3344 725 ἀκροατὰς,
3373 658 3466 711 καὶ
3493 658 3793 728 πεποίηκεν
3819 660 4011 728 ὅμοιόν

2421 759 2474 794 τι
2547 742 2660 804 τοῖς
2721 741 2954 809 λαγωοῖς
2981 761 2997 776 ο
3050 745 3101 798 οἳ
3171 746 3299 800 ὅταν
3352 747 3646 817 φεύγοντες
3707 750 4008 802 αῑσθωνται

2421 834 2504 886 ὄτι
2535 833 3050 904 καταλαμϐάνονται
3089 837 3195 891 ὑπὸ
3240 838 3350 893 τῶν
3378 839 3705 905 διωκόντων,
3747 844 4009 911 συγκινή-

2421 940 2617 988 σαντες
2641 924 2733 979 τὸν
2765 926 3124 997 ὑποκείμενον
3170 929 3299 999 χοῦν
3333 930 3432 984 καὶ
3461 931 3740 1002 κονιορτοῦ
3766 931 4010 1002 πληρώ-

2417 1030 2611 1076 σαντες
2673 1016 2766 1068 τδν
2817 1019 3248 1089 περικεχυμένον
3286 1021 3444 1090 ἀέρα,
3484 1022 3562 1084 εἰς
3591 1021 3837 1075 τούπίσω
3875 1023 4010 1074 ἀνα-

2416 1105 2712 1177 στρέφουσι
2730 1146 2744 1170 ,
2766 1111 2833 1178 τῇ
2887 1113 3104 1181 μηχανῇ
3125 1111 3297 1184 ταύτῃ
3315 1114 3437 1177 τοὺς
3459 1113 3558 1183 μὲν
3583 1112 4008 1183 ῑχνηλατοῦντας

2411 1199 2755 1252 ὲπισκοτίσαι
2790 1200 3129 1271 βουλόμενοι,
3165 1203 3321 1257 αὐτοὶ
3367 1203 3422 1256 δὲ
3452 1204 3740 1275 διαδρᾶσαι
3771 1207 4004 1275 ἐπινοή-

2409 1306 2621 1352 σαντες.
2666 1291 2806 1345 Ἀλλ’
2844 1293 2892 1345 οἱ
2931 1291 3187 1364 ἔμπειροι
3239 1294 3349 1348 τῶν
3396 1293 3700 1349 διωκόντων
3741 1296 3868 1349 οὗτε
3913 1296 4008 1348 τὸν

2415 1379 2565 1431 δόλον
2603 1380 2986 1448 ἀγνοήσουσιν,
3034 1381 3127 1435 καὶ
3161 1382 3229 1436 τά
3260 1383 3383 1453 ἴχνη
3409 1385 3877 1456 ἀναζητήσαντες,
3911 1385 4006 1437 τὸν

2418 1468 2688 1538 φεύγοντα
2719 1471 3104 1542 συλλήψονται.
3153 1474 3385 1539 Ἀπλούς
3426 1477 3455 1527 ὁ
3499 1477 3657 1545 λόγος
3716 1477 3817 1544 τῆς
3870 1476 4005 1544 ἀλη-

2419 1560 2587 1624 θείας.
2619 1560 2685 1615 Τί
2717 1564 2938 1633 μακρὰν
2971 1566 3110 1635 πρὸς
3142 1567 3376 1635 γρίφους
3411 1566 3507 1621 καὶ
3549 1567 3744 1629 ὕθλους
3771 1567 4007 1636 ἀποτρέ-

2417 1670 2555 1723 χεις,
2599 1653 2877 1723 ἄνθρωπε,
2923 1656 3099 1709 πάντα
3149 1657 3398 1727 συγχέων
3462 1658 3555 1712 καὶ
3589 1659 4004 1726 συνταράσσων,

723 1732 810 1788 ἵνα
841 1737 964 1799 τοὺς
1012 1739 1288 1807 ἀκροατὰς
1321 1741 1400 1801 εἰς
1450 1739 1785 1794 σκοτοδινίαν
1863 1741 2150 1810 ἐμϐαλὼν,
2202 1745 2321 1806 ταῖς
2356 1742 2669 1810 ἀλλοκότοις
2699 1763 2791 1798 σου
2861 1747 3183 1818 ἑρμηνείαις
3221 1749 3500 1821 διαλάθης,
3531 1751 3619 1804 διὰ
3649 1752 3759 1806 τῶν
3821 1752 4004 1821 ῥημά-

721 1844 829 1881 των
853 1832 952 1899 τῆς
979 1829 1237 1900 ἀληθείας
1270 1832 1369 1903 τὴν
1399 1831 1656 1902 ἀλήθειαν
1684 1832 2010 1902 ἀποφεύγων
2045 1852 2060 1901 ;

793 1920 1030 1977 Sanctus
1059 1937 1184 1976 cum
1211 1923 1498 1992 passiones
1522 1923 1674 1977 carni
1704 1923 1924 1987 tribuit,
1953 1933 2006 1978 et
2035 1924 2302 1980 miracula
2336 1937 2380 1995 Β

723 2013 871 2079 Deo,
910 2014 1120 2083 absque
1170 2016 1281 2068 ulla
1323 2015 1856 2079 circumlocutione,
1898 2026 2127 2072 naturas
2170 2017 2310 2074 duas

721 2106 906 2160 carnis
955 2115 1011 2161 et
1035 2105 1342 2161 divinitatis
1369 2107 1570 2173 innuit,
1593 2119 1650 2164 et
1671 2124 1766 2164 eas
1788 2109 1922 2164 dicit
1946 2110 2306 2182 distinguere,

721 2197 1058 2268 cogitatione
1105 2199 1354 2264 scilicet;
1403 2214 1505 2253 nec
1552 2210 1800 2269 tempora
1847 2200 2169 2272 distinguit,
2206 2217 2306 2256 nec

722 2297 1036 2360 temporum
1071 2291 1388 2346 differentia
1417 2307 1583 2345 unam
1618 2299 1765 2345 tuam
1796 2302 2047 2346 naturam
2083 2292 2137 2346 in
2168 2293 2308 2347 duas

722 2391 980 2447 naturas,
1015 2383 1163 2437 omni
1216 2400 1414 2454 nempe
1461 2384 1770 2439 substantia
1817 2395 2091 2440 carentes.
2130 2385 2305 2458 Unam

721 2473 870 2529 enim
911 2483 1060 2530 tuam
1103 2485 1361 2531 naturam
1403 2477 1823 2533 substantialem
1859 2480 2000 2534 dicis
2034 2488 2090 2535 et
2123 2480 2306 2535 subsi-

721 2574 993 2631 stentem;
1026 2567 1121 2622 ubi
1149 2584 1280 2623 vero
1309 2585 1428 2625 eam
1458 2570 1729 2625 binariam
1757 2586 2048 2635 numeras,
2074 2587 2182 2626 non
2211 2570 2308 2625 ad-

717 2658 846 2729 jicis
871 2658 1178 2715 divinitatis
1204 2669 1415 2715 naturae
1441 2671 1692 2716 naturam
1719 2665 1903 2718 carnis
1925 2679 2090 2733 quam
2117 2677 2306 2718 susce-

718 2751 803 2820 pit
828 2751 973 2806 Deus
1000 2752 1263 2816 Verbum,
1290 2763 1347 2807 et
1372 2763 1597 2824 propter
1621 2770 1784 2824 quam
1815 2771 1882 2809 ex
1907 2755 2123 2810 duabus
2146 2764 2306 2810 natu-

721 2841 799 2896 ris
830 2851 1092 2897 constans
1121 2843 1331 2898 dicitur
1363 2845 1485 2900 duae
1516 2857 1762 2912 natura);
1799 2848 1895 2901 sed
1930 2848 2103 2916 ipsam
2141 2863 2304 2902 unam

719 2930 966 2988 divinam
1011 2934 1408 3000 substantiam,
1437 2938 1522 2990 vel
1558 2949 1809 2992 naturam
1830 2979 1844 3000 ,
1875 2937 1930 2990 in
1961 2937 2097 2991 duas
2123 2947 2306 3007 partes

721 3026 938 3081 ratione
977 3034 1289 3097 temporum
1333 3028 1650 3100 distinguis.
1678 3027 1836 3096 Quod
1871 3029 1916 3083 si
1952 3029 2056 3084 hac
2093 3028 2303 3084 ratione

725 3131 833 3171 una
865 3126 1066 3172 natura
1105 3127 1192 3174 est
1222 3119 1479 3174 Christus
1511 3119 1657 3190 apud
1697 3130 1750 3175 te
1785 3119 1888 3189 (ne
1923 3120 2068 3174 dicat
2101 3121 2304 3175 veritas

711 3208 862 3277 apud
893 3208 1148 3278 Patres),
1175 3226 1307 3266 sane
1338 3212 1434 3280 qui
1465 3227 1531 3266 ex
1561 3211 1779 3266 duabus
1806 3212 2020 3265 naturis
2049 3221 2299 3277 constat,

2486 1927 2547 1982 '0
2561 1928 2715 1996 ἅγιος
2741 1929 2917 1993 διδοὺς
2943 1928 3010 1983 τὰ
3039 1930 3341 2000 παθήματα
3367 1934 3435 2002 τῇ
3469 1933 3764 2004 σαρκὶ,καὶ
3780 1933 3849 1986 τὰ
3869 1935 4002 1987 θαύ-

2415 2036 2561 2090 ματα
2588 2018 2664 2090 τῷ
2691 2019 2831 2090 Θεῷ,
2860 2022 3030 2092 χωρὶς
3059 2023 3240 2092 πάσης
3269 2024 3742 2095 περιεργολογίας,
3766 2023 3866 2090 τὰς
3902 2027 4004 2094 φύ-

2413 2125 2528 2172 σεις
2549 2109 2647 2178 τὴν
2680 2109 2859 2180 σάρκα
2892 2112 2986 2165 καὶ
3015 2112 3117 2183 τὴν
3151 2112 3386 2184 θεότητα
3408 2116 3650 2185 ἐνόησεν,
3683 2116 3779 2169 καὶ
3797 2117 4002 2180 ταύτας

2410 2194 2566 2253 εἶπεν
2599 2201 2898 2272 διακρίνειν
2924 2203 3169 2273 δηλονότι
3203 2207 3269 2275 τῇ
3307 2207 3522 2277 επινοίᾳ
3554 2224 3569 2239 ·
3604 2207 3665 2260 ού
3714 2207 3826 2278 γὰρ
3869 2210 4002 2279 χρό-

2409 2306 2533 2354 νους
2554 2291 2650 2343 καὶ
2686 2294 2751 2364 τῇ
2783 2291 2880 2345 τοῦ
2911 2295 3108 2364 χρόνου
3137 2294 3388 2367 διαστολῇ
3435 2296 3875 2352 συνδιαστέλλειν
3901 2301 4001 2367 τὴν

2412 2381 2546 2452 μιαν
2593 2400 2688 2436 σου
2726 2382 2890 2452 φύσιν
2923 2386 3003 2448 εἰς
3034 2385 3130 2438 δύο
3159 2386 3371 2454 φύσεις,
3413 2388 3509 2441 καὶ
3555 2387 3744 2456 φύσεις
3775 2390 3880 2442 οὐκ
3907 2391 4003 2442 ou-

2411 2475 2644 2539 σιὼδεις.
2693 2475 2804 2546 Τὴν
2859 2475 2957 2546 μὲν
2999 2476 3109 2548 γὰρ
3139 2478 3271 2548 μίαν
3301 2477 3463 2547 φύσιν
3490 2479 3722 2548 οὐσιώδη
3753 2480 3852 2533 καὶ
3912 2483 4000 2532 ὲν-

2407 2566 2709 2620 υπόστατον
2748 2568 2948 2635 λέγεις.
2969 2570 3138 2623 Ὅταν
3167 2568 3225 2622 δὲ
3275 2568 3479 2641 ταύτην
3539 2569 3638 2641 τὴν
3698 2571 3831 2641 μίαν
3906 2573 4000 2626 δύο

2407 2660 2672 2732 ἀριθμῇς,
2713 2662 2774 2715 οὐ
2805 2664 2872 2733 τῇ
2913 2665 3014 2734 μιᾷ
3042 2666 3106 2734 τῇ
3141 2662 3239 2733 τῆς
3272 2663 3525 2735 θεότητος
3554 2663 3873 2734 προστιθεῖς
3897 2667 3998 2736 τὴν

2407 2753 2571 2822 φύσιν
2599 2755 2702 2823 τῆς
2745 2756 2947 2826 σαρκὸς
2991 2757 3057 2827 ἢν
3087 2753 3350 2809 ἀνέλαϐεν
3377 2757 3406 2809 ό
3435 2755 3566 2818 Θεὸς
3599 2756 3791 2824 Λόγος,
3821 2757 3893 2810 δι’
3929 2758 3996 2827 ἢν

2406 2845 2502 2898 καὶ⁵
2529 2844 2590 2898 τὸ
2610 2845 2673 2898 ὲκ
2700 2845 2793 2898 δύο
2814 2845 3032 2915 φύσεων
3051 2846 3270 2916 λέγεται
3301 2848 3394 2901 δύο
3421 2847 3635 2918 φύσεις,
3670 2849 3785 2901 ἀλλ’
3817 2851 3994 2918 αὐτὴν

2407 2935 2504 3006 τὴν
2546 2936 2674 3006 μίαν
2706 2935 2892 3008 θεῖκὴν
2923 2938 3136 2999 οὐσίαν,
3165 2941 3285 3010 ἦτοι
3318 2939 3502 3008 φύσιν,
3526 2940 3607 3002 εἰς
3632 2938 3724 2991 δύο
3749 2939 3996 3008 διαιρου-

2408 3025 2579 3097 μένην
2608 3028 2896 3096 χρονικῶς.
2935 3027 2999 3081 Et
3036 3026 3090 3080 δὲ
3123 3029 3260 3082 κατά
3285 3029 3444 3083 τοῦτο
3486 3029 3586 3100 μία
3624 3027 3787 3097 φύσις
3843 3029 3996 3080 ἐστὶν

2402 3115 2432 3167 ὁ
2460 3114 2698 3184 Χριστὸς
2737 3115 2887 3186 παρὰ
2917 3116 3002 3169 σοὶ
3045 3115 3144 3184 (μὴ
3174 3115 3282 3189 γὰρ
3321 3118 3467 3170 εἴποι
3503 3119 3537 3188 ἡ
3567 3117 3796 3186 ἀλήθεια
3839 3118 3995 3186 παρά

2402 3207 2516 3268 τοῖς
2557 3205 2861 3276 Πατράσιν)
2892 3205 3200 3268 ἀκολούθως
3250 3205 3347 3258 καὶ
3398 3207 3460 3260 τὸ
3504 3209 3569 3261 ὲκ
3615 3207 3707 3260 δύο
3749 3206 3993 3276 φύσεων,

721 3318 829 3356 ιιοιι
876 3317 944 3357 ex
987 3302 1279 3358 divinitate
1321 3315 1380 3360 et
1424 3303 1767 3359 humanitate
1807 3313 1919 3370 est,
1956 3303 2063 3358 hoc
2108 3313 2193 3358 est
2235 3321 2302 3359 ex

2407 3297 2504 3349 οὐκ
2537 3296 2603 3348 ὲκ
2637 3295 2893 3367 θεότητος
2940 3297 3034 3350 καὶ
3057 3297 3476 3368 ἀνθρωπότητος
3505 3297 3677 3362 ἔσται,
3710 3299 3997 3351 τουτέστιν

719 3397 916 3442 natura
948 3405 1114 3445 carne
1144 3391 1354 3446 carenti
1383 3402 1440 3446 ct
1465 3408 1656 3447 rursus
1681 3408 1748 3446 ex
1771 3392 1964 3446 eadem
1993 3394 2299 3458 incarnata,

719 3479 858 3534 nihil
886 3481 1208 3551 perﬁciente
1235 3499 1401 3539 carne
1426 3484 1574 3554 quod
1607 3491 1804 3538 natura
1833 3483 1941 3538 dici
1970 3485 2170 3554 possit;
2204 3484 2298 3539 sed

721 3577 948 3640 propter
971 3571 1237 3641 temporis
1267 3571 1638 3627 diilerentiam
1666 3587 1774 3626 una
1801 3579 1996 3626 natura
2029 3571 2213 3626 divina
2245 3577 2302 3626 et

720 3662 839 3718 ﬁeri
871 3673 928 3718 et
953 3663 1061 3719 dici
1091 3673 1276 3735 potest
1299 3665 1422 3721 duas
1450 3674 1683 3720 naturae.

788 3844 1095 3909 Praeterea,
1141 3859 1175 3897 ο
1224 3844 1666 3912 sapientissime,
1709 3844 1754 3898 si
1803 3857 1968 3897 carne
2019 3852 2298 3896 carentem

716 3933 1063 3989 divinitatem
1115 3951 1278 3989 unam
1331 3943 1580 3990 naturam
1631 3951 1826 3999 vocas,
1868 3944 2064 3989 natura
2115 3933 2302 3988 carnis

716 4027 1045 4083 instructam
1094 4043 1194 4082 cur
1238 4043 1430 4082 rursus
1475 4045 1639 4082 unam
1680 4029 1860 4083 dicis?
1924 4027 2072 4098 quod
2123 4028 2166 4081 si
2210 4027 2300 4081 illa

715 4126 1023 4186 permanet,
1057 4126 1115 4172 ut
1141 4119 1254 4189 ipse
1280 4118 1458 4189 fingis,
1486 4119 1578 4174 ubi
1603 4119 1785 4175 carnis
1800 4128 2074 4181 naturam,
2104 4118 2299 4171 burna-

715 4211 908 4266 nitatis
930 4221 1186 4267 naturam
1215 4223 1550 4282 assumptam
1579 4228 1702 4268 esse
1735 4212 1956 4273 asseris.
1983 4212 2037 4265 in
2068 4211 2299 4280 conjun-

715 4305 899 4360 ctione
936 4305 1058 4359 dua:
1097 4305 1466 4361 subsistentes
1501 4314 1710 4360 natura:
1747 4303 2104 4359 admittenda:
2137 4311 2294 4366 sunt,

713 4411 823 4450 non
848 4411 957 4448 una
985 4403 1195 4450 tantum
1222 4403 1436 4449 natura.
1456 4395 1512 4449 Si
1538 4405 1816 4465 assumpta
1839 4395 2075 4449 humana
2101 4403 2296 4448 natura

712 4493 908 4539 cmtera
949 4482 1134 4538 omnia
1177 4484 1435 4548 retinuit,
1483 4491 1544 4538 ut
1586 4484 1902 4538 nominetur
1944 4481 2292 4544 humanitas,

713 4573 927 4640 anima,
956 4589 1188 4644 corpus,
1221 4589 1376 4639 caro,
1413 4589 1584 4628 unum
1617 4590 1749 4629 vero
1785 4574 1890 4629 hoc
1924 4573 2112 4628 amisit
2144 4571 2290 4641 quod

711 4665 930 4721 dicatur
959 4677 1184 4730 natura,
1216 4667 1382 4735 proh,
1412 4667 1647 4720 absurda
1681 4667 1960 4729 conditio,
1993 4681 2022 4719 a
2057 4665 2290 4719 Doceta-

711 4772 834 4810 rum
866 4756 1175 4811 fautoribus
1206 4757 1457 4812 inventa!
1492 4757 1601 4812 Nos
1629 4769 1815 4812 autem
1847 4757 1982 4811 illud
2005 4754 2293 4812 contendi-

713 4865 880 4902 mus:
918 4857 978 4902 ut
1019 4857 1215 4902 caetera
1253 4849 1438 4902 omnia
1481 4851 1791 4904 retinentur
1831 4857 1889 4904 et
1927 4849 2192 4903 dicuntur
2236 4847 2289 4901 in

711 4939 1116 5008 assumptione,
1144 4947 1201 4994 et
1241 4949 1468 5010 propter
1504 4941 1764 4995 unionem
1808 4939 2027 5010 propria
2068 4939 2291 4994 nomina

713 5047 821 5084 non
853 5031 1160 5101 deponunt,
1184 5032 1258 5086 ita
1289 5031 1405 5102 ipsa
1432 5041 1628 5087 natura
1657 5033 1862 5087 dicitur
1887 5040 2113 5102 prOpter
2137 5033 2294 5085 unio-

711 5137 836 5176 nem
867 5137 1049 5191 neque
1079 5131 1361 5179 contracta
1387 5139 1568 5193 neque
1598 5125 1799 5180 deleta.
1828 5125 2119 5179 Permanet
2145 5125 2292 5180 enim

711 5223 944 5282 utraque
975 5222 1171 5268 natura
1203 5231 1313 5268 non
1346 5216 1526 5270 solum
1557 5215 1703 5285 quod
1735 5223 1821 5269 est
1847 5217 1896 5268 vi
1929 5223 2168 5278 natum,
2196 5216 2292 5270 sed

711 5302 844 5358 illud
879 5306 1126 5360 retinens
1149 5305 1297 5376 quod
1323 5321 1524 5361 nomen
1552 5306 1719 5360 habet
1743 5314 1976 5371 natura,
2005 5307 2084 5362 uti
2113 5317 2170 5362 et
2195 5307 2292 5361 tibi

709 5396 914 5452 Severo
943 5397 1183 5463 videtur,
1208 5412 1334 5453 cum
1367 5398 1434 5452 de
1466 5407 1697 5467 utraque
1729 5415 1980 5453 seorsum
2015 5399 2290 5469 loqueris;

710 5502 836 5540 nam
879 5489 1216 5558 conjuncttm
1262 5491 1402 5544 duas
1444 5498 1669 5546 naturas
1735 5490 1922 5549 dicere
1967 5491 2294 5562 plerumque

711 5592 963 5644 recusas,
994 5595 1062 5634 ne
1099 5582 1330 5638 Doeetas
1358 5597 1458 5653 per
1487 5583 1674 5638 omnia
1709 5583 2078 5638 contristeris.

781 5753 899 5813 Una
933 5757 1098 5829 igitur
1125 5759 1222 5816 Dei
1252 5761 1415 5819 Verbi
1451 5771 1681 5835 natura,
1711 5772 1766 5821 et
1797 5771 2083 5835 assumpta
2115 5771 2296 5822 carnis

2406 3388 2467 3453 ἐξ
2496 3387 2742 3462 ἀσάρκου
2779 3389 3020 3457 φύσεως,
3063 3391 3157 3444 καὶ
3189 3388 3353 3442 πάλιν
3397 3388 3458 3453 ἐξ
3499 3389 3668 3458 αὐτῆς
3701 3406 3997 3460 σεσαρκωο

2409 3479 2598 3551 μένης,
2664 3481 2763 3550 τῆς
2816 3480 3016 3552 σαρκὸς
3068 3480 3235 3551 μηδὲν
3297 3480 3655 3552 συντελούσης
3696 3483 3777 3544 εἰς
3821 3482 3998 3552 ὄνομα

2405 3571 2642 3640 φύσεως,
2677 3572 2816 3625 ἀλλά
2843 3571 2943 3641 τῆς
2969 3571 3255 3640 διαστολῆς
3285 3570 3377 3626 τοῦ
3417 3572 3612 3642 χρόνου
3647 3571 3807 3625 τοῦτο
3841 3589 3998 3644 χαρι-

2406 3661 2642 3732 ζομένης
2676 3663 2741 3732 τῇ
2768 3663 2867 3732 μιᾷ
2893 3661 3052 3731 φύσει
3089 3665 3153 3732 τῇ
3183 3662 3364 3733 θεῖκῇ,
3396 3666 3458 3716 τὸ
3490 3663 3585 3716 καὶ
3604 3664 3868 3732 γενέσθαι
3899 3664 3995 3718 καὶ

2403 3753 2658 3821 λέγεσθαι
2693 3753 2786 3806 δύο
2818 3753 3029 3822 φύσεις.
3191 3776 3200 3781 ·

2476 3840 2630 3907 Εἶτα,
2667 3839 2713 3897 ὦ
2751 3845 2928 3898 πάντα
2953 3845 3106 3913 σοφὲ,
3138 3847 3186 3898 ει
3216 3844 3432 3914 γυμνὴν
3463 3846 3663 3916 σαρκὸς
3694 3843 3868 3899 οὖσαν
3897 3845 3995 3913 τὴν

2404 3935 2634 4006 θεότητα
2685 3936 2816 4007 μίαν
2865 3937 3027 4006 φύσιν
3081 3935 3394 4008 ὀνομάζεις,
3443 3936 3862 4008 προσλαϐοῦσαν
3896 3937 3996 4008 τὴν

2405 4028 2568 4098 φύσιν
2614 4029 2712 4098 τῆς
2765 4027 2988 4099 σαρκδς,
3037 4029 3152 4092 πῶς
3189 4028 3350 4082 πάλιν
3392 4029 3522 4098 μίαν
3546 4028 3845 4091 ἀποκαλεῖς
3880 4047 3896 4092 ;
3935 4027 3995 4080 Εἰ

2406 4117 2660 4182 σώζεται,
2688 4115 2880 4188 ὥσπερ
2907 4117 3002 4169 καὶ
3027 4118 3091 4170 σὺ
3123 4118 3318 4181 ποιεῖς,
3355 4116 3504 4171 ἔστιν
3533 4117 3622 4170 ὅτε
3659 4117 3866 4186 σαρκὸς
3895 4117 3997 4186 φύο

2403 4226 2509 4274 σιν,
2552 4209 2647 4261 καὶ
2691 4187 3113 4278 ἀνθρωπότητος
3151 4205 3314 4276 φύσιν
3355 4206 3530 4276 λέγων
3569 4207 3994 4279 πφσειλῆφθαι,

2402 4302 2498 4354 καὶ
2548 4302 2607 4352 ὲν
2657 4303 2720 4370 τῇ
2763 4299 3011 4354 συνθέσει
3060 4299 3437 4370 ὑφισταμένας
3461 4300 3653 4368 φύσεις
3683 4301 3841 4370 όρᾷν,
3872 4302 3996 4370 οὐκὶ

2403 4392 2535 4464 μίαν
2576 4392 2738 4461 μόνον
2769 4391 2930 4460 φύσιν
2955 4407 2969 4421 ⁸
3001 4392 3051 4443 εἰ
3085 4391 3143 4442 δὲ
3176 4391 3587 4462 προσληφθεῖσα
3611 4392 3644 4461 ἡ
3665 4391 3994 4460 ἀνθρωπίνη

2401 4482 2562 4552 φύσις
2597 4483 2778 4536 πάντα
2814 4483 2913 4550 μὲν
2941 4481 3010 4535 τὰ
3039 4481 3174 4535 ἄλλα
3201 4481 3405 4535 ἔσωσεν
3437 4482 3700 4550 ὀνόματα,
3742 4483 3804 4535 τὸ
3839 4483 3994 4550 λέγε-

2402 4573 2527 4627 σθαι
2560 4573 2943 4644 ἀνθρωπότης,
2969 4572 3136 4642 ψυχὴ.
3167 4573 3350 4641 σῶμα,
3393 4571 3551 4642 σὰρξ,
3581 4571 3740 4624 τοῦτο
3792 4573 3855 4626 δὲ
3893 4576 3992 4642 μό-

2400 4682 2491 4718 νον
2546 4663 2831 4718 ἀπώλεσεν
2876 4663 2938 4716 τὸ
2988 4664 3241 4732 λέγεσθαι
3293 4665 3476 4732 φύσις,
3521 4664 3623 4730 φεῦ
3652 4665 3754 4734 τῆς
3782 4667 3991 4719 ἀτόπου

2398 4756 2859 4827 ἀποκληρώσεως,
2875 4756 2975 4826 τῆς
2992 4758 3242 4826 ὲπινενοη
3251 4758 3418 4828 μένης
3432 4759 3544 4816 τοῖς
3577 4756 3932 4827 φιλοδοκήταε
3944 4762 3986 4820 gl

2411 4848 2604 4919 Ἡμεῖς
2630 4849 2686 4902 δὲ
2715 4848 2874 4902 τοῦτό
2896 4865 3098 4919 φαμεν,
3127 4847 3318 4920 ὥσπερ
3354 4849 3423 4902 τά
3457 4848 3593 4903 ἀλλα
3639 4849 3823 4901 πάντα
3888 4849 3990 4901 arb-

2401 4939 2552 5003 ζεται
2589 4940 2686 4993 καὶ
2722 4940 2941 5009 λέγεται
2979 4939 3082 5008 τῆς
3129 4938 3510 5011 προσλήψεως,
3555 4938 3630 5008 μὴ
3673 4939 3989 5006 ἀποϐεϐλη-

2398 5032 2531 5084 κότα
2559 5030 2629 5084 τά
2671 5029 2816 5084 ἰδικὰ
2859 5030 3098 5100 ὀνόματα
3125 5029 3214 5082 διὰ
3245 5028 3346 5098 τὴν
3373 5029 3587 5090 ἕνωσιν,
3619 5027 3797 5090 οὓτως
3832 5029 3929 5080 καὶ
3956 5030 3986 5097 ὴ

2397 5121 2558 5188 φύσις
2614 5100 2832 5189 λέγεται
2882 5123 2958 5192 μὴ
3009 5120 3443 5190 συναλειφομένη
3483 5118 3576 5172 καὶ
3602 5119 3983 5187 ἀφανιζομένη

2397 5213 2486 5266 διὰ
2517 5215 2616 5282 τὴν
2641 5213 2910 5268 σύνθεσιν.
2954 5214 3122 5267 Μένει
3158 5213 3267 5282 γὰρ
3297 5212 3535 5282 ἑκατέρα
3571 5209 3758 5278 φύσις,
3793 5214 3858 5263 οὗ
3892 5211 3988 5280 μόο

2399 5320 2487 5354 νον
2514 5302 2648 5372 ὅπερ
2679 5303 2794 5354 ἐστὶ
2827 5305 2892 5371 τῇ
2935 5286 3132 5370 φύσει,
3155 5301 3292 5355 ἀλλὰ
3324 5300 3420 5353 καὶ
3457 5301 3656 5369 ἔχουσα
3700 5300 3844 5370 ὅπερ
3875 5301 3986 5370 εχει

2398 5395 2571 5465 ὄνομα
2601 5397 2667 5464 τῇ
2725 5394 2909 5463 φύσει,
2939 5394 3128 5464 ὥσπερ
3159 5395 3255 5446 καὶ
3291 5394 3374 5445 σοι
3409 5392 3633 5462 Σευήρῳ
3658 5391 3830 5454 δοκεῖ,
3862 5393 3988 5444 ὅταν

2403 5489 2528 5558 περὶ
2553 5488 2792 5555 ἑκάστης
2823 5487 2966 5550 ἰδίως
2986 5486 3227 5557 διαλέγῃ·
3255 5487 3372 5555 ἄμα
3407 5486 3514 5553 γὰρ
3537 5484 3639 5544 τὰς
3669 5483 3766 5536 δύο
3796 5483 3986 5552 φύσεις

2399 5581 2686 5649 ὀνομάσαι,
2721 5580 2788 5632 τὰ
2820 5579 2990 5632 πολλά
3027 5581 3288 5649 παραιτῇ,
3323 5579 3410 5630 ἵνα
3453 5575 3529 5647 μὴ
3571 5575 3829 5647 λυπήσῃς
3864 5575 3987 5634 τοὺς

2403 5674 2647 5743 Δοκήτας
2684 5674 2740 5727 ἐν
2782 5673 2965 5726 πᾶσιν.

2475 5762 2620 5837 ’Λρα
2650 5759 2796 5836 οὖνὴ
2824 5764 2920 5836 μία
2949 5764 3042 5818 τοῦ
3073 5763 3207 5819 Θεοῦ
3227 5763 3399 5833 Λόγου
3426 5761 3605 5830 φύσις,
3636 5761 3728 5813 καὶ
3753 5762 3785 5832 ἡ
3820 5773 3983 5830 προσ-
