4210 6442
228 383 320 445 917
1283 395 1644 455 EPISTOLA
1685 396 1782 456 DE
1823 397 2127 460 DUABUS
2164 402 2519 464 NATURIS.

3375 413 3478 475 918

228 490 490 558 ληφθεῖσα
511 492 610 560 τῆς
633 496 833 564 σαρκὸς
863 497 1043 566 φύσις,
1076 499 1170 552 δύο
1194 502 1387 569 φύσεις
1417 505 1510 556 καὶ
1543 506 1680 558 είσὶν
1709 506 1796 557 καὶ

1903 517 2119 574 natura,
2145 509 2268 567 dua:
2292 523 2502 567 natura:
2528 523 2655 568 sunt
2677 523 2733 569 et
2756 515 3048 583 dicuntur;
3077 524 3134 571 tu
3159 532 3290 574 vero
3315 537 3477 577 unam

227 581 474 647 ὶέγονται
509 599 523 612 ο
562 586 626 637 σὺ
653 587 709 638 δὲ
746 587 846 656 τὴν
885 589 1012 656 μίαν
1047 591 1148 659 μὲν
1183 597 1547 666 παρασιωπᾷς
1578 597 1674 666 τὴν
1706 597 1805 665 τῆς

224 673 446 740 σαρκὸς,
476 676 550 744 μὴ
585 678 930 749 συναριθμῶν
946 680 1147 753 ταύτην
1181 687 1246 754 τῇ
1263 685 1628 756 θεότητι,άλλ“
1651 690 1807 758 ἐφελ-

225 763 456 832 κόμενος
493 766 592 833 μὲν
621 769 717 820 καὶ
757 770 1085 842 παρασύρων
1107 773 1298 845 αὐτὴν,
1331 776 1379 827 εί
1421 779 1494 847 μή
1534 796 1637 832 που
1666 781 1804 835 ίδια-

223 852 446 917 ζόντως,
486 856 676 928 ὥσπερ
717 859 746 911 δ
791 860 950 932 ἔφην.
991 864 1104 933 Τὴν
1146 864 1202 918 δὲ
1232 866 1328 936 τῆς
1356 866 1607 940 θεότητος
1644 873 1804 940 μόνον

220 943 506 1012 ὀνομάζων
532 948 715 1016 φύσιν,
766 953 861 1004 καὶ
886 954 1113 1025 ταύτην,
1153 957 1230 1021 ὡς
1260 958 1325 1012 σὺ
1360 961 1484 1030 φὴς,
1517 961 1595 1032 τῷ
1627 964 1803 1035 χρόνῳ

223 1035 673 1106 συνδιαστέλλων,
707 1044 900 1113 καινὴν
931 1046 1066 1114 ἡμῖν
1100 1050 1469 1118 φυσιολογίαν,
1513 1054 1712 1121 μᾶλλον
1744 1056 1802 1109 δὲ

224 1127 566 1194 μωρολογίαν
594 1133 884 1204 τερατεύῃ,
919 1136 1016 1206 τὴν
1064 1139 1195 1208 μίαν
1249 1141 1410 1209 φύσιν
1459 1142 1552 1196 δύο
1611 1146 1804 1214 φύσεις

221 1214 515 1270 ἀποκαλῶν
549 1235 562 1248 ·
596 1219 670 1283 ὡς
729 1223 778 1275 εί
815 1225 1154 1296 σαφέστερον
1203 1229 1340 1299 ἔφης
1383 1232 1520 1302 ὅπερ
1549 1234 1800 1304 ἐνόησας,

222 1305 448 1375 πρέῖηην
481 1309 577 1361 καὶ
608 1309 892 1383 δευτέραν,
931 1318 1027 1370 καὶ
1061 1321 1090 1372 ό
1127 1322 1204 1389 μὴ
1232 1319 1558 1392 βουλόμενος
1589 1326 1686 1388 τὰς
1709 1326 1803 1379 δύο

222 1396 415 1485 φύσεις
449 1399 544 1451 τοῦ
587 1403 849 1471 Χριστοῦ,
889 1407 982 1461 δύο
1017 1410 1365 1480 ὁμολογῆσαι,
1402 1416 1502 1485 τὴν
1543 1418 1672 1484 μίαν
1709 1418 1803 1470 δύο

220 1483 394 1550 λέγων
429 1488 530 1541 οὐκ
557 1492 788 1564 αἰσχύνῃ
821 1511 837 1558 ;
877 1496 1025 1566 Πλὴν
1062 1499 1229 1552 πολλὰ
1260 1483 1579 1572 περιελθὼν,
1611 1521 1802 1558 παντε-

219 1577 325 1640 λῶς
378 1585 574 1649 φυγεῖν
622 1584 721 1654 τὴν
748 1587 1008 1655 ἀλήθειαν
1033 1589 1134 1642 οὐκ
1160 1590 1452 1661 ἡδυνήθης.
1478 1594 1663 1647 Εἰπὼν
1691 1597 1801 1665 γάρ

218 1670 342 1731 τοὺς
380 1673 448 1741 τῇ
491 1673 904 1747 ὲνανθρωπήσει
942 1681 1250 1748 πρέποντας
1281 1685 1570 1748 ταπεινοὺς
1610 1686 1800 1754 λόγους

219 1761 309 1812 ἐπὶ
349 1763 446 1833 τὴν
478 1765 712 1837 θεότητα
745 1769 903 1835 ἄγειν
931 1773 1057 1834 τοὺς
1098 1775 1430 1841 Ἀρειανοὺς,
1471 1778 1677 1843 ἔδειξας
1707 1780 1802 1833 καὶ

1908 601 2106 656 retices
2133 604 2316 658 carnis
2342 612 2592 659 naturam
2610 646 2624 669 ,
2651 616 2814 676 atque
2844 608 3124 664 divinitati
3155 625 3264 665 non
3297 627 3478 668 annu-

1906 706 2117 756 meras,
2157 694 2253 748 sed
2293 711 2414 750 eam
2454 697 2644 760 elidis,
2675 707 2731 752 et
2761 699 3000 765 omittis,
3029 699 3136 755 nisi
3172 702 3314 758 forte
3355 719 3477 758 eam

1905 797 2156 836 seorsum
2184 800 2474 849 memores,
2499 789 2578 841 uti
2606 788 2721 842 dixi
2757 807 2770 842 :
2798 804 2926 844 cum
2959 799 3141 846 autem
3173 792 3481 848 divinitatis

1909 883 2121 928 tantum
2138 888 2392 931 naturam
2418 895 2599 944 vocas,
2628 881 2910 951 illamque,
2933 885 3318 951 utcontendis,
3345 895 3481 941 tem-

1904 981 2040 1036 pore
2085 967 2410 1039 distinguis,
2449 988 2648 1026 novam
2700 975 2862 1029 nobis
2913 976 3343 1047 physiologiam,
3384 990 3480 1035 aut

1903 1058 2088 1126 potius
2114 1062 2521 1131 stultiloquium
2547 1067 2848 1134 excogitas,
2873 1067 3002 1121 dum
3032 1083 3197 1122 unam
3225 1077 3478 1125 naturam

1904 1147 2044 1204 duas
2092 1163 2321 1206 naturas
2367 1168 2556 1208 vocas.
2589 1154 2805 1209 Clarius
2856 1171 2987 1211 sane
3035 1166 3274 1212 mentem
3329 1167 3478 1213 tuam

1902 1243 2292 1308 expressisses,
2326 1245 2561 1313 primam
2605 1246 2844 1300 dicendo
2881 1255 2939 1302 et
2972 1249 3296 1304 secundam.
3330 1251 3480 1304 Duas

1902 1329 2104 1383 Christi
2135 1340 2360 1385 naturas
2393 1333 2643 1386 conﬁteri
2676 1334 2815 1387 duas
2847 1349 2974 1388 cum
3004 1334 3282 1399 nolueris,
3312 1351 3477 1388 unam

1902 1420 2038 1474 duas
2072 1437 2271 1476 vocare
2313 1438 2422 1475 non
2465 1424 2776 1477 erubescis!
2818 1425 2887 1479 At
2925 1426 3057 1480 licet
3095 1433 3179 1478 tot
3215 1424 3480 1481 ﬂexiones

1901 1512 2253 1579 quaesiveris,
2282 1515 2566 1568 veritatem
2603 1517 2834 1569 omnino
2863 1516 3109 1571 devitarc
3140 1533 3252 1572 non
3287 1518 3477 1588 potui-

1902 1603 1990 1657 sti.
2026 1603 2160 1656 Nam
2195 1605 2418 1674 quando
2451 1605 2593 1662 dicis
2628 1608 2697 1662 ab
2729 1607 2953 1662 Arianis
2987 1608 3227 1663 humiles
3262 1624 3473 1664 sermo-

1902 1709 2002 1748 nes
2048 1704 2104 1749 et
2144 1695 2520 1752 incarnationi
2545 1697 2991 1754 accommodatas
3035 1698 3102 1753 ad
3127 1697 3476 1754 divinitatem

1905 1787 2130 1853 referri,
2158 1790 2400 1858 probasti
2442 1791 2527 1844 vel
2568 1791 2778 1846 invitus
2815 1791 2941 1845 illos
2977 1805 3089 1844 non
3131 1791 3229 1844 uni
3264 1799 3483 1844 natura:

219 1851 365 1904 ἄκων
396 1853 562 1924 μὴ’τῇ
621 1859 720 1928 μιᾷ
765 1860 948 1927 φύσει,
987 1864 1262 1917 τουτέστιν
1302 1871 1366 1937 τῇ
1398 1867 1576 1938 θεϊκῇ,
1611 1872 1676 1940 ἣν
1705 1873 1796 1924 καὶ

1904 1888 2247 1947 competere,
2278 1879 2384 1934 hoc
2419 1888 2504 1932 est
2536 1879 2766 1944 divinae,
2798 1894 2963 1948 quam
2997 1878 3168 1932 solam
3202 1877 3279 1930 ibi
3314 1887 3479 1930 natu-

222 1941 389 2010 μόνην
417 1944 581 2011 φύσιν
611 1947 902 2018 ὀνομάζειν
925 1953 1159 2006 ἐνταῦθα
1180 1954 1363 2029 βιάζῃ,
1393 1959 1456 2010 ὲκ
1483 1959 1576 2013 τοῦ
1604 1962 1796 2016 Αἰλού-

345 2036 680 2124 παραλαϐών
710 2055 723 2069 ·
769 2041 883 2094 ἀλλ’
938 2044 1101 2115 ἑτέρᾳ
1159 2049 1265 2100 τινὶ
1305 2049 1548 2119 δηλονότι
1587 2056 1651 2122 τῇ
1697 2057 1798 2124 τῆς

219 2118 635 2213 ἀνθρωπότητος
664 2128 761 2197 τῆς
787 2129 1060 2196 οὐσιωδῶς
1091 2118 1377 2208 ήνωμὲνης
1407 2140 1482 2208 τῷ
1503 2118 1798 2213 Θεῷ-Λόγίρ

219 2208 478 2305 ἁρμόζειν
509 2215 749 2280 τούτους.
793 2219 857 2271 Τί
892 2222 1002 2293 γάρ
1025 2225 1210 2296 ἕτερόν
1239 2232 1388 2282 ἐστιν
1421 2232 1482 2284 τὸ
1524 2208 1796 2305 ἶενανθρωζ

217 2301 390 2396 πῇσαι
420 2306 513 2358 τὸν
536 2307 670 2361 Θεὸν
696 2312 892 2382 Λόγον,
921 2315 953 2386 ἢ
976 2318 1037 2368 τὸ
1055 2319 1112 2370 ὲν
1144 2321 1522 2396 ἀνθρωπότητι
1544 2301 1797 2395 γενέσθαι

216 2392 379 2446 αὐτόν
406 2410 422 2457 ;
456 2398 515 2449 Ei
544 2399 600 2452 δὲ
631 2403 772 2456 κατά
804 2406 967 2472 φύσιν
1005 2409 1104 2480 οὐχ
1136 2412 1370 2483 ἁρμόζει
1398 2392 1476 2488 τῷ
1496 2392 1615 2489 Θεῷ
1639 2421 1796 2493 Λόγῳ

215 2486 282 2580 τά
311 2503 372 2539 τε
415 2490 560 2562 πάθη
586 2495 679 2547 καὶ
708 2497 777 2550 τὰ
813 2502 1047 2554 ταπεινὰ
1099 2505 1344 2575 ῥήματα.
1392 2486 1500 2579 ἄρα
1543 2486 1606 2580 γε
1655 2486 1796 2570 κατά

216 2577 378 2642 φύσιν
408 2580 640 2652 ἁρμόζει
672 2589 738 2658 τῇ
775 2588 1153 2662 ἀνθρωπότητι
1194 2577 1534 2662 αὑτοῦ,κάτά
1556 2577 1620 2656 ⁷δὲ
1652 2606 1796 2657 οίκο-

213 2671 450 2742 νομικὴν
473 2675 751 2731 οίκείωσιν
785 2682 880 2733 καὶ
918 2683 1068 2754 αὺτῷ
1096 2684 1173 2753 τῷ
1203 2688 1326 2758 Θεῷ
1359 2691 1536 2762 Λόγῳ,
1573 2696 1652 2764 τῷ
1676 2699 1797 2749 κατ’

212 2764 404 2857 ούσίαν
426 2766 690 2823 ἑνώσαντι
719 2772 899 2844 ἑαυτῷ
952 2777 1054 2845 τὴν
1107 2780 1526 2854 ἀνθρωπότητα,
1585 2789 1650 2857 ἢν
1702 2790 1798 2843 καὶ

216 2856 398 2924 σάρκα
427 2859 787 2934 ὲψυχωμένην
808 2864 952 2937 ψυχῇ
983 2868 1175 2942 λογικῇ
1203 2889 1403 2943 φαμεν,
1426 2876 1522 2930 καὶ
1544 2856 1796 2936 ἑνωθέντι

214 2947 352 3018 αὐτῇ
390 2951 514 3002 κατ’
543 2952 750 3011 οὐσίαν.
788 2957 947 3014 Οὕτω
992 2962 1100 3032 γάρ
1163 2966 1257 3018 καὶ
1299 2968 1518 3038 ἀπαθής
1573 2974 1721 3026 ἐστιν
1767 2977 1797 3028 ό

213 3038 450 3134 Χριστὸς
481 3046 546 3134 τῇ
576 3043 814 3118 θεότητι,
848 3053 943 3104 καὶ
985 3054 1231 3125 παθητὸς
1263 3060 1326 3128 τῇ
1355 3059 1629 3126 ούσιωδῶς
1657 3066 1797 3134 ἠνω-

215 3131 353 3200 μένῃ
386 3133 536 3205 αὐτῷ
565 3140 750 3208 σαρκί.

285 3223 354 3275 Τί
392 3225 449 3277 δὲ
485 3228 580 3280 καὶ
611 3237 969 3302 συκοφαντεῖς
1017 3239 1368 3310 Ἀρειανούςς
1399 3246 1536 3301 Οὐδὲ
1567 3249 1677 3320 γὰρ
1700 3251 1798 3305 αὑ-

213 3315 297 3367 τοὶ
329 3317 396 3369 τὰ
427 3319 528 3390 τῆς
564 3327 767 3394 σαρκὸς
797 3329 969 3400 πάθη,
995 3334 1242 3389 τουτέστι
1288 3339 1524 3409 σταυρὸν
1559 3315 1656 3396 καί
1693 3347 1800 3415 μά-

216 3422 413 3507 στιγας
440 3412 536 3507 καὶ
562 3414 877 3507 διατρήσεις
901 3423 1049 3492 ἥλων
1079 3427 1175 3480 καὶ
1218 3427 1451 3484 θάνατον
1478 3432 1666 3501 ἔλεγον
1695 3412 1800 3507 τὴν

213 3497 447 3595 θεότητα
496 3505 844 3595 επιδέχεσθαι
879 3515 982 3583 πρὸ
1019 3517 1122 3586 τῆς
1151 3497 1645 3595 ἑνανθρωπήσεωτς,
1681 3497 1798 3582 ἀλλ’

212 3589 339 3692 οὐδὲ
377 3592 520 3692 μετά
550 3596 651 3665 τὴν
701 3601 1121 3676 ἐνανθρὼπησιν
1141 3625 1159 3643 ο
1205 3589 1331 3665 ἀλλ’*
1353 3589 1599 3688 ὲάννᾶρα
1633 3589 1702 3674 τὰ
1729 3625 1796 3692 τῇ

209 3679 360 3776 ψυχῇ
391 3683 702 3776 ἀρμόζοντα
730 3694 872 3747 κατά
903 3696 1085 3764 φύσιν,
1113 3700 1289 3774 λύπην
1317 3705 1413 3759 καὶ
1437 3679 1681 3776 ἀγωνίαν
1704 3679 1798 3766 καί

211 3773 281 3824 τὰ
312 3774 525 3870 τούτοις
549 3781 733 3849 ὃμοια.
770 3786 915 3856 Πρὸς
947 3787 1042 3852 οὓς
1073 3773 1498 3866 ἀποτεινόμενος
1542 3800 1799 3870 Ἀμφιλό-

213 3868 458 3965 pag-ca
481 3869 632 3942 πάθη
671 3877 766 3929 καὶ
786 3879 856 3932 τά
885 3884 1120 3938 ταπεινά
1147 3886 1372 3957 ῥήματα
1406 3893 1471 3961 τῇ
1506 3868 1671 3960 φύσει
1698 3896 1797 3965 τῆς

214 3961 423 4052 σαρκὸς
447 4004 462 4026 ,
495 3965 666 4034 ἧγουν
698 3969 797 4039 τῆς
827 3971 1253 4047 ἀνθρωπότητος
1283 3981 1602 4052 ἀπένειμεν,
1645 3987 1712 4040 τὰ
1740 3961 1796 4041 δὲ

211 4051 475 4148 θαύματα
499 4059 567 4126 τῇ
591 4059 750 4126 φύσει
780 4064 878 4133 τῆς
903 4065 1157 4139 θεότητος
1182 4087 1194 4099 ·
1219 4071 1315 4124 καὶ
1347 4051 1551 4139 ταύτας
1583 4077 1795 4148 διακρί-

213 4160 333 4196 νειν
365 4145 468 4217 ἔφη
495 4148 594 4212 τὰς
627 4152 819 4220 φύσεις
841 4170 857 4187 ⁸
896 4157 998 4210 οὐκ
1029 4158 1137 4228 ἀρα
1178 4157 1272 4214 οὖν
1305 4164 1501 4233 φύσεις
1529 4167 1628 4238 τὴν
1666 4145 1795 4239 μίαν

213 4235 380 4300 φύσιν
409 4239 632 4310 ἐνόησεν
678 4245 1053 4317 ’Δμφιλόχιος,
1080 4250 1114 4320 ἢ
1137 4252 1296 4317 ἄλλος
1327 4273 1412 4318 τις
1436 4257 1544 4312 τῶν
1575 4235 1793 4324 όρθοδό-

209 4325 322 4391 ξων
372 4331 653 4403 Πατέρων.
709 4337 769 4390 Ὅ
800 4338 858 4392 δὲ
901 4342 1094 4412 χρόνον
1129 4340 1286 4400 εἶπεν
1321 4347 1657 4419 διακρίνειν,
1703 4355 1796 4408 καὶ

206 4421 391 4492 τούτῳ
446 4426 847 4499 συνδιακρίνειν
893 4435 989 4487 καὶ
1034 4437 1468 4494 συνδιαστέλλειν
1514 4445 1615 4515 τὴν
1663 4447 1794 4516 μίαν

1907 1984 2021 2023 ram
2049 1985 2252 2025 vocare
2282 1970 2526 2031 conaris,
2553 1969 2728 2024 Eluri
2757 1970 3006 2041 vestigiis
3037 1969 3346 2035 insecutus;
3380 1969 3475 2023 sed

1901 2062 2059 2115 alteri
2118 2077 2287 2126 sane,
2329 2061 2661 2116 humanitati
2712 2062 3149 2116 substantialiter
3190 2076 3317 2117 cum
3364 2061 3476 2116 Deo

1899 2153 2081 2208 Verbo
2131 2153 2320 2209 unitas.
2366 2153 2508 2220 Quid
2561 2155 2708 2209 enim
2761 2154 2912 2208 aliud
2971 2151 3245 2208 inearnari
3299 2152 3471 2207 Deum

1901 2241 2174 2308 Verbum,
2209 2244 2316 2299 nisi
2356 2261 2484 2300 eum
2530 2245 2587 2298 in
2632 2245 2979 2299 humanitate
3026 2242 3182 2297 ﬁeri?
3225 2241 3382 2310 Quod
3426 2243 3473 2298 si

1899 2335 2205 2390 secundum
2266 2347 2518 2392 naturam
2582 2353 2737 2392 suam
2797 2352 2908 2390 non
2973 2336 3309 2391 conveniunt
3361 2335 3474 2390 Deo

1899 2425 2082 2480 Verbo
2117 2426 2402 2496 passiones
2432 2437 2487 2483 et
2519 2428 2751 2482 humilia
2776 2427 2974 2489 verba,
3005 2441 3137 2480 sane
3167 2425 3472 2482 secundum

1898 2526 2156 2572 naturam
2185 2519 2517 2574 humanitati
2547 2521 2668 2590 ejus
2695 2519 3055 2583 conveniunt,
3083 2527 3140 2574 et
3167 2517 3473 2574 secundum

1901 2609 2298 2664 incarnationis
2327 2609 2800 2679 dispensationem
2836 2610 2938 2681 ipsi
2970 2611 3084 2665 Deo
3113 2609 3318 2675 Verbo,
3345 2610 3475 2665 sub-

1899 2701 2237 2757 stantialiter
2262 2701 2368 2756 sibi
2401 2703 2800 2758 humanitatem
2832 2702 3131 2766 adunanti,
3162 2716 3328 2772 quam
3357 2717 3476 2758 car-

1899 2807 2027 2846 nem
2063 2807 2325 2848 vocamus
2361 2793 2636 2863 spirituali
2675 2795 2856 2848 anima
2892 2793 3220 2857 animatam,
3253 2800 3310 2847 et
3341 2793 3475 2848 sub-

1900 2885 2229 2940 stantialiter
2273 2887 2376 2956 ipsi
2430 2887 2662 2941 unitam.
2701 2885 2791 2940 Sic
2832 2891 2980 2940 enim
3024 2884 3349 2955 impatibilis
3390 2896 3479 2940 est

1897 2973 2151 3030 Christus
2180 2977 2470 3032 divinitate
2489 3019 2504 3042 ,
2531 2987 2587 3032 et
2611 2978 2856 3048 patibilis
2887 2993 3052 3034 carne
3080 2978 3186 3050 ipsi
3214 2979 3476 3034 substan-

1899 3067 2102 3125 tialiter
2130 3073 2300 3127 unita.

1969 3245 2111 3312 Quid
2144 3257 2324 3304 autem
2382 3251 2616 3307 Arianos
2673 3254 3005 3308 insectaris?
3048 3255 3167 3310 Non
3213 3255 3361 3310 enim
3395 3257 3478 3312 illi

1898 3341 2084 3394 carnis
2131 3342 2437 3410 passiones,
2495 3345 2601 3399 hoc
2651 3355 2758 3410 est,
2814 3361 3038 3400 crucem
3087 3353 3143 3401 et
3180 3347 3386 3418 plagas,
3419 3358 3474 3402 et

1899 3428 2181 3484 clavorum
2229 3434 2482 3500 vulnera,
2534 3444 2591 3490 et
2634 3446 2870 3492 mortem
2903 3453 2934 3492 a
2965 3437 3254 3494 divinitate
3305 3438 3474 3496 fuisse

1899 3529 2125 3590 accepta
2177 3532 2306 3579 ante
2361 3527 2827 3593 incarnationem,
2879 3529 2974 3583 sed
3024 3544 3206 3598 neque
3241 3542 3367 3600 post
3391 3531 3476 3584 in-

1899 3613 2279 3668 carnationem
2325 3627 2718 3682 asseruerunt;
2762 3619 2857 3674 sed
2885 3635 2950 3674 ea
2978 3635 3099 3688 qua:
3129 3631 3326 3675 natura
3355 3621 3479 3675 ani‘

1901 3719 2001 3758 mae
2054 3707 2416 3768 conveniunt,
2472 3708 2719 3764 dolorem
2747 3711 2960 3765 scilicet
3007 3720 3065 3766 et
3115 3712 3390 3782 agoniam,
3419 3722 3476 3766 et

1899 3802 2098 3848 uetera
2152 3795 2381 3867 hujusce
2408 3799 2650 3868 generis.
2704 3800 2764 3853 In
2792 3816 2933 3870 quos
2972 3801 3222 3856 intentus
3246 3801 3471 3872 Amphi-

1897 3884 2134 3952 lochius,
2190 3890 2478 3957 passiones
2521 3898 2578 3945 et
2637 3890 2876 3946 humiles
2928 3908 3214 3948 sermones
3265 3901 3476 3948 naturae

1899 3977 2081 4030 carnis
2141 3979 2227 4031 vel
2304 3979 2669 4036 humanitatis
2722 3981 2951 4046 tribuit,
3021 3985 3284 4039 miracula
3341 4001 3474 4039 vero

1899 4074 2110 4120 natura:
2154 4067 2482 4124 divinitatis.
2527 4071 2662 4126 Istas
2700 4072 2778 4126 ait
2813 4087 2870 4127 se
2919 4073 3258 4145 distinguere
3314 4085 3474 4130 natu-

1897 4170 2020 4219 ras;
2052 4171 2164 4210 non
2198 4173 2333 4212 VCI'O
2363 4170 2595 4215 naturas
2645 4178 2807 4216 unam
2861 4178 2982 4217 esse
3024 4174 3278 4219 naturam
3305 4181 3473 4220 8X00-

1897 4244 2094 4314 gitavit
2131 4248 2572 4317 Amphilochius,
2625 4268 2808 4323 neque
2869 4255 3013 4309 alius
3053 4257 3179 4324 quis
3209 4257 3476 4312 orthodo-

1899 4351 2095 4391 xorum
2175 4339 2420 4396 Patrum.
2468 4342 2710 4399 Severus
2780 4354 2966 4401 autem
3027 4345 3181 4401 illum
3224 4357 3474 4418 tempora

1896 4425 1976 4479 ait
2028 4426 2394 4497 distinguere,
2451 4440 2508 4486 et
2554 4433 2628 4486 ita
2696 4433 2862 4488 simul
2913 4451 3078 4490 unam
3127 4446 3380 4492 naturam
3420 4441 3475 4493 in

210 4515 378 4581 φύσιν
420 4521 502 4582 είς
542 4521 636 4575 δύο
667 4523 880 4592 φύσεις.
923 4527 1084 4582 Ἀλλά
1122 4529 1282 4599 μόνος
1331 4534 1396 4586 σὺ
1443 4515 1711 4607 Σευῆρος,
1765 4541 1793 4592 ό

1897 4515 2036 4571 duas
2078 4517 2401 4576 discernere
2457 4532 2514 4576 et
2557 4521 2902 4594 distinguere
2949 4535 3195 4581 naturas.
3230 4529 3300 4582 At
3328 4529 3481 4583 solus

207 4609 280 4661 τὰ
328 4609 468 4679 ὀρθά
513 4613 858 4686 διαστρέφων
899 4619 989 4672 διὰ
1038 4621 1131 4674 τὸν
1169 4621 1302 4676 ῐδιον
1340 4626 1565 4690 σκοπὸν,
1597 4629 1693 4683 καὶ
1742 4632 1791 4683 oi

211 4715 282 4751 πε
291 4699 533 4768 ιθόμενοί
551 4721 655 4766 σοι,
671 4705 700 4756 ὁ
715 4708 814 4776 τὴν
833 4710 1286 4785 ψηφοπαικτικήν
1300 4732 1393 4768 σου
1416 4720 1792 4787 φυσιολογίαν,

213 4790 419 4881 μᾶλλον
453 4794 510 4846 δὲ
535 4798 920 4867 τερατολογίαν
939 4842 952 4864 ,
1001 4803 1221 4870 διδάξας
1247 4807 1374 4872 τοὺς
1397 4809 1791 4881 ἀποσχίζεσθαι

184 4929 188 4934 ,
211 4878 582 4948 βουλομένους
609 4887 708 4953 τῆς
731 4889 1010 4958 ἀληθείας.

296 4972 764 5042 Ἐπαναλαϐόντες
794 4979 852 5034 δὲ
879 4981 1042 5036 πάλιν
1066 4986 1248 5053 φαμέν
1277 5004 1290 5018 ο
1327 4989 1389 5042 Ei
1420 4991 1509 5045 διά
1541 4992 1642 5061 τὴν
1672 4972 1812 5047 διαί

207 5061 410 5131 στολὴν
435 5063 532 5117 τοῦ
559 5067 750 5136 χρόνου
781 5072 813 5141 ἡ
859 5072 957 5141 μία
988 5074 1146 5141 φύσις
1167 5076 1260 5130 δύο
1283 5078 1521 5146 λέγεται,
1557 5084 1650 5136 καὶ
1669 5085 1789 5156 οὐχ).

204 5157 296 5208 διὰ
323 5157 426 5226 τὴν
447 5159 642 5214 ἕνωσιν
664 5162 764 5232 τῆς
789 5165 980 5235 θεῖκῆς
999 5167 1217 5235 φύσεως
1261 5172 1353 5224 καὶ
1382 5174 1481 5242 τῆς
1510 5176 1785 5246 ἀνθρωπίσ

203 5268 327 5317 νης,
363 5250 457 5304 δύο
484 5252 675 5318 φύσεις
702 5256 852 5310 ἐστὶν
881 5257 909 5308 ό
928 5258 1185 5326 Χριστὸς.
1216 5263 1338 5316 οὐδὲ
1363 5265 1426 5317 ὲκ
1451 5265 1544 5318 δύο
1574 5267 1790 5335 φύσεὼν

205 5346 361 5396 ἐστιν
404 5347 431 5397 ό
465 5346 740 5414 Χριστόςο
779 5348 894 5402 ἀλλ’
930 5351 980 5402 εί
1015 5352 1123 5422 ἄρα
1148 5355 1210 5405 ὲκ
1244 5357 1374 5424 μιᾶς
1406 5356 1504 5425 μέν
1529 5359 1696 5423 ἐστιν,
1726 5362 1790 5414 ὲκ

204 5433 302 5487 δύο
334 5435 391 5488 δὲ
421 5436 639 5504 λέγεται
669 5439 788 5508 μὲν,
819 5441 918 5495 οὐκ
946 5441 1093 5495 ἔστιν
1121 5444 1198 5510 δὲ,
1235 5446 1333 5515 τῆς
1369 5446 1654 5519 διαστολῆς
1695 5452 1788 5504 τοῦ

205 5526 408 5596 χρόνου
441 5530 540 5598 τὴν
572 5530 701 5600 μίαν
732 5533 895 5602 φύσιν
913 5535 1012 5587 δύο
1033 5532 1294 5603 λέγεσθαι
1326 5539 1610 5611 ποιούσης,
1647 5542 1789 5595 κατά

205 5619 308 5686 τὴν
341 5617 730 5675 πολυποίκιλον
766 5624 958 5692 σοφίαν
987 5626 1249 5695 Σευῆρον.
1281 5627 1344 5680 El
1383 5627 1440 5680 δὲ
1473 5629 1505 5699 ἡ
1536 5628 1790 5702 διαστολὴ

205 5711 304 5763 τοῦ
341 5728 533 5781 χρονου
566 5715 665 5784 τὴν
698 5716 828 5784 μίαν
854 5716 1018 5784 φύσιν
1038 5717 1131 5771 δύο
1161 5719 1421 5786 λέγεσθαι
1449 5722 1750 5792 πεποίηκεν
1773 5765 1787 5788 ,

209 5807 244 5875 ἠ
279 5804 335 5859 δὲ
359 5806 613 5878 διαστολὴ
658 5808 881 5878 γέγονεν
925 5809 1012 5863 διὰ
1044 5811 1138 5881 τὴν
1169 5813 1227 5877 ἐξ
1261 5813 1492 5884 οὐρανοῦ
1523 5815 1746 5872 κάθοδον
1773 5857 1786 5886 ,

1905 4617 1960 4662 tu
1997 4609 2101 4664 hoc
2124 4610 2281 4676 facis,
2317 4611 2544 4677 Severe,
2572 4621 2623 4668 et
2663 4613 2909 4669 fautores
2940 4617 3043 4682 tui,
3073 4618 3166 4687 qui
3192 4621 3474 4688 propriam

1878 4705 1974 4760 .ob
2019 4720 2243 4760 causam
2270 4706 2473 4761 bonam
2523 4707 2687 4762 ﬁdem
2733 4708 2962 4774 evertis,
2990 4718 3048 4764 et
3080 4708 3482 4779 praestigiosam

1902 4805 2052 4852 tuam
2086 4797 2489 4868 physiologiam
2520 4800 2609 4854 vel
2634 4799 2820 4869 potius
2864 4793 3248 4869 portentosam
3272 4799 3472 4854 doctri-

1899 4905 2028 4942 nam
2081 4905 2178 4944 eos
2220 4891 2388 4945 doces
2412 4892 2507 4960 qui
2534 4907 2564 4945 a
2591 4893 2824 4946 veritate
2846 4891 3036 4946 reduci
3066 4893 3284 4946 volunt.

1972 4982 2051 5035 Ad
2101 4984 2447 5051 propositum
2495 4984 2703 5038 reversi
2752 4983 2869 5037 haec
2928 4983 3317 5039 contendimus
3357 4995 3379 5036 τ
3429 4985 3476 5038 si

1899 5082 2126 5141 propter
2157 5073 2532 5128 differentiam
2583 5083 2893 5142 temporum
2956 5089 3064 5127 una
3114 5081 3311 5128 natura
3356 5074 3480 5129 duae

1857 5202 1859 5204 -
1899 5165 2127 5228 dicitur,
2177 5181 2287 5218 non
2341 5174 2551 5230 autem,
2597 5175 2828 5235 propter
2876 5166 3140 5219 unionem
3174 5165 3374 5220 divina:
3420 5173 3479 5220 et

1899 5258 2156 5312 humanae
2192 5267 2425 5322 naturae,
2475 5257 2600 5312 duae
2644 5267 2857 5312 natum
2877 5265 2966 5312 est
2988 5257 3262 5322 Christus,
3295 5273 3476 5327 neque

1879 5364 1964 5403 .ex
2000 5349 2217 5402 duabus
2244 5349 2462 5403 naturis
2503 5356 2590 5403 est
2613 5347 2890 5404 Christus.
2917 5349 3051 5403 Nam
3103 5363 3172 5402 ex
3228 5363 3337 5402 una
3368 5356 3474 5413 est,

1898 5456 1963 5494 ex
2008 5441 2225 5495 duabus
2268 5455 2400 5496 vero
2431 5440 2658 5504 dicitur,
2694 5441 2825 5494 licet
2854 5456 2964 5494 non
2992 5441 3085 5505 sit,
3137 5439 3264 5509 quia
3310 5453 3477 5492 unam

1898 5542 2155 5586 naturam
2191 5532 2330 5588 duas
2357 5548 2560 5588 vocare
2603 5533 2920 5586 ditl‘crentia
2968 5542 3274 5601 temporum
3293 5530 3474 5600 jubet,

1893 5631 2048 5699 juxta
2090 5626 2488 5682 multiformem
2521 5627 2710 5680 Severi
2754 5625 3078 5695 sapientiam
3105 5643 3123 5688 ;
3157 5633 3214 5679 at
3243 5624 3288 5678 si
3318 5623 3478 5678 diﬂ'e-

1902 5720 2076 5774 rcutia
2111 5728 2421 5789 temporum
2463 5736 2626 5774 unam
2660 5728 2915 5773 naturam
2969 5719 3108 5773 duas
3158 5731 3356 5772 vocare
3387 5718 3479 5786 ju-

1900 5818 2045 5885 bcat,
2079 5817 2195 5888 ipsa
2233 5832 2367 5873 vero
2395 5817 2511 5872 haec
2545 5815 2861 5871 diﬂ’crcntia
2891 5831 2958 5870 cx
2991 5830 3058 5871 eo
3084 5814 3156 5870 sit
3181 5821 3302 5870 orta
3327 5811 3476 5883 quod
