4210 6442
671 370 776 433 919

1936 374 1981 430 Ε
1993 371 2034 431 U
2044 367 2221 430 STA'i
2232 362 2279 421 Η
2291 362 2307 417 ί
2319 361 2341 418 l
2373 353 2715 418 MONACIII

3844 358 3949 423 9'20

668 465 738 517 de
772 465 913 519 cmlo
945 463 1318 530 descenderit,
1345 473 1396 519 et
1433 462 1500 517 ad
1526 478 1631 518 nos
1652 464 1870 518 venerit
1900 478 2004 517 una
2027 470 2243 525 natura,

2355 461 2440 512 καὶ
2469 460 2609 530 πρὸς
2632 462 2783 531 ἡμᾶς
2819 461 3114 532 ὶπιδημίαν
3134 463 3234 531 τῆς
3268 463 3397 533 μιᾶς
3421 463 3637 530 φύσεως
3666 499 3681 524 ,
3712 460 3824 530 ἄρα
3872 478 3936 528 γε

668 573 796 612 cum
844 557 1041 613 eadem
1094 559 1323 629 Spiritus
1379 559 1434 612 in
1481 558 1693 613 inferos
1740 557 1961 621 adierit,
2010 566 2125 610 trcs
2162 554 2247 608 di-

668 653 844 707 eenda
887 654 999 707 erit
1044 669 1150 708 una
1204 661 1442 711 natura;
1481 654 1591 707 imo
1632 666 1801 720 super
1850 666 2047 706 omnes
2073 650 2249 705 ccelos

671 761 868 800 rursus
893 746 1103 801 elevata
1129 760 1317 799 coram
1348 746 1461 800 Deo
1491 744 2038 813 splendet-.quatuor
2077 742 2247 810 igitur

669 844 882 890 natura:
906 843 1093 891 erunt.
1123 833 1241 902 Qua
1262 836 1330 889 de
1361 850 1523 889 causa
1554 850 1663 888 non
1689 834 1867 888 solum
1893 833 2247 901 exquiremus

669 944 791 998 quae
821 937 1018 982 natura
1065 928 1161 983 Dei
1187 944 1354 983 carne
1398 928 1676 992 carentis,
1711 938 1767 983 et
1790 942 1913 997 qua:
1948 924 2244 988 incarnati,

670 1018 765 1073 sed
808 1020 977 1073 etiam
1028 1035 1152 1089 quae
1198 1019 1426 1074 animati
1477 1027 1692 1074 tantum
1738 1019 1837 1073 Dei
1863 1020 2012 1090 (nam
2038 1018 2247 1086 absque

669 1125 836 1167 carne
866 1112 1100 1168 infernis
1124 1112 1307 1182 adiit),
1334 1121 1391 1167 et
1424 1126 1545 1181 qua:
1562 1120 1762 1167 natura
1780 1112 1900 1177 Dei,
1934 1125 2100 1167 carne
2123 1110 2249 1179 qui-

669 1201 796 1261 dem
844 1203 1140 1269 instructa,
1194 1203 1290 1258 sed
1346 1203 1757 1274 incorruptibili
1791 1213 1849 1259 et
1905 1201 2249 1257 immortali?

669 1310 795 1349 nam
839 1295 907 1349 ad
951 1296 1085 1350 istas
1115 1296 1352 1364 ineptias
1383 1295 1611 1361 deducit
1659 1312 1762 1352 nos
1800 1303 2112 1351 monstrosa
2146 1292 2247 1349 do-

669 1389 845 1443 ctrina
881 1387 1092 1444 Severi.

736 1562 931 1632 Neque
980 1563 1086 1619 hoc
1135 1564 1529 1631 omittendum,
1579 1566 1727 1635 quod
1760 1566 1817 1621 in
1845 1566 1992 1622 libro
2023 1569 2249 1622 Amator

669 1651 778 1704 veri
830 1652 1100 1722 inscripto
1148 1654 1289 1707 dixit
1342 1670 1357 1707 :
1416 1673 1460 1715 ι,
1491 1655 1701 1709 Vanum
1740 1667 1828 1710 est
1874 1671 2126 1725 qumrere
2179 1655 2246 1710 dc

2349 551 2767 623 ὲπιδημησάσης
2789 552 2961 623 αὐτῆς
2986 557 3100 619 τοῖς
3126 557 3184 609 ὲν
3213 555 3430 626 φυλακῇ
3457 555 3758 624 πνεύμασι,
3780 555 3936 623 τρεῖς

2351 643 2543 714 φύσεις
2580 643 2968 715 λεχθήσεταιή
3019 646 3119 716 μία
3154 647 3339 715 φύσις.
3375 648 3484 701 Καὶ
3523 646 3689 700 πάλιν
3721 644 3936 707 ἀναϐὰς

2349 737 2608 806 ὑπεράνω
2662 736 2882 790 πάντων
2932 737 3038 790 τῶν
3082 738 3349 810 οὐρανῶν,
3409 738 3814 808 ἐμφανισθῆναι
3857 737 3938 806 τῷ

2344 831 2628 901 προσώπῳ
2652 830 2748 883 τοῦ
2782 830 2943 895 Θεοῦ,
2977 832 3244 902 τέσσαρες
3272 831 3464 900 φύσεις
3488 830 3665 884 ἐσται.
3697 830 3811 882 Καὶ
3845 828 3937 881 διά

2346 921 2509 974 τοῦτο
2531 922 2593 974 οὐ
2637 919 2799 992 μόνον
2818 923 3168 993 ὲρωτήσομεν
3194 921 3278 984 τίς
3320 920 3481 990 φύσις
3503 921 3750 989 ἀσάρκου
3771 919 3934 983 Θεοῦ,

2349 1015 2443 1069 καὶ
2492 1017 2576 1078 τίς
2606 1014 3030 1086 σεσαρκωμένου
3052 1054 3069 1080 ,
3097 1013 3235 1068 ἀλλά
3260 1013 3357 1067 καὶ
3375 1012 3460 1076 τίς
3497 1011 3661 1080 φύσις
3683 1008 3934 1080 ἐμψύχου

2353 1105 2513 1176 μόνον
2538 1106 2677 1160 Θεοῦ
2701 1104 2717 1139 έ
2742 1106 2985 1178 ἄσαρκος
3014 1107 3121 1177 γὰρ
3150 1105 3498 1175 ἐπεδήμησεν
3527 1106 3642 1166 τοῖς
3665 1105 3725 1155 ιν
3758 1102 3890 1173 ᾅδου
3918 1118 3932 1130 ·

2350 1199 2444 1252 καὶ
2492 1199 2577 1262 τίς
2627 1200 2790 1268 φύσις
2837 1200 2997 1263 Θεοῦ,
3050 1198 3475 1270 σεσαρκωμένου
3511 1196 3631 1266 μὲν,
3677 1195 3845 1264 σαρκὶ
3878 1191 3937 1244 δὲ

2349 1289 2615 1362 ἀφθάρτῳ
2665 1292 2760 1345 καὶ
2791 1292 3081 1363 ἀθανάτῳ·
3129 1292 3209 1354 είς
3238 1290 3446 1359 ταύτην
3491 1287 3602 1359 γάρ
3631 1287 3731 1357 τὴν
3770 1284 3940 1354 φλυα-

2352 1382 2476 1453 ρίαν
2499 1382 2727 1454 ποδηγεῖ
2759 1382 2907 1453 ήμᾶς
2949 1381 3019 1436 τά
3049 1381 3436 1454 τερατόμορφα
3481 1380 3733 1449 δόγματα
3759 1376 3936 1446 Σευή-

2354 1490 2473 1545 ρου.

2423 1567 2533 1622 Καὶ
2569 1568 2729 1621 τοῦτο
2757 1568 2816 1621 δὲ
2868 1569 3077 1631 ίστέον,
3107 1568 3191 1621 ὅτι
3220 1569 3278 1620 tv
3298 1566 3376 1635 τῷ
3421 1563 3749 1628 Φιλαλήθει
3784 1562 3941 1629 είρη·

2351 1658 2464 1722 κώς
2492 1675 2507 1688 ⁸
2568 1677 2587 1710 ι
2637 1658 2891 1712 Μάταιον
2932 1659 2994 1712 τὸ
3034 1659 3322 1730 ἐπερωτᾷν
3372 1657 3469 1710 ἐπὶ
3511 1652 3763 1724 Χριστοῦ·
3802 1651 3938 1705 ποία

669 1741 893 1798 Christo
928 1746 1110 1814 qualis
1140 1755 1368 1813 natura;
1424 1748 1532 1803 hoc
1559 1749 1710 1803 enim
1739 1748 1819 1802 nil
1846 1746 1997 1803 aliud
2025 1760 2112 1804 est
2140 1749 2246 1805 nisi

2355 1751 2546 1820 φύε-ις’
2578 1750 2736 1805 τοῦτο
2763 1750 2873 1823 γὰρ
2905 1752 3062 1804 οὐδὲν
3085 1750 3275 1818 ἔτερόν
3303 1750 3484 1813 ἔστιν,
3520 1747 3554 1818 ἢ
3588 1746 3796 1816 κυρίως
3838 1743 3936 1794 λῦ-

667 1851 928 1907 expresse
981 1839 1196 1895 solvere
1243 1841 1526 1895 unionem.
1568 1859 1586 1892 ι
1622 1841 1722 1896 Hic
1765 1848 1953 1895 monet
1976 1857 2080 1896 nos
2104 1841 2244 1912 ipse,

2355 1814 2441 1897 σαι
2466 1814 2565 1915 τήν
2608 1814 2804 1897 mm};
2823 1814 2885 1895 ’ἰ
2922 1842 3159 1897 ἐνταῦθα
3181 1814 3427 1905 ῂὲδίδαξεν
3455 1814 3604 1910 ήμάς
3622 1814 3719 1890 καὶ
3746 1836 3937 1897 αὐτὸς.

671 1937 731 1983 ut
759 1945 899 1999 papa
926 1928 1037 1985 Leo
1071 1932 1169 2001 (5),
1218 1930 1412 1986 dicens
1435 1946 1560 2001 qua:
1591 1947 1655 1987 ac
1685 1947 1828 2002 quae,
1852 1941 1913 1986 ut
1940 1947 2249 2002 qumramus

668 2020 850 2089 qualis
879 2028 1077 2076 natura
1114 2020 1170 2075 in
1209 2022 1394 2078 crucis
1428 2023 1582 2093 ligno
1611 2023 1964 2093 pependerit.
2006 2023 2250 2077 Interro-

669 2113 880 2183 gabunt
925 2114 1128 2184 quibus
1179 2115 1430 2179 libuerit,
1473 2116 1600 2185 quis
1646 2124 1902 2170 mortuus
1955 2116 2048 2179 sit,
2103 2115 2251 2169 Deus

669 2221 835 2261 carne
881 2205 1211 2274 destitutus,
1246 2223 1315 2262 an
1347 2208 1493 2263 Deus
1523 2208 1895 2264 incarnatus?
1939 2207 2076 2274 Quis
2127 2206 2249 2261 ani-

670 2314 788 2355 mas
830 2300 888 2354 in
930 2298 1169 2357 infernis
1191 2300 1464 2367 docuerit,
1490 2302 1634 2356 Deus
1667 2301 1989 2356 incarnatus
2028 2316 2096 2355 an
2128 2300 2248 2355 ani-

672 2392 904 2445 matus?
938 2391 1075 2457 Quis
1113 2391 1324 2461 angelis
1352 2392 1710 2462 apparuerit?
1744 2392 1841 2446 llis
1868 2392 2130 2447 omnibus
2162 2390 2249 2444 in-

671 2482 892 2536 venitur
925 2481 1168 2537 Severus
1192 2498 1304 2537 non
1330 2483 1509 2539 solum
1541 2484 1803 2539 Patribus
1845 2498 2117 2554 pugnans,
2152 2483 2253 2540 sed

670 2573 1025 2644 sibimetipsi.
1078 2574 1313 2641 Quando
1374 2576 1523 2630 enim
1595 2576 1732 2640 vult,
1780 2592 1944 2630 unam
1992 2583 2249 2630 naturam

669 2665 892 2731 dividit,
949 2666 1200 2736 duasque
1253 2674 1484 2723 naturas
1539 2676 1598 2722 et
1642 2668 1773 2723 facit
1821 2677 1878 2723 et
1930 2668 2102 2734 dicit;
2153 2668 2249 2723 ubi

670 2771 805 2811 vero
837 2756 888 2811 ei
920 2756 1173 2819 libuerit,
1222 2766 1450 2828 propter
1478 2759 1739 2814 unionem
1771 2759 1910 2815 duas
1943 2774 2105 2813 unam
2135 2756 2251 2813 eiii-

668 2848 747 2903 cit
783 2858 840 2904 et
875 2858 1072 2904 vocat:
1109 2860 1276 2920 atque
1308 2853 1423 2906 hzec
1446 2851 1851 2908 sexcentesimo
1893 2868 2064 2922 prope
2103 2865 2251 2907 anno

668 2949 794 3009 post
872 2942 1135 2997 unionem
1164 2982 1179 3007 ,
1218 2942 1355 2997 duas
1402 2942 1881 3012 subsistentesque
1924 2952 2153 2998 naturas
2192 2943 2251 2997 in

668 3029 893 3085 Christo
931 3033 1175 3103 cogitare
1221 3032 1514 3088 conﬁtens.
1542 3036 1622 3089 Ac
1664 3050 1861 3090 rursus
1889 3050 1987 3090 eos
2021 3034 2249 3089 anathe-

2348 1936 2423 2000 ὡς
2458 1937 2487 1989 6
2519 1936 2710 1998 πάπας
2744 1934 2925 1999 Λέων,
2954 1933 3042 1987 διὰ
3102 1932 3199 1987 τοῦ
3232 1933 3408 1986 εἰπεῖν
3451 1931 3537 1993 τίς
3570 1929 3665 1983 καὶ
3694 1928 3802 1993 τίς,
3835 1927 3941 1978 επ-

2350 2029 2560 2098 ερωτᾷν
2586 2025 2713 2078 ποία
2733 2024 2896 2093 φύσις
2925 2025 2983 2078 ὲν
3009 2022 3106 2075 τοῦ
3132 2021 3365 2093 σταυροῦ
3391 2020 3536 2090 ξύλῳ
3562 2017 3940 2087 κεκρέμαστο.

2351 2119 2749 2188 Ἐρωτήσουσιν
2778 2116 2835 2170 δὲ
2883 2118 2933 2169 oi
2969 2116 3286 2186 βουλόμενοι
3312 2115 3406 2168 καὶ
3446 2112 3534 2175 τίς
3565 2114 3594 2165 6
3624 2108 3939 2171 ἀποθανὼν,

2349 2212 2378 2264 6
2403 2212 2644 2281 ἄσαρκος
2665 2209 2817 2275 Θεὸς,
2847 2209 2881 2280 ἦ
2909 2210 2937 2262 ό
2965 2207 3387 2277 σεσαρκωμένος
3411 2223 3427 2273 ;
3452 2205 3547 2259 καὶ
3568 2204 3653 2267 τίς
3677 2206 3706 2257 6
3734 2219 3943 2270 πορευ-

2351 2303 2466 2365 θεὶς
2495 2301 2730 2374 κηρύξαι
2769 2303 2880 2366 τοῖς
2931 2304 2991 2354 ὲν
3022 2301 3174 2371 ᾅδου,
3197 2301 3225 2353 6
3260 2297 3680 2368 σεσαρκωμένος
3709 2294 3871 2358 Θεὸς,
3905 2292 3940 2363 ἢ

2350 2398 2377 2448 ό
2409 2394 2680 2466 ἔμψυχοςς
2721 2392 2817 2447 καὶ
2841 2393 2927 2456 τίς
2956 2395 2986 2446 6
3008 2391 3194 2460 ὀφθεὶς
3225 2393 3335 2454 τοῖς
3362 2389 3647 2458 ἀγγέλοιςς
3680 2385 3771 2439 διὰ
3796 2387 3941 2439 πάν-

2350 2502 2459 2539 των
2475 2485 2587 2538 τῶν
2610 2484 2916 2555 εἰρημένων
2940 2483 3257 2549 εὑρίσκεται
3276 2481 3515 2551 Σευῆρος
3540 2479 3600 2532 οὐ
3630 2478 3792 2549 μόνον
3823 2477 3941 2539 τοῖς

2353 2580 2637 2651 Πατράσιν
2666 2575 3084 2647 ἐναντιούμενος
3103 2617 3118 2642 ,
3155 2573 3293 2628 ἀλλά
3330 2573 3425 2627 καὶ
3457 2570 3636 2641 ἐαυτῷ
3661 2569 3939 2640 ἀσύμφω-

2352 2689 2461 2736 νος.
2508 2671 2640 2724 Ὅτε
2684 2671 2783 2741 μὲν
2815 2669 2924 2740 γὰρ
2965 2668 3236 2739 βούλεται,
3285 2669 3385 2737 τὴν
3436 2666 3565 2734 μίαν
3603 2662 3942 2717 διαστέλλων

2354 2762 2537 2832 φύσιν,
2568 2760 2663 2814 δύο
2691 2759 2883 2830 φύσεις
2909 2760 3003 2813 καὶ
3041 2761 3188 2813 ποιεῖ
3213 2758 3313 2811 καὶ
3339 2757 3490 2824 λέγει
3510 2772 3526 2787 ο
3552 2756 3681 2807 ὅταν
3714 2753 3772 2806 δὲ
3801 2753 3941 2823 δοκῇ

2352 2853 2522 2924 αὐτῷ,
2548 2852 2637 2906 διά
2661 2852 2761 2923 τὴν
2787 2851 3001 2915 ἕνωσιν,
3029 2850 3128 2913 τὰς
3150 2847 3245 2902 δύο
3271 2847 3404 2918 μίαν
3428 2846 3682 2901 ἀποτελεῖ
3707 2845 3804 2899 καὶ
3822 2845 3945 2898 όνο-

2356 2942 2555 3013 μάζει·
2601 2942 2696 2995 καὶ
2738 2942 2911 2993 ταῦτα
2939 2941 2968 2993 6
2993 2938 3135 3009 μετά
3166 2936 3428 3002 ἑξακόσια
3475 2934 3665 3004 σχεδὸν
3708 2935 3804 3003 ἐτη
3845 2931 3945 2997 τῆς

2352 3030 2621 3096 ὲνὼσεως,
2643 3029 2738 3084 δύο
2755 3029 2947 3101 φύσεις
2966 3028 3247 3098 ὁμολογῶν
3270 3028 3498 3081 σκοπεῖν
3513 3027 3573 3079 ἐν
3590 3024 3671 3094 τῷ
3687 3022 3941 3095 Χριστῷ.

672 3122 904 3176 matizas
947 3123 1041 3192 qui
1099 3133 1224 3193 post
1273 3124 1536 3179 unionem
1586 3124 1726 3180 duas
1757 3125 1973 3180 dicunt.
2010 3124 2168 3192 Quod
2201 3124 2245 3180 si

2355 3127 2446 3179 καὶ
2489 3123 2694 3187 ταύτας
2736 3122 3125 3196 ὑφισταμέναςε
3160 3122 3271 3175 Καὶ
3315 3120 3481 3173 πάλιν
3521 3115 3945 3185 ἀναθεματίξων

668 3223 796 3283 post
820 3215 1080 3270 unionem
1120 3215 1243 3271 dua:
1284 3226 1500 3272 naturae
1542 3233 1708 3273 unam
1753 3217 2081 3283 eﬁ‘ecerunt,
2113 3231 2251 3287 quo-

670 3305 835 3359 modo
887 3307 1003 3376 ipse
1042 3315 1120 3362 tot
1150 3308 1310 3361 annis
1338 3316 1463 3376 post
1502 3310 1784 3374 unionem,
1828 3309 1970 3365 duas
2000 3310 2055 3364 in
2083 3309 2248 3365 Chri-

671 3406 757 3452 sto
787 3406 1014 3454 naturas
1059 3400 1303 3470 cogitat?
1333 3399 1465 3467 Quae
1495 3409 1681 3456 autem
1719 3402 1924 3472 cogitat
1947 3411 2005 3457 et
2029 3401 2165 3457 dicit
2196 3409 2254 3456 et

669 3489 885 3552 scribit,
933 3490 1214 3559 quomodo
1246 3508 1442 3547 rursus
1478 3494 1683 3564 negat?
1730 3494 2253 3564 Utprzestigiatores

670 3577 765 3647 qui
791 3578 1034 3633 calculos
1063 3596 1195 3634 suos
1222 3581 1384 3635 simul
1430 3583 1731 3637 ostendunt
1756 3593 1813 3637 et
1839 3583 2143 3649 occultant,
2175 3583 2253 3639 ita

671 3684 843 3738 prope
875 3669 992 3738 ipse
1031 3670 1192 3724 simul
1234 3670 1532 3727 conﬁtetur
1566 3672 1728 3737 duas,
1761 3674 2041 3745 simulque
2064 3683 2249 3746 negat,

670 3760 809 3815 duas
878 3760 934 3814 in
999 3778 1163 3816 unam
1215 3763 1572 3819 contrahens.
1619 3765 1798 3820 Abeat
1854 3767 2080 3822 mobilis
2146 3770 2250 3823 ista

674 3854 857 3907 mens!
890 3854 1011 3909 Noli
1052 3855 1306 3910 conﬁteri
1343 3872 1467 3927 quae
1510 3873 1698 3929 negas,
1736 3868 1832 3914 aut
1875 3874 2077 3930 negare
2128 3876 2251 3930 quae

671 3946 973 4002 conﬁteris.

744 4129 894 4185 Alios
920 4146 1141 4200 quoque
1185 4148 1251 4186 ex
1295 4132 1531 4187 diversis
1564 4135 1688 4203 ejus
1723 4134 2047 4190 trace-tibus
2098 4135 2249 4190 locos

673 4221 999 4292 producam,
1043 4223 1252 4292 quibus
1295 4225 1611 4279 accuratius
1646 4234 1909 4296 appareat
1940 4226 2169 4296 ineptia,
2194 4238 2251 4282 et

672 4313 998 4383 depravatio
1051 4313 1315 4379 hominis,
1351 4325 1547 4384 sponte
1576 4330 1632 4373 et
1664 4334 1734 4373 ex
1779 4317 2058 4373 destinato
2098 4319 2249 4373 veri-

674 4406 771 4459 tati
807 4406 1188 4476 repugnantis.
1235 4406 1444 4461 Scribit
1482 4408 1537 4460 in
1568 4408 1713 4463 libro
1753 4408 2022 4464 adversus
2052 4386 2249 4465 Gram-

2353 3217 2482 3282 τοὺς
2510 3217 2604 3271 δύο
2635 3216 2894 3286 λέγοντας
2924 3214 3061 3286 μετά
3085 3214 3185 3284 τὴν
3216 3214 3435 3269 ἕνωσιν.
3464 3212 3527 3267 Ei
3557 3209 3649 3265 διὰ
3678 3208 3781 3281 τὴν
3805 3210 3945 3263 Evt»-

2357 3326 2442 3365 σιν
2470 3312 2524 3363 ai
2558 3307 2652 3363 δύο
2694 3308 2792 3379 μία
2822 3308 3139 3378 γεγόνασιν,
3170 3307 3288 3370 πῶς
3324 3307 3489 3369 αὐτὸς
3522 3303 3661 3376 μετά
3693 3301 3945 3356 τοσαῦτα

2356 3403 2451 3473 ἐτη
2481 3402 2579 3472 τῆς
2609 3399 2877 3469 ἐνώσεως,
2904 3400 2997 3454 δύο
3036 3399 3226 3471 φύσεις
3261 3400 3455 3452 σκοπεῖ
3485 3399 3542 3450 ὲν
3579 3398 3656 3465 τῷ
3679 3395 3945 3465 Χριστῷς

2365 3497 2432 3549 ’Δ
2469 3493 2526 3547 δὲ
2563 3496 2757 3546 σκοπεῖ
2783 3492 2879 3546 καὶ
2926 3492 3077 3561 λέγει
3105 3492 3200 3545 καὶ
3240 3492 3465 3561 γράφει,
3498 3488 3619 3551 πῶς
3652 3489 3945 3559 ἀρνεῖταις

2359 3586 2472 3639 Καὶ
2513 3583 2770 3654 καθάπερ
2803 3584 2853 3637 οἱ
2902 3582 3283 3653 ψηφοπαῖκται
3324 3582 3441 3651 ἅμα
3492 3582 3589 3649 μὲν
3632 3577 3951 3632 δεικνύουσι

2357 3678 2457 3740 τὰς
2481 3677 2716 3748 ψήφους,
2766 3674 2884 3745 ἅμα
2922 3675 2980 3728 δὲ
3008 3675 3337 3744 ἀφανίζουσι
3371 3673 3577 3735 ταύτας
3604 3685 3620 3700 ⁸
3650 3670 3953 3740 παραπλη·

2364 3769 2494 3832 σίως
2541 3767 2638 3821 καὶ
2665 3765 2828 3830 αὐτὸς
2856 3764 2972 3834 ἅμα
3008 3766 3107 3835 μὲν
3131 3763 3386 3834 ὁμολογεῖ
3404 3762 3501 3818 δύο
3536 3762 3783 3825 σκοπεῖν,
3827 3760 3952 3828 ἅμα

2361 3863 2418 3916 δὲ
2461 3862 2728 3932 ἀρνεῖται,
2761 3857 2860 3923 τὰς
2888 3857 2983 3912 δύο
3036 3858 3117 3921 είς
3163 3856 3291 3927 μίαν
3326 3855 3689 3922 συναλείφων,
3724 3852 3955 3917 ’Λπαγε

2361 3956 2460 4026 τῆς
2492 3955 2729 4008 ἀστάτου
2787 3951 3046 4021 γνώμηςι
3083 3949 3215 4003 Δέον
3258 3948 3293 4019 ἢ
3340 3948 3416 4019 μὴ
3467 3947 3755 4015 ὁμολογεῖν
3800 3946 3954 4015 ἅπερ

2362 4049 2623 4118 ἀρνεῖται,
2655 4045 2689 4115 ἢ
2736 4044 2813 4116 μὴ
2843 4043 3123 4114 ἀρνεῖσθαι
3149 4042 3291 4112 ἀπερ
3313 4040 3584 4109 ὁμολογεῖ.

2433 4136 2833 4208 Παραθήσομαι
2882 4133 2939 4187 δὲ
2970 4135 3064 4187 καὶ
3092 4134 3285 4203 ἑτέρας
3310 4132 3538 4202 χρήσεις
3566 4132 3631 4183 ἐκ
3666 4128 3955 4197 διαφόρων

2359 4228 2524 4287 αὑτοῦ
2556 4227 2975 4296 συνταγμάτων,
3004 4224 3073 4279 δι’
3102 4217 3176 4278 ὧν
3205 4224 3598 4294 ἀκριϐέστερον
3621 4220 3685 4272 τὸ
3713 4219 3943 4274 ἀλλόκοο

2358 4341 2450 4377 τον
2479 4322 2575 4376 καὶ
2602 4317 3065 4389 ἐθελοκακοῦργον
3091 4314 3566 4386 ἐπιγνωσθήσεται
3596 4312 3694 4366 τοῦ
3726 4314 3952 4384 ἀνδρὸς.

2363 4417 2422 4470 ὲν
2448 4416 2648 4483 γνώσει
2683 4416 2995 4484 μαχομένου
3017 4412 3084 4480 τῇ
3114 4407 3366 4480 ἀληθείᾳ.
3388 4407 3592 4478 Γράφει
3613 4406 3673 4458 ὲν
3691 4405 3773 4475 τῷ
3805 4406 3958 4458 κατά

671 4498 930 4552 inaticum
965 4515 979 4552 :
1024 4516 1044 4549 ι
1080 4497 1415 4554 Diﬁ'erentize
1440 4501 1797 4571 conjungitur
1845 4502 2092 4556 omnium
2137 4503 2250 4557 dis-

2362 4497 2455 4561 τοῦ
2483 4501 2878 4577 Γραμματικοῦ
2908 4501 3096 4571 βιϐλίῳ
3118 4517 3131 4531 ·
3169 4518 3189 4551 ι
3222 4501 3303 4570 Τῇ
3329 4500 3565 4569 διαφορᾷ
3584 4497 3955 4560 συνέζευκται

672 4589 889 4643 tinctio.
930 4607 949 4640 ι
1016 4588 1226 4644 Deinde
1254 4590 1481 4645 sibimet
1510 4607 1758 4662 pugnans
1786 4592 1842 4647 in
1870 4592 1979 4647 alio
2004 4594 2251 4664 ejusdem

672 4680 801 4734 libri
852 4680 975 4734 loco
1029 4680 1148 4735 haec
1195 4679 1410 4735 habet:
1453 4700 1471 4732 ι
1508 4681 1647 4736 Cum
1697 4684 1846 4737 enim
1900 4700 2103 4754 corpus
2138 4692 2251 4740 non

669 4780 794 4825 erat
825 4770 1093 4836 Verbum,
1147 4786 1252 4827 ne:
1286 4771 1465 4841 ipsum
1503 4788 1570 4827 ex
1602 4772 1774 4827 Maria
1807 4789 2014 4844 corpus
2047 4776 2250 4830 factum

671 4872 757 4917 est
785 4862 1068 4928 Verbum;
1097 4872 1436 4933 quapropter
1481 4880 1514 4919 e
1566 4865 1890 4921 substantiae
1935 4867 2252 4923 diil‘erentia

670 4950 958 5006 derivatur
982 4950 1237 5005 absoluta
1266 4950 1573 5007 distinctio.
1608 4972 1626 5005 ι
1662 4954 1732 5008 Ει
1756 4970 1952 5010 rursus
1973 4957 2026 5010 in
2055 4958 2251 5014 eodem

677 5045 818 5098 libro
851 5060 865 5095 :
911 5060 929 5092 ι
964 5042 1342 5097 Emmanuele
1365 5042 1583 5099 duabus
1608 5046 1823 5101 naturis
1846 5046 2117 5112 dicentes,
2143 5064 2249 5103 non

672 5132 1011 5188 substantias
1060 5132 1436 5197 intendimus,
1496 5143 1757 5200 naturas,
1817 5153 1940 5206 qua:
2003 5146 2249 5192 mutuam

672 5225 1122 5279 communionem
1177 5225 1496 5295 praebeant,
1549 5236 1606 5282 et
1670 5229 1874 5284 multas
1937 5229 2259 5299 hypostases

675 5316 1170 5387 comprehendant,
1212 5318 1308 5372 sed
1369 5335 1535 5373 unam
1594 5319 1917 5391 bypostasin
1976 5323 2165 5389 Verbi,
2198 5323 2259 5378 δι

680 5422 841 5462 imam
916 5423 1138 5463 carnem
1204 5409 1534 5481 intelligenti
1593 5412 1778 5467 anima
1841 5415 2164 5479 animatam,
2225 5431 2256 5469 e

2363 4601 2454 4655 καὶ
2482 4602 2516 4668 ἡ
2564 4597 2708 4652 κατά
2763 4596 2943 4648 πάντα
2968 4592 3253 4662 διαίρεσις.
3287 4612 3307 4644 ι
3343 4588 3479 4646 Εἶτα
3528 4590 3955 4659 ἐναντιούμενος

2361 4688 2537 4760 ἑαυτῷ
2570 4691 2628 4741 ὲν
2662 4686 2835 4758 ἑτέρῳ
2861 4686 3010 4755 τόπῳ
3037 4685 3131 4737 τοῦ
3158 4683 3324 4738 αὐτοῦ
3357 4682 3563 4753 βιϐλίου
3590 4682 3740 4749 λέγει
3759 4696 3776 4712 ο
3820 4702 3839 4732 ι
3874 4681 3954 4735 Οὐ

2360 4780 2470 4852 γὰρ
2513 4778 2702 4849 ἐπειδὴ
2759 4780 2920 4847 σῶμα
2948 4778 3051 4830 οὐκ
3076 4772 3145 4845 ἦν
3174 4778 3203 4829 6
3238 4776 3432 4843 Λόγος,
3482 4773 3608 4826 οὔτε
3641 4773 3754 4842 μὴν
3797 4771 3863 4825 τδ
3888 4775 3955 4824 ἐκ

2361 4871 2581 4942 Μαρίας
2624 4870 2782 4938 σῶμα
2843 4869 3234 4937 μετεφοίτησεν
3284 4865 3380 4920 τοῦ
3423 4861 3566 4919 εἶναι
3605 4863 3815 4930 Λόγος·
3862 4864 3955 4916 διὰ

2360 4962 2520 5017 τοῦτο
2546 4964 2609 5027 δὴ
2631 4965 2696 5032 τῇ
2727 4961 2961 5030 διαφορᾷ
2977 4960 3079 5028 τῆς
3105 4959 3314 5025 οὐσίας,
3338 4957 3694 5026 ἀκολουθήσει
3725 4956 3956 5018 πάντως

2362 5056 2457 5108 καὶ
2510 5056 2543 5125 ἡ
2590 5053 2876 5123 διαίρεσις.
2925 5070 2944 5104 ι
2999 5053 3110 5105 Καὶ
3137 5051 3301 5103 πάλιν
3331 5048 3494 5119 ἐντῷ
3539 5047 3690 5116 αὐτῷ
3751 5046 3950 5116 βιϐλίῳ

2362 5144 2524 5212 φησίν
2558 5159 2572 5173 ·
2608 5160 2626 5193 ι
2677 5141 2867 5211 Ἡμεῖς
2889 5141 2952 5193 ἐκ
2976 5139 3071 5193 δύο
3091 5139 3307 5208 φύσεων
3333 5138 3583 5206 λέγοντες
3608 5136 3700 5189 τὸν
3730 5136 3951 5205 Ἐμμα-

2362 5234 2546 5303 νουήλ,
2582 5233 2683 5285 οὐκ
2709 5233 2897 5294 οὐσίας
2931 5229 3161 5300 νοοῦμεν
3191 5230 3291 5292 τάς
3332 5228 3546 5296 φύσεις,
3569 5226 3668 5289 τὰς
3695 5226 3799 5295 τῆς
3835 5243 3955 5279 κοι·

2371 5326 2583 5395 δότητος
2629 5324 2934 5395 δηλωτικὰς
2957 5364 2972 5388 ,
3007 5323 3102 5375 καὶ
3141 5319 3353 5373 πολλῶν
3399 5319 3755 5371 ὑποστάσεων
3794 5335 3952 5387 περι-

2362 5416 2610 5480 εκτικὰς,
2642 5415 2778 5469 ἀλλά
2803 5417 2902 5484 τὴν
2952 5414 3082 5482 μίαν
3118 5412 3417 5466 ὑπόστασιν
3452 5408 3545 5461 τοῦ
3597 5408 3773 5475 Λόγου
3798 5445 3816 5470 ,
3857 5408 3955 5460 καὶ

675 5500 883 5569 quibus
933 5500 1141 5570 absque
1190 5503 1297 5556 ulla
1351 5504 1659 5559 mutatione
1690 5506 1974 5562 confertur
2000 5509 2056 5562 in
2086 5523 2250 5562 unum

2366 5509 2465 5577 τὴν
2524 5509 2654 5578 μίαν
2704 5509 2882 5579 σάρκα
2934 5506 3031 5574 τὴν
3081 5503 3441 5573 ὲψυχωμένην
3484 5500 3711 5570 νοερῶς,
3767 5496 3828 5564 ἐξ
3875 5492 3953 5553 ὦν

673 5599 730 5645 et
754 5593 1124 5661 componitur.
1157 5594 1253 5649 Est
1278 5594 1445 5649 etiam
1483 5610 1589 5649 una
1625 5605 1822 5652 natura
1866 5607 1922 5654 et
1947 5599 2250 5670 hypostasis

2367 5599 2650 5669 ἀτρέπτως
2678 5596 3161 5668 συνενήνεκταιείς
3199 5595 3255 5647 ἓν
3303 5595 3399 5645 καὶ
3430 5591 3792 5644 συντέῡειται.
3842 5593 3952 5647 Καὶ

750 5767 824 5837 (Si)
861 5767 958 5841 Ep.
988 5767 1056 5821 ~28
1078 5766 1143 5822 ad
1166 5767 1484 5825 Flavianum
1524 5774 1873 5846 vpiscnpum:
1908 5774 2076 5842 «Quae
2108 5786 2297 5834 natura
2331 5776 2592 5834 transﬁxa
2614 5778 2780 5835 clavis
2809 5774 3132 5847 pependerit
3166 5773 3219 5829 in
3239 5772 3419 5828 crucis
3447 5771 3651 5846 ligno.»
