4210 6442
198 407 299 466 921

1214 399 1573 462 ΕΡΙΞΤΟΙΑ
1614 398 1710 457 DE
1751 395 2055 457 DUABUS
2094 395 2448 455 NATURIS.

3332 384 3440 448 922

189 522 307 575 lett
337 518 437 591 μία
461 519 621 588 φύσις
644 531 701 570 τε
727 516 819 570 καὶ
848 513 1145 575 ὑπόστασις
1177 514 1210 580 ἡ
1238 510 1330 564 τοῦ
1364 510 1535 578 Λόγου
1569 525 1764 575 σεσαρ-

1806 512 1839 565 A
1870 505 2037 560 Verbi
2085 506 2385 567 incarnati;
2441 512 2495 556 at
2543 516 2652 556 non
2683 498 2829 571 cogit
2871 499 3007 557 illud
3040 513 3141 554 nos
3175 495 3440 553 unionem

189 613 416 683 κωμόνη
440 627 455 644 ⁸
491 611 586 664 καὶ
621 608 722 661 οὐκ
753 608 816 659 ὲκ
842 605 1035 658 τούτου
1064 601 1508 673 περικλειόμεοα,
1543 602 1677 671 πρὸς
1713 601 1769 652 τδ

188 707 284 759 καὶ⁵
315 706 383 758 ιχ
413 702 509 757 δύο
534 699 843 774 προσώπων
882 698 1063 764 λέγειν
1093 697 1191 767 τὴν
1224 695 1439 747 ἕνωσιν.
1476 712 1494 744 ι
1548 694 1769 761 Πρῶτον

188 798 370 849 ἐκεῖνο
411 793 684 864 ἐροῦμεν,
717 792 833 844 Μία
864 792 956 844 καὶ
983 790 1080 859 μία
1101 829 1115 851 ,
1155 789 1287 858 μίαν
1331 787 1391 838 οὐ
1424 786 1569 838 ποιεῖ
1591 825 1603 847 ,
1636 784 1771 837 ἀλλά

189 886 284 940 δύο
306 904 321 916 ·
352 885 460 948 ἕως
499 884 609 954 γὰρ
641 884 768 953 μίαν
791 882 886 935 καὶ
918 883 1049 950 μῑαν
1088 878 1301 950 θεωρῇς
1330 877 1426 929 καὶ
1450 877 1617 950 λέγῃς
1637 914 1652 933 .
1679 875 1772 928 δύο

192 978 290 1031 καὶ
319 978 544 1048 θεωρεῖς
567 976 661 1029 καὶ
697 975 896 1042 λέγεις.
933 975 993 1027 Et
1020 973 1077 1025 δὲ
1112 972 1253 1026 κατὰ
1285 972 1374 1025 τὸν
1401 970 1494 1024 σὺν
1520 973 1643 1040 ὅρον
1672 969 1771 1022 οὑκ

191 1069 311 1123 ἔστι
366 1069 530 1138 φύσις
578 1068 929 1139 ἀπρόσωπος,
986 1066 1106 1129 πῶς
1172 1067 1237 1118 ἐκ
1284 1064 1377 1118 δύο
1432 1062 1651 1131 φύσεων
1696 1060 1773 1114 ὢν

191 1162 220 1213 ό
254 1162 495 1232 Χριστὸς
522 1200 537 1224 ,
582 1161 701 1230 οὐχὶ
735 1160 831 1213 καὶ
875 1159 940 1211 ὲκ
977 1157 1072 1210 δύο
1115 1156 1425 1228 προσώπων
1457 1155 1575 1209 ἐστὶ
1622 1153 1774 1223 παρὰ

194 1249 312 1313 σοῖς

263 1342 377 1393 Kal.
429 1342 486 1393 ὲν
541 1340 693 1411 αὑτῷ
739 1338 797 1393 δὲ
857 1339 1018 1393 πάλιν
1066 1338 1144 1406 τῷ
1202 1339 1543 1405 συντάγματι
1601 1336 1772 1406 ἔφης*

200 1450 218 1480 ι
263 1431 408 1483 Ἀλλ’
430 1432 576 1492 είτις
605 1431 675 1483 τὰ
702 1428 764 1495 ἐξ
787 1424 861 1485 ὧν
892 1430 1008 1483 ἔστι
1032 1431 1301 1497 σκοπῆσαι
1325 1430 1610 1497 ζητήσειεν
1632 1468 1647 1491 ,
1684 1423 1776 1478 νοῦ

196 1522 338 1593 μόνῃ
356 1522 627 1593 φαντασίᾳ
647 1524 741 1575 καὶ
758 1520 931 1590 λεπτῇ
958 1521 1158 1592 θεωρίᾳ
1177 1520 1269 1573 καὶ
1294 1519 1506 1588 ἐπινοίᾳ
1532 1517 1774 1587 διαιρῶν,

193 1613 398 1683 θεωρεῖ
441 1613 535 1667 δύο
580 1614 818 1682 φύσεων,
864 1614 1034 1685 ἦγουν
1085 1610 1468 1673 ὑποστάσεων,
1524 1609 1773 1661 σύνοδον·

194 1706 288 1757 καὶ
317 1704 377 1757 τὸ
404 1705 642 1771 ἑκάστης
660 1705 865 1771 τρόπον
888 1704 1007 1756 τινὰ
1035 1702 1367 1770 φαντάζεται
1398 1701 1690 1771 πρόσωπον
1721 1702 1778 1752 ὲν

193 1794 414 1864 ἐπινοίᾳ
442 1795 647 1849 λαϐεῖν.
680 1793 1040 1848 Συνεισιοῦσα
1064 1793 1118 1845 δὲ
1148 1795 1214 1863 τῇ
1242 1792 1447 1861 διανοίᾳ
1500 1792 1593 1844 καὶ
1618 1793 1651 1861 ἠ
1682 1791 1776 1859 τῆς

192 1885 443 1949 ὲνώσεως
475 1886 724 1955 δύναμις,
780 1885 877 1939 καὶ
924 1884 1021 1955 τὴν
1066 1885 1123 1949 ἐξ
1151 1885 1353 1954 ἀμφοῖν
1382 1880 1604 1946 δείξασα
1650 1882 1778 1951 μίαν

193 1975 521 2037 ὑπόστασιν,
550 1974 617 2028 τά
642 1975 857 2046 ἐπινοίᾳ
884 1973 1231 2043 σκοπηοέντα
1251 1971 1346 2025 δύο
1370 1973 1435 2041 τῇ
1463 1971 1777 2035 ὑποστάσει,

192 2065 286 2118 δύο
321 2066 508 2135 μένειν
533 2068 593 2119 οὗ
628 2067 941 2135 συγχωρεῖ·
975 2066 1113 2133 μετά
1142 2064 1250 2134 γὰρ
1276 2064 1376 2134 τὴν
1409 2063 1507 2132 τῆς
1533 2062 1780 2123 ἐνώσεως

192 2156 429 2222 ἔννοιαν,
463 2159 901 2230 ἀναφαινομένης
931 2159 1061 2228 μιᾶς
1092 2159 1306 2226 φύσεως
1332 2158 1430 2225 τῆς
1458 2154 1553 2208 τοῦ
1583 2154 1777 2220 Λόγου,

192 2250 672 2319 σεσαρκωμένης,
723 2250 757 2320 ἡ
806 2251 1020 2303 ἐπίνοια
1062 2249 1171 2302 τῶν
1225 2245 1636 2316 φαντασθεισῶν
1687 2246 1780 2299 δύο

192 2340 511 2408 προσώπων
559 2340 593 2411 ἢ
630 2340 846 2409 φύσεων
889 2341 924 2411 ἢ
954 2341 1304 2394 ὑποστάσεων
1337 2340 1712 2404 ὑπεξίσταται.
1756 2355 1775 2389 ι

192 2431 423 2496 Τούτοις
454 2432 706 2502 ἐπιφέρει
740 2432 1054 2504 μαρτυρίαν
1082 2433 1223 2497 τινὸς
1265 2432 1588 2501 πολύστιχον
1627 2430 1779 2501 ἔχου⁸

193 2539 293 2575 σαν
329 2523 389 2575 ὲν
436 2521 513 2593 τῷ
543 2523 684 2576 τέλει
731 2522 910 2583 οὕτως
935 2538 950 2553 ·
991 2539 1010 2573 ι
1041 2520 1553 2590 Συγκατωρθῶσθαί
1600 2536 1780 2590 φαμεν

192 2614 515 2682 ἀναγκαίως
542 2616 607 2684 τῇ
627 2612 736 2668 τῶν
765 2613 1117 2667 ὑποστάσεων
1147 2613 1280 2682 πρὸς
1307 2614 1535 2682 ἑνότητα
1560 2611 1780 2681 συνδρο-

199 2707 314 2773 μῇ,
360 2705 457 2756 καὶ
495 2703 675 2756 αὐτῶν
719 2703 828 2756 τῶν
872 2701 1184 2772 προσώπων
1203 2703 1300 2773 τὴν
1328 2703 1545 2755 ἕνωσιν.
1583 2701 1781 2771 Ἐχρῆν

199 2793 303 2863 μὲν
343 2793 420 2863 μὴ
452 2793 627 2861 λέγειν
650 2810 708 2846 σε
751 2792 1061 2862 προσώπων
1090 2793 1316 2846 ἕνωσιν·
1350 2810 1368 2843 ι
1403 2791 1578 2857 λέγων
1627 2790 1705 2855 δὲ,
1727 2791 1780 2843 τί

196 2884 379 2953 ἀρνῇ;
413 2884 476 2935 Εἰ
502 2881 809 2953 προσώπων
831 2883 1028 2946 ἱνωσις
1058 2883 1297 2950 γέγονεν,
1326 2882 1540 2950 πρῶτον
1568 2881 1778 2951 ὑπέστη

196 2976 227 3027 ό
281 2973 594 3043 ἄνθρωπος,
646 2977 741 3027 καὶ
790 2974 912 3027 τότε
953 2972 1140 3045 ήνώθη
1192 2973 1270 3042 τῷ
1316 2970 1781 3043 προὺφισταμένῳ

197 3063 325 3133 Θεῷ
344 3063 522 3131 Λόγῳ.
564 3064 876 3135 Προσώπων
911 3065 967 3119 δὲ
992 3065 1208 3129 ἕνωσιν,
1236 3064 1357 3119 οὑδὲ
1382 3064 1676 3135 Νεστόριος
1706 3065 1781 3117 εί-

197 3157 327 3208 πεῖν
357 3154 673 3227 ἐτόλμησεν,
703 3156 996 3226 πρόσωπον
1025 3156 1085 3209 δὲ
1126 3158 1306 3227 μόνον.

270 3419 554 3489 Θαυμάζω
574 3418 633 3473 δέ
664 3437 745 3483 σε,
775 3422 876 3490 τῆς
906 3418 1155 3483 ἐνώσεως
1183 3418 1484 3490 γενομένης
1513 3420 1606 3473 καὶ
1644 3421 1778 3473 ἀνα-

196 3512 467 3580 φανείσης
484 3513 584 3580 τῆς
609 3510 737 3580 μιᾶς
763 3502 978 3579 φύσεως
1009 3509 1124 3574 πῶς
1150 3511 1311 3572 αὐτὸς
1325 3509 1532 3578 ταύτην
1554 3511 1779 3581 δὶαιρεῖν

197 3603 430 3655 δύνασαι
461 3601 652 3665 πάλιν,
682 3601 774 3655 καὶ
811 3601 1066 3655 ἀναλύειν
1091 3603 1172 3664 είς
1199 3601 1267 3653 τά
1307 3601 1367 3665 ἐξ
1402 3595 1477 3655 ὧν
1501 3643 1516 3665 ,
1554 3602 1649 3655 καὶ
1677 3603 1779 3671 τὴν

202 3695 336 3766 μίαν
380 3694 475 3748 δύο
499 3693 724 3765 θεωρεῖν
748 3693 811 3747 οὐ
846 3693 1008 3763 μόνον
1037 3692 1251 3761 φύσεις,
1302 3693 1439 3746 ἀλλὰ
1486 3695 1580 3746 καὶ
1609 3694 1776 3763 πρόσν

199 3803 351 3840 ωπιι.
387 3787 458 3837 Ἦ
495 3784 634 3854 τάχα
660 3786 717 3837 ὲν
766 3782 851 3836 σοί
894 3784 1013 3836 ἐστι
1044 3783 1137 3835 καὶ
1161 3782 1311 3835 λύειν
1348 3782 1444 3853 τὴν
1463 3783 1654 3835 ἕνωσιν
1685 3781 1777 3834 καὶ

201 3877 460 3945 συνάγειν
507 3876 712 3945 αὐτὴν,
749 3874 844 3927 καὶ⁴
879 3874 1009 3927 ὅταν
1047 3874 1148 3942 μὲν
1192 3873 1356 3943 βούλῃ
1381 3915 1396 3939 ,
1433 3874 1656 3943 θεωρεῖς
1681 3875 1780 3936 τάς

200 3968 421 4036 φύσεις,
473 3967 562 4020 ὅτε
592 3966 651 4019 δὲ
715 3964 890 4027 Θέλεις
915 4004 931 4029 ,
973 3963 1383 4029 ὑπεξίστανται.
1429 3966 1490 4018 Ei
1528 3965 1583 4017 δὲ
1614 3965 1778 4030 ὑπεξ-

199 4059 462 4127 έστησαν,
481 4059 706 4127 ἀφανεῖς
742 4056 1055 4124 γενόμεναι,
1092 4054 1215 4108 οὔτε
1238 4055 1330 4108 δύο
1360 4055 1481 4108 οὔτε
1510 4056 1607 4126 μία
1645 4054 1675 4122 ἦ
1700 4058 1778 4110 εί⁴

201 4169 285 4205 σιν
326 4151 359 4221 ἢ
408 4148 772 4219 Θεωροῦνται,
820 4151 935 4210 τοῖς
984 4148 1428 4208 ἀποτελεστικοῖς
1484 4164 1779 4215 συναφανι-

200 4244 428 4306 σθέντος
472 4240 567 4294 τοῦ
606 4241 1076 4310 ἀποτελέσματος·
1113 4242 1161 4292 εἰ
1198 4239 1254 4292 δὲ
1279 4240 1377 4310 τῆς
1410 4241 1534 4309 μιᾶς
1568 4242 1779 4308 ἀναφα-

199 4339 409 4406 νείσης,
440 4337 473 4405 ἡ
506 4334 717 4387 ἐπίνοια
756 4336 891 4404 μόνη
934 4333 1309 4399 ὑπεξίσταται,
1338 4334 1435 4385 οὑκ
1482 4332 1655 4397 ἒξεστί
1697 4349 1779 4386 σοι

200 4430 439 4483 ἐπινοεῖν
464 4427 564 4481 ἔτι.
599 4427 839 4479 Γίνωσκε
888 4426 947 4478 δὲ
988 4426 1069 4479 ὅτι
1102 4425 1162 4477 τὸ
1190 4426 1315 4478 κατ’
1353 4425 1599 4478 ἐπίνοιαν
1631 4425 1777 4477 εστιν

1872 600 1957 653 vel
1988 614 2054 653 ex
2075 598 2292 653 duabus
2316 596 2568 667 personis
2592 595 2789 648 factam
2830 591 3098 665 prollteri.
3139 609 3159 642 ι
3192 590 3442 646 Primum

1871 692 2051 746 dicam
2082 709 2093 743 :
2122 691 2239 746 Una
2273 700 2329 744 et
2351 704 2478 751 una,
2510 703 2620 740 non
2648 686 2779 741 facit
2813 699 3001 746 unam,
3028 680 3125 737 sed
3151 680 3319 747 duas;
3345 682 3444 736 do.

1873 797 1975 836 nec
2024 782 2194 851 igitur
2238 797 2402 835 unam
2441 796 2507 834 ac
2537 793 2701 831 unam
2733 776 3052 831 consideres
3085 781 3142 828 et
3171 772 3438 841 loquaris,

1872 873 2012 926 duas
2058 871 2376 925 consideras
2404 880 2458 923 et
2498 868 2763 937 loqueris.
2798 867 2955 928 Dein,
2990 864 3036 919 si
3062 866 3213 934 juxta
3242 860 3443 916 defini-

1875 962 2081 1017 tionem
2137 970 2287 1015 tuam
2316 975 2424 1013 non
2468 972 2552 1013 est
2585 973 2778 1013 natura
2806 972 2930 1027 quae
2965 969 3198 1025 persona
3235 961 3440 1018 careat,

1874 1068 1985 1122 quo
2026 1062 2184 1123 pacto
2233 1068 2300 1105 ex
2350 1051 2569 1105 duabus
2592 1050 2806 1103 naturis
2862 1064 2986 1102 cum
3038 1047 3112 1100 sit
3163 1044 3441 1109 Christus,

1875 1158 1983 1196 non
2009 1158 2076 1196 ex
2108 1141 2326 1196 duabus
2347 1139 2600 1211 personis
2633 1152 2760 1192 eum
2788 1137 3042 1190 diceres?

1946 1324 2004 1379 In
2048 1324 2166 1393 ipso
2198 1323 2363 1377 etiam
2414 1327 2655 1375 tractatu
2698 1316 2927 1372 dixisti:
2962 1335 2980 1366 ι
3021 1314 3176 1380 Quod
3220 1314 3267 1368 si
3320 1312 3448 1382 quis

1876 1428 1941 1470 ea
1967 1432 1997 1469 e
2026 1415 2232 1483 quibus
2276 1422 2359 1466 est
2408 1411 2767 1465 considerare
2817 1407 3080 1469 voluerit,
3125 1420 3297 1474 caque
3327 1404 3445 1457 sola

1879 1506 2080 1559 mentis
2098 1504 2451 1574 cogitatione,
2490 1510 2545 1556 et
2572 1500 2760 1555 subtili
2794 1498 3156 1553 meditatione
3181 1504 3238 1550 et
3261 1504 3448 1549 mente

1878 1597 2151 1661 diviserit,
2184 1596 2417 1650 duarum
2442 1602 2764 1648 naturarum
2795 1601 2891 1645 aut
2914 1591 3286 1662 ltypostaseon
3317 1601 3451 1641 con-

1878 1707 2101 1747 cursum
2120 1689 2419 1759 perspiciet
2444 1705 2458 1752 ;
2486 1702 2551 1740 ac
2573 1686 2842 1754 cujusque
2868 1697 3157 1752 personam
3174 1680 3447 1749 quodam-

1881 1782 2047 1837 modo
2116 1780 2453 1850 cogitatione
2494 1776 2789 1847 complecti
2843 1773 3145 1828 videbitur.
3179 1770 3282 1827 Ubi
3346 1784 3447 1822 au-

1883 1884 1990 1928 tem
2022 1882 2261 1926 mentem
2292 1870 2655 1925 commoVerit
2689 1868 2772 1920 vis
2798 1862 3047 1928 unionis,
3081 1876 3244 1915 unam
3279 1859 3451 1930 hypo-

1879 1965 2051 2019 stasin
2099 1979 2164 2018 ex
2219 1962 2435 2017 duabus
2482 1958 2874 2029 comprobans,
2921 1971 3030 2010 non
3076 1951 3347 2008 concedet
3389 1960 3449 2005 ut

1881 2061 2201 2118 remaneant
2228 2052 2360 2115 duo,
2388 2066 2509 2120 qua:
2530 2049 2640 2102 duo
2667 2044 2947 2117 ltypostasi
2984 2042 3246 2113 cogitatio
3270 2040 3450 2094 fuerat

1880 2148 2167 2201 meditata.
2223 2143 2455 2201 Unionis
2484 2143 2632 2195 enim
2684 2142 2738 2193 vi
2794 2137 3094 2198 intellecta,
3140 2148 3247 2187 una
3277 2130 3447 2187 Verbi

1880 2240 2154 2295 incarnati
2216 2246 2409 2292 natura
2460 2242 2771 2305 perspecta,
2824 2228 3109 2286 evanescit
3142 2226 3230 2279 illa
3260 2222 3450 2292 opinio

1881 2333 2115 2388 duarum
2171 2341 2533 2399 personarum
2587 2334 2685 2379 aut
2732 2331 3080 2380 naturarum,
3124 2325 3219 2371 aut
3275 2315 3452 2385 hypo-

1880 2432 2099 2479 staseon
2147 2420 2480 2491 cogitatione
2528 2424 2994 2484 conceptarum.»
3050 2408 3183 2473 Quae
3253 2404 3448 2459 fusiori

1881 2514 2165 2585 cujusdam
2198 2512 2304 2566 viri
2353 2509 2675 2565 testimonio
2700 2504 3015 2566 confirmat,
3052 2501 3208 2569 cujus
3238 2510 3450 2551 summa

1881 2609 1961 2662 sic
1992 2622 2050 2661 se
2083 2604 2246 2665 habet
2283 2623 2296 2656 :
2338 2622 2356 2653 ι
2390 2602 2567 2671 Ipsam
2624 2610 2982 2669 personarum
3041 2593 3302 2646 unionem
3348 2603 3450 2643 ne-

1880 2698 2122 2753 cessario
2154 2695 2344 2765 perfici
2376 2694 2619 2748 diximus
2644 2703 2919 2745 concursu
2969 2686 3337 2757 hypostaseon
3380 2677 3451 2734 ad

1880 2789 2173 2844 unitatem.
2206 2805 2224 2837 ι
2260 2786 2379 2840 Non
2412 2783 2513 2838 tibi
2542 2778 2919 2837 confirmanda
2943 2785 3063 2831 erat
3096 2774 3229 2827 unio
3255 2784 3447 2841 perso-

1881 2893 2108 2941 narum;
2158 2886 2213 2932 at
2254 2890 2398 2938 eam,
2434 2871 2530 2927 ubi
2574 2866 3009 2930 conﬂrmaveris,
3049 2877 3221 2934 quare
3247 2857 3453 2929 negas?

1880 2968 2039 3036 Quod
2068 2968 2113 3022 si
2159 2978 2523 3037 personarum
2568 2961 2700 3016 unio
2723 2960 2864 3015 facta
2899 2966 3006 3022 est,
3042 2956 3282 3025 primum
3314 2950 3452 3005 sub-

1881 3060 2114 3116 sistebat
2157 3059 2346 3121 homo,
2399 3064 2469 3109 et
2504 3064 2637 3109 tunc
2673 3068 2800 3107 cum
2862 3048 3313 3120 pmubsistente
3338 3043 3452 3098 Deo

1806 3174 1849 3228 ο
1881 3153 2062 3209 Verbo
2101 3153 2293 3206 unitus
2337 3156 2441 3203 est.
2489 3149 2860 3203 Personarum
2905 3140 3168 3197 unionem
3212 3152 3280 3193 ne
3334 3138 3452 3206 ipse

1883 3244 2107 3315 quidem
2153 3241 2442 3298 Nestorius
2494 3237 2739 3309 proﬁteri
2787 3250 2957 3291 ausus
3005 3240 3109 3297 est,
3158 3229 3255 3286 sed
3286 3243 3450 3284 unam

1884 3346 2093 3391 tantum
2126 3350 2415 3405 personam
2452 3332 2660 3387 docuit.

1952 3429 2119 3483 Miror
2147 3435 2330 3481 autem
2374 3422 2675 3495 quomodo,
2719 3420 2927 3475 unione
2965 3417 3106 3471 facta
3130 3423 3185 3470 et
3210 3427 3322 3468 una
3350 3427 3452 3466 na-

1882 3532 2006 3578 tura
2053 3527 2363 3589 perspecta,
2412 3515 2557 3568 hanc
2608 3524 2801 3565 rursus
2849 3507 3098 3562 dividere
3154 3502 3333 3573 possis
3386 3514 3453 3555 ac

1879 3613 2184 3669 dissolvere
2235 3610 2290 3664 in
2319 3624 2382 3663 ea
2419 3623 2451 3661 e
2479 3604 2702 3674 quibus,
2731 3610 2785 3656 et
2822 3614 2987 3654 unam
3021 3606 3275 3651 naturam
3313 3594 3453 3648 duas

1878 3707 2118 3777 cogitare
2146 3720 2256 3759 non
2281 3700 2445 3755 modo
2476 3707 2718 3759 naturas,
2746 3692 2842 3748 sed
2862 3702 2918 3746 et
2940 3704 3223 3761 personas.
3252 3686 3451 3741 Tibine

1878 3775 1969 3853 est
2004 3795 2234 3851 facultas
2309 3792 2573 3846 unionem
2643 3783 2894 3841 solvendi
2958 3796 3023 3836 ac
3088 3775 3454 3850 perﬁciendi?

1879 3886 2111 3956 Quando
2167 3884 2266 3938 tibi
2314 3884 2515 3952 placet,
2545 3887 2775 3933 naturas
2799 3872 2977 3938 vides,
3013 3879 3091 3934 et,
3124 3878 3176 3922 te
3197 3867 3449 3939 jubente,

1880 3980 2065 4034 statim
2150 3979 2506 4030 evanescunt.
2586 3969 2644 4023 Si
2699 3976 2885 4020 autem
2932 3969 3301 4022 evanuerunt,
3350 3973 3453 4013 nec

1874 4069 1985 4138 jam
2016 4065 2259 4133 conspici
2305 4068 2555 4132 possunt,
2601 4071 2782 4126 neque
2807 4055 2930 4108 dua:
2969 4068 3149 4120 neque
3187 4066 3293 4103 una
3320 4057 3451 4103 sunt

1881 4167 1975 4213 aut
1998 4156 2275 4217 videntur,
2307 4154 2512 4208 eﬂ‘ectu
2535 4149 2703 4205 simul
2728 4162 2855 4202 cum
2886 4143 3256 4200 efﬁcientibus
3286 4155 3452 4211 appa-

1880 4258 2077 4315 rente;
2115 4248 2160 4302 si
2205 4261 2314 4301 una
2358 4250 2654 4314 apparente
2682 4239 2798 4295 sola
2846 4235 3109 4306 cogitatio
3135 4240 3450 4295 evanescet,

1881 4357 1993 4395 non
2041 4347 2126 4393 est
2158 4337 2294 4407 quid
2338 4334 2518 4390 adhuc
2544 4332 2771 4401 cogites.
2817 4327 2968 4383 Scito
3016 4316 3201 4379 autem
3241 4322 3450 4392 aliquid

1882 4432 1994 4487 dici
2024 4430 2141 4485 fieri
2189 4427 2523 4498 cogitatione
2569 4438 2671 4493 per
2709 4420 3111 4493 Oppositionem
3141 4416 3211 4474 ad
3236 4430 3300 4470 ea
3329 4429 3452 4483 qua:

198 4523 290 4575 ὅτε
323 4520 462 4589 πρὸς
498 4517 904 4588 ἀντιδιαστολὴν
930 4514 1022 4570 τοῦ
1052 4519 1173 4569 κατ’
1214 4517 1493 4585 ἐνέργειαν
1541 4516 1778 4585 εἴρηται.

1814 4522 1857 4578 Ι)
1886 4533 2009 4579 actu
2063 4522 2228 4585 fiunt;
2269 4532 2393 4573 nam
2442 4525 2590 4580 actu,
2623 4522 2701 4578 et,
2749 4521 2810 4566 ut
2854 4510 3081 4572 dixeris,
3123 4505 3448 4565 efﬁcienter,

201 4612 281 4681 Τῇ
314 4610 416 4680 μὲν
447 4604 539 4662 οὖν
570 4608 839 4679 ἐνεργείᾳ,
880 4607 975 4660 καὶ
1013 4607 1089 4670 ὡς
1136 4607 1202 4660 ἄν
1230 4623 1313 4669 τις
1343 4607 1487 4659 εἴποι
1520 4624 1781 4677 πραγμα-

200 4700 395 4762 τικῶς,
418 4699 530 4751 οὐδ’
556 4700 716 4767 ἡμεῖς
750 4696 1071 4767 διαιροῦμεν
1101 4697 1201 4759 τὰς
1234 4696 1424 4763 φύσεις
1448 4710 1461 4724 ⁸
1495 4698 1559 4766 τῇ
1590 4695 1636 4748 δ’
1662 4698 1783 4748 ἐπι⁹

202 4791 324 4862 vel;
375 4789 695 4842 διίστανται.
730 4788 787 4839 El
814 4786 869 4839 δὲ
900 4786 1115 4839 ἐπίνοια
1150 4786 1245 4839 καὶ
1291 4784 1542 4853 ἐνέργεια
1586 4785 1782 4837 ταυτόν

203 4886 356 4936 ἐστιν
375 4921 391 4946 ,
432 4882 539 4951 ἄρα
566 4879 660 4931 καὶ
687 4877 783 4948 τὴν
816 4877 946 4945 μίαν
978 4876 1142 4945 φύσιν
1167 4876 1377 4946 ἐπινοίᾳ
1401 4874 1580 4941 λέγεις
1616 4890 1781 4941 γεγε-

202 4975 428 5044 νῆσθαι,
467 4972 500 5043 ἦ
528 4973 624 5025 καὶ
643 4972 739 5034 τὰς
768 4968 864 5023 δύο
892 4968 1082 5037 φύσεις
1112 4967 1364 5037 ἐνεργείᾳ
1391 4967 1486 5019 καὶ
1510 4966 1782 5029 ούσιωδῶς

203 5060 342 5118 εῖναι
400 5064 593 5133 φήσεις
658 5060 758 5129 μὲν
805 5058 904 5130 τὴν
949 5059 1163 5112 ἕνωσιν.
1200 5055 1259 5109 El
1289 5056 1344 5109 δὲ
1389 5056 1603 5126 ἐπινοίᾳ
1646 5055 1781 5126 μόνῃ

203 5153 497 5224 γνωρίζεις
559 5152 660 5215 τάς
719 5151 931 5217 φύσεις,
978 5148 1039 5202 τὸ
1086 5148 1435 5217 ἀνύπαρκτον
1461 5145 1642 5199 αὐτῶν
1688 5146 1784 5199 καὶ

203 5244 491 5309 ἁνούσιον,
525 5243 558 5312 ἢ
583 5242 643 5295 τὸ
676 5242 1083 5310 συγκεχυμένον
1111 5239 1204 5293 καὶ
1228 5237 1596 5307 ἠφανισμένον
1618 5254 1782 5289 κατα-

207 5335 495 5398 σκευάζεις
522 5353 538 5369 ο
566 5334 704 5404 ὅπερ
728 5333 822 5386 καὶ
846 5331 1045 5402 μᾶλλον
1076 5331 1287 5392 ὡδίνεις
1324 5330 1444 5398 μὲν,
1469 5328 1570 5381 οὐκ
1597 5327 1786 5394 ἐκφαί-

203 5441 319 5487 νεις
366 5423 443 5476 δέ.
494 5422 738 5493 Ἐπινοίᾳ
764 5422 871 5491 γὰρ
904 5422 963 5472 οὑ
1001 5420 1158 5490 μόνον
1191 5419 1326 5488 ἔφης
1358 5418 1619 5488 διαιρεῖν,
1648 5416 1782 5470 ἀλλὰ

205 5515 307 5568 καὶ
348 5517 570 5567 σκοπεῖν
602 5515 700 5577 τάς
739 5513 952 5583 φύσεις,
976 5511 1043 5575 ἀς
1078 5511 1201 5565 οὐδὲ
1240 5513 1421 5581 μένειν
1446 5509 1568 5563 καθ’
1603 5509 1784 5580 ὑπαρ-

208 5605 296 5670 ξιν
326 5609 628 5675 συγχωρεῖς
659 5605 774 5670 νῦν,
805 5606 831 5657 ό
861 5605 920 5656 ὲν
949 5602 1160 5663 πολλοῖς
1186 5600 1358 5670 λέγων
1402 5602 1585 5671 μένειν
1617 5602 1783 5664 αὑτὰς

209 5698 270 5749 ιν
305 5697 373 5765 τῇ
404 5696 671 5758 συνθέσει,
691 5695 780 5748 διὰ
813 5695 910 5765 τὴν
938 5691 1245 5763 προσοῦσάν
1272 5709 1354 5743 σοι
1389 5693 1674 5745 ἀστασίαν.

286 5787 409 5838 Ὄῖ.
440 5787 494 5839 δὲ
524 5792 584 5842 ἐκ
621 5786 963 5859 διῃρημένων
994 5785 1098 5840 τῶν
1137 5786 1348 5855 φύσεων
1382 5784 1663 5856 ἀναγκάζῃ
1696 5786 1782 5838 λέ-

1880 4631 1951 4670 ne
2004 4628 2107 4668 nos
2152 4610 2376 4680 quidem
2435 4617 2665 4662 naturas
2725 4602 3046 4665 dividimus,
3112 4597 3450 4668 cogitatione

1881 4710 2097 4758 tantum
2138 4700 2575 4769 distinguuntur.
2631 4692 2787 4760 Quod
2824 4692 2872 4746 si
2918 4688 3181 4759 cogitatio
3208 4697 3265 4741 et
3296 4694 3452 4741 actus

1880 4795 2025 4850 idem
2053 4800 2201 4855 sunt,
2236 4797 2696 4867 unam.naturam
2738 4784 3072 4855 cogitatione
3100 4780 3298 4835 factam
3327 4791 3452 4832 esse

1880 4886 2054 4949 dices,
2086 4893 2178 4937 aut
2202 4883 2368 4937 etiam
2404 4881 2540 4934 «luas
2567 4888 2793 4933 naturas
2823 4884 2947 4930 actu
2981 4883 3037 4929 et
3066 4868 3451 4927 substantiali-

1882 4984 1967 5030 ter
1992 4990 2112 5029 esse
2140 4973 2442 5027 contendes
2465 4984 2592 5041 post
2626 4970 2909 5025 unionem.
2947 4965 3017 5020 At
3044 4966 3091 5020 si
3118 4963 3451 5034 cogitatione

1881 5067 1997 5121 sola
2047 5074 2273 5118 naturas
2332 5061 2709 5129 consequeris,
2733 5057 2975 5112 essentia
3035 5063 3092 5109 et
3142 5052 3453 5107 substantia

1881 5167 2132 5211 carentes
2181 5153 2351 5222 ﬁnges
2403 5168 2517 5213 eas,
2558 5158 2653 5203 aut
2688 5148 2946 5203 confusas
2985 5153 3041 5200 et
3100 5144 3449 5199 invisibiles:

1882 5243 2029 5312 quod
2068 5241 2290 5312 quidem
2320 5239 2505 5293 innuis
2535 5238 2719 5309 potius
2753 5252 2918 5305 quam
2955 5233 3252 5305 profiteris.
3284 5231 3451 5302 Cogi-

1885 5334 2094 5388 tatione
2140 5333 2287 5386 enim
2322 5347 2433 5385 non
2460 5331 2637 5384 solum
2683 5329 2825 5383 dicis
2861 5337 2913 5382 te
2942 5327 3320 5396 distinguere;
3352 5326 3450 5381 sed

1883 5432 1939 5479 et
1968 5422 2325 5478 considerare
2354 5430 2604 5485 naturas,
2635 5435 2773 5490 quas
2801 5433 2949 5473 nunc
2993 5418 3182 5472 fateris
3223 5432 3290 5471 ne
3321 5431 3450 5487 per-

1884 5530 2109 5570 manere
2155 5513 2379 5583 quidem
2426 5529 2523 5567 sua
2554 5512 2896 5575 exsistentia,
2930 5509 3060 5563 dum
3091 5509 3207 5579 ipse
3234 5524 3327 5563 eas
3347 5523 3451 5562 sae-

1884 5606 2011 5677 pius
2036 5605 2120 5659 vel
2144 5606 2200 5659 in
2231 5605 2624 5673 conjunctione
2658 5615 3002 5672 permanere,
3027 5607 3258 5671 propter
3290 5598 3451 5652 inna—

1887 5706 1994 5752 tam
2023 5707 2169 5751 tuam
2196 5696 2560 5751 mobilitatem
2586 5693 2863 5749 docueris.

1957 5786 2241 5843 Distinctis
2327 5796 2510 5842 autem
2585 5785 2843 5854 naturis,
2902 5784 3270 5843 confitendam
3330 5794 3450 5839 esse
