4210 6442
707 383 814 446 923

1942 380 2352 440 EUSTATllll
2400 377 2743 436 MONACIH

3871 326 3967 437 at

706 498 962 550 unionem
1007 509 1073 548 ex
1123 495 1232 548 tuis
1281 495 1465 550 verbis
1494 495 1858 564 probabimus
1891 494 2014 556 tibi,
2041 493 2278 546 duarum

2391 507 2499 556 γειν
2526 490 2624 558 τὴν
2655 488 2884 552 ἕνωσιν,
2931 489 2994 540 ἐκ
3028 489 3134 540 τῶν
3187 489 3293 539 σῶν
3331 489 3502 554 λόγων
3541 489 3718 556 ἐ’1ἑγξ‹
3735 499 3861 558 ›μεν
3911 508 3966 542 σε

705 597 1065 654 personarum
1104 585 1340 639 doctori.
1370 585 1520 638 Dicis
1542 585 1688 638 enim
1719 602 1731 637 :
1780 603 1797 635 ι
1837 584 1939 638 Ubi
1971 584 2276 648 distinctio,

704 672 780 725 ibi
807 678 863 723 et
887 670 1138 725 biuarius
1173 688 1460 733 numerus,
1494 682 1551 726 et
1580 673 1674 727 ubi
1710 673 1962 727 binarius
1990 687 2277 732 numerus,

705 761 779 814 ibi
826 768 884 814 et
935 761 1216 815 distinctio
1268 762 1340 815 sit
1388 779 1615 818 necesse
1666 773 1769 817 est.
1833 783 1850 814 ι
1915 763 1970 816 Si
2014 778 2148 816 voce
2177 763 2280 814 duo

704 868 880 921 usque
906 862 960 904 et
982 851 1267 906 distinctio
1297 853 1570 915 innuitur,
1597 862 1656 906 et
1699 868 1765 905 ex
1805 867 1940 906 voce
1972 853 2074 906 duo
2105 868 2280 921 usque

705 943 1066 1010 consequitur
1107 944 1369 998 unionem
1421 945 1590 998 rebus
1645 944 1926 998 distinctis
1978 945 2279 1013 praesubsi-

706 1035 1092 1102 stentibusque
1144 1036 1262 1088 ﬁeri
1292 1078 1305 1099 ,
1348 1051 1413 1089 ex
1466 1037 1682 1090 duabus
1707 1036 1963 1105 personis
1991 1037 2178 1090 dicere
2211 1051 2282 1090 nc

708 1141 948 1179 recuses.
998 1125 1217 1180 Clarius
1257 1128 1420 1180 etiam
1459 1137 1516 1182 et
1547 1127 1898 1183 manifestius
1928 1127 2076 1181 dicta
2124 1136 2282 1196 pate-

705 1219 858 1272 bunt.
913 1218 971 1270 In
1029 1219 1148 1286 ipso
1182 1217 1446 1272 adversus
1497 1218 1924 1273 Grammaticum
1970 1220 2114 1273 libro
2158 1221 2280 1274 ait:

714 1327 730 1356 ι
765 1307 958 1360 Merito
1003 1307 1168 1375 igitur
1221 1315 1467 1376 putares,
1496 1309 1768 1377 perfectas
1797 1309 2141 1380 hypostases,
2171 1310 2285 1364 dis-

707 1398 875 1451 tincte
920 1396 1307 1462 subsistentes,
1361 1398 1497 1452 duas
1523 1399 1690 1452 etiam
1722 1401 1779 1452 in
1814 1415 2083 1470 personas
2135 1401 2284 1454 divi-

707 1502 795 1539 sas
823 1501 967 1548 esse,
1001 1486 1073 1538 ita
1111 1495 1169 1539 ut
1193 1501 1422 1554 quaeque
1448 1488 1726 1556 prepriam
1752 1504 2046 1557 personam
2077 1491 2280 1544 consti-

709 1585 848 1639 tuat,
878 1585 933 1630 et
961 1578 1183 1645 propria
1214 1576 1574 1631 subsistentia
1597 1579 1924 1633 subsistat.»
1958 1581 2024 1632 Ει
2055 1595 2282 1634 rursus:

716 1686 732 1715 ι
773 1668 890 1720 Non
917 1667 1028 1720 duo
1064 1668 1302 1729 Domini,
1329 1683 1437 1720 non
1467 1667 1577 1721 duo
1600 1669 1745 1733 Filii,
1769 1683 1879 1722 non
1913 1669 2023 1721 duo
2055 1669 2282 1733 Christi,

693 1758 836 1826 quia
868 1759 1189 1813 substantia:
1225 1759 1308 1811 vel
1339 1759 1660 1829 hypostases
1686 1770 1781 1814 aut
1823 1769 2035 1814 natura:
2061 1762 2284 1830 prepria

2381 583 2470 634 τὸν
2499 581 2820 634 διδάσκαλον
2845 581 2951 633 τῶν
2978 580 3416 650 διπροσωπιτῶν.
3464 582 3648 652 Ἐςρης
3675 601 3686 612 ·
3729 601 3747 633 ι
3791 582 3967 634 Ὅπου

2381 675 2666 744 διαίρεσις,
2723 675 2841 726 ἐκεῖ
2894 675 2987 725 καὶ
3037 672 3196 732 δυάςο
3245 672 3338 724 καὶ
3374 672 3507 724 ὅπου
3544 672 3700 737 δυὰς,
3732 674 3851 726 ἐκεῖ
3878 673 3968 726 καὶ

2381 767 2644 837 διαίρεσις
2677 764 2980 818 ἀκολουθεῖ.
3024 782 3040 814 ι
3078 763 3139 815 Ei
3179 766 3243 833 τῇ
3279 762 3387 815 δύο
3426 765 3582 832 φωνῇ
3625 765 3846 826 πάντως
3879 765 3969 815 καὶ

2380 858 2645 927 διαίρεσις
2680 855 2981 920 ἀκολουθεῖ,
3024 856 3116 908 καὶ
3160 856 3226 925 τῇ
3264 855 3332 907 ἐκ
3366 855 3474 906 δύο
3517 855 3746 919 πέτντως
3779 855 3968 922 ἕψεται

2381 948 2441 1000 τὸ
2493 948 2558 1000 ἐκ
2612 945 2956 1017 διῃρημένων
3009 947 3101 998 καὶ
3131 945 3575 1015 προϋφεστώτων
3625 946 3727 1016 τὴν
3773 946 3968 997 ἕνωσιν

2381 1039 2706 1108 γεγενῆσθαι
2730 1057 2744 1069 ·
2772 1038 2852 1091 διὸ
2877 1039 2972 1090 καὶ
3003 1038 3063 1090 τὸ
3091 1039 3158 1091 ἐκ
3179 1038 3288 1092 δύο
3314 1040 3658 1105 προσώπων
3682 1039 3742 1091 οὑ
3768 1055 3968 1107 παραι-

2382 1130 2448 1198 τῇ
2483 1129 2678 1194 λέγειν.
2709 1128 2856 1199 Πλὴν
2886 1128 3228 1197 τρανώτερον
3261 1127 3353 1179 καὶ
3381 1129 3722 1196 σαφέστερον
3754 1126 3968 1179 ἀποδει-

2383 1220 2642 1290 χθήσεται
2670 1221 2730 1272 τὸ
2762 1219 3074 1290 λεγόμενον.
3095 1220 3181 1270 Ἐν
3213 1217 3359 1287 αὑτῷ
3381 1217 3467 1289 τῖε)
3493 1219 3635 1272 κατὰ
3658 1217 3752 1271 τοῦ
3782 1219 3969 1285 Γραμ-

2388 1309 2617 1378 ματικοῦ
2655 1308 2844 1378 βιϐλίῳ
2869 1308 3053 1376 φησίν·
3092 1327 3109 1358 ι
3147 1308 3324 1360 Νοοῖτ⁹
3356 1307 3422 1360 ἂν
3462 1304 3556 1361 οὖν
3597 1309 3823 1369 εἰκότως
3851 1349 3864 1367 ,
3896 1307 3969 1368 ὡς

2384 1399 2588 1452 τέλειαι
2635 1399 2688 1452 αί
2719 1401 3061 1461 ὑποστάσεις,
3097 1398 3448 1469 διῃρημένως
3495 1400 3593 1468 μὲν
3635 1398 3967 1466 ὑφεστῶσαι,

2384 1491 2666 1560 διῄρηνται
2695 1489 2789 1544 καὶ
2821 1491 2899 1552 είς
2929 1492 3195 1559 πρόσωπα
3222 1490 3335 1553 δύο,
3367 1489 3506 1558 ῖῖἱιον
3536 1490 3772 1557 ἑκάστης
3805 1491 3972 1556 πρόσ-

2385 1600 2534 1635 ωπον
2589 1581 3042 1652 ἐπιγραφομένης
3079 1621 3093 1642 ,
3139 1579 3213 1641 ὡς
3275 1579 3669 1640 ίδιοσυστάτως
3722 1577 3967 1646 ὑφεστώ-

2389 1693 2508 1742 σης.
2538 1694 2555 1726 ι
2593 1675 2702 1726 Καὶ
2727 1673 2920 1725 πάλιν·
2963 1691 2980 1723 ι
3007 1672 3081 1725 Οὑ
3114 1671 3208 1724 δύο
3242 1671 3469 1744 Κύριοι,
3511 1671 3572 1724 οὑ
3603 1671 3697 1724 δύο
3730 1671 3876 1730 Υἱοὶ,
3911 1670 3967 1720 οὑ

2388 1766 2482 1819 δύο
2513 1766 2767 1834 Χριστοὶ.
2801 1764 2890 1817 διὰ
2914 1765 2975 1815 τὸ
3007 1763 3142 1833 μηδὲ
3174 1763 3274 1826 τὰς
3302 1765 3495 1824 οὐσίας
3525 1763 3695 1832 ἦγουν
3730 1762 3970 1814 ὑποστά-

707 1851 1044 1914 substantia,
1087 1866 1148 1902 ac
1199 1851 1496 1918 separatim
1541 1859 1596 1905 et
1642 1868 1709 1905 ex
1759 1861 1915 1922 parte
1968 1869 2076 1906 non
2103 1854 2287 1906 subsi-

2401 1873 2514 1918 σεις
2607 1855 2796 1922 φύσεις
2831 1830 3210 1915 ἰδιοσυστάτως
3261 1830 3636 1922 ὑφεστηκέναι
3675 1853 3768 1905 καὶ
3799 1869 3972 1920 κεχωα

709 1951 880 1994 stunt.
931 1962 946 1990 ι
991 1943 1056 1995 Et
1090 1957 1282 1994 rursus
1322 1960 1334 1993 :
1382 1961 1398 1992 ι
1438 1941 1783 2013 Cogitationc
1815 1943 1907 1996 ubi
1937 1943 2289 2012 distinguun-

710 2043 798 2084 tur
831 2042 1042 2086 natum
1078 2034 1161 2087 vel
1209 2034 1552 2102 hypostases,
1583 2034 1745 2086 simul
1774 2042 1829 2087 et
1857 2051 2106 2104 persona
2139 2036 2287 2105 cogi-

711 2133 931 2190 tantur;
979 2141 1105 2178 nam
1155 2142 1279 2180 cum
1331 2126 1462 2195 quid
1517 2127 1584 2180 ab
1631 2127 1737 2180 alia
1785 2143 1844 2181 re
1902 2127 2284 2196 distinguitur,

709 2216 894 2269 statim
947 2217 1229 2286 propriam
1274 2233 1566 2287 personam
1617 2218 1803 2271 efﬁcit.
1846 2237 1863 2268 ι
1899 2219 1968 2270 At
1998 2219 2040 2272 si
2067 2235 2131 2271 ea
2167 2235 2289 2287 qua:

708 2309 1013 2363 subsistant
1057 2312 1278 2379 propria
1329 2311 1708 2375 subsistentia,
1763 2311 2042 2380 propriam
2094 2327 2287 2378 perso-

713 2417 836 2452 nam
866 2401 1197 2466 elﬁciunt,ct
1223 2418 1285 2455 ea
1314 2419 1532 2472 quoque
1560 2419 1683 2472 quae
1717 2404 1975 2458 distincte
1997 2403 2290 2472 etscpara-

714 2492 807 2544 tim
842 2502 898 2546 et
933 2510 996 2546 ex
1022 2502 1175 2562 parte
1209 2496 1541 2559 subsistunt,
1567 2498 1619 2549 in
1648 2511 1911 2564 personas
1938 2495 2290 2564 distinguun-

714 2595 822 2648 tur,
870 2585 1123 2640 Christus
1174 2603 1283 2639 non
1336 2587 1512 2641 solum
1541 2604 1608 2642 ex
1637 2589 1855 2642 duabus
1889 2587 2106 2640 naturis
2134 2588 2286 2656 juxta

713 2675 999 2742 Severum,
1029 2679 1125 2732 sed
1160 2689 1216 2732 et
1245 2696 1307 2732 ex
1344 2680 1560 2735 duabus
1593 2682 1848 2750 personis
1885 2689 1986 2734 est.
2038 2682 2288 2734 Primum

713 2767 993 2833 distincte,
1043 2779 1099 2824 et
1140 2774 1440 2840 separatim
1492 2781 1550 2827 et
1601 2789 1668 2826 ex
1715 2781 1893 2842 parte,
1953 2781 2009 2827 et
2065 2771 2286 2840 propria

712 2860 1069 2916 subsistentia
1145 2863 1512 2918 substiterant
1590 2873 1824 2929 naturae,
1883 2873 1940 2918 et
2005 2862 2286 2933 propriam

714 2960 948 3020 utraque
980 2963 1234 3008 naturam
1279 2957 1682 3022 constituerat;
1731 2966 1920 3025 postea
1955 2971 2090 3008 vero
2123 2954 2289 3008 unitas

712 3050 862 3104 sunt,
912 3052 966 3095 et
1007 3043 1081 3096 ita
1142 3053 1298 3098 ortus
1343 3054 1429 3099 est
1471 3046 1661 3100 Severi
1699 3046 1956 3100 Christus
1981 3061 2048 3099 ex
2073 3044 2288 3098 duabus

710 3134 930 3187 naturis
973 3143 1028 3187 et
1081 3150 1112 3189 e
1155 3135 1370 3191 duabus
1402 3138 1691 3206 personis;
1725 3137 1870 3206 quod
1895 3136 1990 3205 qui
2020 3150 2283 3204 expresse
2315 3157 2356 3212 ρ

710 3224 1042 3280 confirmare
1082 3227 1333 3288 auderet,
1366 3244 1476 3282 non
1513 3229 1688 3282 solum
1725 3228 1981 3282 Nestorio
2009 3226 2288 3282 Nestoria-

714 3316 838 3370 nior
869 3323 1038 3380 esset,
1070 3318 1166 3371 sed
1199 3318 1318 3386 ipso
1349 3318 1554 3374 Severo
1585 3321 1852 3374 insanior.

783 3495 841 3548 In
889 3509 1144 3549 sermone
1198 3495 1319 3563 ejus
1368 3495 1423 3548 in
1468 3494 1848 3556 Nativitatem,
1913 3497 2076 3566 cujus
2132 3510 2292 3549 exor-

706 3585 885 3649 dium,
947 3585 1031 3650 Ut,
1084 3585 1258 3639 (unum
1325 3586 1529 3648 Oriens,
1564 3585 1745 3641 dicit:
1789 3610 1806 3638 ι
1857 3587 2026 3658 Cujus
2081 3596 2292 3642 natura:

710 3677 989 3747 propriam
1053 3677 1428 3747 operationem
1497 3678 1744 3732 dicemus
1811 3678 2068 3734 incedere
2128 3694 2294 3748 super

707 3768 956 3834 aquam?
983 3766 1353 3836 respondeant
1391 3767 1484 3835 qui
1514 3775 1636 3835 post
1670 3766 1927 3821 unionem
1970 3767 2107 3822 duas
2135 3779 2293 3821 natu-

712 3874 801 3913 ras
827 3859 1057 3928 lingunt.
1111 3859 1306 3914 Utrum
1365 3858 1600 3912 divinae?
1656 3859 1726 3912 At
1763 3875 1873 3928 quo
1897 3869 2055 3929 pacto
2089 3859 2293 3914 divini-

716 3951 846 4004 tatis
901 3951 1183 4019 pr0prium
1257 3951 1542 4019 corporeis
1600 3950 1838 4019 pedibus
1894 3952 2153 4022 ingredi?
2206 3953 2290 4007 An

715 4040 1013 4094 humana?
1061 4039 1218 4103 Vide,
1252 4040 1487 4093 duarum
1547 4047 1873 4093 naturarum
1920 4051 2155 4104 amator,
2201 4042 2291 4095 cui

714 4140 920 4186 tantam
952 4131 1330 4200 operationem
1364 4131 1607 4195 tribuas;
1645 4147 1768 4184 nam
1797 4148 1861 4187 ea
1895 4142 2121 4187 naturas
2147 4141 2290 4198 tuas,

716 4232 776 4276 nt
824 4223 1031 4287 cernis,
1081 4222 1240 4292 fugit.
1298 4223 1368 4276 At
1424 4231 1637 4276 certum
1679 4232 1784 4286 est,
1847 4234 1902 4278 et
1947 4225 2084 4278 nulli
2122 4225 2292 4279 dubio

713 4316 1037 4376 olmoxium,
1071 4315 1178 4368 nisi
1234 4323 1428 4383 sponte
1470 4314 1739 4379 furanlus,
1800 4317 1913 4371 Deo
1955 4317 2136 4372 Verbo
2166 4331 2294 4386 pro-

716 4417 840 4477 pter
867 4423 966 4461 nos
998 4408 1304 4471 incarnato,
1353 4407 1447 4461 uni
1491 4417 1547 4462 et
1600 4409 1912 4472 individuo,
1945 4409 2290 4463 individuam

2396 1947 2665 2015 ρισμένως
2721 1947 2818 1998 καὶ
2870 1943 2973 1996 ἀνὰ
3019 1944 3251 2014 μέρος.»
3302 1945 3417 1998 Καὶ
3478 1943 3666 1996 πάλιν·
3712 1962 3729 1993 ι
3766 1943 3856 1994 Ἐν
3909 1944 3972 2009 τῇ

2391 2037 2603 2109 ἐπινοίᾳ
2641 2037 3052 2106 διαιρουμέναις
3088 2038 3210 2098 ταῖς
3242 2037 3501 2103 φύσεσιν,
3531 2036 3698 2106 ἧγουν
3740 2037 3975 2088 ὑποστά-

2393 2147 2533 2190 σεσι,
2573 2131 2972 2181 συνεπινοεῖται
3027 2130 3119 2181 καὶ
3154 2128 3224 2181 τὰ
3276 2128 3578 2198 πρόσωπα·
3607 2127 3839 2197 θάτερον
3868 2126 3974 2195 γὰρ

2390 2219 2622 2290 θατέρου
2651 2219 3046 2290 διαιρούμενον,
3069 2220 3228 2282 εὐθὺς
3255 2219 3383 2274 [διον
3410 2221 3778 2290 ἐπιγράφεται
3808 2220 3977 2288 πρόσο

2389 2329 2558 2366 ωπον.
2588 2332 2605 2362 ι
2643 2314 2705 2365 Ei
2740 2311 2808 2365 τὰ
2873 2313 3300 2376 ίδιοῦποστάτως
3353 2311 3662 2390 ὑφεστῶτα,
3710 2311 3820 2364 ἴδια
3854 2314 3975 2363 ἐπι-

2390 2405 2663 2473 γράφεται
2706 2404 2994 2473 πρόσωπα,
3029 2404 3120 2456 καὶ
3151 2402 3219 2455 τὰ
3255 2404 3604 2475 διῃρημένως
3646 2404 3741 2456 καὶ
3799 2420 3974 2472 κεχω-

2392 2494 2662 2566 ρισμένως
2685 2495 2777 2546 καὶ
2793 2493 2895 2547 ἀνὰ
2922 2491 3088 2562 μέρος
3109 2491 3208 2559 ὑφε
3223 2492 3402 2544 στῶτα
3429 2490 3680 2568 διῄρηται
3705 2491 3785 2550 είς
3807 2491 3972 2558 πρόσ-

2388 2602 2546 2639 ωπα·
2580 2588 2607 2639 δ
2639 2585 2695 2638 δὲ
2736 2585 2975 2654 Χριστὸς
3008 2583 3069 2637 οὑ
3136 2583 3304 2652 μόνον
3333 2585 3395 2636 ἐκ
3429 2583 3520 2634 δύο
3556 2581 3768 2649 φύσεων
3801 2583 3971 2644 ἐστιν,

2390 2678 2524 2731 ἀλλὰ
2555 2678 2649 2729 καὶ
2681 2678 2744 2729 ἐκ
2776 2677 2870 2730 δύο
2910 2675 3226 2745 προσώπων
3269 2675 3410 2728 κατὰ
3438 2675 3675 2743 Σευῆρον
3696 2692 3708 2703 ·
3772 2673 3886 2742 ἄρα
3914 2689 3975 2738 γε

2391 2769 2607 2840 πρῶτον
2673 2766 3022 2840 διῃρημένως
3078 2768 3173 2819 καὶ
3229 2767 3656 2836 κεχωρισμένως
3713 2764 3810 2816 καὶ
3877 2762 3976 2815 ἀνὰ

2395 2861 2560 2932 μέρος
2607 2861 2701 2912 καὶ
2753 2858 3140 2920 ίδιοσνστάτως
3204 2857 3514 2927 ὑπέστησαν
3547 2855 3603 2909 αἱ
3634 2854 3850 2923 φύσεις,
3888 2853 3979 2906 ἴνα

2391 2953 2488 3005 καὶ
2519 2949 2652 3002 ἴδιον
2681 2948 2891 3017 ἑκάστη
2925 2946 3307 3018 ἐπιγράφηται
3345 2947 3639 3015 πρόσωπον
3662 2958 3675 2972 ·
3710 2943 3807 2995 καὶ
3852 2943 3978 2994 τότε

2392 3039 2681 3112 ήνώθησαν
2710 3038 2808 3092 καὶ
2831 3036 3004 3099 οὕτως
3028 3035 3376 3104 ἀπετελέσθη
3408 3038 3436 3088 ὁ
3468 3035 3710 3104 Σευῆρον
3739 3032 3979 3101 Χριστὸς

2391 3135 2457 3185 ἐκ
2495 3132 2589 3185 δύο
2619 3129 2835 3199 φύσεων
2865 3130 2959 3182 καὶ
2981 3131 3042 3182 ἐκ
3068 3128 3161 3181 δύο
3189 3126 3538 3196 προσώπων·
3571 3125 3706 3193 ὅπερ
3727 3124 3776 3176 εί
3805 3123 3982 3184 οὕτως

2395 3220 2527 3290 ἔχει,
2563 3220 2624 3272 οὑ
2651 3219 2810 3288 μόνον
2844 3216 2961 3270 ἐστὶ
2994 3217 3168 3268 Νεστο
3178 3215 3298 3283 ρίου
3328 3210 3856 3280 Νεστοριανώτερον,
3888 3209 3983 3261 ἀλ-

2391 3311 2460 3364 λὰ
2483 3310 2576 3363 καὶ
2599 3307 2764 3362 αὑτοῦ
2799 3309 3038 3376 Σευήρσυ
3070 3305 3450 3374 ἀνοητότερον.
3479 3301 3745 3370 Φύγωμεν
3774 3296 3872 3352 οὗν
3891 3301 3981 3352 τὸν

2392 3402 2744 3469 διπρόσωπον
2767 3399 2912 3466 διριν.

2473 3493 2562 3546 Ἐν
2621 3491 2700 3560 τῷ
2749 3489 2894 3558 λόγῳ
2945 3486 3113 3541 αὑτοῦ
3171 3485 3255 3556 τῷ
3285 3486 3364 3548 είς
3419 3485 3486 3537 τὰ
3536 3481 3817 3543 Γενέθλια,
3849 3475 3915 3534 οὗ
3949 3481 3983 3551 ἡ

2391 3583 2559 3654 ἀρχὴ,
2593 3583 2822 3647 Ὠσπερ
2879 3579 2946 3631 τὸ
3003 3576 3115 3644 τῆς
3158 3576 3388 3648 ἡμέρας
3447 3572 3573 3643 φῶς
3614 3570 3980 3632 ἀνατέλλον,

2393 3677 2572 3744 λέγει·
2621 3693 2640 3725 ‹
2665 3673 2831 3734 Ποίας
2858 3666 2952 3724 οὖν
2981 3667 3202 3736 φύσεως
3238 3666 3380 3719 ἰδίαν
3406 3664 3695 3735 ἐνέργειαν
3727 3662 3984 3730 εἴπωμεν

2392 3769 2453 3822 τὸ
2484 3767 2718 3836 βαδίζειν
2746 3765 2842 3816 ἐπὶ
2857 3762 2949 3815 τοῦ
2982 3760 3204 3822 ὕδατος,
3237 3755 3736 3829 ἀποκρινάσθωσαν
3757 3753 3806 3806 οἱ
3843 3753 3983 3822 μετᾶ

2390 3858 2490 3928 τὴν
2520 3857 2713 3910 ἕνωσιν
2745 3856 2878 3924 ἡμῖν
2939 3851 3036 3914 τὰς
3091 3850 3185 3902 δύο
3237 3849 3429 3916 φύσεις
3479 3847 3814 3912 εἰσάγοντες.
3872 3846 3984 3914 Τῆς

2394 3950 2573 4012 θείαςς
2599 3946 2709 3999 Καί
2736 3945 2852 4007 πῶς
2883 3943 3136 4010 θεότητος
3176 3939 3333 4004 ἴδιον,
3366 3938 3426 3992 τὺ
3459 3941 3794 4008 σωματικοῖς
3847 3939 3983 3990 ἰέναι

2395 4037 2586 4102 ποσίν;
2639 4034 2799 4088 Ἀλλὰ
2831 4033 2930 4100 τῆς
2967 4030 3354 4100 άνθρωπίνης;
3387 4030 3499 4082 Καὶ
3534 4028 3651 4090 πῶς
3689 4028 3793 4079 οὑκ
3826 4028 3987 4080 ὰ).λό-

2395 4145 2544 4198 τριον
2572 4123 2939 4196 ἀνθρώπουτὸ
2956 4123 3049 4175 ἐπὶ
3072 4121 3177 4190 τῆς
3207 4123 3380 4189 ὑγρᾶς
3405 4119 3590 4181 οὐσίας
3623 4122 3980 4188 περιπατεῖνς

2409 4217 2572 4289 Ὁρᾷς
2596 4216 2624 4266 ὁ
2652 4214 2751 4277 τὰς
2787 4211 2880 4265 δύο
2913 4211 3108 4280 φύσεις
3158 4209 3459 4278 ἐπιζητῶν,
3481 4210 3529 4260 εί
3564 4206 3828 4276 τοιαύτην
3861 4209 3984 4259 ἐπι-

2398 4309 2631 4380 γράψεις
2671 4306 2948 4376 ἐνέργειαν
2971 4319 2983 4332 ·
3033 4303 3132 4364 τὰς
3183 4301 3294 4370 γὰρ
3352 4300 3446 4362 σὰς
3479 4300 3690 4368 φύσεις,
3719 4300 3800 4360 ὡς
3826 4301 3983 4367 δρᾷς,

2399 4401 2786 4468 διαπέφευγεν.
2832 4395 2994 4450 Ἀλλὰ
3025 4393 3298 4463 πρόδηλον
3342 4392 3434 4444 καὶ
3467 4390 3715 4458 οὐδαμῶς
3738 4390 3985 4457 ἀμφίδο-

717 4513 937 4566 quoque
979 4497 1164 4551 inesse
1198 4498 1580 4566 operationem
1607 4515 1622 4561 ;
1652 4498 1942 4567 proprium
1972 4499 2144 4567 ipsius
2172 4507 2292 4553 erat

2399 4493 2511 4554 λον,
2555 4492 2604 4544 εί
2653 4490 2727 4559 μὴ
2772 4489 2991 4548 ἑκόντες
3031 4485 3426 4554 μεθύομεν,ὠς
3475 4483 3568 4536 τοῦ
3613 4482 3752 4534 Θεοῦ
3801 4484 3983 4548 Λόγου

717 4603 882 4656 super
934 4603 1134 4656 aquam
1191 4588 1479 4652 incedere,
1536 4603 1664 4642 cum
1717 4588 1770 4641 id
1825 4589 1989 4642 simul
2042 4589 2292 4644 divinum

716 4681 790 4734 sit
841 4689 896 4734 et
946 4681 1275 4735 humanum.
1336 4701 1355 4732 ι
1415 4680 1546 4747 Quae
1597 4681 1970 4735 disserentem
2026 4681 2292 4736 Severum

716 4772 1198 4844 phantasmatibus
1235 4773 1407 4826 credo
1430 4772 1664 4826 illudere
1685 4771 1994 4826 auditores.
2047 4773 2182 4825 Nam
2247 4773 2293 4826 si

706 4877 819 4919 nec
874 4861 1078 4916 divina:
1146 4877 1251 4916 nec
1313 4863 1566 4916 humana!
1619 4871 1832 4917 natura:
1885 4862 2066 4916 fuerat
2126 4878 2294 4931 super

705 4967 913 5020 aquam
955 4952 1337 5016 deatnbulare,
1374 4954 1461 5007 vel
1499 4959 1620 5006 erat
1660 4952 1767 5006 hoc
1814 4967 1966 5006 mera
2010 4952 2172 5017 visio,
2206 4952 2293 5006 vel

713 5056 876 5098 actus
927 5061 1039 5099 non
1098 5046 1320 5116 integra
1372 5046 1686 5101 divinitatis
1728 5047 2162 5101 humanitatisve
2195 5062 2294 5098 na-

709 5143 840 5188 .tura
889 5135 1194 5204 perfectus,
1240 5135 1338 5190 sed
1381 5146 1580 5190 natura
1621 5152 1688 5189 ex
1735 5136 1857 5189 istis
1906 5135 2200 5204 permista,
2239 5142 2296 5188 et

713 5239 816 5291 per
849 5225 1229 5279 confusionem
1283 5226 1560 5281 absoluta.
1607 5226 1764 5281 Unde
1788 5225 1989 5279 neutra
2020 5240 2152 5292 pura
2184 5239 2298 5277 ser-

723 5314 973 5380 vabitur;
1017 5314 1113 5368 sed
1151 5316 1242 5369 uni
1279 5326 1489 5369 naturae
1527 5317 1829 5380 tribuetur,
1879 5315 2297 5384 qualiscunque

719 5405 812 5467 sit,
859 5407 1163 5461 ambulatio
1202 5422 1370 5476 super
1399 5423 1621 5477 aquam,
1677 5416 1736 5460 ut
1788 5405 2042 5476 operatio
2075 5413 2296 5460 maneat

718 5514 829 5550 una
885 5507 940 5551 et
992 5499 1301 5553 individua.
1353 5500 1492 5568 Age,
1544 5514 1711 5567 super
1761 5506 1968 5552 terram
2012 5497 2298 5551 ambulare

713 5591 920 5644 divinae
945 5601 1156 5646 natura:
1179 5599 1320 5657 erat,
1342 5609 1412 5646 an
1436 5593 1688 5646 humanae
1709 5591 1896 5644 ?Nihil
1929 5591 2044 5644 Deo
2070 5588 2298 5658 dignum

721 5683 971 5734 .‘(srltiltlr
1003 5698 1126 5734 cum
1169 5683 1422 5738 Innnanae
1464 5690 1678 5737 natura:
1721 5681 1939 5751 legibus
1969 5679 2139 5750 pedes
2184 5687 2299 5733 ter-

716 5791 836 5831 ram
890 5773 1139 5837 calcant;
1191 5789 1321 5829 sane
1371 5777 1444 5830 ita
1497 5776 1671 5829 divisa
1715 5783 1799 5829 cst
1839 5789 1944 5828 una
1981 5783 2204 5840 natura,
2247 5781 2300 5826 et

2398 4583 2493 4638 τοῦ
2524 4583 2592 4636 δι’
2622 4583 2768 4652 ἡμᾶς
2803 4577 3199 4648 σαρκωθέντος,
3223 4576 3342 4637 ἐνὸς
3381 4576 3475 4628 καὶ
3509 4574 3819 4644 ἀμερίστου
3844 4591 3982 4638 τυγο

2396 4677 2674 4744 χάνοντος,
2718 4668 3016 4740 ἀμέριστος
3069 4666 3307 4734 ὑπάρχει
3351 4665 3446 4716 καὶ
3481 4666 3515 4732 ὴ
3562 4663 3855 4732 ἐνέργειαι
3890 4665 3986 4715 καὶ

2397 4763 2529 4815 ἴδιον
2555 4758 2622 4830 ἧν
2648 4758 2815 4813 αὑτοῦ
2839 4759 2901 4809 τὸ
2931 4756 3184 4820 πεζεύειν
3211 4756 3302 4807 ἐπὶ
3349 4755 3440 4806 τοῦ
3473 4753 3684 4816 ὓδατος,
3713 4754 3773 4804 ἐν
3795 4755 3986 4823 ταυτῷ

2395 4853 2454 4905 τὸ
2485 4850 2786 4918 θεοπρεπὲς
2817 4849 2957 4917 ἔχων
2982 4847 3074 4898 καὶ
3100 4845 3160 4899 τδ
3201 4843 3564 4914 ἀνθρώπινον.
3593 4860 3610 4891 ι
3646 4843 3714 4893 Ὃ
3728 4858 3778 4893 τε
3807 4843 3988 4896 ταῦτα

2394 4944 2664 5011 διελέγετο
2701 4941 2965 5010 Σευῆρος,
3013 4933 3171 5006 οἴμαι
3222 4935 3384 4988 αὑτὸν
3435 4933 3987 5003 φαντασιοκοποῦντα

2396 5036 2614 5098 παίζειν
2646 5034 2774 5094 τοὺς
2802 5030 3100 5100 ἀκροατάς.
3136 5027 3199 5079 Εἰ
3227 5027 3366 5095 μήτε
3391 5025 3489 5094 τῆς
3521 5023 3672 5084 θείας
3710 5024 3856 5090 μήτε
3883 5024 3988 5090 τῆς

2395 5125 2743 5195 ἀνθρωπίνης
2765 5123 2981 5191 φύσεως
3002 5116 3071 5190 ἦν
3093 5121 3152 5172 τὺ
3182 5134 3246 5170 πε
3257 5119 3506 5206 atrater
3533 5116 3624 5168 ἐπὶ
3648 5114 3742 5167 τοῦ
3764 5114 3984 5177 ὓδατος.

2397 5217 2432 5289 ἢ
2463 5215 2736 5286 φαντασία
2767 5209 2856 5285 ἦν,
2888 5212 2922 5274 ἦ
2959 5211 3195 5280 φύσεως,
3233 5205 3358 5262 οὗτε
3375 5205 3733 5276 θεῖκῆς,οὔτε
3774 5206 3986 5276 ἀνθρω-

2396 5309 2562 5377 πίνης
2608 5306 2888 5376 καθαρῶς,
2931 5303 3046 5356 ἀλλ’
3093 5304 3157 5353 ἐκ
3189 5299 3392 5353 τούτων
3435 5299 3614 5368 μίγμα
3661 5295 3855 5366 οὔσης,
3889 5298 3986 5348 καὶ

2399 5401 2488 5453 διὰ
2522 5396 2840 5466 συγχύσεως
2893 5389 3377 5458 ἀποτελεσθείσης.
3429 5387 3518 5450 Ὦς
3552 5384 3673 5456 μηδ’
3708 5387 3989 5455 ὁποτέραν

2398 5489 2715 5561 ἀκραιφνῶς
2760 5483 3058 5548 σώζεσθαι,
3093 5481 3339 5536 δεδόσθαι
3360 5480 3417 5533 δὲ
3450 5478 3548 5545 τῆς
3576 5478 3705 5544 μιᾶς
3741 5476 3988 5545 φύσεως,

2402 5584 2500 5652 τῆς
2522 5576 2913 5650 οἱασδηποτοῦν
2939 5571 3081 5628 εἶναι
3111 5573 3206 5626 τὸν
3244 5571 3337 5624 ἐπὶ
3371 5568 3464 5623 τοῦ
3499 5568 3696 5628 ὓδατος
3744 5567 3990 5635 περίπα-

2403 5693 2516 5740 τον,
2547 5674 2633 5727 ῖνα
2656 5671 2801 5738 καὶὴ
2833 5669 3083 5739 ἐνέργεια
3115 5665 3214 5735 μία
3249 5663 3344 5717 καὶ
3368 5662 3664 5732 ἀμέριστος
3781 5659 3859 5711 Τὸ
3890 5658 3989 5710 ἐπὶ

2407 5771 2503 5838 τῆς
2539 5763 2708 5838 ξηρᾶς
2747 5781 2808 5821 πε
2823 5762 3092 5834 ριπατεῖν,
3130 5757 3283 5821 θείας
3330 5755 3543 5823 φύσεως
3579 5747 3670 5819 ἦν,
3704 5751 3739 5822 ἢ
3770 5747 3988 5824 ἀνθρω-
