4210 6442
723 391 821 452 927

1956 387 2371 450 EUSTATHII
2415 383 2759 445 MONACHI

3901 371 4014 432 928

732 519 852 556 sum
884 502 956 571 (7}
992 499 1222 554 scribit:
1260 519 1277 549 ι
1314 497 1449 553 Cum
1492 506 1788 567 utrumque
1841 497 1893 551 in
1928 514 2023 551 sua
2050 497 2305 566 proprie-

2427 492 2605 554 μωνίας
2634 491 2741 545 τῶν
2764 488 3007 558 μορφῶν.
3047 486 3133 547 Ὠς
3159 485 3213 537 δὲ
3250 486 3276 536 ό
3318 482 3587 552 μακάριος
3635 479 3917 549 Κύριλλος
3955 481 4016 571 ἐν

735 602 846 646 tate
872 592 1106 645 naturali
1155 598 1473 660 permaneat
1496 598 1553 642 et
1584 590 1993 644 consideretur.
2033 610 2050 640 ι
2100 590 2309 644 Eodem

735 701 902 738 sensu
955 685 1095 738 dixit
1132 700 1269 753 papa
1339 683 1452 737 Leo
1488 703 1500 738 :
1540 703 1557 734 ι
1595 684 1768 737 Tenet
1817 684 1963 736 enim
2002 686 2121 738 sine
2156 684 2306 738 ὁρίο-

735 783 827 827 ctu
875 775 1263 843 proprietatem
1318 789 1472 828 suam
1535 783 1768 842 utraque
1837 783 2053 828 natura.
2103 794 2121 825 ι
2176 775 2310 827 Pro-

737 867 1026 935 prietatem
1075 866 1289 920 scilicet
1320 867 1568 936 corporis
1588 867 1836 931 humani,
1867 877 1925 921 ut
1963 868 2083 936 ipso
2106 867 2312 922 Severo

739 959 958 1010 videtur
981 957 1035 1010 in
1063 958 1288 1027 scriptis
1306 959 1373 1013 ad
1404 959 1675 1028 Sergium,
1704 977 1808 1029 qua
1841 961 2041 1016 crassis
2062 959 2312 1028 partibus

740 1055 1056 1101 concretum
1088 1059 1191 1110 est,
1238 1049 1421 1103 tactile
1448 1091 1462 1115 ,
1513 1050 1734 1105 visibile
1759 1092 1772 1115 ,
1807 1051 2311 1119 circumscriptum.

742 1136 856 1190 Hoc
882 1136 1030 1190 enim
1085 1154 1184 1206 per
1227 1146 1396 1191 totam
1449 1138 1739 1208 epistolam
1777 1138 2091 1204 conﬁrmat,
2143 1140 2315 1210 Euty-

741 1227 883 1279 chen
931 1228 1290 1296 redarguens,
1324 1229 1734 1297 pbantasmatis
1764 1231 2039 1284 fautorem
2065 1272 2079 1294 ,
2115 1238 2173 1284 et
2213 1231 2317 1285 hac

740 1317 809 1371 de
841 1333 1004 1372 causa
1033 1326 1324 1386 negantem
1357 1336 1550 1373 verum
1582 1335 1790 1389 corpus
1812 1337 1842 1375 a
1881 1321 2116 1376 Domino
2143 1322 2316 1378 fuisse

741 1418 1108 1478 assumptum.
1141 1409 1492 1480 Quapropter
1521 1414 1690 1467 etiam
1726 1414 2062 1489 vocabulum
2097 1431 2160 1468 ea:
2183 1416 2318 1470 dua-

741 1499 834 1550 bus
870 1501 1081 1552 naturis
1115 1499 1425 1569 rejiciebat,
1456 1511 1514 1556 et
1543 1519 1652 1557 non
1677 1505 1785 1558 nisi
1812 1506 2024 1560 invitus
2055 1507 2190 1561 illud
2220 1506 2319 1562 ad-

742 1588 914 1652 misit,
957 1599 1018 1642 ut
1046 1591 1246 1660 probat
1285 1593 1534 1662 synodus
1569 1593 1600 1645 a
1623 1595 1886 1648 Flaviano
1919 1595 2315 1650 Constantino-

741 1679 850 1748 poli
879 1679 1083 1733 habita.

811 1771 948 1825 Cum
999 1773 1165 1827 vellet
1195 1773 1364 1843 igitur
1406 1791 1549 1845 papa
1603 1777 1714 1832 Leo
1761 1776 2152 1833 demonstrare
2202 1795 2314 1834 non

743 1864 974 1916 formam
1008 1873 1219 1918 tantum
1251 1869 1523 1936 corporis,
1555 1870 1652 1924 sed
1687 1885 1878 1925 verum
1912 1888 2114 1942 corpus
2139 1890 2169 1928 a
2204 1875 2317 1928 Deo

745 1956 925 2009 Verbo
957 1955 1126 2009 fuisse
1153 1968 1497 2026 assumptum
1523 1971 1580 2014 et
1609 1960 1748 2015 adeo
1772 1978 1990 2029 verum,
2015 1973 2074 2018 ut
2099 1973 2156 2019 et
2185 1981 2316 2034 pro—

744 2046 1031 2114 prietatem
1063 2050 1372 2102 servaverit
1413 2066 1518 2118 qua
1548 2052 1660 2119 pati
1702 2061 1889 2120 posset
1924 2070 1936 2106 :
1969 2073 1987 2105 ‹
2017 2055 2076 2108 In
2106 2056 2318 2128 integra

745 2140 913 2207 igitur
950 2139 1061 2194 veri
1092 2139 1335 2196 hominis
1362 2143 1719 2213 perfectaque
1749 2154 1980 2210 natura,
2014 2147 2113 2210 ait,
2152 2165 2320 2204 verus

744 2237 905 2282 natus
937 2239 1022 2284 est
1060 2231 1206 2286 Deus
1231 2273 1244 2295 ,
1285 2241 1432 2287 totus
1478 2235 1530 2288 in
1574 2236 1710 2299 suis,
1747 2247 1898 2292 totus
1932 2238 1988 2292 in
2019 2240 2249 2294 nostris.
2293 2259 2311 2292 ι

744 2318 953 2374 Deinde
979 2322 1155 2392 pergit
1193 2341 1206 2376 :
1243 2344 1260 2374 ι
1280 2324 1457 2379 Tenet
1481 2314 1629 2380 enim
1656 2329 1775 2382 sine
1807 2329 2027 2384 defectu
2070 2333 2321 2402 proprie-

747 2420 913 2465 tatem
937 2427 1090 2466 suam
1136 2421 1371 2485 utraque
1407 2428 1624 2474 natura.
1658 2439 1675 2472 ι
1721 2421 1793 2476 Ut
1825 2434 2008 2477 autem
2052 2424 2322 2495 intelliga-

746 2519 888 2565 mus,
921 2505 1054 2573 quid
1074 2507 1181 2561 sibi
1199 2509 1333 2562 velit
1354 2512 1687 2565 vocabulum
1710 2515 1822 2567 sine
1841 2515 2062 2584 defeclu,
2091 2516 2281 2586 adjicit
2305 2536 2317 2571 :

747 2596 900 2651 Sicut
932 2597 1162 2652 formam
1197 2603 1343 2656 servi
1379 2603 1554 2658 forma
1584 2606 1680 2659 Dei
1710 2621 1818 2659 non
1847 2607 2062 2673 adimit,
2095 2609 2170 2663 ita
2205 2609 2320 2663 for-

749 2703 888 2740 mam
917 2689 1010 2743 Dei
1045 2689 1217 2744 forma
1239 2694 1383 2747 servi
1420 2711 1532 2749 non
1558 2696 1759 2750 minuit
1785 2697 1883 2768 (8).
1924 2717 1942 2750 ι
1978 2699 2083 2754 Per
2107 2701 2210 2755 ista
2248 2711 2325 2755 ta-

748 2789 831 2833 tus
861 2783 916 2833 in
941 2785 1134 2835 nostris
1163 2792 1222 2837 et
1246 2786 1361 2837 sine
1388 2786 1611 2854 defectu,
1644 2789 1961 2843 excluditur
1994 2790 2174 2845 omnis
2218 2792 2321 2844 im-

748 2873 986 2927 minutio
1019 2883 1113 2927 aut
1141 2875 1517 2944 imperfectio;
1555 2894 1665 2932 non
1693 2882 1843 2934 enim
1886 2882 2322 2936 substantiarum

749 2966 950 3029 solum,
983 2965 1079 3029 ait,
1111 2968 1192 3021 vel
1227 2978 1551 3024 naturarum
1581 2972 1725 3026 facta
1749 2983 1836 3028 est
1857 2974 2012 3036 unio,
2042 2992 2325 3032 remanse-

750 3066 1026 3112 runtvero
1052 3059 1190 3113 citra
1214 3062 1376 3115 ullam
1396 3063 1776 3119 confusionem
1801 3074 1858 3119 et
1881 3066 2325 3122 imminutionem

2415 589 2480 655 τῇ
2527 585 2664 654 πρὸς
2707 581 3006 634 Σούκενσον
3042 577 3280 647 γράφει·
3318 596 3335 627 ι
3375 576 3462 627 Ἐν
3491 575 3720 643 ίδιότητι
3754 574 3825 642 τῇ
3858 570 4016 624 κατὰ

2413 681 2574 747 φύσιν
2617 675 2881 744 ἐκατέρου
2934 673 3189 741 μένοντος
3250 668 3343 721 καὶ
3399 666 3718 735 νοουμένου.
3751 683 3771 715 ι
3813 663 4013 722 Οὕτως

2415 770 2510 822 καὶ
2542 770 2570 821 6
2602 767 2792 828 πάπας
2835 764 2984 818 Λέων
3033 763 3136 831 ἔφη
3163 778 3176 790 ·
3233 779 3251 812 ι
3277 759 3540 814 Φυλάττει
3586 758 3698 829 γὰρ
3759 756 4015 825 ἑκατέρα

2415 859 2578 928 φύσις
2625 855 2928 917 ἀνελλιπῶς
2990 854 3092 923 τὴν
3123 854 3328 922 ἑαυτῆς
3380 851 3639 919 ἰδιότητα.
3672 869 3690 899 ι
3739 848 4015 918 ’ἰδιότητα

2415 951 2472 1004 δέ
2514 949 2769 1018 σώματος
2803 943 3148 1016 ἀνθρωπίνου
3194 939 3371 1006 εἶπεν,
3401 942 3476 1004 ὡς
3507 942 3603 994 καὶ
3651 941 3886 1009 Σευήρῳ
3923 939 4015 990 δο-

2417 1046 2506 1096 κεῖ
2532 1043 2590 1095 ἐν
2614 1044 2753 1103 τοῖς
2775 1040 2910 1110 πρὸς
2944 1039 3191 1105 Σέργιον,
3224 1037 3286 1088 τὺ
3327 1032 3669 1104 παχυμερὲς,
3709 1032 3770 1085 τὸ
3803 1031 4013 1093 ἁπτὸν,

2415 1134 2479 1188 τὸ
2503 1133 2718 1204 ὁρατὸν,
2764 1130 2824 1184 τὸ
2859 1126 3262 1198 περιγραπτόν.
3292 1125 3465 1178 Τοῦτο
3499 1125 3611 1194 γὰρ
3643 1123 3744 1177 καὶ
3773 1123 3845 1175 δι’
3882 1123 4014 1175 ὅλου

2417 1225 2511 1279 τοῦ
2543 1226 2711 1295 τόμου
2751 1221 3102 1293 παρίστησιν,
3135 1220 3210 1282 ὡς
3254 1216 3391 1288 πρὸς
3439 1214 3688 1284 Εὐτυχέα
3719 1212 4016 1267 ἀποτεινό-

2422 1332 2603 1386 μενος,
2639 1314 2899 1367 νοσοῦντα
2947 1311 3045 1380 τὴν
3100 1307 3431 1378 φαντασίαν,
3466 1307 3564 1358 καὶ
3591 1303 3679 1357 διὰ
3711 1302 3877 1356 τοῦτο
3908 1303 4015 1370 ἀρ-

2417 1409 2703 1477 νούμενον,
2736 1406 2894 1476 σῶμα
2947 1401 3200 1470 ἀληθινὸν
3245 1397 3599 1467 ἀνειληφέναι
3633 1396 3727 1449 τὸν
3771 1396 4013 1461 Κύριον.

2418 1500 2510 1554 Διδ
2543 1501 2637 1553 καὶ
2665 1499 2727 1551 τὸ
2756 1498 2824 1550 ἐκ
2853 1497 2964 1550 δύο
3001 1495 3246 1565 φύσεων
3273 1494 3594 1562 παρῃτεῖτο,
3628 1487 4016 1558 βεϐιασμένως

2417 1592 2475 1645 δέ
2506 1588 2726 1653 ἐδέξατο
2749 1588 2846 1657 τὴν
2882 1585 3088 1656 φωνὴν,
3123 1584 3198 1646 ὡς
3224 1585 3257 1653 ἠ
3292 1583 3382 1634 ἐπὶ
3430 1578 3736 1632 Φλαϐιανοῦ
3774 1579 3836 1630 ἐν
3860 1578 4019 1629 Κων-

2421 1679 2828 1735 σταντινοπόλει
2859 1677 3076 1739 σύνοδος
3097 1675 3271 1746 δηλοῖ.

2503 1774 2562 1826 ’0
2593 1772 2688 1827 οῦν
2722 1772 2909 1833 πάπας
2943 1767 3096 1822 Λέων
3145 1765 3314 1820 θέλων
3360 1764 3530 1828 δεῖξαι
3565 1762 3645 1815 ὅτι
3690 1762 3755 1814 ού
3793 1758 4017 1830 μορφὴν

2351 1843 2393 1898 Β
2425 1865 2676 1936 σώματος
2708 1862 2889 1933 μόνον,
2920 1857 3059 1913 ἀλλὰ
3076 1858 3236 1927 σῶμα
3265 1854 3464 1925 ἀληθὲς
3495 1852 3793 1920 ἀνείληφεν
3826 1853 3855 1903 6
3878 1849 4016 1911 Θεὸς

2419 1961 2610 2030 Λόγος,
2631 1956 2726 2011 καὶ
2746 1953 2919 2016 οὕτως
2948 1950 3166 2022 ἀληθὲς,
3189 1949 3264 2010 ὡς
3292 1947 3386 2000 καὶ
3414 1944 3607 2010 σώζειν
3635 1943 3733 2014 τὴν
3767 1943 4016 2012 ἰδιότητα

2422 2053 2508 2106 ἴνα
2547 2049 2643 2104 καὶ
2690 2047 2924 2116 πάσχειν
2988 2042 3233 2112 δύνηται,
3301 2033 3491 2090 εἶπεν·
3564 2055 3581 2084 ι
3623 2035 3710 2087 Ἐν
3769 2033 4016 2104 ἁκεραία

2419 2148 2484 2214 τῇ
2555 2139 2844 2209 τοιγαροῦν
2900 2136 2994 2190 καὶ
3055 2132 3270 2202 ἀληθῶς
3331 2126 3619 2198 ἀνθρώπου
3674 2128 3768 2179 καὶ
3827 2125 4017 2195 τελείᾳ

2421 2233 2610 2302 φύσει,
2641 2230 2775 2292 Θεὸς
2803 2225 3010 2297 ἀληθὴς
3041 2222 3264 2293 ἐτέχθη,
3302 2221 3424 2282 ὅλος
3461 2222 3519 2272 ἐν
3552 2221 3664 2277 τοῖς
3693 2216 3886 2281 αὑτοῦ,
3923 2217 4019 2269 καὶ

2420 2324 2541 2385 ὅλος
2587 2323 2645 2374 ἐν
2681 2321 2794 2382 τοῖς
2833 2315 3013 2387 ήμῶν.
3036 2333 3056 2366 ι
3103 2309 3238 2367 Εἶτα
3277 2310 3477 2376 ἐπάγει
3500 2327 3513 2339 ·
3553 2328 3570 2360 ι
3595 2306 3866 2360 Φυλάττει
3908 2305 4019 2375 γὰρ

2421 2416 2665 2484 ἐκατὲρα
2707 2411 2868 2481 φύσις
2912 2405 3220 2469 ἀνελλιπιῖκ
3261 2404 3362 2473 τὴν
3415 2403 3618 2472 ἐαυτῆς
3685 2401 3963 2470 ἰδιότητα.
3996 2417 4013 2449 ι

2423 2508 2536 2560 Καὶ
2566 2505 2654 2558 ἵνα
2697 2503 2984 2573 νοήσωμεν
3014 2498 3067 2552 τί
3096 2498 3213 2549 ἐστι
3246 2494 3308 2548 τὸ
3334 2535 3348 2557 ,
3380 2491 3724 2556 ἀνελλιπῶς
3747 2532 3761 2552 ,
3790 2493 4020 2543 ἐπισυν-

2424 2599 2588 2651 άπτει
2612 2613 2653 2645 ἰ
2685 2594 2794 2646 Καὶ
2845 2591 3038 2660 ὥσπερ
3056 2589 3156 2642 οὐκ
3173 2588 3390 2656 ἀναιρεῖ
3416 2585 3515 2653 τὴν
3534 2581 3628 2636 τοῦ
3657 2581 3852 2635 δούλου
3885 2597 4020 2652 μορ-

2427 2693 2531 2761 φὴν
2555 2691 2589 2758 ὴ
2631 2685 2816 2758 μορφὴ
2843 2681 2938 2737 τοῦ
2975 2679 3136 2746 Θεοῦ,
3160 2680 3337 2741 οὕτως
3366 2677 3465 2747 τὴν
3490 2676 3584 2729 τοῦ
3628 2673 3764 2726 Θεοῦ
3797 2673 4017 2743 μορφὴν

2425 2785 2458 2854 ἠ
2487 2779 2583 2834 τοῦ
2617 2777 2806 2832 δούλου
2838 2773 3022 2846 μορφὴ
3070 2772 3171 2826 οὐκ
3205 2771 3513 2854 ἐμείωσεν.
3547 2786 3564 2818 ι
3601 2766 3674 2819 Τὸ
3700 2764 3820 2829 οὖν,
3859 2765 4019 2826 ὅλος

2425 2851 2494 2941 ἐν
2525 2875 2648 2939 τοῖς
2675 2870 2869 2940 ἡμῶν,
2894 2869 2988 2922 καὶ
3027 2867 3106 2928 τὸ,
3135 2851 3498 2928 ἀνελλιπῶς,
3539 2860 3676 2930 μετὰ
3709 2859 3814 2927 τῆς
3852 2855 4021 2928 μειώ-

2429 2984 2564 3030 σεως
2591 2967 2769 3020 κεῖται
2805 2961 2902 3015 καὶ
2932 2957 3027 3012 τοῦ
3058 2957 3306 3019 ἀτελοῦς.
3357 2955 3430 3007 Οὐ
3465 2953 3623 3024 μόνον
3661 2951 3795 3019 γὰρ,
3830 2949 4019 3018 φησὶν,

2426 3059 2627 3114 οὐσιῶν
2652 3058 2772 3128 ἦτοι
2802 3053 3022 3123 φύσεων
3050 3051 3278 3119 γέγονεν
3309 3048 3526 3110 ἐνωσις,
3559 3044 3694 3098 ἀλλὰ
3726 3043 3825 3095 καὶ
3851 3040 4022 3107 ἀσύγ-

751 3148 883 3216 ipsa:
937 3166 1128 3204 earum
1164 3155 1568 3221 proprietates;
1628 3158 1835 3211 retinet
1880 3160 2049 3228 igitur
2091 3169 2325 3228 utraque

2428 3168 2582 3222 χυτοι
2610 3149 2836 3219 ἔμειναν
2867 3145 2964 3198 καὶ
2997 3142 3287 3214 ἀμείωτοιξ
3315 3133 3478 3193 αὗταί
3509 3153 3568 3190 τε
3603 3135 3697 3188 καὶ
3723 3135 3777 3185 αἱ
3817 3132 4023 3198 ἰδιότη-

752 3252 947 3296 natura
1000 3245 1120 3298 sine
1171 3245 1389 3299 defectu
1439 3250 1835 3318 proprietatem
1887 3267 2041 3306 suam
2086 3254 2169 3306 vel
2208 3263 2332 3322 post

753 3335 1033 3387 unionem.
1055 3335 1442 3390 Etsecundum
1471 3349 1722 3394 sanctum
1742 3342 2092 3397 Ambrosium
2128 3362 2139 3396 :
2176 3364 2192 3394 ι
2217 3345 2336 3398 Sic-

755 3434 813 3478 ut
853 3426 990 3479 nihil
1022 3426 1196 3480 defuit
1232 3429 1362 3494 Deo,
1389 3430 1469 3483 sic
1498 3431 1635 3484 nihil
1669 3432 1841 3486 defuit
1864 3435 2190 3501 perfectioni
2229 3435 2333 3489 liu-

754 3520 1054 3582 manitatis,
1085 3529 1146 3573 ut
1169 3521 1447 3590 perfectus
1468 3523 1523 3576 in
1543 3513 1988 3594 utraque'natura
2013 3537 2159 3582 esset
2183 3526 2279 3599 (9).
2309 3549 2325 3580 ι

753 3611 883 3675 Quae
908 3621 1093 3666 autem
1127 3622 1326 3667 natura
1360 3615 1546 3669 carnis
1585 3618 1810 3686 propria
1842 3627 1971 3673 sunt
2011 3620 2124 3675 Deo
2151 3621 2334 3676 Verbo

755 3705 798 3756 si
838 3705 1180 3768 tribuuntur,
1218 3707 1268 3760 id
1300 3723 1412 3760 non
1440 3717 1636 3763 natura
1668 3710 1746 3776 tit,
1774 3711 1870 3766 sed
1902 3714 2335 3786 dispensationis

760 3795 1205 3867 (incarnationis)
1233 3799 1468 3851 ratione.

828 3969 985 4035 Quod
1046 3972 1092 4025 si
1153 3983 1336 4028 autem
1398 3987 1626 4048 propter
1681 3981 2116 4037 ambulationem
2168 3999 2334 4052 super

757 4079 929 4131 aquas
972 4067 1284 4121 naturalem
1337 4073 1585 4139 corporis
1635 4074 2040 4142 proprietatem
2098 4076 2334 4130 deiicere

757 4156 1042 4210 contendit
1075 4156 1337 4224 Severus,
1370 4162 1572 4217 iterum
1593 4166 1942 4220 instabimus.
1976 4168 2033 4220 In
2064 4168 2336 4222 deambu-

759 4247 960 4302 latione
993 4264 1162 4318 super
1192 4261 1392 4306 terram
1436 4255 1696 4310 deﬁcitne
1721 4259 1993 4313 naturalis
2020 4261 2336 4328 proprietas

759 4340 856 4394 Dei
888 4341 1102 4395 Verbi?
1143 4343 1303 4398 Nulla
1364 4348 1512 4402 enim
1553 4349 1770 4404 ratione
1817 4350 1932 4405 Deo
1962 4351 2113 4421 digni
2166 4353 2337 4422 pedes

763 4440 969 4484 terram
1035 4433 1338 4488 calcantes.
1405 4436 1486 4490 Ita
1541 4447 1599 4491 et
1653 4438 1880 4506 quando
1919 4440 2118 4493 esuriit
2181 4441 2336 4494 velut

2433 3219 2523 3305 τες
2555 3239 2731 3294 αὐτῶν
2762 3239 2817 3292 αί
2848 3232 3329 3305 ἐπιθεωρούμεναι
3354 3222 3736 3296 αὐταῖς.Εἶχεν
3761 3219 3862 3276 οὖν
3898 3222 4014 3275 ἐκά-

2437 3350 2536 3402 στη
2567 3329 2729 3400 φύσις
2763 3325 3073 3388 ἀνελλιπῶς
3126 3323 3222 3393 τὴν
3253 3321 3453 3388 ἐαυτῆς
3484 3319 3725 3387 ἰδιότητα
3757 3315 3854 3368 καὶ
3889 3311 4025 3383 μετὰ

2433 3425 2533 3493 τὴν
2573 3425 2788 3476 ἕνωσιν.
2845 3419 2957 3473 Καὶ
3009 3417 3147 3471 κατὰ
3199 3414 3291 3466 τὸν
3349 3412 3622 3482 μακάριον
3670 3407 4022 3478 ’Λμόρόσιον,

2442 3533 2460 3566 ι
2496 3515 2585 3576 Ὠς
2629 3512 2784 3565 οὐδὲν
2829 3510 3018 3561 ἔλιπεν
3047 3506 3125 3575 τῷ
3167 3503 3306 3573 Θεῷ,
3340 3501 3515 3563 οὕτως
3554 3499 3675 3551 οὐδέ
3706 3497 3785 3566 τῷ
3813 3513 4024 3563 καταρ-

2434 3604 2614 3675 τισμῷ
2643 3602 2720 3672 τῷ
2755 3601 2897 3655 κατὰ
2928 3599 3022 3651 τὸν
3056 3595 3366 3666 ἄνθρωπον,
3413 3593 3500 3644 ἵνα
3549 3591 3752 3650 τέλειος
3798 3589 3861 3638 ἐν
3899 3588 4022 3639 ἐκα-

2435 3695 2573 3764 τέρα
2601 3693 2762 3762 φύσει
2794 3691 3056 3761 τυγχάνῃ.
3079 3706 3097 3738 ι
3131 3687 3193 3740 Εἰ
3223 3685 3280 3738 δὲ
3323 3684 3419 3737 καὶ
3453 3683 3520 3735 τὰ
3542 3684 3644 3751 τῆς
3681 3678 3896 3749 σαρκὸς
3922 3677 4026 3729 ἴδια

2437 3786 2582 3839 κατὰ
2612 3784 2796 3854 φύσιν,
2839 3781 2935 3834 τοῦ
2976 3777 3112 3832 Θεοῦ
3153 3778 3328 3844 Λόγου
3366 3775 3592 3844 γέγονεν
3637 3772 3769 3833 ῐδια,
3807 3769 3930 3821 ἀλλ’
3969 3768 4024 3819 οὑ

2438 3878 2579 3933 κατὰ
2607 3877 2790 3946 φύσιν,
2823 3873 2963 3927 κατὰ
3004 3873 3060 3924 δέ
3086 3870 3174 3925 τὸν
3193 3870 3291 3938 τῆς
3322 3865 3635 3936 οἰκονομίας
3659 3864 3848 3930 λόγον.

2509 3972 2573 4023 Et
2615 3970 2671 4022 δὲ
2725 3968 2814 4020 διὰ
2874 3966 2936 4018 τὸ
2994 3963 3322 4034 περιπατεῖν
3363 3959 3551 4012 ἐπάνω
3581 3955 3672 4008 τοῦ
3703 3954 3906 4014 ὓδατος
3942 3949 4028 4002 τὸν

2439 4062 2666 4133 Κύριον,
2714 4057 2950 4127 ἔλλειψιν
2993 4054 3142 4122 λέγει
3184 4051 3427 4122 Σευῆρος
3475 4047 3711 4117 φυσικῆς
3762 4045 4028 4110 ἰδιότητος

2440 4153 2532 4208 τοῦ
2584 4151 2860 4221 σώματος,
2927 4143 3389 4213 παλιλλογοῦντες
3441 4139 3714 4233 ἐροῦ-μεν·
3753 4139 3891 4188 Ὅτε
3945 4134 4028 4233 ἐπ’.

2439 4246 2540 4314 τῆς
2582 4242 2752 4315 ξηρᾶς
2770 4238 3123 4311 περιεπάτει,
3161 4233 3270 4306 ἆρα
3297 4233 3535 4300 ἔλλειψις
3564 4227 3630 4300 ἦν
3662 4229 3764 4297 τῆς
3795 4227 4028 4294 φυσικῆς

2443 4337 2708 4404 ἰδιότητος
2760 4331 2856 4384 τοῦ
2903 4327 3038 4382 Θεοῦ
3079 4327 3288 4393 Λόγους
3337 4323 3506 4377 υύδέν
3544 4322 3652 4390 γὰρ
3699 4315 4027 4387 θεοπρεπὲς,

2442 4431 2609 4491 πόδας
2640 4427 2874 4497 βαδίζειν
2917 4425 3011 4478 ἐπὶ
3041 4423 3174 4492 γῆς·
3202 4421 3406 4492 ὁμοίως
3448 4417 3542 4470 καὶ
3593 4416 3682 4467 ὅτε
3742 4411 4030 4464 ἐπείνασεν

762 4520 947 4581 homo,
1009 4531 1298 4591 postquam
1344 4526 1669 4596 jejunasset,
1714 4542 1826 4580 non
1861 4527 2241 4581 transmutatis
2281 4527 2335 4579 in

2449 4524 2586 4595 μετὰ
2617 4523 2677 4574 τὸ
2703 4521 3018 4591 νηστεῦσαι,
3060 4519 3208 4586 νόμῳ
3238 4516 3458 4582 φύσεως
3486 4513 3762 4580 σώματος,
3794 4509 3924 4560 ἐπεὶ
3962 4506 4028 4574 μὴ

761 4625 933 4676 panes
965 4610 1278 4680 lapidibus;
1321 4616 1395 4667 ita
1435 4617 1655 4684 quando
1682 4617 1936 4686 fatigatus
1962 4626 2035 4668 est
2064 4633 2126 4669 ea:
2151 4617 2340 4669 itinere

764 4700 942 4769 (Joan.
973 4718 1046 4764 IV,
1074 4703 1151 4770 (ἱ),
1180 4705 1318 4758 toris
1344 4715 1400 4758 et
1429 4709 1617 4760 nervis
1667 4709 1896 4761 intentis
1921 4724 1934 4771 ;
1989 4709 2064 4761 ita
2116 4707 2338 4776 quando

763 4801 975 4845 nuestus
1031 4794 1128 4862 fuit
1177 4795 1390 4860 (Matth.
1455 4813 1616 4861 XXVI,
1657 4797 1749 4869 27)
1789 4807 1838 4850 et
1883 4800 2229 4851 contristatus
2283 4804 2339 4850 et

760 4883 981 4947 anxius,
1012 4884 1157 4952 quod
1201 4885 1255 4937 in
1284 4885 1378 4940 his
1403 4885 1479 4938 nil
1509 4895 1736 4955 apparet
1761 4887 1907 4956 quod
1943 4901 2201 4956 superam
2226 4886 2339 4939 vim

778 4977 1117 5044 livinamque
1173 4977 1410 5042 indicet;
1470 4979 1544 5032 ita
1577 4979 1743 5032 etiam
1789 4978 2012 5047 quando
2062 4994 2091 5032 a
2134 4978 2341 5032 Iudaeis

758 5074 958 5132 ._-aptus
993 5074 1096 5128 est,
1119 5066 1326 5120 nedum
1347 5081 1540 5120 eorum
1573 5067 1641 5122 de
1672 5067 1857 5122 medio
1889 5069 2186 5123 invisibilis
2215 5084 2343 5122 evo-

756 5158 872 5211 lare
911 5157 1146 5210 volucrit
1176 5200 1188 5221 ,
1237 5175 1423 5212 nonne
1474 5161 1595 5214 sine
1627 5159 1847 5215 defectu
1900 5160 2087 5215 divina
2139 5170 2338 5215 natura

757 5248 1161 5314 proprietatem
1197 5265 1349 5302 suam
1381 5251 1654 5304 retinuit?
1681 5251 1858 5305 Abeat
1879 5252 2118 5306 humana
2149 5253 2342 5306 Severi

766 5338 1037 5406 sapientia
1066 5342 1077 5393 ι
1105 5341 1248 5394 Sane
1279 5356 1502 5395 carnem
1540 5357 1696 5396 suam
1727 5359 1896 5412 super
1925 5361 2123 5413 aquam
2157 5345 2342 5398 carnis

767 5427 981 5498 legibus
1010 5427 1268 5483 incedere
1311 5445 1422 5484 non
1456 5424 1742 5500 prohibuit
1781 5434 1926 5486 Deus
1949 5433 2212 5497 Verbum,
2285 5444 2343 5487 ut

769 5521 962 5588 probat
986 5519 1184 5588 pedum
1212 5523 1544 5588 ambulatio;
1571 5533 1626 5579 at
1649 5541 1816 5595 super
1844 5542 2041 5595 aquam
2063 5526 2339 5591 incedere,

840 5654 914 5723 (Ἲς
941 5654 1180 5722 Epistola
1215 5659 1451 5713 secunda
1497 5660 1561 5713 ad
1593 5660 1952 5714 Succensum.

950 5725 1324 5799 Desuutuntur
1343 5731 1457 5784 ιιιιξιτ
1479 5731 1661 5784 (unnia
1681 5747 1744 5784 ex
1766 5732 1864 5799 Ep.
1900 5733 1964 5784 ad
1998 5730 2341 5784 Flavianum.

946 5793 1117 5864 Ειθὶδιι
1168 5814 1344 5864 XLVIII,
1375 5801 1426 5866 5,
1469 5801 1532 5854 ad
1583 5793 1848 5858 Sabinum
1874 5802 2150 5871 loquitur:
2183 5801 2351 5857 «Cou-

2445 4615 2704 4685 ἐποίησεν
2732 4615 2860 4673 τοὺς
2907 4612 3088 4673 λίθους
3137 4610 3376 4679 ἄρτους·
3409 4607 3501 4658 καὶ
3553 4603 3925 4656 κεκοπίακεν
3980 4600 4030 4649 δέ

2445 4710 2514 4763 ἐκ
2573 4702 2683 4773 τῆξ
2735 4703 3080 4770 ὁδοιπορίας
3138 4700 3246 4752 τῶν
3303 4697 3454 4769 μυῶν
3513 4697 3608 4748 καὶ
3667 4693 3779 4744 τῶν
3828 4691 4028 4761 νεύρων

2447 4799 2866 4867 ὑπερταοέντων
2884 4812 2896 4823 ·
2948 4792 3265 4862 ἀδημονῶν
3287 4791 3366 4854 δέ,
3385 4789 3480 4842 καὶ
3531 4785 4025 4853 ἐκθαμϐσύμενος,

2449 4892 2545 4947 καὶ
2571 4889 2843 4957 ἀγωνιῶν,
2882 4889 3005 4940 ἐπεὶ
3059 4886 3133 4956 μὴ
3185 4884 3327 4936 κατὰ
3374 4879 3572 4933 ταυτὸν
3603 4878 3671 4930 τὰ
3698 4877 3845 4947 ὑπὲρ
3876 4877 4029 4944 φύσιν

2448 4982 2546 5049 τῆς
2585 4981 2840 5046 Θεότητος
2884 4977 3267 5030 ἐπεδείκνυτο·
3301 4975 3395 5025 καὶ
3429 4969 3806 5041 κρατούμενοῖ
3846 4968 3905 5019 δὲ
3937 4967 4030 5017 ὑπὸ

2445 5072 2556 5124 τῶν
2602 5070 2892 5129 Ἰουδαίων,
2935 5069 3057 5120 ἐπεὶ
3115 5069 3188 5137 μὴ
3237 5067 3476 5134 ἄφαντος
3520 5064 3585 5114 ἐκ
3630 5061 3796 5130 μέσου
3861 5058 4030 5111 αὐτῶν

2450 5163 2690 5230 ἐγένετο.
2754 5156 2862 5230 ἆρα
2916 5161 3019 5212 οὐκ
3077 5158 3374 5225 ἐφύλαττεν
3418 5151 3719 5214 ἀνελλιπῶς
3773 5151 3806 5220 ἡ
3874 5149 4024 5214 θεῐκὴ

2451 5253 2613 5322 φύσις
2665 5252 2762 5322 τὴν
2815 5254 3018 5321 ἐαυτῆς
3080 5251 3362 5317 ίδιὸτητα;
3415 5249 3658 5319 Ἐρρἐτω
3691 5248 3725 5316 ὴ
3777 5243 4026 5314 ἀνθρωπο

2451 5347 2685 5416 άρεσκος
2719 5344 2880 5413 σοφία
2906 5345 3168 5414 Σευήρου.
3203 5343 3348 5412 Πλὴν
3393 5342 3514 5395 οὐδὲ
3573 5341 3668 5393 ἐπὶ
3690 5338 3802 5391 τῶν
3832 5337 4030 5390 ὑδάτων

2451 5435 2723 5488 ἐκώλυσεν
2753 5433 2854 5501 τὴν
2895 5433 3030 5484 ἰδίαν
3062 5433 3241 5501 σάρκα
3267 5433 3296 5482 6
3318 5431 3450 5492 Θεὸς
3474 5429 3645 5495 Λόγος
3675 5427 3765 5480 διὰ
3799 5426 3912 5482 τῶν
3943 5422 4030 5489 τῆς

2453 5526 2652 5596 σαρκὸς
2697 5524 2836 5577 ἰέναι
2889 5523 3090 5590 νόμων,
3144 5523 3220 5586 ὼς
3269 5523 3296 5572 ὁ
3358 5519 3662 5590 περίπατος
3714 5518 3826 5570 τῶν
3865 5512 4028 5569 ποδῶν

2458 5660 2734 5722 liteamur,
2764 5658 2909 5713 sicut.
2935 5659 2988 5712 in
3045 5657 3140 5712 Dei
3166 5657 3337 5710 forma
3373 5653 3512 5710 nihil
3551 5654 3600 5707 ei
3633 5651 3813 5707 defuit
3843 5650 4028 5722 divina:

2458 5739 2687 5793 naturae,
2719 5721 2799 5783 Sic
2835 5730 2888 5782 in
2923 5729 3013 5782 illa
3045 5728 3218 5782 forma
3245 5725 3505 5781 hominis.
3532 5724 3672 5779 nihil
3700 5723 3752 5779 ei
3777 5721 4025 5787 dctuissc,

2460 5817 2568 5871 quo
2609 5799 2964 5868 imperfectus
2991 5799 3153 5856 homo
3179 5798 3534 5868 iudicaretur.
3565 5815 3583 5847 ι
