4210 6442
216 378 322 445 929
1240 381 1599 440 EPIS’I‘OLA
1641 383 1737 442 DE
1775 383 2074 446 DUABUS
2109 384 2463 443 NATURIS.
3356 388 3464 455 930

212 493 394 564 δηλοῖ·
437 491 496 544 τὺ
528 492 581 544 6‘:
621 494 710 542 ἐπὶ
737 489 846 542 τῶν
879 489 1088 544 ὑδάτων
1122 493 1465 562 περιπατεῖν,
1498 492 1598 544 οὑκ
1625 491 1792 559 ἀφαί-

1885 511 1995 549 non
2056 493 2200 548 tollit
2257 509 2506 563 corporis
2535 492 2952 564 proprietatem,
3004 493 3098 548 sed
3150 509 3217 549 ex
3274 492 3462 549 divina

213 600 368 656 ρεσις
410 581 670 651 ἰδιότητος
711 580 807 634 τοῦ
865 579 1121 650 σώματος
1173 576 1259 650 ἦν,
1309 580 1446 633 ἀλλά
1501 580 1788 651 προσθήκη

1887 589 2211 656 Operatione
2247 587 2502 640 humana:
2544 585 2735 641 addita
2779 583 3086 654 perﬁcitur.
3116 586 3333 654 Corpus
3365 585 3476 656 igi-

209 673 499 741 δυνάμεως
528 671 588 734 ἐξ
615 670 898 740 ἐνεργείας
921 669 1132 738 θεῖκῆς.
1153 670 1226 722 Τὸ
1251 669 1346 723 οῦν
1370 669 1529 739 σῶμα
1557 669 1792 736 ἐξετέλει

1888 689 1978 732 tur
2001 678 2349 748 perﬁciebat,
2377 694 2499 746 qua:
2524 677 2778 746 corporis
2804 685 2986 738 erant,
3011 686 3068 730 et
3084 677 3322 731 Verbum
3344 691 3468 746 quae

209 764 277 816 τὰ
307 761 405 814 τοῦ
450 762 721 829 σώματος,
763 762 791 812 6
822 759 879 812 δὲ
929 759 1102 828 Λόγος
1152 761 1548 828 κατειργάςετο
1578 760 1647 815 τὰ
1697 759 1791 813 τοῦ

1888 771 2079 835 Verbi,
2118 770 2196 823 uti
2222 769 2548 822 miraculum
2569 768 2918 824 manifestius
2943 768 3205 822 declarat.

205 853 411 918 Λόγου,
447 851 522 914 ὼς
547 851 608 903 τὸ
645 850 828 920 θαῦμα
864 848 982 920 βοᾷ.

283 943 355 996 Ἢ
386 944 509 1012 οὐχὶ
533 944 629 995 καὶ⁵
658 941 819 1004 αὐτὸς
845 942 910 993 τὰ
932 939 1073 994 αύτά
1097 939 1245 1009 λέγει
1267 941 1324 993 ἐν
1347 941 1426 1011 τῷ
1459 942 1598 1010 λόγῳ
1627 941 1790 994 αὐτοῦ

202 1036 282 1102 τῷ
315 1036 397 1097 είς
418 1034 488 1087 τὰ
517 1032 771 1085 Γενέθλια
793 1033 822 1084 6
858 1031 1238 1102 μυριόμορφος
1269 1048 1281 1060 ·
1315 1033 1651 1102 «Θαρσεῖτε,
1683 1032 1794 1100 ἐγώ

201 1127 346 1192 ειμι,
393 1122 481 1191 μὴ
542 1121 826 1191 φοϐεῖσθε
852 1139 871 1187 ;
910 1124 971 1175 τὸ
998 1123 1075 1189 δέ,
1103 1122 1218 1192 ἐγώ
1243 1125 1379 1191 ειμι,
1411 1125 1510 1192 τῆς
1541 1123 1795 1194 ἀληθείας

204 1217 325 1269 ἐστὶ
365 1214 798 1287 παραστατικὸν,
830 1213 925 1268 καὶ
951 1215 1135 1268 πᾶσαν
1152 1215 1461 1284 φαντασίαν
1486 1215 1794 1268 ἀποσκευά-

205 1307 386 1370 ζεται.
472 1304 615 1374 Ἐγὼ
663 1306 771 1377 γάρ
823 1307 942 1375 είμι
987 1307 1016 1358 6
1089 1306 1162 1376 μὴ
1199 1304 1402 1375 τρέψας
1436 1305 1468 1374 ἢ
1499 1305 1794 1367 ἀλλοιώσας

205 1399 424 1463 ἑαυτὸν,
471 1396 608 1451 ἀλλά
644 1397 838 1466 μείνας
878 1396 1034 1459 Θεὸς,
1062 1395 1137 1458 ὡς
1172 1396 1234 1448 τὸ
1263 1394 1450 1464 θαῦμα
1473 1395 1568 1466 βοᾷ
1599 1413 1613 1428 ο
1644 1395 1739 1448 καὶ
1769 1398 1796 1447 ὁ

205 1493 373 1554 αὐτὸς
399 1491 545 1546 κατὰ
591 1490 854 1561 ἀλήθειαν
889 1491 986 1542 καὶ
1019 1489 1314 1557 γενόμενος
1341 1490 1438 1541 καὶ
1475 1489 1796 1558 φαινόμενος

205 1585 518 1654 ἄνθρωπος,
547 1582 620 1644 ὡς
654 1583 684 1634 6
728 1581 1033 1650 περίπατος
1063 1580 1171 1632 τῶν
1209 1581 1385 1632 ποδῶν
1421 1579 1589 1648 δηλοῖ.
1626 1598 1643 1630 ι
1691 1580 1798 1631 Καὶ

206 1677 263 1725 ἐν
292 1679 361 1745 τῇ
393 1673 532 1743 πρὸς
565 1672 848 1726 Ἰουλιανὸν
883 1671 938 1723 δὲ
973 1670 1251 1740 ἐπιστολῇ,
1278 1665 1344 1740 ἦς
1366 1671 1399 1739 ἠ
1429 1670 1596 1740 ἀρχὴ,
1638 1669 1798 1722 Ἐδε-

207 1766 412 1834 ξάμην
443 1763 560 1832 τὴν
595 1765 676 1828 ὡς
731 1763 890 1829 παρὰ
924 1761 1050 1824 ,σοῦ
1069 1777 1169 1828 μοι
1220 1760 1629 1830 τετραμμένην
1676 1760 1798 1812 ἐπι-

205 1857 465 1923 στολὴν,
491 1856 638 1923 λέγει
667 1871 682 1883 ·
724 1872 744 1906 ι
778 1855 989 1922 Ὠσπερ
1015 1853 1043 1905 6
1077 1852 1305 1915 Θάνατος
1345 1849 1508 1903 αὐτοῦ
1539 1851 1796 1920 βουλομέ-

206 1967 300 2002 νου
339 1946 622 2000 συνέσαινε
651 1943 922 2014 φυσικῶς,
956 1940 1312 2008 ἐπηκολούθει
1355 1941 1410 1993 δὲ
1453 1941 1589 2010 ὑπὲρ
1637 1941 1797 2008 φύσιν

205 2041 268 2092 τὸ
305 2037 613 2106 θεοπρεπὲς
641 2035 825 2101 θαῦμα
861 2034 955 2102 τῆς
981 2032 1348 2094 ἀναστάσεως,
1373 2027 1516 2080 οὕτω
1539 2029 1635 2080 καὶ
1661 2029 1798 2097 μετὰ

208 2132 308 2198 τὴν
335 2129 650 2191 ἐκπνευσιν,
697 2127 773 2187 ῶς
816 2125 844 2176 ὀ
899 2122 1293 2190 εύαγγελιστὴς
1344 2121 1594 2189 Ἰωάννης
1638 2121 1795 2189 φησὶ,

209 2219 462 2288 φυσικῶς
521 2215 822 2287 τρωθείσης
873 2217 938 2284 τῇ
997 2213 1166 2284 λόγχῃ
1197 2212 1296 2280 τῆς
1340 2209 1579 2280 πλευρᾶς
1608 2227 1620 2238 ·
1665 2210 1794 2262 ἴδιον

209 2312 318 2382 γὰρ
377 2308 654 2377 σώματος,
691 2314 738 2357 εἰ
774 2308 865 2358 καί
893 2302 1128 2372 ἀψύχου,
1176 2301 1494 2371 τέμνεσθαι,
1519 2299 1696 2352 eam
1739 2300 1796 2352 δὲ

212 2403 498 2472 ἐνέργημα
523 2399 616 2462 καὶ
640 2397 748 2449 τῶν
775 2397 934 2465 θεοση
944 2396 1110 2462 μείων
1138 2393 1198 2445 τὸ
1223 2394 1476 2463 μέγιστον
1500 2393 1796 2460 συνήπτετο

214 2493 370 2563 ῥύσις
408 2489 709 2560 παράδοξος
751 2488 844 2541 τοῦ
888 2487 1033 2540 θείου
1073 2485 1324 2552 αἵματος,
1367 2482 1518 2535 ὕδατι
1549 2480 1798 2549 ζωοποιῷ

212 2584 520 2654 συμμιγής.
559 2601 578 2633 ι
610 2583 719 2635 Καὶ
753 2579 916 2634 πάλιν
946 2594 961 2609 ·
1010 2596 1028 2628 ι
1078 2577 1207 2629 ’ἰδοὺ
1231 2573 1506 2643 πανταχοῦ
1531 2574 1659 2642 περὶ
1697 2573 1796 2640 τὴν

214 2677 401 2746 σάρκα
425 2675 524 2746 τὴν
554 2673 949 2743 αἰσθανομένην
985 2672 1079 2725 καὶ
1107 2667 1400 2737 ἀλγοῦσαν,
1444 2666 1518 2728 ὼς
1549 2666 1794 2733 πέφυκεν

215 2768 381 2838 σῶμα
410 2766 652 2837 ἔμψυχον
683 2763 1056 2826 αἰσθάνεσθαι,
1096 2762 1189 2814 καὶ
1223 2760 1408 2828 ἁλγείν
1430 2758 1543 2811 ⁴τῶν
1576 2755 1787 2818 παθῶν,

213 2865 247 2930 ἡ
287 2861 545 2930 ἐνέργεια
570 2857 714 2919 κατά
737 2855 1012 2926 ἀλήθειαν.
1052 2873 1070 2906 ι
1102 2853 1213 2906 Καὶ
1237 2855 1354 2923 μετ’
1379 2851 1533 2918 ὀλίγα
1560 2865 1573 2878 ·
1606 2865 1622 2897 ι
1655 2844 1799 2898 Καθ’

211 2953 241 3004 ὃ
274 2951 414 3013 Θεὸς
447 2945 515 3019 ἧν
542 2947 782 3018 ἀπαθὴς,
813 2945 1041 3015 μηδενὸς
1070 2944 1130 2997 τὸ
1159 2947 1422 3014 παράπαν
1445 2937 1795 2993 συναισθανό-

217 3059 383 3110 μενος
401 3044 469 3109 τῇ
498 3040 683 3109 σαρκὶ,
708 3038 849 3090 ὥστε
872 3038 922 3090 εί
951 3035 1047 3089 καὶ
1073 3037 1172 3106 τῆς
1201 3034 1399 3104 σαρκὸς
1426 3028 1493 3101 ἦν
1526 3031 1594 3083 τά
1625 3028 1795 3097 πάθη,

1964 954 2168 1008 Eadem
2211 959 2510 1012 conﬁtetur
2534 960 2888 1014 multiformis
2937 960 3030 1016 hic
3080 961 3360 1030 sophistes
3408 963 3464 1016 in

1892 1058 2144 1098 sermone
2199 1060 2301 1099 suo
2351 1045 2409 1099 in
2453 1046 2806 1101 Nativitatem
2848 1065 2862 1100 :
2916 1050 3116 1104 Habete
3175 1050 3461 1118 ﬁduciam,

1893 1149 1986 1202 ego
2011 1150 2149 1198 sum,
2174 1135 2336 1188 nolite
2367 1137 2553 1190 timere
2589 1137 2799 1206 (Matth.
2833 1154 2941 1202 xlv,
2973 1141 3214 1206 27).Hoc
3233 1159 3327 1212 ego
3346 1158 3463 1196 sum

1895 1225 2182 1278 veritatem
2205 1224 2572 1290 demonstrat,
2589 1236 2645 1280 et
2669 1243 2831 1284 omne
2852 1229 3173 1298 phantasma
3197 1233 3462 1288 excludit.

1894 1313 2006 1383 Ego
2036 1315 2182 1368 enim
2219 1330 2361 1380 sum,
2394 1317 2490 1386 qui
2524 1334 2703 1388 neque
2732 1329 2915 1373 mutor
2933 1336 3117 1390 neque
3145 1333 3462 1384 convertor.

1895 1403 1989 1458 sed
2027 1419 2201 1472 usque
2249 1407 2394 1459 Deus
2423 1423 2619 1461 maneo
2645 1448 2660 1471 ,
2711 1410 2788 1461 uti
2821 1411 3145 1466 miraculum
3189 1413 3464 1481 declarat;

1897 1492 2015 1561 ipse
2043 1507 2170 1545 vere
2202 1493 2366 1546 homo
2395 1494 2574 1549 factus
2603 1507 2659 1550 et
2680 1498 2855 1562 visus,
2874 1500 2951 1552 uti
2993 1501 3195 1568 pedum
3219 1503 3466 1558 ambula—

1899 1581 1975 1634 tio
1996 1581 2211 1651 probat.
2243 1602 2259 1632 ι
2300 1583 2441 1637 Dicit
2471 1585 2636 1639 etiam
2683 1587 2740 1640 in
2785 1588 3018 1656 epistola
3068 1589 3134 1643 ad
3186 1589 3464 1646 lulianum

1899 1673 2054 1741 cujus
2103 1673 2386 1726 exordium
2440 1675 2739 1742 Epistolam
2779 1679 2909 1732 mihi
2953 1696 2986 1732 a
3037 1688 3086 1732 te
3114 1682 3465 1752 conscriptam

1901 1763 2073 1828 accepi
2111 1779 2126 1812 :
2166 1782 2182 1810 ι
2223 1761 2398 1815 Sicuti
2446 1773 2678 1818 mortem
2722 1765 2901 1820 libens
2949 1769 3274 1824 naturaliter
3305 1770 3464 1836 adiit,

1840 1841 1880 1894 Β
1905 1851 2152 1904 divinum
2183 1865 2314 1904 vero
2343 1855 2764 1908 resurrectionis
2799 1855 3124 1911 miraculum
3145 1868 3357 1913 natura:
3383 1858 3467 1913 vi-

1903 1954 1990 1992 res
2033 1940 2436 2008 exsuperabat,
2487 1942 2563 1996 ita
2596 1958 2654 1997 se
2692 1944 2889 1998 habuit
2937 1961 3027 2000 res
3058 1965 3070 1998 :
3105 1949 3330 2016 quando
3367 1947 3465 2003 de-

1898 2029 2070 2083 functi
2092 2033 2341 2099 corporis
2364 2032 2531 2096 latus,
2587 2043 2649 2086 ut
2707 2045 2899 2089 narrat
2927 2038 3277 2108 Evangelista
3305 2039 3470 2096 Joan-

1898 2136 1996 2174 nes
2022 2120 2154 2192 (ιιι,
2195 2121 2310 2190 55),
2347 2122 2677 2178 naturaliter
2730 2125 2921 2180 lancea
2962 2129 3310 2184 vulneratum
3339 2136 3464 2184 est:

1896 2209 2140 2278 transﬁgi
2181 2211 2327 2263 enim
2372 2211 2582 2276 lancea,
2608 2214 2856 2282 corporis
2886 2223 3027 2282 erat,
3045 2215 3130 2270 vel
3155 2217 3463 2282 inanimati,

1902 2300 1999 2353 sed
2040 2300 2286 2354 divinum
2314 2318 2454 2371 opus
2484 2312 2624 2368 erat,
2656 2312 2711 2359 et
2737 2307 3114 2377 prodigiorum
3144 2310 3467 2374 maximum,

1904 2389 2181 2445 mirabilis
2215 2392 2389 2446 divini
2417 2396 2700 2463 sanguinis
2723 2399 2985 2462 manatio,
3007 2413 3132 2454 cum
3170 2401 3469 2458 viviﬁcanti

1901 2496 2040 2550 aqua
2072 2483 2340 2551 permisti.
2385 2503 2403 2534 ι
2461 2483 2530 2537 Et
2554 2501 2748 2540 rursus
2779 2505 2793 2540 :
2831 2507 2849 2539 ι
2880 2488 3019 2544 Vera
3041 2490 3248 2560 ubique
3274 2508 3470 2562 opera-

1901 2575 1979 2628 tio
2012 2574 2068 2628 in
2107 2591 2273 2630 carne
2327 2592 2525 2632 sensus
2557 2590 2612 2634 et
2655 2581 2866 2636 doloris
2907 2585 3093 2654 capaci
3143 2587 3222 2641 uti
3270 2603 3472 2658 corpus

1898 2665 2201 2720 animatum
2244 2667 2406 2722 decet
2438 2678 2492 2722 et
2553 2673 2761 2726 sentire
2807 2682 2864 2727 et
2898 2674 3106 2730 dolere.
3155 2695 3173 2726 ι
3217 2677 3282 2733 Et
3308 2681 3474 2748 paulo

1896 2765 2018 2826 post
2052 2774 2064 2809 :
2100 2776 2116 2807 ι
2146 2757 2205 2810 1η
2234 2767 2502 2826 quantum
2532 2759 2696 2825 Deus,
2746 2771 2862 2816 erat
2913 2762 3235 2832 impatibilis
3257 2805 3274 2829 ,
3318 2765 3475 2821 nullo

1903 2845 2067 2900 modo
2091 2847 2274 2900 carnis
2307 2848 2595 2904 doloribus
2633 2860 2852 2918 motus;
2883 2855 3068 2909 carnis
3094 2865 3223 2910 sunt
3248 2866 3475 2912 natura-

1899 2934 2025 2988 liter
2042 2935 2326 3005 passiones
2346 2945 2401 2990 et
2428 2939 2642 3003 animae,
2660 2953 2715 2994 at
2736 2941 2898 2996 Verbi
2923 2944 3192 3000 incarnati
3215 2945 3476 3016 spiritua-

1901 3023 2030 3077 liter
2070 3024 2366 3079 animatam
2421 3042 2644 3083 carnem
2673 3029 2791 3084 luce
2833 3047 3052 3102 quoque
3089 3034 3312 3105 propria
3359 3036 3473 3105 pati

216 3108 312 3185 καὶ
346 3108 649 3199 τῆςηψυκῆς
669 3127 812 3181 κατά
839 3126 1021 3195 φύσιν,
1054 3125 1166 3178 ἀλλ’
1198 3126 1304 3178 ἴδια
1340 3124 1432 3176 τοῦ
1473 3121 1646 3208 Λόγου
1701 3116 1795 3208 τοῦ
1823 3108 1866 3164 C
1897 3111 2122 3208 dicitur.
2155 3130 2172 3162 ι
2237 3199 2258 3208 -

216 3217 596 3288 σαρκωθέντος
633 3215 730 3286 τὴν
764 3215 1123 3282 ὲψυχωμένην
1152 3211 1354 3283 νοερῶς
1384 3209 1565 3278 σάρκα
1587 3206 1686 3277 τὴν
1716 3205 1809 3257 καὶ
1838 3201 2143 3266 πεφυκυῖαν
2162 3201 2332 3252 ταῦτα
2370 3201 2554 3254 παθεῖν
2579 3205 2812 3271 λέγεται.
2848 3228 2865 3259 ι

277 3312 354 3384 ,Εί
384 3311 484 3381 μία
520 3309 680 3378 φύσις
713 3306 806 3359 τοῦ
844 3307 1020 3373 Λόγου
1051 3306 1142 3357 καὶ⁵
1179 3305 1277 3374 τῆς
1309 3303 1530 3372 σαρκὸς,
1583 3301 1658 3370 μὴ
1686 3298 1802 3352 διά-

219 3402 407 3455 στελλε
439 3417 454 3432 ·
483 3399 597 3452 ἀλλ’
626 3399 699 3461 ὡς
727 3397 904 3464 λέγεις
927 3396 1065 3448 κατὰ
1112 3393 1273 3463 φύσιν
1296 3389 1434 3446 εἶναι
1461 3393 1559 3461 τῆς
1591 3390 1794 3460 σαρκὸς

217 3493 315 3546 καὶ
336 3491 436 3560 τῆς
467 3489 647 3559 ψυχῆς
675 3486 742 3540 τὰ
771 3485 941 3555 πάθη,
981 3485 1223 3554 δηλονότι
1257 3484 1364 3535 rem
1413 3482 1534 3535 είπέ
1571 3481 1670 3534 καῖ.
1703 3478 1795 3531 τοῦ

218 3579 397 3645 Λόγου
415 3593 430 3605 ο
464 3577 513 3628 εί
541 3575 598 3628 δέ
627 3575 687 3626 ού
718 3574 920 3643 τολμᾷς
948 3573 976 3625 6
1001 3575 1177 3626 πάντα
1215 3570 1450 3642 τολμῶν,
1492 3572 1600 3640 ἄρα
1628 3568 1798 3638 ἑτέρῳ

217 3667 409 3738 τρόπῳ
449 3666 555 3718 ῐδια
582 3664 676 3717 τοῦ
710 3665 886 3731 Λόγου
915 3664 985 3716 τὰ
1021 3661 1190 3732 πάθη,
1225 3663 1320 3714 καὶ
1355 3663 1416 3714 ού
1459 3660 1600 3714 κατά
1637 3659 1799 3726 φύσιν

220 3759 380 3812 εἰσίν.
408 3757 528 3820 Πῶς
556 3756 650 3809 οῦν
675 3755 734 3807 ού
769 3753 864 3819 δύο
891 3752 1081 3821 φύσεις
1102 3755 1130 3806 6
1162 3751 1397 3820 Χριστός
1425 3767 1440 3816 ;
1466 3752 1544 3820 Τῇ
1565 3750 1674 3819 γὰρ
1701 3750 1800 3818 μιᾷ

219 3849 386 3916 φύσει
430 3846 484 3899 εί
533 3863 586 3898 τι
641 3843 931 3914 συμϐαίνει
964 3841 1232 3908 φυσικῶς,
1269 3838 1428 3892 τοῦτο
1467 3838 1596 3891 ίδιον
1635 3838 1801 3905 αὐτῆς

220 3939 363 3993 κατά
394 3936 553 4006 φύσιν
583 3935 799 4003 λέγεται
833 3951 847 3966 ο
880 3934 932 3984 εί
949 3949 1000 3984 τι
1020 3932 1076 3984 δέ
1106 3931 1247 4002 ὑπὲρ
1305 3928 1487 3998 φύσιν,
1543 3925 1602 3991 ἐξ
1654 3928 1804 3995 ἐνερ-

220 4030 377 4097 γείας
403 4027 550 4078 ἐστὶν
574 4026 769 4095 ἐτέρας
799 4023 1036 4092 φύσεως.
1087 4020 1144 4072 Ὀ
1188 4020 1246 4071 δὲ
1294 4019 1594 4089 ἀμέριστον
1633 4015 1803 4068 εἰπὼν

219 4121 321 4190 τὴν
348 4117 651 4187 ἐνέργειαν,
689 4115 774 4167 ἵνα
818 4113 945 4182 μίαν
985 4110 1146 4178 φύσιν
1184 4109 1535 4178 παραστήσῃ,
1570 4105 1668 4175 τὴν
1700 4105 1798 4173 μέν

219 4209 426 4281 τρῶσιν
461 4209 531 4276 τῇ
561 4204 770 4274 πλευρᾷ
818 4201 1114 4272 ἀφώρισεν,
1147 4198 1390 4266 φυσικῶς
1423 4195 1591 4265 αὐτὴν
1626 4194 1799 4262 λέγων

219 4300 522 4371 τρωθῆναι,
544 4299 638 4349 καὶ
652 4297 780 4349 ίδιον
801 4292 942 4348 εἶναι
959 4292 1113 4346 τοῦτο
1140 4291 1412 4360 σώματος,
1433 4288 1493 4341 οὑ
1525 4287 1797 4355 θεότητος·

223 4392 406 4444 θεῖκον
433 4387 493 4440 δὲ
529 4386 832 4454 ἐνέργημα,
871 4383 932 4435 ού
955 4379 1287 4450 σωματικὸν,
1318 4377 1416 4447 τὴν
1444 4376 1538 4429 τοῦ
1566 4376 1799 4445 αἵματος

1976 3290 2134 3355 Quod
2164 3291 2208 3344 si
2251 3308 2359 3346 una
2389 3303 2585 3348 natura
2627 3296 2790 3352 Verbi
2832 3309 2887 3354 ct
2913 3301 3118 3366 carnis,
3145 3302 3258 3356 noli
3287 3303 3476 3360 distin-

1903 3396 2070 3451 gnere
2091 3398 2105 3441 ;
2124 3391 2207 3435 ast
2235 3394 2296 3436 ut
2320 3385 2502 3438 carnis
2525 3394 2579 3439 et
2608 3387 2804 3444 anima:
2830 3389 2968 3445 dicis
2996 3393 3327 3448 naturaliter
3351 3410 3473 3450 esse

1903 3475 2206 3544 passiones,
2264 3477 2386 3530 illas
2417 3493 2639 3546 quoque
2680 3478 2864 3535 Verbo
2889 3483 3102 3537 tribuas
3136 3501 3149 3536 :
3184 3485 3229 3540 si
3285 3495 3471 3540 autem

1904 3565 2009 3617 hoc
2034 3580 2138 3618 non
2170 3565 2370 3629 audes,
2401 3567 2764 3624 audacissime
2790 3610 2804 3634 ,
2845 3586 2975 3625 sane
3016 3573 3123 3628 alio
3153 3574 3317 3629 modo
3345 3591 3473 3645 pas-

1903 3657 2087 3709 siones
2113 3656 2290 3711 Verbo
2321 3657 2556 3727 prppria:
2577 3668 2706 3714 sunt
2737 3670 2792 3715 et
2819 3677 2927 3716 non
2971 3667 3318 3721 naturaliter.
3366 3667 3472 3734 Qui

1902 3746 2072 3816 igitur
2097 3763 2209 3802 non
2241 3749 2360 3803 duze
2398 3761 2609 3805 natura:
2631 3751 2885 3808 Christus
2904 3755 2927 3807 ?
2949 3755 3082 3811 Nam
3113 3757 3158 3811 si
3187 3761 3281 3812 uni
3310 3767 3473 3813 natu-

1901 3852 1973 3889 ra:
2001 3838 2134 3906 quid
2162 3839 2421 3892 convenit
2466 3841 2813 3908 naturaliter,
2851 3844 2956 3898 hoc
3001 3846 3103 3914 ipsi
3129 3847 3281 3916 juxta
3315 3857 3475 3902 natu-

1901 3942 2014 3979 ram
2038 3929 2322 3996 proprium
2343 3930 2580 3995 dicitur;
2607 3932 2652 3986 si
2677 3947 2807 3987 vero
2830 3935 2975 4002 quod
3004 3951 3169 4006 supra
3197 3947 3470 4004 naturam,

1902 4018 2004 4070 hac
2032 4022 2360 4087 operatione
2389 4022 2448 4073 lit
2477 4022 2708 4078 alterius
2732 4033 2962 4078 natura.
2990 4015 3093 4092 Qui
3124 4027 3474 4083 individuam

1904 4107 2456 4176 dicitoperationem,
2486 4119 2546 4164 ut
2577 4127 2742 4166 unam
2773 4122 3024 4168 naturam
3044 4117 3354 4183 conﬁrmet,
3389 4119 3474 4173 la-

1905 4197 2043 4252 teris
2073 4198 2271 4253 vulnus
2312 4199 2568 4270 denegat,
2598 4203 2926 4258 naturaliter
2948 4193 3091 4260 illud.
3127 4207 3476 4264 vulneratum

1904 4287 2076 4342 fuisse
2100 4289 2459 4354 contendens,
2505 4300 2560 4345 et
2603 4291 2706 4346 hoc
2729 4295 3014 4364 pr0prium
3043 4312 3167 4352 esse
3201 4302 3474 4370 corporis,

1905 4395 2018 4434 non
2050 4379 2391 4434 divinitatis:
2424 4381 2608 4437 divina
2640 4393 2822 4439 autem
2845 4389 3118 4455 operatio,
3148 4405 3257 4443 non
3281 4390 3474 4445 huma-

222 4482 324 4534 καὶ
352 4479 545 4540 ὓδατος
567 4476 745 4548 ῥύσιν.
767 4475 839 4527 Τὸ
866 4470 959 4527 οῦν
985 4471 1193 4544 τρωθὲν
1225 4471 1406 4538 σῶμα,
1425 4469 1520 4522 καὶ
1557 4467 1799 4538 πεφυκὸς

1868 4501 1876 4540 ι
1905 4491 1995 4540 na,
2029 4475 2314 4546 sanguinis
2340 4484 2396 4530 et
2430 4489 2584 4544 aqua
2613 4477 2876 4530 manatio.
2911 4479 3272 4535 Vulneratum
3308 4481 3478 4554 igitur

221 4575 436 4640 ἀλγεῖν,
476 4571 570 4623 καὶ⁵
611 4569 794 4621 παθῶν
822 4565 1085 4627 δεκτικὸν,
1139 4562 1316 4624 καλῶς
1357 4557 1510 4612 εἶπεν
1538 4560 1567 4610 6
1616 4559 1803 4620 πάπας

222 4662 377 4714 Λέων
406 4655 902 4712 ὑποπεπτωκέναι
926 4657 1037 4716 τοῖς
1063 4653 1260 4706 πάθεσι
1294 4652 1387 4704 καὶ
1417 4649 1545 4714 ταῖς
1573 4649 1801 4716 ὕϐρεσι,

220 4749 587 4817 διαλάμπειν
604 4749 672 4799 δὲ
707 4747 830 4811 τοῖς
866 4748 1126 4814 θαύμασι
1149 4745 1244 4815 τὴν
1269 4745 1518 4814 θεότητα,
1539 4743 1637 4812 τὴν
1673 4743 1807 4796 ἀνα-

224 4842 505 4905 στήσασαν
556 4835 698 4905 ὑπὲρ
731 4835 895 4902 φύσιν
929 4833 990 4885 τὸ
1015 4834 1146 4886 ίδιον
1183 4834 1364 4903 σῶμα.
1393 4832 1454 4884 El
1491 4831 1548 4884 δὲ
1588 4832 1622 4901 ἡ
1667 4829 1806 4900 σὰρξ

224 4929 341 4997 ἔχει
376 4925 538 4994 φύσιν
562 4925 814 4992 δεκτικὴν
859 4921 1070 4985 παθῶν,
1103 4924 1136 4990 ἡ
1168 4921 1226 4974 δὲ
1253 4923 1442 4992 θεότης
1473 4919 1803 4991 ἐνεργοῦσαν

221 5021 291 5069 τὰ
329 5018 471 5084 ὑπὲρ
505 5015 603 5083 τὴν
643 5015 806 5082 φύσιν
863 5012 956 5066 τοῦ
1017 5011 1286 5082 σώματος,
1337 5013 1506 5074 ὅντως
1550 5010 1805 5079 φυλάττει

225 5109 467 5179 ἑκατέρα
508 5108 668 5176 φύσις
701 5107 799 5178 τὴν
821 5107 1023 5175 ἐαυτῆς
1052 5106 1309 5176 ἰδιότητα,
1341 5107 1436 5158 καὶ
1473 5105 1652 5166 καλῶς
1677 5105 1806 5172 ὁμο-

225 5199 516 5266 λογοῦνται
546 5198 639 5251 δύο
673 5199 863 5265 φύσεις
903 5196 1044 5251 εἶναι
1072 5196 1163 5251 τοῦ
1197 5195 1455 5266 Χριστοῦ,
1487 5195 1805 5248 καὶτούτων

227 5290 503 5354 σώζεσθαι
537 5291 821 5361 ἰδιότητας,
845 5289 913 5353 ἃς
931 5291 1027 5342 καὶ
1058 5288 1253 5342 εἰδέναι
1285 5288 1537 5357 ὁμολογεῖ
1571 5288 1805 5356 Σευῆρος

225 5386 284 5436 ἐν
306 5384 419 5444 τοῖς
439 5382 579 5433 κατὰ
601 5381 694 5433 τοῦ
718 5380 1112 5451 Γραμματικοῦ
1136 5381 1310 5447 λέγων
1337 5380 1506 5441 οὕτως
1530 5394 1544 5408 ·
1569 5397 1587 5428 ε
1618 5379 1806 5446 Ἰσμεν

227 5477 340 5544 γὰρ
386 5474 480 5526 καὶ
532 5474 859 5542 ὁμολοῦμεν,
904 5473 980 5536 ῶς
1026 5473 1124 5543 ἤδη
1178 5473 1520 5542 προείρηται,
1561 5470 1670 5522 τῶν
1707 5469 1805 5539 φύ-

229 5579 394 5627 σεων,
422 5559 482 5626 ἐξ
508 5555 582 5614 ὧν
617 5563 941 5632 ἀποῤῥήτως
973 5555 1052 5626 εἷς
1112 5563 1344 5630 Χριστὸς
1398 5562 1802 5630 συνενήνεκται,

228 5654 328 5708 καὶ
365 5654 600 5724 ίδιότητα
633 5658 723 5708 καὶ
745 5654 1008 5726 διαφορὰν
1033 5658 1126 5708 καὶ
1149 5655 1439 5726 ἑτερότητι
1473 5654 1546 5716 ὡς
1574 5656 1631 5705 ἐν
1655 5655 1804 5706 no.6-

229 5760 356 5816 τητι
411 5747 633 5815 φυσικῇ,
692 5745 782 5799 καὶ
830 5745 1116 5800 διιστῶσαν
1148 5748 1241 5799 ἀπ’
1294 5746 1540 5814 ἀλλήλων
1574 5744 1668 5806 τὰς
1699 5745 1799 5811 φύ-

1907 4582 2108 4636 corpus
2131 4574 2185 4620 et
2215 4566 2278 4620 ad
2306 4566 2551 4620 dolorem
2589 4576 2778 4620 natum
2818 4571 3134 4637 passionum
3163 4588 3352 4642 capax,
3377 4590 3478 4643 op-

1907 4657 2040 4710 time
2064 4656 2205 4710 dixit
2230 4670 2371 4725 papa
2400 4655 2532 4720 Leo,
2559 4657 2912 4724 passionibus
2929 4669 2985 4714 et
3006 4661 3217 4730 injuriis
3238 4679 3479 4717 succum-

1909 4745 2346 4810 bere;coruscare
2364 4761 2484 4798 vero
2507 4745 2778 4800 miraculis
2797 4747 3164 4817 divinitatem,
3193 4753 3479 4822 proprium

1909 4853 2109 4906 corpus
2127 4851 2294 4905 supra
2317 4844 2568 4889 naturam
2598 4838 2974 4891 extollentem.
3009 4838 3066 4894 Si
3095 4856 3224 4894 caro
3253 4841 3478 4912 quidem

1908 4937 2158 4981 naturam
2184 4925 2352 4979 liabet
2375 4926 2726 4994 passionibus
2751 4943 3024 4996 capacem,
3053 4929 3318 4986 divinitas
3345 4949 3480 4989 vero

1909 5025 2162 5070 naturam
2193 5030 2256 5068 ea
2308 5031 2431 5083 qua:
2473 5015 2622 5068 vires
2656 5018 2902 5084 corporis
2933 5031 3269 5089 exsuperant
3307 5021 3477 5090 perﬁ-

1910 5109 2337 5170 cientem,recte
2366 5107 2629 5159 dicuntur
2654 5107 2773 5159 duae
2792 5109 2969 5162 inesse
2998 5109 3217 5165 Christe
3245 5121 3478 5176 naturae,

1909 5208 1966 5254 et
2009 5200 2237 5252 istarum
2284 5199 2510 5252 retineri
2573 5203 2966 5269 proprietates,
2997 5217 3134 5270 quas
3179 5218 3483 5272 agnoscere

1910 5304 2019 5342 non
2049 5288 2263 5341 dubitat
2291 5287 2528 5341 Severus
2564 5289 2679 5357 ipse
2718 5290 2771 5341 in
2802 5290 2962 5343 libris
2986 5290 3252 5344 adversus
3288 5291 3483 5346 Gram-

1911 5379 2171 5432 maticutn
2204 5395 2215 5429 :
2248 5395 2264 5424 ι
2300 5376 2569 5430 Nnvinms
2594 5379 2761 5442 enim,
2792 5380 2888 5440 ait,
2921 5388 2976 5433 et
3007 5382 3355 5445 conﬁtemur,
3398 5383 3480 5436 uti

1905 5472 2015 5542 jam
2047 5471 2254 5524 dictum
2309 5477 2435 5532 est,
2498 5480 2819 5524 naturarum
2878 5487 2908 5525 e
2954 5473 3158 5542 quibus
3211 5475 3479 5532 incﬂabili

1910 5562 2070 5616 modo
2098 5572 2425 5630 conpunctus
2454 5563 2826 5626 csthristus,
2859 5564 3248 5632 proprietatem
3289 5574 3342 5621 et
3370 5566 3477 5617 dif-

1908 5653 2220 5714 ferentiam,
2251 5663 2306 5705 et
2346 5662 2404 5704 ut
2449 5653 2502 5704 in
2554 5653 2814 5721 qualitate
2846 5657 3101 5722 physu-a,
3144 5662 3480 5721 naturasque

1910 5744 2053 5796 inter
2085 5758 2140 5797 se
2174 5741 2600 5812 distinguentem
2650 5742 3063 5810 diversitatem;
3121 5757 3222 5798 nec
3266 5742 3478 5798 tollitur
