4210 6442
763 398 858 460 931

1974 406 2379 468 EUSTATIIII
2418 411 2763 471 MONACHI

3928 423 4035 486 932

765 515 880 568 haec
936 513 1158 583 physica
1199 514 1488 570 diversitas
1525 529 1588 567 ac
1636 513 1971 583 didereutia,
2004 519 2134 588 quia
2185 520 2314 573 citra

2442 537 2556 584 σεις
2592 538 2605 552 ·
2651 524 2746 576 καὶ
2796 523 2956 578 πάλιν
2998 527 3099 598 τῆς
3136 531 3371 600 φυσικῆς
3418 532 3741 606 ἑτερότητος
3782 540 3877 592 καὶ
3917 539 4036 595 δια-

764 607 928 660 nllam
975 606 1354 660 confusionem
1389 605 1710 658 uniuntur.»
1750 605 1986 661 Attende
2013 609 2082 662 ab
2127 623 2196 662 eo
2225 626 2331 664 na-

763 706 914 750 turas
959 696 1088 761 dici,
1121 712 1229 750 non
1265 703 1518 749 naturam
1585 712 1790 767 easque
1820 698 2117 753 distinctas.

827 977 928 1043 Qui
957 985 1140 1032 autem
1167 978 1258 1032 hic
1284 978 1678 1049 pr0prietatem
1707 995 1772 1035 ac
1819 981 2199 1038 diversitatem
2242 1000 2338 1038 na-

761 1077 1008 1123 turarum
1036 1073 1308 1139 agnoscit,
1339 1073 1532 1126 multis
1569 1072 1622 1125 in
1641 1073 1863 1141 scriptis
1887 1089 1984 1128 eos
2009 1076 2335 1130 anathema-

757 1161 888 1213 tizat
914 1162 1008 1228 qui
1054 1162 1171 1217 haec
1219 1161 1566 1231 proﬁtentur.
1631 1163 1736 1230 Qui
1777 1164 1870 1219 hic
1896 1165 2033 1219 dicit
2071 1168 2256 1221 carnis
2280 1177 2337 1221 et

754 1255 952 1308 animae
978 1255 1132 1324 juxta
1170 1264 1423 1308 naturam
1443 1270 1565 1310 esse
1587 1258 1890 1325 passiones,
1920 1267 1977 1313 et
2013 1259 2178 1314 morti
2209 1275 2336 1314 cor-

755 1360 858 1412 pus
890 1344 1222 1399 naturaliter
1248 1345 1486 1414 subjici;
1525 1347 1892 1415 impatibilem
1932 1363 2069 1402 vero
2087 1364 2212 1404 esse
2244 1351 2334 1405 di-

754 1436 1038 1489 vinitatem
1070 1445 1124 1488 et
1146 1436 1422 1490 divinitati
1446 1436 1801 1491 tribuendam
1842 1440 2330 1509 resurrectionem,

755 1525 900 1578 idem
927 1527 981 1580 in
1010 1541 1265 1582 sermone
1289 1527 1464 1581 suoin
1486 1527 1800 1598 Trisaginm
1825 1530 1985 1599 cujus
2006 1531 2327 1585 exordium:

756 1616 852 1670 Vos
887 1618 1071 1686 forsan
1109 1635 1191 1671 me
1237 1619 1471 1687 gaudere
1513 1621 1736 1687 putatis,
1785 1618 1901 1672 baac
1937 1621 2188 1688 proferre
2220 1639 2330 1677 non

752 1709 1070 1765 dubitavit:
1111 1730 1130 1762 ‹
1174 1710 1228 1765 Si
1277 1719 1458 1764 autem
1509 1716 1635 1778 post
1677 1709 1938 1765 unionem
2003 1712 2060 1766 in
2113 1713 2330 1770 duabus

751 1802 970 1855 naturis
993 1809 1346 1869 agnoscetur,
1381 1801 1630 1856 solvetur
1654 1801 1787 1856 unio
1807 1844 1822 1867 ,
1848 1802 2066 1857 binario
2094 1820 2327 1859 numero

2443 610 2616 698 φορᾶς
2676 611 2752 682 μὴ
2816 613 3138 688 σϐεσθείσης
3171 657 3187 682 ,
3249 619 3340 672 διὰ
3420 621 3482 674 τὸ
3549 623 3863 694 άσύγγυτον
3935 630 4034 698 τῆς

2441 697 2704 763 ἑνώσεωςι
2722 721 2740 754 ι
2760 700 3034 776 Πρόσσχες
3052 708 3133 762 ὃτι
3155 709 3497 767 διίστασθαι
3518 713 3690 783 λέγει,
3706 717 3801 772 καὶ
3820 718 3887 771 οὐ
3922 697 4036 788 την

2439 791 2648 857 φύσιν,
2681 792 2817 844 ἀλλὰ
2846 794 2954 862 τὰς
2975 799 3213 866 φύσεις.

2523 964 2582 1017 '0
2607 965 2664 1018 δὲ
2698 966 2976 1038 ὁμολογῶν
3003 971 3237 1026 ἐνταῦθα
3263 977 3358 1028 καὶ
3412 977 3652 1050 ἰδιότητα
3700 985 3795 1036 καὶ
3841 987 4033 1060 ἑτερό-

2436 1071 2574 1148 τητα
2591 1057 2699 1110 τῶν
2717 1057 2952 1127 φύσεων.
2972 1063 3028 1114 ὲν
3054 1063 3270 1128 πολλοῖς
3291 1069 3456 1122 αὐτοῦ
3490 1070 3670 1137 λόγοις
3696 1057 4035 1148 ἀναθεματί-

2437 1141 2520 1206 ζει
2550 1148 2679 1240 τοὺς
2712 1148 3115 1218 ὁμολογοῦντας
3140 1153 3333 1212 ταῦτα.
3363 1160 3474 1211 Καὶ
3501 1164 3530 1214 ὁ
3553 1161 3727 1230 λέγων
3759 1141 4032 1240 τῆςνσαρ-

2435 1234 2532 1298 κὸς
2568 1232 2707 1290 εἷναι
2735 1240 2954 1311 καὶτῆς
2987 1241 3166 1313 ψυχῆς
3219 1246 3361 1302 κατά
3409 1249 3572 1316 φύσιν
3618 1253 3685 1306 τὰ
3737 1232 3915 1328 πάθη.
3940 1232 4032 1313 καὶ

2436 1327 2685 1420 φυσικώς
2709 1346 2772 1382 συ
2783 1331 2988 1401 μὸῆναι
3012 1333 3090 1404 τῷ
3121 1333 3334 1405 σώματι
3366 1340 3458 1393 τὸν
3480 1341 3733 1408 θάνατον,
3762 1327 3958 1420 ἀπαθῆ
3976 1353 4029 1405 δὲ

2433 1417 2532 1512 την
2558 1418 2808 1489 θεότητα,
2844 1424 2938 1512 καὶ
2989 1425 3268 1499 θεοπρεπῆ
3314 1431 3415 1501 τὴν
3452 1434 3776 1498 ἀνάστασιν,
3838 1443 3904 1494 ὲν
3947 1417 4028 1512 τῷ

2433 1506 2592 1577 Λόγῳ
2617 1508 2782 1563 αὐτοῦ
2811 1511 2889 1581 τῷ
2912 1513 2990 1575 είς
3010 1515 3072 1567 τὸ
3102 1516 3420 1588 Τρισάγιον.
3450 1515 3513 1574 οὗ
3542 1525 3575 1594 η
3604 1527 3774 1597 ἀρχὴ,
3820 1506 4028 1600 ’Υμεῖξ-

2431 1597 2579 1693 ίσως
2601 1600 2805 1656 οἴεσθέ
2830 1619 2909 1670 με
2959 1608 3293 1674 γεγηθέναι,
3354 1614 3539 1684 φησίν.
3618 1635 3637 1668 ι
3671 1619 3733 1670 Et
3782 1620 3842 1674 δὲ
3888 1597 4030 1693 μετά

2429 1687 2532 1757 τὴν
2546 1689 2741 1743 ἕνωσιν
2760 1693 2820 1744 ἐν
2841 1693 2962 1747 δυσὶ
2991 1696 3186 1764 φύσεσι
3219 1704 3676 1776 γνωρισθήσεται,
3705 1687 3902 1765 λύεται
3930 1716 4026 1782 μὲν

2429 1778 2462 1847 ή
2495 1778 2708 1846 ἓνωσις,
2747 1786 2814 1854 τῇ
2845 1784 2999 1839 δυάδι
3036 1787 3372 1860 διαιρεθεῖσα
3397 1809 3410 1823 ·
3445 1797 3847 1867 μερισθήσειαι
3872 1778 3941 1856 δὲ.
3966 1807 4026 1858 τὸ

751 1895 966 1956 divisa;
1020 1894 1299 1950 dividetur
1350 1895 1697 1965 mysterium,
1743 1902 1800 1948 et
1844 1895 2048 1949 divinae
2111 1904 2314 1950 natura

2432 1872 2735 1965 μυστήριον
2771 1890 2787 1906 ο
2828 1879 2922 1929 καὶ
2960 1881 3026 1949 τῇ
3071 1879 3172 1949 μὲν
3203 1881 3326 1954 θείᾳ
3357 1885 3518 1953 φύσει
3564 1890 3664 1961 τὴν
3695 1892 4022 1960 ἀθανασίαν,

751 1986 1245 2050 immortalitatem,
1267 1986 1523 2040 humanae
1545 1999 1676 2039 vero
1692 1993 1931 2039 mortem
1959 1985 2292 2042 tribuemus.
2308 2007 2325 2038 ι

749 2078 855 2133 Per
879 2078 1064 2131 omnia
1097 2076 1318 2142 ludens,
1365 2085 1422 2132 et
1448 2076 1673 2132 sibimet
1719 2092 2004 2146 nunquam
2048 2085 2330 2143 constans,

748 2169 933 2223 omnia
960 2169 1287 2238 permiscuit
1313 2185 1434 2238 qua:
1459 2167 2081 2223 divinitatinaturaliter
2103 2169 2328 2240 propria

746 2270 898 2324 sum,
928 2269 984 2316 et
1004 2277 1127 2330 qua:
1161 2260 1514 2325 humanitati,
1539 2258 1888 2313 confundens
1924 2273 1988 2313 ea
2022 2275 2145 2329 quae
2176 2260 2328 2330 juxta

747 2368 1002 2407 naturam
1045 2353 1266 2422 propria
1323 2361 1452 2406 sunt
1509 2367 1636 2406 cum
1678 2351 1747 2406 iis
1780 2367 1902 2421 quae
1949 2351 2104 2422 juxta
2152 2353 2330 2410 incar-

746 2446 1023 2499 nationem
1066 2443 1314 2513 propria;
1361 2443 1436 2497 ita
1473 2452 1536 2496 ut
1578 2451 1806 2512 utraque
1856 2453 2055 2498 natura
2081 2444 2190 2516 jam
2213 2465 2326 2503 non

744 2550 872 2588 suas
902 2535 1264 2604 proprietates
1326 2542 1527 2588 servet.
1578 2534 1688 2587 Nos
1735 2542 1919 2589 autem
1970 2536 2073 2591 hoc
2099 2537 2322 2594 eﬂ‘atum

742 2625 992 2694 Gregorii
1015 2625 1244 2696 Nysseni
1285 2625 1715 2678 memorabimus
1749 2625 1803 2679 in
1827 2637 2027 2694 quarto
2062 2645 2320 2688 sermone

742 2717 1006 2771 adversus
1060 2717 1393 2772 Eunomium
1433 2717 1707 2785 prolatum
1737 2733 1750 2769 :
1789 2737 1807 2767 ι
1838 2717 1974 2772 Nam
2006 2720 2052 2774 si
2090 2736 2189 2776 eos
2225 2726 2320 2792 qui

740 2817 952 2862 naturae
979 2807 1233 2862 humana:
1269 2807 1581 2876 passionem
1606 2808 1918 2863 attribuunt
1946 2822 2202 2878 accusat,
2229 2814 2318 2884 ip-

740 2915 854 2953 sam
895 2898 1121 2952 omnino
1148 2896 1492 2952 divinitatem
1541 2899 1784 2967 passioni
1823 2901 1945 2954 vult
1969 2902 2260 2973 subjicere.
2293 2924 2311 2956 ›

809 2988 889 3042 Ad
921 2989 1141 3042 saniora
1185 2988 1430 3042 revocati
1457 2990 1628 3042 verba
1671 2986 1857 3043 forsan
1900 2993 2090 3061 potius
2134 2994 2318 3062 profe-

741 3088 863 3132 rent
903 3094 1025 3147 qua:
1052 3079 1320 3132 adversus
1364 3079 1648 3132 Iulianum
1699 3080 1875 3134 edidit
1912 3098 1926 3134 :
1972 3101 1990 3133 ι
2030 3081 2148 3137 Non
2175 3083 2315 3138 dici-

737 3186 859 3223 mus
885 3186 1010 3223 eum
1046 3171 1332 3239 passiones
1377 3171 1676 3247 impatibili
1715 3171 2027 3228 divinitatis
2054 3175 2313 3229 substan-

739 3259 826 3312 tiae
877 3259 1204 3314 attribuere.
1243 3280 1260 3311 ι
1299 3261 1378 3314 lla
1417 3262 1601 3315 omnia
1637 3263 1932 3318 confundit
1966 3265 2057 3319 hic
2106 3265 2315 3323 doctri-

735 3365 930 3403 narum
953 3351 1224 3415 turbator;
1246 3351 1470 3420 quando
1488 3353 1707 3407 Docetis
1723 3354 2068 3420 adversatur,
2089 3361 2312 3428 propria

733 3447 1058 3492 naturarum
1124 3440 1206 3493 eis
1260 3440 1451 3510 objicit
1509 3444 1604 3511 qui
1675 3445 1900 3513 propria
1983 3456 2310 3502 naturarum

733 3539 1032 3598 verentur;
1061 3539 1117 3586 et
1159 3547 1282 3601 qua:
1308 3531 1376 3586 de
1418 3547 1526 3585 una
1564 3543 1622 3587 et
1653 3534 1722 3586 ab
1753 3550 1861 3588 una
1889 3550 2126 3603 persona
2163 3537 2310 3593 dicta

732 3633 861 3676 sunt
907 3625 1214 3694 impugnat,
1269 3625 1426 3692 quasi
1473 3624 1542 3678 de
1600 3641 1708 3677 una
1751 3634 1807 3678 et
1853 3626 1921 3679 ab
1968 3643 2075 3680 una
2110 3637 2307 3683 natura

733 3713 1198 3783 intelligerentur.
1250 3715 1384 3769 Nam
1447 3714 1649 3784 saepius
1694 3724 1908 3770 natura:
1951 3725 2008 3771 et
2060 3735 2309 3788 persona:

730 3804 1104 3859 diﬂ‘erentiam
1132 3822 1242 3858 non
1263 3807 1532 3876 agnoscit,
1555 3817 1614 3860 ut
1637 3807 1852 3876 copiam
1876 3809 2074 3864 habeat
2103 3811 2306 3880 ubique

727 3911 927 3950 on'mes
953 3898 1266 3959 incusandi,
1289 3898 1577 3952 turbarum
1601 3899 1691 3952 hic
1712 3910 1768 3954 et
1791 3900 2124 3970 ineptiarum
2158 3921 2306 3959 ania-

731 3996 838 4041 tor.
865 3987 1022 4052 Quod
1047 3989 1092 4041 si
1125 3997 1310 4042 autem
1328 3991 1441 4059 jam
1459 3990 1610 4043 nulla
1637 3990 1782 4044 inter
1804 4006 2098 4060 personam
2129 4002 2187 4049 et
2209 4012 2305 4049 na-

724 4090 910 4134 turam
939 4079 1735 4150 diﬂ‘erentia,quotiescunque
1755 4089 1983 4138 naturas
2008 4086 2303 4153 pluraliter

724 4171 883 4236 dicit,
916 4179 1284 4225 autnaturam
1319 4180 1374 4226 et
1397 4182 1674 4236 naturam,
1700 4182 1794 4227 aut
1824 4191 2089 4244 personas
2123 4178 2302 4232 inten-

718 4263 824 4317 dit.
850 4263 908 4316 ln
933 4278 1188 4317 sermone
1207 4264 1328 4332 ejus
1354 4263 1408 4316 in
1427 4263 1956 4335 Electionem,cujus
1975 4268 2294 4323 exordium:

2433 1964 2500 2054 τῇ
2527 1961 2584 2015 δὲ
2613 1963 2931 2054 ἀνθρωπίνῃ
2977 1971 3073 2024 τὸν
3117 1973 3347 2029 θάνατον
3376 1978 3872 2054 ἀποκληρώσομεν.
3907 2007 3926 2040 ι
3966 1991 4024 2042 '0

2435 2051 2612 2147 πάντα
2658 2053 2873 2147 παίζων
2914 2059 3010 2112 καὶ
3045 2061 3139 2114 ἐπὶ
3193 2065 3426 2135 μηδενὸς
3473 2051 3783 2139 ἱστάμενος,
3817 2076 4024 2147 ἔφυρεν

2434 2143 2611 2233 πάντα
2639 2145 2709 2198 τά
2734 2163 2793 2198 τε
2819 2148 2922 2218 τῆς
2953 2150 3214 2222 θεότητος
3265 2157 3375 2211 τῦια
3426 2163 3566 2216 κατὰ
3597 2165 3781 2233 φύσιν,
3830 2143 4023 2225 καίτά

2429 2231 2530 2327 τῇς
2571 2235 2987 2327 άνθρωπότητος
3043 2243 3150 2297 ι’δια
3181 2248 3324 2302 κστά
3360 2250 3546 2320 φύσιν,
3576 2231 4024 2327 παρασκευάζων

2429 2322 2495 2373 τὰ
2535 2325 2678 2377 κατὰ
2703 2327 2864 2395 φύσιν
2897 2330 3028 2395 ἴδια,
3055 2334 3131 2396 ὼς
3155 2335 3223 2388 τὰ
3249 2339 3374 2392 κατ’
3401 2322 3716 2415 οἰκονομίαν
3744 2349 3858 2404 ίδια
3888 2322 4024 2406 θεω-

2430 2415 2546 2483 ρεῖν
2571 2431 2585 2446 ο
2627 2417 2702 2479 ὡς
2727 2421 2933 2490 μηκέτι
2956 2423 3228 2488 σώζεσθαι
3257 2429 3460 2503 ἑκάστῃ
3475 2433 3638 2502 φύσει
3669 2437 3781 2491 τῶν
3796 2418 4020 2495 dum

2427 2506 2597 2600 αύτῆς
2651 2509 2996 2580 ἰδιωμάτων·
3058 2517 3220 2587 ἡμεῖς
3264 2519 3323 2572 δὲ
3384 2523 3792 2600 ὑπομνήσωμεν
3851 2535 4019 2588 αὐτὸν

2425 2594 2486 2647 τὸ
2536 2602 2922 2670 γεγραμμένον
2962 2603 3039 2673 τῷ
3069 2606 3318 2662 Νυσσαεῖ
3363 2611 3422 2664 ιν
3456 2594 3536 2684 τῷ
3570 2594 3700 2670 κατ’*
3742 2620 4017 2692 Εὐνομίου

2422 2692 2671 2764 τετάρτῳ
2699 2695 2908 2765 (potius
2937 2701 3193 2772 πέμπτῳ)
3225 2703 3402 2774 λόγῳ’
3439 2724 3460 2757 ι
3497 2707 3562 2760 Et
3607 2708 3719 2781 γάρ
3769 2714 4017 2768 αἰτιᾶται

2420 2782 2548 2875 τοὺς
2580 2785 2642 2838 τὸ
2670 2788 2843 2852 πάθος
2871 2794 2938 2862 τῇ
2960 2792 3280 2867 ἀνθρωπίνῃ
3302 2795 3466 2864 φύσει
3487 2800 3870 2868 ἀνατιθέντας,
3899 2807 4019 2875 βού-

2421 2871 2571 2926 λεται
2587 2877 2804 2942 πάντως
2819 2881 2988 2952 αὐτὴν
3003 2882 3081 2953 τῷ
3099 2884 3262 2939 πάθει
3279 2887 3586 2957 ὑπαγαγεῖν
3599 2891 3696 2962 τὴν
3719 2893 3956 2965 θεότητα
3967 2940 3978 2950 .
3992 2916 4011 2950 r

2496 2969 2656 3034 Ἴσως
2691 2973 3056 3043 ἐντραπέντες
3087 2981 3137 3031 οἱ
3173 2981 3340 3034 αὑτοῦ
3397 2982 3759 3052 βεϐαιώσουσι
3809 2991 4018 3059 μᾶλλον

2417 3059 2478 3152 το
2526 3060 2717 3152 λεχθὲν
2773 3069 2921 3138 αὐτῷ
2960 3071 3106 3124 κατὰ
3171 3073 3466 3128 ἰουλιανοῦ
3500 3093 3513 3106 ·
3573 3096 3592 3129 ι
3624 3079 3740 3133 Οὐκ
3774 3082 4016 3152 ἐροῦμεν

2417 3150 2582 3204 αὐτὸν
2617 3156 2765 3225 πάθη
2798 3159 3127 3229 περιάπτειν
3156 3167 3220 3234 τῇ
3249 3166 3407 3245 οὐσίᾳ
3425 3169 3490 3238 τῇ
3529 3169 3732 3223 ἀπαθεῖ
3761 3150 3866 3241 ﬁt;
3895 3150 4016 3228 θεό-

2413 3258 2595 3312 τητος.
2629 3264 2647 3297 ι
2684 3247 2872 3313 Οὕτως
2907 3253 2935 3304 ό
2964 3253 3178 3324 φύρτης
3205 3256 3382 3310 πάντα
3418 3261 3664 3331 συγχέει,
3689 3264 3804 3327 τοῖς
3839 3268 4016 3337 Δοκή-

2415 3350 2536 3428 ταις
2572 3337 2734 3405 δῆθεν
2779 3342 3100 3412 ἀντιλέγων,
3142 3347 3209 3400 τὰ
3257 3349 3365 3403 ἴδια
3395 3351 3503 3404 τῶν
3523 3352 3741 3420 φύσεων
3762 3358 4012 3428 προξάλ-

2413 3424 2563 3478 λεται
2605 3431 2716 3491 τοῖς
2764 3433 2834 3484 τὰ
2868 3434 2976 3487 ἴδια
3006 3437 3114 3490 τῶν
3137 3438 3354 3507 φύσεων
3380 3443 3805 3513 πρεσΰεύουσιν,
3838 3452 4014 3520 μαχό-

2415 3533 2575 3608 μενος
2628 3520 2697 3572 τά
2755 3522 2830 3585 ὡς
2881 3525 2966 3594 ἐφ’
3022 3528 3140 3591 ἐνὸς
3199 3532 3296 3584 καὶ
3361 3533 3470 3587 ἀπὸ
3528 3536 3646 3600 ἑνὸς
3699 3541 4010 3608 προσώπου

2410 3606 2792 3677 λεγόμενα,ώς
2812 3616 2904 3667 ἐπὶ
2931 3619 3060 3685 μιᾶς
3085 3620 3178 3672 καὶ
3206 3622 3316 3675 άπὸ
3340 3626 3470 3692 μιᾶς
3494 3626 3707 3694 φύσεως
3736 3606 4009 3687 ἀντικαθο

2411 3701 2552 3788 ιστᾷ.
2597 3702 2786 3756 Ἔστιν
2831 3706 2940 3777 γὰρ
2992 3710 3081 3762 ὅτε
3148 3712 3366 3779 φύσεως
3406 3720 3501 3769 καὶ
3548 3719 3848 3788 προσώπου
3904 3727 4009 3778 οὐκ

2406 3784 2548 3886 οἶδεν
2567 3791 2855 3865 διαφοράν,
2888 3800 2976 3853 ἴνα
3003 3802 3102 3873 ἔχῃ
3131 3784 3606 3862 άδειαν”’πάντοτε
3640 3813 3776 3866 πᾶσι
3835 3817 4010 3886 μάχει

2407 3881 2553 3973 σθαι,
2579 3884 2652 3946 ὡς
2683 3888 3054 3961 φιλοτάραχος
3083 3895 3177 3947 καὶ
3217 3898 3312 3949 καὶ
3347 3900 3732 3973 φιλοσκώπτης
3765 3921 3780 3937 ο
3838 3881 3893 3960 εί

2403 3972 2587 4027 οὐκέτι
2611 3977 2827 4043 φύσεως
2855 3984 2950 4035 καὶ
2997 3987 3294 4054 προσώπου
3342 3991 3598 4062 διαφορά,
3653 3972 3848 4061 ὁσάκις
3901 4001 4004 4054 ἐὰν

2401 4063 2760 4163 λέγῃ-φύσεις
2781 4072 3184 4144 πληθυντικῶς,
3219 4079 3253 4149 ἢ
3284 4081 3450 4148 φύσιν
3475 4087 3571 4138 καὶ
3601 4087 3789 4155 φύσιν,
3826 4091 4001 4163 [forte

2401 4152 2457 4225 ἦ]
2482 4157 2573 4254 καὶ
2600 4159 2874 4254 πρόσωπα
2893 4163 3060 4232 λέγει.
3107 4169 3194 4220 Ἐν
3227 4170 3304 4240 τῷ
3331 4172 3567 4244 λόγῳτῷ
3586 4152 3782 4248 είςτὴν
3796 4152 4001 4254 iupo-

2397 4247 2579 4344 tolvfav
2601 4249 2787 4317 αὐτοῦ,
2817 4248 2878 4306 οὗ
2915 4257 2946 4324 η
2975 4257 3138 4328 ἀρχὴ,
3175 4259 3517 4330 Ἀπαίροντί
3543 4283 3686 4322 ποτε
3705 4247 3861 4339 πρὸς
3878 4247 3999 4344 τ’ὴν

727 4356 928 4410 Navem
989 4355 1123 4423 forte
1179 4355 1403 4408 solventi
1452 4357 1522 4410 ad
1583 4359 1816 4412 medium
1877 4363 2101 4431 ﬂumen,
2171 4364 2293 4416 ait:

2414 4335 2730 4438 .téotnrrdw
2748 4343 3046 4412 ποταμῶν,
3066 4347 3235 4416 λέγει’
3262 4369 3280 4401 ι
3317 4352 3510 4406 Ἡνίκα
3542 4355 3586 4408 δ’
3617 4357 3684 4410 ἂν
3698 4335 3996 4438 ἐπιλάμέῃ

712 4463 741 4497 ‹
793 4445 1026 4513 Quando
1075 4447 1362 4501 hominum
1409 4449 1589 4503 oculis
1635 4452 1959 4518 apparuerit
2003 4461 2061 4507 et
2091 4463 2293 4509 semet-

719 4537 900 4606 ipsum
946 4547 1140 4607 sponte
1189 4553 1290 4606 pro
1334 4539 1496 4592 nobis
1542 4541 1932 4605 exinaniverit,
1985 4542 2104 4612 ipse
2133 4545 2294 4599 nobis
2329 4577 2368 4630 ι)

713 4629 866 4682 scala
920 4629 1098 4682 factus
1147 4641 1252 4691 est,
1303 4630 1458 4683 humi
1503 4639 1730 4699 propter
1766 4643 1991 4700 peccata
2018 4642 2076 4686 et
2099 4634 2290 4688 Adami

713 4719 931 4787 lapsum
959 4722 1211 4790 jacentes
1242 4722 1297 4773 in
1327 4722 1530 4775 cmlum
1556 4722 1859 4788 deducens,
1902 4733 1959 4779 et
1983 4735 2143 4794 porta
2167 4727 2292 4781 caeli

710 4809 980 4873 illustris,
1006 4809 1229 4863 Patrem
1260 4809 1424 4863 nobis
1448 4811 1702 4865 revelans
1722 4820 1777 4865 et
1806 4813 2051 4882 seipsum
2075 4824 2130 4867 et
2166 4814 2292 4884 Spi-

705 4899 881 4952 u'tum
925 4908 1202 4963 sanctum,
1233 4909 1288 4952 et
1335 4901 1390 4954 in
1417 4911 1606 4955 sancta
1639 4902 1910 4958 Trinitate
1960 4904 2282 4958 Deitatem.»

777 5057 912 5123 Quae
944 5056 1089 5111 dixit
1141 5067 1345 5112 sancta:
1389 5059 1600 5128 synodo
1643 5058 1939 5112 adhmrens
1967 5074 2088 5127 quae
2138 5059 2282 5115 idem

706 5153 1015 5210 statuerat;
1059 5161 1187 5199 nam
1229 5147 1408 5208 Patris
1447 5157 1504 5201 et
1549 5147 1672 5202 Filii
1707 5157 1762 5201 et
1809 5149 2054 5220 Spiritus
2107 5154 2282 5206 sancti

707 5233 1131 5304 perfectionem.
1170 5236 1355 5302 docet,
1381 5247 1437 5291 et
1492 5238 2006 5294 inbumanationem
2078 5241 2285 5310 profert

706 5326 946 5380 ﬁdeliter
997 5327 1452 5396 suscipientibus.
1489 5329 1647 5396 Quod
1689 5331 1733 5385 si
1766 5332 2012 5402 synodus
2061 5341 2283 5402 quater-

702 5417 924 5470 narium
968 5433 1262 5471 numerum
1319 5419 1560 5488 professa
1588 5429 1691 5486 est,
1729 5422 2281 5493 Severussenarium

701 5507 928 5563 admisit
960 5510 1015 5563 in
1042 5526 1143 5563 suo
1178 5526 1434 5566 sermone
1465 5513 1520 5565 in
1546 5514 1681 5567 illud
1713 5533 1725 5566 ί
1754 5515 1976 5569 Domine
2005 5519 2095 5594 mi,
2129 5519 2286 5586 cujus

701 5600 1036 5654 exordium:
1088 5602 1317 5666 Quidam
1363 5606 1708 5659 dividentium
1762 5609 1896 5676 forte
1943 5627 1959 5663 :
2003 5629 2019 5659 ι
2068 5610 2284 5664 Verum-

702 5697 878 5741 tamen
924 5709 1026 5745 non
1062 5696 1195 5748 sicut
1229 5711 1321 5768 ego
1352 5682 1488 5761 volo,
1525 5699 1615 5750 sed
1643 5699 1776 5750 sicut
1813 5709 1868 5752 tu
1898 5700 2108 5764 (Matth.
2134 5719 2278 5767 xxvi,

697 5775 812 5849 59).
839 5780 970 5846 Qua:
1010 5799 1117 5837 non
1150 5787 1364 5851 timore,
1394 5788 1488 5840 sed
1523 5805 1625 5843 nos
1650 5790 1889 5844 docendi
1925 5792 2098 5860 gratia
2131 5794 2274 5849 dicta

2393 4429 2504 4517 τοῖς
2535 4429 2628 4481 ἐπὶ
2659 4432 2760 4501 γῆς
2783 4435 2874 4486 καὶ
2895 4436 2990 4502 τὴν
3021 4439 3266 4493 ἑκούσιον
3292 4444 3522 4498 κένωσιν
3553 4446 3789 4517 δι’ήμᾶς
3821 4429 3996 4509 κάτὲιῖ

2395 4516 2638 4590 δέξηται,
2669 4522 2831 4588 αὐτὸς
2876 4528 3008 4596 ἡμῖν
3050 4530 3253 4601 κλίμαξ
3313 4537 3623 4605 γενήσεται,
3650 4516 3779 4605 τοὺς
3810 4551 3995 4616 χαμαὶ

2401 4611 2684 4707 κειμένους
2697 4613 2801 4667 ὑπὸ
2815 4616 2913 4685 τῆς
2943 4618 3215 4690 ἁμαρτίας
3239 4624 3330 4676 καὶ
3352 4626 3450 4695 τῆς
3475 4627 3568 4680 τοῦ
3607 4630 3782 4702 Ἀδὰμ
3807 4611 3993 4707 παρα-

2400 4699 2611 4765 δάσεως
2662 4705 2877 4772 ἀνάγων
2933 4711 3013 4772 είς
3057 4712 3304 4781 οὐρανὸν,
3342 4716 3436 4768 καὶ
3478 4718 3623 4791 πύλη
3672 4699 3992 4799 περιφανὴς

2398 4793 2668 4861 οὐράνιος,
2696 4795 3100 4855 ἀποκαλύπτων
3132 4805 3264 4873 ἡμῖν
3279 4806 3370 4858 τὸν
3387 4808 3610 4880 Πατέρα
3639 4817 3733 4865 καὶ
3761 4793 3985 4882 ἑαυτὸν,

2400 4883 2493 4935 καὶ
2518 4884 2578 4937 τὸ
2608 4885 2766 4953 ἅγιον
2791 4890 3036 4962 Πνεῦμα,
3069 4895 3162 4947 καὶ
3211 4897 3311 4967 τὴν
3361 4900 3422 4952 ὲν
3469 4903 3536 4972 τῇ
3592 4903 3727 4976 ἁγίᾳ
3783 4907 3986 4977 Τριάδι

2397 4975 2728 5046 κυριότητα.
2761 4998 2778 5030 ι

2465 5069 2652 5124 Ταῦτα
2672 5072 2776 5144 ἔφη
2802 5075 2830 5127 ὁ
2869 5075 2965 5146 τῆς
3004 5078 3167 5145 ἁγίας
3207 5083 3422 5136 συνόδου
3463 5085 3863 5160 ἐπιλαϐόμενος
3902 5099 3984 5149 εί-

2391 5159 2600 5252 Eodem;
2629 5177 2641 5191 ·
2672 5165 2800 5234 περί
2827 5182 2886 5217 τε
2933 5169 3040 5238 γὰρ
3094 5170 3305 5242 Πατρὸς
3363 5174 3455 5226 καὶ
3496 5176 3622 5229 Υἱοῦ
3665 5181 3762 5232 καὶ
3819 5184 3982 5252 άγίου

2393 5249 2712 5320 Πνεύματος
2740 5254 3044 5337 ἐκδιδάσκει
3075 5259 3136 5311 τὸ
3158 5261 3381 5327 τέλειον,
3407 5266 3503 5318 καὶ
3528 5267 3623 5320 τοῦ
3644 5249 3981 5346 Κυρίου-τὴν

2389 5341 2806 5413 ἑνανθρώπησιν
2844 5351 2958 5411 τοῖς
3006 5350 3210 5414 πιστῶς
3255 5352 3566 5423 δεχομένοις
3615 5341 3977 5433 παρίστησιν,

2390 5432 2453 5483 Εί
2479 5429 2572 5486 οὖν
2599 5436 2633 5505 ἠ
2661 5436 2880 5501 σύνοδος
2907 5441 3143 5511 τετράδα
3168 5439 3344 5508 εἶπεν,
3377 5447 3614 5516 Σευῆρος
3634 5448 3801 5514 ἑξάδα
3822 5429 3976 5520 λέγει

2386 5523 2444 5573 ὲν
2472 5523 2550 5593 τῷ
2590 5525 2733 5596 λόγῳ
2777 5529 2940 5581 αὑτοῦ
2975 5530 3054 5600 τῷ
3083 5534 3161 5597 ἐὶς
3189 5533 3274 5596 τὸ,
3310 5535 3418 5588 Θεέ
3448 5553 3589 5604 μου,
3615 5535 3688 5613 οὗ.
3723 5543 3756 5609 ἡ
3801 5545 3974 5614 ἀρχὴ,

2390 5612 2570 5678 Ἴσως
2615 5615 2776 5681 τινὲς
2810 5617 2927 5670 τῶν
2955 5619 3412 5690 citatam-ortam
3445 5625 3578 5695 ἔφη’
3621 5650 3637 5677 ι

2381 5705 2462 5769 ὡς
2490 5706 2604 5774 ἐγὼ
2631 5708 2804 5774 θέλω,
2840 5713 2975 5766 ἀλλ’
3003 5716 3083 5781 ὡς
3106 5718 3186 5769 σύ
3214 5733 3227 5746 ·
3263 5719 3344 5771 ὅτι
3381 5723 3489 5790 γὰρ
3515 5722 3873 5790 διδασκαλίας
3905 5727 3971 5800 ἦν

2381 5799 2574 5864 ταῦτα,
2595 5805 2688 5854 καὶ
2707 5805 2767 5855 οὐ
2781 5804 3005 5871 δειλίας,
3036 5812 3376 5878 μαρτυρήσει
3402 5812 3587 5879 σαφῶς
3603 5816 3635 5882 ἡ
3657 5813 3764 5868 τῶν
3791 5799 3974 5887 Euar-
