4210 6442
135 421 238 487 9λῖ

1172 423 1535 481 EPISTULA
1579 421 1675 479 DE
1717 417 2012 476 DUABUQ
2055 417 2408 480 NATURIS.

3293 427 3400 492 934

146 540 334 607 τελίων
355 532 554 605 Γραφή
592 547 605 560 ·
645 530 762 592 πῶς
792 531 901 601 γὰρ
935 526 1158 598 ἔμελλεν
1175 529 1405 580 δεδιέναι
1435 527 1525 580 τὸν
1556 525 1719 578 θάναιι

1831 525 2003 578 fuisse
2053 533 2288 580 testatur
2341 537 2631 581 maxim-ste
2663 527 2779 598 ipsa
2812 529 3238 603 Evangeliorum
3279 553 3409 594 nar-

132 650 221 684 τον
250 631 280 682 ό
316 625 462 698 μετὰ
496 621 798 692 ἐπιθυμίας
822 623 1002 692 ἄκρας
1047 621 1139 674 ἐπὶ
1187 620 1374 673 τοῦτον
1427 619 1721 688 ἐρχόμενος

138 722 226 775 καὶ
297 720 480 786 λέγων
505 756 521 781 ,
611 715 929 780 Ἐπιθυμίᾳ
989 713 1342 780 ἐπεθύμησα
1399 709 1610 779 ερατ-εῖν
1657 710 1720 760 τὸ

138 814 355 881 Πάσχα
415 809 635 870 τοῦτο;
669 826 687 858 ι
744 801 878 859 Εἶτα
927 805 1174 872 συνήθως
1228 801 1721 872 ἀντιφθεγγόμενος

134 903 311 972 ἑαύτῴ
335 901 394 954 ὲν
416 900 493 970 τῷ
512 899 646 969 πρὸς
663 897 890 966 Σέργιον
906 895 1144 965 δευτέρῳ
1173 893 1337 964 λόγῳ.
1368 895 1588 961 γράφει·
1623 911 1638 940 ι
1665 891 1721 942 ’0

143 998 238 1064 γὰρ
296 989 653 1061 Ἐμμ-ξινουὴλ
699 987 823 1042 καθ’
855 987 885 1038 ὃ
924 987 1023 1056 μὲν
1060 985 1214 1048 Θεὸς,
1259 984 1482 1053 δοκήσει
1520 981 1720 1033 πέπον-

135 1085 222 1136 θεν
252 1101 268 1114 ·
301 1082 427 1136 καθ’
468 1080 500 1135 ὓ
539 1081 609 1132 δὲ’
655 1079 977 1148 ἄνθρωπος,
1014 1075 1260 1145 ἀληθείᾳ.
1303 1092 1322 1125 ι
1363 1074 1470 1126 Καὶ
1529 1073 1587 1124 ὲν
1646 1072 1722 1140 τῷ

134 1174 376 1247 δευτέρῳ
423 1174 480 1227 δὲ
520 1171 602 1244 τῷ
635 1171 799 1226 ’κατὰ
860 1170 1109 1225 Ἰωάννου
1164 1167 1259 1221 τοῦ
1309 1165 1721 1236 γραμματικοῦ,

134 1269 282 1334 λέγει
315 1283 330 1296 ·
371 1285 389 1316 α
420 1265 525 1316 Τὸν
554 1264 718 1318 αὐτὸν
753 1263 852 1332 μὲν
887 1261 1010 1314 καθ’
1044 1261 1073 1312 ὃ
1098 1260 1231 1322 Θεὸς
1263 1255 1352 1330 ἦν,
1392 1259 1466 1328 μὴ
1492 1258 1724 1310 δεδιέναι

136 1361 225 1412 τὸν
256 1359 494 1410 θάνατον
523 1371 535 1385 ·
562 1353 684 1406 κιθ’
712 1353 741 1405 ὃ
765 1353 818 1404 δὲ
857 1351 1142 1422 ἄνθρωπος
1176 1345 1265 1420 ἦν,
1300 1349 1724 1416 οἰκειωσάμενον

135 1447 316 1501 καὶτὸ
350 1448 426 1516 μὴ
458 1444 632 1497 θέλειν
655 1443 966 1503 ἀποθανεῖν,
998 1441 1090 1492 καὶ
1120 1438 1382 1499 ἑκουσίως
1423 1437 1621 1504 ὲφέντα
1656 1438 1724 1505 τῇ

141 1540 310 1610 σαρκὶ
340 1539 400 1591 τὸ
432 1534 661 1605 φυσικὸν
689 1531 1084 1597 καταδέξασθαι
1115 1529 1306 1592 πάθος.
1344 1547 1362 1578 ι
1404 1528 1590 1595 Ὀλίγα
1617 1526 1726 1580 ἀπὸ

140 1629 358 1683 πολλῶν
394 1625 740 1697 παρεθέμην,
781 1622 1140 1693 παραστῆσαι
1181 1619 1504 1690 βουλόμενος
1538 1619 1600 1671 τὸ
1633 1620 1725 1671 καὶ

140 1723 278 1791 πρὸς
315 1719 512 1772 ἑαυτὸν
547 1716 879 1786 ἀσύμφωνον
909 1713 1004 1766 τοῦ
1039 1713 1234 1782 ἀνδρός
1263 1727 1276 1740 ⁸
1302 1711 1395 1764 καὶ
1423 1711 1504 1764 ὅτι
1536 1713 1604 1762 τὰ
1631 1727 1726 1778 φυ-
1775 1711 1780 1716 ’

141 1813 268 1866 and
303 1814 405 1881 τῆς
442 1809 667 1880 σαρκὸς,
699 1807 837 1861 ἄλλα
866 1807 1041 1875 λέγων
1069 1805 1221 1876 παρὰ
1261 1804 1329 1857 τὰ
1380 1803 1584 1873 φυσικὰ
1626 1803 1726 1872 τῆς

1833 616 1973 668 ratio
1997 660 2006 669 .
2034 632 2145 683 quo
2172 618 2319 671 enim
2345 631 2505 686 pacto
2536 631 2764 674 mortem
2801 621 3291 695 reformidaviiset,
3316 637 3410 701 qui

1832 721 2048 758 summo
2085 722 2212 758 cum
2255 706 2443 760 studio
2486 724 2607 763 eam
2637 711 2846 774 adibat,
2892 725 2948 767 et
2983 731 3107 770 cum
3149 720 3237 775 his
3281 739 3403 778 ver—

1833 798 1916 850 bis
1957 817 1967 848 :
2005 796 2273 850 Desiderio
2331 800 2628 853 desideravi
2687 806 2781 855 hoc
2833 805 3038 861 Pascha
3089 813 3412 867 manducare.

1833 889 1974 958 (Luc.
2036 905 2176 950 xxii,
2227 891 2335 958 15).
2394 910 2410 942 ι
2467 891 2678 945 Deinde
2709 909 2810 962 pro
2860 912 3012 952 more
3052 914 3155 955 suo
3187 901 3413 957 sibimet

1833 997 2082 1050 pugnans
2110 982 2303 1036 scribit
2341 983 2393 1035 in
2439 984 2683 1037 secundo
2713 1001 2968 1042 sermone
3009 992 3077 1045 ad
3111 982 3362 1064 Sergium
3394 1015 3407 1049 :

1839 1092 1856 1121 ι
1898 1072 2244 1134 Emmanuel,
2282 1074 2336 1126 iu
2357 1086 2622 1142 quantum
2657 1079 2804 1133 Deus
2832 1090 2973 1144 erat,
3006 1085 3190 1151 specie
3214 1101 3409 1154 passus

1831 1172 1950 1220 est:
1978 1163 2073 1217 sed
2119 1165 2173 1216 in
2208 1174 2477 1232 quantum
2522 1167 2706 1231 homo,
2737 1186 2886 1225 vere.
2925 1191 2942 1222 ι
2985 1173 3052 1226 Et
3081 1173 3134 1226 in
3167 1178 3410 1229 secundo

1831 1254 1975 1308 libro
2008 1255 2275 1310 adversus
2317 1255 2584 1310 Joannem
2616 1262 3038 1327 grammaticum
3068 1283 3081 1318 :
3114 1283 3132 1315 ι
3169 1266 3312 1336 Ipse,
3354 1269 3408 1322 in

1831 1353 2098 1414 quantum
2153 1345 2299 1398 Deus
2329 1355 2471 1411 erat,
2534 1358 2768 1403 mortem
2814 1366 2925 1405 non
2979 1353 3406 1418 reformidabal;

1834 1439 1886 1489 in
1928 1444 2192 1503 quantum
2242 1452 2374 1490 vero
2407 1439 2572 1492 homo
2612 1450 2754 1506 erat,
2793 1443 2967 1511 ipsius
3013 1457 3136 1499 erat
3173 1458 3408 1502 mortem

1833 1528 2159 1592 abhorrere,
2208 1538 2264 1583 et
2313 1529 2554 1583 libenter
2590 1533 2932 1588 incarnatum
2981 1536 3216 1593 decebat
3247 1549 3376 1593 natt'

1834 1620 1933 1673 rali
1965 1620 2157 1674 dolore
2195 1623 2553 1676 commoveri.
2595 1643 2612 1672 ι
2648 1625 2825 1678 Pauca
2866 1626 2936 1680 de
2985 1629 3176 1684 multis
3217 1641 3413 1698 protu-

1832 1713 1995 1766 limus
2023 1753 2037 1773 ,
2099 1721 2159 1765 ut
2203 1723 2468 1780 appareat
2511 1723 2780 1782 quantum
2835 1717 3162 1788 sibimetipsi
3209 1731 3414 1790 pugnet

1833 1802 2018 1855 homo.
2066 1801 2328 1855 Naturam
2377 1804 2558 1857 carnis
2606 1820 2634 1858 a
2690 1805 2888 1861 natura
2934 1808 3244 1865 divinitatis
3282 1812 3414 1865 licet

140 1906 400 1973 θεότητος
451 1900 842 1970 ἁναθεματίζει
895 1898 994 1961 τὰς
1051 1897 1148 1949 δύο
1202 1895 1391 1964 φύσεις
1447 1894 1725 1960 λέγοντας,

1831 1895 2155 1963 distinguat,
2195 1895 2623 1950 anathematizat
2678 1913 2775 1952 eos
2826 1899 2922 1968 qui
2979 1899 3118 1956 duas
3178 1911 3409 1959 naturas

143 1993 351 2061 μᾶλλον
395 1991 454 2044 δὲ
494 1991 708 2044 ἑαυτόν.
749 1989 860 2043 Καὶ
897 1987 1060 2049 αὐτὸς
1100 1987 1210 2056 γὰρ
1243 1985 1336 2038 δύο
1370 1985 1563 2053 φύσεις
1587 1977 1728 2037 οἶδεν

143 2087 198 2138 ὲν
215 2084 294 2153 τῷ
321 2081 570 2154 Χριστῷ,
600 2081 696 2134 καὶ
711 2080 913 2142 ταύτας
933 2077 1308 2149 ὑφισταμένας
1325 2077 1417 2129 καὶ
1436 2075 1724 2145 μενούσας·

143 2174 238 2226 καὶ
269 2172 438 2226 πάλιν
464 2172 564 2224 οὐκ
586 2166 702 2223 οἶδα
732 2170 882 2232 ὅπως
911 2169 993 2230 είς
1025 2168 1158 2238 μίαν
1189 2166 1502 2235 συναλείφει
1534 2163 1725 2229 αὑτὰς,

143 2270 236 2321 καὶ
271 2265 679 2334 καταγινώσκει
718 2263 882 2318 πάλιν
917 2261 1025 2316 τῶν
1077 2263 1159 2324 είς
1215 2261 1346 2330 μίαν
1387 2259 1729 2328 συναγόντων

143 2359 238 2411 καὶ
297 2355 729 2424 συναλειφόντων
782 2354 976 2419 αὐτὰς,
1019 2352 1095 2415 ὡς
1123 2349 1629 2422 προαποδέδεικται.
1665 2349 1727 2402 Et

142 2450 198 2502 δὲ
233 2449 334 2519 μία
371 2447 534 2517 φύσις
566 2449 595 2500 ὁ
633 2445 887 2514 Χριστὸς,
926 2442 1181 2514 περιττὸν
1215 2443 1275 2495 τὸ
1310 2442 1512 2510 λέγειν,
1537 2442 1663 2494 καθ’
1696 2441 1728 2494 ὃ

144 2542 237 2594 καὶ
267 2538 403 2592 καθ’
431 2537 486 2604 ὃ,
522 2537 619 2591 καὶ
642 2536 872 2604 σαρκὸς
893 2536 1083 2605 φύσιν
1105 2534 1196 2587 καὶ
1218 2533 1500 2600 θεότητος
1517 2533 1723 2600 φύσιν,

145 2633 240 2686 καὶ
280 2631 362 2702 τῷ
415 2629 682 2700 πεφυκότι
739 2629 992 2699 πάσχειν,
1047 2628 1142 2681 καὶ
1197 2625 1276 2694 τῷ
1335 2625 1409 2696 μὴ
1462 2625 1726 2693 πεφυκότι

146 2724 383 2792 πάσχειν
408 2738 423 2752 ⁸
460 2721 633 2775 ταῦτα
656 2722 765 2790 γὰρ
789 2719 880 2771 ἐπὶ
911 2717 1007 2770 δύο
1035 2717 1252 2786 φύσεων
1274 2715 1516 2784 λέγεται.

228 2815 387 2870 Ἐπεὶ
425 2813 634 2881 λεγέτω
670 2813 698 2863 ὁ
737 2809 1091 2878 σοφιζόμενος
1124 2807 1378 2878 περιττὰ,
1406 2807 1455 2859 εξ
1478 2805 1728 2874 φυσικὸν,

147 2911 178 2978 ἢ
212 2904 464 2973 πεφυκός
488 2904 540 2954 τί
570 2905 718 2954 ἐστιν
759 2901 887 2954 ἄνευ
917 2898 1154 2968 φύσεως,
1188 2898 1217 2948 ὁ
1251 2897 1424 2964 λέγων
1475 2895 1603 2965 μίαν
1632 2895 1733 2964 φύε-

149 3001 231 3054 σίν
258 3000 358 3051 τοῦ
388 2996 524 3050 Θεοῦ
550 2994 727 3061 Λόγου
760 2991 1192 3061 σεσαρκωμένην
1235 2990 1331 3041 καὶ⁷
1365 2986 1732 3056 ὲψυχωμένην

145 3093 293 3160 ψυχῇ
319 3089 511 3158 λογικῇ
536 3089 630 3139 καὶ
651 3085 833 3155 νοερᾷ,
864 3084 958 3136 καὶ
987 3082 1062 3152 μὴ
1095 3081 1372 3151 ὁμολογῶν
1399 3080 1492 3132 δύο
1515 3079 1728 3148 φύσεις,

145 3181 335 3249 ὅμοιός
361 3180 476 3229 ἐστι
505 3173 580 3244 τῷ
603 3174 812 3240 λέγοντι
842 3172 900 3223 ἓν
925 3171 1117 3240 ἥμισυ,
1142 3167 1324 3237 τρίτον
1343 3165 1501 3218 ἕκτον
1518 3181 1532 3195 ⁸
1560 3163 1732 3238 ταῦτα

144 3275 200 3325 δὲ
235 3274 296 3324 ἐν
328 3269 491 3340 ὀμάδι
518 3267 591 3338 μὴ
619 3265 825 3317 θέλοντι
854 3263 1027 3315 εἰπεῖν
1047 3260 1161 3313 δύο.
1195 3260 1364 3335 Ὅταν
1396 3257 1527 3327 λέγῃ
1559 3255 1729 3326 Σευῆ-

149 3381 244 3435 ρος
311 3364 369 3414 ὲν
390 3361 502 3422 τοῖς
533 3359 676 3412 κατὰ
723 3354 1044 3409 Ἰουλιανοῦ·
1085 3372 1104 3405 ι
1138 3352 1219 3405 Τὰ
1243 3350 1388 3419 πάθη
1419 3349 1487 3402 τὰ
1508 3348 1732 3401 ἑκούσια

147 3456 246 3510 καὶ
285 3449 607 3520 ἀδιάϐλητα,
660 3447 800 3500 κατὰ
834 3447 961 3506 τοὺς
999 3444 1094 3514 τῆς
1126 3443 1340 3512 φύσεως
1368 3439 1565 3508 νόμους
1594 3437 1733 3490 ἔνδι-

146 3549 334 3608 ὃόντος
365 3543 456 3597 τοῦ
487 3540 625 3594 Θεοῦ
657 3539 853 3606 Λόγου,
891 3535 953 3588 τὸ
993 3535 1154 3603 σῶμα
1187 3535 1426 3601 ἔπασχεν
1449 3545 1463 3558 ·
1499 3530 1566 3582 τὰ
1601 3527 1733 3581 θαύ-

152 3655 303 3709 ματα
332 3635 386 3688 δὲ
411 3634 574 3688 πάλιν
595 3633 662 3684 δι’
689 3627 854 3684 αὐτοῦ
885 3627 978 3680 τοῦ
1018 3625 1270 3694 σώματος
1303 3623 1444 3691 ὑπὲρ
1474 3622 1600 3684 τοὺς
1631 3621 1730 3687 τῆς

151 3731 370 3800 φύσεως
407 3726 603 3794 νόμους
622 3721 876 3774 ἀπετέλει
907 3719 1027 3771 τότε
1073 3718 1167 3769 καὶ
1223 3715 1544 3784 ἐπράττετο.
1585 3731 1604 3764 ι
1649 3712 1730 3763 Τὰ

149 3824 257 3892 γὰρ
288 3820 491 3888 σημεῖα
524 3817 618 3869 καὶ
649 3811 927 3884 παράδοξα
957 3812 1024 3862 τὰ
1074 3809 1215 3877 ὑπὲρ
1262 3805 1360 3875 τὴν
1408 3805 1534 3874 μίαν
1569 3803 1730 3870 φύσιν

147 3915 356 3982 ταύτην
385 3911 484 3980 τὴν
520 3908 628 3960 τῶν
655 3905 842 3958 παθῶν
884 3901 1163 3970 δεκτικὴν,
1203 3900 1271 3950 τὰ
1304 3898 1446 3964 πέρα
1492 3896 1591 3964 τῆς
1631 3893 1733 3962 φύ-

149 4021 288 4065 σεως
319 4001 544 4068 ταύτης,
576 3999 693 4058 πῶς
727 3996 760 4065 ἢ
801 3994 967 4046 πόθεν
1023 3991 1273 4058 ἐγίνετο;
1331 3989 1439 4040 Καὶ
1487 3989 1730 4052 ἀναγκα-

149 4095 432 4166 σθήσεται,
460 4089 536 4151 ὡς
564 4085 743 4156 οἶμαι,
793 4084 826 4152 ἢ
867 4082 1012 4136 κατὰ
1047 4079 1346 4149 φαντασίαν
1390 4079 1580 4142 εἰπεῖν,
1611 4076 1642 4145 ἦ
1672 4075 1730 4139 ἐξ

145 4187 346 4255 ἑτέρας
368 4182 604 4250 φύσεως.
635 4179 889 4246 Σευῆρος,
915 4174 990 4237 ὡς
1023 4174 1089 4226 τὰ
1122 4171 1531 4242 συγγράμματα
1561 4166 1728 4220 αὑτοῦ

145 4278 323 4348 δηλοῖ,
356 4272 451 4326 δύο
483 4269 672 4340 φύσεις
703 4266 851 4332 λέγει
881 4264 973 4316 καὶ
1011 4262 1160 4332 μίαν,
1193 4263 1313 4321 ταῖς
1343 4260 1440 4328 μὲν
1467 4257 1565 4327 τὴν
1594 4256 1728 4327 ἀλή-

148 4372 307 4423 θειαν
332 4363 618 4425 δυσωπῶν,
656 4362 724 4430 τῇ
754 4357 810 4411 δὲ
852 4359 978 4418 τοὺς
1023 4353 1376 4414 διδασκάλους
1415 4350 1582 4404 αὐτοῦ
1621 4352 1727 4418 ἁφ-

150 4459 305 4514 οσιού
315 4473 474 4526 μενος
502 4444 1409 4520 τοὺςφαντασιανιστὰς,Τιμόθεον
1425 4445 1514 4496 τὸν
1536 4442 1730 4494 Αίλου-

1829 1981 2186 2050 proﬁtentur,
2241 1997 2306 2038 ac
2356 1983 2590 2036 maxime
2622 1987 2886 2054 seipsum.
2945 1989 3078 2043 Nam
3125 1991 3245 2060 ipse
3273 1993 3413 2048 duas

1830 2073 1885 2126 in
1937 2071 2158 2126 Christo
2208 2083 2436 2128 naturas
2489 2077 2758 2145 agnoscit,
2793 2093 2999 2148 easque
3042 2081 3413 2137 subsistenles

1829 2178 1894 2217 ac
1933 2173 2350 2232 permanentes.
2382 2164 2540 2219 Nunc
2566 2167 2790 2234 quidem
2820 2167 2937 2238 ipse
2964 2185 3058 2225 eas
3092 2172 3282 2225 nescio
3303 2188 3414 2242 quo

1830 2264 1994 2323 pacto
2025 2257 2080 2309 in
2108 2271 2274 2310 unam
2310 2257 2514 2327 redigit
2543 2299 2557 2322 ,
2586 2266 2640 2312 et
2671 2276 2819 2315 nunc
2841 2277 2936 2317 eos
2959 2265 3139 2335 carpit
3169 2266 3264 2334 qui
3293 2266 3414 2320 illas

1831 2343 1884 2398 in
1929 2360 2097 2398 unam
2145 2355 2352 2417 cogunt
2391 2358 2448 2402 et
2485 2350 2764 2420 redigunt,
2819 2353 2898 2406 uti
2957 2356 3249 2422 probatum
3301 2365 3408 2412 est.

1827 2435 1984 2501 Quod
2025 2437 2070 2490 si
2111 2452 2218 2491 una
2269 2439 2478 2494 Christi
2528 2451 2748 2504 natura,
2788 2457 3192 2512 supervacuum
3223 2447 3413 2503 dicere

1827 2528 1884 2580 in
1935 2537 2194 2598 quantum
2243 2537 2299 2583 et
2347 2532 2402 2583 in
2438 2542 2719 2600 quantum,
2772 2544 2867 2588 aut
2913 2545 3112 2592 natura
3145 2541 3325 2594 carnis
3357 2551 3415 2597 et

1829 2626 2028 2671 natura
2069 2618 2383 2683 diuinitatis,
2421 2628 2517 2674 aut
2551 2622 2622 2675 ad
2674 2625 2942 2693 passiones
2975 2637 3160 2683 natum
3183 2631 3270 2685 vel
3303 2647 3409 2686 non

1830 2718 2020 2764 natum
2057 2725 2074 2763 :
2119 2710 2232 2765 hinc
2261 2712 2407 2765 enim
2433 2713 2499 2767 ad
2531 2713 2671 2767 duas
2694 2725 2922 2771 naturas
2953 2728 3227 2787 spectant.

1901 2804 1970 2856 At
2021 2801 2167 2857 dicat
2210 2818 2683 2873 supervacuorum
2741 2823 3065 2865 sermonum
3097 2823 3332 2880 amator,
3363 2789 3411 2870 si

1832 2893 1966 2962 quid
1999 2894 2253 2948 naturale
2281 2903 2367 2948 est
2396 2905 2494 2951 aut
2532 2905 2719 2951 natum
2751 2899 2958 2969 absque
2988 2913 3206 2960 natura.
3236 2905 3411 2962 Unam

1830 3000 2086 3039 asserens
2133 2995 2382 3040 naturam
2414 2988 2506 3040 Dei
2541 2989 2706 3043 Verbi
2739 2990 3076 3048 incarnatam
3127 3006 3183 3051 et
3227 2999 3413 3054 anima

1832 3075 2088 3131 rationali
2121 3076 2510 3146 spiritualique
2555 3080 2876 3147 animatam,
2928 3085 3067 3140 duas
3095 3103 3227 3142 vero
3253 3101 3418 3144 natu-

1835 3182 1924 3220 ras
1975 3182 2200 3236 negans,
2235 3168 2430 3223 similis
2472 3179 2558 3224 est
2608 3171 2818 3226 homini
2875 3176 2970 3243 qui
3024 3180 3411 3248 sesquilibram

1832 3266 1890 3311 et
1939 3265 2050 3312 tres
2094 3267 2376 3312 sextantes
2407 3259 2652 3326 diceret;
2688 3263 2803 3317 base
2850 3274 3033 3320 autem
3089 3268 3145 3321 in
3192 3287 3410 3327 summa

1833 3351 1971 3406 duas
2001 3367 2200 3406 vocare
2232 3362 2536 3407 recusaret.
2565 3353 2623 3407 ln
2657 3355 2814 3410 libris
2840 3357 3105 3414 adversus
3134 3361 3415 3418 lulianum

1833 3443 1950 3498 haec
1999 3442 2167 3496 habet
2221 3443 2462 3497 Severus
2503 3461 2516 3496 :
2558 3463 2575 3495 ι
2605 3444 2820 3515 Corpus
2856 3448 3145 3516 passiones
3172 3449 3411 3516 ferebat,

1832 3548 1970 3603 quas
2000 3533 2244 3586 libenter
2275 3542 2332 3586 et
2363 3534 2571 3603 absque
2620 3536 2732 3590 ulla
2781 3537 3219 3606 reprehensione
3269 3542 3413 3596 Deus

1834 3625 2074 3680 Verbum
2105 3625 2261 3691 juxta
2289 3633 2501 3682 natura:
2559 3628 2706 3697 leges
2766 3630 3036 3698 pertulit;
3073 3621 3252 3700 ipsum
3280 3650 3412 3688 vero

1832 3716 2102 3770 miracula
2149 3715 2491 3785 perficiebat,
2539 3727 2595 3771 et
2621 3719 2959 3788 operabatur
2991 3737 3112 3791 quae
3138 3739 3236 3791 per
3266 3724 3410 3778 idem

1833 3824 2037 3878 corpus
2092 3824 2258 3878 supra
2307 3818 2517 3864 natura:
2568 3811 2715 3879 leges
2772 3811 2968 3866 edidit.
3031 3833 3048 3864 ι
3099 3813 3262 3886 Signa
3319 3817 3413 3872 illa.

1833 3900 2120 3968 splendida
2145 3916 2267 3968 quae
2295 3915 2459 3953 unam
2497 3900 2636 3954 hanc
2664 3902 2980 3969 passionum
3014 3919 3269 3973 capacem
3309 3923 3410 3960 na-

1831 3997 2012 4041 turam
2041 3995 2397 4056 exsuperant,
2439 4003 2562 4056 qua:
2596 3989 2742 4042 vires
2792 3990 2957 4059 hujus
3002 4001 3212 4046 natura:
3243 4010 3411 4048 exce—

1831 4079 1991 4142 dunt,
2027 4081 2305 4149 quomodo
2335 4088 2390 4133 et
2422 4095 2452 4133 a
2483 4095 2595 4148 quo
2624 4079 2799 4134 ﬁunt?
2827 4079 3138 4143 Contendat
3169 4094 3408 4152 oportet.

1832 4172 2020 4236 credo,
2073 4187 2136 4225 ea
2180 4172 2262 4224 vel
2293 4187 2390 4240 per
2424 4171 2747 4240 phantasma
2784 4179 2993 4226 tantum
3021 4173 3167 4237 ﬂeri,
3192 4172 3280 4226 vel
3313 4188 3414 4242 per

1830 4264 1992 4317 aliam
2046 4272 2322 4316 naturam.
2371 4263 2610 4317 Severus
2633 4262 2820 4333 igitur,
2862 4263 2941 4317 uti
2995 4273 3262 4318 tractatus
3289 4266 3414 4334 ejus

1831 4355 2089 4423 probant,
2143 4353 2282 4407 duas
2330 4364 2560 4407 naturas
2601 4352 2902 4408 conﬁtetur
2943 4362 3002 4407 et
3051 4369 3214 4408 unam
3243 4371 3257 4418 ;
3288 4354 3411 4409 illas

1831 4447 2054 4515 quidem
2105 4449 2337 4499 veritate
2384 4446 2589 4508 victus,
2628 4459 2792 4498 unam
2833 4460 2965 4500 vero
2990 4445 3268 4516 magistris
3293 4446 3413 4500 suis

154 4569 246 4622 ρον
279 4522 376 4601 καὶ
407 4547 694 4616 Διόσκορον
725 4561 739 4574 ·
780 4543 872 4595 καὶ
905 4539 1171 4610 Τιμοθέου
1225 4538 1323 4608 μὲν
1357 4539 1390 4606 ἡ
1437 4535 1562 4600 δόξα
1595 4551 1729 4604 προ-

1833 4538 2290 4594 Phantasianistis
2338 4547 2715 4600 consecratus,
2763 4522 3086 4601 Timotheo,
3122 4535 3316 4592 Eluro
3353 4545 3412 4592 et

147 4644 472 4714 δεδήλωται,
501 4642 600 4711 τὴν
627 4640 683 4692 δὲ
704 4637 998 4706 Διοσκόρου
1019 4632 1317 4700 γνώσονται
1339 4631 1388 4683 οί
1407 4627 1729 4697 ἀγνοοῦντες

149 4741 215 4789 ὲκ
239 4736 341 4803 τῆς
371 4730 660 4798 ἐπιστολῆς
682 4727 846 4781 αὑτοῦ
869 4727 970 4794 τῆς
991 4723 1298 4795 γραφείσης
1318 4721 1424 4774 ἀπὸ
1445 4720 1728 4790 Γαγγρῶν,

151 4831 210 4880 ὲν
333 4824 536 4895 γράφει
566 4821 736 4873 ταῦτα
761 4837 776 4852 ο
826 4837 844 4869 ι
889 4818 948 4870 '0
993 4815 1285 4887 μονογενὴς
1313 4813 1410 4866 τοῦ
1439 4813 1573 4865 Θεοῦ
1605 4812 1732 4876 Υἱὸς

153 4923 352 4987 ⁴λόγος,
401 4917 430 4967 ὸ
485 4915 686 4984 Κύριος
717 4909 874 4982 ἡμῶν
918 4908 1127 4977 Ἰησοῦς
1161 4905 1414 4976 Χριστὸς,
1443 4905 1733 4973 γενόμενος

151 5011 448 5080 ἄνθρωπος
479 5003 649 5073 χωρὶς
685 4998 966 5070 ἁμαρτίας
997 4998 1094 5050 καὶ
1125 4995 1330 5066 τροπῆς
1351 5035 1366 5060 ,
1393 4997 1504 5056 τοῖς
1529 4993 1732 5063 ἀνθρωο

151 5104 334 5162 πίνοις
369 5094 733 5164 κεκοινώνηκε
770 5092 1023 5154 πάθεσιν,
1063 5089 1123 5142 οὐ
1163 5087 1306 5141 κατὰ
1357 5087 1540 5155 φύσιν,
1597 5085 1732 5138 ἀλλὰ

150 5193 298 5247 κατὰ
323 5191 507 5260 χάριν.
549 5206 567 5238 ι
597 5186 706 5237 Καὶ
733 5183 928 5236 πάλινο
967 5199 986 5231 ι
1012 5181 1076 5233 Et
1111 5179 1184 5250 μὴ
1221 5178 1281 5230 τὸ
1303 5173 1440 5245 αἷμα
1471 5176 1564 5230 τοῦ
1599 5177 1732 5246 Χρι-

151 5285 281 5340 στοῦ
315 5281 457 5336 κατὰ
481 5279 642 5348 φύσιν
679 5275 813 5329 Θεοῦ
847 5277 1014 5340 ἐστιν,
1063 5273 1159 5325 καὶ
1197 5270 1295 5322 ούκ
1318 5267 1625 5339 ἀνθρώπου,
1677 5267 1731 5319 τί

149 5375 402 5445 διαφέρει
432 5370 527 5425 τοῦ
550 5370 779 5438 αἵματος
813 5367 922 5417 τῶν
974 5365 1193 5433 τράγων
1231 5364 1326 5416 καὶ
1381 5363 1593 5431 μόσχων
1638 5358 1731 5410 καὶ

147 5470 248 5537 τῆς
279 5464 476 5520 σποδοῦ
515 5463 614 5532 τῆς
656 5461 986 5529 δαμάλεως;
1029 5457 1136 5509 Καὶ
1181 5455 1344 5508 τοῦτο
1380 5454 1489 5522 γὰρ
1548 5453 1730 5520 γήῖνον

151 5564 243 5614 καὶ
299 5557 560 5630 φθαρτὸν,
597 5556 695 5608 καὶ
744 5555 804 5607 τὸ
833 5549 972 5618 αἷμα
999 5550 1108 5603 τῶν
1140 5547 1282 5602 κατὰ
1314 5546 1474 5616 φύσιν
1517 5542 1730 5612 ἀνθρὼ-

152 5673 270 5709 πων
330 5655 518 5723 γήϊνον
565 5651 661 5703 καὶ
710 5646 968 5718 φθαρτόν.
1009 5644 1172 5697 Ἀλλὰ
1225 5640 1298 5712 μὴ
1352 5641 1563 5709 γένοιτο
1613 5636 1730 5723 ἐνὸς

152 5747 261 5797 τῶν
295 5743 436 5798 κατὰ
493 5742 652 5812 φύσιν
709 5742 889 5808 λέγειν
949 5737 1099 5805 ἡμᾶς
1153 5733 1436 5804 ὁμοούσιον
1491 5730 1550 5782 τὸ
1594 5722 1730 5797 αἷμα

156 5836 416 5912 Χριστοῦί
452 5857 467 5889 ι

1831 4631 2116 4685 Dioscoro.
2174 4631 2450 4683 Timothei
2498 4630 2750 4683 doctrina
2797 4629 3058 4684 omnibus
3103 4638 3232 4683 nota
3280 4640 3411 4693 est;

1832 4724 2079 4777 Dioscori
2107 4730 2291 4775 autem
2318 4722 2612 4791 Opiniones
2639 4729 2974 4790 cognoscent
3003 4721 3097 4789 qui
3131 4735 3228 4774 eas
3253 4721 3412 4790 igno-

1833 4822 1976 4877 rant,
2005 4829 2071 4866 ex
2092 4813 2325 4882 epistola
2356 4828 2518 4881 quam
2550 4828 2580 4866 a
2617 4811 2850 4882 Gangris
2872 4811 3112 4880 scripsit.
3141 4810 3240 4865 Hic
3259 4812 3412 4865 enim

1832 4905 1906 4958 ita
1962 4905 2258 4973 loquitur:
2313 4922 2333 4953 ‹
2388 4904 2719 4972 Unigenitus
2767 4903 2864 4957 Dei
2921 4902 3094 4957 Filius
3144 4902 3409 4960 Verbum.

1831 4994 2098 5049 Dominus
2165 5001 2358 5046 noster
2417 4993 2580 5047 Jesus
2642 4993 2918 5056 Christus,
2981 4993 3149 5046 homo
3202 4992 3413 5062 absque

1830 5092 2059 5153 peccato
2093 5092 2150 5137 et
2199 5083 2507 5138 mutatione
2538 5085 2738 5148 factus,
2773 5085 3030 5138 humanis
3057 5084 3415 5153 passionibus

1831 5176 2116 5245 subjectus
2160 5184 2263 5239 est,
2290 5191 2400 5229 non
2429 5184 2646 5239 natura,
2683 5175 2778 5229 sed
2811 5175 3034 5245 gratia.»
3071 5175 3138 5228 Et
3173 5190 3367 5229 rursus
3395 5194 3411 5228 :

1838 5287 1855 5318 ι
1878 5267 1992 5321 Nisi
2021 5266 2244 5335 sanguis
2272 5266 2477 5320 Christi
2511 5275 2705 5319 natura
2734 5267 2832 5320 Dei
2861 5268 2990 5330 erit,
3005 5282 3114 5321 non
3145 5266 3409 5328 hominis,

1832 5359 1966 5427 quid
1993 5358 2215 5412 diﬂ‘eret
2243 5372 2273 5410 a
2304 5359 2571 5426 sanguine
2611 5358 2896 5412 hircorum
2932 5368 2988 5412 et
3021 5358 3320 5412 vitulorum
3353 5367 3413 5411 tt

1834 5469 1862 5506 a
1894 5453 2080 5506 cinere
2107 5450 2266 5504 bovis
2284 5449 2310 5502 ἳ
2337 5448 2436 5503 Hic
2461 5452 2609 5505 enim
2648 5460 2902 5504 terrenus
2917 5465 2980 5504 ac
3005 5448 3408 5519 corruptibilis,

1832 5555 1890 5598 at
1925 5555 2179 5598 terrenus
2223 5557 2449 5612 quoque
2483 5559 2546 5598 ac
2568 5543 2948 5612 corruptibilis
2970 5541 3194 5611 sanguis
3214 5555 3408 5596 eorum

1833 5638 1927 5707 qui
1977 5645 2172 5689 natura
2207 5635 2462 5690 homines
2491 5645 2639 5690 sunt.
2693 5635 2883 5689 Nolint
2922 5650 3056 5704 ergo
3087 5633 3272 5688 dicere
3313 5633 3410 5701 qui

1833 5735 2030 5780 natura
2069 5724 2325 5778 homines
2349 5733 2498 5788 sunt,
2536 5725 2699 5779 nobis
2728 5722 3255 5779 consubstantialem
3285 5736 3409 5776 esse

1835 5822 2152 5892 sanguinem
2183 5818 2418 5873 Christi.
2449 5839 2467 5869 ›
