4210 6442
770 430 874 492 935

1962 408 2374 471 EUSTATHII
2415 405 2757 467 MONACHI

3918 399 4020 464 936

841 537 1131 585 limem-us
1176 529 1268 583 hic
1318 537 1373 582 et
1418 525 1737 580 Timotheus
1778 523 2023 591 magistri
2076 532 2207 576 sunt
2235 519 2338 574 Se-

2512 512 2681 578 Οῦτος
2722 514 3010 584 Διόσκορος
3060 513 3154 566 καὶ
3189 510 3470 580 Τιμόθεος,
3507 510 3557 563 oi
3586 508 3823 563 τοιοῦτοι
3864 510 4010 566 διδά-

768 625 902 677 veri.
944 623 1020 676 Ab
1070 623 1180 675 illis
1221 633 1385 673 unam
1418 627 1668 670 naturam
1699 615 1930 683 accepit,
1965 612 2182 682 rejectis
2209 612 2336 679 qui-

772 714 998 767 busdam
1045 727 1236 765 eorum
1283 706 1576 776 ﬁgmentis,
1617 719 1847 773 eamque
1882 704 2086 758 nostris
2123 703 2353 757 doetri-.

769 802 855 856 nis
883 802 1195 861 illustravit,
1227 798 1600 852 meretricium
1631 811 1831 864 corpus
1874 795 2140 848 modestis
2171 794 2337 847 vesti-

767 894 871 946 bus
891 906 1178 945 exornans.
1217 889 1553 943 Vocabulum
1573 887 1800 955 quidem
1831 886 1989 938 unius
2015 893 2074 937 ut
2099 885 2332 953 patriam

769 984 1146 1036 hereditatem
1189 981 1439 1043 retinuit,
1483 978 1774 1032 sententiis
1827 991 1958 1030 vero
1990 976 2128 1029 illud
2160 975 2336 1029 invol-

764 1074 863 1135 vit,
921 1089 1042 1141 qua:
1110 1088 1217 1124 non
1274 1070 1378 1123 nisi
1429 1069 1646 1123 duabus
1692 1068 1906 1122 naturis
1968 1066 2331 1121 conveniunt.

766 1164 965 1231 Reipsa
997 1164 1132 1215 duas
1164 1171 1390 1215 naturas
1433 1158 1746 1218 conﬁrmat,
1791 1159 2116 1212 vocabulum
2150 1167 2334 1211 autem

765 1256 993 1306 duarum
1031 1255 1357 1322 plerumque
1419 1252 1652 1320 respuit.
1701 1249 1854 1305 Unde
1901 1264 2175 1316 nusquam
2227 1249 2334 1303 sibi

764 1352 980 1397 constat
1036 1345 1088 1396 in
1161 1340 1712 1410 interpretationibus
1753 1339 1887 1392 suis.
1923 1338 2148 1408 Regiam
2190 1339 2334 1391 viam

765 1450 889 1487 cum
931 1435 1185 1488 insistere
1215 1432 1474 1495 noluerit,
1504 1433 1614 1484 huc
1659 1441 1824 1499 atque
1865 1431 1996 1483 illuc
2026 1431 2335 1484 circumva-

762 1534 921 1593 gatur
971 1533 1028 1577 et
1055 1524 1526 1592 circumjactatur,
1561 1522 1801 1575 asseclas
1839 1536 1970 1574 suos
2010 1536 2197 1574 secum
2221 1522 2331 1574 cir-

761 1617 1123 1670 cumducens.
1187 1615 1417 1670 Sibimet
1461 1629 1680 1682 semper
1728 1629 1996 1682 pugnans,
2049 1613 2333 1682 Eutychen

761 1710 1208 1771 anathematizat,
1257 1709 1578 1761 Dioscorum
1629 1720 1762 1758 vero
1802 1704 2054 1772 suscipit,
2103 1705 2350 1783 eiusque

762 1813 972 1866 pugnas
1001 1806 1285 1851 reveretur
1318 1805 1374 1850 et
1401 1794 1582 1863 magni
1615 1793 1763 1856 facit,
1792 1807 1930 1862 quas
1955 1806 2056 1862 pro
2086 1793 2332 1862 Eutyche

2437 607 2627 661 σκαλοί
2660 609 2802 660 είσιν
2837 607 3102 676 Σευῆρον,
3129 605 3187 670 ἐξ
3227 597 3301 656 ὧν
3337 604 3438 672 τὴν
3480 603 3610 671 μίαν
3637 606 3802 670 φύσιν
3833 621 4014 672 παρα-

2435 700 2636 760 λαὸὼν,
2667 699 2778 751 τισὶ
2799 697 2855 750 δὲ
2887 697 2994 748 τῶν
3014 696 3300 764 νοημάτων
3326 691 3502 747 αὐτῶν
3535 693 4011 762 ἁπαρεσκόμενος,

2434 790 2502 842 τὰ
2545 789 2790 859 ἡμέτερα
2827 788 3076 856 νοήματα
3114 785 3482 855 περιέπλασεν
3515 785 3652 853 αὐτῇ
3679 822 3694 847 ,
3728 785 3789 837 τὸ
3824 801 4014 855 mpm-

2435 880 2531 932 κον
2559 882 2720 949 σῶμα
2743 879 2820 948 τῷ
2853 876 3178 947 σωφρονικῷ
3202 876 3460 946 ἐνδύματι
3488 875 3872 936 καλλωπίζων.
3906 878 4014 928 Καὶ

2433 971 2535 1040 τὴν
2563 970 2707 1033 λέξιν
2742 972 2838 1039 μὲν
2859 968 2981 1041 [τὴν
2998 965 3167 1038 μίαν]
3198 968 3273 1029 ὡς
3306 967 3556 1036 πατρῷον
3577 964 3780 1034 κλῆρον
3805 966 4011 1034 φυλάτ-

2433 1077 2563 1121 των,
2591 1061 2687 1122 τὰς
2716 1060 3018 1122 δηλωτικὰς
3046 1059 3101 1110 δὲ
3135 1057 3346 1118 ἑννοίας
3390 1055 3500 1108 τῶν
3529 1055 3626 1109 δύο
3647 1055 3876 1124 φύσεων
3919 1074 4013 1106 πε-

2440 1150 2666 1218 ριτιθεὶς
2689 1149 2847 1218 αὑτῇο
2875 1150 2972 1201 καὶ
2996 1150 3088 1201 ἐπὶ
3121 1149 3221 1218 μὲν
3245 1148 3356 1203 τῶν
3389 1147 3732 1216 πραγμάτων
3771 1145 3867 1198 δύο
3909 1147 4012 1212 φύ-

2438 1254 2553 1301 σεις
2581 1238 2883 1309 παριστῶν,
2931 1239 3103 1308 αὐτὴν
3136 1238 3194 1291 δὲ
3232 1237 3330 1307 τὴν
3364 1236 3511 1303 λέξιν
3543 1237 3642 1306 τὴν
3673 1237 3781 1288 δύο
3815 1252 4014 1305 παραι-

2434 1327 2695 1397 τούμενος
2758 1330 2826 1383 τὰ
2873 1329 3066 1382 πολλά.
3118 1329 3283 1380 Ὅθεν
3332 1328 3518 1380 καὶτὸ
3576 1326 3807 1380 ἄστατον
3861 1326 4009 1394 αὐτῷ

2437 1422 2731 1490 πρόσεστιν
2775 1423 2834 1473 ἐν
2867 1426 2983 1484 ταῖς
3025 1421 3342 1489 ἐξηγήσεσι’
3383 1422 3450 1490 τῇ
3481 1419 3593 1490 γὰρ
3624 1418 3882 1488 βασιλικῇ
3909 1418 4009 1486 ὁδῷ

2439 1514 2513 1583 μὴ
2555 1511 2838 1581 βουληθεὶς
2868 1513 3221 1582 πορευθῆναι,
3266 1512 3379 1564 ἄνω
3418 1511 3513 1563 καὶ
3559 1513 3709 1564 κάτω
3736 1510 4008 1581 περιπλα-

2435 1604 2594 1656 νᾶται
2627 1604 2720 1656 καὶ
2745 1603 3155 1674 περικρούεται,
3191 1602 3584 1672 συμπεριάγων
3617 1603 3741 1664 τοὺς
3781 1602 4009 1654 ἀκολου-

2436 1695 2663 1758 θοῦντας
2693 1697 2839 1764 αὑτῷ
2863 1711 2878 1726 ⁸
2910 1696 2983 1758 ὡς
3013 1695 3176 1765 μηδὲν
3204 1695 3495 1748 ἀκόλουθον
3524 1696 3804 1765 πράττων,
3835 1693 4007 1745 Εὐτυ-

2436 1788 2535 1857 χέα
2568 1789 2665 1856 μὲν
2695 1787 3102 1858 άναθεματίζει,
3135 1786 3426 1856 Διόσκορον
3457 1785 3512 1837 δὲ
3543 1785 3886 1854 ἀποδέχεται,
3917 1786 4009 1836 καὶ

762 1890 829 1942 ad
899 1890 1106 1942 exitum
1160 1899 1216 1942 ct
1274 1889 1688 1941 damnationem
1741 1892 1797 1938 et
1854 1891 2087 1937 mortem
2156 1899 2328 1955 usque

2433 1880 2626 1932 τούτου
2669 1879 2796 1942 τοὺς
2830 1878 3047 1944 ἀγῶνας
3088 1879 3224 1947 τιμᾷ
3252 1878 3348 1929 καὶ
3377 1877 3701 1939 ἀσπάζεται,
3726 1874 3821 1938 οὒς
3859 1877 4006 1943 ἠγω-

761 1982 1010 2047 pertulit.

829 2159 985 2225 Quod
1023 2159 1067 2212 si
1112 2158 1236 2228 quis
1264 2157 1467 2210 dixerit
1499 2154 1822 2209 emendatos
1847 2153 2019 2207 libros
2040 2151 2330 2222 Eutychen

759 2251 1024 2304 Dioscoro
1066 2247 1358 2301 tradidisse
1404 2254 1460 2299 et
1503 2245 1606 2298 hac
1659 2244 1726 2297 de
1771 2258 1935 2297 causa
1961 2243 2029 2296 ab
2061 2257 2128 2296 eo
2160 2241 2330 2295 fuisse

757 2338 1070 2397 defensum,
1106 2335 1392 2388 mentitur.
1443 2334 1501 2385 ln
1551 2332 1697 2385 libro
1724 2333 1874 2384 enim
1910 2347 2073 2400 quem
2107 2331 2332 2384 Diosco-

761 2444 856 2481 rus
881 2429 1093 2495 accepit
1131 2441 1240 2479 non
1289 2423 1708 2478 emcndationes
1755 2422 1994 2488 inerant,
2033 2421 2128 2475 sed
2153 2422 2332 2475 incret-

759 2519 1010 2588 pationes
1037 2517 1091 2570 in
1115 2517 1336 2571 beatum
1365 2516 1684 2569 Flavianum
1715 2513 1865 2582 quod
1887 2513 2331 2568 anathematibus

758 2611 876 2664 suis
928 2609 1298 2662 orthodoxum
1353 2607 1518 2661 istum
1572 2605 1750 2658 virum
1805 2620 1871 2657 ex
1925 2606 2131 2658 teneris
2169 2605 2331 2659 annis

759 2700 1135 2753 damnaverat.
1187 2698 1296 2752 Sed
1343 2695 1712 2751 concedamus
1731 2697 1898 2749 etiam
1931 2696 2136 2750 librum
2163 2696 2333 2766 Euty-

759 2789 880 2842 chis
908 2789 1263 2842 emendatum
1305 2787 1491 2841 fuisse.
1538 2787 1594 2840 Si
1629 2802 1756 2840 eum
1797 2787 1983 2855 lapsus
2005 2787 2327 2855 paenitebat,

758 2881 853 2948 qui
915 2879 1233 2933 Flavianum
1286 2878 1606 2940 trucidavit,
1639 2879 1783 2931 hanc
1813 2893 1976 2930 unam
2006 2878 2078 2931 ob
2107 2893 2329 2932 causam

757 2971 904 3040 quod
933 2971 1087 3039 lapso
1127 2969 1360 3039 Eutychi
1396 2983 1506 3021 non
1535 2968 1901 3037 pepercerat?
1924 2968 2037 3021 Cur
2071 2983 2200 3021 eum
2229 2969 2330 3022 Se-

757 3077 923 3113 verus
946 3061 1188 3122 damnat,
1220 3074 1382 3128 quem
1430 3059 1724 3113 Dioscorus
1762 3060 2122 3128 pmnitentem
2145 3076 2332 3116 susce-

758 3151 874 3221 pit?
922 3151 1042 3221 lpse
1081 3153 1246 3207 etiam
1296 3151 1593 3206 Dioscorus
1635 3150 1767 3206 dum
1816 3160 1979 3223 negat
2007 3153 2327 3225 sanguinem

757 3243 963 3295 Christi
1009 3243 1260 3297 humana:
1301 3252 1512 3297 natura:
1559 3245 2106 3311 consubstantialem,
2144 3262 2328 3301 nonne

759 3333 1005 3385 declarat
1039 3348 1097 3386 se
1126 3349 1234 3386 non
1263 3348 1466 3402 corpus
1499 3350 1660 3388 unam
1681 3334 1887 3390 Christi
1923 3346 2177 3390 naturam
2203 3354 2332 3407 pro—

759 3423 1082 3476 fessurum?
1123 3425 1192 3477 At
1243 3425 1567 3478 Timotheus
1613 3442 1834 3494 quoque
1892 3429 2066 3481 solam
2125 3429 2330 3484 Christi

757 3515 1002 3567 divinam
1058 3523 1309 3567 naturam
1355 3516 1626 3584 agnoscit,
1677 3531 1899 3570 carnem
1967 3533 2100 3573 vero
2150 3535 2331 3588 neque

757 3613 1012 3657 naturam
1045 3619 1224 3672 neque
1256 3604 1622 3658 substantiam
1666 3615 1860 3670 vocat;
1912 3606 1985 3658 ita
2026 3607 2103 3659 nil
2135 3617 2334 3675 praeter

757 3706 959 3744 nomen
1003 3697 1185 3744 carnis
1229 3700 1468 3760 uterque
1513 3694 1830 3748 eonlitetur.
1879 3695 2120 3764 Uterque
2164 3697 2334 3766 igitur

757 3780 979 3855 ingenio
1031 3794 1132 3834 suo
1171 3781 1485 3849 indulgens,
1530 3797 1695 3834 unam
1746 3791 1998 3836 naturam
2030 3785 2242 3852 docuit,
2277 3798 2333 3842 et

756 3885 855 3923 eos
905 3869 997 3938 qui
1045 3869 1330 3938 Eutychen
1379 3870 1984 3925 anathematizaverant
2031 3874 2333 3930 insectatus

755 3971 860 4015 est.

829 4056 1065 4108 Severus
1108 4070 1244 4109 vero
1279 4055 1409 4109 dum
1463 4071 1495 4110 a
1547 4056 1824 4125 magistris
1867 4057 1985 4112 suis
2024 4059 2332 4115 abhorrens

756 4162 958 4215 corpus
1019 4147 1223 4201 Christi
1281 4149 1443 4202 nobis
1497 4150 1967 4204 consubstantiale
2017 4153 2328 4220 proﬁtetur,

755 4247 813 4291 et
856 4239 993 4292 duas
1047 4239 1102 4293 in
1150 4238 1375 4294 Christo
1420 4249 1644 4294 naturas
1682 4242 1950 4310 agnoscit,
1995 4252 2051 4295 et
2089 4243 2191 4296 has
2244 4245 2329 4298 vel

757 4340 880 4400 post
905 4332 1165 4386 unionem
1198 4331 1523 4386 diﬂ‘erentes
1547 4341 1603 4386 et
1623 4332 1873 4386 diversas
1897 4341 1955 4386 et
1991 4335 2328 4398 inconfusas,

756 4421 1108 4489 animamque
1161 4422 1216 4474 in
1270 4421 1463 4474 mortis
1527 4431 1812 4474 momento
1845 4424 2172 4488 secessisse,
2227 4424 2331 4478 hoc

2433 1971 2610 2034 νίζετο
2649 1971 2790 2040 ὑπὲρ
2832 1969 3304 2040 Εὑτυχοῦς,μέχρι
3343 1969 3718 2038 καθαιρέσεως
3747 1969 3846 2022 καὶ
3880 1970 4007 2022 ἀνα-

2434 2061 2772 2134 θεματισμοῦ
2817 2063 2910 2114 καὶ
2933 2060 3168 2132 ἐξορίας.

2504 2154 2567 2206 Ei
2619 2154 2676 2206 δέ
2724 2170 2809 2216 τις
2853 2153 2996 2206 εἴποι
3046 2154 3132 2206 ὅτι
3194 2153 3666 2223 μεταμελητικοὺς
3727 2153 4006 2215 λι6έλλους

2433 2243 2654 2307 ἐδέξατο
2685 2244 2976 2315 Διόσκορος
3021 2245 3170 2317 παρὰ
3221 2246 3518 2315 Εὑτυχοῦς,
3574 2249 3669 2298 καὶ
3719 2247 3810 2299 διὰ
3853 2245 4007 2298 τοῦτο

2435 2334 2815 2404 ὑπερήσπισεν
2857 2335 3059 2398 αὐτοῦ,
3098 2335 3376 2404 ψεύδεται.
3436 2336 3494 2388 '0
3533 2335 3644 2403 γὰρ
3694 2335 3939 2398 λίδελλος
3980 2337 4006 2387 δ

2432 2423 2704 2487 ἐπιδοθεὶς
2757 2425 2908 2494 αὐτῷ
2949 2425 3075 2495 παρ’
3103 2425 3334 2488 ἐκείνου,
3364 2425 3423 2478 οὐ
3458 2424 3826 2494 μεταμέλειαν
3872 2426 4005 2496 ἔχει,

2431 2514 2569 2567 ἀλλὰ
2624 2514 2832 2584 μέμψιν
2885 2514 3034 2568 κατὰ
3081 2515 3176 2567 τοῦ
3235 2517 3511 2585 μακαρίου
3571 2515 3877 2570 Φλαϐιανοῦ
3925 2518 4007 2569 ὅτι

2432 2605 2683 2658 καθεῖλεν
2733 2606 3140 2676 ἀναθεματίσας
3201 2606 3364 2660 αὑτὸν
3409 2607 3468 2673 ἐξ
3537 2608 3762 2660 ἁπαλῶν
3803 2607 4006 2677 ὀνύχων

2431 2696 2715 2766 ὀρθόδοξον
2783 2697 2910 2750 ὄντα
2965 2699 3152 2754 αὐτόν.
3211 2697 3457 2751 Δεδόσθω
3516 2698 3572 2750 δὲ
3637 2699 4006 2768 μεταμέλειαν

2432 2786 2578 2857 ἔχειν
2601 2789 2692 2842 τὸν
2721 2787 2960 2842 λίόελλον
2983 2786 3272 2856 Εὐτυχοῦς.
3306 2789 3368 2841 Εἰ
3397 2787 3701 2858 μετάμελος
3730 2790 3825 2841 ἐπὶ
3845 2789 4006 2842 πταί-

2436 2897 2605 2950 σματι
2642 2881 2890 2948 γέγονεν,
2923 2881 3068 2942 τίνος
3100 2875 3193 2933 οὖν
3241 2879 3402 2948 χάριν
3449 2878 3745 2932 Φλαόιανδν
3782 2880 4006 2946 ἐφόνευ-

2437 2986 2527 3023 σεν
2553 2971 2643 3022 τὸν
2677 2969 3155 3039 ἀναθεματίσαντα
3177 2968 3429 3037 Εὐτυχέα
3463 2967 3544 3021 ἐτι
3570 2969 3831 3021 πταίοντα
3857 2986 3872 3033 ;
3907 2969 4005 3020 "Ov

2432 3062 2490 3114 δὲ
2532 3063 2824 3131 Διόσκορος
2868 3060 3088 3124 ἐδέξατο
3123 3059 3597 3130 μεταμεληθέντα,
3636 3060 3876 3132 Σευῆρος
3922 3060 4007 3112 διὰ

2434 3155 2487 3206 τί
2516 3154 2949 3225 ἁναθεματίζεις
2987 3154 3096 3208 Καὶ
3127 3154 3420 3226 Διόσκορρς
3465 3153 3564 3222 μὲν
3595 3154 3669 3215 ὡς
3704 3153 3779 3224 μὴ
3811 3153 4006 3222 ὁμολο-

2433 3246 2547 3316 γῶν
2587 3246 2872 3317 ὀμοούσιον
2913 3245 3020 3298 τῶν
3053 3245 3194 3298 κατὰ
3240 3244 3402 3314 φύσιν
3441 3243 3744 3314 ἀνθρώπων
3777 3244 3842 3296 τὸ
3871 3238 4009 3312 αἷμα

2434 3337 2695 3408 Χριστοῦ,
2717 3336 2876 3400 δῆλον
2906 3337 2990 3389 ὅτι
3023 3335 3143 3388 οὐδὲ
3164 3335 3225 3386 τὸ
3247 3334 3407 3404 σῶμα
3437 3335 3663 3394 εἰκότως
3688 3331 3819 3402 μίαν
3846 3333 4008 3400 φύσιν

2434 3429 2586 3492 λέγει
2638 3427 2898 3496 Χριστοῦ.
2947 3426 3178 3494 Ὁμοίως
3231 3427 3326 3478 καὶ
3385 3423 3650 3494 Τιμόθεος
3675 3424 3775 3490 τὴν
3811 3424 4003 3492 θεῖκὴν

2438 3519 2598 3586 μόνον
2621 3515 2762 3570 οἶδεν
2790 3517 2951 3584 φύσιν
2987 3515 3246 3585 Χριστοῦ,
3277 3517 3374 3579 τὴν
3405 3515 3462 3567 δὲ
3497 3515 3676 3583 σάρκα
3696 3512 3824 3566 οῦτε
3849 3515 4010 3582 φύσιν

2435 3607 2559 3661 οὔτε
2587 3608 2796 3660 οὐσίανο
2820 3608 2903 3670 ὡς
2929 3602 3066 3660 εἶναι
3100 3623 3175 3659 πα
3187 3606 3230 3672 ρ’
3264 3607 3448 3666 αὐτοῖς
3476 3604 3646 3672 ὄνομα
3683 3604 3846 3672 μόνον
3877 3620 4010 3672 σαρ-

2435 3703 2562 3762 κός·
2605 3698 2908 3768 ἀμφότεροι
2957 3694 3051 3750 οῦν
3113 3695 3534 3756 ἀκολουθοῦντες
3584 3696 3794 3756 ἑαυτοῖς
3821 3734 3837 3760 ,
3882 3695 4010 3763 μίαν

2436 3794 2599 3861 φύσιν
2633 3793 3020 3860 ἐδογμάτισαν,
3055 3790 3150 3842 καὶ
3178 3788 3517 3856 ἠγωνίσαντο
3550 3787 3694 3840 κατὰ
3730 3786 3840 3839 τῶν
3884 3787 4009 3840 ἀνα-

2435 3882 2838 3952 θεματιζὸντων
2873 3879 3141 3949 Εὐτυχέα.

2506 4065 2748 4135 Σευῆρος
2792 4063 2847 4116 δὲ
2889 4062 3176 4132 ὀμοούσιον
3227 4064 3363 4131 ἡμῖν
3414 4061 3690 4130 ὁμολογῶν
3735 4060 3800 4113 τὸ
3851 4060 4007 4129 σῶμα

2433 4156 2670 4227 Χριστοῦ
2702 4154 3012 4219 ἐξεναντίας
3040 4154 3148 4206 τῶν
3176 4153 3516 4206 διδασκάλων
3550 4153 3738 4216 αὐτοῦ,
3774 4155 3873 4206 καὶ
3913 4153 4009 4220 φύ-

2435 4259 2548 4304 σεις
2595 4240 2878 4308 ὀνομάζων
2917 4241 3010 4294 ἐπὶ
3051 4241 3289 4310 Χριστοῦ
3314 4279 3328 4303 ,
3367 4243 3459 4292 καὶ
3525 4241 3743 4293 σκοπῶν
3802 4241 4009 4303 ταύτας

2438 4333 2575 4401 μετὰ
2612 4332 2713 4401 τὴν
2751 4331 2965 4395 ἕνωσιν,
3005 4332 3100 4384 καὶ
3128 4330 3413 4401 διαφορὰν,
3445 4331 3538 4384 καὶ
3564 4331 3886 4402 ἑτερότητα,
3917 4334 4009 4385 καὶ

2433 4423 2494 4474 τὸ
2524 4422 2854 4491 ἀσύγχυτον,
2881 4423 2976 4475 καὶ
3002 4423 3282 4491 χωρισμὸν
3309 4423 3407 4492 τῆς
3431 4422 3609 4492 ψυχῆς
3640 4424 3698 4474 ἐν
3728 4422 3807 4491 τῷ
3832 4423 4007 4492 καιρῷ

756 4524 862 4576 est,
911 4522 1084 4568 totum
1139 4513 1307 4567 fuisse
1367 4514 1605 4566 divisum
1660 4523 1814 4592 putat
1864 4517 2046 4583 (nam
2100 4519 2331 4571 recessit

2433 4513 2528 4566 τοῦ
2563 4513 2817 4576 θανάτου,
2846 4515 2873 4565 ὃ
2907 4515 3026 4565 ἐστι
3078 4515 3172 4566 τοῦ
3225 4514 3348 4565 ὅλου
3400 4514 3665 4583 μερισμὸς
3709 4513 4005 4583 (ἐχωρίσθη

757 4605 940 4655 anima
986 4619 1015 4657 e
1057 4618 1288 4671 corpore
1317 4643 1330 4666 ,
1365 4603 1628 4658 divinitas
1671 4613 1884 4656 tantum
1931 4606 2156 4672 utrique
2208 4616 2327 4660 erat

758 4695 1196 4748 substantialiter
1228 4695 1429 4765 unita),
1485 4694 1615 4748 dum
1647 4695 1775 4748 talia
1801 4695 2006 4760 docet,
2047 4697 2330 4752 discernat

757 4804 948 4854 :cquus
985 4788 1269 4856 judex'an
1321 4787 1518 4840 merito
1569 4803 1732 4840 unam
1776 4787 1868 4840 hic
1919 4787 2182 4842 defen‘dat
2229 4804 2326 4844 na-

761 4888 960 4940 turam,
1008 4879 1265 4945 virosque
1301 4877 1524 4930 damnet
1570 4876 1710 4930 duas
1742 4887 1966 4930 naturas
2019 4877 2324 4932 confessos.

756 4970 1009 5021 Attamen
1043 4967 1100 5020 in
1131 4967 1290 5021 libris
1319 4967 1586 5020 adversus
1617 4966 2072 5031 Grammaticum,
2105 4968 2174 5021 ad
2208 4984 2327 5022 ma-

752 5061 844 5128 jus
883 5061 967 5113 sui
1004 5061 1180 5128 ipsius
1207 5059 1452 5113 dedecus
1479 5069 1535 5112 et
1573 5058 1866 5127 judicium,
1902 5059 1979 5112 ait
2012 5075 2024 5109 :
2069 5078 2085 5108 ι
2118 5060 2233 5112 Duo
2262 5076 2326 5112 ex

757 5153 962 5220 quibus
1010 5161 1095 5206 est
1145 5154 1298 5207 uuio.
1350 5149 1491 5229 facta
1556 5151 1781 5213 unione,
1839 5166 1948 5202 non
1999 5152 2102 5204 nisi
2145 5161 2328 5206 mente

756 5254 804 5296 et
826 5261 889 5298 ex
915 5254 1072 5312 pacto
1091 5244 1158 5296 ab
1180 5244 1413 5297 invicem
1438 5243 1881 5309 distinguuntur;
1903 5258 2024 5296 nam
2047 5259 2329 5310 nunquam

757 5337 1042 5389 desierunt
1102 5336 1239 5388 duas
1289 5335 1503 5389 cllicere
1557 5335 1942 5404 hypostascs.»
1986 5335 2188 5388 Audiat
2240 5352 2326 5390 sa-

758 5443 861 5481 nus
899 5426 1265 5479 insanientem
1290 5444 1302 5478 :
1326 5442 1446 5494 qua:
1479 5436 1660 5478 mente
1689 5425 1983 5488 sentiebat,
2021 5442 2116 5481 ore
2149 5428 2329 5482 decia-

758 5519 899 5571 rarit
950 5537 962 5572 :
1015 5521 1146 5573 Duzz
1195 5521 1517 5591 hypostases
1571 5535 1677 5571 non
1740 5519 2027 5573 desierunt
2067 5522 2151 5574 vel
2206 5532 2328 5590 post

758 5609 1050 5675 unionem;
1077 5611 1172 5665 sed
1203 5621 1334 5665 sunt
1360 5610 1501 5665 dua}.
1531 5609 1736 5663 Deinde
1769 5610 1884 5662 haec
1920 5612 1990 5662 ita
2024 5625 2080 5663 se
2120 5610 2326 5666 habere

755 5700 1090 5755 conﬁrmans
1128 5703 1320 5756 eodem
1361 5703 1508 5755 libro
1536 5703 1672 5754 dicit
1705 5719 1716 5753 :
1759 5720 1775 5750 ι
1820 5701 1988 5755 Unam
2034 5702 2127 5754 Dei
2162 5702 2323 5754 Verbi

757 5790 1422 5862 liypostasincogitatione
1459 5803 1670 5847 tantum
1698 5791 2034 5857 distinctam,
2081 5803 2134 5846 ct
2163 5808 2325 5845 unam

2430 4609 2536 4676 γὰρ
2590 4610 2622 4676 ή
2668 4608 2815 4679 ψυχὴ
2859 4610 2924 4660 ἐκ
2953 4608 3046 4660 τοῦ
3084 4609 3336 4678 σώματος
3384 4610 3542 4678 μόνον
3565 4625 3576 4636 ·
3613 4610 3644 4677 ὴ
3677 4609 3784 4680 γὰρ
3818 4609 4007 4676 θεότης

2432 4699 2679 4769 ἐκατέρῳ
2714 4700 2834 4752 κατ’
2872 4699 3060 4754 οὐσίαν
3092 4701 3313 4770 ἦνωτο),
3344 4703 3392 4752 εί
3423 4701 3662 4767 εὐλόγως
3687 4703 3819 4770 μίαν
3847 4701 4005 4770 φύσιν

2431 4790 2747 4859 πρεσϐεύει,
2781 4791 3174 4859 ἁναθεματίζει
3205 4792 3261 4843 δὲ
3311 4792 3436 4851 τοὺς
3475 4792 3732 4859 λέγοντας
3770 4792 3866 4844 δύο
3904 4793 4006 4859 φύ-

2432 4899 2565 4947 σεις,
2600 4883 2843 4952 κρινάτω
2881 4885 2908 4934 ὁ
2941 4882 3313 4953 ἀπροσπαθῶς
3342 4882 3596 4946 δικάζων.
3628 4884 3827 4937 Καίτοι
3859 4902 3921 4950 γε
3951 4888 4002 4937 ἐν

2430 4974 2542 5034 τοῖς
2596 4972 2739 5025 κατὰ
2784 4973 2877 5025 τοῦ
2930 4974 3329 5044 Γραμματικοῦ
3382 4975 3518 5043 πρὸς
3566 4973 3791 5028 πλείονα
3842 4975 4005 5027 αὐτοῦ

2431 5062 2653 5130 ἔλεγχον
2695 5063 2790 5114 καὶ
2837 5065 3163 5132 κατάκρισιν
3192 5063 3294 5132 ἔφη
3317 5080 3329 5093 ·
3369 5083 3386 5114 ι
3427 5064 3589 5115 Ὥστε
3634 5062 3705 5114 τὰ
3733 5063 3829 5115 δύο
3855 5064 3921 5116 τὰ
3951 5062 4007 5126 ἐξ

2429 5147 2504 5204 ὧν
2536 5155 2567 5222 ἡ
2601 5154 2814 5216 ἓνωσις,
2849 5153 2906 5204 ἐν
2946 5153 3023 5222 τῷ
3068 5154 3440 5206 συντεθεῖσθαι
3482 5153 3560 5224 τῷ
3601 5153 3676 5223 νῷ
3721 5155 3884 5224 μόνον
3912 5155 4004 5207 ἀπ’

2432 5244 2677 5313 ἀλλήλων
2725 5243 2993 5306 συνθέτως
3025 5245 3432 5314 διακρινόμενα·
3468 5244 3871 5314 μεταϐέϐληται
3900 5246 4005 5314 γὰρ

2431 5333 2682 5401 οὐδαμῶς
2709 5333 2782 5401 μὴ
2806 5329 2948 5384 εἶναι
2969 5332 3062 5384 δύο
3089 5333 3180 5385 καὶ
3205 5335 3320 5394 ταῖς
3351 5328 3729 5386 ύποστάσεσιν.
3746 5353 3766 5384 ι
3787 5333 4005 5386 ’Δκουέ-

2428 5442 2506 5476 τω
2547 5428 2575 5477 ὀ
2607 5430 2792 5492 νήφων
2839 5424 2935 5476 τοῦ
2973 5424 3287 5493 μεθύοντος,
3325 5424 3462 5492 ἅπερ
3499 5425 3526 5475 ὁ
3561 5425 3687 5487 νοῦς
3717 5425 4001 5495 διέκρινεν,

2428 5517 2516 5572 διὰ
2539 5517 2633 5569 τοῦ
2661 5518 2928 5585 στόματος
2956 5519 3330 5588 ἐφανέρωσεν,
3356 5518 3438 5569 ὅτι
3464 5519 3520 5568 αί
3549 5517 3648 5569 δύο
3677 5519 4004 5576 ὑποστάσεις

2430 5611 2491 5662 οὐ
2536 5609 2944 5680 μετεῦλήθησαν
2986 5611 3080 5662 καὶ
3135 5611 3275 5662 κατὰ
3329 5611 3426 5676 τὴν
3481 5610 3699 5671 ἕνωσιν,
3755 5608 4002 5660 ἀλλἐἰσὶ

2429 5700 2542 5754 δύο.
2592 5697 2724 5752 Εἶτα
2759 5700 3264 5775 ἐπασφαλιζόμενος
3317 5699 3486 5752 ταῦτα
3529 5700 3707 5762 οὕτως
3753 5699 3918 5769 ἐχειν,
3951 5700 4001 5748 ἐν

2432 5793 2568 5862 αὐτῇ
2609 5795 2674 5862 τῇ
2721 5791 2886 5862 βίϐλῳ
2921 5793 3105 5860 λέγει·
3161 5814 3176 5842 ι
3214 5791 3322 5861 Τὴν
3351 5796 3417 5863 τῇ
3446 5792 3649 5864 θεωρία
3687 5794 3849 5864 μόνον
3878 5791 4000 5846 δια-
