4210 6442
224 389 327 454 93⁵1

1256 388 1621 450 EPISTOLA
1658 385 1755 448 DE
1792 386 2098 448 DUABUS
2135 388 2493 450 NATURIS-

3382 383 3489 455 938

222 500 560 572 κρινομένην
591 499 722 572 μίαν
753 501 1052 556 ὑπόστασιν
1078 498 1170 553 τοῦ
1203 499 1337 554 Θεοῦ
1361 501 1556 569 Λόγου,
1587 503 1682 553 καὶ
1714 499 1793 570 τὴε

1917 497 2234 569 hyposmsin
2269 515 2455 556 carnis
2483 499 2858 570 intelligenter
2886 501 3139 556 animata:
3167 512 3223 556 et
3260 516 3328 557 ex
3358 500 3489 558 Dei:

226 595 355 664 μίαν
375 594 679 646 ὑπόστασιν
714 593 814 664 τῆς
851 593 1215 664 ἑψυχωμένης
1240 595 1465 663 νοερῶς,
1495 595 1588 646 καὶ
1621 595 1683 644 ὲκ
1711 594 1807 661 τῆς

220 686 492 738 Θεοτόκου
530 685 828 756 ληφθείσης
862 686 1064 754 σαρκὸς
1094 687 1153 738 ἐν
1189 688 1258 756 τῇ
1291 685 1537 738 συνθέσει
1572 701 1807 737 σκοπου-

225 777 393 844 μένας
414 777 829 840 ἀναλλοιώτους,
871 781 968 830 καὶ
991 776 1254 846 μεινάσας
1274 777 1431 830 τοῦτο
1457 777 1594 844 ὅπερ
1615 774 1801 827 είσίν.»

221 867 283 920 ΕΞ
321 867 427 938 μὲν
461 868 530 922 τὰ
566 869 959 939 διακρινόμενα
999 871 1065 941 τῇ
1103 865 1328 940 θεωρίᾳ,
1360 871 1428 939 τῇ
1470 868 1675 938 θεωρία
1712 867 1807 936 μό-

219 977 310 1012 νον
336 961 435 1014 καὶ
467 961 802 1029 ὑφίστασθαι
855 962 1027 1029 λέγει,
1067 963 1244 1017 πάντα
1285 961 1583 1030 φαντασίαν
1629 955 1805 1012 οἶδεν·

221 1053 268 1103 εἰ
301 1050 360 1104 δὲ
399 1053 456 1103 al.
489 1051 819 1112 ὑποστάσεις
864 1051 1145 1112 οὐσιῶδεις
1188 1050 1318 1114 sici,
1366 1048 1460 1102 δύο
1490 1049 1677 1110 οὑσὲας
1717 1047 1805 1101 λέ-

215 1158 331 1207 γων
363 1141 460 1193 τοῦ
497 1139 763 1210 Χριστοῦ,
797 1141 849 1194 τί
885 1141 1118 1212 φλυαρεῖ
1144 1140 1486 1210 λογομαχῶν,
1512 1138 1609 1192 καὶ
1637 1139 1806 1209 μηδὲν

217 1224 348 1281 ἄλλο
385 1228 532 1281 οὕτω
587 1229 771 1292 καλῶς
820 1229 1000 1292 εἰδὼς.
1035 1230 1110 1292 ὼς
1148 1229 1208 1281 τὸ
1252 1229 1438 1290 κακῶς
1471 1227 1650 1295 λέγειν
1678 1230 1804 1289 τοὺς

217 1318 478 1385 λέγοντας
513 1318 610 1371 δύο
635 1320 831 1386 φύσεις
861 1320 938 1381 ὡς
966 1319 1060 1372 καὶ
1097 1319 1280 1382 αὐτὸς,
1306 1321 1399 1371 καὶ
1432 1318 1505 1388 μὴ
1537 1317 1806 1388 διαιροῦν-

216 1426 313 1473 τας
341 1410 771 1479 πραγματικῶς,
800 1409 937 1465 sm
967 1411 1347 1463 κατ’ἒπίνοιαν
1380 1409 1540 1478 μόνον
1569 1425 1584 1472 ;

286 1501 548 1570 Εὑρίσκω
583 1500 638 1553 δὲ
684 1499 928 1570 Σευῆρον
957 1501 1050 1553 δύο
1105 1501 1204 1571 μὲν
1251 1498 1442 1569 φύσεις
1491 1498 1671 1552 εἰδότα
1711 1497 1804 1551 τδν

221 1592 456 1660 Χριστὸν
490 1591 615 1645 καθ’
655 1591 890 1662 ὓπαρξιν
921 1591 1072 1662 μίαν,
1103 1594 1231 1660 μίαν
1258 1591 1316 1644 δὲ
1347 1591 1572 1658 λέγοντα
1599 1589 1803 1653 ταύτας

215 1684 494 1755 φαντασία
536 1685 631 1736 καὶ
668 1685 833 1754 μόνον
882 1684 976 1736 ἐπὶ
1025 1685 1376 1752 καταστροφῇ
1408 1683 1513 1734 τῶν
1541 1681 1800 1751 πειθομέ-

214 1793 322 1830 νων
361 1779 534 1845 αὐτῷ.
583 1779 645 1831 Ei
692 1778 804 1846 γὰρ
835 1779 894 1830 ὲν
927 1780 992 1847 τῇ
1036 1777 1287 1830 συνθέσει
1318 1777 1543 1845 ἔμειναν
1579 1776 1636 1828 αί
1670 1776 1801 1828 ὑπο-

214 1871 438 1934 στάσεις
471 1871 612 1939 ὅπερ
642 1871 803 1934 εἰσὶν,
844 1871 954 1923 εἰσὶ
984 1870 1040 1922 δὲ
1080 1870 1189 1926 δύο.
1222 1870 1317 1922 καὶ
1342 1867 1594 1938 οὐδαμῶς
1637 1885 1803 1938 μετα-

212 1961 505 2033 εὲὅληνται
531 1963 608 2034 μὴ
636 1962 777 2016 εἶναι
816 1963 929 2027 δύο,
959 1963 1055 2015 καὶ
1079 1965 1199 2024 ταῖς
1239 1961 1568 2015 ὑποστάσεσι
1599 1962 1694 2014 καὶ
1723 1961 1803 2031 τῷ

213 2053 289 2122 νῷ
322 2053 660 2122 θεωροῦνται
697 2054 814 2116 δύο,
857 2053 1124 2121 πρόδηλον
1155 2053 1239 2105 ὅτι
1268 2053 1406 2105 κατὰ
1441 2053 1541 2122 τὴν
1581 2052 1797 2106 ἕνωσιν.

213 2140 371 2194 Οὕτω
399 2141 509 2212 γάρ
543 2144 694 2194 ἔστιν
726 2144 784 2194 ὲν
820 2145 886 2212 τῇ
916 2142 1185 2205 συνθέσει,
1215 2142 1309 2193 καὶ
1335 2140 1446 2193 είσὶ
1476 2139 1595 2193 καθ’
1628 2139 1798 2211 ὕπαρ·

214 2234 324 2298 ξινξ
349 2235 446 2285 καὶ
480 2233 816 2286 σκοποῦνται
839 2236 978 2304 ὅπερ
1005 2234 1134 2295 eici,
1170 2234 1265 2285 καὶ
1292 2231 1647 2301 ὀνομάζονται
1677 2233 1797 2285 κατ’

211 2326 375 2380 αὐτὸν
416 2327 658 2396 Σευῆρον
685 2345 696 2357 ·
725 2328 759 2396 ἡ
807 2325 863 2378 δὲ
903 2325 1173 2395 λεγομένη
1218 2325 1316 2394 μία
1363 2323 1546 2392 φύσις,
1586 2325 1798 2393 ἐπινοίᾳ

214 2422 400 2490 μόνον,
442 2419 810 2490 ἀληθέστερον
839 2418 886 2472 δ’
911 2421 1084 2472 εἰπεῖν
1118 2419 1344 2487 ὑπονοίᾳ
1372 2417 1675 2488 ἀνθρώπιον
1704 2417 1799 2471 καὶ

209 2513 560 2583 ἀναπλασμῷ
603 2512 819 2581 λέγεται
865 2513 985 2582 μὲν,
1037 2512 1151 2564 ἐστι
1222 2513 1275 2564 δὲ
1324 2510 1494 2563 οῦδὲν.
1541 2509 1645 2562 Δύο
1687 2510 1797 2580 γὰρ

209 2605 405 2670 λόγους
441 2605 576 2674 περὶ
605 2603 700 2656 τοῦ
749 2603 915 2656 αὐτοῦ
964 2603 1290 2674 πράγματος
1318 2601 1594 2663 ἐναντίους
1627 2600 1794 2671 ἀλλή-

207 2696 343 2762 λοις,
379 2698 604 2766 ἀληθεῖς
634 2692 798 2762 εἶναι,
843 2696 1008 2767 φύσιν
1032 2697 1132 2749 οὐκ
1161 2695 1295 2765 ἔχει.

277 2875 343 2930 Ei
367 2876 427 2930 δέ
455 2894 536 2941 τις
575 2879 722 2931 εῐποι
761 2876 844 2931 ὅτι
876 2878 970 2930 καὶ
1006 2876 1102 2931 δύο
1149 2878 1256 2931 εισί⁵
1294 2876 1390 2930 καὶ
1423 2877 1542 2947 μία,
1579 2875 1656 2938 ὡς
1692 2876 1790 2946 μὲν

212 2971 354 3039 ιιιὲρη
385 2971 542 3033 ὅλου,
577 2971 673 3024 καὶ
718 2971 796 3032 ὡς
848 2969 1172 3022 συστατικαὶ
1220 2968 1660 3038 ἀποτελέσματος
1701 2967 1795 3020 δύο

210 3063 346 3116 είσίν
373 3079 388 3092 ο
437 3063 559 3116 οὐδὲ
589 3063 699 3133 γὰρ
745 3063 1020 3132 ἐνδέχεται
1066 3063 1126 3114 τὸ
1164 3063 1514 3131 ἀποτέλεσμα
1553 3060 1690 3113 εἶναί
1716 3079 1790 3121 τι,

210 3157 256 3208 εί
305 3155 382 3224 μὴ
422 3157 478 3207 αἱ
518 3157 844 3208 συστατικαὶ
873 3154 1039 3206 αὐτοῦ
1077 3154 1330 3224 μένουσιν
1356 3171 1369 3182 ·
1423 3153 1542 3206 οὐδὲ
1583 3153 1643 3205 τὸ
1671 3153 1790 3206 ὅλον
1816 3176 1856 3231 C

207 3242 345 3298 εἶναι
375 3246 517 3310 ὅλον,
545 3248 593 3297 εἰ
626 3246 702 3315 μὴ
732 3246 801 3298 τὰ
836 3247 978 3315 μέρη
1015 3247 1263 3314 μένουσιν
1284 3262 1297 3275 ο
1345 3245 1419 3306 t'o;
1450 3244 1504 3297 δὲ
1542 3245 1663 3298 ὅλον
1698 3245 1790 3298 καὶ

207 3336 279 3399 ὡς
314 3336 687 3406 ἀποτέλεσμα,
725 3336 822 3402 μία
851 3339 1010 3403 φύσις
1042 3338 1208 3389 ἐστίν.
1255 3335 1528 3389 Ἀκουέτω
1560 3339 1588 3388 ὁ
1617 3337 1792 3389 τοιοῦ-

204 3445 314 3493 τος,
349 3430 434 3481 ὅτι
465 3429 524 3480 οὐ
571 3429 730 3480 τοῦτο
760 3427 1043 3497 βούλονται
1089 3429 1139 3480 οί
1188 3428 1478 3496 δίγλωσσοι
1527 3427 1711 3498 ὄφεις·
1756 3426 1788 3499 ἢ

204 3520 313 3592 γὰρ
367 3519 435 3572 ἂν
485 3519 722 3591 φορητὸν
766 3515 854 3590 ἦν.
907 3519 1048 3570 ’Λλλ’
1098 3519 1188 3572 ἐπ’
1217 3518 1496 3587 ἀναιρέσει
1542 3519 1651 3571 τῶν
1698 3517 1792 3570 δύο

203 3613 302 3684 τὴν
335 3612 465 3683 μίαν
496 3613 588 3666 καὶ
619 3613 931 3683 ἐπενόησαν
976 3613 1074 3666 καὶ
1121 3612 1540 3683 προϐάλλονται.
1580 3612 1672 3664 Διὸ
1699 3611 1791 3664 καὶ

203 3698 670 3774 ἀναθεματίζουσι
707 3706 836 3766 τοὺς
868 3704 1128 3771 λέγοντας
1161 3703 1255 3757 δύο
1303 3705 1493 3772 φύσεις
1526 3704 1660 3771 μετὰ
1689 3703 1789 3771 τὴν

203 3796 418 3847 ἕνωσιν·
454 3793 722 3860 καίτοιγε
750 3795 818 3864 τῇ
851 3793 1144 3864 ἀκολουθία
1165 3793 1273 3845 τῶν
1291 3794 1632 3863 πραγμάτων
1666 3809 1788 3844 συν·

202 3883 560 3953 ελαυνόμενοι
606 3883 785 3952 λέγειν
817 3884 912 3936 καὶ
953 3883 1107 3936 αὐτοὶ
1135 3883 1394 3946 πολλάκις
1431 3883 1526 3936 δύο
1574 3882 1786 3950 φύσεις,

201 3977 276 4037 ὡς
313 3975 711 4028 ἀποδέδεικται.
741 3974 888 4043 Πλὴν
913 3975 986 4034 ὡς
1010 3974 1115 4044 ἔφη
1135 3976 1163 4026 ό
1192 3975 1459 4045 μακάριος
1488 3973 1788 4045 Γρηγόριος

203 4069 232 4120 ὁ
267 4068 554 4130 Numae);
603 4067 740 4135 πρὸς
782 4067 1178 4138 Ἀπολινάριον·
1219 4084 1239 4118 ι
1276 4066 1402 4130 Πῶς
1444 4066 1539 4137 μία
1587 4068 1643 4120 αί
1694 4065 1789 4119 δύο

203 4162 402 4230 φύσεις
429 4159 582 4220 ἓὶσίς
623 4177 641 4208 ι
685 4158 883 4222 Καθὼς
915 4160 1025 4228 γὰρ
1055 4158 1157 4228 ἔφη
1205 4159 1368 4222 αὐτὸς
1415 4157 1788 4228 Ἀπολινάριος

203 4253 262 4304 ὲν
297 4249 370 4317 τῷ
402 4249 546 4301 κατὰ
569 4250 927 4318 Κεφανίαίων
955 4248 1165 4319 βιϐλίῳ,
1191 4250 1218 4300 ό
1250 4250 1482 4318 μάλιστα
1503 4247 1787 4318 κρατύνων

203 4339 300 4408 τὴν
332 4339 476 4401 λέξιν
503 4339 707 4408 ταύτην
733 4357 745 4368 ·
789 4360 806 4390 ι
839 4341 912 4391 Τὸ
941 4339 1142 4393 ἁπλοῦν
1193 4340 1252 4391 ἓν
1279 4342 1419 4401 ἐστι,
1453 4339 1515 4392 τὸ
1553 4340 1609 4392 δὲ
1655 4339 1785 4392 σύν-

201 4434 358 4484 θετον
392 4434 452 4484 οὐ
495 4431 719 4485 δύναται
764 4431 822 4484 ἓν
852 4429 1014 4487 εἶναι.
1061 4452 1078 4484 ι
1113 4433 1175 4487 Εἰ
1208 4429 1302 4486 οὖν
1335 4432 1396 4484 τὸ
1441 4431 1692 4486 σύνθετον
1722 4433 1782 4486 οὐ

1910 607 2042 659 para
2080 599 2375 660 assumpta:
2427 593 2482 646 in
2522 593 2914 662 conjunctione
2945 592 3260 648 immutatas
3299 593 3487 649 consi-

1909 681 2092 735 derari
2137 692 2194 735 et
2231 693 2518 739 manentes
2560 683 2616 738 id
2661 683 2811 753 quod
2863 691 3014 738 sunt.
3049 702 3068 737 ι
3122 683 3278 751 Quod
3318 688 3363 740 si
3389 701 3488 742 σοι

1906 770 2176 840 gitatione
2221 773 2497 836 distincta,
2544 775 2880 845 cogitatione
2926 784 3141 830 Iantum
3181 777 3486 834 subsistere

1907 862 2187 927 dicuntur,
2218 865 2401 918 omnia
2429 866 2787 935 phantasma;
2822 877 2878 922 et
2912 868 2956 922 si
3005 869 3328 940 hypostases
3354 871 3486 925 subs

1907 954 2213 1018 stantiales,
2241 954 2381 1010 duas
2409 970 2668 1012 asserens
2707 959 2824 1026 ipse
2857 957 3081 1013 Christo
3127 958 3485 1024 substantias,

1905 1060 2005 1100 cur
2028 1055 2108 1100 tot
2136 1046 2370 1116 argutiis
2391 1058 2588 1113 certat,
2607 1051 2745 1103 nihil
2784 1052 3073 1121 antiquius
3087 1053 3300 1108 habens
3317 1067 3483 1123 quant

1905 1139 2057 1193 viros
2105 1140 2364 1194 insectari
2400 1140 2539 1196 duas
2588 1151 2836 1204 naturas,
2863 1144 3005 1198 sicut
3042 1146 3180 1216 ipse,
3213 1145 3489 1202 conﬁten-

1907 1239 2012 1294 tes,
2034 1245 2240 1299 easque
2277 1249 2389 1288 non
2442 1244 2571 1291 actu
2618 1236 2715 1290 sed
2751 1236 3088 1306 cogitatione
3135 1239 3315 1296 solum
3366 1240 3484 1296 diso

1907 1319 2257 1391 tinguentes?

1976 1494 2218 1554 Severus
2247 1501 2493 1571 quidem,
2523 1519 2611 1560 me
2639 1506 2846 1576 judice,
2889 1506 3029 1563 duas
3063 1518 3291 1568 naturas
3311 1524 3456 1584 agno

1903 1590 2010 1644 scit
2063 1593 2372 1648 secundum
2409 1611 2574 1666 unam
2611 1601 2935 1667 essentiam,
2974 1617 3139 1657 unam
3187 1620 3323 1659 vero
3352 1605 3487 1662 dicit

1903 1679 2026 1735 illas
2041 1681 2312 1763 simulate.
2333 1692 2543 1740 tantum
2567 1696 2624 1742 et
2643 1689 2710 1744 ad
2735 1692 3046 1759 perdendos
3068 1697 3305 1753 asseclas
3330 1713 3484 1755 suos.

1902 1769 2042 1824 Nam
2083 1773 2129 1826 si
2160 1773 2212 1827 in
2247 1776 2641 1845 conjunctione
2669 1779 2793 1834 dua:
2822 1781 3146 1852 hypostases
3171 1787 3227 1842 id
3268 1804 3488 1844 reman-

1905 1869 2099 1916 serunt
2146 1864 2295 1933 quod
2330 1875 2528 1932 erant,
2576 1884 2640 1924 ac
2696 1869 2823 1926 duae
2873 1885 3024 1940 sunt,
3084 1885 3143 1934 et
3199 1889 3484 1950 nunquam

1902 1950 2187 2007 desierunt
2234 1969 2358 2009 esse
2415 1955 2559 2019 dum,
2605 1967 2665 2012 et
2715 1960 3108 2031 bypnstasibus
3171 1983 3237 2024 ac
3291 1977 3479 2026 mente

1901 2042 2026 2099 duae
2082 2045 2364 2111 videntur,
2420 2050 2775 2108 manifestum
2827 2067 2915 2112 est
2961 2059 3154 2114 eadem
3212 2062 3298 2116 vel
3357 2066 3486 2134 post

1900 2134 2168 2190 unionem
2212 2139 2420 2196 valere.
2475 2141 2556 2195 ita
2601 2144 2752 2199 enim
2788 2162 2880 2202 res
2923 2163 2982 2202 se
3035 2150 3205 2206 habet
3257 2146 3311 2208 in
3351 2170 3484 2210 cond

1892 2225 2204 2294 junctione,
2250 2245 2314 2286 ac
2358 2243 2490 2288 sunt
2534 2239 2838 2294 secundum
2880 2244 3202 2309 essentiam,
3237 2255 3292 2300 et
3327 2249 3483 2318 cogia

1901 2323 2087 2370 tantur
2111 2321 2258 2389 quod
2294 2334 2444 2391 sunt,
2487 2334 2544 2381 ct
2571 2341 2844 2386 vocantur
2863 2334 3019 2404 juxta
3044 2335 3328 2393 Severum.
3363 2339 3480 2397 Una

1898 2422 2030 2463 vero
2049 2409 2142 2466 illa
2161 2424 2382 2482 natura,
2409 2421 2749 2490 cogitatione
2773 2434 3009 2493 tantum,
3033 2439 3150 2498 aut,
3185 2439 3244 2486 ut
3273 2433 3482 2490 rectius

1897 2498 2074 2556 dicam
2099 2543 2114 2569 ,
2171 2510 2489 2578 conjectura
2543 2513 2756 2569 thntutn
2800 2516 3076 2574 hominum
3118 2529 3174 2578 et
3215 2521 3480 2595 ﬁgmento

1896 2593 2126 2661 dicitur,
2163 2613 2354 2656 revera
2397 2604 2536 2660 nihil
2581 2615 2687 2661 est.
2719 2609 2929 2664 Natura
2964 2613 3114 2667 enim
3145 2593 3477 2672 non'd'atum

1896 2693 2003 2748 est.
2061 2689 2202 2745 duas
2251 2690 2320 2746 de
2374 2709 2482 2748 una
2538 2710 2598 2749 re
2635 2700 3050 2757 enuntiationes
3088 2714 3396 2775 pugnantes
3419 2711 3478 2764 et

1897 2778 2046 2833 inter
2095 2796 2151 2836 se
2188 2786 2494 2840 contrarias
2524 2786 2686 2844 simul
2728 2805 2851 2847 esse
2903 2808 3083 2853 veras.

1966 2867 2126 2934 Quod
2181 2873 2227 2927 si
2273 2875 2400 2944 quis
2433 2876 2638 2934 dixerit
2691 2880 2816 2937 illos
2859 2881 3026 2941 simul
3072 2902 3200 2945 esse
3227 2883 3367 2955 duas
3421 2898 3480 2952 et

1897 2975 2085 3027 unam,
2131 2966 2289 3034 quasi
2333 2967 2446 3024 duo
2493 2979 2625 3027 sunt
2672 2973 2838 3030 unius
2898 2977 3166 3046 membra,
3224 2993 3322 3040 aut
3353 2985 3480 3042 duas

1896 3065 2084 3120 partes
2116 3069 2232 3110 rem
2262 3075 2428 3115 unam
2464 3076 2893 3136 componentes;
2929 3078 2990 3124 ut
3022 3074 3172 3128 enim
3210 3075 3348 3132 nihil
3390 3088 3478 3135 est

1897 3159 1988 3198 res
2028 3150 2331 3217 composita
2358 3152 2462 3207 nisi
2489 3165 2672 3224 partes
2699 3170 2989 3228 maneant;
3019 3178 3124 3218 nec
3158 3174 3335 3223 totum
3361 3170 3474 3240 jam
3514 3231 3519 3235 ,

1892 3243 1978 3288 est
2015 3244 2212 3300 totum,
2266 3242 2372 3296 nisi
2415 3245 2660 3302 membra
2711 3251 3030 3320 persistsnt,
3073 3253 3150 3312 ita
3191 3256 3357 3314 etiam
3404 3263 3476 3318 de

1893 3341 2000 3380 una
2055 3340 2257 3386 natura
2289 3335 2473 3391 valere
2500 3353 2513 3390 :
2543 3338 2731 3394 audiat
2762 3342 2888 3408 iste,
2914 3361 3026 3401 non
3060 3347 3167 3404 hoc
3195 3351 3300 3407 sibi
3331 3355 3474 3409 velle

1891 3417 2169 3490 bilingues
2204 3435 2531 3495 serpentes;
2565 3431 2711 3499 quod
2745 3433 2893 3488 enim
2941 3435 3074 3491 ferri
3127 3452 3332 3510 posset.
3363 3444 3470 3501 Sed

1890 3509 2110 3568 duabus
2151 3521 2636 3586 evanescentibus,
2677 3538 2841 3579 unam
2882 3509 3202 3601 excogitant
3233 3545 3290 3591 et
3333 3552 3472 3593 con-

1893 3600 2132 3658 ﬁrmant.
2204 3604 2554 3680 Quapropter
2607 3615 2772 3668 etiam
2840 3632 2938 3673 eos
2995 3600 3470 3684 anathematiza‘ni

1889 3694 1985 3762 qui
2026 3694 2165 3750 duas
2209 3706 2437 3756 naturas
2480 3709 2605 3772 post
2632 3705 2897 3761 unionem
2933 3709 3158 3781 dicunt;
3200 3717 3332 3773 licet
3363 3720 3468 3790 ipsi

1892 3800 2076 3842 rerum
2114 3788 2170 3842 vi
2224 3790 2425 3859 sacpius
2460 3805 2731 3864 cogantur
2755 3796 2894 3854 duas
2928 3809 3156 3860 naturas
3183 3788 3466 3880 proﬁteri;

1893 3877 1970 3928 uti
1999 3878 2296 3946 probatum
2331 3890 2435 3937 est.
2461 3883 2734 3942 Caeterum
2760 3899 2819 3944 ut
2845 3889 3148 3962 Gregorius
3183 3877 3473 3972 Nyssenus

1887 3967 1955 4024 ad
1986 3968 2370 4038 Apolinarium
2409 3975 2587 4032 dixit:
2621 3998 2640 4030 ι
2669 3980 2960 4046 Quomodo
2994 3989 3167 4059 igitur
3208 3967 3334 4049 diue
3363 4011 3466 4051 na-

1890 4065 2029 4114 tura:
2065 4077 2173 4116 una
2215 4067 2384 4120 sunt?
2419 4086 2439 4118 ι
2480 4068 2617 4124 Nam
2654 4071 2870 4129 dixerat
2914 4078 3032 4148 ipse
3069 4081 3464 4151 Apolinarius:

1895 4168 1912 4201 ι
1951 4149 2191 4221 Simplex
2236 4171 2408 4211 unum
2445 4167 2551 4225 est,
2583 4167 2952 4232 compositum
2985 4149 3316 4230 Vero—unum
3339 4193 3466 4234 esse

1886 4242 2100 4311 nequit.
2131 4263 2150 4294 ι
2198 4244 2255 4299 Si
2289 4263 2420 4318 ergo
2459 4253 2826 4321 compositum
2876 4274 3046 4314 unum
3089 4275 3212 4320 esse
3241 4270 3460 4338 nequit,

1885 4342 1942 4388 et
1991 4351 2121 4391 vere
2167 4341 2535 4407 compositum
2563 4345 2656 4408 sit,
2681 4348 2830 4415 quod
2860 4361 2927 4404 ex
2974 4351 3196 4410 duobus
3220 4365 3463 4426 constat,

1886 4427 2036 4496 quod
2100 4428 2214 4484 duo
2273 4432 2330 4486 in
2376 4436 2677 4504 semetipso
2725 4443 3149 4511 complectitur,
3197 4463 3376 4519 eaque
3431 4470 3464 4508 α

199 4526 428 4576 δύναται
465 4524 523 4576 ἓν
551 4524 713 4586 εἶναι,
764 4527 886 4577 ἐπεὶ
920 4524 1128 4597 [forsan
1174 4524 1416 4596 ἀληθῶς]
1447 4526 1630 4578 οὐκέτι
1659 4525 1783 4578 σύν-

1896 4519 2095 4586 rjuibus
2161 4529 2401 4588 constat,
2440 4527 2721 4593 quomodo
2776 4546 2947 4586 unum
2993 4545 3176 4603 potest
3231 4555 3356 4597 esse
3405 4550 3462 4598 et

199 4618 378 4677 θετον,
425 4617 488 4668 τὸ
542 4618 605 4668 ἐκ
662 4617 754 4668 δύο
812 4617 1192 4685 συγκείμενον,
1225 4617 1318 4670 καὶ
1345 4615 1468 4686 ἕχον
1496 4616 1565 4669 τὰ
1594 4615 1688 4669 δύο
1726 4619 1783 4670 ὲν

197 4710 400 4779 ἑαυτῷ,
429 4711 524 4762 καὶ
555 4711 726 4763 ταῦτα
762 4709 822 4763 ὅν
854 4707 999 4780 ἅπερ
1025 4710 1322 4781 συνέθηκεν
1350 4710 1508 4774 αὐτὸ,
1541 4709 1659 4773 πῶς
1687 4710 1784 4763 δύο

199 4818 360 4853 ναται
391 4799 450 4852 ἒν
480 4797 620 4853 εἶναι
649 4800 746 4852 καὶ
772 4799 1049 4866 λέγεσθαι,
1080 4802 1130 4852 εί
1171 4799 1244 4868 μή
1287 4799 1342 4850 τί
1372 4815 1434 4866 γε
1466 4797 1782 4868 προσῶπῳ;

200 4892 295 4942 Διὸ
331 4891 511 4952 καλῶς
559 4891 848 4961 εἰρήκασιν
895 4891 945 4940 oi
995 4890 1259 4960 Πατέρες,
1312 4888 1405 4941 δύο
1453 4888 1550 4956 μὲν
1594 4888 1785 4957 φύσεις

198 4972 344 5028 εἷναι
379 4976 468 5026 τὸν
496 4977 754 5046 Χριστὸν,
789 4977 880 5028 διὰ
929 4976 991 5027 τὸ
1036 4975 1096 5039 ἐξ
1129 4977 1309 5028 αὐτῶν
1341 4976 1660 5030 συνεστᾶναι
1692 4976 1786 5029 καὶ

197 5067 545 5134 συγκεῖσθαι,
581 5070 679 5120 καὶ
721 5067 896 5121 ταῦτα
930 5063 1091 5121 εἶναι.
1123 5069 1264 5120 Αὐτὸ
1311 5068 1366 5121 δὲ
1399 5067 1459 5122 τὸ
1503 5067 1779 5133 σύνθετον,

191 5158 253 5211 οὐ
303 5156 426 5210 καθ’
456 5157 484 5210 ὃ
511 5156 770 5211 σύνθετόν
801 5161 977 5224 ἐστιν,
1007 5159 1142 5211 ἀλλὰ
1176 5158 1300 5211 καθ’
1332 5157 1360 5210 ὅ
1398 5159 1775 5227 ἀποτέλεσμα.

189 5249 250 5302 ἐν
281 5249 598 5320 πρόσωπον.
631 5250 753 5302 Ἰνα
777 5252 918 5320 μήτε
957 5253 1027 5306 τὰ
1052 5251 1114 5316 ἐξ
1140 5246 1216 5305 ὧν
1248 5253 1531 5316 ἀνέλωσιν,
1561 5251 1676 5304 ἀλλ’
1699 5251 1778 5315 ὡς

189 5343 316 5398 καθ’
350 5342 587 5414 ὓπαρξιν
647 5349 882 5413 μένοντα
928 5348 1046 5398 «καὶ
1096 5344 1502 5416 ἐξονομάσωσι,
1543 5347 1638 5397 καὶ
1679 5344 1776 5416 τὴν

187 5436 400 5489 τούτων
435 5438 513 5498 είς
545 5438 773 5507 ἑνότητα
800 5439 916 5508 ἦτοι
947 5439 1027 5501 είς
1055 5439 1113 5491 ἓν
1150 5439 1442 5508 πρόσωπον
1474 5437 1776 5507 συνδρομὴν

1885 4609 2015 4674 dici,
2044 4612 2154 4667 nisi
2187 4616 2656 4683 persona?Quam
2695 4619 2768 4676 ob
2797 4638 2912 4677 rem
2945 4623 3166 4699 egregie
3199 4626 3461 4688 dixerunt

1886 4702 2099 4766 Patres,
2153 4704 2294 4759 duas
2339 4722 2464 4763 esse
2511 4706 2794 4764 Christum
2828 4727 3074 4784 naturas,
3104 4722 3234 4790 quia
3279 4727 3344 4778 ea
3374 4737 3462 4782 est

1885 4807 1952 4846 ex
2002 4793 2208 4863 quibus
2248 4806 2486 4862 constat,
2536 4807 2594 4854 et
2625 4803 2911 4870 consistit;
2956 4824 3044 4862 res
3092 4820 3282 4868 autem
3309 4829 3462 4870 cont—

1887 4885 2064 4952 posita
2105 4899 2216 4940 non
2252 4886 2307 4939 in
2332 4899 2601 4957 quantum
2631 4897 2936 4962 composita
2967 4900 3062 4954 sed
3098 4901 3154 4956 in
3190 4901 3462 4974 quantum

1885 4991 1974 5030 res
2002 4985 2110 5041 est,
2157 4993 2450 5046 personam
2499 4998 2662 5036 unam
2699 4979 2884 5041 eﬂicit.
2932 4988 3011 5044 ita
3047 5002 3156 5047 non
3192 4994 3460 5054 tolluntur

1882 5081 1946 5121 ea
1995 5081 2027 5120 e
2071 5068 2300 5136 quibus.
2327 5069 2422 5122 sed
2460 5067 2644 5138 quoad
2675 5076 2976 5131 essentiam
3019 5089 3246 5149 manent
3285 5094 3344 5139 et
3365 5101 3464 5141 voc

1887 5170 2118 5222 cantur,
2179 5169 2238 5214 et
2296 5173 2569 5217 concursu
2625 5179 2729 5220 suo
2786 5169 3058 5226 unitatem
3107 5189 3206 5229 seu
3269 5149 3461 5246 pet-36’-

1886 5267 2011 5306 nam
2051 5265 2212 5305 unam
2243 5249 2461 5306 eliiccre
2506 5264 2832 5312 censentur.
2865 5258 3002 5314 Nam
3044 5273 3250 5330 partes.
3293 5254 3487 5322 totius

1884 5353 2070 5414 partes
2128 5342 2408 5405 vocandae,
2453 5350 2632 5400 totum
2683 5363 2795 5402 non
2844 5350 3332 5421 pars'dicendum,
3364 5358 3459 5413 sed

1885 5444 2058 5490 totum
2072 5476 2086 5489 .

188 5529 593 5599 ὁμολογήσωσι.
629 5534 722 5584 Δεί
765 5533 873 5603 γὰρ
909 5533 1005 5587 καὶ
1055 5533 1125 5585 τὰ
1167 5533 1309 5604 μέρη
1379 5532 1472 5586 τοῦ
1515 5532 1636 5585 ὅλου
1671 5532 1812 5602 μέρη
1852 5530 2239 5602 ὀνομάζεσθαι,
2273 5529 2366 5582 καὶ
2427 5529 2489 5582 τὸ
2528 5531 2651 5586 ὅλον
2696 5533 2770 5606 μὴ
2814 5535 2980 5608 μέρος
3020 5537 3296 5607 λέγεσθαι,
3322 5540 3461 5602 ἀλλα

186 5622 333 5676 ελον.

259 5715 322 5766 Εἰ
348 5713 403 5767 δὲ
434 5715 490 5766 αί
525 5713 619 5767 δύο
649 5715 841 5784 φύσεις
870 5717 968 5784 μία
998 5713 1306 5785 γεγόνασιν,
1339 5718 1636 5789 ἑτεροτξυὴς
1666 5719 1773 5786 ἄρα

187 5804 338 5858 εστὶν
368 5804 528 5872 αὕτη,
554 5804 630 5868 ὡς
660 5809 686 5859 ό
715 5809 982 5876 μακάριος
1003 5809 1270 5878 Κύριλλος
1295 5810 1396 5878 ἔφη
1421 5811 1478 5863 ἰν
1506 5809 1582 5880 τῷ
1609 5811 1764 5864 Κατὰ

429 5902 700 5965 ΡΑτιιοι.
734 5905 846 5965 Gn.
884 5906 1232 5966 LXXXVI.

1954 5714 2176 5768 Duabus
2213 5725 2400 5771 autem
2447 5723 2661 5776 naturis
2698 5738 2863 5777 unam
2897 5724 3297 5792 efficientibus,
3325 5727 3463 5786 alie-

1875 5808 2072 5880 nigena
2114 5808 2232 5871 haec
2273 5811 2403 5873 erit,
2454 5823 2514 5870 ut
2562 5817 2640 5870 ait
2690 5815 2886 5874 beatus
2930 5818 3170 5891 Cyrillus
3213 5820 3272 5878 in
3311 5821 3459 5881 libro

3063 5916 3139 5980 3U
