4210 6442
736 359 839 424 939

1963 367 2371 428 EUSTATHII
2413 369 2756 431 MONACHI

3891 366 3993 432 940

734 482 996 531 Aduersus
1028 473 1371 546 Syaasiustas
1393 492 1406 529 :
1431 476 1735 544 alienigena
1761 491 1896 532 vero
1925 476 1969 533 si
1995 487 2080 532 est
2110 488 2308 547 praeter

2413 482 2903 534 Συνουσιαστῶν.
2962 482 3291 553 Ἕτεροφύὴς
3351 482 3407 534 δὲ
3458 476 3593 537 φῦσα
3642 488 3791 551 παρὰ
3826 483 3895 536 τὰ
3934 483 3994 546 ἐξ

733 588 797 623 νει
824 588 854 624 e
879 570 1086 639 quibus
1119 578 1356 632 constat,
1398 569 1503 621 hoc
1534 577 1850 638 est‘practer
1878 569 2222 624 divinitatem
2254 581 2310 624 et

734 663 1156 724 lmmanitatczn,
1208 677 1363 721 sane.
1416 661 1498 714 uti
1541 661 1655 730 jam
1708 676 1871 730 supra
1915 662 2182 715 adversus
2216 675 2311 714 eos

733 757 946 810 dictum
991 765 1096 814 est,
1148 756 1257 821 jam
1304 768 1413 806 non
1449 751 1556 806 erit
1605 753 1750 806 Deus
1793 751 2075 817 Christus,
2130 767 2311 821 neque

733 848 920 910 homo,
950 860 1130 913 nequc
1156 860 1262 897 una
1294 859 1324 897 c
1351 843 1531 897 tribus
1554 842 1841 911 personis;
1864 856 2045 911 neque
2075 841 2308 911 Deipara

732 939 918 1005 Virgo,
960 952 1143 1002 neque
1178 935 1421 989 Trinitas
1458 934 1568 988 erit
1622 932 1888 996 Trinitas,
1935 933 2028 988 scd
2070 933 2309 989 dualitas

732 1031 938 1097 potius.
988 1028 1125 1082 Nam
1183 1026 1356 1081 Filius
1404 1025 1723 1079 incarnatus
1769 1034 1826 1079 et
1878 1025 1983 1079 hac
2029 1025 2098 1078 de
2141 1040 2305 1079 causa

733 1129 930 1174 natura
988 1118 1296 1186 alienigena
1353 1115 1531 1171 lactus
1599 1126 1800 1185 przeter
1833 1126 2086 1169 naturam
2127 1115 2308 1169 Patris

731 1222 787 1264 et
846 1210 1025 1265 sancti
1088 1209 1330 1281 Spiritus
1389 1208 1670 1279 quomodo
1720 1208 1805 1261 eis
1847 1208 2308 1261 annnmcrabitur

731 1300 938 1367 quibus
974 1315 1084 1354 non
1128 1307 1215 1354 est
1266 1295 1800 1351 consubstantialis?
1837 1295 2053 1349 Abeant
2099 1296 2156 1348 in
2199 1295 2306 1349 Le-

730 1387 935 1441 tlneum
1020 1387 1343 1442 barathrum
1420 1384 1653 1439 istorum
1707 1400 1839 1440 vere
1902 1385 2305 1455 Accphalorum

730 1479 979 1547 ineptiae!

798 1571 912 1625 Nos
953 1570 1126 1637 igitur
1154 1579 1473 1626 sanctorum
1505 1571 1731 1626 Patrum
1770 1570 2019 1641 vestigiis
2068 1571 2304 1624 insecuti

727 1661 1020 1716 veritatem
1049 1660 1376 1723 dicentium,
1412 1660 1820 1730 proﬁtebimur,
1851 1661 2134 1716 Christum
2165 1662 2305 1716 duas

727 1769 852 1810 esse
905 1765 1129 1810 naturas
1179 1762 1236 1809 et
1288 1770 1456 1809 unam
1502 1769 1818 1825 personam.
1866 1754 2002 1809 Nam
2054 1753 2192 1808 duas
2245 1754 2300 1808 in

2410 565 2485 625 ὧν
2516 574 2770 644 συνέστη,
2805 574 3056 627 τουτέστι
3086 579 3237 647 ποιρά
3260 575 3359 646 τὴν
3386 576 3618 647 Θεότητα
3657 579 3751 630 καὶ
3774 579 3875 644 τὴν
3897 580 3993 631 ἀν-

2413 662 2762 735 θρωπότητα,
2796 667 3207 739 ἀναντιρρήτως
3239 671 3359 721 κατ’
3383 669 3604 731 αὐτοὺς.
3625 670 3699 732 ὡς
3732 671 3826 721 καὶ
3852 672 3993 722 ἀνω-

2409 757 2554 826 τέρω
2581 758 2821 829 εἴρηται,
2861 759 2983 813 οὔτε
3013 760 3146 822 Θεός
3185 762 3331 814 ἐστιν
3358 764 3387 813 ὁ
3426 761 3685 830 Χριστὸς,
3718 760 3845 813 οὕτε
3899 762 3991 814 ἀν-

2410 845 2650 915 θρωπος.
2680 846 2802 902 οὔτε
2824 845 2903 909 εἷς
2928 852 3026 920 τῆς
3055 850 3307 920 Τριάδος,
3336 849 3457 903 οὔτε
3485 849 3752 912 Geo-.610;
3777 849 3810 919 ἢ
3844 851 3993 918 [13p-

2409 935 2593 1001 Οένος,
2629 938 2752 992 οὔτε
2787 939 2957 1009 Τριὰς
2992 942 3025 1008 ή
3068 941 3261 1010 Τριέις,
3302 941 3439 993 ἀλλά
3485 940 3689 1010 μᾶλλον
3732 940 3887 1002 δυάς.
3937 940 3994 991 ’0

2408 1028 2516 1097 γὰρ
2558 1029 2684 1093 Υἱὸς
2717 1033 3042 1101 σαρκωθεὶς,
3076 1034 3169 1085 καὶ
3203 1032 3292 1085 διὰ
3335 1032 3499 1085 τοῦτο
3534 1032 3633 1101 μεα
3666 1031 3832 1100 φύσις
3871 1032 3992 1083 ἑτε-

2408 1121 2613 1189 ροφυὴς
2666 1122 2983 1191 γενόμενος,
3030 1126 3180 1194 παρὰ
3223 1125 3321 1194 τὴν
3353 1124 3448 1177 τοῦ
3483 1125 3699 1193 [ἰατρὸς
3749 1125 3843 1178 καὶ
3893 1123 3990 1176 τοῦ

2407 1207 2563 1274 ἁγίου
2616 1209 2954 1279 Πνεύματος,
3008 1214 3124 1275 πῶς
3179 1212 3727 1283 συναριθμηθήσεται
3777 1213 3995 1271 τούτοις

2406 1293 2487 1361 οἷς
2512 1299 2612 1351 οὐκ
2637 1299 2785 1353 ἔστιν
2811 1302 3097 1371 ὁμοούσιος
3119 1320 3133 1369 ;
3167 1305 3261 1366 Εἰς
3289 1305 3350 1357 τὸ
3380 1304 3481 1371 τῆς
3512 1305 3685 1374 λήθης
3711 1305 3900 1375 χάσμα
3926 1305 3994 1356 τά

2405 1390 2637 1445 τοιαῦτα
2664 1390 2958 1463 ληρήματα
2995 1392 3103 1447 τῶν
3135 1393 3315 1456 οὕτως
3359 1395 3702 1462 Ἀκεφά).ων.

2488 1570 2776 1641 Ἐπόμενοι
2810 1568 2902 1628 οῦν
2923 1574 3099 1641 ἁγίοις
3133 1575 3414 1645 Πατρὰσιν
3446 1575 3707 1646 ἀλήθειαν
3742 1574 3991 1639 λαλοῦσι,

2405 1664 2499 1718 δύο
2551 1666 2654 1735 μὲν
2708 1665 2901 1734 φύσεις
2939 1668 3175 1739 ἐροῦμεν
3225 1665 3364 1721 εἶναι
3398 1670 3492 1721 τὸν
3547 1670 3804 1738 Χριστδν,
3845 1669 3906 1722 ἓν
3937 1671 3993 1723 δὲ

2407 1756 2722 1826 πρόσωπον.
2751 1757 2919 1811 Οὐδὲν
2954 1757 3063 1827 γὰρ
3093 1758 3222 1811 ἀλλο
3249 1760 3365 1811 ἐστὶ
3391 1757 3449 1810 τὸ
3470 1758 3652 1827 λέγειν
3673 1759 3767 1812 δύο
3798 1760 3994 1827 φύσεις

724 1844 952 1901 Christo
998 1844 1252 1900 conﬁteri
1294 1854 1543 1909 naturas,
1579 1845 1659 1899 nil
1685 1844 1837 1898 aliud
1867 1854 1953 1899 est
1983 1860 2146 1914 quam
2175 1859 2302 1897 cum

2409 1848 2501 1900 ἐπὶ
2521 1847 2786 1917 Χριστοῦ,
2812 1850 2844 1919 ἢ
2874 1850 3012 1919 ὅπερ
3040 1849 3189 1918 λέγει
3223 1852 3321 1905 καὶ
3351 1852 3592 1922 Σευῆρος
3620 1852 3650 1903 6
3688 1850 3994 1920 δίγλωσσος

728 1940 850 2009 ipso
892 1938 1102 1994 Severo
1125 1937 1356 2009 bilingui
1379 1945 1638 2006 serpente
1683 1950 1957 1997 asserere,
1979 1934 2127 2005 quod
2163 1951 2307 1988 nun-

726 2046 889 2101 quam
924 2030 1091 2085 desiit
1120 2029 1259 2084 duas
1287 2028 1505 2085 edicere
1534 2028 1882 2099 hypostases,
1913 2035 1970 2082 et
2003 2027 2150 2096 quod
2180 2034 2306 2097 post

727 2123 988 2177 unionem
1028 2121 1082 2177 id
1117 2131 1345 2176 manent
1384 2128 1441 2175 et
1469 2122 1784 2191 cogitantur
1828 2119 1975 2190 quod
2010 2128 2160 2183 sunt,
2203 2119 2307 2174 hoc

722 2223 810 2269 est
860 2226 1097 2271 naturae.
1146 2216 1341 2271 Dicere
1385 2215 1670 2271 Christum
1714 2214 1769 2268 in
1824 2213 2044 2268 duabus
2090 2212 2306 2267 naturis

722 2320 871 2370 esse,
913 2306 1047 2375 quid
1099 2306 1251 2360 aliud
1299 2321 1464 2375 quam
1495 2304 1644 2374 quod
1681 2305 1798 2374 ipse
1848 2303 2088 2358 Severus
2114 2303 2306 2372 vulpes

726 2398 918 2467 biceps
955 2397 1225 2453 adversus
1262 2398 1488 2453 beatum
1542 2396 1810 2467 Cyrillum
1850 2396 2138 2450 contendit
2176 2411 2303 2463 per-

724 2489 930 2544 fectum
971 2490 1027 2543 in
1075 2489 1370 2544 divinitate
1407 2498 1466 2543 et
1495 2486 1801 2559 perlectum
1834 2489 1887 2540 in
1930 2486 2306 2540 humanitate?

720 2590 778 2635 ct
811 2581 1152 2650 impossibile
1184 2597 1308 2637 esse
1332 2581 1443 2636 duo
1466 2596 1578 2635 non
1609 2581 1665 2635 in
1690 2578 1909 2633 duobus
1936 2577 2155 2632 videri?
2184 2577 2304 2632 Non

723 2671 781 2725 in
843 2669 1099 2741 personis
1144 2666 1300 2738 sane,
1354 2685 1485 2725 nam
1525 2667 1785 2726 Christus
1833 2683 1945 2724 non
1995 2668 2119 2722 dua:
2171 2682 2303 2737 pcr-

726 2778 894 2819 sonte.

803 2874 822 2906 ι
848 2859 942 2921 At,
965 2855 1166 2926 inquit.
1184 2855 1380 2911 beatus
1397 2855 1641 2927 Cyrillns
1664 2855 1805 2911 dixit
1827 2855 1937 2925 (10)
1961 2875 1973 2911 :
1996 2857 2080 2912 Ita
2111 2867 2169 2911 ut
2195 2855 2304 2911 illa:

727 2948 848 3001 dum
862 2948 985 3017 jam
1012 2964 1117 3002 non
1143 2949 1251 3002 sint
1268 2948 1407 3013 dum,
1428 2949 1520 3002 sed
1542 2956 1772 3018 utraque
1799 2947 2008 3002 animal
2027 2965 2191 3001 uacant
2208 2947 2303 3002 ab-

724 3041 980 3095 solvatur.
1009 3059 1028 3092 ι
1065 3039 1310 3095 Audiant
1351 3041 1447 3110 qui
1498 3041 1709 3111 optima
1755 3049 2151 3109 corrumpunt;
2193 3056 2302 3095 non

723 3134 859 3190 dixit
889 3134 1154 3205 magister
1183 3141 1421 3203 utraque
1460 3149 1624 3189 unam
1656 3134 1865 3187 absolvi
1893 3145 2172 3196 naturam,
2205 3134 2298 3188 sed

722 3240 896 3279 unum
932 3224 1142 3279 absolvi
1183 3225 1407 3288 animal,
1434 3224 1581 3293 quod
1624 3224 1769 3279 idem
1802 3233 1888 3278 est
1916 3239 1980 3277 ac
2011 3225 2055 3277 si
2085 3239 2301 3279 assere-
2330 3202 2371 3257 (δ

723 3332 832 3376 ret.
890 3333 1056 3371 unam
1115 3318 1325 3372 absolvi
1379 3333 1696 3388 personam.
1752 3318 1959 3371 Deinde
2026 3319 2305 3387 quomodo

722 3409 947 3464 veritati
979 3410 1256 3464 consentit
1288 3410 1423 3464 illud
1471 3428 1484 3463 :
1516 3410 1697 3464 Manet
1734 3418 2020 3479 utrumque
2047 3410 2185 3477 quod
2208 3426 2306 3462 na-

726 3512 850 3556 tura
888 3503 1009 3555 est?
1050 3501 1336 3569 Quomodo
1368 3501 1559 3556 Severi
1608 3502 1878 3570 perstabit
1911 3501 2138 3554 ell'atum
2180 3518 2192 3553 :
2242 3499 2305 3554 In

724 3597 1089 3666 conjunctione
1111 3604 1475 3647 remanserunt
1496 3592 1635 3664 quod
1652 3603 1794 3648 sunt.
1818 3593 1923 3647 hoc
1938 3601 2045 3655 cst,
2070 3600 2304 3654 natur-aa,

725 3696 781 3740 et
835 3703 946 3742 non
1004 3703 1113 3741 una
1161 3684 1413 3741 natura?
1453 3682 1654 3739 Docuit
1701 3685 1874 3755 igitur
1922 3695 2147 3739 sanctus
2194 3684 2306 3737 duo

727 3796 841 3835 non
875 3779 1146 3850 perficere
1177 3779 1289 3834 duo
1322 3778 1602 3833 animalia.
1629 3778 1980 3847 Quapropter
2009 3778 2175 3830 etiam
2205 3777 2305 3829 ad-

723 3871 857 3942 jecit
907 3868 1132 3924 :Unum
1190 3866 1481 3922 absolvitur
1534 3864 1762 3921 animal.
1813 3864 2079 3918 Desinant
2138 3862 2307 3931 igitur

727 3960 1027 4016 mendaces
1061 3960 1369 4014 arundinea
1408 3957 1564 4027 virga
1601 3955 1805 4020 inniti;
1843 3954 1924 4008 uti
1973 3962 2159 4007 autem
2199 3953 2303 4022 ipsi

728 4057 994 4117 fatentur,
1049 4051 1298 4106 absoluta
1345 4065 1455 4104 una
1514 4058 1738 4112 natura,
1774 4046 1899 4100 dum
1942 4054 2153 4099 natura:
2193 4046 2303 4115 jam

727 4162 842 4201 non
891 4154 1129 4215 possunt
1173 4159 1353 4212 neque
1400 4156 1524 4196 esse
1573 4155 1754 4209 neque
1808 4138 1918 4193 dici
1960 4153 1976 4193 :
2022 4152 2151 4191 nam
2188 4137 2305 4192 haec

729 4241 878 4295 inter
923 4254 983 4293 se
1012 4245 1283 4308 pugnant.

796 4332 1058 4387 Dicemus
1080 4330 1248 4399 igitur
1281 4326 1727 4381 adversariorum
1763 4333 2086 4393 argumenta
2119 4322 2175 4376 in
2208 4337 2304 4377 eos

732 4423 935 4493 regeri.
982 4421 1039 4477 Si
1082 4422 1205 4475 dure
1238 4428 1449 4473 naturze
1497 4426 1630 4473 sunt
1659 4432 1782 4486 qua:
1829 4417 1952 4470 dua:
1983 4423 2133 4477 sunt,
2191 4429 2302 4468 una

729 4514 841 4568 dici
888 4521 1202 4583 nequeunt.
1229 4510 1385 4577 Quod
1430 4518 1615 4564 autem
1643 4508 1767 4562 duae
1789 4515 1919 4561 sunt
1945 4506 2069 4559 duae
2096 4505 2300 4560 Christi

731 4614 942 4663 natura;
983 4620 1092 4657 non
1133 4603 1311 4657 solum
1348 4617 1446 4656 ore
1477 4600 1768 4655 confessus
1799 4607 1884 4653 est
1913 4598 2181 4662 Severus,
2205 4598 2303 4652 sed

727 4705 784 4751 et
813 4696 1057 4766 scriptis.
1079 4695 1234 4750 Licet
1252 4711 1362 4749 non
1413 4692 1716 4747 asseruerit
1748 4690 1990 4744 Severus
2017 4690 2157 4745 duas
2183 4705 2306 4747 esse

729 4804 938 4853 unam,
1000 4795 1097 4841 aut
1146 4794 1373 4840 manent
1444 4770 1874 4852 retinenturque
1930 4790 2146 4835 natura:
2210 4789 2308 4835 aut

724 4872 986 4951 pereunt.
1037 4879 1094 4934 Si
1138 4886 1394 4949 pereunt,
1420 4877 1532 4946 jam
1568 4891 1748 4943 neque
1793 4890 1900 4928 una
1949 4881 2079 4929 sunt
2121 4888 2304 4942 neque

724 4972 867 5028 dum.
901 4971 959 5026 Si
1007 4979 1194 5025 autem
1241 4977 1491 5031 manent,
1544 4966 1692 5036 quod
1747 4979 1942 5020 verum
1989 4971 2098 5026 est,
2127 4965 2309 5019 nomi-

724 5073 931 5118 nantur
980 5077 1200 5132 quoque
1234 5061 1483 5131 alioquin
1518 5057 1799 5129 quomodo
1845 5070 2308 5126 cognosceremus

724 5172 820 5211 cas
840 5170 1066 5210 manere
1087 5155 1172 5207 vel
1197 5154 1363 5209 etiam
1384 5152 1665 5208 diceretur
1683 5151 2014 5206 vocabulum
2043 5150 2261 5205 Manent
2282 5150 2309 5204 ?

725 5246 944 5302 Nemini
988 5261 1121 5316 ergo
1183 5245 1447 5315 competit
1494 5243 1656 5312 copia
1726 5257 1890 5297 unam
1937 5242 2176 5296 faciendi
2219 5251 2316 5298 aut

732 5339 982 5404 dicendi,
1033 5354 1156 5409 quae
1180 5338 1303 5394 duze
1326 5348 1489 5403 sunt;
1518 5337 1635 5406 ipsa
1674 5335 1824 5389 enim
1870 5349 1975 5387 vox
2004 5334 2311 5403 compositio

730 5433 970 5486 duarum
1011 5447 1198 5486 rerum
1238 5444 1570 5485 concursum
1612 5428 1841 5481 indicat.
1893 5425 1999 5492 Qui
2035 5427 2312 5495 composi-

732 5533 849 5578 tuzn
900 5524 1222 5588 meditatur,
1280 5523 1418 5593 duas
1466 5537 1557 5576 res
1602 5520 1875 5589 cogitate
1923 5517 2130 5586 quibus
2155 5533 2309 5572 com-

734 5616 974 5678 positum
999 5626 1214 5671 coustat
1229 5632 1367 5688 quas
1397 5612 1787 5685 complectitur
1806 5620 1862 5664 ct
1890 5625 2012 5680 qua:
2032 5619 2112 5665 cst
2132 5609 2307 5680 ipsum

806 5799 895 5866 (ω
930 5796 1169 5869 Epistola
1209 5799 1449 5856 secunda
1480 5798 1544 5851 ad
1577 5796 1936 5854 Succensum.

2407 1937 2549 2005 δφις,
2599 1939 2680 1991 ὃτι
2726 1939 3129 2011 μεταὸέὸλητσι
3178 1942 3433 2012 οὐδαμῶς
3470 1942 3545 2013 μὴ
3591 1940 3728 1996 εἶναι
3757 1943 3853 1997 δύο
3900 1946 3995 1998 καὶ

2406 2028 2525 2090 ταῖς
2559 2028 2920 2083 ὑποστάσεσι·
2965 2031 3061 2084 καὶ
3098 2031 3180 2084 ὅτι
3224 2032 3361 2099 μετά
3394 2031 3501 2102 τὴν
3531 2032 3726 2085 ἕνωσιν
3763 2032 3858 2085 καὶ
3893 2033 3996 2101 μέ-

2406 2135 2556 2170 νουσι
2581 2119 2679 2171 καὶ
2702 2120 3034 2175 σκοποῦνται
3059 2124 3197 2194 ὅπερ
3227 2123 3336 2176 εἰσὶ
3371 2163 3388 2190 ,
3418 2123 3662 2193 δηλονότι
3690 2126 3745 2178 αἱ
3771 2124 3989 2194 φύσεις.

2405 2211 2470 2262 Τί
2504 2211 2562 2264 δὲ
2606 2212 2792 2283 ἕτερόν
2842 2215 2961 2267 ἐστι
3009 2214 3071 2267 τὸ
3112 2215 3291 2282 λέγειν
3333 2219 3393 2271 ὲν
3429 2217 3549 2269 δνσὶ
3581 2217 3813 2286 φύσεσιν
3844 2215 3993 2272 εἶναι

2404 2303 2496 2355 τὸν
2523 2304 2565 2355 Χ
2576 2305 2781 2373 ριστὸν.
2810 2305 2843 2376 ἦ
2875 2307 3014 2377 ὅπερ
3043 2307 3139 2361 καὶ
3168 2307 3407 2376 Σευῆρος
3437 2308 3609 2376 λέγει,
3636 2311 3669 2379 ἠ
3698 2309 3993 2377 δικέφαλος

2404 2393 2650 2466 ἀλώπηξ,
2678 2397 2815 2449 κατὰ
2844 2399 2935 2451 τὸν
2960 2400 3228 2469 μακάριον
3252 2400 3543 2468 Κύριλλον,
3570 2401 3775 2454 τέλειον
3795 2403 3851 2453 ἐν
3873 2400 3996 2455 θεό-

2401 2504 2524 2556 τητι
2580 2488 2675 2541 καὶ
2716 2489 2919 2542 τέλειον
2965 2491 3023 2542 ἐν
3064 2490 3480 2562 ἀνθρωπότητις
3534 2494 3630 2544 καὶ
3670 2493 3738 2543 τὰ
3774 2491 3872 2544 δύο
3919 2493 3997 2560 μὴ

2403 2580 2461 2630 ὲν
2490 2578 2583 2632 δύο
2614 2579 2924 2648 φαίνεσθαι,
2956 2581 3219 2635 ἀδύνατον
3248 2579 3411 2644 εἶναι,
3450 2583 3570 2635 ἀλλ’
3595 2584 3696 2637 οὐκ
3725 2584 3786 2636 ὲν
3817 2599 3995 2655 προσ-

2402 2672 2573 2737 ὡποις
2612 2688 2625 2702 ’
2659 2672 2781 2726 οὐδὲ
2821 2673 2931 2745 γὰρ
2960 2673 3052 2727 δύο
3083 2675 3350 2747 πρόσωπα
3389 2678 3418 2729 6
3450 2677 3704 2747 Χριστός.

2479 2874 2498 2906 ι
2522 2855 2662 2910 ’Λ).λ’
2693 2857 2721 2909 6
2753 2854 3045 2926 μακάριος,
3087 2855 3243 2926 φησὶ,
3287 2856 3556 2927 Κύριλλος
3584 2852 3765 2909 εἶπεν·
3807 2858 3995 2913 Ὥστε

2402 2946 2473 3000 τὰ
2510 2946 2621 2999 δύο
2658 2946 2874 3014 μηκέτι
2911 2945 3029 3015 μὲν
3071 2941 3225 2999 εἶναι
3265 2946 3407 2999 δύο·
3466 2945 3797 3015 δι’ἁμφοῖν
3819 2946 3893 3000 δὲ
3925 2947 3995 3001 τὸ

2401 3038 2469 3091 ἒν
2511 3037 2936 3091 ἀποτελεῖσθαι
2978 3036 3144 3098 ζῶον.
3175 3057 3192 3088 ι
3261 3038 3641 3092 ’Δκουέτωσαν
3676 3041 3726 3092 oi
3755 3041 3826 3093 τὰ
3856 3040 4000 3110 ὀρθὰ

2404 3130 2857 3200 διαστρέφοντεςο
2917 3131 3017 3183 οὐκ
3060 3126 3214 3183 εἶπεν
3258 3131 3289 3183 6
3328 3131 3652 3194 διδάσκαλος
3693 3132 3761 3184 δι’
3788 3134 4000 3201 ἀμφοῖν

2408 3224 2504 3292 τὴν
2540 3222 2668 3292 μίαν
2693 3222 3075 3276 ἀποτελεῖσθαι
3104 3222 3270 3292 φύσιν
3293 3262 3309 3285 ,
3359 3224 3499 3277 ἀ).λά
3532 3225 3593 3278 τὸ
3622 3222 3680 3276 ἓν
3706 3226 4001 3278 ἀποτελεί-

2409 3315 2531 3368 σοαι
2563 3314 2733 3379 ζῶον·
2769 3317 2905 3384 ὅπερ
2939 3316 3051 3367 ῐσον
3075 3316 3194 3368 ἐστὶ
3220 3315 3297 3385 τῷ
3324 3315 3506 3383 λέγειν
3538 3317 3598 3369 τὸ
3624 3316 3682 3369 ἓν
3704 3318 4002 3370 ἀποτελεί-

2410 3407 2532 3458 σθαι
2557 3407 2868 3474 πρόσωπον.
2888 3406 3044 3459 Ἐπεὶ
3070 3405 3187 3468 πῶς
3214 3405 3469 3475 ἀληθεύει
3499 3406 3694 3474 λέγων·
3716 3408 3905 3462 Μένει
3929 3407 4004 3463 δὲ

2407 3496 2696 3563 ἑκάτερον
2723 3497 2870 3560 ὅπερ
2893 3498 3024 3550 ἐστὶ
3053 3495 3127 3564 τῇ
3154 3499 3375 3567 φύσει;
3412 3499 3534 3561 Πῶς
3560 3499 3618 3552 δὲ
3648 3502 3739 3553 καὶ
3768 3502 3798 3552 6
3826 3502 4004 3572 Σευῆ-

2411 3605 2502 3658 pou
2538 3591 2797 3659 στήσεται
2828 3589 2986 3657 λόγος
3006 3632 3020 3655 ,
3071 3591 3153 3642 ὃτι
3195 3591 3297 3644 Ἐν
3327 3589 3402 3658 τῇ
3431 3592 3718 3645 συνθέσει
3748 3592 4005 3662 ἔμειναν

2406 3681 2583 3734 τοῦτο
2631 3682 2777 3749 ὅπερ
2825 3683 2981 3745 εισι,
3034 3685 3312 3737 τουτέστιν
3362 3685 3416 3736 ατ
3470 3686 3693 3745 φύσεις,
3747 3688 3843 3737 καὶ
3877 3687 4005 3755 ούχὶ

2407 3775 2440 3842 ἡ
2475 3777 2573 3841 μία
2604 3773 2796 3840 φύσις;
2856 3774 2936 3824 Τἀ
2967 3774 3060 3827 οῦν
3103 3774 3197 3827 δύο
3240 3775 3315 3844 μὴ
3344 3771 3484 3826 εἶναι
3512 3774 3606 3827 δύο
3633 3775 3744 3834 ζῶα
3774 3776 4006 3845 ἐνόησεν

2404 3866 2432 3916 6
2463 3864 2641 3930 ἅγιος.
2681 3862 2761 3915 διὸ
2792 3865 2888 3915 καὶ
2918 3865 3225 3931 ἐπήγαγεν,
3261 3866 3324 3916 τὸ
3351 3866 3455 3916 ’Ἔν
3482 3863 3864 3918 ἀποτελεῖται
3896 3864 4005 3924 ζῶ-

2406 3972 2496 4010 ον.
2544 3956 2955 4008 Παυσάσθωσαν
2981 3952 3074 4009 οῦν
3103 3959 3151 4010 οἱ
3194 3956 3505 4024 ψευδολόγοι
3563 3957 3875 4025 καλαμὲνην
3905 3958 4007 4027 ρἀ

2406 4046 2527 4099 ὁδον
2551 4048 3011 4116 ὑποστηρίζοντες
3036 4049 3247 4111 ἑαυτοῖς
3263 4065 3274 4075 ’
3297 4048 3554 4119 ὥσπερδὲ
3575 4049 3729 4100 αὐτοὶ
3751 4050 4001 4115 λέγουσι,

2403 4138 2507 4207 τῆς
2551 4140 2678 4207 μιᾶς
2725 4138 2944 4206 φύσεως
2981 4139 3474 4208 ἀποτελεσθείσης,
3526 4140 3709 4191 oaxen
3737 4139 4004 4194 δύνανται

2403 4230 2496 4283 δύο
2523 4231 2714 4300 φύσεις
2729 4232 2760 4298 ᾗ
2780 4228 2919 4284 εἶναι
2951 4231 2984 4301 ἦ
3012 4230 3265 4299 λέγεσθαι
3289 4248 3304 4263 ο
3333 4231 3605 4291 anillam;
3631 4232 3740 4299 γὰρ
3768 4233 3800 4298 ἡ
3828 4232 3998 4296 λέξις.

2476 4325 2664 4388 Οῦτως
2709 4329 2803 4378 καὶ
2852 4328 3016 4394 ἡμεῖς
3066 4326 3636 4395 ἀντιπεριτρέψαντες
3680 4325 4000 4391 τὸνλόγον,

2405 4417 2660 4488 ἐροῦμεν·
2721 4418 2783 4471 Εἰ
2824 4417 2920 4470 δύο
2946 4417 3138 4487 φύσεις
3169 4419 3309 4470 εἰσιν
3338 4419 3396 4469 αἱ
3425 4413 3584 4469 οὖσαι
3607 4415 3726 4473 δύο,
3769 4417 3874 4485 μία
3908 4416 4004 4467 λέ-

2343 4509 2605 4592 υγεσθαι
2653 4510 2713 4562 ού
2763 4509 3039 4562 δύνανται.
3094 4494 3217 4561 Ὀτι
3261 4508 3315 4561 δέ
3362 4510 3469 4560 εἰσι
3514 4507 3610 4560 δύο
3654 4506 3856 4573 φύσεις
3904 4508 4005 4560 τοῦ

2410 4601 2668 4671 Χριστοῦ,
2700 4602 2760 4654 ού
2791 4602 2951 4673 μόνον
2976 4598 3130 4654 εἶπεν
3168 4602 3425 4671 Σευῆρος,
3454 4600 3588 4653 ἀλλά
3614 4600 3709 4653 καὶ
3732 4600 4004 4670 ἔγραψεν.

2412 4695 2474 4747 Ei
2505 4694 2563 4748 δὲ
2606 4696 2700 4747 καὶ
2739 4693 2814 4764 μὴ
2844 4690 2999 4747 εἶπεν
3029 4693 3265 4762 Σευῆρος
3296 4691 3354 4745 ἓν
3383 4692 3492 4745 τῶν
3520 4692 3614 4744 δύο
3634 4731 3649 4755 ,
3701 4692 3734 4761 ἢ
3774 4693 4005 4760 μένουσι

2413 4771 2509 4839 καὶ
2557 4784 2818 4849 σώζονται
2862 4786 2919 4839 αἱ
2962 4785 3187 4852 φύσεις,
3241 4785 3272 4853 ἦ
3316 4783 3635 4838 ἀπώλοντο·
3696 4785 3745 4834 εἰ
3781 4784 3882 4851 μὲν
3905 4782 4005 4837 οὖν

2414 4869 2725 4934 ἀπώλοντο,
2759 4871 2885 4924 οὒτε
2915 4871 3009 4925 δύο
3039 4874 3201 4937 εἰσὶν,
3235 4871 3295 4924 οῦ
3309 4889 3359 4924 τε
3390 4872 3508 4941 μία.
3536 4872 3597 4924 El
3626 4870 3684 4924 δὲ
3716 4873 4003 4939 μένουσιν,

2414 4966 2555 5035 ὅπερ
2604 4966 2809 5034 μᾶλλον
2841 4963 3080 5034 ἀληθὲς,
3136 4965 3228 5017 καὶ
3272 4961 3663 5033 ὁνομάζονταιο
3722 4964 4007 5026 Emi-1:13;

2414 5055 2787 5127 γνωσθήσεται
2817 5057 2899 5109 ὅτι
2922 5057 3196 5125 μένουσιν,
3229 5056 3260 5124 ἢ
3296 5055 3412 5118 πῶς
3434 5054 3759 5127 λεχθήσεται
3783 5055 4005 5121 τδ,Μέ-

2412 5161 2667 5208 rovmr;
2695 5146 2807 5198 Ούκ
2831 5145 2939 5216 ἄρα
2963 5145 3059 5199 οῦν
3086 5145 3311 5198 δύναταί
3336 5161 3422 5207 τις
3446 5144 3632 5214 χώραν
3656 5143 3830 5213 ἔχειν,
3869 5145 4005 5213 μίαν

2413 5242 2587 5294 ποιεῖν
2617 5241 2649 5312 ἢ
2681 5240 2862 5307 λέγειν
2891 5241 2991 5303 τὰς
3020 5240 3187 5303 οῦσας
3217 5240 3332 5293 δύο.
3366 5240 3515 5309 Αὕτη
3538 5238 3596 5291 δὲ
3622 5241 3655 5308 ἡ
3684 5239 3782 5292 τοῦ
3810 5240 4005 5293 συνοέ-

2411 5349 2507 5385 του
2541 5330 2687 5396 λέξις
2734 5331 2828 5384 δύο
2871 5331 3033 5384 τινῶν
3064 5332 3412 5400 πραγμάτων
3443 5331 3709 5400 σημαίνει
3742 5330 4000 5383 σύνοδον*

2416 5424 2510 5478 καὶ
2552 5427 2580 5478 6
2624 5423 2986 5478 ἀναπτύσσων
3020 5425 3080 5477 τὸ
3110 5423 3400 5487 σύνθετον,
3438 5423 3533 5476 δύο
3560 5424 3682 5478 τινὰ
3711 5428 3997 5490 κατανοεῖ,

2415 5517 2473 5583 ἐξ
2509 5509 2585 5569 ὧν
2631 5516 2917 5585 σύγκειται
2964 5517 3098 5571 αὐτὸ
3140 5517 3201 5570 τὸ
3240 5515 3531 5582 σύνθετον,
3585 5516 3731 5585 ἅπερ
3759 5517 3854 5569 καὶ
3881 5517 3998 5585 ἔχει

2413 5613 2471 5665 ὲν
2503 5609 2682 5681 ἑαυτῷ
2714 5611 2809 5664 καὶ
2838 5610 2954 5664 ἔστι
3012 5608 3207 5675 ταῦτα,
3239 5609 3346 5674 ἕως
3377 5609 3445 5664 ἀν
3472 5609 3533 5663 τὸ
3559 5610 3837 5678 σύνθετον,
3869 5610 3999 5664 σύν-
