4210 6442
1842 837 2009 878 ANNO
2057 836 2282 879 DOMINI
2331 836 2815 880 οιιγιι-υιχγι.

1207 1092 2284 1329 .lliS'l‘lNlllNllS
2430 1081 3472 1327 IMPERATOR.

2315 1503 2391 1516 α..

1467 1936 1646 2008 (Cu:
1681 1934 1881 2007 Script.
1912 1934 2386 1989 ecclesiasticarum
2417 1939 2636 1993 historia
2668 1940 2952 2004 litin-aria,
2984 1959 3037 2013 p.
3077 1942 3228 2014 329.)

776 2379 859 2436 Fl.
890 2378 1255 2445 Justinianus,
1289 2388 1449 2450 gente
1483 2377 1758 2450 Illyricas,
1780 2376 2022 2443 Sabbatii
2051 2387 2107 2432 et
2142 2378 2419 2449 Biglinizm
2455 2380 2618 2442 ﬁlius,
2669 2382 2942 2446 Tauresii,
2979 2384 3142 2440 hodie
3177 2386 3537 2446 Achriduntis
3571 2394 3626 2448 in
3669 2395 3969 2463 Dardania,

702 2486 866 2532 natus
893 2485 979 2532 est
1008 2492 1155 2532 anno
1185 2476 1310 2531 485.
1340 2475 1689 2531 Avunculum
1741 2474 1934 2529 habuit
1962 2473 2239 2529 Justinum
2273 2476 2578 2543 Augustum
2606 2518 2620 2540 ,
2679 2494 2707 2531 a
2738 2493 2848 2547 quo
2879 2479 2933 2533 in
2962 2480 3201 2537 Castelio
3230 2484 3538 2543 Bedcriano
3585 2505 3803 2546 summa
3839 2509 3973 2549 cura

702 2572 973 2628 educatus
1005 2580 1090 2627 est
1113 2612 1128 2636 ,
1181 2582 1238 2627 et
1277 2571 1332 2626 in
1369 2569 1540 2624 lilium
1570 2568 1886 2639 adoptatus.
1913 2567 2166 2623 Nondum
2199 2568 2496 2636 imperator
2517 2570 2864 2625 Theodoram
2891 2581 3016 2626 ortu
3039 2573 3296 2646 Cypriam
3329 2595 3555 2636 uxorem
3585 2584 3766 2647 duxit.
3808 2587 3971 2643 femi-

702 2682 829 2721 nam
866 2667 1191 2723 insolentem
1232 2676 1289 2722 et
1319 2665 1674 2735 Eutychianae
1701 2664 1897 2720 hmrcsi
1928 2664 2143 2734 perdite
2176 2664 2477 2719 addictam.
2517 2666 2674 2720 Auno
2704 2668 2828 2730 5l9,
2864 2684 2895 2723 a
2927 2669 3145 2725 Justino
3172 2672 3506 2742 imperatore
3524 2680 3790 2749 magister
3826 2682 3975 2738 mili-

706 2770 822 2813 tum
854 2759 1030 2813 l'actus
1059 2768 1164 2823 est,
1197 2768 1252 2814 et
1282 2759 1336 2813 in
1366 2758 1647 2814 Orientem
1679 2773 1804 2811 cum
1849 2757 2095 2811 exercitu
2121 2758 2340 2821 missus,
2376 2775 2490 2813 rem
2525 2769 2713 2812 contra
2746 2761 2938 2815 Persas
2971 2764 3109 2818 bene
3141 2768 3327 2834 gessit.
3358 2769 3515 2824 Anno
3545 2772 3671 2837 52-1,
3710 2776 3975 2830 consula-

707 2864 822 2907 tum
852 2853 1031 2919 ohiit;
1084 2868 1208 2907 mox
1233 2853 1519 2922 patricius,
1544 2851 1746 2907 deinde
1778 2849 2191 2917 nobilissimus;
2250 2866 2313 2906 ac
2372 2854 2590 2907 tandem
2624 2871 2768 2908 anno
2804 2856 2905 2909 527
2940 2896 2955 2914 .
3006 2858 3284 2913 «Kalendis
3309 2863 3623 2931 Aprilibus,
3689 2865 3978 2937 Augustus

704 2946 1072 3009 renuntiatus,
1098 2960 1221 2999 cum
1246 2945 1520 2998 avunculo
1554 2958 1782 3014 regnare
1810 2942 1979 3012 cmpit
2003 2960 2017 3007 ;
2045 2958 2157 3012 quo
2181 2944 2440 2998 defuncto
2472 2946 2731 3001 Kalendis
2764 2948 2990 3015 Augusti
3023 2950 3271 3017 ejusdem
3303 2959 3455 3017 anni,
3484 2952 3781 3025 imperium
3817 2958 3978 3013 dein-

704 3054 835 3108 ceps
862 3039 1012 3094 solus
1039 3039 1236 3093 tenuit.
1268 3039 1431 3093 Anno
1458 3038 1583 3102 528,
1614 3037 1856 3092 edictum
1891 3037 2281 3121 promulgavit,
2313 3054 2423 3107 quo
2449 3040 2806 3094 Nestorianos
2850 3051 2907 3095 ct
2939 3042 3330 3111 liuttctaianos,
3365 3055 3625 3117 tanquam
3676 3047 3977 3102 haereticos

701 3132 884 3202 pmnis
915 3132 1173 3187 civilibus
1202 3131 1519 3187 multandos
1540 3131 1805 3195 decrevit,
1828 3130 2024 3185 eodem
2053 3140 2176 3201 post
2201 3132 2641 3201 quinquennium
2680 3143 2961 3188 renovato.
2993 3135 3151 3190 Anno
3185 3137 3305 3202 5H,
3333 3137 3623 3209 Origencm
3651 3141 3771 3210 ipse
3793 3141 3980 3196 edicto

704 3221 1007 3287 damnavit,
1043 3232 1098 3277 et
1131 3222 1320 3276 habita
1355 3237 1479 3276 mox
1527 3220 1630 3276 sub
1658 3221 1853 3276 bienna
1876 3221 2084 3293 synodo
2114 3221 2613 3292 Constantinpoli,
2651 3223 2803 3278 illum
2837 3241 2961 3279 cum
2999 3228 3367 3283 sectatoribus
3396 3231 3746 3285 anathemate
3772 3247 3979 3301 percu-

707 3316 953 3373 tiendum
985 3317 1219 3371 curavit.
1260 3317 1416 3371 Anno
1445 3317 1570 3379 545,
1597 3317 1745 3371 edita
1779 3316 2195 3376 constitutione.
2227 3319 2332 3371 tria
2359 3317 2610 3387 Capitula
2643 3320 2944 3386 damnavit,
2968 3323 3115 3391 quod
3164 3333 3221 3378 et
3261 3335 3500 3380 exeunte
3535 3337 3804 3395 sequente
3832 3344 3979 3383 anno

705 3408 950 3480 synodus
971 3407 1581 3476 Constantinopolitana
1618 3406 1810 3462 itidem
1838 3408 1988 3463 fecit.
2018 3407 2179 3461 Anno
2209 3408 2333 3473 £335,
2376 3410 2671 3463 concilium
2707 3414 3110 3468 meumcnicum
3140 3414 3617 3488 Constantinopoli
3655 3418 3981 3474 habendum

706 3502 906 3558 indixit
939 3522 951 3556 :
980 3502 1035 3556 in
1066 3517 1178 3573 quo
1223 3517 1253 3556 a
1285 3501 1560 3567 Patribus,
1588 3512 1649 3557 ut
1687 3503 1791 3556 tria
1825 3501 2077 3572 Capitula
2105 3502 2503 3557 damnarentur
2536 3505 2837 3573 postulavit
2891 3514 2947 3561 et
2996 3507 3238 3562 obtinuit
3272 3510 3513 3582 (Evagr.
3554 3512 3592 3565 l.
3628 3529 3703 3579 ιν,
3758 3529 3812 3568 c.
3846 3514 3979 3586 59).

705 3602 866 3654 Anno
901 3598 1025 3661 565,
1058 3597 1444 3652 iatiscentibus
1465 3612 1589 3651 cum
1621 3612 1851 3666 corpore
1882 3596 2051 3651 animi
2077 3597 2310 3659 viribus,
2348 3597 2418 3652 ab
2447 3598 2725 3654 haereticis
2755 3601 3086 3670 quibusdam
3119 3603 3366 3668 delusus,
3415 3606 3658 3661 edictum
3702 3609 3981 3677 condidit,

707 3708 818 3765 quo
839 3690 1045 3748 Christi
1081 3705 1285 3760 corpus
1311 3690 1425 3759 pari
1454 3689 1618 3744 modo
1640 3697 1765 3743 ante
1797 3705 1861 3744 ac
1888 3699 2011 3761 post
2042 3689 2510 3745 resurrectionem
2545 3692 2921 3761 corruptionis
2954 3700 3011 3745 ct
3035 3695 3370 3748 naturalium
3401 3696 3757 3751 atl'ectiunum
3780 3714 3985 3767 expers

706 3786 878 3863 fuisse
910 3786 1136 3851 docuit;
1173 3796 1343 3855 utque
1392 3783 1681 3839 sentcntiae
1725 3798 1837 3838 sua:
1867 3798 2060 3838 omnes
2087 3784 2333 3854 episcopi
2378 3784 2817 3849 subscriberent,
2852 3787 3153 3841 mandavit.
3202 3788 3502 3859 Episcopos
3549 3790 3869 3847 Orientales
3915 3793 3982 3847 ad

705 3882 983 3937 Anastasii
1014 3880 1348 3935 Antiocheni
1390 3879 1718 3935 sententiam
1754 3888 2120 3949 provocantes
2153 3879 2476 3948 gravissime
2508 3878 2738 3945 alllixit;
2772 3881 2951 3950 ipsum
2997 3897 3132 3936 vero
3178 3882 3526 3937 Anastasium
3554 3894 3610 3939 et
3642 3885 3981 3959 Eutychium

707 3973 1082 4045 patriarcham
1119 3972 1794 4041 Constantinopolitanum
1818 3979 2139 4026 constanter
2169 3971 2511 4026 reluctantes
2533 3971 2760 4026 sedibus
2789 3973 2905 4028 suis
2927 3974 3264 4039 exturbavit,
3295 3985 3351 4029 et
3385 3977 3440 4030 in
3476 3976 3731 4031 exsilium
3765 3978 3945 4049 depor

632 4076 651 4103 δ
709 4071 814 4125 tari
846 4070 1033 4141 jussit.
1060 4067 1387 4139 llujusmodi
1410 4067 1622 4121 deliriis
1642 4066 1907 4128 intentus,
1930 4066 2098 4120 rebus
2124 4066 2382 4120 humanis
2404 4076 2693 4136 exemptus
2712 4076 2797 4121 est
2818 4083 2965 4121 anno
2984 4068 3107 4131 585,
3133 4068 3224 4123 die
3258 4070 3324 4123 M
3346 4069 3693 4136 Novembris,
3722 4070 3969 4139 dierum,

708 4161 914 4233 gloriae,
951 4167 1008 4215 et
1058 4160 1464 4230 triumphorum
1509 4170 1681 4214 satur.
1717 4159 1839 4213 Non
1872 4157 2104 4213 deerant
2135 4157 2289 4220 olim,
2321 4173 2424 4212 nec
2450 4157 2650 4212 desunt
2682 4159 2868 4223 hodie,
2903 4160 2998 4229 qui
3057 4161 3114 4214 in
3168 4161 3599 4215 sacratissimum
3628 4158 4003 4233 priueipem,’

710 4268 819 4306 non
849 4252 1031 4307 minus
1057 4252 1329 4317 doctrina,
1361 4252 1587 4323 pietate,
1614 4267 1779 4321 quam
1810 4252 2056 4320 potentia
2079 4259 2137 4305 et
2162 4265 2348 4305 rerum
2380 4262 2658 4321 gestarum
2682 4252 2854 4323 gloria
2888 4254 3118 4318 clarum,
3153 4263 3268 4308 tota
3298 4254 3698 4309 calumniarum
3727 4264 3784 4310 et
3827 4272 3972 4311 con-

706 4346 977 4401 viciorum
1010 4348 1254 4416 plaustra
1288 4355 1609 4401 exonerant.
1644 4346 1816 4401 Nemo
1844 4361 1977 4401 vero
2010 4361 2252 4415 unquam
2282 4346 2545 4415 iniquiori
2588 4363 2821 4401 censura
2843 4390 2857 4412 ,
2889 4358 2944 4403 et
2976 4349 3368 4403 inverecundia
3402 4350 3561 4419 longe
3594 4350 3734 4404 inira
3767 4366 3979 4408 summi

709 4439 978 4510 principis
1008 4448 1237 4503 sortem,
1269 4439 1323 4491 in
1354 4437 1779 4507 angustissimos
1802 4435 2098 4491 Justiniani
2131 4450 2321 4490 manes
2358 4435 2731 4490 debacchatus
2759 4444 2863 4499 cst,
2902 4451 3064 4505 quam
3101 4436 3396 4490 cardinalis
3418 4436 3687 4490 Baronius
3714 4441 3752 4501 ',
3782 4454 3988 4493 omnes

708 4534 763 4587 in
801 4533 907 4587 hoc
927 4533 1257 4603 eloquentiae
1281 4545 1483 4585 nervos
1512 4530 1827 4593 intendens,
1862 4537 1923 4583 ut
1947 4544 2015 4584 ex
2048 4530 2377 4598 imperatore
2410 4543 2520 4581 non
2546 4529 2853 4591 hominem,
2886 4528 2983 4581 sed
3022 4528 3306 4581 diabolum
3361 4528 3523 4582 nobis
3548 4527 3858 4583 exhiberet.
3904 4529 3988 4586 υι

707 4624 871 4679 ﬁdem
898 4624 1113 4689 faciam,
1147 4624 1397 4693 quaedam
1427 4622 1622 4677 lectori
1646 4622 1718 4676 ob
1754 4622 1946 4676 oculos
1984 4634 2203 4691 ponam.
2241 4640 2259 4672 ι
2295 4621 2442 4685 Fuit,
2479 4619 2681 4688 inquit,
2725 4619 2889 4672 homo
2934 4619 3155 4688 penitus
3192 4618 3544 4681 illitteratus;
3572 4619 3713 4672 adeo
3761 4626 3824 4671 ut
3873 4634 3991 4677 nec

707 4716 1059 4786 alphabetum
1100 4714 1401 4784 aliquando
1426 4712 1729 4767 didicisset.
1774 4711 2089 4780 Sacrilegus
2123 4710 2444 4779 imperator,
2483 4710 2576 4778 qui
2629 4724 2738 4763 non
2784 4709 2959 4761 levem
2990 4709 3435 4777 persecutionem
3473 4709 3756 4772 excitavit,
3789 4708 3990 4764 furore

707 4806 975 4876 percitus,
1017 4815 1202 4861 mente
1234 4805 1499 4869 dimotus,
1534 4812 1833 4873 corruptus
1861 4802 2103 4872 maligno
2133 4801 2357 4871 spiritu,
2390 4801 2629 4871 agitatus
2664 4815 2693 4853 a
2726 4801 2944 4864 Satana,
2981 4800 3187 4868 quique
3220 4815 3440 4853 omnem
3474 4799 3528 4852 in
3558 4799 3808 4853 Ecclesia
3859 4798 3989 4855 dis-

707 4899 873 4954 solvit
910 4898 1189 4959 ordinem,
1214 4897 1454 4967 fecitque
1486 4914 1556 4954 ex
1587 4913 1755 4969 regno
1783 4897 2053 4952 caelorum
2079 4894 2421 4965 ergastulum
2451 4893 2757 4946 inferorum
2793 4890 3022 4959 (Annal.
3076 4891 3147 4945 ad
3187 4907 3280 4944 an.
3318 4891 3442 4955 55!,
3470 4907 3628 4944 num.
3658 4890 3714 4955 5,
3753 4891 3815 4956 4;
3851 4890 3991 4953 538,

708 5009 863 5047 num.
888 4992 994 5059 20;
1025 4992 1149 5056 555,
1176 5008 1329 5046 nu-..
1363 4992 1425 5046 2|
1454 4996 1493 5055 ).
1525 5010 1545 5044 ι
1609 4990 1866 5046 Inﬁnitus
1895 5003 2075 5043 essem
2104 5029 2118 5052 ,
2186 4986 2232 5040 si
2292 4986 2479 5038 omnia
2540 4997 2950 5053 percurrcrcm.
2988 4981 3107 5035 Non
3162 4982 3295 5035 mihi
3353 4980 3409 5034 in
3454 4981 3641 5035 animo
3687 4990 3811 5046 est,
3856 4995 3994 5052 post

707 5082 1029 5146 Cuinetum,
1054 5081 1413 5151 Ciphanium,
1449 5081 1794 5139 'l'rivorium.
1843 5079 2066 5135 Rivium
2111 5084 2442 5139 nostratem,
2472 5075 2757 5142 aliusque,
2814 5072 3018 5143 egregii
3060 5073 3332 5142 principis
3364 5071 3638 5126 vindicias
3683 5088 3866 5142 agere.
3904 5072 3993 5129 De

709 5177 928 5233 eximiis
948 5176 1247 5232 Justinian‘.
1272 5176 1572 5232 virtutibus
1602 5176 1827 5230 unicum
1856 5185 1953 5230 aut
1987 5175 2222 5228 alterum
2247 5181 2495 5225 veterum
2519 5168 2895 5223 testimonium
2919 5167 3218 5239 proferam.
3250 5167 3326 5221 De
3356 5166 3607 5223 doctrina
3628 5167 3753 5237 eius
3782 5176 3842 5222 et
3866 5166 3994 5237 pie-

714 5275 825 5323 tate
851 5267 972 5323 btec
991 5266 1318 5337 Procopius,
1349 5266 1405 5323 in
1431 5265 1804 5323 Iustinianum
1837 5264 2020 5321 adhuc
2043 5277 2234 5331 aquas
2264 5260 2373 5331 (Da
2400 5259 2538 5314 Beli.
2573 5260 2727 5315 Catii.
2770 5259 2809 5313 ι.
2840 5274 2935 5324 nt;
2982 5259 3046 5312 de
3079 5258 3222 5327 wdif.
3246 5256 3387 5311 Just.
3414 5258 3455 5311 Ι.
3483 5257 3553 5326 ι).
3587 5256 3823 5312 Solitum
3853 5271 3994 5313 eum

712 5370 830 5417 tum
872 5360 1048 5417 libros
1078 5361 1149 5418 de
1175 5361 1342 5417 rebus
1370 5361 1577 5416 divinis
1621 5367 1848 5431 agentes
1875 5359 2232 5429 pcrvolutarc
2250 5400 2264 5424 ,
2318 5365 2375 5410 tu
2388 5371 2435 5409 ,ιι
2457 5355 2527 5410 de
2554 5352 2755 5408 iisdem
2781 5350 3057 5422 colloquia
3095 5365 3222 5406 cum
3253 5350 3529 5421 episcopis
3551 5359 3609 5404 et
3637 5348 3997 5420 presbyteris

711 5457 768 5513 in
794 5458 1023 5511 multam
1054 5466 1277 5511 noctem
1299 5455 1624 5524 pertrahere
1656 5472 1667 5506 :
1696 5453 1751 5509 in
1786 5468 1941 5508 more
1965 5454 2017 5509 ei
2043 5467 2262 5522 semper
2289 5451 2459 5507 fuisse
2483 5449 2675 5505 multis
2697 5456 2825 5503 ante
2851 5447 3061 5503 Pascha
3082 5446 3294 5501 dierum
3320 5444 3763 5501 hebdomadibus
3781 5460 3996 5516 corpus

710 5549 915 5619 vigiliis
941 5555 998 5602 et
1026 5546 1229 5602 inediis
1253 5545 1545 5617 plusquam
1573 5545 1828 5599 asceticis
1852 5557 2155 5608 macerare,
2181 5542 2351 5597 semel
2382 5542 2438 5594 in
2462 5538 2635 5595 biduo
2666 5537 2851 5593 cibum
2882 5549 3100 5608 capere,
3136 5534 3287 5600 vino,
3320 5549 3459 5604 pane
3493 5534 3725 5604 aliisque
3754 5534 3996 5591 cibariis

781 5733 798 5749 ‘
823 5728 997 5793 liuius
1025 5723 1250 5779 nritices
1290 5725 1590 5780 acrimonia
1622 5723 1904 5780 hominem
1938 5722 2299 5793 Anglicanam
2368 5717 2571 5790 prodit.
2603 5715 2880 5773 Czeterum
2916 5724 3194 5787 quatenus
3214 5713 3397 5773 Caveo
3440 5711 3866 5772 assentiendum
3888 5715 3993 5782 sit,

706 5802 915 5868 iudicet
948 5799 1124 5855 lrctor
1152 5795 1426 5850 eruditus.
1464 5796 1613 5851 Βωτ.
