4210 6442
219 373 324 437 949

1293 375 1524 438 LIBER
1566 376 1957 436 ADVERSUS
1993 376 2410 436 ORIGEXENI.

3377 373 3481 438 950

228 489 431 560 λογικῶν
447 491 514 544 τά
539 487 932 562 άμαρτνζσαειτα,
961 492 1037 543 ναί
1069 488 1148 543 διά
1168 497 1316 543 τοῦτο
1337 491 1616 544 ἐκπεσόντα
1644 498 1734 551 τῆς
1759 491 1806 543 ἰν

1912 503 2017 557 que
2070 492 2411 546 rationabilia
2467 506 2586 559 qua:
2633 494 2944 562 peccarunt,
2994 507 3054 547 ac
3097 499 3384 564 propterea
3413 493 3480 548 de

230 579 258 652 ᾖ
287 578 418 637 ἦσαν
456 584 823 642 καταστάσεως
843 620 858 643 ,
898 583 1028 634 κατά
1068 586 1158 638 τήν
1185 583 1450 653 ἀναλογίαν
1483 587 1581 634 τῶν
1623 582 1809 633 οἰκείων

228 669 604 742 ἁμαρτημάτων
651 676 896 742 τιμωρίας
955 671 1109 746 χάριν
1157 673 1387 742 σώμασιν
1429 673 1680 730 lasciviam
1728 677 1808 724 καί

228 760 559 829 καθαιρόμενοι
579 761 724 813 πάλιν
745 762 1008 830 ἀνάγονται
1020 762 1065 813 ίν
1140 762 1384 835 πρότερον
1409 758 1538 818 ἦσαν
1558 763 1811 815 καταστά-

231 869 341 911 σει,
374 851 632 909 παντελῶς
669 856 757 907 τήν
797 853 968 904 κακίαν
1008 851 1337 920 ἀποτιθέμενοι
1362 854 1445 904 καί
1478 853 1543 904 τὰ
1569 855 1807 919 σώματαο

231 942 313 991 καί
342 939 494 991 πάλιν
519 939 571 990 ἐκ
593 937 858 1012 δευτέρου,
885 943 967 992 καί
1003 945 1178 1009 τριτον
1197 980 1211 1002 ,
1243 943 1322 992 καί
1347 942 1610 998 πλεονάκις
1646 939 1810 1010 διαφό-

231 1049 336 1097 ροις
366 1031 691 1097 ἐμϐάλλονται
731 1035 939 1086 σὼιιασι
966 1051 1093 1104 προς
1125 1036 1391 1106 τιμωρίαν.
1421 1035 1732 1087 Ὓποτίθεται
1757 1032 1810 1087 δὲ

230 1125 311 1170 ναί
343 1117 616 1187 διαφόρους
644 1121 866 1192 κόσμους
913 1126 1162 1177 συστῆναί
1189 1143 1240 1174 τε
1267 1159 1280 1182 ,
1321 1125 1403 1174 καί
1441 1124 1773 1176 συνίστασθαι
1797 1162 1810 1183 ,

231 1219 385 1262 τοίς-ο
413 1213 501 1278 μὲν
525 1214 876 1284 παρελθόντας,
905 1210 1120 1266 τοῦτο’ὂέ
1144 1215 1427 1282 μέλλοντας-⁸
1456 1218 1538 1266 καί
1557 1216 1633 1272 τίς
1655 1215 1815 1274 οὑτως

231 1299 371 1352 εστὶν
401 1301 583 1358 ἠλίθιος
601 1343 611 1358 ,
669 1304 813 1359 ὅστις
848 1309 947 1355 τῶν
974 1305 1218 1356 τοιούτων.
1237 1302 1430 1356 ἁκούων
1463 1307 1517 1356 οὑ
1545 1307 1700 1372 φρίξει
1729 1312 1816 1362 τήν

230 1389 455 1444 dicis-tm
480 1389 563 1444 διὰ
590 1397 680 1446 τήν
706 1401 797 1451 τῆς
826 1393 1058 1452 ἀσεϐείας
1079 1395 1388 1465 ὑπερϐολήνε
1433 1399 1510 1453 τίς
1545 1393 1596 1447 δὲ
1642 1399 1730 1447 οὑκ
1762 1393 1818 1446 δν

233 1477 538 1551 βδελὺξηται
556 1482 642 1534 τὸν
670 1483 883 1549 μανέντα
910 1485 1165 1552 Ὦριγένην
1186 1526 1200 1547 ,
1224 1482 1466 1543 τοιαεῖτας
1482 1472 1820 1551 ’πλασάμενόν

232 1589 312 1635 τε,
343 1574 427 1624 καί
456 1563 710 1643 ἔγγρὰφως
735 1573 987 1643 ἐκθέμενον
1016 1577 1144 1627 κατά
1179 1583 1310 1627 Θεοῦ
1341 1575 1691 1647 βλασῖημίαςς
1728 1576 1818 1628 ἇσ-

231 1682 376 1720 τινας
403 1663 470 1718 ὡς
496 1667 626 1714 πᾶσι
663 1671 980 1734 Χριστωινοῐς
1022 1666 1432 1736 ἀπηνρευῴνας
1449 1705 1462 1727 ,
1493 1671 1570 1719 καί
1598 1674 1820 1739 προφανῆ

233 1757 325 1807 ni:
357 1749 660 1810 δυσσεϐείας
689 1753 920 1822 ἐχούσας
953 1760 1034 1808 τὸν
1060 1754 1300 1825 ὓεγχον.
1325 1760 1566 1829 περισσὸν
1592 1761 1820 1826 ἐνομίσα-

1907 586 2050 632 statu
2078 595 2176 635 suo
2201 579 2534 645 exciderunt,
2576 597 2676 650 pro
2714 597 2932 635 suorum
2980 589 3320 648 peccatorum
3361 597 3480 651 pro-

1907 671 2176 738 portione,
2207 669 2451 739 supplicii
2483 685 2641 725 causa
2680 671 2733 725 in
2755 685 2983 739 corpora
3017 668 3213 736 injecta
3237 678 3384 735 sunt,
3412 685 3481 725 ac

1895 768 2218 829 'eXpurgata,
2272 775 2481 812 rursum
2510 759 2802 814 efferuntur
2845 760 2898 814 in
2947 758 3228 829 pristinum
3256 766 3476 823 statum,

1909 851 2055 903 omni
2097 849 2338 918 deposita
2386 851 2583 904 malitia
2614 858 2668 904 et
2693 851 3008 920 corporibus
3042 868 3054 901 :
3088 850 3388 918 iterumque
3417 864 3482 904 ac

1910 942 2147 1003 tertium,
2179 948 2235 994 et
2253 941 2574 1009 compluries
2600 940 2825 996 diversis
2852 942 2918 995 ad
2940 955 3153 1011 pinnam
3175 939 3482 1008 injiciuntur

1911 1031 2245 1099 corporibus.
2296 1029 2453 1083 Ponit
2477 1045 2641 1100 porro
2666 1031 2910 1086 diversos
2937 1031 3245 1088 constitisse
3272 1039 3328 1084 et
3348 1044 3479 1083 con-

1909 1130 2054 1175 stare
2091 1121 2335 1187 mundos,
2371 1129 2481 1174 tum
2507 1121 2826 1189 praeteritos,
2860 1128 2970 1174 tum
3000 1112 3222 1174 futuros.
3253 1120 3483 1187 Ecquis-

1912 1227 2035 1263 nam
2078 1211 2215 1265 adeo
2254 1211 2432 1265 fatuus
2479 1219 2594 1274 est,
2645 1219 2702 1264 ut
2752 1213 2866 1266 hazc
2892 1211 3115 1264 audiens
3139 1212 3319 1274 animo
3370 1225 3481 1263 non

1915 1301 2253 1353 exhorrescat
2279 1311 2499 1368 propter
2521 1315 2781 1354 summam
2809 1301 3181 1369 impietatem?
3209 1299 3347 1367 Quis
3371 1314 3482 1354 non

1917 1399 2227 1442 eX>€CI'ellll'
2255 1393 2496 1442 insanum
2517 1389 2820 1456 Origenem,
2853 1391 2942 1456 qui
2975 1389 3280 1456 hujusmodi
3309 1388 3482 1443 finxe-

1918 1479 1986 1531 rit
2013 1493 2075 1532 ac
2101 1479 2313 1545 scriptis
2334 1480 2593 1534 mandarit
2626 1480 2678 1532 in
2708 1479 2874 1532 Deum
2901 1479 3260 1547 blasphemias
3280 1481 3304 1533 ?
3325 1493 3484 1548 quas,

1919 1576 1978 1620 ut
2029 1569 2276 1622 omnibus
2320 1568 2634 1622 Christianis
2689 1569 3031 1631 interdictas,
3091 1565 3480 1639 manifestaque

1919 1657 2177 1711 habentes
2201 1659 2487 1726 impietatis
2514 1668 2826 1725 argumenta
2844 1697 2858 1721 ,
2908 1673 3361 1727 supervacaneum
3389 1659 3486 1713 du-

1922 1749 2093 1800 ximus
2115 1746 2438 1801 refutatione
2464 1748 2690 1814 dignari.
2719 1747 2897 1814 Quare
2937 1749 2984 1801 si
3013 1747 3251 1802 haeretici
3278 1762 3488 1812 omnes,

233 1857 326 1906 μιν
345 1841 687 1915 ἆντιὲίῖήσεως
707 1843 937 1902 ἀξιῶσαι·
971 1846 1016 1895 εἰ
1042 1843 1205 1897 τοίνυν
1231 1842 1452 1904 ἅπαντες
1478 1847 1716 1920 αίρῖτικοί
1738 1849 1819 1900 ἐπί

1921 1838 1992 1891 ob
2013 1837 2166 1890 unius
2190 1837 2407 1890 forsitan
2429 1845 2519 1890 aut
2539 1837 2758 1891 alterius
2778 1838 3041 1904 dogmatis
3059 1836 3487 1906 perversitatem,

233 1933 368 1998 ἰνὸς,
393 1934 577 2002 τυχὸν,
600 1933 631 1992 ἣ
647 1937 886 2009 δευτέρου
910 1933 1159 2005 δόγματος
1179 1947 1485 2011 παρατροπῇ
1507 1940 1822 1996 ἐκξίῖλῃνται

234 2031 326 2079 τῆς
353 2021 642 2091 ἁγιωτάτης
681 2024 974 2085 ἐκκλησίας,
1005 2025 1362 2085 emensam;
1391 2029 1660 2095 ἀναοέματι
1693 2034 1822 2099 μετά

235 2119 337 2165 τῶν
364 2111 502 2165 ἰδίων
531 2111 814 2183 δογμάτων,
837 2117 914 2173 τίς
948 2112 1075 2174 ὅλως
1099 2123 1405 2190 Χριστιανῶν
1427 2118 1646 2180 ἀνέξεται
1670 2121 1821 2173 αὑτοῦ

236 2207 521 2276 Ὠριγένους
564 2225 649 2266 τε,
695 2208 780 2258 καί
816 2213 916 2259 τῶν
951 2213 1180 2276 πονηρῶν
1199 2210 1379 2266 ,αὐτοῦ
1418 2215 1826 2283 συγγραμμάτων

236 2297 626 2358 ἀντιποιεῖσθαι,
662 2303 742 2349 τοῦ
769 2298 1028 2357 τοσαύτας
1071 2300 1160 2366 μίν
1191 2299 1438 2374 εἰρηκότος
1479 2301 1821 2372 βλασφημίας,

239 2394 374 2439 πᾶσι
419 2383 471 2440 δὲ
502 2385 690 2456 σχεδὸν
719 2387 983 2459 α’ρετικοῖς
1013 2389 1268 2445 τοσαύτην
1306 2389 1423 2446 ῦλην
1462 2391 1710 2452 ἀπωλείας
1743 2396 1826 2444 καί

238 2479 566 2546 βλασφημῖας
594 2479 1002 2549 παρασχομένου
1020 2519 1032 2541 ,
1067 2481 1146 2531 καί
1174 2477 1259 2534 διὰ
1291 2486 1440 2536 τοῦτο
1464 2485 1548 2534 καί
1567 2485 1708 2558 παρά
1729 2492 1827 2538 τῶν

237 2567 398 2638 ἁγίων
420 2568 651 2641 πατέρων
675 2564 891 2620 ἔκπαλαι
911 2570 1005 2620 ὕπὸ
1024 2559 1244 2638 ἀνάθεμα
1269 2571 1530 2640 γενομένου
1553 2575 1684 2641 μετά
1726 2581 1826 2626 τῶν

240 2667 493 2730 μυσαρῶν
516 2663 665 2712 αἰτοῦ
692 2657 990 2730 δογμάτωνς
1015 2662 1069 2712 εἰ
1095 2663 1194 2732 γὰρ
1227 2665 1311 2713 καί
1335 2659 1441 2719 δοίη
1481 2685 1556 2723 τις
1598 2665 1680 2718 τὸν
1723 2667 1826 2719 θεο-

240 2749 421 2818 μάχον
447 2750 722 2825 Ὥριγίνην,
771 2746 896 2822 ὅπερ
923 2752 1008 2803 καί
1044 2753 1187 2824 παρὰ
1224 2760 1329 2810 τοῖς
1354 2749 1516 2812 ἄλλοις
1557 2756 1826 2828 α’ριτικοῖς

241 2841 554 2910 εὑρίσκεται,
571 2837 944 2921 ἀναμάξαιριῖσ.
961 2839 1214 2912 mpsim,
1233 2843 1263 2901 ἦ
1278 2882 1290 2902 ,
1313 2841 1572 2913 άναμίξαι]
1588 2849 1698 2899 τινά
1724 2855 1826 2904 τοῖς

241 2937 479 3006 πονηροῖς
510 2932 662 2984 αὑτοῦ
700 2932 1097 3004 συγγράμμασιν
1128 2934 1179 2984 ἐκ
1210 2940 1307 2986 τῶν
1342 2935 1494 3008 apes»
1534 2933 1821 3005 δογμάτων,

243 3027 414 3075 ταῦτα
442 3021 533 3073 οὑκ
567 3019 674 3074 ἴδια
711 3021 893 3074 ἐκείνου
921 3023 1249 3089 καθέστηκῖν,
1292 3025 1414 3077 ἀλλὰ
1440 3033 1532 3085 τῆς
1561 3025 1709 3096 ἁγίας
1735 3035 1823 3082 τοῦ

243 3119 371 3166 Θεοῦ
397 3112 660 3195 ἐκκλησίας
695 3115 944 3184 ὑπάρχει.
977 3118 1066 3167 Καί
1113 3124 1261 3171 τοῦτο
1286 3116 1340 3171 δὲ
1376 3121 1494 3172 αὑτὸ
1536 3122 1825 3193 κακούργως·

1922 1939 1954 1978 e
1975 1925 2304 1978 sanctissima
2333 1924 2565 1978 Ecclesia
2594 1933 2718 1978 sunt
2744 1927 2921 1994 ejecti,
2948 1925 3251 1994 subditique
3268 1925 3490 1980 anathe—

1923 2016 2052 2068 mati
2079 2031 2198 2069 cum
2228 2016 2338 2070 suis
2362 2015 2700 2083 dogmatibus
2723 2033 2736 2068 :
2764 2016 2884 2084 quis
2921 2031 3142 2084 prorsus
3167 2015 3491 2071 Christiano.

1923 2121 2039 2158 rum
2068 2107 2350 2160 sustinebit
2376 2105 2658 2173 Origenem
2681 2107 2904 2174 ejusque
2920 2119 3016 2174 pra
3025 2120 3086 2159 va
3103 2107 3310 2175 scripta
3330 2107 3491 2172 tueri,

1923 2204 2012 2270 qui
2032 2212 2123 2270 tot
2152 2204 2510 2278 blasphemias
2535 2203 2756 2270 dixerit,
2787 2203 3142 2270 omnibusque
3178 2201 3290 2258 fere
3323 2204 3492 2260 hare-

1925 2295 2044 2348 ticis
2074 2303 2273 2347 tantam
2302 2292 2449 2346 exitii
2476 2307 2539 2348 ac
2567 2291 2913 2361 blasphemia:
2934 2292 3210 2346 materiem
3239 2293 3490 2362 praebue-

1897 2386 2012 2452 ‘rit,
2044 2400 2107 2439 ac
2148 2385 2346 2438 idcirco
2374 2383 2580 2452 pridem
2606 2378 2858 2437 a‘sanctis
2889 2382 3137 2438 Patribus
3158 2383 3493 2456 apathemati

1925 2477 2196 2545 subjectus
2243 2477 2314 2534 sit
2339 2491 2441 2529 una
2473 2489 2594 2528 cum
2625 2474 2902 2528 sceleratis
2946 2473 3064 2542 ejus
3109 2473 3493 2543 dogmatibus?

1924 2569 2056 2623 Nam
2087 2569 2330 2638 quamvis
2349 2566 2612 2622 concedat
2641 2566 2781 2636 quis,
2811 2565 2923 2620 Deo
2949 2574 3338 2634 repugnantem
3379 2564 3494 2622 Ori-

1924 2675 2114 2729 genem
2144 2674 2175 2713 e
2199 2667 2346 2713 recta
2376 2657 2616 2712 doctrina
2646 2655 2814 2728 (quod
2843 2663 2899 2711 et
2926 2655 3067 2725 apud
3105 2656 3242 2711 alios
3279 2656 3495 2711 hicrcti-

1925 2765 2018 2805 cos
2060 2746 2346 2816 invenitur)
2399 2746 2597 2814 aliquid
2644 2745 2972 2815 expressisse
3002 2747 3054 2800 in
3086 2746 3344 2832 improbis
3385 2749 3496 2803 suis

1925 2842 2140 2910 scriptis
2166 2857 2178 2892 :
2209 2855 2274 2893 ea
2305 2839 2471 2906 ipsius
2501 2838 2717 2908 propria
2747 2851 2855 2892 non
2884 2847 2989 2906 est,
3031 2839 3127 2893 sed
3157 2848 3358 2894 sancta:
3403 2841 3497 2894 Dei

1926 2930 2175 2984 Ecclesiae
2201 2945 2216 2994 ;
2240 2936 2398 2998 atque
2429 2931 2534 2982 hoc
2562 2928 2734 2996 ipsum
2756 2926 3020 2982 malitiose
3041 2928 3093 2982 in
3113 2927 3497 2999 simpliciorum

1925 3019 2166 3074 fraudem
2195 3019 2414 3074 molitus
2439 3026 2540 3072 est.
2580 3017 2710 3071 Nam
2743 3017 2796 3071 in
2827 3031 3156 3086 paganorum
3179 3022 3498 3075 commentis

1925 3113 2210 3173 enutritus,
2238 3125 2409 3178 eaque
2429 3123 2726 3180 propagare
2753 3110 2803 3163 in
2830 3112 3010 3163 animo
3042 3111 3262 3176 habens,
3291 3111 3498 3167 divinas

244 3206 431 3263 ἰκεῑνος
453 3206 689 3275 καὶπρὸς
715 3208 906 3261 ἁπατην
931 3213 1029 3260 τῶν
1052 3206 1415 3281 ἁπλουστέρων
1439 3213 1821 3281 ἐμηχανήσατο.

1896 3227 1898 3245 ι
1928 3218 1987 3258 se
2011 3203 2196 3270 utique
2223 3201 2528 3270 Scripturas
2571 3200 2910 3270 interpretari
2949 3201 3217 3255 simulavit
3242 3219 3255 3255 :
3304 3211 3364 3257 ut
3392 3203 3498 3258 hoc

244 3303 374 3354 Ταῖς
393 3298 496 3366 γάρ
525 3303 624 3349 τῶν
641 3297 873 3354 Ἑλλήνων
902 3298 1212 3368 μυθολογίαις
1239 3301 1509 3373 ἐντραφείς,
1530 3304 1612 3354 καί
1635 3305 1826 3364 ταύτας

245 3387 528 3440 ἐπεκτεῖναι
564 3385 864 3456 βουλόμενος
917 3387 1314 3455 ἰσχηματίσατο
1361 3391 1453 3450 τὰς
1501 3392 1634 3451 θείας
1682 3391 1827 3450 δῆθεν

246 3477 536 3548 ἑρμηνεύειν
559 3479 778 3550 γραφὰς,
815 3476 896 3528 ἶνα
915 3479 1083 3544 τούτῳ
1109 3481 1181 3545 τῷ
1203 3479 1378 3548 τρόπῳ
1420 3483 1483 3533 τὰ
1513 3483 1721 3555 μυσαρὰ
1747 3483 1831 3536 αὑ-

247 3575 336 3622 τοῦ
358 3564 594 3638 δόγματα
618 3576 722 3627 τοῖς
749 3575 849 3623 τῶν
883 3571 1021 3621 θείων
1047 3575 1246 3642 γραφῶν
1284 3572 1633 3641 ὑπομνήμασιν
1659 3578 1830 3644 ἀναμί-

247 3660 335 3721 ξας
359 3698 375 3721 ,
425 3659 679 3717 κακοήθως
723 3664 812 3716 τήν
838 3657 1141 3724 Ἑλληνικὴν,
1194 3664 1277 3713 καί
1319 3670 1636 3731 Μανιχαξκήν
1674 3668 1825 3720 αὑτοῦ

247 3751 458 3810 πλάνην.
502 3751 586 3802 καί
618 3746 920 3822 ’Δρειανικην
948 3755 1128 3821 μανίαν
1168 3752 1447 3824 εἰσαγάγῃ,
1484 3759 1564 3806 καί
1593 3757 1714 3815 τοὺς
1757 3763 1828 3827 μή

248 3837 624 3910 ἠγριϐωμένους
665 3841 729 3891 τά
757 3846 848 3897 τῆς
885 3842 1014 3898 θείας·
1040 3848 1233 3912 γραφῆς
1273 3839 1458 3916 δυνηθῇ
1497 3840 1747 3899 διλεάσαι.
1771 3856 1830 3904 Τί

249 3919 353 3996 γάῤ
379 3927 548 3996 ἕτερον
570 3929 711 4000 παρὰ
739 3929 805 3980 τὰ
827 3935 899 3997 τῷ
930 3929 1147 3983 Πλάτωνι
1175 3933 1414 4006 εἰρημένα
1439 3940 1510 4001 τῷ
1537 3939 1624 3992 τὴν
1661 3938 1830 3996 Ἐλλη-

249 4022 381 4073 νικὴν
414 4021 590 4082 μανίαν
618 4018 923 4074 «lacrimare
949 4019 1199 4096 Ὠριγενης
1230 4023 1446 4087 ἐξέθετιη
1478 4024 1508 4082 ἦ
1539 4030 1680 4100 παρὰ
1702 4031 1831 4087 τί·.ος

251 4107 425 4180 ἑτέρου
451 4104 644 4171 "Apris;
671 4109 836 4162 λαϐὼν
869 4116 959 4168 τήν
997 4115 1182 4165 οἰκείαν
1211 4115 1566 4186 συνεγράψατο
1592 4121 1741 4174 νόσον
1761 4163 1771 4177 .
1806 4122 1830 4176 ὃ

251 4197 378 4268 πρὸς
411 4194 607 4269 ὄλ.θρον
637 4207 726 4258 τῆς
755 4199 939 4254 ἑαυτοῦ
969 4202 1150 4271 ψυχῆς
1173 4208 1243 4264 εἰς
1273 4210 1361 4262 τὴν
1551 4212 1630 4262 καί
1659 4210 1834 4281 ὁμοοὺ-

251 4307 359 4340 σιον
384 4288 561 4361 τριάδα
587 4291 808 4362 βαθμοὺς
837 4293 1131 4355 ἰπινοήσαςς
1158 4297 1208 4348 ἐν
1237 4295 1413 4351 τίνιπδέ
1440 4296 1584 4359 οὗτος
1615 4310 1702 4353 τοῦ
1731 4315 1834 4356 Μα-

252 4383 463 4445 νιχαίου
510 4381 914 4450 ἁπολιμπάνεται
941 4427 952 4444 ,
1006 4383 1031 4436 ὁ
1079 4385 1232 4454 λίγων
1279 4388 1372 4445 τὰς
1413 4395 1510 4441 τῶν
1561 4392 1832 4464 ἀνθρώπων

253 4466 434 4536 ψυχὰς
466 4467 529 4522 δι’
556 4469 808 4542 ἁμαρτίας
833 4480 941 4532 τοῖς
970 4476 1174 4542 σώμασι
1195 4479 1442 4548 τιμωρίας
1473 4480 1629 4550 χάριν
1659 4483 1830 4551 ἐμϐλη.

1926 3293 2086 3348 modo
2114 3292 2371 3347 nefariam
2399 3290 2696 3345 doctrinam
2723 3305 2875 3345 suam
2899 3305 3169 3345 sacrarum
3197 3292 3497 3348 litterarum

1926 3382 2288 3436 monumentis
2316 3381 2549 3447 maligne
2572 3380 2914 3447 admiscens,
2963 3383 3278 3450 paganicum
3305 3392 3360 3437 ct
3389 3385 3498 3439 Ma-

1929 3469 2189 3525 nichteum
2233 3483 2477 3523 errorem
2519 3483 2678 3522 suum
2727 3477 2889 3538 atque
2933 3469 3187 3525 Arianam
3225 3475 3497 3529 vesaniam

1929 3561 2222 3624 induceret,
2260 3573 2461 3626 eosque
2486 3559 2578 3626 qui
2607 3573 2815 3613 sacram
2844 3558 3174 3628 Scripturam
3204 3579 3311 3616 nun
3342 3580 3500 3619 accu-

1927 3661 2044 3707 rate
2065 3651 2449 3722 percepissent,
2492 3650 2735 3705 inescare
2758 3650 2983 3718 posset.“
3013 3651 3152 3716 Quid
3183 3654 3324 3706 enim
3351 3635 3496 3709 aliud

1929 3743 2177 3811 exposuit
2214 3740 2491 3808 Origenes,
2540 3754 2700 3809 quam
2742 3739 2999 3806 Platonis,
3048 3743 3139 3810 qui
3169 3757 3498 3812 paganorum

1930 3835 2192 3888 insaniam
2220 3833 2488 3898 dilatarat,
2519 3832 2815 3887 doctrinam
2840 3851 2855 3897 ;
2900 3840 2990 3886 aut
3020 3849 3048 3886 a
3078 3849 3186 3902 quo
3210 3835 3316 3890 alio
3343 3837 3500 3892 Arius

1930 3933 2218 3988 mutuatus,
2272 3923 2485 3992 prepria
2513 3938 2718 3977 venena
2746 3925 3130 3978 concinnavit?
3175 3927 3268 3993 qui
3312 3929 3365 3980 in
3391 3931 3499 3982 cxi-

1933 4017 2060 4068 tium
2082 4016 2270 4068 animae
2297 4029 2405 4068 suae
2429 4015 2478 4068 in
2500 4024 2684 4069 saneta
2708 4023 2764 4070 et
2784 4017 3217 4070 consubstantiali
3240 4016 3500 4074 Triuitatc

1931 4105 2124 4172 gradus
2145 4105 2484 4171 excogitavit.
2533 4105 2616 4158 An
2645 4105 2730 4160 hic
2773 4121 2803 4159 a
2858 4106 3151 4161 Manichaee
3197 4108 3370 4177 abest,
3408 4113 3502 4179 qui

1934 4195 2138 4247 animas
2167 4195 2440 4247 hominum
2476 4193 2606 4248 dicit
2653 4203 2872 4264 propter
2915 4206 3136 4265 peccata
3185 4202 3503 4268 corporibus

1933 4285 1998 4339 ad
2025 4285 2340 4355 supplicium
2366 4284 2623 4338 immitti?
2648 4285 2846 4356 quique
2865 4287 3095 4355 primum
3113 4288 3329 4356 quidem
3351 4307 3504 4344 mcu—

1936 4392 2016 4437 tes
2037 4395 2091 4438 et
2111 4392 2324 4438 sanctas
2344 4384 2568 4436 virtutes
2599 4381 2759 4438 fuisse
2788 4394 3013 4449 asserat,
3042 4385 3233 4441 deinde
3254 4395 3500 4443 contem-

1936 4473 2186 4541 plationis
2223 4473 2415 4526 divinae
2453 4473 2756 4526 satietatem
2805 4475 3028 4542 cepisse.
3082 4489 3145 4528 ac
3186 4476 3238 4528 in
3268 4475 3504 4531 deterius

254 4560 430 4623 εἰῇ-δας
470 4563 538 4619 ὡς
576 4559 635 4620 δὴ
672 4571 872 4635 πρῶτον
910 4567 998 4631 μὲν
1033 4566 1148 4626 νόας
1183 4564 1365 4632 οὔσας,
1388 4571 1467 4622 καί
1504 4570 1648 4642 ἁγίας
1687 4573 1824 4628 δυνά-

1896 4550 2239 4628 )ροιινοτεοε,
2287 4563 2484 4617 idcirco
2513 4578 2541 4616 a
2585 4561 2678 4616 Dei
2709 4579 2893 4618 amore
2933 4564 3220 4632 refrixisse,
3269 4567 3504 4638 indeque

253 4669 398 4713 μεις,
440 4649 616 4705 ἔπειτα
651 4653 792 4725 κόρον
827 4654 1088 4714 λαϐούσας
1138 4664 1229 4716 τῆς
1283 4657 1420 4716 θείας
1468 4662 1705 4734 θεωρίας,
1745 4669 1826 4719 καί

254 4742 384 4813 πρὸς
421 4743 478 4794 τὸ
518 4751 692 4816 χεῖρον
737 4750 1061 4817 τραπείσας,
1116 4754 1198 4802 καί
1249 4750 1332 4805 διὰ
1369 4760 1521 4807 τοῦτο
1572 4765 1660 4817 τῆς
1700 4767 1843 4812 Θεοῦ

255 4833 456 4898 άιί-άπης
491 4833 847 4905 διποψυγείσας
871 4879 884 4901 ,
925 4841 1008 4891 καί
1046 4840 1264 4893 ἐντεῦθεν
1310 4842 1494 4911 ψυχάς
1543 4845 1828 4914 ὀνομασθεί-

254 4940 289 4971 σ
331 4941 389 4980 ς,
444 4926 523 4973 καί
560 4929 803 4996 τιμωρίας
857 4929 1010 5000 χάριν
1052 4937 1160 4989 τοῖς
1201 4934 1434 4999 σώμασιν
1479 4935 1826 5001 ἐμϐληθείσας⁹

256 5008 382 5084 ὅπερ
412 5017 492 5065 καί
530 5015 679 5082 μόνον
708 5016 866 5069 ἰκανὸν
891 5015 951 5076 ἦν
980 5023 1051 5078 εἰς
1089 5021 1276 5074 τελείαν
1309 5024 1458 5079 αὗτοῦ
1499 5027 1788 5099 κατάκρισιν
1814 5068 1826 5091 ,

256 5099 338 5153 οά
381 5110 470 5159 τῆς
509 5104 782 5164 Ἑλληνικῆς
819 5107 1062 5179 ὑπάρχον
1089 5106 1408 5170 δυσσεϐείας.
1446 5119 1546 5166 Τοῦ
1574 5117 1829 5186 γάρΘεοὺ

255 5191 500 5254 εἰπόντος,
527 5198 844 5264 «Ποιήσωμεν
866 5193 1125 5272 ἄνθρωπον
1153 5201 1265 5257 κατ’
1294 5203 1457 5255 εἰκόνα
1484 5207 1567 5255 καί
1592 5205 1831 5273 ὁμοίωσίν

257 5285 522 5355 ἡμετέραν,
537 5303 555 5335 ι
573 5287 860 5354 εὑρίσκεται
886 5291 1016 5348 κατᾴ
1040 5293 1155 5351 τοὺς
1178 5293 1358 5346 ἐκείνου
1381 5300 1627 5363 ματαίους
1651 5296 1829 5367 λόγους

255 5379 409 5440 σῶμα
445 5373 593 5442 μόνον
637 5375 765 5448 δίχα
796 5377 976 5449 ψυχῆς
1001 5379 1107 5435 κατ’
1126 5383 1289 5436 εἰκόνα
1328 5389 1410 5437 καί
1437 5384 1673 5455 ὁμοίωσιν
1693 5389 1830 5456 γενόο

254 5483 400 5529 μενον
422 5469 510 5516 τοῦ
528 5472 677 5529 Θεοῦ,
705 5469 789 5520 ἰὰν
820 5465 948 5527 ὅλως
971 5478 1282 5544 προϋπῆρχε
1314 5472 1486 5542 ψυχὴ,
1514 5479 1594 5527 καί
1616 5478 1744 5544 μετά
1773 5478 1830 5530 τὸ

253 5551 486 5619 γενέσθαι
511 5555 566 5608 τὸ
605 5562 756 5626 σῶμα
782 5557 1036 5622 ἐνεϐλήθη,
1063 5559 1093 5616 ἣ
1132 5564 1444 5632 κατηγγίσθη
1466 5565 1514 5616 ἐν
1543 5566 1702 5634 αὐτῷ.
1747 5572 1835 5622 Καὶ

252 5645 447 5718 ἀνάγκη
470 5654 615 5702 πᾶσα
643 5656 734 5711 τοῦ
761 5652 948 5721 λέγειν,
981 5657 1062 5706 καί
1091 5655 1239 5708 αὑτίν
1264 5657 1346 5709 τὸν
1381 5659 1501 5710 Θεὸν
1528 5660 1612 5712 τὸν
1632 5667 1719 5712 τοῦ
1749 5663 1832 5714 ἀν-

254 5730 465 5807 ορῶπου
501 5733 803 5812 δημιουργὶν
841 5746 989 5810 σῶμα
1016 5742 1305 5819 ὑπάρχειν,
1337 5748 1403 5804 ὡς
1433 5747 1490 5798 τὸ
1533 5755 1685 5815 σῶμα
1722 5751 1838 5806 κατ’

260 5819 434 5884 rixam.
461 5830 546 5879 καί
577 5826 809 5899 ὁμοίωσιν
846 5826 974 5883 ἰδίαν
1002 5835 1354 5905 ποιησάμενον.
1400 5842 1502 5896 Πῶς
1543 5835 1593 5890 δέ
1625 5835 1836 5894 δύναται

1932 4665 2118 4718 Grazco
2148 4665 2362 4718 nomine
2391 4664 2687 4734 appellatas
2722 4665 2924 4736 ψυχὰς,
2974 4654 3030 4719 et
3068 4669 3314 4736 supplicii
3343 4685 3504 4726 causa

1934 4754 2246 4822 corporibus
2284 4767 2402 4807 esse
2439 4753 2676 4820 inditas;
2720 4753 2864 4821 quod
2907 4755 2990 4809 vel
3020 4755 3191 4810 solum
3237 4756 3306 4810 ad
3338 4759 3507 4827 perfe-

1935 4855 2072 4899 ctam
2101 4844 2216 4912 ejus
2247 4843 2642 4896 damnationem
2669 4845 2801 4897 satis
2821 4853 2954 4908 erat,
2980 4860 3101 4899 cum
3124 4860 3152 4898 a
3176 4860 3504 4915 paganorum

1936 4944 2110 4988 ortum
2140 4936 2209 4988 sit
2237 4935 2532 5003 impietate.
2564 4932 2697 4988 Cum
2723 4935 2864 4989 enim
2891 4934 3086 4988 dixerit
3109 4934 3249 4990 Deus
3277 4953 3290 4988 :
3322 4935 3508 4990 Furia-

1936 5044 2047 5079 mus
2070 5027 2323 5078 hominem
2352 5025 2419 5076 ad
2447 5026 2724 5094 imaginem
2766 5035 2814 5077 et
2853 5025 3246 5079 sinﬁlitudiuem
3275 5036 3506 5081 nostram

1938 5116 2090 5184 (Gen.
2122 5115 2161 5185 ι)
2189 5134 2200 5166 :
2230 5131 2295 5168 ex
2330 5114 2443 5184 ejus
2471 5115 2626 5168 vanis
2651 5115 2989 5170 sermonibus
3017 5116 3298 5181 invenitur,
3327 5118 3504 5176 solum

1937 5223 2133 5276 corpus
2163 5208 2364 5280 absque
2395 5207 2572 5262 anima
2607 5207 2672 5260 ad
2705 5206 2990 5276 imaginem
3016 5217 3069 5260 et
3102 5207 3506 5264 siu‘tilitudinem

1938 5299 2030 5352 Dei
2062 5298 2255 5353 factum
2284 5313 2418 5359 esse,
2469 5299 2514 5352 si
2544 5298 2764 5352 omnino
2805 5299 3179 5368 praeexistcbat
3207 5301 3378 5353 anima
3398 5339 3414 5364 ,
3449 5312 3508 5373 et

1938 5389 2082 5443 facto
2109 5403 2357 5458 corpore,
2390 5389 2444 5443 in
2475 5387 2528 5442 id
2555 5387 2752 5456 injecta
2782 5397 2894 5454 est,
2926 5397 3016 5442 aut
3047 5389 3098 5442 in
3124 5388 3207 5452 id,
3252 5398 3506 5457 tanquam

1939 5478 1989 5530 in
2016 5493 2110 5530 vas
2135 5477 2388 5530 immissa.
2420 5476 2498 5532 Ac
2514 5491 2731 5531 necesse
2751 5478 2852 5530 erit
2872 5479 3092 5532 omnino
3112 5479 3306 5540 dicere,
3336 5481 3504 5542 ipsmu

1939 5568 2103 5622 Deum
2155 5568 2401 5637 opificem
2430 5569 2679 5646 hominis,
2728 5585 2923 5639 corpus
2971 5585 3110 5633 esse,
3165 5580 3222 5622 ut
3252 5578 3375 5638 pote
3416 5573 3506 5639 qui

1937 5676 2130 5730 corpus
2162 5660 2225 5713 ad
2252 5661 2532 5728 imaginem
2563 5669 2618 5714 et
2660 5661 3063 5714 similitudinem
3106 5675 3256 5714 suam
3300 5660 3506 5718 fecerit.

1937 5748 2214 5815 Quomodo
2244 5759 2421 5805 autem
2453 5767 2666 5820 corpus,
2698 5752 2870 5818 imago
2907 5752 3210 5822 incorporei
3237 5767 3355 5807 csse
3385 5768 3508 5822 pos-

1936 5840 2051 5892 sit?
2095 5839 2452 5903 Quamobrem
2485 5841 2641 5907 absit,
2689 5848 2744 5895 ut
2769 5839 2849 5896 his
2877 5837 3164 5895 Christiani
3209 5851 3490 5895 assentim-
