4210 6442
723 351 822 417 951

2029 364 2460 427 JUSTINIAN'J
2510 370 2666 434 IMP.

3883 394 3994 454 952

724 465 871 531 οἷκῶν
908 461 1031 519 εἶναι
1077 475 1166 522 τοῦ
1214 469 1485 541 ἀσωμάτου
1532 472 1584 526 τὸ
1635 483 1822 542 enim;
1875 474 1956 530 διὸ
2003 484 2071 548 μὴ
2116 484 2272 550 γένοιτ

799 558 811 574 .
970 567 1002 574 -.
1252 563 1261 574 .
1449 564 1494 574 ..
1542 565 1554 574 .
1692 567 1748 574 _.
1798 563 1837 574 ..
1995 573 2000 574 ,
2099 573 2103 574 ν

2372 517 2378 540 ,
2413 488 2512 534 tur.
2561 484 2618 536 Si
2666 501 2814 549 vero,
2841 485 2991 553 juxia
3035 488 3276 557 Origenis
3322 495 3750 574 blasphemiam,
3795 510 3991 567 artium

725 558 926 617 τούτοις
970 563 1299 633 Χριστιανοὺς
1345 564 1638 615 συνθέσθαι.
1692 567 1748 617 Ei
1789 563 1840 618 δὲ
1882 573 2012 624 κατά
2049 573 2138 626 τήν
2176 580 2310 645 Ὠρι-

724 647 894 715 γὲνους
921 648 1247 721 ’βλασφημίαν
1288 661 1636 725 προϋπῆρχον
1679 657 1731 710 αἱ
1772 655 1963 727 ψυχαί,
1992 663 2079 715 καὶ
2123 659 2208 718 διὰ
2250 665 2308 715 τὸ

720 737 1019 812 ἁμαρτῆσαε
1060 742 1222 799 αὐτὰς
1267 747 1511 816 τιμωρίας
1543 747 1697 818 χάριν
1724 749 1796 805 εἰς
1821 749 1885 824 τά
1917 750 2134 820 σώματα
2163 771 2308 805 κατε-

715 831 1125 901 πέμφτιησανλνα
1145 832 1490 889 παιδευθεῖσαι
1517 841 1931 908 σωφρονήσωσιν,
1959 841 2119 915 ἐχρῆν
2145 843 2307 901 αὐτὰς

715 922 892 990 μηκέτι
921 918 1243 996 άμαρτάνειψ
1272 927 1318 976 εἰ
1337 927 1436 999 γάρ
1464 927 1588 1002 πρὸς
1613 928 1811 982 κόλασιν
1835 938 1896 1003 τῆ
1925 929 2076 1001 ψυχῇ
2100 929 2182 985 διὰ
2209 939 2301 991 τήν

713 1010 968 1085 ἁμαρτίαν
997 1011 1136 1071 ἐδόθη
1166 1015 1222 1068 τὸ
1265 1023 1437 1084 σῶμα,
1474 1019 1609 1071 ὥστε
1653 1021 1808 1079 αὐτὴν
1845 1020 2155 1090 ὀδυνωμένην
2180 1046 2300 1078 παι·

713 1099 946 1164 δευθῆναι
971 1105 1102 1177 πρὸς
1124 1105 1182 1158 τὸ
1209 1110 1359 1175 τιμιᾷν
1387 1109 1472 1160 τὸν
1495 1109 1635 1172 Θεὸν,
1661 1117 1769 1168 πῶς
1798 1120 2036 1185 συνεργεῖ
2065 1117 2159 1180 καὶ,
2178 1135 2304 1166 συν-

708 1195 1004 1262 αγωνίζεται
1045 1198 1172 1269 αὐτῇ
1216 1199 1274 1250 τῦ
1313 1205 1465 1271 σῶμα
1501 1202 1632 1274 πρίς
1673 1205 1727 1254 τὸ
1771 1202 2099 1278 άμαρτοὶνςιν,
2130 1203 2156 1258 ὃ
2193 1215 2302 1266 τοῖς

706 1285 1054 1358 κολαζομένοις
1096 1290 1288 1358 γίνεται
1332 1286 1436 1360 [ἵσ.
1464 1293 1520 1344 οὐ
1556 1287 2009 1365 γίνεται];Δεσμοὶ
2052 1299 2171 1370 γὰρ,
2219 1301 2300 1351 καὶ

708 1373 946 1443 plural,
989 1379 1072 1428 καί
1115 1375 1294 1439 πέδαι,
1346 1382 1426 1431 καὶ
1457 1379 1715 1449 συντόμως
1756 1387 1942 1447 εἰπεῖν,
1975 1385 2040 1437 τά
2086 1393 2298 1440 τοιαῦτα

711 1461 940 1534 ἔφεκτικά
976 1471 1069 1517 τοῦ
1117 1464 1330 1527 ἀδικεῖν,
1362 1471 1448 1520 καὶ
1481 1475 1566 1523 τοῦ
1606 1469 1912 1545 ἁμαρτάνειν
1948 1479 2056 1533 τοῖς
2100 1476 2300 1540 κολαζο-

701 1555 866 1623 μένοις
889 1556 1127 1628 γίνονται.
1155 1560 1224 1610 Οὐ
1243 1560 1342 1630 γάρ
1369 1557 1510 1618 ὅπως
1529 1560 1552 1612 ὁ
1569 1561 1874 1635 ἁμαρτήσας
1899 1565 2045 1618 πλέον
2068 1566 2292 1642 ἁμάρτῃ,

700 1647 945 1718 συνεργὸς
991 1650 1131 1718 αὐτῷ
1174 1650 1304 1722 πρὸς
1350 1656 1439 1705 τὴν
1483 1650 1734 1723 ἁμαρτίαν
1779 1651 1804 1706 ὁ
1843 1652 2032 1724 δεσμὸς
2077 1655 2290 1725 δίδοται,

701 1733 805 1790 ἀλλ’
831 1733 972 1796 ὅπως
1017 1739 1284 1794 παύσηται
1329 1746 1416 1793 τοῦ
1461 1738 1767 1812 ἁμαρτάνειν
1813 1741 1898 1796 διά
1948 1751 2047 1797 τῶν
2095 1744 2293 1816 δεσμῶν

2409 571 2838 638 ριωθεὶειοῒκιηι,
2882 591 2946 630 ac
2975 577 3028 631 in
3067 593 3279 648 poenam
3310 596 3654 652 peccatorum
3683 571 3905 651 suorum
3936 601 3992 654 in

2408 674 2638 728 corpora
2665 661 2908 719 demissa:
2949 677 3092 735 sunt,
3145 679 3202 724 ut
3245 676 3537 735 emendatae
3583 683 3989 757 resipiscerent,

2407 763 2501 802 eas
2550 753 2833 824 oportebat
2861 757 3088 826 amplius
3130 776 3242 815 non
3274 778 3515 831 peccare.
3559 769 3692 825 Nam
3721 776 3766 828 si
3795 753 3993 849 corpus

2404 838 2587 896 datum
2629 849 2711 895 est
2740 845 2931 898 anima:
2972 849 3024 900 in
3053 851 3371 919 supplicium
3403 867 3624 926 propter
3652 838 3912 930 peccata:
3934 877 3990 922 ut

2403 930 2681 988 doloribus
2723 937 3104 993 emendaretur
3153 943 3219 996 ad
3273 945 3734 1008 honoriﬁcandum
3787 956 3979 1024 Deum,

2402 1020 2674 1085 quomodo
2698 1037 2894 1092 corpus
2920 1041 3041 1080 eam
3074 1029 3292 1098 adjuvat
3317 1044 3373 1087 et
3419 1040 3740 1096 corroborat
3761 1044 3832 1097 ad
3858 1020 3988 1114 pec-

2403 1108 2655 1175 candum,
2686 1111 2828 1180 quod
2860 1114 2926 1169 iis
2952 1117 3042 1184 qui
3066 1133 3224 1186 ptena
3250 1121 3573 1190 afﬁciuntur,
3609 1145 3715 1185 non
3757 1108 3987 1190 evenit?

2401 1194 2622 1254 Vincula
2655 1202 2818 1267 enim,
2861 1220 3126 1273 carceres,
3173 1215 3482 1282 compedes,
3514 1234 3594 1286 ac,
3647 1230 3704 1276 ut
3744 1224 3984 1282 breviter

2398 1283 2594 1353 dicam,
2645 1293 2822 1346 omnia
2853 1299 3139 1362 ejusmodi,
3186 1303 3494 1373 iniquitates
3521 1283 3590 1363 et
3620 1323 3842 1380 peccata
3886 1332 3980 1371 eo-

2397 1390 2516 1428 rum
2563 1380 2834 1446 cohibent,
2891 1386 2981 1453 qui
3025 1385 3137 1454 jam
3169 1405 3355 1459 prunas
3403 1397 3577 1451 luunt.
3618 1401 3728 1456 Nec
3773 1413 3835 1460 ut
3884 1409 3975 1474 qui

2402 1468 2658 1534 peccarit,
2704 1473 2933 1540 amplius
2973 1487 3192 1544 peccet,
3243 1482 3450 1538 vincula
3483 1487 3532 1540 ei
3564 1489 3834 1548 adduntur
3860 1468 3979 1562 qua;

2396 1553 2461 1607 ad
2482 1559 2812 1626 peccandum
2839 1563 3131 1632 adiuvent;
3159 1569 3255 1623 sed
3288 1581 3345 1625 ut
3375 1575 3704 1632 vinculorum
3733 1585 3977 1640 cruciatu

2396 1660 2626 1714 peccare
2642 1643 2896 1707 ’desistat.
2931 1653 3108 1719 Quare
3137 1663 3482 1728 perspicuum
3511 1679 3612 1732 est,
3651 1686 3757 1725 non
3788 1676 3856 1728 ad
3888 1691 3976 1729 su-

2398 1735 2666 1800 periorum
2691 1751 3033 1806 peccatorum
3056 1748 3481 1818 castigationem,
3504 1766 3560 1808 ut
3588 1757 3660 1811 illi
3684 1771 3971 1830 nugantnr,

699 1824 1115 1895 βασανιζόμενος.
1145 1825 1388 1903 Πρόδηλον
1417 1831 1601 1889 τοίνυν.
1639 1827 1719 1883 ὅτι
1743 1831 1800 1882 οὐ
1830 1829 1913 1884 διά
1939 1836 2272 1905 σωφρονισμότ

2395 1826 2711 1892 corporibus
2740 1829 3002 1884 immissas
3049 1847 3170 1888 esse
3202 1838 3406 1892 animas
3431 1858 3446 1905 ;
3491 1845 3586 1898 sed
3612 1824 3782 1902 simui
3801 1849 3971 1907 Deum

698 1917 1066 1991 προλαϐουσῶν
1090 1917 1346 1994 ἁμαρτιῶν
1368 1926 1474 1980 τοῖς
1501 1922 1732 1990 σώμασιν
1755 1923 2082 1981 insuam”
2107 1927 2160 1980 ai
2186 1925 2289 1996 ψυ-

698 2009 802 2081 χαὶ
825 2011 954 2062 κατά
981 2013 1102 2070 τοὺς
1132 2012 1325 2064 ἐκείνων
1350 2013 1555 2080 λήρους,
1587 2015 1712 2068 ἀλλὰ
1742 2019 1870 2071 aurei
1897 2020 2082 2071 ταυτὸν
2112 2019 2136 2072 ὁ
2164 2022 2288 2079 Θεὸς

696 2097 754 2155 τό
777 2120 829 2152 τε
857 2105 1027 2172 σῶμα,
1045 2105 1134 2161 τήν
1155 2122 1208 2158 τε
1231 2102 1431 2173 ψυχήν,
1455 2106 1693 2159 τουτέστι
1715 2108 1899 2161 τέλειον
1928 2110 2010 2164 τὸν
2036 2109 2287 2188 ἄνθρωπον

694 2187 1112 2265 ἐδημιούργησεν.
1139 2191 1278 2248 ὀθεν
1304 2202 1402 2252 τῶν
1431 2194 1516 2249 διά
1543 2203 1635 2250 τοῦ
1660 2202 1900 2279 σώματος
1923 2203 2038 2269 ἡμῖν
2063 2187 2288 2279 πεπραγ-

691 2281 872 2353 μένων,
903 2280 1000 2338 εἴτε
1030 2285 1259 2351 ἀγαθῶν,
1293 2284 1390 2339 εἴτε
1418 2287 1636 2356 φαύλων,
1668 2294 1755 2347 τῆν
1797 2291 2132 2345 ανταπὸὸοσιν
2159 2295 2284 2347 άνκ-

694 2371 924 2440 μένομεν.
955 2377 1113 2426 Τοῦτο
1149 2374 1246 2446 γάρ
1292 2376 1413 2443 ἡμῖν
1457 2373 1803 2451 παραδίδωσιν
1840 2383 1922 2432 καὶ
1947 2379 1972 2433 ὁ
1998 2382 2126 2441 θεῖος
2151 2383 2283 2436 άπὸ-

694 2459 874 2519 στολος
915 2461 1123 2523 Παῦλος,
1156 2462 1337 2532 λέγων’
1373 2479 1393 2513 ε
1415 2459 1532 2517 Ὀτι
1563 2466 1756 2525 πάντας
1784 2470 1917 2536 ἡμᾶς
1941 2474 2282 2544 φανερωθῆναι

692 2551 775 2615 δεῖ
795 2552 1086 2629 ἔμπροσθεν
1111 2561 1198 2616 τοῦ
1231 2556 1459 2625 βήματος
1492 2563 1576 2611 τοῦ
1617 2566 1857 2632 Χριστοῦ,
1886 2562 1968 2614 ἵνα
2013 2565 2281 2630 κομίσηται

692 2643 912 2707 ἕκαστος
937 2647 1001 2701 τά
1032 2644 1114 2700 διά
1137 2652 1228 2700 τοῦ
1259 2650 1500 2716 σώματος
1544 2650 1674 2722 πρὸς
1698 2649 1729 2703 ἃ
1751 2649 1991 2724 ἔπραξεν,
2026 2653 2122 2707 εἴτε
2155 2657 2280 2726 άγα·

691 2735 796 2797 οόν,
814 2734 911 2799 εἴτε
929 2739 1330 2814 φαῦλον.›11ροσὲ
1336 2761 1452 2809 χειν
1470 2744 1630 2794 τοίνυν
1651 2740 1730 2796 δεῖ
1741 2753 1847 2803 τοῖς
1869 2752 1960 2798 τοῦ
1970 2744 2276 2802 ’Δποστὸλου

691 2825 924 2897 ῥήμασιν.
954 2825 1035 2881 ὅτι
1062 2829 1150 2882 οὐκ
1179 2825 1285 2882 εἷπε
1313 2832 1597 2902 κομίζεσθαι
1617 2829 1717 2886 δεῖν
1738 2836 1824 2886 τὶν
1845 2836 2126 2908 κρινόμενον
2145 2839 2275 2910 πρὸς

692 2914 727 2982 ἃ
757 2914 948 2987 ἔπραξε
971 2919 1072 2992 πρὸ
1099 2924 1188 2972 τοῦ
1213 2921 1469 2988 σώματος.
1491 2924 1546 2973 Εἰ
1574 2919 1625 2974 δὲ
1651 2922 1733 2976 ἐπὶ
1757 2924 1921 2994 μόνοις
1948 2935 2052 2985 τοῖς
2081 2925 2163 2980 διὰ
2183 2935 2273 2982 τοῦ

693 3007 932 3074 σώματος
968 3007 1223 3069 κολάζεται
1266 3006 1529 3083 ἅνθρωπος
1569 3015 1717 3087 παρά
1761 3021 1852 3068 τοῦ
1888 3020 2142 3089 κρίνοντος
2183 3025 2272 3076 τήν

691 3102 814 3166 γῆν,
854 3094 884 3154 ἦ
923 3105 1014 3157 τῆς
1056 3095 1268 3158 δεούσης
1307 3101 1530 3162 ἀξιοῦται
1570 3111 1746 3170 τιμῆς,
1775 3109 1938 3174 μνήμη
1978 3105 2028 3159 δέ
2068 3106 2272 3177 οὐδεμία

2392 1925 2448 1970 et
2470 1933 2666 1988 corpus
2710 1931 2766 1974 et
2804 1925 3057 1990 animam,
3103 1925 3156 1980 id
3197 1941 3298 1992 est,
3348 1933 3644 2001 perfectum
3672 1940 3966 2009 hominem,

2389 2009 2704 2068 fabricatum
2736 2030 2874 2070 esse.
2904 2016 3089 2087 itaque
3119 2036 3304 2074 eorum
3335 2037 3455 2091 qua:
3483 2041 3578 2093 per
3599 2044 3798 2099 corpus
3820 2048 3850 2085 a
3877 2050 3970 2090 no.

2387 2098 2468 2153 bis
2495 2111 2642 2169 gesta
2672 2111 2814 2169 sunt,
2842 2108 2955 2160 sive
2977 2107 3262 2176 bonorum,
3284 2113 3399 2167 sive
3427 2117 3706 2184 malorum,
3737 2125 3967 2179 retribu-

2387 2190 2588 2246 tionem
2616 2205 3024 2264 exspectamus;
3056 2199 3160 2254 hoc
3187 2203 3330 2256 enim
3355 2208 3511 2260 nobis
3541 2211 3706 2264 tradit
3739 2221 3796 2266 ct
3832 2215 3966 2270 divi-

2387 2296 2487 2335 nus
2515 2285 2792 2351 apostolus
2821 2285 3021 2342 Paulus
3059 2289 3242 2344 dicens
3268 2310 3280 2346 :
3334 2291 3527 2350 Omnes
3555 2303 3690 2353 enim
3720 2319 3819 2356 nos
3851 2321 3964 2358 νηο-

2385 2373 2624 2442 nifestari
2644 2385 2839 2444 oportet
2861 2388 2981 2432 ante
2997 2379 3228 2435 tribunal
3251 2383 3462 2450 Christi,
3499 2398 3554 2441 ut
3580 2394 3775 2462 referat
3801 2411 3963 2449 unus-

2383 2465 2591 2533 quisque
2638 2481 2697 2517 ea
2723 2483 2836 2536 qua:
2862 2484 2952 2534 per
2997 2484 3182 2539 corpus
3227 2484 3380 2540 prout
3409 2479 3564 2546 gessit
3607 2483 3712 2534 sive
3745 2488 3956 2550 bonum,

2381 2555 2484 2612 sive
2517 2554 2808 2628 matum(ll
2822 2556 3036 2627 Conv).
3079 2559 3412 2616 Atlendenda
3437 2581 3564 2633 ergo
3585 2578 3708 2622 sunt
3729 2576 3958 2639 apostoli

2383 2645 2542 2699 verba
2569 2663 2585 2709 ;
2637 2661 2738 2704 nec
2766 2649 2909 2704 enim
2938 2650 3092 2715 dixit,
3141 2664 3394 2721 oportere
3440 2660 3682 2728 recipere
3711 2679 3836 2718 cum
3865 2668 3956 2735 qui

2373 2734 2661 2802 iudicatur,
2715 2747 2873 2806 prout
2919 2742 3086 2809 gessit
3114 2753 3238 2798 ante
3266 2760 3481 2815 corpus.
3528 2751 3584 2802 Si
3629 2765 3762 2806 vero
3796 2756 3868 2810 ob
3887 2734 3954 2811 ea

2378 2827 2491 2879 sola
2519 2841 2637 2893 qum
2666 2842 2762 2898 per
2788 2845 2984 2899 corpus
3013 2833 3174 2888 homo
3201 2837 3382 2902 gessit,
3434 2839 3502 2893 ab
3538 2857 3603 2894 eo
3632 2846 3724 2910 qui
3755 2855 3954 2901 terram

2369 2918 2593 2985 iudicat,
2627 2922 2710 2974 vel
2740 2937 2896 2991 pmna
2921 2923 3169 2991 aﬂicitur,
3200 2933 3283 2981 vel
3318 2932 3510 2985 merito
3541 2937 3796 3002 prannio;
3831 2940 3952 2994 nul-

2376 3009 2533 3078 laque
2596 3011 2798 3066 mentio
2848 3011 2940 3067 ﬁat
2987 3022 3112 3068 ante
3157 3017 3508 3072 admissurum
3556 3033 3949 3090 peccatorum:

2372 3102 2710 3171 perstricnnm
2740 3111 2844 3171 est,
2893 3105 3098 3160 animas
3127 3117 3254 3162 ante
3271 3125 3510 3179 corpora
3556 3130 3663 3168 non
3703 3132 3846 3172 esse.
3891 3118 3949 3174 Si

691 3189 1097 3262 προγενεστέρων
1136 3189 1544 3262 ἁμαρτημάτων,
1585 3191 1730 3253 δῆλον
1775 3193 1856 3251 ὅτι
1895 3199 1951 3249 οὐ
1994 3203 2266 3278 προϋπάρ-

2372 3198 2512 3249 enim
2560 3199 2984 3266 pneexisterent,
3031 3185 3256 3255 dixissei.
3294 3201 3598 3272 Apostolus,
3649 3218 3799 3275 gesta
3834 3221 3945 3265 tum

691 3298 852 3350 χουσι
878 3287 978 3334 τῶν
998 3283 1248 3349 σωμάτων
1265 3284 1319 3335 αἱ
1339 3282 1408 3352 ψυ
1417 3287 1535 3352 χαί·
1561 3290 1606 3339 εἰ
1627 3292 1722 3361 γὰρ
1746 3297 2105 3364 προϋπῆρχον,
2133 3289 2270 3348 εἶπεν

690 3362 749 3422 ἂν
776 3368 1147 3433 δ’Δπὸοτολος,
1177 3373 1355 3447 ὥσπερ
1398 3375 1465 3428 τά
1494 3373 1576 3428 διά
1607 3382 1696 3428 τοῦ
1742 3383 2000 3447 σώματος,
2025 3381 2159 3435 οὕτω
2188 3389 2272 3438 καὶ

687 3460 754 3513 τά
786 3461 888 3533 πρό
923 3467 1015 3516 τοῦ
1053 3463 1307 3533 σώματος.
1342 3459 1458 3518 Ὀτι
1487 3463 1538 3518 δὲ
1569 3465 1621 3518 αἱ
1653 3473 1752 3520 τῶν
1789 3469 2063 3542 ἀνθρώπων
2094 3471 2277 3543 ψυχαί

685 3552 853 3624 νοεραί
888 3571 965 3616 τε,
989 3554 1071 3606 καὶ
1117 3553 1310 3624 λογικαὶ
1351 3557 1694 3626 τυγχάνουσι,
1721 3566 1820 3613 τῶν
1863 3559 2268 3634 ὁμολογουμένων

683 3639 842 3700 ἐστίν’
878 3637 1005 3715 ὅπερ
1033 3640 1143 3698 οὐδὲ
1172 3646 1289 3703 τοὺς
1327 3647 1613 3718 Ὠριγένους
1654 3650 2099 3719 ἀντιποιουμένους
2123 3659 2266 3724 νομί-

683 3730 827 3800 ζομεν
866 3731 1220 3806 ἀπαρνεῖσθαι.
1269 3736 1575 3794 Εἰπάτωσαν
1615 3743 1782 3792 τοίνυν
1804 3741 1848 3792 οἶ
1876 3745 1943 3795 τά
1982 3747 2268 3818 Ὠριγένσυς

681 3810 1002 3897 φρονιῦντεμ
1045 3826 1098 3878 αἴ
1126 3825 1301 3896 ψυχαί
1333 3828 1521 3888 αὐτῶν,
1555 3826 1654 3900 εἴγε
1695 3827 1797 3903 ἄρα
1839 3835 1996 3895 καθὼς
2034 3834 2262 3906 λέγουσι,

680 3923 1022 3990 προϋπῆρχον
1051 3925 1150 3970 τῶν
1183 3920 1454 3988 σωμάτων,
1487 3923 1602 3997 πρὶν
1624 3921 1656 3980 ἣ
1683 3923 1730 3976 ἐν
1756 3932 1867 3983 τοῖς
1895 3930 2130 3995 σώμασιν
2154 3933 2266 3983 εἰσ·

678 4005 880 4060 ἐλοωσιν
907 4047 920 4065 ,
963 4008 1011 4058 ἐν
1055 4011 1175 4080 ποίᾳ
1233 4011 1368 4071 τάξει
1407 4011 1678 4086 ὑπῆρχον,
1718 4013 1747 4072 ἦ
1782 4017 1832 4067 τί
1871 4014 2259 4090 διεπράττοντος

676 4094 839 4163 ἔχρῆν
865 4097 965 4166 γάρ
995 4097 1151 4156 αὐτάς
1179 4095 1357 4154 εἰδέναι
1384 4107 1483 4154 ποῦ
1507 4099 1654 4165 ἦσαν,
1688 4105 1732 4156 εἰ
1757 4113 2014 4178 προῆοαν,
2040 4111 2124 4160 καί
2151 4118 2262 4168 πῶς

674 4181 888 4239 ἔνια-ζόα
918 4189 1266 4260 παρεγένοντο.
1300 4193 1359 4243 Εἰ
1388 4189 1442 4244 δὲ
1469 4198 1621 4246 τοῦτο
1650 4195 1826 4252 αὐτοῖς
1857 4197 2121 4268 ἀμήχανόν
2147 4198 2262 4255 ἔστι

672 4272 852 4345 λέγειν,
881 4281 947 4337 ὡς
995 4288 1084 4339 τῆς
1128 4281 1361 4341 ἀληθείας
1403 4287 1471 4352 μή
1507 4282 1684 4348 ον’ὖσης,
1711 4283 1858 4344 δῆλον
1898 4286 1978 4343 ὅτι
2017 4293 2167 4362 μῦθοι
2194 4297 2259 4348 τά

670 4367 982 4429 κατ-ἀὐτοὺς
1011 4372 1361 4442 ὑπάρχουσιν.
1397 4370 1546 4452 Ἴσως
1576 4374 1630 4430 δὲ
1658 4378 1882 4451 ἐροῦσιν.
1919 4377 2002 4434 ὅτι
2043 4384 2170 4450 μετὰ
2199 4385 2259 4438 τό

670 4458 906 4512 εἰσελθεῖν
944 4463 1037 4519 τάς
1067 4460 1247 4531 ψυχάς
1274 4464 1321 4514 ἓν
1350 4470 1457 4523 τοῖς
1484 4466 1709 4533 σώμασι,
1737 4466 1847 4520 τότε
1876 4465 2118 4525 δύνανται
2145 4470 2258 4529 δια·

671 4553 855 4622 κρίνειν
889 4573 964 4616 τε,
999 4556 1078 4606 καί
1103 4556 1366 4625 γινώσκειν
1395 4558 1459 4608 τά
1487 4556 1810 4628 πραττόμενα
1850 4558 1978 4633 παρ’
1998 4562 2188 4615 αὐτῶν·
2212 4566 2255 4616 εἰ

669 4638 725 4695 δὲ
747 4647 898 4696 τοῦτο
923 4639 1151 4707 εἴπωσιν,
1187 4644 1476 4717 εὑρίσκεται
1512 4646 1570 4697 τὸ
1597 4652 1746 4715 σῶμα
1773 4649 1901 4701 κατά
1928 4651 2048 4708 τοὺς
2085 4653 2253 4706 αὐτῶν

668 4736 912 4802 ματαίους
932 4735 1113 4804 λόγους
1133 4738 1430 4809 τιμιὼτερον
1455 4744 1545 4797 τῆς
1570 4736 1773 4807 ψυχῆς,
1806 4736 1887 4808 οἵα
1910 4745 2251 4812 χαριζόμενον

667 4825 792 4892 αὐτῇ
826 4824 882 4876 τὸ
916 4821 1095 4896 νοεράν
1118 4842 1194 4884 τε,
1227 4826 1305 4876 καί
1325 4825 1520 4896 λογικὸν
1561 4827 1805 4896 γενέσθαι·
1839 4829 1960 4880 ἀλλά
2001 4831 2057 4883 τὸ
2091 4831 2248 4901 λέγειν

665 4919 810 4965 τοῦτο
840 4934 878 4965 π
904 4910 1012 4971 ’σης
1042 4913 1176 4968 ἐστὶν
1206 4914 1399 4976 άν;ίας,
1434 4918 1519 4966 καὶ
1549 4917 1766 4975 ἀτοπίας
1789 4918 1992 4985 μεστόν.
2028 4924 2167 4974 Atei-ri
2194 4919 2248 4976 δέ

664 5001 814 5066 ὅλως,
845 5001 985 5076 εἴπερ
1015 5006 1082 5062 ὡς
1108 5004 1314 5073 λέγουσι
1353 5013 1690 5079 προϋπῆρχεν
1713 5008 1744 5064 ἡ
1772 5007 1947 5078 ψυχή.
1978 5010 2247 5080 μαθήσεώς

657 5115 814 5161 τινος,
862 5094 892 5154 ἣ
938 5094 1160 5164 διδαχῆς
1202 5094 1371 5152 δέεται
1399 5099 1450 5152 ἕν
1478 5105 1548 5167 τῷ
1576 5101 1780 5169 σώματι
1823 5103 2077 5171 γενομένη,
2111 5108 2244 5160 κατά

659 5187 836 5255 μικρὸν
879 5185 1181 5256 εἷσαγομὲνη
1199 5227 1212 5245 .
1251 5191 1334 5240 καὶ
1376 5189 1741 5262 προκόπτουσα
1769 5195 1840 5251 εἰς
1867 5195 1933 5247 τὰ
1961 5195 2161 5264 μείζονά
2189 5218 2241 5250 τε

577 5337 579 5340 ι
660 5279 738 5329 καὶ
760 5275 1069 5350 τελειότερα;
1100 5280 1153 5335 13³
1181 5278 1279 5351 γάρ
1320 5287 1499 5350 προῆν,
1529 5281 1612 5332 καὶ
1639 5282 1904 5352 ἐγίνωσκεν
1937 5277 1994 5335 ἂν
2023 5286 2084 5337 τά
2111 5305 2245 5354 συμ-

654 5368 866 5442 φέροντα
912 5366 1163 5438 μηδεμιᾶς
1211 5369 1476 5433 μαθήσεως
1519 5367 1744 5440 δεομένη,
1773 5374 1857 5424 καί
1891 5374 1959 5430 ὡς
1991 5373 2036 5424 ἐν
2061 5375 2242 5442 γνώσει

647 5459 994 5530 τυγχάνουσα
1052 5456 1327 5534 διωρθοῦτο
1386 5467 1499 5518 ταῖς
1554 5461 1854 5530 ἐπιμελείαις
1884 5478 1894 5488 ·
1945 5465 2027 5515 καὶ
2087 5468 2134 5515 εἰ
2183 5466 2238 5518 τὸ

653 5559 887 5618 πταῖσμα
930 5552 1217 5623 ὶγίνωσκεν,
1250 5553 1334 5604 οῦκ
1362 5549 1652 5604 ἓδιδάσκετο
1689 5554 1754 5608 ὡς
1797 5556 2206 5626 προεπισταμένη

658 5645 703 5696 £1
726 5639 778 5698 δὲ
806 5639 1093 5698 διδάσκεται
1123 5643 1189 5701 ὡς
1214 5643 1488 5712 ἀγνοοῦσα,
1518 5643 1574 5692 οὐ
1608 5638 1816 5713 προῄδει
1835 5655 1846 5667 ·
1877 5645 1920 5694 εἰ
1948 5639 1999 5694 δὲ
2026 5644 2082 5694 οὐ
2109 5664 2236 5717 προ-ο

653 5734 776 5808 ᾔδει,
811 5734 869 5788 οὐ
900 5740 1078 5805 προῆν,
1103 5732 1227 5784 ἀλλὰ
1253 5730 1393 5786 δῆλον
1432 5728 1512 5786 ὅτι
1547 5733 1606 5783 οὗ
1637 5738 1817 5806 προῆν-
1849 5740 1947 5791 Τῆς
1971 5733 2069 5808 γάρ
2097 5736 2231 5802 γενίι

646 5847 776 5888 οιως
807 5827 945 5900 ἡμῶν
975 5819 1136 5883 α’τιὸς
1177 5825 1286 5876 ἐστι
1322 5821 1522 5891 μόνοςὸ
1567 5823 1709 5885 ϐιὸς,
1772 5820 1917 5883 σὸτις
1956 5825 2110 5884 καθὼς
2145 5828 2234 5880 οὐκ

2373 3300 2469 3353 per
2494 3301 2706 3354 corpus,
2740 3296 2852 3342 tum
2879 3298 3002 3342 ante
3028 3304 3240 3359 corpus.
3281 3293 3499 3348 Animas
3519 3311 3644 3349 vero
3666 3298 3946 3358 hominum

2371 3376 2721 3444 intelligentia
2751 3387 2806 3432 et
2826 3381 3037 3434 ratione
3059 3383 3157 3446 uti,
3186 3383 3239 3437 in
3269 3385 3514 3441 confesso
3541 3398 3625 3442 est
3652 3407 3666 3452 ;
3698 3393 3846 3456 quod
3877 3409 3945 3448 ne

2369 3479 2466 3518 eos
2492 3465 2710 3533 quidem
2739 3481 2936 3535 negare
2979 3479 3244 3538 putamus,
3275 3475 3366 3542 qui
3397 3482 3610 3530 tuentur
3632 3479 3942 3548 Origenem.

2367 3552 2556 3610 Dicant
2582 3558 2741 3625 igitur
2768 3561 2856 3628 qui
2885 3577 3008 3616 cum
3029 3561 3258 3631 Origene
3279 3569 3514 3622 sentiunt
3539 3589 3552 3622 :
3582 3573 3773 3629 aninue
3795 3578 3938 3644 ipso-

2367 3662 2485 3699 rum
2517 3649 2823 3717 (siquidem,
2849 3659 2905 3705 ut
2935 3664 3262 3719 asseverant,
3293 3668 3417 3713 ante
3444 3676 3670 3731 corpora
3701 3663 3940 3733 fuerunt}

2367 3737 2677 3805 priusquam
2699 3742 2752 3793 in
2771 3743 2880 3810 ipsa
2905 3744 3328 3810 ingrederentur,
3350 3764 3457 3818 quo
3479 3751 3530 3803 in
3555 3754 3742 3808 ordine
3763 3767 3939 3820 erant,

2367 3835 2460 3878 aut
2488 3828 2614 3896 quid
2645 3830 2916 3896 agebant?
2944 3830 3192 3900 Oportuit
3221 3836 3363 3890 enim
3393 3853 3505 3903 eas,
3535 3841 3578 3893 si
3608 3853 3734 3896 ante
3761 3856 3939 3911 erant,

2366 3915 2527 3983 scire,
2571 3932 2678 3985 quo
2707 3918 2830 3973 loco
2859 3930 3060 3988 essent,
3105 3934 3197 3978 aut
3241 3930 3512 3994 quomodo
3547 3930 3650 3985 huc
3689 3933 3941 3991 advenis-

2365 4015 2523 4068 sent;
2563 4008 2646 4063 sin
2689 4009 2794 4064 hoc
2826 4013 2969 4066 nulla
2999 4015 3209 4070 ratione
3249 4028 3473 4085 possunt
3501 4022 3677 4077 dicere
3708 4024 3857 4094 (nam
3890 4029 3941 4082 id

2366 4114 2550 4154 verum
2587 4117 2694 4156 non
2724 4102 2850 4174 est),
2877 4115 3121 4174 apertum
3151 4119 3234 4162 est
3269 4125 3366 4164 eos
3395 4113 3596 4166 fabulas
3623 4115 3824 4171 dicere.
3873 4121 3942 4173 At

2363 4189 2592 4244 fortasse
2620 4191 2817 4255 dicant,
2871 4195 3077 4249 animas
3114 4206 3398 4267 postquam
3428 4216 3652 4270 corpora
3682 4205 3940 4270 ingressa:

2361 4292 2504 4346 sunt,
2537 4290 2649 4337 tum
2677 4282 2982 4338 discernere
3023 4300 3179 4354 posse
3221 4296 3276 4342 et
3313 4303 3641 4356 cognoscere
3669 4308 3790 4362 quae.
3819 4313 3851 4350 a
3881 4315 3941 4353 se

2360 4381 2636 4440 geruntur.
2665 4371 2721 4427 Si
2749 4374 2853 4428 hoc
2878 4374 3075 4440 dicent,
3107 4391 3176 4434 ex
3197 4392 3381 4432 eorum
3405 4381 3551 4434 inani
3571 4383 3941 4450 disputatione

2360 4461 2641 4527 eﬂicietur,
2673 4471 2731 4517 ut
2757 4479 2958 4534 corpus
2989 4465 3108 4534 plus
3151 4469 3307 4535 pretii
3337 4477 3500 4537 atque
3527 4472 3747 4528 honoris
3775 4493 3939 4546 quam

2286 4554 2333 4610 D
2358 4553 2534 4606 anima
2566 4553 2801 4617 habeat;
2849 4557 2991 4622 quod
3017 4555 3065 4608 ei
3097 4555 3148 4608 in
3178 4557 3423 4611 beneﬁcii
3453 4558 3574 4613 loco
3601 4560 3692 4614 det
3735 4565 3937 4622 intelli-

2354 4644 2591 4712 gentiam
2632 4652 2689 4698 et
2733 4646 3041 4711 rationem;
3091 4649 3240 4717 atqui
3286 4649 3389 4704 hoc
3417 4666 3679 4718 asserere,
3716 4658 3936 4723 plenum

2352 4732 2636 4785 dementia:
2663 4739 2746 4786 est
2771 4742 2933 4802 atque
2957 4735 3320 4791 absurditatis.
3363 4739 3472 4792 Cur
3497 4756 3628 4795 vero
3654 4744 3700 4796 si
3730 4748 3936 4814 anima,

2352 4827 2412 4886 ut
2440 4822 2608 4886 aiunt,
2641 4830 2768 4876 ante
2797 4821 2894 4877 fuit
2931 4838 3092 4892 quam
3140 4840 3356 4894 corpus,
3399 4827 3676 4897 disciplina
3708 4832 3936 4900 indiget,

2355 4919 2638 4981 postquam
2671 4911 2724 4964 in
2771 4927 2968 4980 corpus
2995 4914 3160 4978 venit,
3216 4917 3583 4986 paulatimque
3614 4920 3933 4988 instituitur,

2353 5007 2408 5057 et
2449 5000 2515 5053 ad
2544 5001 2766 5054 meliora
2813 5001 3244 5071 perfectioraqne
3291 5008 3672 5073 progreditur?
3715 5010 3850 5065 Nam
3893 5016 3934 5069 si

2353 5096 2477 5140 ante
2507 5090 2785 5154 existeret,
2827 5090 2974 5142 utilia
3018 5093 3201 5160 utique
3247 5107 3618 5162 cognosceret,
3672 5115 3775 5154 nec
3825 5104 3932 5157 ulla

2353 5189 2534 5246 egeret
2563 5181 2836 5246 doctrina,
2871 5196 2988 5248 nec,
3019 5192 3078 5237 ut
3106 5194 3233 5254 pote
3261 5187 3316 5241 in
3346 5190 3654 5256 cognitione
3681 5208 3928 5260 versans,

2354 5286 2480 5328 cura
2512 5279 2564 5325 ct
2590 5271 2862 5339 diligentia
2893 5273 3228 5339 erudiretur;
3254 5291 3320 5332 ac
3347 5278 3412 5346 si,
3439 5278 3567 5342 quid
3593 5281 3663 5334 sit
3691 5281 3934 5339 offende-

2350 5377 2427 5426 re,
2479 5363 2703 5427 sciebat,
2757 5379 2862 5417 non
2912 5362 3232 5420 educeretur
3254 5366 3400 5434 quod
3442 5377 3601 5424 antea
3636 5373 3928 5428 scivisset:

2342 5452 2452 5521 jam
2485 5468 2610 5508 vero
2639 5454 2681 5507 si
2712 5453 2947 5516 docetur,
2981 5464 3038 5507 ut
3069 5455 3122 5509 in
3153 5457 3486 5529 ignoratione
3506 5475 3748 5526 versans,
3781 5467 3930 5532 prius

2347 5561 2452 5600 non
2498 5545 2742 5608 sciebat;
2793 5546 2837 5598 si
2873 5561 2978 5598 non
3007 5548 3155 5613 prius
3194 5548 3371 5611 scivit,
3414 5559 3542 5604 ante
3569 5550 3824 5607 nonfuit.
3863 5555 3929 5608 At

2347 5637 2513 5704 liquet
2541 5652 2657 5696 eam
2680 5643 2835 5697 antea
2869 5651 2974 5689 non
3003 5636 3186 5699 fuisse.
3226 5636 3385 5697 Ortus
3412 5641 3553 5700 enim
3582 5645 3755 5697 nostri
3785 5643 3927 5700 Deus

2341 5728 2490 5782 solus
2521 5727 2572 5780 in
2604 5740 2760 5785 causa
2801 5732 2883 5779 est
2911 5743 2925 5790 ;
2977 5727 3067 5795 qui
3096 5737 3154 5784 ut
3183 5744 3299 5790 nos,
3348 5745 3470 5785 cum
3513 5746 3621 5786 non
3652 5747 3919 5794 essemus.

2339 5823 2462 5876 fecit
2489 5842 2498 5874 :
2549 5824 2622 5876 sic
2653 5827 2829 5882 natos,
2881 5819 3052 5884 gratia
3095 5836 3362 5890 manuque
3391 5823 3604 5893 prOpri-t
3637 5832 3820 5879 tuetur
3847 5842 3911 5881 ac
