4210 6442
260 431 363 489 973

1342 421 1567 481 LIBER
1610 419 2005 480 ADVERSUS
2043 419 2464 485 ORIGENE‘J.

3362 438 3469 510 θη

261 543 376 598 σίας
397 543 742 608 ἀπιλαῧέντος,
765 545 846 595 καὶ
873 549 969 595 τῶν
989 541 1263 614 ὁμοορὸνων
1286 542 1468 610 ἐκείνῳ·
1493 544 1548 594 ού
1574 542 1666 616 γάρ
1690 535 1814 594 εἷπε.
1850 540 1887 595 Α

1805 581 1814 593 ,
1850 540 1887 595 Α
1924 536 1987 588 ad
2018 553 2108 592 eos
2136 538 2224 606 qui
2253 548 2372 592 sunt
2402 541 2466 593 ab
2492 539 2746 601 iiccicsia,
2771 563 2786 591 ι
2805 542 2870 594 de
2895 540 3118 607 Origene
3139 543 3414 610 disserere,
3437 562 3467 602 ι

268 649 286 680 ε
306 631 432 704 πρὸς
465 633 582 690 τοὺς
603 632 652 684 έν
686 639 748 702 τῇ
774 630 1002 702 ἐκκλησία
1020 673 1030 691 ,
1049 648 1066 678 i
1097 629 1217 680 ἀλλὰ
1258 646 1274 676 ι
1293 631 1419 700 πρὸς
1446 632 1565 687 τούς
1591 631 1688 681 ἀπὸ
1727 637 1812 683 τί,-

261 717 519 777 έκκλησέας
555 721 668 788 iide
696 721 805 773 ἐστί
831 740 907 777 τις
944 719 1109 788 λόγος·
1133 735 1152 768 s
1177 721 1259 772 καί
1300 717 1381 771 διὰ
1420 721 1506 786 μέν
1547 725 1634 771 τοῦ
1666 721 1819 770 εἰπεῖν

266 822 285 856 ε
316 808 452 873 ύμῖν,
475 825 493 856 ι
524 810 638 869 τοὺς
664 816 753 866 τῆς
779 807 1042 866 ἐκκλησίας
1085 805 1324 862 έδηλωσε’
1353 804 1435 859 διὰ
1461 805 1514 859 δέ
1543 812 1631 860 τεῦ
1669 808 1818 858 εἰπεῖν

267 913 284 944 ι
319 899 437 955 τούς
461 897 560 950 ἀπὸ
594 906 684 957 τῆς
714 896 1000 956 ἐκκλησίας.
1035 914 1052 946 s
1081 897 1199 954 τοὺς
1244 897 1432 952 ταύτης
1474 896 1816 953 ἀποπετίντας

263 985 521 1054 ἐσήμανεν.

324 1165 407 1217 Ἐν
449 1164 500 1220 δέ
537 1169 620 1221 καί
655 1167 799 1236 μόνον
836 1173 908 1238 τῷ
951 1163 1187 1222 δυσσεϐεῖ
1227 1166 1465 1238 Ὠριγένει
1504 1163 1817 1231 σπούδασμα

256 1259 421 1329 γέγονε
441 1298 455 1317 ,
486 1261 541 1312 τὸ
564 1264 651 1314 τὴν
677 1259 950 1315 Ἑλληνικήν
974 1258 1153 1316 πλάνην
1174 1263 1412 1328 κρατῦναι
1430 1299 1444 1322 ,
1475 1259 1555 1308 καί
1581 1262 1692 1314 ταῖς
1721 1262 1818 1306 τῶν

257 1351 567 1422 σαθροτέρων
591 1348 793 1418 ψυχαῖς
834 1350 1026 1412 ζιζάνια
1059 1350 1475 1420 ἐγκατασπεῖραι.
1514 1348 1595 1399 Διὸ
1633 1349 1820 1415 κᾴκεῖνο

256 1443 311 1506 τὸ
347 1445 565 1510 γέλωτος
599 1443 689 1508 μέν
722 1439 885 1502 ἄξιον,
925 1439 1048 1509 παρ’
1078 1441 1235 1492 αὐτοῦ
1280 1436 1334 1491 δέ
1369 1437 1500 1504 ὅμως
1539 1437 1815 1506 εἰρημένον,

254 1532 370 1600 περί
393 1535 485 1586 τῆς
514 1536 612 1580 τῶν
640 1529 910 1599 ἀνθρώπων
935 1529 987 1580 in
1012 1534 1195 1600 νεκρῶν
1219 1528 1562 1584 ἀναστάσεως,
1591 1526 1820 1596 προσθεῖ-

253 1638 330 1670 ναι
351 1615 660 1685 συνείδομεν.
686 1619 829 1686 Λέγει
847 1620 966 1690 γάρ,
992 1615 1068 1670 ὅτι
1089 1618 1137 1670 έν
1245 1617 1515 1668 ἀναστάσει
1535 1613 1817 1690 σφαιροειδή

253 1707 528 1780 έγείρονται
573 1708 638 1760 τά
687 1710 903 1773 σώματα
939 1713 1037 1760 τῶν
1074 1709 1362 1780 ἀνθρώπων.
1394 1706 1458 1754 Ὦ.
1500 1717 1588 1764 της
1625 1707 1814 1768 ἀνοίας,

254 1797 335 1846 καί
360 1795 605 1866 ἀμαοεέας
628 1801 717 1848 τοῦ
746 1795 1113 1867 φρενοϐλαϐοὖς
1143 1797 1346 1854 τούτου,
1379 1799 1461 1847 καί
1489 1803 1586 1850 τῶν
1617 1796 1818 1851 Ἐλληνι-

1922 627 2009 680 lici
2038 630 2202 697 gratia
2246 639 2298 682 et
2341 639 2522 684 sancta
2571 630 2665 684 Dei
2693 630 2921 685 Ecclesia
2951 632 3171 700 expulso
3197 673 3210 695 ,
3255 634 3473 704 ejusque

1918 719 2263 784 sequacibus:
2287 735 2388 773 non
2418 722 2558 773 enim
2588 721 2740 784 dixit,
2762 739 2780 772 ι
2808 721 2872 774 ad
2903 737 2996 776 eos
3019 723 3108 790 qui
3136 732 3258 777 sunt
3286 725 3338 777 iii
3366 723 3472 780 Ec-

1916 808 2130 867 clesia,»
2147 807 2258 869 sed,
2281 826 2298 857 ι
2318 808 2504 862 Sermo
2521 810 2732 878 quidam
2760 811 2913 864 nobis
2937 819 3018 866 est
3044 810 3110 864 ad
3127 827 3219 866 eos
3233 813 3324 880 qui
3350 823 3472 868 sunt

1917 897 1983 948 ab
2010 895 2273 960 Ecclesia;
2309 915 2324 947 ι
2354 906 2406 950 et
2434 913 2528 966 per
2557 901 2682 953 illud
2712 902 2923 970 quidem
2953 902 3095 972 quod
3120 902 3284 972 dicit,
3322 923 3340 955 I
3373 920 3472 962 nov

1919 985 2017 1042 liis,
2041 1003 2057 1034 i
2085 982 2334 1039 Ecclesia:
2360 988 2600 1041 homines
2627 975 3091 1059 signiﬁcavitjper
3119 992 3244 1046 illud
3274 1001 3473 1066 autem,

1924 1092 1940 1122 ε
1965 1075 2051 1140 qui
2081 1082 2205 1127 sunt
2234 1077 2298 1127 ab
2329 1073 2559 1128 Ecclesia
2581 1114 2594 1136 ,
2637 1095 2654 1127 ›
2681 1077 2917 1144 dejectos
2944 1081 3010 1132 ab
3039 1082 3147 1149 ipsa
3177 1082 3470 1136 denotavit.

1993 1161 2158 1214 Unum
2187 1175 2360 1216 autem
2392 1180 2454 1217 ac
2482 1165 2652 1217 solum
2683 1165 2844 1234 impio
2863 1165 3072 1232 Origeni
3096 1169 3326 1222 studium
3354 1168 3470 1232 fuit,

1920 1266 2240 1318 paganorum
2288 1269 2523 1305 errorem
2572 1253 2928 1322 conﬁrmare,
2977 1264 3030 1308 et
3069 1256 3471 1311 imbecilliorum

1919 1343 2106 1394 animis
2131 1344 2328 1394 zizania
2354 1344 2602 1396 inserere.
2627 1344 2980 1407 Quamobrem
3004 1346 3106 1406 hoc
3132 1361 3342 1414 quoque
3365 1348 3471 1400 risu

1917 1445 2042 1485 sane
2071 1433 2284 1497 dignum
2311 1469 2326 1494 ,
2358 1433 2424 1484 ab
2447 1446 2514 1486 eo
2543 1442 2718 1486 tamen
2747 1433 2944 1487 dictum
2971 1476 2984 1499 ,
3016 1436 3082 1490 de
3109 1437 3377 1491 hominum
3406 1454 3471 1491 ex

1919 1521 2138 1572 mortuis
2168 1522 2577 1588 resurrectione,
2622 1522 2908 1590 adjungere
2936 1525 3283 1582 decrevimus.
3312 1527 3470 1581 Δαίτ-

1918 1611 2098 1671 mavit,
2132 1613 2182 1662 in
2212 1612 2599 1665 resurrectione
2627 1628 2849 1682 corpora
2881 1614 3152 1668 hominum
3180 1615 3473 1671 orbiculata

1918 1701 2180 1752 suscitari.
2225 1698 2270 1752 Ο
2293 1698 2610 1752 dementiam
2641 1709 2801 1768 atque
2830 1701 3092 1756 inscitiam
3121 1703 3350 1759 hominis
3389 1707 3472 1760 in-

1917 1787 2050 1848 sani,
2074 1794 2124 1837 et
2147 1800 2466 1854 paganorum
2488 1788 2774 1856 disciplinae
2794 1790 3158 1857 explicatoris!
3185 1793 3274 1860 qui
3296 1804 3474 1847 mente

250 1888 346 1934 κῶν
371 1880 634 1953 δογμάτων
665 1883 929 1954 έξηγητοῦι
963 1880 1017 1940 ὃς
1041 1903 1117 1940 τις
1141 1882 1440 1951 τυφλώττων
1463 1888 1549 1940 τήν
1577 1881 1816 1945 διάνοιαν,
1852 1882 1893 1940 Β

1811 1923 1816 1941 ,
1852 1882 1893 1940 Β
1919 1877 2200 1929 ειυιεειιίθιιε
2224 1915 2236 1938 ,
2284 1876 2606 1945 Studensque
2651 1877 3072 1932 Christianorum
3103 1879 3223 1934 fidei
3253 1882 3473 1937 miscere

249 1975 330 2025 καί
451 1980 549 2027 τῶν
573 1981 884 2048 Χριστιανῶν
917 1975 1087 2027 πίστει
1119 1974 1305 2041 μύθους
1336 1974 1554 2041 ἔπιμίξαι
1585 1972 1813 2026 σπουδά-

246 2082 363 2122 σας.
683 2070 781 2116 τῶν
810 2067 1118 2136 Χριστιανῶν
1151 2060 1321 2114 έλπίδα
1347 2081 1399 2113 τε
1443 2066 1523 2113 καί
1546 2066 1812 2136 σωτηρίαν,

246 2155 482 2207 τουτέστι
515 2159 605 2213 τήν
637 2153 999 2224 έπηγητλμένην
1031 2155 1146 2224 ύμῖν
1174 2153 1471 2217 ἀνάστασιν,
1507 2152 1817 2207 ἐσπούδασεν

247 2247 541 2319 ένυϐρίσαι,
570 2245 694 2315 μηδέ
715 2253 805 2303 τήν
831 2253 921 2299 τοῦ
948 2251 1116 2319 κυρίιυ
1135 2245 1415 2299 ἀνάστασιν
1444 2246 1809 2318 ἕντρεπῖμενες.

245 2336 491 2408 Ἐγερθεὶς
520 2339 619 2407 γὰρ
649 2335 674 2389 ὁ
702 2336 872 2406 κύριος
900 2337 955 2388 ὲκ
995 2341 1207 2406 νεκρῶν,
1241 2357 1321 2387 και
1352 2340 1568 2406 ἀπαρχὴ
1606 2342 1704 2387 τῶν
1737 2355 1816 2387 κε’

243 2425 556 2494 κοιμημένων
577 2425 864 2496 γενόμενος,
896 2431 1005 2482 τοῖς
1046 2427 1289 2492 μαθηταῖς
1330 2424 1486 2493 ἔφθη,
1523 2427 1603 2475 καί
1639 2422 1818 2486 ἔδειξεν

243 2511 412 2570 αὐτοῖς
451 2514 533 2564 καί
569 2514 660 2570 τὰς
689 2509 977 2585 διατρίσεις
1005 2533 1101 2565 των
1128 2521 1343 2584 χειρῶν,
1377 2516 1456 2564 καί
1495 2519 1593 2565 τῶν
1623 2515 1785 2567 ποδῶν

243 2604 326 2653 καί
343 2608 436 2658 τήν
460 2601 649 2670 πληγήν
674 2609 763 2660 τῆς
786 2602 1030 2675 πλευράς
1069 2605 1154 2655 καὶ
1174 2599 1196 2652 ἔ
1207 2621 1325 2670 οαγε
1344 2604 1470 2669 μετὰ
1493 2623 1580 2658 την
1599 2601 1816 2656 ἀναστα-

244 2676 345 2753 σιν,
373 2710 398 2744 ο
411 2692 476 2760 Βχ
499 2693 566 2751 ὡς
579 2700 764 2762 τροφῆς
790 2688 1014 2760 δεόμενος
1058 2691 1161 2744 ἀλλ’
1181 2693 1262 2744 ἶνα
1276 2698 1348 2762 τῷ
1363 2692 1530 2764 τρόπῳ
1549 2712 1606 2746 το
1619 2693 1712 2760 ὶτῳ
1727 2698 1816 2750 τήν

245 2785 336 2832 τοῦ
366 2780 676 2840 ἀναστάντος
703 2783 938 2849 σῶματος
961 2782 1110 2852 φύσιν
1135 2782 1479 2837 πιστώσηται.
1505 2778 1690 2848 ’Δμέλει
1714 2801 1810 2840 τοι,

243 2872 327 2922 καὶ
347 2870 812 2940 ἀναλαμϐανομ;νν.υ
837 2878 923 2925 τοῦ
946 2875 1118 2944 κυρίου
1171 2872 1196 2925 ὁ
1217 2868 1423 2943 ἅγγελος
1446 2892 1568 2946 προς
1590 2874 1707 2928 τούς
1726 2893 1816 2940 μα·

240 2961 400 3018 θητάς
429 2956 625 3030 ἔλεγεν
662 2978 682 3010 ε
711 2965 870 3019 Ουτος
908 2983 933 3013 ο
983 2967 1164 3020 ιησοῦς
1196 2959 1222 3014 ὁ
1251 2961 1532 3030 αναληγθεὶ,
1569 2960 1647 3028 ἀρ’
1675 2961 1814 3027 ὑμῶν

244 3050 317 3108 sic
345 3052 430 3104 τὸν
457 3051 694 3124 οὐρανὸν,
737 3047 885 3110 οὗτος
922 3050 1200 3113 ἐλεύσεται,
1239 3048 1289 3102 ὃν
1325 3053 1509 3124 τρόπον
1545 3051 1811 3104 temone:

242 3142 397 3195 αὐτὸν
440 3187 445 3192 .
477 3143 769 3214 ορενὸμενον
797 3147 869 3200 εἰς
902 3145 988 3194 τὰν
1011 3141 1210 3216 οὐρανόν
1247 3159 1264 3192 s
1302 3145 1356 3195 Ei
1394 3141 1446 3196 δέ
1485 3143 1645 3200 καθώς
1685 3148 1815 3215 Ὠρι-

1918 1967 2137 2030 fabulas,
2172 1968 2335 2035 ipsam
2363 1965 2785 2022 Christianorum
2813 1984 2960 2038 spem
3006 1986 3070 2024 ac
3095 1972 3338 2037 salutem,
3371 1974 3473 2028 hoc

1917 2065 2016 2121 est,
2042 2059 2354 2125 promissam
2385 2058 2538 2111 nobis
2558 2060 3024 2124 resurrectionem,
3050 2061 3204 2114 nixus
3233 2070 3317 2117 est
3343 2077 3474 2116 con-

1917 2150 2133 2201 tumelia
2162 2149 2366 2200 violare
2391 2189 2406 2214 ,
2439 2162 2504 2201 ne
2534 2149 2975 2202 resurrectionem
3020 2150 3234 2218 quidem
3264 2151 3471 2206 Domini

1917 2241 2195 2292 reveritus.
2248 2237 2532 2307 Resurgens
2573 2240 2710 2290 enim
2751 2237 3000 2292 Dominus
3044 2257 3110 2293 ea:
3152 2244 3398 2305 mortuis,
3426 2251 3475 2294 et

1916 2329 2154 2396 primum:
2182 2325 2540 2378 dormientium
2570 2327 2733 2395 [actus
2760 2324 2811 2396 (Ι
2827 2326 3073 2393 Cor,xv),
3101 2328 3372 2397 discipulis
3398 2330 3475 2382 vi-

1915 2431 2004 2469 sus
2029 2426 2124 2470 est.
2152 2431 2332 2484 eisque
2361 2416 2593 2470 ostendit
2612 2415 2869 2471 foramina
2891 2418 3140 2472 manuum
3169 2433 3232 2478 ac
3256 2420 3472 2500 pedum,

1915 2514 1969 2558 et
1998 2506 2204 2572 plagam
2249 2505 2430 2558 lateris
2462 2524 2474 2557 :
2506 2514 2560 2559 et
2585 2511 2707 2574 post
2734 2509 3178 2565 resurrectionem
3222 2493 3473 2586 comedit,
3527 2574 3537 2586 ο

1914 2612 2017 2649 non
2049 2605 2106 2649 ut
2133 2597 2252 2650 eibo
2281 2595 2540 2663 indigens.
2563 2595 2656 2650 sed
2689 2605 2743 2650 ut
2771 2611 2837 2652 eo
2857 2599 3015 2651 modo
3041 2601 3336 2656 resuscitati
3357 2618 3476 2656 cor-
3525 2587 3530 2592 ’

1914 2704 2060 2756 poris
2087 2697 2328 2740 naturam
2356 2686 2715 2764 conﬁrmaret.
2748 2688 2809 2741 Et
2833 2689 3045 2756 quidem
3073 2706 3192 2746 cum
3223 2693 3474 2752 Dominus

1915 2778 2233 2831 ascenderet
2262 2820 2276 2843 ,
2314 2775 2632 2845 angelus'ad
2669 2779 2958 2847 discipulos
2985 2781 3118 2835 dixit
3149 2799 3162 2834 :
3196 2783 3297 2836 Hic
3324 2783 3475 2846 Iesus

1913 2884 1996 2936 qui
2037 2875 2321 2934 assumptus
2349 2876 2426 2920 est
2454 2867 2651 2920 a‘vobis
2680 2869 2731 2919 in
2771 2869 2978 2931 ca'lttm,
3011 2871 3083 2922 sic
3111 2873 3273 2925 veniet
3298 2889 3472 2943 quem—

1913 2957 2183 3010 admodum
2208 2957 2402 3010 vidistis
2423 2973 2538 3008 eum
2563 2967 2762 3010 euntem
2787 2975 2837 3011 in
2861 2961 3038 3012 emtum
3070 2962 3202 3030 (Act.
3231 2962 3290 3031 i).
3319 2963 3473 3028 Quod

1913 3048 1978 3110 si,
2009 3056 2065 3100 ut
2094 3047 2289 3100 insanit
2317 3047 2589 3113 Origenes,
2622 3050 2972 3105 orbiculatum
3002 3061 3116 3105 erat
3144 3069 3339 3123 corpus
3364 3054 3472 3113 Do-.

1913 3141 2077 3203 mini,
2106 3140 2374 3208 quomodo
2404 3143 2571 3209 potuit
2601 3141 2968 3196 demonstrare
3006 3159 3254 3201 manuum
3281 3162 3345 3202 ac
3381 3165 3473 3217 pe-

243 3230 388 3298 γένης
410 3232 657 3298 μαίνεται,
692 3227 999 3302 σφαιροειδές
1021 3227 1077 3286 ἦν
1095 3231 1150 3282 τὸ
1176 3251 1323 3298 σωμα
1350 3236 1438 3282 τοῦ
1470 3232 1642 3299 κυρίου
1661 3273 1674 3295 ,
1705 3239 1813 3291 πῶς
1843 3223 1885 3283 C

1810 3254 1813 3262 -
1843 3223 1885 3283 C
1917 3229 2039 3282 dum
2071 3228 2349 3294 foramina,
2377 3239 2470 3283 aut
2494 3230 2674 3284 lateris
2704 3231 2948 3299 plagam?
2975 3241 3066 3286 aut
3089 3236 3356 3303 quomodo
3382 3254 3472 3293 co-

243 3314 357 3388 εἶχε
400 3319 561 3381 δεῖξαι
597 3322 690 3378 τάς
742 3328 840 3372 τῶν
894 3341 1083 3393 χείρων
1137 3325 1222 3372 xxi
1268 3319 1432 3372 ποδῶν
1491 3319 1807 3395 διατρήσας,

241 3406 272 3466 ἢ
336 3414 428 3464 τήν
501 3409 691 3478 πληγήν
751 3419 842 3467 τῆς
909 3409 1162 3482 πλευραςζ
1221 3408 1250 3466 ἦ
1309 3415 1417 3468 πῶς
1471 3419 1639 3481 φαγεῖν
1697 3410 1788 3469 ἡδύ

243 3518 384 3561 suo,
414 3500 443 3555 ἡ
471 3496 598 3557 ὅλως
620 3500 720 3552 ὑπο
747 3506 846 3552 τῶν
866 3500 1096 3567 μαθητων
1123 3503 1478 3572 γνωρισθῆναι,
1511 3507 1618 3558 Ilii;
1643 3499 1692 3554 δέ
1724 3507 1810 3554 καί

243 3589 306 3640 τά
330 3595 430 3640 τῶν
459 3587 612 3657 ἁγίων
651 3591 862 3656 σώματα
897 3589 1026 3656 μετά
1063 3593 1152 3644 την
1186 3609 1274 3640 του
1317 3610 1485 3661 κνριου
1532 3591 1806 3640 ἀνάστασιν

242 3677 518 3748 έγερθέντα,
549 3678 626 3726 καί
657 3677 858 3746 ὀφθέντα
881 3677 925 3727 ἐν
1030 3677 1150 3749 ἁγίᾳ
1176 3678 1334 3741 πέλει,
1358 3676 1568 3730 δυναίν
1590 3675 1645 3734 ἦ)
1667 3681 1808 3730 παιά

243 3774 343 3819 τῶν
367 3762 528 3818 i).-ian
566 3767 868 3836 γνωσθῆναι,
895 3764 1034 3836 ε’περ
1071 3769 1121 3818 εν
1157 3763 1286 3818 ἁλῖτω
1317 3786 1550 3834 σχηματι
1688 3771 1806 3837 παρ’

246 3855 376 3928 ὅπερ
401 3858 683 3924 έτύγχανεν
715 3857 765 3908 ἐν
789 3864 850 3926 τῇ
879 3859 978 3918 ζωὴ
1000 3853 1094 3916 ζἐν
1120 3865 1179 3927 τῇ
1219 3859 1383 3922 πέτρα
1421 3876 1581 3907 τοινυν
1608 3863 1695 3912 τῆς
1727 3881 1738 3906 ε
1763 3858 1779 3906 ί

243 3965 406 4004 στεως
438 3944 452 4013 Ῐ
484 3946 830 4018 ἕστηριγμένος
856 3945 1088 4015 ούδαμῶς
1117 3943 1136 4015 ]
1166 3965 1248 3998 ουκ
1281 3965 1629 4018 εστηριγμινος
1649 3989 1660 4009 ,
1694 3947 1812 3999 ἀλλα

242 4036 382 4085 τοιαῗ
393 4054 485 4092 τας
512 4055 594 4086 και
628 4037 820 4088 τούτων
845 4035 1012 4102 πολλῳ
1046 4054 1256 4107 χειρους
1280 4034 1599 4104 βλασφημιας
1633 4057 1658 4087 ο
1690 4034 1812 4088 δυσ-

243 4121 401 4178 σεϐὴς
433 4131 684 4194 Ὠριγενηςς
708 4123 970 4190 ἐκθέμενος,
1007 4126 1204 4181 εικὸτως
1232 4143 1278 4174 εν
1300 4145 1370 4176 τω
1391 4133 1546 4196 καιρῷ
1569 4145 1658 4177 του
1682 4146 1807 4193 μαιοσ

244 4211 424 4282 τυρίον
457 4213 542 4261 τὸν
582 4213 668 4261 μὲν
705 4214 922 4284 Χριστὸν
950 4214 1307 4284 ἀπηρνήσατο,
1340 4222 1400 4282 τῇ
1430 4213 1479 4265 δὲ
1510 4214 1628 4286 παρ’
1661 4217 1810 4268 αὐτοῦ

246 4301 547 4368 εισαγομένη
583 4300 828 4369 Ἕλληνικῇ
866 4301 1098 4374 πολυθείά
1131 4305 1496 4371 προσεκύνησε.
1530 4311 1617 4357 Καὶ
1663 4313 1812 4360 τοῦτο

244 4385 298 4439 δέ
328 4391 459 4439 κατὰ
486 4395 610 4440 Θεοῦ
637 4391 801 4457 γέγονε
829 4410 1098 4463 προνοιαν,
1132 4413 1205 4444 ινα
1241 4415 1309 4460 μη
1351 4397 1460 4446 ἀντί
1483 4398 1738 4470 μάρτυρος
1768 4399 1814 4448 ἐν

245 4486 308 4549 τῇ
337 4477 572 4551 ἐκκλησίᾳ
600 4476 758 4552 δεχθῇ
776 4519 788 4538 ,
828 4487 908 4534 καί
935 4482 1156 4533 ἐντεῦθεν
1185 4490 1245 4554 τῇ
1270 4485 1452 4554 ποίμνῃ
1479 4491 1566 4536 τοῦ
1592 4493 1812 4558 Χριστοῦ

246 4567 410 4634 ῥλάεη
438 4587 792 4637 προσγινηται.
822 4573 878 4622 Ei
901 4577 1000 4641 γάρ
1031 4574 1159 4628 τινές
1186 4575 1285 4625 εἰσι
1307 4579 1384 4624 καί
1411 4579 1495 4624 νῦν
1523 4573 1814 4643 ὁμολογοῦν-

243 4674 333 4713 τες
471 4659 528 4710 τὸ
550 4659 728 4709 ἐκείνου
760 4665 968 4726 πτῶμα,
1005 4660 1399 4730 ἀντιποιούμενοι
1427 4657 1480 4713 δέ
1508 4670 1606 4714 τῶν
1634 4667 1810 4725 αὐτοῦ,

243 4752 358 4802 πῶς
396 4747 482 4795 οὐκ
515 4743 712 4813 ἔμελλον
746 4750 810 4799 τὰ
836 4751 988 4800 αὐτοῦ
1016 4751 1082 4806 ὡς
1115 4750 1370 4821 μάρτυρος
1404 4751 1485 4801 καί
1521 4752 1710 4823 πατρὸς
1735 4756 1816 4804 ἐκ·

242 4833 428 4895 δικεῖν,
459 4835 599 4908 εἴπερ
631 4837 817 4893 συνέϐη
855 4838 1008 4890 αὐτὸν
1035 4843 1104 4905 μη
1140 4843 1565 4911 προσκυνήσαντα
1602 4849 1710 4902 τοῖς
1742 4846 1811 4895 si-

242 4921 423 4982 δὼλοις
448 4924 783 4988 τελειωθῆναις
809 4924 965 4983 οὐδεὶς
988 4927 1088 4998 γάρ
1108 4934 1199 4985 τῆς
1226 4927 1454 4984 ἀληθείας
1482 4929 1812 4997 ἀντεχόμενος

242 5013 478 5063 ένπίπτει
506 5017 595 5063 τοῦ
618 5018 768 5075 Θεοῦ,
795 5012 825 5070 ἦ
855 5014 1252 5083 έγκαταλιμπάνε
1263 5035 1342 5067 ται
1370 5017 1458 5067 ὐπ’
1485 5017 1658 5078 αὐτοῦ,
1683 5021 1811 5071 κατά

240 5103 303 5157 τὸ
334 5105 586 5175 εἰρημένον
621 5112 682 5175 τῇ
723 5106 828 5177 θείᾳ
859 5112 1044 5175 γραφῇ
1081 5121 1097 5153 ε
1135 5103 1438 5175 Ἐμϐλέψατε
1481 5110 1551 5165 εἰς
1586 5108 1811 5174 ἀρχαίας

240 5192 443 5258 γενεάς,
477 5193 556 5242 καί
584 5188 742 5255 ἴδετε,
766 5193 841 5250 τίς
872 5194 1140 5256 έπίστευσε
1169 5200 1240 5263 τῷ
1269 5197 1448 5266 κυρίῳ,
1482 5198 1567 5248 καὶ
1602 5196 1806 5266 έγκατε-

240 5280 441 5350 Isim;
469 5281 498 5340 ἦ
522 5285 597 5341 τίς
625 5283 833 5340 ἤλπισεν
860 5285 930 5347 είς
957 5285 1110 5338 αὐτὸν
1127 5325 1142 5348 ,
1184 5287 1269 5337 καί
1295 5285 1560 5357 ὑπερεῖδεν
1581 5286 1754 5346 αύτ”ὀν;
1783 5304 1800 5336 s

239 5367 496 5442 Ὠριγένης
524 5369 577 5425 δέ
609 5372 635 5424 ὀ
662 5371 916 5432 δυσσεϐὴς
944 5376 1037 5433 τάς
1063 5374 1250 5428 έαυτοῦ
1275 5375 1587 5444 βλασφημίας
1615 5376 1671 5425 οὐ
1714 5378 1806 5443 μέ-

245 5481 368 5536 χρις
393 5461 578 5516 ἑαυτοῦ
598 5461 829 5524 ἔστησεν,
861 5463 984 5516 ἀλλά
1009 5463 1090 5518 διὰ
1117 5471 1217 5518 τῶν
1245 5463 1379 5517 ἰδίων
1403 5466 1806 5536 συγγραμμάτων

243 5555 327 5607 καί
352 5554 424 5609 εἰς
457 5553 667 5610 πολλοὺς
695 5553 897 5625 έτέρους
924 5559 1012 5611 τήν
1037 5556 1214 5606 οἰκείαν
1240 5555 1426 5611 πλάνην
1454 5553 1800 5626 παρέπεμψεν.

241 5638 403 5697 ⁸Ω-στε
430 5646 560 5697 πάνυ
585 5643 663 5697 ἐπ’
685 5645 821 5713 αὐτῷ
854 5642 1096 5717 ἀρμοδίαν
1125 5639 1246 5696 εἶναι
1275 5649 1362 5700 τήν
1386 5650 1470 5697 τοῦ
1502 5643 1642 5713 ἁγίου
1672 5644 1800 5696 ἀπο-

243 5735 425 5789 στόλου
447 5737 640 5787 Παύλου
656 5741 814 5805 φωνην
835 5735 1093 5805 λέγουσαν,
1107 5753 1122 5782 t
1137 5734 1212 5787 ὅτι
1227 5743 1369 5787 τινῶν
1386 5739 1474 5802 μέν
1491 5737 1539 5786 αἶ
1561 5735 1802 5805 ἁμαρτίαι

1841 4703 1890 4763 D

1917 3317 2130 3370 medere
2159 3318 2358 3385 potuit,
2389 3326 2480 3370 aut
2516 3319 2731 3372 omnino
2761 3332 2789 3370 a
2816 3318 3084 3387 discipulis
3113 3325 3365 3390 agnosci?
3406 3325 3474 3380 Et

1915 3406 2166 3473 quoniam
2188 3408 2203 3425 '
2219 3406 2378 3460 modo
2406 3415 2710 3459 sanctorum
2733 3422 2955 3475 corpora
2977 3423 3096 3478 quin
3123 3420 3243 3480 post
3266 3413 3474 3469 Domini

1916 3495 2358 3547 resurrectionem
2405 3501 2749 3548 surrexerunt
2793 3495 3015 3563 (Matth.
3048 3501 3228 3570 xxvii)
3257 3539 3273 3563 ,
3321 3511 3374 3556 et
3421 3505 3473 3558 in

1913 3593 2095 3638 sancta
2127 3587 2342 3636 eivitate
2369 3593 2766 3652 apparuerunt,
2814 3595 3040 3652 potuere
3069 3589 3135 3642 ab
3164 3591 3283 3645 aliis
3310 3607 3474 3660 agno-

1915 3672 2027 3735 sci,
2067 3672 2324 3739 siquidem
2368 3689 2420 3725 in
2450 3672 2552 3726 alia
2580 3681 2732 3726 erant
2760 3673 2922 3740 ﬁgura
2969 3685 3128 3746 atque
3184 3679 3393 3734 fuerant
3420 3685 3472 3736 in

1915 3760 2057 3811 vita?
2106 3759 2161 3812 ln
2197 3758 2316 3813 ﬁdei
2345 3771 2472 3826 ergo
2508 3768 2659 3828 petra
2705 3761 2850 3813 nullo
2880 3763 3039 3816 modo
3067 3766 3351 3835 stabilitas,
3380 3770 3476 3824 sed

1916 3849 2216 3917 liujnsmodi
2297 3856 2457 3917 atque
2487 3849 2570 3903 his
2597 3850 2764 3903 multo
2799 3859 3092 3906 atrociores
3118 3854 3474 3924 blasphemias

1917 3947 2109 4012 impius
2129 3939 2382 4008 Origenes
2400 3955 2518 3994 cum
2550 3940 2800 3994 edidisset
2849 3943 2976 3996 nihil
3004 3949 3193 3997 mirum
3220 3956 3318 4010 est,
3351 3963 3472 4002 eum

1919 4033 1971 4085 in
1998 4047 2113 4099 ipso
2133 4031 2370 4101 martyrii
2389 4031 2611 4084 articulo
2631 4030 2894 4085 Christum
2917 4033 3225 4101 abnegasse,
3246 4039 3472 4092 cultam-

1916 4137 2020 4190 que
2048 4137 2075 4172 a
2106 4120 2327 4188 paganis
2363 4119 2582 4172 deorum
2625 4120 3033 4184 multitudinem,
3061 4138 3220 4191 quam
3251 4126 3364 4194 ipse
3393 4128 3474 4180 in-

1915 4212 2080 4274 ducit,
2104 4211 2371 4263 adorasse.
2394 4209 2566 4277 Atque
2595 4209 2648 4263 id
2679 4211 2770 4264 Dei
2793 4211 3121 4280 providentia
3148 4213 3340 4269 factum
3367 4226 3470 4285 est,

1916 4318 1984 4355 ne
2015 4302 2065 4354 in
2096 4299 2330 4355 Ecclesia
2358 4315 2454 4368 pro
2493 4310 2723 4369 martyre
2752 4303 3085 4370 acciperetur
3105 4343 3119 4366 ,
3159 4314 3319 4374 atque
3347 4308 3471 4362 inde

1915 4393 2062 4460 gregi
2088 4392 2284 4448 Christi
2337 4391 2615 4444 inferretur
2653 4393 2848 4460 aliquid
2892 4394 3213 4448 detrimenti.
3265 4397 3393 4450 Nam
3424 4401 3471 4453 si

1917 4484 2077 4537 etiam
2105 4497 2246 4536 nunc
2272 4489 2393 4535 sunt
2419 4481 2509 4547 qui
2529 4480 2595 4534 de
2623 4480 2738 4547 ejus
2764 4481 2977 4549 quidem
3005 4483 3156 4536 ruina
3185 4483 3475 4539 confitean-

1918 4579 2024 4635 tur,
2049 4571 2341 4625 doctrinam
2369 4583 2496 4622 vero
2520 4577 2761 4622 asseram
2782 4609 2796 4632 ,
2837 4585 2904 4622 an
2936 4586 3040 4624 non
3068 4586 3186 4624 eam
3219 4581 3469 4641 tanquam

1917 4661 2164 4731 martyris
2181 4675 2246 4713 ac
2265 4658 2437 4718 Patris
2457 4669 2608 4712 erant
2627 4658 2907 4722 defensuri,
2929 4661 2974 4715 si
2994 4663 3302 4731 contigisset
3324 4679 3465 4723 eum.

1917 4754 2056 4806 nulla
2086 4751 2241 4806 idolis
2268 4751 2503 4804 exhibita
2529 4750 2856 4813 adoratione,
2881 4755 3278 4806 consummari?
3303 4754 3471 4808 Nemo

1915 4846 2058 4911 enim
2086 4842 2328 4896 veritatis
2355 4842 2588 4893 retinens
2614 4839 2811 4896 excidit
2838 4854 2868 4892 a
2897 4839 3007 4895 Deo
3031 4882 3048 4907 ,
3089 4842 3156 4896 ab
3182 4858 3356 4911 eoque
3383 4844 3475 4897 de-

1913 4909 2123 5003 seritur,
2145 4930 2294 4997 juxta
2324 4929 2464 4995 quod
2492 4928 2616 4981 dicit
2643 4928 2817 4981 divina
2845 4926 3120 4996 Scriptura
3151 4949 3164 4982 :
3193 4909 3468 5001 Respicite,

1912 5022 2006 5089 ﬁlii
2026 5062 2039 5084 ,
2069 5022 2303 5073 nationes
2327 5018 2588 5070 hominum
2605 5056 2618 5078 ,
2646 5027 2694 5068 et
2719 5017 2886 5069 scietis
2909 5019 3027 5087 quia
3055 5019 3223 5072 nullus
3249 5022 3470 5089 speravit
3509 5057 3521 5072 ..

1909 5113 1963 5162 in
1997 5109 2241 5162 Domino.
2276 5117 2323 5160 et
2373 5107 2613 5162 confusus
2648 5114 2742 5157 est.
2778 5102 2903 5167 Quis
2929 5107 3065 5160 enim
3099 5110 3381 5176 permansit
3409 5111 3464 5160 in

1905 5195 2336 5263 mandatisaejus,
2375 5200 2421 5246 et
2463 5192 2732 5244 derelictus
2775 5194 2886 5246 est?
2925 5204 3013 5245 aut
3057 5193 3170 5264 quis
3216 5197 3466 5249 invocavit

1905 5299 2051 5347 eum,
2099 5290 2150 5336 et
2199 5279 2432 5344 despexit
2483 5279 2626 5332 illum
2684 5278 2874 5348 (Ecclr'.
2900 5283 2999 5350 ii)?
3041 5281 3239 5351 Impius
3279 5293 3457 5337 autem

1905 5369 2161 5435 Origenes
2190 5365 2546 5434 blasphemias
2572 5383 2694 5423 suas
2733 5385 2838 5423 non
2865 5371 3042 5439 seipso
3071 5379 3223 5427 tenus
3251 5376 3456 5438 statuit,

1904 5458 1994 5511 sed
2025 5455 2252 5524 propriis
2278 5456 2489 5522 scriptis
2517 5457 2570 5510 iii
2615 5457 2809 5511 inuitos
2857 5460 2990 5512 alios
3027 5474 3179 5515 suum
3217 5475 3455 5517 errorem

1907 5550 2220 5614 transmisit,
2242 5557 2300 5602 ut
2327 5550 2379 5602 in
2402 5563 2524 5603 eum
2555 5549 2706 5602 valde
2731 5555 3010 5604 conveniat
3034 5554 3202 5606 sancti
3231 5557 3463 5622 apostoli

1907 5642 2054 5696 Pauli
2080 5658 2183 5696 vox
2201 5681 2216 5705 ,
2243 5656 2360 5709 qua:
2386 5641 2514 5696 dicit
2546 5660 2558 5690 :
2594 5639 2940 5703 Quorumdam
2968 5642 3228 5697 hominum
3251 5657 3460 5714 peccata

1906 5735 2179 5803 manifesta
2206 5741 2359 5797 sunt,
2400 5731 2734 5800 prccedentia
2779 5732 2848 5783 ad
2881 5731 3169 5798 judicium;
3215 5732 3498 5805 σησάμη,

270 5809 291 5848 ν’
317 5824 344 5852 ⁸
382 5822 539 5883 Certe
572 5822 846 5892 legendum
876 5839 1095 5892 quonam
1125 5824 1294 5884 modo,
1328 5831 1381 5874 ut
1411 5831 1618 5876 constet
1646 5835 1848 5874 sensus.
1875 5819 2025 5876 Enn.
