4220 6442
760 351 861 412 θεὶς

2072 342 2511 405 ΙΗὸΤΙΝῘΛἪ
2552 341 2709 402 IMP.

3886 356 3988 418 996

764 471 908 523 φυσιν
936 454 1016 504 καί
1042 451 1212 503 οὖα-ίαν
1239 453 1321 504 καί
1350 448 1556 521 δύναμιν
1582 471 1629 501 κε
1649 449 1666 501 ι
1689 450 1917 510 ἐξουσίαν
1937 448 1986 502 ἓν
2010 452 2173 521 τρισίν
2192 451 2315 501 uro-
2352 452 2393 507 Α
2423 460 2430 496 ι

2313 478 2315 484 τ
2352 452 2393 507 Α
2423 458 2583 498 unam
2609 444 2882 509 deitatem,
2914 445 3027 500 sive
3055 452 3295 500 naturam
3321 454 3376 500 et
3403 447 3750 502 substantiam
3778 458 3836 503 et
3877 453 3979 505 vir-

765 543 1028 600 οτάσ-εσιν,
1069 540 1178 599 ἦτοι
1206 543 1498 614 προσώποις
1525 538 1836 602 δοξάζοντες,
1879 541 1945 599 εἷς
1975 537 2008 592 ά
2034 538 2317 609 βεϐαπτίσ-

769 628 913 696 μεθα.
945 631 1016 687 εἰς
1054 626 1086 681 ἃ
1113 629 1551 694 πεπιστεύκαμεν,
1583 630 1667 679 καί
1700 623 1772 684 οἷς
1800 626 2192 695 συντετάγμεθα.
2232 626 2321 683 τὰς

766 718 855 785 μὲν
881 717 1133 776 ἰδιότητας
1163 718 1490 786 χωρίζοντες.
1518 714 1737 774 ἑνοῦνοις
1765 713 1818 768 δέ
1842 719 1930 772 τὴν
1951 714 2178 771 θεότητα.
2215 720 2324 767 Μο-

766 802 891 861 νάδα
916 807 1010 879 γὰρ
1038 806 1088 858 ἐν
1111 802 1298 876 τριάδι,
1328 808 1411 858 καί
1438 802 1618 879 τριάδα
1650 806 1699 857 ἐν
1721 802 1894 873 sumat
1918 822 2180 875 προσκυνο·
2204 823 2319 873 μεν.

766 890 1045 963 παράδοξον
1067 892 1293 961 ἔχουσαν
1317 899 1408 952 τήν
1433 892 1669 967 διαίρεσιν
1695 893 1776 943 καί
1792 896 1879 949 τήν
1908 890 2105 944 ἔ.ωσιν’
2140 889 2325 960 μονάδα

764 987 854 1049 μέν
879 983 1009 1034 κατά
1034 982 1120 1034 τὸν
1144 990 1235 1042 τῆς
1256 985 1429 1041 οὐσίας
1454 982 1605 1050 ἤγουν
1623 981 1850 1039 θεότητος
1876 980 2011 1058 λόγον
2027 996 2042 1011 ⁶
2071 978 2249 1051 τριάδα
2270 978 2326 1032 δέ

765 1072 898 1123 κατὰ
929 1073 1025 1131 τάς
1050 1069 1305 1130 ἰδιότητας
1338 1069 1493 1141 ἤγουν
1535 1070 1847 1130 ὑποστάσεις
1865 1109 1879 1131 ,
1913 1088 2024 1125 mea
2054 1068 2323 1140 πρόσωπα⁸

763 1157 1038 1234 διαιρεῖται
1066 1163 1162 1233 γάρ
1191 1159 1515 1233 άδισιρέτως,
1533 1158 1781 1215 ἶνόὗτως
1813 1156 2065 1225 εἴπωμεν,
2087 1158 2172 1207 καὶ
2202 1176 2326 1207 συν-

764 1248 981 1303 άπτεται
1018 1248 1353 1323 διῃρημένως,
1384 1246 1434 1300 ἓν
1461 1248 1557 1319 γάρ
1584 1248 1631 1300 ἓν
1655 1247 1821 1318 τρισὶν
1861 1246 1891 1300 ἡ
1924 1244 2125 1306 θειότης.
2152 1246 2236 1295 καὶ
2263 1244 2327 1296 τά

764 1338 883 1407 τρία
905 1333 972 1395 ἓν,
1005 1336 1053 1388 ἐν
1078 1333 1150 1395 οἷς
1176 1338 1206 1392 ἡ
1233 1338 1427 1395 θεότηε’
1459 1336 1487 1394 ἦ
1515 1336 1629 1406 τόγε
1658 1333 2005 1403 ἀκριϐέστερον
2038 1337 2210 1393 ιὶπεῑν,
2238 1331 2271 1385 ὀὶ
2299 1335 2327 1388 ἠ

763 1425 953 1487 θεότηε,
982 1427 1103 1479 Θεὸν
1142 1426 1379 1490 ἕκαστον,
1406 1421 1464 1479 ἂν
1487 1428 1727 1500 θεωρῆται
1753 1426 1897 1493 μόνον
1921 1428 2014 1475 τοῦ
2050 1429 2135 1475 νοῦ
2165 1426 2327 1495 χωρί-

763 1516 928 1575 ξωτος
952 1515 1017 1583 τὰ
1043 1518 1335 1585 ἀχώριστοι.
1359 1520 1480 1568 Θεὸν
1503 1517 1566 1568 τά
1588 1516 1705 1584 τρία
1726 1510 1835 1579 μετ’
1854 1509 2070 1566 ἀλλήλων
2088 1530 2170 1565 νοο
2207 1530 2329 1578 μένα

763 1608 836 1671 τῷ
857 1611 1027 1668 ταυτῷ
1057 1613 1147 1663 τῆς
1171 1603 1269 1675 [ia--
1303 1599 1578 1675 δυνάμεως]
1605 1605 1840 1660 κινήσεως
1870 1604 1954 1653 καὶ
1979 1608 2070 1659 τῆς
2089 1594 2286 1670 φύσεως
2311 1614 2324 1628 °

763 1687 934 1747 ἔπειδή
965 1695 1072 1762 χρὴ
1114 1694 1302 1744 καὶτὸν
1341 1692 1425 1745 ἕνα
1469 1691 1587 1744 Θεὸν
1625 1690 1906 1761 ὁμολογεῖν,
1944 1693 2029 1743 καὶ
2066 1692 2157 1750 τὰς
2194 1699 2329 1761 τρεῖς

2421 541 2590 587 tutem
2617 542 2673 587 et
2698 541 3017 604 potestatem
3057 536 3110 589 in
3139 536 3307 590 tribus
3343 537 3698 594 subsistentiis
3721 541 3836 595 sive
3863 556 3984 609 per-

2421 621 2567 675 sonis
2588 621 2894 682 adorantes,
2925 622 2977 676 in
3004 623 3196 690 quibus
3237 624 3495 693 baptizati
3534 642 3735 693 sumus,
3768 630 3824 683 in
3851 645 3987 700 quas

2421 709 2706 774 credimus,
2737 711 2791 763 in
2816 712 3011 782 quibus
3036 711 3425 769 confessionem
3453 716 3714 781 dedimus,
3741 721 3987 791 proprie-

2423 806 2561 853 tates
2587 801 2801 869 quidem
2838 809 3177 870 separantes,
3224 802 3475 859 deitatem
3504 816 3684 860 autem
3714 809 3983 864 unientes.

2428 886 2694 944 Uuitatem
2719 891 2860 949 enim
2891 890 2944 944 in
2970 890 3247 957 Trinitate,
3278 902 3334 947 et
3362 892 3677 950 Trinitatem
3703 897 3756 950 in
3780 898 3989 951 unitate

2426 979 2728 1044 adoramus,
2756 981 3052 1038 mirabilem
3074 982 3360 1036 habentem
3383 992 3439 1037 et
3464 984 3779 1040 divisionem
3801 995 3857 1040 et
3880 988 3993 1042 uni—
4064 988 4071 994 “

2427 1068 2625 1121 tionem
2650 1085 2664 1131 ;
2696 1069 2955 1122 unitatem
2982 1069 3220 1136 quidem,
3249 1071 3539 1125 secundum
3565 1075 3830 1127 rationem
3858 1074 3987 1127 sub-

2425 1158 2636 1211 stantize
2660 1171 2756 1211 seu
2783 1157 3036 1220 deitatis;
3087 1156 3399 1213 Trinitatem
3447 1169 3646 1225 autem,
3691 1162 3989 1219 secundmn

2427 1244 2803 1312 proprietates,
2828 1245 2929 1317 _vel
2956 1244 3350 1310 subsistentias,
3395 1248 3509 1303 sive
3537 1264 3812 1317 personas.
3843 1251 3990 1305 Divi,

2426 1332 2570 1386 ditur
2597 1334 2738 1386 enim
2766 1313 2882 1388 εἴθε
2907 1333 3166 1390 divisione
3196 1336 3274 1405 (ut
3294 1335 3372 1390 sic
3394 1313 3654 1405 dicamus)
3684 1348 3740 1392 et
3767 1338 3991 1406 conjun-

2426 1422 2570 1488 gitut‘
2596 1421 2784 1476 divise.
2818 1421 2991 1477 Unum
3016 1424 3158 1479 enim
3187 1433 3270 1479 est
3297 1425 3468 1478 deitas
3494 1428 3546 1480 in
3574 1428 3774 1489 tribus,
3806 1438 3865 1482 et
3893 1430 3990 1482 tria

2429 1524 2592 1562 unum
2613 1550 2629 1573 ,
2678 1510 2729 1563 in
2758 1512 2951 1579 quibus
2976 1512 3149 1567 deitas
3179 1522 3261 1568 est
3293 1531 3305 1567 :
3338 1522 3431 1570 aut
3460 1516 3545 1584 (ut
3577 1517 3824 1581 subtilius
3845 1520 3993 1572 dica-

2430 1599 2578 1668 mus)
2602 1600 2714 1668 ipsa
2745 1600 2845 1652 tria
2873 1611 2954 1654 est
2976 1601 3165 1666 deitas,
3194 1616 3311 1670 qua
3343 1604 3442 1656 tria
3471 1603 3611 1658 Deus
3639 1603 3823 1669 Pater,
3856 1608 3995 1661 Deus

2430 1685 2615 1749 Filius,
2647 1688 2783 1756 Deus
2808 1687 3039 1755 Spiritus
3066 1699 3304 1752 sanctus,
3350 1707 3470 1747 cum
3514 1708 3846 1763 unaquaeque
3876 1710 3995 1763 per-

769 1780 1079 1839 όποστάσεις
1104 1782 1385 1854 γηρύττειν,
1411 1781 1562 1850 ἤγουν
1581 1783 1697 1854 τρία
1721 1780 1993 1852 πρόσωπα,
2016 1785 2097 1833 καί
2116 1780 2329 1837 ἑκάστην
2362 1797 2401 1853 Β
2428 1790 2435 1827 1

2324 1803 2329 1825 .
2362 1797 2401 1853 Β
2428 1787 2561 1827 sona
2581 1774 2754 1828 solum
2770 1775 3582 1847 intelligitur,menteseparante
3596 1782 3990 1850 inseparabilia,

764 1869 891 1934 μετά
909 1876 999 1928 τῆς
1019 1868 1283 1928 ἰδιότητος.
1299 1868 1511 1926 Baio-31's
1534 1875 1622 1927 τήν
1640 1870 1812 1922 ἕνωσιν
1835 1866 1935 1939 [ἵσ.
1955 1864 2328 1938 ὁμολογοῦντες]

763 1957 1024 2028 σύγχυσιν
1046 1961 1350 2030 ἰργαζόμεθα
1369 1960 1495 2011 κατά
1518 1957 1790 2020 Σαϐέλλιον,
1816 1955 1868 2010 ἓν
1886 1957 2160 2024 πρόσωπον
2181 1959 2331 2030 τριῶν

764 2070 916 2118 νυμον
944 2049 1147 2119 λέγοντα
1173 2056 1263 2110 τὴν
1289 2049 1501 2123 τριάδα,
1530 2050 1611 2105 τὸν
1640 2050 1786 2103 αὐτὶν
1814 2051 2037 2124 πατέρα,
2076 2049 2164 2101 καί
2183 2049 2321 2108 υἱὸν,

763 2140 840 2189 καὶ
866 2137 1008 2209 ἅγιον
1032 2146 1262 2210 πνεῦμα,
1293 2137 1411 2194 οὔτε
1454 2139 1762 2212 διαιροῦντες
1797 2135 1891 2207 [ἵσ.
1919 2139 2010 2196 τὰς
2049 2131 2325 2202 ἰδιότητας]

764 2225 1116 2299 εὶὶλοτριοῦμεν
1137 2236 1227 2288 τῆς
1252 2234 1342 2282 τοῦ
1381 2233 1507 2282 Θεοῦ
1528 2228 1720 2300 πατρὸς
1753 2227 1926 2283 οὐσίας
1962 2225 2045 2278 τὸν
2073 2224 2179 2277 υῗὸν
2244 2226 2326 2276 καί

837 2317 1044 2393 ’πνεῦμα
1072 2323 1130 2374 τὸ
1155 2321 1323 2401 ἅγιον.
1360 2323 1485 2374 κατά
1512 2328 1602 2377 τήν
1627 2319 1811 2392 ’Δρείου
1845 2320 2047 2390 μανίαν,
2077 2319 2147 2376 εἰς
2183 2325 2323 2389 τρεῖς
2380 2367 2385 2371 .

764 2404 1027 2482 διαφόρους
1050 2413 1225 2470 οὐσίας
1263 2411 1640 2479 πιατατὲμνιντες
1674 2416 1763 2468 τήν
1794 2409 2022 2464 ϐιότητα.
2058 2404 2139 2468 Εἷς
2161 2408 2326 2461 τοίνυν

764 2500 885 2555 Θε⁵ις
924 2495 950 2549 ό
982 2503 1168 2568 πατὴρ.
1202 2499 1250 2561 ἔξ
1283 2496 1343 2551 οὗ
1372 2500 1438 2553 τά
1465 2500 1655 2552 πάντα⁶
1687 2500 1773 2551 καὶ
1798 2493 1868 2556 εἶς
1896 2498 2000 2556 υίὸς
2032 2500 2319 2566 μςνογενής,

763 2582 826 2637 δι’
848 2581 908 2639 οὗ
933 2588 998 2640 τά
1021 2589 1182 2641 πάντα
1198 2603 1211 2615 ⁸
1243 2589 1326 2641 καὶ
1352 2585 1401 2639 ἓν
1422 2594 1620 2657 πνεῦμα
1645 2585 1804 2659 ἅγιον,
1835 2586 1886 2638 ἕν
1912 2580 1952 2657 ᾧ
1973 2584 2037 2639 τά
2060 2588 2246 2638 πάντα.

2429 1870 2483 1915 et
2506 1861 2607 1915 tria
2638 1878 2774 1917 unus
2802 1863 3141 1943 Deus,.__eum
3184 1867 3340 1920 simul
3386 1868 3752 1936 intelliguntur
3776 1883 3996 1939 propter

2429 1954 2671 2008 eamdem
2713 1955 2963 2010 virtutem
3005 1957 3356 2026 eamdemque
3385 1966 3630 2018 naturam
3677 1979 3691 2013 :
3739 1964 3995 2031 quoniam

2431 2053 2645 2113 oportet
2686 2052 2743 2099 et
2771 2062 2931 2099 unum
2960 2046 3131 2104 Deum
3158 2047 3431 2114 conﬁteri,
3476 2058 3531 2105 et
3560 2060 3668 2105 tres
3695 2053 3995 2107 subsisten-

2432 2133 2535 2186 tias
2561 2133 2875 2201 prmdicare,
2900 2149 2996 2189 seu
3023 2144 3134 2189 tres
3162 2151 3419 2205 personas
3436 2177 3452 2203 ,
3483 2145 3537 2192 et
3566 2154 3997 2211 unamquamque

2431 2236 2553 2275 cum
2580 2237 2673 2276 sua
2701 2223 3049 2291 proprietate.
3085 2223 3152 2278 Et
3176 2226 3433 2279 unitatem
3461 2227 3815 2294 conﬁtentes,
3866 2245 3997 2283 con-

2430 2311 2693 2366 lusionem
2720 2329 2827 2367 non
2871 2314 3099 2374 facimus
3124 2316 3419 2371 secundum
3446 2318 3757 2384 Sabellium,
3806 2321 3995 2375 dicen-

2431 2410 2538 2457 tem
2564 2443 2579 2468 ,
2624 2402 2940 2461 Trinitatem
2988 2419 3149 2460 unam
3193 2422 3315 2463 esse
3357 2425 3642 2477 personam
3685 2412 3996 2465 trinumium

2431 2493 2837 2566 [trinonymum]
2862 2495 3114 2552 eumdem
3139 2496 3371 2562 Patrem,
3401 2507 3456 2553 et
3484 2498 3699 2564 Filium,
3728 2509 3785 2554 et
3821 2500 3997 2569 Spiri-

2429 2589 2542 2636 tum
2563 2592 2807 2639 sanetum
2830 2601 2844 2638 :
2873 2599 2971 2639 nec
2990 2585 3288 2651 dividentes
3308 2588 3681 2657 proprietates,
3699 2589 3999 2647 alienamus

2427 2686 2458 2725 a
2486 2671 2579 2726 Dei
2608 2672 2781 2727 Patris
2808 2675 3105 2729 substantia
3131 2674 3320 2729 Filium
3349 2684 3405 2730 et
3440 2677 3694 2746 Spiritum
3723 2687 3996 2739 sanctum,

763 2763 1047 2816 secundum
1075 2762 1183 2815 Arii
1222 2760 1477 2823 furorem,
1511 2762 1563 2816 in
1623 2769 1731 2815 tres
1779 2760 2017 2816 diversas
2063 2767 2283 2814 naturas
2311 2759 2605 2815 incidentes
2650 2761 2922 2817 deitatem.
2963 2761 3106 2817 Unus
3156 2765 3315 2832 igitur
3365 2766 3504 2821 Deus
3544 2766 3728 2830 Pater,
3775 2783 3843 2822 ex
3888 2783 3998 2837 quo

764 2852 937 2903 omnia
966 2869 979 2901 :
1011 2858 1066 2903 et
1093 2865 1228 2903 unus
1259 2850 1561 2916 unigenitus
1580 2849 1764 2915 Filius,
1790 2864 1888 2918 per
1913 2863 2070 2916 quem
2096 2848 2274 2902 omnia
2302 2866 2314 2901 :
2356 2855 2412 2902 et
2439 2864 2574 2902 unus
2598 2851 2829 2918 Spiritus
2855 2862 3091 2914 sanctus,
3125 2855 3177 2907 in
3202 2870 3310 2923 quo
3337 2857 3537 2909 omnia.

828 2988 1193 3060 Ὀμολογοῦμεν
1228 2985 1282 3042 δῦ
1316 2988 1463 3040 αὐτὸν
1495 2986 1581 3039 τὸν
1616 2991 1847 3056 μονογενῆ
1888 2985 1997 3039 υἱὸν
2025 2988 2116 3039 τοῦ
2159 2991 2316 3046 Θεοῦ,
2348 2986 2393 3047 C
2492 3005 2494 3022 ε

2348 2986 2393 3047 C
2492 2982 2824 3039 conﬁtemur
2851 2995 3030 3040 autem
3062 2988 3231 3057 ipsum
3264 2989 3593 3056 unigenitum
3633 2990 3828 3046 Filium
3873 2993 3996 3057 Dei,

760 3083 883 3136 Θεὸν
902 3082 1068 3153 λόγον,
1108 3081 1193 3137 τὸν
1223 3082 1326 3154 πρὸ
1351 3080 1535 3133 αἰώνων
1562 3080 1646 3132 καί
1670 3076 1905 3151 άχρόνως
1934 3079 1988 3131 ἔτι
2012 3083 2103 3132 τοῦ
2132 3099 2264 3152 πατρ
2297 3097 2322 3135 ε

759 3170 1063 3244 γωηθέντα,
1091 3172 1147 3224 οὐ
1172 3170 1440 3228 ποιηθέντα
1461 3206 1476 3230 ,
1503 3167 1583 3220 ἔπ’
1623 3168 1863 3235 ἐσχάτων
1902 3174 2002 3221 τῶν
2037 3169 2231 3240 ἡμερῶν
2257 3165 2324 3219 δι’

760 3264 914 3327 ἡμᾶς,
941 3263 1026 3314 καί
1054 3259 1137 3314 διὰ
1157 3265 1248 3319 τήν
1272 3262 1513 3335 ἡμετέραν
1549 3263 1801 3334 σωτηρίαν
1829 3259 2122 3317 κατελθόντα
2148 3259 2200 3311 ἔκ
2225 3267 2322 3313 τῶν

755 3351 1003 3420 οὐρανῶν,
1032 3354 1117 3403 καί
1139 3350 1455 3423 σαρκωθέντα
1493 3351 1546 3402 ἐκ
1581 3350 1864 3417 πνεύματος
1893 3346 2068 3419 ἁγίου,
2109 3348 2194 3399 καί
2231 3353 2324 3405 τῆς

758 3438 907 3509 ἁγίας
952 3436 1148 3501 ἔνδόξου
1190 3437 1450 3500 omam,
1493 3439 1576 3489 καί
1601 3437 1931 3508 άειπαρθένου
1972 3436 2196 3508 Μαρίας,
2242 3436 2324 3487 καὶ

758 3530 1045 3600 γεννηθέντα
1074 3530 1123 3592 ἐξ
1150 3529 1335 3586 αὐτῆς.
1370 3524 1424 3585 ὃς
1460 3527 1566 3580 ἐστι
1593 3526 1762 3598 κύριος
1788 3530 1982 3584 Ἰησοῦς
2007 3524 2224 3596 Χριστὸς
2254 3518 2321 3580 εἷς

758 3626 847 3675 τῆς
873 3617 1021 3687 ἁγίας
1039 3614 1262 3690 τριάδος,
1290 3614 1554 3684 ὸμοούσιος
1575 3624 1648 3685 τῷ
1673 3616 1767 3684 θιῷ
1794 3618 1872 3669 καὶ
1900 3616 2058 3687 πατρί
2083 3615 2213 3666 κατά
2233 3618 2321 3668 τήν

758 3705 988 3770 ϐιότητα,
1021 3709 1106 3759 καί
1134 3706 1395 3775 ὸμοουσιςς
1423 3707 1537 3774 riui)
1567 3704 1591 3757 ὸ
1615 3706 1770 3762 αὐτῖς
1797 3705 1926 3756 κατά
1957 3710 2047 3761 τήν
2073 3701 2323 3777 ἀνθρωπό-

758 3816 908 3852 mat.
935 3796 1155 3854 παθητὸς
1184 3797 1348 3869 σαρκὶ,
1382 3798 1576 3853 ἀπαθής
1602 3794 1629 3849 ὸ
1654 3796 1799 3853 αὐτὸς
1827 3792 2040 3850 θεότητι.
2072 3793 2199 3847 Οὔτε
2219 3794 2320 3865 γάρ

758 3884 928 3956 ἕτερός
954 3887 1031 3942 τίς
1068 3886 1177 3937 ἔστι
1205 3888 1345 3955 παρά
1366 3886 1451 3939 τὸν
1478 3887 1599 3938 Θεὸν
1616 3885 1758 3955 λόγον
1780 3883 1807 3938 ό
1834 3884 1891 3936 τὸ
1918 3885 2074 3943 πάθος
2108 3886 2191 3937 καὶ
2237 3885 2321 3938 τὸν

759 3974 966 4025 θάνατον
1004 3971 1410 4043 ἀναδεδεγμένος·
1447 3972 1550 4026 ἀλλ’
1578 3974 1731 4031 αὐτὸς
1769 3973 1795 4031 ὸ
1832 3974 2025 4032 ἀπαθής
2052 3974 2134 4025 καί
2162 3971 2319 4032 ἀΐδιος

758 4067 849 4112 τοῦ
877 4064 1004 4113 Θεοῦ
1026 4060 1168 4129 λόγος
1187 4064 1457 4130 γεννήσεως
1479 4061 1666 4136 σαρκὸς
1686 4061 1991 4131 ἀνθρωπίνης
2019 4058 2316 4130 ἀνασχόμε-

757 4168 862 4208 νος,
894 4149 960 4200 τά
983 4149 1149 4202 πάντα
1175 4150 1489 4219 πεπλήρωκε.
1517 4151 1597 4202 Διὸ
1635 4150 1720 4201 οὐκ
1756 4146 1902 4201 ἄλλον
1927 4151 2011 4203 τὸν
2036 4150 2156 4203 Θεὸν
2179 4151 2319 4218 λόγον

756 4239 841 4290 τὸν
876 4239 1419 4311 θαυματουρτόσαντα,
1455 4239 1535 4289 καί
1574 4230 1714 4290 ama
1741 4238 1824 4289 τὸν
1862 4238 2075 4309 Χριστὸν
2099 4240 2185 4290 τὸν
2213 4259 2289 4291 πα

2426 3071 2591 3126 Deum
2623 3072 2872 3138 Verbum,
2899 3085 3022 3129 ante
3043 3078 3232 3130 smcula
3259 3086 3313 3145 et
3340 3079 3456 3132 sine
3485 3089 3725 3149 tempore
3746 3097 3813 3136 ex
3838 3083 3997 3138 Patre

2425 3171 2627 3228 natum,
2658 3181 2763 3217 non
2792 3163 2986 3219 factum
3006 3205 3021 3231 ,
3054 3168 3104 3220 in
3136 3169 3334 3223 ultimis
3360 3170 3549 3225 diebus
3576 3180 3796 3240 propter
3820 3189 3919 3228 nos
3942 3185 3997 3241 et

2425 3260 2645 3320 propter
2668 3263 2901 3307 nostram
2932 3256 3155 3309 salutem
3181 3257 3518 3312 descendisse
3544 3260 3610 3313 de
3633 3263 3802 3323 ca-lis,
3826 3272 3882 3316 et
3909 3264 3999 3323 in-
4082 3287 4087 3290 ε

2424 3352 2698 3396 carnatum
2729 3360 2848 3398 esse
2888 3360 2952 3399 ex
2992 3344 3192 3415 Spiritu
3221 3358 3432 3412 sancto,
3466 3359 3519 3403 et
3544 3361 3724 3404 sancta
3756 3353 3995 3419 gloriosa

2423 3434 2518 3489 Dei
2540 3435 2812 3490 Genitrice
2832 3453 3043 3506 semper
3062 3441 3265 3506 virgine
3280 3441 3465 3503 Maria,
3484 3452 3539 3497 et
3566 3453 3745 3498 natum
3767 3463 3833 3499 ex
3853 3450 3998 3516 ipsa,

2423 3524 2512 3590 qui
2542 3533 2626 3578 est
2655 3526 2907 3579 Dominus
2937 3526 3088 3581 lusus
3106 3526 3370 3592 Christus,
3403 3547 3539 3585 unus
3560 3532 3628 3586 de
3654 3544 3840 3589 sancta
3866 3536 3960 3590 Τινί
3982 3568 3996 3589 ,-

2423 3615 2621 3676 nitate,
2669 3617 3129 3669 conuabstantialis
3177 3618 3287 3671 Deo
3326 3617 3471 3673 Patri
3494 3624 3781 3676 sccundmu
3817 3625 4000 3677 deita-

2425 3710 2567 3770 tem,
2611 3714 2664 3757 et
2691 3705 3154 3762 consubstantialis
3180 3709 3332 3763 nobis
3375 3711 3513 3765 idem
3554 3713 3667 3782 ipse
3693 3715 4001 3769 secundum

2422 3792 2827 3855 humanitatem,
2852 3795 3117 3862 pass-ibitis
3138 3810 3317 3859 carne,
3344 3797 3683 3866 impassibilis
3712 3799 3854 3854 idem
3875 3803 3999 3869 ipse

2421 3882 2640 3937 deitate.
2689 3883 2808 3937 Nan
2853 3886 2994 3939 enim
3024 3886 3160 3939 alius
3198 3887 3411 3954 quidam
3452 3898 3533 3943 est
3577 3899 3774 3958 prmter
3822 3891 3999 3945 Deum

2423 3968 2653 4023 Verbum
2677 4012 2692 4035 ,
2740 3974 2827 4039 qui
2865 3975 3169 4039 passionem
3211 3982 3266 4028 et
3305 3984 3533 4030 mortem
3577 3982 3815 4047 suscepit
3850 3998 3862 4029 :
3894 3981 3999 4034 sed

2421 4059 2534 4125 ipse
2564 4060 2901 4127 impassibilis
2930 4070 2984 4114 et
3010 4061 3370 4130 sempiternus
3396 4063 3533 4117 Deus
3561 4064 3795 4119 Verbum
3826 4082 4000 4135 gene-

2420 4136 2680 4201 rationem
2704 4150 2880 4203 carnis
2904 4151 3147 4204 humanae
3172 4153 3437 4207 sustinere
3457 4153 3720 4221 dignatus,
3748 4157 3999 4227 implevit

2420 4239 2618 4294 omnia.
2648 4238 2771 4292 Ideo
2801 4254 2906 4292 non
2931 4239 3093 4293 alium
3113 4240 3281 4295 Deum
3296 4241 3527 4296 Verbum
3555 4257 3671 4297 esse
3696 4246 3788 4313 qui
3817 4248 3994 4300 mira-

755 4326 902 4379 θὸντα
939 4327 1276 4394 ἕπιστάμεθα·
1315 4326 1417 4380 ἀλλ’
1442 4326 1530 4380 ἕνα
1566 4330 1649 4379 καί
1686 4327 1769 4380 τὸν
1798 4331 1941 4381 αὺτὸν
1976 4329 2140 4400 κύριον
2176 4324 2313 4396 {tam
2346 4334 2387 4390 ll
2416 4358 2421 4385 l

2346 4334 2387 4390 ll
2416 4335 2531 4395 cuia
2559 4342 2812 4403 operatus
2840 4344 2939 4400 est,
2969 4344 3026 4390 et
3052 4336 3213 4389 alium
3243 4336 3515 4392 Christum
3543 4340 3634 4407 qui
3659 4355 3849 4408 passus
3877 4354 3995 4407 est,

755 4424 946 4475 Ἰησοῦν
989 4417 1204 4491 Χριστὸν
1243 4417 1327 4471 τὸν
1370 4422 1460 4469 τοῦ
1499 4422 1624 4469 Θεοῦ
1665 4416 1805 4485 λόγον
1846 4419 2189 4489 σαρκωθέντα,
2236 4422 2318 4469 καί

759 4508 1198 4581 ἐνανθρωπήσαντα
1217 4545 1231 4566 ,
1262 4508 1341 4557 καί
1381 4510 1470 4557 τοῦ
1498 4506 1651 4559 αὐτοῦ
1675 4498 1742 4557 τοί
1761 4522 1816 4559 τε
1848 4506 2108 4575 θαύματα,
2146 4508 2228 4559 καί
2254 4508 2315 4560 τά

758 4596 913 4656 πάθη,
945 4594 1075 4669 άπερ
1102 4595 1338 4652 ἑκουσίως
1364 4595 1591 4664 ὑπέμεινε
1620 4598 1790 4665 σαρκί,
1820 4594 2169 4664 ὁμολογοῦμεν
2201 4594 2317 4648 οἵτε

750 4686 849 4760 γὰρ
870 4682 1130 4755 ἄνθρωπός
1156 4705 1233 4744 τις
1262 4684 1392 4758 ὑπὲρ
1415 4686 1552 4752 ἡμῶν
1580 4684 1755 4737 ἑαυτὸν
1776 4682 2006 4746 δέδωκεν,
2040 4686 2141 4737 ἀλλ’
2168 4687 2317 4745 αὐτὸς

754 4774 783 4828 ὸ
803 4775 926 4835 Θεὸς
961 4774 1104 4845 λόγος
1132 4775 1191 4827 τὸ
1217 4772 1340 4828 ἴδιον
1376 4782 1528 4843 σῶμα
1555 4772 1761 4829 δέδωγεν
1789 4775 1919 4847 ὑπὲρ
1946 4777 2080 4843 ἡμῶν
2100 4815 2115 4837 ,
2142 4776 2221 4830 ἵνα
2250 4783 2317 4844 μή

753 4865 823 4923 είς
854 4860 1108 4938 ἄνθραητον
1129 4866 1160 4921 ἠ
1181 4868 1355 4923 πίστις
1374 4867 1455 4917 καὶ
1474 4866 1504 4921 ἡ
1531 4864 1667 4923 ἐλπὶς
1696 4866 1832 4934 ἡμῶν
1857 4862 1909 4938 ᾖ,
1935 4864 2041 4917 ἀλλ’
2068 4867 2139 4923 εἰς
2167 4867 2317 4918 αὐτὸν

753 4953 838 5006 τὸν
873 4955 992 5007 Θεὸν
1030 4954 1174 5024 λόγον
1212 4958 1301 5012 τὴν
1327 4956 1573 5025 ἡμετέραν
1605 4958 1777 5009 πίστιν
1815 4952 2040 5024 ἔχωμεν.
2069 4958 2156 5008 Καὶ
2194 4958 2317 5009 Θεὸν

750 5046 915 5097 τοίνυν
947 5046 1094 5097 αὖτθν
1134 5044 1487 5115 ὁμολογοῦντες
1514 5045 1597 5097 οὐκ
1627 5045 1895 5111 ἀθετοῦμεν
1925 5047 1982 5098 τὸ
2011 5040 2134 5098 εἶναι
2168 5048 2314 5100 αὐτὸν

750 5136 834 5187 καί
860 5130 1149 5207 ἄνθρωπον
1183 5137 1263 5187 καί
1290 5132 1550 5207 ἄνθρωπον
1575 5135 1791 5206 λέγοντες
1818 5137 1990 5192 αὐτὸν.
2022 5137 2110 5187 οὐκ
2131 5138 2312 5207 άρνούο

750 5229 875 5294 μεέα
899 5227 958 5280 τὸ
986 5222 1110 5281 sint
1136 5227 1283 5280 αὐτὸν
1311 5229 1391 5280 καί
1416 5226 1554 5282 Θεὸν.
1574 5229 1630 5279 Εἰ
1655 5228 1753 5299 γάρ
1776 5230 1900 5286 Θεὸς
1927 5227 2073 5297 μόνον
2095 5224 2174 5287 ἦν,
2198 5236 2308 5287 πῶς

748 5315 983 5384 ἕπασχες
1044 5322 1154 5375 πῶς
1204 5317 1518 5386 δσταυροῦτο
1565 5320 1648 5369 καί
1694 5317 2024 5377 άπέθνησιιενς
2072 5318 2310 5390 ἀλλότρια

744 5408 844 5479 γάρ
871 5411 1034 5460 ταῦτα
1058 5410 1205 5458 Θεοῦ.
1236 5409 1297 5457 Εἴ
1319 5404 1371 5460 δέ
1401 5401 1653 5481 ἄνθρωπος
1680 5407 1847 5477 μόνον,
1866 5412 1974 5466 πῶς
1993 5403 2078 5461 διὰ
2102 5413 2187 5462 τοῦ
2215 5410 2311 5461 πά·

744 5497 863 5555 θους
889 5497 1047 5557 hiut;
1073 5502 1183 5553 πῶς
1210 5492 1396 5558 ἴσωζε;
1424 5501 1534 5554 πῶς
1558 5496 1840 5557 ἕζωοποίεις
1877 5503 2040 5561 ταῦτα
2061 5498 2161 5568 γάρ
2183 5498 2310 5572 ὑπὲρ

743 5581 994 5658 ἄνθρωπον
1016 5582 1094 5642 ἦν.
1128 5591 1224 5638 Νῦν
1245 5584 1296 5640 δέ
1332 5584 1358 5638 ὸ
1382 5587 1530 5642 αὐτὸς
1554 5586 1784 5654 πάσχει,
1816 5586 1899 5637 καί
1925 5577 2098 5653 σῶζει,
2127 5589 2207 5639 καὶ
2230 5584 2311 5638 διά

741 5682 832 5738 τοῦ
862 5674 1049 5733 πάθους
1076 5675 1244 5735 νιιιῦ.,ὸ
1265 5676 1414 5736 τὸτὸς
1435 5675 1581 5740 Θεὸς,
1602 5673 1625 5726 ὸ
1651 5674 1806 5733 αὑτὸς
1836 5670 2095 5745 ἄνθρωπος
2118 5674 2174 5727 τὸ
2200 5696 2317 5753 συν-Δ

2418 4426 2788 4493 cognoscimus
2819 4445 2831 4479 :
2865 4428 2958 4480 secl
2998 4442 3161 4479 unum
3190 4428 3546 4496 eumdemque
3578 4429 3859 4485 Dominum
3883 4448 3996 4488 no-

2378 4511 2393 4521 ’
2420 4524 2589 4569 strum
2616 4513 2798 4569 Jesum
2827 4515 3118 4575 Christum,
3144 4515 3233 4569 Dei
3262 4515 3494 4569 Verbum
3525 4516 3862 4571 incarnatum
3879 4558 3900 4583 ,
3935 4532 3998 4575 et

2421 4605 2688 4701 nominalem
2717 4603 2933 4701 factum,
2963 4612 3017 4657 et
3045 4604 3280 4670 ejusdem
3302 4606 3466 4673 ipsius
3493 4606 3752 4660 miracula
3774 4617 3831 4662 et
3860 4624 3999 4677 pas-

2420 4680 2628 4757 siones...
2658 4680 2992 4761 quas“carne
3023 4693 3318 4746 voluntarie
3341 4694 3615 4757 sustinuit,
3642 4696 3996 4751 conﬁtemur.

2423 4779 2535 4833 Non
2565 4782 2704 4832 enim
2728 4780 2889 4832 homo
2916 4779 3108 4846 aliquis
3136 4795 3231 4848 pro
3260 4781 3422 4834 nobis
3438 4785 3782 4851 semetipsum
3812 4785 3993 4850 dedit,

2418 4868 2511 4922 sed
2543 4869 2654 4935 ipse
2677 4868 2816 4921 Deus
2846 4866 3076 4920 Verbum
3106 4883 3258 4921 suum
3286 4885 3483 4938 corpus
3505 4886 3601 4937 pro
3631 4871 3786 4924 nobis
3809 4872 3993 4936 dedit,

2417 4970 2485 5007 ne
2511 4956 2562 5008 in
2594 4955 2862 5007 hominem
2888 4953 3015 5008 ﬁdes
3036 4962 3091 5007 et
3112 4970 3234 5022 spes
3261 4966 3441 5009 nostra
3472 4957 3571 5023 sit,
3606 4958 3700 5011 sed
3722 4960 3775 5013 in
3803 4960 3996 5027 ipsum

2418 5043 2583 5095 Deum
2630 5042 2859 5095 Verbum
2888 5048 3126 5095 nostram
3156 5041 3309 5096 ﬁdem
3340 5044 3648 5098 habeamus.
3701 5046 3764 5099 Et
3806 5047 3995 5104 Deum

2417 5118 2580 5200 igitur
2604 5147 2726 5186 eum
2765 5130 3117 5196 conﬁtentes,
3165 5149 3271 5187 non
3300 5133 3625 5203 abnegamus
3651 5135 3825 5204 ipsum
3856 5152 3998 5196 esse

2417 5230 2473 5277 et
2502 5222 2770 5276 hominem
2804 5240 2818 5275 :
2850 5233 2905 5276 et
2926 5222 3193 5276 hominem
3221 5223 3458 5277 dicentes
3480 5239 3621 5288 eum,
3672 5240 3779 5279 non
3808 5226 3997 5283 abne-

2418 5329 2603 5383 gamus
2632 5315 2800 5382 ipsum
2830 5328 2943 5369 esse
2969 5324 3021 5369 ct
3051 5315 3234 5369 Deum.
3276 5313 3333 5368 Si
3377 5317 3519 5369 enim
3557 5316 3697 5369 Deus
3735 5322 3992 5372 tantum-

2416 5402 2577 5456 modo
2596 5412 2760 5469 esset,
2778 5403 3044 5472 quomodo
3059 5403 3395 5473 patiebatur?
3414 5403 3682 5470 quomodo
3702 5408 3999 5473 crucitige.

2416 5494 2575 5547 batur
2601 5500 2656 5546 et
2684 5493 3045 5548 moriebatur?
3070 5494 3254 5549 Aliena
3284 5494 3424 5547 enim
3457 5495 3554 5546 ista
3583 5501 3706 5548 sunt
3727 5492 3860 5548 Deo.
3886 5496 3998 5561 Sin

2419 5592 2597 5636 autem
2621 5582 2783 5636 homo
2805 5583 2999 5651 solum,
3035 5583 3304 5651 quomodo
3333 5598 3431 5652 per
3460 5583 3764 5651 passionem
3793 5584 3990 5639 vince-

2414 5673 2546 5725 bat?
2570 5670 2841 5742 quumodo
2864 5673 3039 5727 salvos
3064 5672 3617 5737 faciebanouomodo
3640 5671 3996 5732 viviﬁcabat?
