4220 6442
238 417 374 484 1009

1381 429 1796 490 CONFESSIO
1832 426 2092 488 BECT/E
2129 429 2362 492 FIDEI.

3326 420 3462 487 1010

225 539 390 603 δόξης
422 541 643 610 Χριστοῦ
673 537 761 605 μίν
783 534 926 600 Θεὸς,
955 544 1044 598 τῆς
1069 535 1122 590 δέ
1145 535 1286 598 δόξης
1312 536 1501 610 πατήρ.
1521 536 1580 586 ΕΙ
1602 533 1697 605 γὰρ
1719 536 1798 586 καὶ
1826 535 1869 591 Α

1783 536 1798 584 ὶ
1826 535 1869 591 Α
1898 539 2101 585 natura
2130 532 2401 586 intellectu
2428 533 2645 600 distant,
2669 534 2825 588 simul
2851 533 3154 590 dividuntur
3177 538 3336 593 etiam
3359 557 3449 594 ne-

223 635 282 686 τό
301 628 668 700 συναμφότερον
686 625 754 685 ἓν.
781 617 956 681 ἄλλιοὺ
973 630 1218 702 τῇφύσιι,
1243 634 1304 700 τῇ
1330 625 1382 680 δέ
1411 624 1621 693 συνόδῳ.
1647 642 1666 674 ι
1699 628 1796 677 Καὶ

226 717 256 774 6
290 720 338 773 έν
375 717 537 790 ἁγίοις
565 715 618 769 δέ
647 717 912 790 Γρηγόριος
941 715 967 769 6
993 719 1194 776 Νύσσης
1221 718 1490 773 ἐπίσκοπος
1513 715 1563 768 ἐν
1589 721 1662 784 τῷ
1687 723 1798 767 κατ’

222 809 463 880 ιῂὶνομίου
489 806 718 878 τετάρτῳ
742 803 873 875 λόγῳ
901 806 966 859 τά
1005 807 1133 860 αὐτά
1161 808 1294 875 ἡμᾶς
1320 803 1584 865 διδάσκων,
1622 803 1747 874 γράι
1759 823 1801 857 ιι

227 896 416 954 οὕτως’
452 911 472 944 ε
493 897 576 946 Ital
605 900 672 954 ὡς
695 890 752 946 ἂν
778 899 845 962 μή
871 916 949 954 τις
1063 897 1293 970 ἀκηράτῳ
1319 895 1464 964 φύσει
1484 894 1541 946 16
1567 894 1689 945 κατὰ
1715 893 1799 944 τόν

238 983 469 1056 σταυρὸν
494 984 654 1040 πάθος
678 981 1061 1056 προστρίξοιτο,
1089 979 1153 1036 δι’
1178 981 1358 1054 έτέρων
1397 978 1693 1054 τρανότερον
1716 985 1802 1037 τήν

228 1073 470 1126 τοιαύτην
499 1071 856 1141 έπανορθοῦται
888 1067 1096 1130 πλάνην,
1143 1071 1352 1138 μεσίτην
1376 1068 1524 1122 αὑτὸν
1565 1073 1690 1120 Θιοῦ
1719 1069 1803 1119 καί

227 1159 516 1231 ἀνθρώπου,
563 1159 686 1210 Θεὸν
724 1159 808 1209 καί
833 1155 1091 1229 ἄνθρωπον
1133 1158 1286 1210 αὑτὸν
1327 1153 1596 1224 ὀνομάζων,
1624 1156 1706 1208 ἶνα
1752 1155 1804 1207 dx

229 1260 320 1306 τοῦ
348 1254 410 1304 τά
438 1249 529 1304 δύο
553 1253 670 1320 περί
695 1251 753 1304 16
777 1247 828 1302 ἓν
854 1249 1080 1320 λέγεσθαι
1105 1251 1163 1302 16
1188 1248 1471 1322 πρόσφορον
1496 1255 1655 1300 νοοῖτο
1687 1249 1806 1318 περὶ

231 1341 490 1416 έκοίτερον,
519 1345 635 1413 περὲ
654 1343 743 1408 μὲν
767 1342 826 1392 16
853 1343 979 1392 θεῖον
1004 1341 1034 1396 ἠ
1059 1340 1297 1403 ἀπάθεια,
1318 1341 1434 1408 περὶ
1454 1336 1508 1390 δέ
1532 1339 1590 1390 16
1619 1337 1806 1409 ἀνθρώ-

227 1451 372 1486 πινον
403 1433 432 1487 ἡ
457 1435 587 1482 κατὰ
613 1431 671 1482 16
697 1429 855 1488 πάθος
887 1429 1154 1489 οἰκονομία.
1184 1433 1284 1484 Τῆς
1319 1421 1404 1477 οῦν
1431 1426 1650 1482 ἐπινοίας
1675 1420 1806 1477 διαι-

229 1524 424 1593 ρο”σης
456 1520 516 1572 16
549 1520 676 1571 κατὰ
702 1518 1064 1588 φιλανθρωπίαν
1089 1518 1177 1585 μέν
1211 1515 1468 1583 ἡνωμένον,
1491 1520 1563 1584 τῷ
1589 1510 1641 1566 δέ
1676 1512 1805 1584 λόγῳ

228 1604 628 1678 διακρινόμενον,
672 1602 790 1658 ὅταν
831 1607 920 1673 μέν
953 1605 1011 1657 16
1037 1605 1410 1678 ὑπερκείμενον,
1438 1603 1526 1654 καί
1553 1601 1809 1674 ὑπερέχον

230 1699 408 1749 πάντα
445 1701 561 1748 νοῦν
602 1693 834 1766 κηροῖσσῃ
856 1732 870 1753 ,
914 1700 1020 1750 τοῖς
1054 1692 1380 1761 ὑψηλοτέροις
1416 1693 1665 1766 κέχρηται
1710 1698 1808 1744 τῶν

233 1786 508 1851 ὀνομάτων,
541 1784 624 1837 έπί
649 1788 844 1836 πάντων
864 1783 1004 1841 Θεὸν,
1033 1783 1114 1834 καί
1142 1783 1295 1851 μέγαν
1320 1782 1456 1840 Θεὸν,
1480 1785 1564 1835 καί
1590 1778 1804 1850 δύναμιν

1897 623 2058 675 mina.
2093 621 2308 676 Paulum
2331 621 2592 677 dicentem
2613 627 2733 678 audi
2757 646 2767 678 :
2803 625 2871 681 Ut
2899 627 3037 681 Deus
3058 626 3265 682 Domini
3291 636 3452 686 nostri

1897 709 2019 764 Iesu
2039 709 2250 778 Christi,
2278 710 2436 766 Pater
2464 713 2641 782 gloria:
2668 713 2876 783 (Ephes.
2909 717 2949 786 ι)
2975 733 2989 768 :
3019 716 3214 772 Christi
3242 719 3455 786 quidem

1900 799 2059 864 Deus,
2087 801 2267 867 gloria:
2286 810 2461 855 autem
2491 801 2666 856 Pater.
2695 801 2826 856 Nam
2854 807 2953 858 etsi
2982 816 3264 876 utrumque
3294 825 3455 863 unum

1900 898 2000 955 est,
2029 899 2204 945 tamen
2229 907 2332 944 non
2355 901 2563 960 natura,
2585 893 2676 947 sed
2697 901 2981 948 conventu.
3008 913 3028 947 ι
3045 895 3111 950 Et
3129 908 3343 954 sanctus
3364 914 3457 952 au-

1902 990 2010 1034 tem
2037 981 2320 1048 Gregorius
2348 981 2612 1050 Nyssenus
2634 982 2947 1054 [Episcopus
2975 984 3170 1055 Nyssaa]
3193 986 3246 1038 in
3267 1000 3457 1054 quarto

1903 1071 2038 1125 libro
2068 1080 2253 1125 contra
2282 1068 2622 1134 Eunomium,
2651 1072 2836 1126 eadem
2867 1087 2963 1126 nos
2995 1072 3212 1136 docens,
3238 1072 3310 1126 ita
3333 1076 3458 1128 scri-

1903 1159 1981 1214 bit
2005 1178 2017 1212 :
2051 1179 2068 1212 ι
2104 1159 2169 1214 Ει
2197 1174 2267 1213 ne
2294 1159 2482 1226 aliquis
2507 1160 2890 1228 incorruptibili
2918 1168 3122 1215 natura:
3148 1162 3321 1217 crucis
3341 1177 3458 1231 pas-

1905 1251 2108 1306 sionem
2134 1251 2443 1318 applicaret,
2476 1260 2572 1318 per
2596 1249 2699 1302 alia
2728 1249 3056 1305 manifestius
3088 1251 3246 1305 talem
3275 1265 3462 1305 emen-

1904 1340 1995 1395 dat
2043 1354 2300 1402 errorem,
2355 1339 2700 1396 mediatorein
2739 1338 2909 1406 ipsum
2956 1337 3052 1392 Dei
3096 1347 3150 1392 et
3190 1339 3464 1393 hominum

1906 1429 1961 1500 (1
1993 1429 2122 1482 Tim.
2157 1427 2236 1495 ιι),
2267 1435 2320 1481 et
2353 1428 2624 1481 hominem
2651 1437 2704 1482 et
2736 1427 2902 1482 Deum
2942 1430 3114 1496 ipsum
3143 1429 3460 1482 nominans:

1905 1528 1967 1573 ut
1992 1534 2112 1573 cum
2145 1518 2250 1572 duo
2288 1519 2354 1572 de
2380 1533 2487 1570 uno
2525 1517 2792 1583 dicantur,
2825 1532 3116 1585 congruum
3143 1517 3467 1585 intelligatur

1905 1608 2047 1662 circa
2067 1615 2371 1674 utrumque,
2385 1606 2524 1658 circa
2545 1605 2795 1660 deitatem
2818 1606 3030 1672 quidem
3055 1607 3463 1674 impassibilitas,

1909 1699 2049 1753 circa
2091 1697 2471 1750 humanitatem
2501 1704 2678 1750 autem
2717 1696 3038 1765 dispensatio
3067 1696 3346 1765 passionis.
3378 1696 3465 1750 ln-

1911 1787 2124 1841 tellectu
2157 1787 2313 1854 igitur
2337 1785 2603 1840 dividente
2630 1786 2733 1840 hoc
2758 1786 2900 1854 quod
2929 1802 3026 1857 per
3051 1787 3468 1842 misericordiam

234 1880 392 1936 Θεοῦ,
421 1876 509 1925 καί
555 1875 750 1943 σοφίαν,
780 1873 860 1924 καί
901 1874 966 1924 τά
1003 1877 1213 1924 τοιαῦτα
1240 1871 1416 1922 καλῶν.
1445 1868 1600 1924 Ὀταν
1628 1869 1681 1924 δέ
1719 1876 1809 1928 τήν
1842 1882 1884 1939 Β

1803 1893 1809 1916 ν
1842 1882 1884 1939 Β
1912 1876 2124 1944 quidem
2167 1876 2372 1930 unitum
2402 1883 2502 1938 est,
2532 1875 2741 1928 ratione
2769 1883 2946 1930 autem
2973 1875 3311 1943 discernitur,
3348 1891 3469 1932 cum

232 1966 519 2035 ἀναγκαίως
555 1961 638 2016 διά
681 1965 738 2015 16
776 1964 1016 2033 ἡμέτερον
1058 1962 1259 2018 ἀσθενές
1295 1961 1802 2032 συμπαραληφθιῖσαν

233 2059 340 2108 τῶν
366 2053 678 2118 παθημάτων
704 2058 882 2121 πεῖραν
918 2053 1195 2122 περι-γράφῃ
1230 2057 1300 2118 τῷ
1326 2049 1479 2118 λόγῳ,
1501 2051 1553 2102 ἐκ
1573 2055 1659 2103 τοῦ
1686 2051 1807 2122 ἠμει-

234 2151 384 2223 τέρου
433 2148 755 2212 κατονομάζει
800 2145 858 2196 τό
900 2142 1306 2212 συναμφότερον,
1355 2138 1611 2212 ὅνθρωπον
1657 2141 1807 2194 αὑτὸν

238 2239 656 2310 προσαγορεύων,
688 2237 745 2286 οὑ
770 2241 1052 2286 κοινοποιῶν
1080 2233 1208 2302 πρὸς
1230 2236 1319 2288 τήν
1356 2231 1528 2289 λοιπήν
1551 2236 1607 2303 γέ
1619 2253 1699 2285 σιν
1727 2231 1807 2286 διά

239 2338 334 2387 τῆς
373 2336 534 2396 φωνῆς
567 2327 651 2380 τὸν
685 2323 1002 2393 δηλούμενον,
1031 2323 1134 2374 ἀλλ’
1174 2323 1304 2376 ὥστε
1329 2325 1447 2395 περὶ
1490 2323 1714 2400 έιιάτερον
1752 2325 1808 2378 16

243 2418 452 2477 εὑσιξές
480 2417 802 2485 φυλαχθῆναι.
845 2431 866 2467 ι

322 2867 526 2921 τούτων
567 2865 730 2925 ο’τως
769 2863 1184 2936 ἀποδεδειγμένων
1218 2865 1300 2920 διά
1325 2873 1415 2924 τῆς
1448 2870 1544 2916 τῶν
1587 2863 1818 2934 πατέρων

249 2955 1008 3019 διδασκαλίας,’παυσάσθωσαν
1052 2956 1096 3008 οἱ
1131 2957 1214 3008 τὸν
1249 2955 1455 3027 ἀριθμζν
1485 2961 1582 3008 τῶν
1611 2953 1659 3006 έν
1697 2962 1817 3024 Χρι-

251 3055 365 3117 στῷ
411 3051 604 3119 φύσεων
637 3048 884 3120 πρόοασιν
931 3055 1021 3105 τῆς
1063 3048 1247 3104 οἰκείας
1287 3046 1468 3103 πλάνης
1511 3045 1816 3114 ποιούμενοι,

250 3141 339 3190 καί
373 3144 446 3206 τῷ
479 3135 562 3189 διά
609 3135 796 3190 τούτου
823 3142 912 3193 τήν
958 3133 1194 3207 διαφοράν
1240 3136 1518 3208 ἀρνεῖσθαι,
1558 3135 1818 3202 σύγχυσιν

1911 1966 2013 2020 hoc
2038 1964 2271 2034 quidem,
2295 1961 2436 2031 quod
2463 1963 2854 2030 superpositum
2881 1972 2961 2018 est
2989 1973 3044 2018 et
3071 1965 3474 2033 supereminens

1911 2070 2122 2110 omnem
2151 2069 2385 2116 sensum,
2418 2052 2690 2121 praedicat,
2719 2054 2994 2108 altioribus
3041 2054 3206 2109 utitur
3239 2058 3469 2112 nomini-

1911 2145 2028 2207 bus,
2056 2158 2216 2211 super
2242 2143 2417 2196 omnia
2438 2141 2630 2208 Deum,
2655 2149 2708 2195 et
2736 2155 2983 2209 magnum
3008 2140 3198 2207 Deum,
3227 2151 3282 2196 et
3305 2143 3471 2198 virtu-

1913 2240 2020 2286 tem
2050 2231 2165 2296 Dei,
2197 2239 2251 2286 et
2280 2229 2591 2298 sapientiam
2633 2229 2810 2298 (Rom.
2854 2246 2919 2295 x;
2969 2229 3070 2284 Tit.
3102 2245 3170 2295 tt;
3204 2228 3232 2282 1
3265 2227 3384 2285 Cor.
3411 2232 3475 2302 t),

1913 2331 1968 2377 et
1997 2321 2121 2374 talia
2153 2336 2386 2375 vocans:
2424 2335 2544 2374 cum
2575 2329 2753 2374 autem
2792 2321 3095 2388 passionum
3133 2321 3473 2389 experimen-

1919 2421 2027 2465 tum
2069 2409 2371 2464 necessario
2402 2418 2619 2477 propter
2645 2417 2880 2463 nostram
2923 2407 3282 2463 inﬁrmitatem
3324 2424 3478 2464 acce-

1916 2509 2066 2571 ptum
2085 2498 2258 2553 verbis
2277 2493 2555 2564 signiﬁcat,
2580 2512 2647 2551 ex
2673 2506 2856 2552 nostro
2897 2497 3174 2552 nominans
3201 2505 3479 2566 utrumque

1921 2590 2189 2646 hominem
2217 2589 2388 2659 ipsum
2422 2589 2675 2658 appellat,
2707 2603 2812 2642 non
2841 2588 3235 2644 communicans
3260 2600 3357 2656 per
3387 2603 3480 2642 vo-

1922 2695 2039 2734 cem
2069 2679 2133 2733 ad
2181 2689 2429 2734 caeteram
2476 2686 2720 2732 naturam
2749 2693 2869 2732 eum
2897 2677 2988 2746 qui
3017 2675 3362 2747 signiﬁcatur,
3387 2678 3479 2733 sed

1925 2778 1982 2825 ut
2005 2771 2146 2824 circa
2173 2776 2454 2836 utrumque
2481 2768 2649 2837 pietas
2677 2776 3038 2823 conservetur.
3075 2785 3096 2820 ι

1987 2859 2080 2914 llis
2107 2859 2177 2912 ita
2197 2857 2572 2912 demonstratis
2591 2871 2692 2925 per
2713 2864 3018 2911 sanctorum
3045 2854 3258 2911 Patrum
3281 2857 3480 2911 doctri-

1919 2964 2062 3012 nam,
2083 2954 2294 3002 cessent
2317 2947 2408 3015 qui
2433 2961 2710 3000 numerum
2729 2953 3030 3000 naturarum
3054 2959 3172 3014 quae
3191 2945 3246 3001 in
3271 2943 3483 3002 Christo

1918 3046 2059 3100 sunt,
2088 3038 2424 3091 occasionem
2463 3037 2545 3089 sui
2573 3035 2768 3089 erroris
2800 3035 3020 3102 faciunt,
3045 3043 3105 3089 et
3125 3051 3306 3091 earum
3332 3034 3484 3093 αισι.

1920 3126 2147 3182 rentiam
2179 3125 2272 3197 [ob
2299 3123 2351 3178 id
2377 3121 2728 3178 dl'ﬂ'erentiam
2757 3123 3020 3190 negando,
3061 3119 3253 3194 Cura]
3278 3125 3484 3179 numeri

255 3229 482 3296 εἰσάγειν
524 3229 917 3300 ἐπιχειροῦντες.
949 3232 1054 3283 Πῶς
1082 3227 1179 3298 γάρ
1208 3225 1293 3277 οὑκ
1330 3225 1601 3293 ἀναγκαῖος
1629 3222 1654 3276 6
1682 3224 1818 3297 ἀριθο
1843 3215 1889 3276 C

1815 3215 1889 3276 .C
1921 3215 2254 3269 recusatione
2300 3211 2566 3280 negando,
2602 3211 2969 3266 confusionem
3018 3211 3357 3270 introducere
3394 3229 3481 3271 co-

255 3318 377 3389 μὸς,
403 3313 442 3388 ᾧ
468 3319 552 3370 έπί
575 3319 802 3388 σημασίᾳ
823 3322 906 3373 τῆς
935 3312 1171 3386 διαφορᾶς
1195 3318 1292 3366 τῶν
1321 3311 1588 3364 ένωθεισῶν
1614 3315 1682 3370 εἰς
1706 3313 1822 3382 μίαν

255 3407 548 3462 ὑπόστασιν
593 3408 807 3476 φύσεων,
849 3406 926 3456 καί
951 3406 1039 3455 οὑκ
1067 3404 1150 3456 ἐπί
1274 3402 1369 3454 δινά
1393 3403 1542 3473 μέρος
1581 3399 1826 3475 διαιρέσει

259 3499 449 3557 αὑτῶν,
487 3496 530 3546 οί
574 3495 792 3563 πατέρες
824 3495 1148 3565 ἐχρήσαντος
1189 3487 1638 3562 Ἀποδεδειγμένου,
1663 3493 1827 3542 τοίνυν

258 3584 605 3654 πανταχίθεν,
635 3583 903 3642 ὡςηάσεϐές
939 3583 1043 3634 ἐστι
1079 3582 1139 3634 16
1177 3580 1333 3650 λέγειν
1383 3581 1502 3648 μίαν
1529 3581 1690 3647 φύσιν,
1718 3580 1828 3636 ἦτοι

260 3675 442 3726 οὐσίαν
470 3674 701 3730 θεότητος
729 3675 812 3723 καί
854 3678 945 3730 τῆς
994 3669 1183 3741 σαρκός
1220 3674 1309 3722 τοῦ
1352 3674 1591 3740 Χριστοῦ,
1638 3670 1828 3720 κάκεῖνο

260 3766 497 3839 ἐροῦμεν,
527 3764 594 3819 ὡς
625 3759 736 3813 οὐδέ
774 3762 891 3812 καθὸ
917 3761 1031 3830 μίαν
1057 3757 1342 3812 ὑπόστασιν
1367 3757 1572 3828 λέγομεν
1599 3765 1688 3814 τῆς
1721 3757 1830 3809 θεό-

261 3872 440 3912 τητος,
468 3854 551 3904 καί
583 3857 672 3908 τῆς
709 3849 1088 3921 ἀνθρωπόσητος
1111 3853 1197 3900 τοῦ
1238 3851 1476 3920 Χριστοῦ,
1508 3844 1640 3898 οὕτω
1678 3843 1829 3898 δυναο

261 3941 352 3995 τὸν
401 3942 482 3992 καί
525 3941 642 4008 μίαν
669 3941 817 4010 φύσιν
859 3938 1014 4008 λέγειν
1048 3943 1297 4011 Χριστοῦ.
1332 3933 1527 3992 Ἐπειδὴ
1554 3940 1622 4003 μή
1646 3935 1827 3988 ταυτὸν

261 4030 420 4099 φύσις
447 4049 500 4082 τε
538 4031 620 4081 καί
661 4026 967 4082 ὑπόστασις.
995 4025 1179 4082 Πάντες
1208 4027 1306 4098 γὰρ
1354 4023 1399 4076 οί
1442 4021 1572 4093 ἅγιοι
1614 4022 1828 4094 πατέρες

265 4121 550 4188 συμφώνως
575 4118 706 4185 ἡμᾶς
741 4112 1084 4174 διδάσκουσιν,
1125 4109 1241 4165 ἄλλο
1274 4107 1395 4164 εἶναι
1427 4110 1574 4179 φύσιν
1611 4112 1720 4167 ἦτοι
1745 4113 1828 4162 οὐ·

262 4211 405 4269 σίαν,
448 4209 532 4258 καί
562 4210 768 4278 μορφήν,
799 4205 879 4254 καί
919 4198 1034 4255 ἄλλο
1075 4199 1357 4253 ὑπόστασιν
1394 4199 1503 4256 ἤτοι
1535 4200 1824 4272 πρόσωπον·

264 4301 348 4350 καί
393 4302 481 4354 τήν
508 4299 597 4365 μέν
623 4299 788 4366 φύσιν,
820 4293 931 4350 ἤτοι
957 4294 1128 4346 οὐσίαν
1153 4293 1236 4344 καί
1255 4294 1441 4364 μορφὴν
1464 4290 1522 4343 16
1554 4291 1708 4342 κοινόν
1738 4312 1830 4346 σο-

262 4394 480 4464 μοιίνειν,
507 4394 598 4446 την
625 4386 676 4441 δέ
705 4387 992 4440 ὑπόστασιν
1016 4384 1125 4442 ἦτοι
1151 4383 1448 4456 πρόσωπον,
1490 4383 1547 4435 16
1576 4380 1754 4434 ίδικόν·
1787 4381 1830 4432 εἰ

261 4478 319 4532 ὁέ
349 4477 549 4547 φήσωσί
574 4494 722 4535 τινες,
759 4471 834 4528 ὅτι
861 4475 1038 4546 ὥσπερ
1080 4473 1171 4542 μία
1199 4471 1482 4529 ὑπόστασις
1508 4472 1740 4526 σύνθετος
1761 4466 1830 4522 εἴ·

1923 3310 2134 3357 nantur.
2160 3301 2452 3367 Quomodo
2469 3301 2610 3356 enim
2637 3316 2742 3355 non
2761 3309 2841 3356 est
2866 3302 3192 3358 necessarius
3212 3319 3484 3371 numerus,

1920 3417 2046 3472 quo,
2071 3401 2138 3457 ad
2165 3401 2562 3470 significandam
2585 3400 2936 3456 diﬂ‘erentiam
2960 3409 3266 3458 naturarum
3289 3419 3404 3474 quae
3433 3405 3484 3458 in

1924 3510 2080 3550 unam
2109 3495 2500 3550 subsistentiam
2522 3495 2679 3547 unitze
2706 3502 2846 3558 sunt,
2869 3502 2924 3548 et
2942 3510 3047 3550 non
3077 3495 3143 3549 ad
3171 3496 3484 3550 divisionem

1924 3599 2021 3655 per
2072 3593 2251 3654 partes
2303 3599 2505 3647 earum,
2556 3585 2636 3640 usi
2686 3583 3047 3641 suntPatres?
3105 3583 3484 3638 Demonstran

1928 3675 2089 3743 igitur
2115 3674 2363 3742 undique,
2393 3673 2535 3741 quod
2576 3673 2793 3742 impium
2823 3681 2905 3727 est
2939 3673 3114 3728 dicere
3145 3681 3482 3729 onamnatu-

1925 3778 2040 3816 ram
2096 3760 2600 3818 sivesubstantiam
2640 3762 2852 3815 deitatis
2877 3770 2933 3816 et
2968 3761 3142 3816 carnis
3184 3760 3401 3824 Christi,
3433 3769 3483 3815 et

1926 3851 2055 3905 illud
2096 3850 2338 3915 dicimus,
2377 3852 2499 3918 quia
2542 3849 2967 3905 nec'secundum
3003 3849 3145 3919 quod
3172 3865 3329 3903 unam
3357 3849 3484 3904 sub-

1925 3939 2220 3994 sistentiam
2244 3939 2468 3994 dicimus
2498 3938 2710 3994 deitatis
2731 3947 2784 3992 et
2805 3939 3146 3992 humanitatis
3172 3939 3387 4007 Christi,
3410 3940 3485 3995 sic

1925 4029 2176 4098 possibile
2200 4036 2282 4082 est
2309 4037 2364 4082 et
2393 4044 2551 4082 unam
2580 4040 2825 4081 naturam
2861 4027 3056 4081 Christi
3085 4027 3263 4082 dicere
3305 4046 3319 4080 :
3359 4043 3482 4098 quo.

1926 4117 2068 4170 niam
2113 4131 2218 4170 non
2260 4116 2402 4170 idem
2445 4125 2528 4170 est
2572 4125 2763 4170 natura
2789 4125 2844 4170 et
2887 4116 3247 4173 subsistentia.
3289 4113 3485 4171 Omnes

1928 4204 2067 4256 enim
2089 4204 2259 4256 sancti
2282 4201 2466 4257 Patres
2486 4212 2843 4258 consonanter
2865 4221 2962 4259 nos
2981 4205 3174 4259 docent
3199 4203 3340 4259 aliud
3368 4220 3485 4261 esse

1929 4302 2171 4346 naturam
2193 4295 2302 4348 sive
2331 4295 2680 4348 substantiam
2710 4303 2765 4349 et
2793 4297 3036 4357 formam,
3085 4305 3140 4350 et
3177 4295 3320 4350 aliud
3356 4295 3488 4350 sub-

1929 4389 2223 4442 sistentiam
2266 4392 2377 4444 sive
2423 4405 2732 4460 personam;
2773 4399 2828 4445 et
2871 4401 3114 4444 naturam
3143 4392 3356 4459 quidem
3401 4394 3485 4448 vel

1928 4478 2275 4530 substantiam
2315 4485 2371 4531 et
2406 4476 2652 4544 formam,
2715 4477 2823 4532 hoc
2885 4477 3030 4546 quod
3065 4488 3147 4533 est
3185 4494 3485 4545 commune,

261 4588 421 4639 ρης-αι
443 4568 525 4618 έπί
549 4569 789 4638 Χριστοῦ,
823 4562 955 4616 οὕτω
983 4561 1060 4616 δεῖ
1088 4564 1166 4614 καί
1195 4560 1314 4629 μίαν
1333 4562 1477 4630 φύσιν
1507 4556 1737 4612 σύνθετον
1758 4557 1830 4610 λέ·
1859 4552 1904 4607 Ι)

1817 4587 1830 4595 -
1859 4552 1904 4607 Ι)
1930 4563 2254 4630 signiﬁcare;
2280 4564 2671 4618 subsistentiam
2698 4574 2877 4618 autem
2908 4567 3021 4621 sive
3051 4581 3353 4634 personam,
3384 4567 3483 4622 hoc

260 4675 391 4724 75w,
417 4652 735 4720 ἀποδείξομεν
761 4653 842 4706 καί
861 4657 1012 4704 τοῦτο
1032 4650 1282 4719 ἀλλότριον
1304 4645 1424 4701 εἶναι
1446 4655 1533 4706 τῆς
1554 4647 1826 4705 εὐσεϐείας.

262 4756 304 4795 Μ
331 4764 387 4794 αα)
411 4746 510 4813 ⁹γάρ
539 4743 686 4811 φύσιν
710 4741 956 4800 θεότητος,
989 4739 1100 4798 ἦτοι
1130 4741 1298 4792 οὐσίαν
1321 4739 1560 4809 λέγοντες.
1591 4746 1726 4810 τρεῖς
1757 4739 1830 4794 En‘

262 4833 421 4889 αὐτῆς
466 4829 730 4900 δοξάζομεν
768 4830 1073 4887 ὑποστάσεις
1111 4831 1162 4882 έν
1194 4829 1381 4902 έκάστῃ
1425 4828 1706 4882 ὑποστάσει
1743 4835 1831 4887 τήν

262 4925 424 4978 why},
455 4923 620 4993 φύσιν,
658 4920 768 4978 ἦτοι
807 4920 980 4971 οὐσίαν
1005 4921 1324 4991 γνωρίζοντες
1349 4933 1362 4948 ·
1392 4921 1476 4970 καί
1523 4919 1738 4976 εὐσεϐῶς
1781 4920 1832 4971 έν

263 5020 368 5066 τῶν
415 5016 565 5082 τριῶν
604 5010 932 5063 ὑποστάσεων
957 5009 1073 5076 μίαν
1111 5007 1397 5061 ὑπόστασιν
1433 5013 1519 5064 την
1558 5013 1647 5062 τοῦ
1675 5007 1824 5078 λόγου

265 5100 400 5171 πρὸς
448 5103 534 5154 τήν
575 5100 738 5168 σάρκα
779 5098 1116 5150 σνντεθεῖσθαί
1143 5115 1314 5164 φαμεν.
1360 5093 1527 5154 Οὐδεί,
1569 5095 1665 5172 γάρ
1701 5115 1824 5148 ποτε

267 5189 540 5256 ὶτόλμησεν
589 5187 637 5238 ἰν
685 5193 759 5259 τῇ.
791 5186 1012 5258 καθολικῇ
1061 5183 1296 5257 έκκλησίᾳ
1322 5187 1494 5247 εἰπεῖν,
1541 5182 1618 5238 ὅτι
1654 5185 1825 5259 ὥσπερ

267 5283 409 5350 τρεῖς
436 5275 742 5330 ὑποστάσεις
761 5313 776 5336 ,
809 5272 940 5325 οὕτω
965 5274 1042 5324 καί
1070 5280 1208 5344 τρεῖς
1239 5274 1407 5340 ’,ὑετις
1437 5274 1539 5327 εἰσί
1567 5282 1651 5330 τῆς
1680 5271 1826 5341 ἁγίας

269 5362 494 5437 τριάδος,
523 5365 649 5416 ὥστε
692 5367 769 5414 καί
810 5363 1052 5418 δὺνασῧαι
1088 5361 1239 5431 λέγειν
1284 5367 1402 5431 μίαν
1447 5362 1593 5431 φύσιν
1639 5364 1691 5414 ἔτι
1732 5369 1826 5413 τῶν

267 5463 422 5531 τριῶν
450 5455 646 5525 φύσεων
688 5455 1030 5507 συντεθεῖσθαι
1056 5457 1184 5526 πρὶς
1209 5455 1374 5525 σάρκα
1397 5469 1410 5482 ’
1441 5462 1570 5528 τρεῖς
1607 5453 1703 5526 γάρ
1730 5453 1825 5524 φῦ·

269 5564 380 5603 σεις
410 5545 495 5597 ἐπὶ
524 5552 614 5603 τῆς
643 5543 790 5614 ἁγίας
833 5541 1035 5611 τριάδος
1073 5541 1221 5614 μόνος
1249 5542 1440 5618 ’Λρειος
1469 5545 1720 5616 τολμήσας
1761 5543 1828 5594 εί-

269 5643 390 5691 πεῖν
416 5636 482 5693 ὥς
511 5635 798 5704 βλάσφημος
827 5638 1100 5708 κατεκρίθη.
1133 5638 1220 5688 Διά
1241 5643 1389 5689 τοῦτο
1416 5638 1572 5688 τοίνυν
1599 5635 1723 5687 κατὰ
1747 5635 1830 5688 τ-ὶν

271 5725 420 5800 ὀρθὸν
444 5723 586 5792 ’λόγον
605 5720 694 5776 δύο
723 5723 912 5790 φύσεων
937 5722 1112 5776 ἕνωσιν
1133 5725 1348 5795 λέγομεν,
1375 5729 1452 5776 καί
1471 5728 1585 5794 μίαν
1612 5724 1828 5778 ὑπόστα-

273 5837 376 5868 σιν.
407 5810 606 5870 Ἐπειδή
632 5809 657 5865 ό
685 5817 770 5865 τοῦ
798 5818 927 5864 Θεοῦ
952 5813 1055 5872 υίὸς
1088 5816 1209 5869 κατὰ
1239 5820 1322 5877 την
1353 5814 1630 5868 ὑπόστασιν
1658 5814 1826 5885 ἔτερος

1932 4652 2074 4719 quod
2102 4661 2182 4706 est
2221 4653 2472 4720 speciale.
2513 4652 2605 4706 Sin
2634 4669 2764 4706 vero
2801 4653 3031 4706 dixerint
3071 4654 3306 4723 quidam,
3346 4657 3484 4725 quod

1931 4742 2068 4794 sicut
2089 4756 2188 4798 una
2215 4741 2552 4795 subsistentia
2586 4745 2878 4811 composita
2910 4743 3106 4799 dicitur
3146 4744 3359 4811 Christi,
3410 4750 3484 4804 sic

1933 4840 2143 4899 oportet
2164 4813 2395 4886 ethnam
2419 4842 2660 4886 naturam
2687 4835 3036 4902 compositam
3071 4835 3282 4890 dicere:
3307 4845 3484 4891 osten-

1933 4919 2120 4975 demus
2145 4930 2200 4974 et
2227 4922 2326 4976 hoc
2351 4923 2579 4977 alienum
2613 4938 2732 4978 esse
2753 4939 2781 4976 a
2806 4924 3018 4993 pietate.
3047 4924 3213 4977 Unam
3235 4926 3376 4978 enim
3397 4941 3486 4981 na-

1931 5018 2102 5063 turam
2124 5011 2234 5065 sive
2260 5011 2608 5065 substantiam
2643 5012 2860 5068 deitatis
2887 5012 3146 5075 dicentes,
3175 5021 3282 5068 tres
3322 5014 3484 5082 ipsius

1928 5098 2240 5152 confitemur
2294 5099 2684 5171 [gloriﬁcamus,
2732 5099 2931 5171 Greca]
2977 5100 3364 5168 eubsistentias,
3431 5102 3483 5157 in

1927 5201 2240 5254 unaquaque
2281 5187 2615 5240 subsistentia
2644 5188 2883 5241 eamdem
2932 5197 3172 5243 naturam
3212 5191 3324 5244 sive
3361 5193 3482 5246 sub-

1925 5275 2174 5326 stantiam
2204 5283 2600 5339 cognoscentes.
2626 5273 2694 5326 Et
2720 5283 2864 5342 recte
2891 5290 2958 5329 ex
2987 5275 3154 5330 tribus
3186 5277 3474 5332 subsisten-

1928 5359 2016 5412 tiis
2037 5375 2190 5412 unam
2219 5359 2607 5413 subsistentiam
2625 5360 2782 5413 Verbi
2806 5362 2878 5437 ad
2898 5377 3112 5416 carnem
3133 5364 3482 5432 compositam

1930 5465 2049 5504 esse
2075 5451 2313 5502 dicimus.
2344 5448 2510 5503 Nemo
2552 5451 2692 5503 enim
2741 5465 2972 5516 unquam
3007 5466 3165 5506 ausus
3191 5460 3272 5506 est
3307 5453 3357 5506 in
3387 5468 3483 5506 ca~

1930 5540 2119 5593 tholica
2144 5541 2376 5597 Ecclesia
2412 5540 2610 5604 dicere,
2650 5541 2789 5609 quod
2812 5542 2946 5594 sicut
2973 5550 3082 5596 tres
3106 5541 3478 5609 subsistentia),

1926 5632 2004 5684 sic
2029 5640 2084 5684 et
2112 5640 2218 5685 tres
2258 5641 2459 5686 naturae
2498 5639 2619 5685 sunt
2656 5642 2849 5685 sancta:
2879 5628 3183 5686 Trinitatis:
3213 5642 3272 5686 ut
3308 5635 3478 5702 possi-

1927 5723 2030 5776 bile
2060 5723 2126 5775 sit
2153 5722 2349 5788 dicere,
2379 5737 2534 5776 unam
2563 5732 2800 5776 naturam
2830 5739 2892 5776 ex
2918 5723 3083 5777 tribus
3105 5721 3308 5776 naturis
3333 5739 3477 5777 com-

1929 5814 2148 5882 positam
2181 5827 2293 5869 esse
2315 5814 2377 5868 ad
2405 5830 2634 5870 carnem.
2665 5813 2791 5865 Tan
2812 5815 2947 5867 enim
2982 5823 3193 5868 naturas
3225 5814 3270 5866 in
3296 5822 3473 5869 sancta
