4220 6442
230 429 370 496 1013

1344 450 1757 512 CONFESSIO
1795 448 2061 514 RECTIE
2099 447 2332 509 FIDEI.

3329 436 3488 499 101i

225 558 551 629 συγχεόντων
577 599 590 622 ,
645 561 726 612 καί
775 557 1051 628 τεμνόντων
1096 556 1156 610 τό
1200 563 1290 615 τῆς
1336 557 1470 614 θείας
1517 557 1798 623 οἰκονομίας

1901 551 2140 605 dividunt
2183 553 2374 607 divina:
2421 552 2828 621 dispensationis
2875 552 3213 620 mysterium,
3261 551 3454 605 merito

224 653 526 722 praeruptos,
558 647 761 708 εἰκότως
790 647 1097 726 έγράψαμεν,
1131 649 1209 700 καί
1231 648 1286 698 ού
1313 652 1386 715 τῷ
1421 647 1702 712 σαφηνίζειν
1731 647 1798 698 τά

224 738 278 799 ἐξ
308 734 375 790 ὧν
399 739 524 800 ἐστι,
555 741 638 790 καὶ
667 739 715 790 έν
740 734 813 795 οἷς
834 733 1176 812 γνωρίζεταιό
1205 734 1439 809 Χριστὸς,
1468 733 1730 802 σύγχυσιν
1767 731 1798 788 ἦ

146 880 148 882 ,
226 825 470 898 δίοιίρισιν
495 836 555 900 τῇ
577 829 687 901 θείᾳ
715 829 969 900 οἰκονομίᾳ
997 828 1278 898 εἰσάγομεν.
1310 823 1501 892 ’Δμέλει
1519 823 1799 890 δοξολογίαν

226 917 319 967 καί
343 916 429 970 τὸν
453 924 543 974 τῆς
568 916 787 976 ένὼσιως
817 916 960 986 λόγον
979 917 1333 990 προφέροντες,
1364 915 1453 968 ἕνα
1470 913 1694 986 ,Χριστὸν
1719 915 1800 965 καί

225 1006 335 1059 υίόν
377 1010 463 1060 καί
504 1007 674 1080 κύριον
717 1009 806 1061 τὸν
833 1013 925 1062 τοῦ
956 1013 1078 1061 Θεοῦ
1107 1007 1250 1077 λόγον
1279 1006 1680 1077 σεσαρκωμένον,
1721 1008 1802 1056 καί

227 1095 684 1170 ένανορωπήσαντα
706 1097 1034 1170 ὁμολογοῦμέν
1071 1118 1124 1152 τι
1141 1141 1155 1162 ,
1187 1101 1269 1150 καί
1307 1102 1684 1171 προσκυνοῦμεν
1710 1099 1802 1150 σὺν

226 1194 304 1254 τῷ
335 1190 495 1257 πατρί
520 1192 602 1240 καί
625 1197 694 1257 τῷ
721 1190 845 1259 ἁγίῳ
873 1193 1140 1258 πνεύματι.
1179 1191 1377 1243 Τούτων
1403 1189 1562 1248 οὕτως
1591 1189 1689 1242 ὑπὸ
1713 1197 1802 1248 τῆς

226 1285 318 1331 τοῦ
349 1285 476 1332 Θεοῦ
503 1281 754 1340 καθολικῆς
781 1281 1042 1340 ἐκκλησίας
1071 1281 1474 1353 ὁμολογουμένων
1493 1323 1509 1348 ,
1549 1284 1804 1352 γινώσκειν

228 1369 516 1438 βουλόμεθα
538 1371 732 1430 πάντας
758 1373 875 1430 τοὺς
897 1373 1248 1443 Χριστιανούς,
1285 1369 1365 1424 ὅτι
1385 1372 1552 1445 ὥσπερ
1581 1371 1664 1423 ἵνα
1687 1373 1804 1424 Θεὸν

229 1461 314 1509 καί
339 1455 513 1528 κύριον
553 1455 760 1527 ἴχομεν,
793 1459 924 1511 οὕτω
964 1463 1043 1512 καὶ
1069 1464 1185 1529 μίαν
1213 1462 1404 1514 πίστιν.
1439 1457 1518 1518 Εἷς
1544 1461 1643 1532 γάρ
1669 1462 1805 1514 ἐστιν

228 1544 349 1618 ὄρος
379 1549 633 1609 πίστεως,
664 1550 722 1600 τό
753 1546 1006 1618 ὁμολογεῖν
1045 1553 1124 1602 καί
1155 1551 1307 1621 ὀρθῶς
1331 1547 1549 1611 δοξάζειν
1585 1551 1803 1621 πατέρα,

227 1640 317 1690 καί
342 1639 560 1712 Χριστὸν
585 1640 669 1692 τὸν
689 1640 791 1691 υῗόν
812 1644 902 1690 τοῦ
924 1645 1071 1698 Θεοῦ,
1099 1643 1184 1692 καί
1208 1637 1346 1711 ἅγιον
1372 1645 1587 1711 πνεῦμα.
1608 1641 1805 1696 Ταύτην

225 1731 320 1784 τήν
341 1726 606 1798 ὁμολογίαν
633 1727 965 1798 φυλάττομεν,
997 1731 1067 1786 ε’ς
1093 1729 1149 1786 ἧν
1177 1731 1260 1780 καὶ
1291 1729 1674 1794 ἐϐαπτίσθημεν,
1704 1726 1802 1779 δω-

227 1819 462 1891 ρηθεῐσαν
492 1820 581 1886 μέν
609 1819 753 1890 παρὰ
787 1824 876 1872 τοῦ
904 1818 1120 1889 μεγάλου
1137 1823 1271 1886 ’.Θεοῦ
1303 1820 1383 1869 καί
1415 1825 1643 1890 σωτῆρος
1671 1820 1806 1886 ἡμῶν

1898 642 2219 710 scripsimus,
2248 653 2303 696 et
2330 659 2435 697 non
2464 658 2529 697 eo
2556 642 2699 712 quod
2720 641 3057 698 declaramus
3089 657 3152 697 ea
3177 658 3245 697 ex
3268 641 3458 711 quibus

1899 739 2000 797 est,
2030 738 2086 785 et
2113 733 2166 784 in
2197 732 2386 800 quibus
2413 734 2754 800 cognoscitur
2785 729 3049 796 Christus,
3087 731 3455 788 confusionem

1898 821 1984 874 vel
2011 819 2323 874 divisionem
2351 820 2540 873 divinae
2578 820 2967 890 dispensationi
2997 819 3238 875 facimus.
3268 819 3457 888 Itaque

1892 909 2341 978 gloriiicationem
2389 919 2443 964 et
2490 912 2744 965 unitionis
2789 912 3054 965 rationem
3101 907 3460 980 proferentes.

1899 1014 2062 1052 unum
2083 998 2348 1054 Christum
2375 1009 2430 1054 et
2457 998 2644 1053 Filium
2674 1008 2730 1053 et
2755 1001 3057 1063 Dominum,
3100 999 3333 1054 Verbum
3362 998 3458 1052 Dei
3485 1030 3487 1032 -

1902 1088 2228 1141 incarnatum
2259 1098 2313 1142 et
2351 1088 2620 1142 hominem
2650 1086 2844 1141 factum
2872 1090 3192 1141 conlitemur
3235 1094 3290 1140 et
3330 1085 3461 1139 ado-

1902 1194 2079 1233 ramus
2111 1196 2228 1233 cum
2260 1179 2418 1234 Patre
2454 1189 2509 1233 et
2556 1178 2757 1248 Spiritu
2801 1187 3006 1232 sancto.
3050 1177 3174 1232 Haec
3219 1177 3294 1230 ita
3341 1191 3462 1229 cum

1904 1269 2186 1325 universali
2211 1268 2305 1321 Dei
2335 1267 2569 1322 Ecclesia
2608 1265 2925 1322 conﬁtentes
2963 1269 3004 1332 ί,
3051 1267 3189 1320 scire
3216 1263 3464 1319 volumus

1904 1374 2088 1414 omnes
2115 1358 2466 1424 Christianos,
2495 1358 2638 1425 quod
2666 1360 2803 1412 sicut
2829 1375 2991 1412 unum
3015 1358 3183 1411 Deum
3206 1364 3260 1411 et
3288 1356 3465 1408 Domi-

1907 1463 2030 1501 num
2058 1447 2328 1510 habemus,
2374 1447 2445 1499 ita
2485 1455 2540 1500 et
2567 1462 2726 1500 unam
2758 1446 2931 1500 ﬁdem.
2970 1446 3085 1501 Una
3114 1447 3257 1501 enim
3281 1442 3468 1499 deﬁni-

1907 1540 1982 1591 tio
2011 1537 2128 1593 ﬁdei
2156 1547 2256 1600 est,
2289 1537 2531 1592 conliteri
2557 1549 2613 1592 et
2641 1547 2785 1592 recte
2815 1538 3114 1605 gloriﬁcare
3136 1536 3370 1602 Patrem,
3413 1547 3469 1590 et

1907 1628 2172 1681 Christum
2214 1627 2402 1680 Filium
2433 1628 2544 1691 Dei,
2597 1637 2651 1681 et
2680 1628 2938 1696 Spiritum
2988 1637 3251 1683 sanctum.
3307 1627 3465 1680 Istam

1907 1717 2294 1772 confessionem
2339 1732 2738 1783 conservamus,
2788 1718 2842 1770 in
2871 1733 2976 1786 qua
3024 1725 3080 1772 et
3106 1717 3360 1785 baptizati
3388 1731 3470 1770 su-

1907 1807 2302 1873 mus,=louatam
2333 1807 2544 1875 quidem
2567 1824 2596 1862 a
2627 1822 2820 1876 magno
2844 1807 2954 1862 Deo
2983 1815 3038 1862 et
3064 1808 3339 1862 Salva-tore
3367 1819 3471 1860 no-

224 1903 398 1963 Ἰησιῦ
425 1913 644 1982 Χριστοῦ
673 1914 781 1966 τοῖς
811 1907 968 1980 ἁγίοις
999 1910 1148 1962 αὖτοῦ
1182 1911 1433 1977 μαθηταῖς
1471 1910 1552 1961 καί
1579 1907 1803 1961 ἀποστό-

1910 1904 2021 1949 stro
2060 1897 2182 1951 Jesu
2211 1896 2423 1959 Clu-isto
2452 1899 2649 1952 sanctis
2677 1899 2788 1953 suis
2814 1899 3088 1968 discipulis
3111 1907 3167 1952 et
3193 1897 3467 1973 apostolis,

227 1997 353 2059 λοις,
385 1999 508 2070 παρ’
531 1999 694 2051 αὐτῶν
715 1997 765 2051 δέ
792 2000 1136 2070 κηρυχθεῖσαν
1164 1998 1211 2049 ἐν
1229 1997 1326 2063 ὅλῳ
1351 2005 1424 2069 τῷ
1447 1999 1644 2068 κόσμῳ.
1669 2001 1728 2050 Οἱ
1752 1995 1804 2050 δέ

227 2089 514 2163 τριακόσιοι
551 2086 671 2142 δέκα
705 2092 786 2141 καί
823 2089 949 2140 ὀκτὼ
976 2089 1193 2161 πατέρες
1229 2086 1356 2158 ἅγιοι
1389 2089 1434 2140 oi
1465 2088 1805 2156 συναχθέντες

225 2179 276 2228 ἐν
305 2180 483 2250 Nuntia
509 2180 637 2231 κατὰ
661 2183 870 2247 Ἀρείου,
902 2181 983 2231 καί
1004 2183 1182 2231 τοῦτον
1208 2180 1338 2247 μιτά
1365 2185 1454 2236 τῆς
1493 2179 1646 2231 αὐτοῦ
1682 2179 1803 2230 ἀσε-

227 2267 367 2327 ϐείας
397 2267 850 2332 καταδικάσαντες,
881 2275 968 2326 τήν
992 2270 1149 2327 αὐτήν
1179 2267 1438 2338 ὁμολογίαν
1456 2307 1470 2329 ,
1500 2267 1530 2324 ἦ
1558 2267 1806 2336 σύμϐο)ον

222 2362 306 2412 κέ
334 2356 500 2428 [ἅγιον
539 2355 624 2432 L_.]
663 2361 872 2428 μάθημα
907 2367 1016 2418 τῆς-
1040 2361 1261 2417 πίστεως
1304 2355 1694 2430 παραδεδώκασι

220 2443 346 2516 ἆγέτι
371 2451 463 2498 τοῦ
494 2425 617 2499 Θεόῦ
648 2447 912 2519 έκκλησίᾳ’
944 2449 1028 2499 καί
1050 2447 1160 2515 μετ’
1183 2447 1394 2505 έκείνους
1415 2447 1458 2499 oi
1490 2446 1662 2500 ἑκατὸν
1681 2466 1803 2499 πεν-

222 2540 446 2592 τήκοντα
474 2535 605 2607 ἅγιοι
633 2539 849 2607 πατέρες
888 2537 934 2589 oi.
960 2536 1300 2610 σψαχθέντες
1329 2536 1378 2588 έν
1410 2550 1807 2589 Ιὶωνσταντινου-

220 2628 366 2681 πόλει
395 2631 526 2682 κατά
556 2628 858 2682 Mando-view
883 2635 976 2682 τοῦ
1003 2631 1437 2699 πνευματομάχου
1457 2672 1470 2693 ,
1502 2631 1584 2680 καί
1603 2629 1800 2698 Mirva

219 2723 314 2768 τοῦ
341 2714 781 2790 ’Δπολιναριστοῦ,
830 2722 915 2770 καί
955 2718 1168 2776 τούτους
1206 2716 1629 2775 καταδικάσαντες
1677 2721 1803 2786 μετὰ

222 2812 320 2864 τῆς
358 2807 526 2860 αὐτῶν
570 2808 836 2868 ἁσεέείας,
874 2807 1251 2866 δικολσυθοῦντές
1281 2827 1335 2861 τε
1364 2809 1491 2860 κατὰ
1525 2809 1689 2860 πάντα
1731 2815 1801 2876 τῷ

223 2898 369 2966 αὐτῷ
400 2895 553 2966 ἁγίων
578 2897 817 2966 συμϐόλῳ
841 2904 914 2968 τῷ
937 2900 1078 2971 παρά
1104 2905 1201 2950 τῶν
1225 2901 1524 2971 τριακοσίων
1553 2896 1800 2950 δεκαοκτώ

222 2983 384 3054 ἆγίων
405 2987 634 3058 πατέρων
657 2985 1016 3056 παραδοθέντι,
1042 2987 1321 3062 έτρὰνωσαν
1344 2988 1408 3038 τὰ
1435 2990 1551 3057 περὶ
1577 2995 1665 3044 τῆς
1695 2988 1802 3040 θεό-

220 3090 379 3130 τητος
418 3079 510 3125 τοῦ
559 3073 702 3143 έιγίου
748 3074 1048 3142 πνεύματος.
1077 3071 1187 3127 Ἐτι
1223 3070 1277 3126 δέ
1325 3075 1409 3128 καί
1454 3076 1496 3125 οἵ
1535 3075 1582 3126 έν
1617 3076 1800 3145 Ἐφέσῳ

223 3165 568 3231 συναχθέντες
596 3168 652 3219 τό
688 3166 930 3238 πρότερον
961 3163 1093 3234 ἅγιοι
1126 3167 1339 3238 πατέρες
1378 3168 1506 3220 κατὰ
1534 3169 1798 3238 Νεστορίου

1912 1987 1977 2039 ab
2005 1986 2082 2039 eis
2112 1996 2284 2040 autem
2328 1987 2668 2056 przedicatam
2712 1987 2766 2040 in
2811 1995 2926 2041 toto
2956 1987 3174 2040 mundo.
3218 1985 3472 2040 Trecenti

1909 2087 2086 2131 autem
2116 2077 2297 2132 decem
2331 2087 2385 2131 et
2407 2088 2530 2133 octo
2555 2080 2724 2132 sancti
2755 2077 2946 2133 Patres
2975 2079 3185 2134 collecti
3205 2079 3265 2133 in
3295 2079 3471 2134 Nicata

1910 2168 2159 2220 adversus
2187 2169 2389 2232 Arium,
2421 2169 2512 2221 illo
2534 2183 2653 2222 cum
2683 2183 2778 2222 sua
2796 2169 3071 2238 impietate
3093 2168 3470 2234 condemnato,

1909 2253 2153 2310 eamdem
2180 2253 2590 2321 confessionem,
2634 2256 2687 2311 id
2710 2265 2812 2322 est,
2854 2266 3094 2312 sanctum
3125 2247 3391 2313 mathema
3420 2270 3470 2314 et

1907 2333 2206 2414 symbOIum
2237 2345 2362 2399 ﬁdei
2391 2345 2721 2400 tradiderunt
2748 2356 2944 2402 sancta:
2983 2347 3076 2402 Dei
3108 2347 3389 2414 Ecclesia};
3421 2359 3470 2403 ct

1906 2444 2028 2506 post
2075 2437 2214 2503 illos,
2259 2438 2878 2507 ccntumquinquaginta
2919 2439 3092 2493 sancti
3119 2437 3306 2494 Patres
3335 2437 3470 2494 Cou-

1907 2526 2252 2595 stantinopoli
2296 2526 2506 2580 collecti
2555 2527 2811 2582 adversus
2855 2527 3224 2582 Macedonium
3282 2538 3470 2584 sancto

1907 2614 2124 2682 Spiritui
2171 2623 2574 2684 repugnantem,
2619 2626 2675 2670 et
2721 2613 2967 2683 Magnum
3014 2617 3471 2687 Apollinaristam,

1907 2701 2010 2753 illis
2038 2700 2402 2754 condemnatis
2431 2717 2550 2756 cum
2572 2719 2665 2758 sua
2695 2704 2940 2773 perﬁdia,
2971 2707 3140 2760 secuti
3167 2721 3264 2775 per
3292 2709 3470 2763 omnia

1907 2798 2048 2853 idem
2074 2808 2316 2854 sanctum
2344 2801 2644 2870 symbolum
2675 2802 2924 2857 traditum
2952 2819 2981 2858 a
3004 2806 3258 2860 trecentis
3286 2808 3471 2861 decem

1907 2903 1961 2949 et
1983 2903 2105 2949 octo
2133 2897 2330 2950 sanctis
2359 2894 2626 2964 Patribus,
2661 2900 3080 2968 explanaverunt
3105 2919 3223 2972 quae
3252 2913 3376 2958 sunt
3406 2904 3471 2959 de

1908 2987 2104 3042 deitate
2144 2990 2310 3043 sancti
2361 2989 2587 3059 Spiritus
2635 2990 2771 3063 (Act.
2816 2991 2889 3061 5).
2929 2991 3151 3063 insuper
3191 3005 3368 3050 antem
3415 3005 3470 3050 et

1907 3087 1996 3156 qui
2027 3087 2079 3140 in
2107 3085 2318 3155 Epheso
2361 3088 2506 3156 prius
2547 3089 2758 3143 collecti
2806 3100 2930 3144 sunt
2955 3094 3124 3146 sancti
3155 3091 3340 3147 Patres
3369 3094 3467 3148 ad-

1905 3193 2091 3232 versus
2146 3178 2447 3232 Nestorium
2495 3180 2747 3248 impium,
2796 3189 2851 3234 et
2890 3183 2979 3251 qui
3030 3183 3082 3236 in
3126 3181 3471 3244 Chalcedone

221 3260 317 3306 τοῦ
342 3253 658 3319 δυσσεϐοῦς,
700 3259 783 3308 καί
811 3257 854 3308 οί
884 3255 934 3308 ἐν
962 3255 1235 3312 Χαλκηδόνι
1270 3255 1404 3324 ἅγιοι
1432 3260 1645 3329 πατέρες
1672 3259 1800 3311 κατὰ

1901 3270 2265 3321 cenvenerunt
2309 3269 2476 3324 sancti
2527 3267 2711 3323 Patres
2740 3269 2994 3326 adversus
3025 3271 3316 3344 Eutycbem
3358 3275 3462 3329 im»

220 3345 500 3412 Εύτυχοῦς
527 3351 616 3396 τοῦ
647 3343 962 3409 δυσσεξοῡς,
1005 3345 1430 3404 ἀκολουθήσαντες
1472 3350 1600 3400 κατὰ
1634 3349 1798 3402 πάντα

218 3441 298 3504 τῷ
324 3434 564 3502 εἰρημένῳ
594 3434 718 3504 ἁγίῳ
750 3435 1011 3504 συμϐόλῳ,
1037 3435 1147 3491 ἦτοι
1165 3436 1416 3504 μαθήματι
1438 3445 1527 3494 τῆς
1555 3440 1792 3502 πίστεως,

219 3523 564 3578 κατεδλκασαν
603 3527 720 3584 τοὺς
770 3526 1159 3596 προειρημένους
1212 3526 1486 3601 αἶρετικούς
1528 3529 1660 3596 μαιιὰ
1706 3537 1795 3588 τῆς

221 3617 394 3668 αὐτῶν
421 3614 685 3680 ἀσεϐείας,
713 3618 796 3666 καί
832 3623 932 3668 τῶν
959 3612 1110 3684 ὅμοια
1149 3616 1313 3673 αὐτοῖς
1356 3618 1701 3688 φρονησάντων
1723 3657 1736 3680 ,
1763 3618 1793 3675 ἡ

219 3708 312 3757 καὶ
353 3705 682 3774 φρονούντων.
725 3708 823 3755 Καὶ
864 3706 994 3775 πρὸς
1033 3706 1230 3762 τούτοις
1273 3706 1634 3773 ἀνεθεμάτισαν
1677 3710 1796 3767 τοὺς

223 3795 395 3864 ἕτερον
419 3792 533 3866 ὅρον
557 3797 774 3851 πίστεως
796 3794 905 3850 ἦτοι
933 3793 1205 3862 σύμϐολον
1228 3799 1304 3847 καὶ
1343 3796 1546 3864 μάθημα
1574 3795 1796 3869 παραδι-

222 3881 409 3940 δόντας
433 3890 534 3940 τοῖς
555 3889 825 3956 προσιοῦσι
847 3888 919 3954 τῷ
943 3881 1066 3953 ἁγίῳ
1087 3883 1432 3952 βαπτίσματι,
1453 3883 1484 3940 ἦ
1512 3887 1561 3947 έξ
1593 3881 1799 3939 οἱασδή-

221 3991 350 4024 sror:
380 3971 616 4044 αἶρέσεως
649 3972 1000 4043 έπιστρέξουσι
1033 3973 1174 4043 παρὰ
1197 3973 1281 4024 τὸν
1316 3969 1686 4046 παραδοθέντα,
1727 3975 1793 4034 ὡς

223 4061 456 4132 ε’ρηται,
493 4062 593 4112 ὑπό
621 4067 718 4114 τῶν
757 4063 1058 4130 τριακοσίων
1085 4060 1204 4114 δέκα
1232 4063 1317 4113 καί
1359 4062 1488 4116 ὀκτὼ
1515 4061 1666 4134 ἁγίων
1695 4085 1803 4116 πα.

219 4153 406 4224 τέρων,
430 4155 513 4203 καί
533 4151 844 4224 τρανωθέντα
869 4151 968 4204 ύπό
991 4159 1088 4204 τῶν
1120 4151 1288 4205 έκατόν
1318 4158 1615 4210 πεντήκοντα
1643 4154 1794 4225 ἁγίων

218 4242 477 4314 πατέρων.
507 4244 708 4294 Τούτων
747 4242 907 4301 οὕτως
948 4241 1169 4312 έχὸντων
1205 4243 1496 4314 συνείδομεν
1532 4250 1612 4298 καὶ
1657 4249 1799 4318 κεφά-

218 4332 339 4386 λαια
378 4333 624 4395 ὑποτάξαι
656 4337 747 4391 τήν
783 4355 838 4387 τε
881 4342 974 4393 τῆς
1002 4337 1221 4394 πίστεως
1260 4337 1405 4409 ὀρθήν
1447 4336 1708 4407 ὁμολογίαν
1750 4341 1797 4390 ἐν

221 4425 487 4494 συντόμῳ,
512 4429 602 4482 τήν
620 4444 675 4477 τε
703 4432 803 4477 τῶν
822 4428 1085 4500 αἱρετικῶν
1112 4430 1404 4500 κατάκρισιν
1431 4430 1758 4498 περιέχοντα.

292 4512 357 4565 Εἴ
396 4535 475 4573 τις
521 4515 625 4582 οὐχ
669 4512 903 4584 ὁμολογεῖ
935 4517 1168 4587 πατέρα,
1219 4518 1302 4566 καὶ
1346 4517 1478 4577 υἷόν,
1527 4519 1607 4568 καί
1653 4516 1789 4586 ἅγιον

1900 3360 2067 3428 pium,
2092 3361 2260 3414 secuti
2289 3377 2384 3431 per
2418 3362 2594 3416 omnia
2623 3365 2931 3432 praedictum
2975 3375 3218 3420 sanctum
3248 3368 3465 3439 symbo-

1899 3450 2006 3504 lum
2033 3451 2146 3504 sive
2172 3453 2442 3506 mathema
2474 3453 2619 3517 ﬁdei,
2663 3454 3154 3510 condemnaverunt
3178 3459 3461 3528 przedictos

1898 3539 2180 3594 hmreticos
2208 3555 2312 3593 una
2335 3555 2454 3594 cum
2485 3555 2670 3595 eorum
2711 3543 3006 3611 impietate,
3056 3553 3111 3600 et
3140 3546 3240 3601 hos
3269 3548 3362 3616 qui
3383 3549 3460 3602 si-

1895 3629 2041 3682 milia
2065 3629 2168 3682 illis
2195 3639 2505 3698 sapuerunt,
2535 3630 2617 3683 vel
2646 3631 2878 3700 sapiunt.
2926 3631 2992 3686 Et
3019 3649 3186 3702 super
3201 3635 3315 3690 hate
3335 3649 3465 3689 ana-

1896 3717 2375 3770 thematizaverunt
2423 3733 2517 3772 eos
2564 3720 2656 3786 qui
2704 3719 2861 3772 aliam
2903 3719 3269 3776 definitionem
3317 3722 3462 3788 ildei,

1894 3807 2007 3861 sive
2036 3807 2354 3877 symbolum,
2386 3807 2498 3861 sive
2527 3807 2795 3862 mathema
2836 3808 3055 3863 tradunt
3082 3812 3460 3867 accedentibus

1899 3896 1966 3950 ad
1995 3904 2231 3950 sanctum
2260 3895 2540 3969 baptisma,
2573 3897 2654 3950 vel
2691 3913 2760 3951 ex
2785 3913 3102 3970 quacunque
3131 3900 3319 3956 haeresi
3338 3917 3462 3958 con—

1897 3986 2084 4047 versis,
2116 3992 2310 4056 prater
2337 3986 2593 4040 traditum
2623 3987 2784 4057 (sicut
2812 3987 3011 4042 dictum
3039 3990 3142 4058 est)
3189 4005 3219 4043 a
3249 4001 3461 4047 trecen-

1895 4075 1964 4128 tis
1991 4074 2173 4128 decem
2193 4064 2256 4128 ‘et
2286 4083 2410 4129 octo
2437 4077 2637 4130 sanctis
2666 4075 2930 4141 Patribus,
2961 4086 3016 4131 et
3053 4079 3398 4148 explanatum
3428 4098 3458 4136 a

1893 4173 2104 4217 centum
2130 4163 2510 4232 quinquaginta
2539 4165 2736 4219 sanctis
2760 4163 3020 4220 Patribus.
3051 4165 3144 4222 His
3175 4169 3248 4223 ita
3277 4184 3337 4223 se
3364 4169 3461 4223 ha-

1891 4252 2159 4317 bentibus,
2193 4254 2560 4322 perspeximus
2587 4261 2642 4308 et
2668 4255 2898 4322 capitula
2916 4271 3234 4326 supponere,
3270 4259 3462 4328 quibus

1886 4352 1995 4397 tam
2010 4351 2169 4398 recta:
2191 4343 2309 4398 ﬁdei
2335 4345 2713 4414 compendiosa
2731 4345 3019 4413 confessio,
3043 4361 3204 4416 quam
3235 4349 3453 4405 hatreti-

1890 4449 2072 4489 corum
2098 4434 2470 4489 condemnatio
2499 4437 2823 4491 continetur.
3197 4501 3199 4504 ς

1961 4522 2002 4575 l.
2045 4521 2099 4576 Si
2145 4523 2265 4590 quis
2318 4540 2423 4577 non
2462 4519 2750 4579 conﬁtetur
2790 4525 3025 4594 Patrem,
3073 4540 3128 4583 et
3155 4530 3370 4596 Filium,
3398 4540 3452 4587 et

215 4609 452 4671 πνεῦμα,
497 4603 681 4676 τριάδα
707 4602 1000 4671 όμοούσιον,
1042 4607 1162 4672 μίαν
1187 4603 1396 4660 θεότητα
1413 4643 1425 4660 .
1465 4603 1617 4676 ἤγουν
1643 4608 1788 4675 φύσιν

1899 4611 2141 4680 Spiritum
2167 4620 2432 4674 sanctum,
2484 4621 2538 4667 et
2565 4613 2878 4669 Trinitatem
2923 4617 3455 4683 consubstantialem,

217 4695 302 4744 καί
330 4693 506 4744 οὐσίαν
523 4731 538 4752 ,
713 4713 768 4746 τε
796 4692 1005 4766 δύναμιν
1040 4699 1121 4748 καί
1148 4699 1374 4760 ἐξουσίαν
1403 4699 1449 4750 ἐν
1475 4701 1639 4771 τρισίν
1668 4701 1794 4754 ύπο-

217 4787 492 4848 στάσεσιν,
520 4787 669 4857 ἤγουν
701 4791 995 4857 προσώποις
1022 4793 1482 4860 προσκυνουμένην,
1517 4791 1540 4847 ὁ
1566 4799 1790 4854 τοιοῦτος

215 4876 444 4934 ἀνάθεμα
475 4873 632 4929 ἴστω.

285 4963 351 5016 Εἴ
366 4984 446 5022 τις
489 4966 589 5032 οὐχ
627 4961 858 5035 ὁμολογεῖ
883 4965 970 5016 τὸν
996 4963 1095 5037 πρό
1127 4965 1344 5029 αἰώνων,
1373 4968 1458 5019 καί
1475 4965 1712 5040 ἀχρᾶνως
1732 4967 1785 5021 έκ

213 5061 306 5110 τοῦ
333 5057 528 5128 πατρὸς
550 5056 839 5126 γεννηθέντα
864 5057 984 5108 Θεὸν
1006 5055 1147 5127 λόγον
1175 5055 1252 5107 έπ⁸
1275 5057 1514 5126 ἐσχάτων
1540 5065 1639 5111 τῶν
1665 5059 1782 5126 ἠμε-

213 5152 318 5218 ρῶν
354 5145 675 5215 [κατελθόντα
703 5146 757 5197 ἑκ
783 5152 882 5198 τῶν
907 5147 1135 5220 οὐρανῶν.
1152 5148 1230 5197 καί
1259 5142 1345 5215 Ι...]
1385 5148 1700 5220 σαρκωθέντα
1735 5150 1790 5204 iit

211 5238 306 5291 τῆς
331 5232 481 5301 ἁγίας
504 5230 722 5301 [ένδόξου
745 5231 829 5301 L.]
855 5234 1084 5288 θεοτόκου
1109 5237 1200 5286 καί·
1216 5236 1294 5288 ἀεὶ
1306 5239 1550 5309 παρθένου
1572 5243 1781 5309 Μαρίας,

215 5322 304 5373 καὶ
340 5317 598 5393 ἄνθρωπον
641 5317 892 5390 γενόμενον
932 5322 1220 5391 γεννηθέντα
1256 5325 1307 5386 έξ
1349 5327 1529 5390 αὐτῆς,
1577 5331 1655 5380 ναί
1701 5325 1783 5381 διὰ

207 5413 366 5462 τοῦτο
393 5417 480 5462 τοῦ
508 5413 664 5464 αὐτοῦ
693 5417 818 5464 Θεοῦ
844 5410 990 5481 λόγου
1018 5406 1144 5464 εἶναι
1161 5413 1256 5471 τὰς
1285 5412 1373 5466 δύο
1399 5419 1669 5485 γεννήσεις,
1694 5421 1780 5472 τιζν

206 5523 263 5559 τι
293 5499 395 5574 πρό
428 5502 619 5552 αἰώνων
660 5497 979 5569 ἁσωμείτως,
1022 5503 1106 5551 καὶ
1145 5505 1235 5557 τήν
1279 5501 1358 5554 ἐπ’
1403 5504 1648 5571 ἐσχάτων.
1682 5511 1781 5559 τῶν

211 5590 414 5663 έμτρῶν
442 5591 574 5642 κατὰ
599 5591 789 5662 σάρκα,
816 5588 842 5641 ό
871 5595 1092 5647 τοιοῦτος
1114 5591 1328 5660 ἀνάθεμα
1351 5590 1510 5645 ἔστω.

274 5675 346 5732 Εἴ
360 5698 440 5737 τις
459 5679 588 5750 λέγει
608 5676 752 5733 ἄλλον
779 5676 908 5734 εἶναι
924 5682 1009 5737 τὸν
1037 5682 1156 5734 Θεὸν
1181 5681 1322 5752 λόγον
1345 5685 1430 5737 τὸν
1458 5685 1779 5760 θαυματουρ-

1892 4716 2050 4755 unam
2096 4699 2368 4765 deitatem,
2419 4717 2514 4756 seu
2559 4711 2826 4768 naturam,
2874 4713 2930 4758 et
2965 4706 3347 4774 substantiam,
3400 4717 3457 4763 et

1891 4805 2052 4846 unam
2091 4791 2342 4844 virtutem
2371 4799 2428 4844 et
2451 4797 2772 4860 potestatem
2803 4794 2856 4846 in
2886 4794 3056 4849 tribus
3099 4792 3456 4853 subsistentiis

1887 4894 1982 4934 seu
2008 4878 2250 4948 personis
2278 4880 2618 4944 adorandam,
2653 4881 2776 4936 talis
2799 4884 3083 4938 anathema
3107 4885 3195 4938 sit.

1958 4968 2021 5023 il.
2061 4968 2118 5022 Si
2145 4970 2264 5036 quis
2291 4985 2399 5024 non
2427 4969 2714 5026 conﬁtetur
2741 4987 2881 5036 eum,
2911 4975 3004 5041 qui
3032 4982 3157 5029 ante
3185 4976 3376 5031 saecula
3399 4985 3456 5033 et

1890 5059 2006 5114 sine
2036 5069 2277 5128 tempore
2304 5073 2371 5112 ex
2416 5058 2573 5114 Patre
2602 5068 2758 5116 natus
2785 5071 2886 5127 est,
2926 5062 3092 5117 Deum
3123 5063 3354 5118 Verbum
3397 5067 3450 5119 in

1891 5149 2090 5203 ultimis
2119 5148 2304 5204 diebus
2332 5148 2670 5220 descendisse
2706 5151 2774 5207 de
2817 5154 2986 5221 ccelis,
3034 5164 3090 5209 et
3115 5154 3451 5213 incarnatum

1889 5253 2008 5292 esse
2035 5238 2102 5291 de
2130 5247 2309 5292 sancta
2335 5239 2567 5303 gloriosa
2597 5240 2691 5295 Dei
2720 5242 2989 5298 Cenitrice
3017 5253 3072 5299 et
3099 5259 3314 5315 semper
3342 5249 3450 5301 vir-

1886 5328 2007 5393 gine
2035 5327 2217 5392 Maria,
2248 5337 2301 5381 et
2327 5328 2598 5383 hominem
2624 5328 2840 5395 factum,
2873 5341 3055 5388 natum
3078 5349 3198 5391 esse
3222 5351 3288 5392 ex
3309 5336 3447 5406 ipsa,

1886 5419 1936 5464 et
1960 5412 2182 5479 propter
2199 5412 2300 5467 hoc
2317 5412 2566 5482 ejusdem
2592 5413 2681 5468 Dei
2703 5413 2866 5470 Verbi
2889 5417 3026 5472 duas
3050 5435 3172 5474 esse
3195 5425 3452 5476 nativita-

1885 5508 1985 5560 tes.
2008 5498 2216 5571 [SuppL
2248 5511 2507 5558 aeternam
2533 5505 2741 5561 scilicet
2762 5506 2837 5579 et]
2861 5519 2979 5560 eam
3002 5518 3221 5576 que-est
3245 5512 3298 5564 in
3327 5513 3452 5565 ulti-

1885 5595 1987 5647 mis
2015 5593 2205 5646 diebus
2230 5597 2530 5649 secundum
2559 5611 2798 5661 carnem,
2821 5600 2948 5653 talis
2967 5601 3251 5654 anathema
3283 5605 3374 5656 sit.

1952 5685 2036 5739 lli.
2067 5684 2121 5738 Si
2146 5684 2265 5753 quis
2289 5683 2417 5740 dicit
2444 5683 2606 5740 alium
2627 5699 2744 5743 esse
2770 5686 2940 5744 Deum
2962 5690 3191 5749 Verbum
3221 5697 3313 5766 qui
3345 5700 3441 5753 mi-

277 5861 294 5891 ι
348 5853 665 5910 Universalit
708 5854 772 5909 D.
820 5873 864 5909 ε.
909 5859 1228 5915 conﬁteatur.
1271 5859 1438 5917 Cum.
1475 5861 1645 5930 Atque
1687 5863 1758 5918 ita
1802 5913 1803 5916 η

1899 5905 1901 5915 .
1962 5861 2128 5918 codex
2157 5859 2412 5919 Bobierii.
