4220 6442
769 409 906 474 1035

2078 415 2516 475 JUSTINMNI
2559 415 2713 474 1MP.

3861 409 3996 472 1036

764 531 953 596 μεταξὺ
991 533 1189 592 ζώντων
1228 533 1314 584 καί
1350 537 1530 603 νεκρῶν
1565 528 1859 602 αἱρετικῶν,
1906 536 2014 590 πῶς
2073 532 2324 596 τολμῶσιν
2356 533 2397 586 Α
2428 572 2430 579 λ

2322 553 2324 567 ι
2356 533 2397 586 Α
2428 532 2647 593 reticos,
2677 535 2946 597 quomodo
2991 533 3190 586 audent
3218 535 3466 589 resistere
3495 535 3584 588 tali
3614 535 3910 595 sententire,
3934 547 3988 588 et

765 616 1073 671 ἰντιπίπτειν
1107 628 1167 690 τῇ
1206 623 1415 688 τοιαύτῃ
1453 620 1731 690 ἀποφάσει,
1770 623 1995 678 καὶτοὺς
2031 619 2167 680 ἅπαξ
2207 621 2324 670 ἀσε-

761 707 1045 768 ελύσαντας,
1075 715 1159 763 καὶ
1183 710 1266 762 διὰ
1294 717 1445 764 τοῦτο
1471 709 1567 768 ἤδη
1605 713 1705 764 ὑπὸ
1727 718 1815 764 τοῦ
1842 711 2014 781 κυρίου
2039 729 2324 780 κατακεκρι-

759 797 962 860 μένους.
993 800 1168 868 λέγειν,
1195 803 1262 855 ειη
1287 797 1388 852 δεῖν
1407 802 1535 870 μετά
1557 801 1768 852 θάνατον
1797 801 2201 874 κατακρίνεσθαι;
2238 801 2324 850 Ιαί

757 884 786 940 ὅ
805 886 933 946 θεῖος
955 885 1006 941 δί
1022 888 1300 946 ἀπόστολος
1317 889 1402 942 τὸν
1423 890 1637 962 Χριστὸν
1656 887 1794 957 ἶχων
1815 891 1864 940 ἐν
1877 889 2037 956 ίαυτῷ
2059 889 2320 948 λαλοῦντα,

759 979 815 1030 οὐ
859 977 1008 1046 μόνον
1051 979 1175 1032 κατά
1211 980 1501 1051 ἀνθρώπων,
1543 978 1664 1030 ἀλλά
1703 982 1788 1030 καὶ
1827 977 1937 1031 κατ’
1974 980 2193 1047 ἀγγέλων
2235 985 2323 1035 τήν

752 1069 994 1123 τοιαύτην
1022 1072 1264 1139 ιπήγαγεν
1293 1065 1575 1137 ἀπόφασιν,
1608 1071 1759 1120 εἰπὼν
1800 1070 1849 1119 ἐν
1989 1069 2224 1138 επιστολῇ
2262 1074 2323 1138 τῇ

749 1159 872 1230 πρὸς
891 1158 1136 1218 Γαλάτας·
1169 1174 1187 1207 ε
1209 1155 1350 1212 Ἀλλὰ
1370 1161 1457 1212 καί
1476 1160 1560 1211 ὶάν
1581 1160 1744 1227 ἡμεῖς,
1765 1157 1794 1214 ἦ
1815 1154 2021 1228 ἄγγελος
2037 1158 2085 1220 ἐξ
2110 1160 2322 1228 οὐρανοῦ

757 1248 1136 1317 εὐαγγελίσηται
1157 1250 1291 1319 ὑμᾶς
1315 1250 1436 1320 παρ’
1460 1247 1483 1301 ὃ
1509 1249 1932 1319 εὐαγγελισάμεθα
1952 1251 2088 1318 ύμῖν,
2106 1250 2322 1314 ἀνάθεμα

753 1334 910 1389 ἴστω.
952 1336 1039 1398 Ὠς
1081 1345 1472 1411 προειρήκαμεν,
1505 1342 1586 1390 καὶ
1623 1335 1738 1412 ἄρτι
1779 1339 1923 1391 πάλιν
1967 1339 2120 1407 liv/io“
2165 1337 2322 1396 εἴτις

756 1428 892 1497 ὑμᾶς
916 1430 1284 1499 εὐαγγελίζεται
1307 1430 1432 1502 παρ’
1457 1427 1480 1482 ὁ
1505 1430 1816 1497 παρελάϐετε
1833 1473 1848 1494 ,
1874 1432 2087 1496 ἀνάθεμα
2114 1429 2267 1483 ἔστω.
2297 1449 2315 1480 ε

756 1519 845 1568 ιαί
869 1519 947 1574 τίς
971 1515 1132 1574 οὕτως
1156 1519 1376 1582 ἀσεϐής,
1407 1521 1474 1576 ὡς
1494 1521 1742 1588 τολμῆσαι
1770 1523 1926 1572 εἰπεῖν
1946 1558 1959 1579 ,
1998 1522 2062 1577 ὡς
2091 1523 2157 1573 τά
2181 1522 2322 1593 παρὰ

751 1602 1012 1673 Θεοδώρου
1033 1606 1233 1665 ἀσεϐῶς
1263 1612 1609 1680 συγγραφέντα
1627 1649 1641 1671 ,
1669 1608 1699 1665 ἧ
1724 1611 1873 1682 μέρος
1893 1612 2054 1664 αὐτῶν
2076 1609 2322 1686 παρεδόεή

753 1696 880 1748 ποτὶ
908 1703 970 1768 τῇ
997 1695 1115 1766 ἀγίκ
1144 1704 1235 1750 τοῦ
1263 1706 1387 1750 Θεοῦ
1428 1699 1657 1770 ἐκκλησίᾳ
1675 1741 1688 1762 ,
1717 1699 1820 1752 ἀλλ’
1853 1702 1938 1752 οὐκ
1972 1702 2115 1759 εὐθὺς
2145 1700 2170 1752 ὁ
2199 1701 2322 1754 τολ-

753 1786 922 1849 μήσας
963 1806 1012 1837 τι
1038 1793 1260 1838 τοιοῦτον
1303 1788 1750 1859 παραγθίγξασοαι
1793 1790 2063 1858 ἀναθίματι
2103 1791 2317 1842 καθυπε-

750 1870 906 1934 ζλήῦη
928 1878 1066 1950 παρά
1092 1884 1190 1928 τῶν
1218 1876 1380 1946 ἀγίων
1406 1879 1664 1948 πατέρων;

821 1964 883 2018 Εἴ
903 1986 978 2024 τις
1003 1970 1168 2020 τοίνυν
1205 1972 1334 2035 μετά
1371 1973 1460 2024 τήν
1497 1965 1732 2023 τοιαύτην
1771 1967 1918 2038 ὀρθήν
1957 1966 2211 2038 ὁμολογίαν
2241 1971 2324 2021 καί

753 2058 1051 2127 κατάκρισιν
1079 2065 1177 2108 τῶν
1206 2058 1496 2129 αίρετικῶν.
1544 2065 1635 2115 τῆς
1673 2058 1909 2115 εὐσεϐοῦς
1940 2060 2124 2116 ἐννοίας
2161 2062 2322 2120 σωζο-

753 2148 922 2217 μίνης.
939 2152 1057 2222 περὶ
1080 2149 1356 2216 ὀνομάτων,
1378 2149 1407 2207 ἦ
1437 2150 1719 2209 συλλαξῶν,
1736 2149 1766 2208 ἦ
1794 2150 1968 2211 λέξεων
1992 2154 2318 2220 ζυγομαχῶν,

751 2241 962 2312 χωρίζει
991 2239 1165 2292 ἑαυτὸν
1189 2248 1278 2297 τῆς
1309 2239 1452 2310 ἁγίας
1475 2247 1565 2293 τοῦ
1595 2245 1724 2292 Θεοῦ
1754 2239 2031 2300 ἐκκλησίας,
2067 2243 2243 2311 ὥσπερ
2273 2241 2322 2291 ἐν

750 2329 962 2398 ὀνόμασι
1001 2333 1168 2398 μόνοις
1203 2333 1286 2384 καί
1317 2331 1476 2393 λέξεσι
1510 2334 1734 2400 κειμένης
1760 2334 1876 2400 ἡμῖν
1907 2340 1996 2390 τῆς
2039 2333 2318 2390 εὐσεϐείας,

699 2456 706 2464 -
750 2419 853 2474 ἀλλ’
895 2423 978 2472 οὐκ
1024 2422 1072 2471 ἐν
1115 2417 1440 2492 πράγμασιν,
1489 2421 1514 2474 ὁ
1553 2430 1778 2480 τοιοῦτος
1809 2424 1875 2480 ὡς
1904 2429 2015 2480 τοῖς
2055 2442 2319 2490 σχισμασι

753 2513 947 2584 χαίρων
989 2512 1130 2579 λόγον
1169 2514 1332 2581 ὑφέξει
1371 2514 1502 2586 ὑπὲρ
1544 2513 1757 2574 ἑαυτοῦ,
1798 2518 1878 2565 καὶ
1915 2520 2013 2566 τῷν
2042 2514 2130 2565 ὑπ’
2161 2515 2318 2567 αὐτοῦ

749 2603 1128 2671 ἀπατωμένων,
1165 2601 1196 2660 ἦ
1231 2604 1684 2671 ἀπατηθησομένων
1730 2611 1802 2672 τῷ
1847 2606 2046 2676 μεγάλῳ
2085 2613 2195 2676 Θεῷ
2237 2610 2320 2659 καί

750 2700 941 2765 σωτῆρι
962 2693 1099 2762 ἡμῶν
1128 2690 1288 2750 Ἰησοῦ
1312 2699 1519 2766 Χριστῷ
1543 2694 1592 2746 ίν
1616 2695 1778 2768 ἡμέρᾳ
1805 2698 2036 2767 κρίσεως.
2065 2702 2234 2765 ’Δμήν.

749 2849 916 2938 τόξος
943 2859 1030 2906 τοῦ
1061 2854 1308 2938 βασιλέως
1358 2847 1712 2938 Ἰουστενιανοῦ
1737 2856 1864 2928 πρὸς
1892 2860 1976 2912 τήν
2171 2864 2318 2911 σύνο-

820 2921 906 2976 δον
931 2926 1046 2996 περί
1061 2921 1328 2994 ⁷Θεοδώρου
1349 2929 1438 2976 τοῦ
1460 2921 1806 2992 ιιοπῖιουεστίαὶ⁵
1826 2927 1907 2978 καί
1926 2934 2024 2978 τῶν
2043 2921 2244 2980 λοιπῶν.

819 3061 1015 3120 Σπυδὴ
1046 3065 1134 3127 μὲν
1160 3065 1355 3131 γέγονεν
1401 3065 1479 3116 ἀεί
1514 3071 1622 3123 τοῖς
1657 3061 1959 3138 ἐρθοδὸξοις,
1989 3070 2064 3116 καὶ
2095 3066 2318 3125 εῦσεέῗῶς

749 3154 1240 3226 προέἷασιὶευκόσι
1296 3163 1403 3213 τοῖς
1447 3157 1701 3231 ἡμετέροις
1747 3159 2008 3230 πατράσι.
2057 3159 2147 3216 τὰς
2190 3158 2316 3211 γατά

2427 633 2522 671 eos
2563 620 2653 688 qui
2681 622 2845 673 semel
2872 622 3032 689 impie
3061 635 3304 690 egerunt,
3335 634 3390 678 et
3435 635 3654 694 propter
3695 629 3799 680 hoc
3820 627 3928 695 jam
3959 643 3988 681 π

2425 708 2652 762 Domino
2681 711 3022 764 condemnati
3050 721 3199 776 sunt,
3224 714 3426 778 dicere,
3456 731 3564 769 non
3594 725 3846 784 oportere
3871 726 3989 785 ιιυιηι

2425 812 2650 855 mortem
2675 803 3054 859 condemnari?
3081 804 3146 858 Et
3172 806 3380 862 divinus
3408 818 3584 863 autem
3614 809 3821 880 [etiam]
3850 812 3990 878 Apa-

2423 891 2610 956 stolus,
2634 893 2724 960 qui
2763 891 3026 947 Christum
3056 895 3107 947 in
3137 896 3426 964 semetipso
3471 897 3631 950 habet
3657 898 3987 964 loquentem,

2423 996 2531 1034 non
2577 982 2748 1035 solum
2793 981 3046 1037 adversus
3087 985 3358 1047 homines,
3389 985 3483 1038 sed
3531 986 3690 1038 etiam
3731 986 3992 1040 adversus

2423 1069 2642 1135 angelos
2671 1070 2830 1123 talem
2853 1071 3073 1138 protulit
3096 1075 3434 1133 sententiam,
3464 1074 3648 1127 dicens
3677 1075 3727 1127 in
3759 1076 3984 1142 epistola

2423 1157 2488 1211 ad
2517 1157 2733 1214 Galatas
2757 1157 2964 1229 (δίψει)
2999 1179 3010 1212 :
3057 1160 3161 1214 Sed
3189 1162 3309 1214 licet
3329 1179 3422 1216 nos
3442 1173 3529 1215 aut
3547 1165 3759 1230 angelus
3782 1165 3844 1216 de
3866 1167 3991 1216 calo

2424 1249 2841 1316 evangeliwrerit
2865 1261 3200 1318 praeterquam
3239 1253 3375 1324 quod
3415 1253 3874 1322 euangelizavimus
3905 1271 3991 1306 ro-

2425 1336 2521 1402 bis,
2551 1339 2825 1390 anathema
2853 1340 2936 1391 sit.
2972 1339 3118 1392 Sicut
3154 1343 3507 1408 prwdiximus,
3539 1352 3587 1395 et
3633 1359 3769 1394 nunc
3805 1345 3990 1394 iterum

2425 1425 2538 1477 dico
2564 1439 2582 1476 :
2615 1425 2674 1478 Si
2701 1426 2814 1494 quis
2843 1427 2979 1480 vobis
3005 1429 3422 1497 euangelizaverit
3449 1439 3635 1498 praeter
3662 1432 3716 1484 id
3740 1433 3878 1501 quod
3898 1448 3988 1484 ac-

2425 1519 2650 1584 cepistis,
2674 1518 2949 1570 anathema
2969 1520 3055 1572 sit.
3080 1519 3146 1573 Et
3173 1521 3292 1587 quis
3323 1521 3394 1574 ita
3423 1523 3618 1590 impius
3645 1530 3744 1587 est,
3771 1532 3831 1574 ut
3852 1538 3989 1590 prm-

2423 1614 2600 1660 sumat
2621 1605 2819 1671 dicere,
2850 1607 2996 1674 quod
3019 1607 3283 1662 Theodori
3316 1611 3478 1677 impia
3500 1612 3718 1678 scripta,
3751 1612 3836 1664 vel
3869 1626 3990 1678 pars

2424 1711 2630 1761 eorum,
2662 1695 2851 1748 tradita
2880 1705 2962 1750 est
2989 1697 3274 1764 aliquando
3298 1708 3492 1752 sancta:
3514 1699 3609 1752 Dei
3637 1698 3905 1760 Ecclesiae,
3939 1711 3993 1753 et

2424 1803 2531 1841 non
2551 1789 2752 1852 statim,
2770 1788 2868 1854 ’ψιί
2918 1803 3078 1842 ausus
3104 1795 3185 1842 est
3210 1789 3409 1858 aliquid
3452 1791 3556 1842 tale
3594 1789 3738 1858 loqui
3766 1792 3990 1844 anathe-

2352 1887 2397 1944 Β
2423 1880 2550 1933 mali
2580 1880 2849 1944 subjectus
2876 1886 2959 1932 est
2987 1893 3017 1931 a
3046 1880 3245 1933 sanctis
3275 1879 3552 1934 l’atribus?

2491 1968 2547 2021 Si
2573 1968 2690 2035 quis
2713 1969 2870 2034 igitur
2896 1975 3017 2034 post
3043 1967 3307 2034 ejusmodi
3335 1979 3537 2024 rectam
3571 1971 3988 2034 confessionem,

2420 2070 2476 2114 et
2504 2062 2870 2114 haereticorum
2897 2061 3420 2128 condemnationem,
3440 2063 3591 2118 salvo
3620 2076 3877 2119 manente
3909 2067 3992 2132 pio

2421 2149 2717 2214 intellectu,
2749 2150 2814 2202 de
2845 2151 3149 2204 nominibus
3175 2153 3258 2204 vel
3289 2154 3507 2222 syllabis
3557 2153 3639 2207 vel
3670 2155 3992 2209 dictionibus

2419 2240 2767 2304 contendens,
2784 2249 2996 2310 separat
3011 2255 3068 2294 se
3089 2255 3118 2293 a
3135 2250 3317 2294 sancta
3341 2240 3432 2294 Dei
3452 2242 3712 2308 Ecclesia,
3737 2255 3993 2312 tanquam

2421 2344 2526 2382 non
2570 2328 2622 2380 in
2651 2329 2833 2394 rebus,
2859 2328 2952 2381 sed
3004 2328 3056 2382 in
3103 2329 3406 2382 nominibus
3432 2331 3561 2384 solis
3589 2340 3644 2384 et
3671 2333 3995 2388 dictionibus

2419 2418 2591 2486 posita
2623 2417 2774 2471 nobis
2827 2418 3070 2486 pietate:
3119 2419 3241 2472 talis
3288 2426 3344 2472 ut
3392 2429 3520 2488 pote
3570 2421 3994 2476 dissensionibus

2417 2505 2676 2573 gaudens,
2707 2507 2968 2559 rationem
3015 2523 3112 2575 pro
3139 2509 3444 2576 semetipso,
3471 2518 3525 2562 et
3549 2525 3648 2578 pro
3673 2512 3917 2579 deceptis
3944 2523 3992 2566 et

2417 2595 2743 2663 decipiendis
2785 2598 2854 2649 ab
2882 2611 2967 2660 eo,
2999 2597 3184 2650 reddet
3230 2611 3422 2664 magno
3466 2597 3575 2653 Deo
3626 2610 3680 2653 et
3723 2602 3994 2658 Salvatori

2419 2695 2603 2740 nostro
2623 2684 2749 2743 Jesu
2777 2685 2990 2742 Christo
3020 2689 3073 2741 in
3095 2689 3181 2743 die
3207 2689 3412 2755 judicii.
3444 2690 3634 2746 Amen.

2416 2845 3040 2918 Jusﬁnianiimperaloris
3066 2849 3134 2900 ad
3161 2857 3391 2902 sanctam
3419 2850 3665 2918 synodum
3690 2850 3911 2914 epistola
3931 2850 3988 2900 de

2700 2915 2982 2969 Theodosio
3012 2918 3371 2987 iljopsuesteno
3403 2915 3462 2972 εί
3476 2920 3702 2988 reliquis.

2489 3051 2714 3122 Semper
2739 3053 2949 3121 quidem
2971 3056 3200 3106 studium
3232 3055 3328 3108 fuit
3348 3055 3660 3112 orthodoxis
3685 3066 3738 3110 et
3768 3059 3870 3127 piis
3893 3059 3992 3113 im-

2425 3143 2759 3205 peratoribus
2801 3142 3039 3208 patribus
3078 3143 3290 3206 nostris,
3334 3159 3430 3211 pro
3477 3153 3720 3212 tempore
3775 3155 3995 3200 exortes

751 3244 916 3312 καιρὸν
966 3245 1306 3312 ἀναφερομένας
1357 3244 1575 3319 αἱρέσεις
1623 3243 1704 3296 δά
1754 3243 1972 3298 συνόδων
2025 3245 2314 3299 ὁσιωτάτων
2344 3245 2388 3304 C

2344 3245 2388 3304 ρ
2422 3232 2649 3285 btet-eses
2702 3247 2796 3302 per
2822 3234 3284 3299 congregationem
3341 3235 3863 3301 religiosissimorum
3909 3253 3991 3290 sa-

749 3331 916 3397 ἱερέων
943 3332 1212 3388 ἐκκόπτειν,
1244 3335 1326 3383 καί
1349 3342 1439 3390 τῆς
1463 3333 1608 3406 ὀρθῆς
1635 3338 1859 3393 πίστεως
1884 3335 2106 3406 καθαρῶς
2131 3356 2314 3407 κηρυτ-

749 3420 957 3486 τομένης
986 3420 1038 3471 ἐν
1066 3424 1231 3493 ε’ρήνη
1258 3425 1346 3477 τὴν
1377 3426 1520 3492 ἁγίαν
1558 3429 1646 3474 τοῦ
1680 3430 1805 3476 Θεοῦ
1848 3423 2107 3482 ἐκκλησίαν
2136 3423 2311 3494 διατυ-

749 3509 941 3562 λαττειν
963 3526 973 3537 ·
1001 3510 1176 3585 διόπερ
1199 3514 1276 3562 λαὶ
1303 3521 1666 3570 κωνσταντ.“νος
1695 3511 1720 3564 ὁ
1743 3514 1915 3583 μέγας,
1939 3510 2127 3584 Ἀρείου
2156 3513 2312 3581 βλασο

748 3607 1020 3668 φημοῦντος
1055 3605 1137 3653 καὶ
1166 3603 1412 3670 λέγοντος,
1451 3607 1520 3673 μὴ
1553 3599 1678 3656 εἶναι
1702 3605 1787 3656 τὸν
1819 3604 1922 3655 υἶὸν
1951 3602 2213 3672 ὁμοούσιιν
2247 3625 2274 3657 τ
2293 3611 2317 3672 ζ»

749 3699 855 3758 Θεῷ
881 3695 962 3743 καί
986 3695 1162 3764 πατρὶ,
1191 3693 1311 3744 ἀ)λά
1347 3697 1537 3761 κτίσμα
1578 3695 1662 3744 καί
1684 3691 1732 3754 ἐξ
1759 3695 1851 3747 οὐκ
1873 3688 2026 3744 ὄντων
2049 3693 2314 3761 γεγνίναε.

747 3782 1048 3848 συναγαγὼν
1064 3780 1111 3830 ἐν
1133 3781 1302 3851 Nimio;
1323 3783 1436 3837 τοὺς
1452 3782 1769 3854 τριακοσίους
1788 3777 1905 3831 δέκα
1921 3783 2004 3831 καί
2025 3781 2154 3832 ὀκτὼ
2170 3781 2320 3832 πατί-

747 3888 838 3942 ρας
859 3907 873 3925 ,
901 3873 986 3920 καί
1023 3870 1169 3927 αὐτὸς
1197 3871 1301 3921 ἐκεῖ
1324 3870 1724 3939 παραγενόμενος
1742 3909 1754 3926 ,
1783 3871 1865 3921 καί
1887 3874 1980 3922 τοῦ
1999 3873 2184 3942 Ἀριόυ
2213 3890 2317 3921 κα-

751 3956 1133 4016 ταδικασθέντος
1148 3961 1232 4010 καί
1250 3959 1746 4026 ἀναθεματισθίντος,
1765 3955 2053 4010 ἐσπούδασε
2073 3963 2161 4012 τήν
2183 3957 2317 4028 ὀρῦόι

746 4043 885 4108 δοξον
899 4053 1138 4118 κρατῦναι
1149 4051 1340 4099 πίστιν.
1356 4044 1420 4098 Δι’
1435 4043 1492 4105 ἧς
1508 4045 1904 4115 ὁμολογήσαντες
1917 4045 1961 4096 οἱ
1974 4046 2092 4098 Θεῖοε
2103 4051 2316 4117 πατέρες

749 4136 1011 4206 ὁμοοῦσιον
1035 4133 1155 4188 εἶναι
1170 4138 1255 4189 τὸν
1273 4138 1378 4190 υἱὸν
1391 4144 1462 4206 τῷ
1476 4145 1584 4208 Θεῷ
1601 4139 1683 4188 καί
1705 4138 1876 4208 πατρί,
1895 4136 2015 4188 ἀλλά
2033 4141 2101 4204 μὴ
2123 4138 2316 4204 κτίσμα

748 4229 826 4278 καί
853 4227 900 4286 ἐξ
915 4228 999 4278 οῦν
1021 4223 1174 4280 ὄντων
1186 4228 1452 4296 γεγινέναι.
1472 4227 1633 4298 μέχρι
1655 4231 1740 4277 νῦν
1761 4222 1935 4295 ᾅδεται
1951 4222 2044 4292 lia.
2065 4221 2310 4294 ᾆδονται].

751 4319 838 4369 καὶ
856 4313 1124 4374 Θεοδόσιος
1152 4314 1206 4368 δι
1235 4313 1261 4367 ὁ
1285 4315 1634 4388 πρεσϐύτερος
1650 4353 1663 4373 ,
1695 4311 1988 4367 Μακεδονίου
2010 4314 2313 4386 ἀρνουμένου

749 4412 841 4462 τήν
865 4407 1075 4464 θεότητα
1115 4412 1203 4457 τοῦ
1234 4405 1376 4475 ἁγίου
1406 4406 1712 4474 πνεύματος,
1743 4407 1826 4456 καί
1858 4400 2194 4475 ’Δπολιναρίου
2223 4409 2312 4456 τοῦ

750 4497 972 4563 μαθητοῦ
1015 4497 1169 4549 αὐτοῦ
1215 4495 1623 4564 βλασφημοῦντος
1662 4496 1732 4552 εἰς
1775 4499 1864 4551 τήν
1901 4497 2178 4562 οἰκονομίαν
2223 4501 2310 4548 τοῦ

2421 3322 2694 3376 cerdotum
2725 3331 3022 3390 amputare,
3063 3333 3116 3374 et
3138 3331 3282 3376 recta
3307 3324 3407 3378 fide
3435 3329 3640 3379 sincere
3680 3327 3990 3394 pmlieata,

2421 3414 2472 3465 in
2497 3427 2627 3480 pace
2646 3420 2883 3466 sanctam
2913 3413 3004 3465 Dei
3029 3413 3318 3468 Ecclesiam
3339 3416 3629 3471 custodire.
3653 3419 3995 3488 Quapmpter

2422 3514 2474 3554 et
2489 3503 2867 3555 Constantinus
2884 3502 3119 3570 Magnus,
3136 3504 3260 3557 Ario
3281 3505 3685 3573 blasphemante
3707 3516 3760 3558 et
3776 3508 3994 3560 dicente

2421 3591 2610 3644 Filium
2643 3608 2745 3644 non
2769 3605 2886 3644 esse
2914 3593 3420 3645 consubstantialem
3472 3593 3581 3646 Deo
3607 3602 3662 3647 et
3702 3593 3870 3658 Patri,
3892 3595 3989 3647 sed

2419 3689 2737 3743 creaturam,
2771 3690 2825 3733 et
2869 3696 2933 3734 ex
2975 3697 3081 3735 non
3110 3682 3444 3738 exstantibus
3473 3681 3667 3736 factum
3689 3698 3832 3748 esse,
3854 3698 3989 3736 con-

2419 3772 2657 3838 gregavit
2697 3771 2881 3823 Nicma:
2930 3779 3199 3824 trecentos
3221 3770 3406 3824 decem
3443 3778 3498 3824 et
3539 3779 3664 3824 octo
3693 3769 3905 3836 Patres,
3935 3779 3995 3822 et

2420 3876 2542 3914 cum
2573 3861 2684 3929 ipse
2705 3861 2932 3914 concilio
2954 3859 3298 3920 interfuisset,
3330 3860 3580 3912 damnato
3600 3868 3655 3913 et
3683 3858 3994 3913 anathema-

2419 3953 2580 4005 tizato
2630 3953 2757 4004 Ario
2801 3958 2998 4005 rectam
3049 3948 3204 4003 ﬁdem
3255 3949 3573 4003 conﬁrmare
3615 3947 3814 4003 studuit
3848 3965 3860 3998 :
3894 3961 3996 4015 per

2417 4054 2576 4108 quam
2599 4039 2760 4092 divini
2793 4038 2866 4091 illi
2891 4036 3077 4091 Patres
3097 4037 3413 4092 conﬁtentes
3435 4037 3623 4090 Filium
3647 4037 3995 4090 consubstan-

2418 4130 2598 4184 tialem
2625 4145 2744 4184 esse
2775 4129 2883 4182 Deo
2913 4138 2966 4183 et
3011 4127 3176 4192 Patri,
3223 4143 3328 4181 non
3365 4142 3494 4181 vero
3520 4135 3820 4180 creaturam
3848 4136 3900 4179 et
3923 4141 3994 4179 ex

2423 4238 2528 4276 non
2558 4223 2889 4277 exstantibus
2928 4221 3144 4283 factum,
3195 4236 3366 4288 usque
3408 4220 3471 4272 ad
3503 4220 3816 4273 hodiernum
3846 4218 3994 4271 diem

2416 4313 2644 4367 canitur.
2697 4311 3032 4365 Theodosius
3062 4320 3240 4363 autem
3294 4310 3496 4374 senior,
3550 4308 3866 4362 Macedonio
3896 4323 3993 4360 ne-

2415 4409 2574 4469 gante
2620 4399 2873 4452 deitatem
2919 4397 3087 4451 sancti
3132 4395 3380 4465 Spiritus,
3413 4406 3468 4450 et
3497 4395 3824 4463 Apollinario
3871 4397 3993 4462 ejus

2414 4488 2672 4557 discipqu
2699 4487 3100 4555 blasphemante
3126 4486 3386 4538 incarnati
3414 4485 3507 4538 Dei
3539 4484 3692 4538 Verbi
3712 4484 3995 4552 dispensa-

750 4591 877 4637 θεοῦ
900 4585 1066 4655 λὸγου,
1098 4587 1180 4638 καὶ
1208 4586 1497 4652 φάσκοντος,
1522 4591 1639 4638 νοῦν
1664 4585 1966 4655 ἀνθρώπινον
1987 4589 2054 4652 μή
2079 4584 2314 4653 εἰληφέναι
2345 4597 2394 4655 ι)

2345 4597 2394 4655 ι)
2419 4579 2640 4639 tionem,
2668 4585 2722 4628 et
2747 4575 2957 4628 dicente
2987 4575 3076 4628 Dei
3101 4573 3331 4626 Verbum
3355 4589 3460 4626 non
3482 4573 3827 4639 assumpsisse
3844 4587 3995 4624 men-

753 4677 833 4727 τὸν
861 4681 951 4726 τοῦ
979 4680 1105 4726 Θεοῦ
1131 4673 1308 4742 λόγον,
1341 4673 1461 4725 ἀλλά
1490 4675 1645 4745 σαρκί
1674 4673 1906 4727 ίνωθῆναε
1943 4673 2121 4739 ψυχὴν
2146 4669 2316 4740 ἄλογον

748 4767 970 4835 ἐχούσῃ,
1011 4767 1308 4834 συναγαγὼν
1337 4764 1384 4814 ίν
1424 4761 1944 4816 Κωνσταντννουπόλει
1977 4764 2093 4818 τοὺς
2124 4761 2191 4833 ρν’
2218 4782 2315 4814 πα·

752 4857 899 4930 τέρας
927 4857 1013 4906 καί
1049 4857 1327 4924 μετασχὼν
1366 4857 1450 4906 καὶ
1477 4853 1626 4911 αὐτὸς
1668 4861 1762 4909 τῆς
1808 4849 2052 4908 συνόδου.
2100 4853 2184 4903 καί
2222 4857 2322 4904 τῷν

749 4947 1012 5016 εἰρημένων
1045 4944 1455 5015 καθαιρεθέντων,
1491 4945 1574 4993 καί
1603 4942 2094 5008 ἀναθεματνσθέντων
2131 4942 2322 5010 αἱρετι-

751 5043 875 5094 κῶν,
902 5037 1028 5102 μετά
1057 5036 1142 5086 καὶ
1175 5039 1272 5086 τᾶν
1297 5033 1492 5086 ἀσεϐῶν
1523 5033 1682 5084 αὐτῶν
1707 5030 1968 5100 δογμάτων
2006 5033 2087 5082 καὶ
2113 5030 2320 5100 ὁμοφρὸ-

748 5143 862 5180 νων,
888 5122 1234 5195 παρεσκεύασε
1261 5123 1350 5176 την
1374 5117 1622 5192 ὀρθόδοξον
1642 5120 1814 5170 πίστιν
1839 5117 2195 5191 κηρύττεσθαι.
2223 5121 2320 5168 Καὶ

747 5210 1010 5269 Θεοδόσιος
1048 5210 1099 5264 δέ
1131 5209 1155 5262 ὁ
1195 5209 1326 5272 νέος,
1371 5216 1463 5263 τοῦ
1506 5207 1724 5266 ἀσεϐοῦς
1754 5208 2022 5274 Νεστορίαν
2053 5206 2316 5272 λέγοντος,

749 5299 891 5354 ἔλλον
917 5297 1042 5353 εἶναι
1065 5301 1152 5354 τὸν
1189 5302 1312 5353 θεὸν
1349 5299 1518 5368 λόγον,
1551 5300 1635 5350 καί
1665 5293 1807 5349 ἄλλον
1846 5295 1928 5349 τὸν
1956 5295 2199 5370 Χριστὸν,
2238 5301 2319 5348 καὶ

748 5397 832 5445 τὸν
865 5397 952 5457 μὲν
981 5392 1127 5462 φύσει
1152 5389 1258 5441 υἱὸν
1299 5396 1388 5442 τοῦ
1415 5395 1543 5442 Θεοῦ
1581 5390 1667 5440 καί
1695 5390 1891 5459 πατρὸς
1915 5425 1928 5442 .
1955 5389 2039 5439 τὸν
2061 5384 2112 5438 δὲ
2142 5389 2318 5456 χάριτι

747 5482 854 5534 υίόν
879 5481 1074 5541 ἀσεϐῶς
1106 5480 1394 5550 εἰσάγοντος
1410 5519 1425 5542 ,
1453 5480 1540 5530 καί
1574 5483 1664 5534 τὴν
1688 5477 1836 5547 ἀγίαν
1862 5477 2053 5550 Μαρίαν
2078 5471 2196 5527 εΪναι
2219 5477 2318 5525 θεο-

747 5571 896 5626 τὸκον
943 5568 1280 5642 ἀρνουμένου,
1323 5569 1625 5640 συναγαγὼν
1664 5573 1754 5622 τήν
1779 5568 2027 5637 προτέραν
2059 5564 2105 5613 ἐν
2139 5565 2320 5632 Ἐφέσῳ

747 5671 849 5714 «τῶν
875 5659 1138 5713 διακοσίων
1365 5657 1595 5729 πατέρων
1624 5652 1862 5714 σύνοδον,
1897 5656 1981 5704 καὶ
2020 5653 2321 5709 ἀποστείλας

748 5755 1012 5826 ἁρχαντας
1035 5750 1313 5820 ὀφείλοντας
1342 5753 1569 5821 παρεῖναι
1599 5752 1662 5816 τῇ
1683 5741 1901 5812 συνόδῳ,
1932 5744 2210 5814 προσέταξε
2242 5745 2321 5794 καὶ

752 5845 838 5900 ιον
866 5836 1131 5912 Νεστόριον
1157 5834 1548 5910 παραγενέσθαι,
1595 5830 1680 5884 καί
1708 5831 1873 5904 κρίσιν
1913 5831 1993 5886 ἐπ’
2019 5834 2154 5904 αὐτῷ
2189 5835 2322 5902 gmi-

2419 4675 2529 4720 tem
2553 4665 2862 4729 humanam,
2894 4665 2988 4718 sed
3009 4665 3155 4718 carni
3176 4665 3406 4716 animam
3433 4661 3751 4715 rationalem
3775 4662 3997 4717 habenti

2422 4755 2583 4808 fuisse
2636 4755 2863 4816 unitum,
2917 4753 3256 4821 congregatis
3302 4753 3354 4804 in
3399 4749 4000 4817 Constantinopolitana

2425 4843 2555 4896 urbe
2601 4850 2816 4895 centum
2862 4841 3244 4907 quinquaginta
3292 4837 3557 4901 Patribus,
3588 4852 3652 4889 ac
3683 4839 3798 4904 ipse
3827 4837 3995 4905 parti-

2423 4945 2562 4996 ceps.
2595 4929 2808 4985 concilii
2833 4927 3069 4992 elTectus,
3103 4929 3364 4980 damnatis
3403 4936 3458 4981 et
3501 4927 3849 4980 anathemate
3872 4941 3998 4994 per-

2423 5022 2585 5075 culsis
2641 5020 2905 5088 pnndictis
2957 5019 3220 5072 hmreticis
3268 5033 3371 5072 una
3417 5033 3536 5071 cum
3586 5017 3763 5084 impiis
3803 5031 3995 5070 eorum

2425 5109 2761 5176 dogmatibus
2789 5123 2851 5160 ac
2882 5108 3255 5169 sectatoribus,
3289 5121 3470 5158 curam
3499 5104 3738 5157 adhibuit
3761 5112 3818 5156 ut
3845 5114 3997 5156 recta

2427 5195 2554 5249 ﬁdes
2595 5194 2988 5263 praedicaretur.
3039 5193 3367 5246 Theodosius
3417 5206 3543 5245 vero
3571 5189 3782 5256 Junior,
3831 5192 3998 5258 impio

2427 5285 2674 5338 Nestorio
2700 5285 2908 5337 dicente
2930 5283 3090 5336 alium
3121 5298 3238 5336 esse
3271 5282 3435 5335 Deum
3460 5281 3714 5343 Verbum,
3746 5289 3802 5332 et
3830 5282 3997 5332 alium

2423 5372 2719 5434 Christum,
2751 5387 2813 5425 ac
2846 5371 3074 5424 Verbum
3126 5371 3339 5438 quidem
3391 5378 3580 5422 natura
3632 5382 3752 5421 esse
3801 5367 3998 5420 Filium

2425 5465 2514 5522 Dei
2546 5473 2599 5517 et
2624 5463 2810 5526 Patris,
2835 5461 3103 5518 Christum
3124 5477 3253 5515 vero
3275 5470 3479 5514 tantum
3510 5474 3574 5513 ex
3598 5460 3770 5526 gratia
3801 5458 3996 5512 Filium

2421 5555 2584 5622 impie
2614 5554 3005 5616 introduccnte,
3039 5562 3091 5606 et
3121 5560 3360 5605 sanctam
3391 5551 3610 5603 Mariam
3638 5548 3733 5602 Dei
3771 5550 3998 5616 genitri-

2421 5660 2538 5698 cem
2567 5659 2684 5697 esse
2711 5650 2977 5710 negante;
3020 5643 3364 5710 congregavit
3393 5641 3626 5710 priorem
3668 5639 3997 5708 Ephesinam

2421 5735 2683 5807 synodum
2714 5743 3066 5789 ducentorum
3107 5744 3410 5788 sanctorum
3440 5731 3675 5797 Patrum,
3701 5742 3757 5788 et
3776 5734 3998 5788 directis

2424 5826 2756 5900 principibus
2778 5827 2868 5897 qui
2898 5827 3157 5881 deberent
3184 5824 3410 5881 concilio
3449 5825 3726 5893 interesse,
3761 5821 3914 5890 iussit
3938 5833 3995 5878 et
