4220 6442
269 390 401 456 103Ἱ

995 373 1358 435 EPISTOLA
1397 380 1794 440 ADVERSUS
1830 382 2302 442 TlIEODORUM
2351 379 2765 442 .‘vIOPSUEST.

3351 382 3488 448 1038

260 502 403 555 σθαι.
431 500 519 552 lui
549 495 611 556 δη
637 499 893 570 γτνομένης
921 499 1160 572 ἀκριϐοῦς
1191 499 1465 564 έξετὰσεως
1503 503 1832 557 κατεδίκασαν
1863 513 1906 563 Α

1863 513 1906 563 Α
1935 503 2108 570 ipsum
2169 501 2465 554 Nestorium
2497 500 2707 565 adesse,
2739 509 2791 554 et
2831 501 3084 566 judicium
3114 502 3182 557 de
3223 515 3292 557 eo
3340 502 3453 557 ﬂeri
3485 519 3500 558 :

271 589 536 658 κεστόρεον
556 629 570 651 ,
608 591 1057 657 ἀναθεματίσαντες
1082 597 1175 645 σὺν
1211 603 1314 651 τοῖς
1343 593 1613 665 ὀμόφροσιν
1657 599 1827 649 αὑτοῦ.

259 680 460 729 ’τούτων
488 676 539 730 δὲ
571 677 703 730 οῦτω
732 680 1096 748 προελθόντων,
1129 681 1493 741 ἐπαναστάντες
1518 684 1734 754 ιυρίλλῳ
1761 693 1833 755 τῷ

264 767 626 833 πανοσιωτάτῳ
647 765 691 817 oi
717 773 807 822 της
829 767 1094 834 ἐξαγίστου
1117 770 1388 839 Νεστορίου
1415 769 1628 845 μερίδος,
1655 772 1832 823 ἐσπού-

259 852 454 915 δασαν,
496 856 554 908 τό
578 874 632 925 γε
673 853 751 906 ἔπ’
775 858 960 917 αὐτοῖς,
989 856 1264 927 ἀνατρέψαι
1290 863 1378 915 την
1405 863 1536 912 κατὰ
1565 865 1832 932 Νεστορίου

258 947 586 1014 γεγενημένην
630 947 806 1020 κρίσιν.
835 943 954 998 Ἀλλ’
999 938 1082 996 οὖν
1122 966 1175 1014 γι
1229 944 1489 1006 etodium;
1521 948 1548 1000 6
1595 948 1834 1009 βασιλεὺς

257 1037 742 1102 ἀντιλαμϐανόμενος
770 1044 867 1088 τῶν
907 1033 1058 1096 ὄντως
1095 1036 1252 1107 ὀρθῶς
1288 1039 1416 1090 κατά
1456 1042 1721 1112 Νεστορίου
1750 1045 1833 1094 καί

258 1133 361 1179 τῶν
403 1133 626 1200 πονηρῶν
673 1127 827 1178 αὐτοῦ
868 1124 1130 1194 δογμάτων
1157 1125 1447 1200 κριθέντων,
1482 1130 1834 1200 παρεσκεύασε

259 1223 467 1284 κρατεῖν
518 1217 750 1286 γενναίως
791 1214 1029 1283 [Latinus
1073 1215 1336 1281 interpres
1375 1213 1499 1280 legit
1533 1214 1715 1284 οὕτως]
1748 1222 1836 1273 την

260 1307 339 1356 ἐπ’
392 1310 533 1376 αὐτῷ
587 1309 911 1375 γεγενημένην
961 1306 1140 1376 κρίσιν.
1200 1306 1290 1357 Καὶ
1348 1306 1448 1376 γὰρ
1514 1306 1643 1378 πρὸς
1710 1307 1832 1359 τού-

257 1422 367 1460 τοις
414 1405 496 1454 καὶ
559 1399 681 1453 ἄλλα
734 1403 845 1454 τινὰ
899 1401 1025 1452 κατὰ
1073 1405 1159 1453 τοῦ
1207 1400 1338 1452 θείου
1393 1399 1625 1474 κυρίλλου
1680 1419 1836 1450 κατα-

259 1491 684 1560 Ῥλυαρησάντων,
749 1492 924 1564 γράφει
985 1493 1112 1564 πρὸς
1175 1491 1262 1543 τόν
1325 1490 1533 1555 βασιλέα
1601 1486 1834 1562 ιύριλλος

257 1591 490 1636 τοιαῦτα·
525 1601 541 1632 t
562 1580 857 1654 Ἐπειδήπερ
878 1583 1143 1651 ἐπυθόμην,
1172 1577 1210 1632 ὦ
1238 1580 1570 1634 εὐσεϐέστατα
1599 1580 1830 1650 βασιλεῦ,

258 1683 358 1728 τῶν
384 1677 651 1746 φιλολογεῖν
689 1675 925 1727 εἰωθότων
950 1675 1087 1730 τινὰς
1131 1673 1312 1746 ἀγρίων
1345 1678 1542 1740 σφηκῶν
1581 1668 1720 1726 δίκην
1745 1691 1836 1724 πε-

258 1766 520 1838 ριϐομϐεῖν
539 1805 551 1822 ,
587 1767 669 1817 καί
707 1764 1002 1834 μοχθηρούς
1028 1763 1314 1831 ἐρεύγισθαι
1351 1760 1461 1814 κατ’
1488 1762 1608 1828 ἐμοῦ
1633 1761 1830 1831 λόγους,

1935 592 2281 658 diligentique
2329 592 2728 644 examinatione
2757 590 2911 652 facta,
2943 592 3264 646 damnarunt
3290 603 3345 648 et
3371 608 3499 648 ana-

1936 680 2350 734 thematizarunt
2380 679 2680 734 Nestorium
2711 695 2812 736 una
2835 697 2957 733 cum
2981 683 3332 737 sectatoribus
3360 686 3500 752 ejus.

1936 771 2029 824 His
2049 780 2224 822 autem
2256 771 2326 822 ita
2356 770 2666 831 subsecutis,
2699 787 2819 824 cum
2868 772 3276 825 insurrexissent
3311 782 3499 828 contra

1933 860 2324 920 sanctissimum
2380 857 2636 927 Cyrillum
2691 871 2984 914 sectatores
3039 862 3186 928 impii
3235 861 3497 927 Nestorii,

1931 950 2108 1002 conati
2131 957 2256 1001 sunt
2277 949 2552 1016 (quantum
2583 949 2635 1002 in
2661 950 2788 1017 ipsis
2810 951 2928 1020 fuit)
2954 953 3257 1006 rescindere
3277 962 3494 1007 sentem

1934 1041 2061 1092 tiam
2089 1047 2277 1092 contra
2306 1038 2605 1091 Nestorium
2626 1040 2807 1092 latam.
2833 1040 2937 1094 Sed
2967 1041 3300 1096 Theodosius
3326 1045 3498 1111 impe-

1934 1138 2099 1190 rator,
2133 1127 2425 1182 defendens
2449 1143 2513 1180 ea
2542 1144 2660 1196 qua:
2692 1131 2764 1183 ita
2799 1140 2946 1184 recte
2978 1143 3163 1186 contra
3193 1133 3494 1186 Nestorium

1934 1227 1988 1272 et
2017 1219 2174 1288 impia
2205 1221 2320 1287 ejus
2342 1219 2592 1286 dogmata
2623 1219 2831 1275 fuerant
2855 1221 3113 1290 iudicata,
3143 1223 3500 1280 damnationis

1935 1310 2249 1362 sententiam
2285 1309 2336 1362 in
2369 1324 2490 1362 eum
2521 1307 2714 1364 factam
2743 1321 2914 1364 ratam
2942 1313 3130 1366 haberi
3161 1316 3386 1368 curavit.
3415 1312 3502 1371 ln-

1933 1415 2095 1468 super
2124 1409 2300 1452 autem
2332 1415 2451 1452 cum
2473 1409 2528 1452 et
2554 1401 2794 1468 quaedam
2821 1403 2923 1455 alia
2945 1405 3170 1459 crimina
3197 1406 3378 1459 divino
3395 1403 3501 1475 Cy-

1933 1488 2054 1542 rillo
2094 1488 2232 1555 apud
2278 1489 2654 1557 imperatorem
2704 1491 2980 1556 nugaciter
3025 1493 3402 1561 impingerent,
3433 1494 3502 1548 ad

1935 1581 2311 1649 imperatorem
2341 1581 2568 1651 Cyrillus
2597 1583 2650 1635 in
2694 1583 2832 1636 hanc
2873 1585 3196 1638 sententiam
3243 1587 3454 1654 scripsit
3483 1603 3495 1636 :

1940 1688 1959 1720 ε
1987 1669 2275 1738 Postquam
2318 1672 2445 1724 mihi
2467 1713 2480 1735 ,
2512 1674 2749 1740 piissime
2778 1674 3092 1743 imperator,
3137 1677 3500 1730 renuntiatum

1935 1770 2034 1823 est,
2066 1760 2326 1827 quosdam
2367 1762 2606 1827 garrulos
2637 1763 2804 1814 instar
2839 1777 3120 1830 vesparum
3150 1764 3381 1817 ferarum
3411 1779 3502 1816 su-

259 1858 326 1911 ὡς
359 1857 408 1916 ἐξ
436 1857 652 1928 ούρανοῦ
681 1853 1062 1922 κατακομισθέν,
1099 1854 1182 1903 καί
1220 1851 1303 1902 οὐκ
1329 1851 1382 1902 ἐκ
1403 1859 1491 1910 τῆς
1520 1849 1668 1920 ἁγίας
1693 1870 1828 1920 παρ·
1862 1859 1908 1916 Β

1862 1859 1908 1916 Β
1932 1851 2096 1903 surris
2116 1850 2223 1903 suis
2249 1864 2402 1902 aures
2453 1859 2569 1903 tuas
2598 1866 2906 1920 personare,
2945 1862 2998 1905 et
3026 1853 3308 1906 maledicta
3338 1855 3390 1906 in
3415 1869 3499 1907 me

254 1949 399 1997 θὲνου
425 1945 650 2012 λέγοντος
685 1944 741 1996 τὸ
779 1945 907 1995 θεῖον
937 1949 1089 2010 σῶμα
1116 1945 1335 2013 Χριστοῦ
1355 1981 1368 2003 ,
1399 1943 1481 1992 καί
1520 1941 1609 2004 μέν
1646 1961 1720 1994 τοι
1748 1942 1831 1992 καί

255 2032 350 2086 δύο
372 2035 514 2093 υὲοιζς
542 2029 670 2088 κατά
691 2034 955 2105 Νεστόριον
974 2031 1224 2102 ὁμολογεῖν
1239 2033 1371 2100 ἡμᾶς
1393 2031 1828 2103 κατεφλυάρησαν,

256 2124 366 2177 δεῖν
388 2129 609 2194 ᾠήθημεν
631 2125 772 2193 ὀλίγα
787 2125 905 2196 περὶ
923 2124 1100 2175 τούτου
1123 2121 1249 2195 πρὸς
1269 2123 1456 2181 αὐτούς
1479 2123 1632 2174 εἰπεῖν
1653 2120 1828 2176 οὕτως·

256 2213 329 2266 Ὠ
357 2217 559 2271 ἀνόητοι
582 2216 664 2268 καί
696 2215 841 2284 μόνον
868 2213 1049 2272 εἰδότες
1076 2221 1420 2284 συκοφαντεῖν,
1451 2221 1560 2270 πῶς
1589 2215 1658 2272 εἰς
1686 2219 1834 2265 τοῦτο

253 2309 555 2375 παρήχθητε
601 2310 836 2375 γνώμης,
880 2309 962 2357 καὶ
999 2307 1253 2361 τοσαύτην
1291 2309 1587 2362 νενοσηκατε
1622 2306 1828 2365 μανίαν;

253 2395 360 2452 ἴδει
391 2404 564 2468 σαφῶς
606 2399 816 2462 ίννοεῖν,
848 2395 924 2460 ξτι
967 2395 1157 2464 σχεδόν
1203 2395 1336 2455 ἄπας
1361 2398 1479 2464 ἡμῖν
1524 2395 1548 2447 ὁ
1588 2397 1713 2468 ὑπὲρ
1742 2404 1832 2452 τῆς

254 2492 480 2546 πίστεως
521 2491 654 2558 ἀγὼν
681 2489 1072 2555 συνεκεκρότητο
1102 2487 1556 2557 διαϐιϐαιουμένοις
1574 2527 1587 2550 ,
1617 2485 1694 2541 ὅτι
1720 2488 1831 2539 θεο-

254 2579 400 2637 τόκος
437 2579 573 2630 ἐστίν
601 2581 628 2635 ἡ
658 2579 776 2650 ἁγία
804 2582 989 2653 Μαρία.
1019 2573 1140 2633 Ἀλλ’
1165 2582 1371 2653 ἐπείπερ
1401 2582 1450 2642 ἐξ
1479 2582 1686 2652 οὐρανοῦ
1704 2621 1717 2643 ,
1749 2583 1833 2632 καί

254 2673 347 2723 οὐκ
375 2672 422 2732 ἐξ
443 2673 594 2728 αὐτῆς
619 2673 942 2741 γεγεννῆσθαι
969 2672 1026 2724 τὸ
1062 2672 1192 2723 θεῖον
1218 2678 1368 2738 σῶμα
1390 2675 1482 2722 τοῦ
1513 2677 1734 2743 Χριστοῦ
1747 2671 1834 2722 λέ-

254 2781 436 2830 γομεν,
475 2764 540 2821 ὧς
567 2782 720 2832 φασι,
752 2769 859 2822 πῶς
889 2759 946 2814 ἄν
973 2771 1136 2816 νοοῖτο
1165 2763 1424 2822 Osci-620:;
1455 2764 1562 2814 τίνα
1584 2761 1681 2834 γὰρ
1711 2761 1834 2818 ὅλως

255 2854 482 2912 τέτοκεν,
511 2856 551 2905 εἰ
573 2857 640 2919 μή
672 2853 805 2906 ἐστιν
838 2854 1007 2912 ἀληθὲς
1030 2850 1106 2906 ὄτι
1137 2854 1394 2922 γεγέννηκε
1417 2855 1544 2904 κατά
1561 2854 1725 2922 σάρκα
1752 2852 1834 2904 τὸν

259 2948 574 3018 Ἐμμανουήλ
589 2962 602 3009 ;
619 2946 958 3015 ’γελᾶσθωσαν
985 2949 1150 3000 τοίνυν
1178 2946 1224 2998 oi
1247 2951 1410 2999 ταῦτα
1432 2949 1514 2996 καί
1540 2946 1604 2998 τὰ
1623 2950 1833 2998 τοιαῦτα

260 3038 377 3090 κατ’
428 3038 552 3106 ἐμοῦ
606 3037 1032 3106 πιφλυαρηκότες.
1077 3037 1147 3087 Ού
1185 3038 1284 3107 γὰρ
1333 3033 1574 3103 ψεύδεται
1608 3033 1763 3104 λέγων
1807 3031 1834 3085 ό

257 3128 504 3194 μακάριος
528 3126 750 3184 Ἠσαίας
771 3154 840 3165 -ν-
856 3125 986 3179 Ἰδού
1009 3127 1040 3182 ri
1060 3128 1302 3197 παρθένος
1329 3127 1376 3177 ἐν
1394 3127 1581 3198 γαστρὶ
1606 3127 1722 3187 ἔτι,
1751 3128 1835 3178 καὶ

1931 1947 2196 2001 eructare,
2231 1947 2490 2004 nugantes
2519 1953 2604 1992 me
2629 1953 2872 1993 asserere
2900 1941 3096 1994 Christi
3120 1941 3353 1995 divinum
3381 1957 3503 1997 cor-

1932 2044 2030 2098 pus
2050 2028 2186 2082 ccelo
2215 2027 2469 2088 delatum,
2501 2037 2556 2081 et
2581 2043 2689 2082 non
2710 2029 2778 2082 de
2806 2039 2988 2083 sancta
3020 2031 3238 2097 Virgine
3261 2046 3502 2100 assump-

1931 2127 2073 2182 tum;
2106 2116 2339 2186 itemque
2369 2117 2502 2172 duos
2531 2118 2669 2172 ﬁlios
2691 2119 2756 2172 de
2785 2123 3046 2174 sententia
3077 2122 3302 2176 Nestorii
3333 2121 3503 2175 conli-

1933 2209 2033 2262 teri
2059 2225 2072 2259 :
2105 2208 2407 2262 existimavi
2433 2209 2632 2264 debere
2661 2225 2748 2264 me
2785 2213 3040 2266 adversus
3077 2213 3220 2282 ipsos
3250 2229 3417 2282 pauca
3447 2215 3502 2268 in

1933 2297 2071 2353 hanc
2115 2299 2429 2353 sententiam
2460 2299 2637 2356 dicere
2665 2319 2675 2352 :
2718 2301 2764 2354 0
2795 2301 2942 2367 fatui,
2973 2312 3027 2356 et
3069 2304 3264 2360 nullius
3294 2305 3370 2359 rei
3401 2305 3501 2358 nisi

1930 2374 2287 2444 calumniandi
2359 2393 2548 2460 gnari,
2595 2395 2867 2462 quomodo
2923 2395 2978 2448 in
3025 2396 3164 2450 hanc
3209 2396 3502 2450 devenistis

1932 2482 2269 2545 sententiam,
2295 2491 2608 2552 tantumque
2637 2482 2853 2538 insania:
2882 2487 3242 2554 concepistis?
3269 2485 3500 2542 Omnino

1934 2572 2076 2626 enim
2101 2573 2384 2642 oportebat
2406 2576 2508 2630 hoc
2533 2590 2628 2630 vos
2652 2577 2931 2645 perspicue
2957 2580 3176 2640 sentire,
3201 2586 3367 2632 totam
3392 2579 3500 2634 fere

1934 2671 2171 2716 nostram
2193 2663 2260 2717 de
2283 2663 2383 2717 ﬁde
2404 2664 2816 2733 disputationem
2858 2666 2981 2720 inde
3011 2676 3203 2730 ortam,
3234 2669 3374 2736 quod
3403 2683 3502 2726 nos

1935 2761 2173 2807 sanctam
2203 2751 2421 2806 Mariam
2453 2753 2735 2822 Deiparam
2763 2769 2881 2808 esse
2917 2756 3306 2811 contendimus.
3341 2757 3502 2825 Atqui

1934 2844 1997 2907 si,
2025 2852 2081 2898 ut
2103 2845 2176 2896 illi
2203 2844 2406 2905 dicunt,
2437 2859 2535 2898 nos
2568 2860 2764 2915 corpus
2803 2846 3000 2900 Christi
3023 2845 3261 2901 divinum
3291 2848 3502 2903 inclitus

1935 2936 2165 2998 venisse,
2197 2950 2302 2988 non
2330 2950 2396 2989 ex
2427 2937 2539 3004 ipsa
2584 2945 2768 2991 natum
2811 2937 3056 3002 dicimus,
3089 2938 3358 3006 quomodo
3381 2937 3503 2995 Dei-

1939 3038 2065 3092 para
2094 3024 2197 3078 dici
2236 3026 2468 3094 poterit?
2493 3024 2664 3090 Quem
2693 3026 2835 3080 enim
2866 3029 3096 3097 peperit,
3123 3028 3168 3080 si
3195 3027 3298 3081 hoc
3317 3043 3501 3081 verum

1937 3127 2043 3169 non
2093 3121 2195 3172 est,
2227 3113 2372 3180 quod
2400 3114 2692 3167 secundum
2733 3120 2952 3169 carnem
3002 3119 3272 3184 pepererit
3301 3116 3503 3169 Emma-

255 3219 452 3279 τέξεται
480 3218 601 3278 υἱὸν,
633 3218 720 3270 καί
756 3217 1026 3270 καλέσουσι
1053 3217 1110 3270 τὸ
1140 3213 1294 3286 ὄνομα
1326 3217 1478 3270 αὐτοῦ
1501 3216 1828 3286 Ἐμμανουήλ,
1859 3221 1904 3282 C

1859 3221 1904 3282 ρ
1939 3202 2184 3256 nuelem?
2215 3202 2508 3258 Rideantur
2534 3217 2666 3271 ergo
2693 3205 2782 3273 qui
2810 3207 2924 3259 hac
2953 3217 3007 3259 et
3037 3208 3159 3260 talia
3189 3209 3256 3262 de
3283 3223 3370 3262 me
3392 3207 3502 3261 bla-

255 3308 284 3362 ὃ
305 3307 440 3370 ἔστι,
459 3310 560 3375 μεθ’
585 3310 721 3376 ἡμᾶν
747 3309 769 3359 ὁ
797 3310 938 3367 Θεὸς.
959 3336 1025 3346 -
1044 3308 1287 3364 uineas“
1307 3306 1358 3360 6i
1382 3309 1579 3367 πάντως
1600 3306 1720 3360 καὶὸ
1743 3309 1834 3380 ἀρ·-

257 3421 299 3469 χ
306 3400 516 3471 ἄγγελος
539 3399 758 3471 Γαϐριηλ
773 3401 900 3472 πρὸς
915 3403 1004 3455 τήν
1021 3398 1264 3470 παρθένον
1285 3398 1460 3450 εἰπὼν·
1473 3424 1537 3434 —
1558 3402 1632 3454 Μή
1656 3397 1832 3466 φοϐοῦ,

254 3497 502 3567 Μαριὰμ,
535 3488 678 3564 εὗρες
707 3493 806 3565 γὰρ
845 3493 999 3562 χάριν
1035 3491 1175 3560 παρὰ
1198 3497 1271 3559 τῷ
1302 3496 1440 3560 Θεῷ·
1469 3491 1548 3542 καῖ
1581 3487 1686 3542 ἰδού
1715 3489 1836 3542 συλ·

254 3581 397 3654 λήψῃ
423 3584 474 3634 έν
493 3585 704 3653 γαστρὶ,
736 3584 818 3632 καί
861 3582 1016 3642 τέξεις
1053 3580 1182 3644 υίόν,
1227 3585 1307 3633 καί
1330 3580 1559 3638 καλέσεις
1598 3584 1654 3634 τὸ
1685 3579 1836 3648 ἱνομα

259 3673 419 3724 αὐτοῦ
443 3670 660 3726 Ἰησοῦν.
691 3671 846 3728 Δύτὸς
867 3672 966 3740 γὰρ
998 3671 1160 3722 σώσει
1178 3668 1264 3722 τὸν
1291 3669 1404 3723 λαὸν
1432 3669 1584 3723 αὐτοῦ
1615 3670 1714 3723 ἀπὸ
1735 3679 1835 3724 τῶν

257 3760 524 3834 ἁμαρτιῶν
539 3762 716 3812 αὐτῶν.
733 3747 802 3798 έ-
812 3756 966 3812 Ὀταν
979 3757 1029 3812 δὲ
1041 3759 1258 3829 λέγομεν,
1275 3757 1454 3811 ἄνωθεν
1469 3759 1516 3821 έξ
1530 3761 1738 3831 ούρανοῦ
1750 3760 1836 3812 τόν

257 3854 433 3923 κύριον
459 3853 595 3920 ἡμῶν
622 3849 816 3908 Ἰησοῦν
846 3852 1059 3924 Χριστὸν
1077 3889 1091 3909 ,
1125 3853 1229 3919 ούχ
1255 3852 1324 3910 ὡς
1351 3847 1534 3904 ἄνωθεν
1554 3851 1603 3913 ἐξ
1631 3853 1834 3920 ούρανοῦ

256 3944 648 4010 κατενεχθείσης
669 3951 760 4001 τῆς
781 3942 924 4013 ἁγίας
946 3943 1104 3996 αὐτοῦ
1133 3944 1320 4012 σαρκὸς
1342 3944 1507 3997 ταῦτά
1526 3963 1702 4014 φαμεν,
1732 3944 1835 3997 ἀλλ’

258 4037 328 4093 ῶς
351 4035 582 4103 έπὸμινοι
600 4042 674 4105 τῷ
690 4036 807 4106 ἱερῷ
821 4034 993 4100 Παύλῳ
1010 4035 1267 4103 φάσκοντι,
1285 4063 1354 4072 —
1367 4045 1419 4086 Ὀ
1431 4042 1629 4106 πρῶτος
1643 4031 1807 4107 ἅνθρω
1821 4064 1835 4072 -

257 4144 359 4184 πος
389 4125 442 4175 ἐκ
465 4131 558 4193 γῆς
599 4125 802 4192 χοικός,
840 4121 866 4176 6
912 4119 1143 4196 δεύτερος
1173 4121 1199 4176 6
1238 4124 1406 4196 κύριος
1433 4123 1482 4185 εξ
1512 4125 1736 4198 ούρανοῦ.
1767 4153 1836 4166 -

256 4217 553 4284 διεμνήμεθα
576 4211 628 4267 δὲ
671 4216 756 4266 καὶ
781 4214 933 4266 αὐτοῦ
970 4219 1061 4266 τοῦ
1099 4214 1274 4284 κυρίου
1303 4213 1549 4282 λέγοντος,
1577 4241 1646 4252 --
1663 4212 1835 4270 Οὐδεὶς·

255 4305 564 4361 ἀναϐέϐηκεν
597 4308 667 4364 εἰς
694 4305 779 4358 τὸν
811 4305 1038 4376 οὐρανόν,
1069 4305 1113 4356 εἰ
1135 4308 1204 4374 μὴ
1243 4303 1269 4355 6
1297 4304 1351 4357 έκ
1393 4310 1478 4358 τοῦ
1509 4306 1715 4375 ούρανοῦ
1745 4327 1836 4357 κα·

256 4397 454 4460 ταϐἀς,
487 4395 512 4450 6
536 4398 645 4456 υίὸς
673 4403 764 4451 τοῦ
790 4397 1072 4468 ἀνθρώπου.
1099 4423 1170 4434 -
1192 4397 1352 4450 Καίτοι
1392 4399 1678 4468 γεγέννηται
1705 4400 1835 4451 κατὰ

257 4489 432 4561 σάρκα
449 4525 464 4549 ,
495 4489 563 4544 ὡς
586 4485 781 4558 εἴρηται
798 4526 812 4549 ,
854 4487 906 4538 ix
935 4494 1024 4544 τῆς
1047 4485 1192 4556 ἁγίας
1217 4487 1484 4557 παρθένου.
1523 4485 1690 4544 insidi}
1729 4486 1783 4541 δὲ
1808 4487 1834 4540 6

1937 3300 2128 3346 terant.
2156 3293 2272 3346 Non
2302 3295 2443 3347 enim
2475 3297 2732 3349 mentitur
2756 3306 2969 3351 sanctus
2994 3297 3156 3353 Isaias
3179 3313 3297 3351 cum
3321 3297 3393 3350 ita
3421 3315 3504 3350 va-

1938 3384 2190 3436 ticinatur
2216 3402 2227 3434 :
2255 3383 2539 3456 Eccerirgo
2558 3387 2612 3438 in
2639 3395 2782 3440 utero
2805 3387 3025 3452 habebit,
3049 3398 3098 3440 et
3122 3389 3289 3456 pariet
3315 3387 3504 3456 litium,

1935 3484 1985 3528 et
2011 3477 2257 3530 vocabunt
2281 3493 2397 3529 eum
2424 3476 2728 3532 Emmanuel
2748 3521 2761 3545 ,
2790 3480 2926 3549 quod
2950 3489 3046 3544 est,
3077 3480 3338 3532 nobiscum
3374 3477 3504 3534 Deus

1938 3573 2072 3642 (lsa.
2141 3576 2260 3643 vn).
2294 3572 2360 3626 Et
2387 3573 2531 3627 haud
2580 3574 2740 3628 dubie
2783 3590 2970 3628 verum
3015 3576 3148 3628 dixit
3174 3573 3389 3628 Gabriel
3415 3589 3506 3626 ar-

1935 3666 2222 3731 changelus
2251 3667 2324 3719 ita
2354 3665 2570 3719 Mariam
2596 3667 2874 3734 alloquens
2900 3686 2911 3720 :
2944 3666 3027 3720 Ne
3077 3670 3276 3728 timeas,
3307 3666 3502 3728 Maria,

1933 3758 2170 3809 invenisti
2199 3758 2331 3809 enim
2361 3758 2583 3826 gratiam
2629 3758 2767 3826 apud
2797 3756 2979 3811 Deum.
3013 3756 3148 3810 Ecce
3173 3758 3426 3825 concipias
3455 3757 3505 3808 in

1934 3855 2096 3907 utero,
2128 3855 2177 3898 et
2225 3848 2396 3914 paries
2423 3846 2608 3915 ﬁlium,
2637 3859 2686 3899 et
2713 3847 2918 3901 vocabis
2944 3864 3128 3900 nomen
3148 3849 3259 3918 ejus
3282 3846 3457 3900 Jesun:
3489 3864 3505 3899 :

1935 3937 2044 4005 ipse
2083 3938 2217 3990 enim
2257 3938 2454 3990 salvum
2483 3941 2638 4009 faciet
2666 3940 2907 4008 populum
2938 3957 3082 3993 suum
3111 3957 3141 3992 a
3171 3942 3392 4010 peccatis
3418 3957 3503 3992 eo-

1936 4042 2049 4079 rum
2076 4025 2223 4095 (Luc.
2259 4041 2305 4090 ις
2338 4025 2524 4080 Matth.
2557 4030 2616 4094 I).
2649 4029 2778 4082 Cum
2825 4037 3005 4087 autem
3055 4029 3335 4084 Dominum
3377 4045 3503 4083 n05-

1938 4134 2074 4181 trum
2105 4124 2288 4178 Jesum
2316 4125 2585 4180 Christum
2629 4126 2856 4180 dicimus
2883 4127 3114 4196 desuper
3149 4127 3217 4182 de
3243 4129 3382 4182 ccelo
3412 4143 3504 4181 νος

1937 4215 2099 4279 nisse,
2148 4230 2253 4267 non
2305 4230 2373 4268 eo
2412 4231 2571 4269 sensu
2619 4217 2864 4280 dicimus,
2914 4219 3067 4287 quasi
3112 4228 3356 4288 putemus
3383 4234 3505 4273 enm

1937 4311 2174 4356 sanctam
2199 4319 2347 4356 suam
2378 4319 2593 4359 carnem
2621 4307 2688 4360 de
2710 4308 2848 4362 cmlo
2892 4307 3178 4371 detulisse;
3207 4307 3302 4362 sed
3327 4309 3505 4376 sequi-

1937 4407 2056 4447 mur
2081 4403 2325 4448 sanctum
2371 4393 2615 4458 Paulum,
2647 4397 2738 4466 qui
2767 4397 2838 4452 ita
2867 4398 2942 4450 ait
2970 4415 2982 4448 :
3031 4397 3241 4450 Primus
3263 4398 3413 4451 homo
3443 4401 3505 4451 de

1939 4493 2075 4536 terra
2095 4492 2358 4547 terrenus;
2388 4487 2661 4551 secundus,
2688 4486 2939 4540 Dominus
2960 4504 2989 4540 ε
3009 4488 3133 4540 calo
3161 4486 3212 4554 (1
3241 4487 3359 4540 Cor.
3391 4503 3504 4553 xvi.

257 4577 446 4632 ἄνωθεν
488 4581 537 4642 ἐξ
583 4580 796 4646 ούρανοῦ
835 4585 1208 4648 καταφοιτησας
1237 4580 1355 4638 Θεὸς
1398 4578 1539 4649 λόγος
1578 4582 1834 4634 κεκένωκεν
1864 4578 1912 4635 Ι)

1864 4578 1912 4635 1)
1935 4571 2207 4626 litiitamur
2235 4574 2394 4626 etiam
2423 4583 2477 4627 et
2502 4575 2669 4642 ipsum
2695 4576 2973 4629 Dominum
3003 4576 3269 4630 dicentem
3298 4573 3501 4628 :Nemo

257 4671 471 4730 έαυτὸν,
497 4676 685 4744 μορφήν
714 4668 893 4722 δούλου
923 4669 1117 4732 λαϐὼν,
1149 4672 1230 4722 καί
1255 4672 1621 4740 κεχρημάτικιν
1646 4672 1836 4744 ἀνθρὼ-

257 4781 365 4814 που
395 4761 504 4817 υἱὸς
539 4761 666 4826 μετὰ
702 4765 790 4813 τοῦ
818 4765 978 4829 μεῖναι
1005 4757 1030 4810 ὁ
1053 4757 1132 4819 ἦν,
1161 4760 1390 4812 τουτέστι
1416 4759 1558 4817 Θεός·
1588 4756 1835 4828 ἄτρεπτος

257 4851 362 4922 γάρ
393 4852 480 4900 καί
497 4848 820 4905 ἀναλλοίωτος
848 4850 976 4901 κατὰ
1010 4850 1156 4914 φύσιν
1183 4849 1352 4901 ὶστίν⁶
1386 4849 1449 4906 ὡς
1477 4845 1546 4904 εἷς
1573 4845 1668 4904 ἤδη
1693 4850 1835 4900 νοού-

257 4957 408 5005 μενος
435 4937 562 5005 μετὰ
595 4945 685 4994 τῆς
724 4936 852 4995 ἰδίας
879 4937 1094 5009 σαρκός,
1125 4938 1171 4997 ἐξ
1201 4938 1415 5010 ούρανοῦ
1440 4937 1635 5006 λέγεται
1663 4939 1836 4992 κατελ-

255 5029 380 5084 θεῖν,
409 5026 700 5094 ὠνόμασται
723 5023 773 5078 δὲ
799 5030 879 5078 καί
908 5024 1166 5098 ἅνθρωπος
1196 5027 1243 5087 ἐξ
1269 5029 1514 5098 ούρανοῦ,
1553 5027 1736 5087 τέλειος
1769 5028 1835 5081 ὧν

257 5115 311 5166 iv
337 5113 568 5176 θεότητι,
600 5115 684 5165 καὶ
717 5116 896 5170 τέλειος
938 5113 964 5166 ὁ
989 5115 1142 5171 αὐτὸς
1166 5114 1218 5165 έν
1248 5115 1618 5187 ἀνθρωπότητι,
1655 5121 1736 5168 καὶ
1767 5120 1834 5175 ὡς

259 5205 312 5256 ἐν
362 5203 435 5255 ένί
485 5207 739 5271 προσώπῳ
787 5206 1077 5272 νοούμενος.
1132 5199 1213 5261 Εἷς
1264 5204 1361 5276 γὰρ
1420 5205 1589 5277 κύριος
1641 5205 1834 5265 Ἰησοῦς

257 5292 519 5366 Χριστὸς,
564 5287 650 5343 κᾶν
695 5294 724 5348 η
771 5299 868 5345 τῶν
913 5292 1107 5362 φύσεων
1156 5289 1366 5362 διαφορά
1404 5299 1472 5362 μη
1501 5296 1755 5363 ἀγνοῆται,
1785 5297 1833 5358 ἐξ

259 5380 326 5433 ὧν
357 5388 445 5438 την
484 5382 766 5455 ἁπὸρῤητον
793 5381 968 5433 ἕνωσίν
1006 5401 1162 5452 φαμεν
1203 5386 1522 5451 πεπρᾶχθαι.
1561 5389 1834 5452 Τοιγαροῦν

256 5475 594 5544 ὁμολογοῦμεν
639 5474 718 5525 τὸν
767 5482 998 5542 μονογενῆ
1045 5474 1152 5526 υἱὸν
1196 5479 1287 5526 τοῦ
1331 5479 1460 5527 Θεοῦ
1507 5475 1665 5543 λόγον,
1711 5477 1831 5528 em

254 5562 474 5624 τὲλὶιον,
517 5566 602 5616 καὶ
641 5560 900 5635 ἄνθρωπον
937 5563 1143 5623 τέλειον,
1189 5563 1242 5614 έκ
1286 5563 1466 5631 ψυχῆς
1506 5563 1702 5633 λογικῆς
1750 5571 1831 5618 καί

253 5655 516 5721 σώματος,
540 5653 641 5724 πρὸ
659 5655 848 5705 αίὼνων
865 5655 952 5722 μὲν
973 5653 1028 5704 ἐκ
1047 5658 1138 5704 τοῦ
1165 5653 1357 5725 πατρὸς
1383 5654 1672 5723 γεννηθέντα
1701 5661 1830 5711 κατὰ

253 5765 350 5802 την
379 5745 615 5804 ϐιότητα,
658 5745 734 5796 ἐπ’
762 5745 1006 5811 ἐσχάτων
1035 5741 1088 5796 δέ
1116 5751 1213 5796 τῶν
1253 5746 1447 5818 ἡμερῶν
1472 5746 1556 5795 τόν
1593 5747 1741 5795 αὐτον
1770 5746 1837 5799 δι’

251 5841 397 5909 ,ἡμᾶς
417 5838 498 5889 καί
523 5833 606 5889 διὰ
629 5856 717 5893 την
744 5837 988 5907 ἡμετέραν
1013 5838 1267 5908 σωτηρίαν
1290 5837 1342 5888 ἐκ
1361 5840 1554 5906 Μαρίας
1577 5843 1664 5893 τῆς
1694 5858 1801 5909 παρ
1816 5867 1830 5876 -

1934 4663 2165 4717 ascendit
2191 4665 2244 4714 in
2270 4664 2467 4727 calum,
2500 4665 2601 4716 nisi
2653 4666 2739 4732 qui
2779 4666 3039 4718 descendit
3067 4665 3128 4716 de
3154 4665 3307 4728 creto,
3335 4663 3504 4716 Filius

1934 4750 2156 4802 hominis
2183 4748 2554 4820 (Joan.m).At
2602 4768 2731 4806 vero
2769 4754 2913 4821 quod
2943 4752 3013 4806 ad
3043 4769 3260 4807 carnem
3292 4754 3502 4817 attinet,

1935 4851 2090 4899 natus
2117 4849 2217 4904 est,
2247 4841 2386 4894 sicut
2411 4843 2658 4908 diximus,
2692 4859 2759 4898 ex
2785 4845 2941 4898 beata
2967 4845 3203 4912 Virgine.
3233 4844 3338 4897 Sed
3365 4859 3504 4913 quo-

1937 4933 2076 4989 niam
2108 4931 2341 4986 Verbum
2366 4933 2460 4987 Dei
2481 4934 2548 4988 de
2578 4936 2715 4989 cmlo
2758 4934 3108 4998 descendens,
3140 4935 3366 5003 seipsum
3392 4937 3506 4988 exi-

1938 5025 2153 5088 nanivit,
2205 5026 2425 5093 formam
2466 5027 2597 5077 servi
2645 5027 2973 5092 assumenda,
3003 5025 3248 5092 ﬁliusque
3276 5025 3506 5078 hominis

1935 5115 2160 5178 exstitit,
2189 5130 2311 5167 eum
2344 5123 2518 5167 tamen
2549 5115 2686 5168 idem
2718 5123 3058 5183 permaneret
3083 5116 3174 5182 qui
3203 5123 3361 5167 antea
3390 5113 3502 5167 fue-

1935 5217 2036 5268 rat,
2068 5205 2268 5257 scilicet
2297 5204 2435 5256 Deus
2466 5206 2570 5272 (est
2599 5205 2742 5257 enim
2772 5204 3136 5270 immutabilis,
3176 5212 3232 5256 et
3270 5203 3400 5256 nulli
3428 5204 3505 5256 al~

1939 5296 2187 5348 terationi
2215 5294 2460 5347 obnoxia:
2512 5295 2759 5366 naturae),
2793 5311 2914 5350 cum
2937 5295 3050 5364 jam
3077 5311 3214 5350 unus
3242 5294 3505 5362 intelliga-

1937 5400 2021 5442 tur
2050 5404 2168 5443 esse
2198 5405 2315 5443 cum
2342 5391 2559 5458 propria
2586 5406 2766 5454 carne,
2793 5392 2986 5448 dicitur
3012 5396 3078 5449 de
3100 5397 3239 5451 coelo
3267 5399 3478 5463 venisse

1938 5478 2004 5532 Et
2023 5481 2326 5533 nominatur
2350 5482 2511 5534 etiam
2541 5483 2702 5536 homo
2730 5482 2798 5537 de
2817 5484 2974 5548 cmlo,
3001 5500 3121 5538 cum
3150 5487 3223 5540 sit
3239 5485 3506 5555 perfectus

1936 5570 1988 5622 in
2010 5570 2230 5635 deuate,
2263 5570 2507 5638 idemque
2541 5569 2809 5641 perfectus
2838 5573 2888 5625 in
2914 5573 3244 5627 humanitate
3270 5592 3279 5623 :
3311 5573 3506 5627 intelli-

1932 5671 2179 5729 giturque
2209 5675 2311 5713 una
2341 5675 2460 5714 esse
2491 5676 2738 5729 persona.
2776 5660 2922 5715 Unus
2951 5665 3092 5716 enim
3141 5673 3222 5717 est
3252 5664 3506 5718 Dominus

1933 5749 2088 5803 Jesus
2143 5750 2406 5817 Christus,
2457 5753 2666 5805 tametsi
2713 5759 3022 5806 naturarum
3069 5753 3355 5809 discrimen
3396 5771 3503 5808 non

1937 5842 2230 5910 ignoretur,
2253 5858 2318 5896 ex
2340 5845 2529 5911 quibus
2561 5841 2879 5899 inelfahilem
2896 5840 3039 5899 illam
3062 5843 3288 5901 dicimus
3313 5843 3504 5899 iactam
