4220 6442
801 406 937 473 1030

2111 404 2548 468 JUSTINIANI
2589 401 2744 468 IMP.

3880 410 4013 478 1040

791 532 925 588 θένου
963 530 1092 584 κατά
1129 532 1216 585 τήν
1257 525 1648 598 άνθρωπὸτητα“
1693 522 1958 594 όμοούσιον
1986 526 2059 590 τῷ
2083 524 2240 593 πατρί
2263 522 2347 573 τόν
2375 529 2420 582 Α
2453 535 2457 566 ι

2342 529 2420 582 ιΑ
2453 518 2768 572 unittonem.
2826 517 3076 572 Fatemur
3139 521 3318 587 itaque
3366 518 3631 587 Vorbum,
3680 521 4008 590 unigenitum

794 621 938 675 αὐτὸν
965 620 1095 673 κατά
1130 622 1220 676 τήν
1247 616 1488 678 θεότητα,
1529 617 1613 666 καὶ
1648 611 1914 681 όμοούσιον
1946 611 2059 681 ἡμῖν
2097 612 2228 663 κατά
2260 615 2349 667 τήν

791 709 1164 783 ἄνθρωπότητα.
1195 709 1289 760 Δύο
1313 709 1413 779 γάρ
1449 707 1644 775 φύσεων
1674 703 1850 762 ἐνωσις
1887 703 2101 773 γέγονεν·
2133 699 2240 753 ὅθεν
2265 701 2350 753 ἐνα

792 798 1022 872 Χριστὸν,
1049 798 1135 851 ἕνα
1156 798 1286 854 υἱὸν.
1310 797 1394 848 ἕνα
1417 797 1586 866 κῖιριον
1609 791 1948 864 ὁμολογοῦμεν.
1980 792 2068 846 καὶ
2090 794 2178 846 τὴν
2204 789 2351 859 ἁγίαν

791 891 1028 963 παρθένον
1055 889 1245 946 άληθῶς
1285 886 1536 944 θεοτόκον,
1565 883 1648 936 διὰ
1685 883 1741 934 τό
1778 883 1865 934 τὸν
1903 879 2021 933 Θεὸν
2053 879 2196 946 λόγον
2222 898 2352 951 σαρο-

793 980 1024 1038 meam,
1065 978 1145 1028 καί
1188 976 1598 1048 ἐνανθρωπῆσαι,
1643 973 1728 1024 καὶ
1774 970 1823 1032 ἐξ
1868 971 2025 1028 αὐτῆς
2057 967 2352 1036 συλλήψεως

792 1066 970 1119 ἕνῶσαι
1026 1066 1163 1132 αὐτῷ
1215 1064 1301 1119 τὸν
1347 1065 1395 1125 ἐξ
1453 1065 1610 1120 αὐτῆς
1657 1062 1889 1131 ληφθέντα
1946 1059 2082 1113 ναόν.
2137 1063 2260 1120 Καὶ,
2309 1060 2352 1111 εέ

792 1153 959 1217 δοκεῖ,
1012 1151 1261 1221 δεξώμεθα
1312 1155 1379 1210 εἰς
1430 1149 1752 1224 παράδειγμα
1795 1155 1882 1208 τήν
1929 1149 2035 1203 καθ’
2084 1151 2218 1219 ἡμᾶς
2261 1151 2352 1201 αύ-

790 1246 910 1304 τούς
943 1244 1204 1302 σύνθεσιν,
1246 1241 1350 1294 καθ’
1394 1243 1450 1298 ἦν
1495 1243 1647 1309 ἐσμεν
1690 1238 1960 1315 ἄνθρωποι.
2008 1241 2352 1307 Συντεθείμεθα

788 1333 887 1405 ’γάρ
948 1335 1002 1386 ἐκ
1060 1332 1238 1402 ψυχῆς
1309 1335 1393 1385 καί
1455 1335 1696 1402 σώματος
1720 1371 1734 1391 ,
1787 1334 1869 1384 καί
1933 1331 2123 1402 ὁρῶμεν
2181 1333 2352 1402 φύσεις

793 1420 911 1481 δύο,
957 1421 1131 1489 ἐτέραν
1179 1425 1269 1491 μὲν
1294 1428 1386 1475 τοῦ
1431 1429 1693 1488 σώματος,
1726 1420 1898 1493 ἐτέραν
1939 1417 1990 1472 δέ
2033 1427 2123 1478 τῆς
2152 1420 2350 1490 ψυχῆς.

801 1509 910 1563 Δλλ’
949 1505 1020 1569 εἷς
1064 1510 1112 1572 ἐξ
1164 1513 1343 1580 ἀμφοῖν
1388 1510 1497 1562 καθχ
1539 1510 1713 1562 ἕνωσιν
1759 1508 2053 1582 ἄνθρωπος,
2098 1513 2184 1562 καὶ
2228 1511 2351 1578 οὐχὶ

796 1600 851 1650 τὸ
894 1596 1083 1651 ἐκδύο
1131 1599 1326 1670 φύσεων
1379 1600 1750 1660 συντεθεῐσεαι,
1801 1595 1892 1651 δύο
1935 1600 2223 1668 ἀνθρώπους
2267 1601 2352 1651 τόν

788 1688 874 1740 ἕνα
908 1690 1133 1744 νοεῖσθαι
1165 1690 1562 1764 παρασκευάζει.
1590 1685 1706 1738 Ἀλλ’
1727 1688 1813 1739 ἕνα
1833 1689 1918 1738 τὸν
1940 1684 2198 1756 ἄνθρωπον
2225 1688 2353 1738 κατά

790 1781 1037 1843 σύνθεσιν,
1068 1781 1135 1838 ὡς
1174 1778 1316 1848 ἔφην,
1344 1778 1430 1832 τόν
1458 1778 1510 1829 ἐκ
1540 1775 1718 1846 ψυχῆς
1741 1779 1819 1828 καὶ
1844 1778 2099 1843 σώματδς.
2122 1777 2228 1826 Ἐάν
2253 1776 2350 1846 γάρ

2451 607 2545 661 Dei
2565 606 2777 673 Filium,
2812 607 2975 662 Deum
3003 622 3122 662 esse
3147 607 3460 676 perfectum,
3488 615 3544 662 et
3568 609 3863 678 perfectum
3908 612 4008 668 ho—

2449 699 2646 752 minem
2675 711 2900 766 corpore
2915 704 2969 750 et
2989 697 3166 751 anima
3188 697 3397 750 ratione
3417 696 3634 766 praedita
3654 706 4007 766 constantem;

2448 789 2592 855 quod
2638 790 2705 843 ad
2751 789 3001 844 deitatem
3029 790 3236 854 attinet,
3266 804 3333 844 ex
3372 788 3529 844 Patre
3557 800 3741 845 natum
3772 802 3899 848 ante
3924 808 4014 849 εω-

2449 881 2592 947 cula,
2611 881 2854 934 eumdem
2883 889 3061 934 autem
3085 881 3286 934 ultimis
3313 882 3654 950 temporibus
3665 891 3888 952 propter
3914 899 4012 937 nos

2449 981 2505 1025 et
2524 978 2745 1040 propter
2768 980 3004 1025 nostram
3039 972 3264 1026 salutem
3294 986 3360 1026 ex
3392 971 3555 1026 Maria
3589 972 3807 1038 Virgine
3831 987 4015 1027 secun-

2450 1058 2575 1113 dum
2620 1061 3004 1115 humanitatem
3037 1078 3050 1113 :
3099 1060 3606 1116 consubstantialem
3646 1059 3790 1115 Patri
3821 1077 4010 1116 secun-

2449 1148 2572 1201 dum
2593 1146 2941 1214 divinitatem,
2956 1156 3011 1202 et
3029 1149 3534 1204 consubstantialem
3551 1150 3703 1205 nobis
3721 1151 4008 1206 secundum

2450 1236 2855 1291 humanitatem.
2903 1237 3136 1292 Duarum
3189 1236 3330 1291 enim
3385 1247 3695 1293 naturarum
3738 1239 3878 1294 iacta
3935 1252 4014 1296 est

2449 1327 2593 1379 unio.
2625 1325 2751 1379 inde
2780 1333 2881 1390 est,
2909 1327 3052 1394 quod
3074 1339 3235 1380 unum
3264 1326 3560 1391 Christum,
3585 1343 3749 1381 unum
3799 1328 4010 1390 Filium,

2449 1433 2610 1471 unum
2657 1418 2935 1472 Dominum
2983 1417 3319 1485 confitemur,
3371 1425 3532 1485 atque
3576 1420 3737 1472 etiam
3773 1429 4012 1473 sanctam

2449 1504 2717 1570 Virginem
2754 1521 2879 1559 vere
2905 1507 3064 1562 fuisse
3085 1507 3384 1575 Deiparam,
3411 1507 3530 1560 ideo
3560 1509 3703 1574 quod
3721 1509 3864 1562 Deus
3895 1509 4012 1564 Ver-

2448 1591 2570 1646 bum
2593 1609 2804 1648 carnem
2825 1595 2996 1648 induit
3020 1603 3076 1649 et
3103 1597 3264 1649 homo
3292 1596 3467 1650 factus
3496 1605 3597 1661 est,
3629 1605 3789 1664 atque
3817 1599 3872 1651 in
3901 1599 4011 1666 ipsa

2447 1683 2795 1750 conceptione
2822 1683 2923 1738 sibi
2953 1683 3120 1737 univit
3142 1684 3422 1752 templum,
3448 1683 3594 1750 quod
3623 1700 3691 1738 ex
3723 1686 3837 1753 ipsa
3865 1700 4013 1739 assu-

2448 1772 2642 1824 mebat.
2674 1771 2731 1826 Si
2769 1772 2960 1840 placet,
2993 1773 3222 1840 exempli
3271 1774 3391 1827 loco
3420 1772 3743 1841 accipiamus
3769 1784 4009 1830 nostrum

786 1865 1028 1927 ἀνέλωμεν
1071 1869 1143 1927 τὸ,
1173 1864 1251 1920 ὅτι
1277 1867 1328 1917 ἐκ
1371 1863 1461 1920 δύο
1500 1869 1586 1918 καὶ
1612 1863 1853 1939 διαφόρων
1893 1865 2086 1933 φύσεων
2120 1861 2146 1916 6
2175 1859 2243 1921 εἷς
2270 1865 2353 1917 καὶ
2382 1865 2426 1924 Β

2341 1865 2353 1916 ἱ
2382 1865 2426 1924 Β
2453 1857 2684 1926 ipsorum
2716 1863 3180 1930 compositiopem,
3211 1871 3471 1932 quatenus
3513 1864 3762 1918 homines
3808 1881 4007 1921 sumus.

787 1953 934 2022 μόνος
975 1957 1082 2009 ἐστὶ
1107 1959 1342 2027 Χριστὸς,
1388 1956 1742 2016 ἀδιάσπαστος
1769 1957 1834 2010 ὢν
1875 1959 1999 2022 μετά
2037 1960 2125 2013 τήν
2151 1958 2343 2022 ἕνωσιν,

786 2048 986 2117 ἐροῦσιν
1007 2045 1130 2101 οἶδε’
1150 2050 1374 2108 ἐναντίας
1390 2067 1400 2079 ·
1427 2078 1494 2088 -
1513 2051 1569 2103 Εἰ
1583 2052 1675 2119 μία
1696 2048 1838 2122 φύσις
1862 2051 1920 2102 τὸ
1941 2047 2068 2113 ὅλον,
2085 2057 2192 2109 πῶς
2213 2051 2348 2106 ἐνην-

786 2135 1047 2206 ορώπησεν
1067 2177 1081 2200 ,
1111 2136 1142 2195 ἢ
1174 2143 1324 2191 ποίσν
1369 2137 1501 2192 ἰδίαν
1529 2141 1803 2196 ἐποιήσατο
1831 2141 2030 2210 σάρκας
2056 2164 2118 2177 --
2143 2141 2271 2198 Τοὺς
2294 2137 2347 2192 δέ

785 2224 1032 2296 λέγοντας,
1060 2225 1140 2281 ὅτι
1175 2235 1376 2300 κρᾶσις,
1400 2227 1429 2286 ἢ
1458 2231 1741 2298 σύγχυσις,
1767 2229 1796 2285 ἢ
1821 2230 2012 2299 φυρμὸς
2041 2229 2233 2299 ἐγένετο
2257 2235 2348 2284 τοῦ

785 2323 914 2368 Θεοῦ
950 2317 1093 2385 λόγου
1131 2319 1259 2389 πρὸς
1279 2322 1366 2374 τήν
1400 2321 1581 2389 σάρκα,
1609 2319 1963 2379 καταξιωσάτω
1989 2338 2085 2370 σου
2109 2319 2140 2374 ἡ
2175 2319 2346 2370 θεισέ-

788 2405 900 2457 ϐεια
944 2403 1204 2480 προδήλως
1247 2408 1604 2476 ἐπιστομίζειν.
1637 2425 1656 2457 ι
1689 2409 1821 2459 Μετὰ
1847 2404 1900 2460 δέ
1929 2412 2086 2460 ταῦτα
2115 2407 2346 2482 ιυρίλλου

783 2498 1190 2558 τελευτήσαντος,
1214 2499 1472 2568 ἐπιφύεται
1493 2498 1726 2568 μοναχὸς
1745 2519 1822 2558 τις
1841 2501 1924 2551 καὶ
1945 2497 2346 2571 ἀρχιμανδρίτης

783 2589 1025 2654 Εὑτυχής
1046 2589 1423 2656 ὀνομαζόμενος.
1446 2591 1533 2640 καὶ
1555 2590 1768 2658 ἀποσπᾷ
1795 2590 2000 2642 κατόπιν
2018 2590 2172 2641 αὐτοῦ
2195 2591 2347 2661 μέρος

783 2679 873 2730 οὐκ
899 2678 1056 2744 ὀλίγον
1091 2683 1180 2730 τοῦ
1221 2678 1364 2740 λαοῦ,
1397 2684 1556 2752 κυρῶν
1594 2680 1660 2732 τά
1700 2682 1968 2752 Νεστορίου
1996 2681 2077 2731 καί
2110 2679 2167 2732 τό
2195 2681 2347 2733 αὐτοῦ

783 2769 997 2837 πονηρόν
1029 2766 1221 2837 δόγμα,
1266 2769 1464 2837 φάσκων
1501 2771 1568 2837 μή
1597 2764 1719 2820 εἶναι
1745 2772 1833 2824 τήν
1872 2770 2032 2841 σάρκα
2054 2773 2145 2820 τοῦ
2171 2772 2343 2840 κυρίου

784 2859 900 2926 ἡμῖν
936 2856 1220 2926 όμοούσιον.
1254 2860 1337 2910 uti
1375 2855 1433 2914 δὴ
1464 2858 1610 2911 πάλιν
1637 2856 1744 2927 μετ’
1775 2857 1934 2927 ὀλίγον
1961 2856 2240 2918 διαϐολικῆς
2263 2861 2346 2912 ἐσ-

787 2950 1030 3015 χυσάσης
1079 2949 1293 3020 χειρὸς,
1342 2949 1488 3021 ἐςέρα
1527 2945 1734 3007 σύνοδος
1775 2950 1824 3001 ἐν
1873 2948 2056 3018 Ἐφέσῳ
2105 2950 2348 3021 λῃστρική

786 3041 865 3090 καὶ
885 3041 985 3108 οὐχ
1011 3038 1131 3092 ὁσία
1149 3041 1357 3108 γίνεται,
1382 3039 1820 3115 παραπεμφθέντος
1846 3040 2004 3093 ἐκεῖσε
2024 3042 2105 3093 καί
2141 3041 2346 3096 δλαυια-

2448 1945 2770 2004 Constamus
2788 1950 3040 2005 nimirum
3090 1950 3268 2005 anima
3310 1959 3365 2006 et
3389 1967 3641 2020 corpore.
3671 1953 3750 2008 Ac
3773 1955 4011 2011 videmus

2446 2036 2577 2091 duas
2598 2047 2834 2107 naturas,
2858 2040 3016 2094 aliam
3035 2043 3294 2110 corporis,
3317 2042 3473 2096 aliam
3493 2044 3715 2110 animm;
3739 2045 4011 2102 hominem

2446 2141 2595 2192 vero,
2641 2141 2707 2181 ex
2752 2130 3030 2199 utriusque
3077 2132 3318 2187 unitione
3366 2133 3530 2202 facta,
3578 2150 3790 2189 unum:
3841 2153 4011 2207 neque

2445 2220 2770 2290 compositio
2799 2235 2866 2274 ex
2892 2221 3098 2277 duabus
3127 2224 3331 2278 naturis
3357 2223 3541 2292 efllcit,
3576 2235 3636 2281 ut
3660 2242 3757 2296 pro
3786 2245 3898 2284 uno
3923 2230 4011 2285 ho-

2446 2308 2616 2362 mines
2659 2309 2794 2364 duos
2818 2312 3142 2380 cogitemus;
3171 2312 3265 2368 sed
3290 2328 3453 2368 unum
3494 2313 3576 2386 (ut
3598 2315 3730 2387 dixi)
3761 2317 4010 2386 intelligi-

2445 2414 2564 2454 mus
2588 2399 2858 2455 hominem
2883 2415 2952 2456 ex
2991 2402 3169 2458 anima
3197 2412 3254 2459 et
3290 2419 3518 2474 corpore
3541 2409 3923 2476 compositum.
3953 2408 4010 2464 Si

2449 2489 2588 2544 enim
2619 2489 2723 2544 hoc
2750 2491 3022 2559 tollamus,
3049 2507 3120 2548 ex
3144 2493 3351 2549 duabus
3370 2503 3427 2549 et
3449 2495 3821 2552 diderentibus
3849 2509 4008 2553 natu-

2444 2579 2518 2633 ris
2540 2594 2698 2632 unum
2717 2587 2773 2633 et
2794 2580 3110 2636 indivulsum
3132 2582 3401 2638 Christum
3421 2585 3490 2639 ab
3503 2585 3742 2641 unitione
3753 2587 4007 2652 existere,

2443 2668 2622 2723 dicent
2664 2669 2952 2724 adversarii
2980 2689 2993 2723 :
3024 2671 3082 2726 Si
3113 2687 3218 2727 una
3245 2681 3437 2729 natura
3480 2677 3644 2730 totius
3679 2675 3879 2730 Christi
3908 2687 4007 2741 est,

2443 2759 2710 2826 quomodo
2753 2763 2926 2829 potuit
2973 2762 3260 2818 humanam
3313 2773 3558 2821 naturam
3608 2766 3865 2834 induere,
3920 2777 4010 2822 aut

2442 2871 2600 2925 quam
2621 2872 2836 2913 carnem
2860 2860 2959 2914 sibi
2983 2862 3251 2931 propriam
3267 2863 3565 2919 asciscere?
3586 2863 3695 2919 Eos
3709 2874 3890 2920 autem
3920 2868 4010 2934 qui

2442 2946 2623 3001 dicunt
2657 2952 3224 3018 contemperationem,
3257 2951 3621 3008 confusionem
3649 2963 3744 3009 aut
3787 2957 4010 3011 mixtio-

2445 3051 2567 3091 nem
2587 3045 2897 3094 naturarum
2921 3040 3082 3096 Verbi
3103 3042 3194 3097 Dei
3216 3058 3335 3098 cum
3347 3059 3510 3099 carne
3521 3044 3734 3111 factam,
3754 3048 3938 3116 palam
3949 3049 4008 3104 iis

781 3136 868 3182 νοῦ
907 3130 1484 3194 κωνσταντινουπόλεως,
1514 3135 1603 3188 τήν
1630 3135 1803 3184 πᾶσαν
1825 3132 2050 3193 ἐξουσίαν
2077 3133 2354 3206 Διοσκόρων
2446 3159 2447 3164 η

2342 3148 2354 3173 ν
2446 3143 2542 3182 ora
2571 3129 2820 3184 obturare
2848 3139 2938 3186 tua
2983 3133 3157 3203 pietas
3178 3135 3447 3202 dignetur.
3481 3155 3498 3187 ι
3533 3135 3660 3190 Post
3688 3137 3801 3192 haec
3831 3147 4008 3192 autem

783 3219 1136 3292 Ἀλεξανδρείας
1179 3218 1412 3288 ἔχοντος.
1462 3222 1558 3274 Καὶ
1597 3222 1853 3292 φονεύεται
1892 3223 1983 3290 μέν
2021 3222 2286 3282 Φλαυιανὸς
2315 3223 2340 3277 6
2370 3210 2414 3272 C
2444 3228 2449 3258 ⁴

2370 3210 2414 3272 C
2444 3215 2641 3286 Cyrillo
2669 3227 2901 3286 mortuo,
2925 3221 3140 3274 emersit
3169 3221 3464 3276 monachus
3508 3223 3723 3292 quidam
3751 3232 3811 3279 et
3835 3225 4008 3280 archi-

777 3309 911 3367 θεῖος
943 3309 1261 3380 ὑπερμαχῶν
1300 3317 1390 3368 τῆς
1430 3307 1696 3380 ὀρθοδόξου
1726 3312 1966 3371 πίστεως,
2007 3313 2340 3384 ἀνατρέπεται

779 3393 832 3450 δὲ
872 3399 902 3453 ἡ
947 3397 993 3449 ἐν
1018 3395 1203 3467 Ἐφέσῳ
1243 3400 1420 3471 πρώτη
1462 3397 1699 3464 σύνοδος,
1731 3399 2132 3471 ύπογραψάυτων
2174 3411 2340 3472 φονικῇ

893 3492 1039 3539 τινῶν
1067 3485 1370 3550 ἐπισκόπων,
1399 3487 1451 3549 ἐξ
1479 3483 1546 3538 ὧν
1588 3490 1795 3560 ὑπῆρχε
1828 3488 2078 3546 Βασίλειος
2112 3486 2138 3541 ό
2174 3489 2340 3542 Σελευ-

780 3577 932 3634 κείας.
975 3577 1238 3630 κάντεῦθεν
1273 3583 1371 3630 τῶν
1413 3581 1505 3630 τοῦ
1540 3580 1806 3652 Νεστορὼυ
1849 3580 1935 3630 καὶ
1971 3577 2234 3652 Διοσκόρου
2259 3582 2341 3632 καί

777 3666 1042 3733 Εύτυχοῦς
1082 3663 1500 3735 δημωιευομέννν
1544 3673 1765 3739 πονηρῶν
1794 3664 2071 3736 δογμάτων,
2101 3670 2180 3720 καί
2216 3668 2340 3721 πολ-

778 3755 864 3814 λῆς
897 3765 1136 3827 ταραχῆς
1157 3741 1434 3825 γενομένης,
1465 3756 1684 3824 μάλιστα
1719 3757 1766 3808 ἐν
1794 3763 1856 3828 τῇ
1883 3759 2113 3829 ἀνατολῇ,
2145 3760 2342 3830 φονεύε-

777 3865 859 3897 τοι
884 3848 1142 3919 Προτέριος
1178 3844 1202 3898 ό
1230 3846 1387 3915 μέγας
1418 3846 1594 3920 ἱερεύς,
1626 3849 1710 3900 καὶ
1751 3846 1912 3920 ἕτεροι
1943 3847 2196 3902 πλεῖστοι.
2216 3853 2342 3902 Τού-

777 3957 876 3990 των
904 3932 987 3990 οὖν
1031 3938 1193 3996 οὕτως
1234 3935 1454 4006 ἐχόντων
1515 3939 1776 3992 ἀνίσταται
1814 3939 1969 3993 θεόθεν
2005 3943 2275 4011 Μαρκιανὸς
2313 3943 2338 3997 6

777 4030 1035 4093 Βασιλεύς,
1065 4033 1148 4081 καὶ
1187 4034 1484 4098 συναγαγὼν
1516 4030 1565 4081 ἐν
1606 4029 1874 4086 Χαλκηδόνι
1899 4036 1987 4089 τήν
2007 4039 2104 4086 τῶν
2131 4034 2212 4102 χλ’
2240 4054 2342 4088 πα·

776 4123 933 4188 τέρων
962 4121 1187 4181 σύνοδον,
1222 4123 1479 4191 παρόντων
1513 4127 1778 4197 Διοσκόρω
1813 4129 1897 4179 καὶ
1927 4129 2221 4196 Εὐτυχοῦς,
2255 4133 2342 4183 καὶ

775 4211 925 4268 αὐτὸς
965 4213 1228 4284 ἐπορεύθη.
1268 4217 1365 4267 Καὶ
1389 4212 1806 4278 καταδικάζονται
1848 4220 1938 4285 μὲν
1972 4219 2237 4292 Διόσκοροι·
2258 4224 2340 4273 καὶ

777 4301 1034 4370 Εύτυχὴς.
1065 4307 1146 4355 xxi
1175 4306 1436 4377 Νεστόριος
1462 4307 1611 4359 πάλιν
1643 4309 2071 4378 άναθεματίζεται.
2097 4310 2340 4385 Θεοδώρι-

773 4409 858 4441 τον
887 4389 959 4453 δὲ,
987 4394 1066 4443 καὶ
1107 4391 1256 4452 Ἰϐάν,
1288 4396 1367 4444 καί
1392 4395 1640 4448 Βασίλειον
1664 4397 1942 4455 Σελευκείας
1967 4395 2192 4460 ἐδέξαντο
2221 4401 2340 4451 καθα

775 4480 1202 4551 υπογράύαντας,
1252 4484 1334 4533 καὶ
1373 4489 1461 4542 τῆς
1489 4483 1758 4555 λῃστρικῆς
1787 4485 2002 4539 συνόδου
2037 4487 2339 4558 ἀνατραπεὶ-

775 4585 871 4626 σης
899 4569 981 4618 καὶ
1019 4569 1509 4639 άναθεματιοθεὶσης,
1560 4575 1630 4630 εἰς
1673 4576 1789 4640 μίαν
1828 4578 2115 4645 συμφωνίαν
2155 4575 2339 4647 ἤγαγον

775 4657 968 4713 πάντας
1001 4657 1045 4708 οἱ
1073 4659 1196 4709 θεῖοι
1234 4662 1462 4734 πατέρες.
1489 4663 1687 4712 Τούτων
1708 4659 1760 4714 δέ
1781 4670 1879 4716 τῶν
1905 4665 2168 4736 τεσσάρων
2193 4665 2339 4718 συνό-

776 4741 875 4794 δων
912 4744 1045 4796 οὕτω
1078 4746 1344 4814 γενομένων
1385 4751 1472 4800 καί
1508 4748 1975 4809 ἐπιϐεϐαιωθεισῶν,
2003 4755 2084 4804 καὶ
2124 4771 2338 4824 κρατου-

777 4840 878 4884 σῶν
901 4834 946 4884 ἐν
961 4842 1023 4906 τῇ
1048 4843 1138 4887 τοῦ
1165 4844 1290 4888 Θεοῦ
1317 4837 1567 4911 ἐκκλησίᾳ,
1600 4841 1644 4892 οἰ
1663 4841 1725 4893 τά
1750 4846 2017 4913 Νεστορίου
2047 4849 2338 4914 φρονοῦντες

777 4921 1098 4977 ἐσπούδασαν
1141 4920 1282 4984 αὖθις
1315 4933 1404 4983 τήν
1448 4929 1640 5002 αἵρεσιν
1682 4933 1842 4985 αὐτῶν
1871 4939 2111 5004 κρατῦναι
2140 4933 2223 4988 διά
2251 4943 2341 4994 τῆς

777 5009 1037 5080 Θεοδώρου
1069 5019 1158 5068 τοῦ
1189 5012 1537 5082 Μοψουεστίας
1557 5020 1802 5092 ἀφορμῆς.
1828 5023 1992 5087 πολλῷ
2023 5024 2229 5095 χείρονα
2249 5031 2341 5078 τοῦ

780 5101 999 5156 μαθητοῦ
1029 5104 1187 5156 αὖτοῦ
1209 5111 1477 5180 Νιστορίου
1509 5110 1981 5178 βλασφημήσαντος.
2011 5112 2152 5167 Ὀὶεν
2178 5120 2342 5170 τοίνυν

782 5195 862 5240 καὶ
905 5192 1045 5255 ἡμεῖς
1083 5195 1460 5254 ἀκολουθοῦντες
1504 5208 1606 5258 τοῖς
1654 5203 1909 5277 ἡμετέροις
1953 5206 2210 5277 πατράσι,
2258 5211 2342 5260 καὶ

778 5280 1068 5351 ..ϐουλόμενοι
1093 5290 1182 5341 τὴν
1210 5287 1354 5356 ὀρθὴν
1394 5292 1566 5342 πίστιν
1603 5291 1860 5348 άλὼϐητον
1899 5293 2337 5364 διαφυλάττεσθαι,

780 5373 1125 5444 προτρέπομεν
1153 5378 1230 5426 καὶ
1257 5377 1436 5428 τούτου
1465 5380 1556 5436 τὰς
1579 5379 1902 5451 βλασφημίας
1928 5380 2337 5445 διεξετάσαντας,

777 5456 887 5510 κατ’
913 5461 1070 5512 αὑτοῦ
1097 5463 1183 5513 καέ
1203 5468 1302 5526 τῶν
1332 5461 1614 5536 όμοφρόνων
1637 5469 1795 5522 αὐτοῦ
1825 5471 2187 5540 ἀποφήνασθαι.
2214 5475 2340 5542 Πρός

776 5549 872 5618 γάρ
923 5556 1030 5608 ταῖς
1069 5545 1242 5612 ἄλλαις
1301 5554 1653 5626 ἀναριθμήτοις
1707 5563 1863 5614 αὑτοῦ
1917 5559 2220 5633 δυσφωμίαίς
2266 5567 2338 5624 εἰς

777 5639 986 5707 Χριστόν
1039 5641 1122 5691 τὸν
1179 5641 1298 5715 Θεὸν
1337 5645 1474 5713 ἡμῶν
1511 5650 1791 5717 γενομέναις
1817 5690 1829 5709 ,
1886 5646 2031 5703 ἄλλον
2087 5649 2211 5705 εἶναι
2249 5655 2338 5706 τόν

779 5729 901 5779 Θεὸν
935 5727 1078 5799 λόγον
1116 5733 1195 5783 καὶ
1219 5728 1360 5785 ἄλλον
1399 5736 1485 5788 τόν
1528 5740 1743 5809 Χριστὸν
1769 5741 1868 5793 ἀπὸ
1906 5748 2004 5794 τῶν
2041 5749 2132 5802 τῆς
2156 5743 2335 5812 ψυχῆς

782 5820 969 5882 παθῶν,
1000 5823 1203 5874 καὶτῶν
1231 5830 1319 5882 τῆς
1344 5826 1529 5895 σαρκὸς
1561 5829 1828 5900 ἐπιθυμιῶν
1855 5833 2223 5900 ἐνοχλούμενον,
2250 5838 2333 5888 καὶ

2441 3309 2706 3363 mandrita
2731 3311 2946 3365 nomine
2967 3311 3252 3382 Eutyches.
3287 3312 3385 3369 Hic
3412 3331 3520 3369 non
3543 3315 3790 3382 exiguam
3829 3318 4010 3386 populi

2439 3409 2650 3468 partem
2671 3401 2772 3454 sibi
2799 3401 3058 3468 adjunxit,
3089 3401 3315 3457 Nestorii
3342 3412 3543 3460 sectam
3573 3416 3629 3458 et
3657 3405 3878 3474 impium
3900 3405 4014 3474 ejus

2441 3489 2631 3559 dogma
2677 3491 2998 3560 approbans,
3047 3507 3112 3548 ac
3157 3492 3339 3548 dicens
3388 3509 3605 3549 carnem
3645 3495 3857 3551 Domini
3906 3513 4015 3552 non

2441 3593 2562 3632 esse
2599 3581 3103 3635 consubstantialem
3131 3582 3306 3664 nobis.
3339 3582 3404 3638 Et
3429 3599 3638 3639 rursum
3665 3585 3883 3654 quidem
3907 3601 4014 3640 non

2439 3670 2608 3724 multo
2638 3677 2758 3738 post
2785 3671 3046 3726 diabolica
3075 3687 3236 3726 manu
3265 3675 3611 3742 praevalente,
3640 3675 3784 3730 aliud
3815 3675 4015 3746 Ephesi

2440 3762 2727 3816 concilium
2747 3762 3036 3830 latronum,
3064 3771 3119 3818 et
3142 3779 3479 3834 nequaquam
3507 3775 3747 3820 sanctum
3777 3769 4010 3835 cogitur:

2439 3851 2605 3904 misso
2657 3850 2723 3903 ad
2773 3850 2824 3903 id
2865 3851 3032 3904 etiam
3080 3851 3336 3904 Flaviano
3383 3852 4012 3924 Constantinopolitano,

2441 3954 2564 3993 cum
2593 3954 2757 4008 penes
2784 3938 3096 3995 Dioscorum
3125 3940 3500 3997 Alexandrinae
3543 3945 3853 4014 episcopum
3877 3960 4013 3999 suni-

2440 4043 2526 4081 ma
2548 4043 2730 4082 rerum
2757 4029 2831 4083 ibi
2854 4037 3018 4085 esset.
3049 4030 3266 4085 Divinus
3302 4039 3484 4086 autem
3513 4031 3797 4088 Flavianus
3825 4034 4016 4090 defen-

2440 4127 2574 4181 dens
2594 4127 2949 4182 orthodoxam
2972 4128 3150 4194 fidem,
3178 4129 3440 4184 occiditur
3466 4148 3480 4183 :
3510 4131 3678 4200 priori
3692 4147 3824 4187 vero
3847 4131 4016 4202 Ephe-

2441 4217 2570 4270 sinae
2605 4217 2814 4287 synodo
2858 4218 3155 4272 auctoritas
3199 4219 3510 4286 abrogatur,
3555 4221 4017 4277 subscribentibus

2441 4305 2752 4375 quibusdam
2776 4307 3042 4375 episcopis
3069 4308 3252 4362 lethali
3271 4310 3339 4363 -vi
3368 4311 3674 4379 compulsis,
3700 4312 3844 4366 inter
3881 4328 4016 4382 quos

2442 4393 2714 4448 fuitetiam
2742 4395 2968 4450 Basilius
2987 4395 3246 4450 Seleuciae
3269 4399 3572 4467 episcopus.
3605 4399 3739 4454 Hinc
3759 4416 3885 4454 cum
3917 4418 4017 4470 pu-

2441 4483 2580 4537 blice
2606 4482 2928 4538 docerentur
2966 4483 3217 4549 Nestorii,
3267 4485 3506 4540 Dioscori
3535 4497 3590 4541 et
3617 4486 3875 4556 Eutyebis
3907 4504 4019 4559 per-

2368 4565 2416 4623 D
2445 4582 2644 4636 niciosa
2703 4580 2972 4649 dogmata,
3031 4583 3312 4650 magnique
3353 4585 3647 4652 prmsertim
3702 4586 3756 4637 in
3797 4585 4020 4640 Oriente

2445 4671 2738 4724 existerent
2785 4670 3057 4735 tumultus,
3089 4672 3250 4725 occisi
3297 4682 3420 4727 sunt
3452 4671 3723 4726 Proterius
3761 4676 4023 4730 sacerdos

2444 4771 2685 4824 magnus,
2715 4766 2771 4811 et
2816 4759 2906 4811 alii
2935 4759 3164 4827 plurimi.
3193 4759 3267 4812 Eo
3312 4775 3490 4814 rerum
3535 4770 3676 4815 statu
3710 4762 4021 4818 Marcianus

2445 4848 2695 4902 divinitus
2716 4859 2934 4903 creatur
2954 4851 3246 4918 imperator
3278 4869 3289 4904 :
3336 4853 3427 4921 qui
3456 4862 3644 4906 coacto
3666 4852 4021 4909 Chalcedone

2445 4947 2823 4993 sexcentarum
2870 4941 3085 5006 triginta
3116 4939 3331 4994 Patrum
3360 4944 3608 5004 concilio,
3655 4947 4022 5010 praesentibus

2447 5027 2706 5082 Dioscoro
2735 5037 2789 5080 et
2827 5027 3086 5098 Eutyche,
3119 5030 3170 5082 in
3203 5045 3268 5084 eo
3297 5045 3397 5084 una
3418 5045 3542 5085 cum
3572 5031 3700 5100 ipsis
3729 5033 3978 5088 interfuit
4003 5054 4016 5086 :

2442 5117 2619 5183 ibique
2646 5115 2962 5170 damnantur
2981 5115 3197 5184 quidem
3237 5118 3519 5173 Dioscorus
3557 5128 3612 5173 et
3641 5119 3936 5191 Eutycbes,
3964 5132 4017 5174 et

2441 5207 2630 5259 iterum
2661 5206 2936 5261 Nestorius
2956 5208 3435 5262 anathematizatur
3466 5227 3478 5260 :
3518 5210 3896 5266 Theodoretus
3925 5228 4017 5265 au—

2441 5303 2567 5359 tem,
2597 5295 2714 5350 lbas
2734 5306 2790 5349 et
2813 5297 3034 5363 Basilius
3057 5297 3315 5353 Seleucia:
3341 5293 3622 5370 episcopus
3641 5303 3844 5371 recepti
3868 5313 4015 5366 sunt,

2441 5400 2560 5439 cum
2591 5397 2767 5440 tamen
2798 5389 2961 5457 priori
2987 5388 3120 5460 [lege
3147 5390 3309 5459 prius,
3342 5399 3398 5443 ut
3421 5391 3595 5462 infra]
3624 5393 3861 5448 concilio
3882 5394 4011 5446 sub-

2443 5477 2804 5544 scripsissent.
2838 5477 2903 5531 Et
2931 5480 3003 5532 ita
3032 5480 3246 5534 abolitis
3283 5481 3612 5549 praedatoria
3638 5482 3829 5549 synodi
3881 5484 4013 5536 actis

2441 5573 2497 5617 et
2521 5563 2806 5627 damnatis,
2835 5567 3122 5621 concordia
3157 5583 3186 5620 λ
3212 5569 3414 5622 sanctis
3451 5567 3697 5630 Patribus
3729 5570 3874 5626 inter
3899 5585 4013 5626 om-

2440 5669 2535 5708 nes
2563 5655 2846 5708 conciliata
2876 5663 2975 5709 est.
3009 5656 3103 5710 His
3130 5666 3361 5725 quatuor
3388 5657 3628 5712 conciliis
3655 5659 3734 5713 sic
3773 5661 3913 5714 actis
3956 5669 4012 5714 et

2439 5744 2784 5810 confirmatis,
2808 5753 2861 5797 ct
2886 5746 3260 5801 auctoritatem
3300 5749 3355 5802 in
3383 5746 3619 5803 Ecclesia
3650 5748 3744 5803 Dei
3765 5749 4010 5807 obtinen—

2438 5834 2595 5901 tibus,
2623 5833 2847 5888 Ncstorii
2885 5848 3141 5905 sequaces
3169 5838 3344 5892 denuo
3366 5854 3514 5892 suam
3545 5839 3792 5895 haeresim
3819 5839 4003 5896 contirv
