4220 6442
277 396 414 466 1053

1035 400 1398 464 EPISTULA
1433 403 1830 465 ADVERSUS
1867 405 2342 471 THEODORUM
2385 411 2795 476 MOPSUES'IT.

3381 407 3401 471 1
3413 407 3516 478 054

303 528 414 574 εκ,
434 514 517 566 and
534 512 591 568 lit
611 512 794 577 ταύτης
815 517 966 573 αὐτοῦ
987 526 1077 578 τῆς
1101 521 1206 576 καθ’
1229 522 1508 592 ὑπερϐολήν
1532 524 1848 594 βλασφημίας
1880 529 1921 582 Α
1949 524 1969 579 (

1824 545 1848 583 ς
1880 529 1921 582 Α
1949 524 2213 580 Chris‘tum
2237 529 2405 595 ipsum
2433 533 2715 584 secundum
2735 546 2946 585 carnem
2976 535 3284 590 nominare?
3307 534 3486 596 Sancti

302 603 386 656 niv
408 601 591 654 τούτου
616 603 820 656 ἔκκλῑναι
848 602 1163 662 δυσσέϐειαν·
1196 609 1299 662 ἀλλ’
1323 605 1408 661 οὖν
1437 608 1519 664 διὰ
1546 616 1633 665 τίν
1660 614 1848 664 τούτων

296 686 565 771 ἀναίδειαν,
585 692 669 742 καί
694 687 843 752 ἄλλας
870 695 1024 748 αὐτοῦ
1043 696 1359 766 βλασφημίας
1375 700 1759 771 προαγάγωμιν,
1785 697 1850 752 δι’

296 769 361 822 ὗν
386 771 476 827 δύο
497 778 693 844 εἰσάγει
721 781 994 847 πρόσωπα.

367 864 682 932 Μεμφὸμενος
708 868 806 939 γὰρ
849 871 967 928 τοὺς
1010 871 1243 940 λέγοντας
1292 871 1367 925 ὅτι
1413 871 1438 925 ὃ
1474 877 1594 933 Θεὸς
1631 871 1792 944 λόγος,
1824 875 1850 928 ὁ

293 952 396 1019 πρὸ
435 956 642 1017 αἰώνων,
673 960 868 1025 γέγονεν
899 959 977 1010 ἐπ’
1006 959 1242 1028 ἐσχάτων
1263 959 1540 1034 ἄνθρωπος,
1567 965 1698 1017 οῦτω
1723 967 1850 1037 λέγει

293 1039 344 1090 ἐν
368 1047 440 1105 τῷ
469 1043 594 1095 κατά
616 1041 954 1118 ’Δπολιναρίου
981 1051 1202 1123 τετάρτῳ
1228 1051 1374 1120 λόγῳ·

372 1142 390 1173 ι
410 1124 472 1177 ⁸0
498 1131 597 1200 πρό
637 1132 854 1196 αἰώνων,
895 1140 1012 1203 φησί
1050 1175 1065 1196 ,
1093 1137 1283 1206 γέγονεν
1309 1137 1386 1189 ἐπ’
1411 1138 1672 1206 ἐσχάτων·
1704 1139 1850 1192 πάλιν

291 1214 361 1271 ὧς
389 1235 532 1268 τινων
557 1216 862 1283 δεδωκότων,
908 1227 990 1276 καί
1031 1231 1182 1278 τοῦτο
1217 1228 1369 1295 λέγων
1399 1227 1594 1287 οὐδενὸς
1622 1234 1639 1251 ⁶
1667 1224 1725 1281 ἀν
1753 1239 1850 1281 τῶν

289 1306 521 1358 εὐσεϐεῖν
573 1310 953 1367 ἐσπουδακότων
1001 1315 1184 1375 trima
1226 1320 1452 1386 ἑλομένου
1499 1329 1713 1377 νοσῆσαι
1762 1327 1849 1380 m'v

289 1388 480 1455 ἄνοιαν,
514 1397 641 1448 ὥστε
673 1399 757 1450 τὸν
782 1402 880 1472 πρό
914 1405 1104 1455 αἰώνων
1148 1407 1302 1457 εἰπεῖν
1337 1406 1415 1460 in”
1448 1408 1682 1476 ὶσχάτων
1705 1429 1848 1479 γεγε-

289 1482 493 1534 νῆσθαι“
511 1501 529 1532 ι
559 1488 655 1536 Καὶ
674 1489 776 1552 μεθ’
798 1489 964 1559 ἕτερα·
991 1509 1008 1540 ε
1028 1495 1209 1545 Οὐκοῦν
1221 1505 1327 1552 τοὶς
1341 1497 1598 1568 ὑμετέροις
1625 1498 1849 1563 ἑπόμενοι

287 1568 486 1634 νόμοις,
530 1577 612 1624 καί
654 1582 742 1631 τήν
771 1580 868 1629 ὑπὸ
896 1589 986 1638 τῆς
1010 1589 1103 1640 σῆς
1137 1585 1399 1653 ἀγχινοίας
1435 1588 1848 1655 νομοθετουμένην

286 1659 647 1733 ἀντιστροιξήν,
677 1667 857 1733 μᾶλλον
888 1666 940 1721 δὲ
970 1679 1313 1744 καταστροφήν
1338 1673 1617 1743 δεξάμενοι,
1647 1681 1758 1751 φέρε
1785 1678 1846 1736 δή

283 1744 456 1798 πάντα
486 1753 555 1807 εἷς
588 1755 768 1805 ταυτὸν
793 1758 1124 1828 συγχίωμεν,
1156 1764 1237 1814 καί
1268 1760 1485 1832 μηδεμία
1517 1763 1688 1820 λοιπὸν
1715 1766 1844 1820 ἔστω

1946 616 2137 682 quippe
2160 615 2341 670 Patres
2369 617 2630 672 Christum
2662 619 2821 673 Deum
2853 620 3077 674 Verbum
3105 638 3220 677 esse
3243 627 3490 679 incarna-

1948 709 2077 764 tum,
2102 712 2259 769 atque
2282 705 2547 758 hominem
2580 705 2771 759 factum
2796 709 3126 775 confitcntes,
3154 711 3199 762 si
3225 714 3488 780 quidpiam

1947 789 2013 840 de
2051 790 2166 854 ipso
2195 792 2387 844 humile
2409 797 2700 860 proferunt,
2725 803 2868 846 recte
2889 795 2937 846 id
2966 798 3250 849 secundum
3279 813 3488 853 carnem

1948 879 1995 928 ei
2039 881 2323 932 convenire
2362 882 2661 946 subjiriunt.
2695 882 2956 936 Cmterum
2987 901 3191 951 inquam
3217 887 3492 941 videbatur
3563 882 3576 918 ”·

1948 964 2210 1018 Theodori
2235 979 2648 1036 propugnatores
2669 971 2749 1022 vel
2773 972 2870 1024 hac
2889 973 3226 1038 exsuperanli
3247 973 3491 1041 blasphe-

1947 1054 2049 1104 mia
2065 1066 2361 1108 commotos
2383 1057 2448 1108 ab
2471 1057 2631 1123 ipsius
2646 1057 2913 1124 impietate
2927 1061 3179 1114 recedere
3198 1079 3211 1113 :
3234 1070 3489 1127 attamen,

1949 1151 2004 1193 nt
2051 1143 2283 1208 ipsorum
2324 1145 2593 1198 refellatur
2642 1146 2994 1214 impudentia,
3024 1151 3255 1220 reliquas
3281 1166 3492 1220 quoque

1948 1231 2060 1290 eius
2087 1229 2436 1297 hlasphemias
2465 1230 2789 1298 proferemus
2811 1235 2862 1285 in
2890 1235 3145 1300 medium,
3178 1239 3369 1304 quibus
3394 1240 3491 1292 du-

1949 1319 2134 1384 pliccm
2163 1318 2354 1370 Christi
2395 1335 2671 1386 personam
2715 1321 2930 1376 inducit.
2977 1323 3287 1376 lnsimulans
3313 1327 3491 1393 itaque

1947 1422 2038 1458 eos
2067 1407 2153 1472 qui
2186 1404 2350 1458 Deum
2373 1407 2608 1471 Verbum
2637 1419 2758 1461 ante
2785 1411 2973 1464 stecula
3008 1413 3266 1478 genitum,
3302 1415 3356 1466 in
3390 1430 3491 1467 no-

1950 1496 2160 1547 vissimo
2196 1497 2461 1549 hominem
2489 1496 2684 1550 factum
2715 1513 2831 1551 esse
2857 1499 3188 1566 profitentur,
3220 1501 3270 1554 in
3301 1511 3490 1570 quarto

1946 1593 2128 1637 contra
2170 1584 2546 1648 Apollinarium
2576 1586 2710 1640 libro
2748 1587 2861 1640 inec
2888 1587 3068 1640 scribit
3096 1607 3108 1639 :
3143 1606 3161 1638 ε
3196 1588 3309 1644 Hoc
3347 1592 3490 1659 quod

1947 1672 2053 1740 [hic
2077 1674 2164 1738 qui
2193 1672 2382 1743 Gram]
2404 1683 2525 1728 ante
2551 1675 2741 1729 saicula
2769 1685 2904 1743 erat,
2931 1677 2983 1730 in
3024 1677 3320 1733 novissimis
3362 1681 3491 1735 dicit

1947 1760 2134 1813 factum
2163 1776 2280 1815 esse
2301 1764 2648 1830 temporibus,
2679 1773 2863 1834 utpote
2887 1767 3198 1834 quibusdam
3237 1769 3338 1822 hoc
3363 1785 3489 1823 oon-

282 1830 559 1928 ξιεξκρισις,
587 1845 655 1906 pri
682 1850 805 1894 Θεοῦ
831 1856 1042 1919 μορφῆς,
1073 1855 1140 1920 pri
1163 1849 1340 1904 δούλου
1367 1830 1586 1927 μορφῆς,
1623 1861 1691 1923 μή
1723 1865 1841 1910 ναοῦ
1873 1851 1918 1908 Β
1947 1868 1948 1877 ‘

1821 1865 1841 1910 ῡ
1873 1851 1918 1908 Β
1947 1855 2228 1919 fitentibus,
2252 1871 2371 1908 cum
2393 1872 2550 1910 nemo
2570 1861 2634 1911 ex
2655 1859 2736 1911 bis
2754 1860 2842 1927 qui
2864 1860 3076 1928 pietatis
3095 1876 3273 1915 curam
3293 1864 3487 1919 habent

282 1922 565 1995 ληφθέντος,
590 1936 660 2000 μή
681 1939 771 1985 τοῦ
796 1935 1096 1998 ἐνοικοῦντος
1121 1940 1171 1992 ἐν
1194 1949 1264 2009 τῷ
1291 1950 1420 2010 ναῷ,
1453 1949 1521 2012 μή
1565 1951 1652 1996 τοῦ
1679 1945 1846 1999 λυθέν-

280 2031 399 2072 τος.
431 2021 500 2081 μή
535 2025 622 2072 τοῦ
651 2021 959 2094 ἐγείραντος,
990 2035 1057 2092 μη
1087 2036 1175 2080 τοῦ
1201 2030 1536 2096 τελειωθέντας
1566 2034 1613 2083 ἰν
1638 2033 1839 2095 πάθεσι,

279 2107 352 2168 pri
373 2110 461 2155 τοῦ
480 2107 844 2169 τελειώσαντος,
865 2119 933 2181 μη
953 2121 1042 2167 τοῦ
1063 2120 1500 2186 μνημονευθῆτος,
1525 2126 1593 2186 pri
1607 2127 1698 2174 τοῦ
1717 2143 1839 2189 μνη-

279 2195 647 2258 μονεύσαντος.
696 2205 765 2270 μή
804 2207 892 2254 τοῦ
933 2205 1321 2276 ἰπεσκεφθίντος,
1351 2215 1419 2278 μή
1454 2214 1542 2263 τοῦ
1568 2211 1838 2284 ἐπισκεψα-

277 2286 428 2351 μένον
449 2325 462 2346 ,
505 2292 575 2354 μὴ
602 2294 688 2341 τοῦ
726 2291 903 2365 βραχύ
940 2294 1065 2366 παρ’
1091 2297 1327 2367 ἀγγέλους
1357 2299 1730 2365 ἔλαπωθὲντος,
1765 2309 1835 2372 μή

276 2377 368 2421 τοῦ
395 2372 765 2436 ἐλαττώσαντος
782 2421 795 2441 ,
825 2385 895 2448 pri
921 2388 1006 2433 τοῦ
1031 2380 1146 2454 δόξῃ
1173 2387 1255 2436 καί
1278 2395 1397 2454 τιμῇ
1423 2389 1832 2457 στεφανωθέντος,

275 2463 346 2522 μή
365 2466 456 2511 τοῦ
483 2468 916 2532 στεφανώσαντος,
940 2474 1007 2535 pri
1035 2477 1118 2524 τοῦ
1144 2470 1481 2532 καταστάντος
1507 2476 1590 2527 ἐπὶ
1622 2477 1685 2529 τά
1710 2476 1833 2551 ἔργα

272 2553 375 2600 τῶν
399 2556 588 2620 χειρῶν
605 2559 694 2606 τοῦ
723 2563 868 2619 Θεοῦ,
883 2564 950 2626 μή
969 2565 1057 2613 τοῦ
1081 2565 1514 2629 καταστήσαντος,
1542 2570 1610 2635 μή
1629 2573 1720 2621 τοῦ
1745 2569 1832 2622 λα·-

273 2636 445 2699 8ἁντος
469 2644 596 2697 αὐτά
626 2646 674 2697 ἐν
705 2647 967 2723 ὑποταγῇ,
994 2657 1064 2721 pri
1090 2659 1180 2705 τοῦ
1207 2651 1380 2714 δόντος
1403 2662 1492 2714 τήν
1517 2658 1824 2730 vineta-yria.)

339 2736 418 2780 ἐκ
441 2733 633 2785 τούτων
658 2738 816 2789 τοίνυν
838 2746 938 2792 τῶν
965 2743 1161 2794 ἀσεϐῶν
1184 2741 1442 2813 Θεοδώρου
1467 2747 1721 2820 ῥημάτων,
1747 2754 1831 2803 καὶ

268 2824 361 2875 τῆς
382 2819 542 2879 οὕτως
567 2825 720 2878 αὐτοῦ
750 2838 1028 2900 προφανοῦς
1054 2832 1366 2904 βλασφημίας
1393 2819 1756 2910 ἐρυθριάσωσιν
1783 2843 1829 2894 οἰ

266 2907 664 2982 ἀντιποιοὺμενρι
701 2920 853 2970 αὐτοῦ
892 2941 944 2972 τε
971 2925 1050 2974 καὶ
1073 2931 1164 2982 τῆς·
1189 2925 1405 2985 ἀσεϐοῦς
1444 2927 1722 2990 ἐπιστολῆς.
1764 2934 1828 2985 Τὸ

264 2997 363 3066 γὰρ
385 2999 598 3059 ἀναιδῶς
624 3007 706 3056 καὶ
727 3007 965 3068 πολλάκις
990 3007 1132 3064 ἄλλον
1158 3008 1276 3067 εἶναι
1295 3020 1375 3068 τὸν
1401 3019 1523 3070 Θεὸν
1547 3017 1715 3088 λόγον,
1743 3025 1826 3075 καί

264 3080 408 3136 ἄλλον
428 3089 511 3140 τὸν
528 3095 738 3163 Χριστὸν
760 3095 914 3166 λέγειν
935 3100 1083 3152 αὐτὸν
1097 3142 1110 3163 ,
1137 3106 1215 3154 καί
1234 3106 1318 3158 τὸν
1343 3109 1429 3173 μὲν
1451 3108 1820 3179 εὐεργετοῦντα,

1945 1944 2101 1997 istum
2143 1958 2202 1998 se
2237 1945 2466 2012 patiatur
2505 1947 2746 2000 mei-bum
2773 1948 2967 2002 habere
2995 1949 3292 2012 dementiae,
3326 1961 3380 2005 ut
3403 1954 3486 2006 di-

1939 2038 2043 2093 cat,
2079 2046 2199 2083 eum
2226 2031 2314 2098 qui
2353 2040 2434 2086 est
2466 2041 2588 2087 ante
2627 2035 2827 2102 secula,
2869 2036 2919 2089 in
2960 2037 3247 2092 novissimo
3288 2038 3485 2095 factum

1937 2134 2072 2174 esse.
2110 2137 2130 2170 s
2162 2119 2228 2173 Et
2265 2130 2384 2190 post
2426 2137 2591 2190 pauca
2617 2124 2828 2178 subdit:
2865 2143 2884 2175 ε
2918 2125 3132 2180 Vestras
3161 2129 3318 2194 igitur
3340 2130 3483 2196 leges

1937 2218 2238 2275 sequentes,
2281 2219 2336 2263 et
2371 2226 2402 2263 a
2444 2219 2533 2263 tua
2559 2213 2816 2279 sapientia
2848 2215 3184 2267 constitutam
3211 2216 3480 2269 obversio-

1936 2299 2092 2365 n'em,
2145 2300 2252 2353 imo
2297 2299 2462 2366 magis
2509 2301 2902 2355 subversionem
2949 2303 3324 2371 suscipientes,
3382 2318 3479 2372 age

1933 2386 2085 2440 simul
2115 2387 2289 2440 omnia
2318 2387 2715 2454 coul‘undamus,
2739 2397 2794 2442 et
2818 2390 2957 2442 nulla
2980 2390 3087 2458 jam
3116 2392 3187 2445 sit
3212 2393 3477 2462 discrepa-

1934 2475 2025 2537 tio,
2070 2490 2167 2529 nec
2201 2475 2296 2528 Dei
2336 2475 2538 2541 format,
2585 2493 2684 2531 nec
2727 2479 2865 2532 servi
2913 2478 3111 2545 formae,
3155 2495 3253 2536 nec
3295 2483 3475 2550 templi

1929 2565 2144 2634 sumpti,
2175 2580 2274 2620 nec
2311 2566 2428 2634 ejus
2460 2567 2550 2635 qui
2592 2569 2645 2621 in
2682 2568 2879 2637 templo
2919 2569 3190 2633 habitavit,
3227 2584 3326 2624 nec
3359 2571 3473 2639 ejus

1930 2652 2018 2719 qui
2047 2653 2250 2707 solutus
2277 2663 2378 2718 est,
2412 2656 2652 2744 nesejus
2680 2658 2770 2724 qui
2797 2657 3086 2722 suscitavit,
3120 2673 3219 2713 nec
3244 2659 3358 2726 ejus
3381 2661 3471 2730 qui

1929 2739 2192 2807 perlectus
2219 2751 2300 2796 est
2327 2744 2380 2796 in
2408 2739 2766 2810 passionibtis,
2812 2760 2912 2800 nec
2949 2746 3064 2814 ejus
3099 2748 3190 2814 qui
3225 2748 3467 2816 perfecit,

1926 2847 2027 2884 nec
2065 2832 2178 2899 ejus
2215 2834 2304 2900 qui
2346 2835 2652 2888 memoriam
2697 2835 2914 2890 meritus
2952 2846 3049 2900 est,
3095 2853 3193 2893 nec
3231 2839 3345 2908 ejus
3379 2841 3470 2909 qui

1924 2935 2130 2974 memor
2151 2922 2318 2977 factus
2336 2932 2434 2987 est,
2463 2939 2562 2978 nec
2587 2925 2701 2993 ejus
2726 2926 2818 2993 qui
2836 2927 3075 2982 visitatus
3101 2937 3202 2993 est,
3235 2944 3333 2984 nec
3354 2932 3468 2998 ejus

1924 3011 2014 3076 qui
2058 3011 2308 3073 visitavit,
2351 3027 2450 3065 nec
2488 3012 2603 3080 ejus
2640 3014 2728 3083 qui
2767 3014 2924 3082 paulo
2959 3016 3130 3071 minus
3165 3019 3232 3071 ab
3269 3018 3468 3084 angelis

1924 3100 2216 3155 minoratus
2244 3109 2343 3164 est,
2369 3116 2467 3156 nec
2494 3101 2608 3170 ejus
2634 3105 2724 3171 qui
2752 3105 3050 3171 minoravit,
3094 3121 3192 3161 nec
3226 3105 3339 3174 ejus
3377 3107 3466 3174 qui

263 3173 350 3222 τὸν
369 3172 423 3226 δὲ
451 3179 881 3251 εὐεργετούμενον,
908 3191 990 3239 καί
1011 3181 1097 3242 ’τὸν
1128 3194 1217 3258 μὲν
1248 3196 1480 3247 σώσαντα
1497 3237 1508 3255 .
1534 3199 1619 3251 τὸν
1647 3196 1699 3251 δί
1722 3221 1819 3252 σω·
1850 3190 1893 3250 C
1923 3207 1929 3254 Ι

1803 3172 1819 3240 ξ
1850 3190 1893 3250 C
1923 3191 2090 3257 gloria
2133 3199 2188 3244 et
2223 3192 2427 3247 honore
2476 3203 2762 3248 coronatus
2788 3203 2897 3257 est,
2927 3210 3027 3249 nec
3057 3196 3170 3262 ejus
3197 3198 3286 3262 qui
3311 3212 3464 3251 θοι-οι

259 3262 438 3325 Θίντα,
472 3277 690 3344 φανερῶς
729 3273 949 3340 ἀρνεῖται
989 3283 1076 3335 τήν
1115 3278 1196 3332 διὰ
1222 3290 1310 3334 τοῦ
1338 3285 1552 3354 μεγάλου
1575 3296 1702 3339 Θεοῦ
1733 3293 1819 3342 καί

256 3360 489 3428 σωτῆρος
529 3359 664 3424 ἡμῶν
697 3365 850 3417 Ἰησοῦ
886 3374 1104 3432 Χριστοῦ
1140 3373 1536 3442 προσγενομένην
1566 3381 1678 3443 ἡμῖν
1711 3398 1816 3429 σω⁴

255 3444 458 3510 τηρίαν.
488 3451 544 3493 ‘0
567 3448 665 3518 γὰρ
692 3450 814 3519 παρ’
854 3449 1000 3504 ἄλλον
1027 3456 1304 3527 εὐεργεσίαν
1341 3460 1504 3512 λαϐὼν
1522 3500 1537 3523 ,
1567 3463 1673 3518 ἦτοι
1714 3487 1818 3518 σω-

255 3527 392 3590 Θες,
419 3530 620 3602 ίτέρους
655 3543 764 3595 πῶς
795 3537 1002 3593 δύναται
1038 3546 1239 3608 adiit“;
1272 3548 1330 3597 Οἱ
1366 3549 1520 3599 τοίνυν
1546 3558 1628 3602 τὸν
1655 3560 1816 3607 ταῦτα

254 3616 688 3685 βλασφημήσαντα
730 3625 1065 3692 ἐκδικοῦντες,
1120 3635 1250 3692 τίνος
1300 3632 1480 3688 οἴονται
1532 3645 1678 3705 σῶμα
1733 3645 1812 3694 καὶ

252 3705 384 3772 αἷμα
407 3710 692 3780 λαμϐάνειν,
733 3724 820 3770 τοῦ
848 3719 1242 3789 εὐεργετοῦντος
1274 3722 1304 3780 ἣ
1339 3730 1424 3776 τοῦ
1455 3727 1811 3799 εὐεργετήσαν-

251 3814 371 3860 tot;
409 3801 510 3852 ἀλλ’
541 3806 584 3856 εἰ
615 3805 705 3872 μὶν
740 3815 829 3860 τοῦ
870 3809 1279 3884 εὐεργετήσαντος
1317 3819 1442 3865 Θεοῦ
1486 3815 1662 3883 λόγου,
1704 3824 1812 3878 πῶς

1917 3281 2083 3344 navit,
2123 3296 2222 3335 nec
2255 3281 2367 3350 ejus
2395 3284 2484 3349 qui
2519 3285 2837 3339 constitutus
2857 3293 2939 3339 est
2969 3299 3130 3353 super
3154 3301 3315 3354 opera
3352 3301 3464 3340 mas

1919 3393 2080 3429 nuum
2119 3377 2234 3440 Dei,
2273 3393 2372 3432 nec
2408 3379 2522 3446 ejus
2549 3381 2638 3448 qui
2667 3382 2954 3445 constituit,
2989 3396 3087 3435 nec
3122 3383 3236 3450 ejus
3270 3386 3359 3452 qui
3396 3385 3461 3441 ad

1917 3464 2330 3520 suhlevationem
2352 3467 2461 3521 hate
2490 3469 2708 3536 accepit,
2735 3484 2833 3524 nec
2856 3469 2968 3537 ejus
2994 3471 3085 3539 qui
3114 3471 3255 3524 dedit
3281 3472 3461 3527 suble-

1914 3555 2200 3610 Vationem.
2239 3574 2258 3606 ι
2291 3555 2366 3608 Ex
2391 3557 2580 3624 quibus
2609 3558 2781 3626 impiis
2810 3557 3071 3611 Theodori
3105 3560 3296 3625 verbis,
3336 3575 3459 3628 pro.

1913 3643 2141 3711 fanoque
2173 3645 2612 3714 blasphemiarum
2643 3660 2837 3714 genere
2879 3647 3121 3701 edoctum
3150 3657 3230 3703 est
3257 3658 3316 3703 ut
3363 3665 3456 3719 pu-

1910 3734 2039 3787 dore
2108 3733 2446 3789 afficerentur
2496 3751 2682 3792 omnes
2746 3739 2836 3807 qui
2889 3739 2988 3807 ipsi
3042 3739 3319 3808 impiazque
3385 3727 3456 3796 illi

1912 3824 2147 3891 epistolae
2171 3824 2601 3880 adversabantur.
2630 3825 2862 3894 Namque
2889 3827 3077 3882 crebro
3104 3837 3160 3882 et
3184 3828 3456 3897 impuden-

248 3895 401 3944 τ.ῦτο
429 3891 652 3963 λέγουσιν
675 3903 744 3968 μή
778 3896 1129 3971 ὁμολογοῦντες
1158 3903 1315 3955 αὑτὸν
1343 3905 1657 3977 σαρκωθῆναι
1675 3945 1688 3962 .
1730 3909 1813 3960 καί

247 3980 657 4058 ἐνανθρωπῆσαις
705 3991 751 4042 εἰ
779 3987 833 4044 δί
861 3996 953 4045 τοῦ
980 3991 1400 4065 εὐεργετηθέντος.
1431 3998 1621 4065 ματαία
1647 3999 1812 4050 αὐτῶν

245 4074 278 4125 ri
300 4072 437 4134 ἐλπὶς
458 4077 914 4154 ἀνθρωπολατρείαν
936 4084 1333 4157 πρεσϐευόντων,
1358 4084 1434 4140 ὅτι
1455 4085 1808 4147 ἡσεϐοἰσθησαν

242 4164 335 4216 καὶ
360 4162 661 4237 ἐλάτρευσαν
683 4176 748 4244 τῇ
774 4172 933 4226 κτίσει
956 4175 1097 4248 παρά
1117 4177 1199 4228 τὸν
1229 4180 1489 4232 κτίσαντα.

1913 3921 1994 3966 ter
2036 3914 2173 3969 aliud
2219 3929 2338 3970 esse
2380 3914 2475 3970 Dei
2514 3915 2741 3972 Verbum
2788 3917 3049 3988 inquiens,
3092 3919 3251 3973 alium
3277 3927 3453 3975 autem

1910 3999 2206 4070 Christum;
2251 4004 2406 4058 alium
2433 4006 2524 4074 qui
2549 4006 2861 4061 beneficium
2898 4009 3147 4077 suscepit,
3179 4007 3337 4062 alium
3364 4008 3452 4078 qui

1911 4091 2162 4158 Contulit;
2193 4093 2351 4148 alium
2379 4095 2469 4163 qui
2490 4095 2676 4157 salvat,
2703 4096 2860 4150 alium
2882 4096 2970 4164 qui
2996 4097 3250 4164 salvetur,
3272 4105 3454 4165 aperte

1906 4182 2130 4236 salutem
2168 4183 2431 4238 intlciatur
2462 4194 2662 4254 partam
2699 4186 2851 4241 nobis
2879 4201 2975 4257 per
3010 4200 3253 4256 magnum
3285 4184 3452 4242 Deum

1911 4277 1964 4322 et
2001 4269 2326 4324 Salvatorem
2368 4281 2606 4328 nostrum
2644 4272 2822 4328 Jesum
2857 4273 3140 4330 Christum.
3174 4273 3453 4339 Quomodo

235 4335 387 4391 enim
433 4339 608 4396 salvos
646 4342 822 4400 facere
868 4355 1042 4416 potest
1085 4351 1334 4420 reliquos,
1368 4354 1438 4418 is,
1469 4353 1558 4421 qui
1588 4369 1690 4408 non
1716 4369 1869 4412 secus
1908 4371 1972 4410 ac
2001 4360 2175 4412 czcteri
2205 4360 2509 4416 beneficium
2539 4364 2776 4432 percepit
2801 4363 3004 4429 salutis,
3034 4335 3450 4431 atquevsalvatus

234 4427 361 4521 est?
401 4426 683 4496 Cuiusnam
729 4435 888 4502 igitur
929 4453 1124 4508 corpus
1171 4449 1224 4495 et
1259 4444 1566 4510 sanguinem
1614 4458 1822 4499 sumere
1865 4463 1921 4502 se
1961 4449 2281 4513 existimant,
2338 4450 2426 4518 qui
2470 4426 2584 4506 huic
2639 4426 3448 4521 blasphemantem'defendunt?

237 4509 438 4578 Ejusne
463 4519 551 4584 qui
581 4518 893 4577 beneficium
918 4526 1156 4590 cbntulit,
1194 4541 1259 4582 an
1299 4509 1412 4596 ejus
1453 4528 1543 4598 qui
1579 4531 1846 4600 suscepit?
1882 4531 2029 4597 Quod
2057 4534 2101 4588 si
2135 4509 2286 4588 Verbi
2315 4509 2408 4589 Dei
2433 4509 2770 4591 beneficium
2805 4537 3125 4592 conferentls
3163 4551 3353 4614 capere
3389 4546 3447 4591 se

232 4616 568 4692 sacramenta
606 4614 1004 4682 responderint,
1035 4619 1302 4685 quomodo
1342 4621 1390 4674 id
1430 4621 1629 4691 dicant,
1663 4639 1780 4678 cum
1825 4624 1993 4692 ipsum
2043 4627 2369 4681 incarnatum
2417 4637 2471 4682 et
2518 4629 2782 4684 hominem
2828 4634 3023 4685 factum
3074 4646 3193 4686 esse
3231 4633 3446 4687 minime

231 4689 756 4754 confiteanturY-Sin
785 4710 965 4758 autem
992 4704 1106 4773 ejus
1144 4708 1228 4761 cui
1268 4708 1579 4766 beneficium
1616 4689 1866 4767 collatum
1895 4724 1976 4769 est
2016 4717 2262 4780 dixerint,
2309 4719 2469 4772 stulta
2513 4728 2592 4773 est
2631 4734 2760 4786 ergo
2804 4736 2988 4775 eorum
3018 4736 3159 4791 spes,
3207 4723 3298 4792 qui
3343 4724 3441 4778 ho-

229 4787 436 4842 minem
473 4790 618 4845 cultu
653 4806 993 4867 venerantur,
1013 4804 1252 4868 quoniam
1298 4815 1581 4860 creaturam
1619 4824 1769 4877 super
1793 4808 2031 4863 Creatore
2060 4812 2398 4864 adorarerunt
2423 4810 2574 4882 (Sep.
2596 4810 2797 4880 sime).

305 4887 469 4947 Ἦμεῖς
494 4879 546 4935 δὲ
573 4882 759 4945 πάντες
793 4888 842 4940 oi
873 4898 960 4948 τῆς
987 4892 1243 4953 κιθολικῆς
1271 4897 1530 4956 ἐκκλησίας
1556 4901 1638 4952 τὸν
1664 4903 1786 4952 Θεὸν
1818 4906 1866 4960 D
1959 4899 1971 4951 Ῐ

1769 4923 1786 4952 ν
1818 4906 1866 4960 D
1959 4899 2065 4953 Nos
2094 4908 2267 4954 autem
2298 4879 2502 4966 omnes,
2526 4879 2622 4968 qui
2645 4901 2918 4976 catholicas
2946 4898 3192 4955 Ecclesia:
3232 4917 3435 4966 sumus,

227 4969 377 5038 λόγον
398 4975 728 5043 σαρκωθέντα,
753 4980 832 5032 καί
865 4979 1307 5053 ἕνανορωπήσαντα
1326 5025 1339 5047 ,
1371 4988 1455 5041 ἕνα
1482 5009 1535 5042 τε
1565 4987 1678 5043 ὄντα
1703 4998 1794 5048 τῆς

1770 5011 1794 5048 ς
1896 4985 1986 5038 Dei
2014 4985 2237 5040 Verbum
2267 4988 2595 5041 incarnatum
2642 4997 2698 5042 et
2751 4972 3016 5043 hominem
3048 4989 3242 5045 factum
3277 5009 3436 5048 unam

226 5057 383 5146 ἁγίας
413 5061 626 5134 Τριάόος
652 5066 1024 5137 ὁμολογοῦντες,
1053 5074 1208 5126 αὐτοῦ
1235 5079 1320 5129 καὶ
1345 5077 1401 5131 τὸ
1426 5090 1594 5146 σῶμα,
1626 5083 1708 5132 καὶ
1734 5082 1792 5134 τὸ

1894 5087 1957 5125 ex
1979 5083 2172 5126 sanctm
2202 5073 2472 5130 Trinitatis
2517 5077 2759 5144 personis
2799 5092 2914 5131 esse
2942 5077 3274 5143 confitentes,
3323 5095 3439 5133 cor-
3511 5074 3515 5079 ’

225 5145 361 5214 αἷμα
384 5146 636 5217 δεχόμεθα.
679 5155 750 5210 εἰς
784 5152 958 5225 ἄφεσιν
999 5159 1270 5233 ἁμαρτιῶν,
1300 5170 1379 5217 καὶ
1409 5169 1475 5225 εἰς
1503 5171 1628 5229 ζωήν
1669 5170 1792 5220 αἰώ-

1770 5196 1792 5207 -
1893 5179 1990 5230 pus
2018 5163 2130 5230 ejus
2155 5173 2209 5218 et
2233 5166 2538 5231 sanguinem
2573 5167 2826 5220 sumimus
2857 5168 2906 5220 in
2931 5169 3293 5222 remissionem
3317 5183 3436 5238 pec-

221 5256 349 5296 νιον,
391 5239 552 5296 καθώς
578 5244 661 5294 καί
704 5245 854 5303 αὐτὸς
881 5246 906 5298 ὁ
932 5249 1104 5322 κύριος
1130 5250 1258 5320 λέγει
1288 5266 1298 5277 ·
1335 5270 1353 5303 ε
1382 5251 1438 5305 ⁸0
1468 5258 1666 5326 τρώγων
1698 5275 1789 5308 μου

1768 5278 1789 5308 υ
1891 5261 2150 5315 calorum,
2193 5262 2246 5307 et
2277 5254 2324 5305 in
2355 5256 2512 5307 vitam
2542 5263 2830 5308 toti-ruam:
2872 5259 3316 5325 quemadmodum
3343 5259 3434 5312 do-

220 5329 317 5380 τήν
344 5328 527 5394 σάρκα,
556 5334 635 5384 καὶ
659 5335 816 5386 πίνων
857 5357 954 5404 μου
987 5338 1044 5392 τὸ
1087 5336 1232 5409 αἷμα,
1262 5340 1382 5412 ἔχει
1408 5349 1532 5407 ζωὴν
1572 5347 1785 5410 αἰώνιον,

1772 5388 1785 5410 ,
1890 5341 1998 5394 cuit
2026 5355 2122 5394 nos
2152 5341 2260 5407 ipse
2291 5340 2542 5394 Dominus
2579 5343 2800 5396 dicens:
2845 5343 2944 5405 Qui
2973 5345 3246 5398 manducet
3272 5362 3433 5398 meam

220 5413 367 5482 κάγώ
393 5415 656 5474 ἀναστήσω
681 5424 830 5476 αὐτὸν
853 5425 904 5476 ἰν
930 5433 991 5497 τῇ
1021 5427 1219 5500 ἰσχάτῃ
1249 5415 1412 5504 ἠμίρᾷ
1434 5447 1446 5460 ⁸
1475 5435 1504 5490 ἠ
1529 5434 1624 5506 γὰρ
1653 5435 1778 5509 σάρξ

1766 5436 1778 5496 ε
1891 5447 2093 5482 carnem
2123 5441 2170 5483 ct
2198 5430 2320 5482 bibit
2349 5447 2511 5483 meum
2542 5434 2876 5503 sanguinem,
2925 5435 3071 5486 liabet
3111 5436 3258 5487 vitam
3288 5445 3432 5488 mter-

216 5521 323 5568 μου
353 5503 541 5566 ἀληθῶς·
576 5509 688 5564 ἇστι
716 5513 929 5585 βρῶσις,
957 5519 1038 5569 καί
1074 5518 1127 5570 τὸ
1152 5515 1272 5588 «ipsi
1297 5503 1393 5587 μου
1433 5503 1620 5581 ἀληθῶς
1664 5503 1778 5578 ἐστι

1767 5548 1778 5578 ι
1885 5534 2024 5582 nam,
2071 5529 2119 5571 et
2155 5536 2246 5588 ego
2277 5520 2585 5574 resuscitabo
2614 5539 2726 5574 eum
2754 5524 2807 5574 in
2842 5524 3112 5576 novissimo
3151 5524 3276 5577 die:
3311 5540 3433 5577 caro

216 5589 400 5682 πέσις.
449 5603 502 5648 ιο
528 5602 728 5673 τρώγων
766 5622 869 5669 μου
917 5609 1005 5661 τήν
1037 5605 1234 5680 σάρκα,
1279 5612 1358 5660 καὶ
1395 5610 1546 5661 πίνων
1580 5631 1672 5678 μου
1721 5613 1778 5665 τὸ

1762 5613 1778 5665 5
1882 5611 2014 5661 enim
2043 5626 2154 5660 mea
2195 5626 2306 5661 vere
2333 5619 2407 5663 est
2451 5610 2610 5675 cibus,
2641 5622 2689 5664 et
2715 5614 2921 5680 sanguis
2963 5628 3100 5665 nacus
3144 5623 3218 5666 est
3246 5623 3428 5682 potus:

219 5672 374 5747 αἷμα.
404 5682 451 5734 ἕν
478 5672 585 5751 ἰμοί
613 5692 764 5754 μένει,
789 5693 924 5761 κάγώ
951 5695 997 5745 ἐν
1029 5672 1178 5766 αὐτῷ.
1214 5700 1372 5755 καθὼς
1403 5672 1684 5752 ἀπέστειλέν
1714 5721 1775 5768 με
1882 5730 1885 5749 ι

1760 5721 1775 5753 ε
1882 5701 1966 5768 qui
1993 5701 2264 5752 manducet
2286 5717 2449 5754 nteant
2472 5719 2672 5754 carnem
2705 5712 2750 5753 ct
2777 5701 2897 5752 bibit
2927 5718 3089 5754 meum
3133 5702 3426 5768 sanguinem

293 5769 318 5796 ⁸
351 5767 514 5827 Forte
541 5775 816 5843 legendum
845 5799 856 5832 :
889 5782 944 5837 Ὀ
1150 5824 1211 5840 ...
1241 5789 1474 5855 ἰσχό.των
1501 5792 1661 5853 πάλιν,
1689 5794 1752 5852 ὥς
1779 5767 1918 5844 τινων
1943 5789 1959 5844 ἓ

1622 5811 1661 5853 ν,
1689 5794 1752 5852 ὥς
1779 5811 1918 5844 τινων
1943 5789 2272 5849 διδασκόντων
2296 5800 2444 5846 τοῦτο
2473 5798 2548 5847 ναὶ
2573 5792 2822 5863 λεγόντων,
2854 5794 3104 5853 οὐδενος...
3138 5791 3281 5845 Eun.
