4220 6442
771 429 908 501 1055

2026 427 2458 493 JUSTlNIANl
2501 431 2658 492 IMP.

3838 429 3971 494 1056

771 555 799 607 ὂ
823 562 919 618 ζῶν
941 560 1130 625 πατήρ,
1154 556 1290 622 κὶγώ
1309 559 1378 616 ζῶ
1406 552 1488 609 διὰ
1516 552 1599 608 τόν
1621 554 1836 628 παι-ἔρα.
1861 557 1950 607 καί
1989 553 2015 606 ὅ
2039 557 2244 625 τρώγων
2266 575 2327 620 με
2359 561 2404 612 Α
2431 561 2437 605 l

2319 575 2327 604 ε
2359 561 2404 612 Α
2431 558 2484 605 in
2515 571 2593 606 me
2621 561 2810 615 manet,
2836 561 2884 606 et
2903 569 2996 623 ego
3016 558 3069 607 in
3097 570 3154 606 eo
3179 555 3354 620 (Joan.
3388 569 3440 606 Vl
3460 595 3475 619 ,
3507 542 3615 619 54).
3669 553 3817 608 Sicut
3846 558 3985 610 misit

771 645 995 701 κέικεῐνος
1020 646 1165 704 ζήτει
1206 640 1269 694 δι’
1298 643 1400 709 ἐμέ.
1431 658 1449 690 ε
1493 644 1591 693 Καὶ
1633 647 1795 695 ταῦτα
1824 643 1912 710 μέν
1951 641 2081 693 οὕτω
2122 644 2202 692 καί
2244 661 2331 692 m-

772 732 1027 796 στεὺομιν,
1053 735 1138 782 καί
1164 730 1514 798 ἦμολογοῦμεν.

843 906 1004 958 Πόσον
1031 903 1082 957 δέ
1114 902 1331 972 ψεύδους
1358 905 1471 957 ἐστὶ
1525 905 1721 955 κάκεῖνο
1746 905 1944 974 μεστόν,
1965 900 2089 974 ὅπερ
2111 911 2173 971 τῇ
2211 923 2325 970 μνη·

774 996 1062 1065 μονωθείσῃ
1091 995 1266 1048 ἀσεϐεῖ
1294 995 1530 1065 ἐπιστολῇ
1559 994 1856 1066 περιέχεται
1882 998 1999 1066 περὶ
2022 1000 2121 1046 τῶν
2141 992 2331 1045 δώδεκα

772 1086 1039 1153 κεφαλαίων
1066 1091 1157 1137 τοῦ
1197 1087 1246 1137 ἐν
1273 1085 1432 1155 ἁγίοις
1461 1084 1730 1155 ιυρίλλους
1773 1089 2071 1153 Συκοφαντεῖ
2104 1084 2198 1154 γὰρ
2238 1082 2331 1133 αὑ-

770 1175 870 1236 τὸν,
912 1176 978 1231 ὡς
1006 1175 1124 1242 μίαν
1154 1176 1297 1244 φύσιν
1333 1181 1422 1232 τῆς
1448 1175 1693 1230 Θεότητος
1723 1176 1810 1224 καί
1836 1180 1925 1229 τῆς
1951 1171 2332 1241 ἄνθρωπότητος

771 1268 864 1315 τοῦ
907 1269 1124 1335 Χριστοῦ
1164 1263 1212 1313 ἐν
1236 1263 1432 1319 τούτοις
1472 1263 1702 1332 λέγοντα,
1741 1265 1824 1314 καὶ
1869 1259 1950 1314 διὰ
1977 1266 2128 1313 τοῦτο
2166 1262 2332 1318 πάσης

772 1355 1008 1412 ausam,-
1044 1354 1402 1424 πεπληρῶσθαι
1437 1355 1502 1406 τὰ
1547 1356 1674 1406 αὑτά
1717 1353 1955 1423 κεφαλαια
1997 1353 2145 1422 λέγει.
2170 1349 2332 1424 ὀπερ

773 1442 800 1495 ὅ
824 1445 1062 1514 ὑμέτερος
1081 1440 1381 1500 διδάσκαλος
1405 1445 1700 1514 πανούργως
1723 1443 2024 1514 ἑρμηνευσαι
2058 1441 2209 1507 λέγων
2239 1437 2327 1509 [Ιθ.

771 1533 1081 1600 ἑρμηνεύσας
1127 1528 1306 1601 Wst].
1347 1537 1416 1594 μὴ
1459 1531 1542 1585 διὰ
1586 1533 1648 1585 τὰ
1688 1530 1876 1584 δώδεκα
1927 1529 2168 1598 κεφάλαια
2196 1531 2242 1579 ἐν
2273 1537 2333 1599 τῇ

773 1621 1014 1691 ἐπιστολῇ
1053 1622 1280 1687 εἰρῆσθαι
1300 1618 1376 1673 ότι
1403 1626 1567 1674 ταῦτα
1593 1621 1759 1676 πάσης
1787 1618 2023 1677 ἀσεϐείας
2051 1620 2336 1692 πεπλήρωνο

773 1733 879 1776 ται,
919 1712 1023 1764 ἀλλ’
1050 1709 1127 1764 ὅτι
1150 1711 1341 1783 ενρηται
1367 1714 1484 1778 μίαν
1520 1707 1644 1763 εἶναι
1682 1711 1832 1782 φύσιν
1863 1710 2097 1768 Oxo-mror
2133 1714 2217 1761 καί
2258 1712 2336 1762 ἀν-

774 1803 1114 1877 θρωπότητος.
1134 1800 1293 1874 ὀπερ
1323 1803 1565 1877 προςανές
1591 1800 1775 1870 ψεῦδός
1803 1804 1962 1855 ἐστιν.

2429 659 2508 696 me
2536 646 2701 698 vicena
2742 643 2914 711 Pater,
2941 653 2992 697 et
3017 661 3109 714 ego
3149 647 3257 698 vivo
3286 653 3495 712 propter
3543 643 3769 704 Patrem,
3805 654 3855 697 et
3897 647 3985 709 qui

2431 734 2706 786 manduca:
2749 749 2830 785 me
2877 742 2928 784 et
2965 732 3072 802 ipse
3116 734 3240 785 vivet
3287 740 3495 801 propter
3524 748 3623 784 me.
3654 732 3830 800 Atque
3872 738 3984 787 hanc

2428 824 2642 891 quidem
2671 822 2938 876 credimus
2963 830 3017 875 et
3043 822 3376 875 conﬁtemur.

2499 911 2694 976 Quanti
2740 925 2953 980 quoque
2997 911 3261 964 mendacii
3308 911 3521 978 plenum
3570 919 3653 965 est
3681 911 3732 964 id
3761 910 3987 980 quodin

2430 1010 2721 1054 memorata
2751 1001 2908 1069 impia
2937 1001 3161 1069 epistola
3209 1000 3277 1054 de
3298 1001 3578 1054 duodecim
3608 1002 3776 1054 sancti
3807 1001 3987 1070 Cyrilli

2430 1093 2688 1158 capitibus
2715 1091 3020 1145 continetur
3046 1091 3057 1141 !
3090 1090 3455 1144 Calumniatur
3477 1105 3706 1156 namque
3732 1088 3987 1160 Cyrillum

2433 1180 2621 1246 ipsum,
2651 1179 2794 1247 quod
2833 1195 2992 1232 unam
3020 1179 3310 1233 divinitatis
3333 1179 3787 1246 humanitatisque
3827 1188 3988 1231 natu-

2432 1281 2546 1319 ram
2575 1267 2626 1320 in
2655 1266 2886 1332 Christo,
2914 1268 2966 1319 in
2997 1267 3227 1335 praelatis
3268 1268 3529 1334 capitibus
3559 1268 3854 1329 admiserit,
3906 1268 3989 1318 in-

2430 1355 2604 1424 deque
2644 1365 2850 1409 scatere
2898 1369 2958 1407 ea
2990 1358 3164 1423 capita
3203 1355 3476 1409 concludit
3501 1356 3644 1408 omni
3693 1356 3988 1421 iniquitate,

2431 1445 2574 1512 quod
2606 1445 2775 1511 ipsum
2805 1443 2994 1497 callide
3024 1446 3089 1496 ab
3118 1451 3447 1512 praeceptore
3480 1452 3658 1496 vestro
3682 1442 3986 1510 expositum

2432 1545 2532 1598 est,
2582 1535 2808 1597 dicente,
2856 1549 2963 1587 non
3011 1542 3066 1586 ut
3113 1534 3211 1600 ipsi
3258 1535 3446 1602 injuria
3496 1533 3645 1586 ﬁeret
3693 1548 3756 1586 ea
3800 1543 3989 1585 vocata

2433 1625 2595 1679 fuisse
2626 1625 2883 1678 universa:
2932 1624 3220 1691 impietatis
3263 1624 3453 1692 plena,
3505 1622 3597 1676 sed
3627 1623 3879 1690 quoniam
3922 1622 3989 1675 ibi

2434 1719 2644 1769 unicam
2671 1730 2789 1768 esse
2815 1715 3038 1768 docetur
3065 1714 3356 1767 divinitatis
3398 1713 3850 1780 humanitatisque
3892 1727 3990 1766 na-

2436 1814 2628 1856 turain.
2668 1803 2722 1855 Id
2749 1811 2926 1855 autem
2955 1802 3194 1870 putidum
3222 1809 3304 1855 est
3326 1809 3617 1869 patensque
3632 1801 3990 1856 mendacium.

847 1891 903 1946 Ὀ
948 1893 1042 1962 γὰρ
1073 1893 1120 1943 ἐν
1146 1892 1304 1962 ἁγίοις
1343 1890 1574 1964 κὺριλλος
1601 1888 1713 1943 οὔτε
1755 1891 1804 1941 ἐν
1845 1896 1954 1947 τοῖς
1989 1885 2148 1946 ἄλλοις
2180 1889 2331 1939 αὑτοῦ
2367 1897 2410 1955 Β
2435 1892 2512 1944 Nu

2324 1894 2331 1935 ὃ
2367 1897 2410 1955 Β
2435 1891 2627 1944 Nullibi
2665 1892 2803 1942 enim
2849 1889 3247 1943 demonstratur
3296 1886 3573 1958 Cyrillum,
3615 1904 3788 1956 neque
3824 1889 3877 1941 in
3930 1902 3990 1943 ea

775 1983 1183 2054 συγγράμμασιν,
1218 1977 1333 2033 οὔτε
1369 1981 1416 2031 ἐν
1459 1986 1519 2049 τῇ
1559 1978 1815 2048 ἐπιστολῇ,
1928 1998 2024 2030 τινι
2052 1979 2116 2030 τὰ
2145 1973 2338 2028 δώδεκα

776 2071 1015 2140 κεφάλαικ
1043 2071 1393 2132 ὑποτέτακται,
1421 2068 1526 2122 ἀλλ’
1569 2066 1682 2121 οὐδέ
1723 2070 1771 2119 ἐν
1816 2069 1991 2126 αὑτοῖς
2041 2075 2146 2126 τοῖς
2195 2089 2341 2135 κεφα-

777 2160 931 2222 λαίοις
959 2164 1077 2231 μίαν
1106 2161 1250 2228 φύσιν
1280 2161 1510 2218 θεότητος
1555 2162 1638 2212 καί
1679 2161 2056 2232 ἁνθρωπότητος
2095 2157 2341 2211 δείκνυται

779 2256 1016 2322 εἷρηκὼς.
1062 2246 1185 2304 ἀλλᾶ
1219 2254 1334 2320 μίαν
1361 2250 1643 2304 ὑπόστασιν
1669 2250 1776 2306 ἤτοι
1802 2248 2076 2322 πρόσωπον
2107 2258 2197 2308 τῆς
2237 2249 2314 2300 θεό

779 2361 928 2400 τητος
967 2342 1046 2393 καί
1087 2349 1174 2399 τῆς
1203 2337 1584 2411 ἀνθρωπότητος
1624 2345 1711 2391 τοῦ
1755 2344 1972 2412 Χριστοῦ
2012 2333 2135 2389 εἶναι
2164 2335 2339 2389 διδάσ-

779 2450 875 2484 κει.
900 2428 1059 2502 Ὀπερ
1096 2432 1178 2482 καί
1201 2425 1231 2480 ἦ
1259 2429 1378 2496 ἁγία
1401 2433 1492 2482 τοῦ
1523 2435 1648 2480 Θεοῦ
1691 2427 1924 2481 ἐκκλησία
1967 2427 2218 2496 κηρύττει,
2261 2428 2342 2476 καὶ

778 2517 967 2576 πάντες
997 2518 1040 2568 oi
1078 2519 1292 2586 πατέρες
1327 2513 1582 2578 ἐδίδαξαν,
1615 2516 2049 2583 ἀναθεματίζοντες
2087 2517 2200 2572 τοὺς
2230 2535 2345 2580 μ·αν

783 2609 932 2677 φύσιν
960 2613 1047 2663 τῆς
1075 2605 1303 2662 θεότητος
1331 2607 1413 2658 καί
1453 2613 1541 2663 τῆς
1582 2605 1964 2678 ἁνθρωπότητος
2008 2611 2096 2657 τοῦ
2129 2611 2342 2674 Χριστοῦ

783 2696 1028 2766 λέγοντας.
1059 2692 1200 2748 ’Δλλο
1243 2696 1341 2770 γὰρ
1383 2697 1492 2746 ἐστι
1529 2698 1696 2765 φζσις,
1723 2683 1826 2746 Qui
1866 2690 1982 2746 ἄλλο
2033 2694 2340 2758 ὑπόστασις,

784 2787 894 2843 ἤτοι
921 2785 1212 2856 πρόσωπον.
1249 2788 1332 2838 Καὶ
1372 2785 1403 2840 ἡ
1439 2786 1530 2853 μέν
1558 2785 1710 2853 γὺσις
1737 2784 1794 2838 τὸ
1836 2790 2001 2840 κοινῶς
2032 2785 2110 2835 καί
2141 2791 2345 2852 γενικῶς

785 2881 913 2934 κα·τά
959 2880 1158 2934 πάντων
1209 2879 1495 2948 προσώπων
1540 2877 1971 2946 κατηγορούμενον
2018 2877 2267 2942 σημαίνει,
2316 2877 2347 2931 η

786 2969 1069 3026 ὑπόστασις
1097 2965 1150 3019 δέ
1198 2965 1307 3021 ἤτοι
1349 2965 1615 3038 πρόσωπα
1643 2967 1701 3019 τό
1735 2962 1888 3017 ίδικόν
1923 2961 2164 3017 δείκνυσι⁹
2192 2963 2350 3035 πρόσ-

787 3077 922 3110 ωπον
968 3059 1067 3129 γὰρ
1112 3055 1158 3106 ἐν
1193 3050 1321 3122 ἄλλῳ
1349 3055 1604 3126 προσώπῳ
1641 3049 1733 3104 οῦκ
1761 3053 2126 3123 ἐπιθεωρείται.
2155 3047 2268 3104 Ὀτι
2295 3048 2348 3104 δέ

788 3149 818 3202 η
847 3148 1055 3215 μυσαρὰ
1084 3145 1322 3200 ἐπιστολή
1364 3146 1481 3214 περὶ
1514 3149 1611 3195 τῶν
1649 3139 1840 3194 δώδεκα
1879 3141 2147 3210 κεφαλαίων
2181 3146 2273 3194 τοῦ
2302 3142 2349 3192 ἐν

2436 1980 2661 2047 epistola
2690 1993 2808 2045 quae
2833 1977 3109 2032 duodecim
3138 1977 3369 2044 capitula
3395 1977 3786 2044 complectitur,
3821 1990 3994 2045 neque

2437 2068 2490 2122 in
2519 2083 2702 2121 eorum
2731 2067 2962 2135 capitum
3002 2065 3202 2133 aliquo,
3254 2081 3430 2132 neque
3458 2065 3510 2117 in
3538 2067 3747 2118 ueteris
3773 2066 3992 2132 quibus-

2439 2158 2568 2211 libet
2612 2156 2761 2209 libris
2801 2156 2913 2210 suis
2959 2156 3171 2210 unicam
3215 2156 3506 2211 divinitatis
3547 2157 3997 2223 humanitatisque

2439 2257 2679 2301 naturam
2706 2247 2921 2310 dixisse,
2951 2261 3072 2298 cum
3101 2254 3288 2300 contra
3317 2247 3514 2300 diserte
3541 2247 3752 2309 doceat,
3784 2248 3995 2300 unicam

2438 2353 2557 2391 esse
2587 2337 2640 2390 in
2667 2336 2879 2390 Christo
2933 2336 3224 2390 divinitatis
3272 2337 3715 2404 humanitatisque
3743 2336 3998 2407 hypovsta-

2438 2427 2538 2481 sim
2569 2427 2681 2481 sive
2708 2439 3011 2494 personam,
3057 2425 3198 2492 quod
3242 2435 3426 2480 sancta
3458 2425 3547 2480 Dei
3587 2425 3870 2494 proﬁtetur
3900 2424 3994 2479 Ec-

2437 2518 2624 2581 clesia,
2671 2517 3008 2583 universique
3055 2513 3238 2570 Patres
3281 2526 3539 2584 perpetuo
3585 2517 3838 2581 docuere,
3881 2532 3998 2570 ana-

2443 2611 2620 2662 thema
2669 2609 2722 2661 in
2751 2621 2847 2661 eos
2894 2607 3138 2660 dicentes
3182 2607 3273 2676 qui
3310 2609 3514 2661 unicam
3564 2607 3862 2662 divinitatis
3908 2609 4001 2661 hu-

2444 2701 2815 2766 manitatisque
2879 2706 3121 2752 naturam
3187 2713 3308 2752 esse
3363 2698 3415 2751 in
3470 2697 3683 2751 Christo
3722 2698 3998 2760 dicerent;

2447 2788 2586 2841 aliud
2651 2788 2847 2854 quippe
2901 2793 3087 2839 natura
3145 2794 3259 2853 est,
3335 2787 3475 2840 aliud
3533 2787 3837 2859 hypostasis
3890 2788 4001 2840 sive

2450 2890 2700 2944 persona.
2746 2873 2942 2928 Natura
2971 2873 3220 2928 videlicet
3247 2877 3600 2929 communiter
3649 2886 3813 2942 atque
3838 2888 4002 2941 gene-

2447 2967 2558 3020 rice
2585 2966 2653 3018 de
2693 2964 2878 3034 quavis
2905 2977 3130 3033 persona
3159 2965 3500 3031 pmdicatur,
3548 2978 3776 3032 persona
3807 2972 4003 3026 autem,

2453 3056 2566 3110 sive
2594 3055 2898 3126 hypostasis
2922 3055 3172 3122 exprimit
3207 3056 3586 3123 proprietatem
3611 3072 3626 3118 ;
3657 3058 4005 3122 quamobrem

2453 3161 2555 3200 una
2601 3160 2830 3214 persona
2878 3144 3095 3197 minime
3147 3147 3198 3197 in
3243 3145 3408 3197 altera
3439 3144 3828 3198 consideratur.
3861 3143 4006 3208 Quo-

788 3233 947 3302 ἁγίοις
993 3231 1224 3304 ιυρίλλου
1262 3232 1409 3300 λέγει,
1440 3233 1506 3288 ὡς
1535 3229 1705 3287 πάσης
1729 3228 1965 3286 ἀσεϐείας·
2006 3229 2347 3298 πεπλήρωται,
2377 3254 2421 3316 c

2341 3267 2347 3287 .
2377 3254 2421 3316 c
2454 3235 2595 3287 niam
2619 3241 2795 3286 autem
2817 3233 2868 3287 in
2896 3233 3132 3300 improba
3156 3248 3217 3286 ea
3234 3234 3453 3301 epistola
3465 3233 3530 3287 de
3544 3235 3823 3287 duodecim
3840 3232 4007 3285 sancti

788 3320 980 3383 ἔξεστιν
1006 3323 1120 3389 ὑμίν
1147 3317 1202 3373 έκ
1231 3327 1328 3372 τῶν
1346 3320 1512 3389 ἐφεξῆς
1538 3327 1627 3376 τῆς
1656 3319 1811 3374 αὑτῆς
1837 3318 2057 3375 ἀσεϐοῦς
2084 3317 2350 3375 ἐπιστολῆς

791 3418 941 3466 τοῦτο
970 3412 1157 3482 εὑρεῖν,
1192 3411 1239 3462 ἐν
1281 3406 1352 3468 οἷς
1377 3417 1595 3482 φανερῶς
1637 3405 1741 3463 εἷπε
1796 3412 1864 3462 τὰ
1897 3411 2024 3462 αὐτὰ
2052 3407 2240 3462 δώδεκα
2267 3429 2351 3461 κε-

792 3504 974 3574 φαλαια
1001 3504 1196 3554 ἐναντία
1216 3496 1338 3552 εἶναι
1361 3508 1423 3572 τῇ
1451 3502 1569 3572 ὀρθῇ
1589 3502 1778 3552 πίστει.
1800 3497 2002 3556 Ἐπειδὴ
2031 3499 2082 3553 δέ
2112 3502 2353 3570 μέμφεται

792 3595 822 3648 ἠ
851 3595 973 3648 αὐτη
1012 3591 1199 3648 ἀσεϐής
1241 3589 1475 3646 ἐπιστολή
1517 3592 1546 3645 ἠ
1587 3590 1817 3657 λεγομένη
1838 3586 1950 3641 ’Ἱϐα
1977 3591 2064 3642 τόν
2110 3589 2158 3640 έν
2195 3588 2354 3658 ἁγίοις

793 3681 1043 3755 ιὺμλλον,
1076 3682 1142 3738 ὥς
1171 3687 1338 3747 φωνῶν
1383 3676 1616 3750 διαφορὰν
1648 3680 2038 3749 ἁπαρνοὺμενον.
2085 3679 2354 3747 γινώσκετε

794 3771 878 3827 ὅτι
919 3772 1001 3822 καί
1040 3772 1088 3822 ἐν
1128 3772 1291 3834 τούτῳ
1321 3767 1453 3820 καὶὸ
1483 3767 1683 3840 γράψας
1725 3774 1813 3824 την
1858 3769 2020 3824 ἀσεϐῆ
2072 3769 2351 3829 ἐπιστολην,

798 3863 880 3912 καί
919 3859 944 3912 ό
983 3860 1216 3932 ὑμέτερος
1245 3855 1542 3914 διδάσκαλος
1583 3855 1735 3924 ψεύδει
1748 3878 1844 3908 ται.
1869 3857 1940 3908 Ἐν
1970 3862 2096 3910 πᾶσι
2123 3857 2217 3927 γάρ
2255 3865 2355 3914 τοίς

794 3953 938 4012 ἐδίοις
966 3952 1125 4020 λόγοις
1153 3949 1178 4002 ό
1202 3951 1252 4000 ἐν
1280 3948 1436 4018 ἁγίοις
1470 3949 1720 4022 ῐὺριλλος,
1763 3951 1879 4020 περὶ
1906 3954 1994 4001 τοῦ
2026 3951 2196 4016 κυρίου
2213 3950 2357 4017 ,ἡμῶν

793 4041 956 4100 Ἰησοῦ
978 4047 1200 4112 Χριστοῦ
1225 4037 1493 4101 διδάσκων,
1524 4047 1688 4110 οωνῶν
1715 4041 1844 4110 λέγει
1870 4039 2126 4111 διαφορὰν,
2156 4044 2240 4093 καί
2265 4043 2356 4097 τὰς

792 4137 884 4194 μέν
926 4132 1121 4196 ὑψηλὰς
1163 4132 1292 4185 κατὰ
1335 4135 1424 4186 την
1457 4132 1668 4186 ϐιότητα
1713 4119 1900 4192 αὑτοῦ,
1927 4134 2017 4189 τὰς
2043 4129 2094 4183 δέ
2122 4131 2356 4186 ταπεινὰς

797 4224 919 4278 raro}
955 4228 1044 4280 τήν
1081 4223 1436 4294 ἁνθρωπότητα
1474 4222 1653 4280 αὑτοῦ.
1694 4224 1868 4278 πάσας
1895 4218 1948 4273 δέ
1978 4219 2111 4288 ὅμως
2150 4221 2197 4281 ἐξ
2225 4220 2354 4277 ἐνὸς,

794 4315 880 4364 καί
913 4314 1028 4384 περὶ
1061 4311 1189 4372 ἐνὸς,
1220 4312 1304 4363 καί
1331 4313 1421 4361 τοῦ
1466 4311 1616 4361 αὑτοῦ
1647 4314 1772 4361 Θεοῦ
1802 4309 1942 4377 λόγου
1971 4309 2356 4381 σεσαρκωμένου

797 4404 1046 4476 εἰρῆσθαι·
1093 4403 1393 4474 ἀπαγορεύει
1443 4398 1496 4452 δέ
1541 4399 1567 4452 ό
1611 4402 1756 4457 αὑτός
1800 4401 1848 4452 ἓν
1895 4399 2054 4470 ἁγίοις
2095 4399 2356 4471 Κὺρῡλος,

794 4490 931 4561 ἄλλῳ
984 4495 1063 4544 καί
1118 4490 1246 4558 ἄλλῳ
1293 4493 1548 4560 προσώπῳ
1599 4488 1912 4556 διανέμεσθαι
1958 4490 2166 4554 ταὺτας.
2220 4484 2359 4542 Ἀλλὰ

2452 3323 2629 3394 Cyrilli
2654 3323 2914 3390 capitibus
2949 3323 3159 3385 dicitur,
3200 3324 3312 3390 ipsa
3342 3338 3459 3376 esse
3490 3323 3782 3390 iniquitatis
3829 3323 4008 3390 plena,

2455 3417 2504 3469 id
2545 3428 2702 3482 quam
2749 3404 2937 3465 falsum
2986 3413 3054 3465 sit
3081 3427 3147 3465 ex
3178 3413 3290 3480 ipsa
3312 3413 3550 3482 epistolae
3595 3414 3735 3466 serie
3761 3413 4010 3480 pervasu-

2452 3520 2579 3571 gare
2604 3502 2783 3557 licebit
2814 3503 3007 3570 illaque
3037 3504 3367 3570 perquirere,
3414 3505 3468 3558 in
3511 3505 3702 3571 quibus
3726 3504 4012 3557 duodecim

2453 3609 2516 3648 ea
2547 3594 2718 3659 capita
2746 3590 2976 3644 afﬁrmat
2999 3606 3119 3644 cum
3152 3603 3295 3645 recta
3326 3593 3428 3646 rule
3453 3608 3708 3661 pugnare.
3753 3593 3889 3645 Cum
3913 3608 4011 3646 au-

2457 3689 2564 3733 tem
2587 3680 2748 3746 impia
2777 3694 2838 3734 ea
2865 3680 3088 3746 epistola
3116 3695 3233 3746 qum
3257 3681 3360 3734 Iba:
3383 3682 3597 3747 dicitur,
3626 3683 3805 3749 negati
3831 3683 4016 3751 appel-

2457 3768 2714 3820 lationum
2743 3767 3062 3820 discriminis
3082 3777 3320 3821 sanctum
3341 3768 3596 3838 Cyrillum
3617 3779 3852 3834 accuset,
3876 3772 4015 3824 scia-

2459 3859 2546 3922 tis,
2591 3859 2732 3912 circa
2783 3858 2885 3911 hoc
2931 3859 3104 3925 ipsum
3151 3873 3365 3924 quoque
3412 3874 3516 3911 non
3564 3857 3726 3911 modo
3773 3860 4018 3926 epistola

2458 3947 2596 4001 illius
2622 3948 2957 4015 scriptorem,
2986 3963 3167 4000 verum
3199 3951 3503 4014 magistrum
3535 3963 3747 4014 quoque
3775 3959 4019 4001 vestrum

2457 4052 2576 4090 esse
2628 4039 2928 4090 mentitum.
2981 4035 3265 4091 Enimvero
3309 4053 3625 4106 quocunque
3670 4040 3722 4091 in
3766 4054 4018 4092 sermone

2457 4141 2553 4180 suo
2582 4134 2795 4179 sanctus
2817 4124 3044 4195 Cyrillus
3071 4126 3137 4178 de
3163 4125 3289 4178 Jesu
3332 4124 3545 4181 Christo
3574 4127 3803 4181 Domino
3831 4133 4015 4180 uestro

2455 4229 2758 4267 sermonem
2783 4213 3029 4276 instituit,
3061 4215 3473 4282 appellationum
3496 4216 3607 4268 sive
3627 4216 4016 4268 denominatio—

2458 4319 2582 4357 num
2607 4304 2890 4357 discrimen
2916 4305 3017 4357 hoc
3043 4305 3218 4368 docet,
3245 4313 3299 4358 et
3319 4305 3570 4358 sublimes
3591 4285 4015 4372 quideni‘dicen-

2458 4395 2510 4448 di
2548 4396 2782 4448 rationes
2811 4394 2909 4462 ipsi
2946 4393 3239 4447 secundum
3268 4395 3616 4455 divinitatem,
3663 4395 3898 4447 humiles
3937 4409 4017 4448 au-

2459 4492 2566 4536 tem
2618 4491 2673 4535 et
2700 4481 2959 4536 demissas
2986 4483 3687 4540 sccunduumhumanitatem
3711 4484 4015 4542 convenire.

793 4582 1136 4650 ἀναμφιϐόλως
1157 4582 1300 4648 ὑμεῖς
1324 4579 1416 4632 δυο
1443 4582 1738 4651 προσώποις
1761 4577 2004 4647 διανέμειν
2028 4580 2243 4636 θέλοντες
2268 4581 2359 4635 τὰς
2389 4606 2435 4663 υ

2352 4599 2359 4608 -
2389 4606 2435 4663 υ
2461 4587 2646 4625 omnes
2673 4580 2850 4624 tamen
2900 4587 2964 4625 ex
2999 4588 3102 4624 uno
3132 4582 3292 4640 atque
3331 4572 3398 4624 de
3431 4587 3538 4625 uno
3587 4572 3866 4625 incarnato
3919 4573 4018 4625 Deo

795 4669 992 4740 φωνὰς,
1025 4667 1108 4722 διὰ
1141 4677 1294 4722 τοζτο
1335 4669 1499 4738 λέγετε
1538 4669 1620 4721 τὸν
1661 4669 1710 4719 ἐν
1748 4667 1906 4735 ἁγίοις
1941 4666 2166 4742 κὺριλλον
2194 4672 2361 4736 φωνῶν

793 4757 1032 4831 ὃιαφοράν
1078 4758 1486 4830 ἀπαρνήσασθαι.
1527 4752 1728 4812 Ἐπειδὴ
1773 4753 1824 4807 δέ
1880 4755 2171 4825 βουλόμενος
2223 4754 2361 4821 ὑμᾶς

791 4852 1062 4906 ἀπατῆσαι
1107 4850 1191 4900 καί
1219 4849 1267 4898 ἐν
1293 4849 1457 4915 τούτῳ
1489 4847 1514 4899 ό
1560 4845 1853 4906 διδάσκαλος
1889 4849 2026 4915 ὑμῶν
2063 4842 2230 4907 εἶπεν,
2276 4852 2363 4902 τήν

788 4940 948 4995 αὑτήν
983 4937 1141 4993 ἀσεϐῆ
1188 4936 1444 4992 ἐπιστολήν
1479 4942 1568 4993 την
1601 4937 1867 5006 λεγομένην
1905 4935 2020 4988 Ἱϐα
2045 4945 2135 4993 τῆς
2170 4937 2361 4990 ’Δπολι-

789 5029 968 5100 sapiet:
989 5026 1223 5084 ἀσεϐείας
1244 5029 1593 5098 καταγράφειν,
1616 5029 1698 5077 καὶ
1712 5025 1792 5078 διὰ
1811 5033 1962 5080 τοῦτο
1984 5028 2182 5096 ὀφείλειν
2205 5027 2359 5083 αὑτήν

795 5115 1049 5186 ὀρθόδοξον
1073 5117 1378 5185 νομίζεσθαι⁵
1415 5116 1594 5170 εἰδέναι
1617 5119 1750 5186 ὑμᾶς
1777 5123 1884 5192 χρὴ
1917 5114 1993 5171 ὅτι
2019 5122 2102 5172 καί
2125 5119 2172 5170 ἐν
2193 5119 2359 5187 τούτῳ

794 5206 1063 5277 ἐψεύσατο·
1089 5205 1202 5260 οὗτε
1223 5209 1322 5280 γὰρ
1342 5209 1466 5260 κατὰ
1493 5209 1853 5279 ’Δπο”-ι.ιναρίου,
1873 5206 2102 5279 καθάπερ
2132 5209 2360 5279 ἀνωτέρω

791 5300 1085 5369 εέρύκαμεν,
1116 5299 1415 5366 γέγραπται*
1444 5295 1579 5364 ὅμως
1602 5295 1653 5349 δέ
1679 5299 1722 5349 εί
1744 5301 1822 5348 καί
1847 5296 1952 5349 καθ’
1979 5299 2112 5362 ὑμᾶς
2132 5303 2277 5350 τοῦτο
2302 5294 2360 5354 ἦν

789 5387 989 5450 ἀληθές,
1011 5388 1071 5439 οὑ
1092 5385 1174 5440 διὰ
1192 5392 1344 5441 τοῦτο
1365 5387 1687 5459 ἠλευθεροῦτο
1707 5395 1796 5445 τῆς
1818 5389 2155 5458 κατακρίσεως
2177 5388 2207 5443 ἡ
2231 5389 2363 5444 αὑτή

790 5479 1052 5535 ἐπιστολή.
1089 5473 1187 5530 κᾶν
1222 5475 1319 5548 γὰρ
1358 5474 1501 5534 εἴτις
1543 5478 1788 5551 αἱρετικός
1818 5472 1946 5529 κατὰ
1986 5478 2266 5552 ατρετικοῦ,
2307 5473 2366 5528 οὑ

787 5563 875 5618 διὰ
897 5572 1046 5619 τοῦτο
1066 5569 1213 5624 αὑτός
1231 5564 1488 5638 όρθόδοξος
1511 5564 1774 5618 δείκνυται.
1801 5570 1882 5618 Καὶ
1907 5565 2099 5638 ’Ἄρειος
2120 5567 2216 5638 γὰρ
2238 5569 2366 5620 κατὰ

868 5656 888 5672 ζ
982 5659 987 5668 ι
1105 5651 1127 5671 9
1357 5660 1364 5672 1
1390 5655 1400 5669 1
1513 5657 1527 5670 κ
1604 5659 1612 5671 ο
1865 5655 1875 5670 \
1908 5658 1922 5672 1
2237 5659 2246 5671 ι
2324 5658 2335 5670 ο

791 5654 1050 5707 Σα·.ελλιου
1081 5675 1251 5717 ειπεν,
1284 5677 1368 5709 και
1403 5666 1730 5728 Δποηναριος
1756 5678 1883 5709 κατα
1927 5666 2126 5731 Apr-ou,
2164 5679 2250 5708 και
2277 5667 2365 5709 Ευ-

787 5744 965 5811 τνχὺς
1011 5739 1143 5797 κατᾶ
1186 5749 1478 5819 Νεστορίου.
1523 5748 1612 5797 Καὶ
1649 5740 1739 5798 κᾶν
1781 5747 1846 5799 τὰ
1885 5746 2112 5811 μάλιστα
2146 5744 2365 5820 διαγόρῳ

792 5833 951 5901 πλάνῃ
976 5831 1159 5891 πάντες
1195 5831 1332 5887 οὗτοι
1374 5839 1698 5903 κατείχοντο,
1745 5833 1880 5905 ὅμως
1922 5833 2082 5894 οὐδεὶς
2114 5837 2276 5890 αὗτῶν
2313 5836 2364 5887 ἐκ

2465 4659 2646 4712 Verbo
2675 4660 2969 4727 pmdicari.
3008 4659 3169 4712 Vetat
3189 4669 3366 4714 autem
3394 4659 3622 4727 Cyrillus
3651 4675 3718 4713 ne
3763 4661 4020 4726 ejusmodi

2461 4751 2923 4809 denominationes
2950 4751 3039 4804 alii
3090 4759 3146 4804 et
3174 4751 3262 4803 alii
3291 4765 3536 4818 personae
3556 4751 3765 4804 divisim
3796 4753 4022 4810 tribuan-

2464 4849 2570 4893 tur.
2606 4839 2716 4893 Vos
2745 4848 2925 4893 autem
2954 4840 3140 4908 procul
3168 4839 3330 4892 dubio
3359 4839 3555 4907 duplici
3589 4841 3876 4908 sejunctim
3908 4856 4024 4910 per-

2465 4963 2611 5002 sonas
2672 4947 2934 5015 ejusmodi
2989 4948 3376 5015 appellationes
3447 4949 3682 5002 tribucre
3740 4949 4020 5011 volentes,

2465 5039 2718 5109 Cyrillum
2767 5039 2888 5093 ideo
2935 5040 3348 5108 appellationum
3395 5039 3700 5094 discrimina
3744 5041 4026 5094 sustulisse

2461 5128 2877 5183 calumniamini.
2919 5127 3052 5182 Cum
3099 5129 3243 5182 enim
3282 5129 3423 5182 circa
3465 5129 3566 5183 hoc
3594 5143 3809 5195 quoque
3848 5144 3950 5183 vos
3976 5130 4024 5182 in

2462 5231 2697 5271 errorem
2717 5217 2967 5270 inducere
2989 5217 3088 5272 sibi
3114 5219 3475 5286 proposuisset
3503 5219 3554 5272 in
3575 5219 3754 5271 animo
3774 5221 4031 5285 magister

2464 5316 2661 5368 vester,
2711 5307 2892 5372 itaque
2940 5316 3273 5360 commentus
3297 5313 3436 5360 esset
3466 5321 3584 5360 eam
3613 5321 3731 5374 quae
3759 5306 3868 5359 ibas
3897 5307 4030 5360 dicio

2469 5402 2558 5446 tur
2584 5391 2868 5461 epistolam
2887 5391 3146 5446 adversus
3175 5394 3484 5461 Apollinarii
3512 5394 3844 5462 impietatem
3876 5392 4033 5448 fuisse

2467 5485 2854 5552 perscriptam,
2904 5483 3234 5552 proindeque
3299 5485 3551 5553 expedire
3604 5492 3666 5537 ut
3721 5485 4027 5539 orthodoxa

2464 5569 2815 5637 judicaretur,
2848 5570 3281 5626 animadvertatis
3323 5580 3558 5639 oportet,
3590 5586 3657 5625 eo
3679 5586 3904 5638 quoque
3931 5569 4027 5623 loci

2467 5665 2748 5713 mentitum
2776 5659 2977 5727 pariter
3004 5673 3123 5713 esse
3150 5677 3163 5710 :
3204 5675 3308 5714 non
3337 5661 3502 5721 enim,
3534 5667 3592 5712 ut
3617 5659 3870 5727 superius
3897 5659 4025 5713 indi-

2466 5748 2723 5812 cavimus,
2741 5748 2994 5802 adversus
3007 5747 3385 5817 Apollinarium
3405 5749 3600 5816 scripta
3624 5757 3729 5800 est.
3742 5747 4024 5803 Caeterum.

2467 5836 2700 5896 etiamsi.
2730 5844 2785 5890 ut
2816 5836 2968 5891 vobis
2997 5837 3192 5907 placet,
3224 5840 3273 5892 id
3298 5841 3466 5908 ipsum
3490 5853 3587 5908 pro
3615 5853 3743 5893 vero
3770 5834 4025 5891 concede-
