4220 6442
209 423 343 490 105⁸1

936 417 1295 481 EPISTOLA
1336 422 1734 484 ADVERSUS
1768 425 2248 491 THEODORUM
2287 431 2684 494 MOPSUEST

3300 437 3444 502 1058

215 553 306 605 τῆς
366 545 604 604 τοιαύτης
660 543 997 615 ἆνειρῥήσεως
1051 540 1312 617 ὸρθὸδοξος
1379 542 1630 618 κρίνεται,
1685 543 1789 599 ἀλλ’

1890 549 1993 608 tur,
2024 560 2134 600 non
2176 555 2462 616 propterea
2505 551 2618 620 ipsa
2666 553 2914 610 immunis
2960 562 3224 620 censenda
3267 569 3370 623 erit
3414 585 3447 625 ιι

212 632 400 703 ὅμοίως
425 639 610 695 πάντες
632 635 730 688 ἀπὸ
748 643 839 695 τῆς
863 635 1126 693 καθολικῆς
1151 632 1408 691 ἐκκλησίας
1439 631 1785 695 καταδικάζον-

211 745 316 777 ται.
355 727 442 778 καί
467 724 519 776 έκ
550 726 737 780 τούτου
763 722 818 778 δέ
847 722 1057 797 φανερός
1083 724 1219 777 έστιν
1253 721 1279 776 ὸ
1307 729 1395 778 τήν
1430 724 1786 791 μνημονευθεῐ-

207 835 309 868 σαν
334 814 498 871 ἀσεϐῆ
516 813 720 886 γράψας
749 813 1018 871 ἐπιστολὴν
1042 811 1134 867 δύο
1159 813 1410 887 πρόσωπα
1439 812 1657 885 εἰσάγων
1672 852 1686 875 ,
1711 812 1786 868 ὅτι

209 900 371 968 εἶπεν,
406 921 426 954 ε
449 911 555 964 ns;
580 903 792 960 δυνατὸν
809 905 1047 975 ληφθῆναι
1066 906 1154 960 τὸν
1182 906 1230 956 έν
1262 907 1405 978 ἀρχῇ
1432 905 1574 976 λόγον
1596 905 1674 958 ἐπὶ
1700 911 1788 959 τοῦ

209 1000 334 1047 ναοῦ
354 1002 445 1048 τοῦ
465 995 518 1048 έκ
541 996 745 1069 Μαρίας
759 998 1105 1068 γεννηθέντοςς
1132 1015 1151 1049 ι
1177 998 1246 1050 Δι’
1273 995 1335 1050 ὧν
1597 995 1788 1056 δείκνυ-⁹

209 1106 297 1140 ται
340 1096 591 1160 φανερῶς,
637 1086 714 1141 ὅτι
755 1091 814 1141 οὺ
839 1090 926 1143 τὸν
970 1090 1090 1144 Θεὸν
1138 1089 1284 1162 λόγον
1319 1090 1667 1162 σαρκωὉῆναι,
1705 1093 1791 1143 καί

207 1177 453 1244 τεχθῆναι
474 1176 529 1228 έκ
552 1183 643 1237 τῆς
666 1176 814 1249 ἁγίας
832 1179 1079 1255 παρθένου
1104 1179 1301 1252 Μαρίας
1321 1179 1472 1250 λέγει,
1500 1173 1623 1232 ἀλλᾶ
1647 1178 1788 1249 ψιλὸν

206 1263 468 1340 ἄνθρωπον
508 1270 596 1323 τὸν
643 1271 864 1340 Χριστὸν
908 1267 961 1322 ὃν
1000 1271 1118 1324 ναὸν
1159 1270 1416 1324 ἀποκαλεῖ.
1447 1268 1560 1323 Ὀτι
1604 1269 1658 1324 δέ
1708 1274 1790 1324 καί

206 1356 398 1413 ταύτην
422 1361 512 1413 τήν
538 1357 773 1410 ἀσέϐειαν
800 1357 853 1409 έκ
871 1364 960 1416 τῆς
981 1356 1239 1431 Θεοδώρου
1269 1356 1591 1418 διδασκαλίας
1614 1356 1789 1412 ἔλαϐεν

205 1445 234 1497 ὁ
255 1450 348 1501 τήν
375 1447 614 1515 μυσαράν
636 1447 823 1503 εκείνην
849 1446 1053 1518 γράψας
1079 1448 1372 1506 ἑπιστολήν,
1399 1446 1542 1504 δῆλον
1569 1449 1618 1510 ἐξ
1644 1445 1710 1499 ὧν
1741 1450 1788 1500 έν

205 1540 282 1601 τῷ
313 1536 470 1607 τρίτῳ
497 1535 628 1604 λόγῳ
655 1537 784 1588 κατᾶ
807 1537 1157 1606 Ἀπολιναρίου
1186 1542 1278 1588 τοῦ
1307 1536 1562 1608 αἱρετικοῦ
1587 1536 1612 1590 ὸ
1638 1539 1791 1598 αὐτὸς

205 1622 400 1682 ἀσεϐὴς
427 1623 683 1696 Θεόδωρος
711 1622 904 1697 ἔγραψε
959 1626 1114 1695 λέγων
1131 1624 1330 1684 οὕτως’
1366 1642 1385 1674 ε
1411 1622 1532 1679 ’Δλλ’
1560 1623 1642 1696 ὅγε
1672 1629 1792 1686 Θεὸς

205 1715 293 1765 καί
315 1713 368 1764 έκ
392 1720 520 1766 Θεοῦ
545 1717 632 1767 καί
655 1713 919 1783 ὸμοούσιος
943 1722 1014 1784 τῷ
1040 1718 1197 1790 πατρί
1213 1753 1227 1778 ,
1254 1722 1327 1786 τῷ
1352 1717 1440 1786 μέν
1461 1715 1513 1767 έκ
1541 1731 1631 1775 τῆς
1660 1735 1792 1788 παρα

205 1807 351 1859 θένου
379 1807 678 1878 γεννηθέντι,
711 1801 751 1859 ὧ
780 1807 1028 1876 θαυμάσιε
1046 1849 1060 1872 ,
1099 1809 1185 1860 καί
1213 1807 1314 1860 ὑπὸ
1341 1813 1435 1862 τοῦ
1463 1807 1608 1878 ἁγίου
1639 1805 1792 1859 πνεύ-

1889 636 2345 692 condemnationis
2377 639 2613 708 judicio;
2664 659 2768 698 non
2815 647 2957 702 enim
3000 650 3120 707 ideo
3164 655 3450 715 haereticus

1886 723 2147 792 quispiam
2190 727 2247 778 ﬁt
2294 728 2646 794 orthodoxus,
2693 743 2977 802 propterea
3023 739 3167 807 quod
3194 743 3452 802 adversus

1887 813 2049 866 alium
2079 814 2383 871 hiereticum
2411 819 2782 888 disputaverit.
2823 824 3065 896 Namque
3094 831 3250 887 Arius
3285 836 3449 892 etiam

1889 901 2143 962 adversus
2183 903 2470 961 Sabellium
2517 910 2808 976 disseruit,
2859 923 2913 968 et
2961 917 3218 975 adversus
3261 921 3449 982 Arium

1888 991 2264 1061 Apollinarius,
2287 1004 2343 1050 ει
2363 993 2626 1069 Eutyches
2649 1014 2834 1059 contra
2855 1006 3176 1076 Nestorium,
3206 1023 3259 1067 et
3277 1030 3450 1085 quan-

1887 1098 2045 1152 quam
2073 1085 2295 1142 diversis
2322 1089 2652 1156 potissimum
2681 1097 2952 1152 erroribus
2975 1099 3309 1158 adhaererent
3332 1108 3452 1161 uni-

1889 1175 2048 1242 versi,
2096 1192 2256 1231 nemo
2302 1186 2482 1234 tamen
2522 1195 2591 1235 ex
2633 1183 2794 1251 ipsis,
2843 1196 3144 1244 mutuarum
3186 1192 3450 1262 ejusmodi

1887 1269 2344 1322 concertationum
2374 1286 2554 1335 causa,
2603 1274 2934 1330 orthodoxus
2975 1289 3060 1333 est
3097 1281 3327 1348 habitus,
3357 1287 3452 1340 sed

1888 1370 2074 1410 omnes
2098 1358 2214 1426 pari
2243 1361 2460 1414 omnino
2492 1364 2700 1417 ratione
2720 1365 2788 1418 ab
2815 1364 3057 1422 Ecclesia
3087 1373 3452 1428 condemnan-

1888 1452 1993 1497 tur.
2026 1447 2104 1499 Ex
2147 1446 2249 1500 hoc
2288 1463 2450 1516 porro
2479 1454 2817 1520 perspicuum
2842 1463 2945 1519 est,
2995 1470 3308 1515 memoratae
3339 1462 3454 1534 epi-
3521 1531 3528 1538 μ

1887 1533 2037 1587 stola:
2063 1536 2376 1604 scriptorem
2405 1537 2666 1607 duplicem
2696 1557 2978 1610 personam
3007 1547 3280 1618 inducere,
3308 1552 3452 1621 quod

1825 1658 1838 1697 ε
1888 1623 2082 1677 dixerit
2109 1641 2120 1676 :
2161 1643 2178 1675 ι
2207 1624 2488 1690 Quomodo
2516 1629 2632 1686 ﬁeri
2661 1639 2838 1699 potest
2865 1641 2924 1686 ut
2939 1634 3175 1692 Verbum
3206 1639 3273 1694 ab
3299 1639 3453 1696 initio

1888 1712 1955 1765 de
1981 1715 2181 1782 templo
2208 1718 2502 1785 acceperit,
2535 1720 2678 1786 quod
2710 1737 2779 1776 ex
2807 1721 2974 1778 Maria
3001 1727 3239 1793 genitum
3273 1730 3400 1787 est?
3427 1749 3448 1785 ι
3498 1741 3510 1756 ·

1891 1801 2092 1867 Quibus
2120 1805 2296 1858 verbis
2339 1808 2592 1874 exprimit
2632 1811 2908 1866 evidenter
2948 1829 3007 1869 se
3036 1816 3256 1872 minime
3282 1818 3454 1874 conli-

205 1915 376 1963 ματος
401 1899 530 1949 κατά
562 1897 657 1954 τὰς
685 1895 821 1954 θείας
849 1895 1208 1950 διαπλασθέντι
1245 1898 1466 1968 γραφὰς,
1505 1899 1582 1948 καὶ
1612 1901 1703 1953 τήν
1730 1915 1785 1965 γε

1893 1893 1988 1944 teri
2018 1893 2248 1950 Verbum
2280 1895 2445 1950 Deum
2491 1897 2823 1954 incarnatum
2869 1917 3008 1967 esse,
3057 1918 3122 1959 ac
3164 1905 3233 1960 de
3271 1916 3453 1964 sancta

205 1988 470 2040 σύστασιν
493 1985 576 2039 έπί
591 1993 683 2046 τῆς
704 1987 990 2058 γυναικείας
1013 1983 1258 2056 δεξαμένῳ
1279 1986 1521 2059 γαστρὸς,
1549 1987 1659 2042 ένῆν
1676 2027 1689 2047 ,
1721 1987 1788 2043 ὡς

205 2075 368 2141 εἰκὸς,
399 2072 570 2132 έπειδη
607 2073 716 2144 ἅμα
757 2083 832 2146 τῷ
857 2073 1256 2137 διατι-λα’σθῆναι,
1298 2079 1380 2128 καί
1417 2076 1474 2129 τὸ
1514 2071 1636 2129 εἶναι
1662 2080 1786 2128 Θεοῦ

205 2166 327 2219 ναὸν
354 2165 568 2237 εἰλήφει⁸
609 2168 667 2218 οὐ
693 2170 791 2235 μὴν
819 2166 903 2218 τὸν
941 2166 1062 2220 Θεὸν
1100 2167 1398 2238 γεγενῆσθαι
1437 2168 1643 2237 ἡγητέον
1669 2167 1788 2237 ἡμῖν

207 2255 266 2307 in
292 2263 386 2314 τῆς
404 2255 674 2328 παρθένου,
701 2257 744 2309 εἰ
762 2261 831 2324 μη
845 2254 947 2329 ἄρα
969 2257 1154 2311 ταυτὸν
1174 2259 1380 2328 ἡγητέον
1396 2259 1517 2320 ἡμῖν
1531 2258 1590 2311 τὸ
1610 2279 1663 2312 τε
1679 2278 1788 2330 γεν-

205 2347 351 2403 νηθέν
379 2350 463 2399 καί
489 2347 547 2401 τὸ
573 2349 622 2399 ἐν
659 2355 724 2418 τῷ
753 2349 1027 2418 γεννηθέντι
1055 2352 1137 2401 τὸν
1155 2351 1293 2414 ναὸν,
1317 2351 1502 2404 καὶτὸν
1523 2351 1570 2404 έν
1590 2358 1662 2424 τῷ
1685 2359 1789 2421 ναῷ

205 2438 332 2492 Θεὸν
360 2436 524 2508 λόγον·
556 2439 615 2491 οὐ
641 2443 738 2506 μὴν
757 2437 868 2492 οὐδέ
894 2441 1022 2493 κατὰ
1046 2445 1136 2498 τήν
1164 2445 1258 2498 σήν
1287 2446 1448 2512 φωνήν
1481 2443 1789 2512 ἆποφαντέον

205 2511 378 2584 πάντη
397 2528 482 2581 τὸν
508 2530 561 2580 έκ
587 2535 678 2587 τῆς
699 2529 949 2600 παρθένου
975 2531 1261 2600 γεννηθέντα
1288 2533 1411 2586 Θεὸν
1441 2525 1560 2584 εἶναι
1586 2532 1639 2582 ἐκ
1659 2537 1787 2586 Θεοῦ

207 2616 480 2685 ὸμοούσιον
497 2624 572 2688 τῷ
601 2621 778 2688 πατρί.
809 2623 864 2671 Εἰ
877 2615 976 2693 γὰρ
1001 2624 1089 2672 οὐκ
1114 2617 1375 2690 ἄνθρωπός
1399 2623 1558 2683 έστιν,
1587 2624 1653 2680 ὡς
1674 2627 1786 2692 φής,

210 2709 500 2779 ἀναληφθεὶς
519 2710 545 2762 ὸ
563 2711 807 2780 γεννηθεὶς
820 2711 872 2762 ἐκ
885 2719 978 2771 τῆς
990 2713 1237 2785 παρθένου
1248 2751 1261 2770 .
1277 2710 1467 2778 Θεὸςδέ
1489 2733 1523 2767 σ
1538 2713 1786 2786 ιρκωθεὶς,

208 2805 321 2856 πῶς
359 2798 386 2852 ὸ
423 2801 642 2868 γενηθεὶς
669 2801 788 2860 Θεὸς
815 2801 867 2853 έκ
892 2807 1020 2856 Θεοῦ
1039 2843 1052 2864 ,
1096 2806 1176 2854 καὶ
1217 2801 1484 2872 ὁμοούσιος
1506 2804 1696 2874 λέγοιτο
1732 2798 1792 2856 ἂν

208 2897 280 2954 τῷ
318 2892 500 2962 πατρί,
531 2898 622 2948 τῆς
653 2892 840 2966 σαρκὸς
877 2892 934 2942 εὖ
963 2889 1239 2959 δυναμένης
1266 2894 1453 2950 ταύτην
1491 2894 1794 2966 προσίεσθαι

208 2982 509 3048 dum;
537 2972 715 3033 ΙἜστιν
750 2983 840 3049 μέν
879 2983 981 3054 γὰρ
1021 2983 1226 3039 ἀνόητον
1249 2982 1306 3034 τὸ
1346 2983 1429 3036 τὸν
1467 2983 1590 3036 Θεὸν
1627 2984 1682 3036 έκ
1703 2991 1792 3042 τῆς

206 3070 462 3140 παρθένου
478 3073 796 3140 γεγεννῆσθαι
815 3071 987 3142 λέγειν.
1005 3079 1163 3124 Τοῦτο
1176 3078 1273 3142 γὰρ
1289 3071 1429 3126 οὐδὲν
1445 3073 1611 3143 ἕτερὸν
1633 3064 1787 3136 ἐστιν,

205 3157 241 3218 ἦ
269 3157 325 3211 ἐκ
349 3161 646 3233 σπέρματος
683 3160 835 3212 αὐτὸν
862 3159 1018 3230 λέγειν
1061 3158 1216 3214 Δαϐὶδ
1255 3161 1306 3213 έκ
1347 3168 1439 3220 τῆς
1482 3163 1661 3219 οὐσίας
1702 3169 1792 3220 τῆς

1890 1979 2102 2048 Virgine
2133 1992 2334 2049 natum,
2365 1986 2457 2038 sed
2488 2001 2676 2055 purum
2703 1988 2973 2047 hominem
2997 1989 3267 2049 Christum
3294 2010 3454 2064 quem

1887 2075 2068 2142 templi
2095 2077 2354 2130 vocabulo
2376 2077 2635 2145 designat.
2668 2077 2948 2134 Constabit
2976 2083 3176 2152 pariter
3203 2086 3452 2153 dilucide,

1886 2163 2023 2218 hanc
2049 2178 2262 2232 quoque
2291 2166 2621 2235 impietatem
2668 2169 2736 2223 ab
2783 2172 3028 2241 improbo
3057 2176 3297 2242 epistolas
3324 2179 3454 2232 scri-

1885 2260 2042 2321 ptore
2070 2253 2314 2307 haustam
2355 2271 2474 2309 esse
2518 2273 2586 2310 ex
2633 2257 2900 2315 Theodori
2943 2261 3207 2329 doctrina,
3256 2269 3301 2321 si
3330 2282 3456 2324 cum

1887 2344 1953 2398 iis
1977 2359 2096 2412 qua:
2124 2344 2434 2402 Theodorus
2464 2350 2577 2417 ipse
2606 2351 2659 2404 in
2690 2353 2849 2407 tertio
2870 2348 3125 2411 adversus
3143 2355 3456 2417 bmreticum

1888 2431 2270 2501 Apollinarium
2319 2437 2454 2492 libro
2500 2441 2706 2508 scribit,
2751 2443 3076 2499 conferatur.
3124 2465 3144 2498 ε
3172 2447 3237 2502 At
3285 2451 3452 2516 enim,

1889 2523 2076 2590 inquit,
2110 2524 2272 2593 Deus,
2295 2535 2351 2594 et
2377 2541 2444 2581 ex
2472 2528 2604 2594 Deo,
2634 2532 3108 2591 consubstantialis
3136 2534 3302 2604 Patri,
3330 2547 3386 2596 et
3411 2541 3456 2598 is

1889 2617 2028 2670 idem
2052 2617 2241 2689 [Ct-(ec.
2267 2617 2365 2689 illi]
2379 2619 2467 2688 qui
2489 2635 2556 2676 ex
2571 2621 2788 2689 Virgine
2806 2631 2963 2679 natus
2984 2633 3120 2692 erat,
3145 2641 3178 2682 ο
3193 2630 3454 2700 mirande.

1891 2715 1944 2760 et
1965 2709 2054 2776 qui
2073 2723 2169 2776 per
2187 2708 2444 2778 Spiritum
2467 2719 2734 2780 sanctum,
2758 2715 3048 2769 secundum
3069 2715 3280 2772 divinas
3305 2717 3456 2774 Scri-

1893 2804 2076 2866 pturas
2104 2799 2396 2866 plasmatus
2426 2808 2506 2854 est
2547 2809 2602 2854 et
2649 2801 2701 2854 in
2749 2804 2995 2858 muliebri
3033 2815 3220 2862 ventre
3248 2810 3455 2881 accepit

1892 2888 2286 2954 conﬁctionem,
2311 2892 2487 2944 inerat
2510 2888 2752 2955 forsitan,
2775 2893 2897 2960 quia
2920 2907 3067 2959 mox,
3092 2903 3150 2948 ut
3165 2895 3456 2966 plasmata!

1892 2986 1993 3043 est,
2026 2988 2082 3032 et
2125 2986 2182 3033 ut
2212 2980 2470 3048 templum
2517 2979 2609 3034 Dei
2656 2991 2798 3036 esset
2839 2985 3087 3052 accepit:
3119 3001 3226 3041 non
3273 2994 3454 3046 tamen

1893 3068 2302 3123 existimandum
2331 3077 2412 3122 est
2443 3068 2607 3123 Deum
2637 3085 2702 3124 ex
2729 3069 2946 3140 Virgine
2973 3081 3155 3128 natum
3185 3090 3324 3143 esse,
3355 3077 3456 3138 nisi

1894 3157 2032 3213 forte
2059 3159 2207 3213 idem
2227 3161 2639 3216 existimandum
2667 3163 2822 3217 nobis
2849 3172 2948 3230 est,
3001 3174 3055 3219 et
3083 3168 3225 3235 quod
3271 3177 3456 3224 natum

207 3250 464 3323 παρθένου
524 3251 848 3319 τετεγμένον,
905 3253 987 3303 γαί
1036 3251 1086 3301 ἓν
1310 3248 1787 3321 διαπεπλασμένον*

1892 3253 1994 3311 est,
2020 3253 2076 3301 et
2096 3245 2237 3313 quod
2259 3252 2342 3298 est
2364 3246 2421 3300 in
2439 3257 2568 3305 nato
2587 3252 2864 3321 templum,
2880 3262 2934 3308 et
2952 3256 3036 3324 qu'
3062 3255 3116 3308 in
3147 3255 3346 3325 templo
3374 3266 3458 3316 est

206 3339 380 3407 έπείγε
396 3339 465 3398 ,τὸ
493 3339 544 3390 ἐκ
581 3341 872 3416 σπέρματος
921 3339 1081 3393 Δαϐἰδ
1129 3344 1215 3393 καί
1256 3342 1307 3393 ἐκ
1347 3349 1435 3401 τῆς
1481 3344 1655 3399 οὐσίας
1699 3350 1790 3402 τῆς

207 3429 458 3502 παρθένου
479 3433 674 3483 συστὰν
697 3430 746 3480 έν
852 3431 1064 3503 ῂτρῴᾳ
1085 3434 1296 3503 γαστρὶ,
1328 3436 1413 3485 καί
1439 3439 1501 3503 τῇ
1527 3439 1615 3486 τοῦ
1643 3431 1790 3503 ἁγίου

1895 3333 2038 3387 Deus
2065 3333 2294 3388 Verbum
2321 3352 2334 3386 :
2365 3350 2470 3388 non
2501 3344 2696 3401 tamen,
2744 3353 2843 3392 nec
2867 3341 3156 3396 secundum
3185 3351 3331 3399 tuam
3362 3363 3450 3403 vo-

1895 3442 2011 3482 cem
2039 3427 2489 3496 pronuntiandum
2537 3435 2621 3481 est
2663 3429 2904 3493 omnino,
2936 3444 3004 3484 ex
3050 3430 3266 3500 Virgine
3292 3434 3459 3492 Deum

207 3521 502 3586 πνεύματος
523 3517 828 3572 διαπλασθέν
855 3517 1060 3588 δυνάμει
1084 3523 1407 3589 γεγεννῆσθαί
1439 3542 1596 3591 φαμεν
1626 3524 1677 3574 ἐκ
1700 3531 1812 3581 τῆςί

1898 3525 2078 3574 natum
2102 3531 2235 3580 esse,
2268 3524 2322 3569 et
2347 3513 2553 3571 εει)εο
2580 3515 3088 3572 consubstantialem
3114 3519 3279 3576 Patri.
3325 3523 3459 3579 Nam

205 3608 483 3682 παρθένου.
517 3625 536 3659 ε

1896 3609 1942 3661 si
1983 3623 2089 3661 non
2133 3608 2295 3660 homo
2326 3613 2428 3671 est,
2459 3608 2597 3661 sicut
2624 3606 2776 3670 dicis,
2807 3610 3128 3678 assumptus,
3171 3612 3262 3682 qui
3301 3622 3459 3671 natus

1896 3709 1978 3755 est
2013 3714 2081 3752 ex
2105 3697 2341 3765 Virgine,
2385 3696 2522 3749 Deus
2547 3694 2677 3750 vero
2711 3697 3035 3763 incarnatus,
3065 3701 3338 3769 quomodo
3365 3701 3459 3770 qui

205 3795 370 3842 natus
413 3797 497 3841 est
553 3789 694 3844 Deus
745 3806 813 3845 ex
873 3790 1025 3860 Deo,
1078 3801 1135 3846 et
1182 3793 1647 3860 consubstantialis
1675 3780 1871 3849 diciiur
1906 3792 2071 3856 Patri,
2111 3803 2272 3843 carne
2311 3793 2416 3840 non
2461 3795 2680 3854 p0tente
2721 3787 2858 3841 hanc
2905 3803 3092 3842 vocem
3139 3789 3462 3860 suscipere?

205 3879 346 3934 Nam
393 3889 477 3934 est
520 3880 733 3948 quidem
781 3881 1048 3938 dementia
1078 3883 1258 3938 dicere
1304 3884 1470 3938 Deum
1517 3900 1584 3938 ex
1633 3885 1852 3953 Virgine
1890 3892 2071 3937 natum
2101 3896 2241 3934 esse.
2290 3877 2404 3932 Hoc
2430 3878 2572 3932 enim
2598 3877 2729 3930 nihil
2755 3876 2896 3930 aliud
2925 3887 3186 3947 estquam
3214 3896 3278 3936 ει
3301 3884 3460 3938 semi-

205 3985 281 4023 ne
321 3985 446 4023 eum
494 3969 672 4024 dicere
715 3971 899 4036 David,
952 3980 1008 4026 et
1047 3972 1114 4026 de
1143 3961 1458 4029 substantia
1499 3974 1734 4043 Virginis
1771 3975 2025 4043 genitum,
2076 3981 2133 4026 et
2176 3973 2229 4024 in
2275 3971 2390 4040 ipsa
2415 3969 2753 4040 plasmatum,
2803 3970 2926 4037 quia
2970 3972 3112 4037 quod
3151 3987 3216 4026 ex
3257 3970 3464 4031 semine

204 4060 398 4124 David,
445 4068 502 4113 et
551 4060 618 4114 de
649 4060 954 4116 substantia
1003 4061 1236 4130 Virginis
1285 4073 1367 4118 est
1413 4064 1463 4116 in
1521 4073 1766 4120 materno
1791 4072 1981 4118 ventre
2007 4061 2268 4123 constitit,
2322 4068 2378 4115 et
2422 4059 2594 4114 sancti
2623 4057 2852 4129 Spiritus
2880 4060 3199 4129 plasmatum
3244 4061 3457 4131 virtute,

203 4159 396 4204 natum
426 4149 586 4202 fuisse
611 4149 840 4203 dicimus
865 4165 934 4204 ex
960 4150 1196 4220 Virgine.
1229 4171 1247 4202 ι

282 4240 432 4292 οέτω
479 4241 646 4292 τοίνυν
692 4239 1105 4313 βλασφημοῦντος
1129 4240 1410 4315 Θεοδώρου,
1442 4246 1525 4296 καί
1553 4245 1788 4304 πολλάκις

202 4326 657 4396 διαέεϐαιουμένου
696 4332 767 4398 μὴ
807 4326 1019 4382 δυνατὸν
1049 4325 1169 4383 εἶναι
1196 4330 1284 4382 τὸν
1321 4331 1440 4384 Θεὸν
1469 4335 1550 4384 καὶ
1581 4333 1635 4384 in
1662 4339 1786 4386 Θεοῦ

203 4423 295 4472 καὶ
345 4418 612 4489 ὸμοούσιον
657 4426 730 4490 τῷ
773 4421 965 4492 πατρί,
999 4421 1320 4491 σαρκωθῆναι
1359 4423 1443 4473 καί
1475 4423 1711 4490 τεχθῆναι
1734 4424 1787 4474 ἐκ

202 4520 300 4569 τῆς
341 4511 625 4585 παρθένου,
665 4507 840 4568 ἐπειδὴ
890 4508 1006 4563 οὐδέ
1033 4511 1064 4566 ἠ
1090 4511 1219 4583 σὰρξ
1265 4509 1533 4578 ὁμοούσιὸς
1565 4513 1676 4565 ἑστι
1715 4519 1786 4580 τῷ

202 4607 388 4678 πατρὶ,
421 4611 530 4661 πῶς
578 4605 663 4656 οῦκ
709 4603 1002 4677 έρυθριῶσιν
1050 4603 1095 4655 oi
1142 4603 1228 4656 τὸν
1273 4609 1498 4657 τοιοῦτον
1543 4605 1786 4675 αἱρετικὸν

202 4693 555 4755 ἐκδικοῦντεςς
589 4691 649 4752 ὅς
668 4714 744 4751 τις
771 4699 922 4746 τοῦτο
949 4695 1038 4761 μὲν
1058 4701 1167 4752 ταῖς
1199 4694 1352 4750 θείαις
1376 4701 1612 4767 γραφαῖς,
1635 4700 1786 4746 τοῦτο

201 4785 266 4840 δέ
295 4787 381 4837 καί
421 4793 528 4843 τοῖς
559 4783 718 4853 ἁγίοις
762 4787 1018 4854 πατράσιν
1066 4784 1257 4836 ἐναντία
1295 4791 1540 4852 μυσαρῶς
1577 4785 1785 4848 ἐξέθετο,

201 4874 361 4930 ὸπὸτε
405 4871 552 4930 δῆλον
586 4878 721 4950 «Qui
768 4874 1069 4929 καθέστηκεν
1107 4875 1175 4932 ὡς
1220 4874 1468 4946 ἀπαρχῆς
1498 4875 1549 4936 ίξ
1577 4871 1788 4947 οὗπερὸ

201 4968 335 5025 Θεὸς⁹
383 4969 472 5022 τήν
517 4964 773 5020 ἐκκλησίαν
823 4964 1146 5032 έθεμελὶωσεν
1189 4966 1239 5016 ἐν
1384 4966 1501 5038 ὀρθῇ
1530 4963 1786 5037 ὁμολογίᾳο

203 5058 400 5114 πάντες
428 5057 474 5108 οἱ
512 5060 604 5108 τοῦ
639 5060 766 5107 Θεοῦ
806 5055 957 5128 ἱερεῖς
991 5052 1233 5126 ἐκήρυξαν
1274 5054 1356 5107 τὸν
1390 5057 1513 5107 Θεὸν
1540 5053 1680 5122 λόγον
1705 5055 1789 5108 τὸν

205 5149 265 5199 ἐκ
294 5153 422 5200 Θεοῦ
453 5146 770 5220 σαρκωθῆναι
800 5145 851 5196 έκ
876 5153 967 5202 τῆς
1008 5143 1153 5215 ἁγίας
1187 5147 1268 5196 καί
1308 5142 1504 5206 ἐνδόξου
1541 5145 1788 5217 παρθένου

201 5238 404 5312 Μαρίας
440 5237 591 5310 σαρκί
627 5233 938 5306 ἐψυχωμένῃ
981 5233 1134 5307 ψυχῇ
1174 5233 1343 5308 λογικῇ
1386 5236 1467 5288 καί
1505 5239 1676 5307 νοερᾷ,
1708 5239 1790 5289 καί

197 5327 594 5399 ἐνανθρωπῆσαι
612 5325 694 5378 καί
708 5314 768 5387 ’ἐξ
790 5324 948 5383 αὐτῆς
975 5327 1234 5393 τεχθῆναι·
1261 5328 1340 5377 ναί
1361 5325 1493 5380 οὕτω
1525 5323 1785 5378 διδάσκονο

199 5439 314 5481 τες,
348 5415 464 5469 οὐδέ
493 5419 684 5490 τροπῆν
711 5421 802 5473 τῆς
821 5415 1054 5474 θεότητος
1077 5418 1151 5474 εἰς
1180 5416 1344 5491 σάρκα
1371 5417 1654 5488 εἰσήγαγον,
1675 5416 1786 5470 οὐδέ

198 5507 292 5564 διά
323 5511 415 5564 τήν
441 5509 611 5579 σάρκα
639 5503 903 5574 ὁμοούσιον
939 5507 1092 5560 αὐτὸν
1116 5501 1240 5560 εἶναι
1269 5514 1341 5577 τῷ
1369 5512 1525 5579 πατρὶ
1561 5511 1786 5581 ἀπηρνή-

198 5618 388 5657 σαντο,
431 5597 595 5655 καθὼς
634 5596 890 5671 Θεόδωρος
934 5597 1104 5671 ληρεῖ·
1135 5595 1238 5648 ἀλλ’
1265 5596 1352 5651 ἕνα
1395 5601 1478 5650 καὶ
1512 5599 1597 5651 τὸν
1639 5599 1787 5652 αὐτὸν

199 5685 379 5761 κῦρισν
417 5691 503 5740 καί
546 5686 664 5740 Θεὸν
701 5689 839 5756 ἡμῶν
867 5694 1061 5743 Ἰησοῦν
1110 5686 1363 5760 Χριστὸν,
1395 5688 1522 5740 κατὰ
1559 5689 1647 5756 μὲν
1698 5701 1786 5745 την

197 5775 423 5834 Θεότητα
451 5775 718 5845 duco-Scias
739 5771 861 5829 εἶναι
886 5784 956 5845 τῷ
982 5781 1159 5848 «arpi,
1183 5775 1313 5827 κατὰ
1333 5772 1386 5826 δέ
1415 5781 1503 5833 τήν
1528 5777 1785 5854 ἀνθρωπό-

207 5888 349 5927 τητα
375 5868 455 5922 τὸν
486 5867 632 5923 αὐτὸν
659 5867 927 5932 ὸμοούσιον
956 5869 1070 5935 ἡμῖν
1098 5861 1217 5919 εἶναι
1243 5861 1485 5926 ἐδίδαξαν.

1816 4648 1863 4706 D

1963 4240 2053 4296 Sic
2097 4241 2277 4308 itaque
2321 4241 2726 4311 blasphemante
2776 4240 3081 4308 Theodoro,
3131 4251 3292 4312 atque
3319 4260 3462 4316 saepe

1892 4333 2085 4400 saepius
2130 4331 2459 4398 argumentis
2518 4331 2829 4385 decertante
2875 4332 3095 4385 minime
3143 4333 3257 4386 ﬁeri
3303 4347 3461 4403 posse

1892 4421 2059 4474 Deum
2088 4421 2156 4474 de
2186 4422 2318 4487 Deo,
2348 4419 2600 4489 Patrique
2627 4421 3141 4476 consubstantialem
3168 4423 3460 4489 incarnari,

1889 4519 1943 4563 et
1969 4525 2035 4563 ex
2067 4509 2282 4578 Virgine
2310 4511 2476 4572 nasci,
2501 4524 2622 4562 cum
2650 4525 2777 4563 caro
2804 4506 2949 4563 Patri
2983 4511 3460 4568 consubstantialis

1889 4616 2007 4654 esse
2047 4615 2153 4654 non
2183 4601 2371 4670 possit,
2401 4600 2670 4668 quomodo
2695 4599 2897 4668 pudore
2925 4599 3162 4653 maximo
3206 4599 3324 4668 ejus
3350 4601 3461 4656 bte-

1887 4690 2038 4745 rctici
2067 4691 2280 4759 patroni
2311 4706 2420 4744 non
2448 4687 2766 4752 afﬁciuntur,
2807 4688 2897 4758 qui
2943 4688 3047 4743 hoc
3075 4689 3245 4743 sacris
3268 4689 3460 4748 litteris

1888 4781 2242 4845 contrarium,
2292 4780 2345 4834 id
2386 4795 2508 4834 cum
2550 4786 2861 4834 sanctorum
2903 4777 3122 4832 Patrum
3171 4779 3462 4838 traditione

1887 4884 2128 4940 pugnans
2176 4870 2457 4934 invexerit,
2511 4869 2564 4922 in
2614 4867 2806 4936 quibus
2851 4867 3057 4921 scilicet
3098 4869 3459 4924 certissimum

1886 4971 1970 5015 est
1999 4961 2302 5028 unicuique,
2354 4958 2522 5012 Deum
2568 4959 2636 5012 ab
2683 4955 2835 5019 initio
2885 4954 3178 5011 Ecclesiam
3220 4969 3375 5013 suam
3401 4956 3459 5012 in

1887 5061 2036 5106 recta
2081 5047 2422 5104 confessione
2462 5045 2844 5102 constituisse?
2893 5042 3139 5099 Universi
3179 5045 3322 5100 enim
3364 5045 3458 5102 Dei

1891 5140 2200 5195 sacerdotes
2246 5137 2602 5213 prtedicarunt
2649 5134 2814 5188 Deum
2863 5133 3122 5199 Verbum,
3173 5133 3342 5188 Deum
3389 5134 3459 5191 de

1889 5233 2021 5297 Deo,
2053 5249 2118 5285 ex
2144 5240 2328 5285 sancta
2355 5238 2515 5296 atque
2548 5228 2780 5296 gloriosa
2811 5227 2975 5282 Maria
3006 5228 3222 5296 Virgine
3271 5237 3457 5287 natum

1889 5332 1946 5378 et
1974 5325 2303 5377 incarnatum
2343 5334 2481 5385 esse,
2524 5333 2849 5387 carnemque
2895 5321 3071 5372 anima
3109 5320 3360 5375 rationali
3403 5329 3459 5382 et

1888 5411 2231 5468 intellectuali
2253 5407 2572 5465 viviﬁcatam
2601 5409 2967 5478 assumpsisse,
2997 5417 3052 5464 et
3075 5410 3346 5482 hominem
3375 5409 3456 5463 fa.-

1888 5510 2034 5557 ctum
2061 5517 2198 5565 esse,
2235 5508 2396 5569 atque
2421 5500 2488 5554 de
2515 5501 2630 5570 ipsa
2658 5498 2875 5566 Virgine
2901 5509 3124 5553 natum:
3176 5500 3336 5569 idque
3358 5499 3458 5553 do,

1888 5605 2070 5649 centes
2105 5607 2276 5661 neque
2305 5595 2716 5647 conversionem
2739 5591 3034 5646 divinitatis
3061 5592 3114 5646 in
3147 5592 3453 5647 humanita-

1888 5695 1994 5738 tem
2017 5685 2350 5748 invexerunt,
2376 5696 2549 5750 neque
2569 5682 2740 5750 ipsum
2761 5681 3051 5736 secundum
3071 5696 3286 5736 carnem
3308 5679 3454 5740 Patri

1889 5773 2393 5828 consubstantialem
2443 5787 2562 5827 esse
2594 5769 2882 5825 commenti
2913 5779 3059 5839 sunt,
3088 5779 3250 5843 prout
3276 5769 3453 5827 Theo-

1889 5867 2050 5921 dorus
2081 5867 2302 5935 ineptit;
2343 5864 2437 5920 sed
2488 5864 2698 5918 unicum
2729 5870 2784 5917 et
2815 5861 3066 5918 eumdem
3087 5864 3369 5930 Dominum
3399 5869 3456 5922 et
