4220 6442
805 390 939 457 1063

2114 411 2548 478 JUSTINIANI
2589 418 2743 480 IMP.

3918 416 4047 484 1064

809 521 922 590 ὂιξί,
959 518 1012 573 δέ
1038 521 1191 573 αὑτὸν
1237 524 1315 572 καί
1352 529 1480 592 ,τιμῇ
1509 521 1648 591 πάσῃ
1681 523 1985 593 περιϐαλεῖν
2019 525 2148 577 ὥστε
2181 528 2265 576 καὶ
2293 527 2379 574 κυ-
2413 540 2454 584 Α

2377 554 2379 561 -
2413 540 2454 584 Α
2485 539 2721 577 "oratum
2759 543 2874 578 vero
2904 529 3059 593 paulo
3091 531 3256 582 minus
3287 530 3348 582 ab
3397 532 3614 602 angelis,
3663 533 3790 600 quia
3817 545 4043 591 martem

816 628 920 676 ριον
951 610 1198 677 ἀποφῆναι
1219 615 1318 662 τῶν
1355 608 1589 662 ἁπάντων
1617 609 1700 664 διά
1725 619 1816 668 τῆς
1855 612 1979 683 πρὸς
2025 612 2200 665 έαυτὸν
2230 634 2383 667 συνα-

815 701 971 770 γεὶας.
1003 715 1022 748 ε
1049 699 1139 750 Ital
1154 698 1298 751 πάλιν
1320 701 1370 752 έν
1389 708 1451 773 τῇ
1475 700 1709 774 ἑρμηνείᾳ
1730 707 1820 754 τοῦ
1843 699 2018 772 ὀγδόου
2043 701 2246 771 ψαλμοῦ
2268 709 2386 775 περὶ

815 791 905 840 τοῦ
943 786 1096 840 αὐτοῦ
1139 786 1294 858 ῥητοῦ
1321 787 1344 840 6
1371 790 1525 846 αὐτὸς
1568 789 1756 847 ἀσεϐὴς
1793 787 2050 863 Θεόδωρος
2078 791 2208 845 οὕτω
2234 793 2383 861 λέγω

821 893 840 924 ε
863 877 956 930 Διά
970 883 1120 930 τοῦτο
1139 879 1302 930 τοίνυν
1321 881 1410 933 τήν
1429 879 1517 946 μέν
1534 875 1768 951 διαφοράν
1782 885 1872 933 τοῦ
1896 901 1949 933 τε
1971 887 2099 933 Θεοῦ
2114 881 2278 950 λόγου.
2301 885 2387 935 καί

816 973 902 1018 τοῦ
933 966 1286 1035 ἀναληφθέντος
1322 967 1607 1038 ἀνθρώπου,
1639 971 1891 1024 τοσαύτην
1933 971 2056 1036 ἡμῖν
2092 969 2334 1024 δείκνυσιν
2361 973 2386 1025 6

809 1053 1030 1123 ,ψαλμόςο
1073 1051 1348 1127 διῃρημένα
1385 1054 1438 1109 δέ
1485 1064 1649 1112 ταῦτα
1692 1059 1739 1110 ἐν
1888 1068 2027 1131 καινῇ
2069 1060 2275 1134 διαθήκῃ
2311 1063 2388 1115 εύ-

816 1149 1060 1216 ρίσκεται,
1084 1151 1172 1200 τοῦ
1201 1148 1289 1216 μὲν
1317 1152 1492 1221 κυρίου
1524 1148 1791 1216 ἐφ’έαυτρν
1818 1151 2156 1218 λαμϐάνοντος
2183 1153 2244 1206 τὰ
2264 1153 2389 1229 πρό-

815 1253 939 1304 τερα
979 1241 1066 1288 τοῦ
1097 1234 1319 1304 ψαλμοῦ,
1368 1237 1418 1288 έν
1470 1233 1542 1296 οἷς
1573 1242 1782 1297 ποιητήν
1817 1260 1873 1294 τε
1914 1243 2062 1295 αὐτὸν
2104 1237 2226 1294 εἷναί
2266 1263 2389 1311 φησι

816 1329 906 1381 τῆς
930 1324 1157 1384 κτίσεως,
1185 1325 1267 1376 καὶ
1296 1323 1571 1394 ἐπηρμένην
1600 1324 1748 1394 ἔχειν
1777 1330 2011 1401 ὑπεράνω
2039 1336 2136 1382 τῶν
2172 1334 2388 1403 οὗρανῶν

817 1414 905 1467 τήν
949 1413 1407 1485 μεγαλοπρέπειαν,
1433 1419 1512 1469 καί
1558 1417 2012 1485 τεθαυμαστῶσθαι
2053 1420 2103 1470 ἐν
2147 1421 2288 1489 πάσῃ
2325 1429 2388 1492 τῇ

817 1509 901 1572 γῇ*
930 1508 1022 1554 τοῦ
1051 1501 1103 1556 δὲ
1131 1505 1418 1558 ἀποστόλου
1443 1505 1510 1561 τά
1538 1506 1750 1582 δεύτερα
1780 1512 1841 1563 τά
1868 1513 1986 1581 περὶ
2010 1517 2100 1563 τοῦ
2126 1512 2387 1588 ἀνθρώπου

816 1599 906 1649 τῆς
945 1594 1204 1652 τοσαύτης
1248 1595 1542 1668 εὐεργεσίας
1581 1599 1964 1659 καταξιωθέντος
1995 1599 2078 1652 ἐπὶ
2106 1607 2197 1652 τοῦ
2223 1601 2387 1657 Ἰησοῦ

817 1677 1182 1748 λαμϐάνοντος,
1226 1691 1334 1741 πῶς
1375 1686 1431 1736 οὐ
1474 1685 1718 1756 πρόδηλον
1766 1685 1844 1742 ὅτι
1869 1688 2037 1759 ἕτερον
2073 1693 2164 1760 μὲν
2200 1694 2334 1761 ἡμᾶς
2359 1695 2389 1752 ἡ

817 1768 924 1821 θεία
949 1777 1110 1846 γραφὴ
1149 1769 1368 1825 διδάσκει
1408 1781 1577 1845 σαφῶς
1607 1771 1731 1829 εἶναι
1765 1779 1851 1831 τὸν
1880 1780 2002 1832 Θεὸν
2039 1780 2198 1853 λόγον,
2221 1783 2389 1854 ἕτερον

2487 623 2605 667 erat
2632 623 2960 680 gustaturus,
2992 617 3159 686 gloria
3198 634 3358 687 porro
3387 629 3442 672 et
3470 622 3674 675 honore
3701 621 4044 683 circumdari,

2486 706 2560 760 ita
2590 716 2649 760 ut
2684 707 2939 762 Dominus
2982 709 3146 762 etiam
3193 709 3609 763 constitueretur
3652 709 4045 767 universorum,

2485 798 2556 849 ob
2600 812 2750 850 suam
2795 813 2918 851 cum
2966 799 3086 867 ipso
3130 798 3587 866 coniunctionem.
3634 798 3703 852 Et
3748 798 3948 850 iterum
3996 793 4050 847 in

2484 886 2818 952 expositione
2843 887 3018 940 octavi
3049 888 3235 956 psalmi
3286 888 3356 942 de
3394 888 3581 942 eodem
3613 888 3808 956 prolati
3858 886 4051 954 impius

2487 973 2625 1026 idem
2654 973 2966 1028 Theodorus
2991 975 3105 1030 [nec
3132 976 3324 1029 habet:
3356 995 3374 1026 ε
3399 975 3524 1030 Ideo
3545 989 3674 1042 ergo
3696 973 4050 1030 differentiam

2484 1062 2702 1129 quidem
2733 1063 2827 1117 Dei
2855 1063 3034 1127 Verbi,
3082 1073 3138 1118 et
3176 1067 3245 1119 ab
3291 1067 3406 1134 ipso
3446 1067 3647 1134 recepti
3675 1065 3912 1119 hominis
3939 1075 4053 1118 tan-

2488 1159 2594 1203 tam
2623 1152 2778 1206 nobis
2802 1153 3035 1207 ostendit
3063 1154 3153 1208 hic
3190 1155 3445 1222 psalmus.
3498 1155 3674 1209 Divisa
3701 1170 3832 1210 vero
3859 1156 3974 1210 lnec
4001 1157 4051 1209 in

2485 1236 2636 1296 Novo
2683 1239 3028 1295 Testamento
3069 1243 3430 1310 reperiuntur,
3481 1244 3710 1298 Domino
3753 1244 3974 1312 quidem
4005 1246 4055 1298 in

2487 1343 2548 1383 se
2584 1330 2884 1397 accipiente
2911 1330 3200 1398 primordia
3226 1332 3438 1400 psalmi,
3488 1334 3542 1386 in
3578 1333 3768 1402 quibus
3795 1333 4053 1388 factorem

2488 1433 2610 1472 eum
2637 1418 2769 1472 dicit
2795 1434 2916 1474 esse
2944 1430 3224 1485 creatum,
3269 1431 3324 1475 et
3365 1423 3631 1476 elevatam
3661 1424 3862 1476 habere
3901 1439 4057 1490 super

2489 1507 2651 1563 omlos
2681 1508 3144 1575 magniﬁcentiam,
3200 1520 3256 1564 et
3303 1510 3572 1565 miriﬁcari
3620 1511 3674 1565 in
3716 1513 3863 1566 omni
3897 1521 4053 1567 terra.

2491 1596 2752 1663 Apostolo
2773 1607 2950 1651 autem
2977 1599 3200 1666 reliqua,
3241 1615 3361 1668 qua:
3402 1601 3470 1654 de
3517 1600 3735 1654 homine
3782 1611 3931 1665 sunt,
3969 1602 4058 1668 qui

2488 1686 2805 1743 beneﬁcium
2833 1689 3054 1741 meritus
3083 1697 3184 1754 est,
3203 1688 3270 1742 de
3290 1687 3418 1747 Jesu
3441 1689 3756 1758 accipiente,
3790 1691 4059 1758 quomodo

2490 1789 2598 1828 non
2628 1774 2986 1840 manifestum,
3018 1777 3162 1844 quod
3193 1778 3417 1832 alterum
3447 1780 3660 1848 quidem
3704 1780 3885 1834 divina
3915 1780 4058 1835 Scri-

818 1853 873 1911 δέ
896 1859 980 1911 τὸν
1005 1857 1285 1934 ἄνθρωπονς
1321 1864 1504 1921 πολλήν
1541 1886 1596 1919 τε
1626 1868 1789 1921 αὐτῶν
1816 1863 1968 1922 οὖσαν
1999 1869 2248 1926 δείκνυσι)
2273 1875 2390 1942 ἡμῖν
2420 1879 2467 1936 Β

2420 1879 2467 1936 Β
2494 1871 2648 1932 ptura
2675 1864 2832 1918 docet
2858 1865 3134 1920 evidenter
3171 1881 3291 1921 esse
3333 1868 3499 1922 Deum
3528 1869 3788 1938 Verbum,
3834 1869 4058 1926 alterum

818 1952 906 2005 τήν
933 1946 1191 2022 διαφρὰν.
1227 1962 1282 2003 ‘0
1315 1956 1404 2021 μέν
1438 1957 1539 2027 γάρ
1568 1961 1882 2026 μημονεύει.
1922 1958 1947 2012 6
1977 1958 2030 2013 δέ
2067 1970 2158 2020 τῆς
2195 1967 2390 2031 μνήμης

818 2036 1158 2098 καταξιοῦται⁶
1204 2044 1287 2093 καὶ
1329 2041 1354 2095 6
1387 2045 1476 2110 μὲν
1520 2045 1914 2111 ὲπισκέπτεται,
1944 2049 1970 2101 ὀ
2000 2048 2054 2103 δὲ
2086 2054 2169 2104 καί
2199 2055 2390 2114 ταύτης

818 2127 1198 2196 καταξιούμενος
1225 2135 1580 2203 μακαρίζεται·
1613 2139 1698 2188 καὶ
1727 2136 1753 2189 ὁ
1781 2141 1871 2206 μέν
1905 2141 2173 2213 εὐεργετῶν
2195 2144 2394 2199 ἐλαττοῖ

818 2214 998 2288 βραχύ
1032 2237 1085 2270 τι
1129 2219 1252 2292 παρ’
1272 2221 1516 2292 ἀγγέλους
1539 2263 1550 2280 .
1583 2223 1610 2278 6
1641 2223 1695 2278 δὲ
1725 2227 2053 2299 εὐεργετεῖται
2078 2234 2161 2284 καί
2211 2232 2294 2286 ἐπὶ
2330 2242 2392 2306 τῇ

818 2307 1027 2377 τοιαύτῃ
1053 2307 1339 2365 έλαττώσει⁶
1373 2315 1456 2364 καί
1483 2312 1510 2366 ό
1539 2315 1630 2382 μέν
1667 2314 1784 2388 δόξῃ
1808 2322 1889 2371 καὶ
1917 2329 2035 2392 τιμῇ
2078 2331 2332 2395 στεφανοῖ,
2365 2325 2391 2380 ὁ

817 2392 872 2449 δέ
901 2405 1247 2466 στεφανοῦται,
1291 2404 1372 2454 καὶ
1407 2404 1492 2455 ἐπὶ
1523 2407 1722 2464 τούτοις
1762 2413 2088 2482 μακαρίζεται
2105 2428 2117 2442 ⁸
2144 2417 2227 2466 καί
2254 2415 2280 2468 6
2303 2418 2391 2486 μέν

818 2487 1127 2544 κατέστησεν
1156 2491 1308 2544 αὑτὸν
1332 2493 1418 2546 ἐπέ
1437 2495 1604 2548 πάντα
1627 2498 1690 2551 τά
1718 2495 1844 2571 ἔργα
1868 2509 1968 2553 τῶν
1997 2511 2187 2577 χειρῶν
2212 2506 2388 2572 αὐτοῦ,

817 2576 902 2626 καί
945 2579 1116 2632 πάντα
1157 2579 1403 2645 ὑπέταξεν
1445 2584 1682 2640 ὑποκάτω
1723 2597 1820 2643 τῶν
1862 2589 2030 2644 ποδῶν
2057 2595 2250 2651 αὐτοῦ.
2281 2596 2305 2648 ό
2338 2595 2391 2649 δὲ

821 2665 1096 2726 κατηξιώθη
1119 2673 1208 2720 τοῦ
1238 2666 1504 2734 δεσπόζειν
1527 2676 1742 2739 τούτων,
1768 2671 1835 2731 ὧν
1857 2679 2104 2754 πρότερον
2132 2686 2222 2736 οὐκ
2252 2681 2365 2756 εἶχε

821 2757 911 2809 την
939 2754 1187 2815 ἐξουσίαν.
1221 2772 1241 2806 ε

890 2845 985 2896 Καὶ
1027 2850 1193 2900 ταῦτα
1242 2850 1332 2917 μέν
1373 2848 1398 2902 6
1438 2851 1630 2912 ἀσεϐής
1675 2856 1963 2930 Θεόδωρος,
2003 2865 2082 2915 καὶ
2118 2865 2149 2920 ἠ
2187 2871 2392 2940 μυσαρά

816 2930 975 2988 ὶκείνη
1030 2935 1261 2993 ἐπιστολή
1303 2938 1664 3010 βλασφημςῦσι
1711 2956 1933 3019 φανερῶς
1977 2930 2204 3022 λέγοντες
2251 2930 2394 3012 ῧλλον

815 3017 944 3075 εἶναι
982 3022 1066 3076 τὸν
1105 3027 1229 3078 Θεὸν
1271 3026 1438 3098 λόγον,
1468 3035 1550 3084 καξ
1597 3030 1740 3088 ἄλλον
1786 3039 1873 3093 τὶν
1921 3042 2167 3112 Χριστὸν,
2194 3042 2267 3104 οἷς
2313 3052 2394 3100 καὶ

820 3110 968 3175 ὑμεῖς
992 3112 1371 3176 ἀκολουθοῦντες
1415 3128 1785 3193 γεγραφήκατε,
1825 3127 1900 3183 ὄτι
1928 3132 1984 3184 τὸ
2003 3172 2016 3195 ,
2051 3149 2069 3183 ε
2091 3135 2392 3199 ἠλάττωσας

2489 1969 2621 2007 vero
2648 1953 2950 2009 hominem?
2988 1963 3045 2010 et
3067 1957 3288 2010 multam
3320 1971 3506 2011 eorum
3536 1959 3692 2012 nobis
3719 1973 3841 2014 esse
3880 1967 4058 2014 osten-

2488 2042 2568 2100 dit
2591 2043 2967 2098 dill‘erentiam.
2998 2043 3130 2099 Nam
3161 2045 3264 2100 iste
3287 2045 3501 2115 quidem
3522 2056 3808 2113 memorat,
3839 2049 3932 2104 ille
3961 2065 4058 2104 au-

2489 2151 2599 2196 tem
2639 2143 2954 2196 memoriam
3002 2153 3401 2210 commeretur;
3450 2146 3554 2200 iste
3599 2147 3817 2217 quidem
3858 2149 4058 2216 visitat,

2489 2229 2624 2284 alter
2650 2238 2830 2284 autem
2869 2232 3231 2287 visitationem
3261 2248 3380 2287 eam
3412 2243 3796 2302 commeretur,
3844 2236 4061 2293 beatus,

2489 2333 2595 2388 que
2620 2319 2856 2385 dicitur;
2902 2327 2960 2374 et
3006 2321 3108 2378 iste
3135 2322 3351 2390 quidem
3379 2324 3696 2382 beneﬁcium
3734 2327 3914 2382 dando
3964 2328 4062 2381 mi-

2489 2407 2607 2460 nuit
2633 2408 2794 2476 paulo
2820 2409 2998 2463 minus
3020 2410 3087 2464 ab
3117 2411 3341 2479 angelis,
3373 2413 3462 2467 ille
3489 2422 3668 2468 autem
3698 2423 3752 2468 et
3772 2430 3869 2485 per
3899 2417 4057 2470 talem

2490 2497 2840 2554 minutionem
2869 2500 3185 2556 beneﬁcium
3227 2503 3422 2572 accipit
3448 2521 3462 2568 ;
3493 2514 3550 2559 et
3577 2506 3676 2563 iste
3699 2507 3919 2576 quidem
3946 2508 4062 2576 gloo

2491 2589 2567 2642 ria
2619 2599 2674 2643 et
2714 2591 2920 2645 honore
2969 2603 3216 2660 coronat,
3263 2595 3400 2650 alter
3438 2606 3616 2651 autem
3660 2607 3974 2666 coronatur,
4011 2609 4063 2655 et

2491 2688 2778 2748 propterea
2808 2683 2999 2738 beatus
3027 2683 3260 2750 dicitur;
3308 2694 3362 2741 et
3389 2687 3492 2740 iste
3527 2688 3743 2756 quidem
3788 2692 4064 2744 constituit

2495 2769 2664 2837 ipsum
2691 2785 2854 2839 super
2882 2773 3062 2826 omnia
3107 2789 3271 2843 opera
3300 2789 3551 2829 manuum
3596 2777 3733 2844 ejus,
3782 2780 4066 2848 omniaque

2492 2861 2722 2928 subjecit
2761 2863 2860 2916 sub
2901 2863 3125 2931 pedibus
3169 2864 3307 2933 ejus,
3349 2867 3488 2920 alter
3515 2876 3696 2922 autem
3731 2870 3958 2924 meritus
3983 2878 4063 2925 est

2493 2951 2755 3006 dominari
2775 2953 2854 3007 eis
2876 2967 3103 3021 quorum
3125 2964 3280 3010 antea
3307 2972 3414 3011 non
3437 2959 3668 3015 habebat
3688 2968 4065 3031 potestatem.»

2495 3039 2763 3095 Hactenus
2810 3042 3004 3112 impius
3031 3042 3365 3112 Theodorus,
3412 3048 3662 3104 similiter
3707 3058 3870 3120 atque
3915 3066 4068 3107 exse-

2495 3131 2710 3185 crabilis
2736 3132 2963 3200 epistola
2991 3135 3366 3204 blasphemant
3396 3147 3584 3207 aperte
3609 3140 3772 3196 alium
3804 3141 3903 3196 Dei
3935 3142 4067 3198 Ver-

818 3195 976 3252 αὐτὸν
997 3200 1179 3273 βραχύ
1208 3225 1257 3258 τι
1292 3207 1418 3278 παρ’
1445 3210 1701 3280 ἀγγέλους,
1738 3233 1756 3265 ε
1783 3222 1901 3290 περί
1923 3222 2202 3296 ἀνθρώπου,
2233 3231 2314 3280 καὶ
2341 3231 2394 3281 οὖ
2418 3227 2462 3286 C

2418 3227 2462 3286 ς
2493 3220 2619 3276 bum
2647 3235 2797 3290 esse,
2839 3224 2999 3277 alium
3032 3241 3158 3281 vero
3200 3227 3504 3294 Christum;
3546 3245 3684 3300 quos
3729 3248 3826 3287 vos
3869 3235 4062 3300 secuti,

820 3293 938 3361 περὶ
963 3296 1054 3344 τοῦ
1083 3297 1423 3368 σαρκωῦέντος
1451 3310 1577 3355 Θεοῦ
1603 3305 1748 3373 λόγου
1788 3307 2000 3383 εἴρηται·
2031 3320 2106 3366 καί
2131 3337 2208 3370 τοι
2234 3320 2394 3391 ἐχρῆν

816 3379 955 3450 ὑμᾶς
984 3391 1138 3446 νοεῖν,
1172 3384 1249 3441 ὅτι
1270 3395 1374 3450 πᾶς
1403 3388 1661 3468 ἄνθρωπος
1704 3398 1920 3453 ἐλάττων
1945 3404 2081 3458 ἐστίν
2112 3416 2210 3460 τῶν
2237 3412 2392 3481 ἀγγέ-

817 3468 935 3536 λων,
967 3472 1090 3529 ἀλλά
1117 3482 1268 3530 τοῦτο
1297 3475 1491 3552 εἴρηται
1518 3480 1602 3538 διά
1629 3486 1711 3540 τὸν
1737 3500 1972 3560 μονογενῆ
1999 3495 2103 3546 uir)»
2129 3503 2220 3550 τοῦ
2241 3507 2389 3553 Θεοῦ.

817 3562 943 3619 Θεὸς
995 3563 1091 3634 γὰρ
1133 3563 1199 3617 ῶν
1247 3568 1453 3628 ἠξίωσεν
1503 3569 1763 3647 ἅνθρωπος
1789 3581 2020 3648 γενέσθαι
2062 3593 2124 3653 τῇ
2174 3587 2394 3662 ἡμετέρᾳ

818 3653 1229 3718 συγκαταϐαίνων
1277 3657 1539 3732 ἀσθενεΞᾳ⁶
1579 3661 1706 3735 ὅπερ
1762 3671 1847 3719 καὶ
1880 3668 1904 3720 ό
1937 3671 2218 3733 ἀπόστολος
2259 3679 2393 3746 ἠμῡς

815 3735 1042 3793 δὶδάσκει
1064 3740 1238 3809 λέγων,
1265 3760 1282 3791 ί
1314 3745 1400 3798 τὸν
1421 3745 1472 3799 δὲ
1493 3748 1675 3818 βραχύ
1702 3773 1751 3803 τι
1768 3753 1889 3827 παρ’
1907 3758 2148 3826 ἀγγέλους
2171 3735 2394 3818 ἠλαττωνο

817 3828 963 3892 μένον
983 3828 1229 3900 βλέπομεν
1273 3829 1486 3899 Ἰησοῦν,
1515 3836 1598 3892 διὰ
1623 3843 1682 3894 τὸ
1711 3845 1912 3912 πάθημα
1932 3853 2018 3900 τοῦ
2042 3849 2254 3906 θανάτου
2277 3853 2393 3925 δόξῃ

817 3921 896 3972 sui
934 3927 1054 3994 τιμῇ
1102 3923 1513 3995 ἐστεφανωμένον.
1539 3947 1556 3980 ι
1591 3934 1646 3984 Εἰ
1682 3937 1867 4000 τοίνυν,
1903 3939 1972 3998 ὥς
2020 3939 2165 4012 ὑμεῖς
2204 3921 2390 4017 λέγετε,

813 4003 959 4068 ἄλλος
996 4009 1134 4063 έστίν
1162 4019 1372 4100 -ῌΊησοῦς
1417 4015 1442 4069 6
1483 4017 1665 4090 βραχύ
1689 4043 1738 4076 τι
1764 4024 1880 4100 παρ’
1891 4003 2132 4100 ἀγγέλους
2159 4003 2393 4092 ἠλαττωεζ

818 4098 994 4166 μένος,
1021 4103 1108 4153 καὶ
1150 4098 1297 4162 ἄλλος
1342 4105 1367 4158 6
1405 4113 1498 4161 τοῦ
1546 4117 1670 4164 Θεοῦ
1706 4098 1851 4184 λόγος
1895 4116 1920 4170 6
1965 4098 2035 4189 ριή
2075 4122 2388 4190 ἐλαττωθεὶς,

816 4189 1163 4282 ἀναμφιϐόλως
1190 4191 1216 4247 ό
1239 4198 1446 4271 Χριστὸς
1478 4195 1622 4267 ψιλός
1653 4205 1788 4258 έστιν
1818 4203 2077 4282 ἄνθρωπος
2106 4213 2131 4267 6
2157 4216 2213 4268 τὸ
2238 4219 2392 4277 πάθος

818 4276 1119 4345 ὑπομείνας,
1151 4283 1286 4337 ῶστε
1315 4286 1417 4338 καθ’
1439 4288 1573 4354 ὑμᾶς
1599 4294 1682 4344 καί
1705 4296 1791 4346 τὸν
1816 4297 2091 4353 ἀπόστολον
2115 4301 2391 4370 ψεύδεσθαι

817 4363 1041 4438 λέγοντα,
1073 4387 1091 4418 ε
1120 4374 1176 4424 Ei
1198 4375 1297 4445 γάρ
1328 4373 1586 4444 ἔγνωσαν,
1613 4383 1700 4433 οὐκ
1734 4378 1793 4435 ἀν
1819 4385 1902 4438 τὸν
1932 4390 2099 4462 κύριον
2132 4399 2222 4453 τῆς
2249 4393 2392 4458 δόξης

819 4457 1178 4533 έσταύρωσαν.
1203 4482 1219 4511 ι
1251 4468 1336 4524 Τίς
1378 4468 1472 4542 γάρ
1501 4471 1636 4524 έστιν
1675 4474 1698 4524 ὁ
1729 4474 1898 4544 κύριος
1930 4457 2020 4539 τῆς
2057 4479 2219 4546 δόξης,
2252 4487 2296 4537 εἰ
2320 4491 2390 4554 μή

818 4547 847 4602 ό
869 4550 989 4611 Θεὸς
1014 4552 1157 4621 λόγος
1187 4556 1215 4608 ὁ
1236 4560 1513 4629 σαρκωθείς
1529 4601 1542 4621 ,
1572 4559 1624 4614 όν
1645 4565 1689 4616 oi
1710 4564 1930 4623 Ἰουδαῖοι
1952 4572 2070 4626 Θεὸν
2095 4571 2214 4630 εἶναι
2241 4580 2381 4648 ἀγνο·

818 4646 993 4702 οῦντες
1040 4639 1231 4712 ἔλεγον,
1259 4663 1277 4695 ε
1311 4652 1452 4702 Διατὶ
1485 4653 1551 4704 σὺ
1580 4650 1840 4725 ἄνθρωπος
1869 4657 1936 4712 ῶν
1972 4671 2138 4724 ποιεῖς
2178 4671 2391 4723 σεαυτόν

813 4729 967 4791 Θεόνς
989 4748 1008 4781 ε
1027 4727 1187 4805 Ὀπερ
1212 4737 1295 4786 καί
1319 4736 1345 4788 ὁ
1366 4738 1608 4813 ὑμέτερος
1631 4741 1923 4809 διδάσκαλος
1944 4749 2027 4806 διὰ
2045 4761 2135 4814 τῆς
2159 4764 2384 4831 πονηρᾶς

817 4823 1010 4881 ταύτης
1055 4823 1318 4896 έρμηνείας
1356 4836 1460 4888 τοῖς
1501 4830 1766 4894 Ἰουδαίοις
1805 4841 1988 4907 μᾶλλον
2025 4823 2382 4916 ἀκολουθήσας,

818 4913 1080 4970 κατέναντι
1102 4918 1196 4968 τοῦ
1225 4922 1348 4969 Θεοῦ
1372 4921 1508 4989 ἡμῶν
1529 4922 1789 4984 ἐλάλησεν.

889 5190 1013 5261 Πρὸς
1042 5189 1094 5245 δὲ
1125 5193 1395 5262 βεϐαίωσιν
1422 5205 1523 5252 τῶν
1557 5200 1812 5277 ὑμετέρων
1849 5205 2003 5273 λόγων
2045 5214 2382 5283 προσεθήκατε

813 5287 927 5338 τοῖς
955 5282 1234 5350 κεφαλαίοις
1282 5286 1423 5356 ὑμῶν
1462 5288 1686 5357 λέγοντες
1727 5295 1782 5344 τὸ
1824 5282 2092 5367 εἰρημένον
2120 5303 2262 5376 παρά
2301 5311 2390 5356 τοῦ

813 5367 1104 5425 ἀποστόλου
1137 5391 1156 5423 ε
1186 5371 1239 5433 6;
1266 5376 1317 5429 ἐν
1341 5386 1503 5451 μορφῇ
1526 5386 1652 5433 Θεοῦ
1677 5382 1933 5457 ὑπάρχων
1959 5387 2194 5442 ἐκένωσεν
2220 5391 2389 5446 έαντὸι

813 5468 1009 5533 μορφὴν
1047 5461 1224 5519 δούλου
1261 5467 1426 5520 λαϐὼν
1455 5486 1472 5519 ε
1500 5467 1732 5542 συνᾴδειν
1863 5475 2084 5550 ὑμετέρᾳ
2127 5479 2390 5551 ἑρμηνείχ,

813 5557 904 5606 sici
928 5559 997 5624 μή
1020 5558 1137 5625 περὶ
1161 5564 1250 5610 τοῦ
1277 5566 1405 5613 Θεοῦ
1429 5560 1577 5632 λόγου
1607 5569 1967 5640 σαρκωθέντος,
1998 5571 2121 5625 ἀλλά
2149 5577 2268 5643 περὶ
2301 5576 2392 5628 ἀν-

811 5646 1018 5719 θρώπου
1045 5648 1186 5717 μόνον
1213 5653 1456 5724 εἰρῆσθαι.
1485 5653 1622 5708 Ἀλλά
1648 5660 1693 5710 εἰ
1719 5660 1800 5712 καί
1836 5660 1986 5730 ὑμεῖς
2021 5670 2082 5734 τῇ
2121 5670 2218 5717 τῶν
2243 5665 2385 5737 αίριο

815 5743 968 5790 τινῶν
1000 5741 1083 5788 καὶ
1102 5739 1152 5788 έν
1169 5741 1334 5810 τούτῳ
1356 5744 1742 5806 ἀκολουθοῖ-ντες
1775 5749 1949 5821 πλάνη,
1982 5755 2099 5822 περί
2122 5753 2384 5821 ἀνθρώπου

825 5828 904 5882 τόν
941 5827 1217 5882 ἀπόστολον
1260 5833 1504 5904 εἰρηκέναι
1549 5833 1988 5903 διαϐεϐαιοῦτοαι,
2029 5839 2103 5895 ὅτι
2148 5841 2385 5901 ἔκένωοτν

2494 3330 2698 3385 pariter
2724 3323 3011 3392 scripsistis
3056 3325 3230 3380 locum
3262 3328 3408 3382 illum
3439 3371 3453 3396 ,
3493 3328 3733 3386 Minuisti
3759 3349 3873 3388 eum
3912 3336 4070 3403 paulo

2493 3414 2664 3467 minus
2690 3414 2754 3467 ab
2781 3417 3001 3485 angelis,
3024 3416 3092 3470 de
3119 3416 3368 3484 homine,
3401 3421 3622 3477 minime
3650 3433 3831 3479 autem
3860 3427 3932 3480 de
3961 3425 4070 3483 Deo

2497 3499 2672 3556 Verbo
2711 3502 2992 3557 incarnato
3033 3519 3154 3560 esse
3191 3508 3478 3580 prolatum.
3530 3508 3827 3580 Oportebat
3868 3525 4070 3580 autem,

2493 3597 2552 3642 ut
2580 3590 2947 3657 intelligeretis
2994 3608 3208 3647 omnem
3257 3596 3530 3652 hominem
3577 3601 3778 3668 angelis
3809 3617 3933 3656 esse
3970 3605 4068 3658 mi-

2494 3693 2700 3742 norem,
2733 3679 2826 3734 sed
2856 3680 2909 3734 id
2938 3681 3005 3736 de
3035 3683 3310 3752 unigenito
3339 3687 3447 3740 Deo
3487 3688 3664 3745 Verbo
3693 3689 3896 3747 dictum
3929 3709 4049 3750 esse

2493 3767 2580 3832 qui
2608 3762 2748 3820 Deus
2767 3769 3001 3824 existens
3034 3772 3281 3837 dignatus
3327 3785 3408 3828 est
3450 3777 3612 3832 homo
3643 3781 3778 3848 ﬁeri,
3831 3793 4068 3838 nostram

2493 3858 2593 3913 sibi
2619 3860 2950 3929 coniungens
2978 3863 3361 3929 inﬁrmitatem,
3393 3869 3536 3936 quod
3575 3869 3733 3926 docet
3773 3874 3892 3942 ipse
3924 3875 4068 3946 Apo-

2492 3947 2660 4003 stolus
2687 3950 2870 4006 dicens
2895 3969 2906 4005 :
2937 3952 3256 4010 Minoralum
3293 3960 3445 4027 paulo
3488 3963 3654 4016 minus
3677 3963 3740 4016 ab
3763 3968 3969 4036 angelis
3992 3970 4064 4021 ni-

2494 4036 2670 4092 demus
2691 4038 2866 4094 Iesum
2893 4059 2985 4108 per
3017 4047 3308 4112 passionem
3338 4053 3537 4118 mortis,
3585 4053 3752 4124 gloria
3788 4066 3841 4109 et
3876 4059 4070 4112 honore

2496 4141 2818 4187 coronatum.
2870 4133 2925 4188 Si
2955 4135 3159 4206 itaque,
3201 4151 3260 4194 ut
3288 4151 3462 4196 vestra
3494 4153 3577 4197 est
3604 4147 3888 4214 sententia,
3936 4149 4070 4203 alius

2495 4227 2580 4274 est
2609 4218 2762 4276 Iesus
2791 4225 2950 4285 paulo
2991 4227 3164 4280 minus
3211 4229 3278 4283 ab
3318 4232 3522 4299 angelis
3569 4234 3884 4298 minoratus,
3935 4238 4070 4292 alius

2495 4319 2674 4367 autem
2701 4314 2844 4368 Deus
2881 4315 3115 4371 Verbum
3148 4333 3253 4372 non
3283 4321 3634 4388 minoratum,
3679 4325 3866 4393 procul
3904 4326 4071 4381 dubio

2492 4413 2658 4468 purus
2695 4401 2859 4456 homo
2888 4414 2991 4469 est,
3035 4408 3124 4474 qui
3153 4410 3459 4478 passionem
3504 4414 3772 4480 sustinuit,
3803 4413 4068 4480 Christus,

2493 4490 2828 4560 mendaxque
2872 4495 3009 4550 adeo
3044 4495 3101 4550 ﬁt
3150 4513 3180 4552 a
3210 4501 3364 4555 vobis
3389 4501 3679 4571 Apostolus
3724 4503 3907 4560 dicens
3944 4524 3958 4561 :
4008 4509 4072 4561 Si

2416 4578 2462 4636 Ι)
2489 4587 2856 4656 cognovissent,
2887 4607 3147 4662 nunquam
3176 4591 3454 4648 Dominum
3485 4599 3666 4668 gloria!
3685 4600 4073 4664 cruciﬁxissenl

2501 4674 2555 4742 (1
2575 4676 2695 4729 Cor.
2729 4694 2783 4739 ιι,
2823 4677 2899 4749 8).
2941 4679 3071 4746 Quis
3116 4683 3259 4736 enim
3309 4684 3568 4741 Dominus
3615 4696 3698 4740 est
3739 4688 3926 4754 gloria:
3971 4692 4073 4747 nisi

2495 4763 2634 4820 Deus
2662 4764 2890 4823 Verbum
2939 4769 3289 4836 incarnatum,
3341 4789 3500 4843 quem
3529 4775 3696 4831 Judaei
3738 4778 3908 4832 Deum
3952 4795 4074 4835 esse

2493 4862 2751 4920 negantes
2779 4856 3131 4927 increpabant
3158 4862 3300 4917 :Cur
3325 4871 3377 4915 lu
3405 4865 3556 4917 homo
3585 4881 3699 4918 cum
3736 4868 3828 4930 sis,
3861 4871 3996 4938 facis
4023 4880 4073 4924 te

2490 4950 2658 5018 ipsum
2684 4950 2848 5005 Deum
2880 4952 3062 5021 (Joan.
3095 4972 3148 5017 x.
3176 4956 3312 5025 35)?
3340 4959 3492 5024 Quod
3523 4962 3696 5030 ipsum
3732 4964 3898 5018 etiam
3929 4981 4072 5034 prte-

2491 5048 2685 5109 ceptor
2712 5052 2890 5097 vester
2915 5043 3124 5101 Iudaeos
3151 5048 3311 5117 impia
3338 5065 3406 5104 ea
3435 5049 3884 5121 interpretatione
3918 5072 4077 5113 secu-

2488 5138 2596 5188 tus.
2628 5131 2829 5198 pariter
2857 5145 3194 5190 commentus
3223 5145 3324 5195 est.

2489 5245 2496 5260 -
2566 5220 2636 5274 Ut
2662 5237 2791 5277 vero
2843 5228 3139 5280 sententias
3190 5229 3468 5296 prmdictas
3522 5236 3850 5300 argumentis
3878 5237 4077 5290 conﬁr-

2494 5311 2733 5372 maretis,
2766 5311 2965 5367 dictum
2999 5315 3402 5395 illudApostoli
3431 5322 3694 5391 capitibus
3720 5326 3914 5379 vestris
3946 5342 4074 5394 pro-

2497 5402 2777 5466 posuistis:
2807 5400 2905 5465 Qui
2933 5411 3044 5459 eum
3073 5409 3126 5460 in
3158 5411 3328 5477 {arma
3355 5410 3457 5465 Dei
3494 5423 3645 5477 esset,
3676 5417 3963 5471 exinaniri:
3991 5435 4077 5472 sc-

2494 5492 2764 5559 melipsum
2788 5494 3008 5563 formam
3036 5499 3169 5551 servi
3186 5501 3447 5570 accipiens
3476 5503 3694 5575 (Philip.
3721 5521 3776 5567 tl,
3804 5509 3887 5575 6),
3921 5523 4078 5578 egre-

2493 5580 2580 5643 gie
2611 5597 2730 5634 cum
2775 5587 3110 5654 expositione
3153 5599 3329 5644 vestra
3377 5593 3686 5657 convenire,
3738 5611 3804 5650 ac
3843 5613 3954 5652 non
4008 5599 4076 5654 de

2498 5666 2672 5723 Verbo
2701 5669 2812 5724 Deo
2842 5673 3139 5739 incarnato.
3166 5677 3262 5733 sed
3300 5677 3369 5734 de
3395 5696 3531 5750 puro
3557 5681 3774 5738 homine
3797 5685 3978 5740 solum
4006 5687 4077 5742 ibi

2495 5771 2616 5811 esse
2642 5773 2965 5830 sermonem.
2998 5762 3076 5818 Ac
3103 5780 3405 5836 quanquam
3434 5784 3532 5824 vos
3554 5771 3694 5825 circa
3723 5766 3780 5825 id
3805 5772 3970 5826 etiam
3991 5789 4078 5828 se-

2492 5847 2618 5905 ctati
2650 5850 3020 5909 haereticorum
3049 5871 3306 5924 errorem,
3338 5859 3407 5915 de
3460 5860 3675 5919 homine
3727 5867 4074 5930 contendatis
