4220 6442
250 391 393 450 1065

1013 386 1375 446 EPISTULA
1417 381 1813 448 ADVERSUS
1843 388 2327 447 THEODORUM
2368 387 2782 448 MOPSUEST.

3356 376 3491 451 1068

244 521 449 580 ἔαυτόν.
478 518 611 581 ὅμως
655 525 782 572 πᾶσι
807 525 907 576 τοῖς
939 517 1214 588 ὀρθοδὸξοις
1247 515 1388 574 δῆλόν
1424 519 1589 580 ἐστιν,
1623 517 1648 568 ὀ
1677 517 1804 570 ἀπό-α

1965 521 2151 568 ωιυιυ
2179 528 2296 569 esse
2317 513 2630 583 Apostolum
2650 514 2933 582 dicentem,
2963 518 3107 586 quod
3130 527 3478 591 semetipsum

243 607 431 670 στολος
484 605 636 661 αὐτὸν
687 606 769 658 τὸν
815 606 938 658 Θεόν
985 606 1125 675 λόγον
1177 606 1356 658 έαυτὸν
1405 606 1613 658 κενῶσαί
1655 626 1818 673 φησιν,

242 696 424 752 hrrida
469 697 519 750 έν
562 704 724 770 μορφῇ
766 702 893 749 Θεοῦ
921 696 1202 771 ὑπάρχων,
1244 696 1505 748 τουτέστιν
1545 695 1592 746 ἐν
1628 702 1690 766 τῇ
1718 695 1824 767 θεία

248 788 426 854 ςῦσει,
455 788 666 848 ἠξίωσεν
703 791 894 858 μορφήν
922 783 1103 838 δούλου
1145 784 1329 836 λαϐεῖν*
1377 785 1406 839 ἡ
1452 782 1506 836 δέ
1545 787 1706 854 μορφή
1730 790 1818 837 τοῦ

243 876 430 930 δούλου
458 883 547 934 τήν
573 878 882 949 ἀνθρωπίνην
903 877 1050 945 φύσιν
1078 875 1307 942 σημαίιει
1329 913 1341 933 ,
1374 873 1428 930 is
1463 874 1511 924 έν
1543 880 1603 946 τῇ
1634 875 1822 946 γαστρί

243 975 340 1022 τῆς
367 967 646 1038 παρθένου,
691 969 776 1018 καί
803 965 852 1027 ἐξ
889 966 1042 1022 αὐτῆς
1068 971 1131 1037 τῇ
1168 961 1269 1035 ἰδίᾳ
1308 963 1590 1016 υποστάσει
1631 961 1656 1014 ὁ
1699 963 1820 1022 Θεὸς

245 1054 394 1125 λόγος
420 1058 630 1112 ἥνωσεν.
671 1057 772 1109 Καὶ
809 1058 864 1108 οὐ
895 1053 1356 1128 προδιαπ).ασθεντι
1384 1055 1620 1126 ἀνθρώπῳ
1641 1054 1817 1116 73an,

247 1147 470 1219 καθάπερ
497 1147 528 1202 ἡ
547 1149 820 1216 Νεστορίου
850 1149 937 1198 καί
962 1143 1220 1219 Θεοδώρου
1247 1142 1591 1216 παραδέδωκεν
1617 1144 1821 1198 ἀσέϐεια

245 1244 353 1294 τοῖς
396 1237 750 1290 ἀκολουθοῦσιν
777 1237 966 1294 αὐτοῖς.
997 1235 1260 1307 Νεστόριος
1295 1235 1382 1302 μὲν
1410 1236 1510 1305 γὰρ
1545 1232 1675 1299 λέγει
1695 1274 1708 1296 ,
1743 1230 1824 1287 ὅτι

251 1331 280 1382 ὁ
306 1331 430 1388 Θεὸς
452 1330 593 1401 λόγος
623 1338 774 1386 συνῆν
803 1338 872 1400 τῷ
900 1330 1143 1401 ἀνθρώπῳ
1171 1334 1244 1398 τῷ
1271 1327 1324 1379 έκ
1353 1331 1545 1398 Μαρίας
1566 1325 1820 1395 τεχθέντι.

247 1418 509 1493 Θεόδωρος
539 1418 591 1473 δέ
617 1421 747 1491 λέγει
775 1415 897 1489 [ὅτι]
922 1420 1029 1475 ένῆν
1054 1420 1120 1476 ὡς
1149 1417 1274 1476 εἰκὸς
1300 1422 1370 1483 τῷ
1390 1434 1442 1468 τε
1451 1415 1640 1484 χθέντι.

1926 604 2234 666 exinanivit,
2291 602 2457 658 nihilo
2487 613 2664 658 tamen
2707 606 2881 660 secius
2927 607 3264 676 exploratum
3292 609 3479 662 catho-

1925 692 2040 745 licis
2062 693 2305 746 omnibus
2333 701 2432 758 est,
2466 692 2777 762 Apostolum
2805 694 2872 749 de
2899 695 3014 764 ipso
3055 694 3168 750 Deo
3189 693 3368 750 Vel-bu
3397 697 3478 750 sui

1926 782 2093 850 ipsius
2117 782 2527 837 exinanitionem
2554 783 2769 850 docere,
2803 785 3055 853 quoniam
3081 800 3206 840 cum
3233 784 3287 838 in
3314 782 3483 838 forma

1925 871 2019 926 Dei
2043 880 2202 936 esset,
2230 873 2283 927 in
2310 873 2486 926 divina
2529 873 2732 928 scilicet
2760 887 2970 940 natura,
2992 874 3238 942 dignatus
3267 881 3350 928 est
3374 871 3484 928 for-

1926 977 2066 1016 mam
2088 962 2227 1015 servi
2251 961 2518 1030 accipere:
2544 959 2710 1014 fomta
2739 977 2898 1029 porro
2919 963 3060 1017 servi
3083 963 3370 1017 humanam
3395 972 3483 1014 ua-

1923 1061 2096 1106 turam
2124 1050 2406 1118 signiﬁcat,
2453 1065 2610 1118 quam
2646 1065 2711 1104 ex
2739 1050 2988 1118 Virgineo
3044 1062 3198 1108 utero
3226 1062 3384 1122 atque
3413 1066 3481 1106 ex

1924 1144 2135 1213 propria
2179 1140 2516 1196 subsistentia
2547 1140 2686 1194 Deus
2731 1139 2963 1193 Verbum
3002 1141 3102 1196 sibi
3131 1140 3355 1211 pei‘fecit
3382 1158 3396 1194 :
3427 1152 3484 1196 et

1931 1248 2034 1287 non
2055 1233 2200 1301 prius
2219 1231 2480 1300 plasmato
2502 1230 2702 1284 homini
2725 1230 3055 1285 extrinsecus
3075 1231 3289 1299 adjecit,
3303 1246 3488 1300 quem-

1929 1319 2210 1373 admodum
2240 1320 2397 1386 impia
2427 1318 2656 1372 Nestorii
2682 1316 3055 1387 Tlieodorique
3081 1320 3357 1388 disciplina
3385 1329 3487 1374 tra-

1925 1397 2095 1453 ditum
2121 1407 2225 1455 est.
2249 1399 2428 1467 lnquit
2451 1399 2595 1451 enim
2615 1395 2897 1452 Nestorius
2919 1395 3084 1451 Deum
3109 1392 3340 1450 Verbum
3357 1409 3483 1456 esse

1925 1489 2087 1541 simul
2112 1503 2234 1541 cum
2261 1501 2327 1541 eo
2352 1487 2570 1542 homine
2589 1487 2680 1556 qui
2697 1500 2758 1540 ex
2789 1485 2954 1539 Maria
2977 1487 3154 1543 editus
3177 1494 3286 1542 est:
3305 1484 3485 1542 Theo-

249 1599 415 1653 dorus
435 1606 629 1661 autem,
644 1608 788 1666 quoa
809 1596 857 1651 ei
880 1611 946 1649 ex
975 1593 1139 1648 Maria
1165 1593 1309 1648 edito
1332 1591 1523 1658 inerat,
1539 1597 1596 1645 ut
1616 1587 1806 1654 simile,
1847 1583 2227 1657 pronuntiavit;
2661 1656 2664 1663 ι

323 1686 437 1744 Ὀτι
475 1689 529 1744 δέ
559 1693 676 1763 περι
697 1695 789 1743 τοῦ
827 1693 954 1742 Θεοῦ
982 1687 1124 1757 λόγου
1154 1693 1242 1740 τοῦ
1271 1685 1611 1759 σαρκωθέντος
1633 1680 1825 1753 ὄρηται

1995 1673 2149 1740 Quod
2191 1681 2369 1728 autem
2414 1673 2483 1728 de
2509 1672 2620 1728 Deo
2647 1673 2823 1730 Verbo
2882 1671 3159 1728 incarnato
3185 1667 3389 1726 dictum
3422 1671 3491 1724 sit

253 1778 344 1840 τό.
378 1793 399 1828 ε
425 1777 728 1837 ἠλάττωσας
758 1774 910 1830 ain-inv
938 1773 1119 1850 βραχύ
1166 1796 1214 1829 τι
1243 1773 1368 1847 παρ’
1394 1772 1662 1843 ἀγγέλους,
1694 1786 1712 1819 ι
1743 1771 1828 1822 καί

257 1886 277 1918 ι
299 1871 530 1923 έκένωσεν
547 1869 724 1924 έαυτέν
740 1873 930 1940 μορφήν
950 1866 1124 1920 δούλου
1138 1866 1327 1927 λαϐὼν,
1350 1881 1368 1913 ι
1395 1866 1477 1916 καί
1497 1864 1546 1924 έξ
1567 1859 1724 1916 ἄλλων
1738 1863 1824 1936 ρη-

255 1959 425 2025 μᾶτων
454 1963 546 2011 τοῦ
583 1957 870 2012 ἀποστόλου
907 1953 1239 2020 διδασκόμεθα
1275 1953 1405 2006 οὕτω
1424 1951 1664 2020 λέγοντος·
1699 1966 1718 1998 ε
1739 1959 1825 2005 Γι-

258 2048 469 2099 νῶσκετε
493 2048 590 2118 ’γὰρ
617 2051 708 2102 τήν
737 2046 890 2120 χάριν
911 2049 1002 2096 τοῦ
1023 2044 1196 2116 κυρίου
1222 2044 1359 2112 ἡμῶν
1384 2039 1549 2097 Ἰησοῦ
1576 2043 1822 2113 Χριστοῦ,

257 2134 335 2189 ὅτι
361 2134 424 2189 δι’
445 2138 578 2205 ἡμᾶς
599 2135 928 2203 έπτῶχευσεν
957 2133 1200 2191 πλούσιος
1229 2129 1311 2192 ὢν,
1342 2131 1427 2183 ἵνα
1452 2132 1590 2198 ἡμεῖς
1618 2135 1679 2198 τῇ
1709 2127 1828 2180 έκεί·

261 2244 345 2276 εου
372 2225 610 2297 πτωχείᾳ
637 2224 1013 2291 πλουτήσαιμιν.
1047 2237 1067 2272 ε
1100 2225 1183 2279 τίς
1208 2222 1372 2273 τοίνυν
1391 2219 1626 2288 τοὶμγζσει
1653 2218 1828 2289 λέγειν,

261 2311 339 2366 ὅτι
365 2311 624 2387 “primo:
663 2313 910 2370 πλούσιος
949 2309 1041 2375 ἧνί,
1071 2313 1157 2364 καί
1185 2311 1516 2380 ἐπτώχευσεν
1535 2351 1549 2371 ,
1575 2309 1656 2361 ἶνα
1699 2311 1830 2376 ἡμᾶς

261 2403 550 2473 πλουτήσῃς
581 2400 778 2458 Ἐπειδή
816 2400 870 2454 δέ
909 2401 1075 2470 λέγετε
1094 2441 1109 2466 ,
1147 2397 1225 2453 ότι
1268 2397 1318 2452 εἴ
1348 2419 1424 2458 τις
1452 2396 1566 2466 εἴπῃ
1594 2400 1710 2468 περί
1742 2403 1828 2450 τοῦ

263 2493 601 2566 σαρκωθέντος
629 2498 758 2544 Θεοῦ
792 2491 938 2561 λόγου
966 2495 1056 2546 τοῦ
1097 2493 1392 2559 μονογενοῦς
1416 2487 1528 2540 υἱοῦ
1562 2493 1651 2540 τοῦ
1679 2491 1828 2549 Θεοῦ,

264 2577 348 2632 ὅτι
372 2579 522 2639 αὐτὸς
547 2579 823 2641 ἠλαττώθη,
845 2577 876 2636 ἦ
899 2579 1126 2640 έκενώθη,
1150 2581 1341 2650 τροπήν
1369 2583 1458 2633 τῆς
1479 2575 1609 2634 θείας
1639 2575 1834 2644 φύσεως

269 2675 401 2721 ποιεῖ
442 2670 571 2722 κατὰ
598 2672 686 2726 τὴν
711 2666 1049 2742 ’Δπολιναρέον
1077 2667 1332 2730 ἀσέϐειαν,
1361 2664 1390 2722 ἦ
1413 2667 1630 2722 παθητὴν
1651 2667 1839 2736 εἰσάγει

270 2763 358 2815 τήν
377 2759 588 2812 θεότητει
609 2760 738 2812 κατά
766 2764 856 2816 τήν
874 2756 1059 2834 ’Δρείου
1087 2760 1291 2828 μανίαν,
1323 2756 1527 2828 ἁρμόζει
1558 2758 1681 2830 πρός
1705 2757 1838 2826 ὑμᾶς

271 2847 352 2902 τόν
371 2849 681 2921 annus.
701 2849 879 2902 έκεῖνον
892 2849 1032 2922 λόγον
1050 2851 1230 2903 εἰπεῖν’
1260 2865 1277 2898 ι
1296 2849 1541 2902 Πλανᾶσθε
1564 2853 1630 2918 μή
1653 2846 1838 2910 εἰδότες

271 2936 364 2996 τὰς
391 2941 616 3014 γραφὰς,
634 2936 784 3008 ’μηδέ
811 2943 900 2996 τήν
936 2935 1141 3009 δύναμιν
1178 2943 1266 2991 τοῦ
1298 2944 1422 2991 Θεοῦ
1447 2939 1785 3007 ἐπιστάμενοι.
1815 2953 1834 2988 ε

1929 1763 2056 1818 illud
2091 1783 2110 1815 ε
2131 1763 2364 1818 Μὶυιιίεῑὶ
2392 1779 2514 1819 eum
2537 1765 2696 1834 paulo
2723 1765 2900 1820 minus
2919 1765 2985 1819 ab
3007 1763 3230 1831 angelis,
3251 1780 3269 1814 ι
3303 1769 3488 1830 atque,

1935 1875 1953 1906 ε
1971 1853 2627 1924 Exinanivitsemetipsum
2649 1854 2872 1909 formam
2887 1853 3326 1923 serviaccipiens,
3346 1871 3364 1904 ι
3384 1851 3490 1907 alio

1929 1945 2169 2014 Apostoli
2220 1945 2341 2000 loco
2379 1945 2634 2000 docemur
2677 1947 2744 2001 de
2772 1946 2888 2016 ipso
2916 1945 3183 2001 dicentis:
3219 1963 3241 1998 ε
3273 1944 3491 2012 Cogno-

1934 2034 2070 2088 scite
2114 2035 2337 2102 gratiam
2383 2033 2590 2088 Domini
2621 2036 2789 2090 nostri
2825 2032 2950 2089 Jesu
2995 2033 3210 2098 Christi,
3240 2034 3490 2102 quoniam

1931 2139 2050 2178 cum
2077 2124 2225 2178 dives
2272 2131 2434 2178 esset.
2475 2131 2693 2194 propter
2737 2139 2834 2177 nos
2879 2132 3079 2191 egenus
3105 2121 3278 2176 lactus
3304 2129 3407 2189 est,
3436 2130 3494 2175 ut

1936 2227 2033 2265 nus
2081 2210 2195 2280 ejus
2239 2211 2416 2280 inopia
2455 2211 2646 2264 divites
2673 2224 2910 2265 essemus
2940 2209 3027 2280 (11
3055 2210 3171 2265 Cor.
3219 2225 3324 2274 vm,
3354 2209 3431 2279 9).
3470 2229 3489 2261 s

1935 2302 2065 2369 Quis
2087 2311 2264 2356 autem
2285 2301 2463 2356 dicere
2485 2301 2678 2356 audeat
2704 2301 2972 2355 hominem
2995 2300 3211 2354 divitem
3242 2299 3423 2368 fuisse,
3444 2310 3496 2354 et

1934 2407 2160 2462 egenum
2209 2391 2403 2446 factum
2455 2407 2592 2457 esse,
2645 2399 2702 2446 ut
2731 2405 2828 2446 nos
2857 2390 3235 2461 locupletaret?
3257 2389 3498 2460 Cumque

1935 2498 2119 2537 rursus
2143 2482 2331 2537 dicatis
2357 2496 2480 2535 eum
2524 2481 2613 2548 qui
2637 2479 2703 2534 de
2732 2481 3005 2534 incarnato
3026 2478 3135 2533 Deo
3163 2478 3358 2544 Verbo,
3383 2482 3498 2534 uni-

1937 2573 2220 2642 genitoque
2265 2571 2359 2625 Dei
2399 2569 2532 2626 Filio
2571 2569 2800 2625 afﬁrmet
2826 2570 3145 2624 minoratum
3175 2583 3292 2623 esse
3323 2568 3497 2638 ipsum

1940 2671 2098 2731 atque
2142 2661 2490 2723 exinanitum,
2522 2659 2924 2713 conversionem
2955 2657 3146 2712 divinae
3179 2665 3383 2711 natura:
3419 2658 3498 2712 in.

1939 2753 2134 2808 ducere
2157 2751 2310 2820 j'uxta
2339 2749 2652 2820 Apollinarii
2700 2750 3048 2820 impietatem,
3085 2746 3170 2802 vel
3209 2750 3500 2805 secundum

1942 2844 2052 2897 Arii
2081 2857 2317 2897 errorem
2346 2842 2677 2896 divinitatem
2723 2841 3027 2910 passibilem
3057 2841 3253 2912 facere,
3290 2844 3501 2913 egregie

1946 2933 2199 2987 adversus
2223 2946 2318 2986 vos
2363 2931 2593 2999 quadrat
2638 2929 2941 2998 evangelica
2983 2931 3247 2985 sententia
3274 2931 3500 2987 dicens:

275 3029 334 3080 τί
359 3028 456 3099 γὰρ
492 3029 643 3080 εἰπεῖν
684 3025 834 3096 ἴχετε
866 3029 985 3100 περὶ
1011 3033 1102 3081 τοῦ
1147 3027 1376 3102 ῥηθέντος
1405 3023 1506 3079 ὑπό
1545 3032 1634 3080 τοῦ
1665 3028 1837 3101 κυρίου

1965 3022 2147 3077 E‘rratis
2173 3061 2189 3087 ,
2240 3024 2518 3075 nescientes
2571 3021 2869 3090 Scripturas
2922 3037 3081 3092 neque
3130 3023 3365 3077 rirtutem
3407 3023 3507 3081 Dei

281 3133 301 3166 ε
334 3114 414 3170 ὅτι
439 3115 597 3174 οὐδεὶς
626 3117 932 3175 ἀναϐέϐηκεν
960 3119 1031 3175 εἰς
1057 3115 1143 3169 τόν
1173 3117 1412 3188 ὠρανίν,
1443 3117 1487 3168 εἰ
1517 3119 1586 3184 μή
1616 3113 1641 3168 ό
1675 3117 1728 3168 ἰκ
1753 3123 1842 3169 τοῦ

277 3207 494 3276 οὐρανοῦ
515 3205 759 3267 ιωιταϐἆς,
785 3205 811 3259 ό
839 3206 949 3265 υἰός
977 3211 1067 3259 τοῦ
1095 3205 1362 3278 ἀνθρώπου
1386 3203 1410 3257 ό
1434 3202 1500 3256 ὧν
1523 3205 1573 3256 έν
1592 3211 1663 3271 τῷ
1689 3205 1844 3277 οὖρα-

280 3301 371 3363 νῷς
391 3313 409 3346 s
434 3298 510 3352 ειν)
533 3292 792 3366 ἄνθρωπον
809 3295 976 3366 λέγετε
1020 3293 1412 3349 καταϐεϐηκέναι
1433 3294 1485 3346 έκ
1504 3299 1592 3346 τοῦ
1613 3294 1854 3367 adpotum);

281 3383 406 3437 ἀλλὰ
433 3381 676 3455 πρόδηλον
716 3380 798 3437 ὅτι
839 3384 992 3440 αὐτὸς
1033 3381 1058 3435 ό
1089 3381 1210 3441 Θεὸς
1235 3381 1376 3450 λόγος
1408 3379 1637 3435 έκένωσεν
1673 3381 1848 3436 έαντὸν

283 3474 342 3526 έκ
369 3479 469 3525 τῶν
495 3474 717 3546 οὐρανῶν
746 3472 987 3526 κατελθὼν
1003 3510 1018 3536 ,
1045 3473 1129 3523 καί
1157 3471 1430 3545 σαρκωθείς
1457 3472 1558 3524 ἀπὸ
1583 3479 1674 3534 τῆς
1706 3471 1852 3542 ἁγίας

260 3563 522 3618 -θεοτόκου
573 3566 661 3616 καί
694 3563 1014 3636 ἆειπαρθένου
1051 3564 1272 3634 Μαρίας.
1328 3565 1406 3614 καὶ
1445 3563 1850 3638 ένανθρωπησας,

287 3653 370 3704 καὶ
399 3652 598 3719 τεχθεὶς
631 3653 682 3714 έξ
705 3657 893 3714 αὐτῆς,
937 3654 1020 3704 καί
1047 3649 1072 3704 ὃ
1107 3650 1329 3710 καταϐάς
1355 3653 1503 3710 αὐτός
1543 3653 1682 3708 έστιν
1717 3658 1802 3709 καὶ
1827 3654 1854 3710 ὃ

286 3743 501 3805 εὐαϐἀς,
529 3744 614 3796 καί
652 3746 804 3797 αὑτοῦ
837 3742 1035 3814 λέγεται
1073 3742 1104 3800 ἡ
1132 3741 1433 3808 έλᾶττωσις,
1463 3746 1547 3796 καί
1581 3746 1611 3800 ἦ
1645 3745 1851 3806 κένωσις

289 3829 373 3886 διὰ
399 3838 486 3890 τὴν
505 3833 803 3889 κατάϐασιν.

1945 3111 2157 3183 (Matth.
2178 3126 2310 3178 xxn,
2331 3110 2441 3185 '29),
2473 3109 2608 3175 Quid
2629 3111 2770 3164 enim
2798 3111 2950 3166 vobis
2973 3113 3254 3180 supererit,
3279 3119 3340 3166 ut
3364 3111 3511 3168 dica-

1950 3206 2034 3270 tis,
2065 3204 2132 3258 de
2154 3219 2220 3258 eo
2246 3202 2387 3272 quod
2418 3202 2619 3257 dictum
2647 3211 2731 3258 est
2757 3218 2788 3257 a
2810 3204 3056 3269 Domino,
3090 3200 3258 3259 Nemo
3281 3204 3515 3258 ascendit

1949 3298 2003 3350 in
2024 3295 2221 3360 εωιιιηι,
2242 3296 2340 3349 nisi
2360 3296 2446 3365 qui
2462 3294 2718 3348 descendit
2739 3295 2802 3348 de
2821 3294 2964 3360 εωιο,
2983 3283 3149 3350 Filius
3171 3295 3412 3362 hominis,
3425 3297 3517 3368 qui

1953 3387 2105 3441 estin
2133 3386 2257 3440 caelo
2311 3384 2486 3456 (Joan.
2539 3399 2616 3447 tn,
2662 3381 2792 3449 i3)?
2825 3382 2943 3439 Non
2997 3385 3263 3440 hominem
3291 3385 3421 3442 dicit
3446 3386 3511 3442 de

1955 3479 2094 3534 cmlo
2140 3476 2502 3544 descendisse,
2555 3473 2650 3531 sed
2697 3473 3093 3532 evidentissime
3122 3477 3311 3532 astruit
3348 3476 3512 3533 Deum

1956 3570 2189 3626 Verbum
2212 3585 2332 3625 eum
2361 3584 2479 3625 esse
2499 3570 2590 3639 qui
2611 3569 2958 3638 semetipsum
2983 3568 3290 3634 exinanivlt,
3320 3569 3413 3638 qui
3433 3569 3528 3626 de-

1956 3659 2164 3716 scendit
2190 3659 2258 3714 de
2283 3660 2442 3726 caelo,
2473 3668 2525 3714 et
2551 3661 2854 3714 incarnatus
2879 3667 2962 3714 est
2985 3673 3051 3714 ex
3080 3665 3265 3713 sancta
3293 3657 3514 3730 Deipars

1957 3758 2273 3821 semperque
2319 3751 2523 3818 virgine
2565 3749 2752 3816 Maria,
2781 3758 2837 3804 et
2879 3752 3039 3807 homo
3066 3749 3353 3815 l'actusest,
3375 3759 3431 3806 et
3453 3764 3522 3807 ex

1955 3840 2070 3909 ipsa
2095 3850 2268 3905 natus,
2285 3847 2337 3894 et
2358 3839 2403 3894 is
2428 3839 2517 3908 qui
2543 3839 2817 3896 descendit
2841 3839 2931 3894 ille
2952 3839 3091 3895 idem
3111 3847 3191 3896 est
3218 3841 3309 3910 qui
3337 3850 3514 3896 ascen-

1958 3929 2054 3992 dit,
2103 3931 2188 3982 cui
2235 3929 2303 3984 ob
2331 3927 2734 4040 descensionem
2787 3927 3080 3985 exinanitio
3130 3929 3521 3998 minoratioque

1963 4018 2268 4040 .-ει-----.-.-

1963 4018 2283 4072 tribuuntur.

366 4106 559 4166 Ἐπειδὴ
587 4105 640 4162 δέ
681 4110 765 4160 καί
805 4109 856 4161 ἐν
894 4103 1025 4176 ἄλλῳ
1062 4105 1200 4176 τόπῳ
1235 4099 1372 4158 εἶπεν
1403 4103 1429 4158 ό
1470 4105 1638 4178 κύριος
1675 4105 1724 4156 ἰν
1747 4112 1837 4165 τοῖς

2027 4114 2244 4169 Dicente
2273 4115 2433 4169 etlam
2463 4116 2583 4171 alibi
2606 4130 2818 4186 quoque
2844 4116 3071 4172 Domino
3101 4115 3154 4170 in
3183 4112 3515 4183 Evangeliis:

294 4199 619 4269 εὐαγγελίοις,
650 4215 668 4248 ε
696 4195 772 4252 ότι
793 4201 817 4249 ὁ
837 4203 1007 4272 πατήρ
1028 4217 1126 4266 μου
1147 4197 1326 4265 μείζων
1348 4216 1442 4266 μου
1463 4196 1592 4261 ἐστι,
1619 4214 1636 4246 ε
1663 4201 1731 4264 μή
1755 4191 1856 4270 ἆρα

295 4283 554 4360 ἄνθρωπόν
576 4308 685 4340 τινα
712 4289 823 4354 περί
851 4287 1008 4340 αὑτοῦ
1038 4289 1203 4340 ταῦτα
1235 4286 1477 4357 εἰρηκέναι
1502 4287 1719 4353 νομίζετε
1736 4328 1749 4350 ,
1776 4290 1859 4340 καί

295 4380 423 4446 οὐχί
452 4379 534 4431 τὸν
565 4380 688 4433 Θεὸν
711 4378 854 4449 λόγον
883 4378 966 4430 τόν
992 4379 1470 4452 ἰνανθρωπησαντας
1501 4377 1624 4432 ἀλλά
1652 4381 1858 4451 φανερόν

297 4469 458 4530 έστιν,
475 4467 553 4522 ότι
568 4468 594 4521 ό
614 4472 784 4532 εἰπὼν,
809 4486 826 4518 t
847 4468 873 4522 ό
887 4473 1050 4544 πατήρ
1070 4489 1167 4537 μου
1189 4469 1366 4537 μείζων
1381 4467 1475 4537 μού
1492 4467 1644 4533 ἐστιν,
1669 4487 1688 4520 s
1709 4473 1858 4528 αὖτίς

297 4552 457 4619 εἶπεν,
479 4573 500 4606 ε
520 4557 615 4626 ἐγὼ
633 4559 715 4610 καὶ
735 4555 759 4609 ό
778 4561 947 4632 πατὴρ
966 4557 1016 4609 έν
1037 4559 1208 4626 ἰσμεν.
1236 4573 1254 4606 ι
1283 4555 1400 4607 Ἀλλ’
1416 4557 1464 4609 έν
1479 4562 1566 4627 μέν
1587 4567 1658 4629 τῷ
1677 4562 1853 4625 εἱπεῐν,

302 4667 322 4700 ε
343 4652 442 4720 ἐγὼ
470 4653 556 4702 καί
583 4649 608 4702 ό
629 4654 794 4722 πατὴρ
815 4650 865 4702 ἓν
884 4651 1055 4718 ἐσμεν,
1078 4665 1096 4697 t
1120 4654 1206 4706 τήν
1232 4650 1456 4712 ἰσότητα,
1481 4653 1537 4708 ἣν
1564 4651 1714 4709 αὐτὸς
1736 4649 1856 4719 ἔχει

294 4740 428 4811 πρὸς
466 4741 551 4793 τόν
578 4740 774 4809 πατέρα
803 4742 927 4791 κατὰ
954 4743 1043 4793 τήν
1070 4737 1204 4790 θείαν
1241 4740 1389 4808 φύσιν
1429 4738 1582 4797 δηλοῖ.
1606 4745 1682 4789 Ἐν
1712 4737 1762 4790 δέ
1785 4746 1858 4808 τῷ

295 4829 549 4901 λέγειντόν
565 4829 736 4890 αὐτόν,
761 4843 777 4874 t
799 4826 1010 4899 όπατήρ
1027 4846 1125 4895 μου
1150 4831 1330 4896 μείζων
1349 4835 1443 4898 μου
1472 4831 1628 4886 ἐστιν.
1649 4845 1666 4874 ι
1689 4832 1776 4885 τήν
1796 4824 1859 4879 δι’

296 4921 432 4990 ἡμᾶς
472 4919 790 4987 οἰκονομικῶς
821 4917 1078 4988 γενομένην
1114 4917 1388 4971 ἐλάττωσιν
1414 4917 1565 4976 δηλοῖ.
1599 4919 1856 4992 Ἑκάτερον

295 5008 376 5072 δέ,
403 5013 485 5063 καί
509 5011 538 5065 ἡ
560 5007 732 5066 ἰσότης
769 5011 850 5060 καί
882 5009 913 5063 ἡ
945 5007 1236 5072 ἐλάττωσις,
1264 5011 1382 5080 περὶ
1405 5010 1508 5068 ἰνὸς
1534 5013 1616 5061 καί
1643 5014 1729 5062 τοῦ
1761 5010 1854 5061 αῦ-

294 5105 388 5154 τοῦ
415 5101 588 5170 κυρίου
609 5100 691 5149 καὶ
716 5103 842 5150 Θεοῦ
867 5098 1002 5167 ἡμῶν
1025 5093 1186 5153 Ἰησοῦ
1211 5104 1460 5171 Χριστοῦ,
1490 5100 1746 5152 τουτέστιν
1771 5104 1858 5150 τοῦ

296 5194 425 5242 Θεοῦ
445 5185 592 5256 λόγου
618 5191 708 5240 τοῦ
740 5186 1102 5257 σαρκωθέντος,
1128 5187 1341 5256 λέγεται.

367 5370 461 5421 la!
499 5369 734 5440 ’Δρειανοὶ
783 5368 874 5434 μὲν
913 5371 1104 5439 πονηρᾷ
1148 5363 1342 5437 διανοίᾳ
1388 5368 1441 5418 ἐκ
1485 5373 1582 5419 τῶν
1617 5373 1857 5418 ταπεινῶν

295 5458 536 5534 ῥημάτων
568 5455 832 5525 όμοούσιον
861 5451 982 5510 εἶναι
1018 5462 1090 5523 τῷ
1128 5458 1286 5528 πατρί
1315 5455 1395 5508 τόν
1434 5458 1536 5508 υἱὸν
1564 5457 1822 5527 ἀρνοῦνται
1844 5493 1857 5514 ,

293 5549 384 5602 καί
411 5544 492 5601 διὰ
511 5551 662 5598 τοῦτο
685 5544 919 5597 ἐλάττονα
940 5544 1091 5596 αὐτόν
1115 5538 1239 5596 εἶναι
1267 5540 1692 5597 διαϐεϐαιοῦνται·
1717 5546 1862 5612 ὑμεῖς

291 5636 350 5693 ὂὶ
375 5642 445 5703 μὴ
474 5635 694 5695 θέλοντες
719 5637 835 5706 περὶ
868 5638 956 5686 τοῦ
983 5634 1322 5707 σαρκωθὲντος·
1356 5641 1484 5688 Θεοῦ
1503 5634 1650 5705 λόγου
1680 5632 1742 5686 τὰ
1770 5654 1858 5686 τα-

294 5729 442 5787 πεινά
466 5727 718 5791 δέξασθαι,
744 5725 860 5781 ἄλλο
884 5728 1154 5804 πρόσωπον
1178 5738 1238 5800 τῇ
1262 5729 1426 5803 τριάδι
1463 5733 1687 5800 εἰσάγετε
1729 5736 1858 5786 κατά

295 5824 388 5880 τὴν
413 5817 673 5894 Θεοδῶρου
699 5819 786 5871 καὶ
812 5819 1081 5892 Νεστορίιυ
1117 5817 1438 5873 δυσσέϐειαν.
1461 5818 1578 5871 Ἀλλ’
1610 5822 1746 5878 ἡμεῖς
1778 5822 1860 5871 καί

593 5929 861 5988 ΡΑτιιοι..
915 5925 1028 5986 Gn.
1083 5921 1430 5984 LXXXVI.

1965 4201 2122 4256 Pater
2159 4203 2324 4272 major
2349 4216 2449 4255 me
2477 4212 2552 4257 est
2576 4202 2754 4275 (Joan.
2790 4219 2896 4267 xiv,
2922 4200 3041 4274 28),
3070 4219 3137 4258 ne
3175 4205 3419 4272 cogitetis
3447 4205 3520 4260 ibi
3574 4276 3577 4278 _

1964 4291 2230 4346 hominem
2275 4293 2610 4362 quempiam,
2659 4309 2765 4348 non
2812 4302 2988 4347 autem
3040 4294 3204 4348 Deum
3249 4293 3519 4350 hominem

1965 4380 2160 4434 factum
2207 4396 2271 4435 eo
2300 4382 2458 4435 modo
2501 4381 2568 4435 de
2598 4396 2656 4435 se
2700 4381 2859 4436 fuisse
2886 4381 3140 4436 locutum.
3174 4381 3520 4437 Evideutissi-

1965 4485 2109 4524 mum
2131 4472 2327 4539 quippe
2351 4477 2432 4526 est
2456 4470 2696 4525 eumdem
2727 4471 2898 4539 ipsum
2919 4472 3006 4539 qui
3037 4471 3190 4538 dixit,
3223 4470 3384 4525 Pater
3409 4489 3520 4525 ma-

1955 4561 2044 4631 jor
2068 4577 2148 4614 me
2175 4569 2270 4625 est,
2300 4561 2497 4616 dixisse
2526 4561 2743 4630 pariter,
2764 4559 2876 4632 Ego
2904 4569 2952 4614 et
2977 4560 3136 4614 Pater
3162 4574 3318 4614 unum
3343 4577 3518 4615 sumus

1966 4651 2208 4721 (Ibidem,
2239 4669 2289 4718 x,
2321 4653 2430 4720 50).
2478 4652 2593 4718 Quo
2634 4653 2774 4706 enim
2829 4651 2948 4707 loco
2997 4654 3089 4717 ait,
3139 4652 3250 4723 Ego
3277 4661 3326 4706 et
3360 4651 3522 4706 Pater

1966 4757 2122 4795 unum
2146 4759 2336 4807 sumus,
2361 4742 2714 4811 aequalitatem
2742 4741 2932 4796 divinae
2964 4751 3189 4809 naturae,
3217 4758 3375 4812 quam
3397 4756 3520 4798 cum

1969 4831 2123 4885 Patre
2148 4831 2325 4894 habet,
2349 4831 2586 4898 designat
2611 4847 2622 4882 :
2651 4845 2758 4900 quo
2781 4840 2955 4885 autem
2979 4831 3105 4884 illud
3121 4870 3136 4894 ,
3165 4829 3327 4886 Pater
3354 4834 3522 4904 majbr

1965 4938 2044 4974 me
2064 4928 2156 4984 est,
2187 4921 2404 4989 profert,
2437 4920 2843 4974 minorationem
2871 4935 3018 4975 suam
3043 4930 3260 4991 propter
3284 4937 3404 4987 nos,
3424 4939 3522 4979 sua

1958 5012 2384 5079 dispensatione,
2421 5009 2614 5065 factam
2662 5011 2907 5065 ostendit.
2951 5011 3242 5084 Utrumque
3291 5017 3515 5078 scilicet,

1959 5099 2233 5167 :nqualitas
2272 5107 2431 5166 atque
2458 5098 2760 5164 minoratio,
2784 5097 2850 5152 de
2878 5112 2986 5153 uno
3013 5111 3173 5169 atque
3199 5101 3390 5156 eodem
3414 5103 3518 5156 Do-

1960 5187 2102 5240 mino
2129 5196 2311 5241 nostro
2331 5185 2456 5240 Jesu
2509 5185 2740 5252 Christo,
2768 5186 2872 5240 hoc
2899 5195 2982 5241 est
3008 5187 3076 5241 de
3117 5189 3394 5247 incarnato
3422 5194 3518 5248 Dei

1971 5275 2160 5337 Verbo,
2187 5276 2384 5329 dictum
2409 5282 2508 5328 est.

2039 5365 2209 5430 Atque
2229 5364 2408 5416 Ariani
2455 5364 2667 5431 quidem
2696 5379 2918 5420 erronea
2940 5369 3246 5436 opinatione
3283 5386 3347 5425 ex
3377 5372 3521 5441 ejus-

1970 5453 2112 5507 modi
2143 5452 2386 5518 loquendi
2433 5451 2676 5507 demissis
2703 5454 2874 5509 modis
2899 5455 3260 5513 Filium.Patri
3290 5463 3522 5516 consuho

1967 5543 2267 5595 stantialent
2297 5557 2413 5596 esse
2460 5541 2784 5608 inﬁciantur,
2815 5545 3068 5615 aiuntque
3095 5558 3377 5618 propterea
3403 5567 3523 5608 esse

1968 5633 2134 5702 ipsum
2181 5633 2338 5685 l’atre
2367 5634 2652 5686 minorem:
2683 5650 2778 5689 vos
2805 5646 2982 5690 autem
3019 5636 3171 5692 fateri
3216 5649 3523 5711 renuentes,

1966 5725 2179 5778 humilia
2210 5725 2321 5778 haec
2347 5724 2484 5780 dicta
2511 5723 2576 5779 de
2602 5726 2875 5781 incarnato
2904 5726 2996 5782 Dei
3025 5728 3201 5785 Verbo
3225 5746 3342 5788 esse
3368 5734 3515 5789 intel-

1967 5815 2192 5885 ligenda,
2239 5831 2429 5870 novam
2484 5815 2733 5871 invehitis
2786 5817 2839 5870 in
2894 5817 3157 5874 Trinitate
3211 5836 3523 5887 personam,

3158 5923 3232 5983 35
