4220 6442
743 403 875 467 ιωῖ

2046 401 2482 464 ,ἶυόἶῖῗῖίᾹΝΙ
2523 400 2678 460 1MP-

3854 402 3871 463 1
3884 405 3987 471 068

758 524 821 575 τά
843 520 1027 590 ὑψηλά,
1051 522 1131 575 καὶ
1160 519 1220 574 τά
1239 520 1441 575 ταπεινά
1470 522 1587 591 περὶ
1613 519 1746 579 ἐνὸς,
1781 515 1862 569 καί
1889 522 1975 568 τοῦ
2004 519 2160 569 αὑτοῦ
2191 521 2313 566 Θεοῦ

2445 512 2685 566 Flueodori
2705 511 3038 581 Nestoriique
3060 515 3349 582 probantes
3372 517 3698 587 impietatem
3749 534 3849 576 nos
3869 536 3994 576 vero

756 609 901 679 λόγου
929 617 1021 664 τοῦ
1043 609 1405 680 σαρκωθίντος,
1434 613 1522 659 τοῦ
1553 608 1727 678 κυρίου
1755 606 1891 676 ήμῶν
1910 602 2074 661 Ἰησοῦ
2094 609 2316 678 Χριστοῦ

756 702 1008 773 λέγοντες,
1049 697 1164 753 οὔτε
1211 699 1509 767 σύγχυσιν.
1557 693 1670 750 οὔτε
1716 693 1952 771 διαίρεσῖν
1993 701 2085 748 τῶν
2122 695 2318 766 φύσεων

756 788 1052 863 εἰσάγομεν,
1083 789 1131 850 ἐξ
1157 783 1222 839 ὧν
1260 792 1348 844 τήν
1374 789 1491 854 μίαν
1521 787 1752 839 σύνθετον
1782 785 2066 838 ὑπόστασιν
2100 789 2191 837 τοῦ
2229 805 2320 835 κυ-

756 883 866 955 ρίου
895 881 978 932 καὶ
1000 882 1127 932 Θεοῦ
1150 878 1287 945 ἡμῶν
1311 873 1473 931 Ἰησοῦ
1503 880 1723 949 Χριστοῦ
1747 875 2098 943 ὁμολογοῦμεν,
2124 871 2236 928 ours
2266 872 2319 927 δὲ

755 972 992 1041 τέταρτον
1009 969 1282 1042 πρόσωπον
1306 967 1636 1038 ἐπεισάγομεν
1663 974 1725 1041 τῇ
1753 965 1872 1040 ἁγίᾳ
1890 964 2076 1041 τριάδι.

821 1148 933 1206 Ὀτι
965 1151 1017 1206 δέ
1047 1157 1164 1227 περὶ
1196 1160 1285 1206 τοῦ
1316 1154 1607 1221 μονογενοῦς
1628 1154 1754 1203 Θεοῦ
1778 1146 1941 1214 Λόγου
1976 1144 2312 1215 περαιωθέντας

755 1244 882 1298 καθά
900 1248 1196 1314 προείρηται
1213 1245 1285 1304 τὸ,
1305 1261 1322 1291 ε
1340 1241 1656 1299 Ἠλάττωσας
1667 1239 1816 1290 αὑτὸν
1826 1236 2007 1308 βραχὺ
2026 1256 2074 1287 τι
2090 1234 2207 1302 παρ’
2220 1235 2311 1302 άγ-

750 1323 927 1394 γελους
949 1341 966 1370 ι
998 1341 1301 1394 γέγραπται,
1328 1324 1414 1374 καί
1438 1322 1480 1372 οί
1515 1322 1646 1392 ἅγιοι
1678 1322 1892 1397 πατέρες
1928 1324 2009 1373 καί
2033 1319 2323 1375 διδάσκαλοι

751 1420 841 1470 τῆς
863 1409 1160 1475 ἐκκλησίας,
1188 1410 1233 1461 οἱ
1256 1410 1353 1468 τάς
1390 1411 1536 1482 ἁγίας
1563 1412 1754 1483 γραφάς
1777 1411 2193 1483 ἑρμηνεῦσαντες,
2223 1409 2324 1465 ἐδί⁶

753 1500 908 1565 δαξαν
935 1504 1088 1576 ἡμᾶς.
1118 1505 1212 1555 Καὶ
1235 1500 1261 1555 5
1284 1503 1334 1554 ὲν
1364 1500 1520 1572 άγίοις
1546 1505 1635 1569 μὲν
1657 1502 1886 1575 Κὺριλλος
1915 1504 1967 1555 ἐν
1997 1512 2056 1572 τῇ
2082 1506 2210 1574 πρῦς
2239 1506 2327 1562 την

751 1590 986 1647 Βασιλίδα
1033 1593 1270 1663 ἐπιστολῇ
1312 1593 1472 1652 οὑτως
1515 1589 1683 1645 εἶπενο
1723 1610 1741 1642 ε
1772 1600 1876 1650 Πῶς
1912 1587 1997 1646 οἶν
2041 1595 2324 1651 ἠλάττωται

750 1684 894 1751 πςορά
922 1683 1040 1740 τούς
1059 1683 1295 1753 ἀγγέλους
1320 1681 1346 1735 5
1376 1684 1495 1754 παρ’
1516 1684 1681 1736 αὐτῶν
1707 1682 2174 1759 προσκυνούμενος-ς
2200 1687 2323 1739 άλλά

750 1773 866 1829 ἔστι
894 1782 1052 1847 σαφής
1077 1779 1108 1836 ἦ
1135 1780 1409 1853 πρόφασις.
1431 1782 1686 1834 Καθείκετο
1714 1776 1805 1852 [17.
1830 1778 2123 1849 κατείχετο]
2149 1784 2247 1855 γάρ
2276 1781 2324 1834 ἐν

750 1874 857 1915 τοῖ’·
878 1872 969 1925 τῆς
992 1868 1372 1939 ἀνθρνυπότητος
1396 1873 1618 1944 μέτροις*
1635 1873 1719 1923 καὶ
1737 1870 1794 1925 τό
1816 1871 2139 1928 ἀποθνήσκειν
2164 1892 2292 1943 πεφυ
2308 1902 2320 1910 ο

751 1955 835 2013 κὸς
866 1963 1014 2024 σῶμα
1041 1957 1224 2022 λαϐὼν,
1262 1958 1384 2012 ἴδιόν
1427 1980 1481 2013 τε
1519 1962 1641 2014 αυτό
1681 1964 2049 2031 ποιησάμενος,
2093 1963 2146 2014 ἕν
2190 1964 2326 2035 αὑτῷ

750 2045 981 2099 πέπονθεν
995 2044 1140 2108 ίκὼν,
1156 2038 1232 2100 γάί
1254 2056 1364 2106 ταῖς
1382 2050 1618 2104 ἁνωτεετω
1636 2048 1803 2112 δόξας
1823 2057 2153 2122 στεφανοῦται
2167 2050 2251 2106 διά
2272 2056 2328 2106 τὸ

677 2163 687 2178 -
748 2134 929 2197 παθος,
946 2136 1013 2193 ὡς
1035 2133 1101 2188 δι’
1126 2138 1185 2190 αθ
1197 2143 1283 2190 τοῦ
1313 2144 1639 2213 καταργήσας
1660 2141 1743 2193 τὸν
1765 2141 1972 2195 θάνατον
1988 2184 2001 2207 ,
2020 2144 2106 2196 καί
2129 2138 2329 2218 ἄπρακ-

747 2243 830 2276 τον
856 2225 1113 2297 ἀποφήνας
1140 2229 1230 2283 τὴν
1255 2229 1433 2298 φθοράν
1451 2243 1462 2253 ’
1485 2225 1573 2282 ἇτε
1597 2226 1657 2286 δὴ
1684 2230 1770 2281 καί
1798 2229 2053 2306 ὑπάρχων
2077 2232 2329 2306 ἀφθαρσία

749 2317 832 2367 ναί
860 2318 983 2378 ζωή.
1012 2312 1130 2369 Ὀτι
1176 2312 1234 2369 ἂν
1275 2314 1361 2369 οὖν
1397 2318 1588 2376 Ἰησοῦν
1619 2322 1859 2390 ὀνομάζῃ,
1891 2325 1976 2373 καί
2011 2323 2329 2379 ἡλαττῶσθαι

748 2401 881 2475 λέγοι
903 2406 1043 2477 παρά
1068 2407 1189 2464 τοὺς
1214 2406 1451 2478 ἀγγέλους
1476 2410 1751 2474 αὑτὸν,οὑκ
1775 2408 2033 2485 ἄνθρωπον
2062 2415 2157 2467 άνά
2175 2416 2327 2488 μέρος

750 2497 832 2546 καί
858 2492 1059 2559 ίδικῶς,
1109 2493 1211 2550 ἀλλ’
1237 2495 1390 2552 αὑτὸν
1419 2504 1624 2569 νοοῦμεν
1662 2503 1747 2555 τόν
1786 2511 2027 2572 μονογενῆ
2064 2525 2327 2579 παραχω-

749 2592 935 2658 ροῦντα
974 2586 1032 2642 τὸ
1071 2585 1326 2663 προῦχειν
1364 2593 1679 2661 σ’κονομικῶς
1724 2600 1836 2652 τοῖς
1878 2593 2040 2666 ἁγίοις
2083 2596 2326 2667 ἀγγέλοις,

749 2677 827 2733 ὅτι
872 2679 1004 2734 κατά
1073 2681 1301 2739 ἀλήθειαν
1353 2683 1551 2754 γέγονεν
1612 2680 1873 2761 ἅνθρωπος
1924 2685 1952 2741 ό
1997 2694 2087 2747 τῆς
2136 2689 2329 2742 ἐκείνων

751 2771 1017 2844 ὑπεροχῆς
1059 2774 1338 2842 ἡττώμενος
1366 2790 1377 2801 '
1418 2776 1483 2829 τὰ
1520 2773 1573 2829 δὲ
1605 2784 1696 2835 τῆς
1731 2778 1999 2851 ὑπεροχῆς
2034 2787 2146 2840 τοῖς
2174 2779 2334 2850 ἁγίοις

756 2861 1003 2932 ἀγγέλους,
1028 2860 1106 2917 ὃτι
1129 2865 1210 2915 καί
1242 2860 1342 2927 ἔξω
1369 2866 1557 2939 σαρκός
1585 2869 1663 2919 καὶ
1693 2873 1783 2921 τοῦ
1814 2872 2040 2925 τεθνάναι
2069 2873 2331 2943 κρείττους

752 2952 905 3014 εἰσίν,
936 2951 1199 3023 γεγονότος
1224 2955 1275 3006 ὲν
1297 2952 1501 3016 τούτοις
1523 2963 1614 3011 τοῦ
1636 2958 1745 3012 υἱοῦ
1771 2958 1855 3013 διά
1883 2965 1974 3018 τήν
2003 2962 2225 3016 ἑκούσιον
2251 2966 2331 3016 κέ·

752 3063 921 3096 νωσιν.
952 3043 1073 3097 Ἀλλ’
1099 3043 1126 3098 5
1161 3046 1344 3118 βραχὺ
1373 3050 1495 3123 παρ’
1524 3050 1764 3122 ἀγγέλους
1790 3052 2135 3122 ἠλαττωμίνος
2163 3052 2245 3109 διὰ
2273 3055 2333 3112 τό

2419 609 2669 675 humiles,
2694 608 2831 662 haud
2855 623 3011 664 secus
3031 623 3191 679 atque
3212 613 3464 668 sublimes
3478 618 3774 671 sententias
3790 617 3861 672 de
3884 632 3989 673 uno

2422 698 2720 766 eodemque
2733 698 2841 751 Deo
2853 697 3030 753 Verbo
3039 700 3343 767 ineat-nato,
3358 718 3422 758 ac
3432 704 3657 760 Domino
3670 716 3861 761 nostro
3870 705 3992 763 Jesu

2423 787 2639 842 Christo
2666 798 3015 856 exponentes,
3028 791 3397 847 confusionem
3415 794 3837 867 divisionemque
3855 798 3991 866 pari-

2426 888 2505 930 ter
2519 878 2745 931 vitamus
2762 886 3161 944 naturarum,cx
3171 882 3364 949 quibus
3380 884 3586 937 unicam
3601 884 3696 938 Dei
3710 901 3776 940 ac
3786 886 3991 940 Domini

2425 968 2594 1021 nostri
2610 965 2737 1021 Jesu
2753 968 2947 1022 Christi
2973 972 3221 1024 constitui
3243 970 3636 1029 subsistentiam
3658 960 3991 1034 conﬁtemur.

2427 1070 2601 1123 neque
2612 1065 2855 1123 quartam
2875 1056 3174 1113 inducimus
3196 1075 3478 1128 personam
3508 1073 3707 1118 sancta:
3728 1065 3990 1118 Trinitati.

2499 1140 2696 1197 Verum
2737 1146 2910 1199 sancti
2951 1161 3167 1215 quoque
3194 1146 3587 1218 Patres,atqize
3613 1150 3874 1205 Ecclesiae
3898 1151 3994 1203 do—

2427 1241 2624 1297 ctores,
2657 1248 2837 1286 sacras
2876 1247 3210 1303 exponentes
3247 1237 3471 1303 litteras,
3500 1254 3622 1292 eum
3646 1241 3890 1293 locumtt
3911 1236 3997 1290 lli-

2431 1320 2593 1374 nuisti
2614 1336 2733 1374 eum
2757 1321 2917 1389 paulo
2938 1324 3113 1378 minus
3140 1325 3207 1378 ab
3226 1326 3449 1392 angelis:
3472 1344 3491 1379 ε
3509 1326 3659 1395 juxta
3674 1341 3738 1381 ea
3765 1342 3888 1397 qua:
3913 1343 3995 1381 su-

2430 1410 2609 1478 perius
2637 1409 2902 1478 disputata
2932 1419 3056 1464 sunt
3082 1412 3150 1467 de
3176 1416 3451 1483 unigenito
3478 1415 3588 1469 Deo
3618 1416 3795 1471 Verbo
3821 1418 3993 1472 incar-

2431 1508 2557 1553 nato
2597 1499 2796 1553 dictum
2837 1515 2957 1554 esse
2985 1501 3304 1556 docuerunt.
3330 1505 3561 1560 Sanctus
3602 1508 3748 1560 enim
3774 1506 3995 1577 Cyrillus

2429 1589 2481 1642 in
2505 1589 2728 1659 epistola
2754 1591 2820 1643 ad
2847 1590 3129 1646 Basiliden)
3156 1592 3273 1646 haec
3296 1594 3458 1648 habet
3482 1613 3494 1647 :
3545 1614 3566 1646 ε
3592 1596 3877 1661 Quomodo
3905 1598 3995 1663 igi-

2430 1689 2517 1733 tur
2542 1679 2746 1748 angelis
2771 1688 2853 1734 est
2876 1680 3195 1747 minoratus,
3219 1683 3308 1752 qui
3335 1684 3403 1737 ab
3425 1684 3552 1753 ipsis
3579 1685 3869 1739 adoratur?
3894 1685 3995 1739 Sed

2430 1769 2648 1824 evidens
2691 1776 2774 1824 est
2817 1769 2931 1824 haec
2977 1785 3159 1826 causa.
3190 1771 3355 1845 Sedet
3381 1775 3522 1828 enim
3568 1774 3620 1827 in
3653 1774 3995 1830 humanitatis

2430 1858 2756 1923 conditione,
2787 1868 2844 1914 et
2884 1875 3113 1930 corpore
3160 1864 3374 1918 mortali
3428 1864 3570 1934 quod
3615 1875 3995 1936 assumpserat,

2430 1948 2639 2017 sibique
2664 1947 2866 2003 fecerat
2889 1951 3196 2019 proprium:
3225 1953 3278 2005 in
3307 1968 3376 2007 eo
3399 1954 3585 2008 volens
3605 1970 3796 2023 passus
3822 1964 3927 2024 est,
3950 1965 3995 2009 el

2431 2053 2675 2108 suprema
2713 2039 2883 2107 gloria
2927 2051 3149 2110 propter
3183 2043 3487 2111 passionem
3515 2053 3830 2109 coronatur,
3861 2045 3997 2113 quod

2433 2145 2531 2199 per
2552 2130 2719 2199 ipsam
2767 2130 3063 2185 aboleverit
3110 2140 3356 2197 mortem,
3406 2140 3462 2186 et
3497 2132 3775 2186 sustulerit
3819 2147 3995 2187 corru-

2434 2221 2691 2290 ptionem,
2721 2220 2957 2275 existens
2988 2235 3103 2290 ipse
3144 2221 3250 2274 vita
3281 2230 3338 2276 et
3383 2222 3734 2290 ineorruptio.
3781 2219 3998 2287 Quando

2432 2313 2616 2381 itaque
2637 2310 2819 2366 Jesuni
2847 2313 3108 2377 nominat,
3130 2321 3186 2366 et
3205 2312 3378 2381 ipsum
3406 2312 3610 2380 angelis
3628 2326 3748 2366 esse
3774 2312 4003 2365 minora-

2432 2408 2546 2454 tum
2571 2400 2863 2467 dicit,lnon
2890 2402 2963 2455 ibi
2992 2401 3265 2456 hominem
3305 2402 3531 2457 seorsim
3577 2409 3632 2455 et
3666 2401 3998 2469 singulariter

2434 2499 2716 2560 acceptum
2759 2490 3126 2559 intelligimus,
3155 2492 3247 2545 sed
3276 2492 3447 2560 ipsum
3479 2490 3671 2545 Filium
3699 2491 3794 2545 Dei
3823 2491 3995 2558 unige-

2437 2580 2605 2635 nitum
2633 2581 2925 2636 secundum
2951 2581 3401 2652 dispensationem
3450 2582 3649 2636 sanctis
3690 2581 3896 2651 angelis
3929 2580 3996 2635 di-

2434 2671 2637 2739 gnitate
2676 2671 2975 2736 cedentem,
3031 2673 3156 2740 quia
3183 2670 3476 2726 secundum
3523 2671 3803 2724 veritatem
3833 2668 3997 2724 factu!

2434 2769 2517 2816 est
2563 2762 2746 2827 homo,
2776 2764 2868 2832 qui
2920 2763 2987 2815 ab
3015 2776 3198 2816 eorum
3240 2761 3526 2816 eminentia
3556 2769 3638 2815 est
3687 2762 3998 2816 minoratus.

2435 2847 2743 2906 Sublimitas
2795 2851 2938 2906 enim
2988 2860 3291 2906 sanctorum
3342 2851 3652 2920 angelorum
3700 2860 3786 2906 est
3851 2861 3997 2905 extra

2432 2954 2647 2994 carnem
2701 2956 2821 2995 csse
2871 2945 3138 3010 mortique
3187 2940 3408 2996 minime
3460 2942 3670 3010 subjici,
3701 2956 3863 3010 quam
3893 2943 3998 3012 ipse

2430 3041 2731 3096 voluntaria
2758 3026 3124 3096 exinanitione
3171 3042 3442 3111 suscepit;
3491 3049 3547 3096 ct
3591 3043 3682 3110 qui
3711 3057 3901 3111 parum
3934 3041 3999 3095 ab

753 3137 842 3188 τῆς
868 3131 1255 3205 ἀνθρωπὸτητος
1280 3138 1465 3210 μέτρον
1492 3137 1542 3190 ἐν
1562 3138 1802 3215 ὑπεροχῇ
1829 3141 2061 3202 θεότητος
2080 3142 2146 3196 ὢν
2168 3165 2331 3218 προσ-

767 3226 969 3245 -_.-.-A'__s_
1004 3242 1055 3245 _A
1087 3221 1123 3245 ,³
1191 3225 1203 3241 1
1251 3230 1274 3242 II
1423 3229 1431 3245 ε
1463 3227 1478 3244 1
1513 3225 1555 3245 ια
1741 3233 1791 3245 Α,
1968 3231 1984 3245 Α
2278 3240 2299 3245 .-

2445 3132 2638 3200 angelis
2663 3132 2936 3196 minuitur,
2964 3141 3182 3201 propter
3204 3132 3558 3188 humanitatis
3585 3133 3792 3187 scilicet
3816 3132 3999 3187 condi-

2445 3222 2637 3245 t!--.-_
2686 3222 2737 3245 ζ..
2768 3221 3093 3245 -..ιιιξμζικιιι
3126 3222 3342 3245 “AS--12-
3376 3222 3603 3245 -_!-n.._-
3634 3223 3697 3245 ΔΙ.
3722 3222 3848 3245 2....2-
3879 3221 3975 3245 -.1η

755 3226 972 3274 κυνεῖται
998 3221 1123 3296 παρ’
1146 3225 1324 3288 αὐτῶν,
1350 3229 1432 3279 καί
1454 3225 1709 3302 ἕνίδρυται
1738 3233 1913 3291 θώκοις
1936 3231 2024 3291 οὒς
2060 3240 2328 3306 περιιστᾶ-

754 3330 833 3362 σιν
866 3311 1046 3365 ἐκεῖνοι
1074 3309 1448 3386 δοξολογουντες
1486 3317 1592 3382 άιί,
1635 3322 1844 3375 καὶτῶν
1880 3320 2141 3393 δυνάμεων
2174 3326 2324 3379 αὑτὸν

754 3398 1075 3468 ὀνομάζοντες
1113 3406 1296 3477 κύριον.
1331 3423 1348 3455 ι
1377 3402 1492 3462 Ὀτι
1527 3406 1580 3462 δὲ
1619 3412 1701 3464 καί
1737 3413 1768 3468 ἠ
1795 3412 2001 3472 κένωσις
2041 3415 2194 3467 αὑτοῦ
2234 3424 2326 3468 τοῦ

753 3493 883 3541 Θεοῦ
903 3488 1053 3561 λόγου
1081 3494 1421 3565 σαρκωθέντος
1444 3496 1601 3560 ἐστίν,
1624 3497 1650 3552 5
1672 3500 1827 3559 αὐτὸς
1844 3501 1896 3553 ἐν
1916 3499 2075 3573 ἁγίοις
2099 3502 2335 3578 ιὺριλλος

754 3579 802 3631 ἐν
829 3589 935 3640 τοῖς
961 3582 1086 3658 πρὸς
1126 3585 1220 3644 τάς
1256 3585 1571 3663 άντιρῤήσεις
1607 3589 1923 3667 Θεοδωρίτου
1949 3602 2239 3666 γραφεῖσιν,
2271 3593 2333 3654 ἃς

755 3674 1034 3730 ἐποιήσατο
1060 3673 1085 3727 5
1116 3677 1265 3737 αὑτος
1291 3677 1601 3749 Θεοόὠριτος
1629 3683 1755 3735 κατά
1781 3689 1872 3737 τοῦ
1897 3686 2141 3760 τετάρτου
2168 3688 2328 3742 αὑτοῦ

755 3764 1014 3835 κεγαλλίου
1042 3765 1203 3827 οὕτως
1229 3768 1379 3839 λεγει⁶
1404 3787 1422 3820 ε
1444 3766 1559 3824 Ὀτι
1589 3776 1677 3842 μὲν
1701 3777 1892 3848 σμικρά
1918 3783 1991 3846 τῷ
2016 3777 2069 3829 ἐκ
2089 3783 2175 3833 τοῦ
2203 3785 2331 3832 Θεοῦ

757 3854 898 3921 φύντι
934 3853 1066 3925 λόγῳ
1094 3857 1265 3912 πάντα
1310 3860 1423 3914 ἔστί
1470 3863 1534 3914 τά
1571 3862 1857 3936 ἀνθρώπινα
1906 3869 2051 3936 φαίην
2090 3861 2148 3918 ἂν
2192 3863 2332 3919 ὄκνου

754 3938 889 4010 ὃιχα
935 3943 1142 4003 παντός.
1190 3954 1332 4004 Ζητῶ
1375 3946 1428 4002 δὲ
1458 3956 1550 4023 τήν
1588 3952 1793 4006 κένωσιν
1836 3956 1886 4006 τί

757 3973 889 4010 υιλυι
935 3973 1142 4003 ἰῐαντυςο
1190 3973 1332 4004 ιητω
1375 3973 1428 4002 οε
1458 3973 1550 4023 την
1588 3973 1793 4006 κενωσιν
1836 3973 1886 4006 τι

757 4037 929 4086 νοοῖτο’
962 4036 1044 4087 καί
1078 4038 1152 4095 τίς
1184 4036 1209 4090 5
1249 4045 1401 4092 τοῦτο
1426 4042 1599 4094 παθὼν
1635 3973 1964 4103 έκουσίωςἺ

2012 3949 2070 4008 ἂν
2110 3956 2340 4027 γενέσθαι

1964 4046 1980 4094 ί
2006 4046 2095 4112 μέν
2120 4048 2237 4122 γὰρ,
2266 4049 2335 4105 ὡς

756 4122 897 4175 αὐτοί
922 4143 1094 4192 φασιν,
1122 4127 1152 4183 ἡ
1173 4132 1263 4181 τοῦ
1296 4125 1476 4181 δοὺλου
1503 4136 1692 4204 μορφή,
1718 4131 1831 4190 ἦτοι
1863 4134 1921 4186 τό
1959 4133 2013 4186 ix
2038 4135 2333 4207 σπέρματος

759 4211 910 4267 Δαϐίδ
919 4222 1051 4275 ,πῶς
1084 4214 1115 4274 ἣ
1138 4219 1250 4271 τίνα
1275 4221 1535 4276 κεκένωται
1561 4222 1745 4297 τρόπον
1771 4225 1814 4277 εί
1840 4226 2158 4296 προσελήφθη
2184 4229 2329 4301 παρά

757 4310 915 4368 Θεοῦ;
943 4308 998 4359 Εἰ
1020 4304 1073 4361 δὲ
1109 4309 1259 4368 αὑτῦς
1288 4308 1313 4363 5
1354 4312 1403 4363 ἐν
1435 4319 1597 4387 μορφῇ
1629 4315 1714 4366 καί
1742 4314 1935 4371 ἰσότητι
1975 4321 2065 4370 τοῦ
2094 4322 2219 4369 Θεοῦ
2249 4319 2332 4370 καί

758 4397 958 4468 πατρὸς
977 4397 1233 4467 ὑπάρχων
1254 4397 1420 4471 λόγος,
1449 4400 1626 4455 ἑαυτὸν
1654 4410 1866 4458 κενῶσαι
1890 4404 2106 4476 λέγεται,
2137 4412 2246 4466 πῶς
2270 4403 2333 4465 δή

2435 3222 2660 3288 tionem,
2686 3222 2739 3275 in
2768 3221 3096 3277 sublimitate
3123 3222 3344 3276 Deitatis
3372 3222 3608 3277 existens
3633 3223 3701 3276 ab
3720 3222 3851 3291 ipsis
3877 3221 3999 3276 ado-

2437 3318 2608 3380 ratur,
2633 3320 2689 3365 et
2725 3310 2780 3365 in
2836 3311 3044 3365 tbronis
3092 3312 3261 3379 sedet,
3291 3313 3433 3367 circa
3479 3327 3617 3380 quos
3643 3320 3790 3365 stant
3809 3310 4002 3377 angeli.

2433 3401 2799 3467 gloriﬁcantes
2847 3416 3080 3470 semper,
3111 3402 3390 3471 ipsumque
3423 3401 3706 3456 Dominqu
3751 3401 4008 3456 virtutum

2432 3489 2763 3547 incessanter
2808 3492 3221 3561 proclamantes.
3258 3511 3279 3544 ι
3312 3491 3389 3546 De
3434 3491 3623 3547 eadem
3678 3505 3864 3545 rursus
3911 3505 4012 3545 sua

2436 3585 2802 3639 exinanitione
2823 3584 2892 3639 ad
2914 3586 3246 3639 incarnatum
3259 3584 3426 3639 Deum
3446 3583 3676 3639 Verbum
3707 3584 4014 3652 pertinente

2436 3681 2652 3727 constat
2693 3689 2761 3728 ex
2789 3673 2979 3728 eodem
3003 3672 3201 3743 Cyrillo
3232 3673 3285 3727 in
3311 3673 3448 3727 libro
3475 3672 3731 3727 adversus
3757 3671 4001 3726 confuta-

2439 3762 2613 3817 tiones
2660 3761 3004 3824 Theodorcti,
3053 3777 3190 3832 quas
3228 3762 3343 3830 ipse
3370 3761 3497 3816 fecit
3542 3746 3729 3815 contra
3757 3768 4005 3828 quartum

2439 3852 2557 3921 ejus
2582 3852 2889 3920 capitulum.
2928 3869 2947 3903 ι
2982 3851 3133 3917 Quod
3157 3865 3340 3921 parva,
3370 3851 3562 3920 inquit,
3585 3851 3691 3904 sint
3714 3849 3894 3903 omnia
3918 3849 4001 3904 hu-

2442 3956 2601 3997 mana
2615 3941 2791 3996 Verbo
2816 3956 2886 3996 ex
2903 3940 3016 3995 Deo
3058 3951 3185 3995 nato
3212 3942 3415 4009 absque
3442 3954 3591 3995 mora
3616 3941 3745 4008 quin
3770 3941 4005 3994 haeream

2438 4030 2646 4086 dixero.
2678 4029 2871 4096 Quaero
2912 4034 3098 4083 autem‘
3118 4029 3393 4097 cujusdam
3433 4044 3553 4084 esse
3580 4037 3796 4101 putetur
3818 4030 4004 4083 exina-

2440 4120 2594 4184 nitio,
2610 4129 2666 4174 et
2691 4119 2810 4186 quis
2823 4118 2962 4173 hanc
2975 4118 3275 4173 voluntarie
3295 4119 3493 4174 tulerit.
3514 4118 3716 4186 Itaque,
3735 4119 3799 4182 si,
3815 4133 4002 4187 quem-

2436 4219 2719 4274 admodum
2757 4216 2848 4270 alii
2877 4217 3076 4282 dicunt,
3116 4215 3285 4271 lorma
3318 4215 3479 4279 servi,
3504 4211 3762 4284 autquod
3808 4226 3895 4271 est
3939 4231 4006 4271 ex

2430 4309 2637 4365 semine
2650 4306 2838 4372 David;
2858 4305 3129 4376 quomodo
3146 4305 3232 4359 vel
3261 4303 3569 4375 que[Supp.
3586 4303 3786 4375 pacto],
3799 4320 4009 4375 quaso,

2431 4407 2759 4463 exinanitum
2784 4414 2890 4472 est,
2927 4405 2974 4458 si
3002 4419 3033 4457 a
3063 4404 3174 4459 Deo
3202 4410 3533 4471 assumptum
3584 4401 3697 4456 est?
3715 4402 3774 4457 Si
3821 4412 4007 4459 autem

759 4487 908 4541 πάλιν
930 4486 961 4546 ἣ
992 4489 1106 4543 τίνοι
1130 4490 1320 4564 τρόπον
1348 4493 1641 4558 κεκένωται,
1670 4496 1715 4547 εί
1744 4504 2047 4569 παραιτοῖτο
2073 4502 2160 4555 τὴν
2186 4500 2332 4552 κένω-

2445 4495 2609 4565 lpsum
2630 4493 2883 4558 Verbum,
2896 4493 3039 4561 quod
3062 4494 3114 4546 in
3130 4492 3300 4546 forma
3327 4499 3380 4546 et
3397 4491 3700 4560 aequalitate
3720 4492 3811 4545 Dei
3833 4493 4009 4547 Patris

759 4592 870 4641 σενς
897 4580 1099 4640 κένωσις
1136 4579 1190 4634 δὲ
1217 4589 1290 4652 τῷ
1318 4591 1425 4652 Θεῷ
1453 4583 1585 4655 λόγῳ
1604 4585 1782 4640 παθεῖν
1810 4587 1895 4641 οὑκ
1923 4585 2076 4641 εἰδότι
2099 4593 2185 4645 τήν
2209 4608 2329 4661 τρο-

760 4673 882 4731 mit,
910 4669 970 4721 τό
1014 4667 1207 4742 δράσαι
1242 4694 1291 4727 τι
1320 4677 1397 4726 καί
1440 4675 1600 4727 εἰπεῖν
1635 4682 1732 4729 τῶν
1775 4676 2090 4750 ἀνθρωπίνων
2124 4676 2207 4732 διὰ
2242 4684 2331 4735 τήν

758 4758 887 4828 πρὶς
913 4758 1081 4832 σάρκα
1114 4759 1323 4814 σύνοδον
1345 4762 1674 4832 οἴκονομικήν.
1707 4780 1725 4814 t
1755 4768 1848 4818 nati
1874 4765 2072 4820 πάλινό
2101 4768 2253 4825 αὑτός
2282 4767 2332 4821 ἐν

759 4845 922 4917 ἁγίοις
954 4847 1194 4917 Κὺριλλος
1236 4851 1290 4902 ίν
1318 4856 1389 4921 τῷ
1431 4851 1566 4923 αὐτῷ
1608 4852 1785 4923 βιϐλίῳ
1816 4857 1956 4907 κατά
1997 4860 2335 4927 Νεστοριανῶν

759 4933 895 4989 οἷτω
922 4933 1219 5009 λέγειέ’Δρ’
1237 4932 1325 4990 οὖν
1346 4937 1370 4990 5
1394 4939 1658 5000 θεσπέσιος
1674 4942 1865 5001 Παῦλος
1887 4948 2197 5011 πεςιαινάκικε
2212 4940 2331 5012 (sic)

758 5031 879 5089 τοὺς
909 5030 1243 5101 ἡγιασμένους
1286 5030 1368 5085 διά
1406 5039 1499 5093 τῆς
1545 5034 1767 5093 πίστεως
1806 5036 2149 5106 ἐναργέστατα
2183 5035 2335 5105 λέγων

758 5123 878 5190 περὶ
914 5126 1008 5175 τοῦ
1049 5127 1375 5193 μονογενοῦς,
1407 5120 1762 5183 ὄτι-πλούσιος
1803 5122 1869 5176 ὧν
1903 5125 2232 5193 ίπτώχευσεν
2270 5123 2336 5177 δι’

760 5216 929 5282 ημᾶςς
958 5217 1027 5282 μη
1069 5214 1282 5283 γίνοιτο’
1310 5214 1536 5271 ἀληθεύει
1560 5217 1661 5287 γάρ
1701 5217 1902 5274 πάντως
1937 5223 2027 5272 τῆς
2057 5216 2282 5275 ἀληθείας
2306 5214 2332 5269 5

758 5302 937 5377 κήρυξ.
968 5299 1109 5357 Ἀλλά
1135 5308 1233 5376 γάρ
1270 5306 1347 5362 τίς
1375 5302 1400 5357 5
1439 5304 1678 5362 πλούσιός
1706 5305 1858 5367 ἔστιν,
1887 5308 1971 5357 καί
1996 5306 2108 5358 τίνα
2148 5306 2333 5378 τρόπον
2358 5290 2374 5301 Ἰ

759 5394 1128 5460 innixam“;
1158 5392 1469 5461 βασανιζίτω
1507 5396 1591 5446 καί
1624 5399 1714 5446 νῦν
1752 5392 1778 5446 5
1816 5395 1962 5464 λόγος
1989 5396 2129 5465 ἡμῖν.
2157 5400 2213 5449 Εἰ
2248 5398 2337 5465 μίν

760 5483 879 5560 γὰρ.
907 5483 1031 5536 καθά
1058 5486 1137 5536 καί
1162 5489 1351 5559 φρονεῖν
1377 5486 1460 5536 καί
1486 5483 1643 5556 λέγειν
1666 5485 1812 5538 αὑτοὶ
1835 5486 2222 5555 τεθαρσήκασιν,
2250 5482 2337 5538 ἄν·

762 5579 963 5655 θρωπος
1001 5579 1239 5651 ἀνελήφθη
1282 5578 1424 5655 παρᾶ
1458 5584 1547 5633 τοῦ
1592 5583 1751 5642 Θεοῦ,
1790 5585 1901 5637 πῶς
1943 5580 2272 5649 ἐπτώχευσεν
2310 5580 2335 5632 ό

764 5673 1056 5745 ἀναληφθεὶς
1080 5675 1166 5726 καί
1186 5679 1293 5732 τοῖς
1314 5671 1445 5749 ὑπίρ
1469 5671 1619 5742 φύσιν
1653 5671 1928 5740 ἀξιώμασιν
1959 5671 2339 5745 ἕκλελαμπρυσ-

770 5762 948 5838 μένοες
978 5759 1281 5823 Δοεδὸξοιστόιι
1307 5764 1429 5832 γάρ,
1451 5760 1482 5819 ἦ
1508 5761 1551 5813 εἰ
1569 5763 1639 5830 μη
1665 5758 1811 5812 τοῦτό
1839 5760 1978 5812 ἐστιν
2007 5757 2200 5822 ἀληθὲς,
2226 5758 2340 5814 δια-

2435 4585 2639 4652 existit,
2666 4599 2727 4640 se
2752 4584 2925 4653 ipsum
2952 4583 3306 4637 exinanivisse
3333 4582 3562 4647 dicitur;
3589 4583 3888 4650 quomodo,
3921 4586 4008 4639 vel

2435 4690 2544 4744 quo
2559 4683 2717 4744 pacto
2735 4674 3063 4728 exinanitum
3082 4680 3182 4734 est,
3205 4674 3250 4727 si
3272 4671 3523 4726 refutavit
3547 4672 3969 4726 exinanitionem
3984 4675 4010 4726 ?

2436 4765 2746 4820 Exinanitio
2773 4771 2951 4819 autem
2979 4763 3091 4817 Deo
3117 4762 3295 4816 Verbo
3338 4763 3640 4817 versionem
3676 4763 3785 4831 pati
3824 4763 4011 4817 nescio

2438 4861 2521 4910 est
2546 4853 2723 4908 facere
2743 4867 2807 4907 ac
2840 4852 3023 4906 dicere
3048 4850 3299 4919 quiddam
3340 4850 3628 4904 humanum
3651 4859 3874 4919 propter
3899 4851 4012 4905 dis.

2440 4944 2773 5013 pensativum
2800 4942 2867 4996 ad
2889 4955 3103 4996 carnem
3131 4947 3475 4994 conventum.
3513 4957 3533 4991 ε
3565 4938 3761 4993 lterum
3789 4949 4014 4997 sanctus

2439 5031 2668 5103 Cyrillus
2711 5031 2764 5085 in
2793 5030 2985 5086 eodem
3012 5029 3151 5084 libro
3178 5036 3365 5084 contra
3392 5027 3741 5083 Nestorianos
3767 5025 3883 5080 haec
3908 5027 4013 5082 lia-

2439 5122 2561 5176 bet:
2600 5139 2619 5173 ε
2648 5119 2894 5189 Nunquid
2940 5120 3098 5186 igitur
3123 5118 3332 5172 divinus
3356 5116 3552 5172 Paulus
3580 5115 3684 5171 ﬁde
3704 5114 4015 5172 sanctiﬁca-

2441 5220 2524 5266 tos
2552 5210 2782 5275 seduxit,
2805 5210 3083 5279 perspicue
3109 5208 3177 5263 de
3200 5206 3483 5276 Unigenito
3501 5207 3711 5262 dicens:
3738 5206 3876 5261 Cum
3921 5222 4010 5259 es-

2439 5310 2523 5354 set
2565 5300 2732 5363 dives,
2764 5313 2964 5366 egenus
3006 5307 3228 5367 pr0pter
3272 5313 3372 5352 nos
3416 5296 3637 5351 ellectus
3675 5297 3795 5349 est?
3831 5294 4011 5349 Absit.

2440 5390 2579 5473 Yera
2605 5403 2835 5459 namque
2856 5390 3075 5448 omnino
3110 5388 3344 5457 loquitur
3368 5387 3623 5442 Veritatis
3649 5401 3848 5457 prtem.
3880 5385 4018 5452 Qui:

2439 5491 2583 5545 enim
2603 5497 2684 5544 est
2704 5490 2873 5554 dives,
2889 5497 2944 5543 et
2963 5489 3234 5557 quomodo
3254 5488 3425 5544 factus
3451 5496 3532 5543 est
3550 5502 3750 5556 egenus
3764 5488 3797 5542 τ’
3812 5487 3871 5541 Si
3892 5489 4017 5556 qni-

2443 5579 2587 5643 dem,
2616 5578 3063 5648 quemadmodum
3109 5577 3311 5632 sentire
3355 5591 3418 5630 ac
3463 5576 3709 5646 proloqui
3746 5576 3863 5630 ausi
3890 5583 4016 5630 sunt

2443 5671 2687 5740 quidam,
2721 5672 2883 5725 homo
2911 5677 3213 5739 assumptus
3257 5676 3338 5724 est
3363 5684 3392 5722 a
3423 5668 3554 5732 Deo,
3578 5666 3850 5736 quomodo
3878 5678 4023 5735 pau-

2445 5776 2540 5830 per
2560 5760 2729 5815 l‘actus
2740 5771 2821 5814 est
2839 5760 3181 5830 derogabitur
3203 5760 3221 5780 ¹
3241 5760 3288 5815 is
3307 5759 3397 5828 qui
3412 5766 3710 5828 assumptus
3725 5763 3828 5821 est,
3851 5755 4034 5825 digni.

835 5850 857 5874 ’
885 5849 1228 5924 Derogabitur
1246 5848 1654 5921 expungendum
1676 5847 1907 5904 clamant
1928 5857 2104 5905 textus
2125 5849 2342 5907 Grazcus
2367 5860 2421 5907 et
2448 5853 2702 5921 syntaxis.
2733 5850 2884 5906 Eutr.
