4220 6442
769 339 897 407 ῙΟἸΙ

2074 354 2503 414 ΞΗδΤΙΝΙΑῙςΙ
2550 358 2703 417 IMP.

3871 372 4005 438 1072

752 467 1057 537 τεθείκαμεν,
1080 472 1165 526 ἵνα
1208 481 1373 528 ταῦτα
1408 467 1766 536 κατανοοῦντες
1793 478 1984 549 γνοίητε
2015 480 2079 538 ὡς
2110 480 2173 531 τά
2207 480 2318 550 παρ

2395 479 2605 537 icti-ina
2645 480 3047 548 proposuimus,
3088 468 3146 535 ut
3182 497 3244 537 ea
3288 487 3640 555 percipientes
3679 488 4001 557 intelligatis,

754 559 894 622 ὑμῶν
918 564 1271 634 προτεθειμένα
1288 605 1304 631 ,
1328 568 1414 619 καὶ
1439 564 1701 641 Ἀρειανοί,
1741 572 1823 622 καὶ
1850 571 2168 642 Νεστοριανοί
2197 570 2325 622 κατά

752 656 841 701 τοῦ
866 656 1041 722 κυρίου
1066 657 1149 705 καί
1177 659 1302 708 Θεοῦ
1333 656 1470 725 ἡμῶν
1495 656 1663 714 Ἰησοῦ
1692 666 1911 733 Χριστοῦ
1938 659 2172 730 λέγουσιν
2196 662 2323 712 ἀσε-

752 738 875 799 σῶς.
898 742 954 793 ΟΞ
981 742 1070 808 μέν
1091 743 1188 816 γὰρ
1211 741 1451 820 ’Δρειανοὶ
1475 743 1848 809 σπουδάζοντες
1872 747 1959 802 τόν
1978 748 2083 800 υἱόν
2111 750 2322 817 κτίσμα,

751 834 835 883 καί
875 830 1133 904 ἀλλότριον
1172 842 1264 893 τῆς
1302 843 1550 911 πατρικῆς
1599 838 1773 896 οὐσίας
1814 836 2106 902 ἀποδεῖξαι,
2144 842 2227 891 καί
2267 838 2324 891 τό

748 922 927 987 πάθος,
942 927 1024 977 καί
1038 928 1101 978 τά
1122 921 1245 979 όὶὶλα
1261 932 1327 980 τά
1351 929 1562 981 ταπεινά
1584 937 1644 1002 τῇ
1665 931 1861 989 θεότητι
1883 932 2032 985 αὐτοῦ
2064 931 2189 1002 μόνῃ
2205 932 2326 986 ἐπά-

747 1035 936 1083 γουσιν,
981 1015 1026 1069 οἱ
1054 1014 1106 1069 δὲ
1134 1022 1453 1094 Νεστοριανσὶ
1481 1018 1570 1073 δύο
1606 1021 1744 1079 υίοὺς
1772 1023 1986 1091 εἲσάγειν
2013 1022 2320 1092 βουλόμενοι,

747 1109 1134 1180 κεχωρισμένως
1158 1110 1363 1180 λέγουσι
1391 1112 1476 1164 τὶν
1502 1112 1621 1164 Θεὸν
1645 1110 1807 1180 λόγον,
1829 1116 1911 1165 καί
1929 1115 2321 1185 κεχωρισμένως

745 1200 831 1251 τόν
859 1201 1075 1271 Χριστόν
1111 1199 1250 1270 ψιλόν
1288 1199 1567 1274 ἄνθρωπον,
1598 1204 1683 1257 καὶ
1710 1202 1842 1271 μόνῳ
1886 1211 1960 1275 τῷ
1988 1205 2232 1279 ἀνθρώπῳ
2258 1206 2321 1259 τά

745 1291 953 1342 ταπεινά
983 1292 1345 1362 ἀπονέμουσιν.
1384 1290 1506 1346 Ἀλλ’
1529 1294 1628 1362 οὐχ
1666 1295 1830 1352 οὕτως
1858 1294 1903 1347 οί
1931 1292 2064 1366 ἅγιοι
2102 1297 2321 1368 πατέρες

746 1378 1086 1435 διδάσκουσιν·
1120 1381 1235 1435 οὐδέ
1279 1384 1377 1456 γὰρ
1409 1382 1492 1438 διὰ
1523 1387 1584 1438 τά
1626 1388 1844 1440 ταπεινά
1871 1392 2063 1461 τροπήν
2090 1387 2318 1457 λέγουσιν

742 1480 834 1530 τῆς
855 1480 951 1526 τοῦ
979 1473 1092 1525 υἱοῦ
1124 1474 1376 1540 θεότητος,
1410 1472 1520 1529 οὐδᾶ
1544 1474 1629 1530 διά
1661 1477 1722 1529 τὰ
1757 1476 1926 1547 ὑψηλά
1953 1476 2204 1552 διαιροῦσι
2229 1483 2317 1535 τήν

740 1559 1106 1637 ἁνθρωπότητα
1130 1574 1221 1625 τῆς
1247 1567 1500 1633 θεότητος,
1531 1566 1655 1621 ἀλλά
1681 1574 1771 1621 τοῦ
1803 1567 1909 1627 ἑνὸς
1937 1572 2018 1623 καί
2044 1574 2132 1622 τοῦ
2162 1571 2316 1623 αὐτοῦ

741 1662 1034 1727 μονογενοῦς
1072 1662 1200 1711 Θεοῦ
1238 1656 1387 1725 λόγου
1429 1649 1831 1728 ’σεσαρκωμᾶνου
1877 1662 1958 1712 ml
2003 1660 2316 1731 ἕνανορωπήο

739 1765 946 1807 σουτος,
974 1748 1056 1799 καὶ
1106 1745 1174 1799 τὰ
1223 1743 1414 1814 ὑψηλὰ,
1447 1748 1529 1799 καί
1569 1748 1637 1801 τά
1686 1747 1894 1802 ταπεινᾶ
1935 1744 2058 1803 εἶναι
2098 1747 2312 1824 παραδι-

739 1834 931 1890 deusta.

801 2015 1000 2077 Ἐπειδή
1029 2016 1081 2073 δέ
1108 2023 1191 2073 καί
1228 2026 1375 2076 τοῦτο
1399 2026 1509 2081 τοῖς
1538 2023 1801 2098 ὑμετέροις
1830 2026 2123 2080 ἐντεθείκατε
2164 2045 2310 2098 κεφα-

737 2106 888 2169 λαίοις
920 2110 972 2162 ἐκ
1002 2117 1093 2170 τῆς
1122 2112 1280 2173 αὐτῆς
1310 2113 1601 2179 ἐπιστολῆς,
1628 2111 1708 2169 ’ὅτι
1735 2116 1896 2177 καλῶς
1926 2112 2061 2170 εἶπεν
2095 2115 2184 2170 δύο
2221 2120 2313 2186 φὶ·-

736 2219 841 2258 an;
865 2241 877 2260 .
922 2202 1039 2270 μίαν
1089 2202 1353 2266 ἐξουσίαν,
1389 2201 1437 2256 ἓν
1477 2204 1784 2279 πρόσωπον,
1812 2208 1896 2259 καί
1931 2206 1979 2258 ἕν
2019 2207 2184 2277 τούτῳ
2221 2211 2311 2263 τήν

730 2295 972 2361 πονηρίαν
1010 2301 1104 2349 τοῦ
1131 2295 1419 2371 γράψαντος
1444 2302 1537 2355 τήν
1575 2299 1844 2357 ἐπιστολὴν
1883 2295 2227 2370 διελέγξωμεν.
2255 2297 2311 2354 Ὀ

732 2385 829 2457 γὰρ
856 2389 923 2455 μὴ
951 2383 1203 2458 ὁμολογῶν
1221 2428 1236 2452 ,
1264 2384 1343 2442 ότι
1367 2388 1517 2448 αὐτὸς
1545 2382 1572 2439 ό
1597 2388 1718 2447 Θεὸς
1761 2388 1906 2459 λόγος
1944 2376 2225 2463 Ἴσαρκωθείς
2254 2391 2310 2443 εκ

731 2484 821 2534 τῆς
843 2479 1094 2551 παρεένου
1122 2480 1519 2549 ἕνηνθρώπησεν,
1545 2482 1681 2541 τίνος
1710 2484 1803 2541 τάς
1828 2480 1919 2536 δύο
1947 2486 2123 2556 φύσεις
2149 2484 2307 2557 λέγεις

735 2565 873 2622 Ἀλλά
896 2569 1166 2646 πρόδηλον,
1194 2570 1273 2628 ότι
1300 2575 1412 2628 ἀντὶ
1435 2575 1724 2649 προσῶπων
1749 2577 1844 2635 τάς
1872 2572 1964 2629 δύο
1992 2578 2165 2648 φύσεις
2192 2578 2310 2648 ὶαμ-

734 2656 890 2722 σάνει,
914 2662 1046 2715 κατά
1071 2662 1335 2739 Νεστόριον
1376 2667 1463 2717 καὶ
1486 2663 1759 2741 Θεόδωρον,
1787 2663 1876 2725 οὓς
1902 2666 2100 2720 ἓπαινεῖ
2126 2669 2158 2725 ἡ
2184 2669 2310 2723 ἀσε-

732 2753 824 2816 ϐής
866 2760 996 2815 αὐτὴ
1032 2759 1293 2817 ἐπιστολή.
1344 2762 1402 2814 Ei
1438 2761 1535 2836 γάρ
1570 2765 1652 2815 καί
1689 2758 1740 2814 ἓν
1777 2763 2071 2835 πρόσωπον,
2105 2766 2189 2817 καί
2221 2765 2308 2818 ἕνα

730 2842 841 2900 οἶόν
872 2843 1012 2899 δοκεῖ
1046 2846 1202 2918 λέγειν
1250 2850 1280 2906 ἡ
1323 2849 1591 2911 ἐπιστολή.
1624 2856 1772 2904 τοῦτο
1805 2854 1887 2904 καί
1924 2850 2182 2927 Θεόδωρος
2222 2855 2307 2906 καί

729 2936 998 3009 Χεστόριος
1044 2941 1130 2991 καί
1175 2938 1434 3009 λέγουσιν,
1460 2940 1546 2994 τόν
1585 2943 1798 3017 Χριστὸν
1846 2938 2107 3015 ἄνθρωπον
2151 2940 2303 3012 μόνον

727 3024 951 3095 λέγοντες
995 3027 1201 3097 ἐπέχειν
1245 3029 1302 3081 τό
1346 3031 1616 3103 πρόσωπον
1654 3036 1742 3084 τοῦ
1783 3037 1913 3086 Θεοῦ
1958 3032 2128 3103 λόγου,
2158 3031 2300 3103 ἔχειν

726 3119 814 3173 τὴν
843 3116 983 3177 ἀξίαν
1024 3119 1105 3170 καί
1130 3122 1219 3175 τήν
1242 3123 1389 3187 τιμὴν
1414 3124 1499 3172 τοῦ
1529 3127 1656 3173 Θεοῦ
1693 3120 1869 3192 λόγου,
1904 3125 1984 3174 καί
2016 3126 2106 3178 τήν
2139 3123 2299 3195 χάριν

2429 584 2491 623 ea
2519 584 2638 639 qum
2685 572 2971 624 constituta
3001 586 3030 626 a
3061 574 3208 628 vobis
3249 584 3372 629 sunt
3392 616 3407 641 ,
3447 592 3510 631 ea
3540 578 3651 648 ipsa
3681 579 3751 633 ab
3795 578 4002 634 Arianis

2429 669 2591 728 atque
2611 660 2941 715 Nestorianis
2968 661 3225 718 adversus
3244 664 3527 720 Dominum
3557 675 3799 722 nostrum
3819 665 4000 722 Iesum

2425 751 2695 807 Christum
2721 754 2905 823 impie
2970 755 3240 810 sustineri.
3309 758 3489 811 Ariani
3543 758 3747 813 scilicet
3812 755 4004 813 Filium

2425 852 2729 896 creaturam
2759 858 2879 898 esse
2905 855 3065 915 atque
3094 855 3409 900 extraneum
3438 863 3468 900 ει
3498 858 3722 916 paterna
3748 847 4001 903 substan-

2426 934 2497 986 tia
2527 933 2896 990 demonstrare
2944 937 3163 1000 conati,
3208 938 3514 1006 passionem
3552 939 3671 1005 ejus
3701 949 4005 1006 ceteraque

2425 1024 2642 1078 humilia
2692 1025 2792 1079 soli
2823 1026 3062 1079 tribuunt
3105 1026 3401 1092 divinitati;
3453 1026 3755 1083 Nestoriani
3793 1036 4001 1092 contra,

2422 1116 2511 1182 qui
2541 1115 2676 1171 duos
2723 1117 2973 1171 invehere
3020 1116 3157 1171 ﬁlios
3202 1118 3460 1183 nituntur,
3509 1121 3798 1189 separatim
3836 1120 4003 1174 Deum

2427 1202 2685 1272 Verbum,
2713 1207 3107 1274 separatimque
3142 1221 3334 1276 purum
3367 1209 3635 1264 hominem
3662 1211 4002 1279 proﬁtentur,

2421 1306 2647 1361 quaeque
2693 1295 2759 1347 ad
2813 1295 3168 1350 humilitatem
3213 1298 3487 1366 pertinent
3551 1300 3822 1367 passionis
3888 1300 4003 1355 solo

2420 1381 2623 1434 homini
2652 1382 3001 1450 adjudicanda
3030 1399 3149 1439 esse
3176 1385 3491 1441 decernunt.
3518 1387 3719 1442 Verum
3749 1404 3860 1445 n01
3891 1389 4003 1444 hac

2421 1485 2451 1523 a
2477 1472 2677 1525 sanctis
2704 1471 2951 1529 Patribus
2974 1473 3235 1528 docemur
3264 1493 3277 1527 :
3308 1484 3484 1546 netwe
3512 1478 3655 1531 enim
3680 1494 3745 1533 ex
3774 1480 3858 1534 his
3885 1495 4004 1549 qua:

2419 1559 2649 1615 demisse
2676 1562 2815 1616 dicta
2843 1573 2967 1618 sunt
2994 1564 3287 1621 divinitatis
3316 1567 3435 1621 Filii
3468 1571 3881 1626 conversionem
3911 1573 4003 1625 atl-

2418 1651 2654 1713 mittunt,
2685 1655 3135 1720 quemadmodum
3168 1672 3341 1726 neque
3367 1673 3434 1713 ex
3461 1659 3781 1716 sublimibus
3804 1663 4001 1716 divini-

2419 1747 2583 1794 tatem
2611 1740 2857 1796 dividunt
2879 1745 2946 1798 ab
2975 1745 3327 1813 humanitate,
3352 1749 3444 1803 sed
3467 1750 3535 1803 de
3560 1766 3667 1804 uno
3694 1752 3998 1820 eodemque

2302 1860 2308 1868 ι
2346 1835 2391 1894 Β
2418 1827 2529 1883 Deo
2559 1828 2736 1885 Verbo
2766 1833 3041 1888 incarnato
3092 1836 3415 1907 homineque
3444 1838 3586 1894 facto
3617 1848 3723 1896 tam
3750 1842 3999 1897 subiimia

2414 1933 2575 1988 qnam
2603 1919 2820 1975 humilia
2850 1921 2992 1978 dicta
3024 1940 3143 1980 esse
3172 1928 3522 1984 tradiderunt.

2485 2006 2619 2062 Cum
2650 2018 2828 2063 autem
2877 2010 2930 2065 in
2959 2015 3151 2069 vestris
3193 2015 3381 2070 iisdem
3424 2020 3691 2088 capitibus
3717 2020 3824 2076 hoc
3851 2021 3999 2091 adje-

2415 2099 2594 2155 ccritis
2618 2101 2780 2154 etiam
2806 2141 2822 2169 ,
2850 2116 2919 2156 ex
2956 2103 3143 2157 eadem
3171 2105 3421 2162 haustum
3451 2110 3675 2178 epistola
3700 2150 3715 2175 ,
3746 2118 3899 2166 recte
3926 2111 4000 2169 ibi

2414 2189 2545 2243 duas
2572 2197 2821 2256 naturas,
2855 2193 3066 2247 unicam
3098 2202 3278 2249 autem
3308 2212 3622 2266 personam,
3654 2201 3866 2255 unieain
3896 2217 3996 2272 po-

2415 2285 2660 2333 testatem
2691 2279 2822 2345 dici,
2851 2281 2990 2335 circa
3037 2282 3266 2354 idipsum
3300 2302 3516 2356 quoque
3547 2288 3686 2343 illius
3711 2292 3997 2360 scriptoris

2411 2377 2745 2447 impietatem
2785 2394 2963 2448 operae
3007 2384 3237 2449 pretium
3266 2385 3370 2438 erit
3397 2384 3669 2457 detegere.
3718 2387 3821 2454 Qui
3851 2392 3995 2445 enim

2409 2490 2517 2529 non
2547 2473 2833 2529 conﬁtetur
2877 2475 3041 2531 Deum
3071 2477 3303 2534 Verbum
3342 2481 3673 2537 incarnatum
3711 2500 3782 2539 ex
3825 2486 3994 2543 Maria

2410 2564 2665 2634 Virgine,
2711 2573 2765 2620 et
2793 2565 3061 2621 hominem
3106 2565 3300 2624 factum
3341 2586 3494 2640 esse,
3540 2573 3820 2642 cujusnam
3865 2577 3994 2632 dicit

2405 2656 2539 2713 duas
2583 2672 2701 2713 esse
2747 2660 3004 2713 naturas?
3052 2658 3159 2715 Sed
3205 2670 3379 2731 patet"
3403 2665 3575 2734 ipsum
3611 2666 3745 2721 duas
3774 2679 3995 2725 naturas

2412 2742 2531 2800 lnco
2564 2761 2914 2814 personarum
2960 2750 3267 2818 admittere,
3309 2753 3545 2808 Nestorii
3597 2753 3990 2827 Theodoriqne

2414 2850 2602 2902 sensu,
2624 2853 2761 2904 quos
2782 2839 3010 2893 summis
3036 2841 3287 2898 laudibus
3309 2845 3664 2900 exsecrabilis
3684 2862 3747 2899 ea
3772 2851 3993 2903 extn'tit

2403 2928 2648 2997 epistola.
2686 2927 2743 2985 Si
2779 2930 2920 2984 enim
2970 2929 3180 2986 unicam
3213 2945 3493 2999 personam
3535 2933 3863 3002 unicumque
3894 2934 3986 2987 Fi-

2402 3016 2531 3071 lium
2559 3017 2793 3073 indicare
2821 3021 3028 3074 videtur
3065 3021 3311 3091 epistola,
3346 3021 3448 3077 hac
3491 3020 3744 3090 loquendi
3774 3023 3989 3077 ratione

2400 3108 2484 3163 usi
2511 3117 2636 3162 sunt
2662 3107 2941 3164 Nestorins
2967 3112 3126 3164 etiam
3157 3121 3211 3165 et
3238 3110 3569 3175 Theodorus,
3600 3113 3808 3167 aientes
3832 3111 3991 3167 Chri-

725 3212 816 3263 τῆς
860 3206 1137 3271 υἱοθεσίας,
1172 3212 1259 3260 καί
1293 3212 1360 3268 ε’ς
1402 3210 1553 3263 τόπον
1581 3211 1734 3263 αὐτοῦ
1762 3215 2185 3282 προσκυνεῖσθαι,
2218 3217 2300 3266 καί

2403 3205 2543 3252 stum
2572 3213 2763 3266 purum
2793 3198 3063 3253 hominem
3094 3201 3452 3268 superbabere
3482 3201 3577 3255 Dei
3611 3202 3769 3256 Verbi
3798 3218 3991 3272 perso-
4030 3252 4035 3270 ,

726 3295 810 3353 διὰ
832 3305 983 3354 τοῦτο
1010 3295 1364 3373 ὑποκρίνευται
1400 3304 1557 3376 λέγειν
1581 3304 1669 3359 ἕνα
1704 3305 1810 3359 υἱόν
1832 3309 1914 3359 καί
1947 3305 1997 3359 ἓν
2024 3307 2298 3381 πρόσωπον

727 3398 819 3444 τοῦ
849 3386 1000 3461 λόγου
1041 3395 1126 3446 καὶ
1152 3398 1237 3445 τοῦ
1270 3399 1515 3465 Χριστοῦ,
1540 3402 1889 3455 κοινωνοῦντος
1917 3395 2052 3465 μόνῳ
2089 3404 2161 3465 τῷ
2188 3396 2297 3450 ὀνό-

723 3500 847 3552 ματι
882 3489 973 3540 τῆς
1016 3482 1245 3542 υἱότητος
1266 3498 1279 3511 ⁸
1310 3489 1460 3537 τοῦτο
1488 3483 1541 3538 δέ
1581 3483 1828 3539 δείκνυται
1872 3494 2095 3558 φανερῶς
2120 3488 2172 3539 ἐκ
2207 3493 2296 3541 τοῦ

724 3568 877 3641 λέγειν
904 3577 993 3629 τήν
1038 3573 1305 3630 ἐπιστολήν
1333 3580 1433 3627 τῶν
1473 3573 1562 3628 δύο
1590 3576 1788 3645 φύσεων
1812 3577 1932 3645 μίαν
1960 3576 2205 3639 ἐξουσίαν.
2232 3580 2297 3635 ὡς

680 3734 683 3738 θ
723 3666 807 3715 καὶ
829 3663 976 3730 ὑμεῖς
1003 3661 1281 3734 ἐγράψατε.
1328 3665 1425 3718 Μία
1450 3666 1549 3736 γάρ
1577 3666 1776 3728 ἐξουσία
1816 3669 1906 3719 οὐκ
1933 3668 2017 3719 ἐπὶ
2051 3664 2296 3740 διαφόρων

724 3754 939 3824 φύσεων.
964 3752 1066 3804 ἀλλ’
1111 3754 1193 3808 ἔπι
1216 3751 1461 3826 δινφόμιν
1487 3754 1685 3825 λέγεται
1711 3758 2020 3829 προσώπων,
2054 3753 2182 3830 ὅπερ
2214 3759 2298 3811 ἐπὶ

722 3853 814 3903 τῆς
842 3842 986 3913 ἁγίας
1016 3842 1217 3916 τριάδος
1247 3844 1597 3915 ὁμολογοῦμεν.
1627 3843 1772 3899 Ὀθεν
1798 3850 1882 3899 καί
1910 3847 1954 3899 οί
1980 3845 2114 3919 ἅγιοι
2142 3849 2297 3901 πατέ-

723 3951 809 4006 ρες
839 3933 1203 4001 ἀνεθεμάτισαν
1232 3937 1349 3992 τοὺς
1377 3934 1611 4005 λίγοντοις
1638 3938 1768 3989 κατά
1796 3933 2041 4004 δύναμιν,
2072 3934 2101 3994 ἢ
2128 3938 2290 4000 ἀξίαν,

722 4022 749 4080 ἡ
779 4021 1109 4084 «Maria.sz
1155 4026 1366 4094 σχίσιν,
1398 4024 1428 4083 ἢ
1456 4033 1607 4097 τιμήν
1657 4028 1882 4085 ἡνῶσθαι
1919 4034 1991 4099 τῷ
2038 4028 2166 4100 λόγῳ
2209 4030 2291 4083 τόν

720 4108 999 4186 ἄνθρωπον,
1030 4115 1115 4168 καί
1143 4120 1213 4183 μή
1240 4114 1600 4185 ὁμολογοῦντας
1635 4116 1736 4168 καθ’
1757 4117 2046 4171 ὑπόστασιν
2075 4127 2172 4171 τῶν
2203 4118 2292 4173 δύο

719 4202 914 4272 φύσεων
937 4206 1026 4259 τὴν
1049 4201 1223 4257 ἕνωσιν
1257 4202 1262 4207 ’
1290 4205 1593 4274 γεγενίῐσθαι.
1619 4200 1792 4265 Ὀπως
1831 4202 1886 4258 δέ
1913 4208 1994 4259 καί
2018 4211 2170 4261 τοῦτο
2198 4208 2289 4281 ὀρ-

717 4294 815 4352 θῶς
858 4294 1113 4367 είρημένον
1155 4302 1265 4353 τοῖς
1307 4295 1465 4365 ἁγίοις
1510 4298 1741 4365 πατράσι
1775 4299 1894 4366 περί
1922 4294 2161 4371 διαφορᾶς
2191 4305 2289 4352 τῶν

716 4382 806 4437 δύο
826 4384 1041 4455 φύσεων,
1067 4384 1112 4437 οί
1133 4386 1195 4437 τὰ
1220 4390 1491 4457 Νεστορίου
1513 4383 1819 4449 δοξάζοντες,
1845 4384 1910 4438 ὧν
1934 4395 2025 4445 τῆς
2045 4389 2290 4447 ἀπιστίας

712 4474 950 4546 ἀρχηγός
985 4475 1097 4527 ἐστι
1136 4471 1411 4547 Θεόδωρος,
1436 4474 1635 4537 ἀσεϐῶς
1663 4476 2053 4545 ἐπιλαμϐάνουσι,
2080 4478 2171 4538 τὰς
2199 4479 2290 4548 φύ-

2403 3302 2546 3354 nam,
2570 3288 2873 3358 habereqne
2894 3290 2988 3345 Dei
3006 3290 3164 3345 Verbi
3186 3293 3444 3346 honorem
3465 3302 3627 3362 atque
3647 3293 3988 3362 dignitatem,

2401 3386 2732 3455 gratiamque
2778 3387 3080 3457 adoptionis
3128 3400 3387 3459 prmterea
3419 3432 3435 3457 ,
3484 3399 3647 3461 atque
3699 3392 3816 3458 ejus
3867 3391 3989 3449 loco

2403 3474 2648 3541 adorari;
2681 3478 3029 3544 quamobrem
3056 3493 3114 3532 se
3145 3481 3358 3533 unicum
3410 3479 3602 3535 Filium
3660 3482 3989 3551 unicamquc

2401 3564 2597 3620 Christi
2629 3582 2916 3635 personam
2947 3568 3124 3623 dicere
3151 3570 3421 3635 simulant,
3453 3572 3570 3625 solo
3599 3572 3987 3627 convenientes

2402 3657 2678 3712 tiliationis
2721 3659 2939 3713 nomine
2961 3700 2978 3727 ,
3016 3661 3160 3728 quod
3197 3660 3474 3715 manifeste
3501 3677 3566 3716 ex
3596 3665 3984 3719 sententiarum
4014 3658 4019 3661 ’

2398 3747 2559 3802 modo
2582 3788 2598 3813 ,
2628 3746 2722 3818 qui
2800 3749 2854 3803 in
2885 3749 3110 3818 epistola
3156 3750 3439 3803 adhibetur
3461 3792 3477 3815 ,
3518 3751 3789 3819 colligitur
3809 3792 3825 3818 ,
3873 3768 3982 3822 quo

2396 3833 2589 3890 dicitur
2640 3835 2868 3904 duplicis
2929 3847 3132 3891 natura:
3187 3839 3396 3892 unicam
3452 3854 3572 3895 esse
3620 3849 3980 3909 potestatem,

2395 3909 2840 3994 quemadmodum
2887 3928 3001 3995 pari
3027 3940 3086 3980 er
3129 3942 3225 3982 vos
3274 3928 3375 3996 ipsi
3428 3919 3756 3997 scripsistisf
3810 3930 3979 3987 Unica

2396 4030 2589 4085 nempe
2650 4023 2886 4085 potestas
2946 4033 3052 4071 non
3114 4018 3180 4071 de
3245 4018 3470 4073 diversis
3555 4028 3798 4084 naturs,
3880 4020 3975 4076 sed

2391 4103 2466 4160 de
2538 4103 2761 4157 diversis
2852 4107 3091 4174 personis
3166 4106 3387 4175 dicitur,
3450 4108 3593 4177 quod
3680 4109 3845 4163 etiam
3918 4109 3974 4164 in

2391 4203 2575 4250 sancta
2646 4192 2906 4249 Trinitate
2982 4197 3318 4265 agnoscimus
3401 4207 3565 4266 atque
3630 4198 3975 4254 c0ntitemur.

2350 4285 2751 4352 -Quamobrem
2831 4285 2927 4341 SS.
2988 4285 3173 4343 Patres
3247 4289 3531 4343 anathema
3598 4288 3850 4343 dixerunt
3910 4290 3978 4345 iis

2390 4375 2481 4442 qui
2528 4372 2855 4429 afﬁrmarent
2903 4377 3173 4431 hominem
3220 4377 3332 4432 Deo
3384 4376 3560 4433 Verbo
3608 4379 3815 4431 unitum
3854 4394 3977 4435 esse

2391 4465 2685 4520 secundum
2720 4468 3010 4536 potentiam
3032 4506 3048 4530 ,
3086 4468 3171 4521 vel
3204 4477 3553 4537 potestatem,
3584 4469 3671 4522 vel
3698 4468 3969 4533 habitum,

713 4583 821 4623 σεις
848 4565 961 4618 ἀντὶ
987 4567 1279 4639 προσώπων
1308 4565 1548 4637 λέγοντες.
1572 4567 1654 4618 καί
1678 4567 1966 4640 προσώπων
1993 4568 2122 4621 κατά
2157 4569 2290 4636 σχέο

2395 4556 2478 4610 vel
2503 4557 2847 4624 dignitatem;
2878 4572 3057 4627 neque
3087 4560 3343 4613 unionem
3366 4557 3559 4613 factam
3579 4573 3699 4613 esse
3719 4558 3772 4611 in
3794 4553 3975 4628 dupli-

710 4673 794 4706 σιν
843 4653 1023 4707 ἕνωσιν
1077 4653 1474 4728 πρεσϐεύοντες,
1524 4653 1573 4706 ἓν
1616 4655 1888 4729 πρόσωπον
1943 4657 2289 4731 ὑποκρίνονται

714 4742 888 4815 λέγειν,
910 4744 1064 4804 αὐτὸς
1087 4743 1113 4797 ό
1136 4744 1328 4804 ἀσεϐὴς
1350 4743 1608 4820 Θεόδωρος
1630 4744 1872 4800 δείκνυσιν
1896 4748 1946 4800 ἐν
1965 4755 2037 4817 τῷ
2058 4748 2288 4823 τετάρτῳ

710 4832 838 4905 λόγῳ
863 4841 962 4889 τῶν
973 4834 1473 4910 κᾳτάᾌπολλιναρίου
1498 4842 1589 4891 τοῦ
1608 4838 1855 4910 αίρετικοῦ
1876 4839 2077 4912 γράφων
2102 4837 2287 4898 οὕτως’

715 4944 733 4973 ι
756 4927 1028 4997 Αὐτάρκως
1058 4926 1120 4985 δή
1147 4930 1205 4982 τό
1230 4927 1459 5001 διάφορον
1486 4936 1584 4984 τῶν
1608 4932 1805 5000 φύσεων
1825 4933 1941 4999 ἡμῖν
1966 4929 2289 4986 ὑποδείκνυσι

708 5018 795 5074 διὰ
817 5020 1032 5075 τούτων’
1062 5018 1188 5090 εἴγε
1215 5023 1275 5076 τό
1314 5024 1406 5091 μὲν
1437 5022 1787 5083 ἐκπλήττεται.
1812 5023 1881 5080 ὡς
1919 5019 1985 5077 δι’
2007 5023 2287 5099 ὑπερϐολήν

710 5109 1076 5188 φιλανθρωπίας
1115 5113 1367 5182 ἑλόμενον,
1395 5117 1591 5185 μνήμην
1630 5134 1684 5168 τε
1729 5115 1814 5168 καί
1845 5114 2113 5184 ὶπίσκεψιν
2139 5120 2287 5174 ποιή-

710 5201 904 5253 σασθαι
930 5208 1021 5254 τοῦ
1064 5201 1223 5262 οὕτως
1249 5204 1502 5263 εὐτελοῦς⁶
1533 5204 1620 5258 τόν
1662 5202 1716 5258 δὲ
1745 5206 2057 5278 μακαριστίν
2092 5208 2284 5278 ἡγεῖται
2338 5278 2341 5279 ν

710 5294 777 5351 ὡς
799 5293 1037 5347 τοιούτων
1058 5293 1339 5363 ἠξιωμένων
1368 5294 1522 5363 (Sic).
1551 5293 1691 5348 Ἀλλά
1719 5296 1817 5371 γάρ
1843 5294 1977 5350 οὕτω
2005 5299 2095 5364 μὲν
2119 5301 2207 5355 τήν
2228 5318 2282 5352 τε

706 5384 954 5458 διαίρεσιν
975 5391 1077 5438 τῶν
1315 5395 1563 5450 ποιεῖται.
1587 5389 1669 5440 καὶ
1692 5391 1788 5455 μὴν
1811 5388 1896 5439 καί
1922 5392 2010 5443 τὴν
2039 5384 2282 5458 διαφορὰν

709 5482 798 5534 τὸς
825 5494 881 5529 τε
907 5480 998 5530 τοῦ
1035 5475 1275 5535 λαϐόντος
1319 5479 1518 5548 φύσεως
1538 5480 1622 5530 καί
1646 5468 1738 5536 τῆς
1766 5482 1857 5531 τοῦ
1880 5476 2140 5549 λοιφθέντος
2168 5479 2282 5544 ἡμῖν

707 5562 1057 5621 ὑποδείκνυσιν
1084 5568 1117 5625 ἡ
1148 5569 1256 5622 θεία
1286 5572 1466 5644 γραφή’
1508 5572 1843 5642 φροντίζουσα
1879 5566 1934 5621 δὲ
1975 5573 2067 5621 τοῦ
2092 5570 2174 5620 καί
2194 5573 2282 5623 τήν

702 5656 884 5713 ἕνωσιν
928 5659 1044 5724 ἡμῖν
1088 5657 1473 5723 ὑποδεικνύναι,
1511 5660 1630 5728 ἣτῷ
1658 5658 1880 5728 ληφθέντι
1920 5660 2275 5731 προσγέγονεν,

703 5746 837 5809 λέγει
867 5746 1103 5807 πολλάκις
1129 5749 1230 5802 καθ’
1253 5750 1433 5804 ἕνωσιν
1457 5753 1520 5804 τά
1545 5749 1763 5823 ἑκάτερα
1797 5756 1897 5802 τῶν
1924 5749 2118 5818 φύσεων
2144 5745 2278 5802 ἰδια-

697 5834 893 5899 ἶὸιτως
933 5837 1064 5910 πρὸς
1107 5833 1250 5899 ὄντα.
1278 5845 1343 5900 ὡς
1370 5836 1428 5896 ἂν
1455 5847 1544 5900 τήν
1567 5838 1699 5911 πρὸς
1737 5836 1821 5889 τὸν
1846 5836 2065 5892 λαθόντα
2100 5836 2278 5889 ἕνωσιν

2391 4649 2469 4703 cis
2495 4657 2699 4704 naturae
2728 4651 2882 4705 unica
2905 4651 3244 4706 subsistentia
3265 4649 3576 4706 faterentur.
3607 4650 3976 4717 Quemadmo-

2392 4745 2518 4799 dum
2543 4743 2686 4814 quod
2714 4743 2919 4813 pariter
2943 4750 3091 4797 recte
3113 4742 3311 4796 dictum
3341 4757 3371 4796 a
3400 4743 3599 4796 sanctis
3618 4740 3866 4796 Patribus
3889 4751 3975 4797 est

2389 4834 2457 4888 de
2481 4833 2705 4902 duplicis
2732 4831 2935 4886 natura:
2962 4832 3289 4899 discrimine,
3311 4832 3363 4886 id
3392 4831 3619 4887 Nestorii
3640 4841 3971 4899 sectatores,

2392 4919 2679 4978 Theodoro
2708 4918 3038 4977 inﬁdelitatis
3061 4919 3218 4983 duce,
3239 4918 3401 4989 impie
3422 4930 3720 4986 assumunt,
3749 4931 3973 4976 naturas

2390 5013 2512 5069 loco
2531 5012 2878 5083 persobarum
2900 5013 3258 5079 nominantes,
3279 5019 3334 5066 et
3354 5025 3701 5081 personarum
3724 5010 3972 5066 habitu:-

2388 5103 2492 5158 lem
2517 5104 2767 5157 unionem
2789 5111 3128 5166 venerantes,
3148 5110 3207 5157 ut
3227 5117 3387 5155 unam
3407 5101 3658 5155 simulent
3679 5116 3970 5168 personam

2386 5211 2447 5251 se
2491 5196 2690 5250 dicere.
2733 5194 2932 5264 impius
2975 5195 3089 5263 ipse
3137 5194 3188 5248 id
3238 5193 3474 5247 ostendit
3519 5191 3871 5259 Theodorus,
3913 5196 3968 5247 in

2385 5303 2579 5364 quarto
2624 5293 2882 5348 adversus
2919 5292 3306 5363 Apollinarium
3356 5290 3665 5345 haereticum
3713 5306 3972 5346 sermone

2384 5384 2499 5439 haec
2526 5383 2767 5439 scribens
2799 5403 2811 5436 :
2852 5403 2869 5435 ι
2897 5384 3039 5437 Satis
3078 5382 3323 5452 profecto
3360 5382 3515 5436 nobis
3539 5388 3853 5435 naturarum
3882 5381 3971 5435 di-

2382 5476 2613 5528 scrimen
2642 5473 2961 5539 ostenditur,
2992 5488 3088 5541 per
3113 5473 3227 5527 base
3265 5486 3382 5538 qua:
3411 5470 3685 5539 proposita
3713 5479 3854 5533 sunt,
3886 5470 3967 5523 si-

2381 5564 2596 5633 quidem
2645 5563 2749 5617 hoc
2795 5562 3150 5625 concluditur,
3182 5571 3432 5629 tanquam
3480 5574 3576 5630 per
3618 5559 3973 5629 benignitatis

2380 5654 2922 5724 superabundantiam
2952 5654 3253 5730 institutum
3287 5667 3406 5706 esse
3434 5658 3493 5705 ut
3520 5652 3600 5706 sic
3625 5657 3824 5721 sumpti
3860 5650 3971 5704 lio-

2379 5743 2539 5797 minis
2564 5742 2823 5795 memoria
2853 5750 2907 5795 et
2937 5742 3173 5795 visitatio
3202 5739 3373 5804 ﬁeret,
3404 5739 3769 5794 beatissimum
3797 5752 3971 5806 porro
4028 5764 4035 5769 ·

2379 5835 2737 5898 existimatur,
2761 5830 2925 5886 veluti
2950 5831 3134 5888 talium
3153 5846 3313 5887 causa
3338 5830 3708 5900 dignationum
3729 5827 3890 5901 (Sic).
3906 5826 3969 5884 id
