  <div class='ocr_page' id='page_1' title='image "/cluster/home/n/w/nwhite01/storage/ocr_20150623/86 pt.1/nnc1.0022106588/550.png"; bbox 0 0 4220 6442; ppageno 0'>
   <div class='ocr_carea' id='block_1_1' title="bbox 201 429 332 496">
    <p class='ocr_par' dir='ltr' id='par_1_1' title="bbox 201 429 332 496">
     <span class='ocr_line' id='line_1_1' title="bbox 201 429 332 496; baseline 0.015 -4"><span class='ocrx_word' id='word_1_1' title='bbox 201 429 332 496; x_wconf 82' lang='lat' dir='ltr'><strong>108i</strong></span> 
     </span>
    </p>
   </div>
   <div class='ocr_carea' id='block_1_2' title="bbox 928 421 2700 498">
    <p class='ocr_par' dir='ltr' id='par_1_2' title="bbox 928 421 2700 498">
     <span class='ocr_line' id='line_1_2' title="bbox 928 421 2700 498; baseline 0.006 -18"><span class='ocrx_word' id='word_1_2' title='bbox 928 421 1289 484; x_wconf 75' lang='lat' dir='ltr'><strong>EPISTULA</strong></span> <span class='ocrx_word' id='word_1_3' title='bbox 1329 425 1724 489; x_wconf 72' lang='lat' dir='ltr'><strong>ADVERSUS</strong></span> <span class='ocrx_word' id='word_1_4' title='bbox 1763 428 2242 498; x_wconf 74' lang='lat' dir='ltr'><strong>THEODORUM</strong></span> <span class='ocrx_word' id='word_1_5' title='bbox 2286 434 2700 493; x_wconf 75' lang='lat' dir='ltr'><strong>MOI’SUEST.</strong></span> 
     </span>
    </p>
   </div>
   <div class='ocr_carea' id='block_1_3' title="bbox 3285 443 3424 510">
    <p class='ocr_par' dir='ltr' id='par_1_3' title="bbox 3285 443 3424 510">
     <span class='ocr_line' id='line_1_3' title="bbox 3285 443 3424 510; baseline 0.029 -4"><span class='ocrx_word' id='word_1_6' title='bbox 3285 443 3424 510; x_wconf 73' lang='lat'><strong>1082</strong></span> 
     </span>
    </p>
   </div>
   <div class='ocr_carea' id='block_1_4' title="bbox 194 542 1860 626">
    <p class='ocr_par' dir='ltr' id='par_1_4' title="bbox 194 542 1831 618">
     <span class='ocr_line' id='line_1_4' title="bbox 194 542 1831 618; baseline -0.005 -14"><span class='ocrx_word' id='word_1_7' title='bbox 194 545 320 604; x_wconf 73' lang='grc' dir='ltr'>εἶναι</span> <span class='ocrx_word' id='word_1_8' title='bbox 344 552 434 606; x_wconf 67' lang='grc' dir='ltr'>τήν</span> <span class='ocrx_word' id='word_1_9' title='bbox 635 545 874 617; x_wconf 72' lang='grc' dir='ltr'>παρθένον</span> <span class='ocrx_word' id='word_1_10' title='bbox 900 547 1109 618; x_wconf 62' lang='grc' dir='ltr'>Μαρίαν</span> <span class='ocrx_word' id='word_1_11' title='bbox 1148 546 1193 596; x_wconf 77' lang='grc' dir='ltr'>οἷ</span> <span class='ocrx_word' id='word_1_12' title='bbox 1232 542 1285 597; x_wconf 80' lang='grc' dir='ltr'><strong>δέ</strong></span> <span class='ocrx_word' id='word_1_13' title='bbox 1316 542 1449 612; x_wconf 78' lang='grc' dir='ltr'>ἅγιοι</span> <span class='ocrx_word' id='word_1_14' title='bbox 1479 546 1689 616; x_wconf 79' lang='grc' dir='ltr'>πατέρες</span> <span class='ocrx_word' id='word_1_15' title='bbox 1713 545 1759 597; x_wconf 77' lang='grc' dir='ltr'>οἱ</span> <span class='ocrx_word' id='word_1_16' title='bbox 1785 548 1831 606; x_wconf 74' lang='grc' dir='ltr'>Α</span> 
     </span>
    </p>
   </div>
   <div class='ocr_carea' id='block_1_5' title="bbox 1753 542 3419 626">
    <p class='ocr_par' dir='ltr' id='par_1_5' title="bbox 1753 545 3419 626">
     <span class='ocr_line' id='line_1_5' title="bbox 1753 545 3419 626; baseline 0.008 -29"><span class='ocrx_word' id='word_1_17' title='bbox 1753 545 1831 606; x_wconf 72' lang='grc' dir='ltr'><strong>ΞΑ</strong></span> <span class='ocrx_word' id='word_1_18' title='bbox 1859 548 2169 615; x_wconf 83' lang='lat' dir='ltr'><strong>sumpsisse,</strong></span> <span class='ocrx_word' id='word_1_19' title='bbox 2200 564 2263 602; x_wconf 88' lang='lat' dir='ltr'><strong>ac</strong></span> <span class='ocrx_word' id='word_1_20' title='bbox 2298 566 2364 604; x_wconf 76' lang='lat' dir='ltr'><strong>ex</strong></span> <span class='ocrx_word' id='word_1_21' title='bbox 2409 554 2518 620; x_wconf 88' lang='lat' dir='ltr'><strong>ipsa</strong></span> <span class='ocrx_word' id='word_1_22' title='bbox 2556 559 2736 606; x_wconf 88' lang='lat' dir='ltr'><strong>natum</strong></span> <span class='ocrx_word' id='word_1_23' title='bbox 2760 567 2879 608; x_wconf 86' lang='lat' dir='ltr'><strong>esse</strong></span> <span class='ocrx_word' id='word_1_24' title='bbox 2928 569 3034 610; x_wconf 90' lang='lat' dir='ltr'><strong>non</strong></span> <span class='ocrx_word' id='word_1_25' title='bbox 3074 553 3419 626; x_wconf 74' lang='lat' dir='ltr'><strong>conﬁtentur,</strong></span> 
     </span>
    </p>
   </div>
   <div class='ocr_carea' id='block_1_6' title="bbox 191 629 1758 694">
    <p class='ocr_par' dir='ltr' id='par_1_6' title="bbox 191 629 1758 694">
     <span class='ocr_line' id='line_1_6' title="bbox 191 629 1758 694; baseline -0.004 -3"><span class='ocrx_word' id='word_1_26' title='bbox 191 639 249 691; x_wconf 77' lang='grc' dir='ltr'>έν</span> <span class='ocrx_word' id='word_1_27' title='bbox 276 632 543 692; x_wconf 71' lang='grc' dir='ltr'>Χαλκηδόνι</span> <span class='ocrx_word' id='word_1_28' title='bbox 586 633 895 690; x_wconf 69' lang='grc' dir='ltr'><strong>συνελθόντες</strong></span> <span class='ocrx_word' id='word_1_29' title='bbox 923 631 1220 694; x_wconf 77' lang='grc' dir='ltr'>συνοδικῶς,</span> <span class='ocrx_word' id='word_1_30' title='bbox 1248 632 1480 686; x_wconf 86' lang='grc' dir='ltr'>Θεοτόκον</span> <span class='ocrx_word' id='word_1_31' title='bbox 1515 629 1636 686; x_wconf 79' lang='grc' dir='ltr'>ιῖναι</span> <span class='ocrx_word' id='word_1_32' title='bbox 1673 640 1758 688; x_wconf 73' lang='grc' dir='ltr'><strong>τήν</strong></span> 
     </span>
    </p>
   </div>
   <div class='ocr_carea' id='block_1_7' title="bbox 192 721 1762 796">
    <p class='ocr_par' dir='ltr' id='par_1_7' title="bbox 192 721 1762 796">
     <span class='ocr_line' id='line_1_7' title="bbox 192 721 1762 796; baseline -0.005 -16"><span class='ocrx_word' id='word_1_33' title='bbox 192 726 345 796; x_wconf 77' lang='grc' dir='ltr'>ἆτίαν</span> <span class='ocrx_word' id='word_1_34' title='bbox 370 725 610 796; x_wconf 82' lang='grc' dir='ltr'>παρθένον</span> <span class='ocrx_word' id='word_1_35' title='bbox 638 725 826 794; x_wconf 67' lang='grc' dir='ltr'>Μαρίαν</span> <span class='ocrx_word' id='word_1_36' title='bbox 854 723 1192 793; x_wconf 66' lang='grc' dir='ltr'>ὡμολόγησαν.</span> <span class='ocrx_word' id='word_1_37' title='bbox 1213 721 1465 794; x_wconf 79' lang='grc' dir='ltr'>Θεόδωρος</span> <span class='ocrx_word' id='word_1_38' title='bbox 1497 721 1522 776; x_wconf 87' lang='grc' dir='ltr'><strong>ό</strong></span> <span class='ocrx_word' id='word_1_39' title='bbox 1552 724 1762 783; x_wconf 56' lang='grc' dir='ltr'>ἀσεϐὴη</span> 
     </span>
    </p>
   </div>
   <div class='ocr_carea' id='block_1_8' title="bbox 187 809 1767 883">
    <p class='ocr_par' dir='ltr' id='par_1_8' title="bbox 187 809 1767 883">
     <span class='ocr_line' id='line_1_8' title="bbox 187 809 1767 883; baseline -0.003 -15"><span class='ocrx_word' id='word_1_40' title='bbox 187 818 280 868; x_wconf 75' lang='grc' dir='ltr'><strong>καί</strong></span> <span class='ocrx_word' id='word_1_41' title='bbox 305 817 337 871; x_wconf 75' lang='grc' dir='ltr'><strong><em>ἦ</em></strong></span> <span class='ocrx_word' id='word_1_42' title='bbox 385 814 640 879; x_wconf 68' lang='grc' dir='ltr'>ἀνώνυμος</span> <span class='ocrx_word' id='word_1_43' title='bbox 685 812 922 868; x_wconf 75' lang='grc' dir='ltr'>έπιστολή</span> <span class='ocrx_word' id='word_1_44' title='bbox 967 809 1058 863; x_wconf 80' lang='grc' dir='ltr'><strong>δύο</strong></span> <span class='ocrx_word' id='word_1_45' title='bbox 1099 812 1344 883; x_wconf 83' lang='grc' dir='ltr'>πρόσωπα</span> <span class='ocrx_word' id='word_1_46' title='bbox 1389 812 1612 880; x_wconf 73' lang='grc' dir='ltr'>λέγοντες</span> <span class='ocrx_word' id='word_1_47' title='bbox 1642 816 1767 864; x_wconf 80' lang='grc' dir='ltr'><strong>γατὰ</strong></span> 
     </span>
    </p>
   </div>
   <div class='ocr_carea' id='block_1_9' title="bbox 198 902 1764 976">
    <p class='ocr_par' dir='ltr' id='par_1_9' title="bbox 198 902 1764 976">
     <span class='ocr_line' id='line_1_9' title="bbox 198 902 1764 976; baseline -0.002 -20"><span class='ocrx_word' id='word_1_48' title='bbox 198 910 446 973; x_wconf 73' lang='grc' dir='ltr'><strong>σχετικὴν</strong></span> <span class='ocrx_word' id='word_1_49' title='bbox 470 905 644 956; x_wconf 76' lang='grc' dir='ltr'><strong>ἕνωσιν</strong></span> <span class='ocrx_word' id='word_1_50' title='bbox 667 902 716 956; x_wconf 85' lang='grc' dir='ltr'>έν</span> <span class='ocrx_word' id='word_1_51' title='bbox 742 903 1012 976; x_wconf 76' lang='grc' dir='ltr'>πρόσωπον</span> <span class='ocrx_word' id='word_1_52' title='bbox 1039 903 1454 957; x_wconf 81' lang='grc' dir='ltr'>ἀναπλάττουσιν.</span> <span class='ocrx_word' id='word_1_53' title='bbox 1485 913 1534 955; x_wconf 82' lang='grc' dir='ltr'><strong>Ἦ</strong></span> <span class='ocrx_word' id='word_1_54' title='bbox 1559 902 1764 961; x_wconf 67' lang='grc' dir='ltr'>σύνοδος</span> 
     </span>
    </p>
   </div>
   <div class='ocr_carea' id='block_1_10' title="bbox 199 992 1761 1063">
    <p class='ocr_par' dir='ltr' id='par_1_10' title="bbox 199 992 1761 1063">
     <span class='ocr_line' id='line_1_10' title="bbox 199 992 1761 1063; baseline 0 -19"><span class='ocrx_word' id='word_1_55' title='bbox 199 992 252 1045; x_wconf 76' lang='grc' dir='ltr'><strong>δέ</strong></span> <span class='ocrx_word' id='word_1_56' title='bbox 281 1001 380 1046; x_wconf 81' lang='grc' dir='ltr'>τῶν</span> <span class='ocrx_word' id='word_1_57' title='bbox 409 992 498 1046; x_wconf 71' lang='grc' dir='ltr'>δζο</span> <span class='ocrx_word' id='word_1_58' title='bbox 522 998 721 1063; x_wconf 79' lang='grc' dir='ltr'>φύσεων</span> <span class='ocrx_word' id='word_1_59' title='bbox 758 999 846 1050; x_wconf 76' lang='grc' dir='ltr'>τήν</span> <span class='ocrx_word' id='word_1_60' title='bbox 884 995 992 1045; x_wconf 77' lang='grc' dir='ltr'>καθ’</span> <span class='ocrx_word' id='word_1_61' title='bbox 1024 993 1306 1048; x_wconf 60' lang='grc' dir='ltr'>ἑκόστασιν</span> <span class='ocrx_word' id='word_1_62' title='bbox 1331 994 1504 1046; x_wconf 80' lang='grc' dir='ltr'>ἕνωσιν</span> <span class='ocrx_word' id='word_1_63' title='bbox 1530 994 1761 1062; x_wconf 73' lang='grc' dir='ltr'>λέγουσχ,</span> 
     </span>
    </p>
   </div>
   <div class='ocr_carea' id='block_1_11' title="bbox 200 1081 1765 1156">
    <p class='ocr_par' dir='ltr' id='par_1_11' title="bbox 200 1081 1765 1156">
     <span class='ocr_line' id='line_1_11' title="bbox 200 1081 1765 1156; baseline -0.004 -19"><span class='ocrx_word' id='word_1_64' title='bbox 200 1082 247 1131; x_wconf 75' lang='grc' dir='ltr'><strong>ἓν</strong></span> <span class='ocrx_word' id='word_1_65' title='bbox 271 1083 508 1151; x_wconf 81' lang='grc' dir='ltr'>κηρύττει</span> <span class='ocrx_word' id='word_1_66' title='bbox 536 1082 827 1154; x_wconf 85' lang='grc' dir='ltr'>πρόσωπον,</span> <span class='ocrx_word' id='word_1_67' title='bbox 858 1081 963 1137; x_wconf 73' lang='grc' dir='ltr'>ἦτοι</span> <span class='ocrx_word' id='word_1_68' title='bbox 987 1084 1103 1149; x_wconf 84' lang='grc' dir='ltr'>μίαν</span> <span class='ocrx_word' id='word_1_69' title='bbox 1129 1082 1410 1135; x_wconf 75' lang='grc' dir='ltr'><strong>ὑπόστασιν</strong></span> <span class='ocrx_word' id='word_1_70' title='bbox 1436 1088 1646 1156; x_wconf 77' lang='grc' dir='ltr'>Χριστοῦ</span> <span class='ocrx_word' id='word_1_71' title='bbox 1681 1090 1765 1135; x_wconf 81' lang='grc' dir='ltr'>τοῦ</span> 
     </span>
    </p>
   </div>
   <div class='ocr_carea' id='block_1_12' title="bbox 200 1170 1767 1240">
    <p class='ocr_par' dir='ltr' id='par_1_12' title="bbox 200 1170 1767 1240">
     <span class='ocr_line' id='line_1_12' title="bbox 200 1170 1767 1240; baseline 0.001 -21"><span class='ocrx_word' id='word_1_72' title='bbox 200 1177 500 1238; x_wconf 65' lang='grc' dir='ltr'>μονογενοῦς</span> <span class='ocrx_word' id='word_1_73' title='bbox 537 1177 662 1222; x_wconf 84' lang='grc' dir='ltr'>Θεοῦ</span> <span class='ocrx_word' id='word_1_74' title='bbox 688 1171 852 1240; x_wconf 70' lang='grc' dir='ltr'>λόγου.</span> <span class='ocrx_word' id='word_1_75' title='bbox 892 1172 1032 1222; x_wconf 73' lang='grc' dir='ltr'>Πάλιν</span> <span class='ocrx_word' id='word_1_76' title='bbox 1058 1173 1088 1226; x_wconf 80' lang='grc' dir='ltr'><em>ἠ</em></span> <span class='ocrx_word' id='word_1_77' title='bbox 1129 1171 1314 1230; x_wconf 58' lang='grc' dir='ltr'>ἀσεϐής</span> <span class='ocrx_word' id='word_1_78' title='bbox 1341 1173 1492 1225; x_wconf 69' lang='lat' dir='ltr'><strong>inim</strong></span> <span class='ocrx_word' id='word_1_79' title='bbox 1530 1170 1767 1228; x_wconf 78' lang='grc' dir='ltr'>έπιστο).ἠ</span> 
     </span>
    </p>
   </div>
   <div class='ocr_carea' id='block_1_13' title="bbox 201 1256 1768 1331">
    <p class='ocr_par' dir='ltr' id='par_1_13' title="bbox 201 1256 1768 1331">
     <span class='ocr_line' id='line_1_13' title="bbox 201 1256 1768 1331; baseline 0.003 -23"><span class='ocrx_word' id='word_1_80' title='bbox 201 1256 524 1320; x_wconf 70' lang='grc' dir='ltr'><strong>καταδικάζει</strong></span> <span class='ocrx_word' id='word_1_81' title='bbox 560 1264 650 1315; x_wconf 80' lang='grc' dir='ltr'>τήν</span> <span class='ocrx_word' id='word_1_82' title='bbox 693 1259 740 1310; x_wconf 83' lang='grc' dir='ltr'><strong>έν</strong></span> <span class='ocrx_word' id='word_1_83' title='bbox 769 1257 952 1329; x_wconf 67' lang='grc' dir='ltr'>Ἐφέσῳ</span> <span class='ocrx_word' id='word_1_84' title='bbox 996 1263 1198 1331; x_wconf 82' lang='grc' dir='ltr'>πρώτην</span> <span class='ocrx_word' id='word_1_85' title='bbox 1241 1258 1466 1323; x_wconf 87' lang='grc' dir='ltr'>σύνοδον,</span> <span class='ocrx_word' id='word_1_86' title='bbox 1499 1265 1582 1312; x_wconf 85' lang='grc' dir='ltr'><strong>καί</strong></span> <span class='ocrx_word' id='word_1_87' title='bbox 1608 1262 1690 1313; x_wconf 87' lang='grc' dir='ltr'><strong>τὸν</strong></span> <span class='ocrx_word' id='word_1_88' title='bbox 1719 1262 1768 1312; x_wconf 87' lang='grc' dir='ltr'>έν</span> 
     </span>
    </p>
   </div>
   <div class='ocr_carea' id='block_1_14' title="bbox 199 1345 1765 1417">
    <p class='ocr_par' dir='ltr' id='par_1_14' title="bbox 199 1345 1765 1417">
     <span class='ocr_line' id='line_1_14' title="bbox 199 1345 1765 1417; baseline 0.001 -19"><span class='ocrx_word' id='word_1_89' title='bbox 199 1345 360 1415; x_wconf 67' lang='grc' dir='ltr'>ἁγίοις</span> <span class='ocrx_word' id='word_1_90' title='bbox 385 1347 654 1417; x_wconf 76' lang='grc' dir='ltr'>Κύρι)λον,</span> <span class='ocrx_word' id='word_1_91' title='bbox 689 1349 773 1399; x_wconf 82' lang='grc' dir='ltr'>καὶ</span> <span class='ocrx_word' id='word_1_92' title='bbox 805 1347 965 1403; x_wconf 70' lang='grc' dir='ltr'>ἀσεϐῆ</span> <span class='ocrx_word' id='word_1_93' title='bbox 991 1350 1055 1400; x_wconf 81' lang='grc' dir='ltr'>τὰ</span> <span class='ocrx_word' id='word_1_94' title='bbox 1085 1349 1236 1399; x_wconf 74' lang='grc' dir='ltr'>αὐτοῦ</span> <span class='ocrx_word' id='word_1_95' title='bbox 1269 1347 1497 1415; x_wconf 69' lang='grc' dir='ltr'>κεφάλαια</span> <span class='ocrx_word' id='word_1_96' title='bbox 1522 1349 1765 1414; x_wconf 60' lang='grc' dir='ltr'>ὀνομάζει.</span> 
     </span>
    </p>
   </div>
   <div class='ocr_carea' id='block_1_15' title="bbox 200 1435 1770 1510">
    <p class='ocr_par' dir='ltr' id='par_1_15' title="bbox 200 1435 1770 1510">
     <span class='ocr_line' id='line_1_15' title="bbox 200 1435 1770 1510; baseline 0 -20"><span class='ocrx_word' id='word_1_97' title='bbox 200 1438 468 1510; x_wconf 67' lang='grc' dir='ltr'>Νεστόριον</span> <span class='ocrx_word' id='word_1_98' title='bbox 505 1436 558 1491; x_wconf 81' lang='grc' dir='ltr'><strong>δέ</strong></span> <span class='ocrx_word' id='word_1_99' title='bbox 585 1440 668 1490; x_wconf 76' lang='grc' dir='ltr'><strong>καί</strong></span> <span class='ocrx_word' id='word_1_100' title='bbox 707 1436 962 1509; x_wconf 84' lang='grc' dir='ltr'>Θεόδωρον</span> <span class='ocrx_word' id='word_1_101' title='bbox 991 1435 1176 1490; x_wconf 78' lang='grc' dir='ltr'>έκδικιῖ</span> <span class='ocrx_word' id='word_1_102' title='bbox 1217 1440 1301 1490; x_wconf 84' lang='grc' dir='ltr'><strong>καί</strong></span> <span class='ocrx_word' id='word_1_103' title='bbox 1339 1439 1552 1489; x_wconf 74' lang='grc' dir='ltr'>ἐπαινεῖ·</span> <span class='ocrx_word' id='word_1_104' title='bbox 1585 1441 1613 1494; x_wconf 76' lang='grc' dir='ltr'><strong><em>ἡ</em></strong></span> <span class='ocrx_word' id='word_1_105' title='bbox 1641 1437 1690 1490; x_wconf 81' lang='grc' dir='ltr'>δὲ</span> <span class='ocrx_word' id='word_1_106' title='bbox 1722 1437 1770 1490; x_wconf 86' lang='grc' dir='ltr'><strong>έν</strong></span> 
     </span>
    </p>
   </div>
   <div class='ocr_carea' id='block_1_16' title="bbox 202 1524 1767 1598">
    <p class='ocr_par' dir='ltr' id='par_1_16' title="bbox 202 1524 1767 1598">
     <span class='ocr_line' id='line_1_16' title="bbox 202 1524 1767 1598; baseline 0 -19"><span class='ocrx_word' id='word_1_107' title='bbox 202 1525 473 1582; x_wconf 72' lang='grc' dir='ltr'>Χαλκηδόνι</span> <span class='ocrx_word' id='word_1_108' title='bbox 503 1525 713 1584; x_wconf 81' lang='grc' dir='ltr'>σύνοδος</span> <span class='ocrx_word' id='word_1_109' title='bbox 743 1524 824 1580; x_wconf 76' lang='grc' dir='ltr'><strong>διὰ</strong></span> <span class='ocrx_word' id='word_1_110' title='bbox 858 1529 1056 1580; x_wconf 79' lang='grc' dir='ltr'>πάντων</span> <span class='ocrx_word' id='word_1_111' title='bbox 1081 1526 1337 1578; x_wconf 79' lang='grc' dir='ltr'>ἀκολουθεῖ</span> <span class='ocrx_word' id='word_1_112' title='bbox 1357 1534 1416 1594; x_wconf 75' lang='grc' dir='ltr'>τῇ</span> <span class='ocrx_word' id='word_1_113' title='bbox 1439 1527 1563 1598; x_wconf 76' lang='grc' dir='ltr'>αὐτῇ</span> <span class='ocrx_word' id='word_1_114' title='bbox 1592 1529 1767 1594; x_wconf 69' lang='grc' dir='ltr'>πρώτῃ</span> 
     </span>
    </p>
   </div>
   <div class='ocr_carea' id='block_1_17' title="bbox 199 1613 1771 1688">
    <p class='ocr_par' dir='ltr' id='par_1_17' title="bbox 199 1613 1771 1688">
     <span class='ocr_line' id='line_1_17' title="bbox 199 1613 1771 1688; baseline -0.002 -18"><span class='ocrx_word' id='word_1_115' title='bbox 199 1621 249 1673; x_wconf 80' lang='grc' dir='ltr'><strong>ἔν</strong></span> <span class='ocrx_word' id='word_1_116' title='bbox 273 1615 458 1686; x_wconf 75' lang='grc' dir='ltr'>Ἐφέσῳ</span> <span class='ocrx_word' id='word_1_117' title='bbox 482 1615 680 1685; x_wconf 77' lang='grc' dir='ltr'>συνόδῳ</span> <span class='ocrx_word' id='word_1_118' title='bbox 698 1654 713 1677; x_wconf 82' lang='grc'><strong>,</strong></span> <span class='ocrx_word' id='word_1_119' title='bbox 749 1620 829 1670; x_wconf 86' lang='grc' dir='ltr'><strong>καί</strong></span> <span class='ocrx_word' id='word_1_120' title='bbox 857 1617 1055 1687; x_wconf 90' lang='grc' dir='ltr'>πατέρα</span> <span class='ocrx_word' id='word_1_121' title='bbox 1085 1619 1168 1668; x_wconf 81' lang='grc' dir='ltr'><strong>καί</strong></span> <span class='ocrx_word' id='word_1_122' title='bbox 1205 1613 1499 1669; x_wconf 79' lang='grc' dir='ltr'>διδάσκαλον</span> <span class='ocrx_word' id='word_1_123' title='bbox 1531 1615 1771 1688; x_wconf 72' lang='grc' dir='ltr'>Κύριλὶον</span> 
     </span>
    </p>
   </div>
   <div class='ocr_carea' id='block_1_18' title="bbox 199 1707 1769 1781">
    <p class='ocr_par' dir='ltr' id='par_1_18' title="bbox 199 1707 1769 1781">
     <span class='ocr_line' id='line_1_18' title="bbox 199 1707 1769 1781; baseline 0.001 -21"><span class='ocrx_word' id='word_1_124' title='bbox 199 1710 531 1781; x_wconf 66' lang='grc' dir='ltr'><strong>ἐπιγράφεται</strong></span> <span class='ocrx_word' id='word_1_125' title='bbox 548 1749 559 1764; x_wconf 87' lang='grc'><strong>.</strong></span> <span class='ocrx_word' id='word_1_126' title='bbox 587 1711 666 1760; x_wconf 83' lang='grc' dir='ltr'><strong>καί</strong></span> <span class='ocrx_word' id='word_1_127' title='bbox 692 1713 780 1765; x_wconf 72' lang='grc' dir='ltr'>τήν</span> <span class='ocrx_word' id='word_1_128' title='bbox 802 1707 1061 1764; x_wconf 71' lang='grc' dir='ltr'>συνοδικῂν</span> <span class='ocrx_word' id='word_1_129' title='bbox 1091 1711 1240 1760; x_wconf 64' lang='grc' dir='ltr'>αὐτοῦ</span> <span class='ocrx_word' id='word_1_130' title='bbox 1271 1709 1551 1766; x_wconf 72' lang='grc' dir='ltr'>ἐπιστολήν.</span> <span class='ocrx_word' id='word_1_131' title='bbox 1580 1711 1627 1760; x_wconf 79' lang='grc' dir='ltr'><strong>ἐν</strong></span> <span class='ocrx_word' id='word_1_132' title='bbox 1707 1713 1769 1761; x_wconf 70' lang='grc' dir='ltr'>τὰ</span> 
     </span>
    </p>
   </div>
   <div class='ocr_carea' id='block_1_19' title="bbox 201 1796 1770 1870">
    <p class='ocr_par' dir='ltr' id='par_1_19' title="bbox 201 1796 1770 1870">
     <span class='ocr_line' id='line_1_19' title="bbox 201 1796 1770 1870; baseline -0.002 -18"><span class='ocrx_word' id='word_1_133' title='bbox 201 1797 400 1852; x_wconf 65' lang='grc' dir='ltr'>δώδεκα</span> <span class='ocrx_word' id='word_1_134' title='bbox 427 1799 670 1868; x_wconf 62' lang='grc' dir='ltr'>κειξὰλαια</span> <span class='ocrx_word' id='word_1_135' title='bbox 691 1799 1044 1856; x_wconf 78' lang='grc' dir='ltr'><strong>ὑποτέτακται,</strong></span> <span class='ocrx_word' id='word_1_136' title='bbox 1076 1798 1291 1866; x_wconf 63' lang='grc' dir='ltr'>βιῗαιοῖ,</span> <span class='ocrx_word' id='word_1_137' title='bbox 1325 1799 1587 1870; x_wconf 79' lang='grc' dir='ltr'>Νεστόριον</span> <span class='ocrx_word' id='word_1_138' title='bbox 1607 1796 1658 1851; x_wconf 83' lang='grc' dir='ltr'><em>δέ</em></span> <span class='ocrx_word' id='word_1_139' title='bbox 1687 1802 1770 1852; x_wconf 74' lang='grc' dir='ltr'>τὸν</span> 
     </span>
    </p>
   </div>
   <div class='ocr_carea' id='block_1_20' title="bbox 1865 640 3420 709">
    <p class='ocr_par' dir='ltr' id='par_1_20' title="bbox 1865 640 3420 709">
     <span class='ocr_line' id='line_1_20' title="bbox 1865 640 3420 709; baseline 0.008 -22"><span class='ocrx_word' id='word_1_140' title='bbox 1865 650 2029 702; x_wconf 83' lang='lat' dir='ltr'><strong>quare</strong></span> <span class='ocrx_word' id='word_1_141' title='bbox 2053 640 2211 691; x_wconf 88' lang='lat' dir='ltr'><strong>etiam</strong></span> <span class='ocrx_word' id='word_1_142' title='bbox 2240 640 2620 694; x_wconf 75' lang='lat' dir='ltr'><strong>sanctissimam</strong></span> <span class='ocrx_word' id='word_1_143' title='bbox 2650 641 2916 709; x_wconf 73' lang='lat' dir='ltr'><strong>Virginem</strong></span> <span class='ocrx_word' id='word_1_144' title='bbox 2938 643 3153 698; x_wconf 68' lang='lat' dir='ltr'><strong>Mariam</strong></span> <span class='ocrx_word' id='word_1_145' title='bbox 3183 646 3420 700; x_wconf 80' lang='lat' dir='ltr'><strong>infician-</strong></span> 
     </span>
    </p>
   </div>
   <div class='ocr_carea' id='block_1_21' title="bbox 1869 726 3421 794">
    <p class='ocr_par' dir='ltr' id='par_1_21' title="bbox 1869 726 3421 794">
     <span class='ocr_line' id='line_1_21' title="bbox 1869 726 3421 794; baseline 0.005 -17"><span class='ocrx_word' id='word_1_146' title='bbox 1869 735 1954 778; x_wconf 93' lang='lat' dir='ltr'><strong>tur</strong></span> <span class='ocrx_word' id='word_1_147' title='bbox 1977 726 2261 794; x_wconf 87' lang='lat' dir='ltr'><strong>Deiparam</strong></span> <span class='ocrx_word' id='word_1_148' title='bbox 2291 745 2407 784; x_wconf 87' lang='lat' dir='ltr'><strong>esse</strong></span> <span class='ocrx_word' id='word_1_149' title='bbox 2430 748 2442 781; x_wconf 90' lang='lat'><strong>:</strong></span> <span class='ocrx_word' id='word_1_150' title='bbox 2470 733 2638 784; x_wconf 87' lang='lat' dir='ltr'><strong>sancti</strong></span> <span class='ocrx_word' id='word_1_151' title='bbox 2670 747 2797 785; x_wconf 84' lang='lat' dir='ltr'><strong>vero</strong></span> <span class='ocrx_word' id='word_1_152' title='bbox 2825 732 3010 786; x_wconf 85' lang='lat' dir='ltr'><strong>Patres</strong></span> <span class='ocrx_word' id='word_1_153' title='bbox 3048 734 3098 786; x_wconf 88' lang='lat' dir='ltr'><strong>in</strong></span> <span class='ocrx_word' id='word_1_154' title='bbox 3126 733 3421 789; x_wconf 70' lang='lat' dir='ltr'><strong>Chalcedo-</strong></span> 
     </span>
    </p>
   </div>
   <div class='ocr_carea' id='block_1_22' title="bbox 1867 817 3423 888">
    <p class='ocr_par' dir='ltr' id='par_1_22' title="bbox 1867 817 3423 888">
     <span class='ocr_line' id='line_1_22' title="bbox 1867 817 3423 888; baseline 0.007 -21"><span class='ocrx_word' id='word_1_155' title='bbox 1867 817 2016 869; x_wconf 91' lang='lat' dir='ltr'><strong>nensi</strong></span> <span class='ocrx_word' id='word_1_156' title='bbox 2045 821 2273 873; x_wconf 89' lang='lat' dir='ltr'><strong>concilio</strong></span> <span class='ocrx_word' id='word_1_157' title='bbox 2301 822 2605 888; x_wconf 89' lang='lat' dir='ltr'><strong>congregati</strong></span> <span class='ocrx_word' id='word_1_158' title='bbox 2633 823 3017 878; x_wconf 78' lang='lat' dir='ltr'><strong>sanctissimam</strong></span> <span class='ocrx_word' id='word_1_159' title='bbox 3055 821 3274 876; x_wconf 77' lang='lat' dir='ltr'><strong>Mariam</strong></span> <span class='ocrx_word' id='word_1_160' title='bbox 3302 823 3423 878; x_wconf 84' lang='lat' dir='ltr'><strong>Dei--</strong></span> 
     </span>
    </p>
   </div>
   <div class='ocr_carea' id='block_1_23' title="bbox 1865 913 3424 985">
    <p class='ocr_par' dir='ltr' id='par_1_23' title="bbox 1865 913 3424 985">
     <span class='ocr_line' id='line_1_23' title="bbox 1865 913 3424 985; baseline 0.006 -22"><span class='ocrx_word' id='word_1_161' title='bbox 1865 925 2050 980; x_wconf 89' lang='lat' dir='ltr'><strong>param</strong></span> <span class='ocrx_word' id='word_1_162' title='bbox 2076 913 2301 967; x_wconf 80' lang='lat' dir='ltr'><strong>confessi</strong></span> <span class='ocrx_word' id='word_1_163' title='bbox 2329 923 2469 968; x_wconf 83' lang='lat' dir='ltr'><strong>sunt.</strong></span> <span class='ocrx_word' id='word_1_164' title='bbox 2525 914 2720 983; x_wconf 88' lang='lat' dir='ltr'><strong>Impius</strong></span> <span class='ocrx_word' id='word_1_165' title='bbox 2747 915 3058 970; x_wconf 82' lang='lat' dir='ltr'><strong>Theodorus</strong></span> <span class='ocrx_word' id='word_1_166' title='bbox 3095 924 3254 985; x_wconf 85' lang='lat' dir='ltr'><strong>atque</strong></span> <span class='ocrx_word' id='word_1_167' title='bbox 3292 932 3424 972; x_wconf 81' lang='lat' dir='ltr'><strong>aito-</strong></span> 
     </span>
    </p>
   </div>
   <div class='ocr_carea' id='block_1_24' title="bbox 1870 1002 3423 1072">
    <p class='ocr_par' dir='ltr' id='par_1_24' title="bbox 1870 1002 3423 1072">
     <span class='ocr_line' id='line_1_24' title="bbox 1870 1002 3423 1072; baseline 0.005 -20"><span class='ocrx_word' id='word_1_168' title='bbox 1870 1016 2027 1072; x_wconf 71' lang='lat' dir='ltr'><strong>nyma</strong></span> <span class='ocrx_word' id='word_1_169' title='bbox 2064 1002 2284 1069; x_wconf 89' lang='lat' dir='ltr'><strong>epistola</strong></span> <span class='ocrx_word' id='word_1_170' title='bbox 2327 1003 2457 1056; x_wconf 89' lang='lat' dir='ltr'><strong>duas</strong></span> <span class='ocrx_word' id='word_1_171' title='bbox 2499 1003 2840 1058; x_wconf 78' lang='lat' dir='ltr'><strong>admittentes</strong></span> <span class='ocrx_word' id='word_1_172' title='bbox 2878 1020 3159 1072; x_wconf 82' lang='lat' dir='ltr'><strong>personas,</strong></span> <span class='ocrx_word' id='word_1_173' title='bbox 3213 1007 3423 1061; x_wconf 87' lang='lat' dir='ltr'><strong>unicam</strong></span> 
     </span>
    </p>
   </div>
   <div class='ocr_carea' id='block_1_25' title="bbox 1869 1091 3425 1161">
    <p class='ocr_par' dir='ltr' id='par_1_25' title="bbox 1869 1091 3425 1161">
     <span class='ocr_line' id='line_1_25' title="bbox 1869 1091 3425 1161; baseline 0.003 -20"><span class='ocrx_word' id='word_1_174' title='bbox 1869 1091 2044 1142; x_wconf 58' lang='lat' dir='ltr'><strong>tamen</strong></span> <span class='ocrx_word' id='word_1_175' title='bbox 2079 1105 2358 1156; x_wconf 82' lang='lat' dir='ltr'><strong>personam</strong></span> <span class='ocrx_word' id='word_1_176' title='bbox 2387 1105 2482 1158; x_wconf 91' lang='lat' dir='ltr'><strong>per</strong></span> <span class='ocrx_word' id='word_1_177' title='bbox 2522 1091 2845 1147; x_wconf 88' lang='lat' dir='ltr'><strong>habitualem</strong></span> <span class='ocrx_word' id='word_1_178' title='bbox 2893 1093 3142 1146; x_wconf 88' lang='lat' dir='ltr'><strong>unionem</strong></span> <span class='ocrx_word' id='word_1_179' title='bbox 3185 1093 3425 1161; x_wconf 73' lang='lat' dir='ltr'><strong>proﬁteri</strong></span> 
     </span>
    </p>
   </div>
   <div class='ocr_carea' id='block_1_26' title="bbox 1868 1179 3425 1251">
    <p class='ocr_par' dir='ltr' id='par_1_26' title="bbox 1868 1179 3425 1251">
     <span class='ocr_line' id='line_1_26' title="bbox 1868 1179 3425 1251; baseline 0.005 -23"><span class='ocrx_word' id='word_1_180' title='bbox 1868 1193 1924 1228; x_wconf 86' lang='lat' dir='ltr'><strong>se</strong></span> <span class='ocrx_word' id='word_1_181' title='bbox 1952 1179 2199 1231; x_wconf 72' lang='lat' dir='ltr'><strong>simulant</strong></span> <span class='ocrx_word' id='word_1_182' title='bbox 2226 1198 2236 1230; x_wconf 86' lang='lat'>:</span> <span class='ocrx_word' id='word_1_183' title='bbox 2263 1179 2496 1248; x_wconf 76' lang='lat' dir='ltr'><strong>synodus</strong></span> <span class='ocrx_word' id='word_1_184' title='bbox 2519 1189 2695 1232; x_wconf 88' lang='lat' dir='ltr'><strong>autem</strong></span> <span class='ocrx_word' id='word_1_185' title='bbox 2723 1181 2917 1249; x_wconf 84' lang='lat' dir='ltr'><strong>duplici</strong></span> <span class='ocrx_word' id='word_1_186' title='bbox 2947 1189 3149 1235; x_wconf 77' lang='lat' dir='ltr'><strong>natura:</strong></span> <span class='ocrx_word' id='word_1_187' title='bbox 3178 1183 3425 1251; x_wconf 69' lang='lat' dir='ltr'><strong>hypostao</strong></span> 
     </span>
    </p>
   </div>
   <div class='ocr_carea' id='block_1_27' title="bbox 1870 1265 3426 1340">
    <p class='ocr_par' dir='ltr' id='par_1_27' title="bbox 1870 1265 3426 1340">
     <span class='ocr_line' id='line_1_27' title="bbox 1870 1265 3426 1340; baseline 0.008 -26"><span class='ocrx_word' id='word_1_188' title='bbox 1870 1265 2026 1315; x_wconf 79' lang='lat' dir='ltr'><strong>ticam</strong></span> <span class='ocrx_word' id='word_1_189' title='bbox 2070 1282 2188 1319; x_wconf 77' lang='lat' dir='ltr'><strong>esse</strong></span> <span class='ocrx_word' id='word_1_190' title='bbox 2238 1268 2485 1319; x_wconf 81' lang='lat' dir='ltr'><strong>unionem</strong></span> <span class='ocrx_word' id='word_1_191' title='bbox 2534 1266 2835 1329; x_wconf 81' lang='lat' dir='ltr'><strong>afﬁrmans,</strong></span> <span class='ocrx_word' id='word_1_192' title='bbox 2887 1272 3092 1324; x_wconf 85' lang='lat' dir='ltr'><strong>unicam</strong></span> <span class='ocrx_word' id='word_1_193' title='bbox 3147 1286 3426 1340; x_wconf 77' lang='lat' dir='ltr'><strong>personam</strong></span> 
     </span>
    </p>
   </div>
   <div class='ocr_carea' id='block_1_28' title="bbox 1872 1350 3427 1420">
    <p class='ocr_par' dir='ltr' id='par_1_28' title="bbox 1872 1350 3427 1420">
     <span class='ocr_line' id='line_1_28' title="bbox 1872 1350 3427 1420; baseline 0.01 -20"><span class='ocrx_word' id='word_1_194' title='bbox 1872 1350 2142 1418; x_wconf 66' lang='grc' dir='ltr'>ριτυόίςοι,</span> <span class='ocrx_word' id='word_1_195' title='bbox 2187 1355 2298 1405; x_wconf 82' lang='lat' dir='ltr'><strong>sive</strong></span> <span class='ocrx_word' id='word_1_196' title='bbox 2341 1355 2515 1420; x_wconf 84' lang='lat' dir='ltr'><strong>potius</strong></span> <span class='ocrx_word' id='word_1_197' title='bbox 2543 1357 2753 1411; x_wconf 87' lang='lat' dir='ltr'><strong>unicam</strong></span> <span class='ocrx_word' id='word_1_198' title='bbox 2799 1357 3188 1412; x_wconf 87' lang='lat' dir='ltr'><strong>subsistentiam</strong></span> <span class='ocrx_word' id='word_1_199' title='bbox 3230 1358 3427 1415; x_wconf 82' lang='lat' dir='ltr'><strong>Christi</strong></span> 
     </span>
    </p>
   </div>
   <div class='ocr_carea' id='block_1_29' title="bbox 1871 1440 3430 1516">
    <p class='ocr_par' dir='ltr' id='par_1_29' title="bbox 1871 1440 3430 1516">
     <span class='ocr_line' id='line_1_29' title="bbox 1871 1440 3430 1516; baseline 0.007 -26"><span class='ocrx_word' id='word_1_200' title='bbox 1871 1440 2123 1505; x_wconf 82' lang='lat' dir='ltr'><strong>unigeniti</strong></span> <span class='ocrx_word' id='word_1_201' title='bbox 2148 1440 2261 1494; x_wconf 86' lang='lat' dir='ltr'><strong>Filii</strong></span> <span class='ocrx_word' id='word_1_202' title='bbox 2293 1441 2404 1494; x_wconf 88' lang='lat' dir='ltr'><strong>Dei.</strong></span> <span class='ocrx_word' id='word_1_203' title='bbox 2437 1441 2639 1496; x_wconf 77' lang='lat' dir='ltr'><strong>Rursus</strong></span> <span class='ocrx_word' id='word_1_204' title='bbox 2659 1459 2721 1497; x_wconf 82' lang='lat' dir='ltr'><strong>ea</strong></span> <span class='ocrx_word' id='word_1_205' title='bbox 2752 1444 2976 1512; x_wconf 86' lang='lat' dir='ltr'><strong>epistola</strong></span> <span class='ocrx_word' id='word_1_206' title='bbox 2999 1446 3229 1512; x_wconf 89' lang='lat' dir='ltr'><strong>priorem</strong></span> <span class='ocrx_word' id='word_1_207' title='bbox 3253 1447 3430 1516; x_wconf 81' lang='lat' dir='ltr'><strong>Ephe-</strong></span> 
     </span>
    </p>
   </div>
   <div class='ocr_carea' id='block_1_30' title="bbox 1869 1528 3430 1605">
    <p class='ocr_par' dir='ltr' id='par_1_30' title="bbox 1869 1528 3430 1605">
     <span class='ocr_line' id='line_1_30' title="bbox 1869 1528 3430 1605; baseline 0.008 -25"><span class='ocrx_word' id='word_1_208' title='bbox 1869 1528 2038 1580; x_wconf 84' lang='lat' dir='ltr'><strong>sinam</strong></span> <span class='ocrx_word' id='word_1_209' title='bbox 2067 1530 2343 1596; x_wconf 82' lang='lat' dir='ltr'><strong>synodum,</strong></span> <span class='ocrx_word' id='word_1_210' title='bbox 2375 1545 2439 1583; x_wconf 89' lang='lat' dir='ltr'><strong>ac</strong></span> <span class='ocrx_word' id='word_1_211' title='bbox 2467 1541 2703 1584; x_wconf 87' lang='lat' dir='ltr'><strong>sanctum</strong></span> <span class='ocrx_word' id='word_1_212' title='bbox 2731 1531 2984 1602; x_wconf 81' lang='lat' dir='ltr'><strong>Cyrillum</strong></span> <span class='ocrx_word' id='word_1_213' title='bbox 3011 1533 3250 1598; x_wconf 87' lang='lat' dir='ltr'><strong>damnat,</strong></span> <span class='ocrx_word' id='word_1_214' title='bbox 3281 1539 3430 1605; x_wconf 81' lang='lat' dir='ltr'><strong>cujus</strong></span> 
     </span>
    </p>
   </div>
   <div class='ocr_carea' id='block_1_31' title="bbox 1871 1617 3431 1686">
    <p class='ocr_par' dir='ltr' id='par_1_31' title="bbox 1871 1617 3431 1686">
     <span class='ocr_line' id='line_1_31' title="bbox 1871 1617 3431 1686; baseline 0.008 -18"><span class='ocrx_word' id='word_1_215' title='bbox 1871 1617 2028 1668; x_wconf 90' lang='lat' dir='ltr'><strong>etiam</strong></span> <span class='ocrx_word' id='word_1_216' title='bbox 2085 1618 2311 1680; x_wconf 84' lang='lat' dir='ltr'><strong>capitula</strong></span> <span class='ocrx_word' id='word_1_217' title='bbox 2341 1619 2499 1686; x_wconf 89' lang='lat' dir='ltr'><strong>impia</strong></span> <span class='ocrx_word' id='word_1_218' title='bbox 2546 1628 2747 1672; x_wconf 89' lang='lat' dir='ltr'><strong>vocat:</strong></span> <span class='ocrx_word' id='word_1_219' title='bbox 2800 1621 3097 1676; x_wconf 84' lang='lat' dir='ltr'><strong>Nestorium</strong></span> <span class='ocrx_word' id='word_1_220' title='bbox 3149 1634 3325 1677; x_wconf 86' lang='lat' dir='ltr'><strong>autem</strong></span> <span class='ocrx_word' id='word_1_221' title='bbox 3376 1633 3431 1682; x_wconf 84' lang='lat' dir='ltr'><strong>et</strong></span> 
     </span>
    </p>
   </div>
   <div class='ocr_carea' id='block_1_32' title="bbox 1872 1705 3430 1768">
    <p class='ocr_par' dir='ltr' id='par_1_32' title="bbox 1872 1705 3430 1768">
     <span class='ocr_line' id='line_1_32' title="bbox 1872 1705 3430 1768; baseline 0.006 -11"><span class='ocrx_word' id='word_1_222' title='bbox 1872 1705 2206 1759; x_wconf 80' lang='lat' dir='ltr'><strong>Theodorum</strong></span> <span class='ocrx_word' id='word_1_223' title='bbox 2238 1709 2469 1761; x_wconf 84' lang='lat' dir='ltr'><strong>vindicat</strong></span> <span class='ocrx_word' id='word_1_224' title='bbox 2497 1723 2559 1762; x_wconf 90' lang='lat' dir='ltr'><strong>ac</strong></span> <span class='ocrx_word' id='word_1_225' title='bbox 2588 1709 2806 1762; x_wconf 91' lang='lat' dir='ltr'><strong>laudat:</strong></span> <span class='ocrx_word' id='word_1_226' title='bbox 2831 1710 3275 1765; x_wconf 85' lang='lat' dir='ltr'><strong>Chalcedonensis</strong></span> <span class='ocrx_word' id='word_1_227' title='bbox 3305 1728 3430 1768; x_wconf 89' lang='lat' dir='ltr'><strong>vero</strong></span> 
     </span>
    </p>
   </div>
   <div class='ocr_carea' id='block_1_33' title="bbox 1871 1796 3432 1871">
    <p class='ocr_par' dir='ltr' id='par_1_33' title="bbox 1871 1796 3432 1871">
     <span class='ocr_line' id='line_1_33' title="bbox 1871 1796 3432 1871; baseline 0.006 -24"><span class='ocrx_word' id='word_1_228' title='bbox 1871 1796 2102 1862; x_wconf 83' lang='lat' dir='ltr'><strong>synodus</strong></span> <span class='ocrx_word' id='word_1_229' title='bbox 2143 1799 2194 1850; x_wconf 92' lang='lat' dir='ltr'><strong>in</strong></span> <span class='ocrx_word' id='word_1_230' title='bbox 2232 1798 2477 1850; x_wconf 86' lang='lat' dir='ltr'><strong>omnibus</strong></span> <span class='ocrx_word' id='word_1_231' title='bbox 2519 1796 2840 1864; x_wconf 80' lang='lat' dir='ltr'><strong>Epliesinam</strong></span> <span class='ocrx_word' id='word_1_232' title='bbox 2889 1801 3117 1867; x_wconf 86' lang='lat' dir='ltr'><strong>priorem</strong></span> <span class='ocrx_word' id='word_1_233' title='bbox 3171 1802 3432 1871; x_wconf 84' lang='lat' dir='ltr'><strong>synodum</strong></span> 
     </span>
    </p>
   </div>
   <div class='ocr_carea' id='block_1_34' title="bbox 202 1884 1868 1960">
    <p class='ocr_par' dir='ltr' id='par_1_34' title="bbox 202 1884 1850 1960">
     <span class='ocr_line' id='line_1_34' title="bbox 202 1884 1850 1960; baseline -0.001 -19"><span class='ocrx_word' id='word_1_234' title='bbox 202 1889 363 1944; x_wconf 74' lang='grc' dir='ltr'>ἄσεεῆ</span> <span class='ocrx_word' id='word_1_235' title='bbox 391 1892 696 1960; x_wconf 79' lang='grc' dir='ltr'>κατακρίνει,</span> <span class='ocrx_word' id='word_1_236' title='bbox 725 1891 804 1940; x_wconf 80' lang='grc' dir='ltr'><strong>καί</strong></span> <span class='ocrx_word' id='word_1_237' title='bbox 831 1884 959 1960; x_wconf 82' lang='grc' dir='ltr'>πρὸς</span> <span class='ocrx_word' id='word_1_238' title='bbox 975 1890 1173 1945; x_wconf 75' lang='grc' dir='ltr'>τούτοις</span> <span class='ocrx_word' id='word_1_239' title='bbox 1201 1889 1256 1938; x_wconf 65' lang='grc' dir='ltr'>τὸ</span> <span class='ocrx_word' id='word_1_240' title='bbox 1285 1884 1549 1939; x_wconf 78' lang='grc' dir='ltr'>ἰουδαίκὸν</span> <span class='ocrx_word' id='word_1_241' title='bbox 1577 1887 1769 1958; x_wconf 69' lang='grc' dir='ltr'><strong>σύμεῗο-</strong></span> <span class='ocrx_word' id='word_1_242' title='bbox 1805 1900 1850 1956; x_wconf 77' lang='grc' dir='ltr'><strong>Β</strong></span> 
     </span>
    </p>
   </div>
   <div class='ocr_carea' id='block_1_35' title="bbox 1765 1884 3431 1960">
    <p class='ocr_par' dir='ltr' id='par_1_35' title="bbox 1765 1885 3431 1960">
     <span class='ocr_line' id='line_1_35' title="bbox 1765 1885 3431 1960; baseline 0.003 -21"><span class='ocrx_word' id='word_1_243' title='bbox 1765 1919 1769 1925; x_wconf 92' lang='lat'><strong><em>-</em></strong></span> <span class='ocrx_word' id='word_1_244' title='bbox 1805 1900 1850 1956; x_wconf 75' lang='grc' dir='ltr'><strong>Β</strong></span> <span class='ocrx_word' id='word_1_245' title='bbox 1875 1887 2132 1951; x_wconf 83' lang='lat' dir='ltr'><strong>sequitur,</strong></span> <span class='ocrx_word' id='word_1_246' title='bbox 2171 1885 2422 1954; x_wconf 84' lang='lat' dir='ltr'><strong>Cyrillum</strong></span> <span class='ocrx_word' id='word_1_247' title='bbox 2463 1886 2637 1940; x_wconf 83' lang='lat' dir='ltr'><strong>Patris</strong></span> <span class='ocrx_word' id='word_1_248' title='bbox 2665 1887 3007 1955; x_wconf 77' lang='lat' dir='ltr'><strong>doctorisque</strong></span> <span class='ocrx_word' id='word_1_249' title='bbox 3051 1890 3216 1944; x_wconf 84' lang='lat' dir='ltr'><strong>titulis</strong></span> <span class='ocrx_word' id='word_1_250' title='bbox 3255 1901 3431 1960; x_wconf 88' lang='lat' dir='ltr'><strong>ornat,</strong></span> 
     </span>
    </p>
   </div>
   <div class='ocr_carea' id='block_1_36' title="bbox 202 1975 1769 2051">
    <p class='ocr_par' dir='ltr' id='par_1_36' title="bbox 202 1975 1769 2051">
     <span class='ocr_line' id='line_1_36' title="bbox 202 1975 1769 2051; baseline -0.001 -21"><span class='ocrx_word' id='word_1_251' title='bbox 202 1979 290 2030; x_wconf 85' lang='grc' dir='ltr'><strong>λον</strong></span> <span class='ocrx_word' id='word_1_252' title='bbox 316 1980 376 2030; x_wconf 84' lang='grc' dir='ltr'>τὸ</span> <span class='ocrx_word' id='word_1_253' title='bbox 402 1978 502 2031; x_wconf 79' lang='grc' dir='ltr'><strong>ύπό</strong></span> <span class='ocrx_word' id='word_1_254' title='bbox 523 1975 782 2051; x_wconf 68' lang='grc' dir='ltr'>Θεοδώρου</span> <span class='ocrx_word' id='word_1_255' title='bbox 816 1977 1266 2045; x_wconf 78' lang='grc' dir='ltr'>συμπεπλασμένον</span> <span class='ocrx_word' id='word_1_256' title='bbox 1282 2017 1294 2036; x_wconf 89' lang='grc'><strong>,</strong></span> <span class='ocrx_word' id='word_1_257' title='bbox 1321 1977 1378 2029; x_wconf 88' lang='grc' dir='ltr'><strong>τό</strong></span> <span class='ocrx_word' id='word_1_258' title='bbox 1399 1979 1482 2028; x_wconf 85' lang='grc' dir='ltr'><strong>καί</strong></span> <span class='ocrx_word' id='word_1_259' title='bbox 1505 1980 1554 2029; x_wconf 92' lang='grc' dir='ltr'>έν</span> <span class='ocrx_word' id='word_1_260' title='bbox 1573 1987 1633 2051; x_wconf 74' lang='grc' dir='ltr'>τῇ</span> <span class='ocrx_word' id='word_1_261' title='bbox 1660 1979 1769 2030; x_wconf 79' lang='grc' dir='ltr'>κατ’</span> 
     </span>
    </p>
   </div>
   <div class='ocr_carea' id='block_1_37' title="bbox 202 2065 1772 2141">
    <p class='ocr_par' dir='ltr' id='par_1_37' title="bbox 202 2065 1772 2141">
     <span class='ocr_line' id='line_1_37' title="bbox 202 2065 1772 2141; baseline -0.001 -21"><span class='ocrx_word' id='word_1_262' title='bbox 202 2067 413 2138; x_wconf 71' lang='grc' dir='ltr'>Ἐφεσσν</span> <span class='ocrx_word' id='word_1_263' title='bbox 449 2071 627 2141; x_wconf 75' lang='grc' dir='ltr'>πρώτῃ</span> <span class='ocrx_word' id='word_1_264' title='bbox 662 2065 858 2135; x_wconf 82' lang='grc' dir='ltr'>συνόδῳ</span> <span class='ocrx_word' id='word_1_265' title='bbox 897 2068 1207 2140; x_wconf 74' lang='grc' dir='ltr'>κατακριθέν,</span> <span class='ocrx_word' id='word_1_266' title='bbox 1255 2071 1332 2118; x_wconf 80' lang='grc' dir='ltr'><strong>καί</strong></span> <span class='ocrx_word' id='word_1_267' title='bbox 1373 2068 1422 2118; x_wconf 83' lang='grc' dir='ltr'>έν</span> <span class='ocrx_word' id='word_1_268' title='bbox 1450 2068 1576 2137; x_wconf 75' lang='grc' dir='ltr'>αὐτῇ</span> <span class='ocrx_word' id='word_1_269' title='bbox 1618 2075 1678 2140; x_wconf 79' lang='grc' dir='ltr'>τῇ</span> <span class='ocrx_word' id='word_1_270' title='bbox 1729 2070 1772 2118; x_wconf 76' lang='grc' dir='ltr'><strong>ἐν</strong></span> 
     </span>
    </p>
   </div>
   <div class='ocr_carea' id='block_1_38' title="bbox 201 2153 1768 2230">
    <p class='ocr_par' dir='ltr' id='par_1_38' title="bbox 201 2153 1768 2230">
     <span class='ocr_line' id='line_1_38' title="bbox 201 2153 1768 2230; baseline -0.001 -20"><span class='ocrx_word' id='word_1_271' title='bbox 201 2157 479 2214; x_wconf 70' lang='grc' dir='ltr'>Χαλκηδόνι</span> <span class='ocrx_word' id='word_1_272' title='bbox 523 2153 716 2226; x_wconf 74' lang='grc' dir='ltr'>συνόδῳ</span> <span class='ocrx_word' id='word_1_273' title='bbox 767 2158 894 2226; x_wconf 84' lang='grc' dir='ltr'><strong>μετά</strong></span> <span class='ocrx_word' id='word_1_274' title='bbox 938 2162 1103 2210; x_wconf 81' lang='grc' dir='ltr'>ταῦτα</span> <span class='ocrx_word' id='word_1_275' title='bbox 1141 2158 1474 2230; x_wconf 66' lang='grc' dir='ltr'>προκομισῦἐν</span> <span class='ocrx_word' id='word_1_276' title='bbox 1516 2158 1642 2225; x_wconf 81' lang='grc' dir='ltr'>μετὰ</span> <span class='ocrx_word' id='word_1_277' title='bbox 1682 2163 1768 2210; x_wconf 77' lang='grc' dir='ltr'>τοῦ</span> 
     </span>
    </p>
   </div>
   <div class='ocr_carea' id='block_1_39' title="bbox 201 2245 1392 2319">
    <p class='ocr_par' dir='ltr' id='par_1_39' title="bbox 201 2245 1392 2319">
     <span class='ocr_line' id='line_1_39' title="bbox 201 2245 1392 2319; baseline -0.003 -19"><span class='ocrx_word' id='word_1_278' title='bbox 201 2247 498 2319; x_wconf 60' lang='grc' dir='ltr'>γράψαντος</span> <span class='ocrx_word' id='word_1_279' title='bbox 522 2247 648 2302; x_wconf 79' lang='grc' dir='ltr'>αὐτὸ</span> <span class='ocrx_word' id='word_1_280' title='bbox 673 2246 1040 2319; x_wconf 78' lang='grc' dir='ltr'><strong>παραπλησίως</strong></span> <span class='ocrx_word' id='word_1_281' title='bbox 1061 2245 1392 2308; x_wconf 77' lang='grc' dir='ltr'><strong>καταδικάζει.</strong></span> 
     </span>
    </p>
   </div>
   <div class='ocr_carea' id='block_1_40' title="bbox 1875 1975 3432 2045">
    <p class='ocr_par' dir='ltr' id='par_1_40' title="bbox 1875 1975 3432 2045">
     <span class='ocr_line' id='line_1_40' title="bbox 1875 1975 3432 2045; baseline 0.004 -16"><span class='ocrx_word' id='word_1_282' title='bbox 1875 1976 2288 2045; x_wconf 86' lang='lat' dir='ltr'><strong>synodicamque</strong></span> <span class='ocrx_word' id='word_1_283' title='bbox 2316 1975 2453 2030; x_wconf 85' lang='lat' dir='ltr'><strong>illius</strong></span> <span class='ocrx_word' id='word_1_284' title='bbox 2473 1978 2772 2045; x_wconf 87' lang='lat' dir='ltr'><strong>epistolam,</strong></span> <span class='ocrx_word' id='word_1_285' title='bbox 2801 1979 2886 2032; x_wconf 92' lang='lat' dir='ltr'><strong>cui</strong></span> <span class='ocrx_word' id='word_1_286' title='bbox 2911 1979 3190 2033; x_wconf 88' lang='lat' dir='ltr'><strong>duodecim</strong></span> <span class='ocrx_word' id='word_1_287' title='bbox 3217 1995 3282 2035; x_wconf 88' lang='lat' dir='ltr'><strong>ea</strong></span> <span class='ocrx_word' id='word_1_288' title='bbox 3307 1983 3432 2036; x_wconf 88' lang='lat' dir='ltr'><strong>sub-</strong></span> 
     </span>
    </p>
   </div>
   <div class='ocr_carea' id='block_1_41' title="bbox 1879 2065 3429 2137">
    <p class='ocr_par' dir='ltr' id='par_1_41' title="bbox 1879 2065 3429 2137">
     <span class='ocr_line' id='line_1_41' title="bbox 1879 2065 3429 2137; baseline 0.006 -21"><span class='ocrx_word' id='word_1_289' title='bbox 1879 2079 2013 2117; x_wconf 77' lang='lat' dir='ltr'><strong>nexa</strong></span> <span class='ocrx_word' id='word_1_290' title='bbox 2050 2071 2173 2117; x_wconf 91' lang='lat' dir='ltr'><strong>sunt</strong></span> <span class='ocrx_word' id='word_1_291' title='bbox 2201 2065 2452 2132; x_wconf 87' lang='lat' dir='ltr'><strong>capitula,</strong></span> <span class='ocrx_word' id='word_1_292' title='bbox 2483 2065 2782 2133; x_wconf 80' lang='lat' dir='ltr'><strong>confirmat,</strong></span> <span class='ocrx_word' id='word_1_293' title='bbox 2831 2067 3131 2126; x_wconf 82' lang='lat' dir='ltr'><strong>Nestorium</strong></span> <span class='ocrx_word' id='word_1_294' title='bbox 3174 2071 3429 2137; x_wconf 81' lang='lat' dir='ltr'><strong>damnat;</strong></span> 
     </span>
    </p>
   </div>
   <div class='ocr_carea' id='block_1_42' title="bbox 1876 2152 3431 2224">
    <p class='ocr_par' dir='ltr' id='par_1_42' title="bbox 1876 2152 3431 2224">
     <span class='ocr_line' id='line_1_42' title="bbox 1876 2152 3431 2224; baseline 0.007 -20"><span class='ocrx_word' id='word_1_295' title='bbox 1876 2161 2036 2221; x_wconf 84' lang='lat' dir='ltr'><strong>atque</strong></span> <span class='ocrx_word' id='word_1_296' title='bbox 2063 2153 2128 2206; x_wconf 90' lang='lat' dir='ltr'><strong>ad</strong></span> <span class='ocrx_word' id='word_1_297' title='bbox 2154 2154 2264 2207; x_wconf 67' lang='lat' dir='ltr'><strong>hmc</strong></span> <span class='ocrx_word' id='word_1_298' title='bbox 2286 2152 2559 2208; x_wconf 79' lang='lat' dir='ltr'><strong>Judalcum</strong></span> <span class='ocrx_word' id='word_1_299' title='bbox 2589 2156 2883 2224; x_wconf 87' lang='lat' dir='ltr'><strong>symbolum</strong></span> <span class='ocrx_word' id='word_1_300' title='bbox 2919 2174 2948 2210; x_wconf 87' lang='lat' dir='ltr'><strong>a</strong></span> <span class='ocrx_word' id='word_1_301' title='bbox 2989 2157 3272 2214; x_wconf 88' lang='lat' dir='ltr'><strong>Theodoro</strong></span> <span class='ocrx_word' id='word_1_302' title='bbox 3301 2176 3431 2223; x_wconf 77' lang='lat' dir='ltr'><strong>con-</strong></span> 
     </span>
    </p>
   </div>
   <div class='ocr_carea' id='block_1_43' title="bbox 1873 2242 3428 2320">
    <p class='ocr_par' dir='ltr' id='par_1_43' title="bbox 1873 2242 3428 2320">
     <span class='ocr_line' id='line_1_43' title="bbox 1873 2242 3428 2320; baseline 0.005 -24"><span class='ocrx_word' id='word_1_303' title='bbox 1873 2242 2210 2304; x_wconf 84' lang='lat' dir='ltr'><strong>sarcinatum,</strong></span> <span class='ocrx_word' id='word_1_304' title='bbox 2237 2242 2377 2310; x_wconf 90' lang='lat' dir='ltr'><strong>quod</strong></span> <span class='ocrx_word' id='word_1_305' title='bbox 2398 2243 2524 2296; x_wconf 89' lang='lat' dir='ltr'><strong>olim</strong></span> <span class='ocrx_word' id='word_1_306' title='bbox 2550 2245 2710 2297; x_wconf 89' lang='lat' dir='ltr'><strong>etiam</strong></span> <span class='ocrx_word' id='word_1_307' title='bbox 2739 2245 2792 2298; x_wconf 93' lang='lat' dir='ltr'><strong>in</strong></span> <span class='ocrx_word' id='word_1_308' title='bbox 2818 2247 2983 2313; x_wconf 84' lang='lat' dir='ltr'><strong>prima</strong></span> <span class='ocrx_word' id='word_1_309' title='bbox 3012 2245 3273 2316; x_wconf 84' lang='lat' dir='ltr'><strong>Ephesina</strong></span> <span class='ocrx_word' id='word_1_310' title='bbox 3300 2265 3428 2320; x_wconf 86' lang='lat' dir='ltr'><strong>syn-</strong></span> 
     </span>
    </p>
   </div>
   <div class='ocr_carea' id='block_1_44' title="bbox 199 2332 3430 2410">
    <p class='ocr_par' dir='ltr' id='par_1_44' title="bbox 199 2332 3430 2410">
     <span class='ocr_line' id='line_1_44' title="bbox 199 2332 3430 2410; baseline 0.001 -18"><span class='ocrx_word' id='word_1_311' title='bbox 199 2337 311 2393; x_wconf 91' lang='lat' dir='ltr'><strong>odo</strong></span> <span class='ocrx_word' id='word_1_312' title='bbox 355 2335 663 2390; x_wconf 84' lang='lat' dir='ltr'><strong>damnatum</strong></span> <span class='ocrx_word' id='word_1_313' title='bbox 705 2334 910 2397; x_wconf 84' lang='lat' dir='ltr'><strong>fuerat,</strong></span> <span class='ocrx_word' id='word_1_314' title='bbox 961 2342 1016 2388; x_wconf 88' lang='lat' dir='ltr'><strong>et</strong></span> <span class='ocrx_word' id='word_1_315' title='bbox 1061 2342 1180 2402; x_wconf 92' lang='lat' dir='ltr'><strong>post</strong></span> <span class='ocrx_word' id='word_1_316' title='bbox 1227 2349 1289 2388; x_wconf 89' lang='lat' dir='ltr'><strong>ea</strong></span> <span class='ocrx_word' id='word_1_317' title='bbox 1335 2349 1453 2403; x_wconf 72' lang='lat' dir='ltr'><strong>quae</strong></span> <span class='ocrx_word' id='word_1_318' title='bbox 1499 2334 1738 2402; x_wconf 81' lang='lat' dir='ltr'><strong>superius</strong></span> <span class='ocrx_word' id='word_1_319' title='bbox 1794 2332 2156 2389; x_wconf 87' lang='lat' dir='ltr'><strong>recensuimus</strong></span> <span class='ocrx_word' id='word_1_320' title='bbox 2202 2333 2254 2384; x_wconf 92' lang='lat' dir='ltr'><strong>in</strong></span> <span class='ocrx_word' id='word_1_321' title='bbox 2302 2332 2485 2386; x_wconf 88' lang='lat' dir='ltr'><strong>eadem</strong></span> <span class='ocrx_word' id='word_1_322' title='bbox 2527 2343 2712 2387; x_wconf 90' lang='lat' dir='ltr'><strong>sancta</strong></span> <span class='ocrx_word' id='word_1_323' title='bbox 2758 2333 3179 2393; x_wconf 87' lang='lat' dir='ltr'><strong>Chalcedonensi</strong></span> <span class='ocrx_word' id='word_1_324' title='bbox 3223 2341 3430 2410; x_wconf 86' lang='lat' dir='ltr'><strong>synodo</strong></span> 
     </span>
    </p>
   </div>
   <div class='ocr_carea' id='block_1_45' title="bbox 202 2423 2591 2498">
    <p class='ocr_par' dir='ltr' id='par_1_45' title="bbox 202 2423 2591 2498">
     <span class='ocr_line' id='line_1_45' title="bbox 202 2423 2591 2498; baseline -0.003 -14"><span class='ocrx_word' id='word_1_325' title='bbox 202 2428 474 2498; x_wconf 83' lang='lat' dir='ltr'><strong>prolatum</strong></span> <span class='ocrx_word' id='word_1_326' title='bbox 520 2427 712 2493; x_wconf 80' lang='lat' dir='ltr'><strong>fuerat,</strong></span> <span class='ocrx_word' id='word_1_327' title='bbox 759 2426 1002 2480; x_wconf 88' lang='lat' dir='ltr'><strong>similiter</strong></span> <span class='ocrx_word' id='word_1_328' title='bbox 1053 2436 1380 2494; x_wconf 80' lang='lat' dir='ltr'><strong>exsecratur,</strong></span> <span class='ocrx_word' id='word_1_329' title='bbox 1431 2435 1588 2492; x_wconf 89' lang='lat' dir='ltr'><strong>atque</strong></span> <span class='ocrx_word' id='word_1_330' title='bbox 1639 2441 1761 2479; x_wconf 90' lang='lat' dir='ltr'><strong>cum</strong></span> <span class='ocrx_word' id='word_1_331' title='bbox 1798 2432 2015 2477; x_wconf 84' lang='lat' dir='ltr'><strong>auctore</strong></span> <span class='ocrx_word' id='word_1_332' title='bbox 2041 2437 2138 2477; x_wconf 90' lang='lat' dir='ltr'><strong>suu</strong></span> <span class='ocrx_word' id='word_1_333' title='bbox 2164 2423 2591 2478; x_wconf 83' lang='lat' dir='ltr'><strong>anathematizat.</strong></span> 
     </span>
    </p>
   </div>
   <div class='ocr_carea' id='block_1_46' title="bbox 276 2517 1771 2590">
    <p class='ocr_par' dir='ltr' id='par_1_46' title="bbox 276 2517 1771 2590">
     <span class='ocr_line' id='line_1_46' title="bbox 276 2517 1771 2590; baseline -0.002 -17"><span class='ocrx_word' id='word_1_334' title='bbox 276 2526 452 2573; x_wconf 82' lang='grc' dir='ltr'>ταῦτα</span> <span class='ocrx_word' id='word_1_335' title='bbox 481 2517 534 2572; x_wconf 85' lang='grc' dir='ltr'><strong>δέ</strong></span> <span class='ocrx_word' id='word_1_336' title='bbox 559 2519 608 2570; x_wconf 84' lang='grc' dir='ltr'><strong>έν</strong></span> <span class='ocrx_word' id='word_1_337' title='bbox 637 2527 738 2572; x_wconf 83' lang='grc' dir='ltr'>τοῖς</span> <span class='ocrx_word' id='word_1_338' title='bbox 767 2517 1038 2590; x_wconf 69' lang='grc' dir='ltr'><strong>ὁρισθεῖσιν</strong></span> <span class='ocrx_word' id='word_1_339' title='bbox 1065 2520 1094 2574; x_wconf 74' lang='grc' dir='ltr'>ἡ</span> <span class='ocrx_word' id='word_1_340' title='bbox 1122 2517 1237 2586; x_wconf 68' lang='grc' dir='ltr'>ἁγία</span> <span class='ocrx_word' id='word_1_341' title='bbox 1261 2519 1310 2571; x_wconf 84' lang='grc' dir='ltr'><strong>έν</strong></span> <span class='ocrx_word' id='word_1_342' title='bbox 1331 2518 1594 2574; x_wconf 67' lang='grc' dir='ltr'>Χαλκηδόνι</span> <span class='ocrx_word' id='word_1_343' title='bbox 1624 2522 1771 2572; x_wconf 88' lang='grc' dir='ltr'>σύνο-</span> 
     </span>
    </p>
   </div>
   <div class='ocr_carea' id='block_1_47' title="bbox 202 2605 1767 2681">
    <p class='ocr_par' dir='ltr' id='par_1_47' title="bbox 202 2605 1767 2681">
     <span class='ocr_line' id='line_1_47' title="bbox 202 2605 1767 2681; baseline -0.003 -19"><span class='ocrx_word' id='word_1_344' title='bbox 202 2606 292 2668; x_wconf 78' lang='grc' dir='ltr'><strong>δος</strong></span> <span class='ocrx_word' id='word_1_345' title='bbox 322 2609 540 2670; x_wconf 76' lang='grc' dir='ltr'>ἐξέθετο,</span> <span class='ocrx_word' id='word_1_346' title='bbox 569 2607 627 2660; x_wconf 84' lang='grc' dir='ltr'><strong>ού</strong></span> <span class='ocrx_word' id='word_1_347' title='bbox 649 2609 938 2668; x_wconf 79' lang='grc' dir='ltr'>καινιζουσὰ</span> <span class='ocrx_word' id='word_1_348' title='bbox 971 2627 1022 2659; x_wconf 89' lang='grc' dir='ltr'>τι</span> <span class='ocrx_word' id='word_1_349' title='bbox 1049 2609 1165 2676; x_wconf 85' lang='grc' dir='ltr'>περὶ</span> <span class='ocrx_word' id='word_1_350' title='bbox 1186 2611 1274 2662; x_wconf 76' lang='grc' dir='ltr'><strong>τήν</strong></span> <span class='ocrx_word' id='word_1_351' title='bbox 1301 2605 1555 2681; x_wconf 81' lang='grc' dir='ltr'>ὀρθόδοξον</span> <span class='ocrx_word' id='word_1_352' title='bbox 1577 2609 1767 2667; x_wconf 83' lang='grc' dir='ltr'>πίστιν,</span> 
     </span>
    </p>
   </div>
   <div class='ocr_carea' id='block_1_48' title="bbox 201 2695 1767 2768">
    <p class='ocr_par' dir='ltr' id='par_1_48' title="bbox 201 2695 1767 2768">
     <span class='ocr_line' id='line_1_48' title="bbox 201 2695 1767 2768; baseline -0.003 -16"><span class='ocrx_word' id='word_1_353' title='bbox 201 2699 328 2752; x_wconf 73' lang='grc' dir='ltr'>ἀλλὰ</span> <span class='ocrx_word' id='word_1_354' title='bbox 367 2696 447 2751; x_wconf 74' lang='grc' dir='ltr'>διὰ</span> <span class='ocrx_word' id='word_1_355' title='bbox 469 2700 668 2750; x_wconf 80' lang='grc' dir='ltr'>πάντων</span> <span class='ocrx_word' id='word_1_356' title='bbox 698 2696 1035 2748; x_wconf 77' lang='grc' dir='ltr'>ἀκολουθοῦσα</span> <span class='ocrx_word' id='word_1_357' title='bbox 1061 2704 1121 2768; x_wconf 77' lang='grc' dir='ltr'>τῇ</span> <span class='ocrx_word' id='word_1_358' title='bbox 1151 2695 1385 2768; x_wconf 76' lang='grc' dir='ltr'>ὁμολογίᾳ</span> <span class='ocrx_word' id='word_1_359' title='bbox 1413 2705 1499 2753; x_wconf 82' lang='grc' dir='ltr'><strong>τῆς</strong></span> <span class='ocrx_word' id='word_1_360' title='bbox 1527 2699 1767 2759; x_wconf 85' lang='grc' dir='ltr'>πίστεως,</span> 
     </span>
    </p>
   </div>
   <div class='ocr_carea' id='block_1_49' title="bbox 204 2785 1772 2858">
    <p class='ocr_par' dir='ltr' id='par_1_49' title="bbox 204 2785 1772 2858">
     <span class='ocr_line' id='line_1_49' title="bbox 204 2785 1772 2858; baseline -0.002 -18"><span class='ocrx_word' id='word_1_361' title='bbox 204 2791 266 2845; x_wconf 67' lang='grc' dir='ltr'><strong>ἦν</strong></span> <span class='ocrx_word' id='word_1_362' title='bbox 297 2787 322 2841; x_wconf 84' lang='grc' dir='ltr'><strong>ό</strong></span> <span class='ocrx_word' id='word_1_363' title='bbox 348 2790 520 2858; x_wconf 84' lang='grc' dir='ltr'>κύριος</span> <span class='ocrx_word' id='word_1_364' title='bbox 551 2785 633 2839; x_wconf 80' lang='grc' dir='ltr'><strong>διὰ</strong></span> <span class='ocrx_word' id='word_1_365' title='bbox 663 2794 759 2840; x_wconf 87' lang='grc' dir='ltr'>τῶν</span> <span class='ocrx_word' id='word_1_366' title='bbox 787 2786 937 2856; x_wconf 76' lang='grc' dir='ltr'>έιγίων</span> <span class='ocrx_word' id='word_1_367' title='bbox 958 2787 1248 2840; x_wconf 82' lang='grc' dir='ltr'>ἀποστόλων</span> <span class='ocrx_word' id='word_1_368' title='bbox 1275 2785 1588 2858; x_wconf 75' lang='grc' dir='ltr'>έδωρήσατο,</span> <span class='ocrx_word' id='word_1_369' title='bbox 1619 2789 1700 2838; x_wconf 86' lang='grc' dir='ltr'><strong>καί</strong></span> <span class='ocrx_word' id='word_1_370' title='bbox 1727 2787 1772 2838; x_wconf 87' lang='grc' dir='ltr'><strong>οί</strong></span> 
     </span>
    </p>
   </div>
   <div class='ocr_carea' id='block_1_50' title="bbox 203 2876 1769 2953">
    <p class='ocr_par' dir='ltr' id='par_1_50' title="bbox 203 2876 1769 2953">
     <span class='ocr_line' id='line_1_50' title="bbox 203 2876 1769 2953; baseline -0.003 -21"><span class='ocrx_word' id='word_1_371' title='bbox 203 2880 342 2949; x_wconf 77' lang='grc' dir='ltr'>ἇγιοι</span> <span class='ocrx_word' id='word_1_372' title='bbox 361 2879 633 2933; x_wconf 78' lang='grc' dir='ltr'>ἀπόστολοι</span> <span class='ocrx_word' id='word_1_373' title='bbox 658 2879 913 2950; x_wconf 74' lang='grc' dir='ltr'>έκήρυξαν,</span> <span class='ocrx_word' id='word_1_374' title='bbox 939 2882 1020 2931; x_wconf 82' lang='grc' dir='ltr'><strong>καί</strong></span> <span class='ocrx_word' id='word_1_375' title='bbox 1040 2879 1084 2930; x_wconf 71' lang='grc' dir='ltr'>οῗ</span> <span class='ocrx_word' id='word_1_376' title='bbox 1104 2877 1382 2953; x_wconf 79' lang='grc' dir='ltr'>τριακόσιοι</span> <span class='ocrx_word' id='word_1_377' title='bbox 1407 2876 1526 2930; x_wconf 76' lang='grc' dir='ltr'>δέκα</span> <span class='ocrx_word' id='word_1_378' title='bbox 1546 2881 1624 2928; x_wconf 82' lang='grc' dir='ltr'><strong>καί</strong></span> <span class='ocrx_word' id='word_1_379' title='bbox 1645 2879 1769 2929; x_wconf 75' lang='grc' dir='ltr'>ίκτὼ</span> 
     </span>
    </p>
   </div>
   <div class='ocr_carea' id='block_1_51' title="bbox 1942 2511 3432 2582">
    <p class='ocr_par' dir='ltr' id='par_1_51' title="bbox 1942 2511 3432 2582">
     <span class='ocr_line' id='line_1_51' title="bbox 1942 2511 3432 2582; baseline 0.011 -18"><span class='ocrx_word' id='word_1_380' title='bbox 1942 2511 2065 2565; x_wconf 73' lang='lat' dir='ltr'><strong>Hcce</strong></span> <span class='ocrx_word' id='word_1_381' title='bbox 2088 2514 2269 2582; x_wconf 82' lang='lat' dir='ltr'><strong>itaque</strong></span> <span class='ocrx_word' id='word_1_382' title='bbox 2303 2511 2696 2574; x_wconf 78' lang='lat' dir='ltr'><strong>deﬁnitionibus</strong></span> <span class='ocrx_word' id='word_1_383' title='bbox 2747 2527 2941 2571; x_wconf 77' lang='lat' dir='ltr'><strong>sanctae</strong></span> <span class='ocrx_word' id='word_1_384' title='bbox 2987 2518 3432 2581; x_wconf 80' lang='lat' dir='ltr'><strong>Chalcedonensis</strong></span> 
     </span>
    </p>
   </div>
   <div class='ocr_carea' id='block_1_52' title="bbox 1871 2604 3432 2683">
    <p class='ocr_par' dir='ltr' id='par_1_52' title="bbox 1871 2604 3432 2683">
     <span class='ocr_line' id='line_1_52' title="bbox 1871 2604 3432 2683; baseline 0.007 -25"><span class='ocrx_word' id='word_1_385' title='bbox 1871 2604 2056 2674; x_wconf 82' lang='lat' dir='ltr'><strong>synodi</strong></span> <span class='ocrx_word' id='word_1_386' title='bbox 2088 2606 2372 2659; x_wconf 89' lang='lat' dir='ltr'><strong>constituta</strong></span> <span class='ocrx_word' id='word_1_387' title='bbox 2400 2614 2542 2670; x_wconf 89' lang='lat' dir='ltr'><strong>sunt,</strong></span> <span class='ocrx_word' id='word_1_388' title='bbox 2573 2621 2672 2660; x_wconf 85' lang='lat' dir='ltr'><strong>nec</strong></span> <span class='ocrx_word' id='word_1_389' title='bbox 2698 2607 2981 2662; x_wconf 89' lang='lat' dir='ltr'><strong>obscurum</strong></span> <span class='ocrx_word' id='word_1_390' title='bbox 3008 2612 3274 2680; x_wconf 84' lang='lat' dir='ltr'><strong>quidpiam</strong></span> <span class='ocrx_word' id='word_1_391' title='bbox 3309 2630 3432 2683; x_wconf 92' lang='lat' dir='ltr'><strong>pro-</strong></span> 
     </span>
    </p>
   </div>
   <div class='ocr_carea' id='block_1_53' title="bbox 1872 2694 3432 2770">
    <p class='ocr_par' dir='ltr' id='par_1_53' title="bbox 1872 2694 3432 2770">
     <span class='ocr_line' id='line_1_53' title="bbox 1872 2694 3432 2770; baseline 0.008 -24"><span class='ocrx_word' id='word_1_392' title='bbox 1872 2694 2048 2747; x_wconf 78' lang='lat' dir='ltr'><strong>locuta</strong></span> <span class='ocrx_word' id='word_1_393' title='bbox 2077 2702 2158 2747; x_wconf 91' lang='lat' dir='ltr'><strong>est</strong></span> <span class='ocrx_word' id='word_1_394' title='bbox 2186 2695 2325 2748; x_wconf 88' lang='lat' dir='ltr'><strong>circa</strong></span> <span class='ocrx_word' id='word_1_395' title='bbox 2353 2694 2508 2748; x_wconf 89' lang='lat' dir='ltr'><strong>iidem</strong></span> <span class='ocrx_word' id='word_1_396' title='bbox 2536 2697 2798 2764; x_wconf 78' lang='lat' dir='ltr'><strong>synodus,</strong></span> <span class='ocrx_word' id='word_1_397' title='bbox 2843 2714 3026 2752; x_wconf 88' lang='lat' dir='ltr'><strong>verum</strong></span> <span class='ocrx_word' id='word_1_398' title='bbox 3056 2701 3248 2770; x_wconf 87' lang='lat' dir='ltr'><strong>ubique</strong></span> <span class='ocrx_word' id='word_1_399' title='bbox 3273 2714 3328 2756; x_wconf 85' lang='lat' dir='ltr'><strong>et</strong></span> <span class='ocrx_word' id='word_1_400' title='bbox 3378 2705 3432 2759; x_wconf 91' lang='lat' dir='ltr'><strong>in</strong></span> 
     </span>
    </p>
   </div>
   <div class='ocr_carea' id='block_1_54' title="bbox 1869 2784 3434 2855">
    <p class='ocr_par' dir='ltr' id='par_1_54' title="bbox 1869 2784 3434 2855">
     <span class='ocr_line' id='line_1_54' title="bbox 1869 2784 3434 2855; baseline 0.008 -19"><span class='ocrx_word' id='word_1_401' title='bbox 1869 2784 2112 2837; x_wconf 88' lang='lat' dir='ltr'><strong>omnibus</strong></span> <span class='ocrx_word' id='word_1_402' title='bbox 2133 2799 2248 2838; x_wconf 90' lang='lat' dir='ltr'><strong>eam</strong></span> <span class='ocrx_word' id='word_1_403' title='bbox 2271 2794 2471 2839; x_wconf 84' lang='lat' dir='ltr'><strong>sectata</strong></span> <span class='ocrx_word' id='word_1_404' title='bbox 2492 2795 2573 2840; x_wconf 90' lang='lat' dir='ltr'><strong>est</strong></span> <span class='ocrx_word' id='word_1_405' title='bbox 2593 2786 2975 2842; x_wconf 90' lang='lat' dir='ltr'><strong>confessionem</strong></span> <span class='ocrx_word' id='word_1_406' title='bbox 3000 2791 3138 2855; x_wconf 87' lang='lat' dir='ltr'><strong>iidei,</strong></span> <span class='ocrx_word' id='word_1_407' title='bbox 3164 2808 3192 2845; x_wconf 89' lang='lat' dir='ltr'><strong>a</strong></span> <span class='ocrx_word' id='word_1_408' title='bbox 3209 2792 3434 2850; x_wconf 87' lang='lat' dir='ltr'><strong>Domino</strong></span> 
     </span>
    </p>
   </div>
   <div class='ocr_carea' id='block_1_55' title="bbox 1872 2872 3434 2948">
    <p class='ocr_par' dir='ltr' id='par_1_55' title="bbox 1872 2872 3434 2948">
     <span class='ocr_line' id='line_1_55' title="bbox 1872 2872 3434 2948; baseline 0.009 -24"><span class='ocrx_word' id='word_1_409' title='bbox 1872 2872 2099 2938; x_wconf 80' lang='lat' dir='ltr'><strong>benigne</strong></span> <span class='ocrx_word' id='word_1_410' title='bbox 2126 2888 2435 2928; x_wconf 81' lang='lat' dir='ltr'><strong>concessam</strong></span> <span class='ocrx_word' id='word_1_411' title='bbox 2467 2892 2562 2944; x_wconf 89' lang='lat' dir='ltr'><strong>per</strong></span> <span class='ocrx_word' id='word_1_412' title='bbox 2581 2878 2856 2944; x_wconf 85' lang='lat' dir='ltr'><strong>apostolos</strong></span> <span class='ocrx_word' id='word_1_413' title='bbox 2893 2895 3036 2943; x_wconf 89' lang='lat' dir='ltr'><strong>suos,</strong></span> <span class='ocrx_word' id='word_1_414' title='bbox 3064 2896 3221 2948; x_wconf 84' lang='lat' dir='ltr'><strong>quam</strong></span> <span class='ocrx_word' id='word_1_415' title='bbox 3263 2886 3434 2940; x_wconf 86' lang='lat' dir='ltr'><strong>sancti</strong></span> 
     </span>
    </p>
   </div>
   <div class='ocr_carea' id='block_1_56' title="bbox 204 2963 1870 3043">
    <p class='ocr_par' dir='ltr' id='par_1_56' title="bbox 204 2966 1785 3043">
     <span class='ocr_line' id='line_1_56' title="bbox 204 2966 1785 3043; baseline -0.004 -19"><span class='ocrx_word' id='word_1_416' title='bbox 204 2971 340 3043; x_wconf 72' lang='grc' dir='ltr'>ἅγιοι</span> <span class='ocrx_word' id='word_1_417' title='bbox 368 2971 586 3041; x_wconf 80' lang='grc' dir='ltr'>πατέρες</span> <span class='ocrx_word' id='word_1_418' title='bbox 619 2967 1016 3037; x_wconf 56' lang='grc' dir='ltr'>παραδεῗὼκασι</span> <span class='ocrx_word' id='word_1_419' title='bbox 1037 2975 1097 3039; x_wconf 75' lang='grc' dir='ltr'><strong>τῇ</strong></span> <span class='ocrx_word' id='word_1_420' title='bbox 1125 2972 1216 3020; x_wconf 81' lang='grc' dir='ltr'>τοῦ</span> <span class='ocrx_word' id='word_1_421' title='bbox 1247 2973 1371 3020; x_wconf 82' lang='grc' dir='ltr'>Θεοῦ</span> <span class='ocrx_word' id='word_1_422' title='bbox 1393 2966 1658 3034; x_wconf 68' lang='grc' dir='ltr'>ἐκκλησία,</span> <span class='ocrx_word' id='word_1_423' title='bbox 1691 2972 1785 3040; x_wconf 79' lang='grc' dir='ltr'>καὶ,</span> 
     </span>
    </p>
   </div>
   <div class='ocr_carea' id='block_1_57' title="bbox 1775 2963 3441 3043">
    <p class='ocr_par' dir='ltr' id='par_1_57' title="bbox 1775 2963 3441 3040">
     <span class='ocr_line' id='line_1_57' title="bbox 1775 2963 3441 3040; baseline 0.011 -27"><span class='ocrx_word' id='word_1_424' title='bbox 1775 3011 1785 3040; x_wconf 65' lang='grc'><strong>,</strong></span> <span class='ocrx_word' id='word_1_425' title='bbox 1875 2963 1973 3030; x_wconf 89' lang='lat' dir='ltr'><strong>ipsi</strong></span> <span class='ocrx_word' id='word_1_426' title='bbox 2002 2963 2354 3031; x_wconf 65' lang='lat' dir='ltr'><strong>praedicarunt</strong></span> <span class='ocrx_word' id='word_1_427' title='bbox 2382 2967 2628 3034; x_wconf 88' lang='lat' dir='ltr'><strong>apostoli,</strong></span> <span class='ocrx_word' id='word_1_428' title='bbox 2660 2983 2817 3036; x_wconf 82' lang='lat' dir='ltr'><strong>quam</strong></span> <span class='ocrx_word' id='word_1_429' title='bbox 2847 2971 3013 3024; x_wconf 89' lang='lat' dir='ltr'><strong>sancti</strong></span> <span class='ocrx_word' id='word_1_430' title='bbox 3045 2974 3268 3026; x_wconf 89' lang='lat' dir='ltr'><strong>trecenti</strong></span> <span class='ocrx_word' id='word_1_431' title='bbox 3293 2983 3441 3031; x_wconf 84' lang='lat' dir='ltr'><strong>octu-</strong></span> 
     </span>
    </p>
   </div>
   <div class='ocr_carea' id='block_1_58' title="bbox 201 3057 1774 3132">
    <p class='ocr_par' dir='ltr' id='par_1_58' title="bbox 201 3057 1774 3132">
     <span class='ocr_line' id='line_1_58' title="bbox 201 3057 1774 3132; baseline -0.003 -18"><span class='ocrx_word' id='word_1_432' title='bbox 201 3064 249 3114; x_wconf 72' lang='grc' dir='ltr'>οἱ</span> <span class='ocrx_word' id='word_1_433' title='bbox 283 3060 456 3114; x_wconf 80' lang='grc' dir='ltr'>έκατόν</span> <span class='ocrx_word' id='word_1_434' title='bbox 485 3079 788 3114; x_wconf 74' lang='grc' dir='ltr'>πεντηκοντα</span> <span class='ocrx_word' id='word_1_435' title='bbox 824 3062 1033 3132; x_wconf 76' lang='grc' dir='ltr'>πατέρες</span> <span class='ocrx_word' id='word_1_436' title='bbox 1063 3057 1388 3118; x_wconf 75' lang='grc' dir='ltr'>έϐεϐαίωσαν,</span> <span class='ocrx_word' id='word_1_437' title='bbox 1421 3059 1774 3126; x_wconf 77' lang='grc' dir='ltr'>σαφηνίσαντες</span> 
     </span>
    </p>
   </div>
   <div class='ocr_carea' id='block_1_59' title="bbox 203 3146 1774 3227">
    <p class='ocr_par' dir='ltr' id='par_1_59' title="bbox 203 3146 1774 3227">
     <span class='ocr_line' id='line_1_59' title="bbox 203 3146 1774 3227; baseline -0.001 -27"><span class='ocrx_word' id='word_1_438' title='bbox 203 3155 324 3227; x_wconf 73' lang='grc' dir='ltr'>περὶ</span> <span class='ocrx_word' id='word_1_439' title='bbox 349 3159 438 3208; x_wconf 76' lang='grc' dir='ltr'><strong>τῆς</strong></span> <span class='ocrx_word' id='word_1_440' title='bbox 467 3148 696 3206; x_wconf 65' lang='grc' dir='ltr'>Θεάτητος</span> <span class='ocrx_word' id='word_1_441' title='bbox 727 3155 816 3200; x_wconf 84' lang='grc' dir='ltr'><strong>τού</strong></span> <span class='ocrx_word' id='word_1_442' title='bbox 842 3148 982 3217; x_wconf 65' lang='grc' dir='ltr'>ἁγίιυ</span> <span class='ocrx_word' id='word_1_443' title='bbox 1007 3150 1309 3219; x_wconf 80' lang='grc' dir='ltr'>πνεύματος.</span> <span class='ocrx_word' id='word_1_444' title='bbox 1340 3150 1510 3219; x_wconf 74' lang='grc' dir='ltr'>Ταύτῃ</span> <span class='ocrx_word' id='word_1_445' title='bbox 1542 3146 1592 3200; x_wconf 80' lang='grc' dir='ltr'>δὲ</span> <span class='ocrx_word' id='word_1_446' title='bbox 1622 3151 1703 3200; x_wconf 83' lang='grc' dir='ltr'><strong>καί</strong></span> <span class='ocrx_word' id='word_1_447' title='bbox 1729 3148 1774 3199; x_wconf 77' lang='grc' dir='ltr'>οἶ</span> 
     </span>
    </p>
   </div>
   <div class='ocr_carea' id='block_1_60' title="bbox 203 3235 1777 3309">
    <p class='ocr_par' dir='ltr' id='par_1_60' title="bbox 203 3235 1777 3309">
     <span class='ocr_line' id='line_1_60' title="bbox 203 3235 1777 3309; baseline -0.003 -17"><span class='ocrx_word' id='word_1_448' title='bbox 203 3245 256 3296; x_wconf 66' lang='grc' dir='ltr'>ἐν</span> <span class='ocrx_word' id='word_1_449' title='bbox 278 3239 468 3309; x_wconf 68' lang='grc' dir='ltr'>Ἐφέσῳ</span> <span class='ocrx_word' id='word_1_450' title='bbox 504 3241 561 3290; x_wconf 86' lang='grc' dir='ltr'>τὸ</span> <span class='ocrx_word' id='word_1_451' title='bbox 601 3243 771 3308; x_wconf 74' lang='grc' dir='ltr'>πρώην</span> <span class='ocrx_word' id='word_1_452' title='bbox 799 3239 1134 3304; x_wconf 70' lang='grc' dir='ltr'>συναχθέντες</span> <span class='ocrx_word' id='word_1_453' title='bbox 1161 3235 1292 3306; x_wconf 71' lang='grc' dir='ltr'><strong><em>ἅγιοι</em></strong></span> <span class='ocrx_word' id='word_1_454' title='bbox 1328 3239 1540 3307; x_wconf 81' lang='grc' dir='ltr'>πατέρες</span> <span class='ocrx_word' id='word_1_455' title='bbox 1567 3235 1777 3294; x_wconf 81' lang='grc' dir='ltr'>ἠκολού-</span> 
     </span>
    </p>
   </div>
   <div class='ocr_carea' id='block_1_61' title="bbox 204 3326 1844 3409">
    <p class='ocr_par' dir='ltr' id='par_1_61' title="bbox 204 3326 1844 3409">
     <span class='ocr_line' id='line_1_61' title="bbox 204 3326 1844 3409; baseline -0.004 -24"><span class='ocrx_word' id='word_1_456' title='bbox 204 3337 384 3392; x_wconf 67' lang='grc' dir='ltr'>θησαν.</span> <span class='ocrx_word' id='word_1_457' title='bbox 412 3333 462 3386; x_wconf 81' lang='lat' dir='ltr'><strong>&#39;H</strong></span> <span class='ocrx_word' id='word_1_458' title='bbox 489 3331 542 3385; x_wconf 77' lang='grc' dir='ltr'><strong>δέ</strong></span> <span class='ocrx_word' id='word_1_459' title='bbox 584 3333 628 3382; x_wconf 67' lang='grc' dir='ltr'><strong>έν</strong></span> <span class='ocrx_word' id='word_1_460' title='bbox 659 3328 923 3385; x_wconf 54' lang='lat' dir='ltr'><strong>va-4.96m</strong></span> <span class='ocrx_word' id='word_1_461' title='bbox 964 3330 1080 3399; x_wconf 66' lang='grc' dir='ltr'>ἁγία</span> <span class='ocrx_word' id='word_1_462' title='bbox 1109 3326 1312 3386; x_wconf 81' lang='grc' dir='ltr'>σύνοδος</span> <span class='ocrx_word' id='word_1_463' title='bbox 1339 3331 1419 3381; x_wconf 82' lang='grc' dir='ltr'>καὶ</span> <span class='ocrx_word' id='word_1_464' title='bbox 1453 3328 1772 3391; x_wconf 74' lang='grc' dir='ltr'>ἆνεθιμὰτισι</span> <span class='ocrx_word' id='word_1_465' title='bbox 1801 3351 1844 3409; x_wconf 79' lang='lat' dir='ltr'><strong>C</strong></span> 
     </span>
    </p>
   </div>
   <div class='ocr_carea' id='block_1_62' title="bbox 206 3417 1772 3494">
    <p class='ocr_par' dir='ltr' id='par_1_62' title="bbox 206 3417 1772 3494">
     <span class='ocr_line' id='line_1_62' title="bbox 206 3417 1772 3494; baseline -0.003 -19"><span class='ocrx_word' id='word_1_466' title='bbox 206 3428 327 3484; x_wconf 77' lang='grc' dir='ltr'>τοὺς</span> <span class='ocrx_word' id='word_1_467' title='bbox 357 3427 524 3494; x_wconf 77' lang='grc' dir='ltr'>ἕτερον</span> <span class='ocrx_word' id='word_1_468' title='bbox 560 3423 809 3489; x_wconf 45' lang='lat' dir='ltr'><strong>aditiales</strong></span> <span class='ocrx_word' id='word_1_469' title='bbox 845 3421 874 3478; x_wconf 75' lang='grc' dir='ltr'><em>ἦ</em></span> <span class='ocrx_word' id='word_1_470' title='bbox 915 3419 1100 3472; x_wconf 69' lang='grc' dir='ltr'>ἔκθεσιν</span> <span class='ocrx_word' id='word_1_471' title='bbox 1136 3423 1353 3477; x_wconf 76' lang='grc' dir='ltr'>πίστεως</span> <span class='ocrx_word' id='word_1_472' title='bbox 1380 3417 1772 3489; x_wconf 71' lang='grc' dir='ltr'>παραὲιδόντας.</span> 
     </span>
    </p>
   </div>
   <div class='ocr_carea' id='block_1_63' title="bbox 205 3509 1776 3590">
    <p class='ocr_par' dir='ltr' id='par_1_63' title="bbox 205 3509 1776 3590">
     <span class='ocr_line' id='line_1_63' title="bbox 205 3509 1776 3590; baseline -0.007 -17"><span class='ocrx_word' id='word_1_473' title='bbox 205 3521 352 3590; x_wconf 46' lang='grc' dir='ltr'>πα,ςά</span> <span class='ocrx_word' id='word_1_474' title='bbox 374 3519 428 3569; x_wconf 85' lang='grc' dir='ltr'>τὸ</span> <span class='ocrx_word' id='word_1_475' title='bbox 450 3518 550 3568; x_wconf 80' lang='grc' dir='ltr'><strong>ὑπὸ</strong></span> <span class='ocrx_word' id='word_1_476' title='bbox 576 3522 673 3568; x_wconf 81' lang='grc' dir='ltr'><strong>τῶν</strong></span> <span class='ocrx_word' id='word_1_477' title='bbox 699 3512 996 3586; x_wconf 74' lang='grc' dir='ltr'>τριακοσίων</span> <span class='ocrx_word' id='word_1_478' title='bbox 1033 3509 1155 3565; x_wconf 84' lang='grc' dir='ltr'>δέκα</span> <span class='ocrx_word' id='word_1_479' title='bbox 1192 3515 1275 3564; x_wconf 84' lang='grc' dir='ltr'>καὶ</span> <span class='ocrx_word' id='word_1_480' title='bbox 1301 3513 1430 3564; x_wconf 79' lang='grc' dir='ltr'>ὀκτώ</span> <span class='ocrx_word' id='word_1_481' title='bbox 1453 3510 1604 3581; x_wconf 65' lang='grc' dir='ltr'>ἁγίων</span> <span class='ocrx_word' id='word_1_482' title='bbox 1625 3511 1776 3563; x_wconf 85' lang='grc' dir='ltr'>πατέ-</span> 
     </span>
    </p>
   </div>
   <div class='ocr_carea' id='block_1_64' title="bbox 200 3607 636 3688">
    <p class='ocr_par' dir='ltr' id='par_1_64' title="bbox 200 3607 636 3688">
     <span class='ocr_line' id='line_1_64' title="bbox 200 3607 636 3688; baseline -0.016 -25"><span class='ocrx_word' id='word_1_483' title='bbox 200 3632 309 3688; x_wconf 75' lang='grc' dir='ltr'><strong>ρων</strong></span> <span class='ocrx_word' id='word_1_484' title='bbox 337 3607 636 3680; x_wconf 62' lang='grc' dir='ltr'>παραδοθὲν.</span> 
     </span>
    </p>
   </div>
   <div class='ocr_carea' id='block_1_65' title="bbox 276 3782 1773 3852">
    <p class='ocr_par' dir='ltr' id='par_1_65' title="bbox 276 3782 1773 3852">
     <span class='ocr_line' id='line_1_65' title="bbox 276 3782 1773 3852; baseline -0.006 -10"><span class='ocrx_word' id='word_1_485' title='bbox 276 3789 454 3846; x_wconf 79' lang='grc' dir='ltr'>οὕτως</span> <span class='ocrx_word' id='word_1_486' title='bbox 477 3790 642 3841; x_wconf 80' lang='grc' dir='ltr'>τοίνυν</span> <span class='ocrx_word' id='word_1_487' title='bbox 679 3795 770 3846; x_wconf 83' lang='grc' dir='ltr'><strong>τῆς</strong></span> <span class='ocrx_word' id='word_1_488' title='bbox 797 3785 1025 3842; x_wconf 73' lang='grc' dir='ltr'><strong>ἀληθείας</strong></span> <span class='ocrx_word' id='word_1_489' title='bbox 1052 3783 1295 3852; x_wconf 84' lang='grc' dir='ltr'>έχούσης,</span> <span class='ocrx_word' id='word_1_490' title='bbox 1326 3782 1416 3850; x_wconf 72' lang='grc' dir='ltr'>ὀψέ</span> <span class='ocrx_word' id='word_1_491' title='bbox 1458 3788 1577 3850; x_wconf 75' lang='grc' dir='ltr'>γοῦν</span> <span class='ocrx_word' id='word_1_492' title='bbox 1616 3803 1773 3834; x_wconf 81' lang='grc' dir='ltr'>κατα·-</span> 
     </span>
    </p>
   </div>
   <div class='ocr_carea' id='block_1_66' title="bbox 197 3869 1776 3948">
    <p class='ocr_par' dir='ltr' id='par_1_66' title="bbox 197 3869 1776 3948">
     <span class='ocr_line' id='line_1_66' title="bbox 197 3869 1776 3948; baseline -0.005 -18"><span class='ocrx_word' id='word_1_493' title='bbox 197 3884 422 3936; x_wconf 72' lang='grc' dir='ltr'>νοήσατε</span> <span class='ocrx_word' id='word_1_494' title='bbox 442 3915 456 3936; x_wconf 88' lang='grc'>,</span> <span class='ocrx_word' id='word_1_495' title='bbox 489 3881 564 3934; x_wconf 91' lang='grc' dir='ltr'><strong>τίς</strong></span> <span class='ocrx_word' id='word_1_496' title='bbox 591 3877 748 3948; x_wconf 82' lang='grc' dir='ltr'>ὀρθῶς</span> <span class='ocrx_word' id='word_1_497' title='bbox 781 3879 870 3932; x_wconf 77' lang='grc' dir='ltr'>τήν</span> <span class='ocrx_word' id='word_1_498' title='bbox 1078 3871 1128 3926; x_wconf 91' lang='grc' dir='ltr'>έν</span> <span class='ocrx_word' id='word_1_499' title='bbox 1163 3869 1427 3928; x_wconf 78' lang='grc' dir='ltr'>Χαλκηδόνι</span> <span class='ocrx_word' id='word_1_500' title='bbox 1467 3870 1673 3925; x_wconf 78' lang='grc' dir='ltr'>σύνοδον</span> <span class='ocrx_word' id='word_1_501' title='bbox 1700 3872 1776 3923; x_wconf 82' lang='grc' dir='ltr'>έκ-</span> 
     </span>
    </p>
   </div>
   <div class='ocr_carea' id='block_1_67' title="bbox 204 3960 1776 4038">
    <p class='ocr_par' dir='ltr' id='par_1_67' title="bbox 204 3960 1776 4038">
     <span class='ocr_line' id='line_1_67' title="bbox 204 3960 1776 4038; baseline -0.006 -16"><span class='ocrx_word' id='word_1_502' title='bbox 204 3973 374 4027; x_wconf 74' lang='grc' dir='ltr'>ὀικεῖς</span> <span class='ocrx_word' id='word_1_503' title='bbox 417 3966 630 4038; x_wconf 76' lang='grc' dir='ltr'>Πότερον</span> <span class='ocrx_word' id='word_1_504' title='bbox 681 3964 706 4018; x_wconf 87' lang='grc' dir='ltr'><strong>ό</strong></span> <span class='ocrx_word' id='word_1_505' title='bbox 745 3962 976 4018; x_wconf 78' lang='grc' dir='ltr'>δεικνύων</span> <span class='ocrx_word' id='word_1_506' title='bbox 1017 3960 1092 4016; x_wconf 81' lang='grc' dir='ltr'><strong>ὅτι</strong></span> <span class='ocrx_word' id='word_1_507' title='bbox 1139 3969 1244 4020; x_wconf 84' lang='grc' dir='ltr'>τοῖς</span> <span class='ocrx_word' id='word_1_508' title='bbox 1288 3962 1559 4028; x_wconf 79' lang='grc' dir='ltr'>εἰρημένοις</span> <span class='ocrx_word' id='word_1_509' title='bbox 1617 3960 1776 4030; x_wconf 78' lang='grc' dir='ltr'>ἁγίοις</span> 
     </span>
    </p>
   </div>
   <div class='ocr_carea' id='block_1_68' title="bbox 206 4049 1774 4128">
    <p class='ocr_par' dir='ltr' id='par_1_68' title="bbox 206 4049 1774 4128">
     <span class='ocr_line' id='line_1_68' title="bbox 206 4049 1774 4128; baseline -0.008 -15"><span class='ocrx_word' id='word_1_510' title='bbox 206 4059 466 4128; x_wconf 78' lang='grc' dir='ltr'>πατράσιν</span> <span class='ocrx_word' id='word_1_511' title='bbox 495 4057 874 4113; x_wconf 79' lang='grc' dir='ltr'>ἀκολουθήσασα</span> <span class='ocrx_word' id='word_1_512' title='bbox 900 4052 1066 4108; x_wconf 77' lang='grc' dir='ltr'>πάντα</span> <span class='ocrx_word' id='word_1_513' title='bbox 1095 4055 1247 4128; x_wconf 81' lang='grc' dir='ltr'>ὀρθῶς</span> <span class='ocrx_word' id='word_1_514' title='bbox 1287 4053 1497 4114; x_wconf 70' lang='grc' dir='ltr'>ἐξέθετο.</span> <span class='ocrx_word' id='word_1_515' title='bbox 1539 4051 1568 4108; x_wconf 72' lang='grc' dir='ltr'><em>ἦ</em></span> <span class='ocrx_word' id='word_1_516' title='bbox 1608 4049 1632 4103; x_wconf 86' lang='grc' dir='ltr'>ὁ</span> <span class='ocrx_word' id='word_1_517' title='bbox 1657 4053 1774 4109; x_wconf 77' lang='grc' dir='ltr'>τούς</span> 
     </span>
    </p>
   </div>
   <div class='ocr_carea' id='block_1_69' title="bbox 205 4141 1776 4219">
    <p class='ocr_par' dir='ltr' id='par_1_69' title="bbox 205 4141 1776 4219">
     <span class='ocr_line' id='line_1_69' title="bbox 205 4141 1776 4219; baseline -0.006 -15"><span class='ocrx_word' id='word_1_518' title='bbox 205 4152 411 4211; x_wconf 62' lang='grc' dir='ltr'>ἀσεϐεῖς</span> <span class='ocrx_word' id='word_1_519' title='bbox 456 4157 554 4204; x_wconf 83' lang='grc' dir='ltr'>τῶν</span> <span class='ocrx_word' id='word_1_520' title='bbox 600 4149 858 4219; x_wconf 82' lang='grc' dir='ltr'>αίρετικῶν</span> <span class='ocrx_word' id='word_1_521' title='bbox 899 4147 1074 4216; x_wconf 75' lang='grc' dir='ltr'>λόγους</span> <span class='ocrx_word' id='word_1_522' title='bbox 1123 4147 1432 4216; x_wconf 75' lang='grc' dir='ltr'>προσάπτειν</span> <span class='ocrx_word' id='word_1_523' title='bbox 1477 4141 1776 4204; x_wconf 73' lang='grc' dir='ltr'>σπουδάζων</span> 
     </span>
    </p>
   </div>
   <div class='ocr_carea' id='block_1_70' title="bbox 206 4235 1777 4314">
    <p class='ocr_par' dir='ltr' id='par_1_70' title="bbox 206 4235 1777 4314">
     <span class='ocr_line' id='line_1_70' title="bbox 206 4235 1777 4314; baseline -0.008 -18"><span class='ocrx_word' id='word_1_524' title='bbox 206 4246 366 4314; x_wconf 72' lang='grc' dir='ltr'>αὐτῇς</span> <span class='ocrx_word' id='word_1_525' title='bbox 414 4244 542 4300; x_wconf 79' lang='grc' dir='ltr'>Τούς</span> <span class='ocrx_word' id='word_1_526' title='bbox 581 4244 680 4310; x_wconf 69' lang='grc' dir='ltr'><strong>γὰρ</strong></span> <span class='ocrx_word' id='word_1_527' title='bbox 726 4241 917 4314; x_wconf 76' lang='grc' dir='ltr'>καθαρᾷ</span> <span class='ocrx_word' id='word_1_528' title='bbox 967 4235 1298 4296; x_wconf 79' lang='grc' dir='ltr'>συνειδήσει,-</span> <span class='ocrx_word' id='word_1_529' title='bbox 1323 4238 1402 4287; x_wconf 82' lang='grc' dir='ltr'><strong>καί</strong></span> <span class='ocrx_word' id='word_1_530' title='bbox 1443 4235 1569 4307; x_wconf 81' lang='grc' dir='ltr'><strong>ὀρθῷ</strong></span> <span class='ocrx_word' id='word_1_531' title='bbox 1604 4239 1777 4300; x_wconf 75' lang='grc' dir='ltr'>σκοπῷ</span> 
     </span>
    </p>
   </div>
   <div class='ocr_carea' id='block_1_71' title="bbox 209 4324 1777 4401">
    <p class='ocr_par' dir='ltr' id='par_1_71' title="bbox 209 4324 1777 4401">
     <span class='ocr_line' id='line_1_71' title="bbox 209 4324 1777 4401; baseline -0.007 -14"><span class='ocrx_word' id='word_1_532' title='bbox 209 4332 521 4400; x_wconf 76' lang='grc' dir='ltr'>δεχομένους</span> <span class='ocrx_word' id='word_1_533' title='bbox 565 4338 652 4388; x_wconf 75' lang='grc' dir='ltr'><strong>τήν</strong></span> <span class='ocrx_word' id='word_1_534' title='bbox 702 4331 748 4382; x_wconf 75' lang='grc' dir='ltr'><strong>έν</strong></span> <span class='ocrx_word' id='word_1_535' title='bbox 778 4331 964 4400; x_wconf 69' lang='grc' dir='ltr'>Ἐφέσῳ</span> <span class='ocrx_word' id='word_1_536' title='bbox 1007 4331 1212 4401; x_wconf 79' lang='grc' dir='ltr'>πρώτην</span> <span class='ocrx_word' id='word_1_537' title='bbox 1252 4324 1484 4388; x_wconf 78' lang='grc' dir='ltr'>σύνοδον,</span> <span class='ocrx_word' id='word_1_538' title='bbox 1535 4328 1616 4379; x_wconf 78' lang='grc' dir='ltr'><strong>καί</strong></span> <span class='ocrx_word' id='word_1_539' title='bbox 1658 4329 1777 4384; x_wconf 80' lang='grc' dir='ltr'>τούς</span> 
     </span>
    </p>
   </div>
   <div class='ocr_carea' id='block_1_72' title="bbox 209 4417 1780 4495">
    <p class='ocr_par' dir='ltr' id='par_1_72' title="bbox 209 4417 1780 4495">
     <span class='ocr_line' id='line_1_72' title="bbox 209 4417 1780 4495; baseline -0.005 -21"><span class='ocrx_word' id='word_1_540' title='bbox 209 4419 388 4489; x_wconf 69' lang='grc' dir='ltr'>ἆγίους</span> <span class='ocrx_word' id='word_1_541' title='bbox 413 4425 636 4495; x_wconf 85' lang='grc' dir='ltr'>πατέρας</span> <span class='ocrx_word' id='word_1_542' title='bbox 664 4423 981 4487; x_wconf 70' lang='grc' dir='ltr'>ιελεστὶνον,</span> <span class='ocrx_word' id='word_1_543' title='bbox 1023 4419 1281 4492; x_wconf 66' lang='grc' dir='ltr'>κύριλὶον.</span> <span class='ocrx_word' id='word_1_544' title='bbox 1327 4421 1407 4470; x_wconf 85' lang='grc' dir='ltr'>καὶ</span> <span class='ocrx_word' id='word_1_545' title='bbox 1449 4418 1655 4480; x_wconf 81' lang='grc' dir='ltr'>Λέοντα,</span> <span class='ocrx_word' id='word_1_546' title='bbox 1698 4417 1780 4468; x_wconf 77' lang='grc' dir='ltr'><strong>καί</strong></span> 
     </span>
    </p>
   </div>
   <div class='ocr_carea' id='block_1_73' title="bbox 211 4505 1780 4575">
    <p class='ocr_par' dir='ltr' id='par_1_73' title="bbox 211 4505 1780 4575">
     <span class='ocr_line' id='line_1_73' title="bbox 211 4505 1780 4575; baseline -0.004 -10"><span class='ocrx_word' id='word_1_547' title='bbox 211 4513 300 4565; x_wconf 82' lang='grc' dir='ltr'><strong>τόν</strong></span> <span class='ocrx_word' id='word_1_548' title='bbox 351 4509 462 4575; x_wconf 81' lang='grc' dir='ltr'>ὅρον</span> <span class='ocrx_word' id='word_1_549' title='bbox 508 4521 599 4571; x_wconf 77' lang='grc' dir='ltr'>τῆς</span> <span class='ocrx_word' id='word_1_550' title='bbox 649 4513 699 4564; x_wconf 82' lang='grc' dir='ltr'>έν</span> <span class='ocrx_word' id='word_1_551' title='bbox 749 4509 1017 4566; x_wconf 77' lang='grc' dir='ltr'>Χαλκηδόνι</span> <span class='ocrx_word' id='word_1_552' title='bbox 1067 4506 1298 4569; x_wconf 79' lang='grc' dir='ltr'>συνόδου,</span> <span class='ocrx_word' id='word_1_553' title='bbox 1355 4505 1596 4560; x_wconf 74' lang='grc' dir='ltr'>ἀδύνατίν</span> <span class='ocrx_word' id='word_1_554' title='bbox 1647 4509 1780 4560; x_wconf 76' lang='grc' dir='ltr'>ἔστιν</span> 
     </span>
    </p>
   </div>
   <div class='ocr_carea' id='block_1_74' title="bbox 212 4598 1780 4670">
    <p class='ocr_par' dir='ltr' id='par_1_74' title="bbox 212 4598 1780 4670">
     <span class='ocr_line' id='line_1_74' title="bbox 212 4598 1780 4670; baseline -0.004 -18"><span class='ocrx_word' id='word_1_555' title='bbox 212 4598 458 4669; x_wconf 81' lang='grc' dir='ltr'>δέχεσθαι</span> <span class='ocrx_word' id='word_1_556' title='bbox 499 4603 627 4667; x_wconf 81' lang='grc' dir='ltr'><strong>μετὰ</strong></span> <span class='ocrx_word' id='word_1_557' title='bbox 671 4601 863 4652; x_wconf 88' lang='grc' dir='ltr'>τούτων</span> <span class='ocrx_word' id='word_1_558' title='bbox 909 4602 990 4652; x_wconf 85' lang='grc' dir='ltr'><strong>καί</strong></span> <span class='ocrx_word' id='word_1_559' title='bbox 1035 4604 1124 4655; x_wconf 72' lang='grc' dir='ltr'>τήν</span> <span class='ocrx_word' id='word_1_560' title='bbox 1170 4598 1296 4670; x_wconf 87' lang='grc' dir='ltr'>πρὸς</span> <span class='ocrx_word' id='word_1_561' title='bbox 1340 4599 1504 4668; x_wconf 80' lang='grc' dir='ltr'>Μάριν</span> <span class='ocrx_word' id='word_1_562' title='bbox 1545 4599 1780 4669; x_wconf 75' lang='grc' dir='ltr'>μυσαραν</span> 
     </span>
    </p>
   </div>
   <div class='ocr_carea' id='block_1_75' title="bbox 212 4687 1779 4760">
    <p class='ocr_par' dir='ltr' id='par_1_75' title="bbox 212 4687 1779 4760">
     <span class='ocr_line' id='line_1_75' title="bbox 212 4687 1779 4760; baseline -0.003 -18"><span class='ocrx_word' id='word_1_563' title='bbox 212 4689 482 4745; x_wconf 77' lang='grc' dir='ltr'>έπιστολὴν</span> <span class='ocrx_word' id='word_1_564' title='bbox 498 4695 588 4745; x_wconf 76' lang='grc' dir='ltr'><strong>τὴν</strong></span> <span class='ocrx_word' id='word_1_565' title='bbox 608 4693 735 4743; x_wconf 86' lang='grc' dir='ltr'>κατά</span> <span class='ocrx_word' id='word_1_566' title='bbox 754 4690 917 4742; x_wconf 75' lang='grc' dir='ltr'>πάντα</span> <span class='ocrx_word' id='word_1_567' title='bbox 937 4690 1132 4744; x_wconf 78' lang='grc' dir='ltr'>τούτοις</span> <span class='ocrx_word' id='word_1_568' title='bbox 1161 4687 1548 4749; x_wconf 75' lang='grc' dir='ltr'>ἐναντιουμένην.</span> <span class='ocrx_word' id='word_1_569' title='bbox 1577 4691 1662 4743; x_wconf 81' lang='grc' dir='ltr'>Τίς</span> <span class='ocrx_word' id='word_1_570' title='bbox 1680 4689 1779 4760; x_wconf 69' lang='grc' dir='ltr'><strong>’γάρ</strong></span> 
     </span>
    </p>
   </div>
   <div class='ocr_carea' id='block_1_76' title="bbox 1873 3053 3433 3130">
    <p class='ocr_par' dir='ltr' id='par_1_76' title="bbox 1873 3053 3433 3130">
     <span class='ocr_line' id='line_1_76' title="bbox 1873 3053 3433 3130; baseline 0.008 -24"><span class='ocrx_word' id='word_1_571' title='bbox 1873 3053 2045 3107; x_wconf 90' lang='lat' dir='ltr'><strong>decim</strong></span> <span class='ocrx_word' id='word_1_572' title='bbox 2085 3055 2268 3108; x_wconf 88' lang='lat' dir='ltr'><strong>Patres</strong></span> <span class='ocrx_word' id='word_1_573' title='bbox 2305 3056 2394 3110; x_wconf 92' lang='lat' dir='ltr'><strong>Dei</strong></span> <span class='ocrx_word' id='word_1_574' title='bbox 2443 3055 2691 3110; x_wconf 76' lang='lat' dir='ltr'><strong>Ecclesia:</strong></span> <span class='ocrx_word' id='word_1_575' title='bbox 2741 3060 3086 3124; x_wconf 89' lang='lat' dir='ltr'><strong>tradiderunt,</strong></span> <span class='ocrx_word' id='word_1_576' title='bbox 3115 3077 3274 3130; x_wconf 87' lang='lat' dir='ltr'><strong>quam</strong></span> <span class='ocrx_word' id='word_1_577' title='bbox 3302 3079 3433 3121; x_wconf 80' lang='lat' dir='ltr'><strong>cen-</strong></span> 
     </span>
    </p>
   </div>
   <div class='ocr_carea' id='block_1_77' title="bbox 1877 3145 3433 3219">
    <p class='ocr_par' dir='ltr' id='par_1_77' title="bbox 1877 3145 3433 3219">
     <span class='ocr_line' id='line_1_77' title="bbox 1877 3145 3433 3219; baseline 0.005 -23"><span class='ocrx_word' id='word_1_578' title='bbox 1877 3151 1986 3196; x_wconf 87' lang='lat' dir='ltr'><strong>tum</strong></span> <span class='ocrx_word' id='word_1_579' title='bbox 2015 3154 2065 3197; x_wconf 89' lang='lat' dir='ltr'><strong>et</strong></span> <span class='ocrx_word' id='word_1_580' title='bbox 2095 3147 2471 3213; x_wconf 76' lang='lat' dir='ltr'><strong>quinquaginta</strong></span> <span class='ocrx_word' id='word_1_581' title='bbox 2501 3145 2682 3201; x_wconf 87' lang='lat' dir='ltr'><strong>Patres</strong></span> <span class='ocrx_word' id='word_1_582' title='bbox 2714 3148 2892 3202; x_wconf 78' lang='lat' dir='ltr'><strong>itidem</strong></span> <span class='ocrx_word' id='word_1_583' title='bbox 2922 3151 2987 3204; x_wconf 91' lang='lat' dir='ltr'><strong>de</strong></span> <span class='ocrx_word' id='word_1_584' title='bbox 3015 3149 3242 3219; x_wconf 90' lang='lat' dir='ltr'><strong>Spiritus</strong></span> <span class='ocrx_word' id='word_1_585' title='bbox 3261 3151 3433 3208; x_wconf 86' lang='lat' dir='ltr'><strong>sancti</strong></span> 
     </span>
    </p>
   </div>
   <div class='ocr_carea' id='block_1_78' title="bbox 1876 3233 3432 3304">
    <p class='ocr_par' dir='ltr' id='par_1_78' title="bbox 1876 3233 3432 3304">
     <span class='ocr_line' id='line_1_78' title="bbox 1876 3233 3432 3304; baseline 0.01 -18"><span class='ocrx_word' id='word_1_586' title='bbox 1876 3233 2154 3289; x_wconf 85' lang='lat' dir='ltr'><strong>divinitate</strong></span> <span class='ocrx_word' id='word_1_587' title='bbox 2175 3235 2422 3304; x_wconf 79' lang='lat' dir='ltr'><strong>dogmata</strong></span> <span class='ocrx_word' id='word_1_588' title='bbox 2443 3238 2786 3302; x_wconf 60' lang='lat' dir='ltr'><strong>declarantes,</strong></span> <span class='ocrx_word' id='word_1_589' title='bbox 2799 3239 3263 3297; x_wconf 83' lang='lat' dir='ltr'><strong>confirmaverunt.</strong></span> <span class='ocrx_word' id='word_1_590' title='bbox 3285 3244 3432 3302; x_wconf 83' lang='lat' dir='ltr'><strong>Hauc</strong></span> 
     </span>
    </p>
   </div>
   <div class='ocr_carea' id='block_1_79' title="bbox 1875 3325 3432 3404">
    <p class='ocr_par' dir='ltr' id='par_1_79' title="bbox 1875 3325 3432 3404">
     <span class='ocr_line' id='line_1_79' title="bbox 1875 3325 3432 3404; baseline 0.008 -27"><span class='ocrx_word' id='word_1_591' title='bbox 1875 3325 2042 3377; x_wconf 87' lang='lat' dir='ltr'><strong>secuti</strong></span> <span class='ocrx_word' id='word_1_592' title='bbox 2073 3333 2197 3378; x_wconf 92' lang='lat' dir='ltr'><strong>sunt</strong></span> <span class='ocrx_word' id='word_1_593' title='bbox 2223 3327 2388 3379; x_wconf 87' lang='lat' dir='ltr'><strong>sancti</strong></span> <span class='ocrx_word' id='word_1_594' title='bbox 2418 3325 2602 3379; x_wconf 76' lang='lat' dir='ltr'><strong>Patres</strong></span> <span class='ocrx_word' id='word_1_595' title='bbox 2629 3326 2894 3394; x_wconf 79' lang='lat' dir='ltr'><strong>Ephesum</strong></span> <span class='ocrx_word' id='word_1_596' title='bbox 2931 3333 3306 3388; x_wconf 87' lang='lat' dir='ltr'><strong>convenientes</strong></span> <span class='ocrx_word' id='word_1_597' title='bbox 3327 3335 3432 3404; x_wconf 81' lang='lat' dir='ltr'><strong>pri-</strong></span> 
     </span>
    </p>
   </div>
   <div class='ocr_carea' id='block_1_80' title="bbox 1877 3414 3434 3494">
    <p class='ocr_par' dir='ltr' id='par_1_80' title="bbox 1877 3414 3434 3494">
     <span class='ocr_line' id='line_1_80' title="bbox 1877 3414 3434 3494; baseline 0.01 -28"><span class='ocrx_word' id='word_1_598' title='bbox 1877 3428 2051 3478; x_wconf 92' lang='lat' dir='ltr'><strong>mum;</strong></span> <span class='ocrx_word' id='word_1_599' title='bbox 2081 3414 2219 3468; x_wconf 88' lang='lat' dir='ltr'><strong>hanc</strong></span> <span class='ocrx_word' id='word_1_600' title='bbox 2241 3416 2480 3484; x_wconf 81' lang='lat' dir='ltr'><strong>amplexa</strong></span> <span class='ocrx_word' id='word_1_601' title='bbox 2504 3426 2586 3469; x_wconf 90' lang='lat' dir='ltr'><strong>est</strong></span> <span class='ocrx_word' id='word_1_602' title='bbox 2611 3428 2793 3472; x_wconf 86' lang='lat' dir='ltr'><strong>sancta</strong></span> <span class='ocrx_word' id='word_1_603' title='bbox 2811 3418 3163 3478; x_wconf 87' lang='lat' dir='ltr'><strong>Chalcedonis</strong></span> <span class='ocrx_word' id='word_1_604' title='bbox 3179 3427 3434 3494; x_wconf 82' lang='lat' dir='ltr'><strong>synodus,</strong></span> 
     </span>
    </p>
   </div>
   <div class='ocr_carea' id='block_1_81' title="bbox 1877 3508 3433 3585">
    <p class='ocr_par' dir='ltr' id='par_1_81' title="bbox 1877 3508 3433 3585">
     <span class='ocr_line' id='line_1_81' title="bbox 1877 3508 3433 3585; baseline 0.008 -25"><span class='ocrx_word' id='word_1_605' title='bbox 1877 3523 1994 3576; x_wconf 65' lang='lat' dir='ltr'><strong>qua!</strong></span> <span class='ocrx_word' id='word_1_606' title='bbox 2023 3509 2361 3562; x_wconf 87' lang='lat' dir='ltr'><strong>anathemate</strong></span> <span class='ocrx_word' id='word_1_607' title='bbox 2400 3508 2558 3573; x_wconf 90' lang='lat' dir='ltr'><strong>feriit,</strong></span> <span class='ocrx_word' id='word_1_608' title='bbox 2589 3511 2890 3579; x_wconf 90' lang='lat' dir='ltr'><strong>quicunque</strong></span> <span class='ocrx_word' id='word_1_609' title='bbox 2943 3513 3084 3568; x_wconf 91' lang='lat' dir='ltr'><strong>aliud</strong></span> <span class='ocrx_word' id='word_1_610' title='bbox 3137 3517 3433 3585; x_wconf 85' lang='lat' dir='ltr'><strong>symbolum</strong></span> 
     </span>
    </p>
   </div>
   <div class='ocr_carea' id='block_1_82' title="bbox 1879 3597 3432 3674">
    <p class='ocr_par' dir='ltr' id='par_1_82' title="bbox 1879 3597 3432 3674">
     <span class='ocr_line' id='line_1_82' title="bbox 1879 3597 3432 3674; baseline 0.005 -23"><span class='ocrx_word' id='word_1_611' title='bbox 1879 3599 2130 3657; x_wconf 87' lang='lat' dir='ltr'><strong>traderet,</strong></span> <span class='ocrx_word' id='word_1_612' title='bbox 2163 3599 2274 3652; x_wconf 87' lang='lat' dir='ltr'><strong>sive</strong></span> <span class='ocrx_word' id='word_1_613' title='bbox 2303 3597 2422 3652; x_wconf 80' lang='lat' dir='ltr'><strong>ﬁdei</strong></span> <span class='ocrx_word' id='word_1_614' title='bbox 2450 3600 2857 3667; x_wconf 77' lang='lat' dir='ltr'><strong>expositionem,</strong></span> <span class='ocrx_word' id='word_1_615' title='bbox 2885 3611 3076 3668; x_wconf 67' lang='lat' dir='ltr'><strong>prmter</strong></span> <span class='ocrx_word' id='word_1_616' title='bbox 3102 3619 3219 3657; x_wconf 90' lang='lat' dir='ltr'><strong>eam</strong></span> <span class='ocrx_word' id='word_1_617' title='bbox 3243 3621 3360 3674; x_wconf 69' lang='lat' dir='ltr'><strong>quae</strong></span> <span class='ocrx_word' id='word_1_618' title='bbox 3404 3621 3432 3658; x_wconf 87' lang='lat' dir='ltr'><strong>a</strong></span> 
     </span>
    </p>
   </div>
   <div class='ocr_carea' id='block_1_83' title="bbox 1878 3689 3387 3750">
    <p class='ocr_par' dir='ltr' id='par_1_83' title="bbox 1878 3689 3387 3750">
     <span class='ocr_line' id='line_1_83' title="bbox 1878 3689 3387 3750; baseline 0.005 -8"><span class='ocrx_word' id='word_1_619' title='bbox 1878 3691 2076 3743; x_wconf 89' lang='lat' dir='ltr'><strong>sanctis</strong></span> <span class='ocrx_word' id='word_1_620' title='bbox 2103 3689 2356 3744; x_wconf 86' lang='lat' dir='ltr'><strong>trecentis</strong></span> <span class='ocrx_word' id='word_1_621' title='bbox 2391 3696 2442 3742; x_wconf 90' lang='lat' dir='ltr'><strong>et</strong></span> <span class='ocrx_word' id='word_1_622' title='bbox 2473 3690 2766 3743; x_wconf 87' lang='lat' dir='ltr'><strong>octodecim</strong></span> <span class='ocrx_word' id='word_1_623' title='bbox 2796 3689 3039 3745; x_wconf 84' lang='lat' dir='ltr'><strong>Patribus</strong></span> <span class='ocrx_word' id='word_1_624' title='bbox 3071 3695 3257 3748; x_wconf 87' lang='lat' dir='ltr'><strong>tradita</strong></span> <span class='ocrx_word' id='word_1_625' title='bbox 3283 3705 3387 3750; x_wconf 87' lang='lat' dir='ltr'><strong>est.</strong></span> 
     </span>
    </p>
   </div>
   <div class='ocr_carea' id='block_1_84' title="bbox 1947 3778 3434 3849">
    <p class='ocr_par' dir='ltr' id='par_1_84' title="bbox 1947 3778 3434 3849">
     <span class='ocr_line' id='line_1_84' title="bbox 1947 3778 3434 3849; baseline 0.005 -17"><span class='ocrx_word' id='word_1_626' title='bbox 1947 3779 2077 3844; x_wconf 68' lang='lat' dir='ltr'><strong>Quae</strong></span> <span class='ocrx_word' id='word_1_627' title='bbox 2101 3793 2221 3832; x_wconf 91' lang='lat' dir='ltr'><strong>cum</strong></span> <span class='ocrx_word' id='word_1_628' title='bbox 2250 3778 2322 3831; x_wconf 88' lang='lat' dir='ltr'><strong>ita</strong></span> <span class='ocrx_word' id='word_1_629' title='bbox 2353 3793 2410 3832; x_wconf 91' lang='lat' dir='ltr'><strong>se</strong></span> <span class='ocrx_word' id='word_1_630' title='bbox 2438 3778 2684 3840; x_wconf 86' lang='lat' dir='ltr'><strong>habeant,</strong></span> <span class='ocrx_word' id='word_1_631' title='bbox 2717 3794 2837 3832; x_wconf 84' lang='lat' dir='ltr'><strong>scro</strong></span> <span class='ocrx_word' id='word_1_632' title='bbox 2867 3781 3078 3834; x_wconf 81' lang='lat' dir='ltr'><strong>tandem</strong></span> <span class='ocrx_word' id='word_1_633' title='bbox 3109 3786 3434 3849; x_wconf 76' lang='lat' dir='ltr'><strong>cognoscite,</strong></span> 
     </span>
    </p>
   </div>
   <div class='ocr_carea' id='block_1_85' title="bbox 1879 3867 3435 3945">
    <p class='ocr_par' dir='ltr' id='par_1_85' title="bbox 1879 3867 3435 3945">
     <span class='ocr_line' id='line_1_85' title="bbox 1879 3867 3435 3945; baseline 0.003 -21"><span class='ocrx_word' id='word_1_634' title='bbox 1879 3878 1997 3925; x_wconf 88' lang='lat' dir='ltr'><strong>uter</strong></span> <span class='ocrx_word' id='word_1_635' title='bbox 2023 3872 2221 3924; x_wconf 82' lang='lat' dir='ltr'><strong>rectius</strong></span> <span class='ocrx_word' id='word_1_636' title='bbox 2250 3878 2484 3923; x_wconf 84' lang='lat' dir='ltr'><strong>sanctam</strong></span> <span class='ocrx_word' id='word_1_637' title='bbox 2513 3867 3000 3925; x_wconf 88' lang='lat' dir='ltr'><strong>Chalcedonensem</strong></span> <span class='ocrx_word' id='word_1_638' title='bbox 3039 3881 3250 3928; x_wconf 90' lang='lat' dir='ltr'><strong>tueatur</strong></span> <span class='ocrx_word' id='word_1_639' title='bbox 3275 3890 3435 3945; x_wconf 85' lang='lat' dir='ltr'><strong>syno-</strong></span> 
     </span>
    </p>
   </div>
   <div class='ocr_carea' id='block_1_86' title="bbox 1878 3959 3436 4029">
    <p class='ocr_par' dir='ltr' id='par_1_86' title="bbox 1878 3959 3436 4029">
     <span class='ocr_line' id='line_1_86' title="bbox 1878 3959 3436 4029; baseline 0.004 -13"><span class='ocrx_word' id='word_1_640' title='bbox 1878 3962 2002 4016; x_wconf 91' lang='lat' dir='ltr'><strong>dum</strong></span> <span class='ocrx_word' id='word_1_641' title='bbox 2025 4000 2040 4026; x_wconf 95' lang='lat'><strong>,</strong></span> <span class='ocrx_word' id='word_1_642' title='bbox 2073 3962 2186 4016; x_wconf 89' lang='lat' dir='ltr'><strong>isne</strong></span> <span class='ocrx_word' id='word_1_643' title='bbox 2210 3961 2300 4029; x_wconf 89' lang='lat' dir='ltr'><strong>qui</strong></span> <span class='ocrx_word' id='word_1_644' title='bbox 2323 3975 2439 4014; x_wconf 89' lang='lat' dir='ltr'><strong>eam</strong></span> <span class='ocrx_word' id='word_1_645' title='bbox 2480 3959 2726 4029; x_wconf 62' lang='lat' dir='ltr'><strong>praefatos</strong></span> <span class='ocrx_word' id='word_1_646' title='bbox 2754 3961 2848 4014; x_wconf 80' lang='lat' dir='ltr'><strong>SS.</strong></span> <span class='ocrx_word' id='word_1_647' title='bbox 2889 3961 3076 4016; x_wconf 87' lang='lat' dir='ltr'><strong>Patres</strong></span> <span class='ocrx_word' id='word_1_648' title='bbox 3103 3963 3328 4020; x_wconf 88' lang='lat' dir='ltr'><strong>tideliter</strong></span> <span class='ocrx_word' id='word_1_649' title='bbox 3356 3981 3436 4021; x_wconf 55' lang='lat' dir='ltr'><strong>see</strong></span> 
     </span>
    </p>
   </div>
   <div class='ocr_carea' id='block_1_87' title="bbox 1877 4047 3436 4124">
    <p class='ocr_par' dir='ltr' id='par_1_87' title="bbox 1877 4047 3436 4124">
     <span class='ocr_line' id='line_1_87' title="bbox 1877 4047 3436 4124; baseline 0.004 -20"><span class='ocrx_word' id='word_1_650' title='bbox 1877 4060 2076 4112; x_wconf 84' lang='lat' dir='ltr'><strong>cutam,</strong></span> <span class='ocrx_word' id='word_1_651' title='bbox 2105 4060 2251 4104; x_wconf 89' lang='lat' dir='ltr'><strong>recte</strong></span> <span class='ocrx_word' id='word_1_652' title='bbox 2271 4050 2516 4104; x_wconf 89' lang='lat' dir='ltr'><strong>universa</strong></span> <span class='ocrx_word' id='word_1_653' title='bbox 2546 4047 2815 4104; x_wconf 81' lang='lat' dir='ltr'><strong>deiiniisse</strong></span> <span class='ocrx_word' id='word_1_654' title='bbox 2842 4052 3136 4119; x_wconf 87' lang='lat' dir='ltr'><strong>contendit,</strong></span> <span class='ocrx_word' id='word_1_655' title='bbox 3165 4067 3234 4106; x_wconf 91' lang='lat' dir='ltr'><strong>an</strong></span> <span class='ocrx_word' id='word_1_656' title='bbox 3274 4054 3320 4109; x_wconf 90' lang='lat' dir='ltr'><strong>is</strong></span> <span class='ocrx_word' id='word_1_657' title='bbox 3346 4056 3436 4124; x_wconf 89' lang='lat' dir='ltr'><strong>qui</strong></span> 
     </span>
    </p>
   </div>
   <div class='ocr_carea' id='block_1_88' title="bbox 1878 4139 3437 4209">
    <p class='ocr_par' dir='ltr' id='par_1_88' title="bbox 1878 4139 3437 4209">
     <span class='ocr_line' id='line_1_88' title="bbox 1878 4139 3437 4209; baseline 0.003 -13"><span class='ocrx_word' id='word_1_658' title='bbox 1878 4143 1927 4196; x_wconf 90' lang='lat' dir='ltr'><strong>ei</strong></span> <span class='ocrx_word' id='word_1_659' title='bbox 1956 4141 2183 4195; x_wconf 89' lang='lat' dir='ltr'><strong>tribuere</strong></span> <span class='ocrx_word' id='word_1_660' title='bbox 2210 4142 2397 4194; x_wconf 89' lang='lat' dir='ltr'><strong>nititur</strong></span> <span class='ocrx_word' id='word_1_661' title='bbox 2422 4140 2612 4209; x_wconf 91' lang='lat' dir='ltr'><strong>impios</strong></span> <span class='ocrx_word' id='word_1_662' title='bbox 2649 4139 2895 4208; x_wconf 88' lang='lat' dir='ltr'><strong>loquendi</strong></span> <span class='ocrx_word' id='word_1_663' title='bbox 2936 4142 3124 4196; x_wconf 86' lang='lat' dir='ltr'><strong>modos</strong></span> <span class='ocrx_word' id='word_1_664' title='bbox 3159 4144 3437 4201; x_wconf 60' lang='lat' dir='ltr'><strong>heretico-</strong></span> 
     </span>
    </p>
   </div>
   <div class='ocr_carea' id='block_1_89' title="bbox 1880 4230 3438 4304">
    <p class='ocr_par' dir='ltr' id='par_1_89' title="bbox 1880 4230 3438 4304">
     <span class='ocr_line' id='line_1_89' title="bbox 1880 4230 3438 4304; baseline 0.003 -18"><span class='ocrx_word' id='word_1_665' title='bbox 1880 4234 2034 4287; x_wconf 86' lang='lat' dir='ltr'><strong>rum?</strong></span> <span class='ocrx_word' id='word_1_666' title='bbox 2081 4231 2219 4285; x_wconf 87' lang='lat' dir='ltr'><strong>Fieri</strong></span> <span class='ocrx_word' id='word_1_667' title='bbox 2260 4245 2489 4298; x_wconf 89' lang='lat' dir='ltr'><strong>namque</strong></span> <span class='ocrx_word' id='word_1_668' title='bbox 2532 4230 2747 4284; x_wconf 90' lang='lat' dir='ltr'><strong>minime</strong></span> <span class='ocrx_word' id='word_1_669' title='bbox 2800 4241 2976 4298; x_wconf 88' lang='lat' dir='ltr'><strong>potest</strong></span> <span class='ocrx_word' id='word_1_670' title='bbox 3031 4241 3088 4286; x_wconf 94' lang='lat' dir='ltr'><strong>ut</strong></span> <span class='ocrx_word' id='word_1_671' title='bbox 3140 4235 3230 4302; x_wconf 91' lang='lat' dir='ltr'><strong>qui</strong></span> <span class='ocrx_word' id='word_1_672' title='bbox 3279 4250 3438 4304; x_wconf 79' lang='lat' dir='ltr'><strong>puras</strong></span> 
     </span>
    </p>
   </div>
   <div class='ocr_carea' id='block_1_90' title="bbox 1884 4318 3438 4392">
    <p class='ocr_par' dir='ltr' id='par_1_90' title="bbox 1884 4318 3438 4392">
     <span class='ocr_line' id='line_1_90' title="bbox 1884 4318 3438 4392; baseline 0.003 -18"><span class='ocrx_word' id='word_1_673' title='bbox 1884 4324 2067 4391; x_wconf 76' lang='lat' dir='ltr'><strong>prima:</strong></span> <span class='ocrx_word' id='word_1_674' title='bbox 2112 4320 2389 4389; x_wconf 72' lang='lat' dir='ltr'><strong>Ephesios:</strong></span> <span class='ocrx_word' id='word_1_675' title='bbox 2435 4318 2624 4390; x_wconf 83' lang='lat' dir='ltr'><strong>synodi</strong></span> <span class='ocrx_word' id='word_1_676' title='bbox 2671 4321 2994 4382; x_wconf 86' lang='lat' dir='ltr'><strong>sanctiones,</strong></span> <span class='ocrx_word' id='word_1_677' title='bbox 3043 4322 3438 4392; x_wconf 84' lang='lat' dir='ltr'><strong>catholicasun</strong></span> 
     </span>
    </p>
   </div>
   <div class='ocr_carea' id='block_1_91' title="bbox 1883 4405 3437 4482">
    <p class='ocr_par' dir='ltr' id='par_1_91' title="bbox 1883 4405 3437 4482">
     <span class='ocr_line' id='line_1_91' title="bbox 1883 4405 3437 4482; baseline 0.001 -17"><span class='ocrx_word' id='word_1_678' title='bbox 1883 4427 2041 4465; x_wconf 70' lang='lat' dir='ltr'><strong>voces</strong></span> <span class='ocrx_word' id='word_1_679' title='bbox 2063 4411 2363 4470; x_wconf 91' lang='lat' dir='ltr'><strong>admittunt,</strong></span> <span class='ocrx_word' id='word_1_680' title='bbox 2393 4408 2588 4476; x_wconf 90' lang='lat' dir='ltr'><strong>quique</strong></span> <span class='ocrx_word' id='word_1_681' title='bbox 2615 4406 2708 4461; x_wconf 89' lang='lat' dir='ltr'><strong>SS.</strong></span> <span class='ocrx_word' id='word_1_682' title='bbox 2743 4405 2843 4461; x_wconf 82' lang='lat' dir='ltr'><strong>PP.</strong></span> <span class='ocrx_word' id='word_1_683' title='bbox 2882 4408 3247 4474; x_wconf 64' lang='lat' dir='ltr'><strong>Caelestinum,</strong></span> <span class='ocrx_word' id='word_1_684' title='bbox 3269 4410 3437 4482; x_wconf 82' lang='lat' dir='ltr'><strong>Cyril-</strong></span> 
     </span>
    </p>
   </div>
   <div class='ocr_carea' id='block_1_92' title="bbox 1884 4495 3430 4567">
    <p class='ocr_par' dir='ltr' id='par_1_92' title="bbox 1884 4495 3430 4567">
     <span class='ocr_line' id='line_1_92' title="bbox 1884 4495 3430 4567; baseline 0 -13"><span class='ocrx_word' id='word_1_685' title='bbox 1884 4502 2026 4564; x_wconf 90' lang='lat' dir='ltr'><strong>lum,</strong></span> <span class='ocrx_word' id='word_1_686' title='bbox 2070 4499 2304 4553; x_wconf 88' lang='lat' dir='ltr'><strong>Leonem</strong></span> <span class='ocrx_word' id='word_1_687' title='bbox 2350 4512 2413 4550; x_wconf 90' lang='lat' dir='ltr'><strong>ac</strong></span> <span class='ocrx_word' id='word_1_688' title='bbox 2452 4495 2898 4551; x_wconf 88' lang='lat' dir='ltr'><strong>Chalcedonensis</strong></span> <span class='ocrx_word' id='word_1_689' title='bbox 2945 4499 3130 4567; x_wconf 90' lang='lat' dir='ltr'><strong>synodi</strong></span> <span class='ocrx_word' id='word_1_690' title='bbox 3175 4499 3430 4554; x_wconf 80' lang='lat' dir='ltr'><strong>definitio-</strong></span> 
     </span>
    </p>
   </div>
   <div class='ocr_carea' id='block_1_93' title="bbox 1885 4585 3438 4658">
    <p class='ocr_par' dir='ltr' id='par_1_93' title="bbox 1885 4585 3438 4658">
     <span class='ocr_line' id='line_1_93' title="bbox 1885 4585 3438 4658; baseline -0.007 -15"><span class='ocrx_word' id='word_1_691' title='bbox 1885 4605 2007 4643; x_wconf 88' lang='lat' dir='ltr'><strong>nem</strong></span> <span class='ocrx_word' id='word_1_692' title='bbox 2055 4589 2333 4654; x_wconf 85' lang='lat' dir='ltr'><strong>recipiunt,</strong></span> <span class='ocrx_word' id='word_1_693' title='bbox 2385 4585 2422 4639; x_wconf 92' lang='lat' dir='ltr'><strong>ii</strong></span> <span class='ocrx_word' id='word_1_694' title='bbox 2450 4585 2730 4638; x_wconf 86' lang='lat' dir='ltr'><strong>scelestam</strong></span> <span class='ocrx_word' id='word_1_695' title='bbox 2760 4600 2972 4653; x_wconf 90' lang='lat' dir='ltr'><strong>quoque</strong></span> <span class='ocrx_word' id='word_1_696' title='bbox 3011 4587 3076 4640; x_wconf 87' lang='lat' dir='ltr'><strong>ad</strong></span> <span class='ocrx_word' id='word_1_697' title='bbox 3111 4587 3298 4640; x_wconf 72' lang='lat' dir='ltr'><strong>Marim</strong></span> <span class='ocrx_word' id='word_1_698' title='bbox 3327 4589 3438 4658; x_wconf 88' lang='lat' dir='ltr'><strong>epi.</strong></span> 
     </span>
    </p>
   </div>
   <div class='ocr_carea' id='block_1_94' title="bbox 1877 4675 3439 4744">
    <p class='ocr_par' dir='ltr' id='par_1_94' title="bbox 1877 4675 3439 4744">
     <span class='ocr_line' id='line_1_94' title="bbox 1877 4675 3439 4744; baseline -0.001 -12"><span class='ocrx_word' id='word_1_699' title='bbox 1877 4679 2097 4744; x_wconf 88' lang='lat' dir='ltr'><strong>stulam,</strong></span> <span class='ocrx_word' id='word_1_700' title='bbox 2123 4692 2240 4729; x_wconf 92' lang='lat' dir='ltr'><strong>cum</strong></span> <span class='ocrx_word' id='word_1_701' title='bbox 2278 4677 2341 4729; x_wconf 84' lang='lat' dir='ltr'><strong>iis</strong></span> <span class='ocrx_word' id='word_1_702' title='bbox 2367 4689 2485 4742; x_wconf 71' lang='lat' dir='ltr'><strong>qua:</strong></span> <span class='ocrx_word' id='word_1_703' title='bbox 2513 4675 2928 4741; x_wconf 90' lang='lat' dir='ltr'><strong>percensuimus,</strong></span> <span class='ocrx_word' id='word_1_704' title='bbox 2959 4675 3176 4732; x_wconf 90' lang='lat' dir='ltr'><strong>omnino</strong></span> <span class='ocrx_word' id='word_1_705' title='bbox 3205 4691 3439 4744; x_wconf 74' lang='lat' dir='ltr'><strong>pugnan-</strong></span> 
     </span>
    </p>
   </div>
   <div class='ocr_carea' id='block_1_95' title="bbox 213 4750 1879 4839">
    <p class='ocr_par' dir='ltr' id='par_1_95' title="bbox 213 4750 1856 4839">
     <span class='ocr_line' id='line_1_95' title="bbox 213 4750 1856 4839; baseline -0.002 -9"><span class='ocrx_word' id='word_1_706' title='bbox 213 4779 334 4834; x_wconf 78' lang='grc' dir='ltr'>τούς</span> <span class='ocrx_word' id='word_1_707' title='bbox 358 4774 688 4836; x_wconf 77' lang='grc' dir='ltr'>διδασκάλους</span> <span class='ocrx_word' id='word_1_708' title='bbox 714 4785 804 4834; x_wconf 81' lang='grc' dir='ltr'>τῆς</span> <span class='ocrx_word' id='word_1_709' title='bbox 830 4777 1109 4839; x_wconf 80' lang='grc' dir='ltr'>έκκλησίας,</span> <span class='ocrx_word' id='word_1_710' title='bbox 1142 4778 1223 4827; x_wconf 85' lang='grc' dir='ltr'><strong>καί</strong></span> <span class='ocrx_word' id='word_1_711' title='bbox 1247 4778 1365 4832; x_wconf 86' lang='grc' dir='ltr'>τούς</span> <span class='ocrx_word' id='word_1_712' title='bbox 1391 4778 1455 4827; x_wconf 81' lang='grc' dir='ltr'>τὰ</span> <span class='ocrx_word' id='word_1_713' title='bbox 1484 4771 1678 4828; x_wconf 80' lang='grc' dir='ltr'>έναντια</span> <span class='ocrx_word' id='word_1_714' title='bbox 1707 4773 1784 4828; x_wconf 78' lang='grc' dir='ltr'>διο</span> <span class='ocrx_word' id='word_1_715' title='bbox 1813 4750 1856 4806; x_wconf 82' lang='lat' dir='ltr'><strong>D</strong></span> 
     </span>
    </p>
   </div>
   <div class='ocr_carea' id='block_1_96' title="bbox 1773 4750 3439 4839">
    <p class='ocr_par' dir='ltr' id='par_1_96' title="bbox 1773 4750 3439 4836">
     <span class='ocr_line' id='line_1_96' title="bbox 1773 4750 3439 4836; baseline 0.005 -22"><span class='ocrx_word' id='word_1_716' title='bbox 1773 4802 1784 4814; x_wconf 93' lang='lat'><strong>.</strong></span> <span class='ocrx_word' id='word_1_717' title='bbox 1813 4750 1856 4806; x_wconf 82' lang='grc' dir='ltr'><strong>Ῑ)</strong></span> <span class='ocrx_word' id='word_1_718' title='bbox 1884 4777 1988 4820; x_wconf 87' lang='lat' dir='ltr'><strong>tem</strong></span> <span class='ocrx_word' id='word_1_719' title='bbox 2019 4767 2313 4820; x_wconf 86' lang='lat' dir='ltr'><strong>admittant.</strong></span> <span class='ocrx_word' id='word_1_720' title='bbox 2360 4767 2488 4832; x_wconf 81' lang='lat' dir='ltr'><strong>Quis</strong></span> <span class='ocrx_word' id='word_1_721' title='bbox 2517 4766 2655 4819; x_wconf 90' lang='lat' dir='ltr'><strong>enim</strong></span> <span class='ocrx_word' id='word_1_722' title='bbox 2685 4765 2938 4822; x_wconf 73' lang='lat' dir='ltr'><strong>Ecclesia:</strong></span> <span class='ocrx_word' id='word_1_723' title='bbox 2967 4768 3248 4833; x_wconf 88' lang='lat' dir='ltr'><strong>magistros</strong></span> <span class='ocrx_word' id='word_1_724' title='bbox 3282 4779 3439 4836; x_wconf 82' lang='lat' dir='ltr'><strong>atque</strong></span> 
     </span>
    </p>
   </div>
   <div class='ocr_carea' id='block_1_97' title="bbox 211 4867 1780 4942">
    <p class='ocr_par' dir='ltr' id='par_1_97' title="bbox 211 4867 1780 4942">
     <span class='ocr_line' id='line_1_97' title="bbox 211 4867 1780 4942; baseline -0.004 -20"><span class='ocrx_word' id='word_1_725' title='bbox 211 4867 586 4927; x_wconf 74' lang='grc' dir='ltr'>δασκοντας,ιῆ</span> <span class='ocrx_word' id='word_1_726' title='bbox 625 4872 744 4927; x_wconf 84' lang='grc' dir='ltr'>τοὺς</span> <span class='ocrx_word' id='word_1_727' title='bbox 770 4867 1093 4942; x_wconf 77' lang='grc' dir='ltr'>ὀρθοδόξους,</span> <span class='ocrx_word' id='word_1_728' title='bbox 1141 4869 1227 4920; x_wconf 80' lang='grc' dir='ltr'><strong>καί</strong></span> <span class='ocrx_word' id='word_1_729' title='bbox 1253 4870 1369 4925; x_wconf 85' lang='grc' dir='ltr'>τούς</span> <span class='ocrx_word' id='word_1_730' title='bbox 1408 4867 1718 4938; x_wconf 78' lang='grc' dir='ltr'>αἶρετικούς,</span> <span class='ocrx_word' id='word_1_731' title='bbox 1751 4867 1780 4925; x_wconf 78' lang='grc' dir='ltr'><strong>ἦ</strong></span> 
     </span>
    </p>
   </div>
   <div class='ocr_carea' id='block_1_98' title="bbox 211 4955 1784 5032">
    <p class='ocr_par' dir='ltr' id='par_1_98' title="bbox 211 4955 1784 5032">
     <span class='ocr_line' id='line_1_98' title="bbox 211 4955 1784 5032; baseline -0.003 -19"><span class='ocrx_word' id='word_1_732' title='bbox 211 4962 330 5016; x_wconf 83' lang='grc' dir='ltr'>τούς</span> <span class='ocrx_word' id='word_1_733' title='bbox 361 4957 819 5021; x_wconf 79' lang='grc' dir='ltr'>καταδικάσαντας,</span> <span class='ocrx_word' id='word_1_734' title='bbox 841 4961 922 5012; x_wconf 81' lang='grc' dir='ltr'><strong>καί</strong></span> <span class='ocrx_word' id='word_1_735' title='bbox 943 4962 1061 5018; x_wconf 83' lang='grc' dir='ltr'>τούς</span> <span class='ocrx_word' id='word_1_736' title='bbox 1082 4960 1468 5032; x_wconf 78' lang='grc' dir='ltr'>κατακριθέντας</span> <span class='ocrx_word' id='word_1_737' title='bbox 1490 4955 1611 5024; x_wconf 75' lang='grc' dir='ltr'>ὁμοῦ</span> <span class='ocrx_word' id='word_1_738' title='bbox 1633 4955 1784 5010; x_wconf 84' lang='grc' dir='ltr'>δύνα-</span> 
     </span>
    </p>
   </div>
   <div class='ocr_carea' id='block_1_99' title="bbox 213 5045 1776 5122">
    <p class='ocr_par' dir='ltr' id='par_1_99' title="bbox 213 5045 1776 5122">
     <span class='ocr_line' id='line_1_99' title="bbox 213 5045 1776 5122; baseline -0.001 -20"><span class='ocrx_word' id='word_1_739' title='bbox 213 5069 298 5102; x_wconf 86' lang='grc' dir='ltr'><strong>ται</strong></span> <span class='ocrx_word' id='word_1_740' title='bbox 324 5047 589 5111; x_wconf 82' lang='grc' dir='ltr'>δέξασθαι;</span> <span class='ocrx_word' id='word_1_741' title='bbox 632 5047 739 5104; x_wconf 84' lang='grc' dir='ltr'>Ἱνα</span> <span class='ocrx_word' id='word_1_742' title='bbox 771 5049 824 5104; x_wconf 76' lang='grc' dir='ltr'><strong>δέ</strong></span> <span class='ocrx_word' id='word_1_743' title='bbox 859 5050 1160 5122; x_wconf 78' lang='grc' dir='ltr'>τελειότερον</span> <span class='ocrx_word' id='word_1_744' title='bbox 1187 5053 1247 5103; x_wconf 84' lang='grc' dir='ltr'>τὰ</span> <span class='ocrx_word' id='word_1_745' title='bbox 1278 5047 1361 5102; x_wconf 84' lang='grc' dir='ltr'>διὰ</span> <span class='ocrx_word' id='word_1_746' title='bbox 1390 5045 1529 5099; x_wconf 60' lang='grc' dir='ltr'>ἰϐαν</span> <span class='ocrx_word' id='word_1_747' title='bbox 1559 5051 1635 5099; x_wconf 83' lang='grc' dir='ltr'>καὶ</span> <span class='ocrx_word' id='word_1_748' title='bbox 1663 5057 1776 5100; x_wconf 87' lang='grc' dir='ltr'>Θεο-</span> 
     </span>
    </p>
   </div>
   <div class='ocr_carea' id='block_1_100' title="bbox 211 5138 1781 5212">
    <p class='ocr_par' dir='ltr' id='par_1_100' title="bbox 211 5138 1781 5212">
     <span class='ocr_line' id='line_1_100' title="bbox 211 5138 1781 5212; baseline -0.003 -19"><span class='ocrx_word' id='word_1_749' title='bbox 211 5138 428 5207; x_wconf 82' lang='grc' dir='ltr'>δὼριτον</span> <span class='ocrx_word' id='word_1_750' title='bbox 470 5144 759 5209; x_wconf 54' lang='grc' dir='ltr'>κεκινημνα</span> <span class='ocrx_word' id='word_1_751' title='bbox 813 5148 997 5212; x_wconf 69' lang='grc' dir='ltr'>γνῶτε,</span> <span class='ocrx_word' id='word_1_752' title='bbox 1047 5141 1310 5210; x_wconf 76' lang='grc' dir='ltr'>ἀναγκαῖον</span> <span class='ocrx_word' id='word_1_753' title='bbox 1359 5139 1656 5206; x_wconf 81' lang='grc' dir='ltr'>ἐνομίσαμεν</span> <span class='ocrx_word' id='word_1_754' title='bbox 1703 5138 1781 5189; x_wconf 89' lang='grc' dir='ltr'><strong>καί</strong></span> 
     </span>
    </p>
   </div>
   <div class='ocr_carea' id='block_1_101' title="bbox 213 5231 854 5306">
    <p class='ocr_par' dir='ltr' id='par_1_101' title="bbox 213 5231 854 5306">
     <span class='ocr_line' id='line_1_101' title="bbox 213 5231 854 5306; baseline -0.002 -22"><span class='ocrx_word' id='word_1_755' title='bbox 213 5235 382 5284; x_wconf 79' lang='grc' dir='ltr'>ταῦτα</span> <span class='ocrx_word' id='word_1_756' title='bbox 407 5231 524 5296; x_wconf 82' lang='grc' dir='ltr'>ύμῖν</span> <span class='ocrx_word' id='word_1_757' title='bbox 551 5239 854 5306; x_wconf 74' lang='grc' dir='ltr'>φανερῶσαι.</span> 
     </span>
    </p>
   </div>
   <div class='ocr_carea' id='block_1_102' title="bbox 280 5313 1779 5390">
    <p class='ocr_par' dir='ltr' id='par_1_102' title="bbox 280 5313 1779 5390">
     <span class='ocr_line' id='line_1_102' title="bbox 280 5313 1779 5390; baseline -0.003 -18"><span class='ocrx_word' id='word_1_758' title='bbox 280 5323 548 5373; x_wconf 78' lang='grc' dir='ltr'>Γινώσκετε</span> <span class='ocrx_word' id='word_1_759' title='bbox 581 5321 746 5374; x_wconf 82' lang='grc' dir='ltr'>τοῖνυν</span> <span class='ocrx_word' id='word_1_760' title='bbox 772 5319 849 5375; x_wconf 84' lang='grc' dir='ltr'>ὅτι</span> <span class='ocrx_word' id='word_1_761' title='bbox 883 5322 1004 5374; x_wconf 81' lang='grc' dir='ltr'>κατὰ</span> <span class='ocrx_word' id='word_1_762' title='bbox 1037 5319 1299 5390; x_wconf 68' lang='grc' dir='ltr'>διαφόρους</span> <span class='ocrx_word' id='word_1_763' title='bbox 1331 5319 1537 5386; x_wconf 74' lang='grc' dir='ltr'>καιρούς</span> <span class='ocrx_word' id='word_1_764' title='bbox 1581 5313 1662 5368; x_wconf 76' lang='grc' dir='ltr'>διὰ</span> <span class='ocrx_word' id='word_1_765' title='bbox 1689 5319 1779 5372; x_wconf 75' lang='grc' dir='ltr'><strong>τὴν</strong></span> 
     </span>
    </p>
   </div>
   <div class='ocr_carea' id='block_1_103' title="bbox 209 5405 1778 5480">
    <p class='ocr_par' dir='ltr' id='par_1_103' title="bbox 209 5405 1778 5480">
     <span class='ocr_line' id='line_1_103' title="bbox 209 5405 1778 5480; baseline -0.006 -18"><span class='ocrx_word' id='word_1_766' title='bbox 209 5409 449 5462; x_wconf 73' lang='grc' dir='ltr'>ἀσέϐειαν</span> <span class='ocrx_word' id='word_1_767' title='bbox 477 5406 736 5479; x_wconf 77' lang='grc' dir='ltr'>Θεοδώρου</span> <span class='ocrx_word' id='word_1_768' title='bbox 763 5413 842 5461; x_wconf 77' lang='grc' dir='ltr'><strong>καί</strong></span> <span class='ocrx_word' id='word_1_769' title='bbox 869 5411 1140 5480; x_wconf 82' lang='grc' dir='ltr'>Νεστορίου</span> <span class='ocrx_word' id='word_1_770' title='bbox 1176 5414 1265 5464; x_wconf 79' lang='grc' dir='ltr'>τήν</span> <span class='ocrx_word' id='word_1_771' title='bbox 1301 5415 1360 5479; x_wconf 71' lang='grc' dir='ltr'>τῇ</span> <span class='ocrx_word' id='word_1_772' title='bbox 1387 5407 1514 5477; x_wconf 73' lang='grc' dir='ltr'>αὐτῇ</span> <span class='ocrx_word' id='word_1_773' title='bbox 1547 5405 1778 5476; x_wconf 77' lang='grc' dir='ltr'>ἐπιστολῇ</span> 
     </span>
    </p>
   </div>
   <div class='ocr_carea' id='block_1_104' title="bbox 209 5491 1777 5570">
    <p class='ocr_par' dir='ltr' id='par_1_104' title="bbox 209 5491 1777 5570">
     <span class='ocr_line' id='line_1_104' title="bbox 209 5491 1777 5570; baseline -0.005 -19"><span class='ocrx_word' id='word_1_774' title='bbox 209 5500 596 5570; x_wconf 60' lang='grc' dir='ltr'>περιεχομένην.</span> <span class='ocrx_word' id='word_1_775' title='bbox 623 5501 704 5550; x_wconf 78' lang='grc' dir='ltr'>καὶ</span> <span class='ocrx_word' id='word_1_776' title='bbox 733 5495 817 5551; x_wconf 81' lang='grc' dir='ltr'><strong>διὰ</strong></span> <span class='ocrx_word' id='word_1_777' title='bbox 837 5499 930 5556; x_wconf 81' lang='grc' dir='ltr'>τὰς</span> <span class='ocrx_word' id='word_1_778' title='bbox 960 5497 1128 5569; x_wconf 79' lang='grc' dir='ltr'>ὕϐρεις</span> <span class='ocrx_word' id='word_1_779' title='bbox 1158 5499 1250 5554; x_wconf 79' lang='grc' dir='ltr'>τὰς</span> <span class='ocrx_word' id='word_1_780' title='bbox 1274 5497 1404 5547; x_wconf 82' lang='grc' dir='ltr'>κατὰ</span> <span class='ocrx_word' id='word_1_781' title='bbox 1432 5498 1521 5545; x_wconf 82' lang='grc' dir='ltr'>τοῦ</span> <span class='ocrx_word' id='word_1_782' title='bbox 1546 5493 1593 5543; x_wconf 84' lang='grc' dir='ltr'><strong>ἐν</strong></span> <span class='ocrx_word' id='word_1_783' title='bbox 1621 5491 1777 5561; x_wconf 71' lang='grc' dir='ltr'>ἁγίοις</span> 
     </span>
    </p>
   </div>
   <div class='ocr_carea' id='block_1_105' title="bbox 210 5584 1772 5658">
    <p class='ocr_par' dir='ltr' id='par_1_105' title="bbox 210 5584 1772 5658">
     <span class='ocr_line' id='line_1_105' title="bbox 210 5584 1772 5658; baseline -0.004 -21"><span class='ocrx_word' id='word_1_784' title='bbox 210 5587 448 5658; x_wconf 76' lang='grc' dir='ltr'>κυρίλλου</span> <span class='ocrx_word' id='word_1_785' title='bbox 490 5589 574 5639; x_wconf 82' lang='grc' dir='ltr'><strong>καί</strong></span> <span class='ocrx_word' id='word_1_786' title='bbox 608 5595 706 5640; x_wconf 84' lang='grc' dir='ltr'>τῶν</span> <span class='ocrx_word' id='word_1_787' title='bbox 731 5588 884 5640; x_wconf 70' lang='grc' dir='ltr'>αὐτοῦ</span> <span class='ocrx_word' id='word_1_788' title='bbox 918 5587 1182 5656; x_wconf 70' lang='grc' dir='ltr'>κεφαλαίων</span> <span class='ocrx_word' id='word_1_789' title='bbox 1223 5584 1520 5652; x_wconf 79' lang='grc' dir='ltr'>λεχθείσας.</span> <span class='ocrx_word' id='word_1_790' title='bbox 1561 5601 1772 5648; x_wconf 76' lang='grc' dir='ltr'>κατηγο-</span> 
     </span>
    </p>
   </div>
   <div class='ocr_carea' id='block_1_106' title="bbox 208 5669 1771 5748">
    <p class='ocr_par' dir='ltr' id='par_1_106' title="bbox 208 5669 1771 5748">
     <span class='ocr_line' id='line_1_106' title="bbox 208 5669 1771 5748; baseline -0.004 -15"><span class='ocrx_word' id='word_1_791' title='bbox 208 5678 444 5746; x_wconf 71' lang='grc' dir='ltr'>ρηθέντος</span> <span class='ocrx_word' id='word_1_792' title='bbox 463 5673 575 5729; x_wconf 67' lang='grc' dir='ltr'><strong>Ἰεα</strong></span> <span class='ocrx_word' id='word_1_793' title='bbox 601 5679 745 5748; x_wconf 84' lang='grc' dir='ltr'>παρά</span> <span class='ocrx_word' id='word_1_794' title='bbox 780 5675 1030 5742; x_wconf 77' lang='grc' dir='ltr'>Θιοδοσίω</span> <span class='ocrx_word' id='word_1_795' title='bbox 1064 5683 1134 5745; x_wconf 82' lang='grc' dir='ltr'>τῷ</span> <span class='ocrx_word' id='word_1_796' title='bbox 1162 5683 1252 5732; x_wconf 78' lang='grc' dir='ltr'>τῆς</span> <span class='ocrx_word' id='word_1_797' title='bbox 1278 5672 1515 5728; x_wconf 78' lang='grc' dir='ltr'>εὐσεϐοῦς</span> <span class='ocrx_word' id='word_1_798' title='bbox 1544 5671 1726 5731; x_wconf 57' lang='grc' dir='ltr'><strong>λήξεως</strong></span> <span class='ocrx_word' id='word_1_799' title='bbox 1754 5669 1771 5698; x_wconf 77' lang='grc'>¹</span> 
     </span>
    </p>
   </div>
   <div class='ocr_carea' id='block_1_107' title="bbox 209 5762 1772 5844">
    <p class='ocr_par' dir='ltr' id='par_1_107' title="bbox 209 5762 1772 5844">
     <span class='ocr_line' id='line_1_107' title="bbox 209 5762 1772 5844; baseline -0.008 -24"><span class='ocrx_word' id='word_1_800' title='bbox 209 5769 416 5832; x_wconf 80' lang='grc' dir='ltr'>βασιλεῖ</span> <span class='ocrx_word' id='word_1_801' title='bbox 424 5808 439 5826; x_wconf 88' lang='grc'><strong>.</strong></span> <span class='ocrx_word' id='word_1_802' title='bbox 466 5771 548 5820; x_wconf 83' lang='grc' dir='ltr'><strong>καί</strong></span> <span class='ocrx_word' id='word_1_803' title='bbox 582 5771 722 5844; x_wconf 82' lang='grc' dir='ltr'>παρὰ</span> <span class='ocrx_word' id='word_1_804' title='bbox 761 5767 960 5841; x_wconf 83' lang='grc' dir='ltr'>Πρόκλῳ</span> <span class='ocrx_word' id='word_1_805' title='bbox 992 5774 1064 5834; x_wconf 82' lang='grc' dir='ltr'>τῷ</span> <span class='ocrx_word' id='word_1_806' title='bbox 1104 5771 1153 5818; x_wconf 82' lang='grc' dir='ltr'>έν</span> <span class='ocrx_word' id='word_1_807' title='bbox 1198 5764 1354 5832; x_wconf 69' lang='grc' dir='ltr'>ἆογίοες</span> <span class='ocrx_word' id='word_1_808' title='bbox 1382 5762 1772 5833; x_wconf 66' lang='grc' dir='ltr'>ἁρχιεπισκόπω</span> 
     </span>
    </p>
   </div>
   <div class='ocr_carea' id='block_1_108' title="bbox 339 5851 1516 5932">
    <p class='ocr_par' dir='ltr' id='par_1_108' title="bbox 339 5851 1516 5932">
     <span class='ocr_line' id='line_1_108' title="bbox 339 5851 1516 5932; baseline -0.007 -23"><span class='ocrx_word' id='word_1_809' title='bbox 339 5855 450 5912; x_wconf 75' lang='grc' dir='ltr'><strong>νει</strong></span> <span class='ocrx_word' id='word_1_810' title='bbox 477 5859 666 5922; x_wconf 74' lang='grc' dir='ltr'>λέξεως.</span> <span class='ocrx_word' id='word_1_811' title='bbox 692 5859 900 5932; x_wconf 81' lang='grc' dir='ltr'>Πρόκλος</span> <span class='ocrx_word' id='word_1_812' title='bbox 930 5872 1256 5912; x_wconf 70' lang='grc' dir='ltr'>εωνσταντιν.</span> <span class='ocrx_word' id='word_1_813' title='bbox 1281 5851 1516 5924; x_wconf 65' lang='grc' dir='ltr'>Ἄρχιεπ.</span> 
     </span>
    </p>
   </div>
   <div class='ocr_carea' id='block_1_109' title="bbox 1881 4856 3435 4926">
    <p class='ocr_par' dir='ltr' id='par_1_109' title="bbox 1881 4856 3435 4926">
     <span class='ocr_line' id='line_1_109' title="bbox 1881 4856 3435 4926; baseline 0.002 -16"><span class='ocrx_word' id='word_1_814' title='bbox 1881 4858 2144 4910; x_wconf 85' lang='lat' dir='ltr'><strong>contraria</strong></span> <span class='ocrx_word' id='word_1_815' title='bbox 2175 4856 2429 4912; x_wconf 90' lang='lat' dir='ltr'><strong>docentes</strong></span> <span class='ocrx_word' id='word_1_816' title='bbox 2449 4856 2530 4910; x_wconf 90' lang='lat' dir='ltr'><strong>vel</strong></span> <span class='ocrx_word' id='word_1_817' title='bbox 2554 4856 2882 4911; x_wconf 83' lang='lat' dir='ltr'><strong>orthodoxos</strong></span> <span class='ocrx_word' id='word_1_818' title='bbox 2908 4857 3064 4910; x_wconf 91' lang='lat' dir='ltr'><strong>simul</strong></span> <span class='ocrx_word' id='word_1_819' title='bbox 3087 4867 3248 4926; x_wconf 87' lang='lat' dir='ltr'><strong>atque</strong></span> <span class='ocrx_word' id='word_1_820' title='bbox 3276 4860 3435 4913; x_wconf 62' lang='lat' dir='ltr'><strong>haere-</strong></span> 
     </span>
    </p>
   </div>
   <div class='ocr_carea' id='block_1_110' title="bbox 1885 4944 3440 5009">
    <p class='ocr_par' dir='ltr' id='par_1_110' title="bbox 1885 4944 3440 5009">
     <span class='ocr_line' id='line_1_110' title="bbox 1885 4944 3440 5009; baseline 0.004 -11"><span class='ocrx_word' id='word_1_821' title='bbox 1885 4947 2034 5009; x_wconf 90' lang='lat' dir='ltr'><strong>ticos,</strong></span> <span class='ocrx_word' id='word_1_822' title='bbox 2083 4947 2166 4998; x_wconf 82' lang='lat' dir='ltr'><strong>vel</strong></span> <span class='ocrx_word' id='word_1_823' title='bbox 2215 4944 2598 5002; x_wconf 90' lang='lat' dir='ltr'><strong>condemnatos</strong></span> <span class='ocrx_word' id='word_1_824' title='bbox 2649 4962 2753 5004; x_wconf 86' lang='lat' dir='ltr'><strong>una</strong></span> <span class='ocrx_word' id='word_1_825' title='bbox 2802 4962 2919 5000; x_wconf 92' lang='lat' dir='ltr'><strong>cum</strong></span> <span class='ocrx_word' id='word_1_826' title='bbox 2968 4947 3440 5004; x_wconf 80' lang='lat' dir='ltr'><strong>condemnantibus</strong></span> 
     </span>
    </p>
   </div>
   <div class='ocr_carea' id='block_1_111' title="bbox 1881 5021 3440 5104">
    <p class='ocr_par' dir='ltr' id='par_1_111' title="bbox 1881 5021 3440 5104">
     <span class='ocr_line' id='line_1_111' title="bbox 1881 5021 3440 5104; baseline 0.003 -16"><span class='ocrx_word' id='word_1_827' title='bbox 1881 5036 2056 5088; x_wconf 78' lang='lat' dir='ltr'><strong>valeat</strong></span> <span class='ocrx_word' id='word_1_828' title='bbox 2074 5035 2352 5102; x_wconf 88' lang='lat' dir='ltr'><strong>amplecti?</strong></span> <span class='ocrx_word' id='word_1_829' title='bbox 2372 5034 2654 5100; x_wconf 67' lang='lat' dir='ltr'><strong>Cteterum,</strong></span> <span class='ocrx_word' id='word_1_830' title='bbox 2682 5043 2742 5092; x_wconf 90' lang='lat' dir='ltr'><strong>ut</strong></span> <span class='ocrx_word' id='word_1_831' title='bbox 2764 5037 2969 5104; x_wconf 91' lang='lat' dir='ltr'><strong>plenius</strong></span> <span class='ocrx_word' id='word_1_832' title='bbox 2987 5021 3050 5089; x_wconf 84' lang='lat' dir='ltr'><strong>ea</strong></span> <span class='ocrx_word' id='word_1_833' title='bbox 3069 5051 3186 5101; x_wconf 72' lang='lat' dir='ltr'><strong>quae</strong></span> <span class='ocrx_word' id='word_1_834' title='bbox 3209 5052 3239 5090; x_wconf 92' lang='lat' dir='ltr'><strong>a</strong></span> <span class='ocrx_word' id='word_1_835' title='bbox 3262 5031 3440 5092; x_wconf 77' lang='lat' dir='ltr'><strong>Theo-</strong></span> 
     </span>
    </p>
   </div>
   <div class='ocr_carea' id='block_1_112' title="bbox 1883 5116 3442 5193">
    <p class='ocr_par' dir='ltr' id='par_1_112' title="bbox 1883 5116 3442 5193">
     <span class='ocr_line' id='line_1_112' title="bbox 1883 5116 3442 5193; baseline 0.001 -17"><span class='ocrx_word' id='word_1_836' title='bbox 1883 5123 2069 5176; x_wconf 91' lang='lat' dir='ltr'><strong>doreto</strong></span> <span class='ocrx_word' id='word_1_837' title='bbox 2099 5132 2154 5176; x_wconf 90' lang='lat' dir='ltr'><strong>et</strong></span> <span class='ocrx_word' id='word_1_838' title='bbox 2177 5121 2266 5175; x_wconf 83' lang='lat' dir='ltr'><strong>Iba</strong></span> <span class='ocrx_word' id='word_1_839' title='bbox 2298 5124 2505 5176; x_wconf 85' lang='lat' dir='ltr'><strong>turbata</strong></span> <span class='ocrx_word' id='word_1_840' title='bbox 2537 5133 2658 5177; x_wconf 90' lang='lat' dir='ltr'><strong>sunt</strong></span> <span class='ocrx_word' id='word_1_841' title='bbox 2683 5124 3003 5188; x_wconf 85' lang='lat' dir='ltr'><strong>intelligatis,</strong></span> <span class='ocrx_word' id='word_1_842' title='bbox 3037 5124 3149 5178; x_wconf 65' lang='lat' dir='ltr'><strong>haec</strong></span> <span class='ocrx_word' id='word_1_843' title='bbox 3177 5125 3278 5178; x_wconf 78' lang='lat' dir='ltr'><strong>alia</strong></span> <span class='ocrx_word' id='word_1_844' title='bbox 3308 5116 3442 5193; x_wconf 56' lang='lat' dir='ltr'><strong>quoé</strong></span> 
     </span>
    </p>
   </div>
   <div class='ocr_carea' id='block_1_113' title="bbox 1883 5211 3437 5279">
    <p class='ocr_par' dir='ltr' id='par_1_113' title="bbox 1883 5211 3437 5279">
     <span class='ocr_line' id='line_1_113' title="bbox 1883 5211 3437 5279; baseline -0.001 -14"><span class='ocrx_word' id='word_1_845' title='bbox 1883 5226 1986 5279; x_wconf 86' lang='lat' dir='ltr'><strong>que</strong></span> <span class='ocrx_word' id='word_1_846' title='bbox 2018 5212 2165 5265; x_wconf 86' lang='lat' dir='ltr'><strong>vobis</strong></span> <span class='ocrx_word' id='word_1_847' title='bbox 2191 5226 2459 5279; x_wconf 80' lang='lat' dir='ltr'><strong>exponere</strong></span> <span class='ocrx_word' id='word_1_848' title='bbox 2500 5225 2675 5277; x_wconf 68' lang='lat' dir='ltr'><strong>opera:</strong></span> <span class='ocrx_word' id='word_1_849' title='bbox 2726 5211 2953 5278; x_wconf 88' lang='lat' dir='ltr'><strong>pretium</strong></span> <span class='ocrx_word' id='word_1_850' title='bbox 3003 5211 3437 5264; x_wconf 81' lang='lat' dir='ltr'><strong>existimavimus.</strong></span> 
     </span>
    </p>
   </div>
   <div class='ocr_carea' id='block_1_114' title="bbox 1955 5298 3442 5367">
    <p class='ocr_par' dir='ltr' id='par_1_114' title="bbox 1955 5298 3442 5367">
     <span class='ocr_line' id='line_1_114' title="bbox 1955 5298 3442 5367; baseline 0.001 -15"><span class='ocrx_word' id='word_1_851' title='bbox 1955 5300 2215 5354; x_wconf 86' lang='lat' dir='ltr'><strong>Noveritis</strong></span> <span class='ocrx_word' id='word_1_852' title='bbox 2261 5302 2469 5366; x_wconf 89' lang='lat' dir='ltr'><strong>itaque,</strong></span> <span class='ocrx_word' id='word_1_853' title='bbox 2513 5298 2653 5367; x_wconf 88' lang='lat' dir='ltr'><strong>quod</strong></span> <span class='ocrx_word' id='word_1_854' title='bbox 2691 5313 2809 5352; x_wconf 93' lang='lat' dir='ltr'><strong>cum</strong></span> <span class='ocrx_word' id='word_1_855' title='bbox 2849 5298 3067 5354; x_wconf 84' lang='lat' dir='ltr'><strong>diversis</strong></span> <span class='ocrx_word' id='word_1_856' title='bbox 3116 5299 3442 5364; x_wconf 81' lang='lat' dir='ltr'><strong>temporibus</strong></span> 
     </span>
    </p>
   </div>
   <div class='ocr_carea' id='block_1_115' title="bbox 1884 5386 3440 5456">
    <p class='ocr_par' dir='ltr' id='par_1_115' title="bbox 1884 5386 3440 5456">
     <span class='ocr_line' id='line_1_115' title="bbox 1884 5386 3440 5456; baseline -0.003 -12"><span class='ocrx_word' id='word_1_857' title='bbox 1884 5400 2160 5448; x_wconf 90' lang='lat' dir='ltr'><strong>accusatus</strong></span> <span class='ocrx_word' id='word_1_858' title='bbox 2208 5397 2349 5443; x_wconf 89' lang='lat' dir='ltr'><strong>esset</strong></span> <span class='ocrx_word' id='word_1_859' title='bbox 2398 5388 2514 5441; x_wconf 86' lang='lat' dir='ltr'><strong>lbas</strong></span> <span class='ocrx_word' id='word_1_860' title='bbox 2567 5387 2707 5455; x_wconf 90' lang='lat' dir='ltr'><strong>apud</strong></span> <span class='ocrx_word' id='word_1_861' title='bbox 2759 5386 3005 5456; x_wconf 68' lang='lat' dir='ltr'><strong>piissimae</strong></span> <span class='ocrx_word' id='word_1_862' title='bbox 3060 5387 3440 5440; x_wconf 83' lang='lat' dir='ltr'><strong>recordationis</strong></span> 
     </span>
    </p>
   </div>
   <div class='ocr_carea' id='block_1_116' title="bbox 1883 5475 3438 5547">
    <p class='ocr_par' dir='ltr' id='par_1_116' title="bbox 1883 5475 3438 5547">
     <span class='ocr_line' id='line_1_116' title="bbox 1883 5475 3438 5547; baseline -0.005 -13"><span class='ocrx_word' id='word_1_863' title='bbox 1883 5496 2061 5547; x_wconf 87' lang='lat' dir='ltr'><strong>regem</strong></span> <span class='ocrx_word' id='word_1_864' title='bbox 2084 5475 2461 5542; x_wconf 86' lang='lat' dir='ltr'><strong>Theodosium,</strong></span> <span class='ocrx_word' id='word_1_865' title='bbox 2493 5479 2563 5531; x_wconf 89' lang='lat' dir='ltr'><strong>ob</strong></span> <span class='ocrx_word' id='word_1_866' title='bbox 2589 5477 2959 5531; x_wconf 87' lang='lat' dir='ltr'><strong>Nestorianam</strong></span> <span class='ocrx_word' id='word_1_867' title='bbox 2986 5475 3438 5529; x_wconf 42' lang='lat' dir='ltr'><strong>Tlieodorianam,</strong></span> 
     </span>
    </p>
   </div>
   <div class='ocr_carea' id='block_1_117' title="bbox 1883 5566 3439 5639">
    <p class='ocr_par' dir='ltr' id='par_1_117' title="bbox 1883 5566 3439 5639">
     <span class='ocr_line' id='line_1_117' title="bbox 1883 5566 3439 5639; baseline -0.004 -14"><span class='ocrx_word' id='word_1_868' title='bbox 1883 5587 1987 5639; x_wconf 81' lang='lat' dir='ltr'><strong>quo</strong></span> <span class='ocrx_word' id='word_1_869' title='bbox 2022 5571 2347 5639; x_wconf 88' lang='lat' dir='ltr'><strong>impietatem</strong></span> <span class='ocrx_word' id='word_1_870' title='bbox 2384 5568 2437 5621; x_wconf 90' lang='lat' dir='ltr'><strong>in</strong></span> <span class='ocrx_word' id='word_1_871' title='bbox 2476 5582 2571 5620; x_wconf 88' lang='lat' dir='ltr'><strong>sua</strong></span> <span class='ocrx_word' id='word_1_872' title='bbox 2622 5582 2684 5620; x_wconf 90' lang='lat' dir='ltr'><strong>ca</strong></span> <span class='ocrx_word' id='word_1_873' title='bbox 2737 5566 2963 5634; x_wconf 85' lang='lat' dir='ltr'><strong>epistola</strong></span> <span class='ocrx_word' id='word_1_874' title='bbox 3008 5574 3330 5626; x_wconf 89' lang='lat' dir='ltr'><strong>contentam,</strong></span> <span class='ocrx_word' id='word_1_875' title='bbox 3376 5579 3439 5620; x_wconf 89' lang='lat' dir='ltr'><strong>ac</strong></span> 
     </span>
    </p>
   </div>
   <div class='ocr_carea' id='block_1_118' title="bbox 1878 5656 3440 5735">
    <p class='ocr_par' dir='ltr' id='par_1_118' title="bbox 1878 5656 3440 5735">
     <span class='ocr_line' id='line_1_118' title="bbox 1878 5656 3440 5735; baseline -0.006 -17"><span class='ocrx_word' id='word_1_876' title='bbox 1878 5672 2095 5735; x_wconf 86' lang='lat' dir='ltr'><strong>propter</strong></span> <span class='ocrx_word' id='word_1_877' title='bbox 2137 5660 2489 5715; x_wconf 90' lang='lat' dir='ltr'><strong>contumelias</strong></span> <span class='ocrx_word' id='word_1_878' title='bbox 2529 5659 2579 5712; x_wconf 91' lang='lat' dir='ltr'><strong>in</strong></span> <span class='ocrx_word' id='word_1_879' title='bbox 2629 5667 2868 5713; x_wconf 91' lang='lat' dir='ltr'><strong>sanctum</strong></span> <span class='ocrx_word' id='word_1_880' title='bbox 2915 5656 3169 5728; x_wconf 88' lang='lat' dir='ltr'><strong>Cyrillum</strong></span> <span class='ocrx_word' id='word_1_881' title='bbox 3216 5669 3440 5723; x_wconf 63' lang='lat' dir='ltr'><strong>ejusque</strong></span> 
     </span>
    </p>
   </div>
   <div class='ocr_carea' id='block_1_119' title="bbox 1879 5748 3435 5824">
    <p class='ocr_par' dir='ltr' id='par_1_119' title="bbox 1879 5748 3435 5824">
     <span class='ocr_line' id='line_1_119' title="bbox 1879 5748 3435 5824; baseline -0.006 -15"><span class='ocrx_word' id='word_1_882' title='bbox 1879 5753 2106 5824; x_wconf 86' lang='lat' dir='ltr'><strong>capitula</strong></span> <span class='ocrx_word' id='word_1_883' title='bbox 2152 5750 2404 5820; x_wconf 87' lang='lat' dir='ltr'><strong>prolatas,</strong></span> <span class='ocrx_word' id='word_1_884' title='bbox 2437 5759 2492 5805; x_wconf 89' lang='lat' dir='ltr'><strong>et</strong></span> <span class='ocrx_word' id='word_1_885' title='bbox 2529 5748 2667 5818; x_wconf 88' lang='lat' dir='ltr'><strong>apud</strong></span> <span class='ocrx_word' id='word_1_886' title='bbox 2717 5748 2962 5804; x_wconf 78' lang='lat' dir='ltr'><strong>Proetum</strong></span> <span class='ocrx_word' id='word_1_887' title='bbox 3005 5756 3248 5802; x_wconf 83' lang='lat' dir='ltr'><strong>sanctum</strong></span> <span class='ocrx_word' id='word_1_888' title='bbox 3286 5748 3435 5808; x_wconf 54' lang='lat' dir='ltr'><strong>Cone.</strong></span> 
     </span>
    </p>
   </div>
  </div>
