4220 6442
194 411 326 478 1089

916 402 1279 462 EPISTOLA
1319 407 1714 468 ADVERSUS
1748 410 2225 471 TIlEODORUM
2263 414 2680 476 MOPSUEST.

3279 428 3414 498 1090

184 533 417 605 κιγὰλαια
442 537 512 602 μὴ
551 531 807 601 δεξάμενον
841 537 1058 590 καθεῖλον
1090 536 1134 588 οἶ
1163 535 1415 606 βέλτιστοι
1456 535 1751 603 πανεύφημα
1781 550 1798 593 Α

1788 537 1825 593 Α
1855 533 2157 601 quispiam?
2180 549 2421 602 quaenam
2451 539 2570 605 quis
2590 540 2831 607 sepulcra
2867 541 3162 610 pervertit?
3189 542 3282 598 sed
3309 551 3409 600 no-

182 629 345 678 ταῦτα
372 622 692 686 καλέσαντες,
729 627 812 678 γαί
835 623 1058 696 ἐμμένειν
1087 627 1280 683 τούτοις
1326 623 1738 691 ὁμολογήσαντες.

183 714 298 781 Ὲγῶ
322 714 422 784 γὰρ
461 715 626 766 αὐτῶν
655 715 748 772 τὰς
777 717 1066 775 καταθέσεις
1099 718 1308 785 ἀνέγνων
1328 753 1340 773 ,
1370 715 1454 781 ἐμὲ
1483 711 1534 765 δί
1561 715 1626 771 ὡς
1654 721 1741 771 τῆ,·

180 803 420 872 κίρὲσεως
439 800 662 877 ἴξαρχον
688 806 1022 878 ἀπεκήρυξαν.
1048 804 1126 859 Ἐκ
1149 809 1337 858 τούτων
1360 809 1526 858 τοίνυν
1549 803 1666 857 δεικπ
1681 828 1740 856 υ-

181 911 283 956 rat,
311 890 388 945 ὅτι
416 890 498 946 διὰ
528 896 592 946 τὰ
620 897 854 962 κεφάλαια
877 904 964 950 τοῦ
996 898 1042 948 ἐν
1081 896 1239 968 ἁγίοις
1270 897 1499 969 Ευρίλλον
1524 897 1587 948 τα
1617 896 1742 948 κατά

180 984 456 1052 Νεστορέην
485 985 808 1055 προτεθέντα,
840 990 919 1038 καί
966 986 1088 1058 Δόμν
1121 1008 1166 1044 ς,
1196 989 1278 1038 καί
1312 986 1468 1043 αὺτός
1501 984 1742 1055 Θεςδὼρπ·

181 1089 290 1129 τος,
330 1073 412 1123 καί
457 1068 619 1134 ἰϐας,
651 1076 736 1126 καί
782 1071 920 1127 ἄλλοι
961 1079 1088 1133 τινὲς
1132 1076 1480 1137 ἕξεϐλὴθησαν⁶
1520 1079 1602 1125 καί
1631 1081 1748 1126 Θεο-

183 1156 390 1224 δὸριτον
434 1164 543 1231 μίν,
573 1167 655 1215 καί
691 1161 831 1216 Ἰϐαν
871 1167 1316 1235 μεταμεληθέντας,
1350 1168 1431 1218 καί
1459 1163 1748 1233 δεξαμένους

181 1249 247 1302 τὰ
283 1252 678 1320 μνημονευθὲντα
722 1254 976 1322 κεφάλαια.
1007 1258 1091 1307 καί
1132 1257 1194 1306 τὰ
1237 1251 1380 1309 ἄλλα,
1410 1252 1472 1306 δι’
1493 1252 1523 1305 ἃ
1555 1252 1750 1314 ἐξεϐλή-

180 1337 359 1399 θησαν,
387 1338 417 1393 ἡ
445 1337 561 1408 ἁγία
593 1339 799 1399 σύνοδος
824 1347 854 1398 ὴ
883 1344 935 1408 ἐν
958 1341 1228 1399 Χαλκηδόνι
1273 1342 1491 1404 ἐδέξατο.
1523 1343 1581 1393 Οί
1615 1339 1751 1394 ἄλλοι

181 1422 232 1476 δὲ
277 1425 323 1476 oi
364 1431 432 1494 μὴ
475 1407 890 1496 μεταμεληθέντες
909 1407 1020 1482 ὀὐκ
1056 1430 1373 1498 ἐδέχθησαν·
1405 1432 1434 1486 ἡ
1463 1429 1515 1483 δέ
1559 1431 1747 1498 Δόμνου

182 1515 478 1588 κατάκρισις
501 1519 582 1568 καί
609 1520 736 1586 μετὰ
764 1519 968 1572 θάνατον
995 1522 1150 1572 αὐτοῦ
1172 1519 1466 1574 ἐϐεϐαιώθη.

1854 630 1962 674 tum
1989 623 2115 693 ipsis
2142 638 2354 691 quoque
2384 622 2634 680 Barbaris
2654 635 2736 680 est
2759 636 2919 696 atque
2944 633 3304 700 perspicuum,
3325 647 3414 689 me

1852 725 2178 781 cmtcrosqne
2218 716 2523 783 dogmatum
2556 732 2715 772 causa
2755 717 2917 775 fuisse
2950 719 3206 787 dejectos.
3259 721 3412 776 Enim

1850 817 1978 856 vero
2024 802 2294 856 dominum
2341 807 2500 860 etiam
2551 807 2835 876 Domnum,
2886 818 3136 878 tanquam
3184 813 3411 878 capitula

1853 905 1957 943 non
1984 890 2344 946 adinittcntem
2375 897 2714 962 expulerunt,
2757 911 2820 949 ea
2849 898 2992 950 omni
3044 897 3198 952 laude
3234 899 3414 966 digna,

1854 979 2038 1046 optimi
2066 979 2137 1032 illi
2162 991 2434 1047 vocantes,
2455 998 2618 1051 seque
2654 986 2703 1038 in
2735 985 2818 1039 his
2847 998 3220 1054 permansuros
3255 987 3417 1056 proll-

1856 1072 2044 1119 tentes.
2076 1065 2159 1120 Me
2203 1077 2379 1121 autem
2409 1072 2498 1135 qui
2531 1072 2763 1136 ipsorum
2812 1077 3220 1129 constitutiones
3266 1076 3415 1142 lege-

1856 1172 2001 1221 rem,
2061 1166 2117 1211 ut
2175 1158 2437 1212 haareseos
2494 1161 2785 1228 principem
2883 1162 3213 1219 abdicarunt.
3259 1183 3279 1216 ι
3338 1163 3414 1218 Ex

1856 1249 2045 1314 quibus
2093 1257 2274 1315 aperte
2321 1248 2588 1316 colligitur
2653 1249 2721 1303 ob
2777 1255 2944 1305 sancti
2979 1252 3177 1322 .Cyrilli
3240 1254 3416 1321 capita

1858 1337 2110 1389 adversus
2137 1336 2435 1390 Nestorium
2460 1342 2749 1407 promsita,
2768 1349 2822 1394 et
2843 1341 3102 1396 Domuum
3127 1383 3141 1406 ,
3172 1352 3228 1396 et
3250 1343 3418 1399 Theo

1857 1425 2101 1477 doretum
2134 1424 2321 1491 ipsum,
2354 1434 2408 1478 et
2436 1425 2596 1490 Ibam,
2627 1438 2681 1480 et
2719 1431 3000 1484 nonnullos
3041 1441 3298 1500 prmterea
3325 1432 3418 1486 de-

1857 1513 2098 1566 turbatos
2124 1513 2340 1566 sedibus
2360 1515 2471 1568 suis
2498 1513 2678 1579 fuisse,
2703 1532 2766 1570 ac
2786 1517 3179 1574 Theodoretum
3203 1521 3416 1590 quidem

1855 1612 1910 1656 et
1974 1603 2115 1656 Ibam
2170 1604 2582 1672 resipiscentes,
2631 1615 2791 1675 atque
2837 1621 3127 1664 memorata
3181 1613 3416 1680 capitula

177 1695 496 1763 probantes,
523 1711 586 1750 ac
604 1697 809 1766 reliqua
853 1699 1028 1752 omnia
1067 1713 1291 1767 quorum
1336 1712 1496 1752 causa
1542 1696 1654 1750 suis
1692 1693 1828 1764 pulsi
1866 1692 2077 1746 sedibus
2132 1691 2370 1758 fuerant,
2429 1708 2460 1746 a
2511 1705 2694 1749 sancta
2743 1696 3162 1754 Chalcedonensi
3213 1702 3418 1772 synodo

181 1785 348 1839 fuisse
388 1794 633 1854 receptos

182 1882 293 1927 tem
315 1873 434 1942 ejus
460 1873 621 1929 fuisse
647 1875 1030 1930 conﬁrmatam.

684 1804 696 1838 :
741 1789 958 1841 minime
1007 1803 1133 1842 vero
1185 1804 1278 1842 eos
1318 1789 1407 1857 qui
1449 1803 1555 1841 non
1609 1787 1982 1855 resipuerant:
2015 1783 2202 1837 Domni
2248 1799 2378 1839 vero
2418 1785 2917 1842 condemnationem
2951 1790 3111 1842 etiam
3131 1798 3253 1859 post
3271 1805 3418 1845 mor-

252 1960 461 2022 Ἐπειδή
486 1964 537 2019 δὲ
567 1966 838 2051 ἐγράψατε,
873 1966 948 2021 ὄτι
988 1970 1080 2026 τὰς
1129 1966 1390 2039 Θεοδώρου
1436 1968 1753 2052 (ﬂetosnam;
1786 1965 1798 2022 1

1788 1964 1830 2022 Β
1932 1960 2062 2014 Cum
2086 1968 2263 2014 autem
2292 1960 2611 2029 scripseritis
2654 1963 2854 2030 pariter
2896 1964 3162 2019 exsecrari
3202 1978 3234 2018 ε
3270 1965 3418 2021 vobis

181 2057 279 2114 τὰς
326 2053 454 2128 παρ’
479 2057 616 2124 ἡμῶν
649 2056 956 2126 πεμφθείσας
985 2058 1100 2123 ύμῖν
1127 2058 1524 2123 ἀναθεματίζετε.
1550 2055 1596 2107 εἴ
1623 2075 1754 2113 τινος

184 2138 245 2196 ἂν
273 2137 420 2209 ὦσιν,
441 2144 591 2196 αὐτόν
612 2142 663 2196 δὲ
685 2143 941 2216 Θεόδωρον
963 2144 1268 2214 ἀμφεϐάλετε
1293 2145 1650 2214 ἀναθεματίσαι
1671 2140 1754 2195 διὰ

183 2239 241 2290 τό
271 2234 368 2293 ήδη
394 2237 792 2310 προτελευτῆσαι
819 2237 964 2288 αὐτόν
991 2238 1036 2287 ἐν
1071 2244 1129 2308 τῇ
1177 2238 1418 2306 κοινωνία,
1449 2239 1512 2293 ὡς
1544 2235 1752 2303 λέγεται,

182 2334 286 2377 τῶν
325 2325 615 2386 ἐκκλησιῶν,
642 2328 905 2395 γινώσκετε
930 2322 1018 2393 [Ρ.
1042 2340 1189 2393 supp.
1224 2321 1323 2392 ὅτι]
1367 2326 1410 2375 οἱ
1437 2325 1656 2394 λέγοντες
1685 2330 1754 2395 μὴ

183 2415 288 2476 ἐξὸν
306 2409 435 2466 εἶναι
452 2411 701 2490 Θεόδωρον
719 2414 1186 2483 ἀναθεματίζεσθαι,
1201 2414 1318 2466 ἀλλὰ
1338 2422 1443 2472 τοῖς
1464 2414 1754 2474 ἐπισκόποις

185 2506 625 2577 συναριθμεῖσθαι,
658 2504 825 2562 ἔπειδή
852 2507 902 2556 ἐν
929 2513 989 2578 τῇ
1029 2509 1272 2577 κοινωνίᾳ,
1303 2507 1458 2564 καθὼς
1497 2504 1752 2577 εἰρήκατε,

183 2604 280 2653 τῆς
331 2594 598 2653 ἱκκλησίας
642 2595 987 2659 ἐτελεύτησεν,
1020 2595 1292 2665 ὀφείλουσιν
1317 2600 1397 2648 καί
1436 2593 1624 2647 Ἰούδαν
1653 2601 1755 2653 τοῖς

184 2685 496 2744 ἀποστόλοις
541 2688 860 2757 συναριθμεῐν
911 2686 993 2738 τόν
1040 2688 1105 2744 ὡς
1150 2686 1374 2752 ἐνόμισεν
1420 2685 1625 2738 λαθόντα
1675 2684 1755 2737 τόν

185 2777 497 2843 γινώσκοντα
543 2774 604 2822 τὰ
649 2774 846 2844 κριττὰ
884 2783 979 2825 τῶν
1028 2774 1294 2843 ἀνθρώπων
1341 2775 1478 2832 Θεὸν,
1507 2777 1588 2826 καὶ
1631 2775 1757 2844 μετὰ

186 2869 290 2918 τῶν
320 2862 481 2918 ἄλλων
509 2865 738 2933 μαθητῶν
764 2867 1012 2917 κοινωνίαν
1037 2864 1296 2934 δεξάμενον
1320 2866 1407 2917 ἀπ’
1428 2867 1603 2918 αὐτοῦ·
1639 2863 1756 2918 ὅσον

187 2959 288 3027 τὰρ
317 2953 431 3015 ἧκεν
458 2957 527 3012 εἰς
548 2956 691 3013 ιτούς
732 2961 901 3008 ταῦτα
940 2955 1193 3023 λέγοντας,
1220 2954 1455 3022 μέμψεώς
1483 2956 1606 3005 εἰσιν
1635 2953 1758 3016 ἄξιοι

187 3049 273 3100 καί
302 3045 350 3097 οἱ
378 3041 646 3098 ἀπόστολοι
673 3045 718 3096 οἷ
741 3047 868 3112 μετά
897 3046 982 3098 τόν
1027 3047 1177 3099 αὐτοῦ
1216 3048 1416 3100 θάνατον
1450 3045 1606 3114 ψῆφον
1653 3045 1759 3098 κατ’

189 3137 358 3188 αὐτοῦ
391 3133 773 3204 προαγαγόντες.
799 3139 1177 3207 κατακρίναντες
1206 3136 1371 3196 αὐτὸν,
1399 3136 1483 3186 καί
1511 3136 1580 3191 εἷς
1610 3135 1758 3188 τόπον

189 3224 352 3276 αὐτοῦ
393 3219 538 3274 ἄλλον
581 3223 1046 3293 ἁντεισαγαγόντες.
1091 3227 1177 3276 Καὶ
1210 3225 1357 3277 πάλιν
1387 3223 1555 3282 ἐπειδὴ
1583 3226 1630 3276 ἐν
1655 3232 1759 3285 τοῖς

189 3310 355 3382 ἁγίοις
397 3310 699 3381 εὐαγγελίοις
742 3312 799 3364 τὸ
847 3309 1002 3380 ὄνομα
1050 3314 1202 3365 αὐτοῦ
1242 3316 1426 3384 μεταξύ
1473 3322 1569 3365 τῶν
1606 3312 1761 3367 ἄλλων

190 3400 494 3452 ἀποστόλων
519 3399 923 3470 ἀναγινώσιεται,
954 3405 1022 3469 μὴ
1067 3398 1164 3476 ἆρα
1205 3402 1256 3453 ἐκ
1287 3399 1471 3455 τούτου
1495 3400 1524 3459 ἣ
1549 3405 1612 3458 ὡς
1637 3404 1763 3457 ἀπό-

191 3488 377 3548 στολος
430 3485 672 3557 δέχεται,
721 3487 750 3545 ἡ
789 3496 878 3545 τῆς
922 3493 1272 3558 κατακρίσεως
1319 3499 1408 3544 τοῦ
1456 3493 1762 3562 ἀναθέματος

191 3576 397 3650 ὤφειλεν
445 3577 845 3641 ἐλευθερωθῆναι.
904 3589 1186 3633 Κατανοεῐτε
1231 3584 1393 3634 τοίνυν
1443 3579 1523 3634 ὅτι
1584 3584 1763 3643 ἐκεῖνος

192 3670 402 3739 τελευτᾷ
451 3669 500 3722 ἓν
534 3678 596 3740 τῇ
634 3673 856 3742 κοινωνίᾳ
881 3677 982 3722 τῶν
1029 3671 1312 3735 ἐκκλησιῶν,
1346 3671 1483 3730 ότήν
1511 3671 1762 3745 όρθόδοξον

194 3763 369 3814 πίστιν
396 3760 558 3829 iuisz
585 3760 798 3830 πέρατος
825 3767 908 3818 τῆς
941 3761 1120 3818 οἰκείας
1149 3765 1280 3824 ζωῆς
1309 3761 1544 3832 φυλάξας.
1604 3766 1608 3770 ”

262 3939 356 3990 Καὶ
378 3939 477 4009 γὰρ
503 3938 545 3990 εἰ
568 3940 652 3990 καί
677 3947 987 4007 Μανιχαῖος,
1019 3938 1049 3996 ἦ
1077 3939 1338 4011 ’Δρειανός,
1363 3940 1393 3998 ἦ
1413 3943 1760 4014 Νεστοριανές,

193 4027 222 4086 ἦ
249 4028 681 4094 Εὖτυχεανιστής,
714 4028 744 4086 ἦ
771 4027 914 4088 ἄλλος
939 4028 1035 4090 οἷος
1061 4027 1145 4082 οὖν
1166 4033 1437 4105 αίρετικὸς,
1466 4033 1494 4090 ἦ
1524 4035 1763 4108 Ἐλληνικῇ

195 4123 352 4192 μανίᾳ
381 4119 714 4192 κρατούμενος
743 4119 861 4191 λεὶοῃ
883 4129 1117 4173 κοινωνῶν
1152 4131 1215 4194 τῇ
1255 4123 1508 4193 ἐκκλησία,
1534 4128 1611 4177 καί
1634 4124 1765 4178 οὕτω

196 4207 509 4278 τελευτήσῃ,
540 4212 621 4262 καὶ
661 4211 787 4280 μετὰ
831 4210 1037 4262 θάνατον
1065 4209 1094 4266 ἣ
1125 4212 1173 4262 ἐκ
1211 4217 1308 4262 τῶν
1356 4214 1767 4284 συγγραμμάτων

195 4302 375 4359 αὑτοῦ,
404 4297 433 4356 ἦ
461 4299 567 4350 καθ’
588 4318 753 4371 ετερον
802 4297 988 4372 τρόπον
1028 4299 1278 4372 αίρετικός
1307 4297 1429 4353 εἶναι
1453 4310 1598 4374 φανῇ,
1630 4293 1798 4372 ὅμως⁸

195 4388 288 4440 οὐκ
329 4389 384 4439 ἐκ
420 4387 599 4440 τούτου
631 4389 659 4442 ἠ
687 4385 938 4457 όρθόδιξος
975 4387 1250 4458 βλάπτεται
1293 4389 1462 4446 πίστις
1482 4429 1494 4448 .
1525 4389 1554 4446 ἧ
1581 4391 1768 4448 ίκεῑνος

197 4475 546 4545 ἐλευθεροῦται
586 4482 678 4532 τῆς
718 4476 1075 4548 κατακρίσεως,
1107 4477 1150 4527 εἰ
1199 4473 1282 4544 [In
1311 4475 1434 4529 cod.
1464 4475 1517 4545 ᾖ]
1540 4477 1587 4530 ἐν
1614 4485 1675 4551 τῇ
1697 4481 1769 4530 εἰ·

200 4569 325 4637 ρήνῃ
372 4571 472 4616 τῶν
514 4564 783 4622 ίκκλησιῶν
838 4566 1034 4635 λέγεται
1082 4565 1402 4623 τελευτῆσαι⁸
1447 4571 1524 4618 καὶ
1563 4575 1768 4636 γενικῶς

1856 2065 1949 2104 eas
1975 2049 2242 2102 Theodori
2267 2049 2645 2119 blasphemias,
2665 2066 2796 2118 quas
2821 2052 2885 2105 ad
2915 2069 3010 2107 vos
3038 2054 3136 2124 ipsi
3173 2055 3418 2110 transmi-

1859 2139 2046 2200 simus,
2076 2139 2436 2206 cujuscunque
2467 2140 2568 2192 illa;
2595 2141 2700 2193 sint
2725 2159 2737 2192 :
2770 2140 3052 2199 Theodoro
3095 2159 3258 2214 porro
3291 2161 3417 2201 ana-

1857 2227 2032 2279 thema
2061 2227 2239 2279 dicere
2270 2227 2544 2293 dubitetis,
2574 2231 2716 2298 quod
2750 2229 2860 2298 jam
2887 2232 2998 2300 ipse
3026 2233 3096 2286 sit
3137 2235 3191 2288 in
3231 2233 3410 2291 Eccle-

1856 2315 2074 2379 siarum,
2108 2324 2167 2368 ut
2186 2315 2398 2382 dicitur,
2422 2322 2796 2372 communione
2818 2331 3200 2387 prmmortuus:
3230 2325 3418 2385 scitote

1858 2417 1978 2455 eum
2002 2404 2091 2470 qui
2116 2403 2310 2456 dixerit
2341 2405 2558 2459 minime
2591 2405 2926 2462 Theodorum
2979 2412 3418 2469 anathematixan

1857 2489 2038 2557 licere,
2069 2491 2164 2546 sed
2203 2493 2468 2562 episcopis
2513 2509 2631 2549 esse
2675 2497 3149 2564 adnumerandum,
3193 2502 3262 2555 ob
3301 2517 3417 2560 eam

1858 2593 2092 2645 causam,
2123 2580 2284 2647 quod,
2325 2590 2382 2634 ut
2414 2584 2730 2650 asseruistis,
2780 2586 2833 2638 in
2881 2584 3129 2640 Ecclesia:
3179 2603 3416 2644 commus

1858 2669 2016 2722 nione
2053 2668 2378 2733 decesserit,
2430 2685 2552 2726 eum
2589 2674 2787 2742 pariter
2836 2683 2891 2728 et
2935 2673 3121 2729 Judam
3161 2692 3318 2746 posse
3362 2680 3416 2736 in

1858 2756 2220 2824 apostolorum
2248 2773 2526 2813 numerum
2549 2763 2828 2826 asciscere,
2863 2765 2950 2832 qui
2977 2764 3167 2830 latens,
3191 2775 3249 2820 et
3265 2751 3420 2824 notus

1858 2847 2027 2901 solum
2051 2851 2402 2915 perscrutanti
2428 2850 2658 2905 humana
2691 2862 2899 2907 secreta
2930 2853 3059 2920 Deo,
3091 2855 3189 2910 fuit
3214 2857 3280 2911 ab
3307 2858 3429 2927 ipso

1859 2950 1978 2989 cum
2009 2937 2211 2989 ueteris
2232 2937 2502 3006 discipulis
2535 2939 2601 2992 ad
2645 2935 3074 2998 communionem
3122 2946 3421 3013 admissus;

1859 3039 1981 3077 nam
2014 3024 2165 3092 juxta
2204 3026 2255 3079 id
2283 3028 2426 3094 quod
2483 3031 2680 3084 sentire
2736 3030 2851 3086 hznc
2896 3028 3109 3088 aientes'
3151 3037 3418 3101 videntur,

1859 3112 1998 3180 digni
2022 3115 2435 3183 reprehensione
2462 3130 2586 3172 sunt
2621 3122 2849 3189 apostoli
2883 3137 3114 3192 quoque,
3154 3127 3245 3196 qui
3295 3137 3420 3196 post

1863 3211 2088 3255 mortem
2125 3204 2258 3271 ejus,
2306 3205 2558 3274 sull‘ragio
2605 3209 2857 3264 adversus
2905 3210 3077 3280 ipsum
3121 3214 3250 3279 lato,
3300 3231 3420 3274 eum

1788 3289 1832 3350 C
1864 3289 2354 3346 condemnaverunt
2392 3293 2659 3362 aliumque
2701 3297 2753 3349 in
2795 3296 2968 3350 locum
2995 3300 3108 3366 ejus
3136 3302 3422 3358 substitue-

1862 3386 2002 3430 runt.
2031 3375 2313 3442 Prmterea,
2345 3394 2464 3432 cum
2494 3396 2688 3435 nomen
2719 3384 2881 3452 ipsius
2920 3384 2974 3436 in
3009 3389 3208 3442 sanctis
3244 3388 3420 3443 Evan-

1863 3465 2012 3531 geliis
2032 3465 2238 3532 legatur
2265 3467 2403 3520 inter
2427 3476 2648 3523 caeteros
2677 3475 2972 3543 apostolos,
3001 3484 3106 3530 n‘on
3137 3484 3315 3531 tamen
3341 3478 3421 3533 id.

1863 3556 2006 3609 circo
2024 3596 2038 3620 ,
2063 3557 2146 3608 vel
2174 3564 2233 3610 ut
2260 3557 2531 3626 apostolus
2552 3560 2829 3629 recipitur,
2855 3564 2942 3618 vol
2978 3566 3168 3620 exinde
3203 3561 3430 3622 anathc;

1863 3645 2018 3698 matis
2041 3646 2240 3714 judicio
2268 3648 2441 3715 potuit
2468 3648 2697 3702 liberari.
2740 3649 2829 3706 Sic
2864 3653 3023 3720 igitur
3055 3655 3267 3721 habete,
3295 3673 3420 3711 eum

1864 3737 1917 3789 in
1969 3725 2329 3790 Ecclesiarum
2381 3739 2754 3794 communione
2797 3741 3075 3808 decedere,
3125 3744 3214 3813 qui
3262 3743 3421 3800 iidem

1865 3826 2183 3880 catholicam
2204 3827 2271 3880 ad
2292 3835 2517 3880 mortem
2545 3842 2716 3896 usque
2744 3830 2999 3885 illibatam
3017 3834 3346 3890 custodierit.

1933 3934 2237 4001 Enimvero,
2292 3936 2336 3990 si
2366 3935 2687 3994 Manichacus
2731 3941 3011 4010 quispiam,
3050 3943 3137 3998 vel
3174 3945 3422 4013 Arianus,

1866 4028 1976 4082 sive
2001 4025 2363 4092 Nestorianus,
2407 4027 2489 4081 vel
2523 4026 2907 4099 Eutycbianus,
2935 4039 3028 4086 aut
3073 4034 3206 4088 alius
3245 4030 3426 4103 cujus»

1866 4131 2074 4185 cunque
2135 4118 2346 4184 generis
2392 4117 2674 4173 haereticus
2730 4119 2815 4173 vel
2866 4119 3172 4178 Gmcorum
3221 4125 3420 4180 insania

1867 4217 2081 4277 captus,
2133 4205 2382 4261 Ecclesia:
2419 4209 2819 4264 communicans
2859 4210 3079 4278 vixerit,
3124 4223 3284 4283 atque
3322 4216 3427 4274 hoc

1868 4299 2027 4353 modo
2055 4297 2362 4362 decesserit,
2383 4306 2505 4366 post
2525 4306 2751 4353 mortem
2781 4310 2958 4355 autem
2986 4303 3070 4357 vel
3111 4319 3179 4358 ex
3219 4302 3435 4375 scriptis,

1869 4385 2006 4454 ejus,
2033 4387 2118 4440 vel
2145 4386 2246 4439 alia
2271 4386 2458 4453 quavis
2484 4388 2692 4442 ratione
2720 4388 3002 4445 haereticus
3038 4390 3203 4448 fuisse
3239 4393 3431 4463 depre-

1870 4477 2157 4538 hendatur,
2224 4477 2356 4530 nihil
2408 4485 2587 4530 tamen
2637 4479 2898 4534 catholica
2949 4481 3079 4536 iides
3129 4483 3432 4541 detrimenti

1871 4567 2032 4636 capit,
2061 4580 2235 4634 neque
2257 4567 2369 4635 ipse
2391 4574 2672 4635 propterea
2702 4583 2731 4620 a
2770 4568 3214 4636 condemnatione
3237 4573 3432 4627 libera-

199 4652 378 4707 οὐδένα
397 4660 495 4706 τῶν
520 4654 779 4724 αἱρετικῶν
800 4655 1008 4712 Θάνατος
1034 4655 1087 4706 ir.
1116 4663 1205 4712 τῆς
1232 4658 1350 4725 περὶ
1375 4662 1463 4711 τῆς
1485 4654 1770 4719 κακοδοξίας

1800 4648 1846 4706 D
1873 4666 1978 4721 tur,
2008 4653 2148 4724 quod
2179 4655 2231 4706 in
2257 4653 2612 4709 Ecclesiarum
2641 4671 2772 4723 pace
2797 4655 3006 4711 dicatur
3030 4658 3350 4725 decessisse;
3373 4675 3434 4715 ac

201 4741 363 4796 αὐτοῦ
403 4744 746 4812 κατακρίσεως
776 4741 1046 4812 ἐλευθεροῖ*
1079 4743 1259 4810 μᾶλλον
1287 4745 1375 4799 μὲν
1403 4739 1488 4795 οὖν
1515 4741 1596 4797 διὰ
1623 4752 1772 4800 τοῦτο

202 4829 546 4896 καταδικάζει,
571 4829 649 4885 ὅτε
675 4835 772 4894 ζῶν
790 4832 847 4886 οὗ
873 4833 1194 4902 μετεμελήθη.

272 5101 395 5158 ὀτι
417 5100 471 5157 δε
501 5102 548 5156 οί
572 5104 811 5178 αἰρετικοί
840 5103 884 5158 οί
914 5105 964 5158 ἂν
988 5111 1051 5177 τῇ
1079 5109 1180 5174 ζωῇ
1220 5108 1381 5160 αὐτῶν
1409 5115 1476 5174 μή
1504 5107 1776 5175 μεταμελη-

203 5199 397 5262 εᾶντες,
423 5200 507 5250 καὶ
533 5197 656 5264 μετὰ
692 5198 896 5251 Θάνατον
943 5199 1321 5270 κατεκρίθησαν,
1352 5199 1404 5250 ἐκ
1447 5199 1638 5252 πολλῶν
1675 5197 1778 5251 δεί-

203 5306 411 5346 mret“
438 5293 519 5342 καί
538 5291 771 5358 Εύνόμιος
795 5286 1397 5361 γὰρ,καί“Απολλινὰριος,
1423 5293 1506 5342 καὶ
1527 5291 1772 5351 Βόνωσος,

200 5383 298 5439 καί
333 5382 387 5436 ἐν
426 5388 531 5440 τοῖς
575 5382 929 5452 ἀρχαιοτέροις
958 5401 1159 5452 χρόνοις
1187 5380 1534 5444 Ούαλεντῐνος,
1561 5380 1780 5433 Βασιλεί-

204 5475 320 5533 δης,
379 5475 640 5546 Μαρκίων,
689 5477 767 5524 καὶ
811 5475 1054 5546 κήρινΘος,
1105 5476 1188 5525 καὶ
1235 5469 1367 5525 ἄλλοι
1412 5473 1581 5526 πολλοὶ
1622 5475 1669 5525 ἐν
1716 5483 1776 5546 τῇ

205 5566 370 5634 οἰκείᾳ
396 5567 499 5635 ζωῇ
533 5569 599 5629 μὴ
628 5563 1108 5631 ἀναθεματισθέντες,
1137 5565 1267 5633 μετά
1304 5565 1507 5617 Θάνατον
1555 5568 1779 5635 κατεκρί-

205 5658 391 5713 Gud-av,
415 5655 499 5706 καί
519 5655 618 5707 ύπό
639 5661 728 5712 τῆς
749 5654 1004 5712 καθολικῆς
1028 5654 1283 5712 ἐκκλησίας
1310 5655 1772 5723 ἁναθεματίζονται,

209 5741 386 5798 ἐπειδή
412 5745 459 5794 ἐν
488 5750 547 5815 τῇ
594 5745 747 5815 οἰκείᾳ
791 5743 950 5817 πλάνῃ
992 5745 1317 5801 ἐτελεύτησαν
1361 5747 1530 5816 ὥσπερ
1563 5745 1607 5800 οἱ
1639 5747 1689 5798 ἓν

211 5833 318 5908 ἰδία
351 5837 453 5906 ζωῇ
481 5831 662 5894 ἀδίκως
689 5836 1080 5908 κατακριθέντες,
1121 5838 1248 5906 μετά
1291 5825 1508 5891 θάνατον’
1547 5837 1646 5893 ύπό
1685 5846 1775 5899 τῆς

1876 4759 2058 4801 revera
2089 4758 2420 4812 nequaquam
2452 4745 2696 4798 interitus
2741 4745 3018 4800 bzeretieos
3054 4761 3086 4800 a
3110 4748 3435 4803 condemna-

1879 4835 2036 4887 tionis
2057 4832 2276 4901 judicio,
2319 4833 2459 4900 quod
2484 4847 2734 4900 perversa
2769 4847 2956 4887 eorum
2996 4838 3309 4890 commerita
3356 4845 3433 4891 est

1877 4930 2131 4999 opinatio,
2165 4929 2374 4993 liberat,
2398 4929 2636 4997 quinimo
2667 4931 2843 4998 potius
2867 4931 2952 4984 vel
2992 4933 3063 4986 ob
3109 4932 3213 4987 hoc
3238 4933 3434 5003 ipsum,

1879 5018 2018 5088 qttod
2031 5019 2268 5070 viventes
2283 5032 2387 5070 non
2415 5018 2752 5085 resipuerint,
2779 5019 2974 5086 justius
2993 5021 3436 5077 condemnamur.

1950 5107 2125 5161 Multis
2147 5115 2321 5160 autem
2353 5107 2404 5160 id
2433 5106 2601 5175 ipsum
2631 5105 2938 5161 conﬁrmari
2957 5118 3133 5178 potest
3158 5112 3436 5180 exemplis,

1881 5195 2160 5249 limreticos
2183 5193 2446 5258 videlicet,
2471 5193 2562 5260 qui
2587 5195 2712 5248 dum
2752 5195 3012 5261 viverent,
3053 5198 3121 5251 ad
3156 5199 3438 5254 sanitatem

1881 5285 2080 5338 reversi
2108 5297 2214 5335 non
2241 5290 2383 5348 sunt,
2411 5291 2533 5349 post
2561 5291 2787 5338 mortem
2831 5284 2995 5341 fuisse
3033 5287 3438 5343 condemnatos.

1882 5373 2171 5428 Eunomius
2199 5372 2363 5437 enim,
2390 5380 2445 5424 et
2471 5373 2850 5442 Apollinarius,
2891 5385 2946 5429 et
2969 5376 3234 5441 Bonosus,
3263 5393 3329 5433 ac
3349 5395 3437 5434 su-

1880 5474 2173 5543 perioribus
2195 5472 2518 5540 temporibus
2538 5471 2867 5538 Valentinus,
2888 5473 3161 5541 Basilides,
3186 5476 3438 5546 Marcion,

1884 5573 1940 5618 et
1980 5563 2281 5624 Cerinthus,
2324 5564 2519 5632 aliique
2567 5565 2832 5632 permulti,
2877 5566 2968 5632 qui
3018 5567 3438 5625 anatbeinatibus

1883 5654 2005 5708 dum
2030 5655 2292 5720 viverent,
2339 5654 2560 5721 subjecti
2619 5669 2722 5708 non
2771 5643 3002 5720 fuerant,
3048 5664 3172 5725 post
3212 5671 3438 5714 mortem

1881 5741 2114 5795 damnati
2139 5749 2280 5807 sunt,
2309 5749 2470 5810 atque
2496 5743 2563 5796 ab
2583 5741 2825 5797 Ecclesia
2849 5745 3110 5800 catholica
3132 5748 3435 5804 anathema.

1883 5834 2128 5894 tizantur,
2153 5840 2435 5900 propterea
2457 5831 2598 5901 quod
2629 5834 2680 5887 in
2705 5833 2813 5889 suis
2837 5836 3111 5893 erroribus
3135 5834 3240 5889 vita
3263 5833 3438 5890 functi
