4220 6442
678 451 816 515 1090

1991 452 2426 514 JUSTINIANI
2469 451 2624 511 IMP.

3800 437 3816 498 i
3838 437 3938 500 mo

681 568 833 621 snnis
859 563 1118 620 Ecclesiis
1145 567 1210 618 ad
1241 566 1462 620 invicem
1496 565 1825 621 immitteret.
1857 568 1923 622 Et
1950 569 2051 622 hoc
2081 573 2240 623 etiam
2273 571 2318 629 A
2345 595 2347 603 ·

2273 571 2318 629 Α
2345 574 2462 627 ταῖς
2492 567 2798 637 ἁγιωτάταις
2827 568 3115 629 έκκλησίαις
3143 567 3377 636 ἐμϐαλεῖν
3414 569 3544 640 πρὸς
3575 566 3787 626 ἀλλήλας
3830 571 3933 613 πὸ·

685 670 716 707 a
745 659 970 724 sceptris
1007 671 1127 726 quae
1158 666 1281 710 ante
1308 669 1404 709 nos
1441 653 1647 708 fuerunt
1678 666 1863 715 contra
1907 660 2076 727 ipsum
2114 660 2246 712 scri-

676 754 832 813 ptum
860 756 973 800 erat
998 786 1013 810 ,
1056 747 1215 798 variis
1241 745 1550 814 dogmatum
1580 757 1633 800 et
1669 761 1698 800 ε
1745 748 2065 803 rectitudine
2118 749 2246 801 alie-

683 839 820 890 natis
844 834 1114 890 fraudibus
1142 845 1198 891 et
1225 838 1542 892 commentis
1592 852 1654 890 ac
1701 839 2043 902 blasiihemiis
2092 854 2242 892 usum

685 926 864 992 fuisse,
883 941 945 979 ac
965 927 1208 980 universa
1231 927 1598 989 conturbassc,
1626 934 1679 981 et
1706 927 1851 980 illum
1875 943 2244 997 quemcunque

682 1031 921 1072 errorem
978 1018 1414 1071 abnminabilium
1448 1018 1923 1070 hmresiarcharum
1954 1028 2008 1070 et
2037 1020 2088 1072 in
2114 1035 2245 1086 qun-

681 1123 798 1160 rutn
829 1108 1131 1178 dOgmatnm
1163 1111 1421 1177 recipere,
1454 1109 1680 1161 Nestorii
1711 1110 1940 1162 dicimus
1964 1151 1977 1171 ,
2028 1121 2083 1162 et
2135 1110 2243 1162 Eu-

683 1198 857 1268 tycliis
884 1219 886 1221 ν
909 1208 1098 1253 etcum
1119 1216 1340 1266 uterque
1369 1198 1556 1252 horum
1583 1210 1964 1268 praecirptorum
1993 1197 2242 1252 contrarii

679 1290 1073 1358 quodammodo
1101 1290 1324 1344 invicem
1357 1305 1479 1344 esse
1505 1290 1800 1355 videantur,
1832 1289 1899 1343 ad
1929 1305 2087 1341 unum
2119 1303 2245 1341 vero

679 1381 968 1450 impietatis
1017 1380 1177 1434 linem
1224 1380 1464 1445 tendant,
1519 1382 1674 1433 etiam
1706 1379 1914 1430 illorum
1943 1377 2243 1445 divulgatos

683 1484 963 1524 sermones
989 1509 1004 1534 ,
1034 1483 1157 1524 eum
1190 1472 1239 1522 in
1269 1484 1432 1522 unum
1467 1468 1800 1522 l'ormavisse.
1849 1467 2061 1519 Duobus
2097 1467 2240 1518 enim

681 1557 1034 1612 existentibus
1062 1558 1397 1627 dogmatibus
1442 1557 1507 1610 ad
1556 1558 1780 1610 invicem
1807 1556 2241 1624 repugnantibus,

681 1662 904 1715 quorum
945 1655 1231 1716 utrumque
1274 1646 1518 1700 similiter
1555 1648 1621 1699 ad
1671 1647 1862 1698 animae
1892 1646 2240 1712 perditionem

677 1737 894 1792 adducit
917 1774 938 1804 ,
965 1737 1196 1792 Nestorii
1225 1737 1470 1791 videlicet
1499 1745 1553 1790 et
1579 1736 1832 1805 Eutychis
1855 1735 1874 1804 (
1897 1738 2244 1805 quemdmo-

677 1826 803 1880 dum
833 1827 1060 1882 dicendo
1083 1827 1438 1894 narravimus)
1460 1828 1548 1894 qui
1579 1840 1644 1880 ex
1669 1828 1985 1880 Arianorum
2008 1837 2063 1881 et
2084 1829 2242 1896 Apol-

2346 658 2510 726 λεμον,
2553 661 2635 712 καί
2676 664 2829 712 τοῦτο
2875 661 3098 717 καὶτοῖς
3143 660 3244 733 πρὸ
3285 658 3427 728 ὑμῶν
3472 663 3754 730 σκήπτροις
3796 676 3939 729 «fug

2346 748 2499 799 αὐτὸν
2542 747 2831 820 γεγράφθαι,
2880 749 3128 807 ποικίλαις
3156 750 3248 817 μέν
3295 746 3562 820 δογμάτων
3589 751 3672 801 καί
3708 745 3926 803 ἀπηλλο-

2343 838 2642 906 τριωμέναις
2667 845 2757 895 τῆς
2786 837 3046 909 ὀρθότητος
3073 843 3348 912 περινοίαις
3369 858 3446 902 τε,
3472 841 3555 891 καί
3578 839 3926 909 βλασφημίαις

2347 930 2693 1005 χροησάμενον,
2729 927 2933 984 ἅπαντα
2983 928 3037 984 δέ
3075 932 3483 1005 συνταράξαντα,
3530 933 3614 983 καί
3641 926 3788 998 μόνον
3824 939 3928 982 τῶν

2344 1025 2436 1074 τῆς
2484 1017 2722 1088 έγατίρου
2768 1025 2868 1072 τῶν
2908 1020 3257 1094 αἵρεσίαρχῶν
3302 1019 3498 1078 πλάνης
3543 1018 3802 1090 βδελυρῶν
3844 1039 3925 1080 τε,

2346 1108 2428 1158 καί
2453 1108 2666 1159 ἀνοσίων
2702 1105 2968 1178 δογμάτων
3009 1108 3363 1178 ἀντεχόμενον,
3395 1111 3668 1178 Νεστορίου
3714 1127 3792 1169 τε,
3845 1109 3927 1159 καί

2345 1194 2633 1262 Εὐτυχους,
2683 1198 2765 1248 καί
2807 1204 2905 1250 τῶν
2953 1196 3191 1270 ἑκατέρου
3238 1198 3433 1252 τούτων
3479 1195 3827 1267 καθηγεμόνων
3872 1194 3928 1258 ίξ

2346 1284 2573 1342 ἔναντίας
2610 1288 2699 1355 μέν
2740 1307 2850 1344 πως
2897 1282 3021 1340 εἶναι
3049 1285 3321 1340 δοκούντων
3349 1288 3592 1352 ἀλλήλοις,
3624 1287 3752 1360 πρὸς
3787 1283 3840 1337 ἓν
3870 1284 3926 1338 δέ

2344 1373 2482 1431 τέλος
2525 1381 2616 1432 τῆς
2644 1375 2886 1434 ἀσεϐείας
2923 1378 3279 1448 ἐπειγομένων,
3317 1379 3396 1430 καί
3425 1380 3546 1435 τούς
3592 1379 3788 1430 ἐκείνων
3815 1398 3927 1444 χα-

2344 1467 2769 1536 ρακτηριστικούς
2795 1466 3211 1536 ἐντυπωσᾶμενον
3239 1468 3434 1540 λόγους.
3469 1475 3612 1520 Δυοῐν
3642 1470 3738 1539 γάρ
3767 1464 3927 1520 ὄντων

2344 1552 2574 1606 έναντῖων
2626 1556 2852 1615 ἀλλήλοις
2894 1555 3179 1628 δογμάτων,
3231 1555 3296 1610 ὧν
3345 1558 3575 1632 ίγάτερτν
3622 1557 3806 1620 ὁμοίως
3850 1562 3926 1615 εἰς

2341 1643 2572 1714 ψυχικὴν
2600 1648 2849 1703 ἀπώλειαν
2879 1646 3009 1721 ἄγει,
3059 1658 3148 1704 τοῦ
3191 1654 3491 1722 Νεστορίου,
3539 1658 3628 1702 τοῦ
3658 1670 3710 1702 τε
3759 1651 3924 1702 Εὐτυ-

2343 1741 2496 1803 χοῦς,
2523 1738 2745 1794 καθάπερ
2771 1739 2997 1797 εἰπόντες
3023 1736 3245 1808 ἷφθημεν,
3279 1738 3408 1812 ἅπερ
3435 1742 3488 1790 ἔκ
3512 1747 3611 1792 τῶν
3635 1738 3923 1811 ’Λρειανῶν,

2341 1824 2422 1874 καί
2448 1829 2546 1874 τῶν
2576 1821 2911 1900 ’Δκολιναρίου
2941 1827 3164 1882 συνέστη
3193 1828 3516 1894 μιασμάτων,
3548 1827 3700 1884 αὐτὸς
3727 1847 3778 1879 τι
3812 1847 3924 1878 παι

675 1916 853 1972 linarii
892 1919 1207 1986 contagione
1227 1918 1558 1981 consistunt;
1609 1917 1722 1984 ipse
1763 1917 2082 1984 paradoxum
2109 1918 2235 1987 quid
2267 1931 2315 1990 Β

2267 1931 2315 1990 Β
2341 1909 2545 1984 ράδοξον
2571 1915 2768 1970 παθὼν.
2800 1914 2983 1983 ὁμοίως
3010 1919 3079 1975 είς
3108 1918 3338 1989 ἑκάτερον
3367 1918 3682 1985 ἐμπέπτωκε.
3712 1921 3811 1969 Καὶ
3849 1923 3924 1972 πῆ

675 2021 960 2076 perpessus
989 2009 1040 2061 in
1075 2017 1357 2076 utrumque
1385 2008 1633 2061 similiter
1673 2007 1858 2060 incidit
1885 2023 1900 2060 :
1925 2019 1980 2062 et
2007 2007 2078 2060 ibi
2119 2012 2237 2076 qui-

671 2099 792 2152 dem
819 2098 943 2152 illud
967 2099 1258 2163 mittendo,
1289 2100 1523 2166 seipsum
1557 2109 1610 2152 et
1637 2112 1916 2153 sermones
1935 2114 2062 2153 suos
2089 2101 2236 2155 visus

669 2196 752 2241 est
796 2187 1139 2243 constituisse
1184 2203 1468 2242 commune
1518 2190 1913 2257 receptaculum
1966 2196 2234 2243 tantorum

669 2280 1004 2334 delictorum.
1041 2283 1121 2336 Sit
1159 2281 1336 2349 itaque
1361 2289 1416 2334 et
1439 2284 1552 2350 ipse
1594 2282 1697 2336 sub
1735 2282 1986 2348 praedicto
2014 2281 2235 2335 anathe-

675 2371 940 2434 matistno,
973 2387 1129 2439 quem
1160 2374 1438 2426 universus
1468 2371 1855 2439 patriarchali<,
1891 2370 2229 2439 pontiﬁcalis,

668 2477 732 2514 ac
763 2461 1104 2516 monachicus
1155 2471 1350 2516 nostra:
1373 2505 1388 2529 ,
1442 2472 1495 2514 ut
1536 2462 1607 2514 ita
1634 2462 1893 2526 dicamus,
1926 2460 2232 2528 reipublicai

671 2565 839 2607 cmtus
863 2555 1006 2622 juste
1039 2555 1091 2608 in
1123 2555 1294 2622 ipsum
1323 2553 1527 2608 induxit
1559 2571 1572 2608 :
1603 2554 1668 2607 de
1697 2552 2080 2619 Theoiiolitana
2108 2555 2231 2620 qui-

667 2645 786 2696 dem
835 2643 1075 2698 Ecclesia
1118 2645 1351 2712 ejectus,
1390 2644 1588 2697 idcirco
1635 2643 1774 2711 quod
1817 2643 2036 2695 thronus
2089 2643 2231 2696 illius

665 2733 836 2798 ipsum
877 2734 1104 2786 removit
1129 2771 1144 2797 ,
1182 2748 1247 2786 eo
1289 2733 1429 2802 quod
1489 2734 1655 2800 ipsius
1705 2733 2055 2801 principatum
2087 2741 2230 2786 recte

669 2842 775 2879 non
806 2835 1110 2895 acceperat,
1143 2825 1239 2880 sed
1269 2823 1444 2878 adhuc
1470 2823 1680 2878 vivente
1703 2838 1769 2877 eo
1793 2865 1807 2886 ,
1841 2824 1968 2877 etin
1998 2823 2227 2876 sanctis-

666 2917 818 2971 simis
868 2917 1121 2971 Ecclesiis
1159 2925 1597 2979 commemorato,
1631 2916 1720 2980 qui
1769 2925 1893 2968 ante
1933 2915 2105 2981 ipsum
2147 2929 2229 2966 Sn-

668 3008 964 3063 cerdotium
997 3009 1244 3075 habebat,
1271 3018 1325 3062 et
1355 3019 1571 3076 propter
1597 3021 1717 3060 eum
1747 3008 1837 3075 qui
1890 3015 2006 3075 post
2054 3007 2227 3072 ipsum

663 3101 762 3153 fuit
785 3139 800 3164 ,
832 3099 900 3154 de
929 3099 1230 3154 sacerdotio
1257 3097 1549 3152 exciderat.
1581 3097 1687 3151 Nec
1734 3111 1862 3151 vero
1914 3111 2228 3167 progressus

666 3195 768 3246 huc
797 3206 965 3260 usque
991 3189 1265 3256 substitit,
1291 3189 1384 3244 sed
1412 3196 1468 3243 et
1495 3187 1596 3242 sub
1617 3189 1881 3242 communi
1913 3188 2228 3242 orthodoxae

2341 2004 2431 2073 μέν
2459 2009 2626 2064 τοῦτο,
2651 2013 2723 2061 πῆ
2751 2004 2805 2057 δέ
2835 2007 2991 2058 ἐκεῖνο
3009 2007 3330 2078 πρεσϐεύων,
3365 2007 3522 2058 κοινὸν
3548 2004 3679 2067 ἔδοξε
3710 2004 3925 2073 δοχεῖον

2337 2093 2513 2148 ἔαυτόν
2540 2115 2596 2148 τε
2624 2097 2702 2149 καί
2726 2098 2849 2155 τοὺς
2878 2099 3032 2149 αὐτοῦ
3069 2098 3249 2167 λόγους
3277 2104 3375 2151 τῶν
3411 2098 3718 2153 τηλικούτων
3747 2097 3919 2164 πλημ-

2335 2182 2632 2252 μελημάτων
2661 2193 3005 2242 καταστῆσαι.
3033 2180 3203 2239 Ἐστω
3228 2188 3392 2238 τοίνυν
3413 2189 3494 2237 καὶ
3522 2186 3674 2243 αὐτὸς
3701 2187 3800 2236 -ζπὸ
3834 2188 3924 2238 τὸν

2334 2275 2589 2345 εἰρημένον
2617 2278 3044 2345 άναθεματισμὸν,
3077 2274 3128 2328 ὃν
3157 2275 3291 2329 ἅπαν
3335 2278 3392 2329 τὸ
3420 2276 3800 2349 πατριαρχικόν
3835 2295 3920 2336 τε,

2333 2368 2419 2418 καί
2459 2366 2732 2438 ἱερατικὸν,
2770 2370 2855 2420 καί
2881 2367 3160 2437 μοναχικόν
3187 2373 3277 2424 τῆς
3315 2367 3580 2438 ἡμετέρας,
3622 2369 3688 2425 ὡς
3730 2369 3915 2427 εἰπεῖν,

2331 2454 2588 2514 πολιτείας
2616 2463 2806 2524 σχῆμα
2831 2452 3032 2516 δικαίως
3058 2457 3307 2528 ἐπήγαγεν
3333 2458 3490 2525 αύτῷ,
3515 2463 3606 2514 τῆς
3635 2457 3724 2524 μὲν
3754 2464 3919 2508 Grou-

2329 2545 2545 2598 πολιτῶν
2585 2547 2958 2618 ἐκϐεϐλημένος,
2998 2545 3123 2601 διότι
3167 2567 3264 2624 περ
3327 2548 3476 2601 αὐτὸν
3523 2546 3548 2600 ὁ
3585 2546 3696 2600 κατ’
3726 2549 3923 2603 εκείνην

2330 2635 2645 2690 ἀπεσείσατο
2674 2637 2864 2710 θρόνος,
2898 2635 2977 2692 οἶα
3027 2637 3153 2708 μηδὲ
3199 2649 3285 2696 τήν
3334 2639 3505 2711 ἀρχὴν
3555 2639 3712 2711 ὀρθῶς
3750 2639 3921 2696 αὐτῆς

2330 2725 2700 2796 έπειλημμίνον,
2737 2728 2842 2781 ἀλλ’
2869 2727 2950 2783 ἔτι
2979 2730 3159 2791 ζῶντός
3185 2749 3238 2781 τε
3270 2731 3349 2781 καί
3381 2730 3426 2780 ἐν
3459 2735 3570 2785 ταῖς
3596 2727 3914 2794 ἁγιωτάταις

2330 2817 2614 2879 ἐκκλησίαις
2647 2821 3136 2890 ἀνακηρυττομένου,
3167 2827 3255 2874 τοῦ
3297 2821 3398 2893 πρὸ
3428 2821 3583 2874 αὐτοῦ
3629 2826 3716 2876 τήν
3757 2820 3921 2891 ἱερω-

2328 2909 2482 2966 σύνην
2512 2911 2820 2979 ἐσχηκότος,
2845 2914 2986 2982 παρά
3016 2908 3066 2963 δέ
3091 2917 3184 2963 τοῦ
3203 2909 3312 2980 μετ’
3337 2911 3488 2963 αύτιίν
3514 2917 3604 2966 τῆς
3633 2909 3923 2980 ἱερωσύνης

2331 2995 2723 3058 ἐκπεπτωκότα-⁸
2758 3002 2815 3052 οὐ
2845 3001 3040 3054 στάντα
3079 2998 3133 3054 δέ
3176 3001 3338 3074 μέχρι
3377 3001 3560 3052 τούτου
3601 2999 3764 3063 μόνον,
3795 2998 3918 3051 ἀλλ’

2327 3086 2421 3145 ἤδη
2466 3090 2674 3144 καίύπό
2719 3091 2874 3144 κοινὸν
2916 3092 3318 3159 άναθιματισμὸν
3372 3098 3463 3148 τῆς
3515 3088 3777 3163 ὀρθοδιξου
3831 3092 3924 3144 καὶ

2328 3178 2589 3240 καθολικῆς
2618 3181 2876 3241 ἐκκλησίας
2903 3182 3185 3252 γενόμενον,
3215 3184 3294 3234 καί
3319 3181 3510 3235 πολλῶν
3537 3183 3652 3249 ἡμῖν
3675 3182 3918 3252 βιϐλίων,

665 3299 726 3337 ac
755 3283 1032 3338 catholicae
1053 3281 1304 3336 Ecclesia:
1325 3279 1773 3335 anathematismo
1801 3282 2023 3345 positus,
2047 3277 2227 3333 multis
2255 3280 2298 3341 C

2255 3280 2298 3341 C
2331 3275 2639 3345 βλασφήμων
2665 3297 2741 3338 τε,
2772 3279 2856 3330 καί
2881 3277 3295 3350 ἀπηγορευμένων
3339 3276 3668 3343 ίμπλήσαντα
3712 3276 3768 3328 τὸ
3810 3296 3916 3327 πο-

664 3375 833 3441 libris,
858 3373 1306 3442 blasphemiisque
1333 3379 1387 3424 et
1415 3371 1894 3425 abominationibus
1917 3371 2067 3423 nobis
2094 3383 2228 3424 rem-

662 3466 926 3534 publicam
981 3463 1239 3533 implevit.
1315 3461 1491 3528 Quare
1543 3461 1804 3515 universis
1864 3460 2226 3517 interdicimus

661 3556 859 3625 ahquid
891 3556 958 3609 de
989 3554 1136 3610 libris
1173 3554 1340 3622 ipsius
1374 3552 1670 3622 possidere.
1705 3554 1770 3606 Et
1799 3553 1932 3606 sicut
1972 3567 2076 3605 non
2104 3552 2228 3605 licet

661 3649 890 3703 Nestorii
916 3648 1080 3703 libros
1107 3648 1365 3711 scribere,
1393 3649 1477 3701 vel
1505 3645 1782 3715 possidere
1809 3646 1828 3712 (
1861 3644 1983 3712 quia
2018 3642 2225 3710 praede-

661 3739 964 3793 cessoribus
1013 3739 1207 3792 nostris
1234 3736 1645 3805 imperatoribus
1676 3737 1728 3790 in
1754 3736 1866 3789 suis
1893 3735 2228 3790 constitutio-

663 3832 818 3885 nibus
851 3832 1024 3886 visum
1071 3839 1152 3884 cst
1193 3838 1428 3882 statuere
1477 3829 1667 3880 similia
1718 3827 1798 3880 his
1841 3842 1961 3895 quze
2002 3825 2143 3878 dicta
2173 3835 2228 3878 et

660 3922 856 3990 srripta
903 3931 1028 3975 sunt
1071 3936 1100 3974 a
1145 3920 1437 3990 Porphyrio
1468 3921 1519 3971 in
1547 3915 1954 3985 Christianos),
2004 3917 2082 3968 sic
2128 3929 2228 3968 nec

659 4016 798 4070 dicta
823 4023 879 4070 et
907 4016 1103 4081 scripta
1134 4015 1316 4066 Severi
1349 4008 1599 4064 maneant
1627 4024 1788 4076 penes
1815 4008 2042 4076 aliquem
2071 4006 2226 4061 Chri.

661 4106 892 4162 stianum
920 4145 935 4167 .
967 4105 1060 4159 sed
1086 4105 1194 4158 sint
1228 4102 1446 4171 profana
1477 4111 1534 4154 et
1571 4103 1740 4154 aliena
1773 4101 1839 4152 ab
1871 4099 2104 4151 Ecclesia
2141 4113 2227 4150 ca-

665 4197 856 4250 tholica
885 4236 899 4258 ,
929 4193 1154 4264 igneque
1191 4192 1572 4246 comburantur
1597 4206 1628 4244 a
1659 4189 2054 4258 possidentibus
2080 4229 2094 4251 ,
2127 4188 2225 4240 nisi

661 4290 751 4356 qui
783 4288 896 4356 ipsa
927 4287 1142 4351 habent,
1177 4284 1346 4338 velint
1395 4281 1688 4352 periculum
1737 4281 1863 4348 pati.
1916 4283 1959 4332 Α
2013 4279 2228 4332 nemine

661 4396 792 4448 ergo
843 4377 1176 4440 scribantur,
1225 4388 1397 4444 neque
1440 4373 1507 4426 ad
1556 4369 2020 4441 pulchritudinem,
2054 4382 2229 4435 neque

661 4473 726 4524 ad
765 4469 1099 4524 velocitatem
1127 4463 1495 4528 scribentium,
1524 4461 1747 4515 sciendo
1772 4460 1892 4529 quia
1939 4455 2228 4524 amputatio

663 4579 849 4622 manus
895 4562 977 4615 his
1002 4562 1090 4630 qui
1145 4559 1340 4626 scripta
1397 4556 1516 4624 ejus
1550 4555 1880 4621 scripserint,
1913 4564 2066 4617 pretia
2097 4549 2224 4602 erit.

2331 3365 2561 3432 λίτευμα.
2590 3363 2748 3419 Ὠστε
2774 3370 2859 3418 καί
2900 3367 3281 3437 άπαγορεύομεν
3321 3364 3491 3417 ἅπασι
3519 3371 3618 3416 τῶν
3661 3365 3820 3416 αὑτοῦ
3862 3385 3920 3418 τι

2331 3455 2599 3510 κεκτῆσθαι
2625 3453 2847 3523 βιϐλίων.
2893 3457 2989 3506 Καὶ
3018 3456 3189 3526 ῶσπερ
3221 3454 3311 3505 ούκ
3339 3448 3510 3513 ἔξεστι
3539 3453 3603 3506 τά
3630 3455 3919 3523 Νεστορίου

2328 3543 2555 3615 γράφειν,
2585 3542 2616 3600 ἦ
2644 3545 2919 3599 κεκτῆσθαι
2946 3543 3139 3614 βιϐλία,
3171 3541 3295 3596 διότι
3320 3549 3429 3600 τοῖς
3457 3544 3555 3613 πρὸ
3584 3543 3721 3611 ἡμῶν
3747 3542 3925 3595 αὐτο-

2328 3633 2616 3707 κράτορσιν,
2646 3633 2696 3684 έν
2725 3639 2842 3692 ταῖς
2883 3633 3073 3687 έαυτῶν
3099 3630 3406 3695 διατάξεων,
3441 3629 3575 3693 ἔδοξε
3621 3638 3724 3689 τοῖς
3764 3634 3925 3704 παρὰ

2329 3725 2606 3794 Πορφυρίου
2636 3725 2765 3776 κατά
2809 3729 3121 3795 Χριστιανῶν
3159 3724 3435 3796 εἰρημένοις
3476 3719 3623 3787 ὃμοια
3662 3723 3923 3774 καθεστα-

2329 3833 2432 3872 ναι,
2463 3813 2594 3866 οὗτω
2623 3817 2748 3882 μήτε
2773 3816 2840 3868 τά
2862 3818 3060 3888 Σευήρῳ
3090 3815 3305 3886 ῥηθέντα
3327 3834 3404 3873 τε,
3434 3817 3517 3864 καί
3541 3815 3787 3887 γραφέντα
3819 3833 3926 3881 με·

2327 3921 2449 3956 νετω
2477 3903 2623 3977 παρά
2651 3923 2746 3956 τινι
2772 3911 3082 3977 Χριστιανῷ,
3122 3904 3225 3957 ἀλλ’
3261 3904 3395 3957 ἴστω
3423 3902 3634 3971 βέϐηλοι,
3663 3904 3743 3953 καί
3766 3902 3928 3956 ἄλλό-

2327 4014 2447 4066 τρεα
2474 4002 2564 4054 τῆς
2606 3995 2863 4054 καὼλικῆς
2890 3997 3177 4060 έκκλησίας,
3217 3997 3345 4068 πυρί
3382 4015 3436 4047 τε
3482 3995 3727 4065 (pr/tae...
3770 3997 3928 4067 παρά

2327 4093 2427 4139 τῶν
2455 4087 2783 4153 κεκτημένων.
2817 4088 2859 4136 εί
2897 4090 2966 4154 μή
3006 4085 3268 4154 βούλονται
3315 4081 3619 4137 κινδυνεύειν
3657 4083 3700 4133 οί
3744 4089 3930 4136 ταῦτα

2328 4173 2562 4245 ἔχοντες.
2606 4176 2878 4248 Γραφέσθω
2920 4195 2974 4229 τε
3020 4175 3162 4248 παρά
3203 4171 3412 4242 μηδενὸς
3452 4173 3509 4225 τὸ
3553 4171 3743 4233 λοιπὸν,
3784 4171 3929 4240 μηδὲ

2327 4276 2425 4323 τῶν
2453 4271 2524 4328 είς
2569 4268 2765 4328 κάλλος,
2799 4265 2926 4335 μηδί
2972 4273 3070 4320 τῶν
3116 4267 3187 4326 είς
3215 4266 3382 4333 τάχος
3428 4263 3736 4334 γιίαγόντων,
3784 4261 3930 4329 μηδὲ

2328 4355 2476 4412 ἄλλου
2518 4359 2650 4418 τινὸς
2690 4366 2792 4411 τῶν
2838 4358 3064 4416 πάντων,
3114 4353 3305 4412 εἶδότος
3353 4354 3420 4412 ὦς
3464 4353 3700 4407 ἀποκοπή
3733 4354 3928 4424 χειρὸς

2327 4448 2475 4505 ἔσται
2501 4457 2612 4510 τοῖς
2635 4451 2700 4504 τά
2729 4451 2918 4502 ἐκείνου
2945 4450 3221 4518 γράφουσιν
3248 4447 3280 4503 ἦ
3305 4447 3471 4500 ποινή.
3505 4441 3634 4496 Ούδί
3660 4443 3756 4516 γάρ
3783 4443 3927 4512 βου-

2326 4540 2512 4611 λόμεθα
2537 4543 2622 4594 καί
2646 4547 2719 4611 τῷ
2755 4539 3032 4608 λειπομένῳ
3073 4537 3248 4606 χρόνῳ
3286 4539 3377 4592 τὴν
3420 4534 3468 4596 ἕξ
3502 4535 3696 4586 ὶκείνων
3728 4534 3928 4586 έπισύο

665 4658 848 4724 l\'eque
881 4622 1293 4707 enim-volumus
1319 4651 1372 4702 in
1405 4622 1584 4700 futuro
1607 4656 1852 4712 tempore
1871 4656 1937 4696 ex
1974 4640 2078 4694 illis
2119 4639 2230 4693 bla-
2260 4630 2310 4690 D

2260 4630 2310 4690 D
2333 4630 2512 4702 ρεσθαι
2535 4629 2876 4699 βλασᾳημίαν.
2909 4626 3122 4694 Ὀμοίως
3151 4623 3205 4678 δέ
3249 4622 3310 4681 δή
3338 4625 3421 4677 καί
3448 4627 3628 4675 τοῦτον
3658 4622 3926 4679 παντοίως

663 4745 956 4808 sphemiam
1004 4740 1262 4809 protrahi.
1295 4738 1555 4794 Similiter
1575 4745 1750 4788 autem
1776 4742 1831 4787 et
1855 4733 1977 4786 huic
2005 4728 2230 4784 interdi-

666 4840 837 4889 cimus
887 4834 1106 4886 omnino
1144 4829 1346 4899 regiam
1371 4829 1637 4883 civitatem
1669 4825 1897 4891 ingredi,
1924 4831 2012 4875 aut
2044 4821 2232 4874 distri-

665 4938 807 4981 ctum
835 4925 974 4994 ejus,
1003 4937 1102 4976 nec
1127 4921 1358 4988 aliquam
1389 4920 1546 4971 aliam
1592 4917 1660 4969 de
1706 4914 2021 4983 insignibus,
2055 4913 2147 4968 sed
2178 4912 2231 4965 in

664 5028 841 5094 aliqua
870 5020 1154 5077 solitudine
1178 5025 1234 5073 et
1259 5018 1312 5071 in
1341 5015 1552 5070 silentio
1580 5013 1770 5068 sedere
1789 5052 1805 5076 ,
1854 5021 1908 5065 et
1964 5025 2068 5064 non
2113 5023 2234 5062 cor-

663 5132 915 5183 rumpere
974 5122 1222 5178 catteros,
1274 5122 1449 5177 neque
1478 5107 1529 5159 in
1551 5103 1936 5172 blasphemiam
1962 5103 2108 5169 ipsos
2137 5099 2233 5152 ad-

664 5212 894 5270 ducere,
927 5215 981 5260 et
1026 5219 1131 5259 non
1159 5215 1372 5269 semper
1401 5195 1600 5264 aliquid
1632 5193 1754 5248 novi
1782 5191 2022 5246 invenire
2048 5199 2235 5243 contra

666 5316 788 5354 tera
828 5299 1076 5365 dogmata
1109 5334 1123 5358 ,
1170 5305 1269 5360 per
1298 5287 1440 5358 quod
1490 5298 1676 5339 rursus
1715 5281 1870 5336 nobis
1911 5278 2235 5334 conturbare

664 5391 1028 5448 sanctissimas
1059 5384 1331 5440 Ecclesias
1359 5379 1594 5435 festinet.

736 5484 866 5536 CAP.
909 5479 971 5535 Il.
1004 5505 1076 5518 —
1104 5476 1206 5530 Sed
1232 5487 1330 5527 nec
1359 5471 1569 5525 Petrum
1618 5469 1925 5533 episcopum
1956 5463 2194 5530 Apamia:
2217 5502 2231 5525 ,

664 5583 720 5630 et
744 5571 900 5628 simul
941 5571 1009 5621 ab
1039 5566 1190 5635 ipsis,
1223 5578 1249 5615 a
1279 5561 1470 5630 quibus
1524 5560 1755 5611 Severus
1778 5596 1793 5619 ,
1851 5553 1950 5606 sub
1982 5552 2234 5618 prmdictu

665 5662 1007 5718 anathemate
1061 5654 1311 5724 positum,
1365 5648 1644 5716 imperium
1700 5645 1972 5706 admittit,
2003 5642 2096 5695 sed
2129 5642 2238 5695 sint

667 5752 844 5807 valida
871 5763 988 5816 «iure
1025 5756 1208 5800 contra
1237 5745 1410 5811 ipsum
1437 5739 1587 5792 fuere
1627 5746 1846 5792 stltuta.
1895 5734 1964 5787 Et
2003 5733 2089 5800 qui
2137 5730 2237 5784 sub

667 5840 941 5903 communi
972 5836 1418 5891 anathematismo
1448 5831 1653 5898 positus
1682 5838 1784 5890 est,
1816 5826 1915 5882 sub
1941 5825 2057 5892 ips-0
2079 5832 2193 5876 esto
2219 5838 2232 5884 ;

2333 4721 2713 4788 ἆπαγορεύομεν
2741 4732 2831 4777 τίς
2852 4714 3110 4787 βασιλίδος
3137 4713 3409 4767 ἐπιϐαίνειν
3438 4710 3628 4769 πολεως
3648 4707 3677 4765 ἧ
3707 4728 3922 4781 περιοι-

2329 4809 2466 4869 κίδος
2505 4811 2684 4874 αὐτῆς,
2717 4805 2869 4866 ἄλλης
2895 4827 2949 4860 τε
2979 4813 3078 4860 τῶν
3121 4806 3501 4876 ἐπισημοτέρων
3539 4805 3690 4870 τινὸς,
3720 4802 3827 4856 ἀλλ’
3869 4807 3925 4858 ἐν

2333 4905 2516 4975 ἐρημίᾳ
2543 4904 2662 4961 τινί,
2703 4902 2790 4954 καί
2829 4901 3032 4969 ἠσυχίᾳ
3077 4898 3346 4955 καθῆσθαι,
3389 4899 3470 4948 καί
3498 4899 3568 4963 μή
3610 4893 3921 4966 διαῖμθείρειν

2331 4993 2557 5063 έτέρους.
2600 4987 2725 5058 μηδέ
2759 4991 2829 5047 είς
2874 4988 3190 5056 βλασφημίαν
3239 4987 3423 5044 αὐτούς
3468 4989 3732 5056 προάγειν,
3776 4983 3915 5051 μηδὲ

2329 5083 2409 5135 άεί
2434 5102 2486 5135 τι
2513 5080 2678 5133 καινὸν
2702 5079 3003 5149 ἐξευρίσκειν
3027 5077 3160 5128 κατά
3183 5082 3282 5129 τῶν
3304 5075 3496 5131 ἀληθῶν
3518 5072 3804 5143 δογμάτων,
3842 5073 3916 5127 δι’

2331 5169 2392 5227 οὗ
2436 5172 2585 5226 πάλιν
2635 5172 2751 5240 ἡμῖν
2797 5169 3108 5240 συνταράξαι
3157 5166 3249 5222 τὰς
3295 5163 3584 5236 ἁγιωτάτας
3641 5164 3914 5222 ἐκκλησίας

2333 5264 2624 5318 σπεύσειεν.
2707 5313 2710 5317 .

2408 5460 2478 5511 Ού
2523 5461 2617 5525 μὴν
2659 5452 2775 5506 οὐδε
2806 5463 2988 5522 Πετρον
3013 5448 3097 5501 τὸν
3123 5445 3399 5514 Ἀπαμείας
3423 5443 3681 5515 γενόμενον
3710 5439 3921 5492 ἐπίσποι

2341 5571 2453 5608 πον,
2483 5551 2568 5600 καί
2611 5545 2718 5613 ἅμα
2746 5547 2835 5611 μὲν
2861 5541 3214 5616 καθῃρημένον,
3247 5536 3352 5606 ἅμα
3381 5533 3437 5589 δέ
3475 5533 3559 5587 ἐπὶ
3602 5539 3706 5589 τοῖς
3746 5532 3920 5589 αὐτοῖς

2341 5635 2412 5709 ἐφ’
2436 5634 2508 5694 οἷς
2536 5642 2747 5708 Σευῆρος
2785 5632 2886 5685 ύπὸ
2929 5631 2986 5684 τὸ
3027 5628 3282 5698 εἰρημένον
3310 5625 3529 5696 ἀνάθεμα
3572 5620 3852 5693 γενόμενον,
3887 5622 3920 5678 ἡ

2342 5730 2578 5807 βασιλεία
2605 5723 2894 5799 προσίεται,
2925 5721 3025 5773 ἀλλ’
3056 5718 3189 5772 ἴστω
3217 5727 3367 5793 κύρια
3395 5719 3478 5768 καί
3503 5717 3567 5767 τά
3611 5711 3724 5765 κατ’
3754 5711 3920 5764 αὐτον

2345 5801 2672 5889 ’ᾇηνισθέντω
2707 5815 2806 5866 Καὶ
2833 5812 2932 5865 ύπό
2957 5812 3038 5863 τὸν
3064 5809 3218 5861 κοινὸν
3243 5809 3454 5874 ταχθείς
3484 5801 3916 5870 ἀναθεματισμὸν,
