4220 6442
283 464 418 525 1101

1501 461 1798 520 CONTRA
1838 463 1965 523 SEV
1979 460 2331 520 EllIANOS.

3395 457 3526 519 1102

291 589 378 640 ὑπ’
408 585 556 639 αὐτὸν
597 581 751 643 ἴστω,
782 589 872 640 τῆς
909 587 1009 635 τῶν
1051 577 1342 649 ἁγιωτάτων
1369 577 1656 651 ἀρχιερέων
1681 575 1863 647 προελ-
1889 573 1940 631 Λ

1852 600 1863 610 -
1889 573 1940 631 Λ
1964 580 2017 623 et
2045 573 2309 626 sententia
2335 573 2787 627 sanetissimorum
2821 575 3126 640 pontificum
3154 615 3171 641 ,
3199 589 3316 643 qua
3348 577 3518 641 ipsum

289 675 480 732 θσύσης
507 669 588 726 έπ’
609 673 782 730 αὐτοῖς
809 670 974 740 ψήφου
1003 670 1179 746 κυρίας
1212 667 1563 737 διαμενούσης.
1604 665 1703 716 οὐκ
1737 665 1861 733 Epit-

293 787 383 833 μεν
410 763 464 817 δέ
505 761 623 816 ούδέ
663 764 826 831 έκείνῳ
867 761 1054 818 ταύτην
1091 761 1236 814 οἰκεῖν
1261 764 1350 816 τὴν
1379 754 1619 828 βασιλίδα
1645 755 1802 812 πόλιν.
1832 752 1862 811 ἦ

291 861 384 912 τήν
420 854 579 912 αὐτῆς
621 848 922 927 περιοικίδα,
966 849 995 906 ἦ
1016 869 1128 904 τινα
1153 855 1252 902 τῶν
1289 847 1623 918 σεμνοτέρων,
1666 843 1770 896 ἀλλ’
1796 839 1864 894 ὧν

293 943 598 1000 ἠκολούθησα
626 950 688 1016 τῇ
714 942 897 1006 πλάνῃ,
933 941 1126 993 τούτων
1153 938 1400 1007 μιμείσθω
1423 939 1504 989 καί
1532 939 1620 990 τὴν
1645 931 1861 994 δίαιταν,

294 1034 648 1102 ἀπῳκισμένος
679 1029 758 1084 ὅτι
798 1029 1135 1101 πορῥωτὰτω,
1181 1027 1265 1079 καί
1303 1026 1534 1100 κρύπτων
1564 1021 1756 1082 ἑαυτὸν,
1797 1023 1866 1080 ὡς

295 1132 406 1182 τοῖς
432 1143 490 1193 γε
530 1124 776 1179 τοιούτοις
820 1121 877 1175 τό
918 1119 1230 1192 κρύπτεσθαι
1276 1117 1456 1187 μᾶλλον
1482 1121 1572 1169 τοῦ
1611 1115 1867 1184 φαίνεσθαι

292 1211 736 1283 λυσιτελέστερον.
767 1207 993 1279 ’Δφανεῖς
1035 1209 1125 1276 μὲν
1154 1208 1252 1277 γὰρ
1281 1204 1418 1266 ίντες
1458 1205 1666 1263 έαυτούς
1712 1224 1868 1256 κατα-

299 1298 560 1369 ϐλᾶφουσι
589 1301 767 1366 μόνους
787 1313 800 1326 ·
832 1296 1220 1365 δημοσιεύοντες
1246 1295 1297 1348 δέ
1326 1295 1390 1348 τὰ
1411 1292 1605 1346 έαυτῶν
1637 1290 1869 1362 δόγματα

299 1387 506 1447 πολλοῖς
529 1395 629 1440 τῶν
655 1386 995 1456 ἆφελεστέρων
1022 1385 1243 1456 ἀφορμήν
1261 1382 1508 1441 ἀπωλείας
1529 1381 1865 1457 παρέχουσιν,

303 1479 436 1548 ὅπερ
465 1477 574 1531 κατ’
621 1475 800 1531 οὐδένα
828 1477 1056 1546 γίνεσθαι
1093 1474 1278 1545 τρόπον
1342 1472 1391 1523 έν
1434 1479 1496 1539 τῇ
1541 1475 1868 1542 Χριστιανικῇ

297 1575 393 1623 τοῦ
424 1573 548 1622 emi
579 1570 789 1638 ποίμνῃ,
835 1568 914 1618 καί
957 1571 1029 1632 τῷ
1072 1559 1316 1635 όρθοδόξῳ
1361 1562 1467 1632 λαῷ
1494 1559 1683 1614 δίκαιόν
1711 1562 1862 1623 ἐστιν,

294 1657 414 1713 ούδέ
442 1658 582 1731 παρὰ
601 1663 692 1715 τῆς
718 1653 978 1723 βασιλείας
1000 1652 1453 1725 συγχωρούμενον.

367 1770 503 1820 Ἐπεί
529 1765 582 1819 δέ
609 1768 692 1819 καί
721 1764 918 1838 Ζωόραν
946 1764 1167 1825 ἠξίωσαν
1196 1757 1318 1820 ὅλως
1344 1759 1442 1812 ὑπὸ
1463 1757 1868 1829 ἀναθεματισμόν

294 1857 342 1910 οἵ
376 1857 808 1924 σεϐασμιὼτατοι.
859 1856 944 1906 καὶ
990 1854 1054 1906 τὰ
1096 1850 1270 1906 δίκαια
1307 1852 1561 1923 κρίναντες
1604 1849 1868 1902 ἐπίσκοποι

1965 661 2242 728 praevenit,
2274 661 2423 715 lirma
2455 673 2782 730 permanet".
2814 662 2992 732 Neque
3021 678 3148 718 vero
3170 661 3525 733 permittimus

1965 750 2038 803 illi
2073 751 2206 805 lianc
2238 749 2434 819 regiam
2459 751 2642 805 urbem
2677 751 2915 805 habitare
2945 792 2959 815 .
2998 762 3087 804 aut
3141 753 3306 822 ipsius
3349 751 3528 806 distri-

1963 847 2106 892 ctum
2128 881 2144 906 ,
2176 841 2260 894 vel
2287 841 2518 908 aliquam
2548 842 2614 894 de
2645 841 2968 908 insignibus;
3001 842 3094 894 scd
3117 857 3344 911 quorum
3368 857 3526 898 secu-

1967 937 2049 983 tus
2095 940 2179 984 est
2228 945 2485 997 errorem,
2530 932 2717 984 borum
2752 933 2987 986 imitetur
3017 936 3185 984 victus
3218 932 3473 986 rationem
3507 972 3525 998 ,

1966 1032 2124 1087 quam
2151 1019 2460 1087 longissime
2490 1020 2597 1073 οδες
2617 1023 2782 1073 edens
2825 1031 2878 1075 et
2916 1021 3194 1074 occultans
3243 1020 3477 1088 seipsum
3510 1037 3527 1085 ;

1967 1123 2089 1162 nam
2117 1110 2308 1164 talibus
2334 1110 2614 1171 occultari,
2636 1126 2792 1178 quam
2822 1113 2985 1166 videri
3019 1114 3194 1166 utilius
3223 1121 3324 1165 est.
3361 1111 3528 1180 lgnoti

1967 1200 2164 1252 etenim
2194 1200 2509 1265 existentes,
2536 1215 2594 1254 se
2625 1201 2767 1268 ipsos
2807 1202 3001 1255 lmdunt
3026 1203 3172 1256 solos
3203 1220 3216 1255 :
3252 1201 3530 1271 publican-

1980 1295 2058 1340 tes
2087 1301 2212 1341 vero
2241 1304 2332 1342 sua
2365 1288 2640 1356 dogmata,
2673 1290 2852 1342 multis
2881 1305 2943 1344 ex
2987 1290 3399 1358 simplicioribus
3434 1303 3531 1344 oc-

1969 1375 2234 1429 casioncm
2297 1377 2608 1443 perditionis
2663 1379 2925 1445 praebent;
2983 1379 3123 1446 quod
3171 1379 3316 1432 nullo
3365 1378 3528 1432 modo

1970 1464 2080 1518 ﬁeri
2133 1465 2185 1518 in
2235 1465 2539 1520 Christiano
2587 1470 2710 1521 ovili
2767 1469 2858 1522 Dei
2895 1478 2952 1523 et
2981 1469 3279 1524 ortltodoxo
3333 1469 3530 1538 populo

1966 1563 2176 1619 equum
2202 1561 2302 1616 est,
2332 1567 2502 1620 neque
2525 1553 2592 1608 ab
2623 1554 2842 1622 imperio
2872 1556 3186 1623 permissum
3212 1565 3312 1611 est.

2041 1739 2166 1793 Car.
2213 1738 2299 1793 lll.
2324 1771 2394 1783 —
2417 1741 2677 1808 Quoniam
2710 1759 2834 1798 vero
2861 1755 2915 1799 et
2941 1745 3163 1801 Zoaram
3186 1747 3400 1818 dignum
3431 1763 3521 1817 pe-

1971 1827 2116 1882 nitus
2159 1829 2464 1896 iudicarunt
2514 1834 2614 1886 sub
2661 1833 3099 1890 anathematismo
3129 1852 3249 1892 esse
3278 1853 3526 1893 reveren-

295 1945 624 2010 ποιήσασθαι,
665 1943 848 2016 μικράν
881 1963 993 1995 τινα
1033 1941 1341 2013 παρενθήκην
1368 1945 1466 1992 τῶν
1484 1937 1720 1990 τοιούτων
1746 1932 1867 1990 ὄντα
1899 1918 1942 1977 Β

1860 1958 1867 1989 ε
1899 1918 1942 1977 Β
1968 1916 2174 1970 dissimi
2201 1959 2217 1983 ,
2250 1928 2302 1971 et
2339 1920 2427 1987 qui
2466 1916 2610 1987 justa
2646 1919 2881 1989 judicant
2930 1923 3161 1992 episcopi
3192 1924 3335 1993 (cum
3369 1938 3526 1993 parva

298 2042 487 2094 κακῶν.
517 2037 567 2086 έν
596 2031 666 2092 οἷς
702 2036 996 2105 ἠτίμσσται,
1040 2031 1098 2084 τό
1136 2035 1254 2101 γοῦν
1281 2027 1405 2089 ὅλως
1428 2035 1612 2095 τυχεῖν
1635 2027 1768 2085 τινός
1793 2028 1872 2078 εύ-

295 2129 600 2195 πυρόσαντα
630 2128 844 2194 μνήμης,
877 2120 1010 2175 ἴστω
1040 2124 1123 2174 καί
1151 2121 1352 2190 Ζωόρας
1380 2127 1470 2177 τῆς
1500 2123 1719 2189 πονηρᾶς
1747 2119 1873 2172 ταύ-

297 2234 390 2271 της
420 2209 645 2282 μερίδος,
671 2213 894 2277 Ἀνθίμου
925 2230 1001 2272 τε,
1024 2212 1104 2261 καί
1135 2212 1369 2283 Σευήρου,
1402 2209 1481 2260 καί
1509 2209 1695 2280 Πέτρου
1717 2208 1872 2274 φαμέν

297 2301 590 2371 παρενθήκη
630 2320 708 2358 τις
748 2299 968 2359 εὐτελὴς,
1010 2301 1092 2351 καί
1125 2299 1175 2349 ὲν
1203 2306 1309 2356 τοῖς
1343 2297 1872 2363 ἁνατεθεματισμένοις

297 2392 384 2440 καί
419 2389 576 2446 αὐτὸς
617 2389 855 2458 τετάχθω
885 2396 976 2446 τῆς
1019 2388 1270 2460 ἱερατικῆς
1299 2386 1446 2439 αὐτὸν
1473 2384 1872 2455 κατενεγκούσης

297 2477 489 2548 ψήφου,
525 2477 584 2533 ἢν
609 2479 787 2549 κυρίαν
815 2479 900 2530 καί
936 2477 1092 2534 αύτην
1128 2472 1196 2547 ip‘
1218 2475 1400 2533 έαυτῆς
1429 2467 1606 2529 οὖσαν.
1629 2473 1870 2546 κύριωτέ-

295 2586 393 2636 ραν
419 2564 449 2618 ε’
450 2588 500 2620 τι
526 2567 708 2635 μᾶλλον
729 2569 759 2623 ἡ
785 2565 1018 2635 βασιλεία
1045 2572 1200 2627 ποιεῖ,
1227 2567 1309 2616 καί
1332 2569 1504 2618 τοῦτον
1541 2563 1870 2626 έξελαύνουσα

293 2661 384 2713 τῆς
411 2653 672 2723 βασιλίδος
695 2653 886 2712 ταύτης
914 2654 1125 2714 πόλιως,
1145 2654 1228 2705 καί
1254 2657 1344 2710 τῆς
1367 2653 1520 2710 αὐτῆς
1540 2649 1864 2725 περιοικέδος,

296 2741 384 2790 καί
413 2740 498 2790 έπί
519 2744 609 2794 τὴν
646 2745 744 2789 τῶν
784 2737 971 2791 πόλεων
995 2735 1189 2794 οἴκησιν
1227 2737 1362 2803 αύτῷ
1394 2739 1642 2794 παντοίως
1676 2739 1870 2806 ἀπαγο-

297 2821 544 2890 ρεύουσα.
571 2822 702 2874 ὥστε
716 2821 826 2891 μετ’
847 2824 1039 2874 ἐκείνων
1060 2821 1221 2892 μόνων
1243 2822 1388 2872 οἰκεῖν
1408 2839 1483 2882 τε,
1509 2822 1590 2872 καί
1611 2819 1870 2888 βουλεύεσ-

295 2913 380 2962 θαι
403 2917 506 2963 τῶν
547 2908 832 2982 ἔμπροσθεν
857 2913 970 2977 ἡμῖν
1011 2913 1298 2982 εἰρημένων,
1330 2909 1480 2980 ὅμοια
1518 2912 1608 2980 μέν
1642 2911 1869 2981 βλασφη-
1897 2939 1908 2970 ι

295 3003 546 3068 μούντων,
573 2999 725 3068 ὅμοια
753 2998 805 3053 δέ
848 3003 930 3053 καί
974 3000 1242 3061 παθόντων,
1269 2999 1449 3068 ὁμοίως
1478 2998 1530 3054 δέ
1570 3003 1650 3054 καί
1677 3020 1868 3073 περιω·

297 3091 569 3160 ρισμένων.
592 3093 650 3139 Εἰ
673 3087 725 3142 δέ
740 3112 791 3144 τι
815 3092 896 3142 καί
921 3089 1089 3161 ἕτερον
1119 3097 1180 3162 τῇ
1211 3097 1308 3142 τῶν
1337 3089 1632 3158 ἁγιωτάτων
1661 3092 1867 3144 έπισκό-

296 3198 408 3231 πων
435 3179 735 3250 περιέχεται
759 3178 904 3250 ψήφῳ
1010 3183 1126 3238 τούς
1145 3181 1536 3253 προειρημένους
1563 3181 1866 3252 καθαιρούσῃ

1973 2007 2215 2075 quaedam
2246 2010 2428 2064 talium
2456 2012 2714 2066 malorum
2739 2013 3070 2084 interpositio
3094 2016 3223 2088 sit),
3248 2028 3301 2071 et
3333 2018 3382 2071 iu
3413 2017 3530 2087 qui-

1972 2095 2071 2150 bus
2095 2098 2473 2153 debonestatus
2513 2108 2626 2164 est,
2669 2105 2846 2156 omnia
2875 2105 3116 2160 videlicet
3136 2105 3530 2174 comprehendo

1971 2205 2036 2244 ex
2069 2194 2322 2246 memoria
2353 2195 2580 2264 quadam
2613 2197 2940 2264 abundanti;
2973 2201 3040 2253 sit
3069 2212 3120 2254 et
3144 2201 3337 2254 Zoaras
3367 2202 3530 2255 inter-

1972 2282 2165 2349 positio
2201 2285 2441 2353 qua-dam
2490 2303 2648 2356 parva
2692 2289 2848 2358 hujus
2895 2292 3046 2344 mala:
3078 2294 3239 2361 partis
3269 2291 3528 2363 (Antbimi

1971 2369 2193 2426 dicimus
2243 2381 2299 2428 et
2340 2374 2523 2430 Severi
2577 2391 2640 2430 ac
2679 2377 2900 2446 Petri),
2946 2388 3001 2434 et
3055 2391 3363 2436 numeretur
3413 2381 3527 2450 ipse

1968 2473 2181 2530 quoque
2208 2462 2347 2518 inter
2373 2465 2865 2533 anathematizatos,
2898 2484 3046 2523 sacra
3075 2470 3330 2525 sententia
3357 2472 3526 2539 ipsum

1967 2551 2250 2621 dejiciente
2281 2573 2293 2606 :
2322 2571 2477 2622 quam
2527 2557 2732 2610 ﬁrmam
2788 2569 2842 2613 et
2893 2560 3058 2628 ipsam
3108 2577 3170 2615 ex
3203 2564 3376 2629 seipsa
3411 2563 3528 2617 exi-

1967 2652 2232 2706 stentem,
2278 2645 2449 2699 adhuc
2502 2648 2785 2701 ﬁrmiorem
2855 2649 3134 2718 imperium
3182 2651 3353 2706 reddit
3401 2667 3416 2704 :
3476 2659 3532 2706 et

1973 2730 2112 2784 hunc
2136 2732 2208 2785 de
2238 2734 2336 2787 hac
2363 2737 2505 2801 regia
2537 2737 2670 2790 urbe
2698 2747 2749 2791 et
2779 2739 2896 2806 ejus
2924 2739 3162 2793 districtu
3207 2740 3388 2808 abjicit
3415 2781 3430 2806 ,
3476 2751 3532 2794 et

1971 2817 2350 2876 habitationem
2383 2822 2434 2876 in
2462 2825 2580 2879 aliis
2620 2828 2920 2882 civitatibus
2961 2829 3058 2897 ipsi
3107 2829 3324 2883 omnino
3365 2829 3529 2884 inter-

1971 2907 2100 2964 dicit
2125 2927 2140 2975 ;
2169 2910 2345 2981 itaque
2365 2928 2483 2967 cum
2515 2914 2618 2968 illis
2646 2917 2774 2969 solis
2796 2917 2990 2971 habitet
3020 2928 3072 2973 ct
3097 2920 3362 2973 consultet
3386 2921 3474 2989 qui
3499 2936 3525 2971 a

1972 3004 2124 3055 nobis
2154 3013 2277 3057 ante
2308 3006 2584 3057 memorati
2616 3017 2739 3058 sunt
2765 3023 2776 3058 :
2805 3009 2892 3075 qui
2933 3010 3121 3062 similia
3170 3011 3380 3078 quidem
3413 3010 3524 3064 blao

1969 3092 2247 3158 splien-aut
2277 3132 2291 3153 .
2343 3092 2536 3146 similia
2594 3109 2716 3147 vero
2762 3098 3047 3162 patiuntur,
3093 3108 3144 3150 et
3198 3097 3444 3153 similiter
3472 3099 3524 3152 iu

1969 3180 2188 3234 exilium
2237 3182 2537 3236 mittuntur.
2585 3182 2640 3236 Si
2678 3185 2800 3252 quid
2849 3200 2972 3239 vero
3015 3183 3156 3239 aliud
3183 3186 3234 3240 iu
3264 3190 3529 3242 sententia

301 3292 376 3331 τε,
406 3270 491 3320 καί
527 3269 977 3340 ἀναθεματιζούσῃ,
1013 3270 1180 3344 κύριον
1223 3267 1277 3323 δέ
1319 3271 1404 3321 καί
1431 3273 1583 3322 τοῦτο
1612 3269 1863 3340 τιθέμεθα,
1892 3267 1936 3325 C

1892 3267 1936 3325 C
1967 3271 2425 3326 sanctissimorum
2479 3273 2849 3342 episcoporum
2897 3278 3220 3342 continetur,
3251 3295 3370 3348 quae
3392 3296 3530 3351 pra?-

299 3360 385 3410 καί
410 3364 514 3415 τοῖς
553 3361 718 3420 θείοις,
749 3361 830 3410 καί
858 3358 1131 3429 βασιλικοῖς
1161 3361 1297 3426 ἡμῶν
1347 3360 1472 3412 αύτό
1501 3360 1667 3427 νόμοις
1696 3362 1861 3411 έττικυ·

299 3453 507 3520 ροῦμεν,
535 3449 602 3506 ὡς
624 3442 684 3499 ἂν
725 3450 770 3500 εἰ
815 3450 959 3519 παρὰ
1003 3456 1093 3506 τῆς
1130 3448 1392 3516 βασιλείας
1435 3452 1595 3507 αὐτῆς
1630 3449 1866 3526 προελθὸν

299 3539 600 3608 ἐτύγχανεν.
623 3541 676 3589 Εἰ
704 3535 755 3590 δέ
777 3538 862 3590 καί
886 3559 961 3597 τις
990 3540 1152 3592 αὐτῶν
1184 3540 1320 3595 ἁλοίη
1345 3543 1398 3593 τό
1427 3540 1602 3594 λοιπόν
1627 3543 1863 3615 πράττων

298 3649 350 3680 τι
369 3628 516 3694 παρὰ
562 3628 627 3680 τὰ
672 3624 1102 3696 διατετυπωμένα,
1135 3625 1264 3680 ἴστω
1310 3631 1394 3680 καί
1442 3637 1549 3687 τοῖς
1590 3629 1868 3698 βασιλικοῖς

299 3717 720 3784 ύποπεσούμενος
749 3717 948 3786 νόμοις,
981 3716 1026 3769 οἳ
1052 3712 1145 3775 τὰς
1178 3718 1413 3776 έλὰττους
1451 3725 1550 3772 τῶν
1578 3727 1756 3772 ποινῶν
1788 3727 1868 3772 ἰκ-

300 3805 569 3868 κλίνοντες,
610 3808 680 3864 εἰς
731 3808 934 3874 μείζους
989 3806 1294 3874 έμϐἀλλουσι
1338 3808 1434 3865 τὰς
1471 3808 1864 3879 ἀγανακτήσεις.

298 3894 701 3967 ’Λπαγορεύομεν
726 3895 781 3950 δέ
807 3898 891 3950 καί
912 3900 1065 3951 παντί
1090 3903 1163 3969 τῷ
1187 3902 1278 3953 τήν
1307 3897 1564 3954 καθολικὴν
1609 3897 1870 3956 ἐκκλησίαν

300 3993 395 4041 τοῦ
420 3993 549 4040 Θεοῦ
577 3985 801 4056 διασπᾷν
828 3988 1194 4060 έπιχειροῦντι,
1215 3987 1312 4042 εἴτε
1336 3990 1465 4042 κατᾶ
1479 3994 1568 4047 τήν
1591 3993 1865 4062 Νεστορίου

301 4081 396 4129 τοῦ
422 4076 792 4149 φρινοέλαϐοὖς
818 4077 1082 4147 ὑφήγησιν,
1115 4076 1212 4131 εἴτε
1253 4081 1376 4131 κατά
1409 4084 1498 4136 τὴν
1521 4079 1730 4136 ἀνόητον
1769 4076 1870 4131 Εὗ-

302 4175 509 4236 τυχοῦς
554 4165 849 4241 παράδοσιν,
878 4167 976 4222 εἴτε
1017 4172 1144 4222 κατά
1180 4176 1268 4226 τὴν
1300 4177 1516 4247 Σιυήρου
1553 4174 1870 4246 βλασφημίαν

307 4260 470 4312 ταυτα
492 4260 732 4316 κάκείνοις
759 4263 1044 4321 νοήσαντος,
1079 4258 1172 4312 εἴτε
1203 4268 1300 4313 τῶν
1328 4264 1527 4323 ἐκείνοις
1547 4267 1870 4319 ἀκολουθούν-

303 4370 403 4401 των
431 4356 539 4406 ταῖς
565 4347 872 4419 ἁγιωτάταις
891 4351 1199 4410 Ἐκκλησίαις
1222 4355 1461 4425 ταραχάς
1484 4356 1755 4426 έμϐὁιλλειν,
1786 4361 1872 4411 καί

299 4439 598 4509 φθέγγεσθαί
627 4460 674 4492 τι
702 4441 819 4508 περί
861 4443 1103 4498 πίστεως⁶
1151 4442 1274 4495 ἀλλά
1322 4446 1621 4514 θεσπίζομεν
1660 4449 1870 4502 ἕκαστον

302 4534 406 4579 τῶν
430 4529 666 4578 τοιούτων
697 4533 785 4584 τήν
815 4530 1040 4597 ἡσυχίαν
1070 4526 1227 4601 ἄγειν.
1261 4536 1343 4585 καί
1372 4532 1491 4590 μηδὲ
1513 4537 1773 4606 συγκαλεῖν
1797 4539 1867 4597 εἰς

1966 3361 2135 3416 dictos
2159 3361 2410 3431 deponit,
2431 3372 2487 3418 et
2509 3364 2938 3430 anathematizat,
2971 3367 3072 3421 hoc
3102 3367 3306 3423 ﬁrmius
3338 3370 3520 3425 reddi-

1968 3467 2085 3506 mus
2105 3460 2160 3506 et
2185 3451 2402 3518 divinis,
2435 3468 2498 3506 ac
2526 3454 2883 3522 imperialibus
2905 3460 3101 3512 nostris
3128 3459 3329 3528 legibus
3360 3460 3530 3530 ipSuttt

1977 3541 2413 3606 corroboramus,
2442 3557 2506 3597 ac
2535 3544 2578 3596 si
2597 3544 2665 3598 ab
2694 3547 2916 3614 imperio
2949 3549 3067 3616 ipso
3096 3546 3442 3618 provenisset.
3475 3553 3531 3606 Si

1971 3644 2099 3683 vero
2120 3629 2311 3699 aliquis
2336 3631 2568 3700 ipsorum
2596 3634 3022 3703 deprehendatur
3044 3639 3110 3693 de
3139 3648 3332 3694 extero
3355 3639 3532 3698 laci-re

1970 3720 2169 3790 aliquid
2200 3732 2392 3790 praeter
2420 3726 2722 3792 constituta,
2770 3728 2903 3781 sciat
2935 3743 2992 3782 se
3021 3729 3274 3784 incidisse
3298 3731 3352 3786 in
3378 3731 3525 3803 leges

1972 3812 2299 3882 imperiales,
2323 3829 2443 3884 quae
2472 3817 2707 3871 minores
2740 3833 2920 3885 pinnas
2938 3821 3286 3884 declinantes,
3323 3824 3390 3878 ad
3419 3841 3532 3877 ma—

1967 3902 2116 3972 jores
2143 3903 2436 3959 immittunt
2479 3905 2886 3977 indignationes.
2935 3911 3306 3968 lnterdicimus
3351 3924 3526 3968 autem

1971 4001 2025 4046 et
2048 3992 2295 4048 omnibus
2315 3996 2634 4052 conantibus
2659 3999 2973 4078 catholicam
2999 4003 3088 4056 Dei
3122 4005 3413 4059 Ecclesiam
3451 4008 3534 4060 di-

1973 4082 2174 4138 vellere
2196 4085 2336 4155 (sive
2357 4088 2645 4142 secundum
2667 4089 2893 4146 Nestorii
2936 4093 3171 4150 haeretici
3207 4095 3528 4162 doctrinam,

1970 4172 2084 4227 sive
2123 4175 2415 4229 secundum
2447 4178 2704 4233 insensati
2733 4182 2986 4252 Eutycltis
3035 4185 3395 4255 traditionem,
3420 4189 3534 4244 sive

1972 4264 2263 4318 secundum
2311 4266 2692 4335 blasphemiam
2727 4271 2934 4339 Severi,
2961 4273 3052 4343 qui
3091 4287 3147 4332 et
3194 4277 3390 4334 similia
3432 4279 3536 4336 illis

1973 4350 2248 4418 intellexit,
2274 4364 2364 4408 aut
2388 4370 2571 4411 eorum
2594 4361 2681 4427 qui
2709 4361 2828 4415 illos
2847 4369 3186 4434 sequuntur),
3216 4367 3532 4424 seditionem

1973 4443 2256 4498 immittere
2285 4447 2634 4502 sanctissimis
2658 4449 2929 4520 Eccles’is,
2957 4462 3010 4508 et
3050 4453 3192 4524 loqui
3228 4455 3424 4526 aliquid
3465 4459 3533 4512 de

1974 4533 2107 4597 lide;
2141 4533 2235 4588 sed
2259 4536 2526 4592 sancimus
2556 4540 2849 4604 quemlibet
2893 4543 3075 4597 talium
3097 4545 3332 4614 quietum
3361 4561 3482 4602 esse
3513 4588 3530 4612 ,

303 4612 490 4669 ἑαυτόν
517 4637 680 4677 τινας,
708 4622 832 4686 μήτε
865 4619 1165 4692 προσιόντας
1193 4619 1462 4690 δέχεσθαι,
1484 4622 1514 4681 ἦ
1542 4625 1873 4697 παραϐαπτί-
1904 4617 1952 4676 D

1867 4655 1873 4664 -
1904 4617 1952 4676 D
1978 4633 2032 4677 et
2058 4639 2162 4676 non
2189 4639 2488 4684 convocare
2514 4630 2717 4701 aliquos
2755 4631 2820 4686 ad
2850 4647 2909 4688 se
2933 4671 2950 4698 ,
3001 4612 3171 4706 neque
3218 4637 3533 4692 accedentes

303 4711 408 4770 ζειν
434 4707 651 4782 θαρῥεῖν·
688 4706 716 4764 ἦ
751 4713 840 4763 τήν
869 4707 1002 4778 ίεράν
1039 4713 1294 4764 κοινωνίαν
1319 4711 1600 4782 ῥυπαίνειν,
1635 4717 1719 4767 καί
1747 4717 1872 4768 ταύο

303 4815 401 4856 της
429 4795 749 4867 μεταδιδόναι
776 4802 929 4862 τισίν,
958 4799 987 4857 ἦ
1010 4803 1102 4859 τὰς
1125 4803 1534 4876 ἀπηγορευμένας
1553 4804 1876 4867 διδασκαλίας

305 4890 630 4958 ὑφηγεῖσθαι,
664 4887 692 4946 ἦ
723 4890 806 4942 έπί
832 4892 1020 4948 ταύτης
1049 4899 1138 4950 τῆς
1169 4893 1432 4962 βασιλίδος
1481 4897 1617 4964 ἡμῶν
1664 4899 1875 4963 πόλεως,

305 4977 338 5033 ἦ
367 4975 438 5046 ἐφ’
469 4977 664 5048 έτέρας,
693 4976 795 5028 ἀλλ’
823 4978 1099 5049 emacem
1121 4982 1287 5034 πάντα
1314 4982 1553 5048 κίνδυνον,
1586 4984 1634 5038 εἴ
1648 5007 1698 5040 τι
1725 4995 1879 5040 τοιοῦ-

306 5085 394 5118 τον
415 5064 673 5139 πράξαιεν.
707 5063 1106 5139 ’Δπαγορεύομεν
1133 5067 1183 5122 δέ
1231 5075 1312 5124 καί
1349 5079 1484 5126 πᾶσι
1511 5077 1721 5135 τούτους
1748 5081 1875 5130 ύπο-

302 5152 574 5223 δέχεσθαι.
604 5155 916 5210 ’Δπελαύνειν
957 5162 1046 5226 μέν
1091 5154 1178 5212 οὖν
1217 5163 1512 5232 θεσπίζομεν
1553 5167 1738 5226 αύτούς
1775 5175 1874 5220 τῶν

304 5245 400 5297 ὑπ’
428 5247 593 5298 αύτῶν
634 5249 1016 5317 ταραττομένων
1052 5249 1257 5315 πόλεων,
1299 5252 1495 5315 εἰδότας
1542 5259 1634 5315 τὰς
1678 5259 1872 5320 ποινὰς,

304 5337 401 5393 τὰς
423 5343 537 5393 ταῖς
561 5338 709 5395 θείαις
735 5338 872 5399 ἡμῶν
890 5335 984 5394 ἤδη
1005 5342 1370 5411 περιεχομένας
1394 5341 1698 5408 διατάξισιν,
1723 5348 1872 5418 αἴπερ

303 5428 394 5476 καὶ
423 5427 515 5482 τὰς
541 5426 697 5482 οτκίας
727 5419 901 5486 αύτᾶς,
941 5426 988 5476 έν
1018 5423 1096 5486 αἷς
1124 5429 1347 5482 τοιοῦτόν
1380 5450 1429 5482 τι
1459 5435 1759 5502 πράττεται,
1790 5438 1874 5486 καί

304 5520 376 5570 τὰ
407 5517 576 5586 χωρία
596 5515 646 5576 ἐξ
673 5509 738 5566 ὧν
763 5517 854 5572 τὰς
877 5515 1164 5588 ἁποτροφάς
1192 5527 1552 5589 χορηγοῦνται,
1579 5529 1692 5580 ταῖς
1722 5522 1874 5594 ἁγιω-

303 5603 488 5660 τάταις
514 5602 828 5662 Ἐκκλησίαις
870 5610 1239 5680 προσκυροῦσι,
1292 5615 1391 5671 τῷν
1431 5611 1522 5677 μὲν
1568 5614 1872 5679 κεκτημένων

303 5692 688 5764 ἀφαιρούμεναι.
718 5691 846 5748 διότι
888 5694 1077 5762 βλάϐης
1107 5697 1245 5750 αἰτία
1281 5706 1387 5759 τοῖς
1412 5698 1776 5774 ἁπλουστέροις
1802 5706 1872 5771 γί-

301 5803 468 5842 νεται,
501 5782 600 5834 ύπὸ
630 5781 680 5834 δέ
710 5785 799 5841 τὰς
821 5783 1104 5855 ἁγιωτάτας
1147 5789 1230 5840 καί
1269 5787 1554 5854 όρθοδόξους
1581 5791 1871 5851 Ἑκκλησίας

1976 4714 2233 4781 recipere,
2264 4723 2355 4767 aut
2379 4731 2658 4790 perperam
2685 4717 2952 4789 baptizare
2975 4723 3190 4787 audere,
3213 4733 3306 4780 aut
3328 4739 3532 4781 sacram

1975 4802 2406 4858 communionem
2433 4807 2728 4876 sordidare,
2745 4818 2799 4864 et
2827 4811 2993 4879 ipsam
3013 4812 3280 4881 aliquibus
3302 4815 3533 4883 tradere,

1978 4901 2066 4944 aut
2096 4889 2406 4949 interdictas
2443 4890 2710 4951 doctrinas
2739 4913 3006 4970 exponere
3023 4903 3136 4956 sive
3159 4905 3213 4960 in
3233 4903 3334 4960 hac
3350 4915 3530 4960 nostra

1977 4980 2143 5048 regia,
2195 4980 2308 5035 sive
2354 4982 2405 5036 in
2453 4985 2556 5042 alia
2594 4985 2846 5050 civitate;
2897 4990 2990 5045 sed
3032 5006 3192 5047 omne
3242 4993 3530 5060 periculum

1979 5068 2328 5124 reformidare
2353 5110 2368 5130 .
2399 5071 2444 5127 si
2476 5074 2600 5141 quid
2633 5077 2736 5131 tale
2761 5076 2936 5133 faciat.
2981 5081 3346 5136 Interdiciinus
3369 5085 3528 5139 etiam

1976 5157 2245 5222 omnibus.
2279 5173 2346 5218 ne
2373 5161 2502 5217 istos
2531 5165 2843 5232 suscipiant.
2874 5166 3048 5236 Abjici
3085 5183 3210 5237 ergo
3242 5171 3382 5238 ipsos
3412 5187 3536 5226 sane

1975 5247 2144 5298 cimus
2187 5247 2253 5301 de
2305 5248 2607 5303 civitatibus
2644 5252 2711 5305 ab
2763 5255 2890 5322 ipsis
2925 5257 3202 5314 concitatis
3235 5299 3250 5322 ,
3300 5262 3531 5315 scientes

1979 5347 2161 5399 pmnas
2187 5335 2296 5402 jam
2327 5347 2601 5392 contentas
2630 5340 2682 5393 in
2718 5343 2915 5397 nostris
2950 5344 3143 5400 divinis
3193 5349 3530 5407 constitutio-

1976 5423 2151 5485 nibus,
2181 5439 2299 5493 quae
2325 5433 2378 5478 et
2405 5426 2591 5480 domos
2645 5429 2802 5497 ipsas,
2854 5433 2906 5486 in
2951 5434 3140 5500 quibus
3171 5436 3274 5492 tale
3299 5439 3422 5507 quid
3452 5440 3530 5506 lit.

1974 5519 2028 5564 et
2064 5525 2280 5578 campos
2308 5528 2374 5565 ex
2400 5515 2594 5582 quibus
2622 5518 2940 5574 nutrimenta
2965 5523 3282 5592 praebentur,
3309 5530 3533 5584 sanctis-

1974 5611 2119 5663 simis
2134 5611 2384 5666 Ecclesiis
2407 5616 2692 5684 assignant,
2717 5626 2768 5672 et
2785 5633 2812 5672 a
2844 5621 3228 5688 possidentibus
3254 5625 3525 5693 auferunt.

1974 5704 2092 5772 quia
2115 5703 2419 5759 detrimenti
2443 5721 2598 5761 causa
2631 5711 2686 5762 lit
2711 5713 3150 5779 simplicioribus;
3177 5719 3530 5777 sanctissimis

1977 5808 2100 5845 vero
2152 5803 2205 5847 et
2250 5794 2560 5854 o'rtbodoxis
2596 5800 2842 5856 Ecclesiis
2891 5803 3003 5856 ba-c
3047 5805 3188 5873 juste
3222 5810 3524 5874 subjiciunt.
