4220 6442
293 392 445 468 nos
1216 403 1656 464 'I‘llACTA'I‘US
1693 404 1988 463 suum
2029 399 2630 462 nonorarsvms.
3413 393 3543 457 not:

287 521 487 587 ἔγγὺς.
549 518 665 570 ὅσοι
718 515 777 567 τὸ
826 515 919 583 τῆς
968 515 1204 576 πίστεως
1255 517 1348 568 καὶ
1393 517 1618 586 εἰρήνης
1666 514 1873 582 ἀγαθὸν

1983 514 2325 576 mandamus,
2361 511 2556 566 audito
2582 526 2649 564 ex
2688 508 2776 563 his
2799 523 2921 578 qua:
2945 507 3014 563 ad
3047 523 3149 563 nos
3183 510 3388 579 scripta
3419 520 3548 564 sunt

289 609 666 677 ἀσπαζόμενοι
716 607 1020 672 φαίνονται.
1081 607 1267 660 Ταῦτα
1301 607 1356 660 δέ
1394 624 1576 677 φαμεν
1609 608 1744 676 πρὸς
1781 609 1869 674 τὴν

1983 624 2002 659 ι
2019 606 2340 660 beatissimo
2356 603 2781 672 archiepiscopo
2795 601 3138 656 Alexandria:
3154 615 3218 656 ac
3232 602 3549 670 patriarcha

290 699 573 770 ὑμετέραν
605 697 884 765 θεοφιλίαν
906 737 921 759 ,
981 697 1366 768 μεμαθηκότες
1398 697 1464 750 ὲκ
1494 696 1604 750 τῶν
1633 694 1873 766 γραφέν-

1983 697 2147 760 ιοίιο,
2177 696 2325 764 quod
2354 697 2468 752 Deo
2499 695 2725 750 charum
2752 709 2941 764 pacem
2975 693 3291 764 diligentes,
3322 694 3391 748 ad
3417 711 3540 748 san-

284 809 404 845 των
448 793 580 860 ἡμῖν
630 793 782 862 πιρά
828 789 926 842 τοῦ
973 790 1398 862 μακαριωτάτου
1439 790 1872 860 ἀρχιεπισκὸπου

1983 800 2118 848 ctam
2148 787 2244 841 Dei
2288 787 2588 841 Ecclesiam
2619 785 3007 841 accurrissetis
3033 825 3049 851 ,
3089 784 3343 856 dogmata
3396 785 3450 838 in
3487 803 3550 840 ea

289 884 397 951 τῆς
434 881 831 952 Ἀλεξανδρέων
874 881 971 934 καὶ
1003 882 1346 951 πατριάρχου
1376 881 1603 943 Ζωΐλου,
1653 881 1734 933 ὅτι
1775 881 1875 951 τὴν

291 974 374 1044 τῷ
405 974 525 1044 Θεῷ
566 974 730 1042 φίλην
770 974 998 1043 εἰρήνην
1035 973 1422 1041 ἀσπασάμενοι
1464 972 1874 1042 προσεδράμετε

293 1068 362 1136 τῇ
403 1065 536 1137 ἁγίᾳ.
580 1064 678 1118 τοῦ
717 1063 853 1118 Θεοῦ
892 1064 1212 1134 Ἐκκλησία,
1247 1065 1546 1135 εὑρηκότες
1575 1065 1712 1134 ὀρθά
1738 1060 1877 1116 εἶναι

292 1157 366 1208 σὰ
399 1157 457 1208 ὲν
482 1157 618 1226 αὐτῇ
650 1155 1034 1226 κηρυττόμενα
1063 1156 1309 1225 δόγματα
1333 1193 1349 1220 ,
1400 1155 1467 1208 δι’
1492 1149 1566 1208 ὧν
1602 1158 1750 1208 πᾶσα
1781 1155 1880 1224 μὲν

294 1249 511 1318 αἵρεσις
571 1248 952 1319 ἀπελήλαται,
1015 1250 1415 1318 κατακέκριται
1460 1247 1515 1300 δὲ
1577 1248 1672 1300 καὶ
1722 1246 1881 1300 ἐκϐέ-

293 1341 546 1412 ϐληταιη
568 1357 624 1394 τε
655 1341 869 1394 ιιαύλου
895 1341 988 1394 καὶ
1012 1339 1312 1411 Νεστορίου
1335 1339 1618 1409 διαίρεσις,
1645 1338 1751 1390 τῶν
1773 1339 1883 1402 τοῖς

1976 880 2274 950 praedicata
2303 895 2430 933 vera
2455 880 2771 948 iudicantes
2803 919 2818 943 ,
2853 878 3062 949 quibus
3102 878 3285 933 omnis
3324 877 3554 932 haeresis

1977 972 2221 1034 exclusa,
2251 970 2507 1024 damnata
2537 971 2963 1040 atque-expulsa
2984 979 3073 1026 est
3088 970 3205 1026 sive
3224 969 3406 1031 Pauli,
3438 969 3554 1022 sire

1979 1061 2244 1126 Nestorii,
2264 1059 2458 1115 oculos
2481 1059 2686 1114 mentis
2713 1075 2828 1114 sua:
2850 1059 3274 1122 obcarcatorum,
3288 1058 3556 1127 juxtaque

1977 1153 2292 1209 Judaaorum
2312 1155 2580 1208 insaniam
2595 1152 2806 1208 Christi
2830 1152 3180 1206 divinitatem
3198 1150 3554 1222 negantium;

1980 1245 2294 1315 quibusque
2328 1245 2588 1300 similiter
2614 1244 2875 1300 damnata
2904 1243 3248 1314 expulsaque
3287 1251 3374 1298 est
3399 1241 3562 1310 Apol.

1983 1337 2165 1391 linarii
2190 1351 2254 1389 ac
2278 1336 2540 1406 Eutycliis
2555 1336 2874 1406 coniunctio
2896 1350 2995 1391 seu
3029 1333 3342 1390 commistio
3364 1348 3558 1388 eorum

298 1432 398 1500 τῆς
445 1431 628 1502 ψυχῆς
672 1431 886 1502 ῑμμασι
937 1431 1366 1500 τυφλωττόντων
1393 1472 1406 1492 ,
1461 1431 1554 1484 καὶ
1607 1431 1747 1484 κατά
1787 1433 1884 1500 τὴν

1984 1427 2188 1496 quibus
2231 1442 2360 1481 vera
2409 1425 2614 1481 Christi
2663 1427 2979 1482 humanitas
3017 1426 3273 1484 solvitur.
3307 1424 3560 1480 Vestram

297 1522 411 1575 τῶν
432 1524 705 1578 Ἰουδαίων
733 1524 935 1595 μανίαν
960 1525 1060 1594 τὴν
1085 1523 1316 1593 θεότητα
1338 1525 1433 1577 τοῦ
1454 1521 1700 1592 Χριστοῦ
1717 1524 1888 1593 ἀπαρ-

1988 1519 2155 1588 igitur
2182 1519 2470 1572 hortamur
2502 1519 2766 1588 pietatem
2797 1527 2858 1573 ut
2899 1517 3027 1572 ﬁdei
3062 1534 3175 1573 sua:
3203 1518 3419 1572 fructus
3453 1530 3561 1570 cte-

295 1613 582 1683 νουμένων
603 1631 619 1648 ο
677 1615 880 1684 δμοίως
911 1615 967 1669 δὲ
1005 1615 1402 1684 κατακέκριται
1433 1615 1530 1668 καὶ
1561 1613 1886 1680 ὲκϐέδληται

1991 1618 2041 1662 te
2051 1625 2170 1662 rum
2191 1609 2435 1678 colligat.
2454 1609 2689 1679 illosque
2706 1609 2800 1678 qui
2825 1607 3009 1663 adhuc
3029 1623 3220 1663 errore
3239 1607 3562 1662 detinentur

298 1709 334 1771 ἡ
371 1705 789 1776 Ἀπολλιναρίου
832 1723 891 1759 τε
937 1707 1033 1760 καὶ
1066 1704 1341 1777 Εύτυχοῦς
1374 1707 1686 1776 συναίρεσις
1721 1707 1890 1773 ἤγουν

1990 1699 2157 1754 ducat
2209 1699 2275 1754 ad
2317 1701 2608 1755 veritatem
2662 1709 3076 1772 congregetque
3128 1697 3198 1752 ad
3232 1695 3560 1755 Ecciesiam.

301 1795 581 1865 σύγχυσις
601 1798 708 1850 τῶν
739 1796 1079 1852 ἀθετούντων
1107 1799 1208 1869 τὴν
1234 1797 1328 1852 τοῦ
1356 1796 1596 1868 Χριστοῦ
1625 1795 1890 1867 ἀληθινὴν

1992 1793 2150 1860 cujus
2183 1807 2368 1846 veram
2423 1807 2486 1846 ac
2533 1791 2831 1846 salutarem
2885 1790 3333 1861 praedicationem
3392 1787 3566 1841 sacris

293 1853 724 1958 ἀ-ιθρωπότητα.
794 1889 958 1943 Ὅθεν
1019 1853 1420 1960 προτρέπομεν
1465 1889 1568 1957 τὴν
1614 1853 1887 1957 ύμειτέράν

1993 1853 2295 1954 scripturis
2323 1884 2830 1954 traditionibusque
2856 1853 3082 1939 Patrum
3110 1883 3289 1952 primo
3317 1879 3441 1934 loco
3469 1883 3566 1930 dc-

294 1976 578 2043 θεοφιλίαν
630 1981 757 2042 τοὺς
789 1983 887 2050 τῆς
923 1980 1163 2043 πίστεως
1191 1979 1376 2033 λοιπδν
1404 1980 1652 2050 καρποὺς
1684 1976 1886 2031 ἐπιδεί-

299 2064 517 2130 ξασθαι,
556 2069 652 2121 καὶ
683 2071 812 2133 τοὺς
841 2069 918 2122 ἐτι
951 2073 1017 2142 τῇ
1047 2069 1224 2143 πλάνῃ
1253 2069 1660 2142 κρατουμένους
1685 2067 1887 2139 ὁδηγῆ-

1990 1976 2425 2031 monstrabimus
2450 2017 2465 2039 ,
2509 1985 2566 2032 et
2597 1976 2770 2039 falsa,
2811 1991 2935 2045 qua:
2973 1976 3140 2044 impie
3184 1974 3254 2027 ab
3288 1969 3567 2027 hzereticis

1992 2077 2340 2131 asseruntur,
2381 2066 2814 2123 coniutabimus.

301 2173 393 2210 σαι
436 2158 574 2228 πρὸς
610 2158 707 2230 τὴν
741 2159 1003 2231 ἀλήθειαν
1028 2201 1042 2223 ,
1099 2163 1192 2215 καὶ
1239 2163 1616 2232 προσαγαγεῖν
1681 2162 1747 2231 τῇ
1817 2158 1951 2229 ἁγία
1988 2158 2081 2211 τοῦ
2108 2157 2245 2210 Θεοῦ
2275 2157 2594 2228 Ἐκκλησία,
2630 2152 2697 2230 ἦς
2727 2157 2788 2210 τὸ
2819 2155 3017 2228 ἀληθὲς
3049 2156 3145 2208 καὶ
3175 2155 3444 2226 σωτήριον
3470 2151 3568 2220 κή-

298 2266 492 2319 ρυγμα
562 2253 848 2322 προῖόντες
915 2253 1278 2322 ἀποδείξομεν
1333 2255 1423 2310 διά
1468 2272 1528 2308 τε
1583 2255 1693 2308 τῶν
1746 2252 1906 2306 θείων
1943 2250 2178 2322 Γραφῶν
2231 2251 2326 2305 καὶ
2373 2251 2488 2307 τῶν
2567 2250 2859 2323 [ἰατρικῶν
2903 2249 3290 2319 παραδόσεων,
3341 2247 3436 2300 καὶ
3467 2244 3569 2313 τὴν

296 2339 409 2392 τῶν
442 2342 754 2410 εἰρημένων
790 2343 1006 2397 ἀσεϐῶν
1031 2345 1327 2414 αἱρετικῶν
1361 2348 1656 2400 κακόνοιαν
1681 2343 2052 2414 διελέγξομεν.

375 2429 648 2501 Κηρύττει
678 2433 787 2504 γὰρ
814 2435 847 2504 ἡ
880 2435 1012 2504 ἁγία
1043 2436 1136 2489 τοῦ
1163 2436 1298 2490 Θεοῦ
1345 2437 1641 2506 Ἐκκλησία
1679 2437 1881 2507 μονάδα

301 2521 360 2572 ὲν
389 2519 581 2590 Τριάδι
611 2521 704 2573 καὶ
735 2521 942 2594 Τριάδα
964 2526 1021 2576 ἐν
1048 2524 1232 2594 μονάδι
1259 2541 1273 2555 ·
1307 2518 1386 2587 εἷς
1411 2525 1518 2596 γὰρ
1548 2525 1678 2590 Θεὸς
1705 2529 1732 2580 ό
1768 2528 1881 2580 Πα-

300 2612 409 2682 τὴρ
435 2653 449 2675 ,
487 2610 547 2676 ὲξ
571 2605 634 2664 οὗ
662 2612 734 2666 τὰ
759 2615 973 2667 πάντα·
1005 2617 1101 2668 καὶ
1136 2609 1217 2680 εἷς
1259 2617 1459 2687 Κύριος
1497 2618 1701 2688 Ἰησοῦς
1749 2619 1882 2691 Χρι-

303 2701 428 2762 στδς
459 2700 526 2753 δι’
555 2695 617 2754 οὗ
645 2703 714 2756 τὰ
737 2704 917 2758 πάντα
941 2716 956 2735 ⁸
989 2707 1082 2760 καὶ⁸
1114 2707 1173 2760 ἓν
1203 2707 1429 2777 Πνεῦμα
1467 2709 1622 2777 ἅγιον
1657 2713 1713 2763 ὲν
1741 2703 1786 2777 ᾧ
1819 2711 1887 2764 τά

2053 2437 2148 2490 Dei
2189 2445 2376 2492 autem
2403 2437 2652 2493 Ecclesia
2683 2437 2953 2492 unitatem
2973 2434 3037 2491 in
3067 2433 3340 2490 Trinitate
3365 2448 3430 2487 ac
3451 2431 3573 2486 Tri-

1981 2527 2212 2585 nitatem
2248 2529 2306 2583 in
2342 2529 2555 2585 unitate
2588 2529 2795 2596 docet;
2821 2545 2967 2585 unus
2995 2536 3084 2585 est
3107 2527 3258 2583 enim
3293 2526 3438 2581 Deus
3468 2524 3573 2580 Pa-

1986 2625 2090 2681 ter,
2109 2634 2176 2673 ex
2193 2633 2304 2689 quo
2335 2621 2544 2685 omnia,
2568 2637 2713 2676 unus
2734 2621 3000 2676 Dominus
3019 2619 3184 2675 Jesus
3201 2617 3457 2674 Christus
3475 2630 3573 2686 per

1986 2721 2150 2775 quem
2185 2708 2390 2774 omnia,
2435 2717 2603 2779 atque
2641 2725 2786 2764 unus
2829 2709 3072 2780 Spiritus
3114 2715 3340 2763 sanctus
3373 2706 3427 2760 in
3462 2721 3572 2775 quo

303 2793 489 2846 πάντα
517 2808 532 2824 ο
591 2793 653 2846 τὸ
699 2795 758 2862 ἐξ
803 2791 864 2852 οὗ
910 2798 1007 2852 καὶ
1051 2799 1118 2854 δι’
1146 2792 1207 2852 οὖ
1252 2801 1350 2854 καὶ⁵
1379 2802 1435 2852 ὲν
1468 2795 1532 2869 «Ir
1585 2801 1659 2873 μὴ
1693 2801 1884 2870 φύσεσι

1992 2797 2202 2864 omnia;
2233 2813 2303 2853 ex
2335 2814 2468 2868 quo,
2493 2815 2592 2869 per
2612 2815 2776 2870 quem
2806 2809 2862 2856 et
2893 2800 2948 2854 in
2980 2815 3112 2869 quo.
3145 2799 3273 2855 Ideo
3305 2813 3440 2854 vero
3463 2814 3568 2853 non

303 2885 619 2954 τεμνόντων
650 2887 788 2941 ἀλλά
826 2889 1342 2960 χαρακτηριζόντων
1375 2895 1504 2961 μιᾶς
1539 2892 1632 2944 καὶ
1659 2892 1889 2962 ἀσυγχύο

1997 2889 2054 2943 in
2076 2897 2304 2946 naturas
2319 2890 2646 2954 dividimus,
2669 2891 2768 2948 sed
2795 2892 2964 2947 unius
2978 2908 3044 2948 ac
3068 2892 3341 2962 simplicis
3365 2899 3578 2945 natura:

304 2991 400 3031 του
449 2974 665 3044 φύσεως
719 2976 991 3048 ἰδιότητας
1015 2994 1032 3011 ·
1071 2979 1202 3050 μίαν
1244 2979 1353 3050 γὰρ
1379 2979 1564 3034 ούσίαν
1598 2981 1657 3034 ἐν
1711 2984 1890 3050 τρισὶν

1997 2983 2370 3051 proprietates
2396 2983 2733 3039 indicamus:
2761 3000 2928 3038 unam
2953 2988 3102 3038 enim
3127 2984 3492 3040 substantiam
3518 2983 3533 3036 ί
3557 3001 3571 3036 ι

306 3065 643 3121 ὑποστάσεσι
671 3067 1104 3138 προσκυνοῦμεν,
1138 3071 1196 3122 ἑν
1237 3069 1444 3142 ἑκάστῃ
1473 3070 1765 3123 ὑποστάσει
1794 3069 1892 3135 τὴν

2002 3070 2184 3126 tribus
2219 3074 2476 3142 personis
2510 3074 2841 3139 adoramus,
2880 3076 2936 3129 in
2975 3090 3307 3145 unaquaque
3343 3090 3574 3144 persona

307 3156 484 3226 αὐτὴν
536 3156 965 3228 ὲπιθεωροῦντες
987 3159 1198 3214 ούσίαν.
1245 3159 1354 3213 Καὶ
1389 3161 1628 3230 ἑκάστην
1660 3160 1756 3229 μὲν
1785 3161 1893 3212 τῶν

1997 3161 2249 3217 eamdem
2271 3161 2638 3219 substantiam
2650 3162 3090 3219 considerantes.
3118 3163 3571 3233 Unamquamque

311 3247 669 3309 ὑποστάσεων
741 3249 993 3319 μοναχῶς
1043 3249 1477 3320 ἐξαγγέλλομεν·
1536 3252 1757 3306 ἐπειδάν
1836 3253 1893 3306 δὲ

1997 3260 2184 3308 autem
2212 3269 2576 3323 personarum
2610 3255 2894 3327 sigillatim
2944 3255 3306 3318 conﬁtemur,
3339 3270 3570 3324 cumque

311 3339 722 3409 συναριθμῆσαι
756 3341 851 3413 δέῃ
874 3380 890 3403 ,
919 3341 1042 3411 οὐχὶ
1071 3342 1380 3412 ἀπαιδεύτῳ
1430 3343 1726 3414 ἀριθμήσει
1762 3345 1898 3416 πρδς

310 3430 606 3496 πολυθεϊας
638 3432 850 3487 ἔννοιαν
880 3433 1230 3503 ὲκφερόμεθα
1253 3451 1266 3465 ·
1321 3434 1442 3488 οὐδὲ
1470 3434 1579 3506 γὰρ
1611 3435 1750 3489 κατὰ
1777 3435 1900 3490 σύν-

308 3524 466 3577 θεσιν
493 3523 836 3594 ἀριθμοῦμεν
860 3526 954 3594 ἀφ’
978 3525 1095 3589 ἐνὸς
1122 3527 1202 3589 είς
1227 3525 1429 3593 πλῆθος
1459 3526 1773 3597 ποιούμενοι
1803 3530 1902 3600 τὴν

313 3613 682 3684 παραύξησιν,
713 3616 850 3670 ἀλλά
876 3617 936 3670 τδ
967 3616 1168 3680 ἰδιάζον
1200 3616 1308 3670 τῶν
1329 3616 1686 3671 ύποστάσεων
1713 3618 1903 3686 όμολο-

272 3704 540 3773 ,γοῦντες
597 3706 833 3776 μένομεν
887 3709 979 3761 ἐπὶ
1034 3708 1132 3776 τῆς
1188 3709 1509 3777 μοναρχίας,
1561 3710 1642 3772 εις
1698 3707 1901 3778 πλῆθος

312 3797 720 3867 ἀπεσχισμένον
741 3798 842 3868 τὴν
867 3797 1149 3868 θεολογίαν
1174 3799 1251 3870 μὴ
1287 3797 1689 3862 σκεδαννύντες,
1727 3799 1903 3854 διατο-

313 3887 449 3959 μίαν
492 3889 550 3940 ὲν
589 3887 761 3958 Πατρὶ
805 3889 902 3940 καὶ
970 3888 1085 3959 1⁸ίῷ
1133 3889 1228 3941 καὶ
1277 3889 1418 3956 ἁγίῳ
1470 3887 1767 3958 Πνεύματι,
1803 3889 1902 3959 τὴν

309 3980 480 4031 οἱονεὶ
511 3979 724 4051 μορφὴν
755 3978 1100 4049 θεωρεῖσθαι,
1134 3979 1212 4048 τῷ
1241 3979 1646 4051 ἁπαραλλάκτῳ
1671 3980 1770 4050 τῆς
1797 3981 1901 4048 φύο

315 4086 457 4132 σεως
485 4069 800 4140 ἑνιξομένην
824 4085 838 4098 ·
863 4071 957 4123 καὶ
979 4071 1111 4124 Θεὸν
1130 4071 1226 4124 οὖν
1247 4070 1480 4124 ἕκαστον
1501 4070 1766 4140 όμολογοῦ
1775 4088 1900 4141 μεν,

312 4162 384 4214 ἂν
405 4160 693 4232 θεωρῆται,
722 4164 881 4232 μόνον
903 4162 995 4215 τοῦ
1026 4161 1117 4215 νοῦ
1141 4161 1467 4233 χωρίζοντος
1496 4163 1563 4214 τά
1585 4161 1868 4232 ἀχώριστα
1883 4203 1898 4225 ,

313 4253 416 4308 καὶ
443 4251 573 4307 Θεὸν
602 4254 670 4307 τά
699 4254 826 4325 τρία
865 4257 981 4324 μετ’
1015 4253 1258 4325 ἀλλήλων
1291 4253 1521 4323 νοοῦμεν
1545 4294 1560 4318 ,
1608 4253 1686 4324 τῷ
1718 4255 1902 4325 ταυτῷ

314 4343 420 4408 τῆς
478 4345 747 4413 κινήσεως
813 4345 908 4398 καὶ
979 4345 1075 4414 τῆς
1131 4345 1384 4413 φύσεως·
1453 4345 1623 4415 Τριὰς
1666 4341 1758 4398 οὖν
1827 4346 1903 4409 ὼς

315 4428 536 4499 ἀληθῶς
589 4433 621 4501 ἡ
669 4432 872 4502 Τριάς·
923 4433 1052 4504 τρία
1091 4433 1149 4486 δὲ
1193 4435 1252 4486 ού
1305 4435 1648 4504 πραγμάτων
1700 4435 1902 4489 ἀνίσων

2000 3345 2405 3400 numerandum
2438 3355 2559 3410 est,
2599 3347 2706 3402 hoc
2756 3363 2992 3402 numero
3040 3347 3110 3402 ad
3144 3347 3566 3418 polytheismum

2001 3431 2194 3486 rudem
2212 3449 2322 3488 non
2343 3434 2682 3498 inducimus,
2710 3451 2820 3490 non
2847 3437 2996 3491 enim
3028 3452 3128 3506 per
3152 3437 3456 3509 synthesim
3477 3452 3575 3490 nuo

2002 3538 2282 3579 meramus
2336 3525 2406 3580 ab
2441 3542 2552 3580 uno
2597 3526 2666 3581 ad
2702 3527 3079 3595 pluralitatem
3138 3529 3458 3582 auctionem
3501 3527 3576 3581 la...

2002 3612 2233 3677 cientes,
2250 3615 2344 3669 sed
2373 3616 2767 3686 proprietatem
2793 3632 3155 3691 personarum
3173 3616 3501 3672 conﬁtentes
3522 3618 3576 3673 in

2003 3703 2214 3759 unitate
2242 3707 2543 3776 majestatis
2573 3723 2986 3777 permanemus,
3007 3723 3197 3764 vocem
3233 3724 3442 3764 sacram
3467 3725 3577 3763 non

2001 3794 2362 3850 extendentes
2394 3812 2629 3851 numero
2672 3806 2886 3850 remoto
2909 3837 2924 3863 ,
2968 3799 3042 3852 ita
3080 3806 3142 3852 ut
3164 3797 3577 3852 distinctionem

2004 3883 2061 3937 in
2091 3883 2253 3938 Patre
2291 3892 2348 3940 et
2380 3884 2519 3940 Filio
2557 3895 2613 3939 et
2665 3884 2876 3955 Spiritu
2925 3896 3118 3941 sancto
3164 3886 3581 3942 consideremus

2003 3976 2156 4031 velut
2188 3975 2421 4031 formam
2451 3976 2744 4032 identitate
2774 3987 2988 4034 natura:
3023 3977 3271 4043 unitam;
3299 3978 3580 4047 Deumque

2003 4066 2172 4136 igitur
2211 4082 2668 4138 unumquemque
2711 4070 3061 4134 conﬁtemur,
3099 4068 3146 4123 si
3191 4068 3578 4124 consideretur

2002 4164 2186 4210 mente
2226 4163 2439 4209 tantum
2469 4164 2762 4226 separante
2807 4171 2932 4226 qua:
2973 4157 3220 4227 separari
3268 4169 3574 4228 nequeunt,

2004 4245 2291 4317 Deumque
2341 4248 2447 4302 tria
2488 4248 2608 4304 haec
2649 4263 2822 4304 unum
2858 4256 2983 4318 post
3027 4250 3263 4306 alterum
3298 4259 3577 4320 putamus.

2001 4336 2196 4393 eadem
2224 4338 2584 4395 distinctione
2611 4349 2670 4394 et
2690 4350 2910 4396 natura.
2939 4340 3184 4401 Trinitas
3206 4343 3374 4413 igitur
3403 4342 3580 4399 veris-

2003 4427 2142 4482 sime
2175 4439 2260 4484 εει
2283 4429 2543 4485 Trinitas.
2571 4429 2699 4485 Tria
2724 4439 2909 4488 autem
2932 4448 3041 4487 non
3080 4432 3431 4503 inaqualium
3471 4449 3579 4489 nu—

317 4518 717 4590 ἀπαρίθμησις,
777 4522 891 4574 ἀλλ’
948 4523 1078 4574 ῐσων
1131 4523 1224 4574 καὶ
1269 4524 1550 4592 ὁμοτίμων
1610 4524 1893 4595 σύλληψις,

2007 4533 2211 4581 merus,
2263 4519 2360 4574 sed
2406 4519 2705 4588 aequalium
2757 4529 2816 4576 et
2861 4521 3085 4592 parium.
3130 4523 3578 4592 comprehensio,

316 4608 546 4679 ἑνούσης
566 4611 666 4679 τῆς
693 4613 1062 4682 προσηγορίας
1082 4612 1151 4664 τὰ
1176 4614 1431 4682 ἡνωμένα
1457 4617 1522 4666 ἐκ
1552 4613 1788 4682 φύσεως,
1807 4619 1901 4668 καὶ

313 4699 420 4753 ούκ
450 4699 622 4768 ὲώσης
652 4701 1008 4772 σκεδασθῆναι
1041 4702 1260 4774 ἀριθμῷ
1284 4703 1558 4774 λελυμένῳ
1590 4705 1659 4758 τά
1683 4704 1758 4774 μὴ
1788 4705 1902 4758 λυό·

317 4807 484 4862 μενα.

403 4881 803 4953 Ὁμολογοῦμεν
835 4885 888 4937 δὲ
929 4887 1009 4939 ὅτι
1041 4889 1070 4940 ό
1101 4886 1400 4956 μονογενὴς
1434 4887 1555 4949 Υἱὸς
1596 4885 1688 4940 καὶ
1727 4888 1899 4955 Λόγος

313 4970 414 5023 τοῦ
448 4971 583 5025 Θεοῦ
609 5013 625 5038 ,
651 4975 680 5026 ὁ
736 4976 832 5028 σὺν
868 4977 1042 5045 Πατρὶ
1074 4978 1167 5031 καὶ
1202 4979 1343 5048 ἀγίῳ
1377 4977 1653 5047 Πνεύματι
1678 4977 1898 5042 δοξαζό-

317 5059 485 5129 μενός
527 5078 586 5114 τε
638 5063 733 5116 καὶ
781 5067 1288 5137 προσκυνούμενος,
1321 5070 1350 5120 ό
1383 5068 1665 5137 γεννηθεὶς
1698 5069 1763 5120 ὲκ
1801 5067 1896 5120 τοῦ

315 5151 531 5221 Πατρὸς
581 5154 826 5225 ἀχρόνως
877 5158 974 5210 καὶ
1007 5159 1336 5229 ἁσωμάτως,
1386 5160 1447 5212 τὸ
1477 5161 1543 5212 ἐκ
1581 5158 1673 5212 τνῦ
1718 5159 1898 5228 φωτὸς

313 5239 459 5307 φῶς,
498 5243 532 5312 ἡ
570 5246 718 5314 πηγὴ
745 5245 845 5316 τῆς
878 5245 1021 5317 ζωῆς
1068 5250 1288 5319 καὶτῆς
1338 5250 1639 5313 ἀθανασίας
1666 5288 1680 5316 ,
1715 5251 1776 5304 τὸ
1804 5252 1897 5304 lx.

315 5333 544 5400 μαγεῖον
570 5334 665 5387 τοῦ
706 5336 930 5406 Ἀρχετύ
944 5355 1062 5404 που,
1089 5341 1123 5408 ἠ
1153 5340 1226 5410 μὴ
1256 5342 1549 5412 κινουμένη
1587 5342 1896 5413 οφραγὶς.ή

311 5421 734 5492 ἀπαράλλακτος
766 5427 955 5492 εἰκὼν,
982 5431 1010 5482 ό
1039 5428 1132 5482 τοῦ
1165 5431 1384 5499 Πατρδς
1414 5433 1538 5500 ὄρος
1565 5432 1658 5482 καὶ
1702 5432 1894 5498 Λόγος.

309 5513 376 5565 οὐ
395 5511 768 5583 περιεῖδεντδν
793 5518 1078 5590 ἄνθρωπον
1113 5521 1294 5592 φθόνῳ
1322 5521 1574 5576 διαϐόλου
1599 5523 1692 5575 καὶ
1722 5524 1897 5594 πικρᾷ

310 5601 503 5671 γεύσει
535 5605 631 5676 τῆς
663 5609 935 5680 ἁμαρτίας
961 5652 974 5675 ,
1002 5612 1138 5666 Θεοῦ
1164 5613 1258 5666 τοῦ
1292 5616 1652 5685 πεποιηκότος
1678 5615 1897 5677 ὲλεῖνῶς

315 5693 703 5765 Ἰωριξόμενον.
747 5701 905 5754 Ἀ).λά
940 5702 1038 5773 τὴν
1075 5704 1352 5776 ἡμετέραν
1395 5705 1762 5777 ἐργαζόμενος
1787 5723 1894 5759 σω-

321 5784 543 5855 κηρία-ι,
579 5791 668 5842 ἐπὶ
700 5789 796 5860 τὴν
832 5793 964 5847 ἰδίαν
995 5796 1176 5850 εἰκόνα
1209 5800 1380 5867 χωρεῖ
1405 5834 1418 5861 ,
1453 5799 1545 5852 καὶ
1597 5798 1894 5868 σαρκοῦται

2004 4613 2374 4682 appellatione
2414 4615 2638 4669 uniente
2677 4622 2876 4671 natura
2929 4615 3044 4685 jam
3084 4615 3273 4673 unita.
3320 4614 3579 4684 haudque

2002 4704 2219 4758 sinente
2267 4705 2513 4774 separari
2558 4719 2793 4766 numero
2849 4702 3033 4762 soiuto
3081 4719 3203 4778 quae
3244 4703 3424 4760 soluta
3467 4720 3577 4762 non

2001 4804 2150 4850 sunt.

2071 4884 2414 4942 Confitemur
2435 4898 2620 4947 autem
2641 4889 2840 4945 Filium
2861 4887 3209 4959 unigenitum
3225 4885 3577 4957 Verbumque

2000 4977 2120 5040 Dei,
2149 4994 2275 5036 cum
2304 4979 2466 5034 Patre
2511 4996 2575 5035 ac
2613 4980 2825 5050 Spiritu
2876 4989 3070 5036 saneto
3109 4976 3478 5049 gloriﬁcatum
3522 4988 3578 5036 ct

1999 5064 2286 5122 adoratum
2315 5107 2329 5131 ,
2373 5068 2443 5122 ab
2474 5078 2683 5125 aeterno
2712 5066 3250 5137 incorporaliterque
3307 5082 3374 5121 ex
3417 5067 3576 5123 Patre

1999 5159 2269 5228 genitum.
2297 5160 2484 5214 lumen
2515 5164 2582 5214 de
2619 5160 2854 5225 lumine,
2883 5159 3095 5216 fontem
3127 5159 3256 5220 vita:
3279 5167 3444 5230 atque
3473 5160 3576 5214 im—

1999 5251 2375 5314 mortalitatis,
2403 5251 2688 5324 archetypi
2724 5253 3170 5322 impressionem,
3202 5251 3440 5321 sigillum
3485 5253 3570 5310 in.

2002 5352 2352 5407 temeratnm,
2371 5343 2668 5413 imaginem
2687 5344 2839 5400 nullo
2856 5343 3021 5400 modo
3036 5342 3382 5404 dissimilem,
3399 5341 3576 5396 Patris

2001 5435 2297 5489 terminum
2313 5446 2477 5505 atque
2489 5435 2755 5492 Verbum.
2773 5451 2882 5490 non
2907 5433 3270 5504 dereliquisse
3290 5433 3573 5488 hominem

1999 5525 2202 5581 diaboli
2234 5525 2476 5592 invidiae,
2509 5525 2978 5593 amaritudinique
3006 5523 3242 5593 peccati,
3276 5523 3386 5576 Deo
3416 5521 3572 5574 illum

1999 5613 2436 5670 misericorditer
2475 5613 2770 5668 liberante.
2825 5611 2931 5666 Sed
2963 5621 3022 5667 ut
3053 5620 3297 5666 nostram
3337 5608 3572 5664 salutem

1997 5714 2261 5775 operetur
2289 5745 2302 5770 ,
2350 5706 2414 5760 ad
2459 5706 2746 5774 imaginem
2780 5720 2936 5759 suam
2989 5703 3179 5765 venit,
3232 5702 3303 5756 ob
3349 5715 3570 5756 carnem

2001 5808 2244 5854 nostram
2281 5799 2620 5864 incantatur,
2644 5785 3077 5870 otique-animam
3099 5806 3344 5855 nostram
3373 5808 3570 5849 anima.
