4220 6442
287 432 425 505 1109

1206 438 1644 504 ΤΙὶΑΟΤΑΤῦΞ
1678 450 1973 512 (sumtu
2010 450 2612 525 MONOPHYSITAS.

3406 468 3542 532 1110

361 548 455 599 Δεῖ
490 542 771 597 κὰνταῦθιι
812 545 923 608 τοῖς
980 547 1130 615 παρά
1162 547 1256 600 τοῦ
1298 550 1511 620 Πατρθς
1553 556 1863 626 ειρημὲνοις

2037 557 2140 615 Hic
2168 559 2221 615 in
2250 562 2333 618 eis
2368 580 2491 638 quze
2531 583 2561 624 a
2594 571 2755 627 Patre
2792 571 2938 627 dicta
2976 581 3106 628 sunt
3140 573 3542 636 immorandum

283 636 622 704 ἐπισκέψαι·
662 636 763 706 τὴν
808 636 920 706 γὰρ
956 637 1027 689 ἐν
1094 639 1350 709 πρόθεσιν
1385 644 1476 696 ἐπὶ
1511 647 1621 699 τῶν
1644 648 1735 700 δύο
1763 650 1866 716 φύ-

285 743 429 778 σεων
452 726 555 795 τῆς
578 723 731 785 θείας
764 740 823 777 τε
850 722 947 778 καὶ
976 725 1347 800 ἀνθρωπίνης,
1373 734 1431 785 ὲν
1457 729 1547 797 αἷς
1568 730 1649 799 εἷς
1678 739 1706 790 ὁ
1734 739 1868 808 Χρι-

285 813 411 876 στὸς
436 812 783 881 γνωρίζεται,
802 813 1086 883 ὁμολογεῖν
1105 817 1250 887 ἡμᾶς
1272 820 1577 877 ἐκδιδάσκει
1605 841 1619 855 ·
1648 826 1715 897 ἢν
1736 829 1869 897 πρό-

282 904 439 957 θεσιν
490 906 543 957 οἱ
589 904 857 975 αίρετικοὶ
898 906 1190 975 ἀρνοῦνται
1217 910 1313 967 ἐπὶ
1352 914 1453 981 τῆς
1483 915 1735 986 θεότητος
1774 922 1870 974 καὶ

282 996 383 1064 τῆς
422 995 846 1067 ἀνθρωπότητος
892 998 988 1052 τοῦ
1015 1000 1252 1070 Χριστοῦ
1281 1003 1566 1074 ἁρμόζειν,
1604 1008 1871 1081 διαίρεσιν

281 1085 451 1156 δῆθεν
471 1089 935 1159 προφασιζόμενοι
956 1091 1045 1144 διά
1068 1092 1274 1162 ταύτης
1302 1095 1548 1163 γίνεσθαι
1570 1117 1584 1132 ο
1613 1102 1871 1169 ἀγνοοῦν-

280 1194 377 1240 τες
402 1179 488 1231 ὅτι
520 1176 658 1249 αῦτη
708 1179 740 1248 ή
776 1180 1037 1251 πρόθεσις
1079 1184 1179 1255 τὴν
1207 1185 1401 1240 ινωσιν
1444 1190 1750 1261 ἁσύγχυτον
1779 1197 1871 1249 καὶ

281 1268 598 1339 ἀδιαίρετον
655 1271 935 1340 φυλάττει.
974 1272 1139 1328 Ὅθεν
1193 1278 1351 1348 καὶὴ
1397 1280 1518 1334 θεία
1561 1282 1753 1355 Γραφὴ
1804 1290 1869 1358 τῇ

280 1357 511 1447 τοιαύτῃ
537 1360 803 1430 κέχρηται
828 1362 1082 1433 προθέσει
1110 1366 1203 1419 ἐπὶ
1234 1370 1334 1437 τῆς
1366 1369 1622 1441 θεότητος
1650 1378 1744 1428 καὶ
1775 1357 1873 1447 τῆς

282 1446 711 1517 ἁνθρωπότητος
738 1450 833 1502 τοῦ
873 1452 1111 1520 μεγάλου
1141 1454 1277 1508 Θεοῦ
1305 1458 1400 1510 καὶ
1429 1459 1684 1532 Σωτῆρος
1716 1446 1873 1535 ἡμῶν

282 1535 463 1606 Ἰησοῦ
508 1538 773 1609 Χριστοῦ.
803 1542 967 1609 Λέγει
1025 1546 1158 1613 γοῦν
1190 1550 1218 1599 ὸ
1258 1548 1545 1615 θεσπεσιος
1576 1554 1875 1621 ἀπόστολος

284 1629 521 1695 Παῦλος·
551 1632 734 1688 τοῦτο
771 1638 1107 1704 φροντίσαι.)
1146 1640 1218 1693 ἐν
1255 1642 1402 1711 ὑμῖν
1432 1644 1465 1697 δ
1510 1648 1606 1699 καὶ
1646 1651 1716 1702 ἐν
1744 1653 1877 1719 Χριο

281 1722 413 1786 στῷ
454 1723 651 1791 Ἰησοῦ
673 1767 690 1791 ,
713 1726 782 1792 ὃς
804 1728 876 1781 ἐν
900 1730 1106 1799 μορφῇ
1126 1733 1276 1787 Θεοῦ
1299 1736 1607 1805 ὑπάρχων.
1631 1744 1742 1810 οὐχ
1772 1744 1869 1812 ἁρ-

282 1813 527 1880 παγμὸν
569 1817 847 1885 ἡγήσατο
879 1819 945 1871 τὸ
977 1815 1131 1875 εἶναι
1162 1818 1268 1876 ἶσα
1298 1824 1450 1891 Θεῷ,
1483 1829 1622 1883 ἀλλ’
1652 1830 1874 1886 ἑαυτὸν

280 1902 587 1959 ἐκένωσεν
621 1908 866 1977 μορφὴν
891 1910 1117 1967 δούλου
1163 1914 1395 1980 λαϐὼν,
1440 1919 1509 1972 ἐν
1554 1922 1867 1992 ὁμοιώματι
1899 1894 1942 1948 Β

281 1994 613 2063 ἀνθρώπων
652 2002 996 2069 Tardus-rec,
1046 2006 1144 2058 καὶ
1182 2007 1446 2077 σχήματι
1480 2013 1740 2080 εὑρεθεὶς
1786 2018 1868 2084 ὡς

280 2086 619 2154 ἄνθρωπος.
676 2092 861 2145 Εἰπὼν
906 2094 966 2147 δὲ
1009 2098 1038 2148 ὁ
1074 2096 1396 2162 Ἀπόστολος
1427 2100 1486 2153 tv
1522 2107 1703 2174 μορφῇ
1730 2105 1865 2159 Θεοῦ

282 2179 557 2249 ὑπάρχειν
592 2182 689 2235 τὸν
716 2185 981 2256 μονογενῆ
1017 2186 1147 2240 Υίδν
1184 2188 1280 2242 τοῦ
1325 2188 1486 2255 Θεοῦ,
1517 2196 1610 2247 καὶ
1657 2197 1867 2263 ἐπαγα-

282 2270 399 2337 γὼν
461 2271 677 2344 μορφὴν
713 2274 901 2328 δούλου
947 2276 1183 2332 λαϐόντα
1231 2280 1398 2334 αὑτὸν
1450 2284 1510 2335 tv
1554 2284 1866 2355 ὁμοιώματι

282 2359 542 2427 γενέσθαι
567 2361 892 2433 ἀνθρώπων,
924 2366 1021 2419 καὶ
1059 2373 1301 2439 σχήματι
1331 2372 1626 2443 εὑρεθῆναι
1666 2376 1743 2439 ὠς·
1774 2378 1867 2431 άν-

283 2451 528 2520 θρωπον,
564 2455 716 2507 οὐδὲν
746 2455 935 2526 ἕτερον
965 2459 1113 2529 ἡμᾶς
1152 2460 1456 2516 ἐκδιδάσκει
1484 2466 1516 2534 ἢ
1549 2466 1609 2519 τὸ
1636 2468 1693 2541 tv
1732 2469 1863 2522 ἑκα-

282 2544 422 2615 τέρᾳ
468 2550 650 2618 μορφῇ
681 2548 774 2600 τὸν
817 2550 1023 2619 Κύριον
1049 2547 1212 2617 εἶναι,
1236 2555 1519 2609 τουτέστιν
1560 2558 1620 2612 tv
1650 2558 1864 2633 θεότητι

280 2636 380 2689 καὶ
416 2636 815 2709 ἀνθρωπότητι.
859 2640 1077 2711 Ἀμέλει
1115 2661 1198 2696 τοι
1225 2645 1320 2699 καὶ
1341 2647 1369 2698 ὁ
1390 2648 1448 2700 tv
1468 2648 1643 2717 ἁγίοις
1662 2651 1865 2723 Κύριλ-

281 2728 373 2790 λος
425 2729 585 2782 τοῦτο
620 2731 682 2784 τὺ
730 2732 895 2803 ρητδν
933 2734 1257 2806 ἑρμηνεύων
1295 2739 1354 2790 tv
1391 2738 1471 2809 τῷ
1502 2742 1637 2811 πρὸς
1672 2742 1864 2798 Θεοδό-

282 2835 402 2871 σιον
419 2818 565 2891 λόγῳ
596 2822 803 2891 γράφει
835 2823 963 2877 τάδε
994 2840 1007 2855 ο
1056 2846 1075 2878 ι
1127 2828 1185 2881 '0
1219 2830 1492 2895 συναΐδιος
1518 2833 1597 2903 τῷ
1624 2835 1744 2905 Θεῴ
1768 2838 1864 2889 καὶ

279 2911 460 2981 Πατρὶ
479 2912 611 2976 Θεὸς
626 2915 813 2987 Λόγος,
831 2918 1046 2990 μορφὴν
1067 2919 1252 2975 δούλου
1272 2923 1475 2990 λαϐὼν,
1504 2925 1651 2981 ἔστιν
1676 2927 1864 3003 ὥσπερ

278 3003 339 3056 tv
368 3003 586 3075 θεότητι
604 3006 831 3072 τέλειος,
855 3008 1115 3067 οὕτωκαὶ
1138 3014 1198 3066 tv
1226 3014 1608 3087 άνθρωπότητι
1633 3020 1859 3089 τέλειος,

276 3097 379 3148 οὐκ
400 3097 464 3149 ὲκ
488 3099 659 3167 μόνης
681 3100 938 3171 θεότητος
960 3108 1055 3158 καὶ
1073 3108 1276 3177 σαρκὸς
1299 3110 1380 3172 είς
1399 3111 1495 3163 ἕνα
1516 3113 1753 3183 Χριστὸν
1770 3117 1863 3170 καὶ

1970 660 2098 718 est;
2159 669 2287 709 nam
2340 660 2786 727 praepositionem
2838 665 2893 717 in
2940 664 3010 718 de
3047 665 3266 721 duabus
3331 673 3547 728 naturis

1972 738 2278 799 divinitatis
2328 755 2495 817 atque
2547 748 2948 817 humanitatis,
3020 753 3075 807 in
3142 757 3355 826 quibus
3404 774 3549 814 unus

1969 832 2225 891 Christus
2276 841 2615 906 agnoscitur,
2669 842 2924 898 confiteri
2980 859 3085 899 nos
3121 846 3327 913 docet;
3381 866 3548 920 quam

1970 927 2417 998 praepositionem
2453 933 2697 990 haeretici
2729 942 2933 1006 negant
2959 935 3029 991 de
3061 935 3354 993 divinitate
3382 950 3546 1010 atque

1972 1016 2315 1074 humanitate
2344 1021 2548 1078 Christi
2579 1028 2900 1092 convenire,
2936 1027 3089 1083 illius
3116 1044 3281 1084 causa
3313 1031 3548 1087 divisio-

1971 1123 2099 1163 nem
2136 1108 2255 1165 fieri
2289 1123 2690 1182 praetexentes;
2738 1118 3055 1187 ignorantes
3100 1120 3247 1175 hanc
3287 1123 3551 1192 preposi-

1974 1199 2182 1256 tionem
2228 1203 2497 1259 unitatem
2552 1206 2925 1264 inconcretam
2980 1220 3147 1282 atque
3204 1212 3550 1269 individuam

1974 1306 2216 1348 servare.
2245 1294 2401 1351 Unde
2440 1312 2594 1353 sacra
2622 1297 2909 1369 Scriptura
2936 1301 3125 1356 eadem
3153 1304 3551 1374 praepositione

1975 1384 2152 1439 utitur
2173 1386 2241 1441 de
2270 1387 2560 1444 divinitate
2587 1398 2754 1460 atque
2784 1392 3129 1448 humanitate
3150 1396 3331 1465 magni
3364 1395 3460 1450 Dei
3493 1406 3551 1451 et

1976 1475 2281 1534 Salvatoris
2315 1483 2486 1536 nostri
2520 1483 2649 1538 Jesu
2681 1483 2913 1539 Christi.
2959 1484 3110 1541 Dixit
3165 1487 3389 1557 quidem
3422 1504 3551 1543 sano

1976 1571 2102 1619 ctus
2136 1567 2336 1622 Paulus
2369 1572 2649 1638 apostolus
2678 1590 2690 1625 :
2725 1592 2744 1623 ι
2788 1573 2899 1627 Hoc
2925 1576 3115 1629 sentite
3155 1580 3210 1630 in
3243 1576 3382 1631 vobis
3411 1578 3551 1648 quod

1976 1664 2026 1709 et
2057 1657 2110 1708 in
2136 1656 2343 1711 Christo
2366 1658 2511 1725 Iesu,
2551 1663 2663 1728 qui,
2707 1679 2825 1716 cum
2864 1665 2917 1718 in
2947 1666 3120 1734 forma
3146 1666 3241 1721 Dei
3261 1677 3412 1733 esset,
3444 1686 3551 1722 non

1978 1750 2226 1818 rapinam
2278 1751 2560 1805 arbitratu:
2614 1762 2822 1808 estesse
2849 1772 2904 1810 se
2951 1756 3211 1827 aqualem
3257 1758 3404 1822 Deo,
3459 1760 3552 1813 sed

1976 1843 2309 1911 semetipsum
2345 1844 2633 1899 exinanivit
2667 1847 2893 1915 formam
2918 1848 3054 1902 servi
3092 1850 3372 1919 accipiens,
3396 1850 3451 1903 in
3478 1850 3551 1902 si-

1969 1930 2321 1987 militudinem
2360 1935 2633 1990 hominum
2680 1937 2877 2007 factus,
2927 1946 2977 1991 et
3010 1937 3193 1991 habitu
3218 1938 3462 1993 inuentus
3490 1949 3550 1991 ut

1967 2023 2118 2077 homo
2141 2022 2190 2077 δ.
2230 2043 2249 2076 ι
2280 2026 2575 2095 Apostolus
2642 2036 2825 2083 autem
2889 2044 3014 2083 cum
3071 2030 3207 2085 dicit
3257 2030 3313 2085 in
3368 2029 3546 2086 forma

1966 2113 2061 2169 Dei
2131 2131 2252 2172 esse
2326 2118 2526 2173 Filium
2595 2118 2693 2173 Dei
2778 2120 3163 2191 unigenitum,
3251 2122 3547 2193 ipsumque

1965 2204 2122 2259 addit
2169 2206 2402 2261 formam
2460 2209 2604 2264 servi
2653 2212 2933 2281 accepisse
2988 2219 3050 2266 ut
3107 2211 3301 2268 similis
3368 2214 3548 2268 homi-

1964 2296 2131 2352 nibus
2194 2297 2387 2364 fieret,
2443 2300 2750 2372 habituque
2808 2302 3096 2358 inventum
3143 2319 3268 2360 esse
3328 2315 3391 2361 ut
3445 2305 3546 2365 ho-

1965 2391 2205 2455 minem,
2254 2392 2400 2446 nihil
2435 2392 2585 2447 aliud
2640 2408 2743 2448 nos
2775 2392 2938 2449 docet
2988 2410 3154 2465 quam
3200 2395 3258 2451 in
3306 2404 3543 2466 utraque

1935 2482 2139 2559 ‘i‘orma
2190 2498 2311 2539 esse
2369 2484 2687 2546 Dominum.
2715 2485 2771 2540 id
2803 2497 2907 2551 est,
2952 2485 3008 2540 in
3037 2486 3331 2543 divinitate
3378 2497 3543 2557 atque

1964 2572 2327 2629 humanitate.
2374 2574 2611 2631 Sanctus
2655 2591 2877 2646 quoque
2920 2575 3184 2647 Cyrinus,
3218 2579 3336 2633 haec
3370 2579 3553 2639 verba

1964 2662 2352 2734 interpretans,
2389 2665 2506 2721 haec
2547 2666 2615 2720 ad
2646 2666 3021 2721 Theodosium
3052 2667 3287 2723 scribit:
3336 2687 3355 2721 ι
3398 2669 3543 2724 Deus

1965 2756 2227 2820 Verbum,
2268 2765 2603 2813 coaetemum
2650 2757 2764 2812 Leo
2802 2772 2867 2812 ac
2915 2757 3086 2823 Patri,
3131 2758 3366 2813 formam
3396 2761 3541 2817 servi

1963 2848 2262 2917 accipiens,
2312 2848 2778 2918 quemadmodum
2836 2848 2893 2902 in
2933 2847 3227 2905 divinitate
3261 2849 3545 2920 perfectus

1963 2947 2067 3001 est,
2111 2938 2183 2992 ita
2214 2949 2268 2991 et
2300 2938 2354 2993 in
2389 2939 2773 3005 humanitate;
2812 2954 2923 2993 non
2971 2954 3039 2995 ex
3090 2941 3205 2995 sola
3252 2941 3543 2997 divinitate

1963 3044 2027 3082 ac
2059 3044 2223 3083 carne
2257 3030 2313 3083 in
2345 3044 2514 3083 unum
2544 3029 2859 3095 Christum,
2912 3030 3206 3085 Dominum
3254 3039 3312 3085 et
3338 3031 3541 3086 Filium

1962 3123 2333 3190 compositus,
2384 3120 2481 3176 sed
2525 3135 2594 3175 ex
2622 3120 2843 3174 duobus
2891 3119 3188 3190 perfectis,
3216 3120 3272 3174 id
3307 3130 3393 3176 est
3427 3120 3536 3175 hu-

276 3187 486 3259 Κύριον
505 3192 598 3244 καὶ
624 3190 754 3245 Υίὸν
786 3196 1171 3265 συγκείμενος,
1197 3198 1312 3252 ἀλλ’
1337 3202 1402 3254 ὲκ
1430 3201 1578 3256 δυοῖν
1607 3206 1857 3271 τελείοιν,

1964 3187 2225 3267 inanitate
2253 3226 2317 3265 ac
2357 3210 2645 3265 divinitate
2666 3211 2724 3264 in
2756 3187 2930 3265 unum
2967 3210 3338 3281 eumdemque
3371 3213 3542 3267 mira-

276 3282 706 3375 tivOpwn-dtnto;
755 3288 900 3357 λέγω
939 3292 1005 3362 δὴ
1054 3293 1152 3346 καὶ
1189 3293 1468 3365 θεότητος,
1520 3300 1602 3359 εἰς
1629 3300 1723 3354 ἕνα
1767 3303 1862 3356 καὶ

1964 3301 2151 3357 hiliter
2178 3303 2527 3373 conjunctus.
2560 3322 2580 3354 ι
2616 3302 2707 3358 Sic
2746 3317 2879 3375 ergo
2909 3302 3110 3358 iterum
3154 3301 3212 3357 in
3248 3302 3541 3359 divinitate

270 3372 368 3427 τὸν
389 3376 553 3428 αὐτὸν
575 3379 887 3450 παραδόξως
922 3382 1300 3453 συνδούμενος.
1329 3404 1348 3436 ι
1402 3388 1534 3443 Ἰδοὺ
1571 3385 1628 3443 δὲ
1674 3395 1864 3463 σαφῶς

271 3464 439 3519 πάλιν
452 3470 480 3521 ό
491 3469 681 3540 Πατὴρ
693 3473 751 3524 tv
766 3472 982 3539 θεότητι
997 3476 1091 3527 καὶ
1102 3476 1483 3549 ἁνθρωπότητι
1500 3480 1592 3535 τὸν
1602 3484 1857 3554 Χριστὸν,

272 3557 548 3629 ὑπάρχειν
583 3563 859 3632 ὁμολογεῖ.
891 3566 1104 3637 Ὠσπερ
1147 3567 1203 3621 δὲ
1234 3570 1295 3623 τὸ
1333 3572 1404 3625 ἐκ
1446 3575 1721 3642 θεότητος
1762 3578 1860 3632 καί

270 3650 734 3720 ἀνθρωπιμητος
763 3657 827 3709 ὲκ
870 3655 963 3709 δύο
1000 3657 1220 3725 φύσεων
1270 3662 1550 3732 σημαίνει,
1590 3664 1734 3719 οὕτω
1763 3670 1858 3722 καὶ

271 3739 335 3792 τὸ
379 3741 451 3793 ἐν
496 3744 729 3811 θεότητι
759 3745 858 3799 καὶ
907 3748 1318 3815 ἀνθρωπότητι
1369 3753 1427 3803 tv
1477 3752 1571 3806 δύο
1628 3755 1858 3823 φύσεσιν

268 3828 416 3885 εἷναί
441 3851 499 3887 τε
538 3839 632 3888 καὶ
666 3838 1033 3907 γνωρίζεσθαι
1062 3841 1155 3893 τὸν
1182 3841 1419 3912 Χριστὸν
1443 3844 1611 3913 δηλοτ.
1649 3848 1769 3901 Ὀτι
1798 3850 1856 3903 δὲ

266 3924 334 3975 τὸ
362 3923 425 3977 ἔκ
462 3941 626 3979 τινων
658 3928 985 3983 συνεστάναι
1018 3930 1339 4003 λεγόμενον,
1358 3934 1455 3989 ὲάν
1492 3937 1565 4008 μὴ
1589 3939 1648 3991 tv
1670 3942 1857 4007 αὐτοῖς

266 4016 600 4086 γνωρίζηται
637 4019 697 4083 ἐξ
728 4012 804 4074 ὧν
826 4021 925 4075 καὶ
960 4024 1217 4093 συνέστη,
1238 4024 1502 4095 σύγχυσιν
1528 4031 1623 4083 καὶ
1660 4033 1856 4100 ἀφανι-

268 4105 411 4172 σμὸν
431 4104 541 4159 τῶν
562 4108 927 4163 συνελθόντων
950 4113 1095 4164 ποιεί
1119 4115 1463 4183 πραγμάτων
1477 4156 1492 4180 ,
1513 4119 1683 4186 σαφὶς
1720 4121 1855 4174 καθ-

268 4195 541 4266 έστηκεν
578 4198 637 4264 ιε
673 4192 748 4254 ὧν
796 4200 965 4255 πάλιν
988 4205 1017 4256 ό
1053 4202 1216 4266 αὐτὸς
1254 4206 1315 4257 tv
1359 4206 1537 4274 ἁγίοις
1585 4211 1856 4281 Κύριλλος

266 4290 413 4342 κατὰ
454 4289 565 4345 τῶν
599 4292 1014 4349 Συνουσιαστῶν
1049 4296 1197 4367 λιγει
1226 4299 1391 4353 τάδε’
1434 4319 1454 4353 ι
1494 4303 1557 4356 ΕΙ
1585 4303 1641 4357 δὲ
1675 4304 1753 4365 ὡς
1795 4308 1854 4359 tv

264 4380 424 4446 τάξει
468 4383 652 4455 ὑγρῶν
684 4387 1061 4459 ἀναμεμίχθαι
1095 4390 1261 4458 φασὶν
1290 4392 1543 4463 ἀλλήλοις
1586 4397 1765 4467 σάρκα
1793 4415 1851 4453 τε

265 4472 367 4524 καὶ
397 4474 593 4540 Λόγον,
625 4475 743 4541 πῶς
763 4479 1042 4549 ἠγνόησαν
1066 4482 1149 4535 ὅτι
1176 4482 1245 4535 τά
1273 4483 1528 4554 ἀλλήλοις
1559 4488 1855 4560 ἀνακιρνά-

276 4581 420 4631 μενα
442 4566 549 4619 τῶν
581 4568 783 4637 ὑγρῶν.
807 4568 950 4635 οἶνος
979 4574 1114 4644 φέρε
1161 4577 1337 4629 εἰπεῖν
1374 4579 1468 4631 καὶ
1506 4580 1655 4648 μέλι,
1686 4583 1715 4635 ὃ
1751 4584 1850 4653 μὲν
1882 4562 1927 4617 D

261 4651 429 4725 ἦσαν,
455 4657 562 4711 είσὶ
585 4659 845 4730 καθαρῶς
865 4662 1073 4729 οὐκετι,
1097 4666 1401 4737 προσλήψει
1422 4670 1485 4722 δὲ
1515 4672 1718 4738 μᾶλλον
1748 4651 1846 4745 τῆς

263 4749 607 4816 ἑτεροειδοῦς
663 4752 978 4823 ποιότητος,
1029 4756 1111 4818 είς
1163 4755 1351 4827 ἔτερόν
1375 4777 1428 4813 τι
1475 4761 1845 4832 μεθίσταται;

262 4839 482 4891 Οὐκοῦν
510 4843 558 4892 si
586 4844 1003 4912 συγκεκρᾶσθαί
1048 4862 1184 4913 φασι
1217 4848 1297 4918 τῷ
1316 4848 1474 4919 Λόγῳ
1500 4851 1602 4921 τὴν
1643 4853 1845 4924 σάρκα,

261 4928 419 4981 πᾶσά
462 4945 580 4994 πως
622 4931 838 5000 ἀνάγκη
873 4933 1055 5002 λέγειν
1085 4936 1351 5007 ἑκάτερον
1379 4938 1487 4991 τῶν
1516 4941 1845 5013 ὠνομασμέ-

260 5037 393 5083 νων,
423 5021 729 5093 άποστῆναι
775 5024 875 5094 μιν
922 5026 1018 5080 τοῦ
1066 5022 1208 5080 εῖναι
1256 5029 1286 5081 δ
1321 5026 1412 5100 ἦν,
1439 5030 1498 5084 ἓν
1530 5032 1585 5085 δέ
1613 5050 1665 5086 τι
1696 5036 1758 5087 τὸ
1784 5035 1846 5103 ἐξ

259 5112 472 5200 ἀμφοῖν
511 5113 843 5168 ἀποτελέσαι
877 5118 1046 5185 μέσον
1077 5120 1369 5190 ἑτεροφυές
1394 5138 1499 5175 που
1534 5125 1771 5191 πάντως,
1808 5128 1841 5200 ἢ

255 5202 401 5272 ὅπερ
441 5197 511 5273 ἦν
544 5203 809 5274 ἑκάτερον
831 5207 937 5261 ἀνὰ
969 5208 1156 5279 μέρος.
1197 5227 1216 5260 s

346 5294 831 5367 ’Δποδεδειγμένου
868 5300 1052 5354 τοίνυν
1089 5302 1171 5356 ὄτι
1204 5302 1299 5356 ἀπὶ
1333 5304 1443 5357 τῶν
1481 5305 1555 5375 μὴ
1595 5303 1842 5377 σωζομέ-

256 5402 371 5437 νων
393 5384 535 5454 μετά
559 5386 813 5441 σύνθεσιν
855 5389 1124 5461 σύγχυσις
1171 5392 1383 5461 γίνεται
1406 5434 1423 5459 ,
1453 5395 1614 5466 δῆλον
1645 5397 1727 5451 ὃτι
1754 5400 1841 5466 ἐφ’

254 5467 339 5528 ὧν
370 5474 446 5546 μὴ
482 5475 747 5547 σύγχυσις
792 5479 929 5551 μηδὲ
968 5482 1282 5552 ἀφανισμός
1313 5484 1425 5539 τῶν
1467 5486 1839 5543 συνελθόντων

254 5567 609 5635 πραγμάτων
640 5570 787 5622 ἐστὶν
811 5570 873 5623 τὺ
891 5569 953 5623 εκ
975 5588 1119 5636 τινος
1148 5574 1425 5641 συντεθὲν,
1452 5576 1545 5628 atat
1574 5578 1633 5628 tv
1658 5576 1844 5641 αὐτοῐς

257 5657 612 5729 γνωρίζεται,
648 5661 744 5715 καὶ
785 5661 1053 5733 πρόδηλον
1098 5665 1181 5723 ὅτι
1241 5667 1289 5721 oi
1316 5668 1425 5721 ’ttt-
1453 5664 1547 5720 δύο
1602 5665 1841 5735 φύσεων,

344 5834 371 5874 ι
396 5832 635 5904 Philipp.
666 5850 725 5899 tt,
751 5834 898 5890 5-7.

1961 3409 2027 3447 ac
2082 3394 2421 3449 humanitate
2476 3409 2600 3449 esse
2651 3393 2937 3449 Christum
2999 3401 3192 3464 aperte
3243 3394 3540 3464 proﬁtetur

1960 3485 2140 3540 Pater.
2183 3484 2661 3551 Quemadmodum
2690 3501 2754 3539 ea:
2792 3486 3076 3540 divinitate
3099 3501 3162 3538 ac
3200 3486 3539 3541 humanitate

1959 3592 2027 3630 ex
2074 3576 2290 3631 duabus
2326 3577 2560 3631 naturis
2608 3576 2905 3646 significat,
2952 3578 3031 3631 ita
3057 3577 3114 3630 in
3163 3576 3439 3631 divinitate
3475 3593 3540 3630 ac

1957 3667 2286 3721 humanitate
2341 3666 2399 3720 in
2468 3665 2687 3721 duabus
2754 3666 2970 3722 naturis
3023 3682 3145 3721 esse
3202 3669 3538 3737 agnoscique

1955 3758 2240 3815 Christum
2267 3759 2631 3815 demonstrat.
2679 3759 2838 3825 Quod
2865 3767 3053 3815 autem
3099 3761 3305 3816 dicitur
3340 3777 3408 3817 ex
3436 3763 3537 3816 ali-

1954 3858 2091 3921 quot
2133 3851 2498 3906 constitutum
2529 3865 2673 3916 esse,
2704 3850 2813 3905 nisi
2846 3850 2907 3905 in
2941 3850 3052 3905 illis
3095 3859 3428 3921 agnoscatur
3464 3867 3537 3906 ex

1952 3942 2158 4012 quibus
2201 3942 2565 3997 constitutum
2622 3948 2729 4007 est,
2790 3941 3050 3998 confusas
3099 3941 3534 4012 obscuratasque

1952 4034 2138 4089 facere
2163 4048 2253 4089 res
2278 4034 2706 4099 constituentes,
2740 4033 2891 4088 clare
2922 4032 3146 4103 reponit
3170 4050 3185 4099 ;
3238 4034 3387 4089 inter
3412 4049 3537 4103 quas

1954 4124 2071 4180 haec
2099 4124 2301 4182 iterum
2332 4124 2481 4184 idem
2517 4131 2745 4180 sanctus
2784 4123 3024 4195 Cyrilius
3065 4133 3259 4180 contra
3284 4115 3537 4179 Consub—

1954 4213 2528 4277 stantialistaﬂﬂieit:
2572 4233 2591 4267 ι
2623 4214 2681 4270 Si
2715 4230 2848 4270 vero
2890 4215 3123 4280 dicunt,
3167 4229 3323 4270 more
3368 4216 3536 4284 liqui-

1953 4308 2174 4373 dorum,
2205 4321 2429 4362 carnem
2457 4317 2514 4362 et
2545 4304 2793 4362 Verbum
2815 4306 2923 4362 sibi
2955 4307 3195 4362 invicem
3244 4306 3536 4361 eommista

1953 4396 2459 4467 fuisseyquomodo
2489 4396 2814 4453 nescierunt
2840 4396 3051 4467 liquida
3091 4396 3209 4452 hac
3234 4395 3342 4451 sibi
3386 4395 3532 4450 invi-

1953 4504 2075 4544 cem
2112 4489 2436 4551 commista,
2489 4487 2647 4543 verbi
2689 4488 2864 4559 gratia
2916 4488 3106 4542 vinum
3140 4495 3199 4542 et
3247 4488 3377 4551 mel,
3419 4488 3533 4557 jam

1955 4595 2066 4635 non
2125 4594 2248 4635 esse
2312 4593 2466 4634 mere
2530 4579 2679 4649 quod
2729 4587 2940 4644 erant,
3003 4577 3101 4633 sed
3169 4578 3535 4648 assumpsisse

1956 4669 2256 4740 plurimum
2298 4670 2546 4725 materia:
2570 4670 2782 4735 aliene,
2819 4671 2896 4724 ita
2922 4676 2986 4723 ut
3010 4669 3065 4723 in
3090 4668 3368 4737 quoddam
3402 4667 3534 4722 alie-

1955 4776 2088 4816 num
2126 4768 2558 4816 commutantur.
2612 4761 2670 4817 Si
2716 4776 2849 4831 ergo
2894 4760 3081 4815 Verbo
3115 4774 3342 4814 carnem
3374 4774 3533 4813 com-

1954 4850 2172 4905 nistam
2202 4851 2375 4906 fuisse
2410 4852 2625 4919 dicunt,
2673 4865 2902 4907 necesse
2945 4850 3172 4904 omnino
3214 4849 3323 4904 erit
3344 4850 3532 4903 dicere

1953 4941 2391 5011 unumquodque
2440 4942 2850 5000 nominatorum
2868 4981 2882 5005 ,
2943 4941 3019 4994 ita
3041 4954 3165 4995 esse
3190 4939 3434 4993 alienum
3460 4938 3530 4991 ab

1953 5050 2020 5090 eo
2062 5035 2210 5105 quod
2237 5044 2395 5099 erat,
2446 5043 2508 5089 ut
2546 5034 2808 5105 quiddam
2846 5046 3018 5088 unum
3054 5047 3123 5089 ex
3173 5030 3394 5085 duobus
3438 5028 3533 5083 fiat

1955 5125 2233 5188 medium,
2267 5126 2495 5180 omnino
2535 5125 2707 5180 ferme
2748 5122 2899 5180 aliud
2922 5135 3090 5191 quam
3132 5120 3284 5193 quod
3331 5135 3529 5174 unum-

1953 5217 2211 5287 quodque
2244 5225 2367 5272 erat
2394 5232 2493 5287 per
2523 5224 2726 5286 partes.
2767 5234 2787 5267 ι

2025 5307 2263 5362 Probata
2276 5307 2443 5377 igitur
2462 5308 2516 5361 in
2536 5322 2645 5360 non
2666 5305 2892 5361 salvstis
2910 5312 3035 5377 post
3045 5302 3525 5374 compositionem,

1952 5396 2330 5452 confusionem
2360 5396 2500 5461 fieri,
2533 5396 2763 5451 evidens
2797 5406 2883 5452 est
2932 5395 2988 5451 in
3017 5395 3222 5464 quibus
3255 5408 3359 5448 nec
3395 5406 3528 5444 con-

1947 5485 2093 5541 fusio
2120 5502 2223 5542 nec
2267 5486 2580 5540 obscuratio
2628 5501 2816 5541 rerum
2861 5485 3315 5544 constituontiuln
3347 5482 3523 5541 adest.

1950 5590 2017 5630 ex
2042 5576 2287 5647 quodam
2335 5590 2460 5630 esse
2496 5577 2802 5645 composita
2825 5614 2843 5639 ,
2873 5582 3039 5643 atque
3068 5574 3123 5628 in
3151 5572 3260 5627 illis
3281 5572 3527 5642 agnosci,

1958 5683 2022 5723 ac
2048 5666 2399 5723 manifestum
2448 5676 2533 5722 est
2575 5665 2903 5723 conﬁtentes
2934 5682 3001 5723 ex
3030 5666 3245 5722 duabus
3287 5666 3525 5724 naturis.
