4220 6442
278 419 415 485 1113

1197 424 1639 489 TRACTATUS
1676 426 1975 489 CONTRA
2009 431 2612 497 MONOPHYSITAS.

3382 446 3518 500 HN

274 531 511 595 ⁶ιτῶντες,
550 528 679 601 μίαν
721 530 1129 586 ἀναπλάττουσι
1198 532 1400 602 σαρκὸς
1455 534 1551 586 καὶ
1602 533 1857 603 θεότητος

1962 537 2266 597 divinitatis
2298 552 2549 597 naturam
2581 544 2736 609 dicit,
2773 544 2869 601 sed
2897 553 3185 617 postquam
3216 547 3523 619 incorporei

276 625 464 693 φύσιν.
512 624 571 677 Ὀ
638 628 822 695 μέντοι
874 626 933 678 ιν
975 625 1155 692 ἁγίοις
1206 626 1395 695 Πατὴρ
1420 666 1434 690 ,
1460 627 1560 695 οὐχ
1597 626 1671 689 ὡς
1701 628 1857 679 αὐτοὶ

278 718 649 787 φαντάζονται
683 718 811 788 μίαν
842 718 1045 788 σαρκὸς
1079 719 1170 771 καὶ
1202 717 1457 788 θεότητος
1488 720 1636 787 λέγει
1670 720 1854 787 φύσιν,

277 812 399 865 ἀλλ’
427 810 506 874 ὡς
552 811 796 881 άσάρκου
824 809 920 863 τοῦ
950 809 1128 877 Λόγου
1163 810 1291 879 μίαν
1331 809 1501 863 εἰπὼν
1543 809 1643 879 τὴν
1672 810 1854 877 φύσιν,

278 904 381 956 οὐκ
415 902 548 973 ιστη
575 903 737 975 μέχρι
769 903 982 968 τούτου,
1004 902 1141 955 ἀλλὰ
1160 902 1505 973 προσέθηκεν
1525 902 1608 966 τδ,
1635 917 1859 969 σεσαρ-

278 997 582 1067 κωμένην,
612 998 698 1051 ἵνα
719 997 813 1051 διὰ
856 995 978 1057 τοῦ.
1010 994 1500 1064 σεσαρκωμένην,
1534 995 1635 1064 τὴν
1663 994 1858 1064 ἑτέραν

280 1091 443 1158 ἡμῖν,
466 1090 713 1142 τουτέστι
752 1087 853 1158 τὴν
902 1086 1255 1158 ἀνθρωπίνην
1298 1088 1629 1157 παραστήσῃ
1673 1086 1854 1155 φύσιν.

294 1182 353 1232 ’Δ
365 1181 517 1250 μέλει
544 1179 619 1251 μὴ
651 1177 944 1250 ἀρκεσθεὶς
973 1181 1042 1249 τῇ
1070 1176 1298 1248 τοιαύτῃ
1327 1176 1493 1241 λέξει,
1518 1178 1657 1231 ἀλλὰ
1691 1177 1859 1245 σαφέ-

283 1290 479 1342 στερον
510 1273 610 1343 τὴν
643 1270 839 1325 ἑαυτοῦ
863 1269 1102 1324 διάνοιαν
1128 1268 1476 1339 παραστῆσαι
1508 1267 1859 1337 βουλόμενος,

279 1369 565 1437 ἐπήγαγεν
619 1364 779 1429 εὐθὺς
826 1365 863 1419 ἃ
907 1364 1070 1417 πάλιν
1118 1362 1274 1415 αὐτοὶ
1324 1361 1858 1433 παραλιμπάνουσιν·

286 1478 304 1509 ι
353 1458 565 1512 Οὐκοῦν
603 1460 730 1512 ὅσον
763 1457 861 1528 μὲν
907 1452 1043 1527 ἧκεν
1086 1456 1165 1517 είς
1208 1454 1421 1505 ιννοιαν
1461 1454 1558 1505 καὶ
1586 1454 1665 1515 είς
1700 1451 1860 1520 μόνον

278 1552 342 1603 τὸ
380 1553 513 1621 ὁρᾷν
537 1553 649 1613 τοῖς
674 1550 775 1619 τῆς
808 1549 986 1619 ψυχῆς
1014 1549 1227 1619 δμμασι
1252 1591 1267 1613 ,
1298 1549 1424 1602 τίνα
1466 1546 1668 1616 τρόπον
1708 1546 1861 1611 ἐνην-

278 1642 575 1712 θρώπησεν
604 1642 633 1694 ὁ
661 1642 993 1710 Μονογενὴς,
1018 1640 1113 1693 δύο
1140 1639 1237 1703 τάς
1265 1638 1455 1708 φύσεις
1485 1632 1623 1689 εἷναί
1655 1651 1858 1704 φαμεν,

280 1736 380 1787 ἕνα
405 1733 463 1787 δὲ
484 1734 723 1805 Χριστὸν
750 1733 847 1787 καὶ
878 1732 1008 1785 Υίὺν
1036 1732 1131 1785 καὶ
1161 1731 1366 1799 Κύριον
1390 1727 1487 1782 τοῦ
1522 1728 1659 1781 Θεοῦ
1685 1727 1860 1791 Λόγον

281 1824 792 1896 ἔνανθρωπήσαντα
844 1823 939 1877 καὶ
994 1824 1433 1892 σεσαρκωμένον.
1469 1839 1488 1872 ε
1525 1820 1593 1871 Τί
1651 1818 1857 1871 τούτων

1966 629 2131 685 Verbi
2156 649 2318 688 unam
2349 642 2605 688 naturam
2637 635 2794 699 dixit,
2829 653 2941 691 non
2968 637 3059 693 hic
3089 638 3265 702 stetit,
3318 637 3532 695 addidit

1955 726 2322 789 incarnatam,
2378 734 2439 781 ut
2493 741 2594 796 per
2644 728 3015 793 incantatam,
3066 729 3298 784 alteram
3346 729 3529 795 nobis,

1958 816 2169 871 scilicet
2196 816 2513 882 humanam,
2540 825 2795 872 naturam
2820 829 3173 888 proponeret.
3198 818 3317 873 Non
3345 827 3531 874 autem

1959 908 2065 964 bac
2106 909 2423 963 elocutione
2466 917 2781 972 contentus,
2838 906 2935 963 sed
2984 906 3330 962 manifestius
3375 924 3530 963 suam

1956 1002 2152 1057 volens
2180 1000 2397 1070 aperire
2427 1001 2755 1055 sententiam
2782 1040 2796 1063 ,
2852 1000 3120 1055 continuo
3149 997 3362 1052 addidit
3405 1016 3534 1055 »ιιι--

1959 1108 2054 1149 sus
2079 1108 2202 1162 quae
2238 1092 2315 1147 illi
2351 1090 2817 1161 praetermittunt:
2850 1109 2867 1139 ι
2899 1090 3135 1144 Tantum
3167 1089 3334 1159 igitur
3362 1103 3535 1155 quan-

1960 1192 2076 1237 tum
2124 1183 2315 1237 datum
2369 1189 2457 1237 est
2506 1180 2669 1235 nobis
2733 1179 3038 1250 intelligere
3085 1180 3329 1249 solisque
3377 1178 3535 1234 vide-

1961 1289 2019 1328 re
2065 1275 2243 1329 oculis
2282 1272 2478 1327 animae
2519 1280 2750 1334 nostrae,
2813 1270 3090 1340 quomodo
3144 1271 3310 1324 homo
3359 1269 3538 1325 factus

1960 1365 2131 1420 fuerit
2182 1365 2541 1435 Unigenitus,
2593 1364 2734 1418 duas
2790 1370 3024 1417 naturas
3079 1377 3201 1416 esse
3259 1362 3535 1428 dicimus,

1962 1472 2131 1511 unum
2176 1471 2309 1509 vero
2354 1455 2667 1519 Christum,
2704 1455 2902 1509 Filium
2950 1462 3007 1509 et
3041 1453 3368 1517 Dominum,
3398 1454 3539 1509 Ver-

1962 1548 2094 1602 bum
2146 1548 2241 1602 Dei
2290 1548 2387 1618 qui
2448 1547 2615 1603 homo
2661 1546 2838 1603 factus
2882 1556 2968 1602 est
3019 1556 3077 1601 et
3122 1547 3461 1601 incarnatus.
3511 1566 3531 1598 ε

1961 1640 2103 1706 Quid
2126 1641 2214 1695 his
2242 1641 2429 1695 verbis
2457 1639 2665 1695 clarius
2687 1654 2809 1695 esse
2841 1640 3063 1709 potest?
3086 1638 3176 1695 Vel
3214 1638 3364 1709 quod
3389 1639 3539 1694 sanis

1960 1741 2145 1786 mente
2187 1732 2419 1786 dubium
2467 1731 2799 1800 relinquitur
2849 1730 3032 1785 adhuc
3072 1730 3143 1785 de
3190 1729 3538 1785 confessione

1962 1822 2196 1877 duarum
2242 1825 2296 1877 iu
2332 1822 2556 1878 Christo
2605 1831 2958 1887 naturarum,
3011 1820 3127 1877 hac
3158 1820 3323 1877 Patre
3377 1819 3541 1876 nobis

277 1917 399 1969 toti
465 1916 805 1985 σαφέστερον
838 1932 851 1979 ;
884 1914 917 1984 ἢ
946 1915 1030 1978 τίς
1071 1914 1257 1967 λοιπόν
1310 1915 1424 1975 τοῖς
1460 1910 1522 1966 εὖ
1564 1908 1857 1981 φρονοῦσιν

1962 1914 2251 1988 tradepte?
2292 1913 2399 1969 Sed
2445 1913 2523 1967 illi
2576 1912 2726 1967 omni
2772 1912 2935 1967 modo
2979 1912 3276 1967 veritatem
3330 1910 3537 1965 distor-

278 2009 695 2080 άμφισδτίγτησις
722 2008 1074 2061 ὑπολείπεται
1102 2008 1233 2078 περὶ
1279 2006 1379 2077 τὴν
1429 2004 1720 2076 ὁμολογίαν
1748 2001 1857 2073 τῶν

277 2103 339 2154 ἰν
380 2101 601 2171 Χριστῷ
648 2100 743 2154 δύο
793 2100 1034 2169 φύσεων,
1066 2100 1291 2154 τοιαῦτα
1339 2098 1437 2151 τοῦ
1481 2098 1693 2169 [ἰατρὸς
1725 2098 1859 2166 ημῖν

278 2192 765 2262 παραδεδωκότος;
820 2192 960 2245 Ἀλλ’
999 2194 1201 2245 ἐκεῖνοι
1246 2192 1338 2243 διὰ
1369 2192 1588 2243 πάντων
1616 2190 1684 2242 τὰ
1725 2187 1861 2260 ὀρθὰ

274 2280 628 2351 διαστρέφειν
677 2280 1069 2345 σπουδάζοντες
1090 2320 1106 2344 ,
1140 2282 1234 2333 καὶ
1272 2280 1431 2333 τοῦτο
1460 2282 1582 2341 ταῖς
1628 2279 1873 2340 οἰκείαις.

279 2370 642 2439 προστιθέασι
698 2370 1128 2439 ματαιολογίαις,
1164 2369 1412 2437 λέγοντες
1455 2368 1530 2441 μὴ
1572 2368 1681 2421 δεῖν
1723 2370 1861 2438 ὁμο·

278 2460 557 2530 λογείσθαι
589 2463 816 2533 στόματι
844 2462 912 2515 τά
941 2461 1084 2515 κατὰ
1114 2461 1215 2532 τὴν
1235 2460 1447 2514 ἔννοιαν
1484 2461 1579 2513 καὶ
1604 2462 1719 2523 τοῖς
1762 2458 1863 2528 τῆς

280 2556 463 2626 ψυχῆς
496 2556 709 2626 δμμασι
745 2555 1115 2628 θεωρούμενα.
1148 2556 1260 2626 Τῆς
1308 2555 1364 2609 δι
1396 2553 1654 2623 τοιαύτης
1683 2551 1862 2605 αὐτῶν

283 2649 624 2719 κακουργίας
652 2647 806 2701 οὐδέν
839 2650 990 2701 εστιν
1025 2646 1365 2717 ἀλογώτερον
1397 2662 1411 2678 ⁸
1451 2646 1592 2699 κατὰ
1623 2644 1733 2716 γάρ
1760 2644 1863 2717 τὴν

282 2739 467 2793 αύτῷν
504 2744 723 2808 μανίαν,
755 2738 878 2792 οὐδὲ
935 2738 1070 2792 Θεὸν
1129 2738 1356 2809 στόματι
1410 2739 1863 2809 ὁμολογήσουσιν,

282 2827 474 2897 ἐπειδὴ
503 2828 645 2882 κατὰ
676 2828 847 2898 μόνην
885 2828 1115 2894 ἔννοιαν,
1146 2829 1242 2882 καὶ
1274 2831 1384 2891 τοῖς
1417 2828 1515 2899 τῆς
1542 2827 1722 2898 ψυχῆς
1759 2828 1863 2898 δμ-

289 2920 645 2992 μασινιαύτδν
665 2920 1013 2989 ἐπιστάμεθα
1038 2938 1053 2952 ·
1082 2920 1217 2973 ὅπου
1248 2935 1313 2988 γε
1346 2920 1443 2973 καὶ⁵
1488 2919 1648 2982 αὐτὸς
1679 2922 1709 2973 ό
1747 2922 1863 2975 ηα-

282 3013 433 3083 τὴρ,
482 3012 628 3083 άπερ
680 3015 795 3076 τοῖς
847 3013 949 3081 τῆς
991 3012 1170 3083 ψυχῆς
1214 3012 1460 3080 ὁμμασιν
1508 3011 1863 3083 ἐθεώρησεν,

283 3102 465 3157 ταῦτα
530 3103 626 3155 καὶ
685 3097 840 3156 εἶπεν
894 3104 990 3156 καὶ⁵
1045 3104 1340 3174 ἐγγράφως
1418 3102 1671 3169 ἐξέθετο·
1740 3105 1865 3157 οὐδὲ

1959 2020 2134 2076 quere
2172 2005 2481 2068 studentes,
2520 2004 2666 2057 inter
2701 2003 2917 2059 somnia
2953 1989 3053 2058 sua
3088 2002 3200 2057 hoc
3218 2011 3539 2073 proponunt

1960 2095 2208 2150 dicentes
2256 2109 2367 2148 non
2399 2108 2521 2149 esse
2562 2093 2876 2149 confitenda
2920 2108 3017 2148 ore
3061 2108 3185 2163 quae
3231 2094 3535 2148 secundum

1959 2186 2303 2242 intellectum
2332 2180 2621 2255 oculisque
2642 2184 2855 2256 pnimae
2878 2186 3167 2255 ‘percepta
3194 2194 3343 2239 sunt.
3389 2177 3536 2239 Nihil

1961 2296 2159 2353 autem
2219 2285 2392 2356 magis
2459 2285 2785 2340 adversatur
2843 2284 3047 2339 rationi
3106 2299 3271 2356 quam
3341 2298 3536 2340 eorum

1962 2376 2272 2433 istiusmodi
2308 2376 2682 2443 machinatio;
2713 2366 3019 2449 secundum
3064 2376 3210 2431 enim
3244 2374 3538 2430 stultitiam

1960 2485 2174 2533 eorum,
2209 2483 2279 2523 ne
2306 2468 2479 2523 Deum
2500 2467 2725 2538 quidem
2754 2483 2853 2523 ore
2893 2452 3328 2530 confitebuntur,
3362 2465 3540 2536 siqui-

1961 2561 2089 2616 dem
2114 2559 2420 2615 seeundum
2450 2559 2630 2614 solum
2669 2559 3012 2615 intellectum
3049 2560 3354 2629 animaque
3404 2574 3541 2614 ocu-

1962 2653 2032 2707 lis
2057 2652 2211 2707 illum
2232 2652 2650 2723 cognoscimus;
2675 2651 2755 2707 sic
2774 2661 2831 2706 et
2857 2652 2974 2721 ipse
2994 2650 3178 2716 Pater,
3200 2667 3323 2721 qua
3341 2652 3543 2706 mentis

1964 2744 2143 2799 oculis
2176 2753 2530 2814 perceperat,
2576 2743 2693 2798 haec
2719 2742 2858 2797 dixit
2889 2742 3223 2812 scriptisque
3253 2741 3540 2812 exposuit;

1964 2854 2145 2909 neque
2178 2839 2340 2893 aliter
2371 2854 2495 2908 qua:
2536 2838 2606 2893 ab
2658 2838 2753 2893 illo
2794 2845 3052 2908 percepta
3096 2846 3228 2892 sunt
3260 2835 3546 2906 cognosci-

1966 2946 2091 2985 mus
2134 2930 2241 2985 nisi
2277 2931 2630 2987 sermonibus
2676 2931 3009 3001 scriptisque
3053 2931 3220 2984 illius.
3258 2929 3315 2983 Si
3360 2939 3543 2984 autem

1961 3023 2117 3093 juxta
2158 3022 2547 3078 haereticorum
2578 3024 2873 3078 stultitiam
2922 3039 3010 3078 res
3051 3022 3168 3077 sola
3200 3029 3384 3075 mente
3416 3036 3542 3089 pcr-

1966 3124 2155 3184 ceptas
2192 3115 2443 3170 conﬁteri
2480 3131 2588 3169 non
2640 3115 2839 3179 refert,
2886 3114 3163 3185 quomodo
3209 3114 3542 3169 ineﬂ'abilem

285 3196 399 3265 γὰρ
441 3194 618 3257 άλλως
664 3195 1012 3265 ιπιστάμεθα
1048 3197 1115 3250 τὰ
1160 3197 1354 3265 ἐκείνῳ
1401 3196 1785 3268 θεωρηθέντα,
1812 3199 1864 3252 εί

1969 3213 2383 3270 confitebuntur
2458 3214 2803 3269 divinitatem
2883 3211 3101 3269 Domitii
3177 3213 3352 3275 nostri
3416 3214 3546 3269 Jesu

288 3288 367 3357 μὴ
400 3286 490 3340 διὰ
538 3287 650 3340 τῶν
691 3287 857 3341 αὑτοῦ
888 3287 1060 3356 λόγων
1100 3306 1158 3343 τε
1185 3292 1278 3344 καὶ
1318 3291 1685 3362 γραμμάτων.
1722 3292 1786 3344 Et
1809 3292 1866 3345 δὲ

1968 3304 2197 3365 Christi.
2245 3306 2622 3361 incarnatione
2668 3306 2889 3376 quidem
2940 3307 3187 3362 exterius
3235 3305 3544 3369 manifesta,

285 3379 434 3433 κατά
460 3379 560 3449 τὴν
595 3380 888 3449 αἱρετικῶν
921 3382 1109 3435 ἄνοιαν
1141 3382 1212 3435 τά
1243 3383 1389 3454 μόνῳ
1416 3383 1495 3453 τῷ
1523 3383 1601 3453 νῷ
1630 3382 1867 3453 θεωρού-

289 3491 432 3544 μενα
468 3473 758 3543 ὁμολογεῖν
792 3476 855 3527 οὔ
900 3478 1189 3548 προσήκει,
1223 3476 1341 3540 πῶς
1383 3476 1779 3547 ὁμολογήσουσι
1805 3476 1869 3529 τδ

287 3565 571 3635 ἐξαίρετον
618 3565 719 3635 τῆς
770 3566 1022 3637 θεότητος
1076 3566 1171 3619 τοῦ
1221 3567 1430 3638 Κυρίου
1484 3567 1644 3637 ήμῶν
1688 3566 1865 3637 Ἰησοῦ

290 3658 550 3727 Χριστοῦ,
576 3657 675 3726 τῆς
706 3657 805 3727 μὲν
838 3657 1170 3728 σαρκώσεως
1197 3657 1361 3711 αὑτοῦ
1386 3658 1737 3729 φαινομένης,
1766 3659 1867 3729 τῆς

285 3751 346 3803 δὲ
372 3750 626 3817 θεότητος
646 3748 813 3803 αὐτοῦ
835 3751 983 3819 μόνῳ
1005 3750 1083 3820 τῷ
1111 3748 1187 3820 νῷ
1207 3750 1619 3821 θεωρουμένης
1652 3752 1713 3803 Εί
1739 3751 1873 3820 μέν⁶

288 3860 375 3896 τοι
392 3842 531 3895 κατὰ
557 3842 649 3894 τὸν
676 3841 816 3895 θεῖον
846 3842 1189 3908 Ἀπόστολον,
1222 3842 1578 3920 Καρδίᾳμὲν
1597 3826 1871 3898 πιστεύε-

295 3951 392 3988 ται
423 3938 511 3999 είς
554 3934 974 4005 δικαιοσύνην,
1009 3938 1262 4005 στόματι
1284 3936 1738 4006 ὁέὀμολογεῖται
1780 3940 1871 4003 είς

282 4024 618 4092 σωτηρίαν,
664 4025 930 4095 πρόδηλον
976 4026 1060 4079 ὅτι
1108 4027 1174 4079 τά
1226 4028 1304 4097 νῷ
1357 4028 1728 4099 θεωρούμενα,
1776 4030 1869 4082 καὶ

294 4116 526 4186 στόματι
572 4117 914 4186 ὁμολογεῖται
939 4134 954 4149 °
987 4118 1109 4171 καθ’
1140 4118 1176 4173 ὁ.
1202 4120 1311 4191 γάρ
1356 4122 1385 4172 ὁ
1414 4121 1672 4194 Θεολόγος
1716 4122 1866 4190 λίγει

294 4208 618 4278 Γρηγόριος,
667 4228 686 4258 ε
724 4209 945 4279 Κίνημα
972 4210 1302 4281 ναρκώντων
1332 4214 1449 4266 ἐστὶ
1487 4213 1612 4277 νοῦς
1640 4214 1869 4268 άνεκλά-

1967 3397 2256 3452 divinitate
2303 3407 2486 3453 autem
2537 3398 2651 3453 sola
2711 3407 2893 3452 mente
2948 3396 3249 3468 percepta?
3289 3396 3345 3451 Si
3393 3410 3545 3459 vero,

1964 3490 2117 3559 juxta
2156 3489 2346 3543 divum
2388 3490 2743 3559 Apostolum,
2785 3490 2940 3544 corde
2976 3488 3188 3559 quidem
3220 3486 3453 3541 creditur
3479 3484 3549 3539 ad

1960 3582 2250 3651 justitiam,
2295 3597 2387 3634 ore
2415 3598 2537 3635 vero
2571 3580 2829 3651 confessio
2869 3580 2931 3649 ﬁt
2975 3579 3045 3633 ad
3078 3579 3306 3633 salutem
3341 3589 3388 3640 ο.
3420 3568 3556 3647 per:

1972 3674 2224 3741 spicuum
2251 3682 2336 3728 est
2361 3689 2451 3727 res
2490 3681 2674 3727 mente
2704 3682 3014 3743 perceptas,
3043 3689 3141 3729 ore
3173 3686 3392 3742 quoque
3419 3684 3551 3723 con-

1977 3760 2210 3817 fitendas
2253 3778 2395 3817 esse.
2445 3763 2520 3817 De
2551 3762 2639 3817 his
2667 3763 2871 3817 etenim
2901 3756 3213 3834 'Gregorius
3238 3761 3551 3829 Theologus

1976 3850 2150 3905 dicit:
2183 3870 2200 3901 ι
2238 3852 2389 3905 Mens
2415 3858 2565 3905 muta
2596 3850 3040 3921 consopientium
3080 3849 3253 3913 ratio;
3286 3855 3447 3916 turpe
3467 3852 3553 3900 est

1971 3945 2144 4008 enim,
2192 3954 2349 4015 turpe
2396 3954 2508 4008 est,
2559 3943 2906 4014 maximeque
2958 3938 3335 3998 irrationabile
3380 3938 3552 3993 fortes

1973 4038 2158 4091 animo
2191 4052 2357 4091 voces
2382 4046 2579 4092 tenues
2611 4037 2893 4107 prolem,
2938 4034 3388 4102 abscondereque
3426 4030 3552 4085 tlte-

1972 4142 2193 4181 saurum
2228 4131 2383 4198 quasi
2426 4129 2562 4185 alios
2591 4130 3022 4192 calumniantes,
3060 4126 3167 4182 nisi
3200 4142 3313 4196 prae
3350 4124 3551 4179 timore

1971 4219 2213 4289 linguam
2238 4221 2742 4276 sanctificaveritis.
2780 4240 2801 4276 ιι

291 4300 461 4369 λητος
487 4317 501 4331 ’
533 4299 757 4369 αίσχρὸν
783 4302 913 4371 γάρ,
954 4302 1203 4371 αἰσχρὸν,
1231 4304 1324 4355 καὶ
1353 4302 1553 4365 ἱκανῶς
1582 4304 1774 4371 ἄλογον
1833 4306 1975 4358 κατά
2009 4310 2185 4379 ψυχὴν
2231 4312 2579 4382 ἐρρωμένους
2626 4310 3108 4379 σμικρολογεῐσθαι
3131 4310 3260 4380 περὶ
3280 4310 3370 4363 τὸν
3394 4306 3547 4380 ἦχονο

294 4395 395 4448 καὶ
416 4392 684 4463 κρύπτειν
704 4394 793 4447 τὸν
817 4394 1328 4467 θησαυρὸν,ὦσπερ
1373 4397 1554 4460 ἄλλοις
1606 4398 2025 4467 βασκαίνοντας,
2076 4405 2126 4456 εί
2178 4406 2253 4475 μὴ
2300 4407 2392 4459 καὶ
2433 4406 2530 4474 τὴν
2583 4405 2838 4471 γλῶσσαν
2869 4405 3133 4474 άγιάσητε
3160 4404 3483 4466 δεδοικότες.
3526 4423 3544 4455 ε

369 4487 589 4540 Τούτων
636 4486 819 4539 τοίνυν
884 4488 1057 4551 οὕτως
1109 4488 1363 4558 ἑχόντων,
1393 4490 1500 4559 χρὴ
1541 4491 1749 4554 πάντας
1780 4491 1870 4544 άν-

2055 4498 2149 4552 His
2178 4514 2310 4567 ergo
2338 4512 2395 4552 se
2420 4496 2773 4558 habentibus,
2801 4504 3019 4566 oportet
3047 4502 3107 4549 ut
3150 4508 3341 4552 omnes
3371 4496 3553 4550 homi-

294 4579 552 4650 θρώπους
584 4579 645 4632 τὸ
678 4579 819 4649 μέγα
848 4580 945 4648 τῆς
975 4581 1257 4644 εὐσεϐείας
1288 4582 1758 4653 προσδεχομένους
1784 4602 1879 4653 μυ-

297 4677 525 4741 στήριον
553 4671 644 4725 τοῦ
680 4673 919 4742 μεγάλου
954 4673 1091 4727 Θεοῦ
1125 4675 1219 4728 καὶ
1246 4675 1495 4745 Σωτῆρος
1517 4675 1674 4745 ἡμῶν
1703 4677 1878 4746 Ἰησοῦ

296 4763 560 4830 Χριστοῦ,
591 4765 683 4817 καὶ
719 4766 948 4835 στόματι
971 4765 1254 4833 ὁμολογεῖν
1283 4766 1384 4829 τάς
1421 4766 1516 4820 δύο
1554 4766 1747 4835 φύσεις
1786 4767 1879 4822 τοῦ

297 4855 567 4924 Χριστοῦ,
600 4857 702 4926 τήν
725 4873 785 4909 τε
830 4856 983 4911 θείαν
1014 4858 1111 4911 καὶ
1148 4858 1246 4928 τὴν
1284 4859 1653 4930 ἀνθρωπίνην.
1684 4861 1797 4913 Καὶ
1820 4862 1879 4914 ὲν

296 4948 381 5018 τῷ
401 4950 637 5019 δευτέρῳ
669 4950 779 5018 γάρ
811 4951 948 5019 πρὸς
987 4950 1079 5003 τον
1110 4951 1275 5023 αὐτόν
1304 4952 1605 5006 Σούκενσον
1633 4953 1879 5025 ύπομνηυ

302 5040 523 5111 ματικῷ
559 5044 587 5094 ὁ
634 5044 692 5094 ἐν
724 5041 899 5109 ἁγίοις
931 5034 1225 5112 Κύριὶλοςξ
1244 5042 1359 5110 ἅμα
1399 5043 1499 5112 μὲν
1527 5044 1627 5113 τὴν
1664 5045 1878 5099 ἐκείνου

299 5128 434 5198 περὶ
492 5128 590 5198 τὴν
652 5128 1069 5201 ὲνανθρὼπησιν
1137 5130 1418 5202 ὀρθόδοξον
1480 5133 1881 5203 ἀποδεχόμενος

299 5220 511 5281 πίστιν,
536 5220 650 5289 ἅμα
674 5220 731 5273 δὲ
763 5219 861 5291 τὴν
884 5220 1092 5275 οίκείαν
1120 5222 1346 5293 γνώμην
1371 5224 1715 5296 τρανώτερον
1743 5227 1878 5280 ἀπο-

296 5312 540 5374 δεικνὺς,
568 5313 742 5365 ταῦτα
772 5313 1111 5383 παραδίδωσι
1143 5315 1319 5379 λέγων
1342 5332 1355 5345 ο
1388 5333 1407 5366 ι
1459 5317 1759 5387 Ὀρθότατα
1784 5318 1881 5372 καὶ

303 5405 449 5458 πάνυ
481 5406 716 5470 συνετῶς
743 5408 779 5479 ἡ
803 5407 871 5476 σὴ
903 5409 1176 5480 τελειότης
1201 5410 1292 5463 τὸν
1321 5412 1449 5481 περὶ
1478 5414 1572 5465 τοῦ
1601 5412 1872 5483 σωτηρίου

300 5498 514 5562 πάθους
530 5500 802 5554 ἐκτίθεται
820 5500 999 5571 λόγον,
1021 5503 1122 5556 οὐκ
1146 5504 1310 5557 αὑτὸν
1332 5506 1593 5575 μονογενῆ
1617 5504 1711 5557 τοῦ
1739 5505 1875 5558 Θεοῦ

301 5590 436 5644 Υἰδν
460 5590 580 5644 καθ’
606 5590 639 5645 δ
655 5595 859 5648 νοεῖται
878 5593 968 5647 καὶ
1002 5594 1115 5660 ἐστι
1138 5592 1270 5659 Θεὸς
1288 5595 1482 5649 παθεῖν
1499 5598 1579 5659 εἱς
1609 5594 1747 5647 ίδίαν
1779 5593 1880 5661 φύ-

302 5698 392 5735 σιν
424 5681 492 5735 τα
517 5681 769 5753 σώματος
814 5686 1225 5757 ίσχυριζομένη,
1252 5686 1445 5739 παθεῖν
1480 5686 1536 5739 δὲ
1568 5685 1769 5755 μῶλον
1813 5689 1876 5754 τῇ

386 5870 409 5899 ο
439 5856 596 5917 nom.
634 5880 683 5929 κ,
714 5865 797 5921 l0.

1974 4602 2094 4647 nes,
2145 4587 2239 4656 qui
2293 4594 2619 4656 receperunt
2662 4602 2917 4656 magnum
2966 4586 3188 4654 pietatis
3230 4586 3550 4656 mysterium

1975 4680 2073 4734 Dei
2132 4679 2311 4748 magni
2352 4687 2408 4733 et
2458 4678 2760 4733 Salvatoris
2799 4676 2976 4731 nostri
3014 4676 3143 4731 Jesu
3172 4675 3410 4741 Christi,
3455 4692 3553 4732 ore

1975 4773 2141 4827 etiam
2186 4769 2554 4823 confiteantur
2586 4770 2725 4823 duas
2769 4780 2996 4823 naturas
3037 4766 3269 4830 Christi,
3310 4766 3554 4822 divinam

1978 4872 2142 4931 atque
2169 4862 2486 4915 humanam.
2517 4862 2574 4915 In
2600 4861 2846 4915 secundo
2871 4860 2937 4913 ad
2964 4859 3219 4913 eumdem
3248 4859 3555 4914 Sucensum

1985 4952 2381 5007 commentario
2417 4960 2646 5005 sanctus
2684 4950 2951 5021 Cyrillus,
2982 4950 3142 5003 fidem
3182 4948 3332 5002 illius
3368 4948 3557 5002 ortho-

1977 5045 2174 5099 doxam
2197 5044 2265 5097 de
2288 5043 2671 5098 incarnatione
2700 5042 2950 5103 laudans,
2982 5039 3372 5110 propriamque
3391 5039 3555 5094 simul

1977 5138 2310 5191 sententiam
2364 5134 2709 5189 manifestius
2758 5134 3181 5195 demonstrans,
3226 5133 3345 5187 haec
3391 5132 3558 5187 tradit

1980 5230 2171 5283 dicens
2205 5248 2215 5280 :
2250 5248 2269 5280 ι
2301 5228 2599 5282 Verissime
2624 5238 2787 5294 atque
2827 5225 3259 5295 prudentissime
3290 5224 3558 5294 perfectio

1988 5332 2080 5377 tua
2108 5336 2416 5377 sermonem
2444 5319 2511 5373 de
2534 5320 2787 5389 passione
2806 5317 3111 5373 Salvatoris
3140 5316 3389 5386 exponit,
3410 5314 3565 5371 adir-

1989 5429 2145 5468 mans
2191 5414 2366 5482 ipsum
2404 5411 2764 5480 Unigenitum
2817 5409 2913 5464 Dei
2975 5408 3204 5469 Filium,
3254 5406 3561 5462 secundum

1986 5502 2131 5571 quod
2181 5509 2407 5569 putatur
2441 5506 2605 5568 atque
2652 5498 2799 5552 Deus
2838 5505 2943 5558 est,
2984 5512 3094 5550 non
3128 5497 3182 5549 in
3222 5510 3317 5549 sua
3364 5503 3565 5548 natura

1988 5608 2206 5664 passum
2252 5606 2372 5645 esse
2426 5607 2548 5660 qua:
2600 5598 2728 5645 sunt
2778 5587 3064 5656 corporis,
3117 5586 3211 5641 sed
3268 5584 3457 5653 potius
3504 5586 3559 5639 in

1991 5683 2236 5740 terrestri
2300 5692 2490 5737 natum
2550 5696 2767 5753 passum
2825 5695 2987 5743 esse,
3044 5677 3357 5734 necessarie
3408 5677 3558 5733 enitr.
