4220 6442
734 400 873 469 1115

1862 406 2301 470 JUSTINIANI
2341 408 2860 479 IMPERATORIS

3863 416 3994 482 1116

729 524 954 585 oportet
979 522 1036 569 ut
1067 513 1314 569 salvetur
1347 525 1640 585 utrumque
1675 520 1767 570 ιιιιί
1799 525 1965 588 atque
1997 519 2304 575 secundum

2412 529 2567 596 χοῖκῇ
2614 527 2810 596 φύσειο
2866 529 2949 583 δεῖ
2986 529 3094 599 γὰρ
3137 529 3450 597 ἀναγκαίως
3495 531 3781 602 ἀμφότερα
3824 533 3994 599 σώζε-

727 607 1019 661 veritatem
1059 607 1216 673 Filio,
1262 625 1369 663 non
1405 608 1512 676 dici
1562 609 1674 676 pati
1717 619 1778 663 ιιι
1810 611 1984 665 Deum
2033 612 2141 676 sed.
2179 628 2308 681 pas-

727 714 848 752 sum
901 709 964 753 ut
1012 700 1324 766 hominem;
1368 715 1496 755 caro
1541 703 1688 757 enim
1733 719 1888 772 passa
1940 712 2044 757 est.
2083 723 2100 754 ι
2133 704 2306 759 Mani-

727 790 930 844 festum
962 801 1043 844 cst
1069 807 1198 859 ergo
1220 807 1285 845 ex
1312 792 1496 856 dictis,
1527 794 1663 847 duas
1689 803 1932 857 naturas,
1968 795 2023 848 id
2049 803 2135 850 est
2163 796 2307 849 divi-

727 896 855 934 nam
886 897 949 935 ac
985 882 1278 936 humanam
1336 886 1388 937 in
1438 900 1543 938 una
1591 885 1893 953 hypostasi.
1945 885 2092 954 quod
2132 894 2218 940 est
2253 887 2305 940 in

729 987 834 1023 una
866 987 1097 1039 persona
1139 971 1412 1043 Unigeniti
1448 975 1565 1027 Filii
1602 975 1700 1029 Dei
1733 976 1948 1030 Domini
1975 978 2146 1031 nostri
2175 976 2303 1032 Jesu

726 1060 929 1117 Christi
981 1065 1218 1126 salvari;
1257 1067 1390 1120 dicit
1433 1068 1583 1120 enim
1627 1077 1868 1136 aportere
1915 1077 1975 1122 ut
2021 1079 2306 1138 utrumque

723 1150 961 1206 salvetur
1006 1157 1101 1209 uni
1146 1163 1302 1225 atque
1331 1157 1497 1226 juxta
1548 1161 1821 1217 veritatem
1862 1158 2016 1213 Filio.
2068 1160 2307 1215 Additur

727 1254 912 1298 autem
975 1256 1215 1316 oportere
1279 1249 1345 1302 ad
1409 1249 1866 1304 inanil‘estandam
1926 1252 2088 1307 nobis
2139 1251 2304 1307 ﬁdem

726 1347 881 1394 extra
949 1355 1168 1394 omnem
1230 1344 1663 1396 controversiam
1725 1344 1792 1398 de
1852 1343 1957 1397 hoc
2011 1344 2303 1414 dogmate;

727 1441 1008 1500 utrumque
1047 1450 1180 1490 vero
1212 1452 1321 1490 non
1367 1437 1531 1491 tmius
1572 1446 1784 1493 natura:
1810 1438 1906 1493 sed
1945 1438 2178 1492 duarum
2217 1438 2307 1493 in-

726 1527 934 1580 dicium
972 1535 1094 1592 est;
1127 1543 1254 1582 cum
1283 1527 1432 1581 enim
1466 1528 1586 1598 ipse
1616 1529 1778 1583 Pater
1801 1528 1998 1584 doceat
2025 1545 2137 1583 non
2164 1529 2307 1583 divi-

725 1635 793 1673 na
831 1626 1024 1672 natura
1049 1634 1268 1688 passum
1290 1635 1434 1684 esse,
1468 1620 1562 1675 sed
1592 1630 1788 1676 natura
1812 1620 2058 1676 terrestri
2081 1635 2303 1690 passum

724 1709 914 1772 fuisse,
947 1723 1110 1764 nemo
1156 1709 1238 1764 sic
1274 1710 1540 1764 insaniret
1569 1719 1630 1764 ut
1674 1709 1838 1764 unius
1877 1719 2090 1764 natura:
2122 1711 2303 1778 ipsum

722 1814 845 1853 esse
876 1801 1291 1867 suspicaretur;
1331 1801 1495 1853 unius
1534 1799 1684 1854 enim
1725 1810 1890 1868 atque
1921 1801 2170 1868 eiusdem
2201 1802 2302 1874 hy-

725 1893 960 1962 postasis
990 1892 1208 1948 Domini
1255 1891 1435 1947 nostri
1462 1893 1592 1948 Jesu
1637 1893 1844 1950 Christi
1891 1893 2204 1964 passionem
2243 1904 2302 1950 et

2413 616 2540 669 σθαι
2583 616 2661 687 τῷ
2693 619 2774 672 ἑνὶ
2816 619 2910 672 καὶ
2961 620 3081 675 κατ’
3115 620 3374 687 ἀλήθειαν
3426 621 3541 691 Υἱῷ
3567 664 3581 686 ,
3625 623 3720 674 καὶ
3783 626 3850 676 τὸ
3916 629 3993 696 μὴ

2413 709 2645 778 πάσχειν
2663 711 2880 774 θεῖκῶς,
2899 713 2992 764 καὶ
3007 712 3066 764 τὸ
3079 713 3331 780 λέγεσθαι
3348 713 3540 767 παθεῖν
3555 715 3936 786 ἀνθρωπίνωςο
3955 720 3991 787 ἡ

2409 799 2576 854 αὑτοῦ
2595 803 2704 872 γάρ
2717 803 2955 856 πέπονθε
2972 803 3126 874 σάρξ.
3153 824 3170 855 ι
3189 804 3359 872 Δῆλον
3369 805 3549 857 τοίνυν
3563 807 3627 860 ὲκ
3641 807 3993 877 τῶνείρημέο

2409 910 2537 958 νων,
2562 893 2644 947 ὃτι
2671 895 2728 946 αἰ
2746 892 2840 946 δύο
2867 894 3059 964 φύσεις
3087 898 3370 954 τουτέστιν
3392 899 3426 966 ή
3447 895 3568 950 θεία
3583 914 3642 950 τε
3664 899 3761 952 καὶ
3778 899 3994 966 ἀνθρω·

2410 983 2564 1052 πίνη,
2587 986 2644 1037 ἐν
2665 987 2731 1054 τῇ
2755 987 2854 1056 μιᾷ
2882 987 3201 1050 ὑποστάσει,
3227 988 3364 1057 ὅπερ
3389 990 3536 1041 ἐστὶν
3553 991 3608 1042 ὲν
3633 988 3711 1058 τῷ
3731 990 3812 1042 ἑνὶ
3830 1006 3993 1059 προσ-

2406 1074 2662 1145 mmet-06
2693 1077 3016 1145 μονογενοῦς
3038 1077 3166 1132 Υίοῦ
3191 1079 3286 1132 τοῦ
3312 1079 3446 1132 Θεοῦ
3466 1079 3560 1133 τοῦ
3589 1079 3795 1148 Κυρίου
3829 1079 3992 1151 ἡμῶν

2419 1165 2594 1237 Ἰησοῦ
2618 1165 2858 1236 Χριστοῦ
2882 1165 3148 1231 σώζονται
3177 1186 3191 1200 '
3225 1169 3377 1236 λέγει
3405 1172 3537 1238 γάρ,
3571 1169 3701 1224 δεῖν
3727 1172 3990 1239 ἀμφότε-

2397 1273 2480 1323 pa
2508 1255 2797 1315 σώζεσθαι
2825 1255 2904 1322 τῷ
2927 1257 3018 1310 ἑνί
3047 1258 3145 1311 καί
3172 1259 3321 1312 κατὰ
3343 1260 3632 1325 ἀλήθειαν
3660 1260 3788 1324 ma.
3809 1263 3989 1331 Προσ-

2407 1347 2660 1416 κείμενον
2713 1346 2771 1408 δὲ
2807 1349 2867 1402 τὺ
2910 1349 3020 1403 δεῖν
3051 1352 3152 1420 τὴν
3199 1353 3589 1423 ἀναντίρρητον
3637 1352 3805 1406 αὐτοῦ
3855 1352 3987 1422 περὶ

2405 1437 2501 1490 τοῦ
2530 1438 2798 1508 δόγματος
2832 1442 2968 1510 ἡμῖν
3002 1441 3320 1511 σαφηνίζειν
3334 1443 3540 1508 γνῶσιν
3569 1460 3583 1473 ·
3616 1443 3712 1495 καὶ
3759 1442 3822 1496 τδ
3872 1444 3987 1511 ἀμ-

2409 1531 2632 1596 φότερα
2665 1530 2724 1582 δὲ
2757 1532 2818 1584 οὐ
2856 1533 2986 1599 μιᾶς
3030 1533 3149 1584 ἐστι
3201 1532 3418 1602 φύσεως
3445 1533 3802 1602 σημαντικὸν,
3846 1533 3988 1587 ἀλλὰ

2406 1618 2530 1672 δύοο
2567 1620 2816 1691 καθάπερ
2870 1626 2979 1693 γάρ
3015 1625 3043 1675 ὁ
3073 1624 3234 1686 αὐτὸς
3299 1623 3488 1694 Πατὴρ
3537 1624 3780 1676 διδάσκει
3818 1625 3882 1676 τὸ
3911 1625 3988 1694 μὴ

2407 1709 2601 1763 παθεῖν
2638 1709 2799 1764 αὑτὸν
2842 1713 2909 1782 τῇ
2949 1711 3070 1783 θεία
3108 1714 3292 1780 φύσει,
3318 1713 3456 1766 ἀλλά
3492 1713 3686 1766 παθεῖν
3714 1716 3782 1783 τῇ
3822 1717 3986 1785 χοῖκῇ

2408 1801 2589 1867 φύσει,
2614 1802 2714 1854 οὐκ
2738 1802 2806 1856 ἀν
2823 1819 2908 1866 τις
2933 1803 3077 1856 οὕτω
3109 1804 3326 1873 μανείη,
3343 1807 3420 1867 ὡς
3446 1807 3576 1874 μιᾶς
3601 1800 3738 1857 εἶναι
3765 1806 3990 1873 φύσεως

2401 1891 2709 1947 ὑπολαϐεῖν.
2737 1893 2884 1955 Μιᾶς
2918 1893 3016 1964 μὲν
3039 1894 3150 1964 γὰρ
3178 1896 3272 1948 καὶ
3307 1895 3406 1962 τῆς
3433 1896 3605 1964 αὐτῆς
3632 1895 3991 1959 ὑποστάσεως

726 1984 1222 2054 impassibilitatem
1263 1984 1513 2040 conﬁteri
1558 1985 1739 2041 edocti
1791 2001 2011 2051 sumus,
2047 1986 2146 2041 sed
2188 2001 2301 2044 non

2404 1982 2495 2039 τοῦ
2522 1984 2728 2053 Κυρίου
2760 1985 2918 2055 ήμῶν
2958 1985 3136 2054 Ἰησοῦ
3177 1985 3416 2057 Χριστοῦ
3449 1987 3511 2040 τὸ
3543 1987 3717 2050 πάθος
3755 1988 3852 2041 καὶ
3887 1990 3991 2054 τὴν

723 2077 1026 2132 secundum
1059 2077 1312 2132 eamdem
1351 2089 1641 2144 naturam;
1678 2078 2016 2150 impossibile
2040 2088 2125 2135 est
2148 2080 2300 2134 enim

2404 2064 2672 2132 ἀπάθειαν
2703 2077 2986 2146 ὁμολογεῖν
3015 2077 3396 2147 ἐδιδάχθημεν,
3431 2078 3494 2132 οὐ
3550 2078 3656 2149 μὴν
3701 2077 3851 2131 κατά
3886 2078 3993 2147 τὴν

724 2171 779 2224 in
818 2185 928 2224 una
961 2169 1269 2239 eademque
1333 2177 1530 2223 natura
1559 2169 1664 2224 sibi
1693 2171 1846 2241 juxta
1888 2171 2031 2225 idem
2063 2172 2300 2227 invicem

2404 2169 2574 2238 αὐτὴν
2600 2167 2788 2237 φύσιν·
2813 2169 2904 2222 tati.
2936 2169 3065 2238 μιᾶς
3087 2169 3196 2238 γὰρ
3232 2170 3328 2223 καὶ
3349 2171 3448 2238 τῆς
3471 2171 3646 2239 αὐτῆς
3672 2173 3893 2237 φύσεως
3918 2172 3990 2226 τὰ

721 2261 1069 2318 adversantia
1098 2263 1540 2332 deprehendere.

2404 2259 2653 2328 ἀλλήλοις
2679 2258 2896 2313 ἐναντία
2917 2259 3060 2313 κατά
3087 2258 3284 2312 ταυτδν
3314 2261 3602 2330 σημαίνειν
3626 2259 3914 2316 ἀδύνατον.

793 2354 898 2406 Sed
925 2355 1176 2410 veritatis
1208 2356 1412 2418 hostes,
1444 2353 1820 2423 doctrinaque
1846 2355 2070 2408 Patrum
2100 2353 2301 2408 adver-

2483 2350 2624 2404 Ἀλλ“
2657 2351 2704 2404 οἰ
2747 2351 2846 2420 τῆς
2885 2349 3146 2419 ἀληθείας
3187 2350 3372 2420 ἐχθροὶ
3409 2353 3635 2414 καὶτοῖς
3663 2353 3775 2404 τῶν
3808 2353 3984 2407 Πατέ-

722 2448 876 2510 sarii,
923 2447 1028 2500 hoc
1073 2462 1182 2501 non
1227 2446 1637 2510 discernentes,
1689 2445 1746 2499 in
1800 2445 1961 2500 aliam
2010 2445 2300 2500 stultitiam

2405 2461 2516 2515 ρων
2541 2441 2938 2511 ἐναντιούμενοι
2964 2441 3216 2512 δόγμασι.
3250 2443 3422 2496 ταῦτα
3459 2442 3535 2514 μὴ
3573 2443 3952 2515 διακρίνοντες
3971 2485 3988 2510 ,

722 2539 1008 2605 incidunt,
1053 2537 1304 2595 dicentes
1355 2553 1456 2595 eos
1501 2537 1598 2610 qui
1645 2536 1982 2594 conﬁtentur
2022 2539 2304 2596 Christum

2404 2530 2717 2604 εἰς’ἑτέραν
2751 2535 2916 2588 πάλιν
2980 2531 3416 2602 μεταπίπτουσιν
3469 2533 3659 2587 ἄνοιαν
3681 2575 3696 2598 ,
3729 2533 3992 2600 λέγοντες

721 2652 842 2687 esse
875 2635 1044 2687 Deum
1085 2645 1141 2686 et
1178 2633 1478 2695 liuinimem,
1517 2649 1617 2686 nec
1662 2631 1814 2685 illum
1846 2647 1969 2687 esse
2011 2633 2177 2688 unius
2209 2649 2305 2687 ua-

2404 2627 2485 2681 ὅτι
2514 2627 2565 2680 οἰ
2592 2625 2726 2679 θεὸν
2761 2625 2855 2679 καί
2877 2625 3165 2696 ἄνθρωπον
3193 2623 3585 2694 ὁμολογοῦντες
3606 2626 3698 2678 τὸν
3719 2625 3989 2695 Χριστὸν,

725 2736 884 2786 tunc,
929 2733 990 2777 ut
1033 2723 1335 2786 hominem,
1363 2739 1474 2778 non
1503 2723 1681 2778 solum
1722 2721 1862 2776 duas
1906 2731 2135 2777 naturas
2179 2737 2302 2778 esse

2405 2719 2499 2773 καί
2541 2718 2616 2787 μὴ
2651 2718 2902 2783 λέγοντες
2954 2717 3120 2770 αὐτὸν
3159 2718 3290 2785 μιᾶς
3327 2711 3468 2770 εἶναι
3517 2714 3757 2782 φύσεως,
3789 2715 3994 2785 ῶσπερ

722 2814 778 2867 in
807 2816 1029 2870 Christo
1060 2816 1154 2870 sed
1188 2825 1300 2870 tres
1343 2816 1531 2870 dicere
1561 2814 1802 2880 debere;
1837 2813 2044 2869 etenim
2082 2829 2191 2868 una
2219 2822 2304 2869 est

2404 2809 2496 2863 τὸν
2550 2809 2861 2880 ἄνθρωπον,
2895 2808 2956 2861 ο)
3003 2807 3098 2862 δύο
3153 2807 3314 2876 μόνον
3379 2807 3474 2860 ἐπὶ
3511 2804 3755 2875 Χριστοῦ
3801 2805 3996 2873 λέγειν

717 2907 926 2967 Verbi.
984 2909 1155 2962 altera
1212 2907 1407 2962 anima:
1450 2907 1733 2974 alteraque
1785 2913 1981 2959 natura
2026 2905 2302 2975 corporis.

724 2998 786 3052 Hi
820 2998 948 3053 novi
979 2997 1248 3051 malorum
1277 2997 1597 3052 inventores
1637 2996 1733 3066 qui
1762 2995 1878 3049 bac
1915 3002 2193 3055 asserunt.
2223 2994 2310 3048 di-

722 3097 851 3143 cant
902 3088 1188 3142 nobiscum
1241 3086 1675 3149 consentiendo,
1723 3101 1789 3140 es
1823 3085 2038 3140 duabus
2084 3084 2304 3139 naturis
2330 3114 2374 3172 ο

721 3188 973 3235 constare
1030 3178 1349 3241 Christum,
1413 3177 1694 3248 quomodo
1749 3176 1896 3231 istud
1955 3176 2301 3246 intelligant?

721 3271 1007 3340 Quomodo
1030 3271 1194 3342 igitur
1221 3279 1374 3326 extra
1412 3285 1616 3341 corpus
1651 3271 1891 3326 animam
1927 3279 2164 3340 raptam.
2200 3285 2298 3324 seu

719 3381 922 3435 corpus
971 3364 1178 3432 absque
1223 3363 1405 3418 anima
1439 3362 1787 3433 intelligunt?
1823 3362 1996 3417 Unam
2041 3362 2188 3416 enim
2233 3377 2298 3415 ex

722 3457 806 3510 his
835 3455 1088 3511 stultitiis
1122 3463 1270 3508 certe
1301 3454 1553 3509 afferent.
1591 3453 1647 3509 Si
1677 3469 1808 3524 vero
1840 3453 1983 3507 hanc
2009 3453 2297 3506 stultitiam

718 3545 1076 3602 declinantes.
1105 3543 1345 3597 animam
1379 3559 1443 3596 ac
1474 3557 1678 3613 corpus
1709 3542 1812 3597 sibi
1843 3543 2088 3611 rapuisse
2114 3543 2297 3596 Domi-

718 3651 850 3689 num
895 3635 1122 3699 dicunt,
1176 3635 1278 3704 ipsi
1331 3634 1572 3704 propriis
1623 3635 1838 3688 retibus
1897 3633 2179 3703 impediti,
2231 3650 2298 3688 ex

720 3727 899 3781 tribus
923 3727 1136 3780 naturis
1161 3736 1416 3781 constare
1438 3725 1718 3781 Christum
1741 3725 1924 3780 dicere
1949 3725 2124 3780 coacti
2148 3723 2300 3779 vide-

718 3819 944 3872 buntur.
977 3818 1237 3887 Ignorant
1258 3826 1444 3873 autem
1476 3832 1676 3872 nomen
1708 3817 1883 3881 homo,
1922 3818 2133 3887 absque
2171 3833 2300 3887 pro-

720 3908 1050 3978 prietatibus
1101 3916 1384 3978 sumptum
1411 3949 1427 3973 ,
1470 3908 1522 3962 in
1577 3907 1856 3963 communi
1897 3907 2298 3978 signiﬁcatione

718 3999 884 4062 sumi,
920 3999 1244 4054 substantia:
1281 3997 1400 4054 sive
1441 4007 1653 4052 natura
1684 4013 1805 4053 esse
1846 3997 2295 4069 signiﬁcativum,

716 4105 781 4144 ac
812 4089 880 4144 de
910 4090 1098 4145 multis
1122 4089 1514 4161 hypostasibus
1543 4088 1690 4154 dici;
1718 4105 1844 4143 cum
1871 4105 2001 4144 vero
2017 4089 2295 4144 communi

715 4177 1106 4246 signiﬁcationi
1155 4179 1522 4248 proprietates
1554 4178 1755 4234 addita
1790 4188 1942 4243 sum,
1990 4187 2121 4235 tunc
2157 4178 2297 4236 eﬁici

717 4265 1080 4337 hypostasim,
1111 4265 1527 4322 distinctionem
1575 4281 1798 4337 quoque
1835 4267 2034 4323 animae
2070 4276 2128 4323 et
2171 4285 2300 4325 cor-

717 4357 869 4426 poris
914 4357 1173 4426 agnosci;
1207 4357 1435 4414 traditio
1470 4358 1618 4412 enim
1659 4359 1962 4428 apostolica
1996 4368 2297 4431 utrumque

2405 2899 2639 2969 ὦςρειλον
2659 2901 2875 2968 φύσεις,
2910 2899 3048 2952 ἀλλὰ
3067 2900 3220 2969 τρεῖς
3239 2913 3252 2926 ·
3284 2897 3446 2968 ἑτέρα
3471 2896 3580 2967 γὰρ
3602 2899 3636 2965 ἡ
3663 2895 3760 2948 τοῦ
3787 2895 3990 2962 Λόγου,

2408 2992 2502 3046 καὶ
2555 2990 2718 3059 ἑτέρα
2761 2992 2794 3060 ἡ
2827 2990 2926 3060 τῆς
2983 2989 3183 3059 ψυχῆς,
3216 2989 3310 3042 καὶ
3346 2987 3482 3056 ἄλλη
3522 2985 3614 3040 τοῦ
3664 2985 3926 3055 σώματος
3958 2989 3993 3058 ἠ

2407 3081 2589 3151 φύσις.
2621 3078 2805 3136 Ταῦτα
2829 3079 2886 3132 δὲ
2911 3079 3162 3144 λέγοντες
3187 3078 3240 3136 οι
3265 3077 3442 3131 καινοὶ
3472 3074 3583 3129 τῶν
3604 3075 3796 3128 κακῶν
3823 3076 3994 3145 ἔφευ-

2410 3173 2580 3245 ρεταί,
2600 3172 2910 3226 εἰπάτωσαν
2935 3171 3087 3224 αὑτοί
3112 3168 3604 3239 συνομολογοῦντες
3624 3170 3780 3239 ἡμῖν,
3808 3171 3879 3222 ὲκ
3899 3169 3998 3223 δύο

2406 3265 2622 3336 φύσεων
2650 3260 2790 3319 εἶναι
2832 3264 2922 3318 τὸν
2950 3261 3208 3333 Χριστὸν,
3241 3261 3356 3324 πῶς
3380 3259 3541 3314 τοῦτο
3556 3259 3802 3323 νοοῦσινς
3838 3255 3997 3330 Ἀρά

2406 3359 2482 3420 ὠς
2517 3358 2692 3426 ψυχὴν
2714 3357 2872 3418 sm,-
2902 3355 3152 3426 σώματος
3185 3353 3542 3425 ἀνειληφότα,
3572 3353 3606 3424 ἢ
3632 3353 3794 3423 σῶμα
3816 3353 3996 3422 χωρὶς

2404 3449 2617 3518 ψυχῆςς
2661 3448 2754 3500 ’Ἑν
2788 3447 2897 3517 γὰρ
2942 3447 3052 3499 τῶν
3095 3447 3312 3500 ἀτόπων
3359 3447 3576 3505 πάντως
3632 3443 3992 3514 παρέξουσιν.

2406 3541 2470 3594 Ei
2499 3539 2554 3593 δὲ
2590 3539 2798 3610 ταύτην
2832 3540 2934 3608 τὴν
2985 3539 3223 3592 ἀτοπίαν
3256 3537 3624 3600 ἐκκλίνοντες,
3671 3536 3765 3588 καὶ
3803 3535 3994 3605 ψυχὴν

2405 3631 2693 3702 καὶσῶμα
2738 3631 2990 3700 λέγουσιν
3041 3631 3396 3700 ἀνειληφέναι
3424 3630 3514 3682 τὸν
3565 3628 3793 3704 Κύριον,
3831 3631 3994 3682 αὐτοὶ

2404 3727 2524 3788 ταῖς
2553 3723 2786 3787 οἰκείαις
2819 3724 3047 3792 παγίσιν
3081 3723 3484 3792 ἐμπλεκόμενοι
3508 3758 3522 3782 ,
3549 3721 3892 3790 φανήσονται
3927 3724 3992 3774 ἐκ

2404 3818 2574 3892 τριῶν
2626 3817 2842 3884 φύσεων
2888 3815 3068 3884 λέγειν
3107 3815 3202 3868 τὸν
3247 3813 3484 3884 Χριστὸν
3523 3811 3988 3880 ἀναγκαζόμενοι.

2419 3907 2696 3977 Ἀγνοοῦσι
2719 3907 2775 3961 δὲ
2805 3908 2884 3961 ὅτι
2916 3907 2978 3960 τὸ
3006 3905 3318 3975 ἄνθρωπος
3351 3905 3525 3975 avom.
3560 3904 3694 3958 ἀνευ
3739 3903 3844 3972 μὲν
3880 3906 3991 3956 τῶν

2408 4001 2720 4070 ἰδιωμάτων
2745 3999 3058 4069 λεγόμενον,
3081 3999 3175 4052 ἰπὶ
3196 3997 3376 4053 κοινοῦ
3404 3995 3810 4068 σημαινομένου
3845 3995 3988 4063 λαμ-

2406 4093 2652 4156 ϐάνεται,
2682 4092 2778 4145 καὶ
2806 4090 2994 4154 οὐσίας
3028 4090 3152 4160 ἦτοι
3185 4088 3399 4157 φύσεώς
3450 4088 3571 4141 ἐστι
3622 4085 3987 4156 σημαντικὸν,

2405 4187 2502 4242 καὶ
2534 4184 2678 4240 κατά
2723 4182 2936 4237 πολλῶν
2989 4180 3343 4236 ὕποστάσειυν
3372 4177 3594 4246 λέγεται
3617 4193 3632 4207 ο
3665 4175 3890 4228 tmen
3929 4173 3988 4228 δι

2405 4278 2482 4346 τῷ
2509 4276 2672 4342 κοινῷ
2699 4276 2769 4329 τὰ
2801 4274 3069 4344 ίδιιῢματα
3101 4271 3399 4341 προστεθῇ,
3427 4269 3740 4340 τηνικαῦτα
3783 4269 3818 4336 ἠ
3853 4267 3988 4320 ὑπό-

2407 4385 2596 4431 στασις
2625 4364 2985 4435 ἀναφαίνεται
3007 4378 3021 4394 ·
3052 4364 3134 4417 ὃτι
3160 4362 3258 4417 καὶ
3285 4359 3524 4433 διαφορά
3552 4360 3734 4428 ψυχῆς
3760 4357 3858 4412 καὶ
3876 4356 3989 4410 σώ-

717 4464 819 4502 nos
855 4447 1042 4502 dicere
1085 4449 1264 4504 docet.
1298 4449 1467 4503 Divus
1501 4449 1704 4503 Paulus
1743 4449 1811 4505 de
1841 4450 1953 4506 illis
1978 4452 2295 4522 singulatim

2405 4477 2574 4530 ματος
2597 4456 2921 4528 γνωρίζεται
2949 4469 2964 4485 °
2995 4453 3284 4524 ἀμφότερα
3311 4453 3421 4522 γὰρ
3449 4451 3600 4520 ἡμᾶς
3623 4450 3807 4517 λέγειν
3835 4447 3932 4501 καί
3952 4446 3987 4517 ἠ

715 4537 970 4608 loquens,
1017 4540 1256 4593 animam
1295 4555 1604 4609 corpusque
1635 4540 1946 4612 signiﬁcare
1977 4544 2190 4607 volens,
2224 4545 2294 4599 de

717 4628 942 4684 homine
967 4629 1233 4685 interiore
1265 4645 1330 4686 ac
1356 4631 1424 4685 de
1447 4633 1720 4687 exteriore
1754 4633 2023 4703 loquitur.
2054 4635 2298 4690 Iacobus

717 4737 852 4775 vero
897 4737 1243 4777 communem
1271 4724 1636 4780 substantiam
1681 4724 2041 4782 humanitatis
2067 4727 2298 4782 demon-

716 4823 904 4868 strans
939 4815 1112 4870 dicit:
1142 4815 1324 4870 Omnis
1372 4826 1568 4872 natura
1607 4819 1894 4873 bestiarum
1928 4828 1977 4872 et
2025 4819 2298 4875 volucrum

718 4913 768 4957 et
795 4909 1116 4975 serpentium
1146 4915 1196 4960 et
1227 4917 1535 4962 ceterorum
1563 4910 1850 4965 domantur
1878 4920 1928 4964 et
1951 4913 2152 4966 domita
2173 4921 2300 4967 sunt

723 5011 755 5046 a
795 5003 990 5047 natura
1032 4997 1268 5050 Immana
1311 4995 1345 5034 τ’
1396 4997 1602 5052 Nomen
1651 5008 1835 5055 autem
1887 4999 2124 5055 Christus
2161 5003 2298 5055 sub-

722 5085 939 5139 stantia:
983 5102 1091 5140 non
1141 5097 1228 5142 est
1273 5088 1730 5156 signiticativum,
1779 5090 2050 5160 siquidem
2098 5107 2200 5146 nec
2241 5092 2296 5147 in

719 5178 999 5230 communi
1055 5177 1455 5244 signiﬁcatione
1516 5181 1783 5243 sumitur,
1836 5197 1939 5236 nec
1989 5184 2059 5237 de
2107 5185 2299 5240 multis

723 5267 1113 5337 hypostasibus
1146 5270 1380 5331 dicitur.
1411 5287 1514 5326 nec
1540 5273 1716 5343 ipsum
1755 5274 1962 5346 absque
1995 5278 2304 5346 proprieta-

725 5358 874 5413 tibus
917 5362 1287 5427 conlitentur;
1339 5363 1468 5418 illud
1518 5365 1666 5418 enim
1717 5381 1818 5421 nos
1869 5365 2034 5421 docet
2076 5383 2300 5438 quoque

688 5518 694 5525 ι
724 5460 949 5507 sanctus
974 5451 1208 5523 Cyrillus
1246 5454 1299 5508 in
1340 5456 1566 5510 scholiis
1606 5457 1783 5526 ipsius
1817 5457 1887 5512 de
1920 5459 2299 5516 incarnatione

723 5544 949 5601 dicens:
983 5565 1002 5597 ι
1031 5546 1238 5600 Nomen
1273 5545 1508 5603 Christus
1537 5564 1640 5603 nec
1675 5550 1880 5604 habere
1920 5551 2300 5606 determinati-

725 5650 849 5688 um
903 5638 1192 5700 virtutem,
1230 5655 1330 5693 uec
1382 5641 1604 5710 quidem
1660 5642 1895 5713 alicujus
1931 5643 2297 5700 substantiam

801 5810 821 5852 τ
853 5812 972 5870 Jac.
1000 5829 1074 5878 ιιι,
1114 5815 1166 5866 7.

2398 4550 2729 4617 ἀποστολικὴ
2753 4549 2995 4602 διδάσκει
3016 4533 3335 4618 παράδοσις.
3351 4545 3410 4597 '0
3430 4545 3528 4614 μιν
3542 4544 3652 4612 γὰρ
3677 4541 3823 4602 θεῖος
3847 4539 3991 4594 Παῦο

2399 4642 2490 4704 λος
2514 4641 2644 4711 περί
2656 4641 2766 4691 τῶν
2790 4638 3153 4693 καθ’ἒκαστον
3175 4636 3368 4704 λέγων,
3390 4637 3483 4688 καὶ
3505 4634 3684 4705 ψυχὴν
3703 4632 3798 4685 καὶ
3825 4632 3991 4700 σῶμα

2402 4734 2573 4789 θέλων
2618 4733 2884 4803 σημᾶναι,
2915 4730 3008 4784 τὸν
3055 4729 3212 4792 ἐντὸς
3244 4727 3539 4797 ἄνθρωπον
3581 4726 3676 4780 καὶ
3708 4725 3802 4778 τὸν
3831 4726 3992 4787 ἐκτὸς

2403 4825 2691 4894 ἄνθρωπον
2743 4821 3024 4891 ὀνομάζει.
3086 4820 3145 4873 '0
3193 4821 3251 4874 δὲ
3323 4819 3585 4881 Ἰάκωϐος
3630 4817 3734 4885 τὴν
3800 4817 3993 4887 κοινὴν

2404 4915 2593 4968 οὐσίαν
2621 4913 2723 4980 τῆς
2745 4911 3168 4983 ἀνθρωπότητος
3195 4909 3370 4980 δηλῶν
3399 4910 3550 4976 λέγει
3571 4925 3584 4939 °
3605 4906 3781 4962 Πᾶσα
3799 4908 3996 4976 φύσις

2403 5005 2625 5072 θηρίων
2651 5019 2715 5056 τε
2747 5005 2842 5056 κα*
2875 5000 3169 5056 πετεινῶν
3192 5000 3458 5070 ἑρπετῶν
3499 5017 3565 5054 τε
3594 5001 3694 5053 καί
3726 5000 3996 5052 ἐναλίων

2401 5093 2715 5164 δαμάζεται
2740 5093 2841 5146 καί
2861 5092 3230 5162 δεδάμασται
3259 5091 3337 5158 τῇ
3365 5092 3548 5160 φύσει
3593 5088 3668 5156 τῇ
3691 5090 3995 5156 drapetae!-

2401 5204 2500 5254 νῃ.
2524 5187 2598 5240 Τὸ
2640 5186 2822 5256 μέντοι
2865 5184 3117 5253 Χριστὸς
3156 5184 3330 5254 ὄνομα
3359 5184 3460 5236 οὐκ
3505 5182 3697 5244 οὐσίας
3736 5182 3854 5233 ἐστι
3888 5196 3992 5248 cm-

2409 5275 2689 5344 μαντικὸν,
2713 5273 2901 5344 ἐπειδὴ
2922 5272 3046 5327 οῦτε
3075 5273 3170 5327 tati
3200 5271 3384 5326 κοινοῦ
3417 5269 3822 5340 σημαινομένου
3847 5269 3996 5337 λαμ-

2406 5366 2650 5426 ϐάνεται,
2685 5363 2810 5418 οῦτε
2863 5364 3007 5418 κατά
3065 5363 3278 5417 πολλῶν
3325 5363 3683 5416 ὑποστάσεων
3738 5361 3991 5426 λέγεται,

2405 5458 2530 5511 οὔτε
2571 5456 2678 5532 μὴν
2721 5456 2854 5510 ἀνευ
2903 5457 3014 5509 τῶν
3056 5455 3367 5525 ἰδιωμάτων
3407 5453 3776 5524 ὁμολογεῖται.
3817 5451 3999 5506 ’1⁶οῦτο

2406 5550 2516 5618 γὰρ
2557 5550 2704 5619 ἡμᾶς
2731 5549 2826 5602 καὶ
2849 5551 2878 5602 ὁ
2899 5550 2958 5601 ὲν
2997 5546 3170 5614 άγίοις
3199 5547 3446 5600 διδάσκει
3478 5542 3752 5616 Κύριλλος
3785 5546 3849 5597 ιν
3875 5546 3996 5608 τοῖς

2409 5643 2640 5714 σχολίοις
2668 5642 2836 5696 αὐτοῦ
2866 5641 2977 5704 τοῖς
3011 5641 3141 5712 περὶ
3164 5641 3272 5710 τῆς
3285 5639 3760 5710 ινανθρωπήσεως
3778 5634 3993 5704 λέγων,
