4220 6442
236 398 371 467 ΗΠ

1156 413 1597 476 TRACTATUS
1633 415 1933 477 CONTRA
1975 419 2578 483 MONOPHYSITAS.

3366 430 3500 496 1i18

231 515 313 567 ὅτι
373 512 445 566 Τὸ
505 515 760 582 Χριστὸς
814 516 983 588 ὄνομα
1032 517 1156 571 οὔτε
1203 519 1328 588 ὅρου
1391 521 1624 590 δύναμιν
1671 523 1803 592 ἔχει,

1913 526 2210 593 aliquando
2245 543 2366 582 esse
2400 529 2733 597 signiﬁcare,
2761 529 2902 586 sicut
2931 531 3175 601 profecto
3210 532 3498 606 (nomina)

228 600 356 653 οὔτε
389 602 497 672 μὴν
528 603 628 673 τήν
658 622 802 668 τινος
828 607 1017 659 οὐσίαν
1039 607 1068 661 ὃ
1095 625 1150 660 τι
1183 609 1312 660 ποτέ
1341 613 1488 662 ἐστιν
1521 614 1776 681 σημαίνει
1801 635 1812 643 -

227 692 485 763 καθάπερ
529 693 722 762 ἀμέλει
769 694 1056 765 ἄνθρωπος
1098 697 1130 766 ἢ
1169 696 1334 760 ἵππος
1365 699 1398 768 ἢ
1431 699 1580 768 βοῦς.
1616 722 1633 752 ι
1669 703 1732 755 Ei
1760 705 1814 756 δὲ

230 782 377 834 κατὰ
414 783 512 852 τὴν
543 784 650 836 τῶν
681 787 981 854 αἱρετικῶν
1025 787 1377 857 βλασφημίαν
1417 791 1604 854 οὑσίας
1638 793 1816 863 ὑπῆρ-

226 890 327 940 χεν
373 873 674 942 δηλωτικὸν
712 877 773 928 τδ
803 877 1059 943 Χριστὸς
1085 877 1258 949 ὅνομα
1281 879 1472 951 ὥσπερ
1501 883 1561 934 τὸ
1590 883 1812 951 ἀνθρωο

225 975 368 1029 πος,
389 966 574 1018 πολλοὶ
603 966 831 1034 Χριστοὶ
871 969 994 1020 κατ’
1014 969 1210 1032 αὑτοὺς
1249 971 1655 1043 εὑρεθήσονται,
1684 976 1804 1028 καθ’

225 1052 305 1110 ὧν
334 1057 396 1110 τὸ
437 1061 613 1110 κοινὸν
656 1059 754 1127 τῆς
794 1059 982 1122 οὐσίας
1029 1062 1124 1114 τοῦ
1154 1063 1392 1132 Χριστοῦ
1443 1065 1731 1132 λέγουσιν’
1759 1070 1807 1121 εί

224 1149 285 1201 δὲ
307 1149 468 1201 τοῦτο
503 1148 712 1212 ἀσεϐὲς
745 1150 841 1202 καὶ
890 1150 1177 1221 ἀλλότριον
1231 1154 1515 1217 παντελῶς
1550 1157 1813 1226 Χριστια-

223 1239 425 1308 νισμοῦ
454 1235 554 1308 (εἷς
613 1243 721 1312 γὰρ
777 1241 981 1312 Κύριος
1012 1242 1219 1314 Ἰησοῦς
1253 1247 1530 1317 Χριστὸς),
1571 1249 1816 1320 δηλονότι

223 1335 330 1389 οὐκ
382 1337 474 1388 επὶ
529 1336 822 1403 προσώπου
873 1339 1036 1409 ητουν
1069 1339 1425 1406 ὑποστάσεως
1473 1344 1536 1398 τὸ
1563 1345 1816 1415 Χριστὸς

220 1429 589 1497 ὁμολογεῖται.

295 1520 671 1592 Σκοπήσωμεν
714 1523 770 1576 δὲ
816 1524 911 1578 καὶ
960 1526 1134 1592 ἄλλως
1173 1529 1240 1598 ἦν
1297 1526 1410 1598 ἔχει
1450 1529 1718 1603 διαφορὰν
1746 1530 1807 1586 τὸ

219 1611 325 1680 τῆς
353 1613 666 1683 οἰκονομίας
695 1618 1000 1686 μυστήριον
1034 1620 1170 1688 πρὸς
1197 1621 1256 1672 τὸ
1291 1621 1433 1674 κατὰ
1471 1621 1562 1673 τὸν
1589 1621 1806 1694 ἂνθρω-

221 1716 329 1754 πον
362 1703 687 1774 ὑπόδειγμα.
727 1708 782 1758 ’0
809 1708 908 1777 μὲν
929 1710 1038 1780 γὰρ
1072 1711 1356 1780 ἄνθρωπος
1377 1717 1476 1782 τῆς
1505 1712 1683 1785 ψυχῆς
1711 1716 1806 1770 καὶ

219 1789 480 1862 σώματος
511 1796 815 1864 σύγκειται,
843 1800 1169 1871 ἀμφοτέρων
1201 1805 1436 1865 κτιστῶν
1453 1821 1466 1835 ·
1488 1807 1588 1860 όδὲ
1604 1805 1804 1876 Κύριος

218 1884 383 1950 ἡμῶν
429 1885 636 1956 Ἰησοῦς
678 1889 914 1958 Χριστὸς
957 1892 1090 1955 Θεὸς
1138 1895 1233 1945 καὶ
1278 1893 1619 1964 άνθρωποςὸ
1647 1898 1808 1960 αὐτὸς

218 1975 509 2043 ὑπάρχων,
531 1978 672 2029 κατὰ
693 1979 805 2046 ιμὲν
833 1983 932 2049 τὴν
964 1981 1200 2051 θεότητα
1227 1986 1323 2037 καὶ
1361 1987 1690 2056 προαιώνιος
1722 1988 1817 2044 καὶ

216 2068 481 2131 ἀκτιστός
506 2071 676 2133 εστιν,
712 2072 851 2126 κατὰ
899 2074 956 2126 δὲ
1002 2075 1102 2144 τὴν
1151 2076 1548 2148 ἁνθρωπότητα
1587 2081 1678 2135 καὶ
1701 2100 1819 2136 κτι-

220 2161 351 2221 στὸς
374 2160 470 2212 καὶ
500 2164 556 2214 ὲν
586 2164 780 2233 χρόνῳ·
809 2164 930 2218 ὅθεν
953 2166 1206 2232 ἄκτιστος
1231 2171 1259 2222 6
1275 2171 1433 2232 αὐτὸς
1460 2173 1553 2225 καὶ
1578 2175 1813 2242 κτιστὸς,

218 2250 452 2319 ἄχρονος
471 2253 564 2307 καὶ
581 2257 639 2307 ὲν
671 2256 866 2326 χρόνῳ.
891 2258 998 2310 Καὶ
1022 2258 1110 2312 διὰ
1139 2259 1294 2314 τοῦτο
1319 2265 1481 2332 ἡμεῖς
1504 2265 1682 2321 πάντα
1697 2268 1818 2330 ἑνὸς

217 2343 320 2428 και
342 2343 438 2394 τοῦ
464 2343 628 2397 αὑτοῦ
649 2346 1056 2415 ὁμολογοῦντες,
1073 2350 1140 2403 τὰ
1167 2352 1265 2421 μὲν
1289 2356 1356 2423 τῇ
1383 2353 1528 2424 θεία,
1558 2357 1629 2410 τὰ
1660 2357 1717 2408 δὲ
1743 2361 1810 2428 τῇ

215 2427 541 2502 ἀνθρωπίνῃ
561 2432 724 2486 αὑτοῦ
742 2434 1071 2505 λογιζόμεθα
1102 2438 1284 2507 φύσει.
1319 2443 1668 2514 ’Λκούσωμεν
1705 2427 1815 2517 γάρ

219 2521 319 2572 καὶ
335 2522 426 2573 τοῦ
449 2523 506 2574 ὲν
523 2525 699 2591 ἁγίοις
727 2527 968 2595 Πρόκλου
993 2531 1052 2583 ὲν
1073 2531 1153 2602 τῷ
1168 2535 1247 2596 είς
1263 2534 1362 2605 τὴν
1379 2535 1642 2593 Θεοτόκον
1671 2539 1813 2611 λόγῳ

216 2613 290 2664 τὰ
310 2613 668 2682 παραπλήσια
687 2617 894 2679 τούτοις
912 2621 1060 2690 ἡμᾶς
1079 2623 1509 2691 ὲκδιδάσκοντος·
1533 2629 1684 2698 λέγει
1703 2632 1812 2704 γάρ

216 2705 419 2768 οὕτως’
446 2725 465 2757 ι
490 2709 659 2772 Τόκος
683 2714 1000 2782 παράδοξος,
1018 2718 1160 2787 ἀρχὴ
1183 2719 1277 2772 καὶ
1294 2722 1550 2793 οὑκάρχὴ
1573 2724 1666 2777 τοῦ
1682 2741 1811 2794 τεχ-

219 2793 408 2856 θέντος
432 2796 560 2862 ’τῆς
579 2798 678 2866 μὲν
697 2801 808 2870 γὰρ
826 2801 1242 2876 ἀνθρωπότητος
1262 2808 1486 2877 γέγονεν
1507 2811 1649 2882 ἀρχὴ
1668 2853 1683 2876 ,
1705 2793 1811 2882 ήγδὲ

218 2884 418 2954 θεότης
470 2886 686 2956 ἔμεινεν
714 2891 966 2962 ἄναρχος.
1007 2915 1025 2946 ι
1074 2897 1165 2966 Μὴ
1199 2900 1602 2954 ἁπατάσθωσαν
1623 2902 1806 2957 τοίνυν

218 2974 271 3025 οί
299 2974 599 3044 ἂνθρωποι,
639 2979 774 3048 μηδὲ
802 2981 1192 3046 ἁπατάτωσαν,
1217 2987 1279 3036 ὲκ
1312 2984 1404 3037 τοῦ
1437 2988 1577 3040 κατὰ
1599 2989 1690 3041 τὸν
1712 2990 1808 3044 άνσ⁸

217 3065 444 3136 θρωπον
469 3068 892 3138 ὑποδείγματος,
923 3076 1052 3143 μιᾶς
1081 3077 1268 3138 οὐσίας
1297 3074 1435 3131 εἶναι
1456 3079 1548 3132 τὸν
1573 3082 1808 3151 Χριστὸν

1919 616 2104 682 homo,
2137 635 2230 673 seu
2263 635 2464 688 equus,
2492 636 2589 674 seu
2616 621 2737 676 bos.
2779 642 2796 672 ι
2832 621 2886 676 Si
2926 633 3106 677 autem
3142 626 3294 694 juxta
3323 628 3500 682 hmre-

1917 712 2152 764 ticorum
2221 712 2620 782 blaSphemiam
2681 730 2882 769 nomen
2943 702 3178 770 Christus
3239 728 3297 780 ut
3347 722 3499 774 homo

1915 802 2239 856 substantize
2287 806 2714 873 signiﬁcativnm
2767 806 2890 870 fuit,
2925 809 3083 862 multi
3117 809 3319 863 Christi
3345 811 3499 878 juxta

1911 893 2035 946 iilos
2084 893 2454 960 invenientur,
2506 897 2708 965 quibus
2741 914 3088 952 communem
3137 900 3499 956 substantiam

1911 986 2117 1040 Christi
2149 988 2376 1052 dicunt;
2405 990 2449 1042 si
2487 1007 2618 1044 vero
2652 994 2757 1046 hoc
2792 995 3024 1063 impium
3061 993 3225 1049 fuerit
3250 994 3500 1048 omnino-

1917 1093 2024 1145 que
2051 1079 2290 1134 alienum
2319 1096 2348 1134 a
2376 1080 2825 1144 Christianismo,
2861 1101 3003 1140 unus
3039 1087 3186 1140 enim
3221 1093 3305 1139 est
3339 1085 3499 1140 Jesus

1919 1166 2192 1231 Christus,
2217 1169 2508 1224 evidenter
2533 1185 2643 1224 non
2671 1171 2724 1225 in
2748 1188 2980 1242 persona
3011 1184 3108 1230 aut
3132 1175 3187 1229 in
3217 1173 3498 1247 bypostasi

1920 1257 2200 1313 Christum
2225 1259 2576 1316 conﬁtentur.

1983 1531 2369 1602 Expendemus
2396 1544 2579 1592 autem
2609 1535 2770 1592 aliter
2798 1554 2961 1608 quam
2992 1537 3361 1595 diﬂ'erentiam
3391 1537 3491 1592 hac

1912 1625 2040 1680 beat
2062 1628 2384 1682 (nconomim
2413 1629 2734 1699 mysterium
2756 1630 2823 1682 ad
2858 1630 3137 1698 exemplar
3162 1645 3232 1683 ex
3268 1629 3490 1682 homine

1910 1729 2212 1787 sumptum.
2277 1721 2451 1775 Homo
2497 1719 2718 1790 quidem
2775 1735 2842 1773 ex
2892 1720 3071 1774 anima
3140 1729 3196 1774 et
3259 1731 3492 1788 corpore

1909 1821 1995 1866 est
2050 1814 2420 1884 compositus,
2479 1821 2712 1882 utroque
2764 1823 2982 1879 creato;
3039 1811 3301 1868 Dominus
3361 1827 3493 1866 vero

1921 1911 2109 1958 noster
2136 1903 2295 1959 Iesus
2329 1904 2583 1961 Christus
2625 1905 2771 1960 Deus
2811 1904 3068 1974 idemque
3107 1904 3294 1968 homo,
3338 1903 3492 1972 juxta

1918 1994 2142 2063 quidem
2189 1993 2569 2061 divinitatem,
2615 2004 2856 2050 aeternus
2928 1996 3311 2064 increatusque
3385 2001 3489 2058 est,

1912 2085 2067 2155 juxta
2094 2099 2226 2140 vero
2255 2085 2653 2144 humanitatem
2675 2094 2927 2142 creatura
2959 2094 3042 2141 est
3071 2096 3233 2155 atque
3267 2087 3320 2138 ln
3349 2093 3490 2139 tem—

1916 2190 2052 2245 pore
2089 2178 2324 2246 genitus.
2359 2177 2515 2234 Unde
2560 2178 2706 2233 idem
2746 2187 2830 2235 est
2861 2179 3136 2234 increatus
3162 2186 3220 2232 et
3251 2188 3488 2242 creatus,

1917 2276 2044 2321 ante
2087 2276 2333 2337 tempora
2377 2283 2441 2324 ac
2470 2270 2525 2324 in
2567 2277 2848 2340 tempore;
2879 2280 3278 2340 proptereaque
3306 2268 3490 2322 omnia

1915 2358 1983 2413 de
2034 2373 2146 2413 uno
2186 2359 2491 2430 eodemque
2549 2375 2651 2416 nos
2695 2361 3050 2426 conﬁtentes,
3099 2360 3204 2415 alia
3255 2359 3488 2423 divinas,

1913 2451 2020 2504 alia
2066 2465 2198 2505 vero
2250 2451 2503 2506 humanae
2555 2453 2677 2520 ejus
2727 2463 2935 2507 naturae
2992 2453 3309 2508 tribuimus.
3361 2453 3490 2506 Au-

1913 2541 2131 2597 diamus
2172 2543 2317 2596 enim
2359 2543 2524 2597 etiam
2558 2551 2807 2598 sanctum
2853 2545 3102 2596 Procluni
3139 2544 3191 2596 in
3234 2559 3488 2598 sermone

1913 2633 1981 2687 de
2045 2633 2216 2687 Matre
2295 2634 2424 2698 Dei,
2478 2633 2678 2690 similia
2730 2635 2815 2688 his
2867 2634 3191 2700 docentem;
3251 2635 3330 2689 sic
3387 2651 3488 2688 au-

1911 2735 2022 2782 tem
2071 2727 2365 2797 loquitur:
2415 2747 2434 2779 (
2481 2729 2745 2783 Mirabilis
2802 2739 3012 2798 partus,
3053 2729 3381 2798 principium
3423 2746 3489 2784 ac

1911 2833 2021 2872 non
2066 2819 2401 2888 principium
2445 2822 2564 2889 ejus
2609 2823 2700 2890 qui
2749 2821 2849 2874 fuit
2899 2821 3116 2887 editus;
3171 2822 3490 2876 liuuianitao-

1911 2910 1982 2965 tis
2026 2913 2174 2965 enim
2227 2912 2408 2966 factus
2455 2921 2538 2968 est
2590 2914 2944 2982 principium,
2989 2913 3254 2968 divinitas
3301 2923 3491 2970 autem

1907 3002 2172 3057 remansit
2215 3003 2336 3058 sine
2388 3003 2685 3073 principio.
2724 3023 2742 3056 ›
2793 3004 2874 3058 Ne
2927 3003 3093 3074 igitur
3138 3003 3493 3074 decipiantur

1908 3092 1998 3148 isti
2033 3094 2286 3149 homines
2330 3108 2509 3165 neque
2552 3095 2861 3165 decipiant,
2906 3111 2972 3151 ex
3003 3096 3256 3165 exemplo
3289 3111 3486 3150 secun-

215 3157 638 3226 τερατευόμενοι
659 3175 674 3189 ο
708 3163 774 3214 τά
820 3163 927 3230 γὰρ
976 3163 1350 3231 ὑποδείγματα
1373 3168 1434 3220 οὑ
1465 3167 1553 3220 διὰ
1587 3169 1803 3221 πάντων

1909 3181 2040 3236 dum
2098 3183 2379 3238 hominem
2420 3157 2696 3255 sumpto,
2757 3186 2922 3240 unius
2989 3202 3108 3240 esse
3166 3186 3484 3241 substantia:

215 3250 386 3316 ὅμοιά
416 3249 564 3301 ἐστιν
591 3250 819 3314 ἐκείνοις
841 3290 854 3312 ,
886 3247 959 3304 ὧν
992 3256 1071 3315 εἰς
1093 3254 1395 3323 ὑπόδειγμα
1420 3256 1759 3324 λαμϐάνεται
1777 3274 1801 3296 ν

216 3346 270 3394 εξ
312 3343 423 3412 γὰρ
455 3343 540 3396 διὰ
568 3343 782 3406 πάντως
829 3345 992 3412 ὃμοια
1020 3345 1216 3413 εὑρεθῇ
1247 3383 1260 3405 ,
1292 3346 1359 3396 τά
1396 3345 1535 3398 αὑτὰ
1582 3348 1800 3410 πάντως

215 3437 376 3494 ἐσται
398 3435 494 3487 καὶ
513 3436 573 3486 οὑ
600 3434 1041 3502 παραδείγματα,
1076 3435 1182 3486 Καὶ
1219 3437 1245 3488 6
1275 3437 1332 3487 ἐν
1353 3438 1529 3504 ἁγίοις
1559 3439 1663 3507 γὰρ
1689 3439 1800 3490 Κύ-

219 3525 402 3592 ριλλος
433 3527 554 3576 κατ’
587 3524 740 3576 οὐδὲν
766 3526 952 3594 ἕτερον
990 3524 1068 3594 τῷ
1092 3524 1183 3577 τοῦ
1208 3526 1496 3592 ἀνθρώπου
1532 3529 1798 3599 κέχρηται

215 3613 653 3682 παραδείγματι,
690 3613 829 3684 πλὴν
854 3614 943 3666 διὰ
977 3615 1136 3682 μόνον
1164 3616 1222 3667 τὸ
1247 3615 1495 3668 ἐκϐαλεῖν
1526 3617 1625 3687 τὴν
1649 3617 1799 3670 Παύ-

211 3703 310 3757 λου
341 3704 436 3757 καὶ
466 3704 761 3774 Νεστορίου
795 3703 1165 3774 βλασφημίαν,
1197 3706 1302 3759 τῶν
1323 3707 1672 3776 διαιρούντων
1699 3711 1796 3772 τὰς

213 3797 415 3864 φύσεις
436 3797 532 3849 ἀπ’
558 3796 825 3867 ἀλλήλων,
856 3799 947 3850 καὶ
977 3799 1056 3860 είς
1085 3797 1177 3850 δύο
1197 3798 1460 3868 πρόσωπα
1482 3802 1647 3871 ἦγουν
1673 3801 1798 3855 ὑπο-

212 3889 440 3950 στάσεις
467 3888 668 3950 ταύτας
687 3887 1092 3957 λαμϐανόντων,
1119 3894 1215 3943 καὶ
1235 3891 1486 3946 ἐντεῦθεν
1513 3894 1606 3947 δύο
1633 3895 1796 3958 Υίοὺς

209 3980 312 4031 καὶ
343 3977 439 4030 δύο
456 3979 724 4048 Χριστοὺς
752 3979 1036 4047 λεγόντων,
1078 3981 1172 4034 ἕνα
1201 3983 1299 4050 μὲν
1326 3983 1418 4036 τὸν
1447 3985 1512 4036 ὲκ
1540 3983 1633 4037 τοῦ
1657 3985 1794 4039 Θεοῦ

208 4070 310 4122 καὶ
337 4070 550 4137 Πατρὺς
581 4070 741 4135 Υἱὸν,
774 4070 960 4142 ἓτερον
997 4071 1054 4123 δὲ
1101 4073 1190 4125 τὸν
1223 4076 1286 4127 ἐκ
1321 4077 1417 4145 τῆς
1461 4076 1618 4143 άγίας
1647 4078 1795 4147 Παρ-

209 4161 372 4212 θένου
399 4162 493 4213 καὶ
519 4161 783 4216 Θεοτόκου
820 4165 1041 4234 Μαρίας
1070 4167 1539 4222 ἀναπλαττόντων.
1589 4171 1673 4233 Ὡς
1708 4171 1795 4225 διά

206 4253 377 4306 τοῦτο
401 4254 536 4324 μηδὲ
561 4254 823 4309 Θεοτόκον
844 4258 1012 4328 αὐτὴν
1034 4259 1162 4329 παρ’
1186 4261 1365 4314 αὑτῶν
1389 4263 1791 4332 ὁμολεμγεῖσθαι,

205 4345 354 4398 ἀλλὰ
381 4346 473 4398 τὸν
519 4345 579 4410 ἐξ
605 4348 776 4417 αὑτῆς
810 4350 1139 4420 γεννηθέντα
1159 4390 1174 4415 ,
1206 4351 1361 4421 ψιλὸν
1389 4354 1675 4424 ἄνθρωπον
1704 4357 1792 4409 λέ-

208 4435 430 4502 γεσθαι,
480 4437 661 4507 χάριτι
702 4439 760 4491 δὲ
801 4440 894 4494 καὶ
929 4441 1200 4494 οἰκειώσει
1225 4444 1316 4496 καὶ
1364 4447 1542 4515 σχέσει
1567 4450 1630 4516 τῇ
1658 4449 1794 4518 πρὸς

1907 3270 2188 3327 Christum
2225 3276 2589 3341 mentientes;
2627 3276 2959 3345 exemplaria
3004 3276 3150 3330 enim
3198 3292 3307 3330 non
3355 3285 3484 3330 sunt

1908 3365 1962 3418 in
1989 3367 2246 3422 omnibus
2277 3368 2474 3422 similia
2500 3369 2608 3424 illis
2631 3386 2867 3439 quorum
2895 3382 3187 3424 sumuntur
3212 3370 3265 3424 in
3295 3385 3476 3424 exem-

1907 3457 2056 3528 plar;
2085 3459 2129 3512 si
2173 3459 2318 3513 enim
2351 3461 2576 3513 omnino
2621 3461 2821 3515 similia
2857 3461 3255 3522 invenirentur,
3289 3461 3478 3515 eadem

1907 3549 2132 3603 omnino
2178 3559 2384 3614 essent,
2410 3567 2520 3604 non
2560 3552 2914 3621 exemplaria.
2943 3551 3483 3623 .SanctusCyrillus

1905 3648 2089 3694 autem
2127 3643 2379 3708 exemplo
2424 3642 2664 3696 hominis
2693 3642 2759 3695 ad
2808 3642 2946 3695 nihil
2975 3642 3122 3695 aliud
3157 3643 3334 3697 utitur
3375 3643 3476 3696 nisi

1905 3730 1972 3784 ad
2023 3730 2415 3800 proﬂigandam
2463 3731 2616 3785 Pauli
2667 3747 2731 3785 ac
2782 3731 3016 3785 Nestorii
3061 3730 3477 3800 blasphemiam,

1904 3819 2270 3875 dividentium
2327 3829 2554 3881 naturas
2598 3823 2666 3876 ab
2695 3822 2931 3877 invicem
2959 3822 3188 3892 illasque
3242 3823 3296 3876 in
3342 3823 3486 3878 duas

1904 3926 2170 3981 personas
2207 3914 2291 3967 vel
2320 3913 2643 3984 bypostases
2674 3913 3283 3983 comprehendentium,
3321 3914 3480 3969 indc-

1903 4018 2010 4071 que
2033 4003 2172 4056 duos
2202 4004 2365 4058 Filios
2389 4005 2636 4073 duosque
2660 4004 2909 4058 Christos
2932 4004 3255 4069 dicentium,
3309 4020 3479 4058 unum

1903 4092 2124 4160 quidem
2165 4109 2230 4147 ex
2262 4094 2374 4148 Deo
2412 4103 2468 4148 et
2517 4095 2676 4149 Patre
2707 4095 2928 4158 Filium,
2957 4096 3190 4150 alterum
3239 4111 3366 4150 vero
3411 4111 3486 4150 ex.

1901 4183 2073 4236 Matre
2127 4183 2196 4236 de
2238 4183 2405 4238 Maria
2454 4187 2798 4256 ﬁngentium.
2831 4188 3065 4255 Propter
3106 4187 3212 4241 hoc
3252 4188 3482 4241 Matrem

1901 4276 1998 4330 Dei
2029 4278 2175 4331 illam
2203 4294 2311 4331 non
2343 4278 2698 4342 conﬁtentur,
2725 4279 2819 4333 sed
2845 4281 2939 4347 qui
2964 4278 3032 4334 de
3066 4279 3158 4332 illa
3189 4289 3350 4334 natus
3371 4289 3476 4343 est,

1902 4382 2112 4422 merum
2144 4369 2421 4423 hominem
2447 4369 2676 4436 dicunt;
2713 4370 2980 4424 cbaritate
3008 4386 3160 4435 vero,
3193 4370 3484 4424 faiuiliari-

1900 4466 2034 4522 tate,
2091 4459 2566 4528 relationibusqne
2609 4462 2724 4515 suis
2765 4477 2894 4530 erga
2928 4461 3126 4515 Filium
3171 4463 3477 4516 secundum

205 4527 307 4580 τὸν
329 4526 470 4580 κατὰ
495 4528 655 4596 φύσιν
687 4529 834 4597 Υίὸν,
857 4533 957 4600 τῆς
979 4533 1223 4603 υἱότητος
1246 4537 1310 4588 ὲκ
1333 4541 1612 4609 προκοπῆς
1633 4541 1791 4609 +th-

1908 4559 2150 4602 naturam
2176 4590 2189 4614 ,
2229 4551 2282 4604 in
2324 4563 2606 4622 posterum
2644 4553 3051 4607 maternitatem
3086 4553 3328 4634 divinam
3360 4571 3470 4610 me.

209 4618 277 4671 σθ
288 4636 370 4675 αι.

284 4705 428 4774 Πρὸς
445 4705 717 4773 ἀπόδειξιν
732 4709 787 4762 δὲ
811 4709 906 4763 τοῦ
931 4711 1014 4765 ὅτι
1031 4711 1202 4766 ταῦτα
1225 4714 1395 4778 οὑτως
1431 4718 1673 4790 ὲϐλασφή
1683 4739 1792 4791 μη-

208 4814 314 4849 σαν
351 4797 562 4860 Παῦλος
589 4816 648 4851 τε
680 4803 774 4854 καὶ
816 4803 1131 4876 Νεστόριος,
1161 4809 1225 4860 ὲκ
1253 4810 1360 4860 τῶν
1390 4815 1793 4881 γεγραμμένων

207 4889 401 4950 αὑτοῖς
424 4889 691 4943 ἀσεϐειῶν
719 4893 907 4958 ὀλίγας
933 4897 1304 4967 παρεθέμεθα,
1331 4900 1428 4972 τὴν
1449 4903 1656 4956 τούτων
1691 4923 1794 4973 μα-

207 4980 334 5032 νίαν
377 4982 513 5032 πᾶσι
561 4983 906 5053 Χριστιανοῖς
952 4988 1380 5055 στηλιτεύοντες.
1413 4993 1576 5060 Λέγει
1609 4995 1737 5063 γοῦν
1765 4999 1792 5049 ὁ

207 5070 418 5140 ἀσεϐὴς
466 5073 676 5136 Παῦλος
719 5076 778 5127 ὲν
829 5079 940 5139 τοῖς
987 5081 1114 5149 περί
1150 5081 1314 5134 αὑτοῦ
1360 5086 1788 5155 πεπραγμένοις·

215 5178 236 5209 ο
280 5160 551 5229 Συνῆλθεν
601 5167 628 5217 6
679 5167 849 5233 Λόγος
883 5169 960 5238 τῷ
1003 5170 1067 5222 ἐκ
1104 5172 1270 5224 Δαϐὶδ
1312 5178 1791 5248 γεγεννημένι;›,ὅς

208 5253 364 5306 ἐστιν
426 5256 630 5324 Ἰησοῦς
685 5259 918 5328 Χριστὸς
960 5265 989 5314 6
1038 5265 1316 5334 γεννηθεὶς
1370 5270 1433 5320 ὲκ
1483 5269 1792 5340 Πνεύματος

209 5343 394 5406 ἁγίου.
423 5345 530 5396 Καὶ
547 5345 736 5399 τοῦτον
766 5349 864 5416 μὲν
889 5351 1121 5419 ἠνεγκεν
1146 5355 1179 5423 ἡ
1207 5356 1478 5426 Παρθένος
1501 5358 1588 5412 διὰ
1616 5361 1790 5413 Πνεύ-

213 5448 388 5502 ματος
417 5434 596 5500 ἁγίου,
637 5436 843 5490 ἐκεῖνον
870 5437 926 5489 δὲ
955 5441 1046 5492 τὸν
1083 5442 1255 5509 Λόγον
1283 5444 1572 5515 ἐγέννησεν
1600 5450 1629 5500 6
1658 5449 1791 5513 θεὸς

207 5525 346 5579 ἄνευ
393 5527 669 5598 Παρθένου
722 5531 818 5584 καὶ
877 5533 1006 5586 ἄνευ
1051 5535 1194 5597 τινὸς
1233 5537 1466 5603 οὐδενὸς,
1517 5539 1658 5612 πλὴν
1697 5542 1790 5595 τοῦ

209 5617 356 5670 Θεοῦ
375 5634 388 5647 ·
416 5620 514 5672 καὶ
545 5619 716 5685 οὕτως
747 5623 953 5695 ὑπέστη
982 5629 1010 5679 6
1033 5626 1222 5691 Λόγος.
1260 5647 1278 5679 ι
1307 5631 1413 5683 Καὶ
1446 5633 1608 5685 πάλιν
1640 5637 1668 5687 6
1697 5637 1791 5688 αὑ-

208 5708 305 5772 τὸς
329 5711 527 5781 ἀσεϐὴς
559 5713 767 5777 Παῦλος
794 5715 938 5782 λέγει
968 5734 979 5746 ·
1015 5735 1032 5766 ι
1088 5718 1144 5769 '0
1177 5720 1346 5787 Λόγος
1377 5723 1576 5791 μείζων
1605 5722 1671 5796 ἦν
1697 5730 1790 5781 τοῦ

207 5801 486 5872 Χριστοῦο
539 5804 768 5874 Χριστὸς
815 5807 900 5860 διὰ
943 5810 1134 5877 σοφίαν
1181 5812 1380 5880 μείζων
1429 5816 1678 5883 ἐγένετνο
1734 5820 1791 5872 τὸ

1901 4641 2029 4692 ruit.

1968 4733 2048 4785 Ad
2083 4733 2428 4801 probandum
2485 4735 2710 4790 Paulum
2765 4751 2829 4790 ac
2863 4736 3180 4790 Nestorium
3235 4738 3317 4794 sic
3349 4738 3473 4795 bitr-

1900 4821 2242 4890 spliemasse,
2277 4825 2530 4893 quaedam
2577 4843 2645 4880 ex
2685 4842 2878 4881 eorum
2910 4829 3135 4896 scriptis
3160 4828 3343 4896 impiis
3391 4840 3476 4882 at-

1900 4914 2150 4975 tulimus,
2181 4918 2443 4971 onmibus
2461 4917 2793 4972 Christianis
2832 4919 3100 4972 insaniam
3144 4935 3338 4973 eorum
3378 4921 3474 4975 de-

1897 5007 2232 5060 nuntiantia.
2268 5007 2392 5062 Ηαξο
2415 5009 2638 5077 quidem
2667 5011 2804 5065 dicit
2842 5011 3049 5081 impius
3075 5012 3275 5066 Paulus
3303 5012 3358 5066 in
3387 5013 3478 5066 his

1900 5111 2023 5164 qua:
2076 5097 2146 5150 de
2189 5098 2294 5152 hoc
2334 5100 2592 5168 scripsit:
2632 5122 2648 5153 ι
2681 5103 2917 5156 Verbum
2969 5118 3026 5156 se
3076 5103 3362 5171 conjunxit
3401 5105 3470 5156 ad

1901 5186 2055 5239 illum
2088 5187 2183 5255 qui
2218 5204 2284 5242 ex
2335 5191 2504 5244 David
2544 5187 2728 5246 fuerat
2769 5196 3011 5263 genitus,
3050 5195 3143 5263 qui
3184 5205 3268 5250 est
3315 5197 3484 5252 Jesus-

1897 5273 2150 5333 Clnistus
2179 5289 2480 5347 conceptus
2521 5281 2589 5336 de
2637 5282 2842 5352 Spiritu
2883 5294 3094 5339 sancto.
3146 5287 3304 5342 Hunc
3350 5289 3478 5355 qui—

1898 5366 2024 5421 dem
2052 5367 2253 5423 virtute
2279 5369 2521 5437 Spiritus
2566 5376 2743 5428 sancti
2777 5375 2940 5446 Virgo
2994 5377 3277 5445 portavit,
3333 5379 3472 5432 illud

1898 5473 2031 5511 vero
2073 5459 2309 5515 Verbum
2339 5462 2460 5516 sine
2499 5461 2725 5534 Virgine
2763 5467 2994 5536 sineque
3040 5469 3208 5524 ullius
3238 5470 3471 5530 auxilio.

1898 5562 2129 5620 excepto
2167 5553 2298 5615 Deo,
2351 5557 2542 5624 genuit
2568 5559 2744 5625 Deus,
2809 5563 2998 5632 sicque
3045 5563 3292 5617 substitit
3332 5563 3464 5618 Ver-

1901 5643 2050 5697 bum.
2097 5661 2114 5692 ι
2160 5645 2305 5698 idem
2335 5657 2518 5702 autem
2563 5650 2764 5719 impius
2795 5653 2992 5708 Paulus
3010 5655 3145 5708 dicit
3183 5654 3467 5709 :Verbum

1900 5735 2075 5804 majus
2102 5744 2221 5789 erat
2240 5736 2495 5804 Christo;
2521 5741 2774 5799 Christus
2802 5745 3082 5815 sapientia:
3097 5746 3270 5816 gratia
3293 5747 3468 5814 major

1900 5826 2078 5880 factus
2112 5835 2227 5881 est:
2254 5829 2592 5898 majestatem
2622 5835 2901 5904 sapientiae
2927 5853 2994 5893 ne
3018 5835 3467 5896 subtrahamusa-
