4220 6442
264 392 395 455 illi

1185 394 1627 457 TRACTATUS
1664 393 1959 455 CONTRA
2002 392 2594 455 MONOPHYSI‘I‘AS.

3379 392 3514 457 1122

258 507 521 561 θεοτόκον
550 506 624 577 μὴ
664 506 943 575 ὁμολογεῖν
971 521 983 535 ·
1017 506 1110 559 καλ
1164 508 1297 576 μήτε
1347 508 1654 577 προφήταις
1707 507 1842 576 μήτε

1949 502 2378 559 confutationem
2427 516 2607 559 autem
2661 504 2880 557 illorum
2924 504 3221 575 impietatis
3254 521 3429 575 pauca
3451 524 3519 563 ex

261 598 616 666 Εὑαγγελίοις
673 600 809 668 μήτε
869 600 983 661 τοῖς
1048 598 1423 662 ἀποστολικοῖς
1489 597 1833 668 κηρύγμασιν

259 687 600 740 ἀκολουθεῖν.
667 688 810 757 Πρὸς
843 686 1065 756 ἔλεγχον
1103 685 1158 738 δὲ
1198 685 1299 755 τῆς
1340 686 1520 739 αὐτῶν
1560 686 1833 749 ἀσεδείας,

257 779 449 847 ὀλίγας
478 779 544 831 ὲκ
582 777 790 830 πολλῶν
818 778 1098 847 Γραφικάς
1128 778 1475 847 παρεθέμεθα
1510 779 1834 848 μαρτυρίας.

272 869 547 941 Ἱερεμίας
583 869 712 940 γάρ,
750 887 803 922 κ.
830 887 881 923 τ.
905 869 956 923 λ.
996 870 1076 936 (1)
1119 867 1267 939 [Coi
1299 887 1351 939 p.
1375 869 1530 940 ξολ]
1557 869 1718 921 Δεῖδὲ
1748 870 1838 923 τὸν

259 960 705 1029 ἀναγινώσκοντα
735 960 1023 1031 προσέχειν
1052 963 1163 1021 τοῖς
1195 958 1291 1011 τοῦ
1322 960 1589 1030 Κυρίλλου
1616 959 1791 1028 λόγοις
1819 976 1835 991 ’

260 1051 435 1104 είπὼν
466 1052 575 1121 γὰρ
622 1052 723 1103 οὐκ
756 1052 1021 1120 ἀνάχυσίν
1064 1068 1184 1104 τινα
1206 1053 1303 1119 τὴν
1326 1053 1407 1113 είς
1437 1050 1697 1119 ἀλλήλους
1732 1050 1838 1103 τῶν

260 1144 479 1208 φύσεων
502 1143 838 1212 πεπρᾶχθαι,
872 1142 1055 1212 μένειν
1088 1142 1142 1194 δὲ
1174 1142 1373 1213 μᾶλλον
1396 1143 1663 1213 ἑκατέραν
1694 1144 1749 1195 iv
1770 1144 1837 1213 τῇ

263 1235 479 1295 ινώσει,
514 1234 671 1287 τοῦτο
706 1235 843 1305 ὅπερ
864 1235 980 1286 ἐστὶ
1016 1235 1197 1302 σαφῶς
1235 1234 1477 1287 διδάσκει
1507 1235 1599 1296 τὰς
1626 1235 1720 1287 δύο
1748 1237 1842 1301 φύ-

268 1343 377 1390 σεις
402 1326 503 1395 τῆς
543 1325 797 1393 θεότητος
825 1327 919 1377 καὶ
956 1325 1054 1395 τῆς
1086 1324 1506 1395 άνθρωπότητος
1530 1366 1543 1386 ,
1578 1326 1637 1377 ἐν
1656 1322 1732 1393 τῷ
1762 1324 1842 1376 ἑνὶ

265 1418 542 1488 προσώπῳ
566 1416 658 1471 τοῦ
687 1417 889 1486 Κυρίου
913 1416 1072 1485 ἡμῶν
1110 1414 1283 1484 Ἰησοῦ
1312 1415 1546 1485 Χριστοῦ
1573 1415 1840 1479 σώζεσθαί

259 1527 322 1562 τε
354 1510 450 1562 καὶ
478 1508 878 1577 ὁμολογεῖσθαι.
932 1506 1023 1570 Ἐξ
1066 1499 1141 1558 ὧν
1180 1505 1578 1576 συνωθούμενοι
1613 1506 1663 1559 οἱ
1694 1507 1841 1575 αἱρε-

258 1603 427 1667 τικοὶ,
472 1602 663 1672 ἑτέραν
713 1600 876 1653 πάλιν
927 1598 1233 1651 ἐπινοοῦσιν
1286 1598 1579 1651 ἀσέὸειαν·
1621 1597 1717 1650 καὶ
1752 1597 1842 1651 διὰ

259 1692 468 1760 ταύτης
502 1693 600 1761 τὴν
641 1692 912 1761 προτέραν
961 1690 1280 1743 έπισκιάσαι
1314 1689 1649 1758 βουλόμενοι.
1685 1690 1840 1741 Ἐστι

259 1784 374 1855 γὰρ
406 1784 497 1836 ὅτε
557 1784 652 1835 καὶ
705 1782 834 1851 μίαν
882 1780 1135 1833 σύνθετον
1187 1779 1587 1834 ἀναπλάττουσι
1639 1778 1837 1847 φύσινο

1939 594 2193 665 plurimis
2219 595 2532 649 testimonia
2558 596 2969 664 Scripturarum
3005 595 3316 666 selegimus.
3346 593 3526 666 Opor-

1941 694 2018 740 tet
2053 696 2234 740 autem
2281 678 2341 739 ut
2402 684 2574 739 lector
2603 685 3103 759 adhaereatCyrilli
3131 687 3481 742 sermonibus
3513 704 3528 739 ι

1939 785 2226 847 postquam
2261 777 2407 831 enim
2440 776 2577 829 dixit
2608 778 2815 831 nullam
2860 775 3185 832 eﬁ‘usioncm
3210 788 3528 832 naturarum

1940 866 1997 920 in
2023 882 2081 920 se
2110 866 2346 920 invicem
2381 866 2577 919 factam
2600 867 2792 933 fuisse,
2811 868 3119 923 subsistere
3139 876 3325 921 autem
3348 869 3532 939 potius

1940 970 2384 1024 unamquamque
2408 955 2461 1009 in
2487 956 2718 1019 unitate,
2749 957 2853 1011 hoc
2871 957 3017 1027 quod
3043 968 3236 1012 verum
3259 968 3366 1021 est,
3384 958 3533 1013 clare

1941 1044 2122 1108 docet,
2162 1047 2377 1100 scilicet
2397 1046 2533 1101 duas
2556 1057 2786 1101 naturas
2811 1047 3117 1103 divinitatis
3140 1057 3307 1119 atque
3339 1047 3535 1102 huma-

1941 1138 2133 1193 nitatis
2178 1138 2231 1191 in
2264 1154 2368 1192 una
2404 1153 2637 1207 persona
2682 1137 2900 1192 Domini
2949 1139 3125 1192 nostri
3160 1139 3291 1195 Jesu
3319 1138 3529 1202 Christi

1943 1230 2139 1283 salvari
2165 1245 2226 1283 ac
2244 1229 2418 1283 credi.
2446 1229 2523 1283 Ει
2552 1229 2639 1282 his
2660 1228 3079 1299 pregredientes
3097 1229 3369 1296 haeretici,
3391 1231 3532 1286 alte-

1944 1337 2058 1375 ram
2112 1322 2310 1375 iterum
2343 1322 2697 1390 excogitant,
2730 1322 3093 1391 impietatem,
3139 1323 3382 1392 priorem
3440 1322 3531 1377 illa

1943 1422 2231 1481 protegere
2286 1413 2561 1467 volentes.
2617 1412 2840 1467 Scilicet
2884 1423 3134 1468 naturam
3168 1412 3534 1485 compositam

1944 1501 2330 1570 imaginantur,
2358 1502 2694 1570 ignorantes,
2733 1502 2878 1557 sicut
2914 1502 3263 1559 documentis
3302 1504 3533 1559 Patrum

1943 1589 2049 1643 fuit
2074 1590 2537 1656 demonstratum,
2571 1590 2819 1660 itemque
2850 1606 2951 1646 nos
2986 1593 3246 1662 superius
3269 1591 3532 1654 diximus.

1944 1688 2151 1735 natum
2178 1697 2377 1735 nomen
2422 1682 2491 1736 de
2516 1697 2575 1737 re
2605 1682 2885 1736 communi
2915 1683 3048 1745 dici,
3089 1681 3317 1753 aliquod
3340 1682 3537 1738 indeﬁ-

1945 1771 2123 1824 nitnin
2183 1771 2497 1842 signiﬁcare
2554 1772 2853 1841 multisque
2905 1774 3161 1841 personis
3214 1773 3535 1828 convenire.

258 1841 590 1942 ἀγνοοῦντες
607 1875 689 1927 ὅτι
706 1841 971 1940 ’καθάπερ
997 1872 1083 1925 διά
1111 1872 1218 1924 τῶν
1243 1870 1500 1942 Πατέρων
1522 1841 1843 1924 ἀποδείκνυ-

1951 1860 2117 1931 Atqui
2154 1861 2199 1916 si
2246 1841 2373 1916 dua:
2423 1871 2636 1917 naturas
2690 1862 2997 1917 divinitatis
3046 1878 3112 1917 ac
3174 1863 3539 1919 humanitatis

261 1979 356 2016 ται
382 1961 750 2026 διδασκαλίας,
786 1962 881 2014 καὶ
930 1963 1089 2031 ἡμεῖς
1117 1962 1172 2013 δὲ
1214 1962 1473 2030 ἀνωτέρω
1521 1960 1845 2030 εἰρήκαμεν,

262 2055 342 2107 Τὸ
361 2056 461 2124 τῆς
485 2054 724 2123 φύσεως
748 2051 918 2122 δνομα
939 2054 1030 2104 ἐπὶ
1058 2051 1238 2103 κοινοῦ
1262 2051 1476 2119 λέγεται
1504 2052 1867 2122 πράγματος,

258 2147 361 2199 καὶ
388 2147 639 2217 ἀόριστόν
670 2162 722 2198 τι
755 2144 1011 2212 σημαίνει
1054 2145 1149 2195 καὶ
1179 2144 1321 2197 κατά
1371 2142 1584 2195 πολλῶν
1610 2142 1847 2196 ὑποστά-

262 2256 404 2292 σεων
463 2239 873 2309 κατηγορεῖται.
909 2236 971 2288 Εί
1042 2235 1220 2288 τοίνυν
1271 2237 1325 2287 αἱ
1382 2234 1476 2288 δύο
1530 2234 1721 2303 φύσεις
1751 2237 1847 2304 τῆς

259 2332 518 2401 θεότητος
564 2333 659 2383 καὶ⁵
698 2329 797 2399 τῆς
837 2327 1253 2399 ἀνθρωπὸτητος
1280 2367 1294 2392 ,
1338 2328 1435 2397 μία
1484 2329 1607 2380 κατ’
1649 2328 1847 2391 αὐτοὺς

261 2421 457 2489 γέγονε
486 2420 741 2481 σύνθετος
769 2419 951 2487 φύσις,
987 2417 1147 2487 δῆλον
1178 2417 1261 2470 ὅτι
1300 2417 1476 2470 κοινόν
1497 2434 1550 2470 τι
1573 2419 1669 2471 καὶ
1694 2418 1848 2489 ἀόρι-

262 2529 393 2566 στον
439 2510 805 2581 ἀπετελέσθη’
839 2510 935 2562 καὶ
969 2510 1154 2579 ζητεῖν
1176 2508 1507 2577 έπάναγκες,
1546 2508 1707 2571 ποίας
1735 2526 1848 2561 κοιι

261 2603 488 2673 νότητος
509 2602 543 2672 ἢ
581 2602 723 2657 κατά
743 2601 919 2653 ποίων
947 2600 1298 2653 ὑποστάσεων
1331 2600 1431 2669 τὴν
1457 2599 1713 2670 τοιαύτην
1741 2599 1843 2669 (ptir-

265 2711 353 2749 σιν
386 2695 608 2761 λέγουσι
652 2690 1097 2761 κατηγορεῖσθαι,
1142 2691 1276 2760 ὅπερ
1312 2690 1555 2743 ἐναντίον
1599 2691 1716 2743 εστὶ
1750 2690 1846 2744 τοῦ

260 2783 411 2838 κατά
436 2781 669 2854 Χριστὸν
694 2779 991 2851 μυστηρίου
1018 2794 1031 2808 ·
1074 2779 1105 2831 ό
1138 2778 1245 2849 γὰρ
1265 2776 1497 2847 Χριστὸς
1517 2778 1615 2847 οὐχ
1644 2777 1719 2840 ὡς
1744 2794 1850 2831 κοι-

265 2874 359 2926 νόν
388 2889 443 2925 τι
492 2871 589 2925 καὶ
619 2870 760 2924 κατά
789 2866 1002 2921 πολλῶν
1040 2866 1395 2920 ὑποστάσεων
1432 2868 1845 2935 κατηγορεῖται,

264 2962 385 3017 ἀλλ’
408 2963 501 3016 hri.
534 2961 662 3031 μιᾶς
687 2958 1066 3021 ὑποστάσεως,
1105 2958 1268 3027 ﬁre-av
1297 2954 1416 3017 ένδς
1442 2954 1734 3024 προσώπου
1762 2954 1849 3006 λέ-

263 3068 425 3119 γεται
446 3052 507 3103 ιν
534 3049 814 3119 διαφόροις
856 3048 1066 3108 οὐσίαις
1098 3044 1354 3115 θεότητος
1375 3044 1469 3095 καὶ
1497 3043 1849 3114 άνθρωπότη-

1950 1952 2102 2007 factae
2128 1961 2256 2007 sunt
2275 1968 2383 2007 una
2413 1948 2607 2007 natura
2629 1952 2955 2022 composita,
2984 1952 3197 2023 aliquid
3220 1954 3538 2009 communis

1951 2054 2115 2114 atque
2164 2043 2435 2098 indeﬁniti
2486 2042 2628 2098 eﬂiei
2677 2054 2861 2114 patet;
2892 2059 3140 2115 quaerere
3172 2060 3396 2117 quoque
3441 2062 3539 2101 ue-

1949 2150 2102 2189 cesse
2124 2142 2209 2189 est
2223 2134 2291 2188 de
2307 2150 2419 2204 quo
2447 2135 2726 2189 communi
2769 2135 2901 2199 dici,
2941 2136 3257 2207 quibusque
3283 2139 3538 2208 personis

1926 2218 2249 2277 convenire
2298 2224 2465 2278 talem
2510 2232 2767 2279 naturam
2818 2224 3028 2288 dicant.
3076 2226 3225 2297 quod
3273 2230 3537 2300 mysterio

1948 2310 2152 2367 Christi
2178 2312 2536 2379 adversatur;
2557 2311 2812 2368 Christus
2829 2315 2978 2369 enim
3000 2330 3109 2369 non
3131 2316 3291 2386 quasi
3313 2317 3535 2387 aliquod

1949 2418 2265 2467 commune,
2305 2412 2362 2459 et
2408 2405 2599 2460 multis
2650 2406 2903 2476 personis
2933 2408 3303 2475 conveniens,
3340 2408 3439 2465 sed
3479 2408 3535 2465 in

1950 2510 2059 2549 una
2080 2495 2361 2566 hypostasi
2387 2496 2502 2552 sive
2522 2496 2577 2551 in
2599 2512 2709 2551 una
2739 2512 2972 2568 persona
2988 2497 3196 2554 dicitur
3222 2499 3277 2554 in
3298 2498 3537 2556 diversis

1948 2586 2279 2641 substantiis
2300 2587 2609 2642 divinitatis
2636 2598 2695 2644 et
2716 2588 3079 2646 humanitatis
3096 2590 3369 2663 cognitus.
3391 2592 3533 2647 Nos-

1948 2679 2171 2750 metipsi
2223 2679 2361 2735 duas
2400 2680 2740 2738 substantias
2778 2683 2835 2737 in
2866 2682 3088 2740 Christo
3110 2700 3233 2741 esse
3260 2685 3533 2748 dicentes.

1949 2771 2252 2825 secundum
2276 2770 2624 2828 divinitatem
2648 2773 2858 2829 scimus
2878 2775 3060 2845 ipsum
3081 2790 3204 2831 esse
3229 2776 3378 2831 Patri
3410 2792 3535 2832 san-

1948 2873 2149 2932 ctoque
2180 2863 2410 2932 Spiritui
2443 2863 2990 2930 consubstantialem,
3022 2865 3329 2921 secundum
3349 2873 3535 2921 autem

1949 2952 2348 3008 humanitatem
2372 2955 2630 3009 omnibus
2656 2956 2975 3011 hominibus
3005 2957 3536 3015 consubstantialem

1949 3045 2351 3115 cognoscimus.
2391 3046 2492 3114 Qui
2527 3062 2660 3101 vero
2700 3048 3051 3104 dieuntduas
3079 3049 3419 3106 substantias
3436 3064 3536 3105 na-

262 3160 357 3207 τος
414 3140 834 3211 γνωριζόμενος.
888 3138 1001 3193 Καὶ
1040 3139 1199 3207 ἡμεῖς
1244 3136 1343 3205 μὲν
1394 3134 1487 3188 δύο
1528 3134 1717 3198 οὐσίας
1756 3136 1845 3188 ἐπὶ

1952 3144 2129 3191 turam
2152 3140 2511 3209 compositam
2534 3139 2778 3207 efﬁcere,
2808 3142 2957 3211 quod
2985 3151 3072 3197 est
3096 3157 3267 3197 unum
3297 3156 3419 3198 esse
3437 3141 3537 3197 ali-

265 3233 506 3305 Χριστοῦ
552 3233 825 3300 λέγοντες,
855 3230 999 3284 κατὰ
1030 3230 1130 3298 μὲν
1153 3229 1251 3297 τὴν
1288 3227 1518 3296 θεότητα
1564 3228 1720 3298 ἴσμεν
1750 3230 1847 3281 αὑ·

1949 3244 2186 3298 quorum
2227 3232 2629 3296 communium,
2661 3234 3112 3289 communitatem
3136 3233 3389 3290 eamdem
3414 3243 3534 3293 tra-

204 3380 215 3383 ,
262 3326 357 3377 τὺν
377 3322 455 3392 τῷ
480 3322 652 3392 Πατρὶ
681 3324 776 3373 καὶ
806 3318 884 3389 τῷ
912 3319 1053 3387 ἁγίῳ
1078 3312 1356 3386 ιινεύματι
1378 3316 1683 3385 ὀμοούσιον,
1701 3320 1842 3372 κατά

1947 3319 2118 3386 dunt;
2152 3336 2379 3376 necesse
2426 3331 2512 3377 est
2550 3324 2698 3377 enim
2722 3325 2877 3394 juxta
2918 3324 3139 3379 illorum
3159 3325 3331 3403 verba
3352 3325 3533 3397 quod-

254 3414 322 3466 ἱσὲ
356 3412 457 3482 τὴν
483 3410 875 3480 ἀνθρωπότητα
901 3409 1068 3460 πᾶσιν
1094 3406 1400 3477 ἀνθρώποις
1438 3406 1530 3460 τὸν
1560 3407 1725 3460 αὑτὸν
1762 3424 1841 3474 γι.

1945 3409 2066 3463 dam
2094 3412 2336 3466 medium
2366 3411 2506 3468 eﬁici
2538 3414 2772 3469 alterius
2805 3424 3020 3470 naturae
3050 3431 3218 3487 quam
3238 3415 3388 3487 quod
3415 3432 3537 3483 era;

264 3504 550 3572 νὼσκομεν
585 3500 889 3571 δμοούσιον.
919 3499 982 3551 Oi
1020 3496 1079 3549 δὲ
1107 3495 1359 3565 λέγοντες
1398 3497 1498 3559 τὰς
1527 3496 1620 3549 δύο
1646 3498 1836 3562 οὐσίας

1945 3504 2382 3579 unumquodque
2418 3520 2517 3575 per
2539 3516 2745 3576 partes.

260 3596 397 3665 μίαν
430 3593 759 3648 ἀποτελέσαι
788 3591 1041 3645 σύνθετον
1078 3590 1267 3658 φύσιν,
1315 3590 1454 3660 ὅπερ
1522 3589 1673 3643 ἐστὶν
1707 3638 1711 3644 .
1743 3590 1801 3643 ἓν
1865 3593 2058 3646 κοινῶν
2110 3612 2274 3648 τινων
2329 3591 2491 3661 εἶναι,
2526 3596 2638 3667 γτὴν
2689 3598 2979 3669 κοινότητα
3039 3598 3247 3670 ταύτην
3273 3600 3532 3666 διδόασιν⁸

258 3686 477 3754 ἀνάγκη
508 3684 618 3753 γὰρ
645 3682 787 3736 κατά
809 3684 936 3744 τοὺς
963 3680 1186 3735 ἐκείνων
1218 3680 1410 3747 λόγους
1441 3680 1871 3753 ἀποτελεσθῆναι
1912 3700 1963 3737 τι
1992 3685 2157 3756 μέσον
2199 3688 2524 3757 ὲτεροφυὲς,
2559 3689 2591 3755 ἢ
2652 3690 2787 3760 ὅπερ
2814 3686 2883 3763 ἧν
2911 3692 3174 3762 ἑκάτερον
3206 3692 3313 3747 άνά
3341 3694 3533 3766 μέρος,

332 3777 603 3831 Κάκεῖθεν
631 3775 688 3827 δὲ
723 3774 902 3826 αὐτῶν
927 3774 997 3827 τά
1020 3772 1123 3843 τῆς
1156 3773 1386 3835 ἀτοπίας
1424 3773 1707 3843 ἐλέγχεται
1745 3790 1759 3804 ⁸
1792 3777 1841 3828 εί

259 3868 377 3937 γάρ
413 3866 511 3920 διὰ
552 3865 771 3919 πάντων
798 3864 1146 3935 ὡμολόγηται
1174 3864 1355 3935 ἁπλῆν
1384 3859 1523 3917 εῐναι
1554 3865 1646 3917 καὶ
1675 3864 1839 3917 ἀσύν-

258 3962 421 4015 θετον
448 3961 546 4027 τὴν
576 3958 738 4027 φύσιν
764 3958 865 4027 τῆς
892 3958 1053 4025 ἁγίας
1080 3957 1331 4027 Τριάδος,
1354 3958 1509 4010 αὑτοὶ
1536 3956 1591 4009 δὲ
1650 3958 1838 4010 σύνθε-

259 4072 355 4108 τον
388 4032 667 4120 εἰσάγουσι
690 4052 791 4121 τὴν
827 4050 921 4103 τοῦ
947 4050 1077 4102 Υίοῦ
1106 4049 1271 4119 φύσιν
1290 4089 1307 4113 ,
1338 4049 1694 4119 εὑρεθήσεται
1724 4050 1844 4103 κατ’

258 4147 460 4208 αὑτοὺς
490 4143 652 4212 ἑτέρα
678 4143 840 4212 φύσις
863 4145 896 4214 ἡ
924 4141 1017 4195 τοῦ
1049 4142 1180 4194 nos
1199 4142 1351 4212 παρά
1379 4142 1479 4212 τὴν
1500 4141 1594 4194 τοῦ
1629 4142 1844 4211 Πατρὸς

260 4237 361 4290 καὶ
390 4236 487 4288 τοῦ
520 4236 677 4303 ἁγίου
715 4233 1051 4303 Πνεύματος.
1083 4232 1229 4301 Πλὴν
1252 4232 1347 4285 καὶ
1380 4232 1413 4300 ὴ
1450 4231 1696 4302 περὶτῆς
1717 4248 1842 4283 συνο

259 4328 424 4382 θέτου
456 4327 669 4398 φύσεως
705 4326 923 4396 εῦρεσις
951 4324 1165 4387 οὐδενὸς
1186 4324 1374 4391 ἑτέρου
1405 4321 1552 4391 ἢτοῦ
1583 4322 1841 4375 διδασκά-

2017 3777 2152 3834 Inde
2207 3779 2439 3833 stultitia
2476 3796 2668 3835 eorum
2703 3783 3061 3849 confutatur;
3095 3784 3143 3839 si
3169 3786 3321 3840 enim
3340 3800 3536 3844 omnes

1948 3868 2286 3923 conﬁtentur
2318 3870 2622 3939 simplicem
2648 3886 2770 3927 esse
2803 3881 2968 3943 atque
2985 3874 3409 3945 incompositam
3432 3892 3533 3931 na-

1953 3966 2133 4011 turam
2158 3969 2363 4013 sancta:
2384 3958 2693 4027 Trinitatis,
2714 3960 2793 4014 illi
2816 3970 3000 4015 autem
3023 3964 3390 4032 compositam
3408 3963 3534 4020 Filii

1951 4058 2202 4102 naturam
2227 4049 2515 4116 inducunt,
2546 4051 2616 4105 ab
2647 4051 2782 4120 ipsis
2816 4061 3014 4109 natura
3039 4054 3212 4109 altera
3232 4055 3354 4111 Filii
3379 4057 3536 4113 inve-

1951 4140 2138 4194 nietur
2188 4151 2387 4209 praeter
2432 4152 2691 4197 naturam
2731 4144 2909 4199 Patris
2948 4146 3233 4215 sanctique
3268 4146 3530 4225 Spiritus.

1948 4227 2217 4284 Cancrum
2249 4241 2459 4287 natura:
2484 4234 2801 4303 composita:
2820 4235 3140 4291 adinventio
3168 4238 3377 4294 nullius
3395 4238 3533 4313 alte-

1949 4320 2068 4375 rius
2084 4332 2345 4390 estquam
2366 4323 2611 4393 magistri
2628 4326 2838 4379 erroris
2857 4341 3047 4381 eorum
3066 4327 3397 4397 Apolinarii,
3414 4344 3533 4385 mo-

258 4419 359 4472 λου
392 4418 494 4487 τῆς
527 4417 731 4486 πλάνης
760 4414 939 4469 αὐτῶν
966 4416 1112 4467 ἐστιν
1157 4413 1554 4483 ⁹Λπολινάρίου,
1583 4412 1679 4465 τοῦ
1708 4412 1840 4465 ποτὶ

1948 4412 2020 4465 do
2044 4428 2208 4467 unam
2232 4424 2483 4468 naturam
2501 4420 2860 4487 compositam
2887 4418 3143 4485 dicentis,
3170 4421 3335 4476 modo
3363 4438 3529 4478 unam

262 4510 367 4579 μεν
422 4508 555 4577 μίαν
606 4505 859 4559 σύνθετον
918 4507 1082 4573 φύσιν
1128 4503 1401 4570 λέγοντος,
1435 4503 1565 4556 ποτὶ
1600 4502 1657 4555 δὲ
1709 4504 1837 4573 μίαν

262 4601 520 4669 Θεότητος
568 4599 664 4651 καὶ
712 4597 1130 4668 ἀνθρωπότητος
1183 4595 1839 4666 ἀναπλάττοντος.“οπερ

262 4693 448 4762 εὑρεῖν
469 4691 677 4756 ἔξεστιν
699 4692 763 4743 ἐκ
791 4689 902 4742 τῶν
928 4688 1024 4742 τοῦ
1050 4688 1213 4743 αὑτοῦ
1242 4687 1522 4758 αἱρετικοῦ
1552 4704 1843 4758 συγγραμ-

264 4780 475 4850 μάτων·
508 4782 565 4832 ἐν
589 4780 699 4849 γὰρ
728 4778 807 4848 τῷ
838 4777 985 4848 λόγῳ
1002 4779 1063 4831 ὃν
1094 4779 1392 4848 ἐπιγράφει
1418 4779 1554 4848 πρὸς
1587 4779 1712 4840 τοὺς
1744 4779 1839 4829 άν-

261 4872 481 4941 θρωπον
503 4871 608 4922 ὑπὸ
635 4870 731 4923 τοῦ
760 4871 934 4937 Λόγου
960 4870 1359 4939 προσειλῆφθαι
1387 4869 1661 4937 λέγοντας,
1696 4869 1840 4937 λέγει

257 4962 414 5016 τάδε’
447 4979 466 5013 ι
509 4960 829 5028 Ἄνθρωπος
856 4957 938 5023 εἷς
974 4962 1005 5015 ὑ
1029 4960 1263 5031 Χριστὸς
1290 4962 1367 5024 ὡς
1408 4958 1489 5025 εἷς
1517 4962 1648 5023 Θεὸς
1673 4965 1701 5015 ὁ
1728 4963 1837 5014 Πα-

257 5052 369 5121 τὴρ
399 5050 430 5102 δ
451 5050 569 5102 εστι
597 5043 835 5118 φύσεως,
858 5050 1001 5104 ὥστε
1039 5050 1134 5103 καὶ
1158 5050 1316 5104 τοῦτο
1338 5051 1552 5121 φύσεως
1583 5050 1837 5105 συνθέτου

259 5140 473 5211 μεταξὺ
527 5140 695 5210 οὗσης
723 5140 875 5208 ,Θεοῦ
920 5142 1015 5195 καὶ
1047 5141 1370 5214 ἀνθρώπων.
1408 5160 1428 5194 s
1476 5142 1584 5195 Καὶ
1622 5142 1785 5194 πάλιν
1816 5145 1845 5195 ὀ

255 5230 430 5295 αὐτὸς
465 5231 668 5303 ἀσεϐὴς
722 5231 1096 5303 Ἀπολινάριος
1143 5233 1202 5284 ὲν
1252 5232 1330 5301 τῷ
1374 5233 1505 5303 περὶ
1544 5231 1641 5302 τῆς
1690 5231 1838 5295 θείας

258 5322 595 5394 σαρκώσεως
679 5322 819 5393 λόγῳ
843 5360 858 5384 ,
934 5326 995 5376 ὲν
1063 5322 1343 5392 κεφαλαίῳ
1408 5323 1839 5393 τρισκαιδεκάτῳ

256 5412 411 5481 λιγει
457 5412 624 5467 τάὺιιο
672 5432 692 5466 ε
744 5413 808 5467 'H
890 5414 1028 5484 σὰρξ
1084 5415 1460 5483 ἑτεροκίνητος
1514 5410 1647 5467 οὖσα
1700 5414 1841 5467 nav-

254 5517 372 5565 τως
439 5501 546 5554 ὑπὸ
602 5502 697 5555 τοῦ
770 5502 1057 5566 κινοῦντος
1138 5506 1235 5556 καὶ
1300 5505 1569 5573 ἄγοντος,
1652 5506 1838 5559 ὁποῖόν

257 5608 395 5643 ποτε
431 5592 499 5646 ἀν
538 5592 638 5654 stu
669 5590 827 5646 τοῦτο
868 5594 966 5647 καὶ
1005 5594 1105 5646 οὑκ
1142 5594 1356 5657 ἐντελὲς
1391 5591 1528 5648 οὖσα
1567 5594 1706 5658 ζῶον
1742 5597 1835 5665 ἀφ’

1944 4504 2251 4559 divinitatis
2268 4521 2331 4560 ac
2351 4507 2709 4562 humanitatis
2726 4510 3092 4579 imaginantis.
3110 4510 3224 4567 Hoc
3239 4514 3528 4583 exquirere

1946 4596 2077 4651 licet
2119 4612 2188 4651 ex
2228 4598 2405 4667 ipsius
2461 4598 2704 4655 haeretici
2743 4600 2935 4667 libris;
2966 4602 3023 4657 in
3074 4618 3330 4659 sermone
3377 4604 3527 4660 enim

1947 4702 2113 4755 quem
2135 4688 2333 4742 scribit
2354 4688 2423 4742 ad
2451 4689 2573 4744 illos
2596 4690 2690 4760 qui
2723 4690 3001 4747 hominem
3030 4707 3061 4746 a
3097 4692 3281 4749 Verbo
3308 4708 3527 4749 assum-

1948 4784 2100 4845 ptum
2135 4777 2306 4831 iuisse
2331 4777 2612 4843 dicebant,
2644 4778 2760 4835 haec
2789 4780 2965 4835 dicit:
3001 4799 3019 4833 ι
3055 4781 3232 4837 Homo
3262 4798 3409 4841 unus
3440 4795 3525 4841 es!

1945 4866 2219 4931 Christus,
2256 4867 2400 4922 sicut
2430 4885 2575 4925 unus
2605 4870 2750 4926 Deus
2780 4872 2947 4926 Pater
2962 4873 3059 4942 qui
3086 4881 3175 4929 est
3201 4884 3431 4941 natura,
3450 4876 3525 4931 ita

1947 4970 2008 5012 ut
2059 4959 2164 5013 hoc
2192 4962 2264 5013 sit
2300 4976 2523 5030 quoque
2552 4970 2764 5016 naturas
2786 4963 3127 5033 compositae,
3159 4965 3359 5021 media:
3382 4968 3526 5022 inter

1944 5052 2116 5106 Deum
2134 5061 2190 5105 et
2210 5051 2514 5106 hominem.
2528 5052 2709 5107 ildem
2730 5053 2934 5124 impius
2954 5055 3374 5125 Apolinariusin
3398 5056 3527 5112 Ser-

1950 5158 2112 5197 mone
2139 5141 2208 5197 de
2246 5142 2626 5197 incarnatione
2653 5143 2981 5210 divinitatis,
2998 5146 3177 5215 capite
3197 5145 3521 5211 tredecimo,

1951 5232 2069 5287 hzec
2121 5232 2323 5287 iterum
2374 5232 2544 5287 dicit:
2576 5232 2756 5287 «Caro
2806 5249 2929 5304 quae
2957 5235 3169 5293 moveri
3202 5236 3524 5294 nullomodo

1949 5333 2137 5395 potest
2162 5323 2269 5379 nisi
2300 5339 2330 5377 a
2359 5332 2614 5379 movente
2640 5333 2946 5395 agenteque
2974 5335 3225 5391 externo,
3243 5329 3524 5398 quomodo

1955 5430 2198 5485 unquam
2228 5415 2364 5470 illud
2384 5429 2507 5470 esse
2526 5416 2747 5487 posset?
2768 5416 2888 5471 Non
2926 5427 3012 5473 est
3034 5432 3065 5472 a
3085 5418 3383 5490 semetipsa
3400 5420 3524 5475 ani-

1946 5508 2054 5561 mal
2095 5507 2422 5577 perl'ectum,
2475 5506 2571 5562 sed
2621 5522 2745 5562 cum
2798 5509 2908 5563 hoc
2956 5509 3263 5579 perfectum
3318 5513 3521 5567 animal

1948 5597 2122 5668 ipsam
2154 5596 2273 5651 ﬁeri
2295 5606 2564 5652 statutum
2587 5598 2804 5664 fuisset,
2844 5614 2902 5655 se
2925 5615 3049 5653 cum
3081 5601 3220 5655 duce
3245 5616 3348 5656 suo
3383 5616 3521 5656 con-

333 5726 413 5795 (ι)
434 5725 1040 5805 _Exin_ex_hac_proiixa
1071 5729 1366 5805 Justiniani
1399 5731 1630 5799 epistola
1671 5733 1889 5788 nonnisi
1924 5734 2038 5790 fere
2100 5733 2339 5788 ineditos
2371 5735 2588 5789 Patrum
2646 5735 2817 5800 locos,
2873 5744 2929 5789 et
2956 5737 3287 5805 praecipuam
3314 5736 3520 5791 doctri-

252 5810 391 5850 nam
413 5795 709 5861 descriosi,
746 5795 979 5870 reliquis
1008 5801 1411 5870 praetermissis.
