4220 6442
742 456 874 517 1123
1871 449 2304 512 JUSTINIANI
2346 448 2872 511 IMPERATORIS
3867 449 4002 514 112i

738 563 914 626 iunxit
951 573 1009 615 ut
1039 560 1224 613 unitas
1252 556 1822 625 fieret.destinataque
1858 555 1960 610 fuit
1989 557 2056 611 ad
2081 572 2308 626 regnum

2421 559 2643 628 ἑαυτῆς,
2669 559 2784 613 ἀλλ’
2815 560 2894 620 εἰς
2927 558 2987 612 τδ
3030 558 3284 623 γενέσθαι
3315 559 3455 624 ζῶον
3491 559 3700 623 ἐντελὲς
3731 565 4001 618 συντεθει-

737 657 996 718 i-ieleste;
1029 662 1319 721 postquam
1360 650 1434 702 illi
1470 646 1792 701 adluesisset
1825 648 1979 716 juxta
2030 646 2317 714 passibili—

737 756 900 799 tatem
944 760 1100 798 suam
1148 750 1550 812 postquamque
1583 738 1638 790 in
1696 753 1755 792 se
1787 739 2088 805 recepisset
2117 737 2319 790 divini-

736 844 901 889 tatem
918 835 1071 903 juxta
1092 848 1243 887 suam
1275 829 1680 898 operationem;
1716 827 1796 882 sic
1821 827 1968 880 enim
1991 841 2055 879 rx
2085 835 2236 879 moto
2255 841 2320 880 ac

735 936 949 981 motore
996 929 1048 980 in
1078 925 1280 978 animal
1319 923 1510 975 vivens
1558 921 1700 974 facta
1745 927 1867 979 est,
1902 931 2005 968 nec
2041 913 2189 975 duo,
2225 919 2318 965 aut

735 1035 803 1071 ex
862 1017 1082 1070 duobus
1149 1013 1414 1082 perfectis
1473 1028 1640 1080 seque
1699 1007 2067 1062 moventibus.
2129 1005 2317 1073 Itaque

738 1109 904 1160 homo
935 1104 1214 1173 quoddam
1251 1102 1401 1156 aliud
1433 1110 1516 1154 est
1554 1099 1758 1152 animal
1794 1095 1937 1165 apud
1980 1096 2172 1158 Deum,
2207 1107 2317 1146 non

733 1197 881 1252 Deus
910 1195 1004 1249 sed
1043 1195 1135 1247 Dei
1171 1209 1386 1254 servus,
1415 1207 1476 1244 ac
1509 1205 1852 1260 quaecunque
1882 1188 1953 1240 sit
1978 1203 2008 1239 e
2034 1187 2174 1240 emlo
2204 1185 2318 1237 vir-

735 1298 843 1351 tus,
874 1287 1043 1340 habet
1076 1286 1316 1354 pariter;
1349 1298 1478 1337 caro
1506 1299 1660 1346 vero,
1693 1281 1834 1335 facta
1874 1279 1971 1333 Dei
2011 1293 2160 1341 caro,
2199 1276 2320 1329 ani-

736 1381 839 1433 mal
883 1389 967 1433 est
1013 1389 1136 1447 post
1171 1377 1263 1429 illa
1334 1376 1386 1428 in
1442 1389 1604 1427 unam
1642 1382 1895 1426 naturam
1930 1369 2253 1438 composita.
2297 1388 2313 1419 ι

739 1473 814 1524 lix
844 1468 1293 1538 verbisejusdem
1339 1465 1639 1534 Apolinarii
1669 1463 1908 1517 lueretiei
1936 1462 2004 1515 de
2036 1461 2277 1515 Diodoro
2305 1477 2319 1513 :

740 1583 757 1612 ι
807 1562 875 1616 Ut
930 1561 1362 1613 instrumentum
1441 1566 1609 1624 atque
1669 1555 1737 1607 ad
1800 1551 2320 1607 communicandum

736 1667 898 1704 unam
954 1649 1129 1703 voluit
1158 1648 1376 1702 eilicere
1411 1646 1812 1716 operationem.
1851 1643 1907 1696 Si
1937 1657 2070 1696 vero
2102 1657 2207 1695 una
2239 1650 2324 1694 est

737 1740 1008 1808 operatio,
1037 1753 1143 1790 una
1179 1747 1265 1789 est
1293 1746 1350 1789 et
1374 1733 1698 1792 substantia,
1728 1746 1833 1783 una
1864 1745 1996 1798 ergo
2013 1728 2321 1781 substantia

735 1831 900 1886 \‘erbi
932 1830 1228 1898 carnisque
1261 1831 1403 1881 facta
1437 1839 1573 1879 est.»
1612 1825 1688 1878 Ex
1707 1823 1953 1894 ejusdem
1975 1822 2041 1875 de
2076 1821 2322 1874 incarna-

735 1923 885 1976 tione
919 1937 1208 1975 sermone:
1239 1938 1255 1968 ι
1283 1917 1326 1972 Ο
1349 1934 1486 1970 nova
1512 1915 1741 1978 creatio,
1774 1914 1960 1966 divina
1989 1911 2319 1975 commistio,

2424 1937 2526 2008 τῆς
2571 1940 2792 2010 σαρκός.
2838 1959 2856 1992 ι
2905 1939 3012 1994 Τοῦ
3070 1943 3236 1996 αὑτοῦ

735 2017 880 2069 Deus
907 2024 963 2069 et
988 2027 1137 2073 caro,
1183 2026 1347 2064 unam
1377 2008 1742 2075 eamdemque
1791 2005 2097 2058 effecerunt
2159 2009 2321 2054 natu-

735 2108 889 2161 ram!
922 2126 939 2156 ι
980 2105 1240 2175 Ejusdem
1287 2103 1354 2156 ad
1410 2103 1632 2155 Petrum
1670 2118 1730 2153 ει
1778 2097 1983 2151 Natura
2006 2097 2177 2150 Deum
2225 2110 2322 2147 na»

736 2203 968 2260 turaque
1029 2192 1306 2245 hominem
1363 2190 1656 2242 Dominum
1723 2185 1979 2247 dicimus,
2019 2199 2125 2238 una
2185 2198 2317 2236 vero

734 2284 1137 2351 commistaque
1174 2291 1370 2336 natura
1419 2277 1626 2333 carnali
1656 2292 1719 2330 ac
1754 2275 1957 2329 divina.

804 2551 907 2618 Qui
943 2559 1127 2604 autem
1181 2547 1373 2601 dicunt
1414 2554 1666 2600 naturam
1701 2543 2090 2613 compositam,
2114 2556 2314 2596 unam-

733 2660 842 2714 que
878 2644 1066 2698 carnis
1097 2657 1162 2694 ac
1196 2638 1419 2694 deitatis
1444 2644 1696 2690 naturam
1732 2638 2073 2705 excogitant,
2130 2648 2160 2686 a
2185 2649 2315 2687 san-

734 2745 824 2788 cto
863 2734 1069 2806 Cvrillo
1092 2730 1392 2792 confutari,
1435 2746 1500 2782 ex
1546 2729 1681 2797 ipsis
1710 2728 1876 2796 hujus
1905 2727 2082 2780 Patris
2132 2723 2316 2778 verbis

735 2828 847 2880 cito
912 2822 1450 2885 demonstrabimus;
1493 2821 1573 2874 sic
1625 2819 1775 2873 enim
1834 2819 1892 2872 in
1926 2817 2193 2871 Sermone
2247 2815 2316 2870 de

735 2915 1303 2970 consuhstantialistis
1343 2913 1620 2980 loquitur:
1675 2909 1790 2964 «Ut
1816 2909 2130 2971 credamus,
2185 2907 2317 2961 licet

735 3018 988 3062 sanetum
1040 3004 1583 3072 mundissimumque
1647 3017 1852 3071 corpus
1917 3002 2040 3072 ejus
2110 3000 2316 3054 nostris

734 3100 1067 3170 corporibus
1094 3098 1272 3151 simile
1307 3104 1505 3150 natura
1540 3103 1707 3158 esset,
1747 3093 2066 3147 venerabile
2135 3101 2316 3147 tamen

734 3207 856 3247 esse
909 3207 975 3244 ac
1022 3189 1296 3251 divinum,
1329 3187 1676 3254 multumque
1732 3199 1900 3253 supra
1948 3170 2052 3236 nos
2080 3182 2314 3236 excelsae

735 3280 1158 3351 magnitudinis,
1196 3293 1320 3347 quae
1357 3277 1534 3346 ipsius
1564 3274 1706 3329 facta
1743 3283 1829 3328 est
1857 3273 2026 3328 etiam
2055 3273 2310 3343 proprie-
2337 3274 2381 3330 C

735 3388 853 3438 tas;
889 3389 987 3442 per
1013 3373 1193 3442 ipsum
1221 3369 1368 3424 enim
1414 3378 1678 3438 operatus
1702 3374 1808 3420 est.
1838 3366 1966 3420 Ideo
2010 3365 2169 3434 panis
2188 3364 2313 3418 vita:

734 3467 1069 3536 appellatum
1105 3471 1211 3526 est,
1261 3461 1330 3514 de
1365 3461 1508 3515 emlo
1532 3473 1756 3528 quoque
1786 3456 2142 3512 descendisse
2173 3455 2316 3510 dici-

737 3570 848 3621 tur,
877 3557 1119 3624 dareque
1161 3555 1328 3608 vitam
1355 3552 1560 3606 mundo
1603 3567 1703 3619 per
1752 3549 1998 3604 Verbum
2026 3547 2174 3618 quod
2215 3547 2318 3602 de-

735 3662 904 3716 super
936 3661 1000 3700 ac
1027 3645 1096 3699 de
1127 3644 1266 3698 caelo
1313 3641 1702 3702 descenderat,
1726 3641 1887 3710 cujus
1915 3655 2138 3710 quoque
2190 3653 2321 3708 pro-

736 3739 854 3807 pt‘ia
888 3753 1018 3791 caro
1053 3735 1257 3790 factum
1275 3744 1380 3789 est.
1409 3733 1604 3788 Divina
1625 3740 1709 3786 est
1737 3732 1928 3800 igitur,
1963 3741 2128 3800 prout
2159 3729 2314 3792 dicit,

736 3847 868 3882 caro
897 3831 1053 3898 ejus;
1074 3844 1182 3880 non
1210 3827 1284 3880 ita
1310 3834 1495 3878 tamen
1520 3834 1581 3877 ut
1615 3825 1787 3893 ipsam
1814 3823 1866 3876 in
1894 3831 2148 3875 naturam
2171 3821 2317 3875 divi-

736 3923 930 3974 nitatis
949 3921 1233 3974 transiisse
1251 3919 1513 3989 conjiciat
1528 3917 1784 3986 quisquis
1813 3914 2095 3983 ingenium
2121 3914 2321 3967 habeat

740 4015 958 4064 tit-mutu
986 4011 1341 4078 peritumque
1363 4005 1696 4076 dogmaticze
1718 4003 1966 4058 scientia)
1986 4019 1999 4065 ;
2023 4002 2154 4055 huic
2169 4002 2316 4055 enim

735 4117 858 4170 qua:
912 4116 1081 4169 supra
1117 4099 1306 4152 omnia
1347 4104 1433 4150 est
1470 4111 1533 4150 ac
1560 4095 1776 4150 emlesti
1803 4103 2037 4157 natura,
2087 4093 2319 4146 omnino

738 4192 999 4246 salvanda
1055 4199 1140 4245 est
1199 4188 1526 4258 simplicitas
1557 4201 1914 4256 nequecum
1961 4185 2136 4239 altero
2170 4199 2318 4238 com-

738 4283 945 4346 mistio,
984 4297 1086 4335 nec
1121 4279 1430 4350 putandum
1479 4287 1564 4332 est
1601 4293 1724 4331 eam
1778 4276 2144 4344 compositam
2198 4290 2320 4330 esse

739 4374 826 4427 his
846 4389 969 4443 quae
993 4373 1099 4426 sibi
1124 4373 1381 4428 aderant.
1407 4379 1503 4423 aut
1519 4369 1707 4438 aliquo
1726 4368 2111 4422 additamenta
2131 4367 2319 4437 eguis-

738 4482 821 4528 se,
851 4464 1144 4534 requeipsi
1164 4461 1538 4525 dissimili,ita
1570 4469 1631 4513 ut
1663 4459 1718 4512 in
1743 4460 2091 4514 identitatem
2111 4471 2322 4513 natura:

739 4556 858 4608 sive
906 4551 1548 4608 eonsubstantialitatem
1591 4549 1976 4603 descenderet.
2011 4567 2028 4599 ι
2069 4549 2174 4602 Per
2206 4549 2323 4602 haec

738 4655 929 4716 aperte
992 4645 1256 4714 prohibet
1281 4644 1442 4697 Pater
1477 4657 1547 4696 ne
1597 4656 1707 4694 una
1744 4640 1966 4694 dicatur
1989 4639 2199 4695 Christi
2226 4655 2324 4694 na-

741 4747 862 4790 tura
893 4736 962 4789 de
1017 4735 1311 4790 divinitate
1350 4733 1531 4802 deque
1592 4731 1939 4785 humanitate
1989 4730 2319 4799 composita,

738 4845 862 4884 cmn
893 4844 1002 4882 non
1033 4825 1314 4896 acceperit
1341 4834 1596 4878 naturam
1623 4821 1871 4875 divinam
1901 4821 2158 4875 humanm
2184 4836 2321 4874 con-

733 4920 1005 4989 junctam,
1034 4925 1095 4970 ut
1129 4931 1257 4970 cum
1289 4915 1382 4969 illa
1405 4928 1572 4967 unam
1598 4920 1854 4966 naturam
1877 4910 2141 4965 elliceret.

811 5009 1060 5062 Stultitia
1095 5007 1264 5076 igitur
1294 5003 1742 5058 adversariorum
1762 5001 2068 5067 confutata,
2097 4999 2325 5056 evidens

741 5105 991 5152 remanet
1025 5096 1164 5149 duas
1200 5103 1427 5148 naturas
1455 5091 1872 5150 convenientes,
1908 5104 2020 5143 non
2065 5097 2323 5142 naturam

739 5188 1104 5258 compositam
1153 5185 1246 5239 sed
1303 5183 1585 5238 Christum
1629 5181 1996 5250 compositum
2049 5179 2323 5242 effecisse,

741 5280 1018 5350 siquidem
1043 5287 1240 5350 natura
1271 5277 1420 5332 Deus
1446 5283 1550 5335 est,
1586 5283 1896 5342 naturaque
1932 5271 2100 5324 homo
2128 5286 2328 5340 quam-

741 5371 828 5425 vis
855 5369 1000 5423 i'dem
1028 5367 1268 5421 dicatur.
1312 5364 1419 5418 Sed
1454 5362 1708 5416 veritatis
1738 5362 1928 5414 hostes
1957 5368 2246 5413 versantes
2269 5359 2328 5412 in

742 5463 870 5517 aliis
897 5458 1176 5521 stultitiis,
1207 5456 1478 5510 doctrinis
1511 5457 1738 5509 Patrum
1771 5452 2003 5521 obsequi
2048 5451 2323 5513 nolentes,

741 5556 839 5610 sed
886 5552 1191 5624 Apolinarii
1243 5563 1530 5621 praecones
1571 5547 1742 5609 facti,
1786 5545 1993 5599 nullam
2024 5559 2135 5597 non
2178 5543 2324 5596 viam

743 5648 972 5701 insaniae
1029 5653 1242 5700 tentant
1301 5657 1410 5712 qua
1472 5638 1852 5694 innocentium
1914 5637 2128 5691 animas
2201 5649 2328 5689 cor-

743 5747 1043 5807 rumpant;
1086 5733 1388 5806 Apolinarii
1437 5733 1585 5787 enim
1617 5747 1840 5795 nomen,
1867 5738 1928 5784 ut
1970 5729 2199 5785 evidens
2238 5742 2331 5781 ar-

743 5839 1067 5901 gumentum
1105 5826 1428 5898 impietatis,
1461 5824 1652 5878 dolose
1699 5833 2073 5886 removentes,
2103 5831 2330 5876 sancto-

746 5940 864 5977 rum
894 5924 1114 5976 Patrum
1155 5920 1377 5974 nomina
1416 5917 1469 5969 in
1503 5914 1664 5969 libris
1694 5917 1815 5987 ejus
1871 5923 2034 5984 atque
2071 5914 2125 5967 in
2171 5910 2330 5964 adin-

2421 653 2562 723 μένη
2613 657 2752 724 πρὸς
2802 655 3030 726 ἑνότητα
3082 656 3160 727 τῷ
3204 659 3520 730 ἡγεμονικῷ
3577 660 3868 732 συνῆλθεν,
3915 665 4006 717 καὶ

2422 747 2686 816 συνετέθη
2711 747 2848 818 πρὸς
2868 748 2930 800 τὸ
2946 749 3200 818 οὐράνιον
3226 751 3577 822 ἡγεμονικὸν,
3603 755 4009 820 ἐξοικειωθεῖσα

2418 835 2570 906 αὐτῷ
2613 837 2752 889 κατὰ
2799 837 2863 889 τὸ
2908 837 3209 909 παθητικὸν
3248 841 3474 910 ἑαυτῆς,
3521 845 3617 896 καὶ
3665 845 3908 900 λαϐοῦσα
3951 849 4012 900 τὸ

2421 925 2562 980 θεῖον
2603 928 2884 981 οίκειωθὲν
2929 933 3068 1003 αὐτῇ
3116 933 3257 986 κατὰ
3317 934 3376 986 τὸ
3417 938 3819 1006 ἐνεργητικόν·
3865 941 4012 992 οῦτω

2420 1018 2530 1088 γάρ
2560 1018 2618 1070 ἓν
2652 1017 2787 1080 ζῶον
2822 1020 2884 1072 ἐκ
2915 1021 3235 1091 κινουμένου
3261 1023 3351 1076 καὶ
3384 1026 3662 1094 κινητικοῦ
3696 1029 4006 1093 συνίστατο,

2422 1110 2517 1160 καὶ
2542 1110 2602 1162 οὑ
2628 1109 2721 1162 δύο
2743 1149 2759 1174 ,
2801 1111 2834 1182 ἢ
2867 1114 2931 1165 ὲκ
2957 1113 3049 1166 δύο
3073 1112 3295 1168 τελείων
3325 1117 3419 1170 καὶ
3449 1119 3844 1190 αὺτοκινὴτων.
3889 1122 4008 1175 Διό-

2421 1215 2530 1270 περ
2577 1200 2860 1271 ἄνθρωπος
2913 1203 3012 1272 μὲν
3050 1204 3236 1275 ἕτερόν
3283 1225 3333 1259 τι
3373 1207 3512 1270 ζῶον
3543 1210 3680 1278 πρὸς
3723 1211 3883 1276 Θεὸν,
3916 1215 4011 1266 καὶ

2421 1291 2483 1344 οὐ
2510 1292 2664 1358 Θεὸς,
2690 1293 2824 1348 ἀλλά
2854 1295 3042 1360 δοῦλος
3073 1298 3231 1363 Θεοῦ,
3261 1299 3364 1353 κᾶν
3389 1302 3708 1377 οὐρανίωνῇ
3736 1323 3820 1370 τις
3846 1306 4010 1360 δύνα-

2426 1403 2557 1455 μις,
2587 1385 2849 1451 ὡσαύτως
2875 1387 2986 1458 ἔχει
3013 1407 3025 1419 ·
3063 1391 3199 1460 σὰρξ
3237 1392 3316 1458 δὲ,
3349 1394 3485 1447 Θεοῦ
3518 1395 3654 1466 σὰρξ
3707 1399 4004 1469 γενομένη,

2423 1477 2561 1540 ζῶόν
2584 1480 2700 1532 ἐστι
2729 1480 2866 1548 μετά
2890 1479 3064 1536 ταῦτα
3086 1484 3400 1537 συντεθεῖσα
3424 1489 3503 1549 είς
3530 1489 3659 1554 μίαν
3681 1490 3867 1559 φύσιν.
3901 1492 4006 1546 Τοῦ

2423 1569 2586 1622 αὐτοῦ
2627 1570 3000 1642 Ἀπολιναρίου
3027 1574 3306 1645 αἱρετικοῦ
3333 1579 3397 1630 ὲκ
3426 1579 3534 1634 τῶν
3561 1581 3706 1633 κατά
3733 1584 4008 1652 Διοδώρου

2422 1661 2626 1729 λόγων·
2687 1680 2705 1711 ι
2749 1665 3016 1734 Ὅργανον
3059 1667 3152 1718 καὶ
3195 1666 3260 1719 τὸ
3316 1669 3529 1723 κοινοῦν
3577 1671 3708 1742 μίαν
3763 1675 4011 1741 πέφυκεν

2423 1753 2709 1806 ἀποτελεῖν
2752 1755 2850 1826 τὴν
2896 1756 3212 1827 ινέργειαν·
3243 1759 3293 1810 ει
3325 1758 3380 1812 δὲ
3409 1761 3507 1830 μία
3539 1762 3571 1832 ἡ
3603 1762 3880 1832 ἐνέργειαι
3914 1766 4012 1834 μία

2424 1846 2581 1916 καὶὴ
2627 1848 2806 1910 οὐσία,
2841 1847 2938 1918 μία
2963 1849 3071 1920 ἄρα
3096 1849 3254 1904 οὐσία
3295 1851 3518 1920 γέγονεν
3562 1855 3658 1908 τοῦ
3695 1856 3876 1922 Λόγου
3917 1859 4014 1911 καὶ

3281 1947 3340 1998 ὲν
3382 1944 3458 2015 τῷ
3501 1948 3629 2018 περὶ
3675 1948 4014 2019 σαρκώσεως

2422 2028 2563 2101 λόγῳ
2589 2049 2602 2062 ·
2644 2051 2663 2083 ι
2703 2028 2774 2086 Ὦ
2797 2034 2960 2102 καινὴ
2987 2035 3186 2100 κτίσις,
3221 2037 3366 2108 μίξις
3399 2038 3663 2094 θεσπεσία
3690 2081 3707 2104 ,
3737 2042 3874 2105 Θεὸς
3921 2044 4016 2094 καὶ

2422 2122 2580 2192 σὰρξ,
2613 2125 2742 2193 μίαν
2770 2126 2864 2178 καὶ¹
2900 2125 2997 2198 τὴν
3022 2127 3194 2197 αὐτὴν
3235 2130 3569 2185 ἀπετέλεσαν
3607 2132 3802 2201 φύσινῐ
3849 2152 3870 2186 ι
3906 2134 4013 2186 Τοῦ

2418 2217 2586 2271 αὑτοῦ
2618 2219 2754 2289 πρὸς
2781 2219 3012 2291 Πέτρονο
3045 2241 3064 2273 ι
3094 2224 3258 2276 Φύσει
3292 2226 3390 2295 μὲν
3419 2226 3550 2280 Θεὸν
3583 2228 3676 2280 καί¹
3709 2227 3877 2296 φύσει
3923 2231 4018 2283 ἀν-

2419 2306 2637 2376 θρωπον
2663 2312 2752 2362 τὸν
2785 2312 2986 2382 Κύριον
3007 2314 3259 2385 λέγομεν,
3287 2320 3387 2389 μιᾷ
3406 2319 3461 2372 δὲ
3495 2321 3588 2374 καὶ
3621 2322 3922 2392 συγκράτῳ
3948 2325 4012 2391 τῇ

2419 2400 2580 2469 φύσει
2618 2407 2854 2474 σαρκικῇ
2885 2421 2942 2458 τε
2975 2407 3071 2460 καὶ
3105 2407 3287 2481 θεῖκῇ.
3331 2429 3351 2460 ι

2489 2494 2570 2566 [Ρ.
2610 2496 2765 2570 224.]
2798 2500 2922 2552 Ὀτι
2961 2501 3016 2555 δὲ
3043 2503 3171 2566 τοὺς
3217 2505 3474 2572 λέγοντας
3523 2507 3783 2563 σύνθετον
3827 2511 4013 2580 φύσιν,

2417 2588 2512 2640 καὶ
2545 2589 2674 2656 μίαν
2699 2592 2901 2661 σαρκὸς
2931 2595 3024 2646 καὶ
3054 2595 3307 2668 θεότητος
3334 2598 3496 2667 φύσιν
3539 2603 4015 2672 ἀναπλάττοντας,

2416 2682 2444 2732 ὁ
2476 2682 2534 2732 ἐν
2561 2682 2738 2748 ἁγίοις
2761 2684 3029 2756 Κύριλλος
3054 2688 3445 2757 ἀποϐάλλεται,
3471 2693 3531 2760 ἐξ
3561 2696 3742 2750 αὐτῶν
3775 2699 3890 2753 τῶν
3917 2701 4014 2755 τοῦ

2416 2774 2631 2845 Πατρὸς
2671 2776 2841 2846 λόγων
2879 2779 3040 2844 εὐθὺς
3067 2784 3423 2856 ἀποδείξομεν
3451 2805 3466 2820 ο
3498 2789 3647 2858 λέγει
3692 2791 3805 2862 γὰρ
3839 2796 3903 2846 ὲν
3931 2796 4011 2862 τῷ

2415 2864 2557 2918 κατὰ
2579 2865 2689 2918 τῶν
2707 2868 3115 2926 Συνουσιαστῶν
3144 2874 3288 2946 λόγῳ
3308 2877 3502 2933 ταῦτα·
3533 2899 3553 2932 ι
3589 2881 3710 2935 Ἵνα
3733 2849 4017 2938 πιστεύω-

2419 2971 2518 3025 μεν
2555 2955 2636 3008 ὃτι
2671 2956 2772 3009 κᾶν
2809 2961 2858 3012 εἰ
2899 2963 3012 3024 τοῖς
3047 2965 3338 3036 ἡμετέροις
3371 2968 3623 3039 σώμασιν
3652 2972 3912 3041 ὁμοφυὲς
3949 2970 4015 3045 ἦν

2413 3045 2476 3096 τὸ
2513 3045 2668 3113 ἅγιον
2712 3048 2880 3102 αὑτοῦ
2924 3053 3021 3104 καὶ
3053 3053 3330 3122 πάναγνον
3367 3057 3546 3127 σῶμα,
3600 3059 3703 3112 ἀλλ
3753 3057 3851 3115 οῦν
3896 3065 4014 3117 ἐστι

2416 3137 2614 3191 σεπτόν
2641 3155 2701 3191 τε
2743 3140 2840 3192 καὶ
2874 3141 3037 3208 θεῖον,
3074 3144 3171 3197 καὶ
3209 3145 3348 3199 πολὺ
3385 3147 3496 3200 τῶν
3535 3149 3658 3202 καθ’
3703 3152 3858 3220 ἡμᾶς
3917 3155 4013 3207 έπ-

2415 3228 2596 3283 ἐκεινα
2629 3231 2866 3303 μέτρων,
2881 3233 2976 3287 ἀτε
3002 3234 3067 3305 δὴ
3093 3236 3187 3288 καὶ
3221 3236 3351 3291 ῐδιον
3377 3239 3543 3293 αὐτοῦ
3566 3242 3813 3310 γεγονός·
3849 3245 4015 3317 ἑνήρ-

2420 3338 2591 3392 γηχεν
2618 3325 2727 3395 γὰρ
2754 3326 2821 3378 δι’
2849 3326 3038 3381 αὑτοῦ.
3065 3328 3166 3382 Διά
3202 3330 3360 3383 τοῦτο
3389 3333 3483 3385 καὶ
3510 3334 3677 3405 ἄρτος
3709 3336 4014 3408 ὠνομάσθη

2420 3415 2567 3484 ζωῆς
2588 3431 2603 3445 ·
2660 3419 2748 3471 ναὶ
2783 3418 2890 3489 μὴν
2933 3421 3029 3474 καὶ
3065 3420 3124 3486 ἐξ
3157 3423 3389 3495 οὐρανοῦ
3428 3431 3735 3500 καταϐῆναι
3763 3432 4010 3502 λέγεται,

2420 3507 2513 3560 καὶ
2551 3505 2697 3577 ζωὴν
2739 3509 2942 3564 διδόναι
2977 3512 3056 3582 τῷ
3087 3515 3281 3587 κόσμῳ
3308 3517 3398 3570 διὰ
3436 3520 3530 3573 τὸν
3570 3521 3781 3575 ἄνωθεν
3826 3527 3925 3580 καὶ
3957 3526 4014 3589 ἐξ

2419 3600 2651 3669 οὐρανοῦ
2705 3603 3018 3658 καταϐάντα
3063 3607 3260 3676 Λόγον,
3314 3604 3377 3664 οῦ
3429 3613 3525 3665 καὶ
3569 3613 3674 3666 ἰδία
3722 3616 3952 3684 γέγονεν
3976 3623 4009 3672 ἢ

2423 3690 2560 3762 σάρξ
2585 3709 2598 3721 ⁸
2621 3693 2816 3748 οὐκοῦν
2859 3697 2980 3749 θεία
3021 3698 3140 3766 μὲν,
3175 3701 3251 3764 ὡς
3281 3701 3441 3772 ἔφην,
3475 3706 3652 3758 ἐστίν·
3695 3708 3757 3761 οὐ
3797 3709 3905 3780 μὴν
3933 3710 4017 3762 ἔτι

2421 3785 2514 3836 καὶ
2538 3788 2616 3849 εἰς
2655 3788 2816 3854 φύσιν
2837 3789 3092 3857 Θεότητος
3122 3794 3449 3861 μεταϐαλεῖν
3475 3798 3648 3867 αὐτὴν
3675 3801 4018 3870 ὑποτοπήσοι

2420 3877 2624 3974 τις-ἀν,
2669 3879 2724 3974 εί
2742 3897 2806 3945 γε
2833 3881 2968 3974 ’νοῦν
2997 3882 3111 3952 ἔχει
3152 3885 3247 3939 τδν
3283 3883 3343 3940 εὖ
3383 3888 3657 3959 βεϐηκότα
3680 3892 3776 3946 καὶ
3804 3893 4016 3962 δογμα-

2421 3965 2580 4032 τικῆς
2631 3965 2912 4037 εὐτεχνίας
2951 3972 3314 4044 ἐπιστήμονα.
3376 3980 3469 4030 Δεῖ
3520 3980 3631 4050 γὰρ
3675 3983 3743 4050 τῇ
3795 3984 4019 4036 πάντων

2422 4051 2682 4106 ἐπέκεινα
2722 4055 2819 4108 καὶ
2861 4057 3128 4131 ἀνωτάτῳ
3161 4061 3322 4131 φύσει
3351 4065 3621 4130 σώζεσθαι
3673 4069 3931 4141 καθαρῶς
3953 4071 4019 4124 τὸ

2422 4141 2628 4195 ἁπλοῦν
2674 4147 2768 4199 καὶ⁵
2801 4148 3114 4218 ἀσυμμιγὲς
3159 4153 3235 4222 τῷ
3271 4155 3463 4225 ἑτέρῳ.
3494 4159 3587 4212 καὶ
3624 4160 3687 4211 τὺ
3719 4159 3796 4230 μὴ
3828 4177 4017 4214 συντε-

2423 4233 2632 4290 θεῖσθαι
2654 4239 2832 4292 δοκεῖν
2863 4242 2920 4295 έν
2953 4260 3016 4311 γε
3043 4248 3154 4308 τοῖς
3185 4247 3308 4300 καθ’
3336 4250 3536 4320 ἑαυτὴν
3562 4253 3732 4322 ήγουν
3757 4254 4010 4325 προσθή-

2423 4345 2525 4398 κης
2548 4328 2831 4399 δεδεῆσθαι
2852 4351 2994 4397 τινος
3027 4338 3123 4390 καὶ
3149 4339 3470 4410 ἀσυμφυοῦς
3497 4345 3633 4412 αὐτῇ
3661 4346 4014 4414 πράγματκ.

2424 4421 2505 4482 είς
2535 4422 2822 4476 κοινωνίαν
2851 4425 3029 4478 ἐλθεῖν
3060 4428 3160 4496 τῆς
3185 4431 3244 4481 ὲν
3271 4434 3561 4500 ταυτότητι
3593 4434 3811 4502 φύσεως
3845 4438 4017 4507 ἦγουν

2422 4514 2858 4585 ὁμοουσιότητος.
2890 4535 2908 4567 ι
2945 4517 3046 4570 Διά
3073 4518 3280 4572 τούτων
3305 4521 3362 4573 δὲ
3390 4525 3418 4575 ό
3451 4524 3638 4595 Πατὴρ
3685 4527 3876 4593 σαφῶς
3906 4529 4016 4579 ἀπ-

2356 4609 2399 4665 ι)
2427 4603 2701 4673 ἀγορεύει,
2740 4606 2868 4674 μίαν
2903 4606 3079 4675 λέγειν
3100 4611 3190 4663 ἐπὶ
3222 4611 3325 4680 τῆς
3358 4612 3610 4684 θεότητος
3642 4616 3740 4669 καὶ
3790 4618 3890 4687 τῆς
3915 4619 4016 4670 ἀν-

2425 4694 2779 4768 θρωπότητος
2806 4699 2900 4752 τοῦ
2926 4702 3162 4771 Χριστοῦ
3193 4703 3447 4757 σύνθετον
3481 4706 3642 4774 φύσιν
3660 4746 3674 4767 .
3700 4708 3780 4771 ὡς
3812 4710 3888 4779 μὴ
3916 4712 4017 4763 ὲκ-

2424 4785 2715 4855 δεχομένου
2741 4791 2841 4858 τὴν
2865 4792 3016 4846 θείαν
3040 4793 3202 4862 φύσιν
3228 4797 3522 4851 ἐνωθεῖσαν
3555 4803 3620 4867 τῇ
3648 4801 3969 4872 ἀνθρωπίνῃ
3997 4842 4013 4865 ,

2429 4877 2559 4946 μίαν
2585 4883 2703 4949 μετ’
2740 4884 2910 4952 αὐτῆς
2944 4887 3271 4940 ἀποτελέσαι
3306 4889 3488 4957 φύσιν.

2498 4972 2611 5039 Τῆς
2661 4973 2773 5026 τῶν
2831 4977 3089 5029 ἐναντίων
3138 4979 3318 5030 τοίνυν
3341 4979 3572 5042 ἀτοπίας
3613 4979 4014 5052 ὲληλεγμένης,

2425 5061 2585 5132 δῆλον
2612 5064 2951 5135 καθέστηκεν
2985 5070 3067 5121 ὅτι
3100 5073 3153 5122 αἱ
3182 5071 3278 5123 δύο
3304 5071 3495 5139 φύσεις
3526 5072 3918 5136 συνελθοῦσαι,
3951 5075 4017 5128 οὐ

2427 5155 2592 5222 φύσιν
2624 5157 2876 5215 σύνθετον
2919 5162 3053 5215 ἀλλὰ
3080 5164 3316 5234 Χριστὸν
3354 5164 3607 5217 σύνθετον
3653 5165 4016 5225 ἀπετέλεσαν,

2428 5256 2616 5326 ἐπειδὴ
2653 5258 2748 5310 καὶ¹
2771 5257 2932 5325 φύσει
2958 5258 3114 5319 Θεὸς,
3149 5259 3243 5310 καὶ
3268 5257 3429 5326 φύσει
3457 5257 3765 5327 ἄνθρωπος·
3793 5260 3845 5310 εἰ
3871 5259 3969 5310 καὶ
3990 5260 4020 5310 ὁ

2429 5355 2591 5418 αὐτὸς
2638 5354 3004 5424 ὁμολογεῖται.
3063 5351 3206 5405 Ἀλλ’
3253 5352 3300 5403 οί
3354 5350 3456 5419 τῆς
3508 5348 3768 5418 ἀληθείας
3831 5349 4022 5418 ἐχθροὶ

2431 5447 2566 5516 πρὸς
2587 5450 2706 5510 ταῖς
2729 5446 2916 5509 ἄλλαις
2942 5445 3121 5498 abtth
3153 5444 3428 5504 ἀτοπίαις,
3463 5441 3536 5511 μὴ
3567 5439 3884 5510 βουλόμενοι
3908 5442 4023 5502 τοῖς

2430 5541 2540 5592 τῶν
2596 5539 2856 5610 Πατέρων
2896 5537 3212 5591 ἀκολουθεῖν
3241 5535 3508 5604 δόγμασιν
3534 5574 3548 5594 ,
3589 5531 3729 5584 ἀλλά
3754 5532 3822 5583 τὰ
3861 5532 4024 5582 Ἀπο-

2433 5630 2677 5701 λιναρίου
2711 5629 3130 5700 πρεσϐεύοντες,
3157 5627 3416 5698 οὐδεμίαν
3447 5625 3566 5677 ὁδὸν
3594 5624 3829 5685 ἀτοπίας
3853 5638 4024 5674 κατα-

2433 5723 2796 5792 λιμπάνουσιν
2830 5723 2896 5776 δι’
2921 5716 2990 5792 ἦς
3015 5721 3115 5784 τὰς
3145 5719 3252 5772 τῶν
3273 5716 3678 5788 ἅκεραιοτέρων
3702 5713 3882 5783 ψυχὰς
3905 5712 4024 5765 δια-

2435 5817 2720 5886 φθείρουσι
2746 5832 2760 5846 ’
2798 5815 2898 5885 τὴν
2941 5814 3050 5882 γὰρ
3089 5809 3464 5878 Ἀπολιναρίου
3511 5804 3908 5875 προσηγορίαν,
3942 5803 4023 5863 ὡς

2440 5911 2580 5975 σιςιῆ
2609 5903 2928 5966 δυσσεϐείας
2962 5904 3182 5971 ἔλεγχον
3213 5899 3449 5969 δολερῶς
3480 5895 3895 5963 ἀπωθούμενοι,
3923 5910 4026 5955 τας
