4220 6442
210 407 352 473 1125

1129 394 1569 458 TRACTATUS
1606 392 1900 457 CONTRA
1938 390 2538 453 MONOPIIYSITAS.

3322 396 3460 462 1126

188 515 306 572 τῶν
326 512 501 583 ἁγίων
526 512 789 582 Πατέρων
808 507 1126 578 ιπωνυμίας
1150 511 1263 572 τοῖς
1283 508 1474 562 τούτου
1499 504 1782 575 συγγράμ-

1889 500 2246 554 vent'onibus
2273 499 2742 563 ευίςίληηειίιηιιιι,
2776 499 3121 571 simpliciora
3151 502 3459 562 reticentes

180 625 353 680 μασι,
375 607 601 667 καὶτοῖς
614 602 824 657 ἑαυτῶν
845 603 1158 671 πλάσμασιν
1176 599 1502 661 ἐπιτιθέασι,
1528 598 1778 650 κλέπτον-

186 717 287 763 τες
324 698 457 763 τοὺς
507 696 934 767 ἁπλουστέρους,
967 696 1065 747 καὶ
1100 693 1198 763 τὴν
1223 693 1343 746 ὁδὸν
1382 691 1485 760 τῆς
1520 688 1776 757 ἀληθείας

188 788 679 859 διαδιδράσκοντες.
699 774 1038 856 Προφέρουσι
1061 784 1171 853 γὰρ
1189 781 1280 834 δύο
1307 778 1594 839 ἐπιστολὰς
1621 778 1780 846 ψευδ-

191 881 559 949 επιγράφους,
597 875 723 946 μίαν
763 875 863 946 μὲν
895 875 1047 946 παρὰ
1077 871 1299 927 Ἰουλίου
1342 868 1438 924 τοῦ
1476 870 1777 923 ἐπισκόπου

202 971 428 1041 Ῥώμης
462 970 545 1042 β)
588 970 725 1039 πρὸς
755 968 1030 1021 Διονύσιον
1058 962 1429 1035 πρεσὸύτερον
1457 956 1779 1033 γεγραμμέ-

191 1078 296 1131 νην
328 1061 558 1131 ἔχουσαν
595 1059 771 1121 οὕτως
794 1074 809 1089 ο
842 1064 922 1129 (ut
968 1059 1022 1110 in
1070 1055 1296 1109 editione
1323 1054 1626 1117 Μαι-σκοτίη
1658 1052 1777 1105 tti-

195 1163 303 1217 ραν
350 1147 407 1200 δὲ
440 1147 517 1208 ὡς
546 1148 613 1216 δὴ
640 1145 793 1216 παρὰ
846 1143 1171 1198 Ἀθανασίου
1200 1141 1297 1195 τοῦ
1331 1145 1389 1195 ὲν
1429 1143 1604 1211 ἁγίοις
1639 1140 1779 1212 πρὸς

203 1235 467 1290 Ἰοϐιανδν
495 1236 587 1288 τὸν
618 1235 843 1301 βασιλέα
889 1233 1288 1303 γεγραμμένην
1317 1232 1547 1303 ἔχουσαν
1580 1231 1774 1294 οὓτως*

196 1348 217 1379 ι
268 1326 564 1396 ὐμολογοῦ
574 1344 672 1397 μεν
715 1326 810 1378 τὸν
838 1324 967 1377 Υἱὸν
1006 1324 1099 1379 τοῦ
1133 1324 1268 1378 Θεοῦ
1308 1324 1401 1377 τὸν
1430 1323 1536 1385 πρὸ
1567 1321 1778 1377 αἰώνων

189 1412 385 1475 ἀῖδίως
414 1414 480 1465 ὲκ
507 1412 599 1464 τοῦ
641 1411 853 1483 [ἰατρὸς
893 1410 1248 1481 γεννηθέντα,
1296 1411 1383 1463 ἐπ’
1415 1411 1641 1480 ἐσχάτου
1669 1412 1778 1464 τῶν

188 1505 410 1557 αἰώνων
444 1506 531 1558 διὰ
571 1504 670 1573 τὴν
715 1505 994 1575 ἡμετέραν
1028 1504 1297 1573 σωτηρίαν
1349 1506 1412 1556 ὲκ
1440 1504 1655 1574 Μαρίας
1681 1505 1780 1574 τῆς

189 1596 362 1662 ἁγίας
402 1596 680 1667 Παρθένου
711 1597 1045 1664 γεννηθέντα
1092 1596 1234 1649 κατὰ
1266 1596 1464 1667 σάρκα,
1488 1594 1562 1657 ὼς
1584 1598 1613 1647 ὁ
1638 1593 1779 1656 οεῖος

203 1687 529 1750 Ἀπόστολος
553 1687 792 1741 διδάσκει
815 1685 1012 1754 λέγων,
1046 1687 1183 1740 ὐτε
1216 1686 1284 1739 δὲ
1330 1684 1481 1757 ἦλθε
1510 1686 1577 1740 τὸ
1620 1685 1778 1752 πλή-

180 1795 358 1847 ρωμα
386 1779 490 1833 τοῦ
519 1779 764 1846 χρόνου,
796 1777 1225 1841 ἐξαπέστειλεν
1261 1783 1294 1833 ό
1334 1779 1477 1843 Θεὸς
1500 1777 1608 1830 τὸν
1644 1777 1780 1831 Υἱύν

1884 594 2136 660 \iamque
2190 590 2442 644 veritatis
2512 588 2948 658 intercipientes.
3002 592 3117 645 lino
3172 591 3462 663 proferunt

1882 683 2019 736 duas
2045 682 2165 736 falsi
2197 681 2439 736 nominis
2492 680 2779 750 epistolas,
2810 696 2975 755 unam
3021 697 3050 735 a
3095 682 3243 737 Julio
3271 683 3459 739 Romae

1878 776 2140 844 episcopo
2171 775 2237 828 ad
2274 775 2595 845 Dionysium
2624 773 3008 844 presbyterum
3050 772 3314 843 scriptam
3341 775 3460 830 haec

1878 865 2319 920 continentem...
2352 867 2528 920 Aliam
2575 874 2761 919 autem
2788 866 2859 917 ab
2907 863 3216 919 Athanasio
3266 875 3459 920 sancto

1878 956 1946 1009 ad
1968 954 2258 1010 Iovianum
2297 956 2685 1024 imperatorem
2718 955 3002 1025 scriptam,
3032 954 3111 1009 sic
3138 953 3458 1010 habentem:

1886 1066 1904 1099 ι
1926 1046 2266 1103 Contitcmur
2299 1046 2497 1101 Filium
2531 1047 2623 1101 Dei
2661 1055 2790 1101 ante
2824 1047 3022 1102 saecula
3063 1046 3134 1101 ab
3158 1054 3367 1102 aeterno
3392 1063 3460 1103 ex

1884 1140 2047 1196 Patre
2077 1141 2353 1211 genitum,
2415 1139 2467 1192 in
2508 1138 2812 1192 novissimo
2843 1141 3175 1194 saeculorum
3228 1145 3462 1209 propter

1878 1243 2123 1287 nostram
2152 1233 2385 1287 salutem
2416 1247 2481 1285 ex
2509 1231 2678 1284 Maria
2707 1240 2896 1284 sancta
2943 1231 3168 1300 Virgine
3206 1230 3459 1299 genitum

1879 1324 2184 1378 secundum
2205 1338 2449 1385 carnem,
2475 1323 2629 1392 juxta
2661 1321 2808 1391 quod
2846 1321 3012 1376 docet
3038 1322 3200 1375 divus
3220 1320 3460 1390 Aposto-

1878 1416 1967 1469 lus
1987 1414 2180 1468 dicens
2200 1434 2211 1465 :
2231 1414 2364 1466 Cum
2388 1415 2526 1466 venit
2551 1413 2822 1482 plenitudo
2848 1414 3122 1482 tenaporis,
3153 1412 3294 1467 misit
3322 1410 3461 1465 Dm

1878 1504 2078 1559 Filium
2093 1520 2252 1557 suum
2278 1504 2481 1572 factum
2502 1519 2567 1556 ex
2592 1502 2817 1556 muliere
2835 1512 2883 1555 ιι.
2910 1501 3255 1557 Conﬁtentur
3287 1502 3459 1558 etiam

1878 1597 2059 1665 ipsum
2088 1610 2210 1649 esse
2246 1594 2444 1648 Filium
2480 1594 2598 1657 Dei,
2628 1594 2801 1648 Deum
2832 1592 3141 1647 secundum
3167 1592 3457 1662 Spiritum,

1884 1689 2086 1744 Filium
2114 1688 2360 1742 hominis
2382 1687 2691 1742 secundum
2721 1701 2969 1749 carnem,
2992 1700 3104 1741 non
3135 1683 3274 1738 duas
3303 1690 3460 1737 natu-

1881 1795 1972 1834 ras
1993 1795 2116 1835 esse
2131 1781 2356 1833 unicum
2394 1779 2620 1843 Filium,
2650 1793 2818 1832 unam
2842 1777 3176 1831 adorandam
3195 1776 3458 1831 alteram-

186 1846 382 1926 αὐτοῦ
415 1872 741 1938 γενόμενον·
761 1870 832 1924 ἐκ
864 1871 1172 1941 γυναικός.
1205 1871 1313 1923 Καὶ
1336 1869 1497 1922 αὐτὸν
1530 1869 1656 1922 Υίὸν
1677 1869 1773 1923 τοῦ

1883 1888 1992 1943 que
2018 1888 2133 1927 non
2168 1870 2531 1933 adorandam,
2557 1868 2655 1925 sed
2689 1883 2855 1923 unam
2884 1877 3137 1922 naturam
3161 1866 3258 1921 Dei
3287 1865 3458 1920 Verbi

185 1963 351 2023 Θεοῦ,
398 1964 493 2017 καὶ
524 1963 658 2015 Θεὸν
700 1963 842 2016 κατὰ
871 1962 1115 2031 Πνεῦμα,
1150 1963 1280 2015 Υἰὸν
1311 1961 1598 2033 ἀνθρώπου
1634 1963 1777 2015 κατὰ

184 2057 393 2125 σάρκα,
416 2057 478 2108 οὐ
502 2053 597 2109 δύο
625 2054 818 2123 φύσεις
844 2054 937 2106 τὺν
986 2053 1083 2106 ἕνα
1114 2053 1262 2117 Υὶὺν,
1293 2054 1422 2123 μίαν
1466 2070 1777 2124 προσκυνη-

1883 1964 2333 2033 ineat-natamque
2385 1961 2784 2032 adoratamque
2835 1976 2966 2016 cum
3030 1974 3200 2015 carne
3281 1957 3459 2029 ipsius

1884 2056 2209 2109 adoratione
2245 2070 2372 2107 una.
2387 2073 2403 2104 ι
3227 2055 3235 2063 ·

181 2147 286 2217 τὴν
317 2148 412 2199 καὶ
471 2145 603 2215 μίαν
658 2144 1092 2215 ἀπροσκύνητον,
1146 2143 1278 2196 ἀλλὰ
1314 2145 1441 2214 μίαν
1489 2144 1652 2211 φύσιν
1706 2143 1800 2197 τοῦ
1874 2144 2008 2198 Θεοῦ
2068 2145 2241 2213 Λόγου
2307 2139 2768 2213 σεσαρκωμένην,
2825 2140 2922 2194 καὶ
2974 2140 3457 2210 προσκυνουμένην

185 2238 331 2309 μετὶ
362 2237 460 2306 τῆς
492 2238 691 2307 σαρκὸς
716 2235 881 2289 αὐτοῦ
918 2237 1016 2305 μιᾷ
1039 2237 1429 2306 προσκυνήσει.
1471 2254 1490 2286 ι

258 2329 480 2382 Τούτων
516 2330 695 2381 τοίνυν
734 2328 886 2398 παρὰ
926 2328 1033 2380 τῶν
1076 2328 1393 2392 ’Λκεφάλων
1422 2328 1769 2397 προφερομέ⁴

183 2435 297 2470 νων
327 2420 361 2486 ἡ
394 2417 490 2470 τοῦ
521 2417 659 2469 Θεοῦ
692 2418 856 2484 σοφία
885 2417 1091 2469 ἄνωθεν
1123 2416 1304 2469 αὐτῶν
1335 2416 1639 2487 ἀναιροῦσα
1672 2418 1771 2487 τὴν

178 2505 415 2565 κακίαν.
469 2508 530 2559 οὗ
576 2507 924 2578 συνεχώρησε
980 2509 1166 2577 μεῖναι
1197 2506 1258 2558 τὸ
1287 2506 1484 2575 ψεῦδος
1512 2507 1773 2575 ἀνέλεγκ-

188 2617 313 2652 τον·
347 2600 549 2652 δέδωκε
588 2599 698 2669 γὰρ
739 2601 870 2669 ἡμῖν
921 2598 1211 2668 ἐπιστῆναι
1242 2602 1355 2662 τοῖς
1389 2600 1773 2669 Ἀπολιναρίου

196 2691 720 2762 συγγράμμασιν,ἃ
756 2692 1152 2760 παρατιθέντες
1207 2694 1320 2754 τοῖς
1375 2693 1525 2760 παρὰ
1573 2694 1778 2744 τούτων

196 2788 661 2856 προφερομένοις,
694 2783 942 2854 φανερῶς
979 2784 1274 2853 ὲλέγξομεν
1310 2786 1373 2836 ἐκ
1426 2784 1535 2836 τῶν
1570 2784 1786 2836 Ἀπολι-

198 2876 394 2947 ναρίου
421 2876 595 2944 λόγων
634 2875 807 2928 ταῦτα
840 2875 975 2946 παρ’
1001 2876 1182 2927 αὐτῶν
1219 2875 1612 2945 προϐαλέσθαι.
1640 2874 1785 2946 Γρά-

198 2984 292 3036 φει
329 2968 438 3037 γὰρ
466 2969 496 3020 ὁ
522 2968 687 3030 αὐτὸς
730 2966 1107 3037 ’Δπολινάριος
1129 2968 1187 3019 ὲν
1213 2967 1291 3034 τῷ
1322 2966 1463 3021 κατὰ
1518 2967 1783 3036 Διοδώρου

194 3061 359 3114 τάδε·
393 3078 412 3112 ι
439 3059 641 3129 Ἀλλης
678 3059 775 3111 καὶ
810 3059 979 3128 ἄλλης
1006 3060 1213 3122 οὐσίας,
1246 3060 1375 3129 μίαν
1398 3055 1536 3112 εἶναι
1566 3060 1659 3113 καὶ
1686 3061 1784 3130 τὴν

1948 2324 2045 2379 His
2087 2338 2221 2393 ergo
2271 2321 2340 2377 ab
2383 2320 2677 2392 Acephalis
2737 2320 2967 2391 prolatis
3027 2319 3130 2375 Dei
3188 2320 3454 2391 sapientia

1876 2426 2167 2489 postquam
2207 2432 2240 2471 e
2301 2415 2442 2470 ccelo
2485 2415 2749 2468 malitiam
2808 2430 3001 2469 eorum
3054 2416 3452 2484 percussisset,

1877 2509 2229 2564 mendacium
2273 2523 2385 2561 non
2419 2506 2769 2561 confutatum
2825 2521 3112 2561 remanere
3140 2522 3251 2561 non
3277 2507 3450 2574 sivit;

1879 2600 2041 2654 nobis
2075 2599 2225 2652 enim
2262 2597 2417 2651 dedit
2472 2599 2527 2651 in
2569 2598 2773 2666 scripta
2814 2595 3122 2666 Apolinarii
3182 2598 3453 2664 incidere,

1881 2707 2005 2761 qua:
2030 2707 2152 2745 cum
2183 2691 2409 2760 prolatis
2443 2689 2512 2744 ab
2543 2690 2652 2744 illis
2701 2697 3118 2759 componentes,
3162 2690 3453 2746 manifeste

1880 2797 1946 2837 ex
1965 2783 2147 2837 verbis
2163 2782 2466 2851 Apolinarii
2485 2782 2573 2835 illa
2594 2781 2744 2835 hisce
2764 2781 2898 2835 conf
2898 2797 2927 2833 ιι
2939 2782 3039 2835 tari
3057 2782 3445 2851 probabimus;

1899 2874 1956 2927 in
1988 2888 2246 2928 sermone
2288 2873 2439 2928 enim
2475 2872 2741 2926 adversus
2772 2871 3074 2928 Diodorum
3101 2873 3219 2927 haec
3257 2873 3454 2928 scribit

1878 2967 2265 3037 Apolinarius:
2315 2983 2334 3016 ι
2367 2964 2668 3034 Utriusque
2730 2964 3055 3021 substantiae
3104 2982 3269 3021 unam
3297 2982 3451 3022 eam-

1880 3059 2119 3129 demque
2149 3074 2272 3113 esse
2296 3058 2674 3112 adorationem
2719 3073 2829 3111 non
2857 3059 3067 3128 justum
3104 3066 3211 3121 est,
3239 3060 3454 3115 scilicet

192 3152 378 3222 αὐτὴν
422 3152 823 3224 προσκύνησιν,
890 3152 1175 3221 ἀθέμιτον,
1221 3151 1503 3205 τουτέστιν
1550 3152 1778 3220 Ποιητοῦ

1881 3151 2161 3205 Creatoris
2181 3159 2238 3204 et
2264 3159 2552 3206 creaturae.
2587 3135 2690 3203 Dei
2712 3158 2769 3203 et
2796 3149 3060 3203 hominis.
3087 3149 3208 3205 Una
3242 3159 3327 3204 est
3353 3165 3456 3204 au~

194 3245 298 3298 καὶ
345 3246 673 3314 ποιήματος,
720 3244 855 3297 Θεοῦ
888 3245 984 3296 καὶ
1014 3243 1328 3314 ἀνθρώπου.
1372 3243 1489 3297 Μία
1527 3243 1582 3296 δὲ
1614 3260 1780 3313 προσ-

194 3334 439 3408 κύνησις
463 3334 727 3401 Χριστοῦ,
760 3335 857 3386 καὶ
888 3338 1029 3386 κατὰ
1052 3332 1209 3386 τοῦτο
1240 3334 1298 3385 ἐν
1322 3334 1400 3402 τῷ
1434 3334 1516 3386 ἐνὶ
1553 3333 1782 3402 ὀνόματι

196 3430 409 3479 νοεῖται
462 3426 598 3488 Θεὸς
639 3426 733 3478 καὶ
772 3424 1093 3495 ἄνθρωπος·
1136 3427 1237 3478 οὐκ
1279 3425 1387 3494 ἄρα
1440 3425 1573 3495 ἄλλη
1621 3427 1784 3478 οὐσία

198 3517 336 3580 Θεὸς
374 3518 469 3571 καὶ
518 3516 831 3587 ἄνθρωπος,
865 3515 1004 3570 ἀλλὰ
1036 3515 1136 3585 μία
1187 3515 1330 3570 κατὰ
1361 3516 1613 3570 σύνθεσιν
1642 3516 1778 3570 Θεοῦ

201 3609 342 3678 πρὸς
399 3608 559 3677 σῶμα
606 3605 965 3676 ἀνθρώπινον.
993 3625 1013 3659 ι
1048 3605 1158 3660 Καὶ
1192 3608 1356 3661 πάλιν
1402 3610 1461 3662 ἐν
1504 3608 1581 3678 τῷ
1633 3608 1782 3678 αὐτῷ

198 3701 347 3769 λόγῳ
377 3716 393 3732 ·
434 3719 451 3750 ι
482 3699 607 3762 Πῶς
664 3699 775 3769 γὰρ
827 3699 889 3751 τὸ
936 3700 1167 3770 πρᾶγμα
1214 3699 1278 3753 οὐ
1306 3698 1582 3762 δυσσεσὲς,
1614 3699 1780 3768 ἄλλην

198 3794 396 3846 οὐσίαν
422 3792 649 3862 κτιστὴν
692 3794 785 3844 καὶ
807 3792 1061 3860 δουλικὴν
1099 3791 1227 3861 μίαν
1250 3791 1395 3862 ἔχειν
1428 3793 1524 3845 καὶ
1551 3791 1648 3863 τὴν
1684 3796 1780 3846 αύ-

194 3885 301 3953 τὴν
341 3883 717 3953 προσκύνησιν
769 3883 848 3952 τῷ
902 3885 1114 3956 Κτίστῃ
1165 3884 1263 3938 καὶ
1310 3885 1635 3955 Δεσπότης»
1673 3884 1782 3937 Καὶ

197 3977 369 4028 πάλιν
387 3976 417 4028 ὁ
445 3973 608 4038 αὐτὸς
641 3974 845 4044 ἀσεδὴς
888 3973 1267 4045 Ἀπολινάριος
1298 3977 1352 4029 ὲν
1375 3978 1453 4045 τῲ
1477 3978 1607 4047 περὶ
1643 3993 1777 4047 σαρο

196 4071 427 4130 κώσεως
460 4067 637 4136 λόγῳ’
675 4084 694 4117 ι
731 4066 1015 4119 Ἀδύνατον
1060 4067 1152 4120 τὸν
1200 4067 1362 4120 αὐτὸν
1395 4068 1489 4121 καὶ
1535 4084 1777 4139 προσκυ-

196 4161 362 4231 νητὸν
395 4160 591 4213 ἑαυτὸν
631 4158 832 4211 εἰδέναι
862 4159 956 4211 καὶ
985 4159 1062 4227 μή
1082 4174 1097 4189 ο
1129 4156 1395 4213 ἀδύνατον
1431 4160 1539 4229 ἄρα
1564 4159 1657 4211 τὸν
1682 4160 1779 4213 aii-

195 4262 293 4305 τὸν
321 4246 465 4304 εἶναι
499 4250 632 4304 Θεόν
670 4268 728 4302 τε
766 4252 864 4303 καὶ
909 4250 1200 4321 ἄνθρωπον
1227 4250 1287 4316 ἐξ
1315 4249 1634 4320 ὁλοκλήρου,
1662 4250 1779 4303 ἀλλ’

198 4346 259 4396 ὲν
297 4342 553 4413 μονὸτητι
588 4342 899 4412 συγκράτου
929 4340 1145 4410 φύσεως
1182 4340 1372 4411 θεῐκῆς
1420 4341 1780 4411 σεσαρκωμέ-

198 4453 319 4503 νης.
351 4455 373 4487 ι
406 4433 594 4487 Ταῦτα
626 4433 683 4487 δὲ
719 4435 870 4496 ὅπως
912 4433 1029 4485 ἐστὶ
1078 4433 1350 4502 σύμφωνα
1384 4436 1480 4486 καὶ
1508 4431 1777 4487 ἀκόλουθα

1885 3252 1993 3298 tem
2022 3242 2224 3297 Christi
2259 3241 2531 3306 adoratio,
2572 3249 2814 3309 tuncque
2846 3240 2900 3294 in
2925 3255 3037 3294 uno
3056 3241 3281 3294 nomine
3309 3241 3456 3295 Deus

1881 3345 1939 3390 ct
1970 3336 2136 3389 homo
2188 3335 2491 3404 cogitatur;
2535 3346 2646 3386 non
2681 3340 2767 3386 est
2807 3347 2939 3401 ergo
2986 3331 3160 3387 altera
3197 3339 3255 3386 et
3286 3331 3458 3386 altera

1882 3427 2189 3481 substantia
2245 3424 2391 3478 Deus
2444 3432 2499 3477 et
2553 3423 2739 3488 homo,
2794 3421 2889 3475 sed
2919 3437 3026 3491 una
3050 3430 3279 3492 propter
3322 3414 3457 3477 con-

1877 3512 2220 3584 junetionem
2265 3510 2363 3564 Dei
2401 3508 2470 3562 ad
2507 3523 2714 3578 corpus
2763 3508 3088 3562 humanum.
3131 3508 3458 3578 Rursusque
3502 3496 3503 3499 “

1881 3602 1940 3655 in
1990 3603 2186 3657 eodem
2226 3615 2525 3655 sermone:
2571 3598 2902 3665 «Quomodo
2955 3597 3105 3652 enim
3160 3598 3251 3653 hic
3301 3609 3462 3653 actus

1882 3692 2030 3747 haud
2053 3701 2202 3748 esset
2250 3690 2475 3761 impius,
2519 3690 2750 3745 alteram
2804 3688 3170 3743 substantiam
3217 3697 3460 3743 creatam

1881 3798 2210 3851 servamque
2256 3779 2508 3836 ccnliteri
2536 3779 2900 3849 eamdemque
2942 3778 3137 3833 deberi
3191 3788 3463 3834 creatura;

1881 3892 1947 3931 ac
1965 3876 2198 3930 Domino
2246 3873 2624 3928 adorationem
2643 3871 2666 3925 ?
2690 3890 2709 3922 ι
2731 3871 2882 3926 Idem
2908 3871 3111 3926 iterum
3129 3872 3186 3925 in
3204 3886 3462 3927 sermone

1880 3967 1949 4022 de
1991 3968 2409 4021 incarnatione:
2440 3983 2457 4016 ι
2495 3963 2842 4033 lmpossibile
2871 3972 2957 4017 est
3008 3963 3265 4019 eumdem
3291 3979 3462 4034 seque
3526 3971 3532 3980 '

1880 4060 2020 4113 scire
2056 4056 2400 4111 adorandum
2448 4062 2507 4109 et
2542 4069 2656 4108 non
2682 4053 3026 4109 adorandum
3058 4072 3073 4107 :
3112 4055 3462 4124 impossibile

1878 4158 1966 4204 est
1989 4148 2159 4219 igitur
2182 4146 2442 4203 eumdem
2476 4160 2599 4201 esse
2626 4145 2800 4200 Deum
2827 4152 2884 4200 et
2907 4144 3192 4201 hominem
3230 4160 3298 4200 ex
3320 4146 3461 4200 inte-

1878 4256 1999 4311 ατο,
2032 4240 2133 4295 sed
2186 4240 2244 4295 in
2295 4240 2509 4295 unitate
2568 4239 2861 4294 commista
2891 4248 3104 4293 natura!
3140 4238 3343 4293 divinae
3377 4237 3462 4291 in-

1879 4335 2138 4383 carnatae.
2164 4347 2183 4380 ι
2208 4327 2484 4394 Quantum
2515 4338 2703 4382 autem
2743 4328 2861 4382 haec
2904 4326 3295 4382 concinnentia
3347 4326 3457 4381 sint

1880 4434 1946 4474 ac
1972 4419 2360 4474 convenientia
2379 4434 2504 4473 cum
2525 4418 2778 4488 epistolis
2797 4433 2937 4488 quas
2954 4417 3144 4473 dolose
3168 4416 3459 4487 proferunt

196 4491 322 4588 ταίς
364 4524 517 4594 παρὰ
556 4527 676 4585 ταῖς
712 4524 820 4576 τῶν
850 4491 1177 4590 ⁷Ἀκεφάλων
1209 4491 1482 4585 ’πλαστῶς
1515 4538 1782 4592 προφερο-

1881 4510 2176 4582 Acephali,
2217 4512 2440 4565 nomine
2477 4510 2609 4565 Julii
2660 4518 2827 4579 atque
2877 4510 3189 4568 Athanasii.
3228 4510 3455 4564 Patrum

200 4619 401 4686 μέναις
455 4616 804 4678 ἐπιστολαῖς,
866 4617 931 4668 ἐκ
978 4613 1370 4684 προσηγορίας,
1415 4613 1633 4666 Ἰουλίου
1686 4613 1783 4666 καὶ

212 4708 536 4763 Ἀθανασίου
583 4707 691 4760 τῶν
743 4707 916 4774 ἁγίων
948 4708 980 4775 ἠ
992 4707 1108 4775 μῶν
1140 4706 1420 4775 Πατέρων,
1455 4704 1631 4758 οὐδενὶ
1671 4704 1783 4758 τῶν

197 4802 263 4855 εὖ
299 4799 645 4870 φρονούντων
689 4800 988 4869 ἠγνόηταιο
1021 4798 1083 4850 τὸ
1128 4797 1235 4867 γὰρ
1266 4797 1448 4864 λέγειν
1480 4797 1541 4848 οὐ
1564 4795 1659 4849 δύο
1681 4796 1782 4864 φύ-

197 4906 339 4951 σεις,
389 4888 520 4957 μίαν
566 4885 955 4958 προσκυνητὴν
1006 4885 1102 4939 καὶ
1157 4885 1290 4955 μίαν
1342 4883 1780 4954 ἁπροσκύνητον,

196 4981 297 5035 καὶ
337 4978 503 5032 πάλιν
551 4978 717 5045 ἄλλης
754 4979 846 5031 καὶ
900 4977 1068 5044 ἄλλης
1122 4977 1313 5040 οὐσίας
1348 4977 1477 5046 μίαν
1522 4971 1662 5028 εἶναι
1693 4977 1786 5028 καὶ

197 5073 300 5141 τὴν
329 5071 502 5139 αὐτὴν
533 5068 927 5139 προσκύνησιν,
960 5067 1217 5137 ἀθέμιτον
1236 5084 1250 5098 ο
1295 5067 1389 5120 καὶ
1419 5067 1516 5136 τὴν
1557 5068 1784 5133 κτιστὴν

198 5165 299 5216 καὶ
328 5160 581 5228 δουλικὴν
611 5162 801 5213 οὐσίαν
834 5160 965 5228 μίαν
991 5160 1139 5228 ἔχειν
1168 5160 1264 5212 καὶ
1282 5158 1383 5228 τὴν
1412 5158 1581 5225 αὐτὴν
1612 5172 1782 5226 προσ-

198 5257 435 5324 κύνησιν
467 5253 545 5322 τῷ
575 5253 784 5323 κτίστῃ
816 5253 912 5304 καὶ
944 5251 1210 5323 Δεσπότῃ.
1243 5249 1504 5319 οὐδεμίαν
1526 5249 1636 5318 ἔχει
1660 5248 1777 5299 δια-

199 5347 377 5416 φορὰν
402 5344 527 5397 οὔτε
567 5344 711 5397 κατά
750 5344 851 5407 τὰς
889 5342 1065 5407 λέξεις
1100 5340 1225 5395 οὔτε
1254 5341 1396 5395 κατὰ
1419 5340 1517 5410 τὴν
1545 5339 1777 5393 ἔννοιαν.

203 5432 369 5493 Ὅθεν
396 5436 737 5503 ὲλέγξαντεε,
760 5438 834 5498 ὡς
865 5437 921 5488 αἱ
944 5435 1352 5503 προφερόμεναι
1383 5431 1533 5501 παρὰ
1555 5431 1661 5482 τῶν
1694 5432 1781 5482 αἱ-

199 5528 439 5602 ρετικῶν
470 5529 563 5582 δύο
597 5528 902 5593 ἐπιστολαὶ,
926 5525 1143 5587 οὐδενὸς
1167 5525 1356 5592 ἑτέρου
1382 5523 1414 5594 ἢ
1446 5524 1543 5592 τῆς
1576 5521 1785 5592 πλάνης

275 5670 307 5700 ¹ι
337 5662 516 5718 Galat.
544 5677 618 5723 iv,
652 5661 706 5713 4.

1882 4612 2199 4657 sanctorum
2218 4612 2556 4667 nostrorum,
2575 4616 2737 4656 nemo
2758 4602 2981 4670 sapiens
3001 4601 3215 4671 ignorat
3235 4616 3251 4667 ;
3275 4600 3458 4655 dicere

1881 4694 2029 4747 enim
2082 4707 2196 4747 non
2249 4708 2372 4748 esse
2411 4692 2550 4746 duas
2584 4700 2809 4745 naturas
2838 4730 2854 4756 ,
2905 4706 3072 4745 unam
3123 4689 3459 4744 adorandam

1885 4800 2161 4855 unamque
2209 4799 2323 4839 non
2374 4784 2733 4849 adorandam,
2789 4799 2855 4838 ac
2884 4798 3109 4838 rursum
3170 4781 3461 4851 utriusque

1882 4877 2204 4934 substantiae
2246 4891 2414 4930 unam
2469 4892 2593 4932 esse
2642 4874 3007 4944 eamdemque
3056 4872 3461 4936 adorationem,

1886 4969 2151 5039 iniustum
2201 4975 2324 5033 est;
2375 4967 2507 5022 item
2547 4976 2790 5023 creatam
2838 4979 3166 5034 servamque
3200 4963 3461 5019 substan-

1886 5060 2016 5113 tiam
2070 5074 2234 5115 unam
2284 5058 2489 5114 habere
2548 5059 2909 5127 eamdemque
2954 5055 3342 5109 adorationem
3398 5070 3465 5111 ac

1881 5150 2200 5205 Creatorem
2229 5158 2286 5204 et
2311 5151 2627 5215 Dominum,
2652 5150 2857 5204 nullam
2893 5149 3059 5203 habet
3086 5144 3463 5201 differentiam

1882 5258 1989 5297 nec
2015 5243 2206 5297 verbis
2269 5257 2372 5296 nec
2399 5242 2454 5295 in
2485 5250 2690 5295 mente.
2722 5241 2965 5297 Prohato
2984 5243 3135 5313 quod
3177 5241 3302 5295 dum
3346 5240 3467 5308 epi-

1888 5335 2042 5388 stola:
2085 5333 2155 5386 ab
2210 5331 2483 5387 haereticis
2539 5331 2768 5401 prolatae
2814 5332 3024 5388 nullius
3062 5331 3294 5387 alterius
3336 5336 3471 5384 sunt

1890 5440 2057 5493 quam
2085 5424 2295 5478 erroris
2330 5421 2662 5491 Apolinarii,
2697 5429 2863 5493 atque
2896 5432 3098 5479 exterat
3118 5423 3176 5477 in
3215 5418 3464 5476 Ecclesia

1892 5518 2199 5583 catholica,
2258 5516 2421 5571 nobis
2476 5515 2964 5572 demonstrandum
3011 5523 3099 5571 est
3146 5526 3458 5572 sanctorum

299 5805 356 5873 9.)
384 5799 585 5857 (imiter
628 5799 774 5855 dicta
803 5812 834 5853 a
862 5812 949 5851 me
1015 5798 1070 5878 in
1123 5798 1230 5852 hoc
1280 5796 1558 5853 volumine
1595 5810 1718 5867 pag.
1770 5793 1888 5849 toi.
