4220 6442
763 387 896 450 3127

1893 386 1922 442 ἕ
1934 384 2328 447 USTINIANI
2371 386 2452 445 1M
2463 384 2886 446 PERATURIS

3885 373 4021 438 “23

758 502 984 554 Patrum
1015 506 1333 552 nostrorum
1368 497 1722 557 testimoniis,
1772 511 1893 565 qua:
1938 497 2162 551 inventa
2205 504 2334 551 sunt

2450 496 2579 549 εἰσὶν
2622 491 3028 561 Ἀπολιναιίου,
3068 491 3162 544 καὶ
3220 490 3502 560 ἀλλότριαι
3557 492 3652 559 τῆς
3717 487 4020 555 καθιλικῆς

755 592 825 646 ab
855 589 1144 660 Aceplialis
1194 590 1616 644 adinventiones
1643 602 1765 643 esse
1801 598 2076 644 constare.

2453 585 2799 654 Ἐκκλησίας.
2828 582 3094 652 δείξωμεν
3127 583 3208 635 ὅτι
3239 583 3332 634 καὶ
3361 583 3472 643 τοῖς
3499 582 3652 650 παρὰ
3704 579 3815 632 τῶν
3847 579 4021 645 ἁγίων

755 683 915 752 ἡμῶν
974 682 1233 752 Πατέρων
1297 681 1720 750 ὲκτεθειμένοις,
1783 681 2007 754 ἐναντία·
2059 680 2128 732 τὰ
2184 680 2332 749 παρὰ
2385 679 2703 747 Ἀκεφὰλων
2755 674 3326 746 πεπλαστουργημένα
3374 674 3692 728 καθεστᾶσι.
3765 671 4024 742 (δειμηηΐ

757 788 844 827 tur
870 775 1218 828 Athanasiict
1257 772 1444 843 Cyrilli
1483 783 1607 828 nota
1651 772 1994 842 testimonia.)

829 867 905 922 Ex
951 867 1206 920 omnibus
1253 865 1584 935 supradictis
1634 867 1921 936 perspicue
1983 865 2328 918 demonstra-

760 974 875 1015 tum
913 961 1080 1015 fuisse
1112 960 1443 1015 confidimus
1473 971 1788 1016 sanctorum
1851 960 2075 1014 Patrum
2128 958 2332 1012 doctri—

761 1053 844 1106 nis
877 1051 1158 1105 adversari
1203 1051 1438 1119 tidcique
1486 1050 1814 1105 Christianze
1873 1063 1995 1103 esse
2055 1046 2331 1100 contraria

759 1157 881 1210 qua:
953 1140 1022 1194 ab
1081 1139 1358 1194 hazrcticis
1414 1139 1807 1208 proferuntur;
1859 1152 1984 1190 cum
2045 1133 2333 1188 manifeste

759 1242 984 1288 sanctus
1033 1232 1364 1287 Athanasius
1407 1240 1741 1299 sanctusque
1791 1229 2028 1298 Cyrillus
2059 1227 2197 1281 duas
2238 1240 2334 1278 na-

763 1336 913 1379 turas
945 1323 1149 1379 Christi
1181 1323 1484 1376 divinitatis
1526 1322 1999 1389 humanitatisque
2035 1319 2338 1373 contitean-

762 1428 874 1481 tur,
903 1432 1064 1470 unam
1102 1415 1402 1468 increatam
1453 1429 1515 1467 ac
1549 1414 1778 1467 alteram
1825 1421 2067 1465 creatam
2120 1408 2332 1470 dicant,

761 1520 977 1574 unaque
1036 1503 1359 1558 adorationc
1408 1503 1628 1557 adorari
1687 1517 1860 1556 unum
1902 1500 2192 1554 Dominum
2243 1513 2336 1551 no-

760 1606 936 1650 strum
963 1595 1151 1650 Jesum
1183 1594 1466 1649 Christum
1525 1593 1778 1647 doceant.
1823 1590 2114 1645 Sufficiunt
2174 1589 2340 1656 igitur

2511 858 2734 929 (Deinde
2760 871 2814 926 p.
2857 855 3010 924 229.)
3060 854 3157 907 Διὰ
3207 854 3428 907 πάντων
3467 851 3621 924 οἴμαι
3647 856 3760 907 τῶν
3793 859 4020 927 εἰρημέ.

2439 969 2547 1002 νων
2573 950 2763 1018 σαφῶς
2793 948 3192 1010 ἀποδέδεικται,
3216 948 3530 1000 ὃτιὲναντία
3559 951 3680 1011 ταῖς
3707 949 3818 1002 τῶν
3851 952 4024 1018 ἁγίων

2440 1039 2703 1108 Ιιατέρων
2745 1037 3120 1098 διδασκαλίαις
3166 1038 3339 1100 ἐστὶν,
3373 1039 3468 1091 καὶ
3503 1037 3762 1106 ἀλλότρια
3791 1041 3888 1109 τῆς
3915 1043 4026 1094 τῶν

2442 1132 2788 1203 Χριστιανῶν
2823 1133 3062 1194 πίστεως
3099 1133 3166 1184 τὰ
3210 1131 3359 1200 παρὰ
3398 1132 3508 1183 τῶν
3557 1134 3854 1202 αίρετικῶν
3887 1153 4025 1204 προ-

2445 1225 2758 1296 φερόμενα”
2801 1224 3054 1294 φανερῶς
3098 1223 3191 1276 τοῦ
3241 1240 3299 1275 τε
3343 1226 3400 1276 tv
3452 1227 3630 1292 ἁγίοις
3674 1226 4022 1292 Ἀθανασίου,

2441 1319 2535 1371 καὶ
2579 1319 2674 1371 τοῦ
2713 1319 2770 1370 tv
2824 1317 3002 1384 ἁγίοις
3046 1317 3340 1386 Κυρίλλου,
3376 1317 3475 1384 τῆς
3510 1317 3769 1388 θεότητος
3798 1319 3896 1371 καὶ
3925 1321 4026 1388 τῆς

2440 1409 2538 1461 ἀνθ
2548 1408 2860 1477 ρωπότητος
2885 1406 2978 1458 τοῦ
3002 1406 3238 1477 Χριστοῦ
3260 1407 3351 1459 δύο
3377 1408 3566 1473 φύσεις
3592 1408 4022 1476 ὁμολογούντων,

2443 1502 2537 1554 καὶ
2561 1503 2662 1570 τὴν
2695 1500 2794 1569 μὲν
2828 1500 3107 1561 ἄκτιστον,
3140 1496 3240 1565 τὴν
3268 1497 3325 1548 δὲ
3355 1497 3580 1566 κτιστὴν
3605 1498 3902 1564 λεγόντων,
3933 1502 4027 1552 καὶ

2447 1593 2548 1660 μιᾷ
2609 1592 2982 1659 προσκυνήσει
3029 1587 3458 1660 προσκυνεῖσθαι
3510 1589 3881 1643 διδασκόντων
3934 1591 4028 1643 τόν

762 1687 1078 1757 supradicta
1115 1686 1180 1739 ad
1205 1685 1610 1753 Aceplialornm
1659 1682 2124 1736 machinationem
2156 1677 2345 1733 confu-

2450 1683 2544 1734 ἕνα
2587 1679 2791 1749 Κύριον
2831 1679 2988 1748 ἡμῶν
3032 1679 3241 1748 Ἰησοῦν
3283 1679 3536 1749 Χριστόν.
3575 1681 3686 1732 Καὶ
3720 1683 3886 1751 ἀρκεῖ
3925 1683 4025 1749 μὲν

763 1777 1007 1830 tandam.
1039 1775 1292 1829 Attamen
1329 1773 1468 1826 nihil
1503 1772 1704 1826 melius
1726 1771 2016 1826 stultitiam
2048 1769 2132 1822 vel
2165 1769 2346 1838 potius

763 1868 1227 1923 machinationem
1267 1879 1462 1919 eorum
1494 1863 1768 1927 confutat,
1807 1877 1974 1930 quam
2013 1860 2242 1929 epistola
2275 1858 2345 1912 ab

765 1960 876 2014 illis
899 1959 1109 2028 prolata
1131 1967 1388 2024 tanquam
1411 1954 1540 2008 Julii
1563 1954 1746 2007 Roma:
1761 1950 2005 2021 episc0pi
2034 1951 2190 2021 cujus
2210 1948 2345 2002 alias

763 2050 1071 2106 falsificatio
1137 2047 1572 2102 demonstratur.
1636 2045 1836 2114 Reipsa
1894 2045 2101 2098 veteris
2159 2042 2345 2096 Romae

763 2142 1080 2199 sacerdotes
1118 2141 1172 2194 in
1202 2139 1463 2196 omnibus
1491 2137 1809 2208 apostolica:
1869 2133 2152 2189 traditioni
2177 2134 2340 2187 obse—

762 2243 1023 2305 quentes,
1082 2246 1368 2301 nunquam
1401 2229 1546 2284 inter
1573 2243 1632 2283 se.
1671 2227 2078 2296 discreparnnt,
2111 2225 2206 2280 sed
2260 2240 2347 2278 re-

765 2335 911 2382 ctam
951 2340 1016 2380 ac
1060 2339 1248 2379 veram
1283 2337 1458 2392 usque
1507 2321 1576 2376 ad
1643 2320 1787 2374 hanc
1844 2319 1990 2372 diem
2037 2317 2343 2371 doctrinam

765 2425 1143 2474 servaverunt.
1204 2416 1434 2484 Insuper
1479 2413 1762 2467 insolitum
1787 2419 1872 2465 est
1907 2409 2112 2463 veteris
2159 2407 2346 2461 Roma:

765 2511 1094 2584 patriarcha:
1135 2506 1451 2579 hujusmodi
1506 2505 1714 2576 scripto
1755 2504 1856 2569 uti,
1897 2502 2043 2573 quod
2100 2501 2189 2555 isti
2222 2515 2348 2569 pro-

767 2603 974 2663 ferunt,
1007 2616 1118 2656 non
1149 2600 1390 2654 dicimus
1443 2597 1510 2652 ad
1543 2597 1922 2668 presbyteros,
1969 2602 2030 2648 ut
2068 2593 2144 2646 illi
2190 2606 2345 2646 men-

769 2694 1009 2756 tiuntur,
1038 2689 1134 2746 sed
1163 2703 1266 2745 nec
1292 2689 1460 2743 etiam
1513 2686 1584 2742 ad
1613 2687 1925 2756 episcopos,
1958 2697 2060 2738 nec
2089 2681 2156 2736 ad
2200 2683 2349 2751 ipsos

767 2784 942 2856 patria
953 2781 1330 2838 rchas.'l‘ertio
1349 2778 1670 2848 nosmetipsi
1692 2788 1981 2847 postquam
2005 2775 2348 2830 misissemus

768 2875 835 2929 ad
889 2874 1198 2928 archivium
1250 2870 1438 2941 palatii
1490 2868 1818 2939 episcopalis
1861 2867 2065 2921 veteris
2116 2866 2346 2930 Romae,

767 2965 905 3020 nihil
935 2961 1252 3034 hujusmodi
1283 2979 1314 3018 a
1341 2962 1489 3020 Julio
1516 2971 1720 3016 sanctae
1753 2961 2031 3015 memoria:
2082 2958 2348 3028 scriptum

2449 1773 2518 1824 τα
2553 1771 2821 1842 είρημένα
2845 1771 2980 1839 πρὸς
3011 1771 3238 1840 ἔλεγχον
3261 1771 3362 1838 τῆς
3397 1772 3507 1824 τῶν
3544 1772 3865 1836 Ἀκεφάλων
3901 1789 4029 1825 κακο

2446 1864 2696 1933 ουργίας.
2754 1863 2904 1932 Πλὴν
2965 1861 3119 1914 οὐδὲν
3176 1862 3379 1914 ἄτοπον
3436 1864 3531 1914 καὶ
3587 1863 3790 1932 ἑτέρως
3846 1864 4029 1916 αὐτῶν

2447 1953 2665 2023 ἐλέγξαι
2717 1954 2814 2024 τὴν
2873 1953 3229 2024 κακοήθειαν,
3261 1955 3343 2006 ὅτι
3395 1956 3428 2021 ὴ
3481 1955 3582 2022 μὲν
3636 1957 4026 2024 προφερομένη

2448 2051 2578 2119 παρ’
2617 2048 2796 2100 αὐτῶν
2857 2047 3144 2115 ἐπιστολὴ.
3190 2047 3266 2108 ὼς
3313 2046 3536 2100 Ἰουλίου
3575 2046 3738 2116 δῆθεν
3781 2047 3879 2100 τοῦ
3915 2051 4032 2100 tm-

2448 2142 2656 2194 σκόπου
2697 2137 2921 2208 Ῥώμης
2951 2137 3044 2192 καὶ
3083 2137 3260 2201 ἄλλως
3302 2137 3581 2191 δείκνυται
3636 2139 4024 2210 πεπλασμένη.

2449 2235 2512 2286 Οἱ
2538 2233 2646 2302 γὰρ
2683 2233 2853 2302 ίερεῖς
2877 2232 2978 2300 τῆς
3010 2230 3392 2300 πρεσϐυτέρας
3435 2231 3657 2300 Ῥώμης
3689 2234 3757 2301 τῇ
3791 2233 4029 2284 ἀποστο-

2449 2327 2572 2396 λικῇ
2609 2325 2697 2379 διὰ
2743 2325 2964 2377 πάντων
3011 2322 3482 2393 ἀκολουθήσαντες
3533 2324 3857 2394 παραδόσει,
3884 2323 4032 2377 οὐδέ·

2449 2432 2582 2469 ποτε
2610 2416 2746 2485 πρὸς
2778 2413 3042 2482 ἀλλήλους
3067 2412 3432 2481 διεφώνησαν,
3458 2411 3592 2464 ἀλλὰ
3615 2416 3713 2479 τὴν
3743 2411 3912 2483 ὀρθὴν
3942 2417 4029 2464 καὶ

2449 2507 2710 2578 ἀληθινὴν
2769 2504 2933 2575 μέχρι
3015 2503 3654 2574 σήμερονδιεφύλαξαν
3706 2504 3870 2568 δόξαν
3929 2505 4028 2571 (3).

2455 2601 2688 2654 Ἔπειτα
2722 2598 2780 2651 δὲ
2829 2597 2908 2660 ὡς
2952 2597 3054 2650 οὐκ
3095 2595 3218 2658 ἔθος
3247 2596 3364 2648 ἐστὶ
3394 2597 3472 2664 τῷ
3509 2595 3612 2665 τῆς
3646 2595 4031 2666 πρεσϐυτέρας

2465 2689 2682 2761 Ῥώμης
2717 2689 3035 2760 πατριάρχῃ
3065 2688 3344 2756 ἐπιγραρῇ
3378 2687 3607 2757 τοιαύτη
3639 2687 3881 2758 χρῆσθαι
3916 2689 4032 2742 οἷαν

2450 2779 2600 2839 οὗτοι
2645 2783 3036 2854 προφέρουσιν,
3076 2781 3136 2834 οὐ
3167 2781 3402 2850 λέγομεν
3427 2780 3567 2850 πρὸς
3597 2781 4032 2852 πρεσϐυτέρους,

2452 2877 2643 2947 ὥσπερ
2674 2876 2833 2930 αὐτοὶ
2862 2875 3321 2943 συκοςαντοῠσιν,
3353 2873 3468 2926 ἀλλ’
3493 2873 3616 2926 οὕτε
3648 2874 3781 2943 πρὸς
3807 2875 4032 2927 ἐπισκό-

2455 2986 2615 3033 πους,
2653 2966 2776 3021 οὔτε
2814 2967 2953 3037 πρὸς
2992 2967 3189 3029 αὐτοὺς
3225 2965 3591 3035 πατριάρχας.
3629 2965 3829 3034 Τρίτον
3857 2965 3916 3018 δὲ
3955 2966 4035 3018 ὅτι

771 3057 1096 3126 reperimus.
1154 3054 1417 3125 Epistolas
1472 3061 1676 3108 autem"
1711 3050 1998 3106 Athanasii
2054 3049 2228 3104 sancti
2281 3048 2350 3103 ad

2456 3063 2552 3116 καὶ
2597 3059 2916 3130 πέμψαντες
2951 3060 3030 3120 εἰς
3071 3058 3138 3110 τὰ
3176 3059 3373 3126 ἀρχεῖα
3414 3056 3513 3108 τοῦ
3545 3057 3907 3109 ἑπισκοπείου
3939 3057 4036 3126 τῆς

769 3149 1084 3212 Iovianum,
1129 3147 1198 3202 ab
1257 3147 1368 3201 illis
1406 3146 1653 3217 prolata),
1708 3143 1898 3198 multis
1951 3142 2129 3196 modis
2155 3141 2350 3195 confu-

772 3251 923 3298 tatur
956 3241 1304 3296 mendacium
1331 3238 1590 3294 omnibus
1619 3237 1834 3290 viribus
1867 3245 2204 3299 astructum;
2241 3241 2352 3288 non

770 3336 918 3390 enim
953 3335 1332 3390 characterem
1367 3333 1615 3402 epistolae
1646 3330 1886 3401 praefert,
1943 3343 2044 3383 nec
2086 3327 2227 3397 stylo
2255 3327 2356 3381 im-

774 3431 1016 3500 peratori
1076 3429 1450 3484 conveniente
1508 3428 1792 3482 scribitur.
1865 3425 2094 3494 Insuper
2137 3421 2354 3478 Joviani

775 3521 1122 3591 temporibus
1145 3521 1293 3574 nulla
1327 3519 1702 3574 controversia
1731 3517 1801 3572 de
1825 3516 2169 3571 humanitate
2195 3514 2358 3570 Chri-

777 3613 845 3666 sti
893 3612 1075 3666 fuerat
1103 3621 1404 3676 commota,
1447 3611 1542 3664 sed
1573 3609 1642 3664 de
1692 3606 2269 3663 consubstantialitate
2301 3605 2356 3658 in

776 3701 1068 3765 'l'rinitate,
1103 3701 1285 3770 qualis
1311 3698 1416 3753 fuit
1443 3699 1656 3754 insania
1708 3698 1909 3752 Ariana
1941 3713 2063 3767 quze
2083 3704 2216 3750 tunc
2249 3695 2356 3750 Ec-

777 3793 975 3846 elesias
1039 3790 1409 3860 perturbavit,
1457 3789 1526 3843 de
1573 3804 1682 3857 qua
1711 3803 1840 3842 vera
1896 3796 2075 3842 exstat
2124 3785 2358 3856 epistola

777 3884 951 3938 sancti
969 3882 1253 3937 Athanasii
1289 3882 1356 3936 ad
1383 3880 1676 3935 Jovianum
1709 3880 1936 3948 scripta,
1962 3879 2120 3949 cujus
2145 3878 2199 3931 in
2221 3892 2359 3932 cou-

776 3976 936 4030 cione
987 3973 1211 4030 funebri
1270 3973 1446 4028 sancti
1500 3971 1786 4026 Athanasii
1844 3971 2095 4027 meminit
2136 3969 2356 4040 ,ϐπ-οεο-

781 4065 897 4118 rius
923 4064 1260 4134 Tbeologus,
1315 4077 1594 4133 quamque
1641 4061 1913 4132 integram
1961 4061 2131 4116 refert
2170 4060 2358 4114 Timo-

783 4157 944 4211 theus
1000 4154 1306 4225 Apolinarii
1363 4153 1696 4224 discipulus,
1741 4152 1794 4206 in
1838 4167 1938 4206 sua
1991 4151 2248 4214 historia.
2281 4151 2361 4205 sic

781 4249 1146 4302 habentem...

2456 3151 2835 3224 πρεσϐυτέρας
2883 3149 3122 3218 Ῥώμης,
3167 3146 3321 3199 οὐδὲν
3367 3145 3577 3200 τοιοῦτο
3622 3149 3774 3217 παρα
3817 3147 4037 3202 Ἰουλίου

2453 3243 2553 3297 τοῦ
2579 3244 2680 3314 τῆς
2723 3243 2876 3303 όσίας
2913 3243 3136 3310 μνήμης
3165 3239 3554 3309 γεγραμμένον
3580 3239 3840 3309 εὖρομεν.
3891 3240 3955 3294 Ἦ
3985 3241 4037 3292 δὲ

2454 3331 2530 3394 ώς
2559 3331 2714 3400 παρὰ
2756 3329 3082 3382 ’Δθανασίου
3132 3326 3226 3380 τοῦ
3275 3329 3335 3379 tv
3385 3327 3567 3394 ἁγίοις
3608 3328 3743 3397 πρὸς
3786 3330 4040 3382 Ἰοειανον

2458 3423 2548 3476 ὑπ’
2580 3421 2760 3474 αὐτῶν
2803 3419 3212 3491 προφερομένη,
3248 3418 3463 3482 πολλοῖς
3493 3418 3778 3488 ἐλέγχεται
3809 3422 4040 3490 τρόποις

2457 3510 2658 3581 ψευδὴς
2688 3511 3004 3564 παντάπασι
3044 3508 3370 3563 καθεστῶσα
3391 3527 3404 3540 ο
3436 3508 3563 3562 οὔτε
3612 3511 3722 3579 γὰρ
3767 3512 4042 3564 ἐπιστολιο

2464 3607 2622 3675 μαῖον
2649 3604 2761 3674 ἔχει
2795 3603 3146 3675 χαρακτῆρα,
3178 3602 3301 3656 οὗτε
3343 3604 3632 3676 πρεπούσῃ
3686 3605 3902 3674 βασιλεῖ
3938 3607 4041 3659 ὑπ-

2462 3694 2662 3765 αγορίᾳ
2723 3693 3082 3747 συντέθειται.
3127 3694 3265 3747 Ἀλλ’
3299 3694 3420 3746 οὐδὲ
3467 3696 3559 3746 ἐπὶ
3615 3693 3724 3746 τῶν
3780 3695 4042 3749 Ἰοὸιανοῦ

2462 3787 2670 3856 χρόνων
2703 3787 2832 3856 περὶ
2853 3785 2953 3854 τῆς
2979 3785 3448 3855 ένανθρωπησεως
3468 3785 3565 3837 τοῦ
3590 3785 3796 3856 Κυρίου
3838 3788 4045 3855 ἀμφισ-

2461 3877 2692 3949 ὕήτησίς
2748 3895 2832 3941 τις
2890 3877 3195 3946 ἐκεκίνητο,
3223 3878 3359 3930 ἀλλὰ
3391 3879 3520 3946 περὶ
3548 3877 3651 3947 τῆς
3699 3880 3757 3930 tv
3810 3881 3877 3948 τῇ
3916 3881 4044 3950 ἁγία

2462 3971 2654 4042 Τριάδι
2691 3970 3109 4039 όμουσιότητος,
3147 3963 3236 4022 οἷα
3276 3970 3377 4039 τῆς
3443 3971 3794 4041 ’Δρειανικῆς
3848 3974 4044 4040 μανίας

2461 4062 2768 4133 τηνικαῦτα
2795 4065 2916 4126 ταῖς
2954 4060 3308 4131 Ἐκκλησίαις
3351 4063 3654 4131 ὀχλούσηςο
3684 4066 3818 4134 περὶ
3851 4059 3922 4136 ἧς
3956 4066 4047 4118 καὶ

2465 4155 2498 4222 η
2553 4155 2765 4223 ἀληθὴς
2821 4153 3081 4224 ἐπιστολὴ
3131 4153 3225 4207 τοῦ
3252 4155 3310 4206 tv
3339 4154 3516 4221 ἁγίοις
3555 4155 3882 4210 ’Δθανασίου
3912 4157 4046 4224 πρὸς

2477 4244 2738 4298 Ἰοδιανὸν
2791 4245 3155 4317 γεγραμμένη
3208 4242 3520 4319 φέρεται,ᾖ
3560 4248 3654 4300 καὶ
3686 4247 3994 4318 Γρηγόριος
4021 4249 4048 4300 ὁ

781 4339 1043 4407 Θεολόγος
1102 4342 1158 4392 έν
1208 4336 1289 4407 τῷ
1340 4335 1612 4403 ἐπιταςίῳ
1682 4352 1776 4386 του
1821 4333 1976 4402 ἁγίου
2037 4334 2358 4389 Ἀθανασίου
2420 4341 2714 4408 μαρτυρεῖ,
2787 4339 2884 4391 καὶ
2935 4338 3200 4409 Τιμόθεος
3272 4341 3302 4392 ό
3358 4339 3609 4409 μαθητὴς
3671 4339 4047 4411 Ἀπολιναρίου

782 4432 988 4500 ταύτην
1011 4431 1316 4500 όλόγραφον
1344 4430 1402 4480 ὲν
1431 4430 1498 4497 τῇ
1526 4426 1706 4493 οἰκεία
1725 4427 1941 4495 τίθησιν
2002 4427 2214 4498 ἱστορία
2248 4428 2350 4498 εχοι

2450 4447 2478 4482 ν
2508 4430 2702 4493 οὕτως.
2765 4428 3038 4502 (Sequitur
3099 4432 3239 4484 edita
3300 4431 3585 4487 Athanasii
3632 4434 3705 4487 ad
3764 4435 4047 4489 Jac-ianum

781 4522 1000 4593 epistola
1011 4523 1048 4591 .)

855 4615 1012 4669 Nunc
1048 4622 1233 4667 autem
1267 4609 1336 4666 de
1354 4610 1647 4666 Timotheo
1667 4609 1860 4665 Eluro
1894 4611 2205 4681 loquamur,
2238 4625 2350 4666 cun

2543 4613 2626 4685 [Ρ.
2661 4612 2811 4685 254.]
2845 4613 3119 4682 Δείξωμεν
3144 4612 3201 4667 δι
3231 4615 3325 4666 καὶ
3355 4615 3624 4686 Τιμόθεον
3656 4616 3748 4671 τὸν
3788 4619 4051 4693 imo-.90..

785 4703 1103 4759 Manichaeis
1133 4703 1533 4758 consentiente.
1550 4701 1830 4756 contraria
1852 4715 1986 4756 vero
2015 4704 2226 4757 sanctis
2255 4702 2361 4757 Pa-

789 4797 967 4849 tribus
994 4793 1299 4849 Athanasio
1339 4791 1659 4863 Cyrilloque
1700 4792 1974 4857 docente;
2025 4793 2165 4848 dicit
2213 4795 2361 4848 enim

788 4885 903 4941 lia-c
929 4885 1073 4940 idem
1093 4884 1442 4948 Timotheus,
1457 4885 1638 4954 capite
1650 4895 1848 4940 octavo
1865 4885 1992 4939 libri
2011 4885 2363 4955 tertii,quem

790 4979 848 5035 in
891 4978 1242 5034 Chersoneso
1281 4977 1507 5047 scripsit
1547 4995 1561 5029 :
1613 4995 1631 5028 ι
1681 4977 1890 5032 Natura
1929 4986 2114 5034 autem
2155 4977 2364 5032 Christi

789 5071 906 5125 sola
943 5069 1208 5126 divinitas
1246 5078 1363 5134 est,
1394 5069 1500 5124 etsi
1541 5067 1712 5124 fuerit
1748 5069 2055 5125 incarnata.
2095 5089 2114 5121 ι
2162 5069 2368 5126 Eadem

790 5179 926 5220 vero
949 5161 1282 5219 Manichzeus
1306 5162 1555 5218 scribens
1583 5157 1638 5217 iri
1669 5163 1900 5232 epistola
1924 5162 1992 5218 ad
2021 5163 2367 5227 Cundarum,

792 5254 909 5309 haec
925 5253 1090 5308 dicit:
1113 5271 1131 5303 ι
1152 5253 1265 5309 Una
1284 5265 1478 5309 natura
1495 5254 1912 5318 esttotum,etsi
1929 5254 2182 5310 videatur
2196 5255 2369 5326 figura

792 5345 996 5401 carnis.
1031 5363 1052 5398 ι
1083 5344 1165 5401 Ad
1199 5345 1318 5400 haec
1346 5355 1531 5402 autem
1561 5347 1820 5410 dicimus,
1839 5348 1882 5401 si
1911 5347 2067 5415 juxta
2098 5346 2369 5402 insaniam

793 5437 1070 5494 Timothei
1101 5444 1300 5491 natura
1322 5435 1525 5493 Christi
1551 5440 1621 5493 sit
1644 5441 1762 5496 sola
1784 5439 2072 5504 divinitas,
2088 5439 2368 5496 Christum

793 5544 928 5600 ergo
965 5544 1085 5584 esse
1121 5531 1342 5586 Patrem
1382 5546 1449 5584 ac
1489 5530 1755 5601 Spiritum
1799 5539 2093 5597 sanctum;
2133 5549 2243 5587 una
2286 5544 2372 5588 est

794 5619 945 5671 enim
982 5628 1176 5672 natura
1207 5620 1551 5687 divinitatis,
1579 5621 1761 5675 Patris
1799 5622 2044 5686 scilicet,
2072 5631 2131 5676 ct
2159 5623 2281 5676 Filii
2315 5633 2372 5676 et

837 5731 946 5812 .(5)
978 5730 1244 5812 :‘fotemus
1276 5735 1596 5812 praeclarum
1627 5735 1924 5812 Iustiniani
1958 5740 2092 5812 imp.
2128 5739 2379 5812 testimo-

797 5801 948 5857 nium
981 5800 1050 5856 de
1091 5800 1353 5874 perpetua
1399 5805 1767 5861 Romanorum
1813 5800 2140 5863 Pontificum
2182 5810 2375 5863 ortho-

2475 4704 2744 4773 σύμφωνα
2784 4705 2886 4772 μὲν
2939 4705 3282 4775 Μανιχαίων,
3314 4707 3538 4759 ἐναντία
3589 4708 3648 4762 δι
3698 4711 3813 4771 τοῖς
3867 4712 4050 4772 αὐτοῖς

2472 4797 2652 4863 ἁγίοις
2685 4799 2966 4868 Πατράσιν
3001 4783 3306 4870 Ἀθανασίῳ
3327 4801 3424 4854 καὶ
3465 4802 3723 4871 Κυρίλλῳ
3745 4807 4050 4875 φρονήσανο

2471 4905 2559 4941 τα.
2587 4889 2754 4956 Λέγει
2785 4889 2896 4960 γὰρ
2922 4891 2952 4942 ό
2981 4891 3144 4953 αὐτὸς
3169 4891 3438 4962 Τιμόθεος
3464 4895 3522 4947 tv
3551 4893 3631 4963 τῷ
3677 4895 3853 4966 ὀγδόῳ
3881 4914 4047 4965 xw:-

2472 4978 2612 5048 λαίιρ
2640 4977 2738 5032 τοῦ
2777 4979 2964 5050 τρίτου
2989 4979 3224 5049 βιϐλίου,
3255 4981 3396 5054 ὅπερ
3424 4984 3484 5035 tv
3513 4983 3760 5054 Χέρσωνι
3789 4987 4051 5058 συνέγρα-

2470 5068 2539 5138 ψε
2564 5069 2720 5123 τάδε·
2759 5088 2778 5122 ι
2804 5071 2970 5136 Φύσις
2995 5071 3053 5126 δὲ
3077 5073 3316 5143 Χριστοῦ
3348 5073 3484 5144 μόνη
3516 5075 3732 5144 θεότης,
3755 5079 3808 5131 εί
3847 5079 3944 5133 καὶ
3972 5097 4048 5133 σευ

2474 5162 2778 5233 σάρκωται.
2799 5180 2819 5214 ι
2855 5163 2939 5218 Τὰ
2973 5164 3122 5218 αὐτὰ
3153 5164 3212 5218 δὲ
3258 5166 3561 5236 Μανιχαῐος
3590 5168 3823 5240 γράφων
3871 5183 3935 5222 εν
3988 5171 4050 5235 τῇ

2473 5257 2611 5326 πρὸς
2643 5257 2958 5330 Κοὺνδαρον
2978 5259 3262 5331 ὶπιστολῇ,
3299 5259 3452 5328 λέγει
3487 5261 3612 5316 τάδε
3635 5277 3649 5291 ⁸
3697 5279 3717 5313 ι
3745 5263 3865 5317 Μία
3895 5263 4052 5331 φύσις

2473 5349 2535 5401 τὸ
2567 5348 2714 5411 ὅλον,
2767 5351 2815 5402 εί
2871 5353 2966 5403 καὶ
3016 5351 3219 5420 σαρκὸς
3276 5352 3464 5421 ώρᾶτο
3514 5353 3724 5422 μορφή.
3756 5371 3777 5404 ι
3823 5353 3967 5424 Πρὸς
4000 5355 4052 5406 Et

2476 5443 2652 5494 ταῦτα
2706 5442 2960 5510 λέγομεν.
2993 5443 3075 5494 ὃτι
3124 5443 3172 5494 εἰ
3221 5443 3363 5496 κατὰ
3421 5443 3519 5511 τὴν
3559 5445 3744 5498 ἄνοιαν
3788 5445 4051 5516 τιμοθίου

2479 5531 2645 5596 φύσις
2688 5532 2933 5600 Χριστοῦ
2985 5533 3122 5600 μόνη
3179 5531 3394 5602 θεότης,
3451 5533 3688 5602 Χριστὸς
3740 5535 3848 5604 ἄρα
3902 5538 3990 5589 aut
4026 5536 4053 5585 6

2481 5624 2671 5694 Πατὴρ
2731 5626 2827 5677 καὶ
2868 5624 2929 5676 τὸ
2978 5625 3134 5689 ἆγιον
3191 5623 3450 5695 Πνεῦμα⁹
3501 5627 3601 5694 μία
3645 5626 3756 5698 γὰρ
3803 5630 4054 5697 θεότητος

2491 5739 2676 5814 doxia,
2709 5761 2833 5798 cum
2877 5756 2954 5800 tot
2983 5758 3176 5802 contra
3225 5746 3433 5800 fuerint
3462 5747 3514 5800 in
3564 5746 3781 5802 caeteris
3826 5743 4054 5814 patriar-

2486 5811 2737 5868 chalihu;
2768 5817 2994 5870 sedibus
3022 5829 3269 5886 pastores
3301 5818 3568 5872 haeretici.
