4220 6442
262 394 403 461 1133

1171 388 1617 452 TRACTATUS
1653 386 1957 449 CONTRA
1991 387 2597 450 MONOPHYSK'I‘AQ.

3397 399 3535 467 1134

262 526 428 580 μενος
476 508 623 572 λέγει
669 506 844 562 ταῦτα
879 503 973 558 καὶ
1023 502 1092 555 τά
1136 500 1347 563 τούτοις
1378 500 1544 569 ὃμοια
1573 514 1587 528 ·
1628 516 1645 548 ι
1683 497 1763 551 Τά
1791 513 1819 549 τ

1954 496 2331 561 Alexandriae,
2366 497 2481 552 lucc
2520 509 2573 552 ct
2616 499 2703 552 his
2746 499 2946 554 similia
2991 501 3196 572 profert
3238 523 3250 536 ο
3304 525 3323 558 ι
3369 508 3534 584 Signa

260 611 471 682 σημεῖα
501 609 679 660 πάντα
712 606 813 657 ὃσα
845 602 1126 671 ἐποίησεν,
1162 599 1257 651 καὶ
1315 598 1372 649 at
1422 596 1703 666 δυνάμεις,
1742 596 1845 648 δεί-

257 718 454 755 κνυσιν
486 699 649 752 αὑτὸν
674 697 808 748 θεὸν
851 688 1402 757 ἐνανθρωπήσαντα
1423 703 1437 717 ·
1465 689 1534 741 τὰ
1563 689 1846 757 συναμφι-

256 809 396 863 τερα
425 791 609 844 τοίνυν
642 789 942 848 δείκνυται,
967 783 1200 846 ὅτιθεὸς
1219 778 1288 852 ἦν
1313 780 1498 849 φύσει,
1526 783 1616 835 καὶ
1635 781 1850 847 ἐγένετο

256 882 549 948 ἄνθρωπος
583 880 768 948 φύσει.
806 895 824 927 ι

328 974 417 1047 [Ρ.
452 971 609 1044 ενι]
652 974 744 1024 Δεῖ
778 970 835 1023 δὲ
867 968 1164 1037 προσέχειν
1196 968 1288 1020 τὸν
1326 965 1473 1030 νοῦν,
1515 966 1597 1021 ὅτι
1627 965 1798 1019 εἰπὼν
1819 969 1849 1019 ὁ

266 1064 596 1125 ’Λπόστολος
636 1065 727 1127 ὃς,
759 1061 858 1132 τὴν
893 1061 1196 1115 ὑπόστασιν
1224 1058 1318 1112 τοῦ
1348 1059 1523 1127 Λόγου
1571 1060 1844 1129 ἐσήμανεν

248 1159 310 1210 tv
351 1159 420 1227 τῇ
468 1155 565 1208 τοῦ
599 1155 734 1207 θεοῦ
780 1154 1053 1225 ὑπάρχειν
1098 1154 1305 1223 μορφῇ,
1334 1153 1473 1224 ὅπερ
1507 1151 1657 1205 ἐστὶν
1686 1153 1744 1204 tv
1771 1154 1838 1223 τῇ

245 1250 415 1316 οὐσία
456 1247 552 1301 τοῦ
608 1247 846 1318 Πατρός.
901 1247 1015 1300 Καὶ
1051 1248 1153 1300 οὑκ
1204 1242 1359 1299 εἶπεν
1391 1247 1474 1299 ὃτι
1512 1244 1620 1298 τὸν
1649 1244 1841 1313 ὑπάρ-

246 1357 440 1411 χοντα
472 1340 544 1392 ἐν
580 1338 786 1409 μορφῇ
814 1339 1043 1393 δούλου
1088 1338 1329 1401 ἔλασεν,
1375 1338 1463 1391 ἵνα
1496 1338 1570 1408 μὴ
1596 1343 1844 1409 προὺπο-

243 1434 457 1487 στάντα
488 1433 637 1504 δείξῃ
665 1435 759 1486 τὸν
789 1432 1080 1503 ἄνθρωπον
1108 1433 1249 1485 κατά
1278 1432 1378 1503 τὴν
1403 1431 1703 1502 Νεστορίου
1735 1449 1842 1503 μα-

241 1527 369 1579 νίαν
387 1542 403 1558 ·
427 1526 548 1578 ἀλλ’
596 1522 750 1578 εἶπεν
773 1526 856 1578 ὅτι
880 1525 1127 1594 μορφὴν
1154 1525 1384 1579 δούλου
1416 1526 1656 1592 ἐλαϐεν,
1686 1542 1841 1578 τουτ-

240 1618 399 1671 έστιν
445 1618 638 1671 οὐσίαν
685 1617 1016 1690 ἀνθρώπου·
1057 1618 1276 1682 δεικνὺς
1310 1620 1392 1671 ὅτι
1434 1622 1502 1689 τῇ
1538 1619 1838 1672 ὑποστάσει

237 1709 340 1762 τοῦ
370 1711 549 1780 Λόγου
576 1711 677 1781 τὴν
716 1711 951 1781 ὓπαρξιν
998 1711 1156 1781 εσχεν
1185 1715 1219 1782 ἡ
1254 1712 1412 1784 σάρξ,
1456 1713 1545 1767 ἵνα
1578 1709 1660 1777 εἷς
1692 1714 1838 1766 καὶὸ

235 1804 408 1868 αὑτὸς
429 1806 488 1857 tv
509 1806 609 1875 μιᾷ
626 1806 925 1859 ὑποστάσει
953 1807 1238 1877 ὑπάρχων,
1270 1806 1330 1858 tv
1360 1807 1600 1877 ἑκατέρᾳ
1625 1810 1830 1879 μορφῇ,

233 1900 513 1950 τουτέστιν
561 1898 744 1966 φύσει,
778 1898 1115 1968 γνωρίζηται
1144 1902 1211 1969 τῇ
1245 1898 1364 1971 θείᾳ
1404 1916 1465 1952 τε
1504 1902 1598 1953 καὶ
1620 1899 1831 1972 ἀνθρω-

235 1989 406 2059 πίνῃ·
449 1989 607 2059 δῆλον
653 1991 764 2061 γὰρ
808 1992 893 2044 ὅτι
941 1990 972 2042 ὁ
1014 1990 1148 2053 Θεὸς
1185 1992 1359 2059 Λόγος
1394 1991 1677 2064 γεννηθεὶς
1725 1994 1833 2064 πρὸ

232 2099 465 2136 παντων
507 2085 618 2135 τῶν
660 2083 873 2136 αἰώνων
923 2086 987 2137 ἐκ
1020 2083 1117 2136 τοῦ
1155 2084 1390 2154 ῐιατρὸς,
1435 2085 1497 2137 οὑ
1526 2086 1626 2154 τῆς
1659 2087 1832 2155 αὐτῆς

232 2174 598 2240 ὑποστάσειῦς
624 2178 743 2229 ἐστι
799 2177 880 2246 τῷ
908 2177 1106 2248 Πατρὶ,
1137 2176 1274 2231 ἀλλὰ
1305 2178 1406 2248 τῆς
1435 2180 1609 2247 αὐτῆς
1642 2179 1830 2242 οὐσίας

230 2269 363 2323 καθ’
389 2270 421 2322 ὃ
450 2269 607 2332 Θεὸς,
643 2269 781 2322 ίδίαν
812 2270 869 2322 δὲ
897 2269 1012 2339 εχει
1040 2270 1140 2340 τὴν
1174 2269 1478 2324 ὑπόστασιν
1514 2271 1637 2325 καθ’
1665 2272 1694 2326 ὂ
1722 2272 1823 2326 Λόο

228 2380 354 2430 γος.
388 2364 498 2416 Καὶ
524 2364 611 2415 ἐπ’
644 2363 876 2432 ἐσχάτου
896 2363 1006 2415 τῶν
1037 2364 1261 2434 ἡμερῶν
1291 2364 1576 2433 γεννηθεὶς
1603 2365 1632 2417 ὁ
1664 2364 1825 2430 αὐτὸς

229 2456 382 2510 κατὰ
419 2456 602 2527 σάρκα
643 2457 709 2510 ὲκ
765 2458 866 2526 τῆς
914 2457 1079 2526 ἁγίας
1127 2457 1341 2522 ἐνδόξου
1396 2456 1677 2527 Παρθένου
1731 2459 1829 2539 διαὶ

227 2551 504 2605 Θεοτόκου
549 2552 790 2622 Μαρξαε,
831 2553 894 2606 οὑ
941 2555 1041 2616 τῆς
1087 2552 1259 2621 αὐτῆς
1287 2550 1641 2617 ὑποστάσεὼς
1679 2555 1796 2607 ἐστι

226 2648 302 2716 τῇ
333 2645 541 2716 Μητρὶ,
581 2644 718 2699 ἀλλὰ
746 2648 847 2716 τῆς
871 2646 1042 2714 αὐτῆς
1065 2644 1274 2707 οὐσίας.
1296 2641 1427 2698 Εἶτα
1454 2646 1572 2707 πῶς
1595 2648 1645 2699 οἱ
1665 2647 1825 2700 Ἀκέ-

230 2736 401 2805 φαλοι
442 2737 539 2789 δύο
577 2738 937 2790 ὑποστάσεων
978 2737 1177 2790 ἕνωσιν
1217 2737 1465 2806 λέγουσι,
1513 2738 1689 2792 καίτοι
1732 2738 1828 2792 δύο

230 2827 596 2881 ὑποστάσεων
628 2828 825 2881 ἕνωσιν
856 2829 959 2900 τὴν
997 2828 1122 2882 καθ’
1166 2830 1468 2883 ὑπόστασιν
1510 2832 1612 2884 οὑκ
1647 2832 1828 2885 ἐπιδε-

227 2919 520 2990 χομένωνς
576 2920 647 2972 Ἢ
689 2917 946 2987 ἀγνοοῦσι
977 2920 1059 2973 ὅτι
1099 2923 1195 2974 καὶ
1238 2921 1533 2990 Νεστόριος
1581 2921 1670 2977 διὰ
1727 2923 1826 2993 τὴν

225 3011 495 3082 τοιαύτην
528 3011 740 3081 πλάνην
762 3011 1086 3083 κατεκρίθη.
1117 3011 1214 3065 δύο
1243 3014 1573 3077 ὑποστάσεις
1603 3016 1698 3068 ἐπὶ
1725 3020 1824 3087 τῆς

223 3104 551 3173 οἰκονομίας
567 3104 803 3173 εἰσάγων
827 3122 842 3169 ;
885 3103 1045 3157 Ἀλλὰ
1068 3103 1275 3158 τούτων
1303 3104 1477 3167 οὕτως
1508 3106 1700 3172 ὅντων,
1726 3108 1823 3162 καὶ

1950 591 2133 645 omnia
2165 607 2511 662 quamunquc
2541 592 2695 658 fecit,
2725 602 2781 647 et
2811 594 3069 660 virtutes,
3097 598 3167 653 de
3200 598 3294 655 illo
3322 610 3533 658 testan-

1951 693 2039 736 tur
2063 684 2207 752 quod
2238 687 2383 739 Deus
2410 685 2476 738 sit
2504 685 2815 740 incarnatus
2841 703 2859 741 :
2890 698 3185 760 utrumque
3209 700 3340 763 ergo
3365 696 3530 750 simul

1948 775 2378 840 demonstratur,
2407 779 2559 831 illum
2606 794 2805 849 nempe
2846 790 3039 835 natura
3079 782 3253 839 Deum
3297 800 3447 850 csse.
3475 803 3534 844 ct

1947 866 2151 920 factum
2177 867 2348 922 fuisse
2378 881 2573 925 natura
2604 871 2905 926 hominem.
2942 891 2959 924 ι

2018 960 2431 1015 Attendendum
2482 970 2567 1017 est
2614 976 2831 1031 autem,
2873 966 3203 1037 Apostolum
3252 968 3534 1028 dicentem

1946 1054 2065 1123 qui,
2095 1053 2414 1124 hypostasin
2442 1053 2606 1110 Verbi
2641 1056 2696 1110 in
2727 1056 2825 1111 Dei
2854 1057 3029 1113 forma
3058 1059 3329 1117 exsistere
3358 1063 3529 1136 signi-

1946 1144 2139 1201 ficasse
2164 1187 2178 1211 ,
2214 1145 2361 1216 quod
2407 1156 2494 1202 est
2540 1147 2597 1202 in
2647 1147 2956 1203 substantia
2998 1150 3199 1208 Patris.
3234 1152 3357 1209 Non
3399 1171 3532 1212 vero

1943 1237 2085 1292 dixit
2121 1241 2459 1294 cxsistentem
2502 1242 2557 1295 in
2602 1241 2777 1311 [arma
2813 1244 2954 1296 servi
2994 1248 3340 1317 assumpsisse
3362 1258 3408 1315 ⁸,
3434 1266 3528 1315 ne,

1937 1333 2093 1400 juxta
2133 1331 2374 1385 Nestorii
2418 1331 2716 1399 insaniam,
2742 1334 3024 1391 hominem
3049 1342 3527 1408 praeexsistentem

1941 1422 2287 1487 ostenderet;
2324 1424 2419 1478 sed
2453 1423 2593 1479 dixit
2624 1426 2859 1495 [oratam
2891 1430 3030 1483 servi
3066 1434 3347 1503 accepisse,
3374 1437 3529 1491 scili-

1941 1523 2028 1569 cet
2067 1515 2433 1570 substantiam
2478 1516 2751 1585 bominis;
2798 1521 3105 1578 ostendens
3145 1522 3200 1578 in
3244 1525 3526 1598 bypostasi

1942 1607 2109 1662 Verbi
2159 1609 2539 1664 exsistentiam
2592 1611 2797 1667 habere
2846 1628 3105 1685 carnem,
3152 1626 3209 1671 ut
3264 1634 3410 1676 unus
3461 1639 3527 1679 ac

1940 1699 2086 1754 idem
2137 1700 2192 1754 in
2241 1716 2351 1756 una
2400 1703 2680 1773 hypostasi
2728 1706 3034 1772 exsistens,
3081 1708 3138 1763 in
3191 1722 3526 1784 unaquaque

1939 1792 2116 1847 forma
2135 1834 2148 1857 ,
2180 1794 2396 1850 scilicet
2421 1804 2650 1858 natura,
2678 1795 2867 1852 divina
2894 1807 3061 1868 atque
3093 1799 3331 1859 humana
3359 1819 3531 1876 agno.

1937 1898 2149 1952 scatur;
2188 1894 2339 1956 patet
2367 1886 2518 1942 enim
2554 1888 2728 1944 Deum
2760 1889 3001 1946 Verbum
3037 1901 3226 1948 natum
3261 1895 3332 1950 de
3363 1896 3528 1954 Patre

1934 1988 2065 2032 ante
2089 1978 2275 2033 omnia
2296 1980 2496 2034 saecula
2517 1995 2627 2035 non
2648 1996 2771 2037 esse
2791 1982 3039 2053 ejusdem
3062 1985 3376 2056 hypostasis
3395 2006 3522 2045 cum

1935 2071 2124 2136 Patre,
2159 2072 2254 2127 sed
2289 2073 2538 2145 ejusdem
2573 2075 2899 2132 substantiae
2930 2093 3037 2148 qua
3071 2080 3219 2135 Deus
3250 2092 3365 2149 est,
3392 2074 3524 2154 pro-

1934 2164 2113 2233 priam
2151 2180 2284 2220 vero
2335 2166 2678 2238 hypostasim
2728 2168 2932 2226 habere
2976 2187 3086 2242 qua
3124 2174 3369 2230 Verbum
3414 2188 3520 2233 est.

1936 2257 2084 2312 Idem
2124 2269 2310 2314 autem
2351 2260 2406 2314 in
2441 2260 2747 2317 novissimo
2778 2262 2994 2321 dierum
3038 2268 3350 2323 secundum
3394 2285 3522 2325 car-

1932 2366 2061 2405 nem
2096 2356 2262 2406 natus
2293 2367 2326 2405 e
2360 2361 2551 2408 saneta
2578 2362 2636 2408 et
2661 2355 2905 2425 gloriosa
2938 2357 3164 2428 Virgine
3194 2358 3367 2417 Matre
3396 2360 3519 2426 Dei,

1929 2443 2181 2515 ejusdem
2209 2444 2522 2516 hypostasis
2545 2461 2657 2500 non
2681 2454 2769 2502 est
2790 2464 2918 2504 cum
2943 2459 3142 2518 matre,
3157 2452 3253 2507 sed
3269 2455 3518 2526 ejusdem

1930 2536 2279 2592 substantiae.
2314 2537 2527 2594 Deinde
2570 2540 2848 2611 quomodo
2885 2541 3149 2614 Acephali
3197 2544 3267 2599 de
3312 2546 3520 2603 unione

1932 2632 2302 2702 hypostaseon
2348 2631 2584 2688 duarum
2637 2635 2972 2705 loquuntur,
3014 2639 3122 2693 etsi
3175 2638 3520 2711 hypostatice

1932 2725 2196 2779 unionem
2231 2740 2341 2780 non
2377 2726 2673 2784 admittant
2703 2729 2827 2783 dua:
2857 2730 3521 2804 hypostases?lgnorant-

1930 2832 2000 2871 ne
2037 2815 2348 2871 istiusmodi
2388 2818 2603 2873 erroris
2640 2833 2807 2874 causa
2841 2819 3516 2879 Nestorium-damnatum

1927 2908 2131 2973 fuisse,
2161 2907 2301 2963 duas
2328 2909 2655 2980 hypostases
2686 2911 2740 2965 in
2768 2913 3133 2969 oeconomiam
3164 2914 3518 2972 subinferen-

1929 3001 2073 3056 tem?
2107 3000 2216 3056 Sed
2244 3001 2498 3071 quamvis
2525 3002 2644 3057 btec
2674 3004 2750 3059 ita
2782 3004 2920 3069 siut,
2949 3004 3191 3062 Nestorii
3221 3008 3514 3079 omnisque

1927 3091 2204 3149 lnereseos
2230 3094 2488 3164 dogmata
2518 3095 2925 3165 impudentiora
2951 3097 3110 3153 fateri
3140 3100 3355 3157 malunt
3374 3103 3516 3159 Ace-

224 3198 529 3267 Νεστορίου
563 3199 657 3250 καὶ
687 3196 870 3266 πάσης
906 3196 1109 3267 μᾶλλον
1138 3198 1407 3269 αἱρέσεως
1440 3198 1817 3272 βδελυρώτερα

1928 3183 2106 3256 phali,
2130 3200 2296 3254 quam
2328 3184 2549 3242 veritati
2579 3187 2869 3242 assentire.
2906 3187 3031 3245 llaec
3066 3198 3248 3246 autem
3283 3208 3314 3246 a
3348 3194 3511 3250 nobis

223 3291 480 3361 δόγματα
519 3291 702 3359 λέγειν
726 3292 1012 3359 ἀνέχονται
1039 3291 1087 3342 oi
1126 3289 1437 3360 Ἀκέφαλοι,
1463 3291 1497 3361 ἢ
1547 3295 1819 3348 συναινεῖν

1928 3279 2041 3334 illis
2080 3277 2316 3334 dicenda
2355 3292 2506 3333 sunt.
2540 3278 2689 3335 Idem
2719 3297 2852 3336 vero
2882 3282 3113 3339 verbum
3144 3287 3389 3355 Apostoli
3424 3289 3483 3344 in

222 3387 295 3455 τῇ
328 3383 581 3454 ἀληθείᾳ.
619 3383 730 3435 Καὶ
772 3381 951 3435 ταῦτα
997 3382 1095 3452 μὲν
1127 3383 1291 3451 ἡμεῖς
1320 3383 1459 3452 πρὸς
1492 3383 1713 3447 αὐτούς.
1747 3386 1821 3439 Τὸ

221 3476 272 3528 δ’
307 3476 445 3529 αὑτὸ
475 3474 572 3528 τοῦ
624 3473 955 3528 Ἀποστόλου
988 3472 1152 3544 ῥητὸν
1178 3473 1545 3544 ἐξηγούμενος
1573 3478 1668 3530 καὶ
1695 3479 1725 3530 ὁ
1763 3476 1821 3531 ὲν

221 3569 411 3637 ἁγίοις
451 3567 779 3637 Ἀμόρόσιος
827 3569 887 3620 tv
938 3566 1019 3637 τῷ
1065 3567 1205 3620 κατὰ
1250 3566 1632 3639 ’Δπολιναρίου
1675 3569 1821 3640 λόγῳ

222 3663 436 3734 γράφει
462 3662 589 3715 τάδε
611 3678 625 3693 ο
658 3680 678 3713 ι
718 3660 1000 3717 Κάλλιστα
1031 3659 1302 3732 κέχρηται
1351 3664 1418 3733 τῇ
1472 3662 1583 3717 τῶν
1629 3663 1814 3717 αὐτῶν

222 3749 572 3818 ἐπαναλήψει
607 3750 925 3818 ῥημάτωνὺ
968 3750 1294 3814 Ἀπόστολος
1341 3751 1516 3820 λέγων
1563 3755 1691 3823 περὶ
1717 3754 1811 3807 τοῦ

221 3842 438 3911 Κυρίου
484 3842 640 3912 ἡμῶν
675 3841 846 3912 Ἰησοῦ
885 3842 1124 3913 Χριστοῦ
1150 3859 1163 3873 ο
1197 3846 1304 3909 ’ος
1330 3844 1400 3897 ἐν
1431 3844 1634 3914 μορφῇ
1665 3847 1813 3900 Θεοῦ

220 3933 520 4003 ὑπάρχων
542 3974 556 3992 ,
597 3936 712 4002 οὐχ
753 3934 1071 4002 ἁρπαγμὸν
1107 3934 1383 4003 ἡγήσατο
1420 3934 1489 3988 τὸ
1526 3931 1678 3991 εἶναι
1709 3936 1815 3990 ἵσιι

222 4022 372 4092 Θεῷ.
400 4026 539 4081 ἀλλ’
569 4026 791 4080 ἑαυτὸν
810 4027 1104 4094 ἐκένωσε,
1162 4026 1404 4096 μορφὴν
1438 4027 1667 4081 δούλου
1702 4032 1814 4082 λα-

217 4120 436 4176 ain-Ii
455 4122 571 4173 ἐστι
597 4120 781 4191 μορφὴ
808 4117 968 4179 Θεοῦ,
997 4119 1043 4170 εί
1075 4117 1149 4189 μὴ
1169 4120 1226 4171 ὲν
1238 4118 1317 4189 τῷ
1349 4118 1685 4190 πληρώματι
1713 4124 1810 4193 τῆς

218 4215 483 4283 θεότητος
532 4215 713 4275 ἐκεῖνο
760 4213 858 4282 τῆς
907 4210 1062 4275 θείας
1089 4211 1430 4283 τελειότητος
1463 4214 1807 4286 ἐκτὺπωμας

216 4305 437 4359 Οὐκοῦν
497 4308 557 4358 tv
610 4304 690 4376 τῷ
721 4303 916 4375 τελείῳ
966 4305 1069 4375 τῆς
1114 4302 1373 4377 θεότητος
1406 4304 1502 4373 ὢν,
1539 4307 1810 4362 ἐκένωσεν

214 4399 435 4463 ἑαυτὸν,
472 4400 571 4452 καὶ
599 4398 757 4451 ἔλαϐε
828 4398 890 4451 τὸ
927 4398 1136 4451 τέλειον
1181 4399 1282 4469 τῆς
1336 4399 1475 4453 κατὰ
1518 4400 1810 4471 ἄνθρωπον

212 4491 436 4561 φύσεως
483 4490 806 4561 ὁλοκλήρου·
853 4490 948 4544 καὶ
991 4489 1070 4553 ὡς
1103 4489 1257 4543 οὐδὲν
1306 4489 1462 4545 ἔλιπε
1535 4493 1616 4564 τῷ
1661 4494 1803 4564 Θεῷ,

210 4589 392 4652 οὕτως
424 4586 547 4641 οὔτε
580 4589 660 4658 τῷ
685 4586 1047 4658 καταρτισμῷ
1086 4587 1165 4658 τῷ
1203 4587 1345 4642 κατὰ
1372 4589 1466 4642 τὸν
1491 4588 1800 4660 ἄνθρωπον,

211 4682 304 4734 ῐνα
341 4679 551 4743 τέλειος
581 4682 640 4733 ὲν
670 4680 908 4752 ἑκατέρᾳ
939 4680 1099 4749 φύσει
1124 4681 1392 4753 τυγχάνῃ.
1432 4701 1451 4733 ι

286 4769 369 4843 [Ρ.
403 4770 759 4842 244.Γ1κανὰ
787 4763 886 4843 μὲν
917 4768 1013 4827 οὖν
1043 4773 1329 4843 ἡγούμεθα
1358 4775 1496 4845 πρὸς
1526 4776 1801 4844 ἀπόδειξιν

208 4864 311 4917 τοῦ
343 4864 474 4935 μίαν
514 4863 615 4935 μὲν
659 4864 996 4929 ὑπόστασιν,
1044 4866 1167 4937 ἦτοι
1207 4866 1267 4919 tv
1314 4866 1621 4939 πρώσωπον
1659 4865 1799 4925 εἷναι

206 4956 310 5010 τοῦ
342 4957 550 5028 Κυρίου
578 4956 739 5027 ἡμῶν
786 4956 959 5028 Ἰησοῦ
985 4958 1243 5029 Χριστοῦ,
1271 4961 1328 5013 tv
1356 4960 1477 5014 δυσὶ
1508 4961 1566 5015 δὲ
1598 4962 1796 5032 φύσεσι

207 5049 379 5103 αὑτὸν
410 5049 800 5120 γνωρίζεσθαι,
829 5052 1110 5105 τουτέστιν
1135 5054 1194 5106 tv
1228 5052 1443 5124 θεότητι
1468 5056 1562 5107 καὶ
1586 5055 1799 5127 ἀνθρω-

206 5141 434 5211 πότητι,
462 5142 531 5196 τά
563 5159 624 5193 τε
668 5144 733 5195 ἐκ
767 5143 868 5214 τῆς
912 5141 1064 5209 θείας
1104 5143 1327 5216 Γραφῆς
1355 5147 1447 5200 καὶ
1483 5149 1593 5200 τῶν
1621 5149 1797 5217 ἁγίων

203 5237 344 5305 ἡμῖν
399 5234 846 5306 παρατεθειμένα
905 5236 1205 5309 Πατέρων,
1268 5238 1315 5290 εί
1363 5240 1458 5293 καὶ
1518 5240 1674 5309 ὀλίγα
1731 5242 1795 5295 ἐκ

205 5325 425 5382 πολλῶν
474 5326 871 5398 προηγάγομεν
894 5368 908 5391 ,
951 5328 1040 5383 ἵνα
1078 5328 1154 5401 μὴ
1205 5329 1410 5400 πλῆθος
1439 5335 1554 5397 τοῖς
1582 5350 1795 5404 γραφο-

207 5418 398 5489 μένοις
424 5419 774 5488 ποιήσωμεν·
820 5417 963 5490 πλὴν
1005 5419 1195 5491 ἐπειδὴ
1234 5420 1387 5476 ἔστιν
1426 5425 1516 5476 ὅτε
1560 5425 1656 5478 καὶ
1688 5425 1796 5479 ὑπὸ

200 5509 317 5564 τῶν
347 5507 559 5578 ἐχθρῶν
590 5510 624 5579 ὴ
679 5508 912 5580 ἀλήθεια
942 5509 1293 5580 φανεροῦται,
1339 5511 1529 5584 ὥσπερ
1566 5508 1658 5568 οὖν
1699 5515 1796 5569 καὶ

199 5607 248 5659 oi
281 5602 537 5674 δαίμονες
566 5604 659 5658 τὶν
684 5604 923 5676 Χριστὸν
960 5605 1087 5658 Υἰδν
1117 5605 1210 5660 τοῦ
1237 5607 1374 5661 Θεοῦ
1425 5610 1519 5662 καὶ
1564 5608 1788 5671 ἄκοντες

197 5696 586 5771 ὡμολόγησαν,
612 5697 864 5770 δείξομεν
888 5700 984 5755 καὶ
1015 5700 1179 5754 αὐτὸν
1208 5700 1447 5771 Σευῆρον
1490 5703 1582 5755 τὸν
1628 5703 1788 5755 Ἀπο-

272 5886 297 5915 ⁶
321 5875 563 5947 Philipp.
591 5878 722 5946 11,6.
810 5888 824 5920 ι
856 5879 991 5936 ibid.
1028 5873 1081 5943 6,
1119 5882 1170 5935 τ.

1926 3379 2236 3441 terpretans
2269 3386 2495 3441 quoque
2528 3380 2754 3427 sanctus
2783 3373 3113 3431 Ambrosius
3149 3377 3205 3431 in
3246 3394 3505 3449 sermone

1924 3464 1993 3519 de
2021 3464 2391 3534 Apollinario,
2417 3465 2532 3520 haec
2562 3465 2761 3521 scribit
2792 3484 2806 3522 :
2845 3485 2865 3517 ι
2893 3467 3115 3538 Optime
3147 3470 3347 3527 horum
3378 3489 3503 3529 ver-

1926 3556 2124 3612 borum
2153 3556 2504 3611 iterationem
2534 3556 2795 3613 adhibuit
2819 3557 3147 3627 Apostolus,
3170 3560 3240 3617 de
3268 3562 3503 3619 Domino

1922 3658 2115 3705 nostro
2141 3649 2271 3705 Jesu
2303 3649 2526 3704 Christo
2555 3650 2745 3706 dicens
2783 3668 2797 3704 :
2833 3649 2935 3717 Qui
2965 3670 3084 3707 cum
3115 3656 3170 3708 in
3201 3655 3374 3725 {arma
3408 3657 3509 3713 Dei

1921 3752 2082 3807 esset,
2117 3759 2224 3795 non
2263 3743 2515 3813 rapinam
2551 3743 2843 3798 arbitratus
2884 3755 2959 3800 est
3000 3761 3111 3801 esse
3149 3764 3205 3802 se
3244 3750 3506 3821 (aqualem

1924 3834 2059 3897 Deo,
2088 3834 2180 3887 sed
2211 3835 2549 3903 semetipsum
2582 3837 2898 3901 exinaniuit,
2936 3838 3161 3906 formam
3193 3842 3333 3895 servi
3364 3844 3503 3896 acci-

1920 3929 2068 3997 piens
2100 3932 2141 3979 ι.
2175 3925 2319 3992 Quid
2365 3936 2451 3982 est
2496 3926 2670 3995 {arma
2724 3925 2821 3980 Dei
2836 3968 2851 3992 ,
2886 3928 2995 3983 nisi
3045 3929 3102 3984 in
3152 3930 3504 4000 plenitudine

1917 4019 2231 4075 divinitatis
2262 4019 2354 4074 illa
2379 4018 2586 4075 divina:
2617 4019 2978 4089 perfectionis
3006 4022 3331 4093 impressio?
3361 4024 3502 4081 Cum

1915 4115 2088 4184 igitur
2110 4121 2260 4168 esset
2286 4114 2343 4167 in
2378 4113 2485 4168 hoc
2512 4113 2753 4168 culmine
2782 4114 3110 4180 divinitatis,
3139 4117 3501 4188 semetipsum

1913 4205 2243 4271 exinanivit,
2271 4212 2438 4275 atque
2467 4206 2682 4275 accepit
2709 4206 2955 4276 perfecte
2983 4223 3050 4263 ac
3079 4208 3295 4280 integre
3324 4210 3502 4268 homi-

1913 4300 2003 4353 nis
2045 4307 2332 4364 naturam;
2371 4307 2542 4368 utque
2587 4299 2726 4353 nihil
2770 4300 2884 4354 Deo
2923 4300 3183 4371 reliquit,
3220 4303 3354 4358 item
3394 4319 3499 4359 nec

1913 4392 2305 4449 restaurationi
2349 4392 2622 4458 hominis,
2650 4404 2711 4448 ut
2751 4392 3029 4463 perfectus
3069 4395 3124 4450 in
3164 4412 3497 4463 unaquaque

1911 4494 2111 4542 natura
2146 4485 2512 4540 inveniretur.
2547 4504 2566 4538 ι

1981 4769 2062 4825 Ad
2094 4767 2590 4840 demonstrandum
2615 4766 2783 4837 igitur
2819 4782 2984 4821 unam
3014 4782 3138 4824 esse
3171 4766 3490 4841 bypostasm

1910 4862 2029 4915 sive
2052 4875 2218 4914 unum
2253 4874 2547 4929 personam
2578 4858 2797 4914 Domini
2832 4859 3008 4915 nostri
3028 4859 3159 4916 Jesu
3177 4859 3406 4927 Christi,
3436 4862 3490 4917 iu

1908 4952 2126 5008 duabus
2158 4967 2295 5007 vero
2326 4951 2546 5007 naturis
2580 4950 2761 5021 ipsum
2789 4950 3037 5022 agnosci,
3077 4952 3290 5008 scilicet
3321 4953 3376 5007 in
3403 4953 3492 5009 di-

1906 5045 2139 5101 vinitate
2189 5055 2247 5099 et
2301 5043 2689 5110 humanitate,
2727 5052 2854 5114 apta
2883 5042 3205 5100 censuimus
3246 5060 3370 5115 qua:
3423 5062 3494 5100 ex

1904 5140 2111 5195 divinis
2153 5137 2456 5207 Scripturis
2502 5138 2818 5206 sanctisque
2856 5137 3117 5191 Patribus
3148 5137 3490 5206 praebentur,

1904 5232 2008 5286 etsi
2042 5245 2216 5301 pauca
2244 5245 2310 5282 ex
2340 5227 2530 5282 multis
2585 5226 3017 5297 produxerimus
3042 5266 3057 5293 ,
3094 5242 3165 5281 ne
3197 5226 3490 5282 abundan-

1904 5325 2016 5378 tius
2029 5323 2293 5392 scriptum
2308 5320 2576 5375 faciamus
2593 5337 2608 5385 ;
2627 5319 2725 5374 sed
2750 5334 2877 5374 cum
2896 5318 3493 5391 aliquandocontingat

1901 5425 1965 5473 ut
1984 5416 2056 5471 ab
2075 5414 2350 5470 luereticis
2368 5412 2505 5483 ipsis
2524 5413 2732 5467 veritas
2749 5411 2994 5483 patefiat,
3016 5410 3488 5482 quemadmodum

1901 5521 2101 5567 extero
2131 5507 2410 5562 dmmones
2434 5506 2716 5562 Christum
2753 5504 2955 5572 Filium
2998 5504 3096 5560 Dei
3127 5505 3294 5560 etiam
3325 5504 3487 5561 inviti

1898 5602 2138 5661 confessi
2164 5610 2315 5665 sunt,
2346 5600 2705 5657 ostendemus
2725 5598 2908 5670 ipsum
2940 5610 3165 5668 quoque
3192 5595 3485 5664 Severum,

1901 5697 2225 5771 Apollinarii
2272 5708 2654 5751 successorem
2687 5691 3205 5762 Acephalorumque
3232 5704 3487 5747 errorem
