4220 6442
228 437 369 502 1137

1147 436 1592 500 TRACTATUS
1628 435 1931 498 CONTRA
1972 439 2574 500 MONOPHYSITAS.

3379 443 3516 508 1138

225 549 491 619 Πατὲρων
523 546 701 619 ὀρθῶς
731 545 1054 617 είρημένας,
1098 545 1253 615 παρὰ
1295 545 1354 600 δὲ
1397 544 1692 617 αἱρετικῶν
1720 563 1820 599 κα-

1932 548 2171 602 tlivinam
2198 547 2570 618 Scripturam,
2621 564 2687 603 ex
2732 564 2840 619 qua
2903 551 3146 607 llzurcliei
3191 570 3293 607 suo
3321 555 3519 609 tuorho

225 642 342 705 κῶς
376 638 873 711 ὲκλαμϐανομένας
912 638 1299 708 παραιτεῖσθαι
1355 638 1473 701 δεῖ,
1524 637 1618 692 καὶ
1653 637 1823 709 αὐτὴν

224 732 491 803 ἀθετήσει
519 730 618 801 τὴν
662 730 815 785 θείαν
853 729 1100 801 Γραφὴν,
1127 728 1189 795 ἐξ
1224 725 1292 801 ἧς
1322 729 1528 793 πάντες
1557 729 1826 799 αἱρετικοὶ

224 826 295 894 τῇ
336 820 517 895 οἰκείᾳ
549 823 872 893 συνηγορεῖν
926 821 1133 875 οἴονται
1191 821 1362 891 νόσῳ·
1409 822 1505 875 καὶ
1552 821 1714 890 δῆλον
1744 822 1826 875 ὅτι

226 915 374 969 κατὰ
417 916 547 978 τοὺς
593 913 804 968 ἐκείνου
851 913 1077 984 λήρους,
1105 912 1164 966 αἴ
1199 929 1259 965 τε
1296 912 1439 966 θεῖαι
1476 913 1694 984 Γραφαὶ
1734 914 1830 967 καὶ

225 1010 283 1061 αἱ
317 1007 429 1061 τῶν
463 1007 725 1079 Πατέρων
756 1004 1751 1094 παραδόσειςεάποδοκιμασθήσονται.

315 1094 480 1148 Ἀλλά
518 1094 691 1148 ταῦτα
722 1095 824 1165 μὲν
854 1096 1016 1165 ἡμεῖς
1040 1094 1177 1166 πρὸς
1204 1095 1331 1158 τοὺς
1360 1095 1677 1165 αἱρετικοὺς
1701 1095 1830 1150 ἀθε-

226 1186 465 1249 τοῦντας
515 1187 616 1254 τὴν
645 1186 756 1240 τῶν
792 1187 1057 1258 Πατέρων
1095 1187 1484 1242 διδασκαλίαν·
1525 1190 1559 1258 ἡ
1606 1188 1663 1241 δὲ
1697 1188 1831 1257 ἁγία

229 1278 326 1331 τοῦ
355 1279 493 1332 Θεοῦ
531 1278 829 1347 Ἐκκλησία
874 1278 975 1342 τὰς
1012 1280 1195 1349 μέντοι
1226 1280 1401 1344 αὑτὰς
1463 1280 1572 1333 τῶν
1621 1283 1831 1353 αἱρετι-

231 1370 349 1423 κῶν
400 1370 792 1441 ματαιολογίας
841 1369 1325 1441 ἀποστρεφομένη,
1379 1370 1727 1439 φυλάττουσα
1771 1370 1829 1424 δὲ

231 1465 335 1535 τὴν
378 1464 475 1517 τοῦ
531 1464 739 1534 Κυρίου
792 1463 888 1517 καὶ
929 1462 1041 1516 τῶν
1077 1463 1250 1533 ἁγίων
1282 1463 1601 1519 ἀποστόλων
1644 1482 1703 1519 τε
1737 1465 1832 1519 καὶ

232 1557 499 1626 Πατέρων
528 1556 853 1626 παράδοσιν,
886 1553 988 1609 ἕνα
1009 1556 1104 1609 καὶ
1133 1556 1225 1608 τὸν
1245 1554 1410 1608 αὑτὸν
1437 1553 1699 1626 κηρύττει
1732 1572 1831 1626 μο-

234 1648 434 1718 νογενῆ
458 1647 591 1701 Θεὸν
623 1648 798 1716 Λόγον
833 1647 1042 1720 Κύριον
1088 1644 1300 1718 Ἰησοῦν
1340 1646 1577 1717 Χριστὸν
1620 1648 1679 1700 ὲν
1724 1648 1833 1716 ἁμ-

235 1738 503 1807 φοτὲραις
539 1740 661 1800 ταῖς
687 1739 919 1801 οὐσίαις,
945 1739 1011 1809 τῇ
1063 1754 1124 1790 τε
1168 1735 1309 1790 Θεοῦ
1349 1737 1445 1790 καὶ
1493 1736 1709 1807 Πατρδς
1736 1736 1833 1789 καὶ

231 1836 301 1903 τῇ
335 1833 434 1903 τῆς
466 1832 747 1902 Παρθένου
774 1831 979 1904 μητρδς
1008 1830 1413 1904 γνωριζόμενον
1433 1849 1447 1864 ο
1480 1832 1575 1885 καὶ
1592 1832 1643 1883 οἱ
1672 1829 1832 1884 τοῦτο

1929 641 2172 696 remedia
2208 641 2433 697 haurire
2456 641 2767 697 confidunt.
2796 643 2953 698 Patet
2982 660 3135 715 ergo.
3172 646 3328 717 juxta
3366 646 3517 701 illius

1929 735 2188 804 ineptias,
2228 736 2445 789 divinas
2466 734 2786 806 Seripturas
2822 737 3261 809 traditionesque
3292 740 3542 796 Patrum.

1930 825 2308 896 reprobandas
2331 843 2473 882 esse.

2004 1086 2129 1141 Hac
2150 1096 2280 1142 sunt
2310 1102 2442 1158 ergo
2471 1104 2595 1159 quze
2622 1104 2729 1143 nos
2781 1090 3050 1146 adversus
3096 1092 3392 1147 haereticos
3422 1091 3552 1147 do--

1930 1180 2165 1236 ctrinam
2194 1180 2420 1235 Patrum
2446 1188 2763 1236 evertentes
2802 1180 3105 1237 aﬂ‘erimus.
3144 1181 3348 1238 Sancta
3385 1198 3520 1237 vero

1930 1272 2025 1327 Dei
2044 1273 2289 1327 Ecclesia
2309 1274 2537 1328 eosdem
2562 1274 2954 1329 haereticorum
2974 1275 3212 1345 ineptias
3231 1291 3516 1338 aversam,

1930 1380 2159 1420 servans
2191 1372 2377 1418 autem
2410 1365 2652 1426 Domini.
2686 1375 3009 1422 sanctorum
3040 1369 3419 1438 apostolorum
3453 1384 3522 1423 ac

1929 1457 2156 1512 Patrum
2193 1456 2573 1522 traditionem,
2610 1472 2783 1513 unum
2834 1459 3209 1531 eumdemque
3256 1461 3522 1531 prmdicat

1931 1548 2281 1619 unigenitum
2312 1550 2485 1605 Deum
2514 1551 2756 1607 Verbum
2801 1551 3095 1607 Dominum
3152 1554 3342 1611 Iesum
3362 1552 3525 1609 Chri‘

1930 1652 2100 1705 stum,
2116 1641 2171 1695 iu
2189 1640 2410 1697 duabus
2431 1642 2780 1708 substantiis,
2800 1643 2898 1697 Dei
2916 1653 2970 1699 et
2988 1644 3189 1709 Patris,
3217 1645 3522 1716 matrisque

1931 1733 2174 1804 Virginis
2190 1734 2463 1805 agnitum.
2488 1735 2595 1801 llli,
2613 1750 2644 1790 e
2665 1744 2881 1800 contra,
2904 1734 3011 1790 hoc
3036 1749 3146 1790 non
3166 1735 3520 1797 confitentes.

1931 1824 2019 1880 vel
2052 1840 2121 1879 ex
2148 1825 2263 1880 Deo
2289 1837 2347 1881 et
2384 1827 2546 1881 Patre
2581 1826 2931 1882 nativitatem
2968 1826 3240 1897 unigeniti
3272 1826 3399 1881 Filii
3424 1827 3522 1881 Dei

238 1925 317 1995 μὴ
346 1923 825 1995 ὀμολογοῦντες,ἢ
862 1925 966 1996 τὴν
1016 1926 1083 1977 ὲκ
1132 1923 1227 1978 τοῦ
1284 1922 1423 1978 Θεοῦ
1480 1924 1578 1978 καὶ
1612 1924 1827 1996 Πατρδς

1933 1934 1998 1974 ac
2015 1918 2234 1974 Domini
2258 1918 2432 1974 nostri
2454 1918 2586 1975 Jesu
2610 1917 2818 1975 Christi
2840 1930 3064 1992 negant,
3088 1920 3175 1975 vel
3206 1936 3274 1976 ex
3307 1928 3521 1983 sancta,

234 2017 497 2085 γέννησιν
528 2017 638 2069 ἀπα
649 2015 902 2086 ρνοῦνται
927 2015 1021 2069 τοῦ
1057 2013 1383 2086 μονογενοῦς
1412 2013 1543 2069 Υἱοῦ
1572 2015 1666 2070 τοῦ
1694 2015 1831 2069 Θεοῦ

237 2110 338 2162 καὶ
382 2109 595 2180 κυρίου
650 2107 808 2180 ἡμῶν
854 2107 1032 2179 Ἰησοῦ
1076 2107 1427 2179 Χριστοῦ,ἦ
1476 2108 1575 2177 τὴν
1623 2110 1687 2161 ὲκ
1734 2110 1834 2177 τῆς

236 2200 401 2269 ἁγίας
450 2200 663 2264 ἐνδόξου
698 2199 963 2254 Θεοτόκου
993 2200 1089 2253 καὶ
1143 2199 1534 2270 Ἀειπαρθένου
1569 2199 1791 2269 Μαρίας
1814 2214 1832 2231 ⁸

235 2296 299 2348 ού
334 2295 443 2365 γὰρ
480 2296 580 2365 τὴν
607 2293 798 2348 οὐσίαν
831 2294 933 2348 οὐκ
971 2292 1085 2365 ἔχει
1113 2296 1141 2347 ὁ
1165 2293 1400 2364 Χριστός
1420 2311 1433 2324 ·
1470 2291 1685 2361 ἀπέστη
1713 2292 1835 2344 κατ’

236 2389 440 2450 αὐτοὺς
473 2387 565 2440 καὶ
596 2386 690 2439 τοῦ
734 2382 876 2440 εἶναι
907 2387 1065 2450 Υἱός’
1106 2388 1155 2440 εἰ
1193 2387 1249 2440 δὲ
1290 2384 1737 2455 συνελαυνόμενοι
1769 2385 1835 2438 ἐκ

236 2483 341 2551 τῆς
385 2480 537 2542 θείας
587 2479 811 2551 Γραφῆς
855 2479 952 2532 καὶ
991 2479 1088 2549 τῆς
1125 2479 1233 2532 τῶν
1276 2478 1537 2549 Πατέρων
1575 2476 1832 2531 διδασκα-

236 2573 386 2639 λίας,
411 2570 738 2642 ὁμολογοῦσι
782 2571 901 2643 μεθ’
941 2571 1098 2641 ἡμῶν
1132 2570 1263 2624 Υἱδν
1299 2569 1441 2624 εἶναι
1472 2571 1564 2622 τὸν
1597 2570 1833 2641 Χριστὶν

239 2664 385 2718 κατὰ
416 2663 678 2733 ἀλήθειαν
713 2662 806 2715 τοῦ
836 2661 973 2715 Θεοῦ
1012 2662 1107 2716 καὶ
1142 2661 1378 2730 Πατρὶς,
1411 2660 1505 2713 καὶ
1531 2660 1623 2713 τὸν
1670 2659 1833 2713 αὐτὸν

238 2756 388 2809 κατὰ
436 2752 695 2825 ἀλήθειαν
750 2752 879 2805 Υίδν
928 2747 1068 2805 εἶναι
1106 2752 1205 2821 τῆς
1246 2749 1524 2821 Παρθένου
1568 2750 1827 2820 Μητρξς,

238 2848 673 2919 ὁμολογήσουσιν
709 2844 769 2910 ἐξ
807 2845 1052 2914 ἀνάγκης
1074 2844 1265 2896 ὦσπεο
1293 2841 1392 2905 τὰς
1430 2841 1523 2895 δύο
1549 2841 1832 2913 γεννήσεις

240 2941 363 3003 ἑνος
397 2941 493 2994 καὶ
530 2937 626 3000 τοῦ
655 2936 846 3001 αὐτοῦ,
876 2935 1049 2999 οῦτως
1091 2935 1313 2999 καὶτὰς
1342 2935 1436 2988 δύο
1473 2934 1661 2997 ούτίας
1687 2934 1831 3004 ἔχειν

240 3032 439 3087 αὐτόν·
478 3032 526 3083 εί
553 3030 662 3102 γὰρ
699 3027 880 3092 καθὼς
901 3030 952 3081 οἱ
984 3028 1226 3097 Πατὲρες
1253 3026 1591 3092 διδάσκουσι,
1625 3029 1764 3097 μήτε
1798 3028 1830 3097 ἡ

239 3126 343 3196 τῆς
371 3124 630 3192 θεότητος
664 3121 757 3175 τοῦ
790 3121 1030 3193 Χριστοῦ
1058 3121 1221 3190 φύσις
1246 3121 1328 3184 είς
1363 3119 1463 3192 τὴν
1491 3118 1593 3189 τῆς
1628 3119 1831 3190 σαρκὸς

241 3216 412 3273 αὑτοῦ
454 3215 860 3288 μεταϐέϐληται
894 3213 1077 3280 φύσιν,
1117 3213 1255 3284 μήτε
1303 3216 1336 3284 ἡ
1374 3214 1473 3283 τῆς
1508 3213 1709 3284 σαρκὸς
1737 3213 1833 3265 αύ-

239 3309 339 3364 τοῦ
374 3310 455 3372 εἱς
491 3309 590 3377 τὴν
618 3308 719 3378 τῆς
758 3306 1034 3378 θεότητος,
1075 3308 1214 3377 μήτε
1249 3306 1357 3377 μὴν
1392 3307 1425 3376 ἡ
1457 3305 1693 3376 διαφορὰ
1721 3305 1831 3358 τῶν

240 3401 464 3472 φύσεων
488 3399 758 3470 ἀνῄρηται
799 3397 889 3451 διὰ
917 3398 1015 3468 τὴν
1055 3398 1270 3461 ἕνωσιν,
1292 3396 1409 3451 ἀλλ’
1444 3396 1662 3465 ἔμεινεν
1694 3399 1826 3452 ἐκάο

238 3509 405 3563 τερον
440 3492 579 3559 ὅπερ
604 3490 721 3544 ἐστὶ
750 3492 818 3561 τῇ
853 3487 1013 3558 φύσει
1034 3505 1047 3519 ⁸
1081 3490 1175 3542 καὶ
1212 3487 1437 3542 διπλοῦν
1476 3489 1673 3542 ὲστιτὸ
1699 3490 1829 3561 περὶ

239 3583 413 3637 αὐτοῦ
449 3584 738 3653 κήρυγμα,
772 3582 869 3635 καὶ
905 3585 963 3635 ὲν
989 3583 1283 3653 ἑκατέραις
1314 3584 1436 3645 ταῖς
1460 3582 1671 3645 οὐσίαις
1695 3599 1829 3650 γνω.

244 3677 499 3747 ρίζεται,
535 3676 818 3728 τουτέστιν
874 3676 932 3727 ἐν
988 3672 1204 3744 θεότητι
1255 3674 1349 3727 καὶ
1400 3673 1821 3745 ἀνθρωπότητι·

241 3771 364 3832 πῶς
390 3769 492 3822 οὐκ
531 3767 881 3821 αἰσθάνονται
924 3766 1027 3836 τῆς
1064 3766 1271 3829 οἰκείας
1320 3765 1551 3835 πλάνης,
1599 3769 1648 3820 οἱ
1695 3767 1826 3837 μίαν

238 3859 339 3912 τοῦ
371 3857 611 3928 Χριστοῦ
636 3855 1055 3927 τερατευόμενοι
1087 3853 1271 3923 φύσιν,
1301 3856 1396 3909 καὶ
1436 3872 1547 3909 των
1579 3859 1677 3926 μὲν
1704 3858 1826 3910 κατ’

240 3950 508 4020 ἀλήθειαν
546 3947 887 4020 πραγμάτων
917 3948 1015 4017 τὴν
1047 3947 1326 4017 ἀναίρεσιν
1354 3946 1826 4017 βλασφημοῦντες,

238 4040 374 4111 ψιλὰ
424 4040 481 4094 δὲ
539 4041 781 4111 ὀνόματα
832 4040 1087 4102 θεότητος
1132 4039 1230 4092 καὶ
1285 4038 1706 4113 ἁνθρωπότητος
1747 4040 1827 4111 τῷ

240 4132 471 4205 Χριστῷ
506 4132 894 4204 χαριζόμενοις
928 4129 1087 4183 Ἀλλὰ
1115 4132 1301 4185 πᾶσαν
1330 4130 1499 4202 ὀρθὴν
1536 4131 1825 4203 παρορῶνο

1936 2012 2216 2082 gloriosa,
2263 2010 2364 2065 Dei
2411 2011 2587 2068 Matre
2639 2026 2972 2083 semperque
3011 2012 3239 2083 Virgine
3313 2012 3519 2078 Maria;

1934 2102 2192 2159 Christus
2207 2104 2359 2158 enim
2379 2119 2487 2159 non
2509 2103 2677 2160 habet
2693 2103 3059 2160 substantiam
3079 2121 3094 2171 ;
3109 2105 3375 2176 juxtaque
3399 2104 3524 2160 illos

1936 2196 2094 2251 abest
2134 2197 2299 2251 etiam
2327 2196 2463 2267 quin
2498 2196 2572 2252 sit
2621 2196 2813 2252 Filius.
2860 2197 2917 2253 Si
2950 2205 3156 2262 autem,
3191 2196 3526 2269 urgentibus

1935 2288 2131 2352 nobis,
2177 2306 2246 2345 ex
2288 2289 2477 2344 divina
2509 2288 2798 2360 Scriptura
2852 2288 3220 2361 doctrinaque
3271 2291 3521 2353 Patrum,

1934 2382 2224 2437 nobiscum
2274 2382 2612 2437 conﬁtentur
2655 2382 2944 2439 Christum
2998 2397 3123 2439 esse
3155 2397 3287 2441 vere
3319 2382 3532 2438 Filium.

1935 2474 2033 2529 Dei
2058 2484 2115 2529 et
2145 2475 2347 2539 Patris,
2400 2474 2774 2545 eumdemque
2802 2489 2933 2531 vere
2959 2491 3082 2532 esse
3109 2475 3313 2531 Filium
3343 2476 3521 2546 Virgi-

1934 2566 2025 2621 nis
2041 2565 2250 2632 Matris,
2273 2566 3077 2637 quemadmodumnecessario
3104 2566 3523 2623 confitebuntur

1936 2658 2075 2715 duas
2103 2659 2420 2715 nativitates
2447 2659 2613 2716 unius
2627 2676 2692 2715 ac
2713 2659 2984 2731 ejusdem,
3006 2660 3082 2715 ita
3101 2670 3160 2717 et
3184 2659 3365 2731 ipsum
3380 2659 3523 2715 duas

1935 2753 2279 2809 substantias
2320 2754 2567 2821 habere;
2603 2753 2650 2810 si
2679 2754 2831 2809 enim
2860 2798 2875 2823 ,
2916 2756 3072 2827 juxta
3114 2754 3262 2826 quod
3316 2753 3522 2810 docent

1936 2844 2123 2901 Patres
2150 2887 2164 2909 ,
2197 2861 2302 2901 nec
2342 2856 2538 2903 natura
2566 2845 2881 2902 divinitatis
2911 2845 3121 2903 Christi
3166 2848 3221 2902 in
3264 2856 3517 2904 naturam

1933 2937 2120 2992 carnis
2149 2937 2324 3007 ipsius
2351 2947 2717 2995 transmutata
2751 2939 2842 3005 sit,
2878 2954 2980 2994 nec
3007 2946 3207 2995 natura
3247 2938 3434 2996 carnis
3460 2939 3520 2993 in

1934 3037 2189 3085 natumut
2245 3030 2600 3097 divinitatis,
2660 3046 2763 3088 nec
2819 3041 3146 3086 naturarum
3199 3030 3521 3089 dill‘erentia

1935 3126 2141 3180 unione
2187 3124 2259 3180 sit
2289 3124 2493 3190 ablata,
2519 3123 2615 3180 sed
2636 3125 2681 3180 si
2708 3124 3143 3195 unumquodque
3173 3122 3321 3193 quod
3349 3130 3435 3178 est
3462 3123 3518 3177 in

1936 3228 2134 3272 natura
2157 3218 2563 3289 permanserit,
2594 3217 2911 3289 duplexque
2936 3224 3118 3273 exstet
3146 3216 3214 3272 de
3242 3216 3351 3271 hoc
3377 3231 3518 3286 pra:-

1934 3309 2141 3365 dicatio
2166 3350 2181 3373 ,
2233 3326 2300 3365 ac
2350 3309 2404 3364 in
2446 3325 2785 3380 unaquaque-
2813 3309 3123 3365 substantia
3164 3315 3518 3379 agnoscatur,

1934 3402 2150 3457 scilicet
2184 3402 2239 3456 in
2284 3401 2576 3456 divinitate
2625 3409 2792 3473 atque
2825 3401 3170 3456 humanitate
3191 3440 3206 3462 ,
3240 3397 3521 3470 quomodo

1935 3508 2046 3548 non
2081 3493 2397 3564 intelligunt
2420 3509 2670 3550 errorem
2694 3510 2879 3559 suum,
2913 3509 3080 3548 unam
3114 3490 3327 3549 Christi
3352 3498 3519 3545 natu-

1935 3603 2051 3641 ram
2077 3586 2182 3641 sibi
2208 3586 2465 3657 ﬁngendo
2490 3631 2505 3653 ,
2558 3603 2690 3642 vera
2730 3586 2899 3656 impie
2946 3584 3267 3641 auferentes
3297 3625 3312 3646 ,
3370 3582 3522 3638 nuda

1933 3693 2070 3732 vero
2090 3678 2314 3732 nomina
2347 3678 2655 3733 divinitatis
2683 3686 2848 3748 atque
2883 3675 3254 3731 humanitatis
3292 3673 3521 3731 Christo

1933 3770 2355 3839 relinquentes?
2390 3770 2497 3826 Sed
2528 3787 2749 3826 omnem
2775 3786 2963 3825 veram
2989 3769 3303 3825 doctrinam
3334 3768 3523 3839 despi-

1934 3860 2166 3926 cientes,
2198 3859 2332 3915 illud
2369 3878 2539 3916 unum
2569 3862 2756 3916 animo
2784 3861 3119 3925 intendunt,
3174 3867 3234 3914 ut
3256 3857 3523 3922 predatur

1935 3963 2185 4007 naturam
2233 3953 2318 4006 vel
2365 3953 2735 4009 substantiam
2766 3970 2831 4008 ac
2864 3953 3100 4007 formam
3150 3951 3410 4006 eumdem
3457 3965 3523 4004 ac

1935 4045 2273 4116 hypostasim
2298 4060 2702 4115 personamque
2732 4044 3066 4115 patefacere,
3086 4043 3237 4116 quod
3259 4040 3522 4099 omnibus

1935 4136 2213 4192 haereticis
2242 4154 2406 4192 causa
2435 4138 2539 4192 fuit
2561 4138 2793 4192 erroris.

234 4240 332 4290 τες
360 4227 733 4293 διδασκαλίαν,
768 4225 964 4296 ἐκείνῳ
994 4224 1140 4296 μόνῳ
1159 4226 1249 4279 τὸν
1277 4225 1405 4279 νοῦν
1464 4226 1844 4297 προσέχουσιν,
1884 4230 1965 4301 τῷ
2005 4230 2248 4301 νομίζειν
2291 4233 2373 4286 ὅτι
2423 4233 2457 4303 ἡ
2532 4230 2693 4301 φύσις
2751 4230 2922 4301 ἤγουν
2971 4230 3130 4283 ούσία
3191 4229 3286 4284 καὶ
3334 4225 3520 4298 μορφὴ

232 4321 439 4375 ταύτὸν
489 4323 560 4392 τῇ
625 4321 923 4374 (amatiost
972 4320 1067 4374 καὶ
1121 4319 1199 4389 τῷ
1250 4321 1530 4391 προσώπῳ
1580 4320 1855 4391 δηλοῦσιν,

233 4412 472 4484 πλάνης.

1931 4327 2068 4397 ὅπερ
2117 4328 2211 4381 καὶ
2272 4329 2403 4381 πᾶσι
2450 4328 2564 4390 τοῖς
2619 4328 2919 4399 αίρετικοῖς
2970 4326 3249 4397 πρόφασις
3304 4322 3519 4392 γίνεται

310 4507 425 4560 Καὶ
455 4504 524 4557 τὰ
571 4506 668 4575 μὲν
709 4504 837 4573 περὶ
863 4502 1058 4556 τούτου
1088 4504 1180 4555 καὶ
1216 4504 1277 4555 ὲν
1317 4502 1393 4573 τῷ
1425 4503 1528 4575 ἤδη
1559 4503 1824 4573 γραφέντι

2004 4504 2129 4561 Ηιοο
2158 4513 2341 4560 autem
2384 4521 2509 4575 qua:
2552 4504 2621 4559 ad
2666 4504 2801 4559 illud
2830 4505 3134 4574 pertinent.
3173 4504 3229 4559 in
3259 4519 3517 4559 sermone

231 4600 373 4670 παρ’
391 4597 550 4667 ἡμῶν
575 4594 719 4665 λόγῳ
754 4595 890 4666 πρὸς
927 4594 1131 4648 Ζωΐλον
1153 4595 1245 4647 τὸν
1270 4595 1700 4667 μακαριώτατον
1725 4596 1824 4668 ἁρ-

230 4691 595 4764 χιεπίσκοπον
636 4688 739 4759 τῆς
781 4688 1178 4760 Ἀλεξανδρέων
1224 4690 1320 4743 καὶ
1363 4690 1714 4762 πατριάρχην
1746 4691 1825 4761 (5)

232 4780 442 4844 ἱκανῶς
495 4779 907 4845 ἀποδέδεικται,
972 4780 1448 4851 παραστησάντων
1510 4781 1670 4851 ἡμῶν
1738 4782 1823 4835 ὅτι

229 4874 402 4946 φύσις
440 4875 536 4929 καὶ
575 4872 758 4944 μορφὴ
790 4871 989 4927 ταύτὸν
1042 4872 1216 4943 δηλοῖ,
1250 4874 1339 4927 καὶ
1372 4876 1466 4928 ἐπὶ
1505 4873 1600 4927 τοῦ
1637 4873 1822 4927 κοινοῦ

231 4964 649 5037 σημαινομένου
676 4963 1071 5035 λαμϐάνονται.
1110 4964 1185 5018 Τὸ
1230 4965 1289 5019 δὲ
1329 4966 1625 5037 πρόσωπον
1650 4966 1748 5019 καὶ
1784 4968 1820 5037 ὴ

228 5061 535 5120 ὑπόστασις
578 5058 672 5109 ἐπὶ
706 5056 816 5110 τῶν
844 5057 967 5110 καθ’
997 5057 1230 5111 ’ἑκαστον
1268 5057 1511 5126 λέγεται.
1543 5057 1690 5127 Πλὴν
1731 5059 1825 5110 καὶ

226 5148 470 5205 ἐνταῦθα
496 5148 563 5202 δι’
590 5148 795 5219 ἑτέρων
842 5149 1165 5221 μαρτυριῶν
1196 5149 1307 5202 τῶν
1350 5149 1525 5219 ἁγίων
1558 5151 1822 5221 Πατέρων

223 5243 292 5296 τὸ
340 5240 473 5295 αὐτὸ
520 5243 972 5311 παραστήσομεν.
1002 5271 1073 5280 -
1099 5240 1184 5313 [Ρ.
1229 5239 1358 5313 555]
1404 5241 1595 5296 Ταῦτα
1638 5240 1819 5295 τοίνυν

222 5333 543 5405 εἰρήκαμεν
562 5330 869 5394 δεικνύντες
899 5333 980 5386 ὅτι
1011 5332 1169 5387 οὐσία
1194 5334 1288 5388 καὶ
1320 5333 1483 5403 φύσις
1511 5336 1604 5388 καὶ
1636 5335 1821 5407 μορφὴ

220 5425 427 5482 ταύτὸν
474 5421 751 5494 δηλοῦσιν.
787 5425 909 5477 Ὀτι
947 5424 1004 5477 δὲ
1051 5425 1175 5495 οὐχὶ
1221 5427 1419 5479 ταύτόν
1466 5429 1615 5481 ἐστιν
1658 5427 1818 5481 ούσία

219 5520 327 5573 καὶ
346 5518 668 5580 ὑπόστασις,
691 5516 767 5580 ὡς
790 5517 839 5569 οἱ
861 5517 1134 5588 αἱρετικοὶ
1163 5518 1508 5589 πλανώμενοι
1540 5519 1811 5587 λέγουσιν,

218 5613 326 5668 καὶ
361 5615 425 5663 ἐκ
459 5611 559 5680 τῆς
597 5610 726 5680 περὶ
749 5609 847 5681 τὴν
883 5610 1284 5679 ἁγίανΤριάδα
1322 5612 1606 5681 θεολογίας
1634 5612 1814 5676 ἔξεστι

221 5704 423 5776 μαθεῖν
448 5720 460 5733 ·
499 5705 589 5758 ὅτε
619 5704 730 5774 γὰρ
752 5705 980 5773 είτῖομεν
1011 5704 1165 5764 θεὸν,
1192 5704 1292 5773 τὴν
1332 5704 1464 5773 μίαν
1496 5706 1686 5757 οὐσίαν
1716 5706 1814 5774 τῆς

222 5795 386 5866 ἁγίας
416 5795 645 5866 Τριὰδος
682 5795 1050 5869 σημαίνομεν⁹
1083 5797 1169 5849 ὅτε
1214 5797 1267 5849 δὲ
1317 5797 1548 5866 λέγομεν
1595 5798 1814 5867 Πατέρα

1932 4615 1963 4653 a
2009 4598 2174 4653 nobis
2219 4597 2288 4652 ad
2336 4597 2549 4653 Zoilum
2602 4597 2987 4653 beatissimum
3031 4596 3515 4667 archiepiscopum

1933 4690 2281 4746 Alexandria:
2304 4707 2369 4745 ac
2396 4689 2765 4760 patriarcham
2793 4689 2928 4745 satis
2943 4689 3196 4759 exposita
3214 4696 3363 4755 sunt,
3387 4704 3515 4744 cum

1936 4783 2296 4838 statuerimus
2335 4794 2591 4837 naturam
2622 4797 2686 4836 ac
2717 4780 2951 4835 formam
2985 4780 3245 4835 eumdem
3282 4778 3515 4833 demon-

1928 4884 2127 4939 strare,
2152 4874 2331 4943 deque
2382 4873 2660 4929 communi
2717 4872 3031 4943 signiﬁcato
3072 4873 3240 4929 sumi.
3272 4875 3516 4930 Persona

1929 4980 2062 5020 vero
2082 4974 2248 5035 atque
2265 4965 2581 5035 hypostasis
2600 4962 2670 5019 de
2695 4963 2929 5035 singulis
2953 4964 3177 5021 dicitur.
3206 4964 3305 5020 llic
3327 4973 3513 5020 tamen

1929 5059 2056 5114 aliis
2090 5057 2424 5114 testimoniis
2456 5068 2775 5114 sanctorum
2814 5059 3039 5113 Patrum
3074 5057 3222 5113 idem
3257 5057 3517 5114 stabilie-

1929 5167 2073 5206 mus.
2088 5182 2159 5193 ——
2172 5151 2297 5206 Haec
2328 5166 2460 5221 ergo
2477 5151 2716 5206 diximus
2733 5149 3095 5206 ostendentes
3116 5150 3512 5210 substantiam.

1928 5252 2181 5298 naturam
2208 5240 2554 5310 formamque
2595 5240 2741 5295 idem
2787 5240 3124 5311 siguilleare.
3164 5239 3285 5295 Non
3325 5248 3510 5294 autem

1932 5336 2078 5393 idem
2106 5350 2229 5391 esse
2255 5333 2621 5389 substantiam
2642 5343 2809 5404 atque
2836 5331 3201 5406 hypostasim,
3220 5332 3372 5386 velut
3400 5332 3513 5386 ha:-

1928 5426 2088 5482 retici
2120 5435 2378 5483 errantes
2416 5426 2632 5491 dicunt,
2667 5442 2736 5482 ex
2776 5426 2893 5496 ipsa
2924 5425 2993 5481 de
3017 5434 3205 5480 sancta
3237 5422 3509 5478 Trinitate

1927 5519 2205 5591 theologia
2255 5518 2472 5574 discere
2502 5518 2821 5575 licebCum
2859 5518 3008 5573 enim
3041 5517 3213 5571 Deum
3244 5515 3527 5578 dicimus,

1924 5628 2091 5667 unam
2122 5610 2490 5666 substantiam
2530 5618 2733 5665 sancta:
2764 5608 3055 5664 Trinitatis
3088 5607 3504 5679 signiﬁcamus;

1924 5719 2049 5758 etnn
2088 5720 2220 5759 vero
2252 5703 2493 5758 dicimus
2524 5704 2748 5758 Patrem
2802 5709 2858 5756 et
2889 5700 3089 5756 Filium
3132 5707 3190 5754 et
3232 5697 3502 5770 Spiritum

1924 5807 2196 5861 sam-tum,
2227 5804 2358 5851 tunc
2391 5808 2502 5851 tres
2527 5797 2849 5866 hypostases
2873 5811 2968 5851 seu
3003 5802 3118 5850 tres
3147 5805 3416 5865 personas
3447 5790 3498 5847 ir

304 5939 382 6007 t5)
420 5939 686 5993 Notemus
710 5938 1005 5998 .luttiniani
1047 5940 1179 6009 imp.
1210 5940 1482 6010 scriptum
1515 5939 1661 5994 aliud
1697 5938 1876 6011 {cuius
1908 5938 2270 6010 fragmentum
2297 5949 2471 5995 exstat
2506 5936 2690 6008 intra}.
