4220 6442
739 377 876 444 1139
1629 462 1634 467 _
1861 385 2300 447 mmmam
2345 390 2864 452 IMPERATORIS
3874 398 4031 463 uso

734 515 846 554 una
887 508 1084 553 natura
1129 500 1438 556 divinitatis
1490 506 1737 571 cegnitas
1790 504 2170 572 proponimus.
2240 505 2316 560 lla
2353 513 2390 567 Λ

2360 513 2390 567 Α
2422 511 2517 562 καὶ
2554 511 2702 572 Υίὶν,
2730 511 2824 564 καὶ
2855 510 3010 578 ἅγιον
3028 511 3274 580 Πνεῦμα,
3302 513 3422 566 τότε
3459 513 3556 577 τὰς
3592 517 3738 585 τρεῖς
3765 517 4026 571 ὑποστά-

730 591 878 641 enim
903 587 1022 657 ipsa
1059 591 1158 644 no’s
1187 590 1378 643 docuit
1412 605 1514 642 vox
1545 589 1734 644 divina
1763 591 1959 646 dicens
1991 612 2003 646 :
2036 593 2316 649 Faciamus

2423 618 2558 665 σεις,
2595 604 2760 673 ἤτουν
2806 602 3040 675 τὰτρία
3091 605 3363 674 πρόσωπα
3410 607 3476 658 τὰ
3516 609 3574 658 tv
3603 611 3670 677 τῇ
3705 609 3808 677 μιᾷ
3848 609 4028 674 φύσει

728 679 994 734 hominem
1011 681 1078 733 ad
1091 683 1374 750 imagincm
1391 689 1440 732 et
1455 681 1855 736 similitudinem
1877 694 2115 738 nostram
2129 689 2175 739 “.
2207 687 2314 740 Vox

2415 695 2516 764 τῆς
2566 694 2820 763 θεότητος
2854 695 3239 766 γνωριζόμενα
3275 696 3657 768 παριστῶμεν.
3693 661 3856 752 Οὕτω
3897 701 4027 770 γάρ

728 777 914 824 autent
939 772 1199 842 faciamus
1220 787 1328 824 non
1351 781 1436 824 est
1462 772 1627 825 unius
1653 789 1902 842 persona:
1925 775 2310 844 signiﬁcatita.

2421 789 2569 856 ἡμᾶς
2609 787 2701 840 καὶ
2738 789 2772 859 ἡ
2803 787 2926 840 θεία
2954 787 3193 841 διδάσκει
3240 789 3392 859 φωνὴ
3437 792 3470 858 ὴ
3513 788 3752 856 λέγουσα
3775 832 3790 854 ,
3825 789 4029 858 Ποιή-

725 865 880 934 jnxta
904 864 1128 918 Sabellii
1171 863 1476 931 insaniam;
1507 866 1795 936 pluraliter
1816 867 1963 920 cnim
1991 868 2160 930 dicta,
2190 883 2314 921 san-

2416 892 2616 945 σωμεν
2649 875 2969 944 ἄνθρωπον
2999 879 3128 931 κατ’
3170 879 3377 932 εἰκόνα
3407 879 3708 948 ἡμετέραν
3733 882 3833 936 καί
3877 884 4028 936 καθ’

728 966 830 1010 (ιιω
867 954 1156 1009 Trinitatis
1198 956 1633 1012 demonstrativa
1661 968 1766 1012 est.
1800 958 1882 1012 Ad
1907 959 2193 1030 imaginem
2219 977 2310 1012 au-

2417 967 2721 1033 όμοὶωσιν.
2764 968 2826 1020 Ἢ
2853 967 2909 1020 δὲ
2933 970 3085 1040 φωνὴ
3114 968 3210 1022 τοῦ
3242 969 3593 1038 ποιήσωμεν
3621 972 3718 1040 οὐχ
3743 972 3864 1033 ἑνός
3890 975 4027 1025 ἐστι

726 1056 834 1100 tem
865 1057 1124 1112 nostram,
1160 1064 1329 1102 unam
1360 1049 1729 1104 substantiam
1764 1049 2008 1105 ostendit
2029 1051 2225 1113 Patris,
2257 1061 2315 1104 ct

2418 1053 2716 1125 προσώπου
2752 1057 3085 1126 σημαντικὴ,
3117 1057 3260 1111 κατὰ
3301 1057 3400 1128 τὴν
3445 1060 3737 1113 Σαϐελλίου
3775 1061 4021 1130 μανίαν·

725 1137 873 1205 Filii,
901 1148 958 1193 et
979 1140 1220 1210 Spiritus
1242 1142 1413 1195 sancti
1437 1157 1449 1206 ;
1488 1141 1757 1195 nonenim
1783 1141 2011 1196 dixitad
2032 1143 2309 1211 imagines.

2417 1146 2798 1215 πληθυντικῶς
2831 1148 2942 1218 γὰρ
2971 1149 3262 1219 εἰρημένη,
3293 1149 3390 1218 τῆς
3421 1150 3584 1214 ἁγίας
3627 1151 3860 1222 Τριὰδος
3888 1152 4022 1204 ἐστι

723 1247 794 1285 ne
825 1231 1075 1287 diversas
1105 1234 1439 1288 substantias
1478 1235 1532 1288 in
1564 1235 1837 1289 Trinitate
1875 1234 2308 1303 suspicaremur,

2411 1239 2705 1309 δηλωτική.
2751 1241 2860 1292 Καὶ
2905 1240 2965 1293 τὸ
2999 1241 3129 1293 κατ’
3177 1243 3382 1294 εἰκόνα
3434 1242 3490 1294 δὲ
3541 1243 3866 1310 ἡμετέραν,
3904 1243 4022 1311 τὴν

719 1325 877 1394 juxta
925 1325 1041 1379 Arii
1088 1326 1398 1392 insaniam;
1434 1328 1530 1381 sed
1570 1328 1640 1379 ad
1683 1328 1993 1397 imaginem,
2034 1335 2093 1380 ut
2144 1344 2310 1381 unam

2415 1331 2544 1402 μίαν
2579 1329 2768 1384 οὐσίαν
2785 1330 2935 1401 δηλοῖ
2964 1331 3196 1402 Πατρὸς.
3224 1332 3318 1384 καὶ
3343 1331 3495 1395 Υἰοῦ,
3522 1335 3615 1384 καὶ
3649 1335 3806 1400 ἁγίου
3830 1334 4021 1385 Πνεῦ-

724 1418 1089 1472 snbstantiam
1109 1428 1274 1486 atque
1297 1420 1831 1475 consubstantialem
1848 1422 2171 1475 ostenderet
2189 1437 2312 1474 san-

2417 1438 2586 1489 ματος
2610 1437 2624 1450 ·
2665 1421 2728 1473 οῦ
2758 1421 2868 1492 γὰρ
2909 1417 3029 1474 εἷπε
3071 1465 3085 1484 ,
3121 1422 3249 1474 κατ’
3275 1424 3539 1486 εἰκόνας.
3575 1423 3661 1474 ἵνα
3710 1423 3784 1492 μὴ
3814 1423 4025 1491 διαφό-

722 1519 868 1563 ctam
901 1509 1251 1565 Trinitatem.
1290 1511 1562 1566 Hominem
1620 1513 1690 1567 ad
1738 1513 2023 1582 imaginem
2072 1523 2310 1566 nostram

2416 1529 2542 1583 ρους
2596 1512 2694 1575 τὰς
2741 1513 2930 1575 οὐσίας
2976 1513 3076 1583 τῆς
3121 1512 3351 1584 Τριάδος
3392 1513 3809 1583 ὑπονοήσωμεν,
3861 1514 4027 1566 κατὰ

723 1603 1050 1658 rationalem
1095 1615 1349 1660 naturam
1379 1605 1744 1659 humanitatis
1782 1605 2309 1675 signiticavit,juxta

2411 1605 2510 1674 τὴν
2552 1603 2766 1674 ’Δρείου
2807 1604 3024 1674 μανίανο
3059 1603 3218 1668 ἀλλὰ,
3273 1603 3403 1657 κατ’
3453 1607 3684 1668 εἰκόνα,
3732 1607 3820 1657 ῖνα
3868 1606 4027 1675 μίαν

720 1712 885 1764 quam
911 1698 1092 1767 imago
1113 1698 1208 1752 Dei
1236 1714 1464 1762 sumus;
1494 1713 1607 1751 non
1634 1699 1784 1752 enim
1818 1697 1956 1750 dixit
1983 1716 1994 1750 :
2029 1695 2309 1750 Faciamus

2411 1697 2600 1750 οὐσίαν
2622 1697 2718 1750 καὶ
2750 1699 3040 1767 ὁμοούσιον
3069 1697 3221 1770 δείξῃ
3251 1699 3349 1767 τὴν
3389 1698 3552 1766 ἁγίαν
3585 1698 3793 1768 Τριάδα
3820 1715 3835 1729 ι
3865 1699 3932 1750 τὸ
3959 1699 4026 1752 δὲ

719 1791 882 1852 lianc,
912 1804 981 1842 ne
1013 1804 1246 1858 persona
1281 1789 1659 1859 intelligatur;
1696 1789 1791 1844 sed
1813 1789 1992 1843 dixit:
2028 1788 2308 1842 Faciamus

2412 1790 2610 1854 εἰπεῖν,
2646 1787 2772 1842 κατ’
2810 1790 3015 1842 εἰκῶν-ιι
3044 1788 3341 1857 ἡμετέραν
3372 1789 3481 1842 τὸν
3527 1789 3867 1857 ἄνθρωπον,
3904 1789 4027 1857 τὴν

722 1881 1006 1944 hominem,
1035 1890 1095 1933 ut
1137 1881 1426 1934 rationalis
1451 1891 1649 1936 natura
1679 1882 2044 1936 humanitatis
2076 1881 2307 1936 demon-
2344 1865 2384 1917 Β

2361 1866 2609 1949 ³νοερὰν
2635 1880 2734 1950 τῆς
2779 1881 3204 1950 ἁνθρωπότητος
3244 1880 3408 1949 φύσιν
3448 1884 3695 1952 ὲσήμανε
3735 1923 3750 1948 ,
3776 1882 3908 1935 καθ’
3945 1883 4027 1952 ἦν

721 1979 1013 2024 strarctur.
1037 1970 1192 2025 Tunc
1215 1979 1397 2026 autem
1426 1972 1746 2044 hypostases
1769 1987 2082 2042 proponere
2106 1972 2302 2036 voluit,

2413 1975 2582 2042 ἐσμεν
2609 1971 2774 2025 είκὼν
2821 1971 2916 2025 τοῦ
2957 1971 3126 2025 Θεοῦ·
3180 1972 3240 2025 οὐ
3275 1972 3383 2044 γὰρ
3433 1968 3554 2025 εἷπε
3593 2015 3608 2038 ,
3642 1973 4026 2040 Ποιήσωμεν

719 2078 844 2116 cum
874 2063 1180 2117 masculum
1213 2073 1270 2118 et
1309 2064 1596 2130 feminam,
1623 2065 1892 2120 Adamum
1924 2072 1981 2119 et
2015 2064 2184 2118 Evam
2213 2080 2308 2118 νος-

2414 2065 2606 2131 τόνὸε,
2649 2065 2738 2118 ἳνα
2788 2065 2863 2136 μὴ
2899 2065 3190 2136 πρόσωπον
3237 2065 3429 2136 νοηθῇ,
3464 2065 3580 2118 ἁλλ’
3612 2059 3786 2129 εἴπεν,
3823 2065 4027 2129 Han}-

718 2155 887 2219 cavit,
924 2157 1072 2225 quod
1097 2168 1186 2212 est
1219 2173 1470 2227 personae
1507 2175 1604 2213 seu
1639 2159 1984 2230 hypostases.

2412 2171 2614 2226 σωμεν
2640 2155 2976 2224 ἄνθρωπον,
3015 2157 3100 2208 ἵνα
3151 2157 3184 2227 ή
3231 2157 3394 2226 νοερὰ
3442 2157 3545 2224 τῆς
3575 2157 4025 2227 ἁνθρωπότητος

719 2244 881 2311 φύσις
914 2245 1126 2318 δηλωθῇ
1157 2264 1169 2278 ·
1205 2249 1297 2301 ὅτε
1344 2250 1399 2302 δὲ
1431 2251 1528 2311 τὰς
1574 2250 1903 2313 ὑποστάσεις
1951 2247 2302 2318 παραστῆσαι
2343 2246 2645 2318 ἠϐουλήθη,
2680 2248 2802 2300 τότε
2869 2247 2931 2300 τὸ
2973 2247 3143 2318 ἄρρεν
3207 2247 3301 2300 καὶ
3332 2248 3488 2318 θῆλυ,
3524 2247 3699 2318 Ἀδὰμ
3728 2251 3827 2302 καὶ
3855 2246 4024 2304 Εὕαν

717 2341 1006 2405 ἐκάλεσεν,
1036 2343 1173 2414 ὅπερ
1206 2344 1321 2396 ἐστὶ
1358 2345 1628 2412 πρόσωπα
1669 2344 1833 2414 ﬁta-av
1873 2343 2223 2405 ὑποστάσεις.

786 2435 922 2502 Quis
958 2452 1092 2491 vero
1119 2453 1230 2492 non
1272 2439 1507 2494 miretur
1559 2438 1948 2494 haereticorum
1989 2438 2303 2493 absurdita-

2481 2431 2568 2502 ιΡ.
2605 2429 2761 2502 256.]
2780 2431 2875 2495 Τίς
2897 2431 2954 2484 δὲ
2977 2431 3090 2492 ,οὐκ
3114 2432 3180 2486 ἂν
3218 2431 3555 2503 θαυμάσειεν
3585 2433 3687 2504 τὴν
3709 2434 3820 2485 τῶν
3842 2436 4025 2506 αἱρε-

717 2539 828 2583 tcm
865 2531 1127 2585 unionem
1156 2532 1548 2596 asserentium,
1576 2532 1812 2602 ideoque
1835 2531 2218 2587 diversitatem
2247 2533 2302 2586 in

2410 2523 2580 2576 τικῶν
2603 2522 2864 2590 ἁλογίανς
2907 2523 3030 2575 Ὀτι
3063 2523 3262 2576 ἕνωσιν
3289 2523 3564 2591 λέγοντες,
3608 2524 3701 2577 καὶ
3745 2524 3844 2595 τὴν
3880 2526 4025 2580 δια.-

715 2622 941 2677 (Σίιι-ἰειο
969 2631 1292 2678 naturarum
1321 2623 1706 2680 conﬁtentium
1728 2667 1741 2690 ,
1771 2640 1834 2679 ac
1881 2638 2172 2678 numerum
2207 2623 2300 2693 qui

2412 2615 2586 2685 φορὰν
2611 2615 2720 2669 τῶν
2745 2617 2802 2668 tv
2825 2615 3044 2686 Χριστῷ
3070 2614 3286 2686 φύσεὼν
3315 2617 3464 2670 ἐστιν
3478 2617 3567 2669 ὅτε
3587 2616 4023 2686 ὁμολογοῦντες,

717 2717 1082 2785 consequitur
1127 2732 1194 2771 cx
1234 2717 1554 2772 diversitate
1600 2718 1882 2774 unitorum
1910 2716 2302 2773 diﬂitentium?

2416 2707 2713 2779 ἀρνοῦνται
2746 2707 2836 2761 τὸν
2871 2709 2934 2760 tx
2963 2707 3065 2778 τῆς
3096 2708 3366 2778 διαφορᾶς
3391 2709 3502 2760 τῶν
3542 2709 3840 2778 ἡνωμὲνων
3860 2725 4025 2782 up;-

717 2807 1018 2862 Evidenter
1055 2808 1108 2862 in
1134 2809 1238 2864 hoc
1253 2810 1869 2880 aegrotantApollinarii
1904 2810 2154 2874 insania;
2184 2809 2301 2864 haec

2408 2801 2636 2870 γμάτων
2668 2801 3027 2871 εἰσαγόμενον
3057 2801 3327 2873 ἁριθμόν;
3361 2800 3558 2870 Σαφῶς
3599 2802 3696 2854 καὶ
3729 2802 3787 2854 tv
3825 2801 4031 2873 τούτῳ

715 2901 865 2954 cnim
887 2901 1026 2957 dicit
1046 2902 1100 2956 in
1124 2901 1433 2956 ratiociniis
1453 2919 1576 2972 qua:
1597 2903 1714 2973 ipse
1741 2903 1961 2973 scripsit
1987 2921 1999 2955 :
2032 2901 2301 2956 tDiversas

2406 2894 2508 2963 τὴν
2562 2893 2942 2964 ’Λπολιναρίου
2991 2893 3279 2957 νοσοῦντες
3335 2893 3574 2964 μανίαν·
3618 2893 3765 2961 λέγει
3812 2895 3938 2966 γὰρ
3993 2897 4029 2949 ὁ

718 2994 1090 3062 proprietates
1135 2994 1188 3048 in
1223 3010 1395 3048 unum
1419 2997 1728 3066 conjunctae
1763 2995 2007 3050 medium
2045 2997 2203 3057 tiunt,
2237 3005 2294 3051 ut

2405 2983 2568 3048 αὐτὸς
2613 2985 2996 3056 Ἀπολινάριος
3039 2986 3099 3037 tv
3141 2988 3256 3048 τοῖς
3281 2988 3580 3056 γραφεῖσιν
3615 2985 3760 3056 αὐτῷ
3804 2986 4026 3041 συλλοο

719 3084 774 3136 in
807 3085 956 3139 mulo
997 3086 1137 3139 asini
1165 3094 1221 3140 et
1255 3086 1406 3155 equi,
1444 3087 1498 3140 in
1535 3088 1773 3142 caruleo
1811 3087 1998 3142 colore
2026 3086 2301 3141 alhedinis
2326 3071 2370 3130 (ἶ

2362 3073 2370 3128 ι
2402 3079 2622 3148 γισμοῖς
2661 3077 2787 3130 τάδε
2810 3095 2824 3109 ο
2871 3094 2890 3128 ι
2925 3076 3244 3150 Μεσότητες
3287 3077 3530 3144 γίνονται
3569 3077 3845 3149 ίδιοτήτων
3877 3079 4028 3133 δια-

718 3187 775 3228 ιιι
800 3177 1182 3247 nigritudinis,
1202 3187 1368 3248 atque
1391 3177 1444 3232 in
1466 3194 1638 3232 verno
1657 3188 1904 3249 tempore
1928 3178 2128 3232 hiemis
2145 3186 2303 3232 testa-

2405 3169 2590 3240 φόρων
2640 3170 2721 3231 είς
2777 3167 2837 3223 tv
2879 3167 3278 3231 συνελθουσῶν,
3319 3166 3394 3232 ὡς
3439 3170 3498 3221 tv
3547 3169 3755 3238 ἡμιόνῳ
3794 3159 4029 3242 ίδιότης

719 3266 900 3336 lisque
947 3267 1259 3337 praprietas
1300 3267 1542 3322 videtur.
1574 3268 1797 3323 Nullum
1831 3276 2017 3323 autem
2060 3268 2303 3322 medium

2405 3261 2528 3315 δνου
2557 3262 2653 3314 καὶ
2672 3261 2870 3328 ἵππου,
2902 3261 2997 3314 καὶ
3031 3261 3089 3313 ἐν
3113 3257 3336 3330 γλαυκῷ
3362 3260 3614 3331 χρώματι
3649 3259 3848 3328 ίδιότης
3871 3259 4026 3318 λευο

722 3365 1012 3427 utramque
1045 3358 1372 3427 qualitatem
1413 3357 1582 3413 habet
1609 3374 1676 3413 ex
1700 3359 1848 3414 omni
1875 3372 2053 3428 parte,
2087 3359 2184 3414 sed
2218 3359 2305 3414 di-

2408 3352 2508 3407 κοῦ
2544 3354 2638 3406 καὶ
2673 3353 2926 3422 μέλανος,
2964 3353 3062 3405 καὶ
3097 3355 3156 3405 tv
3193 3353 3318 3422 ἀέρι
3363 3353 3631 3422 χειμῶνος
3678 3353 3770 3404 καὶ
3801 3351 4030 3423 θέρους

721 3447 893 3502 midia
938 3458 1097 3518 parte
1141 3447 1521 3503 commixtam.
1549 3449 1787 3504 Medium
1833 3465 1965 3504 vero
2001 3450 2096 3504 Dei
2127 3458 2184 3504 et
2208 3449 2309 3504 ho-

2412 3446 2610 3516 ίδιότης
2649 3445 2750 3518 ἔαρ
2782 3445 3160 3516 ἐργαζομένη·
3198 3445 3428 3514 οὐδεμία
3473 3444 3530 3497 δὲ
3579 3445 3817 3515 μεσότης
3859 3445 4028 3500 ἑκα-

721 3539 933 3592 minum
982 3539 1037 3592 in
1063 3537 1311 3603 Christo,
1348 3555 1451 3594 nec
1487 3540 1656 3610 igitur
1687 3551 1774 3595 est
1802 3548 1949 3596 totus
1973 3541 2157 3602 homo,
2204 3555 2307 3594 nec

2409 3537 2576 3606 τέρας
2603 3538 2718 3606 ἔχει
2745 3536 2844 3599 τὰς
2876 3538 3187 3607 ἀκρότητας
3221 3535 3281 3600 ἐξ
3310 3535 3632 3604 ὁλοκλήρου,
3669 3535 3805 3588 ἀλλα
3838 3555 4029 3609 μερι-

720 3631 888 3688 Deus.
924 3627 1020 3680 sed
1050 3628 1146 3682 Dei
1177 3636 1230 3683 et
1262 3629 1506 3684 hominis
1534 3629 1796 3684 mixtura.
1819 3650 1836 3683 ι
1876 3630 2087 3686 Deinde
2115 3646 2308 3685 rursus

2423 3628 2524 3692 κῶς
2556 3628 3027 3698 ἐπιμεμιγμένας.
3064 3627 3316 3697 Μεσότης
3350 3628 3407 3680 δὲ
3448 3627 3588 3682 Θεου
3644 3629 3738 3681 καὶ
3783 3629 4028 3699 ἀνθρώο
4067 3689 4089 3706 _‘

721 3717 777 3772 in
813 3726 1049 3772 tractatu
1101 3719 1190 3774 cui
1252 3719 1448 3773 titulus
1501 3719 1642 3773 Deus
1685 3722 1999 3774 incarnatus
2045 3717 2304 3782 Christus,

2423 3737 2529 3774 πων
2563 3721 2622 3773 tv
2665 3719 2905 3791 Χριστῷ,
2936 3721 3036 3772 οὐκ
3064 3720 3174 3790 ἄρα
3209 3717 3331 3772 οὗτε
3366 3718 3657 3788 ἄνθρωπος
3687 3720 3833 3782 ὅλος,
3871 3721 4030 3776 οὔτε
4087 3707 4089 3709 ’

720 3810 1155 3880 interrogatione
1173 3812 1641 3881 responsioneque
1660 3811 1936 3882 dialogum
1955 3827 2144 3881 agens,
2162 3821 2308 3879 post-

2409 3816 2563 3880 Θεὸς,
2593 3816 2730 3869 ἀλλά
2758 3815 2894 3868 Θεοῦ
2929 3817 3023 3867 καὶ
3064 3813 3354 3886 ἀνθρώπου
3402 3814 3569 3884 μίξις.
3607 3834 3625 3864 ι
3667 3810 3801 3866 Εἶτα
3838 3817 4030 3869 πάλιν

719 3919 886 3973 quam
932 3904 1306 3973 interrogatus
1347 3904 1419 3958 sit
1450 3921 1462 3956 :
1503 3923 1520 3954 ι
1555 3903 1699 3969 Quid
1732 3903 1906 3973 ergo?
1949 3917 2130 3956 nonne
2160 3902 2308 3957 Dens

2409 3907 2467 3959 tv
2495 3905 2574 3976 τῷ
2604 3907 2750 3978 λόγῳ
2783 3906 2948 3960 αὑτοῦ
2980 3905 3058 3977 τῷ
3091 3906 3565 3977 ἐπιγεγραμμένῳ
3607 3908 3688 3958 δτι
3721 3907 3870 3972 Θεὸς
3904 3909 4027 3961 ἐν·

719 4003 778 4048 et
803 3994 968 4048 homo
991 4001 1076 4049 est
1094 3992 1394 4048 Christus?
1421 3994 1516 4048 Vel
1561 4005 1693 4049 tune
1724 3993 1864 4047 dicis
1879 3993 2163 4048 Christum
2187 4008 2308 4048 esse

2409 4015 2636 4066 σαρκος
2667 4002 2702 4053 δ
2742 4000 3016 4068 Χριστὸς,
3059 3999 3200 4052 κατὰ
3230 3997 3425 4051 πεῦσιν
3456 3998 3550 4052 καὶ
3580 3999 3884 4068 ἀπόκρισιν
3922 4003 4031 4054 τὸν

718 4085 932 4152 Deum,
992 4085 1172 4156 ipsum
1220 4102 1342 4141 esse
1393 4087 1673 4142 hominem
1723 4086 2005 4156 negans?»
2072 4086 2176 4140 hoc
2220 4086 2304 4139 dio

2409 4090 2654 4158 διάλογον
2690 4090 3038 4159 ποιούμενος,
3088 4087 3504 4159 ἐπερωτηθείςο
3549 4107 3566 4140 ι
3609 4083 3835 4154 Τίοῦνς
3883 4092 4031 4162 οὐχὶ

721 4180 838 4234 cit:
878 4199 895 4230 ι
930 4179 1049 4234 Non
1108 4180 1164 4234 in
1225 4181 1444 4234 duabus
1495 4179 1843 4243 substantiis,
1871 4179 1968 4233 sed
2015 4179 2073 4233 in
2131 4196 2260 4232 una.
2287 4200 2303 4228 ι

2411 4184 2504 4234 καὶ
2528 4181 2659 4245 Θεδς
2696 4182 2795 4235 καὶ
2826 4181 3112 4252 ἄνθρωπός
3149 4182 3299 4233 ἐστιν
3335 4183 3364 4233 δ
3393 4181 3630 4250 Χριστὸς
3655 4221 3670 4244 ,
3703 4180 3736 4250 ἢ
3762 4180 3908 4233 Θεὸν
3952 4187 4030 4238 σὺ

722 4270 848 4326 Haec
874 4287 1006 4327 vero
1035 4273 1328 4344 retulimus
1357 4283 1410 4328 ut
1439 4271 1805 4327 ostendamus
1834 4272 2165 4341 Acephalos.
2207 4272 2310 4325 im-

2411 4273 2592 4341 λέγεις
2625 4274 2717 4326 τὸν
2741 4275 3002 4344 Χριστὸν,
3028 4274 3363 4342 ἀρνούμενος
3390 4273 3552 4324 αὑτὸν
3579 4271 3674 4324 καὶ
3707 4271 4031 4340 ἄνθρωπον

723 4365 830 4434 piis
859 4364 1182 4436 Apollinarii
1227 4365 1580 4435 dogmatibus
1633 4365 2039 4433 obsequentes,
2103 4381 2212 4418 non
2252 4366 2304 4418 in
2341 4375 2381 4436 ,ξ

2365 4375 2381 4436 '_
2412 4359 2583 4430 sint;
2621 4383 2638 4414 ι
2674 4364 2826 4432 λέγει
2878 4364 3004 4416 τάδε
3041 4379 3054 4393 ο
3097 4382 3114 4413 ι
3152 4363 3268 4416 Οὐκ
3312 4362 3371 4414 tv
3396 4361 3492 4415 δύο
3521 4362 3753 4425 οὐσίαις,
3792 4351 3924 4414 ἀλλ’
3966 4366 4031 4417 ἐν

724 4457 944 4513 duabus
983 4460 1198 4512 naturis
1244 4472 1365 4512 esse
1404 4457 1685 4512 Christum
1735 4465 1899 4526 atque
1931 4458 2175 4526 agnosci,
2210 4457 2305 4511 sed
2341 4421 2384 4474 Β

2366 4423 2384 4472 ³
2414 4457 2534 4526 μιᾷ.
2623 4421 2812 4510 Ταῦτα
2842 4455 2900 4508 δὲ
2928 4454 3336 4526 παρηγάγομεν
3363 4453 3453 4506 ἵνα
3479 4421 3749 4522 δείξωμεν
3779 4453 3868 4505 δτι
3897 4457 4032 4518 τοῖς

725 4547 781 4599 in
802 4563 908 4600 una
927 4547 1179 4602 conﬁteri
1207 4567 1222 4609 ;
1255 4547 1355 4602 etsi
1389 4547 1561 4601 sancti
1590 4547 1777 4601 Patres
1795 4547 1969 4600 nostri
1998 4546 2065 4599 de
2104 4548 2306 4600 unione

2421 4547 2799 4616 Ἀπολιναρὶου
2848 4549 3106 4615 πονηροῖς
3173 4543 3601 4605 ἀκολουθοῦντες
3651 4540 3939 4611 δόγμασιν
3975 4548 4029 4596 οῖ

725 4634 993 4688 ineﬂ'abili
1019 4634 1325 4690 divinitatis
1353 4645 1518 4705 atque
1542 4635 1904 4690 humanitatis
1937 4635 2166 4699 Christi,
2194 4652 2301 4689 non

2418 4639 2729 4706 Ἀκέφαλοι,
2752 4639 2851 4708 οὐχ
2884 4636 3241 4707 ὁμολογοῦσιν
3276 4639 3333 4689 tv
3363 4635 3459 4687 δύο
3497 4633 3707 4694 οὐσίαις
3733 4629 3886 4685 εἶναι
3924 4639 4031 4687 καὶ

727 4744 894 4782 unam
930 4739 1184 4784 naturam
1226 4730 1479 4791 tradant,
1528 4730 1624 4784 sed
1659 4745 1950 4784 numerum
1982 4739 2303 4784 naturarum

2404 4729 2768 4799 γνωρίζεσθαι
2798 4732 2889 4782 τὸν
2933 4729 3194 4801 Χριστὸν,
3235 4727 3351 4782 ἁλλ’
3382 4729 3440 4779 ὲν
3490 4726 3620 4796 μιᾷ·
3673 4725 3860 4777 καίτοι
3902 4727 4030 4778 τῶν

728 4821 1005 4875 unitarum
1038 4821 1290 4876 conﬁteri
1321 4839 1422 4876 nos
1452 4823 1712 4877 doceant.

2405 4823 2576 4891 ἁγίων
2623 4823 2781 4891 ἡμῶν
2829 4821 3091 4891 Πατέρων
3143 4819 3236 4872 ἐπὶ
3287 4819 3391 4886 τῆς
3425 4817 3708 4887 ἁφράστου
3744 4815 4023 4880 ἐνώσεως

726 4915 825 4983 τῆς
861 4913 1116 4983 θεότητος
1163 4914 1259 4966 καὶ
1295 4914 1396 4984 τῆς
1444 4913 1868 4992 ἁνθρωπότητος
1911 4915 2002 4965 τοῦ
2038 4912 2296 4982 Χριστοῦ,
2338 4912 2400 4966 οὗ
2440 4915 2570 4985 μίαν
2603 4913 2766 4981 φύσιν
2831 4911 3262 4982 παραδιδόντων,
3292 4909 3433 4963 ἀλλὰ
3497 4907 3590 4961 τδν
3613 4905 3860 4977 ἀριθμὸν
3900 4909 4030 4960 τῶν

727 5004 1034 5059 ἑνωθεισῶν
1064 5005 1281 5073 φύσεων
1321 5005 1605 5075 ὁμολογεῖν
1637 5007 1783 5076 ἡμᾶς
1817 5004 2198 5059 διδασκόντων.

717 5115 724 5122 ·
799 5099 1038 5152 Evidens
1057 5113 1188 5168 ergo
1213 5107 1460 5151 remanet
1505 5097 1798 5153 haereticos
1842 5113 2132 5152 numerum
2173 5113 2306 5151 con-

2489 5095 2588 5168 [P.
2620 5092 2780 5165 257.]
2833 5092 2994 5163 Δῆλοι
3022 5087 3115 5146 οῦν
3149 5091 3477 5145 καθεστᾶσιν
3506 5089 3554 5141 οἱ
3586 5087 3898 5158 αίρετικοὶ,
3925 5091 4033 5143 τὸν

723 5195 1042 5263 junctorum
1073 5205 1295 5259 negare,
1329 5191 1591 5244 unionem
1617 5191 1788 5259 ipsam
1818 5190 2308 5252 evertere,Deum-

2415 5189 2652 5260 ἀριθμὸν
2681 5188 2790 5241 τῶν
2815 5186 3178 5240 συνελθόντων
3203 5183 3548 5252 πραγμάτων
3571 5180 4029 5248 ἀπαρνούμενοι.

727 5301 835 5353 que
861 5292 917 5336 et
949 5283 1226 5336 hominem
1255 5283 1321 5335 ad
1358 5282 1714 5353 decipiendos
1748 5284 2116 5354 simpliciores
2147 5281 2307 5336 Chri-

2417 5283 2511 5334 καὶ
2544 5280 2711 5350 αὐτὴν
2744 5280 2840 5351 τὴν
2870 5278 3065 5331 ἕνωσιν
3098 5275 3472 5347 ἀναιροῦντες,
3507 5273 3599 5325 καὶ
3627 5271 3765 5324 Θεὸν
3794 5273 3898 5324 καὶ
3929 5275 4032 5328 ἄν.

727 5383 874 5428 stum
901 5373 1086 5427 dicere
1108 5390 1122 5437 ;
1142 5374 1187 5427 si
1205 5373 1350 5427 enim
1371 5390 1498 5428 vere
1514 5374 1767 5430 dicerent
1785 5376 1956 5430 Deum
1975 5374 2303 5444 perfectum,

2419 5371 2636 5442 θρωπον
2671 5372 2763 5424 τὸν
2816 5371 3051 5440 Χριστὸν
3117 5369 3253 5438 πρὸς
3311 5367 3528 5434 ἀπάτην
3584 5363 3841 5430 λέγοντες
3909 5367 4031 5418 τῶν

727 5466 1145 5536 pertectumqne
1168 5464 1444 5520 hominem
1463 5466 1898 5530 esseChristum,
1920 5466 2148 5520 evidens
2161 5473 2307 5518 esset

2423 5463 2810 5531 ἁπλουστέρων
2833 5478 2844 5491 ’
2866 5463 2916 5514 εί
2945 5461 3053 5531 γὰρ
3083 5459 3226 5513 κατὰ
3254 5459 3514 5528 ἀλήθειαν
3546 5455 3734 5523 ἔλεγον
3760 5455 3908 5508 Θεὸν
3935 5460 4036 5511 τέο

730 5556 871 5610 duas
900 5570 1121 5626 quoque
1147 5564 1370 5611 naturas
1401 5558 1598 5612 salvari
1625 5559 1680 5612 in
1706 5559 1844 5628 ipso,
1873 5558 1996 5612 illos
2024 5556 2310 5612 confessu-

2416 5553 2560 5607 λειον
2614 5557 2710 5607 καὶ
2760 5554 3048 5624 ἄνθρωπον
3095 5552 3303 5621 τέλειον
3365 5550 3457 5603 τὸν
3499 5549 3774 5618 Χριστὸν,
3844 5548 4023 5616 δῆλοι

732 5665 826 5707 ros
867 5664 1008 5705 esse.
1041 5649 1162 5702 Non
1191 5649 1523 5705 conﬁtcntes
1546 5659 1728 5705 autem
1754 5665 2045 5704 numcrnm
2077 5648 2306 5718 conjun-

2415 5647 2499 5701 ὅτι
2523 5648 2618 5700 καὶ
2649 5649 2749 5708 τὰς
2778 5646 2870 5698 δύο
2893 5646 3080 5707 οὐσίας
3108 5646 3164 5698 tv
3184 5644 3335 5714 αὖτῴ
3360 5640 3626 5706 σώζεσθαι
3651 5638 4011 5711 ὡμολόγουν·

807 5811 826 5834 ¹¹
851 5811 988 5870 Gen.
1019 5831 1058 5883 ι,
1090 5815 1177 5869 26.
