4220 6442
718 433 852 500 1143

1805 432 1835 487 .Y
1849 426 2246 492 US'IINIANI
2288 426 2813 488 IMPERATOBIS

3849 433 3997 498 11M

779 548 824 603 ἰ.
862 547 922 604 Si
958 545 1085 616 quis
1114 560 1226 600 non
1255 544 1552 599 conﬁtetur
1576 550 1781 597 sancta:
1811 539 2102 595 Trinitatis
2127 552 2292 592 unam

2472 537 2550 589 A'.
2613 537 2680 588 Εί
2712 554 2793 599 τις
2827 536 2925 606 οὑχ
2954 537 3212 607 ὁμολογεῖ
3252 539 3352 608 τῆς
3395 538 3558 608 ἁγίας
3582 538 3835 609 Τριάδος,
3861 543 4002 609 μίαν

712 639 1106 702 substantiam,
1166 637 1380 692 scilicet
1402 642 1657 689 naturam
1683 643 1740 688 et
1781 631 2134 686 divinitatem
2165 669 2179 693 ,
2241 630 2297 684 in

713 735 895 788 tribus
921 731 1310 803 hypostasibus
1334 729 1418 783 vel
1455 726 1731 797 personis,
1771 723 1986 780 scilicet
2027 722 2293 803 in_Patre,

709 836 767 881 et
810 801 972 884 Filio.
997 801 1298 893 ietSpiritu
1348 831 1545 876 sancto
1597 817 1957 881 adorandum,
1999 801 2295 869 anathema

710 919 806 972 sit.

781 1010 846 1065 Π.
886 1008 942 1063 Si
974 1007 1100 1077 quis
1133 1005 1341 1060 dixerit
1378 1005 1553 1059 Deum
1585 1004 1826 1058 Verbum
1871 1001 1987 1056 sive
2022 1000 2293 1070 Spiritum

708 1110 964 1157 sanctum
995 1106 1316 1154 creaturam
1340 1113 1483 1158 esse,
1513 1096 1598 1149 vel
1622 1095 1757 1149 alias
1783 1093 2126 1149 substantias
2150 1107 2293 1162 prae-

709 1207 794 1249 ter
814 1192 1181 1248 substantiam
1212 1189 1410 1251 Patris,
1441 1187 1735 1241 anathema
1761 1185 1852 1241 sit.

779 1288 867 1342 lll.
884 1285 941 1340 Si
959 1285 1084 1356 quis
1101 1279 1570 1338 dixeritcumdem
1590 1294 1712 1334 esse
1731 1279 1973 1341 Patrem,
1992 1287 2049 1332 et
2070 1276 2292 1339 Filium,

707 1380 1050 1449 ortSpiritutn
1105 1385 1376 1437 sanctum,
1428 1388 1592 1426 unam
1639 1386 1935 1441 personam
1973 1383 2294 1440 supponens

711 1472 968 1542 pluribus
998 1467 1344 1530 nominibus,
1379 1476 1658 1530 unamque
1691 1460 2033 1531 hypostasim
2055 1457 2162 1512 sub
2191 1457 2288 1512 tri-

711 1565 816 1617 bus
842 1559 1314 1632 appellationibus
1366 1556 1700 1617 invocatam,
1743 1555 1893 1606 hunc
1925 1552 1980 1605 in
2009 1559 2163 1620 parte
2203 1548 2294 1604 Ju-

707 1656 958 1710 dmorum
986 1652 1246 1722 ponimus
1281 1658 1448 1717 atque
1478 1645 2035 1702 anathematizamus.

781 1747 868 1800 lV.
901 1746 958 1799 Si
1009 1744 1135 1813 quis
1170 1757 1278 1795 non
1312 1738 1608 1794 confitetur
1657 1737 1822 1790 unius
1876 1749 2126 1805 persona:
2168 1733 2290 1787 nni-
2346 1772 2348 1774 τ

707 1839 876 1908 geniti
907 1836 1030 1891 Filii
1059 1833 1155 1889 Dei
1190 1843 1246 1888 ct
1279 1829 1498 1886 Domini
1539 1827 1717 1883 nostri
1752 1827 1882 1883 Jesu
1913 1825 2121 1881 Christi
2153 1823 2291 1878 duas

707 1947 831 1987 esse
864 1929 1206 1989 nativitates,
1238 1938 1403 1978 uuam
1452 1919 1781 1976 :eternitatis
1801 1934 1868 1972 ex
1894 1918 2056 1971 Patre
2085 1930 2290 1969 secun-
2327 1896 2367 1951 Β

707 2026 840 2079 dum
895 2021 1266 2081 divinitatem,
1305 2016 1669 2083 alteramque,
1720 2026 1844 2082 quae
1893 2009 2036 2064 facta
2097 2017 2185 2063 est
2235 2007 2291 2061 in

707 2115 1011 2170 novissimo
1051 2112 1269 2166 dierum
1302 2123 1371 2162 ex
1414 2113 1603 2161 sancta
1629 2103 1855 2174 Virgine
1883 2102 2092 2170 Deique
2123 2099 2292 2154 Matre

706 2211 879 2266 Maria
930 2205 1240 2263 secundum
1323 2200 1747 2262 humanitatem,
1827 2198 2121 2267 ipsumque
2168 2210 2291 2249 esse

707 2318 879 2358 unum
917 2309 1123 2364 sanctae
1153 2295 1467 2356 Trinitatis,
1484 2291 1538 2346 id
1563 2300 1650 2346 est
1678 2304 1842 2344 unam
1857 2287 2198 2360 hypostasim
2221 2301 2290 2339 ex

707 2396 889 2450 tribus
916 2387 1326 2464 hypostasibus,
1372 2383 1666 2439 anathema
1703 2379 1795 2435 sit.

779 2490 844 2541 V.
867 2487 922 2544 Si
946 2486 1072 2556 quis
1126 2497 1236 2538 non
1268 2477 1568 2535 conﬁtetur
1617 2473 1718 2529 Dei
1744 2479 1876 2528 esse‘
1894 2471 2122 2526 Matrem
2153 2485 2290 2524 san-

706 2592 851 2638 ctatn
879 2580 1175 2654 gloriosam
1205 2585 1536 2644 semperque
1562 2568 1844 2641 Virginem
1875 2564 2124 2629 Mariam,
2163 2579 2296 2617 ana-

708 2679 895 2732 thema
927 2673 1018 2729 sit.

781 2771 872 2826 Vl.
901 2767 958 2825 Si
1009 2767 1138 2837 quis
1167 2761 1392 2817 adducit
1419 2759 1562 2814 duos
1587 2754 1752 2814 ﬁlios.
1776 2767 1947 2808 unum
1974 2751 2198 2822 quidem
2229 2767 2296 2805 ex

710 2867 824 2920 Deo
859 2873 917 2918 et
946 2861 1131 2922 Patre,
1197 2863 1253 2910 ct
1297 2855 1538 2908 alterum
1598 2863 1667 2904 ex
1693 2846 1889 2909 Matre,
1931 2844 2047 2900 sive
2093 2839 2299 2895 dixerit

709 2957 900 3011 Jesum
933 2960 994 3005 ut
1037 2947 1318 3004 hominem
1343 2942 1675 3012 inspiratum
1708 2937 1902 3001 fuisse,
1956 2933 2296 3006 gloriamque

712 3043 998 3118 Unigeniti
1047 3057 1176 3098 eum
1205 3032 1666 3096 circumdedisse,
1723 3038 1785 3085 ut
1813 3029 2046 3084 alterum
2087 3027 2176 3081 cui
2215 3023 2297 3078 al-

712 3117 1008 3203 fuisset,eo
1027 3133 1193 3189 modo
1209 3144 1320 3202 quo
1333 3127 1540 3184 Paulus
1562 3123 1884 3180 Samosaten
1894 3117 2316 3183 us,Nestorius-.

2399 630 2620 694 οὑσίαν,
2656 631 2910 683 τουτέστι
2953 630 3118 700 φύσιν
3147 632 3243 684 καὶ
3269 631 3525 702 θεότητα,
3561 633 3620 684 ὲν
3650 634 3834 701 τρισὶν
3860 634 4004 686 ὑπο-

2400 723 2682 808 στάσεσιν,
2736 721 2899 790 ἤτουν
2937 720 3285 789 προσώποις,
3321 723 3460 792 ὅπερ
3499 722 3650 776 ἐστὶν
3688 725 3748 776 ὲν
3785 724 3995 794 Πατρὶ,

2397 813 2490 866 καὶ
2513 813 2753 884 Tit},an
2779 813 2920 882 ἁγίῳ
2944 811 3225 885 Πνεύματι
3251 816 3697 887 προσκυνεῖσθαι,
3724 817 3990 887 ἀνάθεμα

2396 905 2558 958 ἔστω.

2470 997 2545 1053 B'.
2601 1000 2785 1062 Ef‘ct;
2817 1000 2971 1066 λέγει
3010 1001 3101 1054 τὸν
3137 999 3273 1053 Θεὸν
3306 1001 3480 1070 Λόγον
3513 1002 3545 1071 ἦ
3579 1001 3642 1055 τὸ
3664 1002 3900 1072 Πνεῦμα
3934 1003 4003 1056 τὸ

2396 1092 2552 1160 ἅγιον
2606 1091 2813 1162 κτίσμα
2859 1090 3041 1155 εἶναι,
3113 1093 3147 1161 ἢ
3212 1093 3410 1164 ἑτέρας
3447 1095 3639 1158 οὐσίας
3687 1095 3848 1167 παρὰ
3894 1095 4003 1166 τὴν

2395 1181 2488 1235 τοῦ
2519 1181 2755 1252 Πατρδς,
2793 1183 3048 1252 ἀνάθεμα
3071 1183 3236 1236 ἔστω.

2465 1271 2541 1327 Γ’.
2594 1273 2660 1325 Εἰ
2690 1291 2774 1336 τις
2812 1274 2904 1326 τὸν
2940 1275 3103 1327 αὑτὸν
3139 1275 3286 1343 λέγει
3328 1277 3574 1347 Πατέρα,
3603 1278 3697 1331 καὶ
3733 1279 3867 1330 Υἱδν
3900 1279 4005 1331 καὶ

2395 1366 2550 1433 ἅγιον
2587 1364 2838 1432 Πνεῦμα,
2876 1364 2934 1417 ἓν
2983 1366 3280 1436 πρόσωπον
3323 1368 3679 1439 πολυώνυμον
3729 1371 4000 1423 ὑποτιθέο

2398 1475 2561 1526 μενος
2584 1499 2598 1522 ,
2653 1460 2749 1512 καὶ
2785 1459 2914 1529 μίαν
2942 1459 3245 1513 ὑπόστασιν
3281 1460 3390 1513 ὑπὸ
3421 1461 3589 1532 τριῶν
3615 1462 3869 1533 κλήσεων
3899 1465 4004 1515 ἑκ·-

2394 1551 2774 1622 φωνουμένην,
2793 1551 2887 1604 τὸν
2915 1549 3159 1605 τοιοῦτον
3190 1553 3249 1605 ἐν
3269 1557 3335 1624 τῇ
3365 1555 3548 1625 μερίδι
3577 1555 3687 1608 τῶν
3713 1556 4005 1610 Ἰουδαίων

2392 1643 2669 1713 τάσσομεν
2698 1646 2794 1694 καὶ
2823 1641 3322 1711 ἀναθεματίζομεν.

2463 1735 2536 1786 Δ’.
2559 1734 2722 1797 Είτις
2748 1733 2822 1804 μὴ
2838 1733 3095 1802 ὁμολογεῖ
3107 1735 3201 1788 τοῦ
3219 1736 3339 1799 ἐνὸς
3363 1735 3664 1807 προσώπου
3700 1736 3799 1802 τοῦ
3829 1753 4006 1806 μονο-

2394 1826 2731 1898 γενοῦςΥίοῦ
2753 1829 2846 1882 τοῦ
2863 1827 3000 1882 Θεοῦ
3031 1829 3126 1881 καὶ
3145 1829 3351 1898 Κυρίου
3373 1828 3530 1898 ἡμῶν
3546 1827 3724 1897 Ἰησοῦ
3748 1827 4006 1898 Χριστοῦ

2394 1920 2494 1984 τὰς
2530 1920 2626 1974 δὺο
2669 1921 2958 1991 γεννήσεις
3004 1921 3313 1992 ὑπάρχειν,
3379 1921 3484 1990 τήν
3533 1936 3593 1971 τε
3645 1917 3746 1971 τοῦ
3789 1919 4009 1981 αἰῶνος

2393 2014 2458 2065 ἐκ
2490 2013 2584 2066 τοῦ
2615 2012 2829 2084 [ἰατρὸς
2875 2013 3019 2066 κατὰ
3055 2013 3153 2082 τὴν
3180 2013 3417 2083 θεότητα
3451 2011 3548 2064 καὶ
3575 2012 3674 2083 τὴν
3707 2012 3798 2063 ἐπ’
3823 2012 4006 2080 ἐσχά-

2394 2122 2490 2158 του
2530 2106 2638 2159 τῶν
2680 2105 2906 2178 ἡμερῶν
2950 2104 3047 2158 τοῦ
3080 2104 3247 2158 αὑτοῦ
3280 2108 3348 2159 ἐκ
3378 2107 3478 2174 τῆς
3511 2103 3676 2172 ἁγίας
3704 2103 4007 2174 Παρθένου

2395 2199 2489 2252 καὶ
2516 2197 2784 2250 Θεοτόκου
2821 2198 3042 2268 Μαρίας
3096 2198 3241 2250 κατά
3287 2197 3386 2268 τὴν
3415 2197 3849 2268 ἀνθρωπότητα,
3895 2198 4009 2249 καὶ

2397 2291 2562 2344 αὑτὸν
2595 2287 2737 2345 εἶναι
2767 2291 2866 2344 ἕνα
2900 2291 3003 2360 τῆς
3034 2292 3196 2358 άγίας
3219 2289 3486 2361 Τριάδος,
3537 2289 3789 2342 τουτέστι
3856 2289 4010 2359 μίαν

2396 2385 2694 2438 ὑπόστασιν
2721 2385 2786 2436 ἐκ
2809 2381 2921 2436 τῶν
2947 2383 3118 2452 τριῶν
3142 2383 3522 2442 ὑποστάσεων,
3545 2380 3798 2450 ἀνάθεμα
3822 2382 4005 2434 ἔστω.

2469 2479 2543 2531 E'.
2599 2477 2666 2530 Εἴ
2707 2493 2791 2539 τις
2834 2476 2935 2546 οὑχ
2969 2474 3226 2545 ὁμολογεῖ
3261 2475 3527 2528 Θεοτόκον
3569 2476 3669 2545 τὴν
3703 2476 3865 2543 ἁγίαν
3899 2475 4010 2528 ἒν-

2395 2569 2546 2638 δοξον
2577 2568 2944 2639 ἀειπάρθενον
2973 2568 3220 2640 Μαρίαν,
3257 2567 3510 2640 ἀνάθεμα
3539 2567 3703 2624 ἔστω.

2472 2753 2563 2818 (τ’.
2590 2750 2656 2802 Εἰ
2681 2767 2766 2813 τις
2793 2749 3010 2814 εἰσάγει
3037 2745 3135 2800 δύο
3155 2746 3343 2810 Υίοὺς,
3373 2748 3472 2799 ἕνα
3505 2747 3603 2814 μὲν
3630 2747 3725 2798 τὸν
3754 2746 3819 2798 ἐκ
3844 2744 4011 2798 Θεοῦ

2396 2841 2498 2896 καὶ
2533 2838 2808 2910 Πατρδ;,τ
2832 2837 3020 2908 ἓτερον
3048 2835 3106 2891 δὲ
3138 2836 3232 2891 τὸν
3261 2837 3328 2889 ὲκ
3357 2836 3460 2905 τῆς
3491 2834 3718 2906 Μητρὸς
3739 2874 3754 2895 ,
3807 2835 3841 2904 ἢ
3889 2835 4015 2890 καὶ

2397 2935 2474 2994 ὼς
2502 2933 2794 3003 ἄνθρωπον
2827 2929 3177 3000 ἐνεργεῖσθαι
3202 2929 3352 2997 λέγει
3379 2930 3470 2981 τὸν
3504 2929 3734 2997 Ἰησοῦν,
3763 2929 3860 2980 καὶ
3881 2929 4014 2998 τὴν

2397 3022 2492 3076 τοῦ
2525 3020 2873 3090 Μονογενοῦς
2905 3019 3152 3085 εὐδοξίαν
3185 3016 3494 3089 περιῆφθαι
3536 3018 3612 3082 ὼς
3647 3018 3819 3088 ἑτέρῳ
3850 3022 4013 3088 παρ’

2400 3116 2565 3170 αὑτὸν
2610 3114 2956 3186 ὑπάρχοντι,
3011 3112 3268 3182 καθάπερ
3309 3111 3526 3175 Παῦλος
3565 3113 3594 3164 ὁ
3629 3111 4016 3181 Σαμοσατεὺς

711 3248 823 3304 que
852 3230 1259 3301 hlasphemant,
1285 3221 1381 3278 sed
1417 3235 1528 3275 non
1563 3231 1738 3272 unum
1772 3211 2144 3280 eumdemque
2171 3223 2294 3264 esse

2402 3210 2497 3263 καὶ
2528 3209 2828 3280 Νεστόριος
2857 3204 3277 3276 βλασφημοῦσιν
3301 3242 3316 3267 ,
3369 3203 3487 3257 ἀλλ’
3519 3203 3616 3272 οὑχ
3642 3203 3737 3256 ἕνα
3765 3203 3862 3254 καὶ
3901 3203 4019 3256 τὸν

713 3301 1010 3381 conﬁtetur
1043 3319 1244 3376 Filium
1303 3311 1650 3384 unigenitum
1697 3308 1873 3364 Deum
1909 3303 2152 3360 Verbum
2186 3301 2296 3357 Do-

712 3419 929 3472 minum
958 3413 1146 3468 Jesum
1175 3407 1482 3468 Christum,
1538 3399 1862 3473 huiusmodi
1922 3397 1993 3450 ab
2040 3394 2298 3450 omnibus

712 3505 1048 3563 Christianis
1070 3496 1590 3558 anathematizetur.

785 3598 898 3652 Vll.
933 3597 991 3650 Si
1039 3593 1168 3664 quis
1196 3590 1398 3646 dixerit
1422 3586 1582 3658 quasi
1615 3574 1716 3654 per
1763 3584 2012 3638 canalem
2055 3579 2299 3649 Virginis

716 3690 1003 3750 transisse,
1031 3685 1130 3756 sed
1183 3699 1293 3738 non
1346 3681 1405 3734 in
1435 3694 1499 3733 ea
1530 3677 1826 3732 formatum
1884 3674 2076 3736 fuisse,
2108 3669 2300 3724 divino

717 3785 970 3852 simuLac
1004 3781 1249 3835 humano
1275 3772 1459 3836 modo,
1509 3769 1701 3824 divino
1745 3766 1972 3838 quidem
1999 3764 2130 3835 quia
2181 3761 2300 3816 sine

716 3879 858 3940 viro,
883 3853 1130 3930 humano
1158 3883 1290 3924 vero
1314 3865 1444 3935 quia
1472 3862 1590 3932 iege
1616 3857 2024 3931 praegnationis,
2049 3854 2302 3910 similiter

719 3969 1068 4027 maledictus.

789 4063 929 4118 Vlll.
957 4060 1013 4115 Si
1037 4058 1164 4130 quis
1217 4052 1435 4108 duabus
1487 4048 1742 4119 personis
1796 4042 1881 4096 vel
1916 4037 2302 4112 ltypostasibus

719 4128 1168 4210 tribueritverba
1199 4139 1682 4216 quzelcgunturin
1732 4134 1890 4189 lihfis
1945 4128 2299 4201 evangelicis,

718 4247 806 4301 vel
836 4259 959 4314 quae
1004 4241 1073 4296 de
1100 4237 1323 4294 Christo
1360 4251 1392 4289 a
1421 4230 1630 4287 sanctis
1679 4226 1828 4281 dicta
1889 4231 2038 4309 sunt,
2092 4220 2196 4276 vel-
2234 4219 2302 4274 ab

720 4305 939 4406 ipso-de
971 4347 1052 4395 se,
1082 4327 1373 4383 anathema
1406 4324 1497 4378 sit.
1715 4336 1726 4375 ς
2003 4305 2006 4309 ’

795 4428 887 4482 IX.
943 4425 999 4480 Si
1048 4423 1174 4492 quis
1221 4437 1331 4476 non
1386 4418 1684 4473 confitetur
1729 4410 2040 4468 divinitatis
2093 4405 2302 4463 Christi

721 4533 888 4573 unam
917 4529 1041 4570 esse
1101 4509 1438 4582 hypostasim
1483 4522 1578 4562 seu
1612 4519 1777 4560 unam
1817 4514 2131 4571 personam,
2168 4512 2304 4552 ana-

721 4613 906 4667 thema
936 4609 1030 4664 sit.

791 4703 861 4756 Χ.
896 4701 951 4756 Si
979 4698 1106 4769 quis
1129 4697 1268 4751 duas
1284 4680 1522 4748 naturas
1552 4689 1830 4760 Unigeuiti
1876 4687 2047 4741 fuisse
2093 4684 2300 4739 dixerit

722 4805 851 4849 aute
875 4792 1162 4851 unionem,
1202 4801 1368 4842 unam
1389 4800 1524 4840 vero
1559 4791 1682 4853 post
1709 4781 1992 4838 unionem.
2037 4777 2300 4832 divinita-

725 4888 798 4940 tis
827 4883 1120 4951 carnisque
1139 4878 1315 4948 ipsius
1338 4885 1590 4932 naturam
1625 4873 1870 4936 ﬁnxerit,
1887 4869 2184 4924 anathema
2206 4867 2298 4922 sit.

794 4974 886 5028 XI.
922 4972 977 5027 Si
1021 4969 1150 5040 quis
1179 4983 1290 5022 non
1335 4965 1633 5020 conﬁtetur
1672 4962 1813 5017 duas
1873 4971 2101 5014 naturas
2155 4957 2301 5012 divi-

724 5063 914 5119 uitatis
949 5076 1016 5115 ac
1070 5055 1434 5112 humanitatis
1471 5056 1525 5107 in
1558 5066 1723 5106 unam
1787 5049 2125 5121 hypostasim
2173 5061 2306 5100 con-

725 5154 990 5214 currisse,
1023 5165 1194 5204 unum
1216 5147 1498 5204 Christum
1544 5142 1856 5213 perfectum
1909 5141 2100 5201 fuisse,
2139 5147 2303 5206 atque

727 5247 784 5299 in
825 5241 1094 5298 ambabus
1116 5239 1331 5294 naturis
1353 5234 1663 5290 inconfusis
1690 5231 2102 5299 individuisque
2125 5229 2305 5298 ipsum

728 5334 972 5408 agnosci,
995 5333 1148 5403 juxta
1177 5330 1325 5400 quod
1356 5325 1662 5397 perfectum
1696 5324 1751 5378 in
1784 5321 2131 5377 humanitate
2151 5333 2305 5372 eum-

729 5405 854 5482 dem
875 5423 1226 5484 conﬁtemur,
1255 5417 1419 5473 unius
1455 5415 1623 5469 etiam
1654 5412 2014 5483 ejusdemque
2038 5405 2305 5463 miracula

726 5533 849 5576 esse
873 5516 1178 5577 credimus,
1213 5509 1503 5565 anathema
1531 5507 1620 5559 sit.

798 5698 927 5754 “me
974 5707 1104 5752 sunt
1157 5708 1280 5765 quze
1333 5686 1516 5742 divina
1549 5683 1832 5752 Scriptura
1882 5677 2061 5732 cdocti
2093 5692 2303 5730 sumus.

724 5791 859 5846 Haec
909 5795 1036 5845 Sunt
1090 5784 1346 5842 Ecclesia:
1385 5777 1674 5833 catholica:
1724 5773 2000 5842 dogmata.
2038 5770 2130 5822 Ha:
2181 5780 2306 5821 sunt

745 5883 1058 5941 traditiones
1110 5876 1354 5937 l'atrutn,
1389 5869 1675 5924 hominum
1702 5882 1801 5937 pro
1835 5863 2066 5918 diversis
2099 5870 2308 5930 tempu-

2399 3302 2564 3355 αὑτζν
2611 3301 2869 3371 ὁμολογεῖ
2915 3300 3046 3352 Υἱδν
3094 3298 3364 3367 μονογενῆ
3403 3296 3543 3350 Θεὸν
3572 3298 3744 3364 Λόγον
3779 3295 4018 3365 Κύριον

2413 3391 2621 3464 Ἰησοῦν
2669 3392 2940 3462 Χριστὸν,
2995 3393 3025 3445 ὁ
3074 3389 3320 3453 τοιοῦτος
3377 3388 3531 3460 παρά
3578 3388 3799 3442 πάντων
3841 3389 4015 3459 Χρι-

2403 3485 2636 3552 στιανῶν
2669 3482 3188 3555 ἀναθεματιξέσθω.

2471 3579 2546 3630 Ζ’.
2609 3577 2676 3628 Ei’
2721 3593 2805 3638 τις
2854 3575 2931 3639 ὡς
2978 3574 3069 3628 διὰ
3113 3572 3358 3641 σωλῆνος
3403 3572 3502 3640 τῆς
3545 3569 3828 3639 Παρθένου
3869 3569 4021 3624 δια-

2401 3667 2634 3737 δραμεῖν
2654 3705 2670 3729 ,
2722 3664 2862 3719 ἀλλὰ
2895 3664 2971 3736 μὴ
3002 3667 3060 3718 ἐν
3087 3665 3226 3735 αὑτῇ
3255 3661 3659 3716 διαπεπλάσθαι
3687 3659 3862 3726 λέγει,
3908 3661 4022 3713 θε-

2400 3759 2536 3822 ῖκῶς
2564 3775 2623 3810 τε
2655 3757 2772 3827 ἅμα
2803 3757 2900 3811 καὶ
2926 3755 3313 3826 ἀνθρωπίνως,
3350 3753 3550 3814 θεῖκῶς
3581 3751 3682 3821 μὲν
3711 3753 3795 3804 ὅτι
3822 3753 4025 3822 χωρὶς

2403 3848 2630 3920 ἀνδρὸς,
2680 3847 3048 3918 ἀνθρωπίνως
3072 3846 3129 3899 δὲ
3157 3847 3241 3899 ὅτι
3272 3845 3424 3915 νόμῳ
3450 3845 3706 3923 δινήσεως
3725 3884 3739 3907 .
3786 3844 4027 3912 ὁμοίως

2349 3971 2351 3974 ‹
2402 3938 2579 4000 ἄθεος.

2477 4029 2559 4083 H'.
2617 4028 2684 4082 Εἴ
2726 4046 2809 4092 τις
2840 4025 3178 4100 ,προσώποις
3219 4026 3404 4090 δυσὶν,
3449 4027 3570 4094 ἦτοι
3600 4024 4024 4088 ὑποστάσεεσιν,

2405 4123 2504 4187 τὰς
2554 4123 2614 4174 ἐν
2661 4124 2777 4185 τοῖς
2827 4119 3216 4188 εὑαγγελικοῖς
3263 4118 3698 4197 συγγράμμασιν
3741 4116 4026 4188 διανέμει

2408 4214 2621 4286 φωνάς.
2672 4215 2705 4284 ἢ
2751 4213 2845 4266 ἐπὶ
2881 4211 3108 4281 Χριστῷ
3143 4210 3298 4281 παρά
3325 4210 3435 4263 τῶν
3467 4209 3638 4276 ἁγίων
3663 4208 4025 4280 λεγομένας,

2407 4309 2440 4378 ἢ
2477 4307 2608 4378 παρ’
2637 4305 2980 4376 αὐτοῦ’περὶ
3007 4303 3198 4366 αὑτοῦ,
3235 4302 3488 4374 ἀνάθεμα
3513 4301 3676 4356 ἔστω.

2478 4401 2556 4454 Θ’.
2600 4399 2668 4452 Εἴ
2693 4416 2778 4462 τις
2808 4400 2910 4468 οὑχ
2937 4397 3196 4467 ὁμολογεῖ
3229 4396 3331 4466 τῆς
3357 4395 3614 4466 θεότητος
3644 4393 3740 4446 καὶ
3767 4394 3874 4464 τῆς
3905 4396 4024 4448 ἀν-

2409 4489 2766 4561 θρωπότητος
2799 4487 2896 4541 τοῦ
2928 4485 3171 4558 Χριστοῦ
3210 4487 3340 4557 μίαν
3366 4480 3508 4538 εἶναι
3535 4485 3634 4554 τὴν
3665 4483 4024 4551 ὑπόστασιν,

2335 4593 2382 4648 D
2410 4582 2528 4652 ἦτοι
2562 4580 2620 4633 ἓν
2649 4579 2966 4649 πρόσωπον,
2994 4577 3251 4647 ἀνάθεμα
3277 4577 3437 4629 ἔστω.

2475 4673 2529 4726 l'.
2563 4672 2629 4725 Εἴ
2648 4689 2732 4734 τις
2757 4671 2854 4725 δύο
2880 4671 3072 4738 φύσεις
3097 4669 3193 4722 τοῦ
3220 4666 3564 4735 Μονογενοῦς
3590 4664 3738 4734 λέγει
3763 4665 3878 4734 πρὸ
3903 4668 4025 4736 τῆς

2404 4766 2676 4828 ὲνώσεως,
2715 4764 2845 4834 μίαν
2869 4763 2928 4816 δὲ
2959 4764 3101 4832 μετά
3123 4762 3222 4832 τὴν
3247 4760 3465 4823 ἕνωσιν,
3491 4759 3588 4827 τῆς
3611 4757 3873 4826 θεότητος
3909 4759 4025 4812 val

2402 4857 2504 4928 τῆς
2533 4856 2739 4926 σαρκὸς
2764 4854 2932 4908 αὑτοῦ
2961 4853 3128 4922 φύσιν
3153 4851 3516 4913 ἀναπλάττει,
3548 4847 3802 4917 ἀνάθεμα
3829 4849 4020 4905 ἔστω.

2473 4950 2576 5002 IA'.
2635 4948 2701 5001 Εί
2730 4964 2814 5009 τις
2855 4946 2955 5015 οὐχ
2981 4943 3240 5014 ὁμολογεί
3268 4943 3367 5007 τὰς
3397 4941 3493 4995 δύο
3521 4940 3714 5010 φύσεις
3742 4939 3848 5007 τῆς
3874 4939 3991 4994 0εό
4013 4975 4026 4983 -

2404 5056 2567 5110 τητος
2618 5039 2712 5091 καὶ
2755 5039 2857 5107 τῆς
2897 5035 3326 5106 ἀνθρωπότητος
3389 5035 3468 5096 είς
3518 5031 3646 5102 μίαν
3686 5030 4025 5085 ὑπόστασιν

2407 5131 2780 5202 συνδραμεῖν,
2833 5128 2931 5181 ἕνα
2973 5145 3034 5181 τε
3081 5127 3172 5179 τὸν
3213 5125 3453 5197 Χριστζν
3497 5121 3862 5184 ἀποτελέσαι,
3909 5126 4025 5178 καὶ

2406 5224 2466 5275 έν
2499 5221 2842 5291 ἀμφοτέραις
2869 5221 2990 5282 ταῖς
3017 5219 3249 5285 φύσεσιν
3276 5214 3608 5285 ἀσυγχύτοις
3635 5214 3733 5265 καὶ
3757 5213 4024 5285 ἀδιαιρέ-

2406 5328 2522 5373 τοις
2552 5311 2719 5362 αὑτὸν
2744 5307 3136 5380 γνωρίζεσθαι,
3169 5308 3292 5360 καθ’
3315 5305 3344 5360 ὃ
3373 5306 3582 5358 τέλειον
3612 5305 3671 5356 ὲν
3700 5303 4022 5373 ἀνθρωπό-

2406 5420 2531 5473 τητι
2562 5403 2654 5455 τὸν
2684 5402 2849 5456 αὑτὸν
2879 5399 3149 5470 όμολογοῦ
3160 5418 3282 5469 μεν,
3316 5399 3413 5452 καὶ
3437 5396 3557 5460 ἐνὸς
3581 5395 3682 5450 καὶ
3703 5394 3801 5448 τοῦ
3826 5397 4022 5452 αὑτοῦ

2407 5495 2476 5547 τὰ
2508 5493 2763 5563 θαύματα
2798 5495 2893 5547 καὶ
2922 5492 2989 5545 τὰ
3016 5491 3167 5562 πάθη
3191 5486 3332 5544 εἶναι
3360 5487 3718 5559 πιστεύομεν,
3743 5488 4022 5561 ἀνάθεμα

2411 5584 2568 5637 ἔστω.

2479 5676 2666 5729 Ταῦτά
2716 5678 2861 5728 ἐστιν
2925 5674 2956 5727 Ξὶ
3013 5675 3164 5742 παρὰ
3213 5673 3312 5742 τῆς
3355 5671 3507 5732 θείας
3550 5671 3778 5742 Γραφῆς
3825 5671 4020 5725 ἐδιδα-

2411 5769 2658 5839 χθημεν·
2719 5767 2892 5820 ταῦτα
2940 5770 3038 5836 τῆς
3083 5764 3377 5832 καθολικῆς
3411 5764 3740 5834 Ἑκκλησίας
3803 5763 3872 5815 τὰ
3925 5764 4020 5818 δὸο

2415 5878 2594 5932 γραῖα
2619 5877 2630 5888 ο
2665 5856 2822 5914 αὗται
2871 5859 2978 5911 τῶν
3021 5859 3283 5930 Πατὲρων
3328 5859 3381 5911 αἱ
3411 5857 3766 5928 τχςραδὸσεις,
3801 5855 3920 5911 τῶν
3952 5876 4014 5912 τε
