4220 6442
247 465 386 528 ηιξ

1218 463 1584 525 EPISTULA
1624 463 2061 524 DOGMATICA
2105 466 2207 526 AD
2245 466 2556 528 ZOILUM.

3377 466 3511 531 illi

240 577 385 629 κατὰ
426 573 616 645 καιρὸν
667 574 726 625 ἐν
771 574 836 642 τῇ
878 571 1013 642 ἁγίᾳ
1053 572 1148 625 τοῦ
1184 572 1320 626 Θεοῦ
1365 574 1666 644 Ἐκκλησία
1707 573 1822 626 δια-

1927 575 2080 629 ribus
2106 576 2163 628 in
2190 583 2378 629 sancta
2405 577 2500 630 Dei
2524 576 2769 631 Ecclesia
2792 576 3247 646 praecellentium,
3266 575 3516 630 illorum-

237 666 608 738 πρεψάντων,
662 666 757 718 καὶ
805 664 916 717 τῶν
959 667 1018 717 ὲν
1057 668 1180 730 ταῖς
1225 665 1412 732 ἁγίαις
1444 665 1669 734 τέτρασι
1737 682 1828 732 γε-

233 760 489 828 νομένων
537 758 802 822 συνόδοις,
833 759 944 811 τῶν
985 758 1319 828 τριακοσίων
1370 759 1503 812 δέκα
1552 759 1643 811 κα)⁵
1684 758 1831 811 ὀκτὼ

233 851 349 904 τῶν
391 854 450 904 ὲν
490 852 747 920 Νικαίῳ,
801 851 898 904 καὶ
940 851 1052 904 τῶν
1095 853 1293 904 ἑκατὸν
1336 855 1678 922 πεντήκοντα
1719 850 1830 902 τῶν

233 947 294 996 ἐν
324 945 890 1007 Κωνσταντινοπόλει,
928 945 1026 997 καὶ
1052 947 1159 998 τῶν
1183 947 1242 996 ἐν
1273 945 1486 1015 Ἐφέσῳ
1511 944 1652 997 κατὰ
1679 943 1830 1012 πρώ-

232 1053 340 1103 την
367 1038 525 1103 τάξιν
556 1037 993 1106 συνειλεγμένων
1019 1037 1334 1101 διακοσίων,
1359 1041 1453 1090 καὶ
1479 1037 1586 1090 τῶν
1615 1041 1669 1089 ἐν
1693 1036 1830 1090 Xa),-

235 1126 429 1195 κηδόνι
487 1127 788 1192 ἑξακοσίων
839 1129 1175 1198 τριάκοντα,
1230 1129 1429 1191 οἵτινες
1475 1130 1642 1198 νόμος
1677 1128 1829 1191 ὄντες

233 1219 337 1287 τῆς
369 1219 724 1288 Ἐκκλησίας,
759 1222 889 1285 τοὺς
919 1221 1061 1274 κατὰ
1087 1221 1280 1291 καιρὸν
1309 1222 1658 1289 ἀναφυέντας
1682 1223 1831 1292 αἱρεο

233 1310 464 1372 τικοῦς,
519 1311 613 1362 καὶ
657 1309 728 1362 τε
785 1310 1011 1364 ἐκείνων
1063 1313 1279 1382 μυσερα
1339 1313 1592 1382 δόγματα
1630 1318 1695 1384 τῇ
1731 1314 1828 1367 τοῦ

235 1402 402 1468 ἁγίου
426 1403 565 1455 [Ῑνεύ
574 1420 743 1472 ματος
764 1406 1062 1476 συνεργεία
1089 1405 1188 1484 τῆς
1204 1406 1529 1474 Ἐκκλησίας
1550 1405 1826 1471 ἐξέϐαλον.

234 1496 302 1546 Οἱ
349 1494 406 1545 δὲ
451 1493 556 1561 τῆς
591 1495 875 1557 εύσεόείας
911 1496 1116 1566 ἐχθροὶ,
1147 1496 1247 1566 τὴν
1277 1497 1586 1567 ἐπισποραν
1611 1498 1721 1549 τῶν
1747 1499 1828 1561 ζι-

233 1585 444 1648 ζανίων
491 1585 584 1638 τοῦ
626 1585 880 1638 διαϐόλου
931 1588 1288 1656 κατέχοντες,
1335 1590 1433 1642 καὶ
1459 1591 1574 1651 τοῖς
1601 1590 1830 1655 ἀγαθοῖς

236 1675 558 1744 σπέρμασιν
589 1675 908 1729 ἀκολουθεῖν
941 1675 1016 1746 μὴ
1047 1677 1385 1748 βουλόμενοι,
1418 1678 1506 1732 ἀεὶ
1531 1678 1588 1730 δὲ
1618 1696 1830 1749 προφα-

234 1766 565 1834 σιζόμενοι,
633 1768 835 1831 παντὸς
891 1769 1228 1838 ἀποροῦντες
1280 1771 1481 1838 λόγου,
1541 1772 1621 1835 είς
1668 1771 1828 1824 τοῦτο

233 1855 659 1922 καταφεύγουσι
715 1859 774 1909 τὸ
799 1859 981 1926 λέγειν
1003 1862 1491 1932 πατροπαράδοτον
1516 1862 1661 1932 ἔχειν
1681 1863 1827 1916 διδα-

235 1944 503 2008 σκαλίαν,
550 1947 645 1998 καὶ
678 1946 885 2018 ταύτην
914 1949 1204 2004 ἀπολιπεῖν
1235 1953 1312 2023 μὴ
1338 1952 1622 2018 δύνασθαι,
1653 1954 1828 2006 πατέ-

237 2055 346 2104 ρας
373 2037 610 2106 ἔχοντες,
657 2041 706 2091 οξ
751 2040 850 2109 μὲν
895 2043 1004 2094 ἀπὸ
1033 2043 1335 2114 Νεστορίου
1377 2046 1592 2099 Παῦλόν
1620 2064 1701 2111 τε,
1738 2048 1833 2100 καὶ

233 2129 544 2194 Φωτεινδν,
597 2133 692 2183 καὶ
741 2131 1106 2202 Μάρκελλον,
1164 2137 1261 2188 καὶ
1312 2137 1440 2200 τοὺς
1487 2137 1556 2188 τὰ
1605 2139 1831 2191 ἐκείνων

237 2222 658 2290 φρονήσαντας
689 2224 738 2274 oi
763 2223 820 2275 δὲ
850 2224 1143 2294 Ἀκέφαλοι
1175 2227 1424 2297 Εὐτυχέα
1450 2244 1534 2291 τε,
1565 2228 1658 2281 καὶ
1680 2229 1834 2281 Διόσ-

235 2329 432 2384 κορον,
464 2314 559 2367 καὶ
589 2315 860 2384 Τιμόθεον
890 2317 980 2371 τὸν
1007 2320 1291 2391 Αίλουρον,
1323 2322 1417 2373 καὶ
1441 2322 1568 2382 τοὺς
1595 2322 1663 2373 τὰ
1686 2322 1831 2374 ὲκεί-

237 2421 353 2456 νων
375 2406 786 2474 φρονήσαντας·
815 2406 866 2460 οἳ
891 2410 957 2480 τῇ
974 2409 1380 2479 Ἀπολιναρίου,
1408 2411 1504 2465 καὶ
1521 2413 1827 2483 Μανιχαίου

237 2499 342 2552 καὶ
393 2498 718 2554 Βαλεντίνου
774 2502 944 2574 μανία
1003 2503 1438 2574 ἠκολουθηκότες
1485 2505 1826 2576 ἐδείχθησαν.

236 2591 308 2645 Οἱ
337 2588 433 2646 οὖν
465 2592 643 2646 ταῦτα
664 2594 922 2664 λέγοντες
942 2637 958 2662 ,
1011 2596 1129 2662 πῶς
1165 2597 1456 2663 Ἰουδαίους
1483 2617 1544 2652 τε
1582 2601 1676 2653 καὶ
1701 2602 1828 2654 ’Ἐλ-

235 2683 415 2754 ληνας
438 2685 578 2755 πρὸς
600 2686 1034 2758 Χριστιανισμὺν
1051 2689 1382 2762 ὁδηγήσουσι
1422 2691 1519 2755 ,τὰ
1542 2694 1833 2765 παραπλή-

240 2793 342 2830 σια
387 2776 608 2842 τούτοις
651 2780 1092 2851 προϐαλλόμενοι
1135 2783 1232 2836 καὶ
1263 2784 1541 2852 λέγοντες,
1577 2786 1637 2838 ού
1670 2787 1832 2856 μόνον

238 2869 762 2941 πατροπαράδοτον,
795 2871 935 2926 ἀλλὰ
964 2875 1059 2928 καὶ
1090 2875 1276 2945 πολλῷ
1301 2876 1508 2930 τούτων
1535 2878 1828 2932 παλαιοτέ-

241 2977 349 3028 ραν
395 2960 703 3030 κεκτῆσθαι
749 2963 852 3031 τὴν
895 2963 1186 3030 ἀσέϐειαν;
1238 2965 1402 3018 Ὅθεν
1443 2969 1830 3038 προτρέπομεν

237 3050 345 3120 τὴν
375 3052 657 3122 ὑμετέραν
686 3051 971 3122 θεοφιλίαν
1013 3055 1498 3128 διαμαρτύρασθαι
1532 3060 1709 3113 πάντα
1734 3059 1830 3114 ἄν-

237 3142 470 3211 θρωπον
519 3144 861 3213 φοϐούμενον
907 3146 1000 3200 τὸν
1050 3147 1294 3219 Κύριον,
1349 3152 1444 3202 καὶ
1480 3151 1661 3222 κρίσιν
1689 3151 1826 3204 Θεοῦ

1933 685 2040 737 que
2071 669 2124 722 in
2187 679 2430 737 quatuor
2475 668 2728 722 conciliis
2775 666 2984 724 sanctis
3031 676 3512 739 congregatorum,

1935 770 2310 816 trecentorum
2370 760 2563 814 decem
2619 768 2678 814 et
2723 769 2848 816 octo
2901 760 2958 814 in
3013 759 3260 825 Nicaeno,
3290 771 3513 815 centum

1933 854 2334 924 quinquaginta
2360 853 2418 907 in
2455 852 3094 923 Constantinopolitano,
3146 852 3512 907 ducentorum

1933 943 2114 1014 prima
2169 943 2414 996 sessione
2461 943 2516 997 in
2577 941 2877 1012 Ephesino,
2916 954 3418 1011 sexcentorumque
3459 952 3516 997 et

1936 1036 2155 1105 triginta
2188 1038 2244 1088 in
2292 1034 2752 1098 Cltalcedonensi,
2785 1036 2880 1104 qui
2905 1050 3042 1090 cum
3059 1035 3173 1090 sint
3222 1046 3418 1088 norma
3453 1033 3515 1104 (I.

1934 1130 2052 1196 Dei)
2086 1129 2371 1191 Ecclesiae,
2398 1127 2634 1181 diversis
2657 1127 3004 1197 temporibus
3045 1133 3379 1196 apparentes
3403 1126 3516 1179 hee-

1935 1220 2159 1283 reticos,
2187 1233 2495 1287 eorumque
2531 1217 2698 1286 impia
2747 1219 3028 1289 dogmata,
3056 1218 3354 1288 adjuvante
3385 1215 3515 1285 Spi-

1934 1309 2042 1362 ritu
2086 1319 2297 1370 sancto,
2358 1307 2428 1359 ab
2483 1306 2734 1360 Ecclesia
2788 1309 3099 1377 eiecerunt.
3150 1307 3349 1363 Hostes
3378 1321 3515 1361 vero

1932 1400 2236 1470 religionis,
2267 1400 2604 1454 zizaniorum
2637 1413 2826 1454 semen
2857 1400 3196 1464 djabolicum
3220 1399 3513 1459 habentes,

1931 1508 2035 1548 nec
2071 1494 2234 1548 bonis
2259 1493 2566 1561 seminibus
2593 1491 2828 1561 obsequi
2871 1491 3138 1554 volentes,
3172 1505 3393 1560 semper
3417 1505 3517 1544 au-

1922 1591 2042 1655 _tem
2065 1597 2260 1637 causas
2293 1581 2587 1650 ﬁngentes,
2617 1597 2810 1636 omnes
2833 1579 3077 1635 rationes
3115 1580 3514 1650 despicientes.

1930 1677 1988 1731 in
2019 1677 2126 1730 hoc
2155 1675 2485 1745 confugiunt
2511 1685 2571 1729 ut
2601 1674 2788 1729 dicant
2817 1690 2875 1729 sc
2903 1674 3160 1729 traditam
3187 1689 3215 1728 a
3255 1672 3515 1727 Patrihus

1930 1768 2136 1822 habere
2164 1766 2492 1831 doctrinam,
2527 1781 2710 1835 neque
2737 1765 2884 1818 illam
2912 1765 3301 1832 derelinquere
3325 1777 3513 1832 posse,

1930 1864 2062 1918 dum
2096 1854 2288 1917 Patres
2305 1862 2536 1921 habent,
2573 1859 2667 1939 alii
2698 1874 2729 1912 a
2759 1857 3038 1920 Nestorio,
3085 1856 3340 1919 Paulum,
3373 1853 3518 1925 Itho—

1934 1958 2134 2017 tinutn,
2165 1955 2484 2010 Marcellum
2514 1935 2830 2021 similiaque
2866 1951 3192 2022 opinantes;
3253 1947 3516 2017 Acephali

1931 2066 2064 2106 vero
2120 2049 2450 2120 Eutychem.
2516 2047 2863 2108 Dioscorum,
2918 2043 3276 2099 Timotheum
3331 2039 3514 2094 Felem

1930 2143 2245 2211 similiaque
2281 2140 2608 2210 opinantes;
2642 2137 2736 2192 alii
2776 2145 2962 2191 autem
3018 2132 3366 2204 Apollinarii,
3399 2130 3515 2184 Ma-

1930 2235 2128 2290 nichaei
2156 2219 2542 2302 Valentinique
2578 2230 2807 2286 insaniae
2822 2229 3196 2298 obsequentes
3221 2223 3334 2278 noti
3361 2231 3512 2277 sunt.

1928 2329 2032 2396 Qui
2057 2329 2224 2399 igitur
2257 2327 2330 2382 ita
2374 2326 2589 2386 dicunt,
2623 2323 2904 2392 quomodo
2931 2319 3153 2376 Judmos
3177 2318 3514 2384 Gmcosque

1929 2421 1997 2476 ad
2018 2419 2504 2475 Christianismum
2534 2417 2836 2478 adducent,
2866 2413 2952 2468 bis
2999 2411 3201 2466 similia
3226 2408 3516 2479 proferen—

1930 2522 2016 2565 tes
2050 2518 2214 2578 atque
2244 2517 2557 2562 asserentes
2593 2521 2701 2559 non
2741 2503 2906 2558 modo
2953 2518 2982 2556 a
3035 2499 3298 2557 Patribus
3347 2495 3517 2551 tradi-

1933 2611 2065 2665 tam,
2095 2601 2190 2656 sed
2231 2601 2397 2655 etiam
2429 2599 2606 2653 multo
2647 2597 2760 2652 illis
2804 2595 3180 2666 antiquiorem
3213 2605 3370 2646 suain
3408 2589 3515 2643 im-

1931 2692 2196 2763 pietatem
2226 2690 2459 2745 tenere?
2507 2688 2665 2745 Unde
2709 2687 3042 2742 charitatem
3089 2693 3333 2739 vestram
3385 2679 3520 2734 lior-

1934 2795 2115 2856 tamur
2159 2793 2220 2838 ut
2250 2782 2616 2838 obtestemini
2645 2781 2967 2852 quicunque
3000 2779 3162 2833 timet
3190 2774 3514 2836 Dominum,

1930 2861 2140 2948 Deique
2174 2877 2477 2932 imminens
2508 2875 2810 2945 judicium,
2842 2889 2913 2928 ne
2949 2869 3224 2927 doctrinis
3253 2866 3425 2922 variis
3457 2871 3518 2920 et

1929 2967 2242 3040 peregrinis
2273 2965 2644 3025 abducantur,
2700 2963 2798 3018 sed
2831 2976 3022 3017 veram
3078 2957 3516 3014 immaculatam-

1929 3078 2038 3132 que
2072 3061 2231 3114 [idem
2260 3058 2466 3120 edocti,
2491 3065 2792 3111 accurrant
2819 3055 2886 3109 ad
2924 3061 3172 3109 sanctam
3198 3049 3296 3105 Dei
3320 3049 3515 3104 catho-

1930 3151 2100 3206 licam
2135 3159 2190 3205 et
2219 3147 2577 3218 apostolicam
2614 3146 2950 3211 Ecclesiam,
2980 3145 3034 3197 in
3054 3158 3163 3212 qua
3193 3141 3386 3197 eadem
3418 3154 3519 3209 per

236 3231 612 3302 ἀναμένοντα,
641 3233 894 3304 διδαχαῖς
919 3236 1196 3301 ποικίλαις
1223 3241 1318 3292 καὶ
1341 3239 1523 3306 ξέναις
1549 3241 1625 3312 μὴ
1650 3259 1826 3312 παρα-

1933 3246 2257 3299 universum
2316 3241 2506 3295 orbem
2573 3256 2603 3293 a
2652 3239 2748 3294 Dei
2804 3236 3193 3293 sacerdotibus
3254 3233 3518 3290 doctrina

237 3325 517 3396 φέρεσθαι
536 3367 552 3392 ,
599 3327 738 3382 ἀλλὰ
767 3327 1194 3400 διδασκομένους
1223 3332 1321 3402 τὴν
1347 3333 1517 3403 ὀρθὴν
1549 3336 1642 3388 καὶ
1669 3334 1826 3404 ἁμώι

1937 3335 2240 3406 apostolica
2280 3330 2634 3401 praedicatur.

243 3436 424 3491 μητον
457 3421 678 3486 πίστιν,
717 3423 1082 3495 προστρέχειν
1113 3428 1182 3497 τῇ
1250 3428 1382 3499 ἁγία
1448 3428 1544 3482 τοῦ
1607 3430 1745 3484 Θεοῦ
1777 3433 2040 3503 καθολικῇ
2093 3432 2188 3484 καὶ
2228 3426 2567 3496 ἁποστολικῇ
2618 3422 2959 3495 Ἐκκλησία,
3013 3413 3143 3495 ὲνῇ
3196 3413 3510 3488 συμφώνως

237 3520 390 3574 κατὰ
445 3515 627 3575 πεῖσαν
670 3514 769 3592 τὴν
810 3517 1145 3590 οἰκουμένην
1194 3520 1346 3591 παρὰ
1393 3520 1505 3604 τῶν
1550 3523 1644 3575 τοῦ
1688 3522 1825 3578 Θεοῦ
1865 3527 2059 3593 ἱερέων
2087 3525 2121 3593 ἡ
2151 3520 2488 3591 ἀποστολικὴ
2515 3515 2840 3572 διδασκαλία
2870 3513 3228 3588 κηρύττεται.

574 3876 1374 3969 ΙΟΥΣΤΙΝΙΑΝΟΥ
1443 3885 1673 3971 ΤΟΥ
1746 3874 2601 4006 ΕΥΣΕΒΕΣΤΑΤΟΥ
2676 3866 3214 3965 ΒΑΣΙΛΕΩΣ

414 4051 513 4108 ΕΚ
541 4055 678 4110 ΤΗΣ
712 4056 895 4114 ΠΡΟΣ
925 4063 1174 4116 ΖΩῘΛΟΝ
1217 4065 1356 4118 TON
1386 4064 1772 4119 ΑΓΙΩΤΑΤΟΝ
1817 4065 1828 4116 1

1927 4063 2274 4116 I‘PIAPXHN
2309 4061 2833 4118 ᾹᾹΕΞΑΝΔΡΕΙΔΣ
2878 4054 3333 4114 ΔΟΓΜΑΤΙΚΗΣ
3379 4099 3393 4106 -

1610 4159 1999 4215 ΕΠΙΣΤΟΛΙΙΣ
2040 4160 2139 4232 (ι).
2399 4169 2406 4177 ·

1849 4329 1921 4349 v.—

777 4467 1481 4559 JUSTINIANI
1560 4472 2061 4561 PIISSIMI
2139 4469 2966 4562 IMPERATORIS

446 4655 557 4716 EX
598 4655 995 4720 EPISTOLA
1049 4659 1534 4723 DOGMATICA
1590 4663 1700 4722 AD
1746 4663 2053 4724 ZOILUM
2109 4663 2663 4724 ALEXANDRUE
2714 4660 3310 4724 SANCTISSIMUM

1580 4763 2196 4825 PATRIARCHAM.

847 4920 954 4992 (Ea:
983 4921 1246 4977 Thesauro
1285 4923 1490 4981 Niceta:
1520 4925 1857 4990 Chroniatae,
1874 4944 1964 4997 ap.
1995 4928 2116 4992 ΜΑι,
2155 4927 2338 4996 Spicil.
2380 4926 2532 4980 Rom.
2564 4937 2601 4981 t.
2641 4929 2728 4995 IV,
2764 4928 2912 5000 468.)

1856 5085 1925 5099 -α

309 5196 410 5264 Εἷς
455 5196 549 5255 οὖν
585 5204 736 5256 ἐστιν
775 5205 804 5256 ὁ
845 5206 1116 5277 Χριστὸς,
1169 5208 1271 5261 οὐκ
1319 5209 1677 5280 ἀνῃρημένης
1719 5213 1819 5284 τῆς

1993 5215 2148 5270 Unus
2177 5225 2264 5270 est
2291 5232 2426 5286 ergo
2451 5215 2728 5282 Christus,
2780 5233 2892 5272 non
2936 5217 3154 5272 sublata
3184 5230 3510 5274 naturarum

234 5293 354 5348 τῶν
382 5293 602 5364 φύσεων
626 5297 891 5366 διαφορᾶς
918 5297 1008 5351 διὰ
1033 5298 1134 5368 τὴν
1158 5299 1440 5368 ἄφραστον
1465 5303 1659 5355 ἕνωσιν
1675 5345 1689 5368 ,
1727 5305 1828 5355 Λό-

234 5404 336 5456 γος
361 5387 655 5456 νοούμενος
688 5391 782 5442 καὶ
807 5389 1095 5459 ἄνθρωπος
1114 5391 1491 5463 θεωρούμενος
1511 5411 1526 5423 ·
1561 5393 1684 5447 οὔτε
1715 5396 1825 5467 γὰρ

234 5481 269 5548 ἡ
315 5478 514 5542 ἕνωσις
569 5480 831 5551 σύγχυσιν
877 5484 1291 5550 ἀπειργάσατο,
1345 5485 1469 5539 οὔτε
1515 5487 1826 5558 ήγδιαφορὲι

231 5571 348 5626 τῶν
397 5574 457 5626 ὲν
501 5573 648 5644 αύτῷ
687 5574 887 5627 οὐσιῶν
933 5576 1107 5646 τομὴν
1136 5576 1315 5630 εἴτουν
1343 5579 1611 5648 διαίρεσιν
1642 5581 1824 5633 ἐπιδέ-

306 5723 389 5797 (t)
410 5724 558 5783 Citat
582 5727 686 5801 hoc
720 5729 985 5800 scriptum
1029 5705 1195 5785 suum
1223 5732 1566 5789 Justinianns
1621 5737 1672 5789 in
1713 5737 1822 5789 alio

234 5813 340 5876 suo
375 5801 702 5876 cpusculoa
729 5801 891 5876 nobis
910 5802 1061 5876 edito
1091 5803 1232 5876 Coll.
1263 5812 1369 5855 vat.
1401 5805 1578 5876 t._\’ll,
1613 5808 1812 5876 p.509.

231 5867 379 5924 Citat
406 5885 595 5924 rursus
632 5870 840 5941 Agatho
870 5886 1011 5942 papa
1041 5873 1093 5926 in
1125 5873 1354 5944 t-piimla
1401 5874 1469 5928 ad
1517 5867 1809 5947 imperato,

1935 5306 2255 5361 diﬂ‘erentia
2285 5323 2386 5376 per
2421 5308 2761 5362 ineﬂ'abilem
2811 5310 3100 5376 unionem,
3126 5311 3366 5366 Verbum
3396 5325 3515 5367 cre-

1932 5398 2083 5452 ditus
2129 5400 2404 5469 homoque
2467 5400 2641 5456 visus.
2683 5401 2798 5455 Nec
2845 5411 3033 5456 autem
3086 5403 3219 5457 unio
3276 5380 3514 5458 comini-

1887 5493 1890 5496 ’
1933 5492 2174 5572 stionem
2205 5493 2465 5572 exclusit,
2505 5509 2608 5548 nec
2643 5494 2958 5548 dill‘erentia
2987 5495 3425 5550 substantiarum
3451 5496 3509 5550 iu

1907 5596 1999 5641 ,ρο
2039 5566 2362 5639 scissionem
2411 5595 2507 5640 aut
2546 5587 2880 5642 divisionem
2932 5587 3196 5642 admittit.
3248 5588 3508 5642 Miracula

1928 5754 2014 5863 re?
2063 5740 2289 5862 gone“.
2361 5741 2530 5796 Labb.
2571 5751 2606 5794 t.
2639 5745 2722 5806 \"l,
2782 5761 2832 5813 p.
2885 5743 3009 5797 66⁵5.
3059 5740 3273 5797 ——Vid.
3323 5756 3511 5813 supra,

1928 5826 1989 5863 ιῗυ
2020 5850 2030 5862 ο
2130 5829 2188 5863 οι
2210 5854 2217 5860 .

1926 5826 2030 5863 θυι.
2063 5826 2188 5864 Hch
2210 5854 2217 5860 .
