4220 6442
779 433 912 499 ΜΠ

1903 432 2343 494 JUSTINIANI
2382 429 2908 494 IMPERATORIS

3905 442 4041 508 1148

777 549 926 604 enim
965 546 1172 603 Christi
1215 546 1492 609 videntes,
1527 545 1679 599 illius
1711 545 2059 600 divinitatem
2090 543 2340 614 praedica-

2455 561 2628 612 χεται.
2704 546 3006 609 Βλέποντες
3052 546 3162 618 γάρ
3218 548 3311 601 τοῦ
3354 549 3594 620 Χριστοῦ
3639 547 3706 604 τὰ
3749 549 4042 622 θαύματα,

776 652 931 705 mus,
964 639 1319 696 inﬁrmitates
1361 654 1494 693 vero
1540 639 1925 709 inspicientes,
1955 638 2354 692 humanitatem

773 732 897 801 ejus
943 746 1055 785 non
1107 730 1407 785 diﬁitcmur
1448 745 1462 794 ;
1503 743 1608 784 nec
1658 728 1923 783 miracula
1984 728 2104 782 sine
2164 743 2352 795 carne,

775 837 879 879 nec
909 824 1118 894 absque
1165 821 1456 878 divinitate
1492 823 1860 877 inﬁrmitates.
1890 823 2094 878 Verum
2169 831 2352 876 autem

774 933 884 971 non
935 925 1021 971 est
1065 915 1250 970 dicere
1298 915 1480 986 ipsum
1537 931 1661 970 esse
1705 931 1964 985 passum;
2023 931 2219 984 passus
2269 923 2355 970 est

771 1007 1022 1076 quidem,
1072 1005 1206 1075 quia
1246 1006 1530 1077 proprium
1583 1006 1706 1074 ejus
1749 1019 1952 1074 corpus
2013 1005 2349 1073 patiebatur,

772 1109 939 1170 atque
975 1100 1033 1153 in
1078 1115 1313 1170 corpore
1365 1101 1485 1169 ejus
1530 1099 1712 1153 inerat
1745 1099 1841 1168 qui
1885 1113 1995 1152 non
2037 1107 2348 1166 pateretur,

771 1190 987 1246 scilicet
1033 1191 1130 1260 qui
1163 1202 1360 1245 natura
1394 1192 1544 1245 Deus
1584 1200 1726 1251 erat,
1763 1204 1888 1243 nam
1940 1189 2185 1244 Verbum
2227 1198 2348 1245 erat

770 1281 1133 1351 impassibile.
1167 1283 1298 1337 Erat
1334 1281 1694 1352 incorporeus
1726 1282 1781 1335 in
1810 1296 2044 1351 corpore
2070 1284 2347 1352 passibili,

770 1393 1084 1448 corpusque
1133 1379 1254 1448 ejus
1289 1379 1342 1432 in
1388 1380 1686 1448 semetipso
1714 1378 1956 1434 habebat
2008 1380 2350 1450 impassibile

770 1469 1036 1533 Verbum,
1081 1468 1438 1524 inﬁrmitates
1492 1469 1669 1538 ipsius
1707 1471 1964 1540 corporis
2012 1482 2346 1545 protegens;

771 1558 1206 1628 unumquodque
1254 1561 1404 1614 enim
1465 1560 1644 1614 altero
1697 1562 2000 1617 comitante
2063 1575 2346 1633 operatur,

763 1651 918 1720 juxta
965 1652 1117 1721 quod
1169 1652 1454 1722 preprium
1509 1653 1804 1720 habuerit;
1854 1655 2038 1709 Verbo
2085 1656 2236 1726 quod
2263 1666 2349 1712 est

766 1743 954 1808 Verbi,
985 1760 1219 1814 corpore
1258 1760 1393 1800 vero
1420 1747 1570 1816 quod
1604 1756 1690 1802 est
1720 1746 1972 1816 corporis
2002 1747 2344 1817 perﬁciente.

2460 637 2806 708 κηρύττομεν
2859 638 3027 691 αὑτοῦ
3083 641 3181 710 τὴν
3235 640 3503 711 θεότηταο
3582 643 3823 714 ὁρῶντες
3875 648 4043 700 αὐτοῦ

2456 728 2525 780 τὰ
2560 729 2704 799 πάθη
2727 771 2740 794 ,
2795 731 2895 782 οὐκ
2928 729 3242 801 ἀρνούμεθα
3275 731 3442 785 αὐτοῦ
3475 731 3574 803 τὴν
3604 734 4004 807 ἀνθρωπότητα
4026 753 4041 768 ’

2457 821 2580 875 οὐδὲ
2613 822 2680 875 τά
2708 821 2965 893 θαύματα
2993 823 3119 893 δίχα
3147 824 3382 895 σαρκὸς,
3439 825 3561 878 οὐδὲ
3591 827 3660 880 τὰ
3688 827 3837 897 πάθη
3873 830 4045 898 χωρὶς

2457 917 2555 986 τῆς
2608 916 2886 985 θεότητος.
2951 917 3063 975 Καὶ
3113 915 3230 969 ἔστι
3279 915 3588 988 παράδοξον
3630 919 3722 971 -ὃτι
3766 921 3934 983 αὐτὸς
3973 917 4041 990 ἦν

2455 1012 2484 1063 6
2514 1012 2760 1080 πάσχων.
2794 1011 2888 1064 καὶ
2921 1011 2996 1081 μὴ
3023 1012 3279 1081 πάσχων·
3315 1012 3542 1082 πάσχων
3572 1013 3690 1084 μὲν,
3719 1013 3803 1066 ὅτι
3828 1015 3890 1066 τὸ
3912 1014 4041 1067 ἴδιον

2455 1105 2622 1158 αὐτοῦ
2670 1105 2875 1176 ἔπασχε
2925 1110 3083 1178 σῶμα
3109 1125 3122 1137 ·
3186 1109 3280 1160 καὶ
3328 1110 3387 1161 ἐν
3429 1109 3577 1179 αύτῷ
3606 1109 3684 1180 τῷ
3713 1109 3930 1178 σώματι
3970 1107 4039 1180 ἦν

2458 1200 2534 1269 μὴ
2567 1200 2792 1270 πάσχων
2824 1203 2852 1254 6
2880 1204 2944 1272 τῇ
2972 1202 3132 1272 φύσει
3160 1203 3294 1267 Θεὸς
3316 1201 3412 1266 ὣν,
3445 1205 3474 1256 6
3498 1203 3670 1272 Λόγος
3702 1205 3925 1275 ἀπαθὴς
3949 1201 4036 1276 ἦν.

2453 1292 2565 1345 Καὶ
2612 1293 2779 1356 αὐτὸς
2825 1293 2925 1362 μὲν
2975 1297 3002 1348 6
3041 1295 3334 1364 ἀσώματος
3361 1291 3432 1366 ἦν
3471 1297 3528 1349 ἐν
3556 1296 3636 1366 τῷ
3665 1295 3902 1367 παθητῷ
3930 1297 4042 1348 σώ-

2456 1399 2589 1453 ματι
2607 1400 2622 1414 ·
2652 1380 2722 1438 ’τὸ
2749 1384 2808 1437 δὲ
2839 1385 3003 1456 σῶμα
3033 1383 3178 1455 εἶχεν
3211 1390 3270 1440 ὲν
3295 1387 3476 1458 ἑαυτῷ
3504 1388 3596 1440 τὸν
3622 1387 3812 1456 ἀπαθῆ
3840 1389 4036 1456 Λόγον,

2450 1478 2788 1548 ἀφανίζοντα
2821 1480 2924 1542 τὰς
2955 1480 3242 1544 ἀσθενείας
3271 1481 3438 1534 αὐτοῦ
3469 1481 3561 1535 τοῦ
3581 1483 3851 1553 σώματος
3879 1499 3894 1512 ·
3950 1485 4039 1536 ὲν-

2451 1574 2607 1646 εργεϊ
2645 1573 2756 1644 γὰρ
2804 1574 3044 1643 ἑκατέρα
3093 1575 3278 1645 μορφὴ
3336 1575 3476 1644 μετὰ
3519 1574 3624 1645 τῆς
3657 1576 3893 1646 θατέρου
3928 1596 4042 1630 κοι-

2450 1668 2668 1733 νωνίας,
2700 1669 2840 1739 ὅπερ
2872 1667 3006 1721 ἴδιον
3031 1667 3262 1737 ἔσχηκε·
3299 1668 3395 1721 τοῦ
3430 1668 3530 1738 μὲν
3556 1669 3732 1736 Λόγου
3758 1686 4037 1737 κατεργα-

2451 1755 2682 1827 ζομένου
2710 1756 2870 1811 τοῦτο
2897 1759 3033 1827 ὅπερ
3060 1757 3178 1810 ἐστὶ
3208 1756 3301 1810 τοῦ
3333 1757 3530 1826 Λόγου,
3566 1758 3662 1810 τοῦ
3692 1757 3749 1810 δὲ
3782 1756 4040 1827 σώματος

767 1833 861 1888 Sic
881 1835 1029 1888 enim
1047 1834 1210 1889 docet
1231 1843 1456 1892 sanctus
1470 1837 1707 1909 Cyrillus
1726 1839 1783 1892 in
1803 1839 2083 1894 tricesimo
2099 1841 2340 1896 secundo

2449 1853 2796 1918 ὲκτελοῦντος
2829 1854 2975 1924 άπερ
3004 1855 3124 1906 ἐστὶ
3154 1853 3246 1906 τοῦ
3277 1851 3552 1920 σώματος.
3596 1851 3772 1904 Τοῦτο
3800 1851 3910 1922 γάρ
3942 1853 4038 1904 καὶ

765 1941 1020 1980 sermone
1068 1926 1364 1993 Thesauri,
1426 1930 1482 1984 in
1531 1931 1840 2001 Epistolam
1894 1935 1964 1990 ad
2022 1937 2338 1991 Romanos:

764 2017 1096 2087 Neutiquam
1126 2036 1294 2074 unam
1325 2036 1445 2077 esse
1476 2024 1864 2093 operationem
1892 2030 2208 2083 naturalem
2244 2030 2341 2086 Dei

762 2119 818 2163 et
858 2119 1128 2167 creaturae
1172 2113 1440 2179 dicemus,
1475 2116 1549 2170 ita
1601 2125 1662 2172 ut
1689 2134 1795 2175 nec
1837 2121 1986 2190 quod
2020 2121 2226 2176 factum
2257 2133 2344 2179 est

761 2195 829 2249 ad
902 2198 1268 2256 substantiam
1329 2202 1575 2259 divinam
1648 2207 1974 2276 referamus,
2033 2227 2137 2268 nec
2191 2215 2340 2283 quod

763 2286 966 2342 divina:
1007 2299 1222 2346 natura:
1269 2295 1552 2362 peculiare
1601 2309 1686 2353 est
1731 2300 1786 2353 in
1832 2301 2014 2357 locum
2056 2305 2338 2374 proprium

761 2379 965 2447 genitis
997 2381 1394 2452 deprimamus.
1451 2387 1601 2443 Idem
1655 2401 1879 2448 sanctus
1933 2395 2116 2462 Pater,
2155 2397 2209 2451 in
2256 2398 2342 2454 his

759 2487 885 2542 quae
915 2475 982 2529 ad
1015 2476 1410 2546 Theodosium,
1440 2497 1545 2537 nos
1578 2484 1769 2540 eadem
1801 2487 1999 2543 docet:
2025 2489 2222 2545 Totum
2242 2493 2340 2547 toti

763 2565 981 2620 unitum
1015 2568 1187 2624 fuisse
1219 2580 1427 2629 nostra;
1463 2574 1793 2632 humanitati
1831 2581 2073 2635 Verbum
2122 2582 2191 2638 de
2228 2585 2340 2640 Deo

762 2658 1031 2726 dicimus;
1067 2679 1180 2718 non
1223 2665 1371 2720 enim
1411 2665 1669 2734 forsitan,
1709 2671 1854 2740 quod
1911 2673 2112 2729 melius
2154 2684 2241 2730 est
2284 2677 2341 2732 in

763 2751 946 2816 nobis,
986 2753 1040 2807 id
1089 2763 1173 2810 est
1210 2759 1473 2826 animam,
1527 2762 1680 2816 nullo
1709 2763 1882 2818 verbo
1919 2765 2225 2834 judicasset
2251 2769 2340 2824 di-

763 2858 954 2910 gnum,
1001 2845 1104 2900 soli
1137 2848 1290 2903 carni
1322 2862 1485 2920 quam
1512 2852 1862 2910 inbabitabat
1891 2858 2060 2912 verba
2094 2859 2336 2917 tradens.

763 2934 886 2989 Istis
908 2937 1179 2994 ambabus
1200 2940 1341 2996 bene
1361 2945 1684 3015 mysterium
1703 2949 2028 3005 oeconomiae
2048 2950 2329 3022 implebat:

763 3044 933 3083 carne
978 3040 1040 3084 ut
1078 3033 1455 3091 instrumento
1504 3039 1773 3094 utebatur
1803 3041 1874 3095 ad
1933 3057 2104 3113 opera
2134 3047 2340 3114 carnis,

763 3121 1114 3180 inﬁrmitates
1134 3126 1347 3182 scilicet
1367 3144 1431 3183 ac
1452 3145 1797 3202 quaecunque
1821 3135 2079 3191 abessent
2098 3155 2126 3192 a
2151 3140 2338 3210 culpa;

2445 1950 2475 2001 6
2510 1949 2568 2000 ὲν
2595 1949 2774 2015 ἁγίοις
2808 1946 3078 2018 Κύριλλος
3111 1948 3168 1998 ὲν
3208 1946 3287 2016 τῷ
3326 1945 3404 2014 λβ⁹
3428 1946 3571 2014 λόγῳ
3609 1945 3703 1998 τοῦ
3737 1943 4035 2015 Θησαυροῦ

2441 2043 2801 2114 διδάσκειτὴν
2830 2042 3288 2113 πρὸςῬωμαίους
3318 2039 3996 2110 ὲρμηνεύωνἘπιστολήν
4022 2057 4034 2069 ·

2443 2140 2691 2210 υύδήπου
2732 2137 2860 2208 μίαν
2892 2132 3032 2189 εἶναι
3069 2135 3308 2203 φυσικὴν
3343 2135 3444 2202 τὴν
3476 2134 3760 2200 ἐνέργειαν
3784 2132 4032 2202 δώσομεν

2443 2231 2578 2285 Θεοῦ
2626 2230 2722 2283 καὶ
2756 2230 3066 2298 ποιήματος
3091 2271 3104 2293 ,
3166 2228 3253 2280 ἵνα
3292 2228 3433 2296 μήτε
3464 2227 3527 2278 τὸ
3557 2226 3785 2296 ποιηθὲν
3818 2227 3899 2289 είς
3931 2227 4030 2296 τὴν

2444 2325 2597 2378 Θείαν
2630 2323 3001 2390 ἀναγάγωμεν
3029 2321 3242 2383 οὐσίαν,
3296 2321 3434 2390 μήτε
3465 2320 3573 2389 μὴν
3605 2320 3706 2388 τῆς
3735 2317 3891 2380 Θείας
3922 2319 4028 2388 φύ-

2445 2435 2583 2480 σεως
2619 2417 2682 2470 τὸ
2715 2417 2996 2487 ἐξαίρετον
3044 2417 3124 2477 εἰς
3157 2412 3250 2465 τὸν
3285 2416 3399 2476 τοῖς
3427 2415 3711 2481 γεννητοῖς
3744 2412 4032 2483 πρέποντα

2443 2509 2853 2578 καταγάγωμεν
2900 2507 3088 2561 τόπον.
3142 2505 3200 2559 '0
3234 2504 3394 2568 αὐτὸς
3427 2504 3485 2556 δὲ
3519 2504 3673 2570 ἅγιος
3705 2503 3897 2575 Πατὴρ
3931 2505 4028 2556 καὶ

2441 2605 2501 2656 ὲν
2529 2605 2643 2666 τοῖς
2678 2601 2813 2673 πρὸς
2843 2600 3124 2654 Θεοδόσιον
3160 2599 3228 2652 τὰ
3258 2598 3397 2652 αὺτά
3431 2600 3578 2668 ἡμᾶς
3609 2599 3918 2652 ἐκδιδάσκει
3941 2597 4030 2651 λέ-

2442 2714 2588 2763 γωνο
2635 2696 2798 2749 Ὅλον
2844 2695 2942 2766 ὅλῃ
2992 2692 3335 2763 συνηνῶσθαί
3376 2709 3558 2762 φαμεν
3611 2695 3678 2761 τῇ
3719 2691 3844 2746 καθ’
3879 2692 4031 2762 ἡμᾶς

2443 2790 2824 2862 άνθρωπότητι
2877 2787 2970 2840 τὸν
3021 2789 3086 2840 ἐκ
3128 2785 3266 2839 Θεοῦ
3305 2785 3517 2852 Λόγονο
3577 2784 3638 2836 οὗ
3672 2783 3784 2853 γάρ
3828 2798 3932 2835 που
3968 2781 4033 2834 τὸ

2442 2883 2666 2952 ἄμεινον
2697 2883 2755 2934 ὲν
2784 2882 2938 2949 ἡμῖν,
2971 2878 3221 2932 τουτέστι
3249 2877 3450 2946 ψυχὴν,
3487 2875 3705 2938 οὐδενὸς
3733 2874 3799 2928 ἄν
3822 2873 4031 2943 ἠξίωσε

2442 2953 2602 3041 λόγου
2639 2973 2773 3044 μόνῃ
2803 2971 3144 3040 δωρούμενος
3172 2970 3238 3038 τῇ
3267 2967 3433 3036 σαρκὶ
3457 2967 3557 3033 τῆς
3580 2964 3876 3036 ἐπιδημίας
3905 2964 4037 3026 τοὺς

2442 3065 2655 3134 λόγους.
2714 3064 3048 3133 Ἐπράττετο
3088 3060 3142 3113 δὲ
3190 3060 3256 3112 δι’
3286 3061 3493 3128 ἀμφοῖν
3538 3057 3716 3119 καλῶς
3753 3057 3855 3126 τῆς
3889 3057 4038 3108 οἰκον

2445 3156 2638 3225 νομίας
2670 3155 2731 3208 τὸ
2765 3155 3061 3224 μυστήριον
3082 3169 3094 3182 ·
3136 3151 3555 3220 προσεχρήσατο
3583 3146 3837 3215 καθάπερ
3865 3145 4039 3214 ὁργά-

762 3217 945 3271 anima
1003 3233 1137 3274 vero
1184 3220 1252 3274 ad
1308 3221 1550 3277 humana
1600 3221 1964 3299 inuoxiasque
2016 3234 2340 3300 passiones;

2445 3217 2522 3322 vqi
2571 3253 2636 3322 τῇ
2683 3217 2787 3320 Ibid.
2827 3217 2992 3318 σαρκὶ
3041 3217 3282 3315 πρὸς-τά
3313 3217 3518 3312 σαρκὸς
3558 3240 3696 3310 ἔργα
3721 3255 3782 3292 τε
3813 3239 3910 3291 καὶ
3931 3239 4037 3308 eg.-

763 3306 968 3361 dicitur
1024 3310 1174 3364 enim
1208 3313 1494 3380 esuriisse,
1535 3331 1603 3370 ex
1653 3317 1830 3389 longis
1883 3321 2180 3380 itineribus
2210 3325 2338 3384 fati-

761 3398 1012 3464 gationes
1029 3401 1384 3467 sustinuisse,
1406 3406 1686 3472 timorem,
1713 3417 2012 3477 terrorem,
2035 3416 2336 3485 tristitiam,

762 3493 1014 3560 agoniam
1069 3503 1236 3565 atque
1276 3497 1332 3551 in
1381 3515 1546 3555 cruce
1595 3511 1855 3557 mortem.
1909 3504 2185 3577 Namque,
2244 3525 2342 3566 ne-

763 3585 912 3640 mine
949 3599 1201 3656 cogente,
1260 3592 1500 3647 animam
1540 3610 1694 3649 suam
1749 3613 1850 3666 pro
1881 3599 2045 3654 nobis
2079 3616 2110 3655 a
2159 3603 2341 3674 seipso

765 3680 970 3744 posuit,
994 3688 1051 3731 ut
1075 3683 1306 3736 vivorum
1329 3692 1487 3755 atque
1510 3697 1835 3744 mortuorum
1850 3691 2208 3762 domineturl,
2223 3713 2342 3753 car-

764 3785 1002 3841 nemque
1017 3789 1173 3829 suam
1193 3781 1438 3833 omnium
1457 3781 1610 3834 carni
1627 3782 1865 3839 reddens
1879 3787 2089 3856 aequale
2108 3789 2338 3855 donum,

765 3862 1003 3918 animam
1055 3882 1157 3936 pro
1211 3870 1394 3924 anima
1439 3875 1680 3941 pretium
1740 3878 1990 3933 omnium
2024 3880 2254 3938 faciens.
2284 3884 2342 3940 Si

763 3965 946 4012 autem
999 3961 1202 4016 iterum
1249 3965 1363 4020 vita
1410 3977 1663 4022 revocata
1695 3969 1885 4037 fuerit,
1919 3988 1987 4028 eo
2015 3976 2163 4044 quod
2195 3988 2344 4034 esset

765 4049 930 4114 Deus,
961 4056 1306 4124 resurrexit;
1329 4074 1439 4112 non
1481 4061 1627 4114 enim
1662 4073 1813 4118 certe
1837 4066 2048 4135 justum
2074 4079 2223 4124 esset
2253 4071 2340 4125 di-

762 4161 889 4200 cere
905 4162 1148 4208 camem.
1175 4151 1307 4204 olim
1331 4153 1516 4209 Verbo
1534 4157 1767 4222 unitam,
1792 4162 2150 4229 corruptione
2179 4179 2341 4233 posse

759 4237 1022 4303 detineri,
1069 4242 1424 4314 animamque
1468 4247 1714 4304 divinam
1755 4251 1932 4321 ipsius
1962 4253 2163 4308 inferni
2212 4272 2342 4326 por-

761 4341 938 4387 tarum
965 4334 1080 4389 ﬁeri
1111 4339 1381 4406 captivam
1404 4359 1415 4394 :
1437 4340 1554 4395 Non
1577 4344 1855 4399 derelictus
1882 4358 1956 4400 est
1984 4350 2036 4402 in
2054 4350 2262 4418 inferno
2287 4351 2338 4415 δ,

750 4424 910 4492 juxta
953 4427 1099 4495 quod
1153 4429 1291 4483 dicit
1343 4443 1571 4488 sanctus
1612 4435 1829 4493 Petrus.
1876 4439 1995 4495 Non
2042 4452 2226 4496 autem
2259 4443 2346 4497 di-

756 4514 995 4568 cendum
1031 4525 1118 4570 est
1163 4528 1419 4574 naturam
1460 4525 1584 4592 ejus
1614 4523 2132 4597 incomprehensam
2165 4532 2341 4587 indis-

755 4606 1102 4676 solutamque
1133 4613 1364 4665 omnino
1391 4612 1561 4669 fuisse
1594 4628 1796 4681 morte,
1843 4620 1940 4673 sed
1988 4621 2334 4677 divinitatem

755 4699 1036 4770 Unigeniti
1075 4704 1129 4757 in
1165 4705 1347 4759 sinum
1381 4716 1542 4762 terra:
1596 4711 1916 4765 translatam
1955 4715 2122 4767 etiam
2163 4715 2336 4771 fuisse

753 4791 1038 4858 dicemus;
1085 4812 1195 4849 non
1242 4798 1390 4852 enim
1451 4808 1537 4854 est
1584 4803 1859 4866 mirabile,
1909 4805 1954 4858 si
2012 4805 2067 4858 in
2117 4806 2335 4861 inferno

755 4884 1088 4941 habitaverit
1137 4889 1206 4944 de
1240 4892 1356 4944 Deo
1383 4892 1647 4958 Verbum,
1694 4911 1821 4950 cum
1854 4896 2078 4952 deitatis
2127 4899 2333 4955 virtute

751 4992 814 5030 ac.
864 4989 1104 5044 natura,
1177 4983 1499 5039 mirabiliter
1561 5003 1626 5042 ac
1673 5003 1840 5058 supra
1892 4989 1943 5042 id
2018 4992 2164 5060 quod
2222 4992 2335 5046 dici

751 5079 954 5137 potest,
997 5072 1184 5127 omnia
1226 5073 1476 5146 impleat,
1521 5088 1687 5150 atque
1747 5081 1802 5134 in
1867 5081 2025 5135 nobis
2075 5083 2335 5138 omnibus

756 5162 1050 5217 inhabitet.
1107 5167 1318 5224 Deinde
1387 5187 1640 5241 pergens,
1694 5174 1809 5228 Ιιίῑιο
1865 5175 2064 5228 iterum
2118 5175 2255 5230 dicit
2315 5195 2328 5230 :

756 5271 772 5302 ‹
813 5253 1118 5310 Humanam
1152 5258 1527 5317 inﬁrmitatem
1572 5264 1865 5327 occidisse,
1913 5266 2173 5320 virtutem
2198 5283 2328 5322 vero

750 5347 995 5403 divinam
1019 5350 1326 5407 viviﬁcasse
1351 5373 1365 5419 ;
1401 5375 1418 5405 ι
1449 5357 1748 5413 ostendens
1777 5358 1922 5428 quod
1949 5360 2036 5412 his
2062 5360 2328 5415 ambabus

749 5443 1093 5510 agnoscitur,
1146 5447 1361 5501 scilicet
1393 5448 1537 5503 inter
1577 5465 1679 5504 nos
1708 5467 1834 5506 esse
1866 5451 2029 5506 simul
2073 5461 2131 5505 ct
2159 5467 2326 5520 supra

749 5551 850 5588 nos
896 5544 955 5588 ut
1003 5537 1198 5592 Deum.
1236 5540 1473 5595 Videsne
1522 5543 1803 5611 quomodo
1866 5544 1956 5598 hic
1989 5545 2327 5600 venerabilis

750 5626 912 5680 l’utcr
947 5628 1182 5684 duarqu
1208 5642 1532 5688 naturarum
1560 5636 1795 5688 virtutes
1826 5637 1878 5688 in
1906 5652 2012 5689 una
2044 5636 2323 5706 hypostasi

751 5739 847 5778 seu
905 5742 1009 5778 una
1060 5743 1290 5794 [ιρι-ωιτη
1319 5729 1523 5783 Christi
1575 5729 1666 5782 Dei
1717 5729 1890 5782 nostri
1943 5729 2326 5783 demonstrat?

821 5903 1038 5960 ‘Rom.
1099 5922 1202 5972 xn’,
1237 5907 1267 5961 9
1367 5909 1389 5946 ἱ·
1441 5908 1556 5961 ,λι-ι.
1605 5923 1660 5971 ιι,
1714 5909 1799 5960 '27.

2449 3347 2785 3418 ρωστήματα
2825 3341 3031 3410 φυσικὰ
3084 3339 3179 3393 καὶ
3223 3340 3325 3391 ὅσα
3365 3336 3560 3406 μώμου
3595 3333 3847 3403 μακράν·
3885 3333 4035 3402 ψυχῇ

2445 3439 2491 3492 δ’
2533 3439 2670 3509 αὐτῇ
2721 3435 2828 3507 ίδίᾳ
2883 3435 3021 3505 πρὸς
3064 3431 3134 3485 τὰ
3167 3428 3488 3503 ἀνθρώπινά
3515 3445 3576 3480 τε
3608 3427 3704 3479 καὶ
3732 3427 4037 3479 ἀνυπαίτια

2445 3532 2593 3601 πάθη
2621 3549 2634 3563 ·
2684 3529 2942 3596 πεινῆσαι
2971 3525 3082 3594 γὰρ
3109 3523 3351 3590 λέγεται,
3383 3518 3580 3580 πόνους
3606 3534 3664 3568 τε
3704 3517 4036 3581 ὑπενεγκεῖν

2445 3624 2570 3685 τοὺς
2597 3624 2662 3674 ὲκ
2692 3619 2922 3691 μακρῶν
2946 3613 3290 3685 ὁδοιποριῶν,
3316 3613 3574 3679 πτοήσεις
3601 3626 3682 3672 τε,
3708 3607 3804 3660 καὶ
3832 3606 4039 3672 φόϐους

2446 3715 2542 3766 καὶ
2581 3713 2758 3782 λύπην
2801 3710 2895 3762 καὶ
2928 3707 3171 3776 ἀγωνίαν
3204 3704 3300 3758 καὶ
3329 3705 3421 3756 τὸν
3453 3703 3546 3756 ἐπὶ
3573 3701 3652 3771 τῷ
3681 3697 3906 3768 σταυρῴ
3939 3699 4038 3750 θά-

2445 3825 2624 3861 νατον.
2685 3801 3193 3872 Ἐπαναγκάζοντος
3247 3799 3356 3868 γάρ
3410 3796 3625 3857 οὐδενὸς
3679 3793 3880 3860 ἔθηκεν
3936 3792 4037 3860 ἀφ’

2445 3897 2642 3953 ἑαυτοῦ
2674 3895 2773 3967 τὴν
2805 3896 2941 3948 ίδίαν
2963 3892 3143 3962 ψυχὴν
3173 3889 3315 3960 ὑπὲρ
3341 3887 3520 3957 ἡμῶν,
3547 3887 3648 3940 ἵνα
3674 3884 3772 3937 καί
3801 3884 4035 3950 νεκρῶν

2444 3992 2541 4046 καὶ
2588 3990 2818 4051 ζώντων
2864 3985 3154 4054 κυριεύσῃ
3177 3998 3192 4012 °
3255 3981 3437 4048 σάρκα
3469 3977 3569 4048 μὲν
3603 3977 3701 4043 τὴν
3739 3974 3898 4037 ἱδίανι
3932 3976 4035 4043 τῆς

2445 4084 2701 4138 ἁπάντων
2733 4080 2936 4150 σαρκὸς
2967 4076 3256 4137 ἀποτιννὺς
3286 4071 3503 4141 ἀληθῶς
3535 4069 3708 4138 δῶρον
3736 4064 3996 4130 ἀντάξιον
4017 4079 4029 4090 ·

2442 4177 2622 4247 ψυχὴν
2648 4174 2692 4228 δ’
2720 4173 2842 4227 ἀντὶ
2865 4170 3047 4240 ψυχῆς
3073 4167 3392 4235 ἀντίλυτρον
3423 4161 3533 4214 τῶν
3554 4159 3814 4214 ἀπάντων
3845 4155 4036 4247 ποιού-

2448 4246 2644 4335 μενοςο
2703 4262 2752 4313 εί
2784 4260 2879 4314 καὶ
2913 4258 3117 4311 ἀνεϐίω
3145 4255 3306 4308 πάλιν
3339 4251 3453 4320 ζωὴ
3489 4249 3632 4304 κατά
3658 4248 3824 4316 φύσιν
3852 4246 4034 4313 ὑπάρ-

2445 4373 2555 4426 χων
2584 4353 2659 4417 ὡς
2683 4353 2813 4415 Θεός
2832 4368 2845 4380 ·
2881 4350 2943 4403 οὐ
2974 4349 3083 4418 γάρ
3110 4364 3192 4400 τοι
3221 4345 3378 4414 Θέμις
3408 4344 3583 4396 εἰπεῖν
3611 4340 3788 4409 φθορᾷ
3816 4339 3918 4406 μὲν
3940 4336 4032 4388 δύ-

2445 4443 2642 4499 νασθαι
2675 4439 2998 4510 κρατεῖσθαι
3036 4437 3166 4491 ποτὲ
3211 4433 3507 4488 ὲνωθεῖσαν
3537 4429 3614 4498 τῷ
3643 4428 3791 4497 λόγῳ
3823 4427 4030 4498 σάρκα,

2445 4540 2676 4606 κάτοχον
2712 4536 2769 4588 δὲ
2807 4534 2998 4595 αὑταῖς
3037 4531 3165 4602 ᾆδον
3205 4528 3405 4588 πύλαις
3453 4524 3553 4593 τὴν
3582 4521 3734 4574 θείαν
3766 4517 4031 4586 γενέσθαι

2368 4606 2412 4661 Ῑ)
2439 4632 2648 4700 ψυχήνι
2682 4629 2802 4681 Οὐκ
2832 4623 3263 4693 ἐγκατελείφθη
3294 4618 3403 4690 γὰρ
3437 4619 3523 4682 εις
3551 4614 3724 4682 ᾅδου,
3760 4611 3904 4665 καθὰ
3935 4610 4032 4662 καὶ

2441 4726 2470 4776 6
2514 4721 2802 4781 θεσπέσιος
2853 4717 2956 4787 ἔφη
3002 4717 3232 4784 Πέτρος.
3294 4712 3368 4764 Οὐ
3411 4710 3520 4780 γὰρ
3558 4708 3708 4760 ἐστιν
3740 4706 3920 4757 εἰπεῖν
3953 4703 4033 4767 ὡς

2441 4809 2538 4880 τὴν
2564 4809 2806 4877 ἄληπτον
2835 4802 3118 4865 παντελῶς
3144 4802 3238 4854 καὶ
3262 4798 3540 4852 ἀνάλωτον
3572 4796 3650 4864 τῷ
3679 4796 3901 4864 θανάτῳ
3927 4795 4031 4860 φύ-

2444 4913 2528 4948 σιν
2548 4936 2564 4962 ,
2599 4895 2848 4948 τουτέστι
2876 4891 2976 4962 τὴν
3003 4891 3238 4959 θεότητα
3265 4887 3361 4941 τοῦ
3389 4885 3730 4952 Μονογενοῦς
3767 4886 3874 4937 ὑπὸ
3901 4886 4030 4953 χθό-

2441 5005 2506 5040 να
2541 4987 2728 5058 μυχῶν
2759 4983 3195 5054 ἀνακεκομίσθαι
3224 4984 3499 5052 φήσομενο
3535 4980 3594 5032 οὗ
3623 4979 3734 5048 γὰρ
3763 4979 3829 5031 ἂν
3855 4978 4027 5046 ἠξιώ-

2441 5080 2507 5149 θη
2556 5079 2615 5130 τὸ
2648 5077 2840 5148 χρῆμα
2881 5076 3182 5146 θαύματος,
3233 5076 3280 5126 εἰ
3316 5072 3628 5142 μεμένηκεν
3660 5073 3742 5134 είς
3772 5071 3866 5123 τὸν
3891 5070 4030 5140 ᾅδην

2437 5173 2466 5224 6
2501 5174 2563 5223 ἐκ
2587 5169 2723 5222 Θεοῦ
2747 5171 2920 5238 Λόγος
2949 5171 3015 5238 τῇ
3045 5169 3142 5236 τῆς
3169 5165 3421 5234 θεότητος
3448 5162 3696 5231 ἐνεργείᾳ
3722 5178 3778 5213 τε
3806 5163 3902 5213 καὶ
3926 5162 4028 5226 φύ-

2439 5279 2521 5314 σει
2572 5261 2888 5332 παραδόξως
2916 5276 2974 5312 τε
3018 5258 3109 5309 καὶ
3142 5257 3282 5326 ὑπὲρ
3304 5255 3462 5322 λόγον
3492 5252 3717 5322 πληρῶν
3747 5253 3816 5303 τά
3843 5251 4025 5303 πάντα

2436 5355 2532 5407 καὶ⁵
2577 5357 2690 5416 τοῖς
2737 5356 2906 5406 πᾶσιν
2947 5349 3252 5420 ἐπιδημῶν.
3322 5344 3455 5400 Εἶτα
3503 5345 3711 5416 προῖὼν
3760 5345 3839 5414 τῷ
3879 5344 4027 5412 λόγῳ

2432 5447 2609 5500 ταῦτα
2658 5445 2821 5499 πάλιν
2862 5444 3061 5512 φησίν·
3125 5439 3490 5512 Ἀνθρὼπινον
3541 5437 3640 5506 μὲν
3672 5436 3734 5488 τὸ
3760 5436 4021 5488 τεθνάναι

2435 5541 2627 5602 πάθος,
2665 5540 2950 5606 ἐνέργημα
2977 5537 3033 5588 δὲ
3083 5534 3269 5587 θεῖκὸν
3303 5532 3365 5584 τὸ
3410 5529 3713 5584 ἀναϐιῶναι
3739 5545 3750 5558 ⁸
3801 5529 4020 5588 δεικνὺς

2433 5632 2468 5686 ὃ.
2499 5633 2564 5685 δι’
2592 5632 2793 5700 ἀμφοῖν
2833 5630 3156 5699 γνωρίζεται
3187 5626 3309 5680 καθ’
3335 5628 3482 5696 ἡμᾶς
3508 5640 3567 5675 τε
3599 5624 3716 5690 ἃμα
3747 5621 3843 5673 καὶ
3877 5621 4019 5688 ὑπὲρ

2433 5727 2578 5795 ἡμᾶς
2613 5723 2685 5784 ὡς
2716 5723 2866 5782 Θεός.
2904 5722 3065 5790 Ἠρᾷς
3100 5722 3242 5781 iam;
3275 5721 3302 5770 6
3329 5717 3622 5784 σεϐάσμιος
3651 5707 3805 5775 οὗτος
3831 5711 4019 5779 Πατὴρ
