4220 6442
801 358 823 422 ’1
843 359 942 424 I59
2141 353 2463 412 AGAPETI

2421 353 2463 410 Ἰ
2511 353 2815 414 DIAL‘ONI
3947 357 4087 422 1160

794 473 1111 536 Phalaride,
1161 474 1404 542 Agapeto
1451 479 1502 524 et
1542 469 1742 523 Basilio
1793 467 2113 521 Macedone.
2170 467 2360 521 Eidem
2415 465 2788 521 llcndreichio
2841 478 3214 522 memorantur
3256 483 3479 540 quoque
3540 469 3773 528 Andrei:
3818 472 4085 528 Werneri

796 565 913 637 (qui
971 564 1164 620 Latine
1213 561 1400 623 vertit,
1458 560 1706 630 Magdeb.
1762 560 1814 621 8,
1893 559 1973 612 uti
2023 559 2195 613 etiam
2248 561 2446 614 Petrus
2498 558 2801 629 Bizarrus),
2849 559 3088 616 Conradi
3134 563 3518 629 ﬁittershusii,
3568 565 3717 631 Lips.
3771 566 3933 631 1611,
3985 571 4081 624 12.

792 660 877 715 Jo.
910 660 1181 723 Bercovii,
1211 668 1267 713 ct
1299 655 1521 712 Ilcnriei
1555 655 1784 710 Kitschii
1815 653 2092 710 editiones
2127 654 2276 724 Lips.
2316 653 2473 718 1615,
2501 655 2534 707 4
2558 652 2633 724 [3.
2665 655 2823 717 16l0,
2850 656 2904 706 4.
2940 671 3029 725 ap.
3073 655 3348 726 Adelung.
3382 657 3420 710 1.
3453 657 3557 730 c.].

871 753 1153 823 Expositio
1182 749 1438 819 Capitum
1476 747 1960 819 partenetieorum,
1989 761 2117 801 cum
2158 746 2302 800 notis
2346 744 2613 814 Stephani
2634 745 2997 816 SCIICBllIlthI,
3037 747 3412 812 Franeckerae,
3445 750 3604 813 1608,
3638 751 3716 817 8.,
3745 765 3873 808 eum
3894 756 4082 810 sancti

795 847 901 901 Nili
933 843 1410 898 admonitionibus
1439 849 1495 895 et
1522 840 1708 895 libello
1733 840 1808 894 De
1844 839 2164 902 virtutibus,
2200 838 2294 908 qui
2319 836 2609 892 Aristoteli
2639 838 2907 892 tribuitur
2935 838 3072 910 [τεο.
3103 839 3336 903 Ghrlitz,
3372 841 3533 906 1679,
3562 840 3642 913 8].

861 935 998 991 Cum
1029 935 1286 989 versione
1333 932 1564 1003 duplici,
1592 932 2101 996 dissertationibus,
2141 929 2432 1000 exemplis,
2477 931 2881 1000 quaestionibus
2927 948 3026 1003 per
3061 932 3361 1005 Georgium
3414 934 3745 1000 Draudium,
3804 936 4072 996 Francol’.

795 1033 954 1097 1615,
986 1033 1019 1086 ι
1045 1051 1062 1099 ;
1090 1041 1146 1086 et
1186 1031 1348 1093 1659,
1384 1033 1433 1085 ι.

862 1127 924 1181 ln
955 1125 1220 1180 Auctario
1251 1122 1608 1177 Bibliotheca:
1627 1121 1854 1174 Patrum
1883 1119 2178 1184 Ducaeano,
2213 1119 2388 1175 Paris.
2418 1119 2576 1184 1624,
2613 1119 2706 1174 fol.
2727 1126 2860 1173 tom.
2892 1119 2960 1182 II,
2985 1135 3109 1190 pag.
3141 1119 3280 1187 562;
3312 1131 3369 1175 et
3393 1131 3524 1177 tom.
3547 1122 3642 1178 Xll
3673 1123 3814 1178 Bibl.
3849 1123 4080 1180 Patrum

792 1221 1152 1284 Morellianie,
1182 1220 1356 1274 Paris.
1397 1216 1553 1279 1644,
1597 1215 1803 1285 p.607.

863 1311 1088 1382 Agapeti
1133 1307 1343 1362 Seheda
1376 1306 1525 1375 regia
1570 1315 1625 1359 et
1652 1304 1836 1364 Basilii
1875 1305 2193 1361 Macedonis
2222 1305 2639 1360 adhortationes
2682 1305 2747 1360 ad
2799 1304 3038 1360 Leonem
3072 1304 3271 1368 tilium,
3313 1321 3438 1361 cum
3503 1309 3756 1364 versione
3795 1309 4076 1364 recensita

793 1422 822 1459 a
854 1401 1174 1458 Bcrnhardo
1217 1397 1444 1454 Damke.
1479 1395 1906 1466 Ilamburgensi,
1957 1395 2162 1451 additis
2191 1397 2310 1467 ejus
2347 1395 2494 1448 notis
2537 1393 2646 1466 [sat
2690 1392 2978 1464 copiosis],
3008 1392 3176 1448 Basil.
3211 1394 3368 1458 1655,
3420 1393 3453 1446 8
3492 1393 3649 1466 [usus
3718 1413 3944 1466 quoque
3989 1409 4079 1451 est

793 1499 882 1554 ed.
920 1497 1117 1552 Colon.
1153 1492 1338 1563 1517].

860 1588 1087 1658 Agapeti
1117 1585 1331 1640 Sehcda
1389 1584 1536 1653 regia
1589 1591 1877 1652 repurgata
1928 1582 2144 1636 mendis
2188 1594 2243 1637 et
2281 1583 2572 1651 explanata
2603 1597 2634 1634 a
2680 1581 2742 1636 P.
2771 1579 3000 1635 Guerin.
3050 1582 3230 1636 Paris.
3276 1581 3436 1635 1655.
3469 1583 3523 1637 8.
3566 1583 3723 1638 ΡΑιιιι.
3777 1582 4074 1656 Inscriptio

790 1687 847 1740 in
877 1687 1092 1740 Biinau.
1123 1683 1297 1738 Catal.
1343 1690 1476 1733 toni.
1516 1679 1604 1744 Ill,
1649 1679 1757 1731 vol.
1801 1679 1842 1742 Ι,
1887 1694 2012 1748 pag.
2054 1680 2145 1744 99,
2186 1689 2307 1734 est:
2346 1679 2574 1750 Agapcti
2625 1678 2818 1748 Capita
2849 1678 3219 1732 admonitoria
3257 1694 3421 1741 Lxxn,
3456 1679 3522 1731 ad
3570 1681 3865 1735 Justinian.
3909 1683 4074 1752 i.np.,

791 1784 888 1838 Gr.
930 1794 987 1837 et
1025 1780 1142 1835 Lat.
1185 1795 1250 1833 ex
1281 1775 1627 1831 correctione
1660 1783 1717 1827 et
1750 1789 1876 1828 eum
1905 1775 2292 1844 explanatione
2334 1775 2394 1828 P.
2433 1773 2662 1829 Guerin.
2698 1774 2873 1828 Paris.
2903 1775 3034 1830 Seb.
3057 1775 3365 1845 Cramoisy,
3408 1777 3568 1836 1655,
3604 1779 3658 1830 8.

861 1901 932 1910 —-
959 1868 1241 1939 Expositio
1281 1864 1650 1921 admonitoria
1685 1881 1810 1918 cum
1865 1864 2254 1934 explanatione
2295 1864 2552 1919 Iamiliari
2594 1880 2790 1918 vocum
2838 1865 3114 1931 omnium,
3148 1877 3263 1920 aut.
3289 1865 3454 1922 Guid.
3515 1867 3839 1934 Britonello,
3889 1870 4068 1925 Paris.

793 1965 952 2030 1651,
993 1964 1027 2017 8
1056 1963 1348 2033 (Adelung.
1377 1977 1442 2014 ex
1473 1959 1610 2014 bibl.
1643 1959 1812 2029 Regia
1852 1958 2078 2028 Paris.).
2479 1944 2484 1949 ’

861 2057 1133 2111 llaittairc
1175 2055 1231 2108 in
1269 2053 1334 2108 A.
1389 2053 1454 2106 Τ.
1511 2052 1566 2107 in
1600 2050 1772 2106 lndic.
1819 2066 1874 2120 p.
1915 2051 2002 2110 14.
2057 2050 2193 2105 citat
2238 2050 2402 2104 aliam
2449 2049 2588 2104 edit.
2638 2050 2868 2120 Agapeti
2913 2050 3200 2122 Expositio
3238 2052 3630 2119 admonitoria,
3667 2052 3911 2109 Gr.cum
3945 2051 4069 2108 Lat.

786 2153 1041 2206 versione
1071 2159 1127 2205 et
1165 2149 1553 2219 explanatione
1587 2146 1753 2201 Guid.
1794 2146 2111 2207 Britonelli,
2157 2155 2266 2200 etc.
2309 2144 2487 2199 Paris.
2525 2161 2614 2214 ap.
2636 2145 2724 2200 Jo.
2767 2146 3002 2211 Libert.,
3040 2147 3198 2206 1659.
3232 2149 3285 2202 8.
3316 2149 3483 2202 Hanc.
3725 2159 3731 2163 ’

860 2242 997 2297 Cum
1037 2241 1186 2296 notis
1214 2241 1328 2296 Jac.
1360 2237 1658 2302 Brunonis,
1698 2247 1754 2291 ct
1785 2237 1906 2302 ﬁlii,
1938 2237 2051 2291 Jac.
2080 2236 2353 2290 Pancratii
2389 2235 2689 2302 Brunonis,
2728 2236 2928 2306 Lipsiae
2963 2247 3020 2292 et
3048 2238 3299 2293 Norimb.
3335 2239 3495 2304 1669,
3528 2239 3581 2293 8.
3610 2237 3694 2310 [ι’.
3725 2253 3847 2308 qua:
3876 2235 4069 2292 notavi

786 2337 842 2393 in
867 2335 1077 2399 Introd.
1110 2335 1164 2388 in
1196 2333 1336 2387 llist.
1370 2332 1408 2386 Ι.
1443 2329 1539 2386 Gr.
1576 2331 1642 2394 ll,
1686 2339 1828 2400 part.
1872 2346 1908 2395 ι,
1950 2345 2076 2401 pag.
2107 2328 2260 2401 406.]

855 2425 1133 2481 Brunonis
1176 2423 1312 2478 edit.
1366 2422 1601 2493 repetita
1640 2431 1724 2475 est
1772 2431 1827 2476 et
1871 2431 2031 2476 aucta
2074 2422 2130 2475 in
2182 2436 2300 2490 seq.
2354 2421 2647 2478 editione:
2695 2422 2924 2493 Agapeti
2987 2423 3260 2479 Schedam
3301 2424 3509 2495 regiam
3560 2435 3965 2495 praeceptorum
3999 2421 4073 2476 de

785 2520 969 2576 ofﬁcio
999 2518 1128 2574 boni
1157 2515 1423 2587 principis
1452 2514 1520 2568 ad
1563 2515 1950 2584 imperatorem
1990 2514 2291 2569 Justinian.
2339 2517 2648 2580 recensuit,
2697 2518 2846 2570 notis
2894 2517 3009 2572 Jac.
3048 2524 3105 2572 et
3145 2517 3263 2574 Jac.
3315 2518 3571 2573 Pancrat.
3628 2518 3977 2582 Brunonum,
4011 2527 4072 2573 et

786 2612 924 2674 suis,
957 2608 1348 2676 indicibusque
1383 2604 1646 2660 instruxit
1676 2604 1761 2658 Jo.
1791 2603 2086 2674 Augustin.
2116 2602 2449 2659 Grmbelius.
2486 2604 2638 2676 Lips.
2671 2604 2756 2660 Jo.
2787 2604 2920 2660 Chr.
2964 2607 3209 2672 Martini,
3251 2609 3411 2673 1755,
3446 2608 3499 2664 8.
3538 2609 3705 2664 ΗΛιιι..

2047 2718 2269 2789 Agapcti
2300 2720 2551 2773 editiones
2581 2719 2808 2776 Latina.

855 2845 1016 2917 Apud
1054 2842 1374 2903 Baronium,
1405 2839 1473 2894 ad
1504 2853 1555 2892 a.
1585 2837 1647 2892 C.
1680 2837 1806 2901 527,
1834 2853 1891 2891 ιι.
1920 2838 1953 2890 4
1993 2852 2111 2906 seq.

855 2940 916 2992 In
962 2936 1280 2991 Bibliotheca
1319 2932 1568 2994 Patrum,
1629 2931 1803 2986 Paris.
1850 2931 2009 2996 1575,
2061 2931 2220 2997 1624,
2256 2941 2393 2988 tom.
2438 2933 2506 3000 Il,
2541 2951 2596 3005 p.
2628 2937 2753 3002 565,
2800 2945 2964 3008 atque
3009 2939 3065 2994 in
3106 2940 3230 2994 aliis
3254 2939 3601 2997 editionibus
3627 2939 4072 3005 Parisiensibus.

784 3029 1125 3092 Coloniensi,
1157 3038 1213 3082 et
1241 3025 1483 3096 denique
1516 3024 1570 3078 in
1598 3024 1954 3094 Lugdunensi
1993 3033 2142 3079 tomo
2165 3025 2259 3080 ιχ.

854 3120 934 3174 Ex
963 3119 1160 3173 Albani
1185 3117 1375 3172 Torini
1398 3115 1651 3169 versione
1684 3113 1850 3166 Basil.
1879 3113 2039 3173 1541,
2065 3114 2119 3178 8,
2163 3114 2233 3168 ad
2261 3113 2471 3168 calcem
2495 3113 2833 3182 Onosandri,
2869 3117 3017 3186 apud
3047 3118 3348 3176 Robcrtum
3374 3122 3613 3180 Winter.

854 3216 936 3271 Ex
960 3213 1290 3283 Mctaphrasi
1327 3212 1550 3266 heroica
1577 3209 1820 3264 Mem-adi
1842 3209 2118 3275 Moltheri,
2153 3209 2448 3280 llagenoaa,
2477 3209 2638 3273 1527,
2666 3209 2721 3264 8.

857 3314 935 3366 Ex
974 3311 1230 3366 versione
1263 3319 1468 3363 etcum
1496 3306 1728 3362 scholiis
1756 3305 1947 3360 Jacobi
1981 3305 2254 3376 Huggelii,
2284 3305 2568 3370 Mulbusii,
2593 3304 2751 3372 1560,
2776 3304 2829 3361 8.

858 3410 936 3464 Ex
974 3408 1230 3462 versione
1257 3403 1448 3459 Joach.
1487 3402 1707 3466 Axonii,
1738 3400 2022 3466 Graviani,
2055 3403 2340 3471 Antwerp.
2383 3403 2542 3468 1561,
2575 3403 2628 3456 8.

857 3502 1006 3557 ὶίιιιειξ
1039 3500 1168 3554 Sax.
1203 3498 1362 3561 1595,
1393 3498 1448 3555 8.
1478 3497 1547 3551 ad
1583 3496 1667 3551 Jo.
1697 3495 2136 3566 Sigismundum,
2161 3497 2541 3553 marehionem
2579 3497 3153 3570 Brandenburgieum,
3192 3501 3378 3558 studio
3407 3503 3492 3560 Jo.
3525 3503 3751 3571 Olearii,
3785 3506 4071 3578 adjunctis

784 3595 1062 3666 capitibus
1097 3593 1431 3661 Augustana:
1461 3587 1699 3642 confess.
1735 3598 1790 3642 et
1823 3588 1950 3642 libri
1985 3586 2328 3643 Concordiae.

855 3686 1204 3758 Aphorismis
1249 3701 1391 3738 usu
1424 3683 1784 3738 distributum
1830 3683 2044 3736 Latinis
2100 3685 2358 3738 versibus
2390 3684 2564 3756 elegis
2594 3684 2837 3740 reddidit
2872 3686 2991 3741 Edo
3039 3687 3380 3756 Neuhusius,
3412 3689 3866 3760 Steinfurtianus,
3899 3697 4070 3763 1605,

783 3784 1039 3842 Francof.
1068 3785 1100 3838 8
1127 3802 1140 3850 ;
1175 3798 1300 3836 cum
1323 3780 1543 3835 Ottonis
1563 3779 1861 3835 Casmanni
1892 3779 2197 3849 Systemate
2232 3780 2503 3836 doctrina!
2531 3781 2770 3851 vitaeque
2807 3783 3065 3853 politicaz.

1913 3897 2159 3962 Callicw,
2184 3899 2508 3970 Hispanicae,
2537 3899 2884 3955 Germaniae.

854 4020 1085 4082 Gallice,
1115 4034 1144 4072 a
1180 4018 1393 4073 Joanne
1438 3978 1614 4079 Pieot,
1665 4013 1841 4068 Paris.
1881 4013 2040 4076 1565,
2083 4014 2137 4068 8.
2178 4013 2320 4068 Hinc
2366 4015 2435 4069 ab
2468 4014 2807 4085 Hieronymo
2856 4016 3269 4083 Beneventano,
3301 4019 3434 4074 ibid.
3468 4021 3518 4076 8.
3563 4021 3702 4076 Tum
3747 4024 4074 4097 Pardulpho

783 4110 1005 4169 I’rateio
1055 4109 1397 4186 interprete,
1433 4105 1608 4175 Lugd.
1667 4103 1826 4169 1570,
1859 4104 1911 4157 8.
1971 4104 2151 4173 Atque
2188 4119 2258 4157 ex
2311 4105 2449 4159 versi

2415 4105 2572 4159 sione
2621 4105 2887 4160 Ludovici
2949 4107 3107 4172 XIII,
3171 4111 3360 4167 Gallizc
3416 4114 3581 4184 regis.
3646 4115 3742 4170 Le:
3800 4131 4075 4191 precepte:

783 4206 1107 4275 d‘Agupctua
1140 4221 1171 4256 a
1201 4201 1466 4255 Iustinien
1496 4241 1510 4264 ,
1550 4217 1643 4253 cur
1691 4215 1794 4252 une
1848 4201 2054 4253 version
2079 4199 2305 4265 Latine,
2335 4217 2437 4271 par
2478 4199 2526 4253 le
2566 4203 2646 4255 roi
2683 4200 2842 4256 Louis
2887 4203 3042 4269 XIII,
3083 4221 3148 4258 cn
3182 4222 3264 4259 ac:
3309 4207 3483 4273 legans
3514 4213 3834 4268 ordinat'rea.
3881 4215 4072 4273 Paris.

791 4300 947 4363 1612,
995 4299 1048 4352 8.

857 4394 1184 4464 llispanice,
1239 4406 1340 4461 per
1371 4389 1836 4461 ChristOphorum
1889 4391 2181 4462 Mosquera
2236 4392 2303 4447 de
2352 4392 2644 4464 Figneroa.
2698 4394 2918 4450 Madrit.
2968 4396 3141 4462 1596,
3189 4397 3243 4451 4.
3291 4397 3486 4470 Regia:
3531 4419 3668 4471 para
3711 4401 3789 4456 los
3835 4420 3940 4473 que
3981 4422 4078 4475 go-

781 4506 1198 4640 ωεὲϊῗιῗιὶιηὶοο,
1237 4575 1476 4628 Martino
1506 4574 1734 4628 Mollero
1792 4575 2093 4644 interprete
2117 4617 2131 4640 ,
2183 4575 2402 4631 Gorlitii
2430 4618 2444 4640 ,
2499 4576 2638 4630 1590
2681 4576 2819 4647 [alii,
2849 4576 3038 4648 1594],
3073 4578 3232 4643 1605,
3268 4580 3323 4635 8.
3357 4581 3425 4636 Et
3459 4596 3522 4634 ex
3559 4583 3813 4637 versione
3858 4584 4078 4640 Nieolai

777 4668 1002 4738 Glajcri,
1037 4667 1222 4720 Brem.
1262 4666 1419 4731 1619,
1449 4667 1518 4732 1;
1548 4681 1674 4719 cum
1712 4665 1879 4719 laude
1906 4667 2221 4736 philomela:
2259 4676 2316 4720 et
2347 4667 2596 4723 Luciano
2637 4668 2706 4722 de
2743 4669 3019 4723 calumnia
3050 4687 3115 4724 ac
3149 4672 3334 4726 tabula
3373 4671 3616 4727 Cebetis.
3647 4673 3806 4728 FABB.
3855 4675 4080 4746 Regen-

781 4772 873 4816 ten
908 4759 1198 4819 Biichlein,
1226 4758 1599 4826 \V'ittenbcrg.
1633 4757 1787 4820 1550,
1813 4759 1867 4811 4.
1902 4759 2161 4812 Praefatio
2179 4769 2462 4813 auctorem
2497 4760 2664 4816 habet
2687 4761 2807 4814 Nic.
2840 4761 3173 4814 Krnmbach.
3202 4762 3360 4816 Conf.
3393 4763 3637 4833 Beitrdge
3662 4782 3760 4817 χιιι·
3785 4765 4078 4820 kritischen

780 4852 1014 4908 Historie
1043 4851 1136 4902 der
1167 4851 1448 4902 deutschen
1485 4850 1744 4919 Spruchc,
1773 4860 1907 4912 (δια,
1947 4860 2085 4919 part.
2118 4867 2169 4913 χ,
2203 4867 2326 4920 pag.
2353 4851 2452 4905 201
2485 4866 2602 4921 seq.
2635 4861 2690 4905 et
2726 4851 2794 4905 de
2832 4851 2935 4904 hac
2963 4852 3198 4920 aliisque
3251 4854 3485 4923 interpr.
3533 4871 3780 4924 german.
3830 4857 3949 4910 vid.
4004 4860 4075 4912 el.

777 4947 961 5013 llegcn
995 4943 1049 4995 in
1082 4941 1384 4994 Litteratur
1409 4942 1502 4993 dcr
1529 4941 1811 4994 deutschen
1843 4941 2139 4996 L’ebersesz.
2168 4943 2261 4997 der
2290 4942 2567 5003 Griechen,
2598 4951 2732 4996 tom.
2777 4942 2818 5004 I,
2846 4958 2971 5013 pag.
3003 4941 3073 4996 48
3113 4960 3268 5013 seqq.
3312 4945 3459 4999 Idem
3490 4947 3547 5000 in
3577 4946 3850 5019 Nachtrag
3875 4965 3944 5002 zu
3983 4950 4078 5004 der

777 5037 1098 5100 Litteratnr,
1130 5043 1238 5088 etc.
1277 5033 1504 5103 Erlang.
1538 5033 1696 5095 1801,
1733 5033 1787 5094 8,
1817 5049 1870 5102 p.
1903 5034 1969 5086 15
2006 5036 2088 5102 (ιιι
2112 5035 2223 5104 jam
2259 5051 2428 5103 supra
2461 5033 2697 5104 monui),
2739 5045 2992 5088 recenset
3017 5036 3328 5091 versionem
3367 5053 3613 5107 german.
3648 5039 3704 5092 in
3739 5039 4077 5098 Griechische

777 5120 1184 5196 Sprachabung,
1219 5132 1356 5190 cte.,
1385 5123 1624 5179 Gothen.
1669 5123 1827 5188 1620,
1861 5123 1913 5176 8.
1946 5154 2017 5162 -
2048 5124 2106 5177 In
2141 5124 2363 5178 Memor.
2397 5124 2705 5193 Beitrdgen,
2743 5132 2852 5178 etc.
2886 5125 3058 5178 altera
3105 5124 3213 5194 (vel
3244 5128 3430 5196 potius
3460 5129 3648 5198 tertia)
3678 5130 3815 5185 edit.
3857 5131 4076 5192 Molleri

776 5222 1022 5275 version.
1049 5235 1221 5289 germ.
1255 5235 1381 5273 eum
1415 5230 1562 5276 textu
1601 5220 1794 5274 Graeco
1823 5230 1879 5274 et
1911 5221 2102 5275 Latina
2141 5222 2491 5290 interpretat.
2527 5223 2826 5292 Agapetus,
2857 5221 2914 5274 h.
2948 5238 2998 5276 e.
3044 5222 3559 5296 Ilegentonbiichlcin
3585 5265 3599 5290 ,
3628 5237 3761 5293 etc.,
3790 5232 4076 5300 prodiisse

776 5317 1004 5379 dicitur,
1046 5316 1206 5380 1618,
1263 5317 1317 5369 8.
1353 5347 1423 5357 —
1457 5317 1540 5371 Ab
1574 5333 1852 5389 anonymo
1885 5317 2148 5373 German.
2180 5335 2376 5373 versus
2411 5335 2440 5373 e

1947 5334 2148 5372 :rman.
2180 5335 2376 5373 versus
2411 5329 2497 5373 est
2525 5317 2772 5383 libellus,
2812 5319 3067 5374 Franeof.
3098 5331 3155 5374 et
3181 5320 3332 5391 Lips.
3368 5323 3531 5389 1782,
3564 5323 3613 5377 8.

845 5412 1077 5483 Anglice
1132 5430 1334 5469 versus
1372 5423 1457 5468 est
1502 5415 1726 5470 libellus
1769 5432 1799 5469 a
1845 5415 2049 5469 Thom.
2097 5416 2340 5486 Paynell.
2388 5415 2654 5480 Londini,
2678 5433 2766 5487 ap.
2813 5417 3012 5471 Thom.
3040 5416 3344 5473 Bertbelet.
3380 5419 3469 5484 12,
3501 5422 3620 5477 sine
3654 5423 3780 5478 anni
3813 5435 3973 5480 nota.
4005 5459 4074 5468 ——

774 5507 1144 5561 Introduction
1186 5517 1238 5562 to
1308 5510 1601 5580 wifedome,
1633 5511 1834 5564 Banket
1880 5511 1942 5581 of
1973 5509 2256 5581 Sapience,
2285 5511 2393 5564 and
2424 5521 2662 5581 precepts
2689 5512 2750 5582 of
2776 5512 3068 5583 Agapetus.
3113 5513 3356 5580 London,
3405 5517 3618 5585 printed
3665 5519 3750 5588 for
3791 5522 4075 5577 Abraham

779 5600 954 5665 Vcale,
990 5601 1110 5655 sine
1134 5603 1264 5658 anni
1302 5602 1533 5666 indicio,
1565 5606 1654 5659 16.
1679 5614 1798 5660 —et
1820 5605 1989 5658 Lond.
2022 5605 2074 5658 in
2101 5602 2413 5657 Fletcatrete
2445 5608 2499 5656 in
2532 5605 2617 5658 the
2643 5605 2805 5658 house
2833 5606 2894 5674 of
2905 5604 3086 5658 Thom.
3121 5604 3406 5672 Berthelet,
3441 5607 3598 5673 1550,
3625 5608 3852 5665 ι2.-γ.
3885 5611 4073 5685 Bring-

773 5705 1030 5762 gcmann,
1060 5690 1196 5755 Viw,
1232 5702 1363 5756 etc.,
1402 5709 1456 5763 p.
1500 5694 1627 5748 412.

845 5782 921 5838 De
948 5782 1132 5838 Italica
1171 5785 1444 5853 versione,
1479 5788 1673 5843 Venet.
1710 5788 1869 5857 15i5,
1909 5787 2030 5846 8.V.
2057 5787 2308 5858 Paitoni,
2344 5785 2560 5842 Bibliot.
2597 5787 2737 5858 dein
2769 5789 3038 5844 antori--
3066 5788 3434 5859 eolgarizzati,
3484 5793 3522 5860 1,
3568 5809 3686 5863 pag.
3721 5792 3775 5848 8.
