  <div class='ocr_page' id='page_1' title='image "/cluster/home/n/w/nwhite01/storage/ocr_20150623/86 pt.1/nnc1.0022106588/592.png"; bbox 0 0 4220 6442; ppageno 0'>
   <div class='ocr_carea' id='block_1_1' title="bbox 252 409 392 473">
    <p class='ocr_par' dir='ltr' id='par_1_1' title="bbox 252 409 392 473">
     <span class='ocr_line' id='line_1_1' title="bbox 252 409 392 473; baseline -0.014 0"><span class='ocrx_word' id='word_1_1' title='bbox 252 409 392 473; x_wconf 76' lang='lat'><strong>1165</strong></span> 
     </span>
    </p>
   </div>
   <div class='ocr_carea' id='block_1_2' title="bbox 1462 405 2323 468">
    <p class='ocr_par' dir='ltr' id='par_1_2' title="bbox 1462 405 2323 468">
     <span class='ocr_line' id='line_1_2' title="bbox 1462 405 2323 468; baseline -0.005 0"><span class='ocrx_word' id='word_1_2' title='bbox 1462 407 1731 468; x_wconf 80' lang='lat' dir='ltr'><strong>CAPlTA</strong></span> <span class='ocrx_word' id='word_1_3' title='bbox 1768 405 2323 466; x_wconf 70' lang='lat' dir='ltr'><strong>ADMONITORIA.</strong></span> 
     </span>
    </p>
   </div>
   <div class='ocr_carea' id='block_1_3' title="bbox 3383 414 3521 480">
    <p class='ocr_par' dir='ltr' id='par_1_3' title="bbox 3383 414 3521 480">
     <span class='ocr_line' id='line_1_3' title="bbox 3383 414 3521 480; baseline 0 0"><span class='ocrx_word' id='word_1_4' title='bbox 3383 414 3521 480; x_wconf 76' lang='lat'><strong>1166</strong></span> 
     </span>
    </p>
   </div>
   <div class='ocr_carea' id='block_1_4' title="bbox 249 516 1847 593">
    <p class='ocr_par' dir='ltr' id='par_1_4' title="bbox 249 517 1840 593">
     <span class='ocr_line' id='line_1_4' title="bbox 249 517 1840 593; baseline -0.005 -17"><span class='ocrx_word' id='word_1_5' title='bbox 249 525 523 593; x_wconf 59' lang='grc' dir='ltr'>φυλακὴ),</span> <span class='ocrx_word' id='word_1_6' title='bbox 573 523 666 578; x_wconf 70' lang='grc' dir='ltr'>καὶ</span> <span class='ocrx_word' id='word_1_7' title='bbox 716 522 824 574; x_wconf 86' lang='grc' dir='ltr'><strong>τῶν</strong></span> <span class='ocrx_word' id='word_1_8' title='bbox 879 520 998 574; x_wconf 79' lang='grc' dir='ltr'>κατ’</span> <span class='ocrx_word' id='word_1_9' title='bbox 1050 518 1216 572; x_wconf 77' lang='grc' dir='ltr'>αὑτοῦ</span> <span class='ocrx_word' id='word_1_10' title='bbox 1284 518 1607 570; x_wconf 73' lang='grc' dir='ltr'><strong>λυσσώντων</strong></span> <span class='ocrx_word' id='word_1_11' title='bbox 1653 517 1840 570; x_wconf 78' lang='grc' dir='ltr'>ἐκδιώ-</span> 
     </span>
    </p>
   </div>
   <div class='ocr_carea' id='block_1_5' title="bbox 1949 516 3516 593">
    <p class='ocr_par' dir='ltr' id='par_1_5' title="bbox 1949 516 3516 588">
     <span class='ocr_line' id='line_1_5' title="bbox 1949 516 3516 588; baseline 0.009 -19"><span class='ocrx_word' id='word_1_12' title='bbox 1949 531 2134 570; x_wconf 80' lang='lat' dir='ltr'><strong>eorum</strong></span> <span class='ocrx_word' id='word_1_13' title='bbox 2185 516 2279 587; x_wconf 89' lang='lat' dir='ltr'><strong>qui</strong></span> <span class='ocrx_word' id='word_1_14' title='bbox 2330 517 2628 572; x_wconf 87' lang='lat' dir='ltr'><strong>adversum</strong></span> <span class='ocrx_word' id='word_1_15' title='bbox 2677 519 2859 588; x_wconf 91' lang='lat' dir='ltr'><strong>ipsum</strong></span> <span class='ocrx_word' id='word_1_16' title='bbox 2917 519 3220 587; x_wconf 83' lang='lat' dir='ltr'><strong>insaniunt,</strong></span> <span class='ocrx_word' id='word_1_17' title='bbox 3258 522 3516 588; x_wconf 80' lang='lat' dir='ltr'><strong>latratum</strong></span> 
     </span>
    </p>
   </div>
   <div class='ocr_carea' id='block_1_6' title="bbox 248 609 1835 687">
    <p class='ocr_par' dir='ltr' id='par_1_6' title="bbox 248 609 1835 687">
     <span class='ocr_line' id='line_1_6' title="bbox 248 609 1835 687; baseline -0.004 -19"><span class='ocrx_word' id='word_1_18' title='bbox 248 617 349 686; x_wconf 72' lang='grc' dir='ltr'><strong>εῃς</strong></span> <span class='ocrx_word' id='word_1_19' title='bbox 398 616 497 687; x_wconf 77' lang='grc' dir='ltr'><strong>τὴν</strong></span> <span class='ocrx_word' id='word_1_20' title='bbox 531 613 760 684; x_wconf 81' lang='grc' dir='ltr'>ὑλακὴν,</span> <span class='ocrx_word' id='word_1_21' title='bbox 791 613 897 665; x_wconf 82' lang='grc' dir='ltr'><strong>ὑπὸ</strong></span> <span class='ocrx_word' id='word_1_22' title='bbox 938 612 1047 664; x_wconf 90' lang='grc' dir='ltr'><strong>τῶν</strong></span> <span class='ocrx_word' id='word_1_23' title='bbox 1101 612 1266 664; x_wconf 76' lang='grc' dir='ltr'>αὐτοῦ</span> <span class='ocrx_word' id='word_1_24' title='bbox 1303 610 1378 680; x_wconf 84' lang='grc'><strong>(6)</strong></span> <span class='ocrx_word' id='word_1_25' title='bbox 1415 609 1835 679; x_wconf 75' lang='grc' dir='ltr'><strong>βασιλευόμενος</strong></span> 
     </span>
    </p>
   </div>
   <div class='ocr_carea' id='block_1_7' title="bbox 248 703 1584 778">
    <p class='ocr_par' dir='ltr' id='par_1_7' title="bbox 248 703 1584 778">
     <span class='ocr_line' id='line_1_7' title="bbox 248 703 1584 778; baseline -0.005 -18"><span class='ocrx_word' id='word_1_26' title='bbox 248 710 456 778; x_wconf 87' lang='grc' dir='ltr'>νόμων,</span> <span class='ocrx_word' id='word_1_27' title='bbox 493 708 588 760; x_wconf 78' lang='grc' dir='ltr'><strong>καὶ</strong></span> <span class='ocrx_word' id='word_1_28' title='bbox 614 706 723 759; x_wconf 86' lang='grc' dir='ltr'><strong>τῶν</strong></span> <span class='ocrx_word' id='word_1_29' title='bbox 749 705 854 758; x_wconf 79' lang='grc' dir='ltr'><strong>ὑπὸ</strong></span> <span class='ocrx_word' id='word_1_30' title='bbox 885 704 946 758; x_wconf 81' lang='grc' dir='ltr'>σὲ</span> <span class='ocrx_word' id='word_1_31' title='bbox 989 703 1292 772; x_wconf 71' lang='grc' dir='ltr'><strong>βασιλεύων</strong></span> <span class='ocrx_word' id='word_1_32' title='bbox 1323 703 1584 773; x_wconf 72' lang='grc' dir='ltr'>ἐννόμως.</span> 
     </span>
    </p>
   </div>
   <div class='ocr_carea' id='block_1_8' title="bbox 869 796 1226 849">
    <p class='ocr_par' dir='ltr' id='par_1_8' title="bbox 869 796 1226 849">
     <span class='ocr_line' id='line_1_8' title="bbox 869 796 1226 849; baseline -0.011 0"><span class='ocrx_word' id='word_1_33' title='bbox 869 797 1119 849; x_wconf 79' lang='grc' dir='ltr'><strong>ΚΕΦΛΛ.</strong></span> <span class='ocrx_word' id='word_1_34' title='bbox 1152 796 1226 846; x_wconf 91' lang='lat' dir='ltr'><strong>B&#39;.</strong></span> 
     </span>
    </p>
   </div>
   <div class='ocr_carea' id='block_1_9' title="bbox 337 883 1839 958">
    <p class='ocr_par' dir='ltr' id='par_1_9' title="bbox 337 883 1839 958">
     <span class='ocr_line' id='line_1_9' title="bbox 337 883 1839 958; baseline -0.003 -17"><span class='ocrx_word' id='word_1_35' title='bbox 337 890 428 948; x_wconf 80' lang='grc' dir='ltr'>Ὦς</span> <span class='ocrx_word' id='word_1_36' title='bbox 452 889 792 958; x_wconf 76' lang='grc' dir='ltr'>κυῧερνήτης</span> <span class='ocrx_word' id='word_1_37' title='bbox 826 890 1099 958; x_wconf 77' lang='grc' dir='ltr'>ἀγρυπνεῖ</span> <span class='ocrx_word' id='word_1_38' title='bbox 1129 886 1216 939; x_wconf 81' lang='grc' dir='ltr'><strong>διά</strong></span> <span class='ocrx_word' id='word_1_39' title='bbox 1251 884 1475 948; x_wconf 81' lang='grc' dir='ltr'>παντὸς,</span> <span class='ocrx_word' id='word_1_40' title='bbox 1507 887 1536 937; x_wconf 90' lang='grc' dir='ltr'><strong>ό</strong></span> <span class='ocrx_word' id='word_1_41' title='bbox 1562 883 1655 937; x_wconf 86' lang='grc' dir='ltr'><strong>τοῦ</strong></span> <span class='ocrx_word' id='word_1_42' title='bbox 1683 883 1839 953; x_wconf 84' lang='grc' dir='ltr'>βασι-</span> 
     </span>
    </p>
   </div>
   <div class='ocr_carea' id='block_1_10' title="bbox 248 975 1840 1051">
    <p class='ocr_par' dir='ltr' id='par_1_10' title="bbox 248 975 1840 1051">
     <span class='ocr_line' id='line_1_10' title="bbox 248 975 1840 1051; baseline -0.004 -17"><span class='ocrx_word' id='word_1_43' title='bbox 248 981 392 1043; x_wconf 84' lang='grc' dir='ltr'>λέως</span> <span class='ocrx_word' id='word_1_44' title='bbox 449 982 834 1051; x_wconf 74' lang='grc' dir='ltr'>πολυόμματος</span> <span class='ocrx_word' id='word_1_45' title='bbox 873 979 1019 1042; x_wconf 84' lang='grc' dir='ltr'>νοῦς,</span> <span class='ocrx_word' id='word_1_46' title='bbox 1059 978 1397 1047; x_wconf 80' lang='grc' dir='ltr'>διακατέχων</span> <span class='ocrx_word' id='word_1_47' title='bbox 1437 975 1698 1043; x_wconf 76' lang='grc' dir='ltr'><strong>ἀσφαλῶς</strong></span> <span class='ocrx_word' id='word_1_48' title='bbox 1735 976 1840 1045; x_wconf 81' lang='grc' dir='ltr'><strong>τῆς</strong></span> 
     </span>
    </p>
   </div>
   <div class='ocr_carea' id='block_1_11' title="bbox 250 1069 1842 1143">
    <p class='ocr_par' dir='ltr' id='par_1_11' title="bbox 250 1069 1842 1143">
     <span class='ocr_line' id='line_1_11' title="bbox 250 1069 1842 1143; baseline -0.004 -17"><span class='ocrx_word' id='word_1_49' title='bbox 250 1075 516 1143; x_wconf 75' lang='grc' dir='ltr'><strong>εὐνομίας</strong></span> <span class='ocrx_word' id='word_1_50' title='bbox 540 1075 667 1136; x_wconf 72' lang='grc' dir='ltr'>τοὺς</span> <span class='ocrx_word' id='word_1_51' title='bbox 692 1074 908 1136; x_wconf 77' lang='grc' dir='ltr'>οἴακας,</span> <span class='ocrx_word' id='word_1_52' title='bbox 935 1073 1034 1124; x_wconf 69' lang='grc' dir='ltr'><strong>καὶ</strong></span> <span class='ocrx_word' id='word_1_53' title='bbox 1057 1071 1452 1138; x_wconf 69' lang='grc' dir='ltr'><strong>ἀπωθούμενος</strong></span> <span class='ocrx_word' id='word_1_54' title='bbox 1478 1069 1721 1139; x_wconf 75' lang='grc' dir='ltr'>ἰσχυρῶς</span> <span class='ocrx_word' id='word_1_55' title='bbox 1741 1069 1842 1138; x_wconf 76' lang='grc' dir='ltr'>τῆς</span> 
     </span>
    </p>
   </div>
   <div class='ocr_carea' id='block_1_12' title="bbox 250 1162 1840 1236">
    <p class='ocr_par' dir='ltr' id='par_1_12' title="bbox 250 1162 1840 1236">
     <span class='ocr_line' id='line_1_12' title="bbox 250 1162 1840 1236; baseline -0.004 -16"><span class='ocrx_word' id='word_1_56' title='bbox 250 1166 487 1236; x_wconf 78' lang='grc' dir='ltr'>ἀνομίας</span> <span class='ocrx_word' id='word_1_57' title='bbox 514 1168 640 1229; x_wconf 81' lang='grc' dir='ltr'>τοὺς</span> <span class='ocrx_word' id='word_1_58' title='bbox 664 1163 898 1236; x_wconf 75' lang='grc' dir='ltr'>ῥύακας,</span> <span class='ocrx_word' id='word_1_59' title='bbox 927 1164 1013 1216; x_wconf 76' lang='grc' dir='ltr'><strong>ἴνα</strong></span> <span class='ocrx_word' id='word_1_60' title='bbox 1043 1165 1104 1216; x_wconf 73' lang='grc' dir='ltr'><strong>τὸ</strong></span> <span class='ocrx_word' id='word_1_61' title='bbox 1136 1164 1345 1233; x_wconf 81' lang='grc' dir='ltr'>σκάφος</span> <span class='ocrx_word' id='word_1_62' title='bbox 1370 1165 1469 1233; x_wconf 82' lang='grc' dir='ltr'><strong>τῆς</strong></span> <span class='ocrx_word' id='word_1_63' title='bbox 1492 1162 1840 1232; x_wconf 78' lang='grc' dir='ltr'>παγκοσμίου</span> 
     </span>
    </p>
   </div>
   <div class='ocr_carea' id='block_1_13' title="bbox 252 1249 1556 1330">
    <p class='ocr_par' dir='ltr' id='par_1_13' title="bbox 252 1249 1556 1330">
     <span class='ocr_line' id='line_1_13' title="bbox 252 1249 1556 1330; baseline 0 -20"><span class='ocrx_word' id='word_1_64' title='bbox 252 1259 540 1321; x_wconf 72' lang='grc' dir='ltr'><strong>πολιτείας</strong></span> <span class='ocrx_word' id='word_1_65' title='bbox 581 1259 658 1330; x_wconf 81' lang='grc' dir='ltr'><strong>μὴ</strong></span> <span class='ocrx_word' id='word_1_66' title='bbox 689 1260 999 1329; x_wconf 77' lang='grc' dir='ltr'><strong>περιπίπτῃ</strong></span> <span class='ocrx_word' id='word_1_67' title='bbox 1032 1257 1279 1327; x_wconf 83' lang='grc' dir='ltr'>κύμασιν</span> <span class='ocrx_word' id='word_1_68' title='bbox 1317 1249 1556 1319; x_wconf 77' lang='grc' dir='ltr'>ἀδικίας.</span> 
     </span>
    </p>
   </div>
   <div class='ocr_carea' id='block_1_14' title="bbox 876 1371 1234 1425">
    <p class='ocr_par' dir='ltr' id='par_1_14' title="bbox 876 1371 1234 1425">
     <span class='ocr_line' id='line_1_14' title="bbox 876 1371 1234 1425; baseline -0.003 0"><span class='ocrx_word' id='word_1_69' title='bbox 876 1372 1127 1425; x_wconf 72' lang='grc' dir='ltr'><strong>ΚΕΦΑΛ.</strong></span> <span class='ocrx_word' id='word_1_70' title='bbox 1160 1371 1234 1424; x_wconf 66' lang='grc' dir='ltr'><strong>ιν.</strong></span> 
     </span>
    </p>
   </div>
   <div class='ocr_carea' id='block_1_15' title="bbox 327 1459 1845 1533">
    <p class='ocr_par' dir='ltr' id='par_1_15' title="bbox 327 1459 1845 1533">
     <span class='ocr_line' id='line_1_15' title="bbox 327 1459 1845 1533; baseline -0.005 -16"><span class='ocrx_word' id='word_1_71' title='bbox 327 1464 487 1517; x_wconf 84' lang='grc' dir='ltr'>Θεῖον</span> <span class='ocrx_word' id='word_1_72' title='bbox 533 1461 770 1533; x_wconf 81' lang='grc' dir='ltr'><strong>μάθημα</strong></span> <span class='ocrx_word' id='word_1_73' title='bbox 808 1464 904 1514; x_wconf 72' lang='grc' dir='ltr'>καὶ</span> <span class='ocrx_word' id='word_1_74' title='bbox 948 1462 1170 1531; x_wconf 78' lang='grc' dir='ltr'>πρῶτον</span> <span class='ocrx_word' id='word_1_75' title='bbox 1203 1463 1252 1513; x_wconf 86' lang='grc' dir='ltr'>οἱ</span> <span class='ocrx_word' id='word_1_76' title='bbox 1285 1461 1586 1531; x_wconf 77' lang='grc' dir='ltr'>ἄνθρωποι,</span> <span class='ocrx_word' id='word_1_77' title='bbox 1615 1459 1676 1512; x_wconf 79' lang='grc' dir='ltr'><strong>τὸ</strong></span> <span class='ocrx_word' id='word_1_78' title='bbox 1704 1459 1845 1526; x_wconf 60' lang='grc' dir='ltr'>γνῶ·</span> 
     </span>
    </p>
   </div>
   <div class='ocr_carea' id='block_1_16' title="bbox 251 1553 1846 1625">
    <p class='ocr_par' dir='ltr' id='par_1_16' title="bbox 251 1553 1846 1625">
     <span class='ocr_line' id='line_1_16' title="bbox 251 1553 1846 1625; baseline -0.001 -18"><span class='ocrx_word' id='word_1_79' title='bbox 251 1556 346 1607; x_wconf 88' lang='grc' dir='ltr'>ναί</span> <span class='ocrx_word' id='word_1_80' title='bbox 390 1573 514 1609; x_wconf 89' lang='grc' dir='ltr'>τινα</span> <span class='ocrx_word' id='word_1_81' title='bbox 568 1556 764 1608; x_wconf 73' lang='grc' dir='ltr'>ἑαυτὸν</span> <span class='ocrx_word' id='word_1_82' title='bbox 796 1555 896 1625; x_wconf 84' lang='grc'>(7),</span> <span class='ocrx_word' id='word_1_83' title='bbox 927 1554 1316 1624; x_wconf 76' lang='grc' dir='ltr'><strong>διδασκόμεθα.</strong></span> <span class='ocrx_word' id='word_1_84' title='bbox 1379 1555 1436 1607; x_wconf 86' lang='grc'><strong>’0</strong></span> <span class='ocrx_word' id='word_1_85' title='bbox 1488 1554 1596 1624; x_wconf 80' lang='grc' dir='ltr'><strong>γάρ</strong></span> <span class='ocrx_word' id='word_1_86' title='bbox 1649 1553 1846 1606; x_wconf 70' lang='grc' dir='ltr'>ἑαυτὸν</span> 
     </span>
    </p>
   </div>
   <div class='ocr_carea' id='block_1_17' title="bbox 250 1644 1846 1715">
    <p class='ocr_par' dir='ltr' id='par_1_17' title="bbox 250 1644 1846 1715">
     <span class='ocr_line' id='line_1_17' title="bbox 250 1644 1846 1715; baseline -0.001 -16"><span class='ocrx_word' id='word_1_87' title='bbox 250 1648 444 1714; x_wconf 79' lang='grc' dir='ltr'>γνοὺς,</span> <span class='ocrx_word' id='word_1_88' title='bbox 476 1651 750 1714; x_wconf 85' lang='grc' dir='ltr'>γνώσεται</span> <span class='ocrx_word' id='word_1_89' title='bbox 779 1647 914 1700; x_wconf 87' lang='grc' dir='ltr'>Θεόν</span> <span class='ocrx_word' id='word_1_90' title='bbox 940 1666 953 1677; x_wconf 75' lang='grc' dir='ltr'><strong><em>ο</em></strong></span> <span class='ocrx_word' id='word_1_91' title='bbox 983 1648 1118 1699; x_wconf 76' lang='grc' dir='ltr'>Θεὸν</span> <span class='ocrx_word' id='word_1_92' title='bbox 1144 1648 1202 1699; x_wconf 80' lang='grc' dir='ltr'><strong>δὲ</strong></span> <span class='ocrx_word' id='word_1_93' title='bbox 1233 1649 1261 1699; x_wconf 88' lang='grc' dir='ltr'>ὁ</span> <span class='ocrx_word' id='word_1_94' title='bbox 1295 1648 1477 1715; x_wconf 80' lang='grc' dir='ltr'>γνοὺς,</span> <span class='ocrx_word' id='word_1_95' title='bbox 1505 1644 1846 1715; x_wconf 81' lang='grc' dir='ltr'>ὁμοιωθήσε-</span> 
     </span>
    </p>
   </div>
   <div class='ocr_carea' id='block_1_18' title="bbox 252 1737 1847 1809">
    <p class='ocr_par' dir='ltr' id='par_1_18' title="bbox 252 1737 1847 1809">
     <span class='ocr_line' id='line_1_18' title="bbox 252 1737 1847 1809; baseline -0.002 -18"><span class='ocrx_word' id='word_1_96' title='bbox 252 1756 349 1792; x_wconf 89' lang='grc' dir='ltr'><strong>ται</strong></span> <span class='ocrx_word' id='word_1_97' title='bbox 380 1739 501 1809; x_wconf 83' lang='grc' dir='ltr'>Θεῷ</span> <span class='ocrx_word' id='word_1_98' title='bbox 526 1755 540 1767; x_wconf 89' lang='grc'><strong>·</strong></span> <span class='ocrx_word' id='word_1_99' title='bbox 568 1739 972 1808; x_wconf 73' lang='grc' dir='ltr'><strong>ὁμοιωθήσεται</strong></span> <span class='ocrx_word' id='word_1_100' title='bbox 1015 1739 1074 1791; x_wconf 80' lang='grc' dir='ltr'><strong>δὲ</strong></span> <span class='ocrx_word' id='word_1_101' title='bbox 1122 1738 1265 1807; x_wconf 79' lang='grc' dir='ltr'>Θεῷ,</span> <span class='ocrx_word' id='word_1_102' title='bbox 1298 1741 1324 1790; x_wconf 87' lang='grc' dir='ltr'><strong>ό</strong></span> <span class='ocrx_word' id='word_1_103' title='bbox 1355 1737 1504 1801; x_wconf 75' lang='grc' dir='ltr'>ἄξιος</span> <span class='ocrx_word' id='word_1_104' title='bbox 1553 1739 1847 1807; x_wconf 84' lang='grc' dir='ltr'>γενόμενος</span> 
     </span>
    </p>
   </div>
   <div class='ocr_carea' id='block_1_19' title="bbox 251 1831 1846 1902">
    <p class='ocr_par' dir='ltr' id='par_1_19' title="bbox 251 1831 1846 1902">
     <span class='ocr_line' id='line_1_19' title="bbox 251 1831 1846 1902; baseline -0.002 -17"><span class='ocrx_word' id='word_1_105' title='bbox 251 1832 397 1885; x_wconf 93' lang='grc' dir='ltr'>Θεοῦ</span> <span class='ocrx_word' id='word_1_106' title='bbox 422 1848 436 1862; x_wconf 83' lang='lat'><strong><em>°</em></strong></span> <span class='ocrx_word' id='word_1_107' title='bbox 465 1831 616 1897; x_wconf 76' lang='grc' dir='ltr'>ἄξιος</span> <span class='ocrx_word' id='word_1_108' title='bbox 645 1831 702 1886; x_wconf 69' lang='grc' dir='ltr'><strong>δὲ</strong></span> <span class='ocrx_word' id='word_1_109' title='bbox 726 1831 937 1900; x_wconf 82' lang='grc' dir='ltr'>γίνεται</span> <span class='ocrx_word' id='word_1_110' title='bbox 973 1831 1133 1894; x_wconf 79' lang='grc' dir='ltr'>Θεοῦ,</span> <span class='ocrx_word' id='word_1_111' title='bbox 1164 1834 1194 1884; x_wconf 90' lang='grc' dir='ltr'><strong>ό</strong></span> <span class='ocrx_word' id='word_1_112' title='bbox 1227 1832 1392 1902; x_wconf 75' lang='grc' dir='ltr'><strong>μηδὲν</strong></span> <span class='ocrx_word' id='word_1_113' title='bbox 1429 1831 1652 1898; x_wconf 79' lang='grc' dir='ltr'>ἀνάξιον</span> <span class='ocrx_word' id='word_1_114' title='bbox 1681 1832 1846 1900; x_wconf 86' lang='grc' dir='ltr'>πράτ-</span> 
     </span>
    </p>
   </div>
   <div class='ocr_carea' id='block_1_20' title="bbox 1942 607 3523 683">
    <p class='ocr_par' dir='ltr' id='par_1_20' title="bbox 1942 607 3523 683">
     <span class='ocr_line' id='line_1_20' title="bbox 1942 607 3523 683; baseline 0.006 -23"><span class='ocrx_word' id='word_1_115' title='bbox 1942 607 2232 664; x_wconf 85' lang='lat' dir='ltr'><strong>cohiberes</strong></span> <span class='ocrx_word' id='word_1_116' title='bbox 2273 627 2285 662; x_wconf 90' lang='lat'><strong>:</strong></span> <span class='ocrx_word' id='word_1_117' title='bbox 2341 610 2518 680; x_wconf 80' lang='lat' dir='ltr'><strong>ipsius</strong></span> <span class='ocrx_word' id='word_1_118' title='bbox 2557 609 3003 681; x_wconf 86' lang='lat' dir='ltr'><strong>obtemperando</strong></span> <span class='ocrx_word' id='word_1_119' title='bbox 3030 612 3264 683; x_wconf 80' lang='lat' dir='ltr'><strong>legibus,</strong></span> <span class='ocrx_word' id='word_1_120' title='bbox 3291 631 3355 672; x_wconf 88' lang='lat' dir='ltr'><strong>ac</strong></span> <span class='ocrx_word' id='word_1_121' title='bbox 3385 621 3523 674; x_wconf 77' lang='lat' dir='ltr'><strong>sub-</strong></span> 
     </span>
    </p>
   </div>
   <div class='ocr_carea' id='block_1_21' title="bbox 1941 697 2787 773">
    <p class='ocr_par' dir='ltr' id='par_1_21' title="bbox 1941 697 2787 773">
     <span class='ocr_line' id='line_1_21' title="bbox 1941 697 2787 773; baseline 0.006 -23"><span class='ocrx_word' id='word_1_122' title='bbox 1941 697 2089 752; x_wconf 87' lang='lat' dir='ltr'><strong>ditos</strong></span> <span class='ocrx_word' id='word_1_123' title='bbox 2116 700 2214 754; x_wconf 91' lang='lat' dir='ltr'><strong>tibi</strong></span> <span class='ocrx_word' id='word_1_124' title='bbox 2250 701 2492 772; x_wconf 81' lang='lat' dir='ltr'><strong>regendo</strong></span> <span class='ocrx_word' id='word_1_125' title='bbox 2522 702 2787 773; x_wconf 83' lang='lat' dir='ltr'><strong>legitime.</strong></span> 
     </span>
    </p>
   </div>
   <div class='ocr_carea' id='block_1_22' title="bbox 2609 794 2866 849">
    <p class='ocr_par' dir='ltr' id='par_1_22' title="bbox 2609 794 2866 849">
     <span class='ocr_line' id='line_1_22' title="bbox 2609 794 2866 849; baseline 0 0"><span class='ocrx_word' id='word_1_126' title='bbox 2609 794 2764 849; x_wconf 76' lang='lat' dir='ltr'><strong>CAP.</strong></span> <span class='ocrx_word' id='word_1_127' title='bbox 2799 795 2866 849; x_wconf 91' lang='grc' dir='ltr'><strong>ΙΙ.</strong></span> 
     </span>
    </p>
   </div>
   <div class='ocr_carea' id='block_1_23' title="bbox 2011 884 3529 964">
    <p class='ocr_par' dir='ltr' id='par_1_23' title="bbox 2011 884 3529 964">
     <span class='ocr_line' id='line_1_23' title="bbox 2011 884 3529 964; baseline 0.009 -26"><span class='ocrx_word' id='word_1_128' title='bbox 2011 884 2126 940; x_wconf 88' lang='lat' dir='ltr'><strong>Ceu</strong></span> <span class='ocrx_word' id='word_1_129' title='bbox 2161 886 2524 956; x_wconf 87' lang='lat' dir='ltr'><strong>gubernator,</strong></span> <span class='ocrx_word' id='word_1_130' title='bbox 2559 890 2754 960; x_wconf 87' lang='lat' dir='ltr'><strong>vigilat</strong></span> <span class='ocrx_word' id='word_1_131' title='bbox 2799 906 2975 961; x_wconf 87' lang='lat' dir='ltr'><strong>usque</strong></span> <span class='ocrx_word' id='word_1_132' title='bbox 3002 892 3144 948; x_wconf 83' lang='lat' dir='ltr'><strong>adeo</strong></span> <span class='ocrx_word' id='word_1_133' title='bbox 3176 895 3529 964; x_wconf 73' lang='lat' dir='ltr'><strong>imperatoris</strong></span> 
     </span>
    </p>
   </div>
   <div class='ocr_carea' id='block_1_24' title="bbox 1942 977 3531 1058">
    <p class='ocr_par' dir='ltr' id='par_1_24' title="bbox 1942 977 3531 1058">
     <span class='ocr_line' id='line_1_24' title="bbox 1942 977 3531 1058; baseline 0.008 -28"><span class='ocrx_word' id='word_1_134' title='bbox 1942 977 2364 1032; x_wconf 91' lang='lat' dir='ltr'><strong>oculatissimus</strong></span> <span class='ocrx_word' id='word_1_135' title='bbox 2403 980 2742 1046; x_wconf 87' lang='lat' dir='ltr'><strong>intellectus,</strong></span> <span class='ocrx_word' id='word_1_136' title='bbox 2775 983 3070 1039; x_wconf 86' lang='lat' dir='ltr'><strong>continens</strong></span> <span class='ocrx_word' id='word_1_137' title='bbox 3099 985 3335 1042; x_wconf 91' lang='lat' dir='ltr'><strong>ﬁrmiter</strong></span> <span class='ocrx_word' id='word_1_138' title='bbox 3358 991 3531 1058; x_wconf 65' lang='lat' dir='ltr'><strong>{equi-</strong></span> 
     </span>
    </p>
   </div>
   <div class='ocr_carea' id='block_1_25' title="bbox 1947 1068 3539 1148">
    <p class='ocr_par' dir='ltr' id='par_1_25' title="bbox 1947 1068 3539 1148">
     <span class='ocr_line' id='line_1_25' title="bbox 1947 1068 3539 1148; baseline 0.008 -26"><span class='ocrx_word' id='word_1_139' title='bbox 1947 1068 2075 1122; x_wconf 88' lang='lat' dir='ltr'><strong>tatis</strong></span> <span class='ocrx_word' id='word_1_140' title='bbox 2113 1068 2354 1134; x_wconf 83' lang='lat' dir='ltr'><strong>clavum,</strong></span> <span class='ocrx_word' id='word_1_141' title='bbox 2398 1078 2566 1140; x_wconf 88' lang='lat' dir='ltr'><strong>atque</strong></span> <span class='ocrx_word' id='word_1_142' title='bbox 2615 1073 2900 1141; x_wconf 79' lang='lat' dir='ltr'><strong>expellens</strong></span> <span class='ocrx_word' id='word_1_143' title='bbox 2937 1076 3163 1133; x_wconf 80' lang='lat' dir='ltr'><strong>fortiter</strong></span> <span class='ocrx_word' id='word_1_144' title='bbox 3189 1069 3539 1148; x_wconf 15' lang='lat' dir='ltr'><strong>impetuosos‘</strong></span> 
     </span>
    </p>
   </div>
   <div class='ocr_carea' id='block_1_26' title="bbox 1946 1162 3531 1242">
    <p class='ocr_par' dir='ltr' id='par_1_26' title="bbox 1946 1162 3531 1242">
     <span class='ocr_line' id='line_1_26' title="bbox 1946 1162 3531 1242; baseline 0.008 -27"><span class='ocrx_word' id='word_1_145' title='bbox 1946 1162 2255 1232; x_wconf 77' lang='lat' dir='ltr'><strong>iniquitatis</strong></span> <span class='ocrx_word' id='word_1_146' title='bbox 2307 1162 2531 1228; x_wconf 82' lang='lat' dir='ltr'><strong>ﬂuctus,</strong></span> <span class='ocrx_word' id='word_1_147' title='bbox 2575 1173 2636 1218; x_wconf 89' lang='lat' dir='ltr'><strong>nt</strong></span> <span class='ocrx_word' id='word_1_148' title='bbox 2682 1181 2750 1219; x_wconf 90' lang='lat' dir='ltr'><strong>ne</strong></span> <span class='ocrx_word' id='word_1_149' title='bbox 2792 1167 2986 1236; x_wconf 80' lang='lat' dir='ltr'><strong>cymba</strong></span> <span class='ocrx_word' id='word_1_150' title='bbox 3016 1171 3311 1226; x_wconf 70' lang='lat' dir='ltr'><strong>mundana:</strong></span> <span class='ocrx_word' id='word_1_151' title='bbox 3341 1171 3531 1242; x_wconf 90' lang='lat' dir='ltr'><strong>reipu-</strong></span> 
     </span>
    </p>
   </div>
   <div class='ocr_carea' id='block_1_27' title="bbox 1946 1253 3046 1327">
    <p class='ocr_par' dir='ltr' id='par_1_27' title="bbox 1946 1253 3046 1327">
     <span class='ocr_line' id='line_1_27' title="bbox 1946 1253 3046 1327; baseline 0.008 -23"><span class='ocrx_word' id='word_1_152' title='bbox 1946 1253 2103 1307; x_wconf 65' lang='lat' dir='ltr'><strong>blicae</strong></span> <span class='ocrx_word' id='word_1_153' title='bbox 2137 1253 2384 1308; x_wconf 91' lang='lat' dir='ltr'><strong>illidatur</strong></span> <span class='ocrx_word' id='word_1_154' title='bbox 2422 1254 2686 1310; x_wconf 84' lang='lat' dir='ltr'><strong>fluctibus</strong></span> <span class='ocrx_word' id='word_1_155' title='bbox 2709 1257 3046 1327; x_wconf 85' lang='lat' dir='ltr'><strong>iniquitatis.</strong></span> 
     </span>
    </p>
   </div>
   <div class='ocr_carea' id='block_1_28' title="bbox 2595 1367 2878 1424">
    <p class='ocr_par' dir='ltr' id='par_1_28' title="bbox 2595 1367 2878 1424">
     <span class='ocr_line' id='line_1_28' title="bbox 2595 1367 2878 1424; baseline 0 -1"><span class='ocrx_word' id='word_1_156' title='bbox 2595 1367 2745 1424; x_wconf 78' lang='lat' dir='ltr'><strong>CAP.</strong></span> <span class='ocrx_word' id='word_1_157' title='bbox 2789 1368 2878 1424; x_wconf 89' lang='grc' dir='ltr'><strong>ΙΙΙ.</strong></span> 
     </span>
    </p>
   </div>
   <div class='ocr_carea' id='block_1_29' title="bbox 2028 1454 3532 1530">
    <p class='ocr_par' dir='ltr' id='par_1_29' title="bbox 2028 1454 3532 1530">
     <span class='ocr_line' id='line_1_29' title="bbox 2028 1454 3532 1530; baseline 0.011 -23"><span class='ocrx_word' id='word_1_158' title='bbox 2028 1454 2283 1509; x_wconf 89' lang='lat' dir='ltr'><strong>Divinum</strong></span> <span class='ocrx_word' id='word_1_159' title='bbox 2333 1457 2732 1513; x_wconf 86' lang='lat' dir='ltr'><strong>documentum</strong></span> <span class='ocrx_word' id='word_1_160' title='bbox 2780 1469 2837 1514; x_wconf 92' lang='lat' dir='ltr'><strong>et</strong></span> <span class='ocrx_word' id='word_1_161' title='bbox 2888 1462 3262 1530; x_wconf 77' lang='lat' dir='ltr'><strong>potissimum,</strong></span> <span class='ocrx_word' id='word_1_162' title='bbox 3300 1469 3532 1530; x_wconf 79' lang='lat' dir='ltr'><strong>nosno-</strong></span> 
     </span>
    </p>
   </div>
   <div class='ocr_carea' id='block_1_30' title="bbox 1949 1529 3532 1626">
    <p class='ocr_par' dir='ltr' id='par_1_30' title="bbox 1949 1529 3532 1626">
     <span class='ocr_line' id='line_1_30' title="bbox 1949 1529 3532 1626; baseline 0.013 -31"><span class='ocrx_word' id='word_1_163' title='bbox 1949 1543 2146 1610; x_wconf 90' lang='lat' dir='ltr'><strong>mines,</strong></span> <span class='ocrx_word' id='word_1_164' title='bbox 2193 1557 2253 1600; x_wconf 91' lang='lat' dir='ltr'><strong>ut</strong></span> <span class='ocrx_word' id='word_1_165' title='bbox 2296 1557 2593 1617; x_wconf 74' lang='lat' dir='ltr'><strong>cognoscat</strong></span> <span class='ocrx_word' id='word_1_166' title='bbox 2639 1565 2696 1603; x_wconf 89' lang='lat' dir='ltr'><strong>se</strong></span> <span class='ocrx_word' id='word_1_167' title='bbox 2747 1553 3007 1622; x_wconf 78' lang='lat' dir='ltr'><strong>quisque,</strong></span> <span class='ocrx_word' id='word_1_168' title='bbox 3079 1529 3376 1613; x_wconf 46' lang='lat' dir='ltr'><strong>docemur?</strong></span> <span class='ocrx_word' id='word_1_169' title='bbox 3426 1561 3532 1626; x_wconf 79' lang='lat' dir='ltr'><strong>Qui</strong></span> 
     </span>
    </p>
   </div>
   <div class='ocr_carea' id='block_1_31' title="bbox 1947 1636 3555 1711">
    <p class='ocr_par' dir='ltr' id='par_1_31' title="bbox 1947 1636 3555 1711">
     <span class='ocr_line' id='line_1_31' title="bbox 1947 1636 3555 1711; baseline 0.012 -24"><span class='ocrx_word' id='word_1_170' title='bbox 1947 1636 2096 1690; x_wconf 86' lang='lat' dir='ltr'><strong>enim</strong></span> <span class='ocrx_word' id='word_1_171' title='bbox 2139 1638 2385 1707; x_wconf 88' lang='lat' dir='ltr'><strong>seipsum</strong></span> <span class='ocrx_word' id='word_1_172' title='bbox 2440 1641 2718 1708; x_wconf 80' lang='lat' dir='ltr'><strong>cognovit,</strong></span> <span class='ocrx_word' id='word_1_173' title='bbox 2779 1653 3077 1711; x_wconf 80' lang='lat' dir='ltr'><strong>cognoscet</strong></span> <span class='ocrx_word' id='word_1_174' title='bbox 3110 1646 3325 1702; x_wconf 90' lang='lat' dir='ltr'><strong>Deum:</strong></span> <span class='ocrx_word' id='word_1_175' title='bbox 3359 1645 3555 1706; x_wconf 83' lang='lat' dir='ltr'><strong>Deum</strong></span> 
     </span>
    </p>
   </div>
   <div class='ocr_carea' id='block_1_32' title="bbox 1955 1730 3535 1798">
    <p class='ocr_par' dir='ltr' id='par_1_32' title="bbox 1955 1730 3535 1798">
     <span class='ocr_line' id='line_1_32' title="bbox 1955 1730 3535 1798; baseline 0.011 -18"><span class='ocrx_word' id='word_1_176' title='bbox 1955 1741 2088 1780; x_wconf 87' lang='lat' dir='ltr'><strong>vero</strong></span> <span class='ocrx_word' id='word_1_177' title='bbox 2133 1730 2229 1798; x_wconf 91' lang='lat' dir='ltr'><strong>qui</strong></span> <span class='ocrx_word' id='word_1_178' title='bbox 2273 1731 2446 1795; x_wconf 76' lang='lat' dir='ltr'><strong>novit,</strong></span> <span class='ocrx_word' id='word_1_179' title='bbox 2496 1731 2898 1786; x_wconf 86' lang='lat' dir='ltr'><strong>assimilabitur</strong></span> <span class='ocrx_word' id='word_1_180' title='bbox 2937 1733 3050 1788; x_wconf 88' lang='lat' dir='ltr'><strong>Deo</strong></span> <span class='ocrx_word' id='word_1_181' title='bbox 3093 1739 3535 1797; x_wconf 84' lang='lat' dir='ltr'><strong>:assimilabitur</strong></span> 
     </span>
    </p>
   </div>
   <div class='ocr_carea' id='block_1_33' title="bbox 1957 1820 3534 1902">
    <p class='ocr_par' dir='ltr' id='par_1_33' title="bbox 1957 1820 3534 1902">
     <span class='ocr_line' id='line_1_33' title="bbox 1957 1820 3534 1902; baseline 0.011 -30"><span class='ocrx_word' id='word_1_182' title='bbox 1957 1827 2139 1873; x_wconf 89' lang='lat' dir='ltr'><strong>autem</strong></span> <span class='ocrx_word' id='word_1_183' title='bbox 2173 1820 2305 1886; x_wconf 89' lang='lat' dir='ltr'><strong>Deo,</strong></span> <span class='ocrx_word' id='word_1_184' title='bbox 2340 1824 2432 1892; x_wconf 92' lang='lat' dir='ltr'><strong>qui</strong></span> <span class='ocrx_word' id='word_1_185' title='bbox 2467 1823 2668 1894; x_wconf 89' lang='lat' dir='ltr'><strong>dignus</strong></span> <span class='ocrx_word' id='word_1_186' title='bbox 2698 1823 2876 1879; x_wconf 91' lang='lat' dir='ltr'><strong>factus</strong></span> <span class='ocrx_word' id='word_1_187' title='bbox 2906 1826 3020 1881; x_wconf 83' lang='lat' dir='ltr'><strong>Deo</strong></span> <span class='ocrx_word' id='word_1_188' title='bbox 3048 1838 3134 1884; x_wconf 89' lang='lat' dir='ltr'><strong>est</strong></span> <span class='ocrx_word' id='word_1_189' title='bbox 3160 1848 3173 1883; x_wconf 94' lang='lat'><strong>:</strong></span> <span class='ocrx_word' id='word_1_190' title='bbox 3203 1831 3404 1902; x_wconf 87' lang='lat' dir='ltr'><strong>dignus</strong></span> <span class='ocrx_word' id='word_1_191' title='bbox 3433 1835 3534 1888; x_wconf 87' lang='lat' dir='ltr'><strong>de-</strong></span> 
     </span>
    </p>
   </div>
   <div class='ocr_carea' id='block_1_34' title="bbox 253 1895 3534 1996">
    <p class='ocr_par' dir='ltr' id='par_1_34' title="bbox 253 1895 3534 1996">
     <span class='ocr_line' id='line_1_34' title="bbox 253 1895 3534 1996; baseline 0.005 -23"><span class='ocrx_word' id='word_1_192' title='bbox 253 1940 368 1976; x_wconf 87' lang='grc' dir='ltr'>των</span> <span class='ocrx_word' id='word_1_193' title='bbox 398 1895 558 1987; x_wconf 87' lang='grc' dir='ltr'>Θεοῦ,</span> <span class='ocrx_word' id='word_1_194' title='bbox 599 1895 749 1976; x_wconf 81' lang='grc' dir='ltr'>ά).λά</span> <span class='ocrx_word' id='word_1_195' title='bbox 774 1923 987 1994; x_wconf 81' lang='grc' dir='ltr'>φρονῶν</span> <span class='ocrx_word' id='word_1_196' title='bbox 1031 1925 1131 1996; x_wconf 78' lang='grc' dir='ltr'><strong>μὲν</strong></span> <span class='ocrx_word' id='word_1_197' title='bbox 1173 1895 1241 1978; x_wconf 71' lang='grc' dir='ltr'>τά</span> <span class='ocrx_word' id='word_1_198' title='bbox 1287 1895 1473 1990; x_wconf 65' lang='grc' dir='ltr'>αὐτοῦ,</span> <span class='ocrx_word' id='word_1_199' title='bbox 1510 1895 1689 1977; x_wconf 80' lang='grc' dir='ltr'>λαλῶν</span> <span class='ocrx_word' id='word_1_200' title='bbox 1724 1895 1778 1976; x_wconf 84' lang='grc' dir='ltr'><strong>δὲ</strong></span> <span class='ocrx_word' id='word_1_201' title='bbox 1809 1924 1844 1977; x_wconf 79' lang='grc' dir='ltr'><strong>ἀ</strong></span> <span class='ocrx_word' id='word_1_202' title='bbox 1881 1895 1921 1948; x_wconf 72' lang='grc' dir='ltr'><strong>Β</strong></span> <span class='ocrx_word' id='word_1_203' title='bbox 1950 1911 2120 1981; x_wconf 79' lang='grc' dir='ltr'>ηίίιιιθ</span> <span class='ocrx_word' id='word_1_204' title='bbox 2149 1911 2209 1966; x_wconf 64' lang='grc' dir='ltr'><strong>δι</strong></span> <span class='ocrx_word' id='word_1_205' title='bbox 2248 1913 2380 1977; x_wconf 71' lang='grc' dir='ltr'><strong>θεον</strong></span> <span class='ocrx_word' id='word_1_206' title='bbox 2410 1915 2503 1984; x_wconf 72' lang='lat' dir='ltr'><strong>qui</strong></span> <span class='ocrx_word' id='word_1_207' title='bbox 2536 1915 2676 1970; x_wconf 60' lang='lat' dir='ltr'><strong>“ibi.</strong></span> <span class='ocrx_word' id='word_1_208' title='bbox 2707 1916 2992 1987; x_wconf 70' lang='grc' dir='ltr'>ίηάίεηυηι</span> <span class='ocrx_word' id='word_1_209' title='bbox 3022 1929 3208 1989; x_wconf 66' lang='lat' dir='ltr'><strong>Pam&quot;</strong></span> <span class='ocrx_word' id='word_1_210' title='bbox 3237 1895 3350 1978; x_wconf 58' lang='lat'><strong>600</strong></span> <span class='ocrx_word' id='word_1_211' title='bbox 3387 1937 3400 1976; x_wconf 70' lang='grc'><strong>⁵</strong></span> <span class='ocrx_word' id='word_1_212' title='bbox 3438 1925 3534 1979; x_wconf 70' lang='grc' dir='ltr'><strong>8εά</strong></span> 
     </span>
    </p>
   </div>
   <div class='ocr_carea' id='block_1_35' title="bbox 255 2013 1017 2084">
    <p class='ocr_par' dir='ltr' id='par_1_35' title="bbox 255 2013 1017 2084">
     <span class='ocr_line' id='line_1_35' title="bbox 255 2013 1017 2084; baseline 0.004 -18"><span class='ocrx_word' id='word_1_213' title='bbox 255 2016 471 2084; x_wconf 81' lang='grc' dir='ltr'>φρονεῖ,</span> <span class='ocrx_word' id='word_1_214' title='bbox 502 2013 672 2066; x_wconf 83' lang='grc' dir='ltr'>ποιῶν</span> <span class='ocrx_word' id='word_1_215' title='bbox 693 2013 752 2066; x_wconf 76' lang='grc' dir='ltr'><strong>δὲ</strong></span> <span class='ocrx_word' id='word_1_216' title='bbox 784 2014 820 2068; x_wconf 77' lang='grc' dir='ltr'><strong>ἃ</strong></span> <span class='ocrx_word' id='word_1_217' title='bbox 844 2013 1017 2069; x_wconf 72' lang='grc' dir='ltr'>λαλεῖ.</span> 
     </span>
    </p>
   </div>
   <div class='ocr_carea' id='block_1_36' title="bbox 866 2215 1247 2271">
    <p class='ocr_par' dir='ltr' id='par_1_36' title="bbox 866 2215 1247 2271">
     <span class='ocr_line' id='line_1_36' title="bbox 866 2215 1247 2271; baseline -0.01 0"><span class='ocrx_word' id='word_1_218' title='bbox 866 2216 1119 2271; x_wconf 79' lang='grc' dir='ltr'><strong>ΚΕΦΑΛ.</strong></span> <span class='ocrx_word' id='word_1_219' title='bbox 1172 2215 1247 2268; x_wconf 85' lang='grc' dir='ltr'><strong>Δ’.</strong></span> 
     </span>
    </p>
   </div>
   <div class='ocr_carea' id='block_1_37' title="bbox 345 2308 1848 2380">
    <p class='ocr_par' dir='ltr' id='par_1_37' title="bbox 345 2308 1848 2380">
     <span class='ocr_line' id='line_1_37' title="bbox 345 2308 1848 2380; baseline 0.001 -20"><span class='ocrx_word' id='word_1_220' title='bbox 345 2308 471 2361; x_wconf 81' lang='grc' dir='ltr'><strong>Ἐπὶ</strong></span> <span class='ocrx_word' id='word_1_221' title='bbox 502 2309 782 2379; x_wconf 86' lang='grc' dir='ltr'>προγόνων</span> <span class='ocrx_word' id='word_1_222' title='bbox 805 2311 1057 2380; x_wconf 75' lang='grc' dir='ltr'><strong>εὐγενείᾳ</strong></span> <span class='ocrx_word' id='word_1_223' title='bbox 1090 2311 1278 2380; x_wconf 77' lang='grc' dir='ltr'><strong>μηδεὶς</strong></span> <span class='ocrx_word' id='word_1_224' title='bbox 1301 2308 1684 2379; x_wconf 78' lang='grc' dir='ltr'>ὲναὸρυνέσθω</span> <span class='ocrx_word' id='word_1_225' title='bbox 1703 2325 1717 2339; x_wconf 74' lang='grc' dir='ltr'><strong>ο</strong></span> <span class='ocrx_word' id='word_1_226' title='bbox 1743 2327 1848 2379; x_wconf 64' lang='lat'><strong>7:1}-</strong></span> 
     </span>
    </p>
   </div>
   <div class='ocr_carea' id='block_1_38' title="bbox 257 2400 1848 2472">
    <p class='ocr_par' dir='ltr' id='par_1_38' title="bbox 257 2400 1848 2472">
     <span class='ocr_line' id='line_1_38' title="bbox 257 2400 1848 2472; baseline 0.001 -19"><span class='ocrx_word' id='word_1_227' title='bbox 257 2400 354 2453; x_wconf 72' lang='grc' dir='ltr'>λδν</span> <span class='ocrx_word' id='word_1_228' title='bbox 385 2402 494 2472; x_wconf 82' lang='grc' dir='ltr'>γὰρ</span> <span class='ocrx_word' id='word_1_229' title='bbox 521 2402 708 2471; x_wconf 73' lang='grc' dir='ltr'>έχουσι</span> <span class='ocrx_word' id='word_1_230' title='bbox 757 2403 959 2466; x_wconf 81' lang='grc' dir='ltr'>πάντες</span> <span class='ocrx_word' id='word_1_231' title='bbox 1006 2402 1100 2455; x_wconf 87' lang='grc' dir='ltr'><strong>τοῦ</strong></span> <span class='ocrx_word' id='word_1_232' title='bbox 1141 2402 1331 2470; x_wconf 84' lang='grc' dir='ltr'>γένους</span> <span class='ocrx_word' id='word_1_233' title='bbox 1377 2403 1722 2472; x_wconf 79' lang='grc' dir='ltr'><strong>προπάτορα,</strong></span> <span class='ocrx_word' id='word_1_234' title='bbox 1754 2404 1848 2455; x_wconf 78' lang='grc' dir='ltr'><strong>καὶ</strong></span> 
     </span>
    </p>
   </div>
   <div class='ocr_carea' id='block_1_39' title="bbox 257 2492 1844 2565">
    <p class='ocr_par' dir='ltr' id='par_1_39' title="bbox 257 2492 1844 2565">
     <span class='ocr_line' id='line_1_39' title="bbox 257 2492 1844 2565; baseline 0.001 -18"><span class='ocrx_word' id='word_1_235' title='bbox 257 2496 312 2547; x_wconf 74' lang='lat' dir='ltr'><strong>oi</strong></span> <span class='ocrx_word' id='word_1_236' title='bbox 332 2495 394 2546; x_wconf 81' lang='grc' dir='ltr'><strong>ἐν</strong></span> <span class='ocrx_word' id='word_1_237' title='bbox 420 2495 681 2564; x_wconf 76' lang='grc' dir='ltr'>πορφύρα</span> <span class='ocrx_word' id='word_1_238' title='bbox 705 2496 801 2547; x_wconf 70' lang='grc' dir='ltr'><strong>καὶ</strong></span> <span class='ocrx_word' id='word_1_239' title='bbox 830 2493 1014 2565; x_wconf 84' lang='grc' dir='ltr'>βύσσῳ</span> <span class='ocrx_word' id='word_1_240' title='bbox 1049 2492 1419 2564; x_wconf 83' lang='grc' dir='ltr'><strong>καυχώμενοι,</strong></span> <span class='ocrx_word' id='word_1_241' title='bbox 1458 2495 1552 2548; x_wconf 70' lang='grc' dir='ltr'><strong>καὶ</strong></span> <span class='ocrx_word' id='word_1_242' title='bbox 1584 2497 1633 2547; x_wconf 87' lang='grc' dir='ltr'>οἱ</span> <span class='ocrx_word' id='word_1_243' title='bbox 1659 2497 1716 2548; x_wconf 85' lang='grc' dir='ltr'>ὲν</span> <span class='ocrx_word' id='word_1_244' title='bbox 1745 2512 1844 2548; x_wconf 89' lang='grc' dir='ltr'>πε-</span> 
     </span>
    </p>
   </div>
   <div class='ocr_carea' id='block_1_40' title="bbox 260 2587 1849 2659">
    <p class='ocr_par' dir='ltr' id='par_1_40' title="bbox 260 2587 1849 2659">
     <span class='ocr_line' id='line_1_40' title="bbox 260 2587 1849 2659; baseline 0.001 -20"><span class='ocrx_word' id='word_1_245' title='bbox 260 2587 356 2657; x_wconf 79' lang='grc' dir='ltr'><strong>νίᾳ</strong></span> <span class='ocrx_word' id='word_1_246' title='bbox 386 2591 482 2640; x_wconf 69' lang='grc' dir='ltr'>καὶ</span> <span class='ocrx_word' id='word_1_247' title='bbox 504 2589 644 2658; x_wconf 82' lang='grc' dir='ltr'>νόσῳ</span> <span class='ocrx_word' id='word_1_248' title='bbox 671 2589 996 2659; x_wconf 81' lang='grc' dir='ltr'>τρυχόμενοι</span> <span class='ocrx_word' id='word_1_249' title='bbox 1029 2589 1128 2658; x_wconf 88' lang='grc'><strong>(8),</strong></span> <span class='ocrx_word' id='word_1_250' title='bbox 1157 2589 1249 2640; x_wconf 73' lang='grc' dir='ltr'>καὶ</span> <span class='ocrx_word' id='word_1_251' title='bbox 1282 2591 1328 2641; x_wconf 79' lang='grc' dir='ltr'>οἱ</span> <span class='ocrx_word' id='word_1_252' title='bbox 1359 2588 1667 2658; x_wconf 83' lang='grc' dir='ltr'><strong>διαδήματα</strong></span> <span class='ocrx_word' id='word_1_253' title='bbox 1692 2605 1849 2657; x_wconf 85' lang='grc' dir='ltr'>περι-</span> 
     </span>
    </p>
   </div>
   <div class='ocr_carea' id='block_1_41' title="bbox 260 2678 1851 2750">
    <p class='ocr_par' dir='ltr' id='par_1_41' title="bbox 260 2678 1851 2750">
     <span class='ocr_line' id='line_1_41' title="bbox 260 2678 1851 2750; baseline -0.001 -17"><span class='ocrx_word' id='word_1_254' title='bbox 260 2682 534 2748; x_wconf 81' lang='grc' dir='ltr'>κείμενοι,</span> <span class='ocrx_word' id='word_1_255' title='bbox 565 2680 662 2732; x_wconf 79' lang='grc' dir='ltr'><strong>καὶ</strong></span> <span class='ocrx_word' id='word_1_256' title='bbox 709 2681 759 2731; x_wconf 82' lang='grc' dir='ltr'>οἱ</span> <span class='ocrx_word' id='word_1_257' title='bbox 808 2679 898 2732; x_wconf 70' lang='grc' dir='ltr'><strong>διὰ</strong></span> <span class='ocrx_word' id='word_1_258' title='bbox 949 2679 1160 2747; x_wconf 79' lang='grc' dir='ltr'><strong>δόματα</strong></span> <span class='ocrx_word' id='word_1_259' title='bbox 1201 2680 1279 2748; x_wconf 82' lang='lat'><strong>(9)</strong></span> <span class='ocrx_word' id='word_1_260' title='bbox 1332 2681 1722 2748; x_wconf 85' lang='grc' dir='ltr'>προκείμενοι.</span> <span class='ocrx_word' id='word_1_261' title='bbox 1757 2678 1851 2750; x_wconf 79' lang='grc' dir='ltr'><strong>Μὴ</strong></span> 
     </span>
    </p>
   </div>
   <div class='ocr_carea' id='block_1_42' title="bbox 260 2768 1852 2838">
    <p class='ocr_par' dir='ltr' id='par_1_42' title="bbox 260 2768 1852 2838">
     <span class='ocr_line' id='line_1_42' title="bbox 260 2768 1852 2838; baseline -0.001 -14"><span class='ocrx_word' id='word_1_262' title='bbox 260 2772 448 2824; x_wconf 76' lang='grc' dir='ltr'>τοίνυν</span> <span class='ocrx_word' id='word_1_263' title='bbox 500 2772 582 2833; x_wconf 82' lang='grc' dir='ltr'>εἰς</span> <span class='ocrx_word' id='word_1_264' title='bbox 630 2770 857 2838; x_wconf 83' lang='grc' dir='ltr'>πήλινον</span> <span class='ocrx_word' id='word_1_265' title='bbox 905 2768 1309 2838; x_wconf 79' lang='grc' dir='ltr'>ὲγκαυχώμεθα</span> <span class='ocrx_word' id='word_1_266' title='bbox 1356 2769 1548 2837; x_wconf 78' lang='grc' dir='ltr'>γένος,</span> <span class='ocrx_word' id='word_1_267' title='bbox 1596 2770 1718 2826; x_wconf 81' lang='grc' dir='ltr'>ἀλλ’,</span> <span class='ocrx_word' id='word_1_268' title='bbox 1757 2771 1852 2822; x_wconf 70' lang='grc' dir='ltr'><strong>ἐπὶ</strong></span> 
     </span>
    </p>
   </div>
   <div class='ocr_carea' id='block_1_43' title="bbox 263 2859 1297 2936">
    <p class='ocr_par' dir='ltr' id='par_1_43' title="bbox 263 2859 1297 2936">
     <span class='ocr_line' id='line_1_43' title="bbox 263 2859 1297 2936; baseline -0.002 -20"><span class='ocrx_word' id='word_1_269' title='bbox 263 2863 599 2936; x_wconf 82' lang='grc' dir='ltr'><strong>χρηστότητι</strong></span> <span class='ocrx_word' id='word_1_270' title='bbox 630 2859 1026 2930; x_wconf 81' lang='grc' dir='ltr'>σεμνυνὼμεοα</span> <span class='ocrx_word' id='word_1_271' title='bbox 1057 2861 1297 2929; x_wconf 84' lang='grc' dir='ltr'>τρόπων.</span> 
     </span>
    </p>
   </div>
   <div class='ocr_carea' id='block_1_44' title="bbox 861 2974 1232 3028">
    <p class='ocr_par' dir='ltr' id='par_1_44' title="bbox 861 2974 1232 3028">
     <span class='ocr_line' id='line_1_44' title="bbox 861 2974 1232 3028; baseline 0 0"><span class='ocrx_word' id='word_1_272' title='bbox 861 2975 1112 3028; x_wconf 72' lang='grc' dir='ltr'><strong>ΚΕΦΑΛ.</strong></span> <span class='ocrx_word' id='word_1_273' title='bbox 1155 2974 1232 3028; x_wconf 84' lang='lat' dir='ltr'><strong>E&#39;.</strong></span> 
     </span>
    </p>
   </div>
   <div class='ocr_carea' id='block_1_45' title="bbox 342 3059 1852 3139">
    <p class='ocr_par' dir='ltr' id='par_1_45' title="bbox 342 3059 1852 3139">
     <span class='ocr_line' id='line_1_45' title="bbox 342 3059 1852 3139; baseline -0.001 -18"><span class='ocrx_word' id='word_1_274' title='bbox 342 3068 506 3131; x_wconf 81' lang='grc' dir='ltr'>Ἰσθι,</span> <span class='ocrx_word' id='word_1_275' title='bbox 538 3059 584 3120; x_wconf 80' lang='grc' dir='ltr'><strong>ὦ</strong></span> <span class='ocrx_word' id='word_1_276' title='bbox 633 3067 918 3129; x_wconf 75' lang='grc' dir='ltr'>εὐσεϐείας</span> <span class='ocrx_word' id='word_1_277' title='bbox 959 3064 1286 3130; x_wconf 63' lang='grc' dir='ltr'>θεότευκτον,</span> <span class='ocrx_word' id='word_1_278' title='bbox 1325 3065 1570 3136; x_wconf 76' lang='grc' dir='ltr'>ἄγαλμα,</span> <span class='ocrx_word' id='word_1_279' title='bbox 1603 3066 1686 3119; x_wconf 83' lang='grc' dir='ltr'><strong>ὅτι</strong></span> <span class='ocrx_word' id='word_1_280' title='bbox 1741 3068 1852 3139; x_wconf 83' lang='grc' dir='ltr'><strong>ὅσῳ</strong></span> 
     </span>
    </p>
   </div>
   <div class='ocr_carea' id='block_1_46' title="bbox 269 3159 1851 3231">
    <p class='ocr_par' dir='ltr' id='par_1_46' title="bbox 269 3159 1851 3231">
     <span class='ocr_line' id='line_1_46' title="bbox 269 3159 1851 3231; baseline 0 -19"><span class='ocrx_word' id='word_1_281' title='bbox 269 3160 526 3231; x_wconf 88' lang='grc' dir='ltr'>μεγάλων</span> <span class='ocrx_word' id='word_1_282' title='bbox 556 3159 804 3230; x_wconf 75' lang='grc' dir='ltr'><strong>ὴξιὼθης</strong></span> <span class='ocrx_word' id='word_1_283' title='bbox 835 3160 989 3229; x_wconf 88' lang='grc' dir='ltr'>παρά</span> <span class='ocrx_word' id='word_1_284' title='bbox 1013 3159 1152 3213; x_wconf 83' lang='grc' dir='ltr'>Θεοῦ</span> <span class='ocrx_word' id='word_1_285' title='bbox 1177 3159 1421 3230; x_wconf 85' lang='grc' dir='ltr'><strong>δωρεῶν,</strong></span> <span class='ocrx_word' id='word_1_286' title='bbox 1452 3161 1695 3229; x_wconf 85' lang='grc' dir='ltr'>τοσούτῳ</span> <span class='ocrx_word' id='word_1_287' title='bbox 1734 3161 1851 3231; x_wconf 66' lang='grc' dir='ltr'>μείς</span> 
     </span>
    </p>
   </div>
   <div class='ocr_carea' id='block_1_47' title="bbox 1944 2005 3536 2087">
    <p class='ocr_par' dir='ltr' id='par_1_47' title="bbox 1944 2005 3536 2087">
     <span class='ocr_line' id='line_1_47' title="bbox 1944 2005 3536 2087; baseline 0.011 -31"><span class='ocrx_word' id='word_1_288' title='bbox 1944 2005 2042 2074; x_wconf 90' lang='lat' dir='ltr'><strong>qui</strong></span> <span class='ocrx_word' id='word_1_289' title='bbox 2086 2013 2148 2058; x_wconf 92' lang='lat' dir='ltr'><strong>ut</strong></span> <span class='ocrx_word' id='word_1_290' title='bbox 2192 2006 2398 2074; x_wconf 77' lang='lat' dir='ltr'><strong>cogitat</strong></span> <span class='ocrx_word' id='word_1_291' title='bbox 2442 2022 2565 2075; x_wconf 69' lang='lat' dir='ltr'><strong>quae</strong></span> <span class='ocrx_word' id='word_1_292' title='bbox 2603 2008 2781 2076; x_wconf 91' lang='lat' dir='ltr'><strong>ipsius</strong></span> <span class='ocrx_word' id='word_1_293' title='bbox 2823 2020 2976 2074; x_wconf 77' lang='lat' dir='ltr'><strong>sunt,</strong></span> <span class='ocrx_word' id='word_1_294' title='bbox 3027 2014 3105 2066; x_wconf 92' lang='lat' dir='ltr'><strong>ita</strong></span> <span class='ocrx_word' id='word_1_295' title='bbox 3142 2024 3252 2069; x_wconf 88' lang='lat' dir='ltr'><strong>tam</strong></span> <span class='ocrx_word' id='word_1_296' title='bbox 3286 2017 3536 2087; x_wconf 88' lang='lat' dir='ltr'><strong>loquitur</strong></span> 
     </span>
    </p>
   </div>
   <div class='ocr_carea' id='block_1_48' title="bbox 1945 2099 3107 2178">
    <p class='ocr_par' dir='ltr' id='par_1_48' title="bbox 1945 2099 3107 2178">
     <span class='ocr_line' id='line_1_48' title="bbox 1945 2099 3107 2178; baseline 0.01 -29"><span class='ocrx_word' id='word_1_297' title='bbox 1945 2112 2070 2167; x_wconf 70' lang='lat' dir='ltr'><strong>qua:</strong></span> <span class='ocrx_word' id='word_1_298' title='bbox 2095 2099 2322 2168; x_wconf 79' lang='lat' dir='ltr'><strong>cogitat,</strong></span> <span class='ocrx_word' id='word_1_299' title='bbox 2347 2115 2511 2168; x_wconf 90' lang='lat' dir='ltr'><strong>quam</strong></span> <span class='ocrx_word' id='word_1_300' title='bbox 2538 2100 2668 2156; x_wconf 81' lang='lat' dir='ltr'><strong>facit</strong></span> <span class='ocrx_word' id='word_1_301' title='bbox 2689 2118 2813 2172; x_wconf 75' lang='lat' dir='ltr'><strong>qua:</strong></span> <span class='ocrx_word' id='word_1_302' title='bbox 2839 2103 3107 2178; x_wconf 84' lang='lat' dir='ltr'><strong>loquitur.</strong></span> 
     </span>
    </p>
   </div>
   <div class='ocr_carea' id='block_1_49' title="bbox 2601 2214 2880 2273">
    <p class='ocr_par' dir='ltr' id='par_1_49' title="bbox 2601 2214 2880 2273">
     <span class='ocr_line' id='line_1_49' title="bbox 2601 2214 2880 2273; baseline 0.011 -3"><span class='ocrx_word' id='word_1_303' title='bbox 2601 2214 2756 2271; x_wconf 76' lang='lat' dir='ltr'><strong>CAP.</strong></span> <span class='ocrx_word' id='word_1_304' title='bbox 2792 2217 2880 2273; x_wconf 80' lang='lat' dir='ltr'><strong>IV:</strong></span> 
     </span>
    </p>
   </div>
   <div class='ocr_carea' id='block_1_50' title="bbox 2020 2303 3538 2384">
    <p class='ocr_par' dir='ltr' id='par_1_50' title="bbox 2020 2303 3538 2384">
     <span class='ocr_line' id='line_1_50' title="bbox 2020 2303 3538 2384; baseline 0.009 -26"><span class='ocrx_word' id='word_1_305' title='bbox 2020 2303 2288 2376; x_wconf 76' lang='lat' dir='ltr'><strong>Majorum</strong></span> <span class='ocrx_word' id='word_1_306' title='bbox 2340 2306 2634 2362; x_wconf 83' lang='lat' dir='ltr'><strong>nobilitate</strong></span> <span class='ocrx_word' id='word_1_307' title='bbox 2674 2325 2754 2363; x_wconf 81' lang='lat' dir='ltr'><strong>ne</strong></span> <span class='ocrx_word' id='word_1_308' title='bbox 2798 2311 2928 2380; x_wconf 91' lang='lat' dir='ltr'><strong>quis</strong></span> <span class='ocrx_word' id='word_1_309' title='bbox 2971 2327 3032 2368; x_wconf 88' lang='lat' dir='ltr'><strong>se</strong></span> <span class='ocrx_word' id='word_1_310' title='bbox 3067 2314 3242 2384; x_wconf 85' lang='lat' dir='ltr'><strong>jactet</strong></span> <span class='ocrx_word' id='word_1_311' title='bbox 3281 2333 3294 2368; x_wconf 89' lang='lat'><strong>:</strong></span> <span class='ocrx_word' id='word_1_312' title='bbox 3349 2315 3538 2372; x_wconf 89' lang='lat' dir='ltr'><strong>limum</strong></span> 
     </span>
    </p>
   </div>
   <div class='ocr_carea' id='block_1_51' title="bbox 1948 2393 3540 2476">
    <p class='ocr_par' dir='ltr' id='par_1_51' title="bbox 1948 2393 3540 2476">
     <span class='ocr_line' id='line_1_51' title="bbox 1948 2393 3540 2476; baseline 0.009 -29"><span class='ocrx_word' id='word_1_313' title='bbox 1948 2393 2096 2448; x_wconf 91' lang='lat' dir='ltr'><strong>enim</strong></span> <span class='ocrx_word' id='word_1_314' title='bbox 2139 2394 2347 2450; x_wconf 85' lang='lat' dir='ltr'><strong>habent</strong></span> <span class='ocrx_word' id='word_1_315' title='bbox 2381 2412 2576 2452; x_wconf 90' lang='lat' dir='ltr'><strong>omnes</strong></span> <span class='ocrx_word' id='word_1_316' title='bbox 2600 2399 2823 2468; x_wconf 79' lang='lat' dir='ltr'><strong>generis</strong></span> <span class='ocrx_word' id='word_1_317' title='bbox 2850 2411 3158 2471; x_wconf 83' lang='lat' dir='ltr'><strong>auctorem,</strong></span> <span class='ocrx_word' id='word_1_318' title='bbox 3187 2413 3245 2458; x_wconf 90' lang='lat' dir='ltr'><strong>et</strong></span> <span class='ocrx_word' id='word_1_319' title='bbox 3278 2407 3373 2475; x_wconf 89' lang='lat' dir='ltr'><strong>qui</strong></span> <span class='ocrx_word' id='word_1_320' title='bbox 3407 2422 3540 2476; x_wconf 80' lang='lat' dir='ltr'><strong>pur-</strong></span> 
     </span>
    </p>
   </div>
   <div class='ocr_carea' id='block_1_52' title="bbox 1949 2487 3542 2567">
    <p class='ocr_par' dir='ltr' id='par_1_52' title="bbox 1949 2487 3542 2567">
     <span class='ocr_line' id='line_1_52' title="bbox 1949 2487 3542 2567; baseline 0.011 -28"><span class='ocrx_word' id='word_1_321' title='bbox 1949 2502 2090 2556; x_wconf 89' lang='lat' dir='ltr'><strong>pura</strong></span> <span class='ocrx_word' id='word_1_322' title='bbox 2134 2487 2410 2558; x_wconf 84' lang='lat' dir='ltr'><strong>byssoque</strong></span> <span class='ocrx_word' id='word_1_323' title='bbox 2464 2498 2707 2562; x_wconf 91' lang='lat' dir='ltr'><strong>turgent,</strong></span> <span class='ocrx_word' id='word_1_324' title='bbox 2756 2502 2814 2548; x_wconf 91' lang='lat' dir='ltr'><strong>et</strong></span> <span class='ocrx_word' id='word_1_325' title='bbox 2854 2494 2952 2564; x_wconf 91' lang='lat' dir='ltr'><strong>qui</strong></span> <span class='ocrx_word' id='word_1_326' title='bbox 2995 2507 3323 2567; x_wconf 78' lang='lat' dir='ltr'><strong>paupertate</strong></span> <span class='ocrx_word' id='word_1_327' title='bbox 3351 2509 3408 2556; x_wconf 84' lang='lat' dir='ltr'><strong>et</strong></span> <span class='ocrx_word' id='word_1_328' title='bbox 3439 2501 3542 2557; x_wconf 86' lang='lat' dir='ltr'><strong>ad-</strong></span> 
     </span>
    </p>
   </div>
   <div class='ocr_carea' id='block_1_53' title="bbox 1950 2579 3541 2658">
    <p class='ocr_par' dir='ltr' id='par_1_53' title="bbox 1950 2579 3541 2658">
     <span class='ocr_line' id='line_1_53' title="bbox 1950 2579 3541 2658; baseline 0.013 -29"><span class='ocrx_word' id='word_1_329' title='bbox 1950 2593 2110 2632; x_wconf 90' lang='lat' dir='ltr'><strong>versa</strong></span> <span class='ocrx_word' id='word_1_330' title='bbox 2154 2579 2472 2636; x_wconf 87' lang='lat' dir='ltr'><strong>valetudine</strong></span> <span class='ocrx_word' id='word_1_331' title='bbox 2530 2581 2869 2653; x_wconf 78' lang='lat' dir='ltr'><strong>afﬂiguntur,</strong></span> <span class='ocrx_word' id='word_1_332' title='bbox 2933 2593 3045 2640; x_wconf 89' lang='lat' dir='ltr'><strong>tam</strong></span> <span class='ocrx_word' id='word_1_333' title='bbox 3085 2589 3181 2658; x_wconf 86' lang='lat' dir='ltr'><strong>qui</strong></span> <span class='ocrx_word' id='word_1_334' title='bbox 3223 2588 3541 2649; x_wconf 83' lang='lat' dir='ltr'><strong>diademate</strong></span> 
     </span>
    </p>
   </div>
   <div class='ocr_carea' id='block_1_54' title="bbox 1952 2668 3544 2753">
    <p class='ocr_par' dir='ltr' id='par_1_54' title="bbox 1952 2668 3544 2753">
     <span class='ocr_line' id='line_1_54' title="bbox 1952 2668 3544 2753; baseline 0.013 -32"><span class='ocrx_word' id='word_1_335' title='bbox 1952 2668 2197 2723; x_wconf 86' lang='lat' dir='ltr'><strong>redimiti</strong></span> <span class='ocrx_word' id='word_1_336' title='bbox 2261 2680 2410 2738; x_wconf 87' lang='lat' dir='ltr'><strong>sunt,</strong></span> <span class='ocrx_word' id='word_1_337' title='bbox 2460 2689 2628 2743; x_wconf 89' lang='lat' dir='ltr'><strong>quam</strong></span> <span class='ocrx_word' id='word_1_338' title='bbox 2671 2676 2768 2745; x_wconf 89' lang='lat' dir='ltr'><strong>qui</strong></span> <span class='ocrx_word' id='word_1_339' title='bbox 2819 2678 3236 2737; x_wconf 65' lang='lat' dir='ltr'><strong>emendicanda</strong></span> <span class='ocrx_word' id='word_1_340' title='bbox 3292 2685 3544 2753; x_wconf 68' lang='lat' dir='ltr'><strong>pecunias</strong></span> 
     </span>
    </p>
   </div>
   <div class='ocr_carea' id='block_1_55' title="bbox 1953 2765 3544 2846">
    <p class='ocr_par' dir='ltr' id='par_1_55' title="bbox 1953 2765 3544 2846">
     <span class='ocr_line' id='line_1_55' title="bbox 1953 2765 3544 2846; baseline 0.013 -35"><span class='ocrx_word' id='word_1_341' title='bbox 1953 2773 2118 2813; x_wconf 88' lang='lat' dir='ltr'><strong>causa</strong></span> <span class='ocrx_word' id='word_1_342' title='bbox 2157 2768 2610 2829; x_wconf 88' lang='lat' dir='ltr'><strong>prosternuntur.</strong></span> <span class='ocrx_word' id='word_1_343' title='bbox 2650 2765 2732 2820; x_wconf 85' lang='lat' dir='ltr'><strong>Ne</strong></span> <span class='ocrx_word' id='word_1_344' title='bbox 2776 2766 2948 2837; x_wconf 89' lang='lat' dir='ltr'><strong>igitur</strong></span> <span class='ocrx_word' id='word_1_345' title='bbox 2988 2768 3328 2827; x_wconf 86' lang='lat' dir='ltr'><strong>lutulentum</strong></span> <span class='ocrx_word' id='word_1_346' title='bbox 3364 2775 3544 2846; x_wconf 85' lang='lat' dir='ltr'><strong>jacte-</strong></span> 
     </span>
    </p>
   </div>
   <div class='ocr_carea' id='block_1_56' title="bbox 1953 2855 3385 2933">
    <p class='ocr_par' dir='ltr' id='par_1_56' title="bbox 1953 2855 3385 2933">
     <span class='ocr_line' id='line_1_56' title="bbox 1953 2855 3385 2933; baseline 0.013 -29"><span class='ocrx_word' id='word_1_347' title='bbox 1953 2865 2078 2906; x_wconf 85' lang='lat' dir='ltr'><strong>mus</strong></span> <span class='ocrx_word' id='word_1_348' title='bbox 2107 2867 2301 2922; x_wconf 90' lang='lat' dir='ltr'><strong>genus,</strong></span> <span class='ocrx_word' id='word_1_349' title='bbox 2325 2855 2422 2909; x_wconf 89' lang='lat' dir='ltr'><strong>sed</strong></span> <span class='ocrx_word' id='word_1_350' title='bbox 2457 2872 2678 2912; x_wconf 89' lang='lat' dir='ltr'><strong>morum</strong></span> <span class='ocrx_word' id='word_1_351' title='bbox 2708 2859 3030 2931; x_wconf 80' lang='lat' dir='ltr'><strong>integritate</strong></span> <span class='ocrx_word' id='word_1_352' title='bbox 3055 2863 3385 2933; x_wconf 85' lang='lat' dir='ltr'><strong>gloriemur.</strong></span> 
     </span>
    </p>
   </div>
   <div class='ocr_carea' id='block_1_57' title="bbox 2024 2967 3567 3140">
    <p class='ocr_par' dir='ltr' id='par_1_57' title="bbox 2024 2967 3567 3140">
     <span class='ocr_line' id='line_1_57' title="bbox 2024 2967 3567 3140; baseline 0.013 -29"><span class='ocrx_word' id='word_1_353' title='bbox 2024 3055 2197 3121; x_wconf 91' lang='lat' dir='ltr'><strong>Scito,</strong></span> <span class='ocrx_word' id='word_1_354' title='bbox 2229 3072 2264 3112; x_wconf 90' lang='grc' dir='ltr'><strong>ο</strong></span> <span class='ocrx_word' id='word_1_355' title='bbox 2311 3057 2534 3128; x_wconf 87' lang='lat' dir='ltr'><strong>pietatis</strong></span> <span class='ocrx_word' id='word_1_356' title='bbox 2571 2967 3205 3122; x_wconf 39' lang='lat' dir='ltr'><strong>dgﬁslu‘shfabricatum</strong></span> <span class='ocrx_word' id='word_1_357' title='bbox 3234 3071 3567 3140; x_wconf 53' lang='lat' dir='ltr'><strong>specimen,</strong></span> 
     </span>
    </p>
   </div>
   <div class='ocr_carea' id='block_1_58' title="bbox 1955 3149 3544 3228">
    <p class='ocr_par' dir='ltr' id='par_1_58' title="bbox 1955 3149 3544 3228">
     <span class='ocr_line' id='line_1_58' title="bbox 1955 3149 3544 3228; baseline 0.011 -27"><span class='ocrx_word' id='word_1_358' title='bbox 1955 3149 2084 3218; x_wconf 86' lang='lat' dir='ltr'><strong>quia</strong></span> <span class='ocrx_word' id='word_1_359' title='bbox 2126 3159 2336 3218; x_wconf 90' lang='lat' dir='ltr'><strong>quanto</strong></span> <span class='ocrx_word' id='word_1_360' title='bbox 2383 3150 2689 3221; x_wconf 88' lang='lat' dir='ltr'><strong>majoribus</strong></span> <span class='ocrx_word' id='word_1_361' title='bbox 2745 3153 2949 3224; x_wconf 89' lang='lat' dir='ltr'><strong>dignus</strong></span> <span class='ocrx_word' id='word_1_362' title='bbox 3005 3156 3230 3215; x_wconf 89' lang='lat' dir='ltr'><strong>habitus</strong></span> <span class='ocrx_word' id='word_1_363' title='bbox 3291 3177 3374 3228; x_wconf 90' lang='lat' dir='ltr'><strong>es,</strong></span> <span class='ocrx_word' id='word_1_364' title='bbox 3444 3165 3544 3218; x_wconf 85' lang='lat' dir='ltr'><strong>tri-</strong></span> 
     </span>
    </p>
   </div>
   <div class='ocr_carea' id='block_1_59' title="bbox 266 3233 1847 3324">
    <p class='ocr_par' dir='ltr' id='par_1_59' title="bbox 266 3252 1847 3323">
     <span class='ocr_line' id='line_1_59' title="bbox 266 3252 1847 3323; baseline -0.001 -17"><span class='ocrx_word' id='word_1_365' title='bbox 266 3255 424 3319; x_wconf 72' lang='grc' dir='ltr'>ζονος</span> <span class='ocrx_word' id='word_1_366' title='bbox 481 3252 718 3322; x_wconf 75' lang='grc' dir='ltr'>ἀμοιϐῆς</span> <span class='ocrx_word' id='word_1_367' title='bbox 758 3252 1045 3321; x_wconf 75' lang='grc' dir='ltr'><strong>ὀφειλέτης</strong></span> <span class='ocrx_word' id='word_1_368' title='bbox 1106 3253 1374 3322; x_wconf 82' lang='grc' dir='ltr'><strong>ὑπάρχεις</strong></span> <span class='ocrx_word' id='word_1_369' title='bbox 1434 3252 1603 3323; x_wconf 85' lang='grc' dir='ltr'>αύτῷ.</span> <span class='ocrx_word' id='word_1_370' title='bbox 1638 3253 1847 3306; x_wconf 81' lang='grc' dir='ltr'>Οὐκοῦν</span> 
     </span>
    </p>
   </div>
   <div class='ocr_carea' id='block_1_60' title="bbox 1949 3233 3544 3324">
    <p class='ocr_par' dir='ltr' id='par_1_60' title="bbox 1958 3239 3544 3324">
     <span class='ocr_line' id='line_1_60' title="bbox 1958 3239 3544 3324; baseline 0.012 -32"><span class='ocrx_word' id='word_1_371' title='bbox 1958 3239 2162 3295; x_wconf 90' lang='lat' dir='ltr'><strong>buente</strong></span> <span class='ocrx_word' id='word_1_372' title='bbox 2204 3241 2336 3308; x_wconf 87' lang='lat' dir='ltr'><strong>Deo,</strong></span> <span class='ocrx_word' id='word_1_373' title='bbox 2383 3243 2731 3308; x_wconf 88' lang='lat' dir='ltr'><strong>muneribus,</strong></span> <span class='ocrx_word' id='word_1_374' title='bbox 2778 3252 2932 3301; x_wconf 88' lang='lat' dir='ltr'><strong>tanto</strong></span> <span class='ocrx_word' id='word_1_375' title='bbox 2975 3249 3216 3319; x_wconf 85' lang='lat' dir='ltr'><strong>majores</strong></span> <span class='ocrx_word' id='word_1_376' title='bbox 3245 3251 3297 3307; x_wconf 89' lang='lat' dir='ltr'><strong>ei</strong></span> <span class='ocrx_word' id='word_1_377' title='bbox 3338 3255 3544 3324; x_wconf 85' lang='lat' dir='ltr'><strong>gratias</strong></span> 
     </span>
    </p>
   </div>
   <div class='ocr_carea' id='block_1_61' title="bbox 267 3345 1853 3418">
    <p class='ocr_par' dir='ltr' id='par_1_61' title="bbox 267 3345 1853 3418">
     <span class='ocr_line' id='line_1_61' title="bbox 267 3345 1853 3418; baseline -0.001 -18"><span class='ocrx_word' id='word_1_378' title='bbox 267 3347 470 3408; x_wconf 87' lang='grc' dir='ltr'>ἀπόδος</span> <span class='ocrx_word' id='word_1_379' title='bbox 509 3345 587 3414; x_wconf 82' lang='grc' dir='ltr'><strong>τῷ</strong></span> <span class='ocrx_word' id='word_1_380' title='bbox 628 3345 892 3415; x_wconf 73' lang='grc' dir='ltr'><strong>εὐεργέτῃ</strong></span> <span class='ocrx_word' id='word_1_381' title='bbox 939 3345 1002 3397; x_wconf 75' lang='grc' dir='ltr'><strong>τὸ</strong></span> <span class='ocrx_word' id='word_1_382' title='bbox 1031 3345 1194 3414; x_wconf 82' lang='grc' dir='ltr'>χρέος</span> <span class='ocrx_word' id='word_1_383' title='bbox 1217 3345 1318 3413; x_wconf 85' lang='grc' dir='ltr'>τῆς</span> <span class='ocrx_word' id='word_1_384' title='bbox 1353 3347 1734 3418; x_wconf 76' lang='grc' dir='ltr'>εὐχαριστίας,</span> <span class='ocrx_word' id='word_1_385' title='bbox 1774 3348 1853 3418; x_wconf 83' lang='grc' dir='ltr'><strong>τῷ</strong></span> 
     </span>
    </p>
   </div>
   <div class='ocr_carea' id='block_1_62' title="bbox 264 3437 1853 3511">
    <p class='ocr_par' dir='ltr' id='par_1_62' title="bbox 264 3437 1853 3511">
     <span class='ocr_line' id='line_1_62' title="bbox 264 3437 1853 3511; baseline 0.003 -22"><span class='ocrx_word' id='word_1_386' title='bbox 264 3437 604 3509; x_wconf 77' lang='grc' dir='ltr'>λαμϐάνοντι</span> <span class='ocrx_word' id='word_1_387' title='bbox 628 3437 691 3487; x_wconf 78' lang='grc' dir='ltr'>τὸ</span> <span class='ocrx_word' id='word_1_388' title='bbox 722 3437 882 3506; x_wconf 79' lang='grc' dir='ltr'>χρέος</span> <span class='ocrx_word' id='word_1_389' title='bbox 909 3437 986 3500; x_wconf 86' lang='grc' dir='ltr'>ὠς</span> <span class='ocrx_word' id='word_1_390' title='bbox 1027 3439 1207 3506; x_wconf 80' lang='grc' dir='ltr'>χάριν,</span> <span class='ocrx_word' id='word_1_391' title='bbox 1236 3438 1332 3490; x_wconf 73' lang='grc' dir='ltr'>καὶ</span> <span class='ocrx_word' id='word_1_392' title='bbox 1366 3438 1464 3510; x_wconf 80' lang='grc' dir='ltr'><strong>τὴν</strong></span> <span class='ocrx_word' id='word_1_393' title='bbox 1499 3440 1722 3511; x_wconf 82' lang='grc' dir='ltr'>χάριτος</span> <span class='ocrx_word' id='word_1_394' title='bbox 1751 3441 1853 3510; x_wconf 86' lang='grc' dir='ltr'>χά-</span> 
     </span>
    </p>
   </div>
   <div class='ocr_carea' id='block_1_63' title="bbox 268 3528 1852 3603">
    <p class='ocr_par' dir='ltr' id='par_1_63' title="bbox 268 3528 1852 3603">
     <span class='ocr_line' id='line_1_63' title="bbox 268 3528 1852 3603; baseline 0.001 -20"><span class='ocrx_word' id='word_1_395' title='bbox 268 3548 358 3601; x_wconf 88' lang='grc' dir='ltr'><strong>ριν</strong></span> <span class='ocrx_word' id='word_1_396' title='bbox 415 3528 755 3582; x_wconf 87' lang='grc' dir='ltr'>ἀντιδιδόντι.</span> <span class='ocrx_word' id='word_1_397' title='bbox 783 3529 957 3591; x_wconf 76' lang='grc' dir='ltr'><strong>Αὐτὸς</strong></span> <span class='ocrx_word' id='word_1_398' title='bbox 989 3529 1100 3597; x_wconf 83' lang='grc' dir='ltr'><strong>γάρ</strong></span> <span class='ocrx_word' id='word_1_399' title='bbox 1145 3530 1235 3582; x_wconf 72' lang='grc' dir='ltr'>ἀεὶ</span> <span class='ocrx_word' id='word_1_400' title='bbox 1272 3531 1365 3582; x_wconf 81' lang='grc' dir='ltr'>καὶ</span> <span class='ocrx_word' id='word_1_401' title='bbox 1399 3532 1638 3602; x_wconf 82' lang='grc' dir='ltr'>χαρίτων</span> <span class='ocrx_word' id='word_1_402' title='bbox 1671 3533 1852 3603; x_wconf 77' lang='grc' dir='ltr'>ἄρχει,</span> 
     </span>
    </p>
   </div>
   <div class='ocr_carea' id='block_1_64' title="bbox 266 3622 1856 3696">
    <p class='ocr_par' dir='ltr' id='par_1_64' title="bbox 266 3622 1856 3696">
     <span class='ocr_line' id='line_1_64' title="bbox 266 3622 1856 3696; baseline 0.001 -20"><span class='ocrx_word' id='word_1_403' title='bbox 266 3623 361 3676; x_wconf 81' lang='grc' dir='ltr'>καὶ</span> <span class='ocrx_word' id='word_1_404' title='bbox 391 3622 468 3686; x_wconf 83' lang='grc' dir='ltr'>ὡς</span> <span class='ocrx_word' id='word_1_405' title='bbox 497 3623 656 3694; x_wconf 81' lang='grc' dir='ltr'>χρέος</span> <span class='ocrx_word' id='word_1_406' title='bbox 692 3623 794 3684; x_wconf 79' lang='grc' dir='ltr'>τὰς</span> <span class='ocrx_word' id='word_1_407' title='bbox 829 3622 1062 3692; x_wconf 89' lang='grc' dir='ltr'>χάριτας</span> <span class='ocrx_word' id='word_1_408' title='bbox 1092 3622 1417 3676; x_wconf 84' lang='grc' dir='ltr'>ἀποδίδωσιν</span> <span class='ocrx_word' id='word_1_409' title='bbox 1443 3639 1456 3652; x_wconf 85' lang='grc'><strong>·</strong></span> <span class='ocrx_word' id='word_1_410' title='bbox 1497 3625 1856 3696; x_wconf 84' lang='grc' dir='ltr'><strong>εὐχαριστίαν</strong></span> 
     </span>
    </p>
   </div>
   <div class='ocr_carea' id='block_1_65' title="bbox 265 3712 1854 3786">
    <p class='ocr_par' dir='ltr' id='par_1_65' title="bbox 265 3712 1854 3786">
     <span class='ocr_line' id='line_1_65' title="bbox 265 3712 1854 3786; baseline 0.002 -19"><span class='ocrx_word' id='word_1_411' title='bbox 265 3714 325 3767; x_wconf 71' lang='grc' dir='ltr'><strong>δὲ</strong></span> <span class='ocrx_word' id='word_1_412' title='bbox 368 3713 524 3778; x_wconf 79' lang='grc' dir='ltr'>ζητεῖ</span> <span class='ocrx_word' id='word_1_413' title='bbox 556 3715 687 3781; x_wconf 80' lang='grc' dir='ltr'>παρ’</span> <span class='ocrx_word' id='word_1_414' title='bbox 714 3713 892 3784; x_wconf 75' lang='grc' dir='ltr'>ἡμῶν,</span> <span class='ocrx_word' id='word_1_415' title='bbox 932 3713 994 3766; x_wconf 82' lang='grc' dir='ltr'><strong>ού</strong></span> <span class='ocrx_word' id='word_1_416' title='bbox 1032 3712 1129 3784; x_wconf 81' lang='grc' dir='ltr'><strong>τὴν</strong></span> <span class='ocrx_word' id='word_1_417' title='bbox 1181 3713 1270 3766; x_wconf 80' lang='grc' dir='ltr'><strong>διὰ</strong></span> <span class='ocrx_word' id='word_1_418' title='bbox 1310 3715 1571 3786; x_wconf 79' lang='grc' dir='ltr'><strong>ῥημάτων</strong></span> <span class='ocrx_word' id='word_1_419' title='bbox 1629 3717 1854 3785; x_wconf 79' lang='grc' dir='ltr'>ἀγαθῶν</span> 
     </span>
    </p>
   </div>
   <div class='ocr_carea' id='block_1_66' title="bbox 267 3804 1853 3881">
    <p class='ocr_par' dir='ltr' id='par_1_66' title="bbox 267 3804 1853 3881">
     <span class='ocr_line' id='line_1_66' title="bbox 267 3804 1853 3881; baseline 0.003 -22"><span class='ocrx_word' id='word_1_420' title='bbox 267 3807 577 3878; x_wconf 81' lang='grc' dir='ltr'>προφορὰν,</span> <span class='ocrx_word' id='word_1_421' title='bbox 610 3806 748 3860; x_wconf 85' lang='grc' dir='ltr'>ἀλλά</span> <span class='ocrx_word' id='word_1_422' title='bbox 776 3804 876 3878; x_wconf 81' lang='grc' dir='ltr'><strong>τὴν</strong></span> <span class='ocrx_word' id='word_1_423' title='bbox 905 3805 997 3861; x_wconf 88' lang='grc' dir='ltr'>διά</span> <span class='ocrx_word' id='word_1_424' title='bbox 1023 3809 1372 3877; x_wconf 79' lang='grc' dir='ltr'>πραγμάτων</span> <span class='ocrx_word' id='word_1_425' title='bbox 1413 3810 1656 3863; x_wconf 72' lang='grc' dir='ltr'>εὐσεϐῶν</span> <span class='ocrx_word' id='word_1_426' title='bbox 1688 3829 1853 3881; x_wconf 85' lang='grc' dir='ltr'>προσ-</span> 
     </span>
    </p>
   </div>
   <div class='ocr_carea' id='block_1_67' title="bbox 267 3914 467 3969">
    <p class='ocr_par' dir='ltr' id='par_1_67' title="bbox 267 3914 467 3969">
     <span class='ocr_line' id='line_1_67' title="bbox 267 3914 467 3969; baseline 0.01 -19"><span class='ocrx_word' id='word_1_427' title='bbox 267 3914 467 3969; x_wconf 80' lang='grc' dir='ltr'>φοράν.</span> 
     </span>
    </p>
   </div>
   <div class='ocr_carea' id='block_1_68' title="bbox 1959 3332 3540 3406">
    <p class='ocr_par' dir='ltr' id='par_1_68' title="bbox 1959 3332 3540 3406">
     <span class='ocr_line' id='line_1_68' title="bbox 1959 3332 3540 3406; baseline 0.011 -20"><span class='ocrx_word' id='word_1_428' title='bbox 1959 3332 2164 3388; x_wconf 88' lang='lat' dir='ltr'><strong>referre</strong></span> <span class='ocrx_word' id='word_1_429' title='bbox 2220 3333 2410 3389; x_wconf 87' lang='lat' dir='ltr'><strong>debes.</strong></span> <span class='ocrx_word' id='word_1_430' title='bbox 2468 3335 2614 3406; x_wconf 86' lang='lat' dir='ltr'><strong>Ergo</strong></span> <span class='ocrx_word' id='word_1_431' title='bbox 2673 3336 2845 3394; x_wconf 90' lang='lat' dir='ltr'><strong>redde</strong></span> <span class='ocrx_word' id='word_1_432' title='bbox 2909 3339 3252 3400; x_wconf 86' lang='lat' dir='ltr'><strong>benefactori</strong></span> <span class='ocrx_word' id='word_1_433' title='bbox 3293 3345 3540 3403; x_wconf 87' lang='lat' dir='ltr'><strong>debitam</strong></span> 
     </span>
    </p>
   </div>
   <div class='ocr_carea' id='block_1_69' title="bbox 1955 3426 3543 3500">
    <p class='ocr_par' dir='ltr' id='par_1_69' title="bbox 1955 3426 3543 3500">
     <span class='ocr_line' id='line_1_69' title="bbox 1955 3426 3543 3500; baseline 0.011 -23"><span class='ocrx_word' id='word_1_434' title='bbox 1955 3426 2252 3494; x_wconf 87' lang='lat' dir='ltr'><strong>gratiarum</strong></span> <span class='ocrx_word' id='word_1_435' title='bbox 2296 3426 2592 3494; x_wconf 89' lang='lat' dir='ltr'><strong>actionem,</strong></span> <span class='ocrx_word' id='word_1_436' title='bbox 2615 3432 2924 3500; x_wconf 89' lang='lat' dir='ltr'><strong>acceptanti</strong></span> <span class='ocrx_word' id='word_1_437' title='bbox 2974 3431 3225 3490; x_wconf 89' lang='lat' dir='ltr'><strong>debitum</strong></span> <span class='ocrx_word' id='word_1_438' title='bbox 3267 3445 3331 3492; x_wconf 93' lang='lat' dir='ltr'><strong>ut</strong></span> <span class='ocrx_word' id='word_1_439' title='bbox 3372 3441 3543 3494; x_wconf 86' lang='lat' dir='ltr'><strong>meri-</strong></span> 
     </span>
    </p>
   </div>
   <div class='ocr_carea' id='block_1_70' title="bbox 1959 3519 3539 3602">
    <p class='ocr_par' dir='ltr' id='par_1_70' title="bbox 1959 3519 3539 3602">
     <span class='ocr_line' id='line_1_70' title="bbox 1959 3519 3539 3602; baseline 0.009 -30"><span class='ocrx_word' id='word_1_440' title='bbox 1959 3527 2096 3584; x_wconf 87' lang='lat' dir='ltr'><strong>tum,</strong></span> <span class='ocrx_word' id='word_1_441' title='bbox 2161 3527 2218 3573; x_wconf 83' lang='lat' dir='ltr'><strong>et</strong></span> <span class='ocrx_word' id='word_1_442' title='bbox 2267 3519 2541 3574; x_wconf 91' lang='lat' dir='ltr'><strong>beneﬁcio</strong></span> <span class='ocrx_word' id='word_1_443' title='bbox 2603 3521 2936 3578; x_wconf 91' lang='lat' dir='ltr'><strong>beneﬁcium</strong></span> <span class='ocrx_word' id='word_1_444' title='bbox 2999 3528 3348 3598; x_wconf 86' lang='lat' dir='ltr'><strong>rependenti.</strong></span> <span class='ocrx_word' id='word_1_445' title='bbox 3418 3531 3539 3602; x_wconf 83' lang='lat' dir='ltr'><strong>[pse</strong></span> 
     </span>
    </p>
   </div>
   <div class='ocr_carea' id='block_1_71' title="bbox 1955 3610 3540 3688">
    <p class='ocr_par' dir='ltr' id='par_1_71' title="bbox 1955 3610 3540 3688">
     <span class='ocr_line' id='line_1_71' title="bbox 1955 3610 3540 3688; baseline 0.011 -26"><span class='ocrx_word' id='word_1_446' title='bbox 1955 3610 2102 3662; x_wconf 92' lang='lat' dir='ltr'><strong>enim</strong></span> <span class='ocrx_word' id='word_1_447' title='bbox 2156 3624 2376 3678; x_wconf 89' lang='lat' dir='ltr'><strong>semper</strong></span> <span class='ocrx_word' id='word_1_448' title='bbox 2423 3617 2481 3664; x_wconf 89' lang='lat' dir='ltr'><strong>et</strong></span> <span class='ocrx_word' id='word_1_449' title='bbox 2530 3610 2817 3668; x_wconf 88' lang='lat' dir='ltr'><strong>beneﬁciis</strong></span> <span class='ocrx_word' id='word_1_450' title='bbox 2857 3616 3015 3685; x_wconf 88' lang='lat' dir='ltr'><strong>prior</strong></span> <span class='ocrx_word' id='word_1_451' title='bbox 3054 3629 3425 3688; x_wconf 88' lang='lat' dir='ltr'><strong>promeretur,</strong></span> <span class='ocrx_word' id='word_1_452' title='bbox 3479 3633 3540 3678; x_wconf 90' lang='lat' dir='ltr'><strong>et</strong></span> 
     </span>
    </p>
   </div>
   <div class='ocr_carea' id='block_1_72' title="bbox 1956 3699 3537 3780">
    <p class='ocr_par' dir='ltr' id='par_1_72' title="bbox 1956 3699 3537 3780">
     <span class='ocr_line' id='line_1_72' title="bbox 1956 3699 3537 3780; baseline 0.01 -26"><span class='ocrx_word' id='word_1_453' title='bbox 1956 3708 2018 3754; x_wconf 92' lang='lat' dir='ltr'><strong>ut</strong></span> <span class='ocrx_word' id='word_1_454' title='bbox 2057 3699 2306 3755; x_wconf 90' lang='lat' dir='ltr'><strong>debitum</strong></span> <span class='ocrx_word' id='word_1_455' title='bbox 2349 3699 2620 3756; x_wconf 87' lang='lat' dir='ltr'><strong>beneﬁcia</strong></span> <span class='ocrx_word' id='word_1_456' title='bbox 2664 3716 2922 3774; x_wconf 87' lang='lat' dir='ltr'><strong>repensat</strong></span> <span class='ocrx_word' id='word_1_457' title='bbox 2950 3725 2965 3762; x_wconf 86' lang='lat'><strong>:</strong></span> <span class='ocrx_word' id='word_1_458' title='bbox 2996 3708 3299 3780; x_wconf 81' lang='lat' dir='ltr'><strong>gratiarum</strong></span> <span class='ocrx_word' id='word_1_459' title='bbox 3347 3722 3537 3770; x_wconf 86' lang='lat' dir='ltr'><strong>autem</strong></span> 
     </span>
    </p>
   </div>
   <div class='ocr_carea' id='block_1_73' title="bbox 1955 3791 3538 3868">
    <p class='ocr_par' dir='ltr' id='par_1_73' title="bbox 1955 3791 3538 3868">
     <span class='ocr_line' id='line_1_73' title="bbox 1955 3791 3538 3868; baseline 0.009 -22"><span class='ocrx_word' id='word_1_460' title='bbox 1955 3793 2232 3846; x_wconf 83' lang='lat' dir='ltr'><strong>actionem</strong></span> <span class='ocrx_word' id='word_1_461' title='bbox 2269 3791 2442 3862; x_wconf 79' lang='lat' dir='ltr'><strong>exigit</strong></span> <span class='ocrx_word' id='word_1_462' title='bbox 2473 3810 2503 3848; x_wconf 90' lang='lat' dir='ltr'><strong>a</strong></span> <span class='ocrx_word' id='word_1_463' title='bbox 2545 3794 2727 3861; x_wconf 83' lang='lat' dir='ltr'><strong>nobis,</strong></span> <span class='ocrx_word' id='word_1_464' title='bbox 2759 3814 2869 3853; x_wconf 91' lang='lat' dir='ltr'><strong>non</strong></span> <span class='ocrx_word' id='word_1_465' title='bbox 2893 3815 3014 3868; x_wconf 72' lang='lat' dir='ltr'><strong>qua:</strong></span> <span class='ocrx_word' id='word_1_466' title='bbox 3046 3801 3346 3857; x_wconf 89' lang='lat' dir='ltr'><strong>verborum</strong></span> <span class='ocrx_word' id='word_1_467' title='bbox 3378 3805 3538 3860; x_wconf 88' lang='lat' dir='ltr'><strong>blan-</strong></span> 
     </span>
    </p>
   </div>
   <div class='ocr_carea' id='block_1_74' title="bbox 1952 3883 3534 3963">
    <p class='ocr_par' dir='ltr' id='par_1_74' title="bbox 1952 3883 3534 3963">
     <span class='ocr_line' id='line_1_74' title="bbox 1952 3883 3534 3963; baseline 0.009 -26"><span class='ocrx_word' id='word_1_468' title='bbox 1952 3885 2151 3938; x_wconf 91' lang='lat' dir='ltr'><strong>dorum</strong></span> <span class='ocrx_word' id='word_1_469' title='bbox 2175 3883 2508 3954; x_wconf 85' lang='lat' dir='ltr'><strong>prolatione,</strong></span> <span class='ocrx_word' id='word_1_470' title='bbox 2532 3886 2626 3941; x_wconf 90' lang='lat' dir='ltr'><strong>sed</strong></span> <span class='ocrx_word' id='word_1_471' title='bbox 2647 3903 2770 3958; x_wconf 73' lang='lat' dir='ltr'><strong>qua:</strong></span> <span class='ocrx_word' id='word_1_472' title='bbox 2797 3905 2983 3947; x_wconf 91' lang='lat' dir='ltr'><strong>rerum</strong></span> <span class='ocrx_word' id='word_1_473' title='bbox 3005 3893 3220 3963; x_wconf 86' lang='lat' dir='ltr'><strong>piarum</strong></span> <span class='ocrx_word' id='word_1_474' title='bbox 3251 3895 3534 3952; x_wconf 85' lang='lat' dir='ltr'><strong>oblatione</strong></span> 
     </span>
    </p>
   </div>
   <div class='ocr_carea' id='block_1_75' title="bbox 1955 3977 2265 4048">
    <p class='ocr_par' dir='ltr' id='par_1_75' title="bbox 1955 3977 2265 4048">
     <span class='ocr_line' id='line_1_75' title="bbox 1955 3977 2265 4048; baseline 0.006 -19"><span class='ocrx_word' id='word_1_475' title='bbox 1955 3977 2265 4048; x_wconf 83' lang='lat' dir='ltr'><strong>peragitur.</strong></span> 
     </span>
    </p>
   </div>
   <div class='ocr_carea' id='block_1_76' title="bbox 936 4069 1847 4130">
    <p class='ocr_par' dir='ltr' id='par_1_76' title="bbox 936 4069 1269 4130">
     <span class='ocr_line' id='line_1_76' title="bbox 936 4069 1269 4130; baseline 0.012 -8"><span class='ocrx_word' id='word_1_476' title='bbox 936 4069 1131 4124; x_wconf 74' lang='grc' dir='ltr'><strong>ΕΦΑΛ.</strong></span> <span class='ocrx_word' id='word_1_477' title='bbox 1171 4069 1269 4130; x_wconf 65' lang='lat' dir='ltr'><strong>C4&quot;.</strong></span> 
     </span>
    </p>
   </div>
   <div class='ocr_carea' id='block_1_77' title="bbox 1949 4069 2880 4130">
    <p class='ocr_par' dir='ltr' id='par_1_77' title="bbox 2604 4075 2880 4130">
     <span class='ocr_line' id='line_1_77' title="bbox 2604 4075 2880 4130; baseline -0.004 0"><span class='ocrx_word' id='word_1_478' title='bbox 2604 4075 2759 4130; x_wconf 83' lang='lat' dir='ltr'><strong>CAP.</strong></span> <span class='ocrx_word' id='word_1_479' title='bbox 2791 4075 2880 4130; x_wconf 80' lang='lat' dir='ltr'><strong>Vl.</strong></span> 
     </span>
    </p>
   </div>
   <div class='ocr_carea' id='block_1_78' title="bbox 342 4069 1847 4236">
    <p class='ocr_par' dir='ltr' id='par_1_78' title="bbox 342 4069 1847 4233">
     <span class='ocr_line' id='line_1_78' title="bbox 879 4069 1269 4138; baseline 0.01 -16"><span class='ocrx_word' id='word_1_480' title='bbox 879 4069 1131 4124; x_wconf 74' lang='grc' dir='ltr'><strong>ΚΕΦΑΛ.</strong></span> <span class='ocrx_word' id='word_1_481' title='bbox 1171 4069 1269 4138; x_wconf 71' lang='grc' dir='ltr'><strong>ς’.</strong></span> 
     </span>
     <span class='ocr_line' id='line_1_79' title="bbox 342 4161 1847 4233; baseline -0.001 -17"><span class='ocrx_word' id='word_1_482' title='bbox 342 4164 512 4218; x_wconf 82' lang='grc' dir='ltr'>Οὐδὲν</span> <span class='ocrx_word' id='word_1_483' title='bbox 545 4163 719 4227; x_wconf 77' lang='grc' dir='ltr'>οὕτως</span> <span class='ocrx_word' id='word_1_484' title='bbox 763 4163 1051 4231; x_wconf 83' lang='grc' dir='ltr'>εὐδόκιμον</span> <span class='ocrx_word' id='word_1_485' title='bbox 1099 4162 1394 4231; x_wconf 75' lang='grc' dir='ltr'><strong>ἐργάζεται</strong></span> <span class='ocrx_word' id='word_1_486' title='bbox 1445 4161 1847 4233; x_wconf 77' lang='grc' dir='ltr'>ἀνθρωπον,ὼ;</span> 
     </span>
    </p>
   </div>
   <div class='ocr_carea' id='block_1_79' title="bbox 1949 4069 3533 4236">
    <p class='ocr_par' dir='ltr' id='par_1_79' title="bbox 2024 4075 3533 4236">
     <span class='ocr_line' id='line_1_80' title="bbox 2024 4075 3533 4236; baseline 0.007 -18"><span class='ocrx_word' id='word_1_487' title='bbox 2024 4163 2188 4220; x_wconf 88' lang='lat' dir='ltr'><strong>Nulla</strong></span> <span class='ocrx_word' id='word_1_488' title='bbox 2216 4181 2306 4220; x_wconf 91' lang='lat' dir='ltr'><strong>res</strong></span> <span class='ocrx_word' id='word_1_489' title='bbox 2328 4166 2470 4222; x_wconf 86' lang='lat' dir='ltr'><strong>adeo</strong></span> <span class='ocrx_word' id='word_1_490' title='bbox 2491 4075 2988 4224; x_wconf 50' lang='grc' dir='ltr'><strong>οοιηῗηζῗιιιέὶξίιοω</strong></span> <span class='ocrx_word' id='word_1_491' title='bbox 3018 4168 3203 4224; x_wconf 91' lang='lat' dir='ltr'><strong>reddit</strong></span> <span class='ocrx_word' id='word_1_492' title='bbox 3230 4170 3533 4236; x_wconf 83' lang='lat' dir='ltr'><strong>hominem,</strong></span> 
     </span>
    </p>
   </div>
   <div class='ocr_carea' id='block_1_80' title="bbox 263 4253 1847 4332">
    <p class='ocr_par' dir='ltr' id='par_1_80' title="bbox 263 4253 1847 4328">
     <span class='ocr_line' id='line_1_81' title="bbox 263 4253 1847 4328; baseline -0.004 -16"><span class='ocrx_word' id='word_1_493' title='bbox 263 4259 534 4312; x_wconf 81' lang='grc' dir='ltr'>δύνασθαι</span> <span class='ocrx_word' id='word_1_494' title='bbox 583 4255 696 4328; x_wconf 77' lang='grc'><strong>(10)</strong></span> <span class='ocrx_word' id='word_1_495' title='bbox 769 4255 869 4326; x_wconf 81' lang='grc' dir='ltr'><strong>μὲν</strong></span> <span class='ocrx_word' id='word_1_496' title='bbox 923 4254 959 4308; x_wconf 73' lang='grc' dir='ltr'><strong>δ.</strong></span> <span class='ocrx_word' id='word_1_497' title='bbox 1013 4253 1264 4323; x_wconf 86' lang='grc' dir='ltr'>βούλεται</span> <span class='ocrx_word' id='word_1_498' title='bbox 1320 4255 1604 4325; x_wconf 87' lang='grc' dir='ltr'>πράττειν,</span> <span class='ocrx_word' id='word_1_499' title='bbox 1669 4257 1754 4308; x_wconf 86' lang='grc' dir='ltr'>ἀεὶ</span> <span class='ocrx_word' id='word_1_500' title='bbox 1797 4255 1847 4307; x_wconf 87' lang='grc' dir='ltr'><strong>δὲ</strong></span> 
     </span>
    </p>
   </div>
   <div class='ocr_carea' id='block_1_81' title="bbox 1949 4253 3536 4332">
    <p class='ocr_par' dir='ltr' id='par_1_81' title="bbox 1957 4258 3536 4332">
     <span class='ocr_line' id='line_1_82' title="bbox 1957 4258 3536 4332; baseline 0.008 -24"><span class='ocrx_word' id='word_1_501' title='bbox 1957 4262 2019 4308; x_wconf 84' lang='grc' dir='ltr'><strong>ιιι</strong></span> <span class='ocrx_word' id='word_1_502' title='bbox 2054 4270 2217 4325; x_wconf 84' lang='lat' dir='ltr'><strong>posse</strong></span> <span class='ocrx_word' id='word_1_503' title='bbox 2253 4258 2476 4327; x_wconf 90' lang='lat' dir='ltr'><strong>quidem</strong></span> <span class='ocrx_word' id='word_1_504' title='bbox 2504 4275 2629 4328; x_wconf 72' lang='lat' dir='ltr'><strong>qute</strong></span> <span class='ocrx_word' id='word_1_505' title='bbox 2668 4259 2804 4314; x_wconf 91' lang='lat' dir='ltr'><strong>velit</strong></span> <span class='ocrx_word' id='word_1_506' title='bbox 2833 4258 3073 4326; x_wconf 87' lang='lat' dir='ltr'><strong>eﬁicere,</strong></span> <span class='ocrx_word' id='word_1_507' title='bbox 3107 4276 3328 4332; x_wconf 87' lang='lat' dir='ltr'><strong>semper</strong></span> <span class='ocrx_word' id='word_1_508' title='bbox 3349 4275 3536 4320; x_wconf 90' lang='lat' dir='ltr'><strong>autem</strong></span> 
     </span>
    </p>
   </div>
   <div class='ocr_carea' id='block_1_82' title="bbox 265 4344 1847 4423">
    <p class='ocr_par' dir='ltr' id='par_1_82' title="bbox 265 4344 1847 4422">
     <span class='ocr_line' id='line_1_83' title="bbox 265 4344 1847 4422; baseline -0.003 -18"><span class='ocrx_word' id='word_1_509' title='bbox 265 4349 630 4422; x_wconf 81' lang='grc' dir='ltr'>φιλάνθρωπα</span> <span class='ocrx_word' id='word_1_510' title='bbox 685 4348 780 4401; x_wconf 63' lang='grc' dir='ltr'><strong>κα)⁵</strong></span> <span class='ocrx_word' id='word_1_511' title='bbox 820 4344 1106 4416; x_wconf 76' lang='grc' dir='ltr'>βούλεσθαι</span> <span class='ocrx_word' id='word_1_512' title='bbox 1162 4346 1257 4401; x_wconf 76' lang='grc' dir='ltr'><strong>καὶ</strong></span> <span class='ocrx_word' id='word_1_513' title='bbox 1297 4345 1582 4416; x_wconf 84' lang='grc' dir='ltr'>πράττειν.</span> <span class='ocrx_word' id='word_1_514' title='bbox 1638 4346 1847 4418; x_wconf 74' lang='grc' dir='ltr'>Ἐπειδὴ</span> 
     </span>
    </p>
   </div>
   <div class='ocr_carea' id='block_1_83' title="bbox 1949 4344 3537 4423">
    <p class='ocr_par' dir='ltr' id='par_1_83' title="bbox 1956 4344 3537 4423">
     <span class='ocr_line' id='line_1_84' title="bbox 1956 4344 3537 4423; baseline 0.005 -23"><span class='ocrx_word' id='word_1_515' title='bbox 1956 4344 2198 4402; x_wconf 89' lang='lat' dir='ltr'><strong>humana</strong></span> <span class='ocrx_word' id='word_1_516' title='bbox 2230 4355 2288 4403; x_wconf 91' lang='lat' dir='ltr'><strong>et</strong></span> <span class='ocrx_word' id='word_1_517' title='bbox 2321 4349 2462 4403; x_wconf 88' lang='lat' dir='ltr'><strong>velle</strong></span> <span class='ocrx_word' id='word_1_518' title='bbox 2507 4359 2564 4402; x_wconf 93' lang='lat' dir='ltr'><strong>et</strong></span> <span class='ocrx_word' id='word_1_519' title='bbox 2611 4364 2773 4419; x_wconf 89' lang='lat' dir='ltr'><strong>agere</strong></span> <span class='ocrx_word' id='word_1_520' title='bbox 2809 4365 2823 4403; x_wconf 86' lang='lat'><strong>:</strong></span> <span class='ocrx_word' id='word_1_521' title='bbox 2859 4351 3123 4419; x_wconf 87' lang='lat' dir='ltr'><strong>quoniam</strong></span> <span class='ocrx_word' id='word_1_522' title='bbox 3168 4351 3338 4423; x_wconf 89' lang='lat' dir='ltr'><strong>igitur</strong></span> <span class='ocrx_word' id='word_1_523' title='bbox 3363 4369 3395 4409; x_wconf 88' lang='lat' dir='ltr'><strong>a</strong></span> <span class='ocrx_word' id='word_1_524' title='bbox 3423 4355 3537 4410; x_wconf 89' lang='lat' dir='ltr'><strong>Deo</strong></span> 
     </span>
    </p>
   </div>
   <div class='ocr_carea' id='block_1_84' title="bbox 264 4432 1847 4514">
    <p class='ocr_par' dir='ltr' id='par_1_84' title="bbox 264 4432 1847 4514">
     <span class='ocr_line' id='line_1_85' title="bbox 264 4432 1847 4514; baseline -0.004 -18"><span class='ocrx_word' id='word_1_525' title='bbox 264 4443 451 4514; x_wconf 87' lang='grc' dir='ltr'>τοίνυν</span> <span class='ocrx_word' id='word_1_526' title='bbox 484 4443 548 4494; x_wconf 79' lang='grc' dir='ltr'>ἐκ</span> <span class='ocrx_word' id='word_1_527' title='bbox 593 4439 730 4492; x_wconf 91' lang='grc' dir='ltr'>Θεοῦ</span> <span class='ocrx_word' id='word_1_528' title='bbox 775 4455 860 4492; x_wconf 85' lang='grc' dir='ltr'><strong>σοι</strong></span> <span class='ocrx_word' id='word_1_529' title='bbox 905 4437 1229 4508; x_wconf 85' lang='grc' dir='ltr'>κεχάρισται</span> <span class='ocrx_word' id='word_1_530' title='bbox 1282 4435 1535 4510; x_wconf 89' lang='grc' dir='ltr'>δύναμις,</span> <span class='ocrx_word' id='word_1_531' title='bbox 1566 4432 1635 4509; x_wconf 82' lang='grc' dir='ltr'>ἦς</span> <span class='ocrx_word' id='word_1_532' title='bbox 1681 4437 1847 4491; x_wconf 74' lang='grc' dir='ltr'>ἐδεῖτε</span> 
     </span>
    </p>
   </div>
   <div class='ocr_carea' id='block_1_85' title="bbox 1949 4432 3539 4514">
    <p class='ocr_par' dir='ltr' id='par_1_85' title="bbox 1957 4436 3539 4514">
     <span class='ocr_line' id='line_1_86' title="bbox 1957 4436 3539 4514; baseline 0.005 -22"><span class='ocrx_word' id='word_1_533' title='bbox 1957 4436 2059 4493; x_wconf 91' lang='lat' dir='ltr'><strong>tibi</strong></span> <span class='ocrx_word' id='word_1_534' title='bbox 2087 4437 2292 4493; x_wconf 89' lang='lat' dir='ltr'><strong>donata</strong></span> <span class='ocrx_word' id='word_1_535' title='bbox 2317 4447 2402 4495; x_wconf 85' lang='lat' dir='ltr'><strong>est</strong></span> <span class='ocrx_word' id='word_1_536' title='bbox 2428 4439 2666 4495; x_wconf 83' lang='lat' dir='ltr'><strong>facultas</strong></span> <span class='ocrx_word' id='word_1_537' title='bbox 2696 4456 2806 4511; x_wconf 86' lang='lat' dir='ltr'><strong>qua</strong></span> <span class='ocrx_word' id='word_1_538' title='bbox 2845 4441 3129 4513; x_wconf 86' lang='lat' dir='ltr'><strong>indigebat</strong></span> <span class='ocrx_word' id='word_1_539' title='bbox 3171 4454 3401 4514; x_wconf 88' lang='lat' dir='ltr'><strong>propter</strong></span> <span class='ocrx_word' id='word_1_540' title='bbox 3435 4461 3539 4501; x_wconf 88' lang='lat' dir='ltr'><strong>nos</strong></span> 
     </span>
    </p>
   </div>
   <div class='ocr_carea' id='block_1_86' title="bbox 263 4508 1847 4630">
    <p class='ocr_par' dir='ltr' id='par_1_86' title="bbox 263 4508 1847 4605">
     <span class='ocr_line' id='line_1_87' title="bbox 263 4508 1847 4605; baseline -0.003 -16"><span class='ocrx_word' id='word_1_541' title='bbox 263 4508 518 4605; x_wconf 29' lang='grc' dir='ltr'>δι”ὴμᾶς</span> <span class='ocrx_word' id='word_1_542' title='bbox 540 4537 573 4604; x_wconf 86' lang='grc' dir='ltr'>ἠ</span> <span class='ocrx_word' id='word_1_543' title='bbox 607 4534 789 4605; x_wconf 84' lang='grc' dir='ltr'><strong>ἀγαθή</strong></span> <span class='ocrx_word' id='word_1_544' title='bbox 831 4548 928 4585; x_wconf 85' lang='grc' dir='ltr'><strong>σου</strong></span> <span class='ocrx_word' id='word_1_545' title='bbox 978 4531 1255 4604; x_wconf 82' lang='grc' dir='ltr'>βούλησις,</span> <span class='ocrx_word' id='word_1_546' title='bbox 1289 4508 1467 4585; x_wconf 73' lang='grc' dir='ltr'>πάντα</span> <span class='ocrx_word' id='word_1_547' title='bbox 1515 4508 1610 4584; x_wconf 58' lang='grc' dir='ltr'><strong>καί</strong></span> <span class='ocrx_word' id='word_1_548' title='bbox 1659 4529 1847 4602; x_wconf 80' lang='grc' dir='ltr'>βούλου</span> 
     </span>
    </p>
   </div>
   <div class='ocr_carea' id='block_1_87' title="bbox 1949 4508 3539 4630">
    <p class='ocr_par' dir='ltr' id='par_1_87' title="bbox 1957 4508 3539 4605">
     <span class='ocr_line' id='line_1_88' title="bbox 1957 4508 3539 4605; baseline 0.004 -23"><span class='ocrx_word' id='word_1_549' title='bbox 1957 4526 2102 4582; x_wconf 90' lang='lat' dir='ltr'><strong>bona</strong></span> <span class='ocrx_word' id='word_1_550' title='bbox 2141 4536 2237 4582; x_wconf 88' lang='lat' dir='ltr'><strong>tua</strong></span> <span class='ocrx_word' id='word_1_551' title='bbox 2278 4529 2556 4593; x_wconf 86' lang='lat' dir='ltr'><strong>voluntas,</strong></span> <span class='ocrx_word' id='word_1_552' title='bbox 2600 4508 2786 4586; x_wconf 75' lang='lat' dir='ltr'><strong>omnia</strong></span> <span class='ocrx_word' id='word_1_553' title='bbox 2833 4539 2892 4586; x_wconf 92' lang='lat' dir='ltr'><strong>et</strong></span> <span class='ocrx_word' id='word_1_554' title='bbox 2928 4508 3069 4587; x_wconf 76' lang='lat' dir='ltr'><strong>velis</strong></span> <span class='ocrx_word' id='word_1_555' title='bbox 3089 4541 3146 4588; x_wconf 89' lang='lat' dir='ltr'><strong>et</strong></span> <span class='ocrx_word' id='word_1_556' title='bbox 3172 4508 3324 4603; x_wconf 74' lang='lat' dir='ltr'><strong>agas,</strong></span> <span class='ocrx_word' id='word_1_557' title='bbox 3372 4545 3539 4605; x_wconf 89' lang='lat' dir='ltr'><strong>prout</strong></span> 
     </span>
    </p>
   </div>
   <div class='ocr_carea' id='block_1_88' title="bbox 265 4620 1847 4698">
    <p class='ocr_par' dir='ltr' id='par_1_88' title="bbox 265 4622 1847 4698">
     <span class='ocr_line' id='line_1_89' title="bbox 265 4622 1847 4698; baseline -0.002 -19"><span class='ocrx_word' id='word_1_558' title='bbox 265 4627 366 4680; x_wconf 74' lang='grc' dir='ltr'>καὶ</span> <span class='ocrx_word' id='word_1_559' title='bbox 420 4626 751 4696; x_wconf 78' lang='grc' dir='ltr'>πρᾶττε,ὠς</span> <span class='ocrx_word' id='word_1_560' title='bbox 789 4626 1018 4698; x_wconf 81' lang='grc' dir='ltr'>ἀρέσκει</span> <span class='ocrx_word' id='word_1_561' title='bbox 1067 4623 1148 4694; x_wconf 81' lang='grc' dir='ltr'><strong>τῷ</strong></span> <span class='ocrx_word' id='word_1_562' title='bbox 1203 4622 1407 4692; x_wconf 81' lang='grc' dir='ltr'>ταύτην</span> <span class='ocrx_word' id='word_1_563' title='bbox 1445 4634 1529 4675; x_wconf 80' lang='grc' dir='ltr'><strong>σοι</strong></span> <span class='ocrx_word' id='word_1_564' title='bbox 1574 4622 1847 4680; x_wconf 80' lang='grc' dir='ltr'><strong>δεδωκότι.</strong></span> 
     </span>
    </p>
   </div>
   <div class='ocr_carea' id='block_1_89' title="bbox 1949 4620 2814 4698">
    <p class='ocr_par' dir='ltr' id='par_1_89' title="bbox 1955 4620 2814 4691">
     <span class='ocr_line' id='line_1_90' title="bbox 1955 4620 2814 4691; baseline 0 -15"><span class='ocrx_word' id='word_1_565' title='bbox 1955 4621 2009 4676; x_wconf 93' lang='lat' dir='ltr'><strong>ei</strong></span> <span class='ocrx_word' id='word_1_566' title='bbox 2032 4620 2214 4691; x_wconf 87' lang='lat' dir='ltr'><strong>placet</strong></span> <span class='ocrx_word' id='word_1_567' title='bbox 2235 4621 2333 4690; x_wconf 91' lang='lat' dir='ltr'><strong>qui</strong></span> <span class='ocrx_word' id='word_1_568' title='bbox 2357 4636 2480 4676; x_wconf 87' lang='lat' dir='ltr'><strong>eam</strong></span> <span class='ocrx_word' id='word_1_569' title='bbox 2505 4621 2606 4676; x_wconf 89' lang='lat' dir='ltr'><strong>tibi</strong></span> <span class='ocrx_word' id='word_1_570' title='bbox 2637 4621 2814 4677; x_wconf 89' lang='lat' dir='ltr'><strong>dedit.</strong></span> 
     </span>
    </p>
   </div>
   <div class='ocr_carea' id='block_1_90' title="bbox 872 4738 1250 4792">
    <p class='ocr_par' dir='ltr' id='par_1_90' title="bbox 872 4738 1250 4792">
     <span class='ocr_line' id='line_1_91' title="bbox 872 4738 1250 4792; baseline 0 0"><span class='ocrx_word' id='word_1_571' title='bbox 872 4738 1132 4792; x_wconf 74' lang='grc' dir='ltr'><strong>ΚΕΦΑΛ.</strong></span> <span class='ocrx_word' id='word_1_572' title='bbox 1175 4739 1250 4792; x_wconf 89' lang='lat' dir='ltr'><strong>Z&#39;.</strong></span> 
     </span>
    </p>
   </div>
   <div class='ocr_carea' id='block_1_91' title="bbox 338 4821 1847 4900">
    <p class='ocr_par' dir='ltr' id='par_1_91' title="bbox 338 4826 1847 4900">
     <span class='ocr_line' id='line_1_92' title="bbox 338 4826 1847 4900; baseline 0.001 -20"><span class='ocrx_word' id='word_1_573' title='bbox 338 4829 464 4882; x_wconf 87' lang='grc' dir='ltr'><strong>Τῶν</strong></span> <span class='ocrx_word' id='word_1_574' title='bbox 515 4829 776 4898; x_wconf 69' lang='grc' dir='ltr'>ἐπιγείων</span> <span class='ocrx_word' id='word_1_575' title='bbox 814 4830 1115 4900; x_wconf 85' lang='grc' dir='ltr'>χρημάτων</span> <span class='ocrx_word' id='word_1_576' title='bbox 1147 4829 1177 4881; x_wconf 87' lang='grc' dir='ltr'><strong>ό</strong></span> <span class='ocrx_word' id='word_1_577' title='bbox 1207 4829 1441 4891; x_wconf 80' lang='grc' dir='ltr'>ἀστατος</span> <span class='ocrx_word' id='word_1_578' title='bbox 1487 4826 1716 4892; x_wconf 87' lang='grc' dir='ltr'>πλοῦτος</span> <span class='ocrx_word' id='word_1_579' title='bbox 1746 4829 1847 4882; x_wconf 71' lang='grc' dir='ltr'><strong>τῶν</strong></span> 
     </span>
    </p>
   </div>
   <div class='ocr_carea' id='block_1_92' title="bbox 1949 4821 3539 4900">
    <p class='ocr_par' dir='ltr' id='par_1_92' title="bbox 2026 4821 3539 4894">
     <span class='ocr_line' id='line_1_93' title="bbox 2026 4821 3539 4894; baseline 0.002 -14"><span class='ocrx_word' id='word_1_580' title='bbox 2026 4821 2397 4880; x_wconf 87' lang='lat' dir='ltr'><strong>Terrenarum</strong></span> <span class='ocrx_word' id='word_1_581' title='bbox 2432 4839 2601 4894; x_wconf 93' lang='lat' dir='ltr'><strong>opum</strong></span> <span class='ocrx_word' id='word_1_582' title='bbox 2641 4825 2929 4880; x_wconf 87' lang='lat' dir='ltr'><strong>instabiles</strong></span> <span class='ocrx_word' id='word_1_583' title='bbox 2952 4825 3162 4882; x_wconf 70' lang='lat' dir='ltr'><strong>divitia:</strong></span> <span class='ocrx_word' id='word_1_584' title='bbox 3186 4826 3539 4884; x_wconf 86' lang='lat' dir='ltr'><strong>ﬁuviatilium</strong></span> 
     </span>
    </p>
   </div>
   <div class='ocr_carea' id='block_1_93' title="bbox 266 4913 1847 4991">
    <p class='ocr_par' dir='ltr' id='par_1_93' title="bbox 266 4919 1847 4991">
     <span class='ocr_line' id='line_1_94' title="bbox 266 4919 1847 4991; baseline -0.001 -17"><span class='ocrx_word' id='word_1_585' title='bbox 266 4921 557 4990; x_wconf 85' lang='grc' dir='ltr'>ποταμίων</span> <span class='ocrx_word' id='word_1_586' title='bbox 619 4920 908 4991; x_wconf 85' lang='grc' dir='ltr'>ῥευμάτων</span> <span class='ocrx_word' id='word_1_587' title='bbox 967 4923 1220 4991; x_wconf 81' lang='grc' dir='ltr'><strong>μιμεῖται</strong></span> <span class='ocrx_word' id='word_1_588' title='bbox 1283 4919 1377 4974; x_wconf 81' lang='grc' dir='ltr'>τὸν</span> <span class='ocrx_word' id='word_1_589' title='bbox 1431 4919 1630 4991; x_wconf 86' lang='grc' dir='ltr'>δρόμον</span> <span class='ocrx_word' id='word_1_590' title='bbox 1661 4936 1676 4950; x_wconf 87' lang='lat'><strong>&#39;</strong></span> <span class='ocrx_word' id='word_1_591' title='bbox 1719 4920 1847 4990; x_wconf 79' lang='grc' dir='ltr'>πρὸς</span> 
     </span>
    </p>
   </div>
   <div class='ocr_carea' id='block_1_94' title="bbox 1949 4913 3542 4991">
    <p class='ocr_par' dir='ltr' id='par_1_94' title="bbox 1958 4913 3542 4976">
     <span class='ocr_line' id='line_1_95' title="bbox 1958 4913 3542 4976; baseline 0.004 -7"><span class='ocrx_word' id='word_1_592' title='bbox 1958 4913 2241 4970; x_wconf 83' lang='lat' dir='ltr'><strong>undarum</strong></span> <span class='ocrx_word' id='word_1_593' title='bbox 2297 4916 2589 4972; x_wconf 90' lang='lat' dir='ltr'><strong>imitantur</strong></span> <span class='ocrx_word' id='word_1_594' title='bbox 2627 4933 2854 4974; x_wconf 89' lang='lat' dir='ltr'><strong>cursum</strong></span> <span class='ocrx_word' id='word_1_595' title='bbox 2893 4935 2906 4972; x_wconf 91' lang='lat'><strong>:</strong></span> <span class='ocrx_word' id='word_1_596' title='bbox 2953 4918 3236 4973; x_wconf 88' lang='lat' dir='ltr'><strong>modicum</strong></span> <span class='ocrx_word' id='word_1_597' title='bbox 3273 4920 3422 4974; x_wconf 90' lang='lat' dir='ltr'><strong>enim</strong></span> <span class='ocrx_word' id='word_1_598' title='bbox 3461 4922 3542 4976; x_wconf 89' lang='lat' dir='ltr'><strong>af-</strong></span> 
     </span>
    </p>
   </div>
   <div class='ocr_carea' id='block_1_95' title="bbox 265 5007 1847 5085">
    <p class='ocr_par' dir='ltr' id='par_1_95' title="bbox 265 5011 1847 5085">
     <span class='ocr_line' id='line_1_96' title="bbox 265 5011 1847 5085; baseline -0.002 -17"><span class='ocrx_word' id='word_1_599' title='bbox 265 5014 453 5083; x_wconf 83' lang='grc' dir='ltr'>όλίγον</span> <span class='ocrx_word' id='word_1_600' title='bbox 489 5013 589 5083; x_wconf 76' lang='grc' dir='ltr'><strong>μὶν</strong></span> <span class='ocrx_word' id='word_1_601' title='bbox 621 5015 897 5085; x_wconf 75' lang='grc' dir='ltr'>ἐπιρρέων</span> <span class='ocrx_word' id='word_1_602' title='bbox 916 5016 1030 5075; x_wconf 79' lang='grc' dir='ltr'>τοῖς</span> <span class='ocrx_word' id='word_1_603' title='bbox 1055 5012 1203 5082; x_wconf 79' lang='grc' dir='ltr'>ἐχειν</span> <span class='ocrx_word' id='word_1_604' title='bbox 1238 5011 1522 5082; x_wconf 76' lang='grc' dir='ltr'>νομίζουσι</span> <span class='ocrx_word' id='word_1_605' title='bbox 1546 5029 1562 5043; x_wconf 88' lang='grc'>·</span> <span class='ocrx_word' id='word_1_606' title='bbox 1607 5014 1725 5082; x_wconf 87' lang='grc' dir='ltr'>μετ’</span> <span class='ocrx_word' id='word_1_607' title='bbox 1741 5012 1847 5065; x_wconf 83' lang='grc' dir='ltr'>ὀλί-</span> 
     </span>
    </p>
   </div>
   <div class='ocr_carea' id='block_1_96' title="bbox 1949 5007 3542 5085">
    <p class='ocr_par' dir='ltr' id='par_1_96' title="bbox 1960 5007 3542 5078">
     <span class='ocr_line' id='line_1_97' title="bbox 1960 5007 3542 5078; baseline 0.004 -16"><span class='ocrx_word' id='word_1_608' title='bbox 1960 5007 2143 5064; x_wconf 82' lang='lat' dir='ltr'><strong>ﬂuunt</strong></span> <span class='ocrx_word' id='word_1_609' title='bbox 2184 5008 2272 5063; x_wconf 87' lang='lat' dir='ltr'><strong>bis</strong></span> <span class='ocrx_word' id='word_1_610' title='bbox 2319 5009 2414 5078; x_wconf 91' lang='lat' dir='ltr'><strong>qui</strong></span> <span class='ocrx_word' id='word_1_611' title='bbox 2471 5009 2677 5066; x_wconf 87' lang='lat' dir='ltr'><strong>habere</strong></span> <span class='ocrx_word' id='word_1_612' title='bbox 2732 5026 2792 5066; x_wconf 90' lang='lat' dir='ltr'><strong>se</strong></span> <span class='ocrx_word' id='word_1_613' title='bbox 2839 5025 2936 5065; x_wconf 89' lang='lat' dir='ltr'><strong>eas</strong></span> <span class='ocrx_word' id='word_1_614' title='bbox 2984 5009 3352 5078; x_wconf 87' lang='lat' dir='ltr'><strong>arbitrantur,</strong></span> <span class='ocrx_word' id='word_1_615' title='bbox 3413 5029 3542 5068; x_wconf 82' lang='lat' dir='ltr'><strong>mox</strong></span> 
     </span>
    </p>
   </div>
   <div class='ocr_carea' id='block_1_97' title="bbox 265 5100 1847 5176">
    <p class='ocr_par' dir='ltr' id='par_1_97' title="bbox 265 5103 1847 5176">
     <span class='ocr_line' id='line_1_98' title="bbox 265 5103 1847 5176; baseline 0 -20"><span class='ocrx_word' id='word_1_616' title='bbox 265 5123 367 5174; x_wconf 88' lang='grc' dir='ltr'><strong>γον</strong></span> <span class='ocrx_word' id='word_1_617' title='bbox 386 5104 442 5157; x_wconf 85' lang='grc' dir='ltr'><strong>δὲ</strong></span> <span class='ocrx_word' id='word_1_618' title='bbox 461 5104 811 5175; x_wconf 72' lang='grc' dir='ltr'>παραρρέων,</span> <span class='ocrx_word' id='word_1_619' title='bbox 829 5106 912 5168; x_wconf 84' lang='grc' dir='ltr'><strong>είς</strong></span> <span class='ocrx_word' id='word_1_620' title='bbox 928 5103 1121 5168; x_wconf 80' lang='grc' dir='ltr'>ἄλλους</span> <span class='ocrx_word' id='word_1_621' title='bbox 1142 5103 1462 5176; x_wconf 80' lang='grc' dir='ltr'>ἀπέρχεται.</span> <span class='ocrx_word' id='word_1_622' title='bbox 1487 5104 1664 5167; x_wconf 81' lang='grc' dir='ltr'>Μόνος</span> <span class='ocrx_word' id='word_1_623' title='bbox 1682 5104 1740 5158; x_wconf 77' lang='grc' dir='ltr'><strong>δὲ</strong></span> <span class='ocrx_word' id='word_1_624' title='bbox 1761 5108 1847 5176; x_wconf 82' lang='grc' dir='ltr'>τῆς</span> 
     </span>
    </p>
   </div>
   <div class='ocr_carea' id='block_1_98' title="bbox 1949 5100 3542 5176">
    <p class='ocr_par' dir='ltr' id='par_1_98' title="bbox 1962 5100 3542 5159">
     <span class='ocr_line' id='line_1_99' title="bbox 1962 5100 3542 5159; baseline 0.003 -4"><span class='ocrx_word' id='word_1_625' title='bbox 1962 5116 2096 5157; x_wconf 84' lang='lat' dir='ltr'><strong>vero</strong></span> <span class='ocrx_word' id='word_1_626' title='bbox 2152 5100 2452 5157; x_wconf 80' lang='lat' dir='ltr'><strong>renuentes</strong></span> <span class='ocrx_word' id='word_1_627' title='bbox 2489 5102 2557 5156; x_wconf 91' lang='lat' dir='ltr'><strong>ad</strong></span> <span class='ocrx_word' id='word_1_628' title='bbox 2606 5103 2746 5157; x_wconf 88' lang='lat' dir='ltr'><strong>alios</strong></span> <span class='ocrx_word' id='word_1_629' title='bbox 2792 5100 3090 5158; x_wconf 90' lang='lat' dir='ltr'><strong>accedunt.</strong></span> <span class='ocrx_word' id='word_1_630' title='bbox 3138 5101 3300 5157; x_wconf 86' lang='lat' dir='ltr'><strong>Solus</strong></span> <span class='ocrx_word' id='word_1_631' title='bbox 3354 5113 3542 5159; x_wconf 87' lang='lat' dir='ltr'><strong>autem</strong></span> 
     </span>
    </p>
   </div>
   <div class='ocr_carea' id='block_1_99' title="bbox 266 5193 1847 5266">
    <p class='ocr_par' dir='ltr' id='par_1_99' title="bbox 266 5195 1847 5266">
     <span class='ocr_line' id='line_1_100' title="bbox 266 5195 1847 5266; baseline -0.002 -15"><span class='ocrx_word' id='word_1_632' title='bbox 266 5197 521 5259; x_wconf 80' lang='grc' dir='ltr'>εὐποιίας</span> <span class='ocrx_word' id='word_1_633' title='bbox 556 5199 585 5249; x_wconf 87' lang='grc' dir='ltr'><strong>ό</strong></span> <span class='ocrx_word' id='word_1_634' title='bbox 614 5195 908 5266; x_wconf 81' lang='grc' dir='ltr'>θησαυρὸς,</span> <span class='ocrx_word' id='word_1_635' title='bbox 942 5195 1173 5265; x_wconf 83' lang='grc' dir='ltr'>μόνιμός</span> <span class='ocrx_word' id='word_1_636' title='bbox 1205 5196 1320 5248; x_wconf 74' lang='grc' dir='ltr'>ἐστι</span> <span class='ocrx_word' id='word_1_637' title='bbox 1344 5197 1462 5257; x_wconf 85' lang='grc' dir='ltr'>τοῖς</span> <span class='ocrx_word' id='word_1_638' title='bbox 1492 5195 1847 5266; x_wconf 77' lang='grc' dir='ltr'>κεκτημένοις</span> 
     </span>
    </p>
   </div>
   <div class='ocr_carea' id='block_1_100' title="bbox 1949 5193 3544 5266">
    <p class='ocr_par' dir='ltr' id='par_1_100' title="bbox 1963 5193 3544 5263">
     <span class='ocr_line' id='line_1_101' title="bbox 1963 5193 3544 5263; baseline 0.002 -15"><span class='ocrx_word' id='word_1_639' title='bbox 1963 5193 2344 5250; x_wconf 80' lang='lat' dir='ltr'><strong>beneﬁcentiae</strong></span> <span class='ocrx_word' id='word_1_640' title='bbox 2395 5195 2691 5250; x_wconf 87' lang='lat' dir='ltr'><strong>thesaurus</strong></span> <span class='ocrx_word' id='word_1_641' title='bbox 2732 5195 2948 5250; x_wconf 84' lang='lat' dir='ltr'><strong>stabilis</strong></span> <span class='ocrx_word' id='word_1_642' title='bbox 2997 5200 3082 5248; x_wconf 89' lang='lat' dir='ltr'><strong>est</strong></span> <span class='ocrx_word' id='word_1_643' title='bbox 3127 5194 3544 5263; x_wconf 87' lang='lat' dir='ltr'><strong>possidentibus</strong></span> 
     </span>
    </p>
   </div>
   <div class='ocr_carea' id='block_1_101' title="bbox 267 5285 1847 5359">
    <p class='ocr_par' dir='ltr' id='par_1_101' title="bbox 267 5287 1847 5359">
     <span class='ocr_line' id='line_1_102' title="bbox 267 5287 1847 5359; baseline 0 -17"><span class='ocrx_word' id='word_1_644' title='bbox 267 5288 437 5343; x_wconf 73' lang='grc' dir='ltr'>αὐτόν</span> <span class='ocrx_word' id='word_1_645' title='bbox 459 5303 473 5317; x_wconf 75' lang='grc'><strong>⁸</strong></span> <span class='ocrx_word' id='word_1_646' title='bbox 514 5287 621 5340; x_wconf 87' lang='grc' dir='ltr'><strong>τῶν</strong></span> <span class='ocrx_word' id='word_1_647' title='bbox 649 5289 758 5358; x_wconf 85' lang='grc' dir='ltr'>γὰρ</span> <span class='ocrx_word' id='word_1_648' title='bbox 794 5287 1019 5356; x_wconf 82' lang='grc' dir='ltr'>ἀγαθῶν</span> <span class='ocrx_word' id='word_1_649' title='bbox 1046 5287 1227 5359; x_wconf 76' lang='grc' dir='ltr'>ἔργων</span> <span class='ocrx_word' id='word_1_650' title='bbox 1253 5289 1311 5340; x_wconf 93' lang='grc' dir='ltr'>αί</span> <span class='ocrx_word' id='word_1_651' title='bbox 1349 5288 1572 5359; x_wconf 85' lang='grc' dir='ltr'>χάριτες</span> <span class='ocrx_word' id='word_1_652' title='bbox 1598 5290 1692 5342; x_wconf 63' lang='grc' dir='ltr'>επὶ</span> <span class='ocrx_word' id='word_1_653' title='bbox 1726 5290 1847 5353; x_wconf 73' lang='grc' dir='ltr'>τοὺς</span> 
     </span>
    </p>
   </div>
   <div class='ocr_carea' id='block_1_102' title="bbox 1949 5285 3543 5359">
    <p class='ocr_par' dir='ltr' id='par_1_102' title="bbox 1959 5285 3543 5346">
     <span class='ocr_line' id='line_1_103' title="bbox 1959 5285 3543 5346; baseline 0.004 -6"><span class='ocrx_word' id='word_1_654' title='bbox 1959 5302 2090 5341; x_wconf 91' lang='lat' dir='ltr'><strong>eum</strong></span> <span class='ocrx_word' id='word_1_655' title='bbox 2137 5303 2152 5341; x_wconf 89' lang='lat'><strong>:</strong></span> <span class='ocrx_word' id='word_1_656' title='bbox 2189 5287 2460 5341; x_wconf 88' lang='lat' dir='ltr'><strong>bonarum</strong></span> <span class='ocrx_word' id='word_1_657' title='bbox 2510 5288 2659 5343; x_wconf 88' lang='lat' dir='ltr'><strong>enim</strong></span> <span class='ocrx_word' id='word_1_658' title='bbox 2715 5287 2999 5343; x_wconf 88' lang='lat' dir='ltr'><strong>actionum</strong></span> <span class='ocrx_word' id='word_1_659' title='bbox 3040 5285 3303 5342; x_wconf 83' lang='lat' dir='ltr'><strong>meritum</strong></span> <span class='ocrx_word' id='word_1_660' title='bbox 3343 5290 3413 5346; x_wconf 89' lang='lat' dir='ltr'><strong>ad</strong></span> <span class='ocrx_word' id='word_1_661' title='bbox 3439 5305 3543 5346; x_wconf 83' lang='lat' dir='ltr'><strong>au-</strong></span> 
     </span>
    </p>
   </div>
   <div class='ocr_carea' id='block_1_103' title="bbox 268 5379 1847 5467">
    <p class='ocr_par' dir='ltr' id='par_1_103' title="bbox 268 5379 1137 5448">
     <span class='ocr_line' id='line_1_104' title="bbox 268 5379 1137 5448; baseline 0.003 -16"><span class='ocrx_word' id='word_1_662' title='bbox 268 5379 567 5443; x_wconf 86' lang='grc' dir='ltr'>ποιοῦντας</span> <span class='ocrx_word' id='word_1_663' title='bbox 599 5381 1137 5448; x_wconf 78' lang='grc' dir='ltr'>ὲπαναστρέφουσιν.</span> 
     </span>
    </p>
   </div>
   <div class='ocr_carea' id='block_1_104' title="bbox 1949 5379 2544 5467">
    <p class='ocr_par' dir='ltr' id='par_1_104' title="bbox 1961 5387 2544 5467">
     <span class='ocr_line' id='line_1_105' title="bbox 1961 5387 2544 5467; baseline 0 -33"><span class='ocrx_word' id='word_1_664' title='bbox 1961 5390 2144 5436; x_wconf 83' lang='lat' dir='ltr'><strong>ctores</strong></span> <span class='ocrx_word' id='word_1_665' title='bbox 2173 5387 2544 5467; x_wconf 76' lang='lat' dir='ltr'><strong>retorquetur.</strong></span> 
     </span>
    </p>
   </div>
   <div class='ocr_carea' id='block_1_105' title="bbox 1802 5500 2038 5559">
    <p class='ocr_par' dir='ltr' id='par_1_105' title="bbox 1802 5500 2038 5559">
     <span class='ocr_line' id='line_1_106' title="bbox 1802 5500 2038 5559; baseline 0.021 -5"><span class='ocrx_word' id='word_1_666' title='bbox 1802 5500 2038 5559; x_wconf 70' lang='grc' dir='ltr'><strong>ΝΟΤᾹΣ.</strong></span> 
     </span>
    </p>
   </div>
   <div class='ocr_carea' id='block_1_106' title="bbox 345 5589 1847 5676">
    <p class='ocr_par' dir='ltr' id='par_1_106' title="bbox 345 5589 1847 5676">
     <span class='ocr_line' id='line_1_107' title="bbox 345 5589 1847 5676; baseline 0.003 -32"><span class='ocrx_word' id='word_1_667' title='bbox 467 5591 615 5676; x_wconf 55' lang='grc' dir='ltr'><strong>’ζ’πὸ</strong></span> <span class='ocrx_word' id='word_1_668' title='bbox 805 5591 1014 5676; x_wconf 66' lang='grc' dir='ltr'><strong>αὑτοῆ.</strong></span> <span class='ocrx_word' id='word_1_669' title='bbox 1044 5589 1138 5676; x_wconf 71' lang='lat' dir='ltr'><strong>§ic</strong></span> <span class='ocrx_word' id='word_1_670' title='bbox 1167 5590 1428 5676; x_wconf 77' lang='lat' dir='ltr'><strong>_babetu_r</strong></span> <span class='ocrx_word' id='word_1_671' title='bbox 1456 5592 1513 5676; x_wconf 59' lang='grc' dir='ltr'>ἥρ</span> <span class='ocrx_word' id='word_1_672' title='bbox 1572 5592 1847 5650; x_wconf 74' lang='lat' dir='ltr'><strong>codicibus</strong></span> 
     </span>
    </p>
   </div>
   <div class='ocr_carea' id='block_1_107' title="bbox 1949 5589 3500 5676">
    <p class='ocr_par' dir='ltr' id='par_1_107' title="bbox 1962 5593 3500 5676">
     <span class='ocr_line' id='line_1_108' title="bbox 1962 5593 3500 5676; baseline -0.001 -25"><span class='ocrx_word' id='word_1_673' title='bbox 1962 5597 2023 5651; x_wconf 86' lang='lat' dir='ltr'><strong>in</strong></span> <span class='ocrx_word' id='word_1_674' title='bbox 2049 5593 2598 5676; x_wconf 39' lang='lat' dir='ltr'><strong>endit‘is‘tpuxtbpsvm.</strong></span> <span class='ocrx_word' id='word_1_675' title='bbox 2643 5593 2768 5676; x_wconf 55' lang='lat' dir='ltr'><strong>In.&quot;</strong></span> <span class='ocrx_word' id='word_1_676' title='bbox 2869 5664 2908 5676; x_wconf 39' lang='lat' dir='ltr'><strong>ﬁ</strong></span> <span class='ocrx_word' id='word_1_677' title='bbox 2990 5664 3002 5676; x_wconf 47' lang='lat'><strong>.</strong></span> <span class='ocrx_word' id='word_1_678' title='bbox 3077 5665 3113 5676; x_wconf 74' lang='lat'>_</span> <span class='ocrx_word' id='word_1_679' title='bbox 3159 5665 3198 5676; x_wconf 71' lang='lat'><em>_</em></span> <span class='ocrx_word' id='word_1_680' title='bbox 3488 5664 3500 5676; x_wconf 45' lang='lat'><em>.</em></span> 
     </span>
    </p>
   </div>
   <div class='ocr_carea' id='block_1_108' title="bbox 269 5661 1847 5749">
    <p class='ocr_par' dir='ltr' id='par_1_108' title="bbox 269 5661 1834 5749">
     <span class='ocr_line' id='line_1_109' title="bbox 269 5661 1834 5749; baseline -0.003 -30"><span class='ocrx_word' id='word_1_681' title='bbox 269 5661 574 5749; x_wconf 33' lang='lat' dir='ltr'><strong>Reg-iisin</strong></span> <span class='ocrx_word' id='word_1_682' title='bbox 603 5661 779 5749; x_wconf 43' lang='lat' dir='ltr'><strong>editis,</strong></span> <span class='ocrx_word' id='word_1_683' title='bbox 801 5677 934 5716; x_wconf 78' lang='lat' dir='ltr'><strong>vero</strong></span> <span class='ocrx_word' id='word_1_684' title='bbox 968 5663 1076 5749; x_wconf 51' lang='grc' dir='ltr'><strong>ὑπὸ</strong></span> <span class='ocrx_word' id='word_1_685' title='bbox 1101 5661 1196 5749; x_wconf 72' lang='grc' dir='ltr'><strong>τοῦ</strong></span> <span class='ocrx_word' id='word_1_686' title='bbox 1246 5661 1721 5749; x_wconf 43' lang='grc' dir='ltr'><strong>μὺτοῦ.’βλυξξυιι..</strong></span> <span class='ocrx_word' id='word_1_687' title='bbox 1794 5733 1834 5749; x_wconf 47' lang='grc' dir='ltr'>ἢ</span> 
     </span>
    </p>
   </div>
   <div class='ocr_carea' id='block_1_109' title="bbox 1949 5661 3542 5749">
    <p class='ocr_par' dir='ltr' id='par_1_109' title="bbox 2018 5661 3542 5749">
     <span class='ocr_line' id='line_1_110' title="bbox 2018 5661 3542 5749; baseline 0 -31"><span class='ocrx_word' id='word_1_688' title='bbox 2018 5665 2119 5749; x_wconf 51' lang='lat'><strong>“(9)</strong></span> <span class='ocrx_word' id='word_1_689' title='bbox 2150 5661 2402 5749; x_wconf 41' lang='lat' dir='ltr'><strong>separa.</strong></span> <span class='ocrx_word' id='word_1_690' title='bbox 2429 5661 2521 5749; x_wconf 83' lang='lat' dir='ltr'><strong>Sic</strong></span> <span class='ocrx_word' id='word_1_691' title='bbox 2547 5680 2614 5718; x_wconf 79' lang='lat' dir='ltr'><strong>ex</strong></span> <span class='ocrx_word' id='word_1_692' title='bbox 2647 5664 2845 5749; x_wconf 78' lang='lat' dir='ltr'><strong>codice</strong></span> <span class='ocrx_word' id='word_1_693' title='bbox 2869 5664 3040 5735; x_wconf 79' lang='lat' dir='ltr'><strong>Regio</strong></span> <span class='ocrx_word' id='word_1_694' title='bbox 3073 5665 3460 5749; x_wconf 69' lang='lat' dir='ltr'><strong>B._Perperam</strong></span> <span class='ocrx_word' id='word_1_695' title='bbox 3487 5664 3542 5719; x_wconf 90' lang='lat' dir='ltr'><strong>in</strong></span> 
     </span>
    </p>
   </div>
   <div class='ocr_carea' id='block_1_110' title="bbox 344 5729 1847 5804">
    <p class='ocr_par' dir='ltr' id='par_1_110' title="bbox 344 5729 1847 5804">
     <span class='ocr_line' id='line_1_111' title="bbox 344 5729 1847 5804; baseline 0.001 -18"><span class='ocrx_word' id='word_1_696' title='bbox 344 5729 424 5802; x_wconf 72' lang='lat'><strong>{7)</strong></span> <span class='ocrx_word' id='word_1_697' title='bbox 458 5729 536 5804; x_wconf 14' lang='lat' dir='ltr'><strong>7Tb</strong></span> <span class='ocrx_word' id='word_1_698' title='bbox 553 5731 801 5804; x_wconf 45' lang='lat' dir='ltr'><strong>rev-Grai</strong></span> <span class='ocrx_word' id='word_1_699' title='bbox 825 5749 960 5804; x_wconf 57' lang='lat' dir='ltr'><strong>mra</strong></span> <span class='ocrx_word' id='word_1_700' title='bbox 982 5733 1226 5787; x_wconf 73' lang='grc' dir='ltr'><strong>ἑαυτόν.</strong></span> <span class='ocrx_word' id='word_1_701' title='bbox 1248 5732 1310 5787; x_wconf 91' lang='lat' dir='ltr'><strong>ln</strong></span> <span class='ocrx_word' id='word_1_702' title='bbox 1366 5732 1558 5788; x_wconf 90' lang='lat' dir='ltr'><strong>codice</strong></span> <span class='ocrx_word' id='word_1_703' title='bbox 1593 5733 1763 5803; x_wconf 78' lang='lat' dir='ltr'><strong>Regio</strong></span> <span class='ocrx_word' id='word_1_704' title='bbox 1793 5733 1847 5788; x_wconf 87' lang='grc' dir='ltr'><strong>Β.</strong></span> 
     </span>
    </p>
   </div>
   <div class='ocr_carea' id='block_1_111' title="bbox 1949 5729 3289 5804">
    <p class='ocr_par' dir='ltr' id='par_1_111' title="bbox 1966 5729 3289 5804">
     <span class='ocr_line' id='line_1_112' title="bbox 1966 5729 3289 5804; baseline -0.001 -13"><span class='ocrx_word' id='word_1_705' title='bbox 1966 5729 2135 5791; x_wconf 77' lang='lat' dir='ltr'><strong>editis</strong></span> <span class='ocrx_word' id='word_1_706' title='bbox 2173 5729 2424 5802; x_wconf 79' lang='grc' dir='ltr'>δώματα,</span> <span class='ocrx_word' id='word_1_707' title='bbox 2458 5745 2606 5789; x_wconf 84' lang='lat' dir='ltr'><strong>utex</strong></span> <span class='ocrx_word' id='word_1_708' title='bbox 2629 5743 2888 5790; x_wconf 79' lang='lat' dir='ltr'><strong>contextu</strong></span> <span class='ocrx_word' id='word_1_709' title='bbox 2933 5729 3181 5804; x_wconf 63' lang='lat' dir='ltr'><strong>a&#39;pparet.</strong></span> <span class='ocrx_word' id='word_1_710' title='bbox 3215 5729 3289 5790; x_wconf 50' lang='lat' dir='ltr'><strong>In:</strong></span> 
     </span>
    </p>
   </div>
   <div class='ocr_carea' id='block_1_112' title="bbox 268 5800 1847 5878">
    <p class='ocr_par' dir='ltr' id='par_1_112' title="bbox 268 5800 1696 5878">
     <span class='ocr_line' id='line_1_113' title="bbox 268 5800 1696 5878; baseline 0.001 -22"><span class='ocrx_word' id='word_1_711' title='bbox 268 5802 348 5856; x_wconf 78' lang='grc' dir='ltr'><strong>Τὸ</strong></span> <span class='ocrx_word' id='word_1_712' title='bbox 372 5800 578 5878; x_wconf 61' lang='grc' dir='ltr'>γνῶναι</span> <span class='ocrx_word' id='word_1_713' title='bbox 615 5801 970 5878; x_wconf 39' lang='grc' dir='ltr'>ἑαυτούςκιυ.</span> <span class='ocrx_word' id='word_1_714' title='bbox 1060 5873 1074 5878; x_wconf 88' lang='lat'>_</span> <span class='ocrx_word' id='word_1_715' title='bbox 1199 5843 1242 5878; x_wconf 19' lang='lat'><strong>_.</strong></span> <span class='ocrx_word' id='word_1_716' title='bbox 1320 5873 1331 5878; x_wconf 84' lang='lat'><strong>_</strong></span> <span class='ocrx_word' id='word_1_717' title='bbox 1434 5872 1469 5878; x_wconf 93' lang='lat'><em>_</em></span> <span class='ocrx_word' id='word_1_718' title='bbox 1553 5873 1586 5878; x_wconf 88' lang='lat'><em>_</em></span> <span class='ocrx_word' id='word_1_719' title='bbox 1678 5800 1696 5803; x_wconf 65' lang='grc'><em>’</em></span> 
     </span>
    </p>
   </div>
   <div class='ocr_carea' id='block_1_113' title="bbox 1949 5800 3528 5878">
    <p class='ocr_par' dir='ltr' id='par_1_113' title="bbox 1976 5800 3528 5878">
     <span class='ocr_line' id='line_1_114' title="bbox 1976 5800 3528 5878; baseline -0.001 -20"><span class='ocrx_word' id='word_1_720' title='bbox 1976 5875 1985 5878; x_wconf 88' lang='lat'>_</span> <span class='ocrx_word' id='word_1_721' title='bbox 2035 5805 2161 5878; x_wconf 3' lang='grc'><strong>(10),</strong></span> <span class='ocrx_word' id='word_1_722' title='bbox 2184 5800 2278 5878; x_wconf 49' lang='grc' dir='ltr'><strong>ἶΩιξ</strong></span> <span class='ocrx_word' id='word_1_723' title='bbox 2307 5805 2626 5878; x_wconf 55' lang='grc' dir='ltr'>δύνασθαι.</span> <span class='ocrx_word' id='word_1_724' title='bbox 2654 5807 2711 5860; x_wconf 90' lang='lat' dir='ltr'><strong>In</strong></span> <span class='ocrx_word' id='word_1_725' title='bbox 2748 5800 3038 5862; x_wconf 64' lang='lat' dir='ltr'><strong>codicibus</strong></span> <span class='ocrx_word' id='word_1_726' title='bbox 3096 5805 3282 5877; x_wconf 79' lang='lat' dir='ltr'><strong>Regiis</strong></span> <span class='ocrx_word' id='word_1_727' title='bbox 3335 5800 3528 5878; x_wconf 89' lang='lat' dir='ltr'><strong>legitur</strong></span> 
     </span>
    </p>
   </div>
   <div class='ocr_carea' id='block_1_114' title="bbox 342 5872 1847 5944">
    <p class='ocr_par' dir='ltr' id='par_1_114' title="bbox 342 5872 1847 5944">
     <span class='ocr_line' id='line_1_115' title="bbox 342 5872 1847 5944; baseline -0.001 -15"><span class='ocrx_word' id='word_1_728' title='bbox 342 5873 424 5941; x_wconf 81' lang='lat'><strong>(8)</strong></span> <span class='ocrx_word' id='word_1_729' title='bbox 463 5873 840 5942; x_wconf 62' lang='grc' dir='ltr'>Ίρυχόιιενοι.</span> <span class='ocrx_word' id='word_1_730' title='bbox 865 5873 945 5928; x_wconf 87' lang='lat' dir='ltr'><strong>Ita</strong></span> <span class='ocrx_word' id='word_1_731' title='bbox 975 5873 1149 5929; x_wconf 82' lang='lat' dir='ltr'><strong>codex</strong></span> <span class='ocrx_word' id='word_1_732' title='bbox 1199 5873 1406 5944; x_wconf 81' lang='lat' dir='ltr'><strong>Regius</strong></span> <span class='ocrx_word' id='word_1_733' title='bbox 1434 5872 1494 5927; x_wconf 87' lang='grc' dir='ltr'><strong>Β.</strong></span> <span class='ocrx_word' id='word_1_734' title='bbox 1553 5873 1847 5944; x_wconf 88' lang='lat' dir='ltr'><strong>Perperam</strong></span> 
     </span>
    </p>
   </div>
   <div class='ocr_carea' id='block_1_115' title="bbox 1949 5872 2523 5944">
    <p class='ocr_par' dir='ltr' id='par_1_115' title="bbox 1957 5875 2523 5940">
     <span class='ocr_line' id='line_1_116' title="bbox 1957 5875 2523 5940; baseline 0.002 -12"><span class='ocrx_word' id='word_1_735' title='bbox 1957 5875 2032 5940; x_wconf 85' lang='grc' dir='ltr'><strong>ὡς</strong></span> <span class='ocrx_word' id='word_1_736' title='bbox 2069 5877 2128 5928; x_wconf 74' lang='grc' dir='ltr'><strong>τὸ</strong></span> <span class='ocrx_word' id='word_1_737' title='bbox 2145 5875 2421 5931; x_wconf 75' lang='grc' dir='ltr'>δύνασθαι.</span> <span class='ocrx_word' id='word_1_738' title='bbox 2446 5877 2523 5930; x_wconf 85' lang='lat' dir='ltr'><strong>In.</strong></span> 
     </span>
    </p>
   </div>
   <div class='ocr_carea' id='block_1_116' title="bbox 2601 4732 2894 4788">
    <p class='ocr_par' dir='ltr' id='par_1_116' title="bbox 2601 4732 2894 4788">
     <span class='ocr_line' id='line_1_117' title="bbox 2601 4732 2894 4788; baseline -0.007 0"><span class='ocrx_word' id='word_1_739' title='bbox 2601 4732 2754 4788; x_wconf 83' lang='lat' dir='ltr'><strong>CAP.</strong></span> <span class='ocrx_word' id='word_1_740' title='bbox 2784 4733 2894 4787; x_wconf 75' lang='grc' dir='ltr'><strong>νη.</strong></span> 
     </span>
    </p>
   </div>
  </div>
