4220 6442
764 407 898 472 1167

1384 511 1537 568 CAP.
1576 508 1713 565 VIII.

835 615 1154 668 lnaccessus
1202 605 1429 680 quidem
1473 599 1697 656 exsistis
1746 594 2070 651 hominibus
2119 598 2348 662 propter

759 701 1151 761 celsitudinem
1203 699 1372 769 hujus
1412 690 1563 763 quod
1609 689 1701 742 hic
1738 686 1999 741 deorsum
2031 691 2137 747 est,
2169 683 2348 751 impe-

759 798 830 852 rii
863 814 878 851 :
912 795 1095 850 facilis
1130 806 1259 846 rero
1291 787 1446 842 aditu
1477 798 1538 838 es
1569 778 1951 851 indigentibus
1989 776 2062 830 oh
2094 775 2206 828 vim
2251 789 2348 842 su-

759 905 951 961 perna:
1005 887 1155 941 illius
1201 869 1535 955 potestatis:
1590 885 1760 945 atque
1807 869 1994 942 aperis
2042 882 2207 922 aures
2262 866 2350 919 his

759 958 856 1052 qui
916 997 948 1035 a
1005 984 1335 1049 paupertate
1392 969 1749 1031 obsidentur,
1813 975 1874 1019 ut
1939 960 2194 1018 invenias
2251 958 2354 1027 Dei

759 1074 1015 1128 auditum
1061 1071 1411 1140 adapertum.
1473 1063 1676 1130 Quales
1735 1058 1884 1113 enim
1932 1070 2064 1124 erga
2131 1063 2352 1108 nostros

758 1167 1032 1221 fuerimus
1064 1175 1387 1224 conservos,
1434 1158 1599 1211 talem
1655 1154 1802 1207 circa
1855 1163 1958 1204 nos
2005 1146 2351 1218 reperiemus

757 1259 1078 1313 Dominum.

1419 1362 1570 1418 CAP.
1601 1359 1692 1415 IX.

826 1465 1139 1521 Sollicitam
1187 1456 1543 1529 imperatoris
1587 1452 1828 1506 animam
1882 1444 2092 1518 speculi
2135 1443 2188 1496 in
2227 1454 2350 1494 mo-

761 1533 918 1616 dum.
950 1551 1196 1621 abstergi
1256 1554 1500 1618 oportet,
1564 1553 1625 1597 ut
1690 1538 1900 1593 divinis
1957 1529 2352 1603 splenderibus

761 1661 983 1718 semper
1023 1617 1307 1702 coruscet,
1342 1649 1642 1702 rerumque
1674 1628 1937 1684 distincta
1966 1622 2177 1696 judicia
2221 1617 2350 1672 inde
2394 1670 2408 1681 ,,

758 1707 1065 1794 condiscat.
1111 1729 1261 1787 Nihil
1305 1727 1456 1782 enim
1500 1733 1609 1778 tam
1641 1719 1861 1776 confert
1896 1715 1965 1770 ad
2008 1707 2352 1783 perspicien-

760 1831 895 1885 dum
927 1825 1063 1898 quid
1106 1824 1254 1878 facto
1285 1835 1430 1890 opus
1462 1819 1535 1872 sit
1564 1834 1577 1869 :
1613 1824 1932 1885 quanquam
1972 1808 2016 1861 si
2055 1821 2122 1859 ea
2153 1816 2352 1874 perpe-

759 1933 858 1977 tuo
885 1935 1025 1992 pura
1052 1923 1344 1977 servetur,
1389 1911 1522 1966 facit
1563 1922 1685 1977 qua:
1728 1901 2039 1974 peragenda
2068 1905 2353 1952 suntcon-

759 2017 1000 2086 spicere,
1037 2021 1205 2078 atque
1251 2002 1534 2061 custodire
1579 2013 1701 2054 eam
1750 2005 2022 2067 perpetuo
2050 1992 2346 2045 sinceram.

1425 2116 1579 2174 CAP.
1609 2115 1680 2170 Χ.

838 2221 1018 2278 Sicuti
1087 2215 1235 2288 apud
1297 2212 1660 2282 navigantes,
1720 2221 1846 2260 cum
1925 2211 2093 2257 nauta
2176 2209 2351 2266 errat,

760 2315 1043 2374 modicum
1087 2309 1250 2366 aﬂ'ert
1292 2302 1688 2374 navigantibus
1731 2305 2131 2353 nocumcntum
2168 2311 2180 2347 :
2223 2308 2352 2346 cum

761 2426 896 2467 vero
945 2409 1064 2478 ipse
1105 2403 1470 2475 gubernator,
1512 2393 1685 2448 totius
1719 2389 1889 2445 efficit
1919 2386 2126 2458 navigii
2159 2384 2352 2456 perni-

761 2505 905 2561 ciem
933 2476 1078 2555 :Vsic
1125 2506 1184 2551 et
1232 2494 1286 2548 in
1341 2487 1688 2550 civitatibus,
1737 2484 1783 2539 si
1831 2481 1960 2552 quis
2005 2495 2074 2535 ex
2113 2476 2356 2534 subditis

759 2600 978 2665 peccet,
1027 2603 1138 2644 non
1185 2595 1298 2640 tam
1371 2578 1806 2650 rempublicam,
1867 2586 2036 2642 quam
2109 2569 2354 2638 seipsuin

762 2659 915 2742 Izdit
962 2702 974 2737 :
1029 2682 1117 2736 sin
1162 2693 1296 2731 vero
1335 2674 1454 2744 ipse
1520 2672 1802 2741 princeps,
1859 2664 2136 2719 universae
2188 2659 2358 2714 infert

763 2775 1086 2848 reipublicae
1118 2769 1538 2825 detrimentum.
1577 2761 1627 2815 Is
1655 2759 1823 2828 igitur
1870 2766 1931 2810 ut
1958 2769 2071 2808 non
2098 2751 2356 2820 exiguam

761 2845 1091 2926 redditurus
1139 2863 1454 2920 rationem,
1505 2855 1553 2908 si
1603 2851 1739 2921 quid
1793 2845 2100 2918 neglexerit
2157 2857 2356 2896 eorum

763 2977 888 3032 qua:
921 2959 1067 3013 facto
1105 2967 1248 3023 opus
1274 2959 1426 3010 sunt,
1460 2943 1738 3014 exquisita
1776 2937 2068 3008 diligentia
2101 2942 2160 2988 et
2195 2932 2360 2988 dicti-

767 3064 843 3112 tet
868 3055 1069 3109 cuncta
1102 3059 1160 3102 et
1187 3043 1423 3100 factitet.

1423 3150 1578 3206 CAP.
1620 3145 1711 3201 XI.

2081 389 2406 450 AGAPETI
2450 385 2758 447 DIACONI

3902 381 4048 446 1268

3043 497 3295 552 ΚΕΦΑΛ.
3365 497 3448 554 II'.

2542 592 2861 660 Ἀπρόσιτος
2890 590 2991 660 μὶν
3027 591 3297 661 ὑπάρχεις
3337 590 3652 662 ἀνθρώποις
3691 591 3783 646 διά
3818 593 3883 645 τὸ
3914 593 4054 664 ὕψος

2456 683 2554 752 τῆς
2585 681 2739 736 κάτω
2769 681 3053 752 βασιλείας
3079 699 3092 712 ⁸
3127 685 3453 758 εὐπρόσιτος⁵
3490 686 3546 738 δὲ
3587 686 3711 757 γίνῃ
3764 689 3882 752 τοῖς
3932 688 4053 742 δεο-

2459 775 2645 844 μένοις
2677 774 2768 829 διά
2799 774 2859 828 τὸ
2888 774 3090 844 κράτος
3119 777 3218 845 τῆς
3251 777 3366 830 ἄνω
3389 777 3777 842 ἐξουσίας-καὶ
3807 782 4053 850 ἀνοίγεις

2456 870 2524 922 τά
2543 863 2658 922 ὦτα
2682 871 2794 932 τοῖς
2837 868 2944 922 ὑπὸ
2979 869 3172 932 πενίας
3198 870 3716 942 πολιορκουμένοις,
3747 872 3835 928 ἵνα
3882 875 4052 945 εὕρῃς

2456 966 2558 1034 τὴν
2589 964 2688 1018 τοῦ
2725 963 2865 1018 Θεοῦ
2899 963 3077 1034 ἀκοὴν
3119 965 3504 1037 ἀνεῳγμένην.
3541 964 3656 1021 Dio:
3685 971 3798 1040 γὰρ
3841 969 3910 1022 ἂν
3937 974 4053 1032 τοῖς

2455 1055 2750 1126 ἡμετέροις
2775 1055 3066 1126 γενώμεθα
3102 1057 3434 1123 συνδούλοις,
3465 1058 3710 1114 τοιοῦτον
3740 1063 3874 1130 περὶ
3901 1063 4052 1130 ἡμᾶς

2459 1150 2768 1222 εὑρήσομεν
2805 1148 2898 1202 τὸν
2928 1150 3236 1222 Δεσπότην.

3063 1348 3317 1403 ΚΕΦΔΛ.
3367 1350 3444 1402 Θ’.

2529 1441 2642 1510 Τὴν
2669 1441 3080 1512 πολυμέριμνον
3101 1440 3195 1494 τοῦ
3219 1439 3482 1510 βασιλέως
3502 1441 3703 1514 ψυχὴν,
3724 1446 4042 1515 κατόπτρου

2447 1532 2615 1618 ’δίκην
2645 1535 2788 1585 ἀποσ
2801 1532 3072 1602 μήχεσθαι
3101 1531 3231 1602 χρὴ,
3269 1532 3356 1585 ἵνα
3380 1535 3501 1595 ταῖς
3532 1533 3712 1596 θείαις
3740 1535 3943 1603 αὐγαῖς
3965 1538 4049 1589 ἀεὶ

2458 1625 2976 1699 καταστράπτιηται,
3010 1623 3108 1676 καὶ
3143 1619 3252 1674 τῶν
3295 1623 3645 1693 πραγμάτων
3686 1625 3790 1688 τὰς
3835 1627 4049 1694 κρίσεις

2458 1714 2670 1796 ἐκεῖθεν
2694 1715 3039 1784 διδάσκηται.
3077 1717 3244 1772 Οὐδὲν
3273 1716 3384 1788 γὰρ
3409 1715 3558 1770 οὑτω
3579 1719 3728 1770 ποιεῖ
3757 1718 3829 1770 τά
3851 1718 4044 1771 δέοντα

2461 1805 2725 1876 καθορᾷν,
2760 1806 2836 1868 ὡς
2863 1805 2924 1858 τὸ
2955 1805 3258 1875 φυλάσσειν
3281 1805 3502 1875 ἐκείνην
3530 1803 3620 1858 διὰ
3654 1804 3857 1866 παντὸς
3886 1805 4052 1858 καθα-

2459 1895 2582 1969 ράν.

3075 2099 3326 2154 ΚΕΦΔΔ.
3375 2101 3432 2152 ι’.

2531 2193 2750 2262 Ὠσπερ
2781 2193 2874 2246 ἐπὶ
2913 2191 3024 2244 τῶν
3069 2193 3369 2252 πλεόντων.
3413 2195 3545 2247 ὅταν
3607 2193 3707 2263 μὲν
3769 2195 3801 2246 ὁ
3853 2191 4050 2257 ναύτης

2459 2284 2665 2355 σφαλῇ,
2700 2285 2909 2357 μικρὰν
2936 2286 3092 2354 φέρει
3118 2286 3236 2349 τοῖς
3264 2283 3606 2355 συμπλέουσι
3633 2281 3879 2354 βλάϐην
3926 2283 4052 2336 ὅταν

2454 2376 2512 2430 δὲ
2544 2376 2706 2439 αὐτὸς
2735 2377 2765 2429 ό
2789 2375 3158 2449 κυϐερνήτης,
3183 2377 3388 2442 παντὸς
3417 2377 3719 2450 ἐργάζεται
3737 2373 3837 2431 τοῦ
3863 2373 4054 2428 πλοίου

2457 2471 2742 2524 ἀπώλειαν
2772 2510 2788 2534 ,
2819 2471 2964 2525 οὑτω
3003 2471 3098 2525 καὶ
3126 2472 3187 2525 ὲν
3233 2471 3358 2534 ταῖς
3402 2469 3648 2534 πόλεσιν,
3683 2469 3752 2522 ἀν
3823 2469 3929 2538 μέν
3974 2485 4053 2529 τις

2456 2563 2565 2618 τῶν
2611 2562 2935 2634 ἀρχομένων
2990 2563 3239 2635 ἁμάρτῃ,
3279 2564 3342 2617 οὑ
3399 2561 3465 2615 τὸ
3511 2561 3696 2616 κοινὸν
3752 2560 4016 2614 τοσοῦτον
4040 2599 4054 2619 ,

2454 2657 2581 2710 ὅσον
2607 2655 2801 2708 ἑαυτὸν
2830 2653 3038 2707 ἀδικεῖ·
3068 2653 3136 2707 ἂν
3164 2653 3224 2706 δὶ
3263 2652 3426 2715 αὐτὸς
3451 2652 3482 2704 ό
3511 2652 3716 2722 ἄρχων,
3734 2650 3932 2718 πάσης
3965 2650 4054 2717 έρ-

2458 2747 2690 2816 γάζεται
2718 2745 2822 2816 τῆς
2844 2745 3125 2807 πολιτείας
3153 2744 3255 2818 τὴν
3295 2743 3522 2814 βλάϐην.
3553 2743 3643 2806 Ὠς
3669 2735 3765 2795 οὐν
3809 2739 4054 2810 μεγάλας

2460 2838 2674 2909 ὑφέξων
2701 2838 2956 2902 εὐθύνας,
2985 2837 3038 2890 ει
3079 2852 3133 2888 τι
3178 2836 3401 2906 παρίδοι
3444 2834 3556 2888 τῶν
3593 2834 3850 2897 δεόντων,
3913 2833 4054 2901 μετὰ

2460 2933 2665 3002 πολλῆς
2699 2929 2992 3002 ἀκριϐείας
3016 2929 3112 2983 καὶ
3141 2929 3356 2997 λεγέτω
3382 2929 3564 2982 πάντα
3595 2929 3690 2980 καὶ
3732 2927 4050 2996 πραττέτω.

3042 3116 3304 3181 ηελλ.
3347 3123 3452 3179 IA'.

831 3255 1097 3314 Circulus
1123 3247 1351 3320 quidam
1382 3243 1752 3320 humanarum
1799 3230 2106 3288 revolvitur
2145 3241 2356 3289 rerum,

2533 3223 2750 3286 Κύκλος
2778 3239 2863 3286 τις
2900 3221 3011 3274 τῶν
3054 3219 3414 3290 ἀνθρωπίνων
3451 3216 3771 3287 περιτρέχει
3798 3216 4054 3285 πραγμά-

765 3353 861 3422 qui
899 3347 1064 3404 modo
1105 3318 1209 3406 sic,
1261 3337 1426 3394 modo
1448 3318 1610 3389 aliier
1652 3329 1826 3399 agitat
1861 3325 2009 3396 ipsas
2038 3329 2096 3377 et
2118 3321 2360 3376 circum-

765 3410 919 3501 l'ert:
958 3449 1128 3508 atque
1174 3434 1232 3488 in
1267 3431 1358 3488 his
1395 3423 1744 3495 inatqualitas
1779 3426 1888 3482 est,
1932 3431 2002 3471 eo
2037 3412 2188 3485 quod
2218 3410 2357 3466 nihil

765 3553 832 3592 ex
879 3504 1252 3604 praesentibus
1290 3523 1348 3577 in
1394 3521 1594 3574 eodem
1644 3521 1796 3568 statu
1839 3516 2082 3565 maneat.
2124 3504 2360 3574 Oportet

766 3601 935 3701 igitur
981 3635 1058 3689 te,
1115 3615 1502 3691 potentissime
1542 3611 1867 3678 imperator.
1910 3603 1968 3658 in
2020 3601 2123 3655 hac
2168 3613 2354 3653 rerum

767 3690 1019 3773 versatili
1049 3690 1374 3768 'mutatione
1421 3698 1826 3758 immutabilem
1867 3694 2072 3750 habere
2131 3690 2358 3761 pietatis

769 3810 1182 3883 cogitationem.

1399 3909 1554 3966 CAP.
1598 3906 1717 3962 XII.

840 4020 1108 4072 Aversare
1150 4008 1504 4064 adulatorum
1551 4000 1778 4055 fallaces
1801 3997 2111 4054 sermones,
2149 3997 2359 4044 utcor-

778 4122 971 4162 votum
1016 4115 1249 4174 rapaces
1281 4109 1466 4152 mores
1492 4111 1507 4147 :
1536 4091 1616 4147 illi
1651 4101 1889 4158 namque
1926 4082 2179 4153 corporis
2215 4077 2356 4134 effo-

767 4201 933 4255 diunt
957 4171 1183 4258 oculos;
1209 4190 1302 4246 isti
1333 4195 1518 4242 autem
1543 4181 1742 4236 anima:
1772 4178 2034 4232 hebetant
2058 4171 2354 4242 cogitatus,

770 4305 897 4344 eum
949 4301 1059 4341 non
1108 4278 1438 4352 permittant
1465 4270 1784 4343 perspicere
1815 4277 2000 4320 rerum
2022 4260 2313 4315 veritatem
2340 4272 2352 4308 :

771 4385 857 4436 vel
883 4380 1035 4435 enim
1058 4370 1454 4430 commendant
1477 4372 1897 4430 nonnunquam,
1918 4350 2357 4424 reprehensione

772 4492 894 4546 quae
951 4471 1117 4541 digna
1168 4472 1329 4525 sunt;
1385 4459 1472 4513 vel
1529 4449 1955 4525 reprehendunt
2005 4447 2353 4515 plerumque,

773 4583 846 4636 qu

774 4661 842 4712 ab
877 4655 1013 4725 ipsis
1035 4647 1439 4705 committatur,
1496 4641 1585 4693 vel
1615 4649 1914 4706 pravorum
1940 4632 2084 4690 laus,
2110 4627 2198 4681 vel
2225 4627 2360 4680 cen-

776 4747 1100 4804 tumeliosus
1135 4743 1410 4793 bonorum
1441 4737 1811 4798 contemptus.

1385 4843 1538 4898 CAP.
1589 4837 1730 4892 XIII.

845 4947 1135 5019 Aiqualem
1178 4945 1399 5010 Oportet
1424 4946 1659 5010 semper
1688 4942 1812 4981 esse
1864 4919 2216 4994 imperatoris
2238 4915 2360 4970 aui-

779 5055 929 5096 mum
955 5056 969 5091 :
996 5031 1198 5091 mutari
1221 5032 1370 5083 enim
1399 5007 1499 5095 pro
1527 5033 1712 5074 rerum
1742 5012 2125 5072 varietatibus,
2157 5004 2360 5061 mentis

778 5128 1056 5188 instabilis
1101 5127 1491 5194 argumentum
1541 5109 1830 5166 efﬁcitur:
1883 5104 2119 5159 firmiter
2172 5107 2357 5153 autem

775 5225 939 5280 bonis
992 5220 1287 5278 inhaerere,
1339 5213 1398 5266 in
1441 5224 1548 5280 qua
1603 5203 1864 5259 firmitate
1911 5197 2064 5267 pium
2111 5200 2358 5247 vestrum

775 5311 1196 5371 corroboratum
1247 5309 1306 5356 et
1355 5301 1522 5353 fixum
1567 5303 1655 5349 est
1707 5287 2025 5360 imperium,
2065 5291 2144 5346 et,
2177 5293 2359 5348 neque

777 5420 948 5474 usque.
995 5399 1064 5455 ad
1117 5391 1468 5450 insolentiam
1526 5385 1752 5448 extolli,
1812 5394 1994 5449 neque
2054 5389 2229 5445 usque
2288 5370 2357 5426 ad

773 5497 946 5552 animi
993 5485 1510 5547 consternationem
1560 5476 1750 5548 dejici,
1800 5473 2002 5527 intuta
2034 5467 2207 5524 veluti
2238 5463 2359 5520 basi

777 5586 1148 5644 stabilitomm
1195 5588 1280 5633 est
1315 5557 1623 5635 hominum,
1661 5567 2014 5634 animamque
2068 5562 2362 5617 inconcus-

771 5697 890 5740 sam
924 5676 1270 5733 habentium.

1405 5754 1559 5809 CAP.
1588 5751 1725 5806 XIV.

839 5864 895 5921 Si
924 5860 1048 5934 quis
1095 5868 1296 5928 purum
1339 5849 1505 5904 habet
1543 5845 1843 5912 cogitatum
1876 5841 1944 5895 ab
1976 5836 2234 5893 humanis
2268 5850 2357 5890 er-

2461 3335 2590 3380 των,
2621 3315 2811 3368 ἀλλοτε
2846 3312 3024 3376 ἄλλως
3053 3311 3237 3382 φέρων
3267 3309 3409 3365 αὐτὰ
3437 3310 3532 3362 καὶ
3565 3309 3888 3378 περιφέρων
3923 3325 3938 3338 ·
3965 3309 4056 3360 καὶ

2459 3410 2671 3471 τούτοις
2724 3407 2980 3476 ἀνισότης
3029 3403 3258 3467 ἐστὶ,τὸ
3289 3402 3460 3474 μηδὲν
3504 3401 3615 3454 τῶν
3662 3401 3962 3470 παρόντων
3999 3400 4056 3452 ἐν

2460 3500 2749 3568 ταυτότητι
2785 3496 2990 3568 μένειν.
3021 3495 3114 3546 Δεῖ
3139 3491 3236 3546 οὐν
3275 3508 3338 3545 σε
3362 3532 3378 3557 ,
3413 3491 3675 3561 κράτιστε
3710 3489 3963 3557 βασιλεῦ,
4001 3491 4055 3541 ἑν

2459 3595 2524 3663 τῇ
2553 3590 2762 3644 τούτων
2791 3585 3152 3658 ἀγχιστρόφῳ
3179 3582 3479 3656 μεταϐολῇ,
3497 3579 3886 3652 ἀμετάϐλητον
3915 3581 4055 3650 ἔχειν

2460 3685 2553 3738 τὸν
2578 3681 2781 3751 εὐσεϐῆ
2815 3678 3098 3748 λογισμόν.

3056 3876 3307 3930 ΚΕΦΑΛ.
3348 3873 3453 3928 IB'.

2543 3977 2915 4047 Ἀποστρέφου
2943 3971 3053 4024 τῶν
3077 3967 3325 4022 κολάκων
3345 3965 3474 4027 τοὺς
3497 3962 3817 4032 ἀπατηλοὺς
3839 3962 4053 4030 λόγους,

2459 4075 2650 4143 ὥσπερ
2681 4070 2791 4124 τῶν
2821 4066 3079 4138 κοράκων
3108 4064 3233 4126 τοὺς
3264 4058 3653 4132 ἀρπακτικοὺς
3687 4056 3935 4126 τρόπους
3962 4074 3976 4087 ο
4009 4061 4054 4110 oi

2463 4165 2565 4235 μὲν
2588 4163 2700 4233 γὰρ
2719 4160 2848 4222 τοὺς
2877 4155 2973 4211 τοῦ
3011 4153 3267 4225 σώματος
3296 4152 3685 4221 ἑξορύττουσιν
3710 4149 4052 4220 ὀφθαλμούς

2458 4258 2507 4310 οἱ
2554 4254 2634 4319 δὲ,
2690 4253 2818 4330 τοὺς
2864 4249 2964 4319 τῆς
3018 4245 3199 4318 ψυχῆς
3257 4242 3660 4314 ὲξαμϐλὺνουσι
3712 4240 4052 4310 λογισμοὺς,

2463 4349 2542 4419 μὴ
2599 4341 3016 4415 συγχωροῦντες
3061 4341 3196 4411 ὸρᾷν
3247 4336 3349 4408 τὴν
3383 4335 3494 4392 τῶν
3535 4333 3886 4406 πραγμάτων
3927 4333 4055 4406 did;-

2460 4444 2636 4496 θειαν.
2668 4441 2737 4491 Ἢ
2765 4438 2878 4509 γὰρ
2906 4433 3231 4490 ἐπαινοῦσιν
3257 4430 3375 4484 ἔσθ’
3403 4431 3493 4485 ὅτε
3525 4429 3595 4481 τά
3627 4427 3800 4497 ψόγου
3835 4425 3990 4490 ἀξια,
4022 4429 4052 4492 ἢ

851 4581 898 4619 ιιι
926 4517 1078 4616 omini
1114 4555 1277 4613 laude
1303 4559 1434 4607 sunt
1478 4547 1686 4617 majora
1713 4562 1725 4596 :
1761 4551 1823 4596 ut
1851 4540 2091 4595 duorum
2121 4535 2356 4619 alteer

2462 4535 2695 4605 ψέγουσι
2721 4529 2986 4591 πολλάκις
3018 4527 3090 4580 τὰ
3127 4523 3370 4578 ἐπαίνων
3401 4521 3692 4592 κρείττονα
3720 4534 3735 4548 ·
3774 4518 3867 4570 ἵνα
3911 4517 4055 4569 δυοῖν

2463 4629 2692 4698 θάτερον
2724 4625 2908 4686 αὐτοῖς
2933 4615 3400 4690 άμαρτάνηται,ἦ
3431 4613 3492 4666 τὸ
3521 4611 3692 4665 κακὸν
3717 4608 4054 4678 ἐπαινούμε-

2461 4737 2572 4787 νον,
2607 4721 2640 4790 ﬂ
2672 4719 2730 4771 τὸ
2752 4716 2917 4770 καλὸν
2944 4712 3324 4784 ὑϐριζόμενον.

3055 4803 3309 4858 ΚΕΦΔΔ.
3350 4799 3452 4852 ΙΓ⁹.

2535 4906 2679 4958 Ἰσον
2711 4896 2852 4955 εἶναι
2871 4897 2976 4968 χρὴ
2999 4896 3233 4950 πάντοτε
3257 4890 3350 4946 τοῦ
3377 4886 3645 4960 βασιλέως
3673 4885 3738 4938 τὸ
3767 4884 4050 4954 φρόνημαο

2460 4998 2520 5052 τὸ
2544 5000 2655 5066 γὰρ
2679 4987 3236 5063 συμμεταϐάλλεσθαι
3268 4986 3389 5046 ταῖς
3423 4981 3532 5037 τῶν
3577 4978 3928 5050 πραγμάτων
3960 4993 4052 5044 με·

2459 5088 2737 5151 ταϐολαῖς,
2763 5084 3003 5144 διανοίας
3048 5079 3310 5134 ἀϐεϐαίου
3356 5076 3659 5146 τεκμήριον
3689 5073 3911 5139 γίνεται
3947 5086 3962 5100 ·
3999 5070 4052 5121 τὸ

2457 5182 2517 5236 δὲ
2551 5179 2764 5248 παγίως
2793 5179 2850 5229 ὲν
2880 5178 2996 5238 τοῖς
3023 5173 3210 5234 καλοῖς
3240 5168 3586 5241 ὲρηρεῖσθαι,
3614 5164 3691 5227 ὡς
3715 5163 3782 5216 τὸ
3815 5163 4051 5221 εὐσεϐὲς

2461 5273 2618 5343 ὑμῶν
2644 5272 2966 5340 ἐστήρικται
3001 5266 3224 5335 κράτος,
3255 5263 3352 5315 καὶ
3381 5261 3520 5330 μήτε
3545 5256 3682 5328 πρὸς
3723 5253 4049 5318 ἀλαζονείαν

2461 5366 2880 5441 ὑπεραίρεσθαι,
2932 5365 3072 5435 μήτε
3121 5362 3258 5432 πρὸς
3314 5357 3555 5424 ἀθυμίαν
3613 5349 4044 5421 καταφέρεσθαι,

2462 5459 2775 5532 βεϐηκότων
2807 5456 2958 5509 ἐστὶν
2991 5451 3255 5512 ἀσφαλῶς
3274 5490 3290 5516 ,
3315 5449 3409 5503 καὶ
3441 5445 3786 5517 ἀκράδαντον
3815 5441 4046 5511 ἐχόντων

2459 5556 2561 5624 τὴν
2579 5553 2727 5621 ψυχή
2737 5568 2783 5603 ν.

3030 5727 3285 5781 ΚΕΦΛΑ.
3344 5726 3439 5777 LI'.

2534 5831 2601 5886 Εἴ
2623 5847 2704 5894 τις
2737 5821 3210 5894 κεκαθαρισμένον
3263 5819 3377 5887 ἔχει
3417 5818 3501 5871 τὸν
3537 5809 3806 5880 λογισμὸν
3846 5806 3910 5857 ἐκ
3951 5802 4038 5871 τῆς
