4220 6442
181 441 318 504 1169

1406 438 1676 499 CAPlTA
1717 438 2272 500 ADMONITORIA.

3331 434 3499 496 1170.

189 554 546 627 ἀνθρωπίνης
601 555 841 625 ἀπάτης,
873 557 967 610 καὶ
1000 553 1192 625 βλέπει
1239 556 1299 609 τὸ
1342 556 1623 611 ούτιδανδν
1675 557 1775 626 τῆς

1905 557 2122 620 oribus,
2159 555 2535 626 perspicitque
2581 567 2696 607 sua:
2728 559 2942 606 naturae
2967 550 3262 615 vilitatem.
3289 549 3474 607 brevi-

188 647 385 701 ἑαυτοῦ
443 665 680 716 φυσεως,
713 647 834 700 τότε
879 648 1056 720 βραχὺ
1100 651 1193 701 καὶ
1219 649 1516 718 ὠκύμορον
1555 650 1657 719 τῆς
1687 652 1778 702 ὲν-

184 739 363 791 ταῦθα
399 737 566 808 ζωῆς,
593 740 685 792 καὶ
725 740 816 792 τὸν
844 741 1276 811 συνεζευγμένον
1298 745 1363 810 τῇ
1399 743 1564 812 σαρκὶ
1588 744 1783 813 ῥύπον,

187 834 268 891 είς
320 831 414 882 τὸν
451 831 551 898 τῆς
597 832 981 902 ὑπερηφανία;
1019 835 1120 885 οὐκ
1161 836 1486 902 ἐμπεσεῖται
1515 835 1781 905 κρημνὸν,

187 920 296 972 κᾶν
338 922 396 971 ἐν
428 919 705 991 ἀξιώματι
739 922 966 992 ὑπάρχῃ
996 921 1208 993 ὑψηλῷ.

793 1053 1048 1108 ΚΕΦΑΛ.
1108 1056 1208 1109 IE'.

271 1166 446 1237 Ὑπὲρ
521 1166 701 1220 πάντα
761 1168 860 1239 τῆς
923 1167 1210 1237 βασιλείας
1265 1170 1334 1224 τὰ
1416 1169 1624 1237 ἔνδοξα,
1688 1174 1786 1242 τῆς

187 1259 473 1323 εὐσεϐείας
511 1260 573 1312 τὸ
623 1261 842 1330 στέμμα
899 1261 992 1315 τὸν
1036 1261 1264 1333 βασιλέα
1315 1266 1552 1325 κοσμεῖ’
1589 1267 1618 1318 ὁ
1676 1264 1785 1334 γὰρ

191 1353 424 1412 πλοῦτος
475 1354 803 1424 ἀπέρχεται,
837 1354 934 1408 καὶ
979 1357 1013 1426 ἡ
1053 1355 1182 1422 δόξα
1217 1355 1549 1427 μετέρχεται
1582 1374 1598 1390 ο
1634 1358 1694 1410 τὸ
1726 1358 1786 1411 δὲ

187 1442 348 1504 κλέος
380 1447 478 1513 τῆς
507 1444 693 1498 ἐνθέου
753 1445 1030 1508 πολιτείας
1085 1446 1376 1511 ἀθανάτοις
1427 1447 1586 1501 αίῶσι
1643 1466 1785 1517 συμ-

192 1536 644 1604 παρεκτείνεται,
721 1539 818 1591 καὶ
872 1538 1043 1610 λήθης
1081 1539 1335 1594 ἐπέκεινα
1398 1541 1526 1604 τοὺς
1561 1541 1785 1611 ἔχοντας

188 1625 400 1696 ἵστησι.

773 1764 1028 1818 ΚΕΦΑΛ.
1091 1765 1210 1834 ις’.

259 1875 478 1946 Σφόδρα
523 1893 614 1946 μοι
645 1876 795 1932 δοκεῖ
834 1881 1193 1934 ἀτοπώτατον
1223 1877 1385 1945 εἶναι.
1418 1883 1499 1936 ὅτι
1529 1886 1780 1940 πλούσιοι

1890 655 2172 717 talemque
2209 646 2386 702 veloci
2418 644 2534 700 fato
2581 641 2838 698 obnoxia:
2876 640 3165 711 praesentis
3186 637 3336 704 vita,
3360 647 3478 698 tum

1887 740 2040 793 carni
2089 741 2411 810 conjunctas
2461 737 2772 804 insitasque
2818 733 3054 796 sordes.
3109 733 3176 787 ad
3202 732 3481 803 superbia:

1888 844 2172 897 nunquam
2229 829 2492 884 illabetur
2524 825 2924 898 praecipitium,
2973 824 3232 894 quamvis
3281 825 3336 878 in
3381 840 3467 880 ex-

1887 920 2035 975 celso
2058 919 2349 992 dignitatis
2373 921 2598 990 fastigio
2624 919 2918 975 consistat.

2526 1057 2681 1113 CAP.
2722 1056 2839 1111 XV.

1958 1174 2138 1244 Super
2184 1173 2372 1228 omnia
2414 1173 2682 1242 praeclara
2715 1186 2840 1240 qua:
2882 1186 3109 1240 regnum
3143 1167 3333 1232 habet,
3367 1166 3492 1236 ple-

1891 1269 2018 1321 tatis
2047 1269 2344 1336 cultusque
2375 1264 2552 1320 divini
2575 1279 2781 1318 corona
2814 1277 2998 1334 regem
3031 1267 3307 1316 exornat:
3335 1257 3483 1314 divi-

1891 1359 1978 1414 tiae
2025 1375 2262 1426 namque
2314 1366 2681 1422 evanescunt,
2732 1356 2994 1426 vulgique
3050 1352 3206 1407 favor
3251 1359 3310 1408 et
3349 1365 3488 1405 aura

1891 1453 2090 1505 transit
2132 1471 2145 1504 ι
2189 1453 2306 1506 sola
2335 1453 2465 1504 vita:
2502 1450 2614 1504 Deo
2651 1447 2925 1517 placentis
2949 1444 3121 1516 gloria
3154 1439 3483 1497 immortali-

1888 1543 1994 1597 bus
2023 1543 2241 1597 szeculis
2273 1541 2686 1603 coextenditur,
2719 1550 2776 1595 et
2804 1547 2960 1594 trans
2998 1534 3306 1592 oblivionis
3331 1541 3488 1586 tene--

1889 1633 2017 1688 bras
2043 1633 2278 1688 collocat
2305 1630 2680 1702 possidentes.

2305 1813 2314 1842 ί
2515 1764 2669 1821 car.
2711 1762 2852 1818 xw.

1960 1881 2331 1936 Vehementer
2385 1879 2518 1933 mihi
2559 1878 2784 1932 videtur
2831 1875 3301 1931 absurdissimum
3339 1888 3484 1935 esse,

188 1968 284 2019 καὶ
317 1967 550 2038 πένητες
577 1967 857 2040 ἄνθρωποι
883 1973 1242 2044 ὲξμάνομοίων
1265 1977 1610 2049 πραγμάτιον
1652 1978 1784 2046 βλά-

1905 1974 2042 2043 quod
2077 1974 2282 2029 divites
2323 1982 2380 2028 et
2416 1987 2692 2042 pauperes
2725 1971 2982 2026 homines
3018 1985 3087 2023 ex
3125 1966 3493 2024 dissimilibus

188 2059 293 2129 δην
347 2062 650 2132 πάσχουσιν
679 2065 894 2134 ὁμοίαν.
929 2069 992 2120 Οἱ
1019 2068 1120 2133 μὲν
1170 2070 1280 2140 γὰρ
1323 2071 1429 2123 ὑπὸ
1480 2071 1575 2124 τοῦ
1618 2073 1784 2142 κόρου

189 2153 644 2223 διαῤῥήγνυνται,
668 2159 718 2210 oi
755 2158 812 2211 δὲ
855 2160 960 2214 ὑπὸ
1001 2161 1096 2214 τοῦ
1155 2162 1318 2229 λιμοῦ
1353 2163 1784 2235 διαφθείρονταιο

191 2245 291 2298 καὶ
311 2246 362 2297 oi
395 2246 494 2316 μὲν
547 2249 842 2318 κατέχουσι
881 2251 976 2305 τοῦ
1017 2252 1224 2323 κόσμου
1256 2253 1325 2306 τά
1366 2255 1577 2325 πέρατα
1603 2298 1617 2321 ,
1656 2258 1704 2309 οἱ
1733 2255 1790 2310 δὲ

191 2337 296 2388 οὐκ
347 2334 534 2406 έχουσι
583 2339 685 2392 ποῦ
749 2342 948 2409 στῆσαι
986 2342 1056 2395 τὰ
1109 2343 1385 2414 πέλματα.
1424 2347 1540 2400 Ἰνα
1591 2348 1785 2401 τοίνυν

191 2429 364 2497 ἄμφω
395 2433 496 2501 τῆς
541 2433 730 2500 ὑγείας
759 2434 1015 2505 τύχωσιν,
1040 2439 1334 2508 ἀφαιρέσει
1376 2442 1469 2494 καὶ
1501 2441 1791 2512 προσθέσει

193 2521 423 2586 τούτους
445 2522 832 2594 θεραπευτέον,
861 2529 1102 2600 καὶπρὸς
1122 2533 1341 2602 ἰσότητα
1369 2534 1466 2602 τὴν
1499 2533 1795 2605 ἀνισότητα

197 2615 570 2683 μετενεκτέον.

802 2735 1058 2790 ΚΕΦΑΛ.
1102 2738 1202 2791 IZ'.

286 2819 405 2888 Ἐφ’
445 2821 578 2893 ἡμῖν
643 2824 928 2898 ἀνεδείχθη
983 2827 1083 2897 τῆς
1134 2831 1365 2895 εὐζωῖαε
1411 2834 1439 2884 ὁ
1495 2832 1708 2901 χρόιος,
1737 2834 1796 2885 ὃν

201 2913 436 2981 προεῖπέ
475 2931 561 2978 τις
585 2915 699 2990 τῶν
733 2918 979 2972 παλαιῶν
1019 2922 1262 2984 ἔσεσθαι,
1294 2925 1477 2996 ὃτανῆ
1509 2926 1796 2993 φιλόσοφοι

202 3003 687 3076 βασιλεύσωσιν,ῆ
740 3007 985 3076 βασιλεῖς
1034 3012 1483 3084 φιλοσοφήσωσι·
1545 3019 1638 3071 καὶ
1689 3019 1798 3086 γὰρ

201 3093 629 3161 φιλοσοφοῦντες
651 3097 924 3169 ἡξιὼθητε
965 3103 1245 3171 βασιλείας
1270 3146 1283 3167 ,
1314 3109 1408 3160 καὶ
1434 3109 1798 3176 βασιλεύσαν-

201 3201 297 3245 τες
323 3185 426 3238 οὐκ
451 3187 727 3256 ἀπέστητε
777 3192 1124 3261 φιλοσοφίας.
1159 3199 1222 3251 El
1249 3200 1358 3269 γὰρ
1397 3202 1458 3254 τὸ
1497 3203 1674 3268 φιλεῖν
1713 3222 1799 3258 σο·

203 3277 336 3343 φίαν
376 3281 521 3331 ποιεῖ
555 3282 896 3352 φιλοσοφίαν.
938 3287 1082 3357 ἀρχὴ
1140 3289 1194 3342 δὲ
1241 3293 1478 3359 σοφίαςὸ
1513 3295 1606 3347 τοῦ
1656 3296 1794 3349 Θεοῦ

1908 3280 2036 3350 phia
2081 3297 2190 3334 non
2237 3279 2553 3335 descivistis
2597 3299 2609 3333 :

205 3370 501 3437 ¢p66oc,'6v
539 3375 598 3428 ὲν
645 3379 757 3440 τοῖς
801 3380 1051 3450 στέρνοις
1087 3383 1240 3451 ὑμῶν
1278 3386 1578 3452 διαπαντὸς
1624 3390 1797 3461 ἔχετε,

204 3461 436 3534 εὔδηλον
463 3465 540 3529 ὼς
570 3467 772 3540 ἀληθὲς
807 3471 866 3523 τὸ
905 3476 1040 3544 παρ’
1073 3474 1209 3546 ἐμοῦ
1249 3478 1565 3549 λεγόμενον.

809 3756 1061 3813 ΚΕΦΔΔ.
1102 3760 1208 3813 IH'.

288 3843 528 3898 Βασιλέα
569 3862 629 3899 σε
679 3847 823 3902 κατά
870 3850 1133 3921 ἀλήθειαν
1171 3855 1470 3925 ὁρίζομαι,
1513 3858 1589 3921 ὡς
1649 3859 1805 3929 βασι.

216 3938 402 3992 λεύειν
427 3939 522 3992 καὶ
562 3943 786 4010 κρατεῖν
815 3942 922 3995 τῶν
963 3943 1168 4013 ἡδονῶν
1205 3945 1507 4016 δυνάμενον
1535 3991 1548 4013 ,
1589 3951 1684 4003 καὶ
1717 3953 1807 4003 τὸν

217 4026 488 4098 στέφανον
516 4030 617 4100 τῆς
661 4033 1020 4104 σωφροσύνης
1070 4037 1502 4108 ἀναδησάμενον,
1535 4044 1627 4093 καὶ
1670 4059 1806 4112 πορ-

216 4120 404 4190 φύραν
466 4120 564 4192 τῆς
605 4122 953 4195 δικαιοσύνης
1007 4128 1449 4198 ἀμφιασάμενον.
1481 4132 1545 4184 Ἡ
1581 4133 1677 4202 μὲν
1700 4135 1808 4204 γάρ

217 4213 359 4281 ἄλλη
387 4211 611 4278 ἐξουσία
646 4215 739 4267 τὸν
765 4216 996 4271 θάνατον
1024 4219 1138 4289 ἔχει
1168 4221 1460 4292 διαδοχήνο
1500 4225 1603 4294 ἡδὲ
1633 4227 1813 4280 τοιαύ-

217 4316 286 4396 τη
341 4299 592 4396 βασιλεία
629 4303 730 4396 την
767 4304 1038 4360 ἀθάνατον
1086 4308 1253 4374 σώζει
1295 4311 1597 4396 διαμονήν·
1635 4318 1729 4370 καὶ
1778 4320 1810 4389 ἡ

225 4392 330 4459 μὲν
379 4394 438 4444 ἐν
471 4392 550 4463 τῷ
592 4394 751 4449 αἰῶνι
800 4398 977 4469 τούτῳ
1016 4398 1237 4454 λύεται·
1274 4405 1301 4454 ὁ
1332 4404 1388 4457 δὲ
1439 4392 1542 4474 τῆς
1588 4410 1813 4464 αἰωνίου

225 4483 508 4547 κολάσεως
547 4485 757 4556 ῥύεται.

822 4602 1074 4661 ΚΕΦΑΛ.
1125 4607 1225 4662 ιθσ.

304 4685 367 4737 Ei
387 4687 498 4776 τὴν
521 4689 586 4742 ὲκ
617 4691 838 4748 πάντων
868 4695 1048 4764 βούλει
1079 4701 1423 4771 καρποῦσθαι
1445 4707 1632 4776 τιμὴν,
1659 4709 1811 4775 γίνου

231 4777 348 4836 τοῖς
369 4774 578 4830 ἅπασιν
615 4781 912 4854 εὐεργέτης
945 4787 1126 4851 κοινός
1152 4805 1166 4820 ο
1196 4792 1350 4846 οὐδὲν
1384 4794 1489 4865 γὰρ
1508 4774 1652 4848 οῦτω
1672 4774 1818 4867 πρὸς

233 4868 456 4924 εὔνοιαν
495 4871 808 4940 ἐφέλκεται,
839 4878 916 4940 ὠς
957 4881 1207 4947 εὐποιίας
1238 4886 1397 4956 χάρις
1427 4887 1680 4959 διδομένη
1705 4894 1819 4954 τοῖς

229 4961 553 5032 χρῄζουσιν.
596 4965 660 5019 Ἦ
709 4967 820 5040 γὰρ
857 4969 945 5025 διά
994 4973 1160 5041 φόῆον
1208 4981 1473 5050 γινομένη
1523 4980 1818 5051 θεραπεία.

228 5061 795 5130 κατεσχηματισμένη
822 5063 940 5116 ἐστὶ
971 5064 1201 5129 θωπεία,
1237 5070 1628 5142 πεπλασμένης
1653 5073 1820 5144 τιμῆς

228 5147 460 5216 ὀνόματι
493 5151 860 5217 φενακίζουσα
888 5157 1016 5220 τοὺς
1043 5159 1180 5230 αὐτῇ
1219 5163 1674 5234 προσανέχοντας.

845 5358 1100 5413 ΚΕΦΑΛ.
1131 5362 1216 5424 Κζ.

304 5443 492 5514 Σεπτὴ
536 5445 762 5510 δικαίως
804 5449 954 5502 ἐστὶν
1013 5453 1044 5521 ἡ
1096 5455 1252 5522 ἡμῶν
1299 5455 1544 5525 βασιλεία
1591 5459 1670 5511 ὅτι
1710 5463 1822 5522 τοῖς

232 5538 526 5604 πολεμίοις
569 5538 671 5608 μὲν
721 5541 958 5596 δεικνύει
989 5547 1088 5615 τὴν
1115 5548 1384 5612 ἐξουσίαν,
1415 5554 1526 5612 τοῖς
1557 5551 1820 5621 ὑπηκόοις

229 5629 288 5681 δὲ
343 5629 499 5697 νέμει
551 5630 1003 5702 φιλανθρωπίαν·
1043 5640 1138 5691 καὶ
1204 5640 1408 5693 νικῶσα
1457 5642 1699 5705 ἐκείνους
1756 5647 1822 5714 τῇ

231 5720 469 5787 δυνάμει
503 5717 610 5773 τῶν
650 5723 853 5790 ὃπλων,
879 5735 944 5802 τῇ
985 5729 1171 5796 ἀόπλῳ
1216 5731 1406 5804 ἀγάπῃ
1445 5733 1553 5785 τῶν
1605 5733 1824 5786 οἰκείων

233 5813 474 5881 ἡττᾶται
511 5829 524 5842 ⁸
561 5814 684 5868 ὅσον
717 5817 824 5888 γὰρ
879 5819 1071 5890 θηρίου
1104 5824 1196 5874 καὶ
1227 5824 1597 5899 προϐάτουσό
1637 5825 1821 5896 μέσον,

237 5907 506 5962 τοσοῦτον
529 5910 856 5982 ἀμφοτέρων
877 5915 1087 5982 ἡγεῖται
1124 5918 1179 5967 τὸ
1207 5917 1481 5986 διάφορον.

1897 2066 2066 2120 rebus
2097 2066 2498 2120 detrimentum
2539 2063 2721 2118 simile
2759 2063 3084 2133 patiuntur;
3129 2060 3208 2114 illi
3248 2074 3491 2128 namque

1897 2175 1927 2212 a
1949 2159 2107 2228 copia
2132 2173 2316 2212 rerum
2339 2164 2799 2226 perrumpuntur,
2819 2155 2876 2208 hi
2895 2169 3030 2210 vero
3059 2154 3201 2207 fame
3225 2159 3488 2221 pereunt:

1900 2249 2030 2305 item
2062 2250 2142 2304 illi
2173 2257 2453 2320 occupant
2493 2249 2718 2303 ultimos
2748 2247 2939 2302 mundi
2971 2244 3262 2308 terminos,
3297 2242 3354 2297 hi
3380 2257 3494 2296 non

1900 2342 2109 2398 habent
2143 2343 2240 2396 ubi
2277 2342 2484 2396 callosa
2521 2340 2725 2411 pedum
2775 2339 3006 2409 vestigia
3049 2339 3268 2393 sistant.
3291 2335 3364 2393 Ut
3393 2335 3495 2404 igi-

1899 2443 1991 2489 tur
2045 2444 2283 2506 utraque
2341 2448 2470 2503 pars
2512 2432 2771 2488 sanitatis
2823 2433 2958 2487 (iant
2997 2429 3496 2502 compotes.aul'e-

1903 2525 2077 2581 rendo
2121 2537 2177 2582 et
2228 2526 2598 2582 diminuendo
2627 2527 2767 2582 istos
2802 2539 2996 2596 regere
3022 2531 3266 2594 oportet,
3315 2531 3374 2579 et
3422 2522 3493 2577 ad

1903 2619 2280 2688 aequalitatem
2326 2618 2674 2690 inaequalitas
2707 2615 3093 2671 transferenda
3125 2625 3232 2671 cst.

2527 2732 2682 2788 CAP.
2721 2729 2884 2784 XVII.

1974 2823 2187 2877 Nostris
2227 2824 2577 2892 temporibus
2620 2833 2908 2879 ostensqu
2948 2827 3037 2875 est
3064 2833 3347 2890 prospera!
3372 2816 3506 2874 vita:

1906 2923 2124 2985 tempus
2166 2917 2315 2983 quod
2364 2916 2619 2985 praedixit
2667 2915 2892 2984 quidam
2928 2929 2998 2968 ex
3025 2913 3310 2968 veteribus
3343 2911 3498 2966 futu-

1908 3021 2050 3070 rum,
2104 3022 2229 3059 cum
2289 3008 2370 3060 vel
2431 3006 2748 3076 philosophi
2803 3004 3136 3074 regnabunt,
3194 3003 3282 3057 vel
3341 3016 3496 3072 rcges

1906 3097 2448 3166 pliilos0pbabnntur
2483 3116 2496 3151 :
2535 3113 2661 3172 nam
2701 3105 2816 3150 tum
2862 3095 3310 3166 philosophando
3342 3094 3498 3165 digni

1908 3189 2084 3243 habiti
2137 3205 2308 3259 regno
2350 3189 2511 3252 estis,
2554 3199 2834 3244 tum.vero
2876 3188 3159 3260 rcgnando
3193 3204 3223 3243 a
3255 3188 3502 3258 philoso-

2657 3280 2702 3335 si
2730 3281 2880 3334 enim
2940 3296 3127 3336 amare
3167 3280 3513 3350 sapientiam-

1905 3372 2072 3428 eﬂicit
2096 3372 2545 3443 philosophiam;
2584 3372 2925 3442 principium
2958 3380 3145 3428 autem
3188 3372 3498 3443 sapientiae,

1905 3465 2001 3520 Dei
2036 3473 2122 3519 est
2152 3466 2321 3518 timor
2373 3480 2540 3535 quem
2586 3465 2642 3518 in
2696 3465 3021 3536 pectoribus
3052 3464 3256 3520 vestr-is
3293 3465 3503 3536 iugiter

1908 3555 2146 3616 habetis.
2199 3556 2411 3610 clarum
2453 3571 2625 3626 quam
2670 3571 2862 3610 verum
2914 3555 2988 3610 sit
3027 3556 3174 3626 quod
3219 3571 3251 3610 a
3291 3571 3380 3612 me
3418 3557 3503 3612 diu-

1907 3649 2077 3702 citnr.
2697 3650 2701 3655 ’

2510 3763 2662 3820 CAP.
2697 3763 2886 3820 XVIII.

1980 3857 2057 3911 'I‘e
2104 3873 2296 3913 revera
2348 3859 2738 3928 imperatorem
2788 3855 3117 3920 asserimus,
3166 3855 3374 3926 quippe
3402 3855 3498 3925 qui

1909 3959 1967 4004 et
1997 3949 2266 4020 imperare
2291 3965 2357 4006 ac
2378 3949 2653 4004 dominari
2676 3948 3060 4018 voluptatibus
3082 3949 3269 4014 vales;
3294 3956 3350 4003 et
3383 3957 3502 4003 tum

1912 4053 2115 4092 corona
2143 4039 2416 4095 castitatis
2448 4039 2765 4104 redimitus,
2789 4049 2905 4094 tum
2939 4055 3244 4111 purpuram
3266 4039 3503 4110 iustitiae

1913 4129 2145 4185 indutus
2188 4131 2423 4187 incedis.
2472 4132 2610 4188 Aliis
2649 4147 2890 4202 namque
2939 4133 3314 4203 potestatibus
3355 4147 3502 4187 mors

1915 4222 2030 4292 ipsa
2091 4224 2342 4279 succedit
2389 4241 2404 4278 :
2469 4225 2861 4296 hujuscemodi
2914 4239 3049 4279 vero
3112 4240 3341 4295 regnum
3398 4224 3532 4278 im»

1915 4316 2206 4370 mortalem
2255 4325 2441 4372 servat
2487 4318 2916 4389 perpetuitatem
2972 4336 2985 4370 :
3037 4327 3095 4372 ct
3140 4317 3232 4372 illa
3286 4319 3392 4373 hoc
3447 4319 3505 4373 in

1917 4409 2119 4462 saeculo
2169 4409 2427 4474 solvitur,
2471 4411 2588 4465 haec
2633 4420 2820 4466 autem
2852 4426 2882 4465 a
2915 4419 3186 4481 perpetuo
3231 4412 3503 4482 supplicio

1919 4498 2209 4554 liberatur.

2547 4615 2701 4669 CAP.
2737 4614 2880 4669 XIX.

1995 4704 2049 4758 Si
2079 4705 2288 4760 honore
2327 4707 2421 4775 qui
2449 4705 2520 4760 ab
2546 4706 2808 4760 omnibus
2842 4707 3235 4776 proﬁciscitur,
3267 4708 3475 4776 perfrui

1923 4798 2027 4859 vis,
2060 4804 2256 4866 praesta
2278 4805 2330 4853 te
2355 4813 2710 4853 communem
2753 4798 3001 4853 omnium
3047 4799 3461 4855 benefactorem
3492 4816 3502 4849 :

1923 4888 2061 4942 nihil
2101 4889 2249 4943 enim
2290 4889 2432 4945 adeo
2455 4891 2685 4946 attrahit
2723 4890 2791 4944 ad
2824 4891 3286 4956 benevolentiam,
3321 4899 3384 4946 ut
3409 4892 3506 4946 be-

1923 4981 2106 5036 neﬁcii
2139 4983 2314 5053 gratia
2365 4999 2489 5053 quas
2521 4983 2688 5038 datur
2721 4983 3100 5053 indigentibus
3133 5003 3146 5037 :
3180 4983 3326 5054 quod
3353 4985 3503 5038 enim

1925 5074 1996 5127 ob
2020 5083 2225 5128 metum
2257 5083 2552 5144 praestatur
2580 5075 2936 5144 obsequium,
2962 5075 3143 5130 fucata
3169 5075 3510 5146 ﬁgurataque

1924 5174 2010 5221 est
2043 5167 2290 5221 adulatio
2322 5167 2431 5222 (icti
2461 5166 2689 5222 honoris
2729 5166 2912 5230 titulo,
2948 5165 3144 5223 fallens
3165 5181 3261 5222 eos
3285 5169 3378 5238 qui
3405 5169 3508 5238 ipsi

1925 5257 2169 5312 animum
2197 5260 2510 5314 advertunt.
3514 5267 3518 5271 “

2564 5372 2717 5427 CAP.
2762 5371 2880 5426 XX.

2000 5463 2386 5518 Voneraudum
2427 5465 2550 5531 jure
2581 5475 2668 5520 est
2701 5473 2949 5518 vestrum
2983 5461 3278 5532 imperium
3321 5479 3352 5516 ι·
3378 5463 3503 5531 quia

1930 5555 2184 5610 hostibus
2214 5557 2439 5625 quidem
2471 5573 2586 5612 sua:
2615 5557 2962 5612 demonstrat
3010 5555 3233 5624 pietatis
3259 5556 3506 5616 aculeos.

1929 5647 2168 5700 subditis
2203 5663 2337 5701 vero
2371 5649 2596 5703 exhibet
2633 5649 3036 5703 humanitatem
3071 5666 3083 5701 :
3117 5656 3174 5702 ct
3211 5663 3336 5701 cum
3385 5647 3510 5700 illos

1929 5739 2111 5792 vincat
2158 5756 2440 5796 armorum
2491 5743 2564 5804 vi,
2619 5743 2815 5796 inermi
2871 5741 3143 5796 charitate
3190 5741 3428 5795 vincitur
3480 5757 3508 5793 ιι

1929 5829 2043 5882 suis
2077 5844 2090 5883 :
2122 5843 2390 5900 quantum
2426 5834 2574 5888 enim
2603 5832 2730 5888 ferte
2759 5843 2816 5889 ct
2850 5834 2969 5888 ovis
3012 5813 3372 5888 inlerstitium
3401 5844 3504 5897 εει,

1929 5930 2144 5977 tantum
2175 5940 2295 5979 esse
2327 5927 2472 5979 inter
2505 5941 2600 5981 eos
2635 5926 2937 5982 discrimen
2965 5925 3332 5980 existimatur.
