4220 6442
251 439 391 506 11⁸13

1467 460 1734 522 CAPITA
1775 462 2032 524 ADMON
2043 464 2327 529 ITORIA.

3368 478 3504 546 11⁵14

245 562 363 622 τοῖς
392 559 656 633 ὑπηκόοις
678 562 976 635 φανήσεται
1015 565 1077 621 τὸ
1116 572 1457 642 παρανομεῖν
1479 574 1580 627 οὐκ
1611 573 1826 628 ἀκίνδυ-

1948 590 2108 646 egum
2175 581 2681 648 prevaricationem
2748 586 2981 657 periculi
3041 606 3150 646 non
3222 607 3346 649 esse
3407 597 3508 648 ini-

246 667 360 706 νον.

813 771 1065 828 ΚΕΦΛΛ.
1124 777 1260 829 κη’.

325 858 472 911 Ἴσον
512 857 589 929 τῷ
639 862 1004 934 πλημμελεῖν,
1033 868 1094 919 τὸ
1127 870 1202 938 μὴ
1235 868 1467 922 κωλύειν
1492 870 1618 931 τοὺς
1652 869 1829 939 πλημ-

252 950 557 1016 μελοῦντας
595 952 832 1022 λογίζου.
888 958 1009 1013 Κᾶν
1064 960 1174 1030 γάρ
1216 977 1299 1023 τις
1349 961 1703 1033 πολιτεύηται
1733 964 1831 1031 μὲν

246 1040 551 1111 ὲνθέσμως,
584 1047 846 1117 ἀνέχηται
876 1050 932 1103 δὲ
965 1052 1075 1104 τῶν
1104 1052 1363 1123 βιούντων
1394 1056 1673 1125 ἀθέσμως.
1708 1072 1831 1107 συν·

250 1134 417 1200 εργδς
446 1135 555 1187 τῶν
593 1139 781 1192 κακῶν
822 1144 972 1213 παρά
1017 1143 1136 1205 Θεῷ
1164 1147 1442 1215 κρίνεται’
1478 1149 1525 1200 εί
1564 1147 1620 1200 δὲ
1648 1147 1831 1216 βούλει

248 1221 447 1286 διττῶς
484 1225 811 1296 εὐδοκιμεῖν,
848 1234 939 1285 καὶ
974 1236 1097 1298 τοὺς
1136 1236 1206 1288 τά
1256 1237 1517 1290 κάλλιστα
1547 1238 1832 1304 ποιοῦντας

252 1316 519 1385 προτίμα,
546 1321 776 1385 καὶτοῖς
803 1324 872 1376 τά
902 1326 1151 1397 χείριστα
1179 1326 1381 1396 δρῶσιν
1406 1330 1654 1401 ἐπιτίμα.

836 1522 1087 1579 ΚΕΦΔΛ.
1131 1528 1257 1579 KG'.

323 1607 461 1660 Δίαν
492 1612 791 1681 συμφέρειν
820 1615 1212 1686 ὑπολαμϐάνω,
1244 1621 1305 1672 τὸ
1340 1620 1563 1690 φεύγειν
1595 1624 1693 1688 τὰς
1728 1626 1837 1678 τῶν

254 1698 447 1751 κακῶν
479 1701 911 1774 συνδιαιτήσεις·
945 1708 1035 1760 τὸν
1068 1710 1178 1781 γάρ
1206 1713 1441 1767 συνόντα
1476 1714 1710 1768 πάντοτε
1738 1718 1836 1771 ἀν-

251 1787 500 1859 θρώποις
518 1797 844 1867 πονηροῖς,ἢ
864 1797 1101 1871 παθείνῆ
1135 1803 1328 1872 μαθεῖν
1350 1806 1566 1877 ἀνάγκη
1585 1824 1639 1860 τι
1676 1825 1840 1879 πονη-

1932 686 2176 726 munem.

2515 790 2664 846 CAP.
2706 794 2942 849 XXVIII.

2002 878 2257 943 Peccare,
2301 893 2356 936 et
2386 898 2496 936 non
2521 883 2780 939 cohibere
2832 895 3145 955 peccantes.
3197 887 3344 943 idem
3384 906 3506 944 esse

1933 979 2143 1039 putato.
2178 973 2232 1026 Si
2260 977 2383 1043 quis
2406 977 2554 1030 enim
2590 977 2885 1033 incivitate
2930 982 3096 1035 vitam
3125 981 3351 1050 quidem
3393 981 3509 1052 ipse

1936 1061 2185 1117 traducat
2238 1080 2435 1134 atque.
2484 1070 2681 1123 toleret
2740 1080 2923 1124 autem
2974 1072 3227 1129 viventes
3286 1075 3506 1144 inique,

1935 1155 2118 1208 socius
2165 1156 2435 1211 malorum
2477 1162 2620 1229 apud
2671 1162 2843 1216 Deum
2888 1164 3172 1232 judicatur
3211 1185 3223 1219 :
3256 1168 3405 1237 quod
3461 1172 3507 1223 si

1935 1247 2072 1300 velis
2113 1247 2364 1302 bifariam
2398 1254 2731 1319 approbari,
2765 1264 2827 1308 ut
2880 1255 3252 1325 pulcherrima
3289 1275 3513 1331 quoque

1934 1347 2188 1408 gerentes
2222 1340 2455 1406 honora,
2489 1343 2563 1397 ita
2594 1346 2877 1401 teterrima
2901 1356 3183 1417 patrantes
3226 1362 3516 1409 contume-

1935 1427 2010 1484 lia
2036 1430 2256 1487 afﬁcito.

2533 1554 2684 1611 CAP.
2712 1556 2907 1612 XXIX.

2008 1638 2283 1709 Expedire
2320 1643 2615 1701 admodum
2650 1650 2892 1704 arbitror
2921 1650 3167 1721 effugere
3213 1668 3514 1723 pravorum

1938 1730 2299 1786 contubernia
2336 1752 2349 1787 :
2383 1736 2477 1804 qui
2534 1738 2683 1792 enim
2725 1754 2850 1794 cum
2894 1740 3221 1798 hominibus
3250 1742 3518 1812 improbis

1940 1832 2157 1889 semper
2194 1832 2463 1889 versatur,
2491 1841 2619 1880 eum
2650 1830 2733 1883 vel
2768 1831 2879 1899 pati
2931 1831 3016 1887 vel
3056 1831 3272 1889 discere
3310 1835 3518 1890 malum

254 1881 349 1995 ρόν
367 1883 435 1985 ὁ
463 1883 521 1936 δὲ
565 1888 681 1949 τοῖς
735 1889 963 1955 ἀγαθοῖς
1006 1894 1331 1961 συνδιάγων,
1378 1896 1410 1968 ἢ
1451 1898 1685 1969 μίμησιν
1728 1901 1838 1953 τῶν

1942 1881 2149 1978 aliquid
2179 1926 2403 1967 necesse
2431 1881 2513 1972 est
2542 1933 2555 1968 :
2587 1918 2681 1985 qui
2713 1881 2844 1973 verro
2875 1936 2982 1975 una
2999 1937 3125 1977 cum
3151 1922 3313 1978 bonis
3346 1922 3515 1995 degit.

253 1972 439 2027 καλῶν
470 1976 868 2047 ἐκδιδάσκεται,
909 1981 941 2053 ἢ
991 1985 1218 2054 μείωσιν
1263 1986 1372 2040 τῶν
1422 1990 1615 2043 κακῶν
1643 1993 1839 2046 ἐκπαι-

249 2071 495 2129 δεύεται.

860 2194 1112 2250 ΚΕΦΑΛ.
1154 2198 1234 2253 Λ’.

338 2287 667 2357 Ἐγκόσμιον
712 2288 818 2342 ὑπὸ
861 2289 1001 2343 Θεοῦ
1053 2290 1364 2357 πιστευθεὶς
1404 2292 1702 2363 βασιλείαν,
1736 2311 1839 2365 μη-

251 2376 373 2428 δενὶ
415 2377 534 2447 χρῶ
579 2377 687 2429 τῶν
725 2377 981 2447 πονηρῶν
1030 2379 1165 2450 πρὸς
1217 2379 1313 2442 τάς
1344 2379 1454 2433 τῶν
1498 2380 1841 2450 πραγμάτων

250 2469 575 2538 διοικήσεις.
607 2464 709 2521 Ὧν
739 2468 851 2543 γὰρ
879 2468 947 2523 ἂν
980 2470 1180 2524 ἑκείνου,
1206 2470 1391 2534 κακῶς
1413 2471 1839 2541 διαπράξωνται,

255 2562 419 2631 λόγον
452 2563 642 2633 ὑφέξει
672 2562 792 2636 Θιῷ
820 2564 850 2617 δ
876 2562 975 2635 τὴν
1012 2564 1170 2635 ἰσχὺν
1211 2566 1399 2627 αὐτοῖς
1425 2564 1693 2630 δεδωκώς.
1728 2568 1845 2623 Με-

252 2655 328 2708 τά
368 2656 570 2727 πολλῆς
603 2652 698 2713 οῦν
732 2656 1038 2724 ἐξετάσεως
1064 2657 1123 2713 αι
1140 2658 1249 2714 τῶν
1270 2660 1549 2733 ἀρχόντων
1578 2660 1842 2732 προϐολαὶ

252 2752 618 2820 γενέσθωσαν.

845 2959 1096 3015 ΚΕΦΑΛ.
1138 2962 1263 3015 AA'.
1677 3009 1684 3014 .

331 3054 479 3106 Ἴσον
526 3052 734 3123 νομίζω
782 3053 972 3116 κακὸν,
1000 3054 1097 3106 καὶ
1133 3053 1241 3107 τῶν
1282 3052 1493 3125 ἐχθρῶν
1535 3051 1841 3123 θυμοῦσθαι

250 3148 380 3201 ταῖς
429 3144 812 3215 κακουργίαις,
862 3146 959 3199 καὶ
1010 3146 1117 3199 τῶν
1167 3146 1339 3214 φίλων
1387 3146 1677 3214 θέλγεσθαι
1719 3149 1842 3209 ταῖς

1941 2000 2027 2055 vel
2056 2002 2421 2060 imitationem
2453 2007 2812 2065 honestorum
2841 2012 3126 2081 edocetur,
3158 2016 3520 2073 veldiminu-

1943 2096 2148 2150 tionem
2174 2096 2436 2153 vitiorum
2466 2102 2756 2157 condiscit.

2543 2213 2697 2269 CAP.
2736 2215 2905 2273 XXX.

2014 2299 2314 2356 Terrarum
2363 2304 2517 2359 orbis
2558 2322 2588 2359 a
2624 2307 2737 2362 Deo
2786 2324 2913 2363 cum
2959 2312 3239 2367 creditum
3293 2314 3394 2370 tibi
3444 2318 3520 2372 ait

1941 2406 2190 2463 regnum,
2218 2410 2351 2449 cave
2379 2413 2447 2452 ne
2490 2398 2677 2469 aliquo
2708 2401 2885 2457 utaris
2923 2418 2992 2458 ex
3018 2405 3202 2475 pravis
3231 2405 3298 2459 ad
3330 2422 3515 2460 rerum

1942 2481 2485 2543 administrationes:
2517 2505 2638 2559 qua:
2672 2492 2819 2546 enim
2846 2493 2924 2549 illi
2947 2509 3233 2565 perperam
3261 2496 3514 2559 fecerint.

1942 2589 2133 2631 eorum
2163 2577 2435 2635 rationem
2480 2582 2673 2639 reddet
2696 2585 2805 2640 Deo
2836 2585 2932 2656 qui
2970 2588 3233 2658 peccandi
3288 2587 3517 2643 faculta-

1943 2676 2053 2723 tem
2093 2669 2225 2740 ipsis
2255 2672 2567 2729 indulserit.
2596 2676 2782 2748 Magna
2817 2680 2984 2750 igitur
3005 2691 3062 2737 et
3100 2682 3349 2752 diligenti
3390 2698 3516 2737 cum

1942 2766 2379 2833 perscrutatione
2449 2772 2869 2839 magistratuum
2932 2775 3313 2844 promotiones
3363 2778 3516 2839 fiant,

1942 2864 2179 2925 oportet.

2537 2968 2689 3036 cap.
2728 2982 2923 3039 XXXI.

2012 3068 2243 3139 Equale
2274 3085 2399 3124 reor
2429 3086 2549 3126 esse
2588 3074 2821 3135 malum,
2852 3083 2911 3127 et
2944 3072 3295 3128 inimicorum
3325 3086 3523 3127 excan-

1942 3163 2169 3219 descere
2199 3164 2443 3233 flagitiis,
2466 3174 2523 3219 et
2543 3166 2844 3220 amicorum
2877 3166 3181 3221 demulceri
3211 3165 3519 3221 blanditiis.

253 3236 595 3299 κολακείαις.
632 3238 726 3289 Δεῖ
771 3237 879 3310 γὰρ
923 3239 1061 3309 πρὸς
1090 3240 1391 3311 ἑκατέρους
1416 3240 1681 3309 γενναίως
1710 3241 1838 3293 ἀνθ-

1944 3256 2174 3324 Oportet
2195 3256 2344 3309 enim
2381 3256 2633 3326 utrisque
2665 3258 2943 3321 resistere,
2975 3274 3077 3313 nec
3108 3273 3340 3328 nsquam
3370 3274 3401 3313 a
3427 3257 3525 3312 de-

255 3329 535 3394 ίστασοαι,
566 3329 784 3383 καὶτοῦ
824 3330 1131 3400 πρέποντος
1172 3332 1442 3402 μηδαμῶς
1482 3332 1839 3400 ἀφίστασθαι,

254 3423 401 3491 μήτε
424 3421 523 3491 τὴν
552 3421 835 3489 ἀλόγιστον
871 3425 1096 3481 ἐκείνων
1119 3425 1444 3494 δυσμένειαν
1475 3426 1840 3496 ἀμυνόμενον,

254 3516 400 3584 μήτε
430 3515 533 3587 τὴν
580 3515 919 3571 ἐπίπλαστον
947 3521 1157 3577 τούτων
1203 3521 1492 3591 εὐμένειαν
1538 3521 1839 3592 ἀμειϐόμεο

249 3624 367 3660 νον.

845 3741 1099 3797 ΚΕΦΑΛ.
1138 3742 1259 3796 AB'.

337 3827 506 3900 Ἥγοῦ
559 3830 787 3896 τούτους
839 3828 979 3888 εἶναι
1032 3834 1224 3905 φίλους
1288 3835 1709 3908 ἀληθεστάτους,
1766 3839 1841 3911 μὴ

248 3924 385 3986 τοὺς
439 3922 801 3990 ιπαινοῦντας
849 3924 1064 3983 ἅπαντα
1088 3928 1157 3983 τά
1194 3932 1348 4001 παρὶι
1388 3930 1483 3985 σοῦ
1517 3930 1835 4013 λεγόμενα,

248 4015 396 4070 ἀλλά
422 4016 554 4077 τοὺς
584 4017 763 4089 κρίσει
795 4017 982 4091 δικαίᾳ
1005 4019 1185 4076 πάντα
1212 4020 1474 4093 πράττειν
1506 4023 1839 4089 σπουδάζον-

248 4125 378 4172 τας,
430 4108 525 4161 καὶ
572 4108 967 4180 συνηδομένους
1008 4110 1108 4183 μιν
1152 4110 1245 4166 ἐπὶ
1290 4115 1401 4177 τοῖς
1430 4117 1835 4187 χρηστοτίροις,

248 4200 755 4265 ἱπιστυγνάξοντας
804 4201 865 4255 δὶ
910 4202 1004 4256 ini
1047 4203 1160 4267 τοῖς
1206 4203 1491 4269 ὶναντίοις.
1526 4199 1687 4261 Οὗτοι
1728 4205 1837 4279 γὰρ

248 4292 429 4356 ὅπως
457 4291 867 4362 ἀψευδιστάτης
892 4293 1078 4363 φιλίας
1103 4295 1409 4350 δεικνύουσι
1444 4299 1619 4368 τεκμή
1632 4316 1765 4369 ριον.

843 4404 1094 4460 ΚΕΦΛΛ.
1131 4406 1253 4461 AI".

326 4493 421 4565 Μὴ
447 4493 835 4566 μεταδαλλέτω
864 4512 945 4549 σοι
973 4497 1070 4567 τὴν
1096 4497 1475 4569 μεγαλόφρονα
1494 4497 1719 4569 γνώμην
1738 4498 1840 4568 τῆς

1944 3362 2071 3401 core
2108 3345 2415 3412 discedere,
2451 3363 2633 3415 neque
2666 3348 3100 3403 irrationabilem
3129 3364 3324 3403 eorum
3352 3349 3525 3403 male-

1944 3439 2243 3495 volentiam
2276 3439 2619 3503 ulciscendo,
2642 3455 2823 3511 neque
2848 3439 3097 3497 ilctitiam
3124 3441 3324 3496 horum
3358 3440 3527 3497 bene-

1944 3534 2242 3589 volentiam
2273 3533 2705 3592 remunerando.

2534 3737 2687 3795 CAP.
2728 3737 2951 3795 XXXII.

2016 3830 2283 3888 Existima
2337 3831 2657 3887 verissimos
2690 3832 2922 3897 amicos,
2978 3843 3091 3885 non
3145 3829 3244 3899 qui
3296 3826 3527 3884 laudent

1944 3923 2128 3981 omnia
2158 3939 2282 3996 qum
2308 3923 2567 3980 dicantur
2590 3922 2689 3979 abs
2714 3930 2788 3989 te,
2812 3921 2909 3980 sed
2936 3921 3034 3993 qui
3078 3920 3218 3978 nihil
3254 3935 3365 3976 non
3392 3919 3527 3976 inte-

1943 4030 2042 4086 gro
2071 4014 2282 4086 judicio
2317 4013 2501 4071 Iacere
2538 4012 2903 4078 contendunt,
2944 4012 3059 4069 sive
3085 4020 3145 4069 ut
3177 4011 3527 4084 gratulentur

1945 4108 2068 4175 tibi,
2098 4107 2147 4169 si
2174 4107 2347 4175 bene;
2381 4107 2691 4172 tristentur,
2729 4106 2776 4163 si
2802 4114 2994 4162 contra
3036 4120 3331 4178 perperam
3368 4102 3527 4159 dixe-

1945 4200 2022 4255 ris
2051 4198 2361 4255 fecerisve:
2396 4197 2453 4253 hi
2498 4198 2648 4255 enim
2690 4213 2883 4255 revera
2926 4197 2996 4253 ab
3026 4197 3177 4253 omni
3202 4194 3395 4253 fraude
3425 4196 3525 4257 ah-

1945 4289 2225 4351 horrentis
2250 4288 2507 4347 amicitia:
2532 4304 2647 4359 pra)
2668 4302 2726 4344 se
2754 4287 2941 4344 ferunt
2968 4287 3230 4359 insignia.

2507 4401 2663 4458 CAP.
2707 4400 2949 4457 XXXIII.

2015 4498 2093 4553 Ne
2127 4503 2304 4551 mutet
2332 4495 2431 4552 tibi
2460 4497 2867 4567 magnanimam
2892 4502 3134 4550 mentem
3160 4502 3393 4550 terrenae
3422 4492 3526 4547 hn-

250 4589 506 4656 ιπιγείου
534 4588 741 4660 ταύτης
769 4589 1087 4653 δυναστείας
1113 4591 1140 4642 ὁ
1168 4590 1352 4658 ὄγκος,
1381 4591 1496 4643 ἀλλ’
1535 4591 1611 4653 ὡς
1645 4592 1838 4659 ἐπίκη-

1942 4590 2033 4659 jus
2061 4588 2350 4658 potestatis
2371 4584 2713 4657 amplitudo;
2737 4585 2835 4641 sed
2882 4592 2944 4638 ut
2982 4584 3237 4676 fragilem
3267 4594 3331 4676 et
3355 4582 3524 4676 cadu-

254 4700 355 4752 ρον
384 4680 583 4734 διέπων
623 4682 819 4753 ἀρχὴν,
845 4680 1117 4751 ἄτρεπτον
1147 4681 1236 4752 ἔχε
1276 4683 1367 4737 τὸν
1431 4684 1557 4735 νοῦν
1595 4684 1654 4735 ὲν
1697 4684 1839 4755 πρά·-

250 4789 435 4843 γμασι
468 4777 745 4842 τρεπτοῖς,
781 4775 922 4843 μήτε
966 4775 1026 4828 ὲν
1068 4777 1187 4836 ταῖς
1211 4774 1497 4845 εὐθυμίαις
1536 4775 1839 4846 ἑξυψούμε-

250 4880 370 4931 νος.
402 4866 541 4935 μήτε
566 4867 624 4918 ὲν
648 4866 768 4929 ταῖς
790 4864 1053 4935 ἀθυμίαις
1072 4866 1523 4938 ταπεινούμενος.

844 5065 1095 5119 ΚΕΦΑΛ.
1137 5064 1256 5120 ΛΔ’.

328 5157 543 5228 Ὠσπερ
570 5156 767 5227 χρυσὸς
798 5157 989 5211 ἄλλοτε
1021 5158 1195 5221 ἄλλως
1239 5158 1344 5211 ὑπὸ
1395 5159 1492 5223 τῆς
1520 5158 1714 5231 τέχνης
1748 5178 1842 5230 με·

248 5250 693 5319 τατυπούμενος,
724 5252 820 5305 καὶ
848 5251 987 5321 πρὸς
1032 5251 1268 5322 διάςρορα
1300 5251 1548 5319 κοσμίων
1586 5252 1703 5322 δίδη
1738 5270 1839 5323 με·

248 5342 671 5410 ταποιούμενος,
706 5342 843 5412 ὅπερ
891 5344 1007 5396 ἐστὶ
1057 5342 1321 5413 διαμένει,
1346 5344 1441 5396 καὶ
1486 5343 1697 5413 τροπὴν
1742 5343 1839 5413 οὐχ

251 5432 555 5499 ὑπομένεν
612 5431 757 5486 οὕτω
803 5433 898 5487 καὶ
952 5434 1132 5496 αὐτὸς,
1186 5433 1543 5486 εύκλεέστατε
1594 5432 1837 5502 βασιλεῦ,

250 5526 427 5594 ἀλλην
456 5523 515 5589 ἐξ
546 5524 713 5592 ἄλλης
744 5525 991 5595 ἀμείϐων
1021 5525 1216 5596 ἀρχὴν,
1255 5525 1469 5594 φθάσας
1496 5526 1552 5578 δὲ
1596 5526 1689 5579 καὶ
1738 5526 1838 5578 αύ-

252 5616 358 5685 τὴν
391 5617 487 5686 τὴν
523 5618 785 5671 ἀνωτάτω
825 5619 1012 5688 τιμὴν,
1050 5620 1079 5671 ὁ
1116 5617 1279 5681 αὐτὸς
1309 5617 1606 5689 διαμένεις,
1642 5616 1743 5670 οὐκ
1782 5619 1839 5671 ὲν

250 5710 376 5769 τοῖς
411 5710 589 5771 αὐτοῖς
613 5710 955 5779 πράγματιν,
996 5710 1359 5764 ἀναλλοίωτον
1389 5712 1525 5781 ἔχων
1553 5710 1611 5763 ὲν
1634 5709 1710 5781 τῷ
1735 5727 1836 5765 κα-

253 5798 338 5871 λῷ
372 5805 434 5857 τὸ
464 5803 741 5875 φρόνημα.

1948 4692 2073 4730 cum
2130 4691 2328 4745 regens
2382 4676 2796 4746 principatum,
2864 4673 3266 4728 immutabilem
3318 4672 3523 4726 habeto

1944 4768 2285 4823 intellectum
2336 4767 2393 4821 in
2442 4767 2612 4821 rebus
2660 4766 3020 4821 mutabilibus
3059 4783 3072 4818 :
3118 4764 3290 4821 nimia
3339 4779 3521 4833 neque

1944 4860 2133 4915 laetitia
2182 4859 2476 4915 sublimem
2510 4866 2567 4916 te
2592 4858 3109 4926 extollensLneque
3138 4855 3403 4915 mmstitia
3441 4856 3523 4908 vi-

1942 4951 2180 5006 lescens.

2516 5066 2669 5122 CAP.
2711 5065 2949 5121 XXXIV.

2014 5158 2187 5215 Sicuti
2219 5176 2415 5216 aurum
2446 5163 2698 5231 quamvis
2731 5160 2895 5215 modo
2923 5158 3025 5224 sic,
3054 5156 3219 5211 modo
3241 5154 3404 5211 aliter
3448 5156 3519 5208 ab

1942 5260 2060 5305 arte
2079 5251 2522 5322 transﬁguretur,
2571 5260 2737 5321 atque
2767 5250 2833 5303 ad
2858 5248 3041 5305 varias
3063 5256 3519 5303 ornamentorum

1940 5346 2154 5414 species
2177 5345 2617 5406 transformetur,
2645 5353 2932 5414 permanet
2960 5352 3140 5398 tamen
3167 5344 3219 5397 id
3238 5342 3384 5411 quod
3411 5352 3517 5405 est,

1940 5451 2043 5492 nec
2064 5436 2422 5490 mutationem
2458 5434 2697 5504 patitur;
2736 5433 2816 5488 sic
2851 5433 2967 5503 ipse
2990 5447 3237 5502 quoque,
3264 5432 3515 5502 inclytis-

1940 5528 2078 5582 sime
2101 5527 2421 5596 imperator.
2454 5525 2586 5580 licet
2604 5525 2761 5579 aliud
2784 5542 2850 5579 ex
2879 5525 2989 5579 alio
3022 5540 3122 5593 per
3142 5523 3348 5594 gradus
3373 5523 3519 5575 Obii-

1938 5619 2130 5673 nueris
2179 5617 2422 5685 regimen
2452 5660 2466 5681 ,
2521 5616 2952 5687 pervenerisque
2998 5614 3066 5669 ad
3099 5613 3280 5685 ipsum
3321 5628 3516 5682 supre-

1938 5727 2087 5765 mum
2130 5709 2434 5775 honorem,
2489 5709 2633 5763 idem
2694 5718 2877 5763 tamen
2933 5719 3242 5778 permanes,
3299 5719 3410 5759 non
3462 5705 3515 5759 in

1940 5802 2147 5857 eisdem
2205 5801 2391 5866 rebus,
2445 5801 2848 5857 inalterabilcm
2900 5798 3192 5854 continens
3232 5796 3304 5853 “in
3336 5795 3513 5851 oﬂicio

1938 5909 2200 5948 animum.
