4220 6442
727 409 866 476 ιιῖε

1323 537 1476 593 CAP.
1515 536 1728 592 XXXV.

791 628 1059 688 Existima
1099 639 1231 686 tunc
1273 630 1493 685 demum
1523 638 1575 684 te
1609 639 1730 685 tuto
1759 645 2009 700 regnare,
2039 644 2165 684 cum
2199 647 2297 683 vo-

717 721 965 776 lentibus
1040 723 1278 792 imperas
1350 722 1673 777 hominibus
1720 741 1734 776 :
1788 722 1883 792 qui
1920 723 2070 776 enim
2123 723 2298 776 invito

717 817 906 869 animo
932 816 1242 886 subiicitur,
1266 815 1635 870 seditionibus
1666 814 1918 880 ﬂuctuat,
1946 824 2105 884 capta
2131 830 2294 870 occa-

715 910 908 973 sione;
937 907 1031 978 qui
1073 922 1207 961 vero
1237 907 1474 962 vinculis
1500 906 1897 964 benevolentia
1927 909 2160 980 regitur,
2189 917 2297 962 sta-

716 1001 887 1056 bilem
910 1010 1097 1056 servat
1125 1016 1253 1072 erga
1281 1011 1558 1056 rectorem
1585 1000 1981 1056 ebedientiam.

1302 1117 1454 1170 CAP.
1487 1114 1728 1171 XXXVI.

785 1204 856 1261 Ut
877 1205 1188 1260 dominium
1212 1205 1430 1276 imperii
1456 1207 1537 1260 tui
1557 1205 1729 1262 facias
1755 1205 1993 1272 illustre,
2027 1215 2293 1276 quantam

714 1297 887 1352 habes
930 1298 1198 1356 adversus
1223 1297 1478 1353 subditos
1524 1306 1820 1367 peccantes
1864 1297 2025 1361 iram,
2087 1307 2294 1352 tantam

711 1389 1024 1462 habendam
1069 1405 1191 1445 esse
1223 1391 1325 1446 tibi
1371 1391 1636 1445 adversus
1685 1389 1924 1458 teipsum
1973 1398 2294 1460 peccantem

713 1491 970 1546 censete;
993 1497 1158 1537 nemo
1174 1481 1324 1536 enim
1347 1481 1492 1536 valet
1522 1489 1673 1536 tanta
1697 1482 1995 1551 pollentem
2023 1490 2295 1552 potestate

712 1571 1012 1640 corrigere,
1043 1572 1152 1625 nisi
1187 1572 1330 1628 ratio
1357 1572 1578 1641 prepria
1609 1587 1731 1641 quae
1778 1588 1846 1627 ex
1878 1573 1999 1638 ipso
2027 1579 2292 1640 peccante

713 1672 1023 1719 moveatur.

1265 1779 1418 1834 CAP.
1449 1777 1712 1834 XXXVII.

697 1854 715 1871 ’
783 1869 1032 1940 Magnam
1061 1870 1152 1938 qui
1186 1877 1517 1940 potestatem
1547 1869 1782 1940 adeptus
1828 1881 1936 1931 est,
1965 1869 2287 1940 largitorem
2323 1885 2366 1940 Β

710 1962 1008 2030 potesutis
1031 1961 1280 2016 imitetur
1317 1976 1419 2031 pro
1442 1961 1696 2016 viribus:
1733 1961 1779 2016 si
1810 1961 1959 2016 enim
1993 1959 2289 2030 imaginem

711 2060 891 2122 gestat
917 2067 1101 2107 rerum
1133 2053 1530 2124 praesidis-Dei,
1559 2062 1725 2123 atque
1768 2069 1868 2124 per
1901 2054 2084 2124 ipsum
2117 2054 2293 2108 conti-

713 2155 810 2200 net
850 2161 1038 2200 rerum
1069 2145 1472 2216 principatum,
1502 2147 1558 2200 in
1605 2161 1673 2200 eo
1705 2145 1944 2200 maxime
1986 2145 2294 2199 imitabitur

710 2237 907 2303 Deum,
933 2238 980 2293 si
1003 2238 1144 2294 nihil
1171 2239 1551 2295 misericordia
1577 2239 1874 2310 pretiosius
1902 2238 2253 2308 iudicaverit.

1271 2436 1423 2493 CAP.
1456 2437 1746 2493 XXXVIII.

785 2529 966 2598 Super
999 2546 1197 2584 aurum
1222 2540 1279 2586 et
1300 2531 1540 2600 lapidem
1578 2529 1882 2600 pretiosum
1917 2527 2294 2584 beneﬁcentia:

713 2623 936 2677 divitias
961 2623 1125 2677 nobis
1167 2623 1336 2676 veluti
1378 2623 1701 2677 thesaurum
1741 2623 2152 2677 recondamus:
2188 2621 2294 2676 ilhc

712 2730 949 2784 namque
979 2725 1096 2770 tum
1128 2715 1184 2769 in
1224 2716 1480 2784 praesenti
1534 2717 1644 2770 vita
1671 2714 1952 2768 oblectant
1973 2729 2070 2785 spe
2095 2713 2294 2768 futura:

711 2807 1027 2872 fruitionis,
1091 2815 1207 2861 tum
1257 2809 1311 2862 in
1367 2807 1558 2863 futura
1617 2807 1970 2862 dulcedinem
2027 2804 2291 2869 atl‘erunt,

709 2900 1092 2970 experimento
1121 2908 1454 2970 gustatnquc
1481 2908 1715 2970 speratae
1740 2897 2102 2953 beatitudinis
2131 2915 2144 2949 :
2175 2912 2296 2966 quze

709 3007 845 3046 vero
899 3007 1049 3047 nunc
1091 2992 1241 3047 circa
1266 3008 1368 3046 nos
1417 2999 1704 3062 apparent,
1759 3002 2018 3059 tanquam
2061 2989 2197 3042 nihil
2224 2987 2292 3042 ad

711 3097 815 3139 nos
844 3081 1200 3152 pertinentia,
1233 3096 1300 3136 ne
1327 3096 1429 3136 nos
1458 3081 1688 3135 nimium
1715 3080 1997 3134 allectent.

1252 3192 1426 3248 CAP.
1470 3191 1714 3246 XXXIX.

780 3287 856 3341 Da
915 3301 1140 3356 operam
1185 3295 1245 3340 ut
1283 3301 1381 3339 eos
1427 3285 1902 3354 splendidioribus
1947 3283 2289 3340 demerearis

711 3379 1278 3438 remunerationibus,
1303 3359 1544 3448 quicum
1575 3377 1961 3432 benevolentia
1995 3385 2292 3447 capessunt

709 3488 833 3541 qua:
866 3471 1199 3526 mandantur
1237 3471 1336 3524 abs
1383 3480 1434 3524 te
1465 3487 1479 3522 :
1513 3470 1620 3524 hoc
1644 3469 1794 3524 enim
1841 3480 2006 3539 pacto
2035 3479 2093 3524 et
2119 3469 2292 3523 bono-

710 3579 834 3617 rum
861 3563 1091 3633 augebis
1122 3563 1484 3622 alacritatem.
1528 3571 1586 3616 et
1632 3561 1810 3614 malos
1843 3561 2071 3614 docebis
2099 3571 2158 3614 ut
2188 3561 2289 3615 de-

709 3657 926 3710 discant
973 3655 1238 3710 malitiam
1284 3673 1298 3708 :
1350 3654 1562 3709 eisdem
1620 3655 1769 3707 enim
1821 3655 2034 3708 censeri
2096 3653 2292 3725 dignos

708 3749 804 3820 qui
830 3763 941 3818 non
968 3749 1163 3807 eadem
1186 3747 1415 3812 faciunt,
1451 3747 1618 3802 nimis
1637 3745 1912 3802 nefarium
1944 3756 2046 3800 est.

1345 3859 1500 3915 CAP.
1544 3859 1654 3914 XL.

778 3953 1280 4008 Ilonoratissimum
1321 3952 1570 4005 onmium
1619 3959 1704 4005 est
1771 3951 2059 4020 imperium
2099 3966 2113 4003 :
2161 3961 2287 4005 tutc

706 4058 840 4096 vero
885 4042 969 4096 vel
1015 4041 1253 4095 maxime
1306 4040 1470 4108 huius
1519 4040 1666 4094 modi
1697 4049 1804 4102 est,
1857 4056 1982 4094 cum
2037 4041 2142 4095 hac
2193 4039 2289 4109 qui

707 4133 1087 4188 circumdatus
1131 4141 1218 4187 est
1257 4141 1550 4202 potestate,
1585 4148 1696 4186 non
1741 4133 1809 4186 ad
1867 4132 2202 4201 pertinacem
2233 4141 2292 4186 et

712 4227 1058 4280 temerariam
1083 4225 1347 4279 saevitiam
1375 4240 1686 4294 propensus
1708 4225 1800 4286 sit.
1836 4225 1931 4279 sed
1963 4225 2029 4278 ad
2056 4224 2288 4294 :equita-

710 4332 815 4372 tcm
849 4316 1146 4386 respiciat;
1178 4317 1587 4371 inclementiam
1615 4327 1675 4371 ut
1696 4316 1926 4371 ferinam
1947 4317 2285 4380 aversando,

704 4409 1109 4464 humanitatem
1143 4416 1205 4462 ut
1237 4409 1352 4463 Deo
1389 4425 1502 4478 pra
1525 4424 1584 4464 se
1609 4408 1861 4463 terendo.

1337 4520 1492 4578 CAP.
1533 4520 1670 4575 XLI.

773 4612 953 4683 aliqua
998 4614 1159 4668 lance
1229 4625 1340 4668 tam
1369 4611 1440 4666 ad
1484 4611 1693 4666 amicos
1715 4626 1882 4680 quam
1911 4610 1978 4663 ad
2029 4610 2282 4664 inimicos

708 4723 943 4778 vergens
967 4706 1256 4775 iudicandi
1307 4720 1510 4758 munus
1551 4703 1705 4756 obito
1737 4720 1750 4755 :
1781 4717 1962 4772 neque
1995 4702 2135 4755 bene
2161 4716 2286 4755 seon

706 4799 976 4854 tientibns
1000 4799 1068 4853 de
1091 4807 1144 4852 te
1170 4797 1485 4868 gratiﬁcans
1505 4794 1577 4849 ob
1607 4794 2071 4856 benevolentiam,
2105 4809 2286 4858 neque

707 4891 993 4946 malevOlis
1043 4890 1308 4944 resistens
1354 4897 1582 4957 propter
1618 4886 1939 4940 inimicitias
1973 4904 1984 4938 :
2021 4887 2284 4954 quoniam

703 4981 954 5052 ejusdem
1012 4990 1098 5034 est
1148 4978 1545 5041 absurditatis,
1618 4986 1676 5031 et
1736 4976 2040 5031 secundum
2099 4977 2286 5046 iniqua

703 5081 983 5141 petentem
1024 5071 1160 5124 dare
1189 5069 1366 5131 litem,
1401 5069 1502 5122 etsi
1550 5068 1622 5120 sit
1659 5070 1897 5136 amicus,
1944 5075 2001 5122 et
2026 5068 2281 5138 iniuriam

700 5164 853 5230 iusto
886 5161 1114 5224 inferre,
1148 5159 1252 5214 etsi
1283 5159 1356 5214 sit
1379 5159 1636 5214 inimicus
1676 5177 1688 5212 :
1727 5160 1930 5213 malum
1955 5159 2102 5213 enim
2128 5171 2282 5214 utro-

704 5253 871 5322 bique
899 5252 1082 5306 simile
1120 5261 1226 5315 est,
1259 5252 1478 5307 tametsi
1517 5252 1812 5307 contrariis
1847 5253 1902 5307 in
1931 5253 2098 5308 rebus
2133 5253 2284 5309 inve-

703 5357 906 5400 matur.

1298 5459 1449 5516 CAP.
1482 5460 1644 5516 XLII.

774 5554 981 5611 Intenta
1030 5563 1217 5610 mente
1251 5555 1563 5610 auscultare
1597 5554 1802 5610 debent
1834 5571 2020 5609 rerum
2044 5557 2280 5626 iudices.

2034 423 2359 485 AGAPETI
2398 427 2671 488 DIACON
2677 429 2704 488 Ι

3842 431 3982 502 ll‘IG

2978 546 3226 602 ΚΕΦᾹΛ.
3267 547 3392 604 AE'.

2471 636 2679 706 Νόμιζε
2721 637 2842 690 τότε
2888 638 3197 708 βασιλεύειν
3241 639 3524 703 ἀσφαλῶς,
3563 640 3694 693 ὅταν
3737 639 3980 694 ἑκόντων

2398 728 2642 800 ἀνάσσης
2675 729 2785 782 τῶν
2818 729 3142 801 ἀνθρώπων.
3177 730 3253 784 Τὸ
3293 729 3404 800 γὰρ
3434 730 3708 794 ἀκουσίως
3741 731 3981 783 ὑποτατ-

2399 818 2649 888 τόμενον,
2699 819 2983 883 στασιάζει
3029 817 3228 889 καιροῦ
3276 817 3610 888 λαϐόμενον·
3655 817 3720 870 τὸ
3745 817 3803 870 δὲ
3863 821 3978 878 τοῖς

2399 911 2620 980 θεσμοῖς
2644 913 2746 981 τῆς
2771 912 2989 976 εὐνοίας
3015 911 3410 981 κρατούμενον,
3437 909 3664 982 βεϐαίαν
3692 909 3807 981 εχει
3840 909 3978 980 πρὸς

2395 1004 2458 1058 τὸ
2491 1002 2729 1074 κρατοῦν
2754 1004 2854 1075 τὴν
2879 1003 3194 1058 εὐπείθειαν
3215 1004 3355 1074 (I5).

2965 1117 3220 1171 κεφΑΑ.
3263 1118 3405 1185 Δεῖν.

2468 1210 2589 1263 Ἵνα
2625 1209 2688 1296 τὸ
2735 1209 2938 1280 κράτος
2975 1211 3077 1281 τῆς
3124 1209 3407 1279 βασιλείας
3440 1212 3676 1283 ποιήσῃς
3708 1209 3978 1278 ἀοίδιμον,

2393 1300 2526 1369 ὅσην
2548 1297 2696 1370 ἔχεις
2722 1299 2866 1354 κατά
2895 1301 3006 1354 τῶν
3045 1303 3303 1373 ὑπηκόων
3327 1304 3756 1374 ἁμαρτανόντων
3779 1304 3976 1373 ὀργὴν.

2393 1390 2665 1462 τοσαύτην
2713 1391 2861 1462 ἔχειν
2913 1395 3009 1446 καὶ
3055 1395 3199 1448 κατά
3270 1378 3473 1448 σαυτοῦ
3523 1395 3981 1466 πλημμελοῦντος

2394 1484 2576 1549 ἀξίουο
2612 1484 2792 1548 οὐδεὶς
2821 1487 2930 1554 γὰρ
2968 1485 3142 1556 ίσχύει
3174 1488 3268 1541 τὸν
3315 1490 3374 1540 ἐν
3407 1488 3631 1558 ἐξουσίᾳ
3669 1486 3978 1558 τηλικαύτῃ

2393 1576 2697 1642 παιδεύειν,
2754 1579 2804 1631 εί
2863 1577 2942 1648 μὴ
2995 1577 3258 1650 λογισμὸς
3311 1581 3517 1642 οἰκεῖος
3569 1579 3628 1646 ἐξ
3676 1579 3846 1632 αὐτοῦ
3883 1578 3978 1630 τοῦ

2393 1667 2846 1739 πλημμελοῦντος
2889 1669 3232 1738 κινούμενος.

2976 1785 3227 1838 ΚΕΦΑΔ.
3268 1784 3394 1838 ΛΖ’.

2473 1871 2535 1925 '0
2581 1873 2828 1942 μεγάλης
2872 1871 3124 1937 ἐξουσίας
3173 1872 3594 1942 ἐπιλαϐόμενος,
3639 1870 3734 1924 τὸν
3778 1868 3976 1938 δοτῆρα

2393 1962 2494 2033 τῆς
2542 1962 2791 2028 ἐξουσίας
2845 1965 3124 2034 μιμείσθω
3172 1965 3314 2018 κατά
3339 1964 3602 2033 δύναμιν
3635 1964 3684 2016 εί
3712 1963 3823 2032 γάρ
3861 1979 3978 2039 ﬁt»;

2393 2057 2493 2124 τὴν
2525 2056 2712 2109 είκόνα
2741 2056 2898 2126 φέρει
2929 2057 3024 2110 τοῦ
3071 2057 3163 2109 ἐπὶ
3198 2057 3418 2110 πάντων
3457 2054 3616 2119 Θεοῦ,
3653 2055 3748 2108 καὶ
3779 2055 3849 2108 δι’
3877 2055 3976 2106 αὐ·

2393 2146 2487 2200 τοῦ
2535 2149 2760 2216 κατέχει
2797 2148 2895 2220 τὴν
2951 2149 3044 2201 ἐπὶ
3096 2149 3320 2203 πάντων
3351 2149 3549 2218 ἀρχὴν,
3584 2149 3647 2202 ὲν
3685 2147 3864 2216 τούτῳ
3908 2146 3976 2214 δὴ

2398 2241 2632 2311 μάλιστα
2678 2241 2770 2293 τὸν
2821 2241 2955 2293 θεὸν
3005 2243 3330 2312 μιμήσεται,
3384 2241 3442 2291 ὲν
3487 2238 3566 2308 τῷ
3618 2237 3784 2308 μηδὲν
3833 2239 3977 2308 ἠγεῖ-

2396 2335 2523 2390 σθαι
2549 2335 2663 2406 (ιι)
2693 2334 2787 2388 τοῦ
2817 2335 2994 2388 ἐλεεῖν
3024 2332 3467 2406 προτιμώτερον.

2959 2448 3212 2502 ΚΕΦΑΔ.
3259 2448 3393 2500 AIl'.

2477 2536 2649 2610 ’Υπὲρ
2686 2538 2911 2611 χρυσίον
2949 2539 3044 2592 καὶ
3077 2537 3226 2591 λίθον
3255 2538 3436 2608 τίμιον
3463 2538 3562 2607 τῆς
3585 2536 3836 2597 εὐποιίας
3884 2534 3976 2586 τὸν

2394 2629 2626 2686 πλοῦτον
2667 2631 2884 2693 ἑαυτοῖς
2930 2628 3388 2700 θησαυρίσωμενο
3429 2634 3520 2682 τὸν
3571 2627 3667 2682 καὶ
3696 2622 3801 2680 ὦδε
3839 2642 3966 2679 κατ·

2391 2723 2759 2793 ευφραίνοντα
2789 2725 2856 2792 τῇ
2888 2721 3065 2774 ἐλπίδι
3125 2722 3226 2791 τῆς
3259 2721 3563 2790 μελλούσης
3595 2717 3974 2778 ἀπολαύσεως,

2395 2817 2557 2870 κάκεῖ
2603 2813 3114 2882 καταγλυκαίνοντα
3155 2815 3224 2884 τῇ
3261 2812 3432 2883 πείρᾳ⁵
3479 2811 3582 2881 τῆς
3625 2809 3976 2875 ἑλπισθείσης

2398 2904 2806 2974 μακαριότητος
2825 2921 2839 2933 ·
2871 2903 2940 2956 τὰ
2977 2903 3035 2956 δὲ
3071 2901 3167 2958 νῦν
3194 2898 3326 2976 περὶ
3355 2903 3504 2974 ἡμᾶς
3529 2902 3605 2966 ὼς
3637 2900 3798 2957 οὐδὲν
3833 2901 3977 2970 πρὸς

2393 2998 2563 3068 ἡμᾶς,
2601 2995 2678 3066 μὴ
2707 2993 2959 3066 τερπέτω
2991 2995 3163 3064 ἡμᾶς.

2974 3195 3227 3250 ΚΕΦΑΛ.
3268 3193 3392 3248 ΛΘ.

2465 3287 2744 3354 Σπούδαζε
2774 3287 3193 3358 λαμπροτέραις
3219 3283 3552 3356 ἀμείϐεσθαι
3579 3284 3818 3355 δωρεαῖς
3854 3285 3983 3345 τούς

2396 3384 2515 3452 μετ’
2543 3383 2759 3444 εὐνοίας
2781 3378 3068 3442 ποιοῦντας
3082 3379 3148 3431 τὰ
3183 3377 3339 3448 παρά
3373 3376 3468 3430 σοῦ
3498 3374 3980 3446 προσταττόμενα·

2392 3475 2566 3543 τούτῳ
2610 3475 2718 3544 γὰρ
2763 3471 2840 3543 τῷ
2875 3473 3064 3543 τρόπῳ
3110 3471 3204 3524 καὶ
3237 3471 3346 3523 τῶν
3384 3468 3608 3536 ἀγαθῶν
3650 3467 3983 3536 ἐπαυξήσεις

2391 3567 2490 3638 τὴν
2524 3565 2858 3638 προθυμίαν,
2893 3563 2989 3617 καὶ
3036 3562 3170 3626 τούς
3221 3561 3496 3631 πονηροὺς
3525 3559 3760 3624 διδάξεις
3812 3575 3983 3629 μετα·

2394 3657 2590 3728 μαθεῖν
2621 3655 2722 3726 τὴν
2765 3654 2965 3707 κακίαν
2990 3672 3004 3686 ο
3033 3654 3096 3706 τὸ
3146 3655 3256 3724 γὰρ
3307 3653 3418 3706 τῶν
3465 3651 3650 3706 αὐτῶν
3693 3651 3981 3714 ἀξιοῦσθαι

2391 3749 2518 3812 τοὺς
2551 3749 2626 3819 μὴ
2658 3749 2725 3801 ea
2757 3747 2897 3800 αὐτά
2929 3745 3242 3811 ποιοῦντας,
3281 3745 3424 3813 ἄταν
3475 3746 3624 3797 ἐστὶν
3657 3743 3944 3812 ἀθέμιτον.

2993 3859 3239 3912 ΚΕΦΑΛ.
3281 3860 3370 3912 Μ’.

2461 3952 2807 4025 Τιμιὼτατον
2839 3954 3059 4006 πάντων
3083 3954 3233 4004 ἐστὶν
3257 3953 3291 4022 ἡ
3327 3949 3606 4021 βασιλεία·
3634 3949 3756 4000 τότε
3784 3948 3842 4000 δὲ
3878 3948 3980 4016 μά-

2388 4046 2552 4102 λιστα
2582 4046 2826 4100 τοιοῦτόν
2862 4048 3034 4104 ἐστιν,
3059 4046 3188 4097 ὅταν
3217 4047 3245 4098 ό
3288 4041 3450 4096 τοῦτο
3497 4040 3885 4112 περικείμενος
3917 4039 3978 4092 τὸ

2389 4137 2612 4208 κράτος,
2656 4135 2730 4204 μὴ
2765 4135 2902 4205 πρὸς
2929 4133 3220 4186 αὐθάδειαν
3255 4133 3420 4204 ῥέπῃ,
3452 4129 3589 4183 ἀλλά
3636 4129 3771 4192 πρὸς
3806 4128 3978 4181 ἐπιεί-

2389 4243 2544 4280 κειαν
2599 4225 2810 4297 βλέπῃο
2843 4225 2906 4276 τὸ
2960 4225 3061 4294 μὲν
3117 4221 3512 4291 ἀπάνθρωπον,
3566 4219 3641 4281 ὡς
3709 4217 3978 4286 θηριῶδες

2389 4318 2895 4388 ἀποστρεφόμενος,
2927 4318 2988 4370 τὸ
3010 4316 3066 4368 δὲ
3109 4314 3517 4384 φιλάνθρωπον,
3557 4311 3631 4374 ὡς
3665 4311 3973 4364 θεοείκελον

2389 4412 2635 4467 ὲνδεικνύ
2645 4426 2826 4482 μενος.

2975 4519 3224 4572 ΚΕΦΑΛ.
3265 4517 3403 4571 MA'.

2469 4614 2629 4675 Ἴσως
2667 4613 2801 4683 πρός
2828 4629 2885 4664 τε
2915 4610 3100 4679 φίλους
3145 4611 3240 4662 καὶ
3273 4609 3507 4679 ἐχθροὺς
3537 4607 3696 4658 ποιοῦ
3727 4607 3827 4670 τάς
3853 4607 3973 4678 κρί-

2395 4725 2532 4772 σεις,
2562 4709 2700 4777 μήτε
2720 4709 2832 4770 τοῖς
2858 4704 3105 4759 εὐνοοῦσι
3135 4705 3496 4775 χαριζόμενος
3509 4703 3599 4756 διὰ
3616 4703 3712 4773 τὴν
3734 4703 3974 4768 εὔνοιαν,

2397 4801 2534 4869 μήτε
2579 4801 2689 4861 τοῖς
2731 4798 3056 4867 δυσμενέσιν
3084 4795 3482 4864 ἀνθιστάμενος
3528 4795 3598 4846 δι’
3628 4795 3934 4864 ἀπέχθειαν
3959 4813 3972 4824 ·

2394 4889 2586 4960 ἐπειδὴ
2617 4890 2715 4958 τῆς
2749 4888 2924 4956 αὐτῆς
2955 4889 3104 4938 ἐστιν
3131 4887 3388 4950 ἀτοπίας,
3450 4887 3545 4939 καὶ
3589 4885 3843 4939 δικαιοῦν
3885 4885 3977 4937 τὸν

2395 4984 2599 5042 ἄδικον.
2635 4985 2686 5034 εἰ
2721 4983 2816 5033 καὶ
2855 4981 3007 5049 φίλος
3058 4981 3316 5049 ὑπάρχει,
3361 4980 3455 5030 καὶ
3503 4978 3713 5031 ἀδικεῖν
3760 4980 3855 5032 τὸν
3902 4979 3969 5030 δί-

2391 5092 2569 5139 καιον,
2602 5075 2652 5126 εί
2701 5075 2798 5126 καὶ
2853 5071 3046 5141 ἐχθρὸς
3100 5073 3392 5141 τυγχάνειο
3439 5071 3500 5123 τὸ
3537 5069 3646 5140 γὰρ
3705 5073 3878 5122 κακδν
3919 5072 3975 5121 ἑν

2391 5169 2725 5238 ἀμφοτέροις
2758 5168 2966 5239 ὅμοιον,
3002 5166 3105 5218 κᾶν
3153 5165 3212 5216 ἐν
3261 5167 3376 5229 τοῖς
3407 5167 3674 5226 ἐναντίοις
3707 5165 3973 5233 εὑρίσκη-

2391 5277 2502 5314 ται.

2971 5459 3014 5510 Κ
3027 5459 3219 5512 ΕΦΛΑ.
3260 5456 3391 5510 MB’.

2465 5554 2748 5624 Νουνεχῶς
2807 5553 3114 5623 ἀκροᾶσθαι
3169 5553 3250 5605 δεῖ
3287 5554 3414 5613 τοὺς
3465 5552 3572 5604 τῶν
3625 5554 3975 5623 πραγμάτων

2214 5681 2444 5738 ΝΟΤᾸΕ.

777 5768 888 5837 (ιδ)
923 5768 1071 5832 Πρὸς
1104 5770 1171 5824 τὸ
1197 5771 1460 5835 κρατοῦν
1491 5769 1603 5837 τὴν
1657 5773 1889 5824 samo.
1946 5772 2132 5831 Cedex
2171 5774 2275 5828 Rc-

699 5842 822 5911 gius
858 5836 912 5892 Β.
949 5840 1079 5912 πρὸς
1097 5842 1186 5893 τὸν
1209 5841 1514 5912 κρατοῦντά
1538 5836 1587 5893 τι
1618 5842 1825 5896 εὐπιίθ.
1866 5843 2099 5899 Bn'nrn.

2459 5773 2571 5838 (16)
2619 5774 2714 5826 Ἐν
2732 5772 2931 5842 μηδὲν
2955 5771 3030 5835 τῷ
3065 5770 3358 5837 ἡγεῖσθαι.
3387 5768 3488 5842 _Sic
3513 5785 3581 5842 ex
3633 5768 3828 5826 codice
3867 5767 3981 5824 Re-

2383 5846 2492 5915 gio.
2526 5845 2588 5900 Α.
2624 5846 2711 5898 Δι.
2735 5839 2901 5909 editi,
2935 5842 3190 5912 ἒννμηδὶν
3217 5840 3490 5907 ἡγεῖσθαι.
3540 5839 3616 5894 Io.
