4220 6442
803 441 938 507 1179
2099 435 2421 500 AGAPETI
2464 438 2469 495 1

2413 436 2421 495 ἱ
2464 436 2770 499 ΒΙΛΟΟΝῙ
3928 429 4079 498 1180

1391 549 1546 606 CAP.
1587 547 1779 604 xux.
2408 553 2455 609 Α

2408 553 2455 609 Α
3059 550 3306 604 ΚΕΦΑΛ.
3344 549 3477 604 MU.

871 645 1003 712 Quae
1035 642 1275 699 subditis
1317 641 1486 694 verbo
1517 640 1673 709 quasi
1715 639 1834 708 lege
1883 638 2218 707 praescribis,
2258 637 2374 691 haec

2556 641 2619 694 Ἃ
2647 644 2759 705 τοῖς
2787 641 3051 712 ὑπηκόοις
3080 642 3399 713 νομοθετεῖς
3423 640 3512 694 διά
3549 639 3659 694 τῶν
3696 636 3905 705 λόγων.
3945 639 4087 690 ταῖν-

799 744 857 787 ιυ
887 734 1232 804 praeveniens
1289 730 1470 800 reipsa
1503 728 1850 798 prazstiteris,
1877 738 1939 783 ut
1967 728 2151 782 verbis
2172 727 2375 797 quibus

2477 749 2546 786 τα
2577 733 2870 804 προλαϐὼν
2915 731 3200 798 ὑπέδειξας
3227 735 3316 787 διὰ
3342 733 3450 786 τῶν
3472 732 3682 804 ἔργων’
3714 731 3804 785 ἵνα
3836 731 3952 793 τοῖς
3990 729 4083 781 λό-

799 824 1138 894 persuades.
1197 822 1410 891 integra
1452 836 1675 891 quoque
1722 822 1834 875 vita
1883 821 2215 889 astipuletur
2252 819 2375 872 :sic

2477 841 2596 889 γοις
2629 821 2711 890 οἷς
2760 826 2992 894 πείθεις,
3036 829 3134 882 καὶ
3167 826 3408 900 χρηστὸς
3457 823 3898 895 συναγωνίζηται
3933 823 4081 894 βίος.

799 919 946 971 enim
997 913 1435 970 commendabile
1466 924 1622 968 tuum
1654 913 1996 966 asseverabis
2044 911 2334 982 imperium
2357 955 2371 976 ,

2478 919 2635 972 Οὕτω
2683 923 2794 990 γάρ
2843 921 3132 991 εὐδόκιμον
3189 921 3443 989 ἀποφανῇ
3497 934 3590 971 σου
3623 917 3684 969 τὺ
3723 920 3952 988 κράτος,
3982 921 4084 970 καὶ

797 1008 844 1062 si
873 1014 928 1060 et
957 1004 1306 1058 ratiocineris
1359 1019 1471 1058 non
1522 1003 1642 1057 sine
1688 1017 1879 1071 opere,
1901 1011 1956 1056 et
1983 1003 2232 1072 opereris
2263 1016 2375 1054 non

2073 1003 2232 1058 "eris
2263 1016 2375 1054 ηοῐι
2479 1011 2652 1078 λέγων
2690 1011 3037 1083 πρακτικῶς,
3069 1014 3164 1066 καὶ
3195 1013 3454 1082 πράττων
3481 1008 3739 1077 λογικῶς.

797 1099 918 1152 sine
967 1096 1203 1150 ratione.

1447 1209 1599 1264 CAP.
1639 1209 1702 1263 ι..
3079 1211 3113 1263 ις

3079 1209 3333 1263 ΚΕΦΑΔ.
3377 1208 3462 1262 N'.

861 1305 971 1360 Eos
1002 1309 1128 1377 plus
1153 1319 1297 1367 ama,
1323 1302 1692 1357 Serenissime
1737 1299 2062 1368 Imperator,
2123 1298 2374 1367 accipere

2552 1300 2722 1354 Πλέον
2773 1301 2988 1369 ἀγάπα,
3027 1301 3249 1368 βασιλεῦ
3299 1299 3659 1370 γαληνότατε,
3688 1300 3818 1360 τοὺς
3848 1298 4076 1367 λαμϐά-

793 1394 894 1449 abs
931 1405 984 1448 te
1015 1392 1279 1448 beneﬁcia
1314 1391 1408 1461 qui
1434 1391 1764 1460 supplicant,
1799 1402 1961 1457 quam
1986 1386 2085 1440 tibi
2109 1387 2203 1455 qui
2236 1402 2374 1440 con-

2478 1409 2591 1445 νειν
2645 1392 2798 1462 παρὰ
2852 1393 2948 1447 σοῦ
3003 1395 3238 1464 χάριτας
3295 1391 3683 1454 ἱκετεύοντας,
3739 1390 3887 1459 ἥπερ
3942 1391 4078 1450 τοὺς

797 1487 1026 1540 tendunt
1059 1485 1260 1540 oﬂ'erre
1292 1498 1522 1537 munera
1571 1499 1584 1535 :
1625 1481 1714 1535 his
1769 1480 1918 1534 enim
1963 1479 2187 1532 debitor
2231 1476 2374 1531 refe-

2479 1485 2885 1550 σπουδάζοντας
2914 1485 3124 1556 δωρεάς
3157 1503 3241 1538 σοι
3275 1484 3634 1556 προσφέρειν.
3661 1481 3789 1544 Τοῖς
3821 1483 3924 1551 μὲν
3960 1480 4076 1549 γάρ

795 1575 952 1628 rendi
1006 1574 1236 1644 gratiam
1305 1572 1578 1636 ellieeris;
1634 1569 1714 1624 illi
1785 1583 1918 1622 vero
1951 1567 2090 1620 dant
2140 1565 2371 1629 vadem,

2477 1575 2766 1647 ὀφειλέτης
2809 1577 3049 1648 ἀμοιϐῆς
3085 1577 3448 1631 καθίστασαν
3485 1579 3534 1631 ol.
3581 1576 3636 1629 δέ
3668 1593 3753 1628 σοι
3793 1574 3888 1626 τὸν
3936 1573 4079 1626 Θεὸν

790 1665 1165 1720 vindicantem
1212 1665 1316 1719 sibi
1363 1676 1705 1733 quaecunque
1731 1675 1862 1730 erga
1895 1657 2178 1728 supplices
2233 1671 2371 1711 con-

2477 1666 2762 1739 ὀφειλέτην
2796 1669 3034 1734 ποιοῦσι,
3081 1670 3173 1722 τὸν
3222 1668 3598 1737 οἰκειούμενον
3640 1665 3711 1718 τὰ
3757 1667 3836 1728 εἰς
3871 1664 4077 1724 αὐτοὺς

793 1755 1006 1820 tuleris,
1073 1767 1132 1811 et
1190 1761 1638 1811 remunerantem
1679 1752 1842 1806 bonis
1903 1749 2376 1806 retributionibus

2476 1759 2759 1828 γινόμενα,
2819 1760 2914 1813 καὶ
2966 1759 3335 1831 ἀμειϐόμενον
3369 1759 3610 1828 ἀγαθαῖς
3637 1757 3953 1812 ἀντιδόσεσι
3983 1755 4075 1807 τὸν

794 1857 944 1902 tuam
970 1857 1078 1904 tam
1113 1849 1259 1918 piam
1285 1863 1449 1917 qnam
1483 1845 1882 1916 perhumanam
1906 1843 2294 1897 intentionem.
2402 1915 2440 1923 _

2004 1844 2294 1897 ultionem.
2402 1915 2440 1923 _
2478 1849 2728 1920 φιλόθεον
2780 1852 2876 1905 καὶ
2903 1851 3286 1923 φιλάνθρωπόν
3313 1868 3408 1904 σου
3448 1850 3670 1904 σκοπόν.

1461 1979 1614 2033 CAP.
1643 1977 1729 2033 LI.
2401 1915 2445 1970 Β
3054 1966 3127 2019 KI

2401 1915 2445 1970 Β
3054 1965 3304 2019 ΚΕΦΛΛ.
3337 1961 3467 2018 NA'.

858 2070 1004 2126 Solis
1048 2070 1296 2141 profecto
1333 2078 1523 2140 partes
1563 2076 1713 2136 sunt,
1765 2066 2048 2121 illustrare
2078 2064 2252 2120 radiis
2279 2077 2376 2118 or-

2557 2055 2739 2108 Ἠλίου
2768 2057 2866 2125 μὲν
2887 2055 3050 2126 ἔργον
3076 2059 3218 2122 ἐστὶ,
3249 2056 3312 2110 τὸ
3338 2055 3729 2127 καταλάμπειν
3757 2053 3883 2116 ταῖς
3907 2054 4074 2108 ἀκτῖ-

790 2165 916 2218 hem
956 2183 969 2217 :
994 2163 1264 2233 principis
1284 2178 1417 2218 vero
1447 2163 1625 2216 virtus
1647 2167 1732 2214 est
1762 2173 2068 2230 egenorum
2093 2155 2372 2212 misereri.

2476 2163 2529 2200 σι
2585 2146 2684 2217 τὴν
2733 2148 2946 2201 κτίσιν·
2982 2149 3218 2211 ἄνακτος
3253 2148 3312 2202 δὲ
3363 2147 3558 2218 ἀρετὴ,
3606 2146 3667 2199 τδ
3716 2145 3898 2198 ἐλεεῖν
3955 2147 4074 2208 τοῖς

789 2256 962 2310 Porro
999 2255 1094 2310 illo
1121 2255 1324 2310 clarior
1341 2262 1427 2308 est
1467 2254 1791 2322 imperator,
1814 2249 1910 2321 qui
1943 2250 2069 2320 pius
2097 2256 2182 2303 est
2217 2265 2231 2301 :
2280 2247 2372 2302 ille

2472 2239 2750 2309 δεομένοις
2782 2241 2916 2310 (I6).
2953 2241 3230 2294 Κάκείνου
3255 2239 3312 2293 δὲ
3342 2238 3745 2311 φανερώτερος,
3777 2239 3806 2290 ό
3831 2237 4073 2306 εὐσεϐὴς

790 2362 1030 2417 namque
1059 2345 1208 2401 cedit
1236 2343 1558 2399 succedenti
1598 2343 1779 2408 nocti;
1814 2342 1906 2396 hic
1935 2347 2120 2394 autem
2152 2336 2371 2408 rapaci-

2475 2331 2728 2403 βασιλεύς
2749 2350 2762 2364 ⁸
2795 2336 2824 2387 6
2855 2335 2956 2404 μὲν
2981 2334 3092 2405 γάρ
3127 2335 3405 2390 ὑπονωοεῖ
3450 2334 3517 2392 τῇ
3560 2331 3780 2401 διαδοχῇ
3807 2333 3913 2398 τῆς
3977 2349 4073 2384 νυ-

791 2440 889 2492 tati
931 2453 1226 2508 pravorum
1265 2452 1377 2491 non
1412 2435 1670 2492 concedit
1703 2434 2019 2505 indulgetve
2042 2431 2369 2509 quidquam,

2473 2426 2602 2490 κτός
2622 2444 2635 2455 '
2664 2429 2694 2480 ὁ
2728 2427 2784 2480 δὲ
2808 2429 2870 2480 οὑ
2902 2431 3229 2500 παραχωρεῖ
3255 2431 3322 2499 τῇ
3357 2431 3680 2500 συναρπαγῇ
3715 2427 3827 2480 τῶν
3853 2425 4067 2486 κακῶν,

799 2530 896 2585 sed
920 2529 1129 2585 lumine
1160 2529 1412 2585 veritatis
1438 2527 1749 2597 iniquitatis
1777 2527 1996 2580 occulta
2026 2525 2294 2594 coarguit.

2473 2518 2610 2571 ἀλλὰ
2637 2519 2714 2589 τῷ
2745 2523 2886 2589 φωτὶ
2909 2521 3010 2591 τῆς
3034 2520 3298 2592 ἀληθείας
3325 2521 3601 2592 ἐξελέγχει
3628 2521 3697 2574 τὰ
3721 2519 3948 2591 κρυπτά
3970 2518 4071 2587 τῆς

2471 2609 2705 2673 ἀδικίας.

1433 2725 1588 2782 CAP.
1623 2724 1737 2780 LII.
3058 2727 3099 2780 κ

3058 2727 3310 2780 ΚΕΦΛΔ.
3351 2727 3477 2780 NB'.

856 2821 1075 2875 Priores
1099 2818 1324 2888 quidem
1353 2826 1406 2873 te
1438 2819 1808 2888 imperatores
1823 2813 2172 2884 principatus
2203 2811 2369 2867 ador-

2545 2817 2683 2880 Τοίις
2715 2818 2814 2884 μὲν
2841 2817 2950 2888 πρδ
2997 2818 3093 2872 σοῦ
3141 2818 3380 2888 βασιλεῖς
3408 2822 3442 2889 ἡ
3472 2819 3616 2889 ἀρχὴ
3639 2818 4065 2888 κατεκόσμησεο

788 2910 973 2973 navit;
1017 2918 1074 2963 tu
1108 2924 1242 2963 vero
1273 2923 1425 2974 eum,
1479 2905 1957 2978 prmstantissime,
2007 2904 2386 2959 illustriorem.
2425 2933 2433 2939 -

2425 2933 2433 2939 ·
2474 2912 2540 2964 σὺ
2565 2911 2625 2964 δὲ
2644 2911 2870 2980 ταύτην,
2893 2911 3175 2982 κράτιστε,
3206 2912 3572 2984 φαιδροτέραν
3601 2913 3891 2980 ἐποίησας,
3927 2913 4069 2980 ἡμε-

790 2999 1127 3066 reddidisti,
1184 2998 1611 3053 mansuetudine
1672 3005 1990 3066 temperans
2033 2993 2371 3063 diluensque

2477 3001 2661 3072 ρότητι
2693 3000 2898 3072 κιρνῶν
2931 3002 3032 3070 τῆς
3063 3001 3317 3066 ἐξουσίας
3343 3001 3438 3054 τὸν
3473 3001 3666 3070 ὄγκον,
3697 3002 3793 3054 καί¹
3827 2998 4069 3070 χρηστό-

787 3099 1067 3146 austeram
1126 3090 1419 3161 potestatis
1463 3090 1689 3151 molem,
1722 3087 2086 3156 bonitateque
2135 3087 2371 3140 vincens

2473 3108 2599 3162 τητι
2627 3091 2792 3145 νικῶν
2818 3091 2928 3144 τῶν
2953 3091 3288 3163 προσιόντων
3328 3109 3413 3146 σοι
3447 3092 3539 3145 τὸν
3562 3091 3750 3161 φόϐον.
3785 3091 3953 3144 Ὅθεν
3990 3091 4069 3159 τῷ

788 3183 1113 3238 adeuntium
1171 3192 1224 3237 te
1255 3181 1630 3237 formidinem.
1661 3179 2012 3250 Quapmpter
2071 3188 2180 3234 ture
2213 3193 2370 3232 sere-
2411 3248 2444 3255 _

2411 3248 2444 3255 _
2476 3183 2657 3254 λιμένι
2702 3184 2802 3253 τῆς
2857 3183 2958 3253 σῆς
2993 3183 3364 3254 γαληνότητος
3413 3184 3619 3247 πάντες
3672 3183 4070 3255 προσορμιῖωιν

789 3277 982 3330 nitatis
1029 3283 1251 3344 portum
1283 3275 1527 3329 subeunt
1567 3248 1799 3336 omnes,
1847 3272 1942 3341 qui
1988 3270 2371 3325 misericordia
2401 3248 2445 3307 (ἶ

2405 3248 2445 3307 c
2477 3248 2769 3339 οίὲλέους⁷
2795 3248 3067 3344 δεόμενοι,
3120 3248 3216 3329 καὶ
3255 3248 3371 3329 τῶν
3426 3277 3691 3344 κυμάτων
3719 3248 4071 3344 ⁷τῆσςνίτιιενίας

794 3367 1041 3435 indigent
1097 3365 1468 3434 ﬂuctibusque
1513 3364 1857 3435 paupertatis
1892 3362 2145 3428 liberati,
2189 3373 2377 3433 gratos

2476 3368 2974 3438 ἀπαλλαττόμενοι,
2997 3367 3453 3440 εὐχαριστηρίους
3476 3367 3681 3439 ὕμνους
3707 3384 3791 3420 σοι
3819 3367 4073 3436 ἀναπέμ-

793 3459 1026 3527 hymnos
1057 3457 1124 3510 ad
1155 3467 1207 3512 te
1236 3457 1534 3512 missitant.

1057 3457 1124 3510 ad
1155 3467 1207 3512 te
1236 3457 1534 3512 missitant.
2479 3478 2581 3513 που
2591 3478 2693 3514 σιν.

1405 3569 1560 3624 CAP.
1600 3569 1734 3623 LIII.

3072 3576 3324 3629 ΚΕΦΑΛ.
3357 3574 3485 3631 NI“.

861 3663 1140 3728 Quantum
1172 3666 1450 3729 potestate
1478 3659 1698 3712 caneris
1721 3655 2030 3720 antecellis,
2057 3664 2268 3710 tantum
2295 3657 2377 3710 fa-

2551 3664 2718 3718 "Ucov
2757 3667 2825 3736 τῇ
2859 3665 3149 3735 δυναστεία
3185 3665 3404 3716 πάντων
3453 3662 3837 3732 ὑπερανέχεις,
3880 3659 4070 3714 τοσοῦ-

795 3753 901 3808 ctis
934 3753 1100 3809 etiam
1142 3750 1382 3807 emicare
1413 3757 1538 3804 ante
1590 3748 1729 3804 alios
1757 3747 1971 3804 enitere
2014 3764 2029 3802 :
2066 3749 2379 3819 persuasis-

2481 3742 2570 3812 τον
2597 3756 2692 3810 καὶ
2735 3759 2849 3823 τοῖς
2877 3756 3061 3828 ἔργοις
3102 3756 3484 3828 ὑπερλάμπειν
3519 3753 3791 3822 ἀγωνίζου
3823 3768 3838 3784 ⁶
3875 3751 4066 3808 ἀναλο-

795 3845 997 3900 simum
1019 3843 1170 3898 enim
1190 3840 1333 3896 habe
1355 3855 1477 3895 eam
1509 3839 1610 3895 abs
1633 3847 1686 3896 te
1716 3839 1986 3910 postulari
2016 3839 2380 3895 honestorum

2481 3848 2684 3919 γοῦσαν
2713 3849 2822 3921 γὰρ
2860 3849 2938 3920 τῷ
2971 3848 3192 3921 μεγέθει
3227 3849 3329 3919 τῆς
3357 3848 3642 3919 δυνάμεως
3678 3847 3776 3918 τὴν
3802 3845 4068 3918 εργασίαν

793 3936 1197 4008 operationem,
1235 3948 1358 4002 quae
1392 3931 1761 4003 magnitudini
1792 3932 1998 3988 virium
2023 3932 2380 4004 proportione

2480 3942 2589 3997 τῶν
2609 3942 2791 3999 καλῶν
2824 3941 3173 3998 ἀπαιτεῖσθαι
3203 3941 3595 4013 προσδόκησον.
3624 3939 3743 3994 Ἰνα
3759 3939 3944 3993 τοίνυν
3969 3953 4070 3992 πα·

797 4027 1152 4099 respondeat.
1188 4025 1259 4083 Ut
1293 4025 1462 4097 Igitur
1491 4039 1522 4081 ο
1555 4025 1670 4080 Deo
1714 4025 1873 4096 quasi
1922 4039 2024 4097 per
2066 4041 2381 4096 prmconem

2484 4035 2556 4106 ρά
2581 4034 2718 4090 Θεοῦ
2768 4034 3179 4107 ἀνακηρυχθῇς.
3216 4032 3355 4104 μετά
3381 4031 3472 4087 τοῦ
3507 4031 3772 4102 στεφάνου
3804 4033 3907 4100 τῆς
3934 4031 4066 4099 ἀητ-

793 4120 977 4176 victor
1017 4117 1582 4183 declareris,'corona
1613 4118 1803 4173 invicti
1836 4118 2052 4188 imperii
2091 4127 2186 4174 tuo
2215 4120 2381 4190 capiti

2482 4127 2644 4197 τήτου
2674 4123 2973 4195 βασιλείας,
3002 4123 3204 4194 κτῆσαι
3234 4123 3329 4178 καὶ
3359 4123 3420 4177 τὸ
3457 4121 3681 4194 στέμμα
3711 4119 3813 4192 τῆς
3839 4119 3949 4175 τῶν
3974 4136 4068 4174 πε-

795 4210 1050 4282 lmposita
1075 4250 1089 4274 ,
1120 4223 1384 4266 coronam
1414 4210 1581 4266 etiam
1612 4208 1992 4266 beneﬁcentiae
2011 4224 2141 4282 erga
2178 4225 2384 4281 paupe-

1296 4224 1384 4264 am
1414 4210 1581 4266 etiam
1612 4208 1992 4266 beneﬁcentiae
2011 4224 2141 4282 erga
2178 4225 2384 4281 paupe-
2483 4215 2658 4287 νήτων
2689 4215 2962 4279 εὐποιίας.

794 4315 886 4357 res
908 4301 1206 4372 acquirito.

1419 4410 1572 4468 CAP.
1606 4411 1741 4466 LIV.
3051 4416 3085 4468 Ii

3051 4415 3306 4469 ΚΕΦΔΛ.
3357 4410 3480 4468 ΝΔ’.

863 4503 1256 4573 Contemplare
1294 4503 1436 4559 bene
1499 4504 1823 4573 priusquam
1857 4503 2088 4557 mandes
2111 4517 2236 4573 quae
2265 4503 2380 4559 ﬂeri

2554 4511 2796 4564 Σκέπτου
2828 4509 2960 4582 πρὶν
2985 4508 3295 4563 επιτάττειν
3320 4505 3356 4560 ἀ
3385 4505 3584 4568 θέλεις,
3610 4505 3700 4557 ἶνα
3729 4503 4066 4573 προστάττῃς

790 4597 929 4651 velis
965 4614 978 4650 :
1009 4598 1089 4651 sic
1121 4596 1216 4650 ﬁet
1245 4603 1306 4650 ut
1337 4611 1558 4666 semper
1588 4595 1898 4665 prudenter
1917 4595 2117 4666 jubeas
2142 4611 2266 4665 quae
2298 4596 2378 4651 fas
2413 4585 2455 4640 ῐ)

2413 4585 2455 4640 D
2483 4605 2771 4676 ἐμφρόνως
2812 4603 2849 4658 ἀ
2910 4604 3070 4672 θέμις
3099 4619 3112 4633 ·
3169 4599 3413 4653 εὐόλιθον
3458 4598 3569 4667 γὰρ
3603 4597 3664 4649 τὸ
3685 4596 3783 4663 τῆς
3824 4594 4068 4663 γλώττης

791 4696 918 4740 est:
953 4686 1230 4740 lubricum
1292 4684 1438 4738 enim
1495 4692 1582 4738 est
1640 4683 2074 4740 instrumentum
2151 4685 2376 4755 linguae,

2486 4698 2739 4769 ὄργανον.
2771 4697 2866 4750 καὶ
2893 4697 3150 4766 μέγιστον
3184 4690 3418 4763 παρέχει
3458 4693 3565 4750 τοῖς
3593 4686 3858 4758 ἀμελοῦσι
3890 4686 4065 4740 κίνδυ-

792 4777 1204 4847 maximumque
1223 4777 1386 4832 aﬂ'ert
1411 4775 1822 4845 negligentibus
1844 4777 2156 4844 periculum
2188 4794 2200 4829 :
2227 4777 2378 4846 quod

2485 4805 2596 4842 νον.
2627 4789 2690 4840 El
2718 4787 2776 4840 δὲ
2802 4787 2895 4840 τὸν
2920 4785 3121 4854 εὐσεϐῆ
3152 4780 3413 4852 λογισμὸν
3447 4781 3524 4843 ὡς
3555 4778 3824 4850 μουσικὴν
3853 4778 4067 4845 ἔπιστὴ-

793 4870 839 4922 si
871 4868 1020 4937 pium
1060 4867 1404 4921 intellectum
1451 4867 1604 4920 velut
1627 4865 1896 4920 musicam
1929 4866 2008 4919 illi
2039 4864 2377 4935 pmleceris,

2488 4895 2599 4941 σεις
2619 4877 2787 4947 αὐτῷ,
2815 4877 2875 4931 τὸ
2902 4874 3274 4946 παναρμόνιον
3302 4873 3401 4943 τῆς
3445 4869 3650 4942 ἀρετῆς
3673 4867 4063 4939 άνακρούσεται

792 4957 1058 5012 omnibus
1085 4958 1386 5012 harmonia:
1419 4958 1668 5012 numeris
1707 4957 2098 5013 concinnatum
2131 4955 2382 5010 modula-
2490 4972 2672 5042 μέλος,

792 5047 946 5102 bitur
989 5047 1184 5101 melos.

1432 5160 1588 5215 CAP.
1623 5160 1734 5213 LV.
3057 5145 3098 5198 ιι

3057 5143 3310 5198 ΚΕΦΑΛ.
3368 5139 3497 5196 ΝΕ¹.

866 5253 1105 5308 Acutum
1136 5254 1362 5324 quidem
1391 5268 1516 5308 esse
1550 5261 1768 5322 Oportet
1797 5251 2104 5322 principem
2147 5265 2271 5305 cum
2321 5249 2376 5304 in

2568 5241 2724 5307 Ὀξὺν
2769 5241 2868 5312 μὲν
2900 5232 3043 5296 εἶναι
3081 5239 3188 5310 χρὴ
3213 5238 3343 5309 περὶ
3385 5235 3564 5290 πάντα
3590 5236 3682 5290 τὸν
3712 5235 3947 5297 ἄνακτα,
3977 5231 4061 5284 καὶ

795 5347 922 5400 aliis
945 5355 1062 5400 tum
1094 5340 1178 5400 vel
1215 5345 1456 5402 maxime
1492 5345 1548 5400 in
1578 5343 1914 5416 proferendo
1941 5343 2010 5398 de
2037 5343 2204 5396 rebus
2233 5341 2378 5396 dim-

2491 5335 2724 5406 μά).ιστα
2748 5335 2876 5402 περὶ
2901 5333 3001 5394 τὰς
3024 5330 3237 5402 κρίσεις
3261 5328 3372 5382 τῶν
3404 5325 3682 5399 δυσχερῶν
3705 5324 4060 5396 πραγμάτων,

798 5437 1022 5492 cillimis
1057 5437 1272 5507 judicio
1303 5455 1317 5492 :
1355 5414 1793 5492 lentum—autem
1829 5435 1987 5489 valde
2032 5433 2098 5488 ad
2133 5434 2376 5490 irascen-

2489 5427 2686 5499 βραδὺν
2713 5425 2769 5478 δὲ
2802 5425 2924 5478 λίαν
2955 5426 3034 5487 είς
3063 5423 3234 5492 ὀργὴν
3263 5419 3692 5475 ἐπιδείκνυσθαι.
3735 5414 3956 5485 Ἐπειδὴ
3977 5417 4060 5468 καὶ

796 5526 951 5582 dum.
995 5505 1348 5597 thuoniam
1384 5527 1700 5582 omnimoda
1736 5527 1832 5581 ira:
1877 5526 2124 5580 absentia
2186 5541 2377 5596 asper-

2486 5521 2546 5573 τὸ
2580 5520 2754 5588 πάντη
2795 5516 3068 5586 ἀόργητον
3097 5511 3607 5582 εὐκαταφρόνητον,
3645 5516 3744 5563 καὶ
3777 5505 4059 5579 θυμούσθω

797 5621 1001 5674 nabilis
1053 5631 1172 5687 est,
1237 5631 1293 5676 et
1351 5623 1621 5676 irascatur
1679 5619 2034 5675 mediocriter
2068 5661 2084 5686 ,
2151 5628 2211 5674 et
2269 5633 2378 5673 non

2490 5612 2752 5684 μετρίως,
2782 5609 2879 5663 καὶ
2904 5607 2979 5680 μὴ
3001 5606 3320 5676 θυμούσθωο
3353 5606 3414 5660 τὸ
3446 5605 3566 5676 μὲν,
3597 5605 3683 5657 ἵνα
3715 5602 3825 5658 τῶν
3851 5603 4057 5676 φαύλων

2313 5755 2544 5812 NOT/E.

875 5862 987 5931 (16)
1029 5863 1101 5918 Τὸ
1157 5866 1348 5920 ἐλεεῖν
1404 5868 1524 5935 τοῖς
1555 5870 1880 5939 δεομένοις.
1912 5870 2037 5924 Mss.
2079 5871 2212 5928 Reg.
2247 5885 2296 5924 τ.
2330 5869 2374 5922 ὲ.
2421 5869 2541 5931 τοὺς

1502 5889 1524 5935 ι·
1555 5870 1880 5939 δεομένοις.
1912 5870 2037 5924 Mss.
2079 5871 2212 5928 Reg.
2247 5885 2296 5924 τ.
2330 5869 2374 5922 ὲ.
2421 5869 2547 5931 τοὺς
2579 5865 2893 5936 δεομένους.
2934 5863 3168 5916 ΒΑκευιι.
