4220 6442
223 415 358 480 Il8l

1435 427 1701 488 CAPITA
1745 431 2006 490 ADMON
2016 431 2276 492 ITORIA
2289 478 2304 492 .

3366 436 3502 501 “82

216 533 318 591 τὰς
359 531 534 599 ὁρμὰς
563 530 862 606 ἁναστέλλῃ
888 549 902 566 ⁸
930 533 989 588 τὸ
1018 533 1076 590 δὲ
1102 575 1117 600 ,
1153 537 1240 590 ἶνα
1273 538 1370 602 τὰς
1401 541 1656 612 ἀφορμὰς
1703 544 1803 595 τῶν

1915 548 2180 602 irascatur
2219 556 2439 618 oportet
2473 565 2484 599 :
2522 548 2654 603 illud
2688 590 2702 611 ,
2763 558 2822 602 ut
2882 565 3178 618 pravorum
3230 550 3495 621 imprium

218 621 479 692 χρηστῶν
508 623 785 697 ἀνιχνεύη.

788 826 1040 885 ΚΕΦΑΔ.
1094 830 1239 898 NCT.

297 915 389 968 Ἐν
409 914 489 985 τῷ
513 915 731 986 ἀκριϐεῖ
748 917 848 988 τῆς
875 919 1104 990 καρδίας
1138 938 1233 974 σου
1260 919 1647 994 βουλευτηρίῳ,
1687 926 1807 978 ἐπι-

213 1005 400 1074 μελῶς
433 1008 684 1060 κατανόει
713 1009 821 1062 τῶν
848 1011 1116 1065 συνόντων
1151 1030 1233 1065 σοι
1269 1014 1396 1076 τούς
1425 1015 1683 1084 τρόπους,
1717 1017 1806 1070 ἵνα

209 1098 492 1170 γινώσκῃς
521 1099 766 1168 ἀκριϐῶς
795 1104 888 1156 καὶ
923 1104 1048 1167 τούς
1073 1105 1131 1158 ὲν
1159 1105 1349 1178 ἀγάπῃ
1376 1106 1804 1177 θεραπεύοντας,

207 1192 306 1241 καὶ
339 1193 466 1254 τοὺς
497 1195 555 1244 ἐν
578 1193 762 1264 ἀπάτῃ
794 1194 1190 1261 κολακεύοντας
1210 1216 1223 1228 ·
1252 1199 1438 1252 πολλοὶ
1466 1200 1578 1271 γὰρ
1601 1202 1807 1256 εὐνοεῖν

208 1285 678 1353 ὑποκρινόμενοι,
751 1291 966 1359 μεγάλα
1019 1295 1147 1357 τοὺς
1214 1296 1575 1362 πιστεύοντας
1636 1317 1808 1354 καταο

207 1375 461 1430 ϐλάπτον
471 1396 542 1432 σι.

787 1494 1039 1550 ΚΕΦΑΛ.
1096 1498 1221 1552 ΝΖ’.

281 1604 458 1670 Λόγον
502 1605 744 1671 ἀκούσας
810 1609 1094 1679 ὠφελῆσαι
1150 1612 1473 1682 δυνάμενον,
1525 1618 1599 1686 μὴ
1646 1614 1818 1686 μόνον’

203 1694 349 1764 ἀκοῇ
376 1699 589 1761 τοῦτον,
623 1699 759 1751 ἀλλὰ
790 1702 883 1752 καὶ
907 1702 1104 1768 πράξει
1127 1703 1375 1774 διαδέχου
1394 1724 1407 1738 ⁸
1443 1708 1588 1762 οὓτω
1612 1711 1721 1781 γὰρ
1745 1712 1807 1762 τὸ

202 1783 304 1837 τοῦ
345 1785 613 1854 βασιλέως
637 1789 956 1855 ἀγλαΐζεται
983 1794 1205 1863 κράτος,
1235 1795 1362 1849 ὅταν
1391 1798 1422 1869 ἦ
1449 1801 1580 1870 παρ’
1607 1801 1800 1854 ἑαυτοῦ

1914 640 2278 707 comprimat;
2337 641 2443 695 hoc
2467 681 2481 701 .
2521 650 2579 694 ut
2616 641 3018 710 propensiones
3064 641 3335 697 bone-tum
3369 661 3470 713 per

1915 731 2167 800 vestiget.

2569 841 2724 898 CAP.
2760 841 2894 896 ωτι.

1986 934 2045 988 In
2085 933 2359 1002 exquisita
2403 932 2480 986 tui
2513 933 2700 988 cordis
2746 933 2901 986 curia
2937 931 3232 1001 diligenter
3283 931 3497 999 perspi-

1914 1026 2049 1089 cito,
2097 1026 2546 1078 conversantium
2578 1035 2758 1079 tecum
2791 1041 2974 1079 mores
3008 1035 3068 1079 ut
3103 1038 3402 1094 pernoscas
3433 1022 3525 1078 ad-

1915 1117 2200 1179 amussim,
2241 1126 2297 1170 et
2323 1131 2464 1184 qnos
2490 1115 2732 1170 Charitas
2757 1116 2942 1170 colere
2977 1115 3286 1184 compellit,
3316 1123 3374 1170 et
3404 1114 3501 1182 qui

1916 1210 2014 1265 tibi
2061 1226 2160 1279 per
2213 1209 2462 1262 l‘ramlem
2519 1207 2866 1262 adulantur:
2898 1208 3149 1276 plerique
3197 1204 3350 1262 enim
3398 1220 3500 1272 per

1914 1301 2358 1356 benevolentiam
2409 1303 2730 1356 simulantes
2754 1341 2768 1362 ,
2799 1316 2997 1371 magno
3020 1299 3371 1353 credentibus
3399 1296 3498 1350 (le-

1916 1395 2179 1449 trimcnto
2209 1404 2356 1447 sunt.

2534 1503 2682 1558 CAP.
2733 1503 2894 1558 LVII.

1985 1623 2307 1679 Sermonem
2348 1638 2474 1677 cum
2511 1621 2672 1676 audis
2697 1622 2890 1692 iuvare
2913 1617 3215 1679 valentem,
3246 1630 3316 1669 ne
3343 1614 3495 1669 auri-

1915 1717 2019 1770 bus
2057 1714 2242 1776 modo,
2275 1729 2467 1768 verum
2509 1714 2677 1767 etiam
2711 1726 2882 1781 opere
2917 1709 3159 1778 cxcipito
3191 1724 3204 1761 :
3236 1707 3316 1762 sic
3347 1706 3496 1760 enim

1916 1807 2268 1878 imperatoris
2326 1816 2630 1865 exornatur
2687 1805 3100 1870 decoraturque
3165 1798 3496 1863 dominium,

201 1877 276 1928 τὰ
306 1877 498 1931 δέοντα
533 1881 814 1951 συνορᾷ,ἢ
852 1886 978 1954 παρ’
1011 1887 1172 1940 ἄλλου
1213 1887 1502 1960 εὑρεθέντα
1535 1893 1802 1962 μηδαμῶς

1913 1914 2039 1954 cum
2067 1899 2155 1954 vel
2197 1914 2264 1952 ex
2298 1913 2357 1952 se
2403 1897 2718 1951 considerat
2752 1910 2876 1965 qua;
2916 1891 3169 1949 facienda
3211 1899 3377 1953 sunt,
3410 1889 3497 1943 vel

203 1972 455 2039 παφρᾷ,
484 1970 620 2024 ἀλλὰ
663 1976 924 2042 μανθάνει
961 1978 1061 2047 μὲν
1098 1979 1543 2050 ἀνεπαισχύντως
1571 2025 1585 2047 ,
1617 1987 1801 2039 ἐπιτε-

207 2058 291 2114 λεῖ
323 2061 381 2114 δὲ
408 2063 815 2134 ἀνυπερϐἐτως.

800 2181 1055 2238 ΚΕΦΑΛ.
1086 2184 1134 2237 Ν
1141 2187 1218 2242 H'.

294 2291 620 2362 Ἀκρόπολις
659 2295 762 2364 μὲν
793 2295 1126 2367 ἁπορθήτοις
1152 2299 1390 2370 τείχεσιν
1420 2302 1802 2375 ἡσφαλισμένη

214 2387 550 2452 καταφρονεῖ
577 2387 688 2438 τῶν
733 2388 1168 2457 πολιορκούντων
1195 2392 1366 2453 αὐτὴν
1400 2395 1685 2466 πολεμίων
1714 2411 1728 2425 °
1768 2399 1803 2468 ἠ

208 2477 448 2548 εὐσεϐὴς
466 2479 523 2531 δὲ
543 2478 786 2547 βασιλεία
803 2483 958 2550 ὑμῶν
981 2485 1378 2555 ὲλεημοσύναις
1395 2491 1800 2560 τετειχισμένη,

208 2570 310 2621 καὶ
343 2575 676 2640 προσευχαῖς
717 2578 1228 2648 περιπυργουμένη,
1278 2582 1549 2652 ἀήττητος
1592 2581 1804 2651 γίνεται

208 2661 330 2723 τοῖς
357 2661 468 2712 τῶν
491 2663 715 2732 ,ἐχθρῶν
759 2664 992 2734 βέλεσιν,
1023 2668 1246 2739 ἀοίδιμα
1291 2674 1412 2724 κατ’
1442 2672 1626 2726 αὐτῶν
1660 2672 1808 2739 me.

213 2767 393 2822 ρουσα
423 2758 680 2824 τρόπαια.

794 2871 1046 2926 ΚΕΦΑΛ.
1085 2871 1234 2925 Νθν.²

285 2978 510 3048 Χρῆσαι
544 2979 774 3044 δεόντως
797 2986 865 3053 τῇ
888 2985 1039 3038 κάτω
1069 2985 1319 3058 βασιλείᾳ
1339 3027 1353 3050 ,
1384 2988 1472 3041 ἵνα
1501 2989 1705 3059 κλίμαξ
1729 3007 1810 3045 σοι

211 3065 450 3138 γένηται
496 3071 597 3139 τῆς
648 3071 764 3124 ἄνω
803 3073 1085 3139 εὐδοξίας·
1139 3079 1189 3129 οί
1236 3079 1346 3148 γαρ
1381 3079 1588 3149 ταύτην
1630 3081 1811 3143 καλῶς

209 3159 569 3225 διοικοῦντες.
619 3164 758 3231 μετὰ
788 3166 996 3236 ταύτης
1039 3169 1299 3238 κάκείνης
1329 3170 1628 3236 ἀξιοῦνται.
1662 3173 1809 3225 Ταῦ-

1907 1991 1978 2045 ab
2001 1991 2112 2045 alio
2137 1997 2356 2058 reperta
2385 2004 2494 2042 non
2542 1989 2783 2058 despicit
2809 2028 2824 2050 ,
2871 1985 2970 2041 sed
3027 1995 3144 2039 tum
3173 1983 3340 2037 discit
3377 1982 3496 2036 sine

1905 2084 2263 2146 verecundia,
2303 2091 2418 2138 tum
2457 2083 2786 2152 exsequitur
2813 2083 2932 2135 sine
2979 2077 3352 2134 cunctatione.

2519 2199 2672 2254 CAP.
2703 2197 2886 2254 LVIII.

1977 2319 2086 2373 Arx
2115 2317 2342 2388 quidem
2368 2314 2757 2370 munitissimis
2809 2312 3088 2367 mmnihus
3148 2309 3330 2364 cincta
3363 2319 3492 2362 con-

1906 2411 2107 2464 temnit
2140 2408 2463 2464 obsidentes
2494 2423 2554 2461 se
2583 2407 2774 2460 hostes
2807 2422 2820 2457 :
2855 2405 3006 2473 pium
3038 2411 3222 2457 autem
3241 2408 3489 2455 vestrum

1906 2500 2224 2568 imperium,
2257 2514 2383 2553 cum
2423 2508 2480 2553 et
2521 2496 2857 2551 liberalitate
2889 2509 3023 2564 erga
3058 2494 3290 2546 miseros
3322 2491 3493 2545 veluti

1907 2609 2070 2648 muro
2103 2593 2348 2648 cinctum
2395 2600 2452 2647 et
2478 2605 2706 2661 precum
2744 2587 2996 2643 turribus
3045 2585 3492 2649 corroboratum,

1907 2687 1984 2740 sit
2011 2685 2303 2748 invictum,
2328 2684 2497 2738 nullis
2522 2683 2766 2736 hostium
2788 2681 2914 2734 telis
2937 2678 3190 2750 pervium
3220 2676 3284 2731 ﬁt
3315 2692 3481 2746 ιρι-ιιι·

1905 2777 2051 2830 clara
2077 2784 2134 2830 et
2165 2775 2409 2830 celebria
2436 2781 2632 2829 contra
2660 2786 2758 2826 eos
2791 2771 3014 2840 erigens
3055 2778 3280 2839 tropaza.

2559 2885 2713 2942 CAP.
2750 2885 2888 2941 LIX.

1981 3001 2148 3056 Utere
2181 3009 2240 3054 ut
2281 3007 2503 3070 Oportet
2529 3014 2701 3069 regno
2731 2998 2839 3052 hoc
2867 2995 3130 3051 interiore
3162 3034 3178 3058 ,
3240 2999 3302 3047 ut
3347 2991 3494 3046 scala

1911 3091 2010 3146 tibi
2054 3093 2148 3146 ﬁat
2179 3091 2486 3162 superioris
2511 3091 2786 3146 claritatis
2818 3107 2833 3144 :
2868 3090 2965 3159 qui
3006 3088 3160 3142 enim
3203 3086 3314 3140 hoc
3342 3093 3491 3139 recte

1910 3183 2243 3254 gubernant,
2285 3184 2375 3237 illa
2424 3197 2647 3252 quoque
2674 3179 3029 3252 postmodum
3054 3177 3208 3248 digni
3248 3191 3484 3232 censen~

210 3268 316 3320 την
355 3253 414 3306 δὲ
463 3253 727 3310 διοικοῦσι
769 3257 972 3324 καλῶς,
1005 3260 1056 3311 0i
1099 3262 1366 3331 πατρικὸν
1410 3265 1526 3325 τοῖς
1568 3264 1803 3333 ἀρχομέ-

1911 3245 2022 3328 tur.
2077 3273 2192 3329 Hoc
2232 3245 2418 3329 autem
2445 3245 2626 3327 uec-te
2675 3245 3026 3343 igubernant,
3060 3245 3158 3339 qui
3203 3277 3488 3337 paternam

211 3356 329 3400 νοις
363 3342 799 3408 ἐπιδεικνύοντες
831 3346 994 3400 πόθον
1019 3387 1033 3410 ,
1067 3350 1164 3402 καὶ
1197 3351 1426 3420 ἀρχικὸν
1457 3355 1587 3422 παρ’
1626 3355 1805 3408 αὐτῶν

210 3431 711 3502 ἀντιλαμϐάνοντες
742 3436 907 3505 φόϐον
927 3453 940 3467 ·
970 3440 1221 3503 ἀπειλαῖς
1256 3441 1356 3512 μὲν
1390 3440 1459 3496 τὰ
1487 3444 1807 3512 πταίσματα

211 3523 775 3592 προαναστέλλοντες,
831 3531 1124 3600 τιμωρίαις
1177 3531 1235 3584 δὲ
1264 3534 1459 3604 πεῖραν
1505 3534 1688 3598 αὐτοῖς
1743 3535 1806 3589 οὐ

210 3613 612 3683 προσάγοντες.

833 3729 1090 3785 ΚΕΦΑΛ.
1127 3730 1204 3787 Ξ’.

298 3837 538 3906 ’ἱμάτιον
568 3841 913 3895 ἀπαλαίωτόν
940 3845 1056 3897 ὲστι
1083 3844 1144 3898 τὸ
1175 3845 1276 3915 τῆς
1301 3846 1549 3913 εὐποιίας
1583 3851 1804 3921 περιϐό-

211 3929 367 3982 λαιον
396 3971 410 3991 ,
459 3933 548 3983 καὶ
587 3933 912 4004 ἀδιάφθορος
954 3937 1116 4007 στολὴ
1145 3940 1178 4006 ἢ
1231 3939 1368 4010 πρὸς
1397 3942 1524 4003 τοὺς
1567 3945 1804 4012 πένητας

212 4037 338 4090 στος
351 4022 446 4089 γη.
486 4024 578 4073 Δεῖ
608 4019 701 4074 οὖν
732 4025 820 4076 τὸν
852 4025 1176 4097 βουλόμενον
1197 4029 1438 4093 εὐσεϐῶς
1468 4031 1798 4101 βασιλεύειν,

208 4113 481 4173 τοιοὲτοις
502 4112 763 4181 ἐνδύμασι
783 4115 880 4184 τὴν
896 4117 1073 4187 ψυχὴν
1097 4120 1461 4190 καλλωπίζειν
1485 4137 1497 4152 ⁸
1523 4124 1800 4191 φιλοπτω-

211 4202 336 4271 χίας
365 4204 478 4273 γὰρ
498 4206 870 4276 ἠμφιεσμένος
899 4209 1208 4280 πορφύραν,
1241 4214 1334 4265 καὶ
1362 4213 1616 4282 οὐρανίου
1650 4217 1803 4286 βασι-

210 4295 364 4358 λείας
400 4297 772 4360 καταξιοῦται.

810 4415 1060 4470 ΚΕΦΑΛ.
1115 4417 1234 4473 Ξειο.

282 4523 571 4594 Σκῆπτρον
594 4524 868 4594 βασιλείας
894 4531 1046 4599 παρὰ
1067 4527 1203 4583 Θεοῦ
1224 4531 1536 4602 δεξάμενος,
1562 4537 1796 4590 σκέπτου

209 4613 334 4674 πῶς
366 4616 584 4683 ἀρέσεις
623 4615 703 4686 τῷ
733 4617 942 4688 ταύτην
983 4638 1067 4674 σοι
1107 4621 1396 4676 δεδοικότι·
1435 4609 1528 4677 καί
1553 4627 1630 4689 ὡς
1662 4629 1799 4681 πάν-

207 4721 323 4757 των
346 4706 650 4776 ἀνθρώπων
677 4710 767 4760 ὐπ’
795 4710 962 4764 αὐτοῦ
989 4714 1371 4782 προτιμηθεὶς,
1401 4714 1559 4768 πλέον
1586 4719 1802 4772 πάντων

208 4798 440 4864 ἐπείγου
461 4802 890 4871 καταγεραίρειν
914 4805 1100 4858 αὐτόν.
1122 4805 1296 4858 Τοῦτο
1316 4807 1372 4860 δὲ
1395 4809 1565 4878 γέρας
1583 4811 1801 4879 ἡγεῖται

211 4890 514 4959 μέγιστον,
571 4891 637 4943 ἂν
687 4893 763 4954 ὡς
816 4893 981 4946 αὐτὸν
1030 4895 1158 4956 τοὺς
1215 4896 1308 4949 ὐπ’
1361 4898 1526 4951 αὐτοῦ
1569 4900 1800 4954 διαπλα-

209 4982 439 5044 σθέντας
469 4983 623 5052 ὁρᾷς,
653 4985 748 5036 καὶ
777 4985 853 5048 ὡς
884 4988 1062 5057 χρεὼν
1094 4989 1398 5059 καταϐολὴν
1427 4991 1524 5054 τὰς
1554 4993 1813 5058 εὐποιίας·

208 5069 320 5139 πλη
328 5073 466 5139 ροίς.

798 5277 1048 5331 ΚΕΦΑΛ.
1090 5278 1207 5334 EB‘.

281 5367 516 5438 Τρέχειν
573 5368 675 5439 μὲν
703 5369 784 5433 εἰς
820 5371 917 5441 τὴν
947 5373 1062 5427 ἄνω
1091 5373 1344 5444 βοήθειαν
1378 5378 1480 5439 πᾶς
1511 5375 1798 5448 ἄνθρωπος

207 5459 439 5527 ὁφεᾶει,
490 5461 519 5513 ὁ
548 5461 822 5531 σωτηρίας
858 5463 1180 5534 γλιχόμενος
1212 5481 1224 5494 ³
1256 5467 1285 5518 ὁ
1316 5464 1568 5534 βασιλεὺς
1605 5467 1660 5520 δὲ
1689 5467 1798 5538 πρὸ

210 5552 456 5613 πάντων,
490 5552 567 5614 ὡς
597 5554 883 5624 μεριμνῶν
916 5556 1056 5627 ὑπὲρ
1090 5559 1328 5612 πάντων.
1374 5560 1510 5615 Ὑπὸ
1535 5559 1629 5614 τοῦ
1657 5561 1794 5614 Θεοῦ

211 5641 324 5709 γὰρ
369 5641 764 5713 φυλαττόμενος
791 5689 803 5708 ,
859 5648 1109 5712 καὶτοὺς
1158 5649 1448 5721 πολεμίους
1488 5654 1795 5720 καταγωνίο

213 5735 362 5795 {sui
415 5739 674 5802 γενναίως
701 5781 714 5802 ,
750 5743 847 5794 καὶ
883 5744 1008 5806 τούς
1055 5745 1284 5808 οἰκείους
1338 5748 1793 5816 κατασφαλίζεται

213 5829 517 5888 exaudiat);

1908 3367 2149 3422 subditis
2170 3367 2475 3422 ostendunt
2506 3365 2859 3430 charitatem,
2891 3372 2949 3418 et
2971 3361 3209 3433 principi
3237 3359 3490 3415 debitum

1909 3459 1979 3513 ab
2011 3459 2143 3528 ipsis
2175 3458 2454 3527 recipiunt
2505 3458 2762 3511 timorem
2794 3473 2807 3508 :
2844 3456 3033 3525 itaque
3069 3455 3237 3510 minis
3264 3450 3486 3521 quidem

1907 3551 2041 3605 vitia
2081 3559 2472 3620 compescunt;
2526 3547 2786 3619 supplicii
2846 3556 3032 3602 autem
3080 3559 3306 3601 sensum
3356 3542 3485 3612 ipsis

1908 3639 2232 3711 neutiquam
2265 3639 2544 3711 inﬂigunt.

2539 3747 2691 3804 CAP.
2749 3746 2863 3801 LX.

1977 3861 2380 3915 Vestimentum
2431 3877 2542 3916 non
2590 3871 2948 3918 veterascens
2994 3869 3082 3916 est
3109 3859 3487 3916 beneﬁcentize

1905 3951 2232 4013 amictus,et
2263 3953 2585 4022 incorrupta
2628 3955 2766 4008 stola
2793 3962 2879 4008 est
2914 3953 3157 4008 charitas
3183 3967 3318 4021 erga
3339 3966 3476 4020 pan-

1903 4057 2082 4112 peres.
2115 4042 2287 4113 Igitur
2323 4053 2546 4114 oportet
2578 4045 2673 4114 qui
2703 4044 2790 4114 pie
2817 4058 3050 4115 regnare
3077 4044 3219 4106 vult,
3278 4040 3481 4097 talium

1906 4132 2357 4188 indumentorum
2410 4135 2833 4204 pulchritudine
2877 4135 3116 4188 animam
3168 4146 3484 4200 exornare;

1903 4223 2290 4299 amorisenim
2324 4225 2378 4278 in
2406 4241 2613 4294 egenos
2638 4226 2734 4294 qui
2787 4225 3019 4279 indutus
3078 4232 3168 4278 est
3218 4235 3484 4293 purpura,

1904 4315 2146 4370 caelestis
2171 4332 2397 4386 quoque
2427 4317 2580 4387 regni
2614 4332 2842 4386 compos
2860 4316 3116 4370 ellicitur.

2561 4426 2714 4483 CAP.
2756 4427 2896 4482 LXI.

1976 4539 2268 4610 Sceptrum
2305 4539 2524 4609 imperii
2548 4555 2674 4594 cum
2695 4553 2727 4594 a
2758 4539 2872 4593 Deo
2891 4539 3224 4608 susceperis,
3249 4537 3482 4606 cogitato

1904 4631 2236 4701 quibusnam
2289 4631 2471 4685 modis
2525 4630 2772 4700 placebis
2817 4631 2868 4684 ei
2921 4631 3017 4699 qui
3063 4630 3117 4684 id
3149 4630 3247 4684 tibi
3286 4629 3465 4684 dedit:

1904 4736 2141 4791 cumque
2158 4720 2424 4776 omnibus
2445 4721 2767 4775 hominibus
2793 4721 2862 4775 ab
2884 4736 2952 4775 eo
2966 4721 3044 4775 sis
3068 4721 3347 4790 praelatus,
3373 4735 3482 4789 pra:

1903 4813 2168 4867 omnibus
2199 4828 2330 4868 eum
2359 4812 2638 4868 honorare
2681 4813 2904 4867 festina.
2952 4813 3124 4867 Porro
3153 4813 3209 4867 id
3239 4812 3358 4882 ipse
3385 4812 3479 4867 hu-

1903 4914 2314 4960 nestamentum
2371 4905 2680 4960 arbitratur
2739 4905 3040 4960 maximum
3071 4945 3086 4968 ,
3147 4905 3193 4959 si
3253 4904 3480 4974 perinde

1903 4996 2059 5050 illum
2110 5011 2175 5050 ac
2219 5003 2450 5051 ceteros
2481 4995 2553 5050 ab
2582 5012 2651 5050 eo
2693 4996 2962 5051 formatos
3001 4996 3261 5065 accipias.
3317 5007 3480 5066 atque

1904 5097 1966 5140 ut
1990 5087 2164 5141 debiti
2208 5086 2612 5142 exsolutionem
2652 5087 3032 5141 benefaciendi
3073 5102 3276 5142 munus
3305 5087 3476 5140 adun-

1903 5178 2074 5246 pleas.

2535 5287 2689 5342 CAP.
2717 5288 2878 5344 LXII.

1973 5383 2281 5438 Recurrere
2300 5391 2366 5437 ad
2393 5398 2696 5453 supernum
2725 5385 2992 5439 auxilium
3017 5398 3144 5439 cum
3167 5383 3333 5436 homo
3357 5383 3480 5452 qni-

1900 5473 1984 5528 vis
2023 5473 2191 5528 debet
2216 5515 2229 5538 ,
2263 5490 2363 5544 pro
2393 5477 2573 5530 salute
2626 5493 2841 5548 rogans,
2872 5485 2984 5531 tum
3008 5485 3134 5530 ante
3162 5490 3355 5529 omnes
3381 5477 3480 5527 im-

1900 5575 2160 5635 perator.
2213 5576 2406 5635 utpote
2437 5569 2532 5637 qui
2567 5585 2670 5640 pro
2721 5571 2980 5625 omnibus
3031 5568 3303 5624 sollicitus
3348 5576 3476 5622 est:

1899 5674 2025 5712 cum
2088 5661 2240 5714 enim
2292 5676 2321 5713 a
2384 5660 2498 5715 Deo
2553 5661 2906 5721 custoditur.
2965 5670 3075 5715 tam
3145 5660 3334 5713 hostes
3385 5674 3476 5724 ge-

1899 5767 2095 5806 nerosa
2145 5770 2308 5808 manu
2361 5754 2640 5817 debellat,
2697 5769 2855 5821 quant
2913 5769 3043 5807 suos
3105 5751 3298 5807 sedulo
3328 5767 3478 5805 coar-

1901 5854 2094 5897 munit.
