4220 6442
743 451 882 515 1183

1371 557 1523 611 CAP.
1571 553 1756 608 LXIII.

805 659 954 712 Deus
1019 653 1173 709 nulla
1228 666 1288 704 rc
1328 648 1587 718 indiget:
1624 646 1924 714 imperator
1987 636 2108 692 solo
2178 633 2313 686 Deo.

733 747 960 802 Imitare
992 743 1162 814 igitur
1193 738 1403 794 nullius
1451 736 1722 806 indigum,
1768 728 2200 801 petentibusque
2231 723 2316 776 fac

737 841 967 895 uberem
1003 831 1401 888 misericordia:
1438 831 1676 900 copiam.
1720 841 1830 880 non
1862 831 2112 879 exactam
2159 817 2312 872 insti-

738 937 902 981 tuens
935 939 1062 978 cum
1091 924 1201 977 tuis
1229 905 1550 977 domesticis
1576 918 1878 978 rationem,
1913 915 2010 970 sed
2058 909 2318 967 omnibus

737 1029 1008 1089 praestans
1057 1033 1180 1086 qute
1232 1016 1300 1069 ad
1355 1014 1524 1067 vitam
1581 1019 1713 1065 sunt
1752 1007 2068 1064 necessaria
2099 1022 2112 1058 :
2143 1003 2319 1056 multo

736 1115 886 1164 enim
924 1109 1100 1163 satius
1136 1117 1222 1161 est
1249 1115 1475 1176 propter
1522 1104 1721 1174 dignos
1749 1103 1914 1158 etiam
1964 1098 2318 1166 indignorum

737 1200 1013 1262 misereri,
1034 1215 1199 1269 quam
1232 1198 1585 1267 indignorum
1609 1196 1748 1248 vitio
1775 1195 1971 1263 dignos
1997 1191 2065 1244 iis
2093 1188 2320 1244 defrau-

739 1292 876 1347 dare
907 1308 1030 1362 quae
1059 1297 1369 1344 merentur.

1375 1399 1525 1452 CAP.
1565 1397 1750 1451 LXIV.
1841 1435 1844 1439 .

812 1491 1039 1545 Veniam
1092 1507 1217 1544 cum
1276 1491 1608 1546 delictorum
1671 1499 1892 1543 tuorum
1952 1496 2144 1555 petas,
2203 1486 2320 1554 ipse

739 1600 959 1653 quoque
1020 1594 1072 1639 te
1122 1584 1540 1638 oll‘endentibus
1598 1584 1824 1649 ignosce
1864 1597 1876 1631 :
1916 1579 2179 1648 quoniam
2238 1592 2322 1630 re-

738 1676 995 1730 missioni
1021 1676 1356 1729 retrilmitur
1384 1673 1658 1735 remissio,
1702 1679 1757 1725 et
1790 1681 1995 1724 nostra:
2025 1685 2150 1722 cum
2183 1684 2320 1722 con-

740 1770 922 1823 servis
977 1768 1185 1822 nostris
1231 1763 1824 1830 rcconcilialioni,Dci
1854 1763 2100 1818 amicitia
2150 1771 2205 1816 et
2243 1760 2322 1815 fa-

740 1857 1047 1912 miliaritas.

1374 1969 1525 2023 CAP.
1557 1969 1714 2024 LXV.

811 2059 916 2126 Qui
941 2060 1078 2114 nulli
1101 2062 1322 2116 crimini
1357 2063 1630 2133 obnoxius
1662 2077 1893 2132 regnare
1927 2062 2144 2124 studet.
2197 2078 2323 2117 cum

741 2162 904 2206 notas
929 2167 1131 2207 cavere
1157 2153 1324 2207 debet
1349 2170 1472 2223 qua:
1506 2154 1820 2209 forinsecus
1852 2156 2170 2218 inuruntur,
2208 2162 2324 2207 tum

744 2242 990 2311 seipsum
1033 2254 1160 2299 ante
1214 2245 1350 2299 alios
1377 2247 1781 2310 verecundari,
1829 2255 1887 2300 ut
1921 2256 1976 2302 ct
2001 2253 2192 2315 aperte
2231 2245 2328 2300 de-

745 2332 1000 2402 linquere
1029 2335 1306 2389 abstineat
1346 2344 1575 2404 propter
1598 2337 1758 2399 alins,
1787 2345 1842 2390 et
1867 2352 1895 2388 a
1935 2351 1992 2389 se
2024 2337 2142 2405 ipso
2170 2336 2326 2390 COIII-

744 2423 974 2491 beatur,
1011 2427 1314 2495 quominus
1355 2427 1568 2497 privata
1619 2443 1875 2482 seorsum
1939 2427 2144 2498 ﬂagitia
2175 2443 2328 2482 com-

744 2518 953 2574 mittat.
1007 2518 1065 2573 Si
1105 2521 1253 2574 enim
1287 2537 1354 2575 ex
1403 2520 1644 2576 subditis
1693 2530 1824 2576 sunt
1870 2523 1968 2592 qui
2016 2522 2326 2576 reverentia

747 2608 899 2678 digni
951 2611 1249 2676 habentur,
1296 2612 1472 2667 multo
1506 2612 1681 2677 magis
1702 2628 1767 2668 ca
1797 2613 2000 2685 dignus
2028 2613 2330 2683 imperator

747 2699 1004 2755 elIicitur.

1366 2813 1518 2869 CAP.
1553 2815 1737 2870 LXVI.

821 2904 1024 2958 Privati
1057 2905 1252 2959 vitium
1294 2921 1417 2961 esse
1461 2923 1650 2962 assero
1680 2948 1696 2971 ,
1741 2917 1962 2977 patrare
2004 2924 2169 2977 prava
2201 2925 2332 2978 sup-

748 2995 1028 3064 plicioque
1052 2997 1217 3068 digna
1253 3016 1266 3051 :
1299 2999 1566 3068 principis
1585 3015 1718 3054 vero
1743 3001 1987 3070 culpam,
2015 3016 2124 3054 non
2151 3001 2330 3056 facere

750 3101 873 3155 qua:
900 3087 1130 3141 honesta
1164 3098 1295 3143 sunt
1315 3089 1663 3160 salutemque
1691 3091 1935 3159 pariunt.
1962 3092 2152 3160 Neque
2181 3092 2328 3144 enim

751 3178 1023 3230 malorum
1052 3167 1394 3234 abstinentia.
1426 3181 1693 3250 justiticat
1729 3183 2057 3251 principem,
2099 3183 2196 3237 sed
2233 3183 2332 3236 lm-

755 3283 951 3320 norum
987 3270 1160 3324 editio
1190 3280 1420 3326 coronat
1467 3272 1747 3326 eumdem.
1799 3272 1876 3327 Ne
1928 3273 2096 3342 igitur
2125 3273 2332 3326 malitia

754 3359 1022 3413 duntaxat
1052 3362 1330 3418 abstinere
1359 3365 1584 3434 cogitet,
1620 3366 1714 3418 sed
1744 3365 2017 3432 justitiam
2049 3365 2217 3418 etiam
2245 3381 2335 3418 ca-

755 3469 978 3522 pessere
1015 3457 1337 3511 contendat.

1336 3567 1488 3622 CAP.
1529 3569 1733 3624 LXVII.

835 3652 1164 3724 Liguitatnm
1218 3659 1544 3726 splendores
1596 3676 1746 3714 mors
1779 3662 1923 3716 haud
1970 3662 2335 3719 reformidat:

757 3747 1015 3801 omnibus
1064 3749 1210 3801 cnim
1250 3765 1478 3804 voraces
1521 3767 1654 3806 suos
1700 3752 1896 3808 dentes
1940 3753 2138 3824 inligit.
2197 3756 2339 3826 Ergo

758 3846 888 3889 ante
925 3837 1074 3892 illius
1114 3839 1524 3894 ineluctabilem
1569 3841 1868 3895 adventum
1902 3858 2072 3912 opum
2121 3844 2337 3910 copiam

761 3937 1204 3998 transportemus
1233 3931 1288 3985 in
1324 3933 1525 3987 malum
1557 3952 1569 3986 :
1601 3949 1764 3988 nemo
1802 3935 1950 3989 cnim
1979 3952 2103 4005 quae
2129 3938 2341 4007 colligit

764 4019 823 4072 in
875 4021 1110 4084 mundo,
1171 4023 1298 4078 illuc
1333 4010 1618 4094 profectus
1648 4026 1913 4092 abducit,
1954 4028 2050 4082 sed
2082 4030 2343 4085 omnibus

765 4109 820 4164 in
867 4121 1008 4166 terra
1062 4112 1380 4178 derelictis,
1440 4115 1625 4170 nudus
1669 4116 1736 4171 de
1780 4117 1890 4172 vita
1922 4133 2024 4173 sua
2069 4121 2340 4176 rationem

763 4203 966 4258 reddit.

1360 4321 1511 4376 CAP.
1542 4321 1773 4378 LXVIII.

837 4426 1144 4496 Imperator
1189 4430 1414 4498 quidem
1464 4439 1552 4486 est
1580 4435 1828 4489 omnium
1885 4436 2188 4504 dominus;
2248 4440 2342 4494 sed

1593 436 1921 500 AGAPETI
1959 419 2269 492 DlACONI
2309 411 2576 473 CAPITA
2617 399 3178 468 ADMONITORIA.

3863 383 4004 447 1184

2993 511 3248 570 ΚΕΦΑΛ.
3304 505 3422 562 El".

2502 618 2561 669 Ὀ
2619 614 2718 684 μὲν
2745 610 2878 674 Θεὸς
2903 607 3120 670 οὐδενὸς
3159 605 3332 658 δεῖται
3358 619 3372 632 ·
3400 603 3430 654 ὁ
3462 597 3719 669 βασιλεὺς
3747 596 3805 650 δὲ
3839 595 4005 667 μόνου

2418 709 2578 761 Θεοῦ.
2605 703 2791 774 Μιμοῦ
2818 702 3000 756 τοίνυν
3034 699 3127 753 τδν
3155 695 3372 758 οὐδενὸς
3401 691 3676 762 δεόμενον,
3713 691 3807 743 καὶ
3846 688 4009 758 δαψι-

2420 798 2575 852 λεύου
2621 800 2732 860 τοῖς
2775 794 2986 849 αἰτοῦσι
3015 792 3107 845 τὸν
3140 789 3312 851 ἔλεον,
3352 784 3429 856 μὴ
3471 781 4007 854 ἀκριϐολογούμενο,

2422 893 2549 962 περὶ
2577 891 2702 950 τοὺς
2733 889 2856 952 σοὺς
2878 886 3116 948 οἰκέτας,
3143 880 3276 937 ἀλλά
3305 881 3440 933 πᾶσι
3462 876 3715 947 παρέχων
3741 875 3844 938 τὰς
3871 873 4010 942 πρὸς

2421 986 2481 1038 τὸ
2507 985 2604 1054 ζῇν
2626 983 2893 1053 αἰτήσεις.
2932 979 3074 1034 Πολὺ
3115 977 3224 1048 γὰρ
3263 973 3511 1046 κρεῖττόν
3543 974 3657 1024 ἐστι
3697 967 3786 1022 διὰ
3822 968 4012 1034 ἀξίους

2422 1076 2592 1128 ἐλεεῖν
2621 1074 2715 1126 καὶ
2744 1074 2868 1135 τοὺς
2903 1065 3240 1138 ἀναξίους,ἢ
3279 1067 3405 1128 τοὺς
3443 1063 3630 1126 ἀξίους
3677 1062 4012 1128 ἀποστερεῖν

2422 1169 2510 1224 διὰ
2538 1169 2663 1232 τοὺς
2690 1165 2963 1230 ἀναξίους.

3005 1359 3234 1413 ΚΕΦΑΛ
3246 1397 3259 1410 .
3319 1356 3436 1410 ΞΝ.

2493 1457 2831 1526 Συγγνώμην
2847 1452 3166 1520 αἰτούμενος
3193 1447 3631 1519 ἁμαρτημάτων,
3662 1443 4009 1512 συγγίνωσκε

2425 1555 2518 1606 καὶ
2559 1551 2722 1610 αὐτὸς
2753 1551 2866 1611 τοῖς
2909 1548 2989 1609 εἰς
3010 1546 3070 1598 σὲ
3097 1541 3511 1613 πλημμελοῦσιν
3534 1559 3546 1570 ·
3577 1541 3659 1592 ὅτι
3690 1538 3887 1605 ἀφέσει
3914 1539 4013 1617 ἀντ

2421 1644 2674 1698 τιδίδοται
2730 1641 2960 1708 ἄφεσις,
3033 1639 3126 1691 καὶ
3182 1640 3251 1708 τῇ
3304 1635 3440 1705 πρὸς
3495 1634 3620 1692 τοὺς
3683 1631 4011 1700 ὁμοδούλους

2424 1736 2579 1807 ἡμῶν
2618 1734 2954 1804 καταλλαγῇ,
2997 1734 3030 1802 ἡ
3079 1731 3214 1801 πρὸς
3264 1729 3395 1782 Θεὸν
3443 1727 3596 1797 φιλία
3649 1727 3742 1778 καὶ
3789 1725 4010 1777 οἰκείω-

2427 1845 2509 1892 σις
2541 1825 2678 1898 (ιτ).

3007 1932 3259 1989 ΚΕΦΛΛ.
3312 1933 3430 1985 EE’.

2499 2038 2589 2088 Δεί
2624 2036 2716 2088 τὸν
2747 2035 3054 2104 ἀμέμπτως
3076 2033 3333 2084 ἀνάσσειν
3364 2025 3757 2088 ἐσπουδακότα,
3792 2023 3888 2078 καὶ
3917 2023 4012 2088 τὰς

2425 2128 2533 2180 τῶν
2550 2126 2748 2194 ἔξωθεν
2773 2123 2990 2191 ἀδοξίας
3013 2123 3402 2191 φυλάττεσθαι,
3421 2122 3514 2174 καὶ
3531 2119 3725 2172 ἑαυτὸν
3746 2117 3855 2188 πρὸ
3872 2117 4011 2170 ὲκεί-

2428 2239 2537 2272 νων
2584 2218 2962 2288 αἰσχύνεσθαι,
3001 2219 3087 2270 ἴνα
3119 2218 3209 2269 καὶ
3249 2214 3343 2268 τοῦ
3375 2213 3627 2282 φανερῶς
3673 2212 4012 2280 ἁμαρτάνειν

2426 2310 2492 2362 δι’
2524 2309 2762 2372 ἐκείνους
2786 2309 3078 2376 ἀπέχηται,
3106 2307 3198 2359 καὶ
3227 2304 3319 2358 τοῦ
3355 2306 3474 2357 κατ’
3499 2303 3634 2356 ἰδίαν
3671 2298 4013 2370 πλημμελεῖν

2430 2402 2523 2470 ὑφ’
2543 2401 2739 2454 ἑαυτοῦ
2771 2397 3071 2467 κωλύηται.
3107 2398 3168 2450 Εἰ
3195 2395 3302 2468 γὰρ
3331 2397 3379 2448 οἰ
3409 2396 3639 2464 ὑπήκοοι
3666 2390 3855 2453 αἰδοῦς
3877 2389 4013 2454 ἄξιοι

2432 2492 2735 2560 φαίνονται,
2771 2487 2954 2558 πολλῷ
2987 2487 3148 2542 πλέον
3182 2487 3211 2539 ὁ
3240 2482 3495 2556 βασιλεὺς
3521 2482 3668 2548 ἄξιος
3691 2481 3901 2551 ταύτης
3931 2480 4013 2548 γί-

2432 2600 2602 2636 νεται.

2993 2784 3244 2838 ΚΕΦΑΛ.
3299 2781 3434 2850 Ξςτι.

2516 2877 2748 2931 Ἰδιώτου
2781 2878 2882 2948 μὲν
2911 2871 3051 2930 εἶναι
3085 2876 3285 2929 κακίαν
3312 2873 3482 2944 φημὶ,
3507 2873 3568 2926 τὸ
3589 2874 3856 2943 πράττειν
3881 2870 4019 2940 φαῦο

2432 2971 2500 3024 λα
2522 2972 2615 3022 καὶ
2646 2971 2922 3032 κολάσεως
2945 2969 3100 3033 ἀξια·
3131 2967 3395 3037 ἄρχοντος
3423 2964 3480 3017 δὲ
3519 2963 3813 3034 πονηρίαν,
3847 2965 3910 3016 τὸ
3950 2965 4020 3033 μὴ

2434 3064 2604 3115 ποιεῖν
2632 3061 2700 3113 τὰ
2731 3059 2869 3114 καλὰ
2893 3062 2987 3112 καὶ
3018 3058 3291 3129 σωτηρίας
3323 3055 3583 3127 πρόξενα.
3611 3057 3687 3108 Ού
3716 3055 3829 3124 γὰρ
3860 3057 3895 3124 ἡ
3917 3054 4021 3105 τῶν

2435 3153 2620 3206 κακῶν
2643 3152 2820 3221 ἀποχὴ
2843 3152 3041 3203 δικαιοῖ
3061 3150 3151 3202 τὸν
3170 3147 3496 3217 κρατοῦντα,
3519 3146 3632 3198 ἀλλ’
3651 3146 3685 3215 ή
3708 3145 3820 3198 τῶν
3844 3145 4021 3198 καλῶν

2363 3231 2406 3290 C
2440 3243 2655 3314 παροχὴ
2680 3244 2934 3309 στεφανοῖ
2965 3241 3055 3292 τὸν
3087 3239 3353 3292 τοιοῦτον.
3390 3239 3481 3307 Μὴ
3522 3237 3682 3306 μόνον
3711 3235 3899 3288 τοίνυν
3926 3253 4021 3287 πο-

2433 3336 2625 3406 νηρίας
2656 3333 2960 3403 ἀπέχεσθαι
2988 3330 3294 3399 λογιζέσθω
3321 3372 3336 3395 ,
3373 3329 3511 3382 ἀλλά
3548 3330 3646 3382 καὶ
3675 3327 4026 3395 δικαιοσύνης

2439 3425 2761 3496 ἀντέχεσθαι
2795 3424 3166 3488 σπουδαζέτω.

3019 3538 3272 3591 ΚΕΦΑΛ.
3313 3537 3429 3590 ΞΖ⁹.

2523 3635 2577 3685 Ἀ
2588 3633 2682 3698 ξιω
2690 3635 2874 3701 μάτων
2891 3632 3285 3702 λαμπρότητας
3300 3631 3360 3681 οὐ
3376 3630 3705 3682 δυσωπεῖται
3724 3627 3753 3677 ὁ
3774 3625 4026 3687 Θάνατος·

2441 3731 2582 3784 κατᾶ
2613 3731 2827 3783 πάντων
2862 3729 2971 3798 γὰρ
3013 3725 3295 3779 ἐπιϐάλλει
3335 3724 3460 3786 τοὺς
3499 3721 3836 3792 παμφάγους
3860 3718 4030 3773 αὐτοῦ

2440 3823 2678 3884 ὀδόντας.
2713 3819 2925 3874 Οὐκοῦν
2957 3818 3064 3888 πρὸ
3081 3817 3182 3886 τῆς
3220 3818 3430 3870 ἐκείνου
3471 3814 3848 3884 ἀπαραιτήτου
3891 3828 4034 3879 παρ-

2441 3915 2630 3977 ουσίας
2663 3955 2678 3978 ,
2735 3911 3058 3983 μεταθῶμεν
3107 3911 3188 3974 εἰς
3245 3909 3475 3980 οὐρανὸν
3521 3909 3620 3977 τὴν
3661 3907 3774 3959 τῶν
3813 3905 4034 3975 χρημά·

2443 4025 2550 4060 των
2601 4005 2938 4075 περιουσίαν.
2974 4003 3164 4066 Οὐδεὶς
3194 4002 3302 4072 γὰρ
3349 4001 3384 4055 ἃ.
3437 4003 3495 4053 ὲν
3538 4003 3730 4070 κόσμῳ
3780 3998 4032 4063 συνάγει,

2446 4101 2625 4152 ἐκεῖσε
2672 4099 3036 4168 ἀποδημήσας
3089 4094 3339 4162 ἀπάγει,
3386 4091 3526 4146 ἀλλά
3573 4091 3750 4144 πάντα
3803 4088 4034 4142 καταλι-

2445 4192 2564 4244 πὼν
2598 4191 2691 4245 ἐπὶ
2727 4191 2852 4258 γῆς,
2879 4189 3087 4256 γυμνὸς
3111 4187 3484 4254 λογοθετεῖται
3513 4184 3603 4236 τὸν
3639 4183 3755 4252 βίον
3785 4180 3982 4233 αὐτοῦ.

2947 4280 2954 4296 ’
3015 4303 3267 4358 ΚΕΦΑΛ.
3318 4303 3443 4354 ειιο.

2518 4425 2722 4494 Κύριος
2770 4425 2868 4492 μὲν
2912 4421 3130 4474 πάντων
3178 4419 3326 4470 ἐστὶν
3357 4419 3386 4468 ὁ
3417 4413 3672 4482 βασιλεὺς
3703 4455 3716 4475 ,
3744 4411 3932 4472 δοῦλος
3982 4411 4040 4463 δὲ

764 4515 886 4586 ipse
933 4532 1058 4572 cum
1109 4521 1373 4575 omnibus
1404 4523 1499 4577 Dei
1536 4539 1730 4581 servus
1761 4527 1995 4582 exsistit.
2029 4502 2182 4584 Tum
2215 4546 2346 4584 vero
2379 4572 2381 4588 η

2455 4517 2592 4587 μετά
2639 4519 2857 4570 πάντων
2909 4515 3143 4582 ὑπάρχει
3168 4510 3327 4563 Θεοῦ.
3370 4508 3504 4560 Τότε
3531 4508 3586 4560 δὲ
3617 4506 3854 4574 μάλιστα
3904 4502 4041 4568 κλη-

2455 4615 2511 4626 ιι,
2779 4611 2790 4626 ο
2997 4609 3019 4622 ον
3116 4624 3122 4626 Α
3176 4605 3330 4626 ηγον-ι-
3375 4600 3566 4626 1--.--.‘1
3616 4599 3848 4626 3‘-__1”..
3945 4595 4037 4626 ..αἱ

768 4607 1004 4661 maxime
1037 4609 1326 4665 vocabitur
1352 4612 1632 4679 dominus,
1685 4632 1811 4670 cum
1848 4618 1965 4686 ipse
2019 4617 2124 4672 sibi
2163 4618 2342 4672 domi-

768 4698 911 4761 nari,
944 4716 1047 4754 nec
1095 4701 1306 4757 illicitis
1333 4705 1714 4776 voluptatibus
1761 4709 2016 4765 famulari
2061 4711 2342 4779 patietur;

769 4789 868 4843 sed
902 4791 1231 4862 adiutricem
1259 4796 1402 4864 piam
1445 4799 1715 4855 rationem
1738 4817 2050 4866 assumens,
2083 4803 2344 4858 invictam

769 4881 990 4939 scilicet
1007 4883 1428 4944 moderatricem
1463 4891 1634 4946 animi
1668 4895 2152 4961 perturbationum
2175 4897 2346 4951 ratio-

771 4972 861 5026 nis
882 4975 1212 5044 expertium,
1256 4979 1555 5037 indomitas
1575 4983 1911 5052 cupiditates
1939 4996 2219 5040 armatura
2253 5003 2347 5040 ca-

771 5065 1047 5123 stimonia:
1083 5068 1341 5126 debellat.

1374 5185 1525 5242 CAP.
1579 5188 1766 5244 LXIX.

847 5271 1320 5336 Quemadmodum
1375 5280 1583 5335 umbrae
1625 5297 1858 5351 corpora
1914 5291 2236 5357 sectantur,
2276 5283 2354 5334 sic

780 5364 995 5419 animas
1023 5365 1229 5437 ﬂagitia
1257 5372 1613 5438 comitantur,
1644 5375 1887 5430 evidenti
1911 5374 2087 5444 eﬂigie
2111 5375 2358 5429 actiones

783 5459 1168 5526 cxprimentia.
1197 5461 1326 5517 Ideo
1348 5465 1554 5519 nemini
1585 5466 1665 5519 fas
1688 5476 1773 5521 est
1799 5468 1852 5521 in
1877 5468 2085 5537 judicio
2116 5480 2316 5535 negare
2345 5483 2356 5516 :

781 5555 896 5619 ipsa
939 5553 1085 5607 enim
1111 5555 1546 5626 uniuscujusque
1564 5573 1728 5628 npcra
1757 5559 2195 5622 oblestabumur,
2217 5559 2360 5614 haud

2454 4615 2681 4684 ϐήσεται
2727 4611 2947 4680 κύριος,
2995 4609 3124 4661 ὅταν
3167 4605 3330 4666 αὐτὸς
3371 4600 3568 4656 ἑαυτοῦ
3613 4599 3852 4666 δεσπόζῃ
3879 4638 3893 4655 ,
3945 4595 4042 4648 καὶ

2455 4707 2574 4766 ταῖς
2608 4705 2830 4765 ἀτόποις
2888 4703 3101 4771 ἡδοναῖς
3159 4697 3233 4766 μὴ
3261 4692 3525 4764 ὂουλεύῃ,
3563 4690 3703 4744 άλλά
3747 4691 4042 4756 σύμμαχον

2457 4796 2595 4865 ἔχων
2644 4795 2734 4847 τὸν
2794 4793 2992 4859 εὐσεϐῆ
3034 4788 3331 4857 λογισμὸν,
3381 4784 3475 4837 τὸν
3549 4785 3818 4852 ἀήττητον
3873 4783 4040 4831 αὑτο-

2457 4889 2703 4956 κράτορα
2753 4884 2862 4936 τῶν
2927 4881 3137 4948 ἀλόγων
3193 4875 3424 4936 παθῶν,
3499 4875 3626 4935 τοὺς
3686 4871 4044 4938 πανδαμάτο-

2464 4998 2560 5048 pa;
2589 4979 2797 5048 ἔρωτας
2826 4979 2893 5045 τῇ
2956 4970 3229 5041 πανοπλία
3266 4969 3366 5038 τῆς
3392 4965 3751 5036 σωφροσύνης
3784 4980 4044 5028 καταγωο

2456 5074 2688 5144 νίζηται.

3041 5186 3083 5236 Κ
3096 5183 3220 5236 ΕΦΛ
3231 5182 3266 5234 Δ
3280 5222 3292 5234 .
3329 5177 3426 5231 ΞΘ⁹
3437 5217 3448 5230 .

2538 5285 2634 5337 “Ov
2654 5282 2855 5352 τρόπον
2881 5282 2936 5333 αἱ
2979 5279 3132 5329 σκιαὶ
3158 5278 3269 5334 τοῖς
3297 5273 3544 5336 σώμασιν
3576 5267 3801 5319 ἕπονται
3819 5301 3837 5325 ,
3869 5259 4046 5320 οὕτως

2465 5373 2731 5444 ἁμαρτίαι
2778 5375 2897 5434 ταῖς
2954 5369 3151 5436 ψυχαῖς
3208 5360 3613 5419 ἀκολουθοῦσιν,
3663 5353 3908 5426 ἐναργῶς
3947 5352 4048 5411 τάς

2471 5467 2698 5538 πράξεις
2747 5460 3190 5528 ἰξεικονίζουσαι.
3235 5457 3335 5508 Διὰ
3369 5453 3528 5507 τοῦτο
3569 5452 3670 5504 οὐκ
3699 5447 3848 5500 ἔστιν
3890 5446 3948 5496 ὲν
3981 5443 4044 5509 τῇ

2472 5559 2650 5623 κρίσει
2682 5553 3039 5622 ἀρνήσασθαι·
3061 5549 3198 5602 αὐτὰ
3230 5548 3338 5617 γὰρ
3365 5545 3595 5598 ἑκάστου
3627 5538 4049 5607 καταμαρτυρή-

2351 5711 2576 5766 NOTAE.

863 5821 981 5895 (Π)
1021 5830 1543 5901 Καιοίκείωσις.1η
1605 5835 1794 5890 codiCe
1835 5835 2002 5901 Regio
2058 5834 2362 5895 IL'egiiur.

2432 5828 2496 5884 εαῖ
2525 5827 2776 5894 ὁμοίωσις
2809 5824 3038 5893 γίνεται.
3071 5821 3303 5874 BASM‘R.
