  <div class='ocr_page' id='page_1' title='image "/cluster/home/n/w/nwhite01/storage/ocr_20150623/86 pt.1/nnc1.0022106588/619.png"; bbox 0 0 4218 6444; ppageno 0'>
   <div class='ocr_carea' id='block_1_1' title="bbox 739 442 878 508">
    <p class='ocr_par' dir='ltr' id='par_1_1' title="bbox 739 442 878 508">
     <span class='ocr_line' id='line_1_1' title="bbox 739 442 878 508; baseline -0.014 0"><span class='ocrx_word' id='word_1_1' title='bbox 739 442 878 508; x_wconf 67' lang='grc' dir='ltr'><strong>ίὲιθ</strong></span> 
     </span>
    </p>
   </div>
   <div class='ocr_carea' id='block_1_2' title="bbox 2006 440 2765 502">
    <p class='ocr_par' dir='ltr' id='par_1_2' title="bbox 2006 440 2765 502">
     <span class='ocr_line' id='line_1_2' title="bbox 2006 440 2765 502; baseline 0.001 -1"><span class='ocrx_word' id='word_1_2' title='bbox 2006 440 2318 502; x_wconf 77' lang='lat' dir='ltr'><strong>LEONTII</strong></span> <span class='ocrx_word' id='word_1_3' title='bbox 2357 441 2765 502; x_wconf 76' lang='lat' dir='ltr'><strong>BYZANTINI</strong></span> 
     </span>
    </p>
   </div>
   <div class='ocr_carea' id='block_1_3' title="bbox 3860 444 4003 507">
    <p class='ocr_par' dir='ltr' id='par_1_3' title="bbox 3860 444 4003 507">
     <span class='ocr_line' id='line_1_3' title="bbox 3860 444 4003 507; baseline 0 0"><span class='ocrx_word' id='word_1_4' title='bbox 3860 444 4003 507; x_wconf 82' lang='grc'><strong>1220</strong></span> 
     </span>
    </p>
   </div>
   <div class='ocr_carea' id='block_1_4' title="bbox 735 544 2317 631">
    <p class='ocr_par' dir='ltr' id='par_1_4' title="bbox 735 555 2307 630">
     <span class='ocr_line' id='line_1_4' title="bbox 735 555 2307 630; baseline -0.006 -15"><span class='ocrx_word' id='word_1_5' title='bbox 735 558 937 615; x_wconf 83' lang='lat' dir='ltr'><strong>Filium</strong></span> <span class='ocrx_word' id='word_1_6' title='bbox 965 573 1033 612; x_wconf 82' lang='lat' dir='ltr'><strong>ex</strong></span> <span class='ocrx_word' id='word_1_7' title='bbox 1071 557 1186 614; x_wconf 83' lang='lat' dir='ltr'><strong>Deo</strong></span> <span class='ocrx_word' id='word_1_8' title='bbox 1214 559 1461 630; x_wconf 83' lang='lat' dir='ltr'><strong>genitum</strong></span> <span class='ocrx_word' id='word_1_9' title='bbox 1497 556 1740 621; x_wconf 78' lang='lat' dir='ltr'><strong>tradens,</strong></span> <span class='ocrx_word' id='word_1_10' title='bbox 1779 555 2049 627; x_wconf 72' lang='lat' dir='ltr'><strong>Spiritum</strong></span> <span class='ocrx_word' id='word_1_11' title='bbox 2084 562 2307 609; x_wconf 80' lang='lat' dir='ltr'><strong>creatu-</strong></span> 
     </span>
    </p>
   </div>
   <div class='ocr_carea' id='block_1_5' title="bbox 2419 544 4002 631">
    <p class='ocr_par' dir='ltr' id='par_1_5' title="bbox 2419 544 4002 631">
     <span class='ocr_line' id='line_1_5' title="bbox 2419 544 4002 631; baseline 0.004 -26"><span class='ocrx_word' id='word_1_12' title='bbox 2419 553 2665 623; x_wconf 76' lang='grc' dir='ltr'>ῆμισείας</span> <span class='ocrx_word' id='word_1_13' title='bbox 2720 553 3031 607; x_wconf 74' lang='grc' dir='ltr'>συνασεϐῶν</span> <span class='ocrx_word' id='word_1_14' title='bbox 3070 554 3145 626; x_wconf 79' lang='grc' dir='ltr'>τῷ</span> <span class='ocrx_word' id='word_1_15' title='bbox 3205 544 3433 627; x_wconf 69' lang='grc' dir='ltr'>Ἀρείῳ·</span> <span class='ocrx_word' id='word_1_16' title='bbox 3466 557 3559 610; x_wconf 77' lang='grc' dir='ltr'>τὸν</span> <span class='ocrx_word' id='word_1_17' title='bbox 3611 560 3709 628; x_wconf 69' lang='grc' dir='ltr'>μὲν</span> <span class='ocrx_word' id='word_1_18' title='bbox 3743 556 3853 631; x_wconf 70' lang='grc' dir='ltr'><strong>[δὲ]</strong></span> <span class='ocrx_word' id='word_1_19' title='bbox 3888 560 4002 629; x_wconf 67' lang='grc' dir='ltr'>γὰρ</span> 
     </span>
    </p>
   </div>
   <div class='ocr_carea' id='block_1_6' title="bbox 735 650 2312 720">
    <p class='ocr_par' dir='ltr' id='par_1_6' title="bbox 735 650 2312 720">
     <span class='ocr_line' id='line_1_6' title="bbox 735 650 2312 720; baseline -0.001 -17"><span class='ocrx_word' id='word_1_20' title='bbox 735 665 850 704; x_wconf 88' lang='lat' dir='ltr'><strong>ram</strong></span> <span class='ocrx_word' id='word_1_21' title='bbox 888 665 1011 706; x_wconf 87' lang='lat' dir='ltr'><strong>esse</strong></span> <span class='ocrx_word' id='word_1_22' title='bbox 1052 652 1293 707; x_wconf 87' lang='lat' dir='ltr'><strong>dicebat.</strong></span> <span class='ocrx_word' id='word_1_23' title='bbox 1343 652 1523 720; x_wconf 82' lang='lat' dir='ltr'><strong>Atque</strong></span> <span class='ocrx_word' id='word_1_24' title='bbox 1572 650 1683 705; x_wconf 92' lang='lat' dir='ltr'><strong>boc</strong></span> <span class='ocrx_word' id='word_1_25' title='bbox 1726 650 1923 720; x_wconf 80' lang='lat' dir='ltr'><strong>dogma</strong></span> <span class='ocrx_word' id='word_1_26' title='bbox 1951 663 2113 702; x_wconf 86' lang='lat' dir='ltr'><strong>suum</strong></span> <span class='ocrx_word' id='word_1_27' title='bbox 2138 662 2208 703; x_wconf 81' lang='lat' dir='ltr'><strong>ex</strong></span> <span class='ocrx_word' id='word_1_28' title='bbox 2243 660 2312 701; x_wconf 92' lang='lat' dir='ltr'><strong>eo</strong></span> 
     </span>
    </p>
   </div>
   <div class='ocr_carea' id='block_1_7' title="bbox 733 739 2313 812">
    <p class='ocr_par' dir='ltr' id='par_1_7' title="bbox 733 739 2313 812">
     <span class='ocr_line' id='line_1_7' title="bbox 733 739 2313 812; baseline -0.003 -15"><span class='ocrx_word' id='word_1_29' title='bbox 733 741 1119 804; x_wconf 87' lang='lat' dir='ltr'><strong>confirmabat.</strong></span> <span class='ocrx_word' id='word_1_30' title='bbox 1148 742 1293 812; x_wconf 89' lang='lat' dir='ltr'><strong>quod</strong></span> <span class='ocrx_word' id='word_1_31' title='bbox 1317 753 1543 812; x_wconf 88' lang='lat' dir='ltr'><strong>apertus</strong></span> <span class='ocrx_word' id='word_1_32' title='bbox 1559 740 1733 797; x_wconf 89' lang='lat' dir='ltr'><strong>sacris</strong></span> <span class='ocrx_word' id='word_1_33' title='bbox 1760 742 1817 795; x_wconf 92' lang='lat' dir='ltr'><strong>in</strong></span> <span class='ocrx_word' id='word_1_34' title='bbox 1838 740 2085 804; x_wconf 73' lang='lat' dir='ltr'><strong>Litteris,</strong></span> <span class='ocrx_word' id='word_1_35' title='bbox 2112 748 2175 795; x_wconf 87' lang='lat' dir='ltr'><strong>ut</strong></span> <span class='ocrx_word' id='word_1_36' title='bbox 2194 739 2313 808; x_wconf 87' lang='lat' dir='ltr'><strong>ipse</strong></span> 
     </span>
    </p>
   </div>
   <div class='ocr_carea' id='block_1_8' title="bbox 732 832 2314 905">
    <p class='ocr_par' dir='ltr' id='par_1_8' title="bbox 732 832 2314 905">
     <span class='ocr_line' id='line_1_8' title="bbox 732 832 2314 905; baseline -0.002 -17"><span class='ocrx_word' id='word_1_37' title='bbox 732 836 957 905; x_wconf 79' lang='lat' dir='ltr'><strong>quidem</strong></span> <span class='ocrx_word' id='word_1_38' title='bbox 988 835 1189 892; x_wconf 88' lang='lat' dir='ltr'><strong>aiebat.</strong></span> <span class='ocrx_word' id='word_1_39' title='bbox 1226 845 1408 891; x_wconf 78' lang='lat' dir='ltr'><strong>textus</strong></span> <span class='ocrx_word' id='word_1_40' title='bbox 1432 852 1542 890; x_wconf 91' lang='lat' dir='ltr'><strong>non</strong></span> <span class='ocrx_word' id='word_1_41' title='bbox 1561 842 1757 899; x_wconf 81' lang='lat' dir='ltr'><strong>exstet,</strong></span> <span class='ocrx_word' id='word_1_42' title='bbox 1780 832 1873 904; x_wconf 88' lang='lat' dir='ltr'><strong>qui</strong></span> <span class='ocrx_word' id='word_1_43' title='bbox 1898 832 2163 901; x_wconf 83' lang='lat' dir='ltr'><strong>Spiritum</strong></span> <span class='ocrx_word' id='word_1_44' title='bbox 2187 847 2314 886; x_wconf 87' lang='lat' dir='ltr'><strong>san-</strong></span> 
     </span>
    </p>
   </div>
   <div class='ocr_carea' id='block_1_9' title="bbox 734 924 2314 981">
    <p class='ocr_par' dir='ltr' id='par_1_9' title="bbox 734 924 2314 981">
     <span class='ocr_line' id='line_1_9' title="bbox 734 924 2314 981; baseline -0.002 0"><span class='ocrx_word' id='word_1_45' title='bbox 734 936 885 981; x_wconf 89' lang='lat' dir='ltr'><strong>ctum</strong></span> <span class='ocrx_word' id='word_1_46' title='bbox 933 941 1055 980; x_wconf 83' lang='lat' dir='ltr'><strong>esse</strong></span> <span class='ocrx_word' id='word_1_47' title='bbox 1089 926 1261 981; x_wconf 87' lang='lat' dir='ltr'><strong>Deum</strong></span> <span class='ocrx_word' id='word_1_48' title='bbox 1298 927 1499 981; x_wconf 86' lang='lat' dir='ltr'><strong>tradat.</strong></span> <span class='ocrx_word' id='word_1_49' title='bbox 1536 925 1641 981; x_wconf 89' lang='lat' dir='ltr'><strong>Sed</strong></span> <span class='ocrx_word' id='word_1_50' title='bbox 1677 924 1869 980; x_wconf 88' lang='lat' dir='ltr'><strong>multis</strong></span> <span class='ocrx_word' id='word_1_51' title='bbox 1888 924 2314 979; x_wconf 70' lang='lat' dir='ltr'><strong>auctoritatibus</strong></span> 
     </span>
    </p>
   </div>
   <div class='ocr_carea' id='block_1_10' title="bbox 735 1015 2311 1088">
    <p class='ocr_par' dir='ltr' id='par_1_10' title="bbox 735 1015 2311 1088">
     <span class='ocr_line' id='line_1_10' title="bbox 735 1015 2311 1088; baseline -0.001 -17"><span class='ocrx_word' id='word_1_52' title='bbox 735 1017 1103 1071; x_wconf 76' lang='lat' dir='ltr'><strong>convincitur.</strong></span> <span class='ocrx_word' id='word_1_53' title='bbox 1137 1017 1272 1072; x_wconf 88' lang='lat' dir='ltr'><strong>Nam</strong></span> <span class='ocrx_word' id='word_1_54' title='bbox 1314 1027 1371 1073; x_wconf 91' lang='lat' dir='ltr'><strong>et</strong></span> <span class='ocrx_word' id='word_1_55' title='bbox 1407 1016 1648 1088; x_wconf 82' lang='lat' dir='ltr'><strong>Spiritus</strong></span> <span class='ocrx_word' id='word_1_56' title='bbox 1671 1017 1868 1083; x_wconf 85' lang='lat' dir='ltr'><strong>sancti,</strong></span> <span class='ocrx_word' id='word_1_57' title='bbox 1899 1025 2160 1086; x_wconf 85' lang='lat' dir='ltr'><strong>tanquam</strong></span> <span class='ocrx_word' id='word_1_58' title='bbox 2192 1015 2311 1082; x_wconf 88' lang='lat' dir='ltr'><strong>Dei,</strong></span> 
     </span>
    </p>
   </div>
   <div class='ocr_carea' id='block_1_11' title="bbox 735 1106 2316 1178">
    <p class='ocr_par' dir='ltr' id='par_1_11' title="bbox 735 1106 2316 1178">
     <span class='ocr_line' id='line_1_11' title="bbox 735 1106 2316 1178; baseline 0.004 -20"><span class='ocrx_word' id='word_1_59' title='bbox 735 1106 1073 1161; x_wconf 83' lang='lat' dir='ltr'><strong>mentionem</strong></span> <span class='ocrx_word' id='word_1_60' title='bbox 1113 1124 1268 1164; x_wconf 89' lang='lat' dir='ltr'><strong>sacra</strong></span> <span class='ocrx_word' id='word_1_61' title='bbox 1292 1108 1578 1178; x_wconf 87' lang='lat' dir='ltr'><strong>Scriptura</strong></span> <span class='ocrx_word' id='word_1_62' title='bbox 1612 1108 1764 1164; x_wconf 90' lang='lat' dir='ltr'><strong>fecit.</strong></span> <span class='ocrx_word' id='word_1_63' title='bbox 1796 1108 2041 1163; x_wconf 90' lang='lat' dir='ltr'><strong>Primum</strong></span> <span class='ocrx_word' id='word_1_64' title='bbox 2079 1108 2134 1162; x_wconf 91' lang='lat' dir='ltr'><strong>in</strong></span> <span class='ocrx_word' id='word_1_65' title='bbox 2164 1107 2316 1164; x_wconf 82' lang='lat' dir='ltr'><strong>Actis</strong></span> 
     </span>
    </p>
   </div>
   <div class='ocr_carea' id='block_1_12' title="bbox 733 1195 2316 1265">
    <p class='ocr_par' dir='ltr' id='par_1_12' title="bbox 733 1195 2316 1265">
     <span class='ocr_line' id='line_1_12' title="bbox 733 1195 2316 1265; baseline 0.001 -15"><span class='ocrx_word' id='word_1_66' title='bbox 733 1197 1110 1265; x_wconf 82' lang='lat' dir='ltr'><strong>apostolorum</strong></span> <span class='ocrx_word' id='word_1_67' title='bbox 1161 1197 1227 1252; x_wconf 90' lang='lat' dir='ltr'><strong>ad</strong></span> <span class='ocrx_word' id='word_1_68' title='bbox 1267 1198 1538 1251; x_wconf 86' lang='lat' dir='ltr'><strong>Ananiam</strong></span> <span class='ocrx_word' id='word_1_69' title='bbox 1568 1207 1790 1252; x_wconf 88' lang='lat' dir='ltr'><strong>sanctus</strong></span> <span class='ocrx_word' id='word_1_70' title='bbox 1816 1197 2015 1252; x_wconf 86' lang='lat' dir='ltr'><strong>Petrus</strong></span> <span class='ocrx_word' id='word_1_71' title='bbox 2047 1196 2128 1252; x_wconf 86' lang='lat' dir='ltr'><strong>ait</strong></span> <span class='ocrx_word' id='word_1_72' title='bbox 2162 1213 2177 1250; x_wconf 87' lang='lat'><strong>:</strong></span> <span class='ocrx_word' id='word_1_73' title='bbox 2206 1195 2316 1252; x_wconf 83' lang='lat' dir='ltr'><strong>Cur</strong></span> 
     </span>
    </p>
   </div>
   <div class='ocr_carea' id='block_1_13' title="bbox 733 1286 2315 1359">
    <p class='ocr_par' dir='ltr' id='par_1_13' title="bbox 733 1286 2315 1359">
     <span class='ocr_line' id='line_1_13' title="bbox 733 1286 2315 1359; baseline 0.001 -16"><span class='ocrx_word' id='word_1_74' title='bbox 733 1286 991 1349; x_wconf 80' lang='lat' dir='ltr'><strong>Satanas.</strong></span> <span class='ocrx_word' id='word_1_75' title='bbox 1024 1292 1260 1353; x_wconf 79' lang='lat' dir='ltr'><strong>Anania,</strong></span> <span class='ocrx_word' id='word_1_76' title='bbox 1296 1306 1388 1343; x_wconf 89' lang='lat' dir='ltr'><strong>cor</strong></span> <span class='ocrx_word' id='word_1_77' title='bbox 1430 1300 1581 1344; x_wconf 81' lang='lat' dir='ltr'><strong>tuum</strong></span> <span class='ocrx_word' id='word_1_78' title='bbox 1655 1288 1918 1359; x_wconf 80' lang='lat' dir='ltr'><strong>implevit,</strong></span> <span class='ocrx_word' id='word_1_79' title='bbox 1977 1297 2034 1342; x_wconf 86' lang='lat' dir='ltr'><strong>ut</strong></span> <span class='ocrx_word' id='word_1_80' title='bbox 2091 1287 2315 1359; x_wconf 74' lang='lat' dir='ltr'><strong>Spiritui</strong></span> 
     </span>
    </p>
   </div>
   <div class='ocr_carea' id='block_1_14' title="bbox 728 1378 2314 1450">
    <p class='ocr_par' dir='ltr' id='par_1_14' title="bbox 728 1378 2314 1450">
     <span class='ocr_line' id='line_1_14' title="bbox 728 1378 2314 1450; baseline 0.001 -18"><span class='ocrx_word' id='word_1_81' title='bbox 728 1389 916 1433; x_wconf 83' lang='lat' dir='ltr'><strong>sancto</strong></span> <span class='ocrx_word' id='word_1_82' title='bbox 944 1381 1259 1448; x_wconf 78' lang='lat' dir='ltr'><strong>imponeres,</strong></span> <span class='ocrx_word' id='word_1_83' title='bbox 1280 1387 1592 1449; x_wconf 80' lang='lat' dir='ltr'><strong>partemque</strong></span> <span class='ocrx_word' id='word_1_84' title='bbox 1623 1379 1688 1433; x_wconf 82' lang='lat' dir='ltr'><strong>de</strong></span> <span class='ocrx_word' id='word_1_85' title='bbox 1715 1380 1884 1450; x_wconf 87' lang='lat' dir='ltr'><strong>pretio</strong></span> <span class='ocrx_word' id='word_1_86' title='bbox 1914 1378 2066 1448; x_wconf 81' lang='lat' dir='ltr'><strong>fundi</strong></span> <span class='ocrx_word' id='word_1_87' title='bbox 2092 1378 2314 1448; x_wconf 74' lang='lat' dir='ltr'><strong>defrau-</strong></span> 
     </span>
    </p>
   </div>
   <div class='ocr_carea' id='block_1_15' title="bbox 732 1470 2319 1542">
    <p class='ocr_par' dir='ltr' id='par_1_15' title="bbox 732 1470 2319 1542">
     <span class='ocr_line' id='line_1_15' title="bbox 732 1470 2319 1542; baseline 0.001 -17"><span class='ocrx_word' id='word_1_88' title='bbox 732 1471 889 1525; x_wconf 85' lang='lat' dir='ltr'><strong>dares</strong></span> <span class='ocrx_word' id='word_1_89' title='bbox 905 1471 930 1523; x_wconf 72' lang='lat'><strong>.7</strong></span> <span class='ocrx_word' id='word_1_90' title='bbox 956 1470 1144 1524; x_wconf 88' lang='lat' dir='ltr'><strong>Nonne</strong></span> <span class='ocrx_word' id='word_1_91' title='bbox 1180 1479 1329 1525; x_wconf 84' lang='lat' dir='ltr'><strong>tuum</strong></span> <span class='ocrx_word' id='word_1_92' title='bbox 1368 1470 1639 1531; x_wconf 82' lang='lat' dir='ltr'><strong>manebat.</strong></span> <span class='ocrx_word' id='word_1_93' title='bbox 1664 1479 1715 1524; x_wconf 88' lang='lat' dir='ltr'><strong>et</strong></span> <span class='ocrx_word' id='word_1_94' title='bbox 1736 1473 1791 1524; x_wconf 84' lang='lat' dir='ltr'><strong>in</strong></span> <span class='ocrx_word' id='word_1_95' title='bbox 1812 1479 2072 1542; x_wconf 81' lang='lat' dir='ltr'><strong>potestate</strong></span> <span class='ocrx_word' id='word_1_96' title='bbox 2092 1480 2186 1525; x_wconf 82' lang='lat' dir='ltr'><strong>tua</strong></span> <span class='ocrx_word' id='word_1_97' title='bbox 2210 1472 2319 1527; x_wconf 79' lang='lat' dir='ltr'><strong>dis-</strong></span> 
     </span>
    </p>
   </div>
   <div class='ocr_carea' id='block_1_16' title="bbox 732 1560 2313 1624">
    <p class='ocr_par' dir='ltr' id='par_1_16' title="bbox 732 1560 2313 1624">
     <span class='ocr_line' id='line_1_16' title="bbox 732 1560 2313 1624; baseline 0.001 -9"><span class='ocrx_word' id='word_1_98' title='bbox 732 1570 966 1616; x_wconf 62' lang='lat' dir='ltr'><strong>tractum</strong></span> <span class='ocrx_word' id='word_1_99' title='bbox 988 1561 1143 1614; x_wconf 86' lang='lat' dir='ltr'><strong>erat?</strong></span> <span class='ocrx_word' id='word_1_100' title='bbox 1163 1560 1280 1614; x_wconf 87' lang='lat' dir='ltr'><strong>Non</strong></span> <span class='ocrx_word' id='word_1_101' title='bbox 1326 1560 1641 1624; x_wconf 80' lang='lat' dir='ltr'><strong>hominibus,</strong></span> <span class='ocrx_word' id='word_1_102' title='bbox 1664 1562 1752 1615; x_wconf 83' lang='lat' dir='ltr'><strong>sed</strong></span> <span class='ocrx_word' id='word_1_103' title='bbox 1778 1560 1884 1614; x_wconf 88' lang='lat' dir='ltr'><strong>Deo</strong></span> <span class='ocrx_word' id='word_1_104' title='bbox 1909 1563 2158 1615; x_wconf 82' lang='lat' dir='ltr'><strong>mentitus</strong></span> <span class='ocrx_word' id='word_1_105' title='bbox 2182 1562 2313 1617; x_wconf 80' lang='lat' dir='ltr'><strong>es&quot;.</strong></span> 
     </span>
    </p>
   </div>
   <div class='ocr_carea' id='block_1_17' title="bbox 730 1649 2312 1721">
    <p class='ocr_par' dir='ltr' id='par_1_17' title="bbox 730 1649 2312 1721">
     <span class='ocr_line' id='line_1_17' title="bbox 730 1649 2312 1721; baseline -0.001 -15"><span class='ocrx_word' id='word_1_106' title='bbox 730 1651 814 1707; x_wconf 85' lang='lat' dir='ltr'><strong>En</strong></span> <span class='ocrx_word' id='word_1_107' title='bbox 879 1661 1069 1720; x_wconf 88' lang='lat' dir='ltr'><strong>aperte</strong></span> <span class='ocrx_word' id='word_1_108' title='bbox 1137 1649 1402 1721; x_wconf 80' lang='lat' dir='ltr'><strong>Spiritum</strong></span> <span class='ocrx_word' id='word_1_109' title='bbox 1462 1660 1714 1706; x_wconf 88' lang='lat' dir='ltr'><strong>sanctum</strong></span> <span class='ocrx_word' id='word_1_110' title='bbox 1777 1651 2080 1720; x_wconf 77' lang='lat' dir='ltr'><strong>appellavit</strong></span> <span class='ocrx_word' id='word_1_111' title='bbox 2116 1652 2312 1706; x_wconf 92' lang='lat' dir='ltr'><strong>Deum.</strong></span> 
     </span>
    </p>
   </div>
   <div class='ocr_carea' id='block_1_18' title="bbox 731 1740 2314 1812">
    <p class='ocr_par' dir='ltr' id='par_1_18' title="bbox 731 1740 2314 1812">
     <span class='ocr_line' id='line_1_18' title="bbox 731 1740 2314 1812; baseline -0.001 -15"><span class='ocrx_word' id='word_1_112' title='bbox 731 1740 945 1797; x_wconf 85' lang='lat' dir='ltr'><strong>Deinde</strong></span> <span class='ocrx_word' id='word_1_113' title='bbox 980 1755 1176 1795; x_wconf 87' lang='lat' dir='ltr'><strong>rursus</strong></span> <span class='ocrx_word' id='word_1_114' title='bbox 1206 1741 1260 1795; x_wconf 92' lang='lat' dir='ltr'><strong>in</strong></span> <span class='ocrx_word' id='word_1_115' title='bbox 1290 1740 1441 1794; x_wconf 82' lang='lat' dir='ltr'><strong>Actis</strong></span> <span class='ocrx_word' id='word_1_116' title='bbox 1477 1740 1855 1809; x_wconf 89' lang='lat' dir='ltr'><strong>apostolorum</strong></span> <span class='ocrx_word' id='word_1_117' title='bbox 1888 1740 2095 1795; x_wconf 86' lang='lat' dir='ltr'><strong>dicitur</strong></span> <span class='ocrx_word' id='word_1_118' title='bbox 2128 1757 2143 1794; x_wconf 88' lang='lat'><strong>:</strong></span> <span class='ocrx_word' id='word_1_119' title='bbox 2177 1741 2314 1812; x_wconf 79' lang='lat' dir='ltr'><strong>Ipsis</strong></span> 
     </span>
    </p>
   </div>
   <div class='ocr_carea' id='block_1_19' title="bbox 722 1831 2313 1904">
    <p class='ocr_par' dir='ltr' id='par_1_19' title="bbox 722 1831 2313 1904">
     <span class='ocr_line' id='line_1_19' title="bbox 722 1831 2313 1904; baseline 0.002 -19"><span class='ocrx_word' id='word_1_120' title='bbox 722 1832 1117 1903; x_wconf 81' lang='lat' dir='ltr'><strong>jejunantibns,</strong></span> <span class='ocrx_word' id='word_1_121' title='bbox 1143 1840 1192 1883; x_wconf 87' lang='lat' dir='ltr'><strong>et</strong></span> <span class='ocrx_word' id='word_1_122' title='bbox 1216 1832 1633 1885; x_wconf 80' lang='lat' dir='ltr'><strong>ministrantibus</strong></span> <span class='ocrx_word' id='word_1_123' title='bbox 1656 1831 1902 1897; x_wconf 87' lang='lat' dir='ltr'><strong>Domino,</strong></span> <span class='ocrx_word' id='word_1_124' title='bbox 1929 1833 2120 1887; x_wconf 74' lang='lat' dir='ltr'><strong>dixisse</strong></span> <span class='ocrx_word' id='word_1_125' title='bbox 2140 1831 2313 1904; x_wconf 86' lang='lat' dir='ltr'><strong>Spiri-</strong></span> 
     </span>
    </p>
   </div>
   <div class='ocr_carea' id='block_1_20' title="bbox 2418 643 4004 720">
    <p class='ocr_par' dir='ltr' id='par_1_20' title="bbox 2418 643 4004 720">
     <span class='ocr_line' id='line_1_20' title="bbox 2418 643 4004 720; baseline 0.004 -22"><span class='ocrx_word' id='word_1_126' title='bbox 2418 644 2546 698; x_wconf 75' lang='grc' dir='ltr'>Υἱὸν</span> <span class='ocrx_word' id='word_1_127' title='bbox 2573 643 2747 715; x_wconf 78' lang='grc' dir='ltr'>λέγων</span> <span class='ocrx_word' id='word_1_128' title='bbox 2792 646 3041 716; x_wconf 76' lang='grc' dir='ltr'><strong>γέννημα</strong></span> <span class='ocrx_word' id='word_1_129' title='bbox 3071 646 3164 700; x_wconf 83' lang='grc' dir='ltr'><strong>τοῦ</strong></span> <span class='ocrx_word' id='word_1_130' title='bbox 3210 647 3346 702; x_wconf 88' lang='grc' dir='ltr'>Θεοῦ</span> <span class='ocrx_word' id='word_1_131' title='bbox 3371 690 3386 715; x_wconf 84' lang='grc'><strong>,</strong></span> <span class='ocrx_word' id='word_1_132' title='bbox 3416 649 3478 701; x_wconf 82' lang='grc' dir='ltr'><strong>τὸ</strong></span> <span class='ocrx_word' id='word_1_133' title='bbox 3512 648 3737 720; x_wconf 78' lang='grc' dir='ltr'><strong>Πνεῦμα</strong></span> <span class='ocrx_word' id='word_1_134' title='bbox 3786 652 4004 720; x_wconf 69' lang='grc' dir='ltr'>ποίημα</span> 
     </span>
    </p>
   </div>
   <div class='ocr_carea' id='block_1_21' title="bbox 2414 735 4006 814">
    <p class='ocr_par' dir='ltr' id='par_1_21' title="bbox 2414 735 4006 814">
     <span class='ocr_line' id='line_1_21' title="bbox 2414 735 4006 814; baseline 0.006 -26"><span class='ocrx_word' id='word_1_135' title='bbox 2414 735 2593 804; x_wconf 72' lang='grc' dir='ltr'>ἔλεγε.</span> <span class='ocrx_word' id='word_1_136' title='bbox 2628 737 2739 790; x_wconf 76' lang='grc' dir='ltr'><strong>Καὶ</strong></span> <span class='ocrx_word' id='word_1_137' title='bbox 2781 737 3091 809; x_wconf 78' lang='grc' dir='ltr'>ἰσχυρίζετο</span> <span class='ocrx_word' id='word_1_138' title='bbox 3129 738 3191 793; x_wconf 85' lang='grc' dir='ltr'><strong>τδ</strong></span> <span class='ocrx_word' id='word_1_139' title='bbox 3220 739 3399 809; x_wconf 81' lang='grc' dir='ltr'>δόγμα</span> <span class='ocrx_word' id='word_1_140' title='bbox 3428 739 3594 795; x_wconf 81' lang='grc' dir='ltr'>αὑτοῦ</span> <span class='ocrx_word' id='word_1_141' title='bbox 3614 782 3629 806; x_wconf 86' lang='grc'><strong>,</strong></span> <span class='ocrx_word' id='word_1_142' title='bbox 3656 743 3768 796; x_wconf 81' lang='grc' dir='ltr'><strong>ἀπὸ</strong></span> <span class='ocrx_word' id='word_1_143' title='bbox 3790 743 3885 796; x_wconf 89' lang='grc' dir='ltr'><strong>τοῦ</strong></span> <span class='ocrx_word' id='word_1_144' title='bbox 3924 743 4006 814; x_wconf 82' lang='grc' dir='ltr'>μὴ</span> 
     </span>
    </p>
   </div>
   <div class='ocr_carea' id='block_1_22' title="bbox 2416 830 4008 906">
    <p class='ocr_par' dir='ltr' id='par_1_22' title="bbox 2416 830 4008 906">
     <span class='ocr_line' id='line_1_22' title="bbox 2416 830 4008 906; baseline 0.003 -24"><span class='ocrx_word' id='word_1_145' title='bbox 2416 830 2691 898; x_wconf 78' lang='grc' dir='ltr'><strong>φανερῶς,</strong></span> <span class='ocrx_word' id='word_1_146' title='bbox 2728 832 2883 900; x_wconf 77' lang='grc' dir='ltr'>φησὶ,</span> <span class='ocrx_word' id='word_1_147' title='bbox 2917 832 3133 886; x_wconf 77' lang='grc' dir='ltr'>κεῖσθαι</span> <span class='ocrx_word' id='word_1_148' title='bbox 3159 834 3215 886; x_wconf 83' lang='grc' dir='ltr'>ὲν</span> <span class='ocrx_word' id='word_1_149' title='bbox 3241 836 3307 903; x_wconf 77' lang='grc' dir='ltr'>τῇ</span> <span class='ocrx_word' id='word_1_150' title='bbox 3342 832 3475 903; x_wconf 68' lang='grc' dir='ltr'>ἁγίᾳ</span> <span class='ocrx_word' id='word_1_151' title='bbox 3506 835 3545 887; x_wconf 82' lang='grc' dir='ltr'><strong>Γ</strong></span> <span class='ocrx_word' id='word_1_152' title='bbox 3549 837 3720 906; x_wconf 68' lang='grc' dir='ltr'>ραφῇ,</span> <span class='ocrx_word' id='word_1_153' title='bbox 3750 836 3832 889; x_wconf 88' lang='grc' dir='ltr'>ὅτι</span> <span class='ocrx_word' id='word_1_154' title='bbox 3868 836 4008 899; x_wconf 61' lang='grc' dir='ltr'>θεὸς</span> 
     </span>
    </p>
   </div>
   <div class='ocr_carea' id='block_1_23' title="bbox 2414 915 4008 994">
    <p class='ocr_par' dir='ltr' id='par_1_23' title="bbox 2414 915 4008 994">
     <span class='ocr_line' id='line_1_23' title="bbox 2414 915 4008 994; baseline 0.006 -22"><span class='ocrx_word' id='word_1_155' title='bbox 2414 915 2483 991; x_wconf 74' lang='grc' dir='ltr'>ἦν</span> <span class='ocrx_word' id='word_1_156' title='bbox 2522 921 2585 974; x_wconf 83' lang='grc' dir='ltr'>τὸ</span> <span class='ocrx_word' id='word_1_157' title='bbox 2628 920 2854 992; x_wconf 81' lang='grc' dir='ltr'><strong>Πνεῦμα</strong></span> <span class='ocrx_word' id='word_1_158' title='bbox 2885 923 2946 976; x_wconf 86' lang='grc' dir='ltr'>τὸ</span> <span class='ocrx_word' id='word_1_159' title='bbox 2976 922 3152 991; x_wconf 69' lang='grc' dir='ltr'>ἅγιον.</span> <span class='ocrx_word' id='word_1_160' title='bbox 3199 925 3513 994; x_wconf 80' lang='grc' dir='ltr'>Ἐλέγχεται</span> <span class='ocrx_word' id='word_1_161' title='bbox 3541 927 3598 980; x_wconf 81' lang='grc' dir='ltr'>δὲ</span> <span class='ocrx_word' id='word_1_162' title='bbox 3641 928 3749 981; x_wconf 74' lang='grc' dir='ltr'><strong>ἀπὸ</strong></span> <span class='ocrx_word' id='word_1_163' title='bbox 3789 929 4008 981; x_wconf 86' lang='grc' dir='ltr'>πολλῶν</span> 
     </span>
    </p>
   </div>
   <div class='ocr_carea' id='block_1_24' title="bbox 2416 1015 4011 1094">
    <p class='ocr_par' dir='ltr' id='par_1_24' title="bbox 2416 1015 4011 1094">
     <span class='ocr_line' id='line_1_24' title="bbox 2416 1015 4011 1094; baseline 0.004 -27"><span class='ocrx_word' id='word_1_164' title='bbox 2416 1015 2684 1085; x_wconf 77' lang='grc' dir='ltr'><strong>χρήσεων.</strong></span> <span class='ocrx_word' id='word_1_165' title='bbox 2717 1016 2828 1069; x_wconf 78' lang='lat' dir='ltr'><strong>Ka‘t</strong></span> <span class='ocrx_word' id='word_1_166' title='bbox 2849 1019 2978 1089; x_wconf 78' lang='grc' dir='ltr'>περὶ</span> <span class='ocrx_word' id='word_1_167' title='bbox 3000 1016 3094 1071; x_wconf 86' lang='grc' dir='ltr'><strong>τοῦ</strong></span> <span class='ocrx_word' id='word_1_168' title='bbox 3129 1018 3444 1088; x_wconf 71' lang='grc' dir='ltr'>Πνεῦμα-ξος</span> <span class='ocrx_word' id='word_1_169' title='bbox 3472 1022 3582 1094; x_wconf 72' lang='grc' dir='ltr'><strong>γὰρ</strong></span> <span class='ocrx_word' id='word_1_170' title='bbox 3606 1023 3702 1075; x_wconf 77' lang='grc' dir='ltr'><strong>τοῦ</strong></span> <span class='ocrx_word' id='word_1_171' title='bbox 3739 1024 3898 1090; x_wconf 81' lang='grc' dir='ltr'>ἁγίου</span> <span class='ocrx_word' id='word_1_172' title='bbox 3928 1023 4011 1082; x_wconf 75' lang='grc' dir='ltr'>ὡς</span> 
     </span>
    </p>
   </div>
   <div class='ocr_carea' id='block_1_25' title="bbox 2415 1104 4011 1185">
    <p class='ocr_par' dir='ltr' id='par_1_25' title="bbox 2415 1104 4011 1185">
     <span class='ocr_line' id='line_1_25' title="bbox 2415 1104 4011 1185; baseline 0.006 -28"><span class='ocrx_word' id='word_1_173' title='bbox 2415 1104 2552 1159; x_wconf 80' lang='grc' dir='ltr'>Θεοῦ</span> <span class='ocrx_word' id='word_1_174' title='bbox 2599 1107 2845 1179; x_wconf 65' lang='grc' dir='ltr'>ἐμνήσθη</span> <span class='ocrx_word' id='word_1_175' title='bbox 2890 1110 2924 1178; x_wconf 78' lang='grc' dir='ltr'>ἡ</span> <span class='ocrx_word' id='word_1_176' title='bbox 2975 1109 3109 1178; x_wconf 82' lang='grc' dir='ltr'>ἁγία</span> <span class='ocrx_word' id='word_1_177' title='bbox 3143 1111 3356 1182; x_wconf 70' lang='grc' dir='ltr'>Γραφή.</span> <span class='ocrx_word' id='word_1_178' title='bbox 3407 1113 3631 1184; x_wconf 83' lang='grc' dir='ltr'>Πρῶτον</span> <span class='ocrx_word' id='word_1_179' title='bbox 3667 1116 3767 1184; x_wconf 84' lang='grc' dir='ltr'>μὲν</span> <span class='ocrx_word' id='word_1_180' title='bbox 3808 1115 3921 1185; x_wconf 74' lang='grc' dir='ltr'>γὰρ</span> <span class='ocrx_word' id='word_1_181' title='bbox 3948 1117 4011 1167; x_wconf 80' lang='grc' dir='ltr'>ἐν</span> 
     </span>
    </p>
   </div>
   <div class='ocr_carea' id='block_1_26' title="bbox 2413 1197 4008 1277">
    <p class='ocr_par' dir='ltr' id='par_1_26' title="bbox 2413 1197 4008 1277">
     <span class='ocr_line' id='line_1_26' title="bbox 2413 1197 4008 1277; baseline 0.007 -28"><span class='ocrx_word' id='word_1_182' title='bbox 2413 1199 2536 1261; x_wconf 84' lang='grc' dir='ltr'>ταῖς</span> <span class='ocrx_word' id='word_1_183' title='bbox 2566 1197 2805 1269; x_wconf 77' lang='grc' dir='ltr'>Πράξεσι</span> <span class='ocrx_word' id='word_1_184' title='bbox 2835 1199 2946 1254; x_wconf 86' lang='grc' dir='ltr'><strong>τῶν</strong></span> <span class='ocrx_word' id='word_1_185' title='bbox 2977 1203 3295 1257; x_wconf 81' lang='grc' dir='ltr'><strong>ἀποστόλων</strong></span> <span class='ocrx_word' id='word_1_186' title='bbox 3322 1204 3459 1274; x_wconf 75' lang='grc' dir='ltr'>πρὸς</span> <span class='ocrx_word' id='word_1_187' title='bbox 3499 1206 3753 1259; x_wconf 76' lang='grc' dir='ltr'><strong>Ἀνανίαν</strong></span> <span class='ocrx_word' id='word_1_188' title='bbox 3784 1209 3952 1277; x_wconf 75' lang='grc' dir='ltr'>φησὶν</span> <span class='ocrx_word' id='word_1_189' title='bbox 3978 1209 4008 1260; x_wconf 79' lang='grc' dir='ltr'><strong>δ</strong></span> 
     </span>
    </p>
   </div>
   <div class='ocr_carea' id='block_1_27' title="bbox 2417 1288 4011 1366">
    <p class='ocr_par' dir='ltr' id='par_1_27' title="bbox 2417 1288 4011 1366">
     <span class='ocr_line' id='line_1_27' title="bbox 2417 1288 4011 1366; baseline 0.006 -23"><span class='ocrx_word' id='word_1_190' title='bbox 2417 1289 2570 1357; x_wconf 67' lang='grc' dir='ltr'>ἅγιος</span> <span class='ocrx_word' id='word_1_191' title='bbox 2604 1288 2806 1360; x_wconf 79' lang='grc' dir='ltr'><strong>Πέτρος</strong></span> <span class='ocrx_word' id='word_1_192' title='bbox 2838 1308 2852 1322; x_wconf 89' lang='grc'>·</span> <span class='ocrx_word' id='word_1_193' title='bbox 2899 1293 3167 1361; x_wconf 76' lang='grc' dir='ltr'>Ἀνανία,</span> <span class='ocrx_word' id='word_1_194' title='bbox 3200 1296 3302 1348; x_wconf 78' lang='grc' dir='ltr'>ἵνα</span> <span class='ocrx_word' id='word_1_195' title='bbox 3328 1296 3387 1348; x_wconf 80' lang='grc' dir='ltr'><strong>τί</strong></span> <span class='ocrx_word' id='word_1_196' title='bbox 3422 1295 3782 1366; x_wconf 71' lang='grc' dir='ltr'>ἐπλήρωσεν</span> <span class='ocrx_word' id='word_1_197' title='bbox 3818 1303 3853 1353; x_wconf 78' lang='grc' dir='ltr'><em>ὁ</em></span> <span class='ocrx_word' id='word_1_198' title='bbox 3888 1303 4011 1352; x_wconf 82' lang='grc' dir='ltr'><strong>Σα-</strong></span> 
     </span>
    </p>
   </div>
   <div class='ocr_carea' id='block_1_28' title="bbox 2415 1378 4007 1456">
    <p class='ocr_par' dir='ltr' id='par_1_28' title="bbox 2415 1378 4007 1456">
     <span class='ocr_line' id='line_1_28' title="bbox 2415 1378 4007 1456; baseline 0.006 -22"><span class='ocrx_word' id='word_1_199' title='bbox 2415 1378 2604 1447; x_wconf 81' lang='grc' dir='ltr'>τανᾶς</span> <span class='ocrx_word' id='word_1_200' title='bbox 2634 1381 2753 1450; x_wconf 83' lang='grc' dir='ltr'>τὴν</span> <span class='ocrx_word' id='word_1_201' title='bbox 2781 1383 3036 1453; x_wconf 77' lang='grc' dir='ltr'>καρδίαν</span> <span class='ocrx_word' id='word_1_202' title='bbox 3061 1401 3202 1452; x_wconf 85' lang='grc' dir='ltr'>σου,</span> <span class='ocrx_word' id='word_1_203' title='bbox 3234 1389 3588 1456; x_wconf 72' lang='grc' dir='ltr'>ψεύσασθαί</span> <span class='ocrx_word' id='word_1_204' title='bbox 3613 1408 3689 1444; x_wconf 84' lang='grc' dir='ltr'><strong>σε</strong></span> <span class='ocrx_word' id='word_1_205' title='bbox 3717 1393 3785 1443; x_wconf 81' lang='grc' dir='ltr'>τὸ</span> <span class='ocrx_word' id='word_1_206' title='bbox 3816 1392 4007 1445; x_wconf 47' lang='lat' dir='ltr'><strong>Hreno</strong></span> 
     </span>
    </p>
   </div>
   <div class='ocr_carea' id='block_1_29' title="bbox 2411 1470 4014 1552">
    <p class='ocr_par' dir='ltr' id='par_1_29' title="bbox 2411 1470 4014 1552">
     <span class='ocr_line' id='line_1_29' title="bbox 2411 1470 4014 1552; baseline 0.009 -29"><span class='ocrx_word' id='word_1_207' title='bbox 2411 1486 2500 1541; x_wconf 83' lang='grc' dir='ltr'><strong>μα</strong></span> <span class='ocrx_word' id='word_1_208' title='bbox 2528 1471 2596 1525; x_wconf 80' lang='grc' dir='ltr'>τὸ</span> <span class='ocrx_word' id='word_1_209' title='bbox 2640 1470 2833 1542; x_wconf 77' lang='grc' dir='ltr'>ἅγιον,</span> <span class='ocrx_word' id='word_1_210' title='bbox 2864 1476 2962 1529; x_wconf 74' lang='grc' dir='ltr'>καὶ</span> <span class='ocrx_word' id='word_1_211' title='bbox 2989 1478 3407 1536; x_wconf 61' lang='grc' dir='ltr'>νοσφίσασθαι</span> <span class='ocrx_word' id='word_1_212' title='bbox 3446 1495 3524 1533; x_wconf 87' lang='grc' dir='ltr'><strong>σε</strong></span> <span class='ocrx_word' id='word_1_213' title='bbox 3553 1482 3675 1535; x_wconf 77' lang='grc' dir='ltr'><strong>ἀπὸ</strong></span> <span class='ocrx_word' id='word_1_214' title='bbox 3698 1481 3806 1550; x_wconf 76' lang='grc' dir='ltr'>τῆς</span> <span class='ocrx_word' id='word_1_215' title='bbox 3830 1483 4014 1552; x_wconf 77' lang='grc' dir='ltr'>τιμῆς</span> 
     </span>
    </p>
   </div>
   <div class='ocr_carea' id='block_1_30' title="bbox 2416 1564 4015 1641">
    <p class='ocr_par' dir='ltr' id='par_1_30' title="bbox 2416 1564 4015 1641">
     <span class='ocr_line' id='line_1_30' title="bbox 2416 1564 4015 1641; baseline 0.008 -24"><span class='ocrx_word' id='word_1_216' title='bbox 2416 1564 2525 1618; x_wconf 82' lang='grc' dir='ltr'><strong>τοῦ</strong></span> <span class='ocrx_word' id='word_1_217' title='bbox 2552 1566 2807 1632; x_wconf 81' lang='grc' dir='ltr'>χωρίου;</span> <span class='ocrx_word' id='word_1_218' title='bbox 2832 1569 2979 1637; x_wconf 76' lang='grc' dir='ltr'><strong>οὐχι</strong></span> <span class='ocrx_word' id='word_1_219' title='bbox 3004 1569 3198 1638; x_wconf 77' lang='grc' dir='ltr'>μένον</span> <span class='ocrx_word' id='word_1_220' title='bbox 3216 1587 3315 1624; x_wconf 83' lang='grc' dir='ltr'><strong>σοι</strong></span> <span class='ocrx_word' id='word_1_221' title='bbox 3336 1572 3531 1641; x_wconf 74' lang='grc' dir='ltr'>ἔμενε.</span> <span class='ocrx_word' id='word_1_222' title='bbox 3559 1576 3655 1627; x_wconf 73' lang='grc' dir='ltr'>καὶ</span> <span class='ocrx_word' id='word_1_223' title='bbox 3685 1578 3917 1641; x_wconf 66' lang='grc' dir='ltr'>πραθὲν</span> <span class='ocrx_word' id='word_1_224' title='bbox 3940 1576 4015 1629; x_wconf 81' lang='grc' dir='ltr'>ἐν</span> 
     </span>
    </p>
   </div>
   <div class='ocr_carea' id='block_1_31' title="bbox 2417 1653 4010 1732">
    <p class='ocr_par' dir='ltr' id='par_1_31' title="bbox 2417 1653 4010 1732">
     <span class='ocr_line' id='line_1_31' title="bbox 2417 1653 4010 1732; baseline 0.006 -23"><span class='ocrx_word' id='word_1_225' title='bbox 2417 1654 2494 1723; x_wconf 77' lang='grc' dir='ltr'>τῇ</span> <span class='ocrx_word' id='word_1_226' title='bbox 2513 1653 2599 1723; x_wconf 79' lang='grc' dir='ltr'>σῇ</span> <span class='ocrx_word' id='word_1_227' title='bbox 2625 1655 2875 1726; x_wconf 79' lang='grc' dir='ltr'><strong>ἐξουσίᾳ</strong></span> <span class='ocrx_word' id='word_1_228' title='bbox 2896 1658 3170 1728; x_wconf 79' lang='grc' dir='ltr'>ὑπῆρχεν</span> <span class='ocrx_word' id='word_1_229' title='bbox 3189 1676 3208 1726; x_wconf 87' lang='grc'><strong><em>;</em></strong></span> <span class='ocrx_word' id='word_1_230' title='bbox 3232 1663 3355 1715; x_wconf 80' lang='grc' dir='ltr'><strong>Οὐκ</strong></span> <span class='ocrx_word' id='word_1_231' title='bbox 3377 1663 3621 1731; x_wconf 66' lang='grc' dir='ltr'>ἐψεύσω</span> <span class='ocrx_word' id='word_1_232' title='bbox 3646 1665 4010 1732; x_wconf 68' lang='grc' dir='ltr'>ἀνθρώποις,</span> 
     </span>
    </p>
   </div>
   <div class='ocr_carea' id='block_1_32' title="bbox 2416 1745 4015 1824">
    <p class='ocr_par' dir='ltr' id='par_1_32' title="bbox 2416 1745 4015 1824">
     <span class='ocr_line' id='line_1_32' title="bbox 2416 1745 4015 1824; baseline 0.006 -23"><span class='ocrx_word' id='word_1_233' title='bbox 2416 1746 2577 1801; x_wconf 73' lang='grc' dir='ltr'><em>ἀλλὰ</em></span> <span class='ocrx_word' id='word_1_234' title='bbox 2635 1745 2776 1813; x_wconf 85' lang='grc' dir='ltr'>Θεῷ.</span> <span class='ocrx_word' id='word_1_235' title='bbox 2831 1748 2963 1804; x_wconf 83' lang='grc' dir='ltr'>Ἰδοὺ</span> <span class='ocrx_word' id='word_1_236' title='bbox 3018 1751 3128 1821; x_wconf 86' lang='grc' dir='ltr'>γὰρ</span> <span class='ocrx_word' id='word_1_237' title='bbox 3181 1754 3433 1824; x_wconf 83' lang='grc' dir='ltr'>φανερῶς</span> <span class='ocrx_word' id='word_1_238' title='bbox 3487 1754 3621 1809; x_wconf 82' lang='grc' dir='ltr'><strong>Θεὸν</strong></span> <span class='ocrx_word' id='word_1_239' title='bbox 3664 1757 3894 1809; x_wconf 78' lang='grc' dir='ltr'>ἐκάλεσε</span> <span class='ocrx_word' id='word_1_240' title='bbox 3950 1758 4015 1811; x_wconf 62' lang='grc' dir='ltr'><strong>τδ</strong></span> 
     </span>
    </p>
   </div>
   <div class='ocr_carea' id='block_1_33' title="bbox 2419 1838 4013 1919">
    <p class='ocr_par' dir='ltr' id='par_1_33' title="bbox 2419 1838 4013 1919">
     <span class='ocr_line' id='line_1_33' title="bbox 2419 1838 4013 1919; baseline 0.008 -28"><span class='ocrx_word' id='word_1_241' title='bbox 2419 1838 2645 1909; x_wconf 82' lang='grc' dir='ltr'>Πνεῦμα</span> <span class='ocrx_word' id='word_1_242' title='bbox 2689 1840 2749 1895; x_wconf 78' lang='grc' dir='ltr'><strong>τὸ</strong></span> <span class='ocrx_word' id='word_1_243' title='bbox 2797 1841 2972 1910; x_wconf 69' lang='grc' dir='ltr'>ἅγιον.</span> <span class='ocrx_word' id='word_1_244' title='bbox 3002 1845 3133 1898; x_wconf 80' lang='grc' dir='ltr'>Εἶτα</span> <span class='ocrx_word' id='word_1_245' title='bbox 3164 1847 3329 1900; x_wconf 73' lang='grc' dir='ltr'>πάλιν</span> <span class='ocrx_word' id='word_1_246' title='bbox 3356 1850 3415 1901; x_wconf 80' lang='grc' dir='ltr'>ὲν</span> <span class='ocrx_word' id='word_1_247' title='bbox 3459 1851 3582 1911; x_wconf 82' lang='grc' dir='ltr'>ταῖς</span> <span class='ocrx_word' id='word_1_248' title='bbox 3630 1849 3874 1919; x_wconf 80' lang='grc' dir='ltr'>Πράξεσι</span> <span class='ocrx_word' id='word_1_249' title='bbox 3899 1850 4013 1903; x_wconf 85' lang='grc' dir='ltr'><strong>τῶν</strong></span> 
     </span>
    </p>
   </div>
   <div class='ocr_carea' id='block_1_34' title="bbox 682 1899 2317 2006">
    <p class='ocr_par' dir='ltr' id='par_1_34' title="bbox 723 1899 2315 1994">
     <span class='ocr_line' id='line_1_34' title="bbox 723 1899 2315 1994; baseline 0.003 -20"><span class='ocrx_word' id='word_1_250' title='bbox 723 1899 846 1975; x_wconf 70' lang='lat' dir='ltr'><strong>tum</strong></span> <span class='ocrx_word' id='word_1_251' title='bbox 878 1931 1122 1989; x_wconf 78' lang='lat' dir='ltr'><strong>sanctum</strong></span> <span class='ocrx_word' id='word_1_252' title='bbox 1153 1936 1170 1975; x_wconf 91' lang='lat'><strong><em>:</em></strong></span> <span class='ocrx_word' id='word_1_253' title='bbox 1199 1920 1480 1993; x_wconf 75' lang='lat' dir='ltr'><strong>Segregate</strong></span> <span class='ocrx_word' id='word_1_254' title='bbox 1504 1923 1631 1975; x_wconf 79' lang='lat' dir='ltr'><strong>mitti</strong></span> <span class='ocrx_word' id='word_1_255' title='bbox 1659 1922 1887 1977; x_wconf 81' lang='lat' dir='ltr'><strong>Paulum</strong></span> <span class='ocrx_word' id='word_1_256' title='bbox 1914 1932 2073 1994; x_wconf 84' lang='lat' dir='ltr'><strong>atque</strong></span> <span class='ocrx_word' id='word_1_257' title='bbox 2104 1899 2315 1979; x_wconf 65' lang='lat' dir='ltr'><strong>Barna-</strong></span> 
     </span>
    </p>
   </div>
   <div class='ocr_carea' id='block_1_35' title="bbox 2419 1899 4013 2006">
    <p class='ocr_par' dir='ltr' id='par_1_35' title="bbox 2419 1899 4013 2006">
     <span class='ocr_line' id='line_1_35' title="bbox 2419 1899 4013 2006; baseline 0.008 -23"><span class='ocrx_word' id='word_1_258' title='bbox 2419 1899 2735 1985; x_wconf 73' lang='grc' dir='ltr'>ἀποστόλων</span> <span class='ocrx_word' id='word_1_259' title='bbox 2770 1899 2990 2002; x_wconf 81' lang='grc' dir='ltr'>λέγεται</span> <span class='ocrx_word' id='word_1_260' title='bbox 3011 1975 3027 2002; x_wconf 92' lang='grc'><strong>,</strong></span> <span class='ocrx_word' id='word_1_261' title='bbox 3053 1937 3136 1990; x_wconf 85' lang='grc' dir='ltr'>ὅτι</span> <span class='ocrx_word' id='word_1_262' title='bbox 3162 1899 3604 2006; x_wconf 63' lang='grc' dir='ltr'>Νηστευόντων</span> <span class='ocrx_word' id='word_1_263' title='bbox 3857 1983 3872 2004; x_wconf 93' lang='grc'><strong>,</strong></span> <span class='ocrx_word' id='word_1_264' title='bbox 3911 1942 4013 1996; x_wconf 78' lang='grc' dir='ltr'>και</span> 
     </span>
    </p>
   </div>
   <div class='ocr_carea' id='block_1_36' title="bbox 730 2012 2315 2085">
    <p class='ocr_par' dir='ltr' id='par_1_36' title="bbox 730 2012 2315 2085">
     <span class='ocr_line' id='line_1_36' title="bbox 730 2012 2315 2085; baseline 0.003 -18"><span class='ocrx_word' id='word_1_265' title='bbox 730 2012 853 2067; x_wconf 82' lang='lat' dir='ltr'><strong>bam</strong></span> <span class='ocrx_word' id='word_1_266' title='bbox 894 2015 964 2068; x_wconf 83' lang='lat' dir='ltr'><strong>ad</strong></span> <span class='ocrx_word' id='word_1_267' title='bbox 993 2013 1130 2067; x_wconf 82' lang='lat' dir='ltr'><strong>illud</strong></span> <span class='ocrx_word' id='word_1_268' title='bbox 1170 2030 1321 2083; x_wconf 80' lang='lat' dir='ltr'><strong>Opus,</strong></span> <span class='ocrx_word' id='word_1_269' title='bbox 1352 2016 1421 2066; x_wconf 84' lang='lat' dir='ltr'><strong>ad</strong></span> <span class='ocrx_word' id='word_1_270' title='bbox 1442 2015 1581 2085; x_wconf 85' lang='lat' dir='ltr'><strong>quod</strong></span> <span class='ocrx_word' id='word_1_271' title='bbox 1612 2029 1699 2068; x_wconf 85' lang='lat' dir='ltr'><strong>eos</strong></span> <span class='ocrx_word' id='word_1_272' title='bbox 1730 2016 1983 2069; x_wconf 74' lang='lat' dir='ltr'><strong>vocavi”.</strong></span> <span class='ocrx_word' id='word_1_273' title='bbox 2018 2016 2153 2070; x_wconf 79' lang='lat' dir='ltr'><strong>Nam</strong></span> <span class='ocrx_word' id='word_1_274' title='bbox 2183 2016 2315 2071; x_wconf 89' lang='lat' dir='ltr'><strong>dum</strong></span> 
     </span>
    </p>
   </div>
   <div class='ocr_carea' id='block_1_37' title="bbox 732 2104 2315 2181">
    <p class='ocr_par' dir='ltr' id='par_1_37' title="bbox 732 2104 2315 2181">
     <span class='ocr_line' id='line_1_37' title="bbox 732 2104 2315 2181; baseline 0.004 -22"><span class='ocrx_word' id='word_1_275' title='bbox 732 2105 916 2175; x_wconf 84' lang='lat' dir='ltr'><strong>inquit</strong></span> <span class='ocrx_word' id='word_1_276' title='bbox 946 2122 959 2159; x_wconf 90' lang='lat'><strong>:</strong></span> <span class='ocrx_word' id='word_1_277' title='bbox 993 2104 1296 2175; x_wconf 65' lang='lat' dir='ltr'><strong>Segregale,</strong></span> <span class='ocrx_word' id='word_1_278' title='bbox 1325 2115 1654 2174; x_wconf 83' lang='lat' dir='ltr'><strong>potestatem</strong></span> <span class='ocrx_word' id='word_1_279' title='bbox 1685 2122 1842 2161; x_wconf 89' lang='lat' dir='ltr'><strong>suam</strong></span> <span class='ocrx_word' id='word_1_280' title='bbox 1875 2108 2140 2175; x_wconf 87' lang='lat' dir='ltr'><strong>ostendit,</strong></span> <span class='ocrx_word' id='word_1_281' title='bbox 2166 2109 2315 2181; x_wconf 89' lang='lat' dir='ltr'><strong>quod</strong></span> 
     </span>
    </p>
   </div>
   <div class='ocr_carea' id='block_1_38' title="bbox 733 2196 2314 2271">
    <p class='ocr_par' dir='ltr' id='par_1_38' title="bbox 733 2196 2314 2271">
     <span class='ocr_line' id='line_1_38' title="bbox 733 2196 2314 2271; baseline 0.004 -21"><span class='ocrx_word' id='word_1_282' title='bbox 733 2197 810 2250; x_wconf 91' lang='lat' dir='ltr'><strong>ita</strong></span> <span class='ocrx_word' id='word_1_283' title='bbox 836 2196 1354 2267; x_wconf 83' lang='lat' dir='ltr'><strong>scilicctloquatur,</strong></span> <span class='ocrx_word' id='word_1_284' title='bbox 1391 2198 1547 2266; x_wconf 75' lang='lat' dir='ltr'><strong>quasi</strong></span> <span class='ocrx_word' id='word_1_285' title='bbox 1580 2199 1723 2253; x_wconf 86' lang='lat' dir='ltr'><strong>Deus</strong></span> <span class='ocrx_word' id='word_1_286' title='bbox 1761 2199 1852 2253; x_wconf 89' lang='lat' dir='ltr'><strong>sit.</strong></span> <span class='ocrx_word' id='word_1_287' title='bbox 1888 2200 2101 2271; x_wconf 87' lang='lat' dir='ltr'><strong>Quippe</strong></span> <span class='ocrx_word' id='word_1_288' title='bbox 2137 2201 2182 2257; x_wconf 87' lang='lat' dir='ltr'><strong>si</strong></span> <span class='ocrx_word' id='word_1_289' title='bbox 2216 2203 2314 2257; x_wconf 89' lang='lat' dir='ltr'><strong>Dei</strong></span> 
     </span>
    </p>
   </div>
   <div class='ocr_carea' id='block_1_39' title="bbox 731 2289 2312 2363">
    <p class='ocr_par' dir='ltr' id='par_1_39' title="bbox 731 2289 2312 2363">
     <span class='ocr_line' id='line_1_39' title="bbox 731 2289 2312 2363; baseline 0.004 -20"><span class='ocrx_word' id='word_1_290' title='bbox 731 2298 982 2343; x_wconf 87' lang='lat' dir='ltr'><strong>creatum</strong></span> <span class='ocrx_word' id='word_1_291' title='bbox 1004 2298 1171 2353; x_wconf 83' lang='lat' dir='ltr'><strong>esset,</strong></span> <span class='ocrx_word' id='word_1_292' title='bbox 1201 2289 1347 2343; x_wconf 88' lang='lat' dir='ltr'><strong>etab</strong></span> <span class='ocrx_word' id='word_1_293' title='bbox 1377 2306 1441 2343; x_wconf 88' lang='lat' dir='ltr'><strong>eo</strong></span> <span class='ocrx_word' id='word_1_294' title='bbox 1469 2291 1690 2354; x_wconf 88' lang='lat' dir='ltr'><strong>missus,</strong></span> <span class='ocrx_word' id='word_1_295' title='bbox 1715 2294 1795 2347; x_wconf 83' lang='lat' dir='ltr'><strong>sic</strong></span> <span class='ocrx_word' id='word_1_296' title='bbox 1825 2293 1974 2363; x_wconf 83' lang='lat' dir='ltr'><strong>loqui</strong></span> <span class='ocrx_word' id='word_1_297' title='bbox 2002 2294 2271 2349; x_wconf 84' lang='lat' dir='ltr'><strong>debuerat</strong></span> <span class='ocrx_word' id='word_1_298' title='bbox 2299 2313 2312 2348; x_wconf 88' lang='lat'>:</span> 
     </span>
    </p>
   </div>
   <div class='ocr_carea' id='block_1_40' title="bbox 730 2381 2316 2453">
    <p class='ocr_par' dir='ltr' id='par_1_40' title="bbox 730 2381 2316 2453">
     <span class='ocr_line' id='line_1_40' title="bbox 730 2381 2316 2453; baseline 0.005 -18"><span class='ocrx_word' id='word_1_299' title='bbox 730 2381 880 2436; x_wconf 81' lang='lat' dir='ltr'><strong>Dixit.</strong></span> <span class='ocrx_word' id='word_1_300' title='bbox 914 2382 1203 2445; x_wconf 82' lang='lat' dir='ltr'><strong>Dominus,</strong></span> <span class='ocrx_word' id='word_1_301' title='bbox 1246 2382 1540 2453; x_wconf 76' lang='lat' dir='ltr'><strong>Segregate</strong></span> <span class='ocrx_word' id='word_1_302' title='bbox 1572 2384 1708 2439; x_wconf 87' lang='lat' dir='ltr'><strong>mibi</strong></span> <span class='ocrx_word' id='word_1_303' title='bbox 1760 2386 1991 2442; x_wconf 89' lang='lat' dir='ltr'><strong>Paulum</strong></span> <span class='ocrx_word' id='word_1_304' title='bbox 2026 2397 2083 2443; x_wconf 87' lang='lat' dir='ltr'><strong>et</strong></span> <span class='ocrx_word' id='word_1_305' title='bbox 2111 2388 2316 2444; x_wconf 85' lang='lat' dir='ltr'><strong>Barna-</strong></span> 
     </span>
    </p>
   </div>
   <div class='ocr_carea' id='block_1_41' title="bbox 732 2470 2317 2547">
    <p class='ocr_par' dir='ltr' id='par_1_41' title="bbox 732 2470 2317 2547">
     <span class='ocr_line' id='line_1_41' title="bbox 732 2470 2317 2547; baseline 0.006 -23"><span class='ocrx_word' id='word_1_306' title='bbox 732 2470 879 2525; x_wconf 81' lang='lat' dir='ltr'><strong>ham.</strong></span> <span class='ocrx_word' id='word_1_307' title='bbox 909 2470 1001 2524; x_wconf 84' lang='lat' dir='ltr'><strong>Sic</strong></span> <span class='ocrx_word' id='word_1_308' title='bbox 1045 2472 1191 2525; x_wconf 85' lang='lat' dir='ltr'><strong>enim</strong></span> <span class='ocrx_word' id='word_1_309' title='bbox 1242 2471 1463 2527; x_wconf 75' lang='lat' dir='ltr'><strong>Littera:</strong></span> <span class='ocrx_word' id='word_1_310' title='bbox 1486 2489 1657 2528; x_wconf 81' lang='lat' dir='ltr'><strong>sacra:</strong></span> <span class='ocrx_word' id='word_1_311' title='bbox 1687 2475 1837 2544; x_wconf 87' lang='lat' dir='ltr'><strong>loqui</strong></span> <span class='ocrx_word' id='word_1_312' title='bbox 1868 2476 2067 2539; x_wconf 83' lang='lat' dir='ltr'><strong>solent,</strong></span> <span class='ocrx_word' id='word_1_313' title='bbox 2097 2478 2317 2547; x_wconf 86' lang='lat' dir='ltr'><strong>quoties</strong></span> 
     </span>
    </p>
   </div>
   <div class='ocr_carea' id='block_1_42' title="bbox 734 2563 2315 2640">
    <p class='ocr_par' dir='ltr' id='par_1_42' title="bbox 734 2563 2315 2640">
     <span class='ocr_line' id='line_1_42' title="bbox 734 2563 2315 2640; baseline 0.007 -25"><span class='ocrx_word' id='word_1_314' title='bbox 734 2578 836 2632; x_wconf 81' lang='lat' dir='ltr'><strong>per</strong></span> <span class='ocrx_word' id='word_1_315' title='bbox 869 2563 1109 2632; x_wconf 81' lang='lat' dir='ltr'><strong>aliquem</strong></span> <span class='ocrx_word' id='word_1_316' title='bbox 1170 2564 1439 2619; x_wconf 86' lang='lat' dir='ltr'><strong>minorem</strong></span> <span class='ocrx_word' id='word_1_317' title='bbox 1492 2566 1757 2621; x_wconf 89' lang='lat' dir='ltr'><strong>Dominus</strong></span> <span class='ocrx_word' id='word_1_318' title='bbox 1801 2568 1969 2622; x_wconf 79' lang='lat' dir='ltr'><strong>verba</strong></span> <span class='ocrx_word' id='word_1_319' title='bbox 2014 2570 2164 2624; x_wconf 78' lang='lat' dir='ltr'><strong>facit.</strong></span> <span class='ocrx_word' id='word_1_320' title='bbox 2198 2571 2315 2640; x_wconf 84' lang='lat' dir='ltr'><strong>Ipse</strong></span> 
     </span>
    </p>
   </div>
   <div class='ocr_carea' id='block_1_43' title="bbox 725 2656 2316 2731">
    <p class='ocr_par' dir='ltr' id='par_1_43' title="bbox 725 2656 2316 2731">
     <span class='ocr_line' id='line_1_43' title="bbox 725 2656 2316 2731; baseline 0.004 -22"><span class='ocrx_word' id='word_1_321' title='bbox 725 2670 957 2724; x_wconf 78' lang='lat' dir='ltr'><strong>quoque</strong></span> <span class='ocrx_word' id='word_1_322' title='bbox 994 2656 1262 2711; x_wconf 77' lang='lat' dir='ltr'><strong>Dominus</strong></span> <span class='ocrx_word' id='word_1_323' title='bbox 1312 2657 1368 2710; x_wconf 89' lang='lat' dir='ltr'><strong>in</strong></span> <span class='ocrx_word' id='word_1_324' title='bbox 1409 2657 1724 2727; x_wconf 79' lang='lat' dir='ltr'><strong>Evangeliis</strong></span> <span class='ocrx_word' id='word_1_325' title='bbox 1769 2658 1849 2712; x_wconf 88' lang='lat' dir='ltr'><strong>ait</strong></span> <span class='ocrx_word' id='word_1_326' title='bbox 1894 2677 1906 2712; x_wconf 94' lang='lat'>:</span> <span class='ocrx_word' id='word_1_327' title='bbox 1944 2657 2174 2731; x_wconf 83' lang='lat' dir='ltr'><strong>Spiritus</strong></span> <span class='ocrx_word' id='word_1_328' title='bbox 2225 2661 2316 2715; x_wconf 84' lang='lat' dir='ltr'><strong>itte</strong></span> 
     </span>
    </p>
   </div>
   <div class='ocr_carea' id='block_1_44' title="bbox 727 2744 2316 2822">
    <p class='ocr_par' dir='ltr' id='par_1_44' title="bbox 727 2744 2316 2822">
     <span class='ocr_line' id='line_1_44' title="bbox 727 2744 2316 2822; baseline 0.005 -22"><span class='ocrx_word' id='word_1_329' title='bbox 727 2744 991 2809; x_wconf 61' lang='lat' dir='ltr'><strong>veritatis,</strong></span> <span class='ocrx_word' id='word_1_330' title='bbox 1025 2749 1112 2816; x_wconf 81' lang='lat' dir='ltr'><strong>qui</strong></span> <span class='ocrx_word' id='word_1_331' title='bbox 1137 2747 1203 2800; x_wconf 86' lang='lat' dir='ltr'><strong>de</strong></span> <span class='ocrx_word' id='word_1_332' title='bbox 1226 2748 1389 2801; x_wconf 80' lang='lat' dir='ltr'><strong>Patre</strong></span> <span class='ocrx_word' id='word_1_333' title='bbox 1414 2748 1646 2818; x_wconf 84' lang='lat' dir='ltr'><strong>procedit</strong></span> <span class='ocrx_word' id='word_1_334' title='bbox 1671 2749 1714 2780; x_wconf 82' lang='grc'><strong>³⁸</strong></span> <span class='ocrx_word' id='word_1_335' title='bbox 1738 2767 1750 2801; x_wconf 87' lang='lat'><strong>:</strong></span> <span class='ocrx_word' id='word_1_336' title='bbox 1777 2750 1882 2803; x_wconf 87' lang='lat' dir='ltr'><strong>hoc</strong></span> <span class='ocrx_word' id='word_1_337' title='bbox 1900 2759 2004 2815; x_wconf 87' lang='lat' dir='ltr'><strong>est,</strong></span> <span class='ocrx_word' id='word_1_338' title='bbox 2044 2753 2136 2822; x_wconf 89' lang='lat' dir='ltr'><strong>qui</strong></span> <span class='ocrx_word' id='word_1_339' title='bbox 2161 2763 2316 2808; x_wconf 84' lang='lat' dir='ltr'><strong>ortus</strong></span> 
     </span>
    </p>
   </div>
   <div class='ocr_carea' id='block_1_45' title="bbox 723 2838 2316 2911">
    <p class='ocr_par' dir='ltr' id='par_1_45' title="bbox 723 2838 2316 2911">
     <span class='ocr_line' id='line_1_45' title="bbox 723 2838 2316 2911; baseline 0.005 -18"><span class='ocrx_word' id='word_1_340' title='bbox 723 2838 913 2893; x_wconf 76' lang='lat' dir='ltr'><strong>estde</strong></span> <span class='ocrx_word' id='word_1_341' title='bbox 949 2838 1255 2893; x_wconf 87' lang='lat' dir='ltr'><strong>substantia</strong></span> <span class='ocrx_word' id='word_1_342' title='bbox 1301 2840 1420 2895; x_wconf 86' lang='lat' dir='ltr'><strong>Dei.</strong></span> <span class='ocrx_word' id='word_1_343' title='bbox 1457 2840 1738 2911; x_wconf 78' lang='lat' dir='ltr'><strong>Nusquam</strong></span> <span class='ocrx_word' id='word_1_344' title='bbox 1793 2843 1944 2897; x_wconf 89' lang='lat' dir='ltr'><strong>enim</strong></span> <span class='ocrx_word' id='word_1_345' title='bbox 2005 2844 2075 2899; x_wconf 89' lang='lat' dir='ltr'><strong>de</strong></span> <span class='ocrx_word' id='word_1_346' title='bbox 2127 2856 2316 2901; x_wconf 90' lang='lat' dir='ltr'><strong>creato</strong></span> 
     </span>
    </p>
   </div>
   <div class='ocr_carea' id='block_1_46' title="bbox 730 2928 2313 3000">
    <p class='ocr_par' dir='ltr' id='par_1_46' title="bbox 730 2928 2313 3000">
     <span class='ocr_line' id='line_1_46' title="bbox 730 2928 2313 3000; baseline 0.006 -19"><span class='ocrx_word' id='word_1_347' title='bbox 730 2928 963 2982; x_wconf 76' lang='lat' dir='ltr'><strong>verbum</strong></span> <span class='ocrx_word' id='word_1_348' title='bbox 1017 2929 1121 2983; x_wconf 72' lang='lat' dir='ltr'><strong>hor.</strong></span> <span class='ocrx_word' id='word_1_349' title='bbox 1168 2945 1468 3000; x_wconf 86' lang='lat' dir='ltr'><strong>usurpasse</strong></span> <span class='ocrx_word' id='word_1_350' title='bbox 1515 2931 1754 2985; x_wconf 88' lang='lat' dir='ltr'><strong>Litteras</strong></span> <span class='ocrx_word' id='word_1_351' title='bbox 1814 2948 2019 2999; x_wconf 91' lang='lat' dir='ltr'><strong>sacras,</strong></span> <span class='ocrx_word' id='word_1_352' title='bbox 2075 2944 2313 2990; x_wconf 89' lang='lat' dir='ltr'><strong>constat.</strong></span> 
     </span>
    </p>
   </div>
   <div class='ocr_carea' id='block_1_47' title="bbox 730 3020 2315 3097">
    <p class='ocr_par' dir='ltr' id='par_1_47' title="bbox 730 3020 2315 3097">
     <span class='ocr_line' id='line_1_47' title="bbox 730 3020 2315 3097; baseline 0.006 -24"><span class='ocrx_word' id='word_1_353' title='bbox 730 3020 949 3074; x_wconf 80' lang='lat' dir='ltr'><strong>Rursus</strong></span> <span class='ocrx_word' id='word_1_354' title='bbox 984 3021 1112 3074; x_wconf 80' lang='lat' dir='ltr'><strong>alibi</strong></span> <span class='ocrx_word' id='word_1_355' title='bbox 1161 3021 1426 3076; x_wconf 88' lang='lat' dir='ltr'><strong>Dominus</strong></span> <span class='ocrx_word' id='word_1_356' title='bbox 1468 3023 1545 3077; x_wconf 89' lang='lat' dir='ltr'><strong>ait</strong></span> <span class='ocrx_word' id='word_1_357' title='bbox 1582 3041 1595 3076; x_wconf 88' lang='lat'><strong>:</strong></span> <span class='ocrx_word' id='word_1_358' title='bbox 1629 3022 1861 3094; x_wconf 75' lang='lat' dir='ltr'><strong>Profecti</strong></span> <span class='ocrx_word' id='word_1_359' title='bbox 1916 3026 2093 3081; x_wconf 83' lang='lat' dir='ltr'><strong>docete</strong></span> <span class='ocrx_word' id='word_1_360' title='bbox 2138 3037 2315 3097; x_wconf 77' lang='lat' dir='ltr'><strong>gentes</strong></span> 
     </span>
    </p>
   </div>
   <div class='ocr_carea' id='block_1_48' title="bbox 733 3106 2314 3180">
    <p class='ocr_par' dir='ltr' id='par_1_48' title="bbox 733 3106 2314 3180">
     <span class='ocr_line' id='line_1_48' title="bbox 733 3106 2314 3180; baseline 0.011 -25"><span class='ocrx_word' id='word_1_361' title='bbox 733 3106 1376 3178; x_wconf 57' lang='lat' dir='ltr'><strong>universus,baptizantes</strong></span> <span class='ocrx_word' id='word_1_362' title='bbox 1399 3126 1484 3162; x_wconf 86' lang='lat' dir='ltr'><strong>eos</strong></span> <span class='ocrx_word' id='word_1_363' title='bbox 1502 3112 1555 3164; x_wconf 89' lang='lat' dir='ltr'><strong>in</strong></span> <span class='ocrx_word' id='word_1_364' title='bbox 1581 3113 1790 3167; x_wconf 84' lang='lat' dir='ltr'><strong>nomine</strong></span> <span class='ocrx_word' id='word_1_365' title='bbox 1811 3112 2012 3180; x_wconf 86' lang='lat' dir='ltr'><strong>Patris,</strong></span> <span class='ocrx_word' id='word_1_366' title='bbox 2033 3124 2081 3168; x_wconf 80' lang='lat' dir='ltr'><strong>et</strong></span> <span class='ocrx_word' id='word_1_367' title='bbox 2100 3116 2243 3180; x_wconf 79' lang='lat' dir='ltr'><strong>Filii,</strong></span> <span class='ocrx_word' id='word_1_368' title='bbox 2268 3128 2314 3172; x_wconf 87' lang='lat' dir='ltr'><strong>et</strong></span> 
     </span>
    </p>
   </div>
   <div class='ocr_carea' id='block_1_49' title="bbox 2414 2024 4015 2103">
    <p class='ocr_par' dir='ltr' id='par_1_49' title="bbox 2414 2024 4015 2103">
     <span class='ocr_line' id='line_1_49' title="bbox 2414 2024 4015 2103; baseline 0.007 -27"><span class='ocrx_word' id='word_1_369' title='bbox 2414 2024 2926 2094; x_wconf 72' lang='grc' dir='ltr'>λειτουργούντων</span> <span class='ocrx_word' id='word_1_370' title='bbox 2978 2027 3059 2095; x_wconf 85' lang='grc' dir='ltr'>τῷ</span> <span class='ocrx_word' id='word_1_371' title='bbox 3105 2031 3321 2098; x_wconf 81' lang='grc' dir='ltr'><strong>Κυρίῳ,</strong></span> <span class='ocrx_word' id='word_1_372' title='bbox 3365 2029 3497 2086; x_wconf 71' lang='grc' dir='ltr'>εἶπε</span> <span class='ocrx_word' id='word_1_373' title='bbox 3526 2033 3593 2087; x_wconf 85' lang='grc' dir='ltr'>τὸ</span> <span class='ocrx_word' id='word_1_374' title='bbox 3646 2033 3893 2103; x_wconf 80' lang='grc' dir='ltr'><strong>Πνεῦμα</strong></span> <span class='ocrx_word' id='word_1_375' title='bbox 3939 2034 4015 2087; x_wconf 79' lang='grc' dir='ltr'>τὸ</span> 
     </span>
    </p>
   </div>
   <div class='ocr_carea' id='block_1_50' title="bbox 2418 2114 4012 2191">
    <p class='ocr_par' dir='ltr' id='par_1_50' title="bbox 2418 2114 4012 2191">
     <span class='ocr_line' id='line_1_50' title="bbox 2418 2114 4012 2191; baseline 0.007 -21"><span class='ocrx_word' id='word_1_376' title='bbox 2418 2114 2592 2185; x_wconf 76' lang='grc' dir='ltr'>ἄτιον</span> <span class='ocrx_word' id='word_1_377' title='bbox 2621 2133 2633 2144; x_wconf 89' lang='grc'><strong>·</strong></span> <span class='ocrx_word' id='word_1_378' title='bbox 2687 2119 3042 2188; x_wconf 64' lang='grc' dir='ltr'>Ἀφορίσατε</span> <span class='ocrx_word' id='word_1_379' title='bbox 3066 2140 3171 2190; x_wconf 82' lang='grc' dir='ltr'><strong>μοι</strong></span> <span class='ocrx_word' id='word_1_380' title='bbox 3198 2125 3310 2177; x_wconf 86' lang='grc' dir='ltr'>τόν</span> <span class='ocrx_word' id='word_1_381' title='bbox 3341 2141 3405 2179; x_wconf 77' lang='grc' dir='ltr'><strong>τε</strong></span> <span class='ocrx_word' id='word_1_382' title='bbox 3436 2125 3684 2180; x_wconf 65' lang='grc' dir='ltr'>Παῦλον</span> <span class='ocrx_word' id='word_1_383' title='bbox 3705 2168 3721 2191; x_wconf 90' lang='grc'><strong>,</strong></span> <span class='ocrx_word' id='word_1_384' title='bbox 3757 2127 3858 2181; x_wconf 71' lang='grc' dir='ltr'>καὶ</span> <span class='ocrx_word' id='word_1_385' title='bbox 3902 2128 4012 2181; x_wconf 76' lang='grc' dir='ltr'>τὸν</span> 
     </span>
    </p>
   </div>
   <div class='ocr_carea' id='block_1_51' title="bbox 2419 2209 4010 2288">
    <p class='ocr_par' dir='ltr' id='par_1_51' title="bbox 2419 2209 4010 2288">
     <span class='ocr_line' id='line_1_51' title="bbox 2419 2209 4010 2288; baseline 0.008 -26"><span class='ocrx_word' id='word_1_386' title='bbox 2419 2209 2739 2276; x_wconf 76' lang='grc' dir='ltr'>Βαρνάϐαν</span> <span class='ocrx_word' id='word_1_387' title='bbox 2758 2250 2772 2273; x_wconf 86' lang='grc'><strong>,</strong></span> <span class='ocrx_word' id='word_1_388' title='bbox 2806 2215 2894 2278; x_wconf 82' lang='grc' dir='ltr'>εις</span> <span class='ocrx_word' id='word_1_389' title='bbox 2923 2214 2988 2267; x_wconf 81' lang='grc' dir='ltr'>τὸ</span> <span class='ocrx_word' id='word_1_390' title='bbox 3014 2215 3195 2285; x_wconf 75' lang='grc' dir='ltr'>ἔργον</span> <span class='ocrx_word' id='word_1_391' title='bbox 3221 2216 3254 2270; x_wconf 82' lang='grc' dir='ltr'><strong><em>ὃ</em></strong></span> <span class='ocrx_word' id='word_1_392' title='bbox 3278 2219 3732 2288; x_wconf 75' lang='grc' dir='ltr'><strong>προσκέκλημαι</strong></span> <span class='ocrx_word' id='word_1_393' title='bbox 3759 2224 4010 2288; x_wconf 82' lang='grc' dir='ltr'>αὐτούς.</span> 
     </span>
    </p>
   </div>
   <div class='ocr_carea' id='block_1_52' title="bbox 2423 2303 4013 2382">
    <p class='ocr_par' dir='ltr' id='par_1_52' title="bbox 2423 2303 4013 2382">
     <span class='ocr_line' id='line_1_52' title="bbox 2423 2303 4013 2382; baseline 0.009 -28"><span class='ocrx_word' id='word_1_394' title='bbox 2423 2303 2633 2368; x_wconf 80' lang='grc' dir='ltr'>Ἐδειξε</span> <span class='ocrx_word' id='word_1_395' title='bbox 2666 2305 2778 2376; x_wconf 74' lang='grc' dir='ltr'>γὰρ</span> <span class='ocrx_word' id='word_1_396' title='bbox 2808 2306 2896 2360; x_wconf 68' lang='grc' dir='ltr'>διὰ</span> <span class='ocrx_word' id='word_1_397' title='bbox 2926 2307 3039 2373; x_wconf 90' lang='grc' dir='ltr'>τοῦ,</span> <span class='ocrx_word' id='word_1_398' title='bbox 3071 2310 3451 2379; x_wconf 64' lang='grc' dir='ltr'>Ἀφορίσατε,</span> <span class='ocrx_word' id='word_1_399' title='bbox 3479 2313 3580 2382; x_wconf 81' lang='grc' dir='ltr'>τὴν</span> <span class='ocrx_word' id='word_1_400' title='bbox 3608 2312 3817 2368; x_wconf 78' lang='grc' dir='ltr'>οἰκείαν</span> <span class='ocrx_word' id='word_1_401' title='bbox 3855 2314 4013 2379; x_wconf 71' lang='grc' dir='ltr'><strong>ἐξου-</strong></span> 
     </span>
    </p>
   </div>
   <div class='ocr_carea' id='block_1_53' title="bbox 2420 2394 4014 2477">
    <p class='ocr_par' dir='ltr' id='par_1_53' title="bbox 2420 2394 4014 2477">
     <span class='ocr_line' id='line_1_53' title="bbox 2420 2394 4014 2477; baseline 0.008 -31"><span class='ocrx_word' id='word_1_402' title='bbox 2420 2394 2567 2459; x_wconf 82' lang='grc' dir='ltr'>σίαν,</span> <span class='ocrx_word' id='word_1_403' title='bbox 2598 2396 2683 2449; x_wconf 79' lang='grc' dir='ltr'>ὅτι</span> <span class='ocrx_word' id='word_1_404' title='bbox 2720 2397 2792 2459; x_wconf 85' lang='grc' dir='ltr'>ὡς</span> <span class='ocrx_word' id='word_1_405' title='bbox 2829 2399 2992 2463; x_wconf 75' lang='grc' dir='ltr'>αὐτὸς</span> <span class='ocrx_word' id='word_1_406' title='bbox 3015 2398 3091 2452; x_wconf 83' lang='grc' dir='ltr'>ὢν</span> <span class='ocrx_word' id='word_1_407' title='bbox 3122 2401 3254 2465; x_wconf 83' lang='grc' dir='ltr'><strong>Θεὸς</strong></span> <span class='ocrx_word' id='word_1_408' title='bbox 3287 2403 3614 2472; x_wconf 80' lang='grc' dir='ltr'>διαλέγεται.</span> <span class='ocrx_word' id='word_1_409' title='bbox 3650 2407 3713 2459; x_wconf 81' lang='lat' dir='ltr'><strong>Et</strong></span> <span class='ocrx_word' id='word_1_410' title='bbox 3747 2406 3861 2477; x_wconf 75' lang='grc' dir='ltr'><strong>γὰρ</strong></span> <span class='ocrx_word' id='word_1_411' title='bbox 3890 2407 4014 2459; x_wconf 77' lang='grc' dir='ltr'>κτε-</span> 
     </span>
    </p>
   </div>
   <div class='ocr_carea' id='block_1_54' title="bbox 2420 2483 4017 2569">
    <p class='ocr_par' dir='ltr' id='par_1_54' title="bbox 2420 2483 4017 2569">
     <span class='ocr_line' id='line_1_54' title="bbox 2420 2483 4017 2569; baseline 0.008 -31"><span class='ocrx_word' id='word_1_412' title='bbox 2420 2504 2533 2556; x_wconf 85' lang='grc' dir='ltr'><strong>σμα</strong></span> <span class='ocrx_word' id='word_1_413' title='bbox 2564 2483 2630 2559; x_wconf 78' lang='grc' dir='ltr'>ἦν</span> <span class='ocrx_word' id='word_1_414' title='bbox 2667 2489 2827 2555; x_wconf 79' lang='grc' dir='ltr'>Θεοῦ,</span> <span class='ocrx_word' id='word_1_415' title='bbox 2854 2491 2947 2543; x_wconf 78' lang='grc' dir='ltr'>καὶ</span> <span class='ocrx_word' id='word_1_416' title='bbox 2985 2493 3079 2546; x_wconf 78' lang='grc' dir='ltr'><strong>ἀπ’</strong></span> <span class='ocrx_word' id='word_1_417' title='bbox 3107 2494 3274 2547; x_wconf 81' lang='grc' dir='ltr'>αὐτοῦ</span> <span class='ocrx_word' id='word_1_418' title='bbox 3301 2496 3735 2567; x_wconf 74' lang='grc' dir='ltr'>ἀπεσταλμένον,</span> <span class='ocrx_word' id='word_1_419' title='bbox 3770 2495 3917 2569; x_wconf 79' lang='grc' dir='ltr'>εἶχεν</span> <span class='ocrx_word' id='word_1_420' title='bbox 3944 2499 4017 2552; x_wconf 76' lang='grc' dir='ltr'>ἂν</span> 
     </span>
    </p>
   </div>
   <div class='ocr_carea' id='block_1_55' title="bbox 2418 2577 4017 2657">
    <p class='ocr_par' dir='ltr' id='par_1_55' title="bbox 2418 2577 4017 2657">
     <span class='ocr_line' id='line_1_55' title="bbox 2418 2577 4017 2657; baseline 0.008 -29"><span class='ocrx_word' id='word_1_421' title='bbox 2418 2578 2624 2643; x_wconf 80' lang='grc' dir='ltr'>εἰπεῖν,</span> <span class='ocrx_word' id='word_1_422' title='bbox 2665 2579 2745 2632; x_wconf 82' lang='grc' dir='ltr'>ὄτι</span> <span class='ocrx_word' id='word_1_423' title='bbox 2786 2577 2951 2632; x_wconf 77' lang='grc' dir='ltr'>Εἶπεν</span> <span class='ocrx_word' id='word_1_424' title='bbox 2980 2584 3009 2634; x_wconf 88' lang='grc' dir='ltr'>ὁ</span> <span class='ocrx_word' id='word_1_425' title='bbox 3038 2581 3261 2651; x_wconf 83' lang='grc' dir='ltr'>Κύριος,</span> <span class='ocrx_word' id='word_1_426' title='bbox 3317 2583 3645 2657; x_wconf 64' lang='grc' dir='ltr'>Ἀφορίσατε</span> <span class='ocrx_word' id='word_1_427' title='bbox 3694 2604 3786 2657; x_wconf 79' lang='grc' dir='ltr'><strong>μοι</strong></span> <span class='ocrx_word' id='word_1_428' title='bbox 3824 2587 3919 2641; x_wconf 82' lang='grc' dir='ltr'>τόν</span> <span class='ocrx_word' id='word_1_429' title='bbox 3950 2605 4017 2641; x_wconf 81' lang='grc' dir='ltr'><strong>τε</strong></span> 
     </span>
    </p>
   </div>
   <div class='ocr_carea' id='block_1_56' title="bbox 2419 2670 4015 2750">
    <p class='ocr_par' dir='ltr' id='par_1_56' title="bbox 2419 2670 4015 2750">
     <span class='ocr_line' id='line_1_56' title="bbox 2419 2670 4015 2750; baseline 0.008 -27"><span class='ocrx_word' id='word_1_430' title='bbox 2419 2670 2629 2724; x_wconf 85' lang='grc' dir='ltr'>Παῦλον</span> <span class='ocrx_word' id='word_1_431' title='bbox 2666 2675 2758 2725; x_wconf 75' lang='grc' dir='ltr'>καὶ</span> <span class='ocrx_word' id='word_1_432' title='bbox 2787 2673 3095 2744; x_wconf 83' lang='grc' dir='ltr'>Βαρνάϐαν.</span> <span class='ocrx_word' id='word_1_433' title='bbox 3126 2674 3284 2729; x_wconf 77' lang='grc' dir='ltr'>Οὕτω</span> <span class='ocrx_word' id='word_1_434' title='bbox 3320 2679 3430 2747; x_wconf 72' lang='grc' dir='ltr'><strong>γὰρ</strong></span> <span class='ocrx_word' id='word_1_435' title='bbox 3454 2681 3487 2749; x_wconf 78' lang='grc' dir='ltr'>ἡ</span> <span class='ocrx_word' id='word_1_436' title='bbox 3511 2680 3640 2747; x_wconf 82' lang='grc' dir='ltr'>ἁγία</span> <span class='ocrx_word' id='word_1_437' title='bbox 3673 2681 3866 2750; x_wconf 78' lang='grc' dir='ltr'>Γραφὴ</span> <span class='ocrx_word' id='word_1_438' title='bbox 3889 2682 4015 2734; x_wconf 79' lang='grc' dir='ltr'>εἶω·</span> 
     </span>
    </p>
   </div>
   <div class='ocr_carea' id='block_1_57' title="bbox 2417 2761 4015 2844">
    <p class='ocr_par' dir='ltr' id='par_1_57' title="bbox 2417 2761 4015 2844">
     <span class='ocr_line' id='line_1_57' title="bbox 2417 2761 4015 2844; baseline 0.008 -29"><span class='ocrx_word' id='word_1_439' title='bbox 2417 2761 2477 2815; x_wconf 83' lang='grc' dir='ltr'>θε</span> <span class='ocrx_word' id='word_1_440' title='bbox 2509 2763 2710 2830; x_wconf 77' lang='grc' dir='ltr'>λέγειν,</span> <span class='ocrx_word' id='word_1_441' title='bbox 2742 2765 2830 2819; x_wconf 79' lang='grc' dir='ltr'>ὅτε</span> <span class='ocrx_word' id='word_1_442' title='bbox 2864 2766 2954 2820; x_wconf 82' lang='grc' dir='ltr'>διὰ</span> <span class='ocrx_word' id='word_1_443' title='bbox 2985 2785 3129 2831; x_wconf 77' lang='grc' dir='ltr'>τινος</span> <span class='ocrx_word' id='word_1_444' title='bbox 3169 2768 3452 2835; x_wconf 76' lang='grc' dir='ltr'>ἐλάττονος</span> <span class='ocrx_word' id='word_1_445' title='bbox 3482 2776 3719 2826; x_wconf 72' lang='grc' dir='ltr'>ποιεῖται</span> <span class='ocrx_word' id='word_1_446' title='bbox 3747 2776 3777 2827; x_wconf 77' lang='grc' dir='ltr'><strong>δ</strong></span> <span class='ocrx_word' id='word_1_447' title='bbox 3802 2775 4015 2844; x_wconf 67' lang='grc' dir='ltr'>Κύριος</span> 
     </span>
    </p>
   </div>
   <div class='ocr_carea' id='block_1_58' title="bbox 2417 2854 4012 2935">
    <p class='ocr_par' dir='ltr' id='par_1_58' title="bbox 2417 2854 4012 2935">
     <span class='ocr_line' id='line_1_58' title="bbox 2417 2854 4012 2935; baseline 0.009 -28"><span class='ocrx_word' id='word_1_448' title='bbox 2417 2854 2509 2907; x_wconf 81' lang='grc' dir='ltr'>τὸν</span> <span class='ocrx_word' id='word_1_449' title='bbox 2531 2855 2708 2922; x_wconf 71' lang='grc' dir='ltr'>λόγον.</span> <span class='ocrx_word' id='word_1_450' title='bbox 2739 2858 2847 2910; x_wconf 76' lang='grc' dir='ltr'><strong>Καὶ</strong></span> <span class='ocrx_word' id='word_1_451' title='bbox 2870 2861 2898 2911; x_wconf 86' lang='grc' dir='ltr'>ὁ</span> <span class='ocrx_word' id='word_1_452' title='bbox 2925 2860 3127 2929; x_wconf 81' lang='grc' dir='ltr'>Κύριος</span> <span class='ocrx_word' id='word_1_453' title='bbox 3150 2862 3208 2915; x_wconf 80' lang='grc' dir='ltr'>δέ</span> <span class='ocrx_word' id='word_1_454' title='bbox 3231 2880 3394 2934; x_wconf 80' lang='grc' dir='ltr'>φησιν</span> <span class='ocrx_word' id='word_1_455' title='bbox 3410 2866 3469 2917; x_wconf 80' lang='grc' dir='ltr'>ἐν</span> <span class='ocrx_word' id='word_1_456' title='bbox 3493 2867 3603 2928; x_wconf 83' lang='grc' dir='ltr'>τοῖς</span> <span class='ocrx_word' id='word_1_457' title='bbox 3629 2866 4012 2935; x_wconf 76' lang='grc' dir='ltr'>Εὑαγγελίοις·</span> 
     </span>
    </p>
   </div>
   <div class='ocr_carea' id='block_1_59' title="bbox 2424 2946 4016 3028">
    <p class='ocr_par' dir='ltr' id='par_1_59' title="bbox 2424 2946 4016 3028">
     <span class='ocr_line' id='line_1_59' title="bbox 2424 2946 4016 3028; baseline 0.009 -26"><span class='ocrx_word' id='word_1_458' title='bbox 2424 2946 2494 3002; x_wconf 79' lang='grc' dir='ltr'><strong>Τὸ</strong></span> <span class='ocrx_word' id='word_1_459' title='bbox 2536 2948 2779 3017; x_wconf 78' lang='grc' dir='ltr'>Πνεῦμα</span> <span class='ocrx_word' id='word_1_460' title='bbox 2830 2948 2941 3018; x_wconf 82' lang='grc' dir='ltr'>τῆς</span> <span class='ocrx_word' id='word_1_461' title='bbox 2979 2953 3286 3021; x_wconf 70' lang='grc' dir='ltr'>ἀληθείας,</span> <span class='ocrx_word' id='word_1_462' title='bbox 3331 2957 3364 3010; x_wconf 83' lang='grc' dir='ltr'><strong>ὃ</strong></span> <span class='ocrx_word' id='word_1_463' title='bbox 3411 2958 3571 3027; x_wconf 73' lang='grc' dir='ltr'>παρὰ</span> <span class='ocrx_word' id='word_1_464' title='bbox 3615 2959 3723 3014; x_wconf 79' lang='grc' dir='ltr'><strong>τοῦ</strong></span> <span class='ocrx_word' id='word_1_465' title='bbox 3776 2964 4016 3028; x_wconf 75' lang='grc' dir='ltr'>Πατρές</span> 
     </span>
    </p>
   </div>
   <div class='ocr_carea' id='block_1_60' title="bbox 2418 3037 4013 3118">
    <p class='ocr_par' dir='ltr' id='par_1_60' title="bbox 2418 3037 4013 3118">
     <span class='ocr_line' id='line_1_60' title="bbox 2418 3037 4013 3118; baseline 0.013 -30"><span class='ocrx_word' id='word_1_466' title='bbox 2418 3037 2810 3106; x_wconf 78' lang='grc' dir='ltr'><strong>ἐκπορεύεται</strong></span> <span class='ocrx_word' id='word_1_467' title='bbox 2845 3058 2862 3072; x_wconf 84' lang='grc'>·</span> <span class='ocrx_word' id='word_1_468' title='bbox 2894 3042 2922 3094; x_wconf 78' lang='grc' dir='ltr'><strong>ὃ</strong></span> <span class='ocrx_word' id='word_1_469' title='bbox 2950 3043 3197 3116; x_wconf 72' lang='grc' dir='ltr'>γέννημα</span> <span class='ocrx_word' id='word_1_470' title='bbox 3242 3048 3357 3101; x_wconf 75' lang='grc' dir='ltr'>ἐστι</span> <span class='ocrx_word' id='word_1_471' title='bbox 3385 3050 3485 3118; x_wconf 76' lang='grc' dir='ltr'>τῆς</span> <span class='ocrx_word' id='word_1_472' title='bbox 3510 3050 3697 3116; x_wconf 75' lang='grc' dir='ltr'>οὐσίας</span> <span class='ocrx_word' id='word_1_473' title='bbox 3722 3052 3819 3105; x_wconf 87' lang='grc' dir='ltr'><strong>τοῦ</strong></span> <span class='ocrx_word' id='word_1_474' title='bbox 3850 3053 4013 3109; x_wconf 85' lang='grc' dir='ltr'>Θεοῦ.</span> 
     </span>
    </p>
   </div>
   <div class='ocr_carea' id='block_1_61' title="bbox 2420 3128 4014 3218">
    <p class='ocr_par' dir='ltr' id='par_1_61' title="bbox 2420 3128 4014 3218">
     <span class='ocr_line' id='line_1_61' title="bbox 2420 3128 4014 3218; baseline 0.013 -37"><span class='ocrx_word' id='word_1_475' title='bbox 2420 3128 2672 3199; x_wconf 78' lang='grc' dir='ltr'>Οῦδαμοῦ</span> <span class='ocrx_word' id='word_1_476' title='bbox 2705 3132 2814 3204; x_wconf 81' lang='grc' dir='ltr'><strong>γὰρ</strong></span> <span class='ocrx_word' id='word_1_477' title='bbox 2838 3135 2927 3185; x_wconf 69' lang='grc' dir='ltr'><strong>ἐπὶ</strong></span> <span class='ocrx_word' id='word_1_478' title='bbox 2955 3130 3257 3207; x_wconf 74' lang='grc' dir='ltr'>κτίσματος</span> <span class='ocrx_word' id='word_1_479' title='bbox 3285 3142 3536 3209; x_wconf 71' lang='grc' dir='ltr'>φαίνεται</span> <span class='ocrx_word' id='word_1_480' title='bbox 3558 3142 3716 3197; x_wconf 80' lang='grc' dir='ltr'>τοῦτο</span> <span class='ocrx_word' id='word_1_481' title='bbox 3749 3147 3905 3218; x_wconf 81' lang='grc' dir='ltr'>ῥῆμα</span> <span class='ocrx_word' id='word_1_482' title='bbox 3925 3147 4014 3200; x_wconf 79' lang='grc' dir='ltr'><strong>λέ-</strong></span> 
     </span>
    </p>
   </div>
   <div class='ocr_carea' id='block_1_62' title="bbox 731 3196 2317 3305">
    <p class='ocr_par' dir='ltr' id='par_1_62' title="bbox 731 3196 2314 3272">
     <span class='ocr_line' id='line_1_62' title="bbox 731 3196 2314 3272; baseline 0.009 -22"><span class='ocrx_word' id='word_1_483' title='bbox 731 3196 963 3265; x_wconf 75' lang='lat' dir='ltr'><strong>Spiritus</strong></span> <span class='ocrx_word' id='word_1_484' title='bbox 984 3201 1242 3255; x_wconf 75' lang='lat' dir='ltr'><strong>sancti“.</strong></span> <span class='ocrx_word' id='word_1_485' title='bbox 1266 3200 1423 3268; x_wconf 86' lang='lat' dir='ltr'><strong>Quod</strong></span> <span class='ocrx_word' id='word_1_486' title='bbox 1453 3202 1499 3256; x_wconf 89' lang='lat' dir='ltr'><strong>si</strong></span> <span class='ocrx_word' id='word_1_487' title='bbox 1536 3201 1778 3272; x_wconf 89' lang='lat' dir='ltr'><strong>Spiritus</strong></span> <span class='ocrx_word' id='word_1_488' title='bbox 1806 3216 2032 3261; x_wconf 89' lang='lat' dir='ltr'><strong>sanctus</strong></span> <span class='ocrx_word' id='word_1_489' title='bbox 2064 3219 2314 3265; x_wconf 89' lang='lat' dir='ltr'><strong>creatum</strong></span> 
     </span>
    </p>
   </div>
   <div class='ocr_carea' id='block_1_63' title="bbox 2419 3196 4015 3305">
    <p class='ocr_par' dir='ltr' id='par_1_63' title="bbox 2419 3196 4015 3305">
     <span class='ocr_line' id='line_1_63' title="bbox 2419 3196 4015 3305; baseline 0.014 -34"><span class='ocrx_word' id='word_1_490' title='bbox 2419 3196 2591 3288; x_wconf 79' lang='grc' dir='ltr'>γουσα</span> <span class='ocrx_word' id='word_1_491' title='bbox 2617 3224 2650 3291; x_wconf 87' lang='grc' dir='ltr'><strong>ἡ</strong></span> <span class='ocrx_word' id='word_1_492' title='bbox 2704 3196 2833 3290; x_wconf 51' lang='lat' dir='ltr'><strong>aria</strong></span> <span class='ocrx_word' id='word_1_493' title='bbox 2860 3196 3099 3298; x_wconf 48' lang='grc' dir='ltr'><strong>Γραφῇ..</strong></span> <span class='ocrx_word' id='word_1_494' title='bbox 3119 3196 3374 3286; x_wconf 53' lang='grc' dir='ltr'>Πάλινέν</span> <span class='ocrx_word' id='word_1_495' title='bbox 3398 3234 3607 3305; x_wconf 77' lang='grc' dir='ltr'>ἑτέροις</span> <span class='ocrx_word' id='word_1_496' title='bbox 3649 3196 4015 3305; x_wconf 39' lang='lat' dir='ltr'><strong>132;}de-</strong></span> 
     </span>
    </p>
   </div>
   <div class='ocr_carea' id='block_1_64' title="bbox 730 3295 2315 3369">
    <p class='ocr_par' dir='ltr' id='par_1_64' title="bbox 730 3295 2315 3369">
     <span class='ocr_line' id='line_1_64' title="bbox 730 3295 2315 3369; baseline 0.011 -28"><span class='ocrx_word' id='word_1_497' title='bbox 730 3300 898 3355; x_wconf 82' lang='lat' dir='ltr'><strong>c5set,</strong></span> <span class='ocrx_word' id='word_1_498' title='bbox 930 3307 1041 3346; x_wconf 88' lang='lat' dir='ltr'><strong>non</strong></span> <span class='ocrx_word' id='word_1_499' title='bbox 1071 3309 1198 3348; x_wconf 87' lang='lat' dir='ltr'><strong>cum</strong></span> <span class='ocrx_word' id='word_1_500' title='bbox 1227 3295 1489 3349; x_wconf 88' lang='lat' dir='ltr'><strong>increatis</strong></span> <span class='ocrx_word' id='word_1_501' title='bbox 1528 3310 1961 3353; x_wconf 86' lang='lat' dir='ltr'><strong>connumeratus</strong></span> <span class='ocrx_word' id='word_1_502' title='bbox 1988 3299 2204 3369; x_wconf 88' lang='lat' dir='ltr'><strong>fuisset,</strong></span> <span class='ocrx_word' id='word_1_503' title='bbox 2236 3306 2315 3361; x_wconf 89' lang='lat' dir='ltr'><strong>uti</strong></span> 
     </span>
    </p>
   </div>
   <div class='ocr_carea' id='block_1_65' title="bbox 732 3384 2138 3459">
    <p class='ocr_par' dir='ltr' id='par_1_65' title="bbox 732 3384 2138 3459">
     <span class='ocr_line' id='line_1_65' title="bbox 732 3384 2138 3459; baseline 0.006 -22"><span class='ocrx_word' id='word_1_504' title='bbox 732 3397 858 3437; x_wconf 88' lang='lat' dir='ltr'><strong>cum</strong></span> <span class='ocrx_word' id='word_1_505' title='bbox 893 3384 975 3439; x_wconf 89' lang='lat' dir='ltr'><strong>eis</strong></span> <span class='ocrx_word' id='word_1_506' title='bbox 1001 3387 1289 3452; x_wconf 84' lang='lat' dir='ltr'><strong>adoretur,</strong></span> <span class='ocrx_word' id='word_1_507' title='bbox 1319 3398 1375 3442; x_wconf 89' lang='lat' dir='ltr'><strong>ct</strong></span> <span class='ocrx_word' id='word_1_508' title='bbox 1407 3388 1600 3441; x_wconf 85' lang='lat' dir='ltr'><strong>eadem</strong></span> <span class='ocrx_word' id='word_1_509' title='bbox 1635 3389 1809 3459; x_wconf 77' lang='lat' dir='ltr'><strong>gloria</strong></span> <span class='ocrx_word' id='word_1_510' title='bbox 1842 3389 2138 3446; x_wconf 81' lang='lat' dir='ltr'><strong>afﬁciatur.</strong></span> 
     </span>
    </p>
   </div>
   <div class='ocr_carea' id='block_1_66' title="bbox 731 3474 3456 3569">
    <p class='ocr_par' dir='ltr' id='par_1_66' title="bbox 731 3474 3456 3569">
     <span class='ocr_line' id='line_1_66' title="bbox 731 3474 3456 3569; baseline 0.011 -42"><span class='ocrx_word' id='word_1_511' title='bbox 731 3474 839 3528; x_wconf 84' lang='grc' dir='ltr'><strong>τοῦ</strong></span> <span class='ocrx_word' id='word_1_512' title='bbox 897 3478 1052 3542; x_wconf 82' lang='grc' dir='ltr'>Υιοῦ,</span> <span class='ocrx_word' id='word_1_513' title='bbox 1100 3479 1200 3532; x_wconf 80' lang='grc' dir='ltr'>καὶ</span> <span class='ocrx_word' id='word_1_514' title='bbox 1250 3479 1355 3533; x_wconf 83' lang='grc' dir='ltr'><strong>τοῦ</strong></span> <span class='ocrx_word' id='word_1_515' title='bbox 1423 3481 1598 3547; x_wconf 69' lang='grc' dir='ltr'>ἁγίου</span> <span class='ocrx_word' id='word_1_516' title='bbox 1632 3483 1996 3549; x_wconf 83' lang='grc' dir='ltr'>Πνεύματος.</span> <span class='ocrx_word' id='word_1_517' title='bbox 2028 3484 2090 3536; x_wconf 75' lang='grc' dir='ltr'><strong>ΕΞ</strong></span> <span class='ocrx_word' id='word_1_518' title='bbox 2143 3486 2250 3558; x_wconf 76' lang='grc' dir='ltr'><strong>γὰρ</strong></span> <span class='ocrx_word' id='word_1_519' title='bbox 2288 3484 2357 3560; x_wconf 72' lang='grc' dir='ltr'>ἦν</span> <span class='ocrx_word' id='word_1_520' title='bbox 2396 3492 2602 3562; x_wconf 71' lang='grc' dir='ltr'>κτίσμα</span> <span class='ocrx_word' id='word_1_521' title='bbox 2647 3494 2709 3547; x_wconf 81' lang='grc' dir='ltr'>τὸ</span> <span class='ocrx_word' id='word_1_522' title='bbox 2770 3495 2994 3567; x_wconf 83' lang='grc' dir='ltr'>Πνεῦμα</span> <span class='ocrx_word' id='word_1_523' title='bbox 3030 3499 3092 3553; x_wconf 82' lang='grc' dir='ltr'>τὸ</span> <span class='ocrx_word' id='word_1_524' title='bbox 3141 3474 3325 3569; x_wconf 56' lang='grc' dir='ltr'>ἅγιον,</span> <span class='ocrx_word' id='word_1_525' title='bbox 3356 3474 3456 3558; x_wconf 30' lang='grc' dir='ltr'>οῠὺκ</span> 
     </span>
    </p>
   </div>
   <div class='ocr_carea' id='block_1_67' title="bbox 2429 3311 4010 3395">
    <p class='ocr_par' dir='ltr' id='par_1_67' title="bbox 2429 3311 4010 3395">
     <span class='ocr_line' id='line_1_67' title="bbox 2429 3311 4010 3395; baseline 0.015 -35"><span class='ocrx_word' id='word_1_526' title='bbox 2429 3326 2563 3378; x_wconf 74' lang='grc' dir='ltr'>ριος,</span> <span class='ocrx_word' id='word_1_527' title='bbox 2600 3311 2997 3380; x_wconf 75' lang='grc' dir='ltr'>Πορευθέντες</span> <span class='ocrx_word' id='word_1_528' title='bbox 3020 3320 3441 3384; x_wconf 79' lang='grc' dir='ltr'>μαθητεύσατε</span> <span class='ocrx_word' id='word_1_529' title='bbox 3485 3324 3683 3380; x_wconf 69' lang='grc' dir='ltr'>πάντα</span> <span class='ocrx_word' id='word_1_530' title='bbox 3717 3327 3791 3380; x_wconf 86' lang='grc' dir='ltr'>τὰ</span> <span class='ocrx_word' id='word_1_531' title='bbox 3835 3328 4010 3395; x_wconf 72' lang='grc' dir='ltr'>ἔθνη,</span> 
     </span>
    </p>
   </div>
   <div class='ocr_carea' id='block_1_68' title="bbox 2418 3402 4012 3488">
    <p class='ocr_par' dir='ltr' id='par_1_68' title="bbox 2418 3402 4012 3488">
     <span class='ocr_line' id='line_1_68' title="bbox 2418 3402 4012 3488; baseline 0.016 -36"><span class='ocrx_word' id='word_1_532' title='bbox 2418 3402 2813 3469; x_wconf 61' lang='grc' dir='ltr'>,βαπτίζοντες</span> <span class='ocrx_word' id='word_1_533' title='bbox 2839 3408 3061 3474; x_wconf 81' lang='grc' dir='ltr'>αὐτοὺς</span> <span class='ocrx_word' id='word_1_534' title='bbox 3082 3413 3168 3476; x_wconf 78' lang='grc' dir='ltr'><strong>είς</strong></span> <span class='ocrx_word' id='word_1_535' title='bbox 3186 3412 3252 3465; x_wconf 84' lang='grc' dir='ltr'>τὸ</span> <span class='ocrx_word' id='word_1_536' title='bbox 3278 3413 3467 3483; x_wconf 79' lang='grc' dir='ltr'>ὄνομα</span> <span class='ocrx_word' id='word_1_537' title='bbox 3492 3417 3601 3471; x_wconf 80' lang='grc' dir='ltr'><strong>τοῦ</strong></span> <span class='ocrx_word' id='word_1_538' title='bbox 3629 3421 3884 3488; x_wconf 79' lang='grc' dir='ltr'>Πατρός.</span> <span class='ocrx_word' id='word_1_539' title='bbox 3909 3427 4012 3478; x_wconf 75' lang='grc' dir='ltr'>και</span> 
     </span>
    </p>
   </div>
   <div class='ocr_carea' id='block_1_69' title="bbox 3503 3507 4012 3584">
    <p class='ocr_par' dir='ltr' id='par_1_69' title="bbox 3503 3507 4012 3584">
     <span class='ocr_line' id='line_1_69' title="bbox 3503 3507 4012 3584; baseline 0.008 -24"><span class='ocrx_word' id='word_1_540' title='bbox 3503 3507 3570 3561; x_wconf 81' lang='grc' dir='ltr'>ἂν</span> <span class='ocrx_word' id='word_1_541' title='bbox 3623 3510 4012 3584; x_wconf 71' lang='grc' dir='ltr'>συνηριθμήθη</span> 
     </span>
    </p>
   </div>
   <div class='ocr_carea' id='block_1_70' title="bbox 734 3567 2764 3653">
    <p class='ocr_par' dir='ltr' id='par_1_70' title="bbox 734 3567 2764 3653">
     <span class='ocr_line' id='line_1_70' title="bbox 734 3567 2764 3653; baseline 0.009 -33"><span class='ocrx_word' id='word_1_542' title='bbox 734 3567 867 3620; x_wconf 66' lang='grc' dir='ltr'>αὐτὸ</span> <span class='ocrx_word' id='word_1_543' title='bbox 897 3572 1005 3630; x_wconf 75' lang='grc' dir='ltr'>τοῖς</span> <span class='ocrx_word' id='word_1_544' title='bbox 1041 3571 1339 3635; x_wconf 79' lang='grc' dir='ltr'>ἀκτίστοις,</span> <span class='ocrx_word' id='word_1_545' title='bbox 1368 3570 1453 3622; x_wconf 76' lang='grc' dir='ltr'>ἵνα</span> <span class='ocrx_word' id='word_1_546' title='bbox 1489 3571 1584 3624; x_wconf 74' lang='grc' dir='ltr'>σὺν</span> <span class='ocrx_word' id='word_1_547' title='bbox 1615 3571 1796 3635; x_wconf 75' lang='grc' dir='ltr'>αὐτοῖς</span> <span class='ocrx_word' id='word_1_548' title='bbox 1821 3575 2195 3644; x_wconf 79' lang='grc' dir='ltr'>προσκυνῆται</span> <span class='ocrx_word' id='word_1_549' title='bbox 2225 3581 2317 3632; x_wconf 83' lang='grc' dir='ltr'>καὶ</span> <span class='ocrx_word' id='word_1_550' title='bbox 2357 3581 2764 3653; x_wconf 53' lang='grc' dir='ltr'>συώοξάζηται.</span> 
     </span>
    </p>
   </div>
   <div class='ocr_carea' id='block_1_71' title="bbox 803 3662 2319 3741">
    <p class='ocr_par' dir='ltr' id='par_1_71' title="bbox 803 3662 2319 3741">
     <span class='ocr_line' id='line_1_71' title="bbox 803 3662 2319 3741; baseline 0.006 -24"><span class='ocrx_word' id='word_1_551' title='bbox 803 3663 869 3717; x_wconf 86' lang='lat' dir='ltr'><strong>ll.</strong></span> <span class='ocrx_word' id='word_1_552' title='bbox 894 3662 1269 3731; x_wconf 78' lang='lat' dir='ltr'><strong>Apollinarem</strong></span> <span class='ocrx_word' id='word_1_553' title='bbox 1301 3678 1430 3717; x_wconf 85' lang='lat' dir='ltr'><strong>vero</strong></span> <span class='ocrx_word' id='word_1_554' title='bbox 1460 3666 1607 3719; x_wconf 85' lang='lat' dir='ltr'><strong>circa</strong></span> <span class='ocrx_word' id='word_1_555' title='bbox 1637 3665 1987 3722; x_wconf 79' lang='lat' dir='ltr'><strong>divinitatem</strong></span> <span class='ocrx_word' id='word_1_556' title='bbox 2018 3669 2319 3741; x_wconf 90' lang='lat' dir='ltr'><strong>deliquisse</strong></span> 
     </span>
    </p>
   </div>
   <div class='ocr_carea' id='block_1_72' title="bbox 734 3757 2319 3831">
    <p class='ocr_par' dir='ltr' id='par_1_72' title="bbox 734 3757 2319 3831">
     <span class='ocr_line' id='line_1_72' title="bbox 734 3757 2319 3831; baseline 0.004 -20"><span class='ocrx_word' id='word_1_557' title='bbox 734 3773 844 3812; x_wconf 91' lang='lat' dir='ltr'><strong>non</strong></span> <span class='ocrx_word' id='word_1_558' title='bbox 880 3766 1132 3825; x_wconf 86' lang='lat' dir='ltr'><strong>apparet,</strong></span> <span class='ocrx_word' id='word_1_559' title='bbox 1153 3772 1465 3826; x_wconf 82' lang='lat' dir='ltr'><strong>quanquam</strong></span> <span class='ocrx_word' id='word_1_560' title='bbox 1498 3766 1555 3811; x_wconf 88' lang='lat' dir='ltr'><strong>et</strong></span> <span class='ocrx_word' id='word_1_561' title='bbox 1588 3757 1735 3811; x_wconf 90' lang='lat' dir='ltr'><strong>hunc</strong></span> <span class='ocrx_word' id='word_1_562' title='bbox 1754 3758 1866 3813; x_wconf 91' lang='lat' dir='ltr'><strong>duo</strong></span> <span class='ocrx_word' id='word_1_563' title='bbox 1891 3759 2142 3831; x_wconf 81' lang='lat' dir='ltr'><strong>Gregorii</strong></span> <span class='ocrx_word' id='word_1_564' title='bbox 2170 3777 2236 3817; x_wconf 90' lang='lat' dir='ltr'><strong>eo</strong></span> <span class='ocrx_word' id='word_1_565' title='bbox 2261 3779 2319 3818; x_wconf 90' lang='lat' dir='ltr'><strong>sc</strong></span> 
     </span>
    </p>
   </div>
   <div class='ocr_carea' id='block_1_73' title="bbox 738 3847 2316 3923">
    <p class='ocr_par' dir='ltr' id='par_1_73' title="bbox 738 3847 2316 3923">
     <span class='ocr_line' id='line_1_73' title="bbox 738 3847 2316 3923; baseline 0.004 -21"><span class='ocrx_word' id='word_1_566' title='bbox 738 3864 926 3903; x_wconf 57' lang='lat' dir='ltr'><strong>errore</strong></span> <span class='ocrx_word' id='word_1_567' title='bbox 951 3847 1290 3901; x_wconf 84' lang='lat' dir='ltr'><strong>convincunt</strong></span> <span class='ocrx_word' id='word_1_568' title='bbox 1321 3848 1707 3903; x_wconf 82' lang='lat' dir='ltr'><strong>obstrinxisse.</strong></span> <span class='ocrx_word' id='word_1_569' title='bbox 1728 3850 1862 3904; x_wconf 80' lang='lat' dir='ltr'><strong>Nam</strong></span> <span class='ocrx_word' id='word_1_570' title='bbox 1895 3853 2065 3906; x_wconf 86' lang='lat' dir='ltr'><strong>creati</strong></span> <span class='ocrx_word' id='word_1_571' title='bbox 2093 3854 2316 3923; x_wconf 85' lang='lat' dir='ltr'><strong>quidem</strong></span> 
     </span>
    </p>
   </div>
   <div class='ocr_carea' id='block_1_74' title="bbox 738 3940 2315 4011">
    <p class='ocr_par' dir='ltr' id='par_1_74' title="bbox 738 3940 2315 4011">
     <span class='ocr_line' id='line_1_74' title="bbox 738 3940 2315 4011; baseline 0.006 -20"><span class='ocrx_word' id='word_1_572' title='bbox 738 3942 827 3994; x_wconf 64' lang='lat' dir='ltr'><strong>it‘e</strong></span> <span class='ocrx_word' id='word_1_573' title='bbox 880 3940 1215 3993; x_wconf 84' lang='lat' dir='ltr'><strong>mentionem</strong></span> <span class='ocrx_word' id='word_1_574' title='bbox 1280 3955 1388 3992; x_wconf 85' lang='lat' dir='ltr'><strong>non</strong></span> <span class='ocrx_word' id='word_1_575' title='bbox 1452 3940 1604 4005; x_wconf 80' lang='lat' dir='ltr'><strong>facit,</strong></span> <span class='ocrx_word' id='word_1_576' title='bbox 1654 3941 1949 4011; x_wconf 88' lang='lat' dir='ltr'><strong>inquiunt;</strong></span> <span class='ocrx_word' id='word_1_577' title='bbox 1999 3943 2315 4000; x_wconf 85' lang='lat' dir='ltr'><strong>inferiorem</strong></span> 
     </span>
    </p>
   </div>
   <div class='ocr_carea' id='block_1_75' title="bbox 737 4032 2319 4105">
    <p class='ocr_par' dir='ltr' id='par_1_75' title="bbox 737 4032 2319 4105">
     <span class='ocr_line' id='line_1_75' title="bbox 737 4032 2319 4105; baseline 0.006 -21"><span class='ocrx_word' id='word_1_578' title='bbox 737 4050 771 4084; x_wconf 70' lang='grc' dir='ltr'>ι·</span> <span class='ocrx_word' id='word_1_579' title='bbox 800 4050 916 4087; x_wconf 82' lang='lat' dir='ltr'><strong>men</strong></span> <span class='ocrx_word' id='word_1_580' title='bbox 958 4066 983 4101; x_wconf 49' lang='grc' dir='ltr'>δ</span> <span class='ocrx_word' id='word_1_581' title='bbox 1010 4032 1183 4085; x_wconf 57' lang='lat' dir='ltr'><strong>udum</strong></span> <span class='ocrx_word' id='word_1_582' title='bbox 1218 4032 1338 4086; x_wconf 85' lang='lat' dir='ltr'><strong>Filii</strong></span> <span class='ocrx_word' id='word_1_583' title='bbox 1379 4033 1574 4099; x_wconf 84' lang='lat' dir='ltr'><strong>tradit,</strong></span> <span class='ocrx_word' id='word_1_584' title='bbox 1613 4043 1670 4088; x_wconf 91' lang='lat' dir='ltr'><strong>et</strong></span> <span class='ocrx_word' id='word_1_585' title='bbox 1705 4036 1949 4105; x_wconf 89' lang='lat' dir='ltr'><strong>Spiritus</strong></span> <span class='ocrx_word' id='word_1_586' title='bbox 1983 4036 2195 4101; x_wconf 90' lang='lat' dir='ltr'><strong>sancti,</strong></span> <span class='ocrx_word' id='word_1_587' title='bbox 2232 4054 2319 4093; x_wconf 91' lang='lat' dir='ltr'><strong>rc-</strong></span> 
     </span>
    </p>
   </div>
   <div class='ocr_carea' id='block_1_76' title="bbox 738 4126 2315 4197">
    <p class='ocr_par' dir='ltr' id='par_1_76' title="bbox 738 4126 2315 4197">
     <span class='ocr_line' id='line_1_76' title="bbox 738 4126 2315 4197; baseline 0.003 -16"><span class='ocrx_word' id='word_1_588' title='bbox 738 4143 931 4197; x_wconf 64' lang='lat' dir='ltr'><strong>specau</strong></span> <span class='ocrx_word' id='word_1_589' title='bbox 964 4127 1160 4180; x_wconf 68' lang='lat' dir='ltr'><strong>i’atris.</strong></span> <span class='ocrx_word' id='word_1_590' title='bbox 1198 4126 1258 4180; x_wconf 86' lang='lat' dir='ltr'><strong>In</strong></span> <span class='ocrx_word' id='word_1_591' title='bbox 1297 4126 1710 4196; x_wconf 83' lang='lat' dir='ltr'><strong>dispensatione</strong></span> <span class='ocrx_word' id='word_1_592' title='bbox 1746 4142 1881 4182; x_wconf 84' lang='lat' dir='ltr'><strong>vero</strong></span> <span class='ocrx_word' id='word_1_593' title='bbox 1904 4126 2112 4183; x_wconf 90' lang='lat' dir='ltr'><strong>Christi</strong></span> <span class='ocrx_word' id='word_1_594' title='bbox 2140 4131 2315 4185; x_wconf 89' lang='lat' dir='ltr'><strong>mani-</strong></span> 
     </span>
    </p>
   </div>
   <div class='ocr_carea' id='block_1_77' title="bbox 734 4217 2317 4289">
    <p class='ocr_par' dir='ltr' id='par_1_77' title="bbox 734 4217 2317 4289">
     <span class='ocr_line' id='line_1_77' title="bbox 734 4217 2317 4289; baseline 0.003 -17"><span class='ocrx_word' id='word_1_595' title='bbox 734 4218 880 4273; x_wconf 69' lang='lat' dir='ltr'><strong>festo</strong></span> <span class='ocrx_word' id='word_1_596' title='bbox 916 4218 1158 4273; x_wconf 87' lang='lat' dir='ltr'><strong>errabat.</strong></span> <span class='ocrx_word' id='word_1_597' title='bbox 1186 4217 1404 4288; x_wconf 87' lang='lat' dir='ltr'><strong>Corpus</strong></span> <span class='ocrx_word' id='word_1_598' title='bbox 1446 4220 1597 4274; x_wconf 87' lang='lat' dir='ltr'><strong>enim</strong></span> <span class='ocrx_word' id='word_1_599' title='bbox 1641 4220 1786 4289; x_wconf 88' lang='lat' dir='ltr'><strong>quod</strong></span> <span class='ocrx_word' id='word_1_600' title='bbox 1812 4221 1960 4275; x_wconf 84' lang='lat' dir='ltr'><strong>Deus</strong></span> <span class='ocrx_word' id='word_1_601' title='bbox 1998 4221 2086 4276; x_wconf 87' lang='lat' dir='ltr'><strong>ille</strong></span> <span class='ocrx_word' id='word_1_602' title='bbox 2122 4222 2317 4277; x_wconf 87' lang='lat' dir='ltr'><strong>Sermo</strong></span> 
     </span>
    </p>
   </div>
   <div class='ocr_carea' id='block_1_78' title="bbox 736 4310 2319 4384">
    <p class='ocr_par' dir='ltr' id='par_1_78' title="bbox 736 4310 2319 4384">
     <span class='ocr_line' id='line_1_78' title="bbox 736 4310 2319 4384; baseline 0.003 -19"><span class='ocrx_word' id='word_1_603' title='bbox 736 4311 942 4373; x_wconf 88' lang='lat' dir='ltr'><strong>induit,</strong></span> <span class='ocrx_word' id='word_1_604' title='bbox 977 4311 1213 4365; x_wconf 83' lang='lat' dir='ltr'><strong>animam</strong></span> <span class='ocrx_word' id='word_1_605' title='bbox 1241 4311 1464 4381; x_wconf 90' lang='lat' dir='ltr'><strong>quidem</strong></span> <span class='ocrx_word' id='word_1_606' title='bbox 1494 4310 1720 4375; x_wconf 89' lang='lat' dir='ltr'><strong>habere,</strong></span> <span class='ocrx_word' id='word_1_607' title='bbox 1747 4312 1844 4366; x_wconf 89' lang='lat' dir='ltr'><strong>sed</strong></span> <span class='ocrx_word' id='word_1_608' title='bbox 1876 4323 2059 4368; x_wconf 90' lang='lat' dir='ltr'><strong>mente</strong></span> <span class='ocrx_word' id='word_1_609' title='bbox 2090 4329 2319 4384; x_wconf 89' lang='lat' dir='ltr'><strong>prorsus</strong></span> 
     </span>
    </p>
   </div>
   <div class='ocr_carea' id='block_1_79' title="bbox 730 4401 2318 4476">
    <p class='ocr_par' dir='ltr' id='par_1_79' title="bbox 730 4401 2318 4476">
     <span class='ocr_line' id='line_1_79' title="bbox 730 4401 2318 4476; baseline 0.004 -20"><span class='ocrx_word' id='word_1_610' title='bbox 730 4417 928 4456; x_wconf 78' lang='lat' dir='ltr'><strong>carere</strong></span> <span class='ocrx_word' id='word_1_611' title='bbox 961 4401 1214 4456; x_wconf 85' lang='lat' dir='ltr'><strong>tradebat</strong></span> <span class='ocrx_word' id='word_1_612' title='bbox 1245 4420 1258 4454; x_wconf 92' lang='lat'>:</span> <span class='ocrx_word' id='word_1_613' title='bbox 1292 4403 1496 4472; x_wconf 90' lang='lat' dir='ltr'><strong>quippe</strong></span> <span class='ocrx_word' id='word_1_614' title='bbox 1525 4404 1621 4473; x_wconf 90' lang='lat' dir='ltr'><strong>qui</strong></span> <span class='ocrx_word' id='word_1_615' title='bbox 1648 4418 1757 4458; x_wconf 90' lang='lat' dir='ltr'><strong>non</strong></span> <span class='ocrx_word' id='word_1_616' title='bbox 1785 4405 1946 4459; x_wconf 87' lang='lat' dir='ltr'><strong>aliter</strong></span> <span class='ocrx_word' id='word_1_617' title='bbox 1963 4405 2150 4461; x_wconf 89' lang='lat' dir='ltr'><strong>anima</strong></span> <span class='ocrx_word' id='word_1_618' title='bbox 2178 4422 2318 4476; x_wconf 71' lang='lat' dir='ltr'><strong>prae-</strong></span> 
     </span>
    </p>
   </div>
   <div class='ocr_carea' id='block_1_80' title="bbox 730 4492 2317 4567">
    <p class='ocr_par' dir='ltr' id='par_1_80' title="bbox 730 4492 2317 4567">
     <span class='ocr_line' id='line_1_80' title="bbox 730 4492 2317 4567; baseline 0.004 -20"><span class='ocrx_word' id='word_1_619' title='bbox 730 4492 889 4548; x_wconf 83' lang='lat' dir='ltr'><strong>ditus</strong></span> <span class='ocrx_word' id='word_1_620' title='bbox 942 4502 1109 4556; x_wconf 88' lang='lat' dir='ltr'><strong>esset,</strong></span> <span class='ocrx_word' id='word_1_621' title='bbox 1156 4501 1321 4563; x_wconf 89' lang='lat' dir='ltr'><strong>atque</strong></span> <span class='ocrx_word' id='word_1_622' title='bbox 1366 4495 1592 4549; x_wconf 91' lang='lat' dir='ltr'><strong>brutum</strong></span> <span class='ocrx_word' id='word_1_623' title='bbox 1646 4496 1869 4567; x_wconf 88' lang='lat' dir='ltr'><strong>aliquod</strong></span> <span class='ocrx_word' id='word_1_624' title='bbox 1924 4499 2150 4552; x_wconf 89' lang='lat' dir='ltr'><strong>animal.</strong></span> <span class='ocrx_word' id='word_1_625' title='bbox 2202 4498 2317 4554; x_wconf 89' lang='lat' dir='ltr'><strong>Hoc</strong></span> 
     </span>
    </p>
   </div>
   <div class='ocr_carea' id='block_1_81' title="bbox 732 4584 2318 4657">
    <p class='ocr_par' dir='ltr' id='par_1_81' title="bbox 732 4584 2318 4657">
     <span class='ocr_line' id='line_1_81' title="bbox 732 4584 2318 4657; baseline 0.004 -18"><span class='ocrx_word' id='word_1_626' title='bbox 732 4584 933 4654; x_wconf 85' lang='lat' dir='ltr'><strong>dogma</strong></span> <span class='ocrx_word' id='word_1_627' title='bbox 979 4600 1165 4648; x_wconf 83' lang='lat' dir='ltr'><strong>suum,</strong></span> <span class='ocrx_word' id='word_1_628' title='bbox 1191 4601 1301 4638; x_wconf 89' lang='lat' dir='ltr'><strong>non</strong></span> <span class='ocrx_word' id='word_1_629' title='bbox 1333 4585 1523 4655; x_wconf 87' lang='lat' dir='ltr'><strong>aliquo</strong></span> <span class='ocrx_word' id='word_1_630' title='bbox 1562 4586 1863 4657; x_wconf 72' lang='lat' dir='ltr'><strong>Scriptura:</strong></span> <span class='ocrx_word' id='word_1_631' title='bbox 1888 4589 2059 4654; x_wconf 88' lang='lat' dir='ltr'><strong>dicto,</strong></span> <span class='ocrx_word' id='word_1_632' title='bbox 2098 4590 2193 4645; x_wconf 89' lang='lat' dir='ltr'><strong>sed</strong></span> <span class='ocrx_word' id='word_1_633' title='bbox 2228 4606 2318 4645; x_wconf 78' lang='lat' dir='ltr'><strong>ra-</strong></span> 
     </span>
    </p>
   </div>
   <div class='ocr_carea' id='block_1_82' title="bbox 2513 3676 4014 3764">
    <p class='ocr_par' dir='ltr' id='par_1_82' title="bbox 2513 3676 4014 3764">
     <span class='ocr_line' id='line_1_82' title="bbox 2513 3676 4014 3764; baseline 0.015 -36"><span class='ocrx_word' id='word_1_634' title='bbox 2513 3676 2570 3728; x_wconf 84' lang='grc' dir='ltr'>ὐ</span> <span class='ocrx_word' id='word_1_635' title='bbox 2620 3678 2676 3730; x_wconf 81' lang='grc' dir='ltr'>δὲ</span> <span class='ocrx_word' id='word_1_636' title='bbox 2720 3680 3092 3753; x_wconf 80' lang='grc' dir='ltr'>Ἀπολινάριος</span> <span class='ocrx_word' id='word_1_637' title='bbox 3139 3686 3268 3756; x_wconf 72' lang='grc' dir='ltr'>περὶ</span> <span class='ocrx_word' id='word_1_638' title='bbox 3322 3687 3421 3758; x_wconf 72' lang='grc' dir='ltr'>μὲν</span> <span class='ocrx_word' id='word_1_639' title='bbox 3466 3688 3564 3761; x_wconf 78' lang='grc' dir='ltr'>τὴν</span> <span class='ocrx_word' id='word_1_640' title='bbox 3619 3690 3906 3764; x_wconf 79' lang='grc' dir='ltr'>θεολογίαν</span> <span class='ocrx_word' id='word_1_641' title='bbox 3946 3697 4014 3753; x_wconf 76' lang='grc' dir='ltr'><strong>οδ</strong></span> 
     </span>
    </p>
   </div>
   <div class='ocr_carea' id='block_1_83' title="bbox 2427 3768 4014 3852">
    <p class='ocr_par' dir='ltr' id='par_1_83' title="bbox 2427 3768 4014 3852">
     <span class='ocr_line' id='line_1_83' title="bbox 2427 3768 4014 3852; baseline 0.017 -32"><span class='ocrx_word' id='word_1_642' title='bbox 2427 3768 2675 3835; x_wconf 75' lang='grc' dir='ltr'>φαίνεται</span> <span class='ocrx_word' id='word_1_643' title='bbox 2700 3772 3052 3844; x_wconf 79' lang='grc' dir='ltr'>ἁμαρτάνων,</span> <span class='ocrx_word' id='word_1_644' title='bbox 3090 3777 3229 3849; x_wconf 83' lang='grc' dir='ltr'>πλὴν</span> <span class='ocrx_word' id='word_1_645' title='bbox 3256 3779 3592 3852; x_wconf 78' lang='grc' dir='ltr'>διελέγχουσι</span> <span class='ocrx_word' id='word_1_646' title='bbox 3618 3787 3714 3839; x_wconf 74' lang='grc' dir='ltr'>καὶ</span> <span class='ocrx_word' id='word_1_647' title='bbox 3742 3790 3937 3844; x_wconf 86' lang='grc' dir='ltr'>τοῦτον</span> <span class='ocrx_word' id='word_1_648' title='bbox 3961 3794 4014 3847; x_wconf 74' lang='lat' dir='ltr'><strong>oi</strong></span> 
     </span>
    </p>
   </div>
   <div class='ocr_carea' id='block_1_84' title="bbox 2426 3859 4016 3951">
    <p class='ocr_par' dir='ltr' id='par_1_84' title="bbox 2426 3859 4016 3951">
     <span class='ocr_line' id='line_1_84' title="bbox 2426 3859 4016 3951; baseline 0.018 -42"><span class='ocrx_word' id='word_1_649' title='bbox 2426 3859 2720 3933; x_wconf 71' lang='grc' dir='ltr'>Γρηγόριοι</span> <span class='ocrx_word' id='word_1_650' title='bbox 2775 3866 2904 3935; x_wconf 77' lang='grc' dir='ltr'>περὶ</span> <span class='ocrx_word' id='word_1_651' title='bbox 2937 3867 3144 3939; x_wconf 75' lang='grc' dir='ltr'>ταύτην</span> <span class='ocrx_word' id='word_1_652' title='bbox 3196 3871 3601 3943; x_wconf 80' lang='grc' dir='ltr'>ἁμαρτάνοντα.</span> <span class='ocrx_word' id='word_1_653' title='bbox 3639 3879 3864 3951; x_wconf 75' lang='grc' dir='ltr'>κτίσμα</span> <span class='ocrx_word' id='word_1_654' title='bbox 3912 3886 4016 3951; x_wconf 79' lang='grc' dir='ltr'>μὲν</span> 
     </span>
    </p>
   </div>
   <div class='ocr_carea' id='block_1_85' title="bbox 2423 3950 4011 4045">
    <p class='ocr_par' dir='ltr' id='par_1_85' title="bbox 2423 3950 4011 4045">
     <span class='ocr_line' id='line_1_85' title="bbox 2423 3950 4011 4045; baseline 0.018 -43"><span class='ocrx_word' id='word_1_655' title='bbox 2423 3950 2554 4021; x_wconf 75' lang='grc' dir='ltr'>γὰρ,</span> <span class='ocrx_word' id='word_1_656' title='bbox 2611 3957 2798 4022; x_wconf 71' lang='grc' dir='ltr'>φασὶν.</span> <span class='ocrx_word' id='word_1_657' title='bbox 2856 3957 2916 4010; x_wconf 75' lang='grc' dir='ltr'>οὐ</span> <span class='ocrx_word' id='word_1_658' title='bbox 2942 3957 3093 4019; x_wconf 78' lang='grc' dir='ltr'>λέγει</span> <span class='ocrx_word' id='word_1_659' title='bbox 3124 3977 3138 3992; x_wconf 81' lang='lat'><strong><em>°</em></strong></span> <span class='ocrx_word' id='word_1_660' title='bbox 3176 3963 3446 4019; x_wconf 77' lang='grc' dir='ltr'>ὑπόϐασιν</span> <span class='ocrx_word' id='word_1_661' title='bbox 3492 3969 3550 4023; x_wconf 81' lang='grc' dir='ltr'>δὲ</span> <span class='ocrx_word' id='word_1_662' title='bbox 3604 3973 3811 4041; x_wconf 64' lang='grc' dir='ltr'>μικρὰν</span> <span class='ocrx_word' id='word_1_663' title='bbox 3856 3950 4011 4045; x_wconf 73' lang='grc' dir='ltr'>λέγει</span> 
     </span>
    </p>
   </div>
   <div class='ocr_carea' id='block_1_86' title="bbox 2422 4042 4014 4140">
    <p class='ocr_par' dir='ltr' id='par_1_86' title="bbox 2422 4042 4014 4140">
     <span class='ocr_line' id='line_1_86' title="bbox 2422 4042 4014 4140; baseline 0.018 -45"><span class='ocrx_word' id='word_1_664' title='bbox 2422 4042 2518 4097; x_wconf 85' lang='grc' dir='ltr'><strong>τοῦ</strong></span> <span class='ocrx_word' id='word_1_665' title='bbox 2542 4045 2669 4098; x_wconf 86' lang='grc' dir='ltr'>Υἱοῦ</span> <span class='ocrx_word' id='word_1_666' title='bbox 2701 4048 2796 4099; x_wconf 77' lang='grc' dir='ltr'>καὶ</span> <span class='ocrx_word' id='word_1_667' title='bbox 2823 4048 2918 4102; x_wconf 90' lang='grc' dir='ltr'><strong>τοῦ</strong></span> <span class='ocrx_word' id='word_1_668' title='bbox 2946 4052 3285 4122; x_wconf 83' lang='grc' dir='ltr'>Πνεύματος.</span> <span class='ocrx_word' id='word_1_669' title='bbox 3318 4058 3452 4127; x_wconf 85' lang='grc' dir='ltr'>πρὸς</span> <span class='ocrx_word' id='word_1_670' title='bbox 3480 4060 3572 4114; x_wconf 80' lang='grc' dir='ltr'>τὸν</span> <span class='ocrx_word' id='word_1_671' title='bbox 3601 4063 3845 4136; x_wconf 82' lang='grc' dir='ltr'>Πατέρα.</span> <span class='ocrx_word' id='word_1_672' title='bbox 3872 4042 4014 4140; x_wconf 77' lang='grc' dir='ltr'>Περὶ</span> 
     </span>
    </p>
   </div>
   <div class='ocr_carea' id='block_1_87' title="bbox 2419 4136 4014 4232">
    <p class='ocr_par' dir='ltr' id='par_1_87' title="bbox 2419 4136 4014 4232">
     <span class='ocr_line' id='line_1_87' title="bbox 2419 4136 4014 4232; baseline 0.016 -43"><span class='ocrx_word' id='word_1_673' title='bbox 2419 4136 2478 4190; x_wconf 79' lang='grc' dir='ltr'>δὲ</span> <span class='ocrx_word' id='word_1_674' title='bbox 2508 4137 2608 4206; x_wconf 84' lang='grc' dir='ltr'>τὴν</span> <span class='ocrx_word' id='word_1_675' title='bbox 2633 4140 2948 4208; x_wconf 76' lang='grc' dir='ltr'>οἰκονομίαν</span> <span class='ocrx_word' id='word_1_676' title='bbox 2981 4147 3233 4217; x_wconf 84' lang='grc' dir='ltr'>φανερῶς</span> <span class='ocrx_word' id='word_1_677' title='bbox 3257 4149 3627 4218; x_wconf 73' lang='grc' dir='ltr'>διεσφαλλετο.</span> <span class='ocrx_word' id='word_1_678' title='bbox 3660 4136 4014 4232; x_wconf 74' lang='grc' dir='ltr'>Ἔλεγε.γάρ,</span> 
     </span>
    </p>
   </div>
   <div class='ocr_carea' id='block_1_88' title="bbox 2423 4228 4018 4324">
    <p class='ocr_par' dir='ltr' id='par_1_88' title="bbox 2423 4228 4018 4324">
     <span class='ocr_line' id='line_1_88' title="bbox 2423 4228 4018 4324; baseline 0.017 -44"><span class='ocrx_word' id='word_1_679' title='bbox 2423 4228 2482 4281; x_wconf 73' lang='grc' dir='ltr'><strong>τὸ</strong></span> <span class='ocrx_word' id='word_1_680' title='bbox 2533 4230 2690 4300; x_wconf 80' lang='grc' dir='ltr'>σῶμα</span> <span class='ocrx_word' id='word_1_681' title='bbox 2747 4232 2776 4285; x_wconf 81' lang='grc' dir='ltr'><strong>ὃ</strong></span> <span class='ocrx_word' id='word_1_682' title='bbox 2825 4235 3113 4291; x_wconf 75' lang='grc' dir='ltr'>ἐνεδύσατο</span> <span class='ocrx_word' id='word_1_683' title='bbox 3169 4243 3197 4293; x_wconf 86' lang='grc' dir='ltr'>ὁ</span> <span class='ocrx_word' id='word_1_684' title='bbox 3247 4240 3381 4305; x_wconf 73' lang='grc' dir='ltr'>Θεὸς</span> <span class='ocrx_word' id='word_1_685' title='bbox 3436 4245 3628 4313; x_wconf 84' lang='grc' dir='ltr'>Λόγος,</span> <span class='ocrx_word' id='word_1_686' title='bbox 3678 4247 3862 4321; x_wconf 78' lang='grc' dir='ltr'>ψυχὴν</span> <span class='ocrx_word' id='word_1_687' title='bbox 3914 4228 4018 4324; x_wconf 63' lang='grc' dir='ltr'><strong>μεν</strong></span> 
     </span>
    </p>
   </div>
   <div class='ocr_carea' id='block_1_89' title="bbox 2424 4320 4017 4417">
    <p class='ocr_par' dir='ltr' id='par_1_89' title="bbox 2424 4320 4017 4417">
     <span class='ocr_line' id='line_1_89' title="bbox 2424 4320 4017 4417; baseline 0.016 -45"><span class='ocrx_word' id='word_1_688' title='bbox 2424 4320 2569 4389; x_wconf 79' lang='grc' dir='ltr'>ἔχειν</span> <span class='ocrx_word' id='word_1_689' title='bbox 2592 4363 2605 4385; x_wconf 90' lang='grc'><strong>,</strong></span> <span class='ocrx_word' id='word_1_690' title='bbox 2640 4322 2764 4379; x_wconf 87' lang='grc' dir='ltr'>νοῦν</span> <span class='ocrx_word' id='word_1_691' title='bbox 2797 4324 2854 4377; x_wconf 82' lang='grc' dir='ltr'>δὲ</span> <span class='ocrx_word' id='word_1_692' title='bbox 2902 4327 3154 4395; x_wconf 73' lang='grc' dir='ltr'>οὐδαμῶς</span> <span class='ocrx_word' id='word_1_693' title='bbox 3174 4347 3188 4361; x_wconf 88' lang='grc'><strong>·</strong></span> <span class='ocrx_word' id='word_1_694' title='bbox 3226 4332 3345 4387; x_wconf 81' lang='grc' dir='ltr'>ἀλλ’</span> <span class='ocrx_word' id='word_1_695' title='bbox 3375 4334 3567 4408; x_wconf 83' lang='grc' dir='ltr'>ῶσπερ</span> <span class='ocrx_word' id='word_1_696' title='bbox 3603 4320 4017 4417; x_wconf 50' lang='grc' dir='ltr'>ἄλογονψυᾷεὴν</span> 
     </span>
    </p>
   </div>
   <div class='ocr_carea' id='block_1_90' title="bbox 2420 4412 4016 4500">
    <p class='ocr_par' dir='ltr' id='par_1_90' title="bbox 2420 4412 4016 4500">
     <span class='ocr_line' id='line_1_90' title="bbox 2420 4412 4016 4500; baseline 0.015 -34"><span class='ocrx_word' id='word_1_697' title='bbox 2420 4412 2596 4478; x_wconf 69' lang='grc' dir='ltr'>οὕτως</span> <span class='ocrx_word' id='word_1_698' title='bbox 2625 4414 2809 4485; x_wconf 74' lang='grc' dir='ltr'>ἔλεγεν</span> <span class='ocrx_word' id='word_1_699' title='bbox 2838 4418 3003 4489; x_wconf 81' lang='grc' dir='ltr'>ἔχειν.</span> <span class='ocrx_word' id='word_1_700' title='bbox 3035 4425 3409 4495; x_wconf 75' lang='grc' dir='ltr'>Διισχυρίζετο</span> <span class='ocrx_word' id='word_1_701' title='bbox 3440 4427 3498 4481; x_wconf 74' lang='grc' dir='ltr'>δὲ</span> <span class='ocrx_word' id='word_1_702' title='bbox 3521 4429 3583 4483; x_wconf 77' lang='grc' dir='ltr'>τὸ</span> <span class='ocrx_word' id='word_1_703' title='bbox 3604 4430 3784 4500; x_wconf 84' lang='grc' dir='ltr'>δόγμα</span> <span class='ocrx_word' id='word_1_704' title='bbox 3819 4412 4016 4500; x_wconf 79' lang='grc' dir='ltr'>αὐτοῦ,</span> 
     </span>
    </p>
   </div>
   <div class='ocr_carea' id='block_1_91' title="bbox 2424 4503 4015 4597">
    <p class='ocr_par' dir='ltr' id='par_1_91' title="bbox 2424 4503 4015 4597">
     <span class='ocr_line' id='line_1_91' title="bbox 2424 4503 4015 4597; baseline 0.016 -43"><span class='ocrx_word' id='word_1_705' title='bbox 2424 4503 2522 4573; x_wconf 81' lang='grc' dir='ltr'>οὐχ</span> <span class='ocrx_word' id='word_1_706' title='bbox 2545 4505 2650 4558; x_wconf 75' lang='grc' dir='ltr'>ὑπὸ</span> <span class='ocrx_word' id='word_1_707' title='bbox 2670 4506 2834 4576; x_wconf 77' lang='grc' dir='ltr'>ῥητοῦ</span> <span class='ocrx_word' id='word_1_708' title='bbox 2855 4525 3020 4574; x_wconf 87' lang='grc' dir='ltr'>τινος,</span> <span class='ocrx_word' id='word_1_709' title='bbox 3045 4511 3161 4565; x_wconf 80' lang='grc' dir='ltr'>ἀλλ’</span> <span class='ocrx_word' id='word_1_710' title='bbox 3184 4515 3295 4566; x_wconf 60' lang='grc' dir='ltr'><strong>ἀπὸ</strong></span> <span class='ocrx_word' id='word_1_711' title='bbox 3324 4519 3627 4587; x_wconf 82' lang='grc' dir='ltr'>περινοίας.</span> <span class='ocrx_word' id='word_1_712' title='bbox 3655 4522 3854 4590; x_wconf 80' lang='grc' dir='ltr'>Ἔλεγε</span> <span class='ocrx_word' id='word_1_713' title='bbox 3880 4526 4015 4597; x_wconf 81' lang='grc' dir='ltr'>γὰρ,</span> 
     </span>
    </p>
   </div>
   <div class='ocr_carea' id='block_1_92' title="bbox 2425 4597 4019 4674">
    <p class='ocr_par' dir='ltr' id='par_1_92' title="bbox 2425 4597 4019 4674">
     <span class='ocr_line' id='line_1_92' title="bbox 2425 4597 4019 4674; baseline 0.014 -24"><span class='ocrx_word' id='word_1_714' title='bbox 2425 4597 2507 4650; x_wconf 81' lang='grc' dir='ltr'>ὅτι</span> <span class='ocrx_word' id='word_1_715' title='bbox 2535 4599 2564 4650; x_wconf 86' lang='grc' dir='ltr'><strong>δ</strong></span> <span class='ocrx_word' id='word_1_716' title='bbox 2613 4598 2737 4661; x_wconf 86' lang='grc' dir='ltr'>νοῦς</span> <span class='ocrx_word' id='word_1_717' title='bbox 2783 4600 3159 4674; x_wconf 83' lang='grc' dir='ltr'>ἁμαρτητικόν</span> <span class='ocrx_word' id='word_1_718' title='bbox 3203 4608 3257 4660; x_wconf 88' lang='grc' dir='ltr'><strong>τί</strong></span> <span class='ocrx_word' id='word_1_719' title='bbox 3288 4610 3460 4665; x_wconf 76' lang='grc' dir='ltr'>ἐστιν.</span> <span class='ocrx_word' id='word_1_720' title='bbox 3500 4614 3735 4667; x_wconf 74' lang='grc' dir='ltr'>Ἄτοπον</span> <span class='ocrx_word' id='word_1_721' title='bbox 3764 4616 3824 4669; x_wconf 85' lang='grc' dir='ltr'><em>δέ</em></span> <span class='ocrx_word' id='word_1_722' title='bbox 3866 4620 4019 4673; x_wconf 78' lang='grc' dir='ltr'>ἐστιν</span> 
     </span>
    </p>
   </div>
   <div class='ocr_carea' id='block_1_93' title="bbox 737 4670 2317 4769">
    <p class='ocr_par' dir='ltr' id='par_1_93' title="bbox 737 4675 2317 4749">
     <span class='ocr_line' id='line_1_93' title="bbox 737 4675 2317 4749; baseline 0.006 -21"><span class='ocrx_word' id='word_1_723' title='bbox 737 4675 1059 4731; x_wconf 81' lang='lat' dir='ltr'><strong>tiocinando</strong></span> <span class='ocrx_word' id='word_1_724' title='bbox 1090 4677 1379 4746; x_wconf 88' lang='lat' dir='ltr'><strong>probabat.</strong></span> <span class='ocrx_word' id='word_1_725' title='bbox 1422 4677 1639 4749; x_wconf 86' lang='lat' dir='ltr'><strong>Quippe</strong></span> <span class='ocrx_word' id='word_1_726' title='bbox 1687 4690 1933 4735; x_wconf 90' lang='lat' dir='ltr'><strong>mentem</strong></span> <span class='ocrx_word' id='word_1_727' title='bbox 1968 4682 2154 4736; x_wconf 86' lang='lat' dir='ltr'><strong>aiebat</strong></span> <span class='ocrx_word' id='word_1_728' title='bbox 2200 4698 2317 4738; x_wconf 84' lang='lat' dir='ltr'><strong>esse</strong></span> 
     </span>
    </p>
   </div>
   <div class='ocr_carea' id='block_1_94' title="bbox 2419 4670 4019 4769">
    <p class='ocr_par' dir='ltr' id='par_1_94' title="bbox 2426 4687 4019 4769">
     <span class='ocr_line' id='line_1_94' title="bbox 2426 4687 4019 4769; baseline 0.016 -31"><span class='ocrx_word' id='word_1_729' title='bbox 2426 4687 2585 4752; x_wconf 82' lang='grc' dir='ltr'>ὅλως,</span> <span class='ocrx_word' id='word_1_730' title='bbox 2631 4689 2931 4762; x_wconf 75' lang='grc' dir='ltr'>ὑπονοῆσαι</span> <span class='ocrx_word' id='word_1_731' title='bbox 2975 4696 3104 4767; x_wconf 79' lang='grc' dir='ltr'>περὶ</span> <span class='ocrx_word' id='word_1_732' title='bbox 3129 4697 3226 4751; x_wconf 88' lang='grc' dir='ltr'><strong>τοῦ</strong></span> <span class='ocrx_word' id='word_1_733' title='bbox 3259 4700 3433 4768; x_wconf 83' lang='grc' dir='ltr'>Λόγου</span> <span class='ocrx_word' id='word_1_734' title='bbox 3458 4703 3553 4756; x_wconf 88' lang='grc' dir='ltr'><strong>τοῦ</strong></span> <span class='ocrx_word' id='word_1_735' title='bbox 3583 4704 3741 4769; x_wconf 86' lang='grc' dir='ltr'>Θεοῦ,</span> <span class='ocrx_word' id='word_1_736' title='bbox 3774 4709 3859 4762; x_wconf 80' lang='grc' dir='ltr'>ὅτι</span> <span class='ocrx_word' id='word_1_737' title='bbox 3891 4727 4019 4763; x_wconf 76' lang='grc' dir='ltr'>συν-</span> 
     </span>
    </p>
   </div>
   <div class='ocr_carea' id='block_1_95' title="bbox 733 4764 2323 4841">
    <p class='ocr_par' dir='ltr' id='par_1_95' title="bbox 733 4764 2323 4841">
     <span class='ocr_line' id='line_1_95' title="bbox 733 4764 2323 4841; baseline 0.004 -23"><span class='ocrx_word' id='word_1_738' title='bbox 733 4764 998 4834; x_wconf 84' lang='lat' dir='ltr'><strong>quiddam</strong></span> <span class='ocrx_word' id='word_1_739' title='bbox 1034 4776 1261 4834; x_wconf 87' lang='lat' dir='ltr'><strong>peccato</strong></span> <span class='ocrx_word' id='word_1_740' title='bbox 1299 4767 1571 4836; x_wconf 87' lang='lat' dir='ltr'><strong>pollutum</strong></span> <span class='ocrx_word' id='word_1_741' title='bbox 1604 4786 1619 4821; x_wconf 89' lang='lat'><strong>:</strong></span> <span class='ocrx_word' id='word_1_742' title='bbox 1651 4769 1955 4825; x_wconf 89' lang='lat' dir='ltr'><strong>absurdum</strong></span> <span class='ocrx_word' id='word_1_743' title='bbox 2001 4786 2135 4826; x_wconf 88' lang='lat' dir='ltr'><strong>vero</strong></span> <span class='ocrx_word' id='word_1_744' title='bbox 2164 4787 2323 4841; x_wconf 91' lang='lat' dir='ltr'><strong>pror-</strong></span> 
     </span>
    </p>
   </div>
   <div class='ocr_carea' id='block_1_96' title="bbox 733 4855 2322 4932">
    <p class='ocr_par' dir='ltr' id='par_1_96' title="bbox 733 4855 2322 4932">
     <span class='ocr_line' id='line_1_96' title="bbox 733 4855 2322 4932; baseline 0.006 -23"><span class='ocrx_word' id='word_1_745' title='bbox 733 4867 855 4920; x_wconf 80' lang='lat' dir='ltr'><strong>sus,</strong></span> <span class='ocrx_word' id='word_1_746' title='bbox 887 4855 957 4911; x_wconf 89' lang='lat' dir='ltr'><strong>de</strong></span> <span class='ocrx_word' id='word_1_747' title='bbox 1000 4856 1099 4911; x_wconf 91' lang='lat' dir='ltr'><strong>Dei</strong></span> <span class='ocrx_word' id='word_1_748' title='bbox 1143 4857 1413 4913; x_wconf 86' lang='lat' dir='ltr'><strong>Sermone</strong></span> <span class='ocrx_word' id='word_1_749' title='bbox 1460 4860 1729 4930; x_wconf 86' lang='lat' dir='ltr'><strong>cogitare,</strong></span> <span class='ocrx_word' id='word_1_750' title='bbox 1776 4862 2097 4932; x_wconf 89' lang='lat' dir='ltr'><strong>copulatum</strong></span> <span class='ocrx_word' id='word_1_751' title='bbox 2148 4862 2322 4919; x_wconf 84' lang='lat' dir='ltr'><strong>fuisse</strong></span> 
     </span>
    </p>
   </div>
   <div class='ocr_carea' id='block_1_97' title="bbox 731 4949 2323 5023">
    <p class='ocr_par' dir='ltr' id='par_1_97' title="bbox 731 4949 2323 5023">
     <span class='ocr_line' id='line_1_97' title="bbox 731 4949 2323 5023; baseline 0.007 -25"><span class='ocrx_word' id='word_1_752' title='bbox 731 4959 863 4999; x_wconf 85' lang='lat' dir='ltr'><strong>cum</strong></span> <span class='ocrx_word' id='word_1_753' title='bbox 886 4961 947 5000; x_wconf 90' lang='lat' dir='ltr'><strong>re</strong></span> <span class='ocrx_word' id='word_1_754' title='bbox 968 4956 1195 5015; x_wconf 89' lang='lat' dir='ltr'><strong>peccato</strong></span> <span class='ocrx_word' id='word_1_755' title='bbox 1228 4949 1621 5005; x_wconf 88' lang='lat' dir='ltr'><strong>contaminata.</strong></span> <span class='ocrx_word' id='word_1_756' title='bbox 1657 4950 1769 5007; x_wconf 80' lang='lat' dir='ltr'><strong>Nos</strong></span> <span class='ocrx_word' id='word_1_757' title='bbox 1801 4960 1985 5007; x_wconf 88' lang='lat' dir='ltr'><strong>autem</strong></span> <span class='ocrx_word' id='word_1_758' title='bbox 2017 4953 2323 5023; x_wconf 89' lang='lat' dir='ltr'><strong>responde-</strong></span> 
     </span>
    </p>
   </div>
   <div class='ocr_carea' id='block_1_98' title="bbox 735 5037 2321 5107">
    <p class='ocr_par' dir='ltr' id='par_1_98' title="bbox 735 5037 2321 5107">
     <span class='ocr_line' id='line_1_98' title="bbox 735 5037 2321 5107; baseline 0.006 -18"><span class='ocrx_word' id='word_1_759' title='bbox 735 5048 885 5096; x_wconf 87' lang='lat' dir='ltr'><strong>mus,</strong></span> <span class='ocrx_word' id='word_1_760' title='bbox 937 5050 969 5089; x_wconf 92' lang='lat' dir='ltr'><strong>e</strong></span> <span class='ocrx_word' id='word_1_761' title='bbox 1018 5037 1302 5091; x_wconf 87' lang='lat' dir='ltr'><strong>contrario</strong></span> <span class='ocrx_word' id='word_1_762' title='bbox 1346 5038 1532 5106; x_wconf 86' lang='lat' dir='ltr'><strong>potius</strong></span> <span class='ocrx_word' id='word_1_763' title='bbox 1574 5040 2024 5107; x_wconf 77' lang='lat' dir='ltr'><strong>existimandum,</strong></span> <span class='ocrx_word' id='word_1_764' title='bbox 2067 5043 2321 5100; x_wconf 75' lang='lat' dir='ltr'><strong>obnoxia:</strong></span> 
     </span>
    </p>
   </div>
   <div class='ocr_carea' id='block_1_99' title="bbox 738 5127 2319 5204">
    <p class='ocr_par' dir='ltr' id='par_1_99' title="bbox 738 5127 2319 5204">
     <span class='ocr_line' id='line_1_99' title="bbox 738 5127 2319 5204; baseline 0.008 -25"><span class='ocrx_word' id='word_1_765' title='bbox 738 5134 967 5197; x_wconf 70' lang='lat' dir='ltr'><strong>peccato</strong></span> <span class='ocrx_word' id='word_1_766' title='bbox 997 5127 1079 5181; x_wconf 92' lang='lat' dir='ltr'><strong>rei</strong></span> <span class='ocrx_word' id='word_1_767' title='bbox 1115 5136 1407 5198; x_wconf 88' lang='lat' dir='ltr'><strong>propterea</strong></span> <span class='ocrx_word' id='word_1_768' title='bbox 1452 5130 1623 5186; x_wconf 81' lang='lat' dir='ltr'><strong>fuisse</strong></span> <span class='ocrx_word' id='word_1_769' title='bbox 1682 5134 2023 5204; x_wconf 89' lang='lat' dir='ltr'><strong>copulatum,</strong></span> <span class='ocrx_word' id='word_1_770' title='bbox 2052 5136 2200 5204; x_wconf 87' lang='lat' dir='ltr'><strong>quod</strong></span> <span class='ocrx_word' id='word_1_771' title='bbox 2254 5152 2319 5192; x_wconf 91' lang='lat' dir='ltr'><strong>ea</strong></span> 
     </span>
    </p>
   </div>
   <div class='ocr_carea' id='block_1_100' title="bbox 735 5216 2320 5296">
    <p class='ocr_par' dir='ltr' id='par_1_100' title="bbox 735 5216 2320 5296">
     <span class='ocr_line' id='line_1_100' title="bbox 735 5216 2320 5296; baseline 0.008 -24"><span class='ocrx_word' id='word_1_772' title='bbox 735 5216 936 5272; x_wconf 81' lang='lat' dir='ltr'><strong>salutis</strong></span> <span class='ocrx_word' id='word_1_773' title='bbox 968 5216 1265 5289; x_wconf 82' lang='lat' dir='ltr'><strong>indigeret.</strong></span> <span class='ocrx_word' id='word_1_774' title='bbox 1298 5220 1436 5275; x_wconf 86' lang='lat' dir='ltr'><strong>Nam</strong></span> <span class='ocrx_word' id='word_1_775' title='bbox 1480 5223 1561 5277; x_wconf 89' lang='lat' dir='ltr'><strong>illi</strong></span> <span class='ocrx_word' id='word_1_776' title='bbox 1592 5224 1830 5279; x_wconf 88' lang='lat' dir='ltr'><strong>salutem</strong></span> <span class='ocrx_word' id='word_1_777' title='bbox 1882 5226 2201 5296; x_wconf 87' lang='lat' dir='ltr'><strong>acquisivit,</strong></span> <span class='ocrx_word' id='word_1_778' title='bbox 2229 5230 2320 5285; x_wconf 91' lang='lat' dir='ltr'><strong>cui</strong></span> 
     </span>
    </p>
   </div>
   <div class='ocr_carea' id='block_1_101' title="bbox 730 5309 2319 5390">
    <p class='ocr_par' dir='ltr' id='par_1_101' title="bbox 730 5309 2319 5390">
     <span class='ocr_line' id='line_1_101' title="bbox 730 5309 2319 5390; baseline 0.009 -29"><span class='ocrx_word' id='word_1_779' title='bbox 730 5309 1068 5378; x_wconf 68' lang='lat' dir='ltr'><strong>coniunctus</strong></span> <span class='ocrx_word' id='word_1_780' title='bbox 1120 5310 1246 5366; x_wconf 79' lang='lat' dir='ltr'><strong>fuit.</strong></span> <span class='ocrx_word' id='word_1_781' title='bbox 1295 5310 1431 5368; x_wconf 78' lang='lat' dir='ltr'><strong>Cum</strong></span> <span class='ocrx_word' id='word_1_782' title='bbox 1488 5314 1606 5371; x_wconf 65' lang='lat' dir='ltr'><strong>haec</strong></span> <span class='ocrx_word' id='word_1_783' title='bbox 1643 5325 1832 5371; x_wconf 89' lang='lat' dir='ltr'><strong>essent</strong></span> <span class='ocrx_word' id='word_1_784' title='bbox 1886 5319 2098 5373; x_wconf 86' lang='lat' dir='ltr'><strong>moveri</strong></span> <span class='ocrx_word' id='word_1_785' title='bbox 2137 5331 2319 5390; x_wconf 71' lang='lat' dir='ltr'><strong>empta</strong></span> 
     </span>
    </p>
   </div>
   <div class='ocr_carea' id='block_1_102' title="bbox 734 5398 2318 5478">
    <p class='ocr_par' dir='ltr' id='par_1_102' title="bbox 734 5398 2318 5478">
     <span class='ocr_line' id='line_1_102' title="bbox 734 5398 2318 5478; baseline 0.009 -27"><span class='ocrx_word' id='word_1_786' title='bbox 734 5398 1010 5469; x_wconf 79' lang='lat' dir='ltr'><strong>dogmata,</strong></span> <span class='ocrx_word' id='word_1_787' title='bbox 1042 5398 1654 5474; x_wconf 89' lang='lat' dir='ltr'><strong>Constantinopolitana</strong></span> <span class='ocrx_word' id='word_1_788' title='bbox 1708 5408 1974 5478; x_wconf 80' lang='lat' dir='ltr'><strong>synodus,</strong></span> <span class='ocrx_word' id='word_1_789' title='bbox 2028 5409 2318 5467; x_wconf 87' lang='lat' dir='ltr'><strong>hominum</strong></span> 
     </span>
    </p>
   </div>
   <div class='ocr_carea' id='block_1_103' title="bbox 738 5489 2319 5574">
    <p class='ocr_par' dir='ltr' id='par_1_103' title="bbox 738 5489 2319 5574">
     <span class='ocr_line' id='line_1_103' title="bbox 738 5489 2319 5574; baseline 0.01 -31"><span class='ocrx_word' id='word_1_790' title='bbox 738 5489 860 5557; x_wconf 74' lang='grc'>150,</span> <span class='ocrx_word' id='word_1_791' title='bbox 899 5493 1095 5559; x_wconf 82' lang='lat' dir='ltr'><strong>coivit;</strong></span> <span class='ocrx_word' id='word_1_792' title='bbox 1131 5493 1190 5549; x_wconf 91' lang='lat' dir='ltr'><strong>in</strong></span> <span class='ocrx_word' id='word_1_793' title='bbox 1234 5510 1344 5565; x_wconf 88' lang='lat' dir='ltr'><strong>qua</strong></span> <span class='ocrx_word' id='word_1_794' title='bbox 1396 5497 1504 5553; x_wconf 87' lang='lat' dir='ltr'><strong>viri</strong></span> <span class='ocrx_word' id='word_1_795' title='bbox 1555 5500 1737 5569; x_wconf 84' lang='lat' dir='ltr'><strong>magni</strong></span> <span class='ocrx_word' id='word_1_796' title='bbox 1786 5500 2033 5563; x_wconf 87' lang='lat' dir='ltr'><strong>fuerunt,</strong></span> <span class='ocrx_word' id='word_1_797' title='bbox 2067 5501 2319 5574; x_wconf 82' lang='lat' dir='ltr'><strong>Gregorii</strong></span> 
     </span>
    </p>
   </div>
   <div class='ocr_carea' id='block_1_104' title="bbox 2424 4779 4017 4865">
    <p class='ocr_par' dir='ltr' id='par_1_104' title="bbox 2424 4779 4017 4865">
     <span class='ocr_line' id='line_1_104' title="bbox 2424 4779 4017 4865; baseline 0.014 -35"><span class='ocrx_word' id='word_1_798' title='bbox 2424 4779 2572 4849; x_wconf 80' lang='grc' dir='ltr'><strong>ήφθη</strong></span> <span class='ocrx_word' id='word_1_799' title='bbox 2602 4784 2709 4835; x_wconf 83' lang='grc' dir='ltr'><strong>τινί</strong></span> <span class='ocrx_word' id='word_1_800' title='bbox 2739 4783 3122 4857; x_wconf 64' lang='grc' dir='ltr'>ἀμαρτητικῷ.</span> <span class='ocrx_word' id='word_1_801' title='bbox 3169 4790 3364 4860; x_wconf 78' lang='grc' dir='ltr'>Ἡμεῖς</span> <span class='ocrx_word' id='word_1_802' title='bbox 3400 4793 3457 4846; x_wconf 85' lang='grc' dir='ltr'>δὲ</span> <span class='ocrx_word' id='word_1_803' title='bbox 3487 4794 3743 4865; x_wconf 76' lang='grc' dir='ltr'>λέγομεν,</span> <span class='ocrx_word' id='word_1_804' title='bbox 3775 4799 3862 4850; x_wconf 85' lang='grc' dir='ltr'>ὅτι</span> <span class='ocrx_word' id='word_1_805' title='bbox 3890 4802 4017 4855; x_wconf 77' lang='grc' dir='ltr'><strong>τού-</strong></span> 
     </span>
    </p>
   </div>
   <div class='ocr_carea' id='block_1_105' title="bbox 2425 4872 4018 4962">
    <p class='ocr_par' dir='ltr' id='par_1_105' title="bbox 2425 4872 4018 4962">
     <span class='ocr_line' id='line_1_105' title="bbox 2425 4872 4018 4962; baseline 0.014 -38"><span class='ocrx_word' id='word_1_806' title='bbox 2425 4872 2641 4962; x_wconf 82' lang='grc' dir='ltr'>ναντίον</span> <span class='ocrx_word' id='word_1_807' title='bbox 2669 4873 2747 4943; x_wconf 79' lang='grc' dir='ltr'><strong>τῷ</strong></span> <span class='ocrx_word' id='word_1_808' title='bbox 2780 4876 3143 4951; x_wconf 79' lang='grc' dir='ltr'>ἁμαρτητικῷ</span> <span class='ocrx_word' id='word_1_809' title='bbox 3171 4881 3256 4935; x_wconf 84' lang='grc' dir='ltr'>δεῖ</span> <span class='ocrx_word' id='word_1_810' title='bbox 3290 4884 3491 4953; x_wconf 78' lang='grc' dir='ltr'>μᾶλλον</span> <span class='ocrx_word' id='word_1_811' title='bbox 3525 4887 3686 4941; x_wconf 79' lang='grc' dir='ltr'>αὐτὸν</span> <span class='ocrx_word' id='word_1_812' title='bbox 3711 4888 4018 4962; x_wconf 78' lang='grc' dir='ltr'>ὑπονοῆσαι</span> 
     </span>
    </p>
   </div>
   <div class='ocr_carea' id='block_1_106' title="bbox 2425 4961 4017 5054">
    <p class='ocr_par' dir='ltr' id='par_1_106' title="bbox 2425 4961 4017 5054">
     <span class='ocr_line' id='line_1_106' title="bbox 2425 4961 4017 5054; baseline 0.014 -43"><span class='ocrx_word' id='word_1_813' title='bbox 2425 4961 2788 5054; x_wconf 60' lang='grc' dir='ltr'>συναφθῆναι,</span> <span class='ocrx_word' id='word_1_814' title='bbox 2812 4964 2890 5033; x_wconf 81' lang='grc' dir='ltr'>τῷ</span> <span class='ocrx_word' id='word_1_815' title='bbox 2915 4967 3009 5020; x_wconf 76' lang='grc' dir='ltr'>καὶ</span> <span class='ocrx_word' id='word_1_816' title='bbox 3033 4972 3309 5041; x_wconf 76' lang='grc' dir='ltr'>σωτηρίας</span> <span class='ocrx_word' id='word_1_817' title='bbox 3339 4972 3602 5046; x_wconf 82' lang='grc' dir='ltr'>δεομένῳ.</span> <span class='ocrx_word' id='word_1_818' title='bbox 3632 4976 3880 5032; x_wconf 78' lang='grc' dir='ltr'>Ἐκεῖνον</span> <span class='ocrx_word' id='word_1_819' title='bbox 3909 4961 4017 5054; x_wconf 82' lang='grc' dir='ltr'><strong>γὰρ</strong></span> 
     </span>
    </p>
   </div>
   <div class='ocr_carea' id='block_1_107' title="bbox 2422 5048 4016 5136">
    <p class='ocr_par' dir='ltr' id='par_1_107' title="bbox 2422 5048 4016 5136">
     <span class='ocr_line' id='line_1_107' title="bbox 2422 5048 4016 5136; baseline 0.014 -33"><span class='ocrx_word' id='word_1_820' title='bbox 2422 5048 2706 5123; x_wconf 57' lang='grc' dir='ltr'>ἔσωσενμῦ</span> <span class='ocrx_word' id='word_1_821' title='bbox 2728 5057 2823 5109; x_wconf 78' lang='grc' dir='ltr'>καὶ</span> <span class='ocrx_word' id='word_1_822' title='bbox 2852 5056 3119 5131; x_wconf 68' lang='grc' dir='ltr'><strong>συνήφοη.</strong></span> <span class='ocrx_word' id='word_1_823' title='bbox 3141 5061 3360 5117; x_wconf 76' lang='grc' dir='ltr'>Τούτων</span> <span class='ocrx_word' id='word_1_824' title='bbox 3388 5064 3495 5120; x_wconf 82' lang='grc' dir='ltr'><strong>τῶν</strong></span> <span class='ocrx_word' id='word_1_825' title='bbox 3516 5066 3808 5136; x_wconf 80' lang='grc' dir='ltr'>δογμάτων</span> <span class='ocrx_word' id='word_1_826' title='bbox 3830 5048 4016 5125; x_wconf 46' lang='grc' dir='ltr'>κινουλ</span> 
     </span>
    </p>
   </div>
   <div class='ocr_carea' id='block_1_108' title="bbox 2426 5143 4017 5229">
    <p class='ocr_par' dir='ltr' id='par_1_108' title="bbox 2426 5143 4017 5229">
     <span class='ocr_line' id='line_1_108' title="bbox 2426 5143 4017 5229; baseline 0.015 -34"><span class='ocrx_word' id='word_1_827' title='bbox 2426 5143 2622 5213; x_wconf 83' lang='grc' dir='ltr'>μένων,</span> <span class='ocrx_word' id='word_1_828' title='bbox 2649 5148 2969 5220; x_wconf 83' lang='grc' dir='ltr'>συνέρχεται</span> <span class='ocrx_word' id='word_1_829' title='bbox 3015 5154 3048 5224; x_wconf 71' lang='grc' dir='ltr'><strong>ἡ</strong></span> <span class='ocrx_word' id='word_1_830' title='bbox 3083 5155 3141 5207; x_wconf 85' lang='grc' dir='ltr'>ὲν</span> <span class='ocrx_word' id='word_1_831' title='bbox 3174 5154 3750 5222; x_wconf 77' lang='grc' dir='ltr'>Κωνσταντινουπδλει</span> <span class='ocrx_word' id='word_1_832' title='bbox 3796 5163 4017 5229; x_wconf 74' lang='grc' dir='ltr'>σύνοδος</span> 
     </span>
    </p>
   </div>
   <div class='ocr_carea' id='block_1_109' title="bbox 2421 5233 4015 5324">
    <p class='ocr_par' dir='ltr' id='par_1_109' title="bbox 2421 5233 4015 5324">
     <span class='ocr_line' id='line_1_109' title="bbox 2421 5233 4015 5324; baseline 0.015 -38"><span class='ocrx_word' id='word_1_833' title='bbox 2421 5233 2633 5304; x_wconf 82' lang='grc' dir='ltr'>ἀνδρῶν</span> <span class='ocrx_word' id='word_1_834' title='bbox 2668 5245 2744 5309; x_wconf 81' lang='grc' dir='ltr'>ρν⁰</span> <span class='ocrx_word' id='word_1_835' title='bbox 2776 5239 2897 5310; x_wconf 78' lang='grc' dir='ltr'>ἥτις</span> <span class='ocrx_word' id='word_1_836' title='bbox 2923 5240 3122 5313; x_wconf 84' lang='grc' dir='ltr'>ἄνδρας</span> <span class='ocrx_word' id='word_1_837' title='bbox 3151 5243 3278 5316; x_wconf 72' lang='grc' dir='ltr'>ἔσχε</span> <span class='ocrx_word' id='word_1_838' title='bbox 3312 5248 3605 5316; x_wconf 83' lang='grc' dir='ltr'>μεγάλους,</span> <span class='ocrx_word' id='word_1_839' title='bbox 3635 5252 3765 5314; x_wconf 87' lang='grc' dir='ltr'>τοὺς</span> <span class='ocrx_word' id='word_1_840' title='bbox 3797 5253 3839 5306; x_wconf 90' lang='grc' dir='ltr'><strong>Γ</strong></span> <span class='ocrx_word' id='word_1_841' title='bbox 3843 5272 4015 5324; x_wconf 77' lang='grc' dir='ltr'>ρηγοο</span> 
     </span>
    </p>
   </div>
   <div class='ocr_carea' id='block_1_110' title="bbox 2422 5326 4015 5419">
    <p class='ocr_par' dir='ltr' id='par_1_110' title="bbox 2422 5326 4015 5419">
     <span class='ocr_line' id='line_1_110' title="bbox 2422 5326 4015 5419; baseline 0.015 -41"><span class='ocrx_word' id='word_1_842' title='bbox 2422 5326 2594 5419; x_wconf 81' lang='grc' dir='ltr'>ρίους,</span> <span class='ocrx_word' id='word_1_843' title='bbox 2613 5331 2709 5382; x_wconf 76' lang='grc' dir='ltr'>καὶ</span> <span class='ocrx_word' id='word_1_844' title='bbox 2743 5331 3111 5403; x_wconf 78' lang='grc' dir='ltr'>’Λμφιλόχιον.</span> <span class='ocrx_word' id='word_1_845' title='bbox 3140 5338 3250 5391; x_wconf 78' lang='grc' dir='ltr'><strong>Καὶ</strong></span> <span class='ocrx_word' id='word_1_846' title='bbox 3283 5340 4015 5419; x_wconf 68' lang='grc' dir='ltr'>συναχθέντες,καθαιροῦσι</span> 
     </span>
    </p>
   </div>
   <div class='ocr_carea' id='block_1_111' title="bbox 2417 5418 4010 5503">
    <p class='ocr_par' dir='ltr' id='par_1_111' title="bbox 2417 5418 4010 5503">
     <span class='ocr_line' id='line_1_111' title="bbox 2417 5418 4010 5503; baseline 0.014 -33"><span class='ocrx_word' id='word_1_847' title='bbox 2417 5418 2509 5471; x_wconf 67' lang='grc' dir='ltr'><strong>τὸν</strong></span> <span class='ocrx_word' id='word_1_848' title='bbox 2553 5420 2887 5478; x_wconf 82' lang='grc' dir='ltr'>Μακεδόνων</span> <span class='ocrx_word' id='word_1_849' title='bbox 2939 5430 3033 5481; x_wconf 82' lang='grc' dir='ltr'>καὶ</span> <span class='ocrx_word' id='word_1_850' title='bbox 3086 5429 3465 5503; x_wconf 79' lang='grc' dir='ltr'>’Δπολινάριον</span> <span class='ocrx_word' id='word_1_851' title='bbox 3490 5452 3506 5466; x_wconf 90' lang='grc'><strong>·</strong></span> <span class='ocrx_word' id='word_1_852' title='bbox 3555 5436 3651 5489; x_wconf 74' lang='grc' dir='ltr'>καὶ</span> <span class='ocrx_word' id='word_1_853' title='bbox 3692 5437 4010 5493; x_wconf 71' lang='grc' dir='ltr'>ἐκτίθενται</span> 
     </span>
    </p>
   </div>
   <div class='ocr_carea' id='block_1_112' title="bbox 2418 5508 3723 5598">
    <p class='ocr_par' dir='ltr' id='par_1_112' title="bbox 2418 5508 3723 5598">
     <span class='ocr_line' id='line_1_112' title="bbox 2418 5508 3723 5598; baseline 0.015 -37"><span class='ocrx_word' id='word_1_854' title='bbox 2418 5508 2566 5577; x_wconf 81' lang='grc' dir='ltr'>ὅρον,</span> <span class='ocrx_word' id='word_1_855' title='bbox 2602 5513 2722 5582; x_wconf 70' lang='grc' dir='ltr'>ἦτοι</span> <span class='ocrx_word' id='word_1_856' title='bbox 2755 5516 2987 5588; x_wconf 81' lang='grc' dir='ltr'>μάθημα</span> <span class='ocrx_word' id='word_1_857' title='bbox 3013 5518 3275 5586; x_wconf 83' lang='grc' dir='ltr'>πίστεως,</span> <span class='ocrx_word' id='word_1_858' title='bbox 3300 5524 3441 5594; x_wconf 80' lang='grc' dir='ltr'>ὅπερ</span> <span class='ocrx_word' id='word_1_859' title='bbox 3467 5524 3723 5598; x_wconf 76' lang='grc' dir='ltr'>λέγομεν.</span> 
     </span>
    </p>
   </div>
   <div class='ocr_carea' id='block_1_113' title="bbox 733 5582 3997 5685">
    <p class='ocr_par' dir='ltr' id='par_1_113' title="bbox 733 5582 3997 5685">
     <span class='ocr_line' id='line_1_113' title="bbox 733 5582 3997 5685; baseline 0.012 -46"><span class='ocrx_word' id='word_1_860' title='bbox 733 5582 872 5653; x_wconf 87' lang='lat' dir='ltr'><strong>duo,</strong></span> <span class='ocrx_word' id='word_1_861' title='bbox 903 5594 961 5641; x_wconf 89' lang='lat' dir='ltr'><strong>et</strong></span> <span class='ocrx_word' id='word_1_862' title='bbox 990 5586 1436 5659; x_wconf 80' lang='lat' dir='ltr'><strong>Amphilochius.</strong></span> <span class='ocrx_word' id='word_1_863' title='bbox 1503 5591 1570 5646; x_wconf 85' lang='lat' dir='ltr'><strong>Hi</strong></span> <span class='ocrx_word' id='word_1_864' title='bbox 1612 5592 1855 5659; x_wconf 90' lang='lat' dir='ltr'><strong>collecti,</strong></span> <span class='ocrx_word' id='word_1_865' title='bbox 1893 5595 2275 5652; x_wconf 82' lang='lat' dir='ltr'><strong>Macedoniam</strong></span> <span class='ocrx_word' id='word_1_866' title='bbox 2307 5604 2365 5651; x_wconf 89' lang='lat' dir='ltr'><strong>et</strong></span> <span class='ocrx_word' id='word_1_867' title='bbox 2401 5582 2779 5670; x_wconf 82' lang='lat' dir='ltr'><strong>Apollinarem</strong></span> <span class='ocrx_word' id='word_1_868' title='bbox 2826 5582 3131 5669; x_wconf 37' lang='lat' dir='ltr'><strong>abuofticio</strong></span> <span class='ocrx_word' id='word_1_869' title='bbox 3183 5582 3559 5685; x_wconf 61' lang='lat' dir='ltr'><strong>removerunt;</strong></span> <span class='ocrx_word' id='word_1_870' title='bbox 3600 5582 3656 5675; x_wconf 75' lang='lat' dir='ltr'><strong>et</strong></span> <span class='ocrx_word' id='word_1_871' title='bbox 3705 5619 3997 5678; x_wconf 74' lang='lat' dir='ltr'><strong>decretum</strong></span> 
     </span>
    </p>
   </div>
   <div class='ocr_carea' id='block_1_114' title="bbox 734 5675 2754 5763">
    <p class='ocr_par' dir='ltr' id='par_1_114' title="bbox 734 5675 2754 5763">
     <span class='ocr_line' id='line_1_114' title="bbox 734 5675 2754 5763; baseline 0.011 -32"><span class='ocrx_word' id='word_1_872' title='bbox 734 5675 856 5734; x_wconf 79' lang='lat' dir='ltr'><strong>sive</strong></span> <span class='ocrx_word' id='word_1_873' title='bbox 891 5677 1160 5735; x_wconf 68' lang='lat' dir='ltr'><strong>doctrina.</strong></span> <span class='ocrx_word' id='word_1_874' title='bbox 1195 5680 1323 5738; x_wconf 75' lang='lat' dir='ltr'><strong>ﬁdei</strong></span> <span class='ocrx_word' id='word_1_875' title='bbox 1352 5682 1674 5751; x_wconf 84' lang='lat' dir='ltr'><strong>formulam,</strong></span> <span class='ocrx_word' id='word_1_876' title='bbox 1712 5695 1775 5741; x_wconf 92' lang='lat' dir='ltr'><strong>ut</strong></span> <span class='ocrx_word' id='word_1_877' title='bbox 1814 5687 1964 5759; x_wconf 82' lang='lat' dir='ltr'><strong>loqui</strong></span> <span class='ocrx_word' id='word_1_878' title='bbox 2031 5690 2306 5757; x_wconf 85' lang='lat' dir='ltr'><strong>solemus,</strong></span> <span class='ocrx_word' id='word_1_879' title='bbox 2351 5705 2754 5763; x_wconf 81' lang='lat' dir='ltr'><strong>exposuerunt.</strong></span> 
     </span>
    </p>
   </div>
   <div class='ocr_carea' id='block_1_115' title="bbox 808 5856 2317 5947">
    <p class='ocr_par' dir='ltr' id='par_1_115' title="bbox 808 5856 2317 5938">
     <span class='ocr_line' id='line_1_115' title="bbox 808 5856 2317 5938; baseline 0.009 -25"><span class='ocrx_word' id='word_1_880' title='bbox 808 5860 850 5888; x_wconf 85' lang='lat'><strong>&quot;</strong></span> <span class='ocrx_word' id='word_1_881' title='bbox 887 5856 1012 5916; x_wconf 77' lang='lat' dir='ltr'><strong>Act.</strong></span> <span class='ocrx_word' id='word_1_882' title='bbox 1046 5877 1097 5925; x_wconf 82' lang='grc' dir='ltr'><strong>ν,</strong></span> <span class='ocrx_word' id='word_1_883' title='bbox 1134 5862 1187 5927; x_wconf 79' lang='lat'><strong>3,</strong></span> <span class='ocrx_word' id='word_1_884' title='bbox 1216 5862 1267 5916; x_wconf 66' lang='grc'><strong>4.</strong></span> <span class='ocrx_word' id='word_1_885' title='bbox 1349 5865 1393 5896; x_wconf 82' lang='grc'><strong><em>⁸⁹</em></strong></span> <span class='ocrx_word' id='word_1_886' title='bbox 1429 5866 1549 5923; x_wconf 79' lang='lat' dir='ltr'><strong>Act.</strong></span> <span class='ocrx_word' id='word_1_887' title='bbox 1586 5884 1698 5934; x_wconf 70' lang='lat' dir='ltr'><strong>xm,</strong></span> <span class='ocrx_word' id='word_1_888' title='bbox 1740 5869 1793 5922; x_wconf 72' lang='lat'><strong>2.</strong></span> <span class='ocrx_word' id='word_1_889' title='bbox 1874 5870 1913 5900; x_wconf 85' lang='grc'><strong>³²</strong></span> <span class='ocrx_word' id='word_1_890' title='bbox 1948 5870 2106 5925; x_wconf 71' lang='grc' dir='ltr'>ιῐςιτιιι.</span> <span class='ocrx_word' id='word_1_891' title='bbox 2144 5890 2227 5938; x_wconf 76' lang='lat' dir='ltr'><strong>xv,</strong></span> <span class='ocrx_word' id='word_1_892' title='bbox 2256 5875 2317 5927; x_wconf 70' lang='lat'><strong>‘26</strong></span> 
     </span>
    </p>
   </div>
   <div class='ocr_carea' id='block_1_116' title="bbox 2419 5856 3043 5947">
    <p class='ocr_par' dir='ltr' id='par_1_116' title="bbox 2427 5878 3043 5947">
     <span class='ocr_line' id='line_1_116' title="bbox 2427 5878 3043 5947; baseline 0.013 -17"><span class='ocrx_word' id='word_1_893' title='bbox 2427 5878 2471 5910; x_wconf 86' lang='grc'><strong>³¹</strong></span> <span class='ocrx_word' id='word_1_894' title='bbox 2505 5878 2695 5933; x_wconf 75' lang='lat' dir='ltr'><strong>Matth.</strong></span> <span class='ocrx_word' id='word_1_895' title='bbox 2736 5897 2918 5947; x_wconf 74' lang='lat' dir='ltr'><strong>nun,</strong></span> <span class='ocrx_word' id='word_1_896' title='bbox 2958 5884 3043 5939; x_wconf 77' lang='lat' dir='ltr'><strong>l9.</strong></span> 
     </span>
    </p>
   </div>
  </div>
