4218 6444
234 479 367 551 1211

1440 475 1537 536 DE
1577 470 1855 534 SECTIS.
1896 495 1964 506 -
2005 468 2161 530 ΛΒΤ.
2204 469 2303 532 IV.

3369 486 3508 553 1222

306 596 441 667 Περὶ
471 594 526 648 δὲ
554 592 681 658 τοῦς
704 592 932 666 χρόνους
957 591 1198 652 ἐκείνους
1233 590 1481 657 ἐγένοντο
1504 587 1597 643 δύο
1627 586 1806 656 ἄνδρες

1992 580 2080 637 Ill.
2104 581 2447 637 Exstitcrunt
2465 581 2532 638 iis
2564 576 2905 654 temporibus
2924 588 3106 660 magni
3141 591 3368 664 quidam
3393 599 3504 655 duo

233 686 486 754 μεγάλοι,
515 683 778 755 Διόδωρος
805 685 834 736 6
883 680 1102 751 Ταρσοῦ
1134 679 1452 744 ἐπίσκοπος,
1479 680 1574 734 καὶ⁸
1604 679 1814 734 Θεόδω-

231 792 330 848 ρος
381 779 410 830 6
461 775 839 846 Μοψουεστίας
869 791 881 804 ο
925 776 1124 838 οἵτινες
1181 774 1622 844 ἀντηγωνίσαντο
1678 772 1818 846 πρὸς

244 867 584 940 Ἀρειανοῦς,
617 868 708 921 καὶ
743 867 1080 922 Μακεδόνιον
1103 907 1118 931 ,
1150 867 1245 920 καὶ
1282 867 1680 938 Ἀπολινάριον,
1724 866 1817 921 καὶ

228 961 335 1030 τὴν
381 961 549 1031 ἄλλην
585 960 808 1032 Γραφὴν
841 959 1326 1030 ὑπεμνημάτισαν,
1358 962 1451 1012 καὶ
1473 961 1530 1012 ἐν
1565 963 1698 1030 τιμῇ
1730 960 1819 1014 6v-

227 1066 324 1115 τες
351 1052 589 1126 μεγάλῃ,
619 1052 922 1106 ἀπέθανον·
954 1052 1048 1105 καὶ
1087 1051 1262 1115 οὐδεὶς
1291 1054 1350 1105 ἐν
1386 1054 1452 1122 τῇ
1485 1052 1598 1124 ζωῇ
1634 1052 1818 1107 αὐτῶν

232 1143 535 1198 ἐπελάὃετό
565 1160 712 1208 τινος
753 1142 936 1198 αὐτῶν
963 1161 978 1176 ο
1020 1143 1136 1195 ἀλλ’
1167 1144 1419 1214 ἐγκώμια
1459 1145 1707 1216 ἔγραψαν
1735 1149 1819 1210 εἰς

226 1233 431 1298 αὐτοὺς
451 1233 656 1288 πολλοί.
677 1235 786 1290 Καὶ
805 1235 1084 1301 Βασίλειος
1104 1239 1212 1307 γάρ
1234 1242 1430 1304 αὐτοὺς
1456 1240 1815 1310 ἐγκωμιάζει,

227 1325 329 1378 καὶ
360 1325 606 1398 Ἰωάννης
637 1329 666 1380 6
694 1327 1100 1400 Χρυσόστομος.
1127 1330 1396 1402 Ὕστερον
1415 1330 1471 1385 δὲ
1497 1335 1816 1401 κινουμένου

228 1415 327 1470 τοῦ
379 1418 747 1489 Νεστοριανοῦ
772 1419 1080 1490 ¹δόγματος,
1106 1424 1428 1494 ἠναγκάσθη
1462 1425 1751 1497 Κύριλλος,
1787 1431 1816 1482 6

231 1509 429 1581 πρώην
475 1512 675 1575 αὐτοὺς
717 1513 994 1580 ἐπαινῶν,
1041 1517 1181 1569 κατὰ
1221 1517 1330 1571 τῶν
1365 1522 1817 1590 συγγραμμάτων

228 1602 411 1654 αὐτῶν
430 1603 637 1674 γράψαι
653 1621 666 1636 ι
690 1606 880 1676 ἐπειδὴ
910 1607 1005 1660 ἀπ’
1026 1609 1205 1661 αὐτῶν
1233 1612 1539 1682 ίσχυρίζετο
1565 1615 1626 1665 τὸ
1642 1614 1817 1684 δόγμα

227 1691 398 1745 αὑτοῦ
444 1695 474 1746 6
510 1694 828 1767 Νεστόριος.
875 1698 1462 1772 ’Υπομνηματίσαντες
1516 1705 1624 1776 γάρ
1667 1702 1815 1761 οῦτοι

230 1781 329 1854 τὴν
374 1785 538 1854 ἁγίαν
587 1786 813 1858 Γραφὴν
836 1828 851 1854 ,
893 1791 994 1844 οὑκ
1025 1791 1261 1864 ἔστησαν
1291 1796 1420 1865 ἄχρι
1451 1796 1546 1848 τοῦ
1574 1796 1814 1864 δέοντος,

1921 675 2046 740 viri,
2078 673 2355 730 Diodorus
2410 675 2703 746 episcopus
2727 677 2906 745 Tarsi,
2930 690 2989 735 et
3029 683 3357 744 Theodorus
3392 692 3507 747 κιο-

1920 767 2181 840 psuestize
2212 785 2224 822 :
2260 768 2354 840 qui
2383 779 2439 824 et
2464 768 2731 826 adversus
2749 773 3006 839 Arianos,
3024 784 3081 830 et
3097 776 3501 851 Macedonium,

1919 871 1975 916 et
1993 861 2368 932 Apollinarem
2393 863 2736 934 pugnabant,
2751 867 3148 940 universasque
3164 871 3402 930 Litteras
3417 895 3506 933 sa-

1917 968 2043 1010 cras
2067 957 2482 1012 commentariis
2507 958 2856 1016 illustrabant
2879 1003 2894 1027 ,
2919 974 2978 1018 et
3005 964 3058 1019 in
3096 970 3277 1035 pretio
3302 970 3500 1038 habiti,

1918 1054 2154 1102 mortem
2184 1049 2570 1119 oppetierunt;
2606 1067 2711 1108 nec
2739 1053 2876 1124 ipsis
2918 1057 3056 1112 vivis
3097 1061 3389 1131 quisquam
3415 1065 3505 1120 di-

1917 1146 2068 1194 ctum
2089 1139 2310 1211 aliquod
2341 1156 2537 1197 eorum
2571 1146 3044 1216 reprehendebat;
3099 1153 3210 1208 imo
3248 1159 3505 1226 complu-

1920 1245 2009 1284 res
2044 1233 2268 1302 scriptis
2307 1234 2581 1288 encomiis
2622 1251 2720 1291 eos
2743 1239 3119 1298 celebrarunt.
3154 1247 3288 1301 Nam
3315 1258 3372 1303 et
3399 1249 3503 1305 Ba-

1890 1323 2073 1377 'silius
2095 1336 2152 1380 et
2171 1324 2412 1382 Joannes
2441 1326 2876 1398 Chrysostomus
2914 1351 3012 1390 eos
3049 1340 3368 1406 pradicant.
3397 1345 3504 1400 Ve-

1919 1431 2040 1470 rum
2071 1427 2262 1488 postea
2296 1428 2444 1473 moto
2474 1420 2730 1492 dogmate
2768 1423 3119 1491 Nestoriano,
3162 1428 3390 1491 coactus
3416 1448 3504 1494 est

1915 1508 2174 1581 Cyrillus,
2193 1512 2288 1581 qui
2312 1522 2368 1567 et
2394 1506 2508 1583 ipse
2535 1514 2751 1584 pridem
2776 1532 2874 1572 eos
2897 1519 3197 1589 laudasset,
3234 1525 3505 1586 adversus

1897 1615 2109 1677 eorum
2158 1618 2328 1672 opera
2377 1605 2658 1671 scribere;
2701 1609 2848 1676 quod
2880 1611 3076 1682 dogma
3108 1631 3269 1672 suum
3301 1619 3502 1677 Nesto-

1919 1691 2034 1747 rius
2063 1708 2130 1748 ex
2157 1695 2241 1750 eis
2288 1696 2664 1753 conﬁrmaret.
2695 1699 2830 1754 Nam
2873 1695 3167 1769 editis‘illi
3215 1725 3400 1768 sacras
3439 1715 3503 1772 in

1919 1781 2160 1839 Litteras
2222 1790 2661 1853 commentariis,
2701 1783 2842 1846 intra
2894 1792 3186 1852 [ines'nou
3230 1804 3501 1860 constite-

226 1874 366 1930 ἀλλὰ
430 1875 785 1949 βουληθέντες
843 1881 1067 1950 μερίσαι
1111 1886 1210 1949 τὰς
1240 1887 1298 1939 ἐν
1331 1889 1398 1958 τῇ
1451 1887 1580 1960 ἁγίᾳ
1621 1889 1806 1961 Γραφῇ

1920 1885 2084 1939 runt;
2119 1878 2214 1932 sed
2272 1895 2396 1934 cum
2453 1881 2789 1940 distribuere
2821 1887 3024 1942 vellent
3069 1905 3350 1950 sacrarum
3382 1895 3502 1953 Lit-

226 1968 434 2034 φωνὰς,
465 1969 563 2034 τὰς
595 1972 696 2040 μὲν
725 1976 792 2044 τῇ
817 1973 1056 2044 θεότητι,
1089 1977 1187 2040 τὰς
1221 1977 1276 2031 δὲ
1311 1982 1375 2050 τῇ
1409 1979 1812 2053 άνθρωπότητν

225 2058 533 2130 εὑρέθησαν
556 2063 651 2117 δύο
674 2067 1003 2130 ὑποστάσεις
1030 2085 1126 2122 του
1149 2072 1388 2137 Χριστοῦ
1428 2079 1520 2127 καὶ
1549 2075 1816 2147 διαίρεσιν

226 2152 562 2219 εἰσάγοντες.
595 2157 704 2211 Καὶ
734 2158 804 2212 δι’
829 2161 960 2214 αὐτὸ
988 2163 1312 2238 ἠναγκάσθη
1337 2167 1366 2218 6
1399 2168 1662 2238 Κύριλλος
1693 2169 1815 2224 κατ’

225 2243 410 2300 αὐτῶν
437 2247 668 2319 γράψαι,
704 2250 831 2304 ἐπεὶ
863 2253 959 2308 ἀπ’
987 2258 1168 2310 αὐτῶν
1210 2257 1518 2332 ίσχυρὶξετο
1549 2262 1611 2315 τὸ
1636 2261 1815 2334 δόγμα

224 2335 397 2391 αὐτοῦ
425 2339 455 2392 6
504 2339 819 2412 Νεστόριος.
847 2345 950 2399 Διά
977 2347 1136 2402 τοῦτο
1179 2349 1235 2404 δὲ
1267 2353 1325 2405 ὲν
1378 2356 1446 2424 τῇ
1472 2354 1586 2426 ζωῇ
1635 2356 1813 2410 αὐτῶν

223 2427 402 2493 οὐδεὶς
432 2429 618 2495 αὐτοῖς
648 2432 923 2500 ἀντεῖπεν,
953 2438 1141 2512 ἐπειδὴ
1169 2442 1228 2494 τὸ
1253 2442 1525 2512 μάχεσθαι
1545 2447 1682 2518 πρὸς
1714 2448 1812 2516 τὰς

229 2517 450 2589 μείζους
475 2523 738 2594 αἱρέσεις,
769 2526 970 2582 ἔσκεπε
998 2531 1066 2585 τά
1098 2533 1326 2589 τοιαῦτα
1355 2535 1621 2607 δόγματα.
1647 2540 1810 2594 ,Μετὰ

225 2611 284 2667 δὲ
317 2614 508 2684 χρόνον
536 2618 714 2688 ὀλίγον
739 2621 834 2675 τοῦ
850 2623 1144 2679 ἀποθανεῖν
1175 2627 1452 2700 Θεόδωρον
1491 2633 1585 2709 καὶ
1610 2623 1810 2685 Διόδωι-

228 2720 344 2775 ραν,
383 2707 599 2780 -ἀνὲστη
631 2713 665 2782 ἡ
699 2711 922 2785 αἵρεσις*
940 2718 1237 2787 Νεπορίου
1261 2737 1274 2751 ⁸
1307 2717 1376 2793 ἦν
1415 2723 1488 2776 δὲ
1517 2707 1810 2786 ἰθωνσταν-

221 2798 587 2864 τινουπόλεως
616 2802 778 2867 αὐτὸς
805 2806 1150 2877 ὸΝεστόριος
1185 2809 1510 2876 ἐπίσκοπος,
1553 2814 1806 2881 Ἀλεξαν-

219 2888 412 2956 δρείας
447 2891 506 2946 δὲ
531 2894 820 2964 Κύριλλος,
865 2898 1196 2971 Ἀντιοχείας
1216 2903 1274 2956 δὲ
1317 2905 1592 2974 Ἰωάννης.

295 3064 362 3118 Τί
385 3065 442 3120 δι
467 3063 534 3138 ἦν
556 3059 618 3121 ab
657 3071 834 3140 δόγμα
856 3074 952 3127 τοῦ
976 3074 1298 3147 Νεστορίου,
1323 3078 1424 3149 ήδη
1453 3079 1555 3148 μὲν
1592 3081 1650 3133 ὲν
1690 3084 1804 3145 τοῖς

223 3157 593 3230 προλαβοῦσιν
639 3165 980 3236 εἰρήκαμεν⁹
1009 3169 1103 3222 καὶ
1147 3168 1245 3225 νῦν
1285 3170 1344 3224 δὲ
1399 3173 1573 3244 μικρά
1603 3172 1806 3238 διεξέλο

1919 1975 2163 2023 terarum
2218 1987 2404 2038 voces,
2439 1974 2576 2029 alias
2619 1974 2688 2028 ad
2723 1976 3095 2048 divinitatem,
3123 1984 3263 2041 alias
3293 1988 3360 2043 ad
3397 2005 3501 2044 na-

1920 2068 2096 2115 turam
2151 2063 2446 2120 humanam
2505 2067 2731 2134 relatas,
2776 2070 3184 2158 deprehensum
3247 2087 3357 2142 est,
3404 2096 3502 2138 eos

1915 2153 2056 2210 duas
2090 2153 2296 2212 Christi
2322 2157 2669 2229 hypostases,
2710 2168 2768 2218 et
2822 2153 3163 2222 divisionem
3203 2173 3499 2240 quamdam

1916 2243 2301 2321 introducere.
2347 2248 2521 2314 Quam
2547 2251 2620 2305 ob
2684 2268 2907 2310 causam
2939 2255 3179 2329 Cyrillus
3233 2263 3508 2324 adversus

1918 2335 2070 2407 ipsos
2121 2339 2369 2395 scribere
2422 2351 2650 2398 coactus
2701 2345 2832 2411 fuit,
2885 2351 3248 2409 contirmante
3301 2356 3500 2428 dogma

1913 2441 2074 2482 suum
2101 2445 2170 2483 ex
2203 2431 2284 2485 eis
2313 2432 2590 2488 Nestorio.
2609 2435 2764 2491 Vivis
2785 2438 3011 2507 quidem
3036 2443 3172 2512 ipsis
3203 2461 3306 2500 cur
3335 2464 3501 2505 nemo

1913 2521 2333 2587 contradixerit,
2372 2525 2578 2581 factum
2611 2527 2738 2584 ideo
2775 2531 2922 2602 quod
2969 2537 3249 2606 pugnandi
3303 2550 3497 2598 contra

1911 2621 2092 2668 sectas
2104 2614 2352 2685 majores
2376 2619 2675 2687 necessitas
2695 2621 2967 2691 ejusmodi
2983 2625 3239 2697 dogmata
3264 2639 3494 2703 tegeret.

1909 2703 1981 2757 At
2012 2699 2180 2774 paulo
2198 2717 2321 2777 post
2365 2725 2529 2780 quam
2578 2711 2724 2766 diem
2761 2713 3087 2774 Theodorus
3116 2735 3181 2776 ac
3222 2699 3498 2782 Diodorus

1910 2785 2202 2863 obiissent,
2231 2799 2496 2856 suscitata
2539 2801 2782 2858 Nestorii
2812 2803 2919 2861 fuit
2943 2806 3175 2866 hzeresis
3214 2829 3229 2866 :
3263 2823 3498 2885 eratque

1907 2885 2554 2971 ConstantinOpolilanus
2578 2893 2874 2966 episcopus
2900 2897 2991 2955 hic
3026 2899 3144 2971 ipse
3182 2902 3496 2973 Nestorius,

1906 2977 2146 3050 Cyrillus
2169 2980 2599 3051 Alexandrinus,
2634 2985 2878 3044 Joannes
2899 2989 3306 3053 Antiochenus.

1979 3068 2068 3124 IV.
2101 3069 2391 3157 Quodnam
2424 3074 2623 3146 dogma
2672 3077 2914 3135 Nestorii
2955 3083 3144 3150 fuerit,
3182 3089 3498 3158 expositum

1909 3161 1963 3217 id
1998 3151 2224 3234 quidem
2255 3174 2341 3220 est
2376 3167 2432 3222 in
2461 3168 2528 3223 iis
2553 3186 2677 3234 quas
2706 3173 2873 3228 modo
2889 3174 3132 3233 diximus
3159 3197 3171 3232 :
3200 3151 3296 3237 sed
3317 3183 3502 3239 nihilo

223 3251 430 3322 θωμεν.
480 3255 594 3308 Οὐκ
639 3257 794 3326 ἔλεγε
829 3259 938 3329 γὰρ
972 3260 1168 3316 ἕνωσιν
1195 3264 1291 3317 τοῦ
1337 3243 1515 3334 Λόγου
1545 3265 1642 3319 τοῦ
1667 3266 1802 3321 Θεοῦ

1910 3253 2093 3310 minus
2121 3245 2314 3326 paucis
2354 3256 2733 3329 'explanemus.
2766 3252 2884 3319 Non
2916 3282 3041 3322 esse
3073 3268 3273 3327 tactam
3313 3273 3499 3331 aiebat

224 3342 363 3411 πρὸς
391 3345 484 3399 τὸν
520 3347 828 3418 ἄνθρωπον,
854 3351 992 3406 ἀλλὰ
1017 3353 1112 3406 δύο
1147 3355 1475 3422 ὑποστάσεις
1507 3358 1683 3426 ἔλεγε,
1714 3361 1808 3413 καὶ

220 3435 490 3508 διαίρεσιν
509 3457 524 3471 ο
549 3440 675 3494 ὅθεν
702 3443 823 3497 οὐδὲ
839 3446 946 3515 ,τὴν
968 3446 1132 3512 ἁγίαν
1153 3449 1376 3520 Μαρίαν
1405 3451 1592 3504 ἐκάλει
1615 3452 1808 3506 Θεοτό-

223 3544 344 3592 κον,
388 3530 527 3585 ἀλλὰ
578 3534 963 3604 Χριστοτόκον.
1005 3539 1065 3591 Εἰ
1107 3539 1164 3593 δὲ
1217 3543 1312 3596 καὶ
1362 3545 1669 3614 ἄνθρωπον,
1713 3547 1806 3600 καὶ

220 3618 360 3674 Θεὸν
395 3623 660 3677 ἀπεκάλει
695 3625 787 3678 τὸν
817 3627 1089 3699 Χριστόν·
1125 3630 1242 3685 ἀλλ’
1273 3632 1456 3686 οὖκέτι
1501 3636 1575 3696 ὡς
1621 3638 1804 3706 ἡμεῖς,

220 3712 364 3767 ἀλλὰ
391 3717 456 3785 τῇ
494 3716 678 3786 σχέσει
717 3720 813 3772 καὶ
861 3723 928 3792 τῇ
985 3723 1280 3778 οἰκειώσει.
1313 3727 1526 3796 ’Ὠσπερ
1571 3728 1806 3798 λέγομεν

221 3807 360 3875 περὶ
389 3805 487 3858 δύο
515 3806 680 3858 τινῶν
712 3808 906 3877 φίλων,
949 3812 1092 3865 πάνυ
1139 3813 1402 3885 ἀλλήλους
1433 3819 1804 3886 ἀγαπώντων*

217 3899 306 3952 ὅτι
346 3899 398 3951 ot
449 3897 545 3952 δύο
589 3892 737 3954 οὗτοι
773 3903 904 3972 μίαν
932 3904 1112 3976 ψυχὴν
1135 3907 1340 3976 ἔχουσι,
1375 3911 1514 3964 κατά
1542 3911 1603 3964 τὸ
1633 3913 1807 3968 ταυτά

219 3990 474 4062 ἀλλήλοις
533 3993 814 4063 ἀρέσκειν,
849 3995 940 4050 διὰ
968 3996 1066 4069 τὴν
1120 4000 1430 4071 ὑπερϐολὴν
1460 4004 1559 4072 τῆς
1599 4005 1802 4074 φιλίας.

220 4081 411 4152 Τούτῳ
437 4082 493 4136 δὲ
523 4084 602 4153 τῷ
646 4081 932 4159 Νεστορίῳ
961 4091 1200 4154 ἐναντίος
1229 4087 1298 4164 ἦν
1323 4095 1352 4146 6
1392 4095 1680 4166 Κὺριλλος.
1710 4100 1804 4152 καὶ

217 4173 460 4243 ἔγραφεν
492 4175 644 4245 αὐτῷ
675 4179 1087 4251 συνεχέστερον,
1115 4184 1537 4257 ἀποστραφῆναι
1574 4190 1683 4244 ἀπὸ
1705 4193 1802 4246 τοῦ

215 4263 491 4334 δόγματος
522 4266 742 4323 τούτου.
785 4269 1066 4341 Ἔγραψε-ι
1105 4269 1197 4327 οῦν
1238 4277 1463 4347 πρώτην
1510 4281 1661 4351 αὺτῴ
1710 4285 1804 4338 καὶ

214 4353 481 4426 δευτέραν
525 4358 836 4429 ἐπιστολὴν,
867 4362 961 4414 καὶ
1003 4364 1107 4416 οὐκ
1135 4364 1355 4420 ἔπεισεν
1384 4369 1567 4424 αὐτόν,
1601 4371 1801 4425 "Tars-

216 4463 316 4517 ρον
351 4444 410 4498 δὲ
440 4449 644 4518 γράφει
685 4451 838 4521 αὑτῷ
869 4453 1061 4522 τρίτην
1094 4456 1403 4528 ἐπιστολὴν,
1424 4462 1482 4512 ἐν
1592 4462 1802 4534 ἔγραψε

213 4536 425 4591 δώδεκα
470 4542 909 4627 κεφάλαιακπερὶ
949 4546 1184 4611 πίστεως
1207 4565 1221 4579 °
1255 4552 1350 4604 καὶ
1380 4550 1608 4624 ὕστερον
1632 4557 1793 4628 ἔγρα-

210 4627 340 4696 ψεν,
372 4629 537 4681 ὅτιΕί
563 4632 662 4696 μὲν
688 4633 958 4705 καταδέχῃ
987 4636 1179 4700 ταῦτα,
1211 4639 1620 4711 συλλειτουργὺς
1645 4627 1800 4716 ἡμῶν
1833 4631 1838 4652 ³

210 4715 289 4778 εἷ,
316 4719 414 4772 καὶ
447 4720 601 4788 φίλος
622 4737 636 4750 '
667 4723 716 4774 εί
746 4723 804 4776 δὲ
837 4723 932 4796 μὴ,
985 4727 1232 4796 ἀνάθεμα
1271 4730 1390 4801 ἔσῃ.
1440 4733 1568 4786 Οὐδ’
1623 4735 1800 4801 οὕτως

210 4807 272 4862 δὲ
301 4809 509 4862 ἔπεισε.
541 4813 888 4882 Κινουμένης
914 4813 972 4866 δὲ
1000 4816 1102 4886 τῆς
1129 4818 1311 4888 μάχης
1331 4819 1556 4890 ταύτης,
1582 4824 1798 4879 κελεύει

210 4903 244 4954 ὁ
276 4900 532 4972 βασιλεὺς
557 4901 651 4975 (ἦν
676 4906 732 4958 δὲ
761 4906 1044 4972 Θεοδόσιος
1063 4914 1093 4963 6
1117 4912 1352 4984 Μικρὸς)
1379 4915 1634 4982 γενέσθαι
1668 4919 1794 4973 σύν-

209 4993 335 5047 οδον
359 4995 422 5047 ὲν
459 4989 699 5066 Ἐφέσῳ,
742 4998 840 5050 καὶ
885 5001 1080 5071 κριτὴν
1120 5004 1375 5071 γενέσθαι
1404 5007 1672 5076 Κυρίλλου
1703 5012 1794 5064 καὶ

209 5084 514 5158 Νιστορίου
569 5089 830 5160 Ἰωάννην
900 5094 994 5145 τὸν
1068 5095 1402 5167 Ἀντιοχείας
1469 5090 1794 5160 ἐπίσκοπον.

207 5171 418 5230 Ἦλθεν
456 5172 551 5233 οῦν
600 5183 630 5233 6
675 5182 944 5253 Κύριλλος
990 5187 1069 5250 είς
1115 5186 1214 5258 τὴν
1240 5191 1797 5266 όρισθεῖσανὴμὲραν

211 5269 356 5340 μετὰ
393 5274 573 5343 πάσης
621 5275 724 5344 τῆς
779 5279 1002 5332 συνόδου
1055 5281 1222 5334 αὑτοῦ
1265 5284 1347 5347 είς
1393 5286 1492 5356 τὴν
1538 5288 1795 5352 Ἔφεσον.

220 5363 459 5432 ὀμοίως
515 5367 613 5419 καὶ
663 5368 956 5442 Νεστόριος
1011 5374 1154 5443 μετὰ
1190 5376 1287 5446 τῆς
1341 5378 1506 5432 αὐτοῦ
1555 5381 1798 5436 συνόδου.

222 5454 696 5526 Ἐμσραδύναντος
738 5460 797 5514 δὲ
836 5461 1087 5517 Ἰωάννου
1134 5466 1329 5531 ἐλθεῖν,
1363 5469 1460 5522 καὶ
1496 5487 1791 5542 παρακρο-

205 5547 592 5616 θεσμήσαντος
631 5551 846 5623 ἡμέρας
893 5561 990 5619 ις’,
1031 5556 1260 5627 νομίσας
1309 5561 1337 5612 6
1383 5561 1672 5632 Κύριλλος,
1707 5565 1790 5616 ὅτι

203 5638 394 5690 οὖκέτι
426 5638 666 5711 ἔρχεται,
704 5647 1028 5714 συναγαγὼν
1057 5649 1183 5712 τοὺς
1214 5651 1536 5722 εὑρεθέντας
1567 5656 1792 5709 ἐπισκό-

205 5747 371 5794 πους,
403 5733 498 5785 καὶ
537 5731 876 5804 ἀνεγνωκὼς
894 5743 989 5794 ἐπὶ
1018 5744 1196 5796 αὐτῶν
1225 5746 1293 5799 τὰ
1324 5746 1620 5818 Νεστορῐου
1659 5766 1790 5818 συγ-

204 5824 538 5892 γράμματα,
577 5830 672 5882 καὶ
725 5830 952 5904 ὕστερον
1005 5836 1114 5890 άπὸ
1153 5840 1263 5890 των
1315 5839 1488 5907 ἁγίων
1531 5842 1792 5911 [Ιατέρων

206 5920 435 5987 χρήσεις
470 5922 885 5996 ἒναντιουμένσς
927 5929 1129 5997 αὐτοῖς,
1162 5932 1461 6005 Νεστορέου
1507 5935 1580 6005 μὴ
1610 5936 1793 5989 συνεὶς

1910 3346 2187 3401 union‘em
2224 3343 2322 3403 Dei
2375 3349 2660 3408 Sermonis
2708 3371 2834 3410 cum
2889 3356 3148 3425 homine,
3203 3364 3300 3419 sed
3355 3367 3496 3422 duas

1910 3425 2164 3492 tradebat
2218 3437 2568 3510 hypostascs,
2621 3460 2685 3498 ac
2715 3445 3049 3506 divisionem
3086 3459 3497 3524 :quamobrem

1909 3541 2302 3601 nec,sanctam
2331 3536 2479 3590 illam
2511 3537 2737 3594 Mariam
2761 3543 2992 3600 vocabat
3021 3547 3331 3618 Deiparam,
3394 3556 3495 3610 sed

1907 3621 2330 3701 Christiparam.
2361 3618 2519 3695 Quod
2548 3631 2593 3685 si
2632 3633 2866 3689 maxime
2909 3636 3189 3696 Christum
3221 3653 3276 3699 et
3310 3646 3493 3701 homi-

1907 3700 2057 3777 nem,
2081 3725 2140 3770 et
2167 3717 2339 3773 Deum
2397 3722 2734 3791 appellabat,
2792 3742 2904 3783 non
2955 3738 3138 3787 tamen
3173 3734 3280 3791 hoc
3308 3753 3377 3793 eo
3413 3740 3496 3794 fa—

1907 3807 2298 3874 ciebatsensu,
2329 3828 2440 3882 quo
2463 3829 2596 3878 nos,
2648 3817 2744 3871 sed
2793 3819 3111 3879 affectionis
3131 3828 3496 3899 ‘conjunctio-

1905 3900 2101 3970 nisque
2135 3914 2388 3973 respectu
2424 3924 2436 3959 :
2470 3910 2940 3977 quemadmodum
2987 3916 3056 3970 de
3095 3918 3315 3976 duobus
3363 3925 3490 3994 qui-

1905 3992 2139 4050 busdam
2182 3998 2379 4053 amicis
2411 3998 2672 4066 dicimus,
2704 4004 2940 4062 invicem
2970 4011 3128 4066 valde
3157 4029 3216 4068 se
3252 3992 3494 4088 diligen-

1904 4087 2078 4151 tibus,
2130 4105 2294 4145 unam
2337 4108 2435 4149 eos
2477 4094 2686 4152 habere
2733 4099 2974 4156 animam
3021 4121 3035 4157 :
3085 4107 3232 4174 quod
3281 4087 3495 4167 amoris

1904 4178 2062 4233 nimii
2093 4195 2277 4245 causa.
2298 4184 2490 4240 eadem
2531 4187 2666 4256 ipsis
2689 4190 2964 4258 placeant.
2989 4193 3128 4250 lluic
3162 4206 3347 4253 autem
3375 4200 3491 4256 Ne-

1902 4271 2078 4326 storio
2108 4272 2347 4345 Cyrillus
2370 4277 2786 4346 adversabatur,
2814 4282 3136 4356 litterasque
3168 4289 3494 4361 frequentes

1877 4363 2188 4428 ‘exarabat,
2225 4372 2286 4418 ut
2316 4366 2594 4424 hominem
2622 4371 2694 4426 ab
2730 4372 2824 4427 illo
2856 4375 3111 4447 dogmate
3159 4381 3491 4442 diverteret.

1903 4454 2020 4510 Hoc
2047 4456 2234 4512 studio
2261 4459 2551 4530 impulsus.
2575 4473 2630 4519 et
2661 4467 2896 4534 primam
2934 4470 3003 4524 ad
3041 4472 3221 4543 ipsum
3260 4486 3318 4530 et
3345 4478 3488 4534 alte»

1906 4562 2023 4602 ram
2062 4549 2286 4620 scripsit
2309 4553 2625 4622 epistolam,
2667 4574 2770 4614 nec
2799 4569 2982 4616 tamen
3013 4568 3310 4633 persuasit.
3337 4569 3489 4625 Tan-

1906 4640 2031 4696 dem
2076 4642 2291 4699 litteras
2333 4645 2402 4700 ad
2454 4662 2580 4702 eum
2617 4651 2807 4705 tertias
2841 4653 3017 4716 dedit,
3047 4656 3099 4709 in
3137 4658 3315 4728 iisque
3342 4661 3491 4716 duo-

1903 4731 2083 4789 decim
2106 4735 2176 4790 de
2204 4735 2310 4792 ﬁde
2342 4739 2581 4808 capitula
2609 4743 2949 4813 perscripsit,
2977 4755 3035 4801 et
3066 4748 3269 4818 adjecit
3301 4752 3356 4806 in
3388 4769 3490 4808 ex-

1901 4828 2094 4882 tremis
2124 4844 2138 4881 :
2171 4827 2228 4883 Si
2268 4831 2492 4899 quidem
2534 4832 2651 4888 haec
2681 4835 2907 4905 recipis,
2936 4845 2994 4892 et
3017 4839 3312 4896 ministerii
3347 4859 3485 4900 con-

1901 4933 2043 4983 sors,
2071 4929 2130 4972 et
2181 4919 2394 4976 amicus
2433 4934 2623 4978 naster
2663 4941 2766 4980 es:
2794 4927 2878 4980 sin
2917 4937 3103 4983 autem
3136 4973 3150 4997 ,
3190 4934 3488 4992 anathema

1899 5010 2030 5066 eris.
2080 5011 2286 5066 Verum
2341 5030 2410 5068 ne
2459 5015 2541 5072 sic
2568 5016 2793 5086 quidem
2820 5022 3115 5089 persuasit.
3150 5004 3262 5078 Hac
3295 5034 3489 5082 autem

1897 5104 2018 5158 rixa
2063 5116 2242 5171 mota,
2287 5107 2448 5177 jubet
2507 5108 2811 5178 imperator
2862 5112 2932 5182 (is
2974 5121 3094 5167 erat
3137 5113 3492 5173 Theodosius

1898 5197 2101 5266 minor)
2136 5198 2337 5267 Ephesi
2384 5190 2654 5271 synodum
2686 5201 2904 5268 haberi,
2949 5204 3304 5276 judicemque
3345 5223 3479 5263 cou-

1897 5289 2052 5343 stitui
2105 5297 2212 5343 tam
2259 5289 2467 5360 Cyrillo
2489 5308 2655 5362 quam
2685 5294 2962 5356 Nestorio.
2992 5297 3259 5353 Joannem
3290 5298 3481 5355 Antio~

1899 5379 2139 5435 ebenum
2177 5382 2522 5453 episcopum.
2567 5383 2758 5456 Itaque
2782 5385 3022 5458 Cyrillus
3056 5388 3320 5444 universo
3351 5405 3478 5445 cum

1897 5482 2044 5528 coetu
2095 5489 2217 5538 suo,
2271 5473 2551 5544 Ephesum
2589 5477 2657 5532 ad
2691 5477 2838 5533 diem
2872 5479 3241 5548 praestitutum
3282 5482 3476 5538 venit:

1899 5566 2202 5636 itidemque
2233 5582 2336 5623 suo
2373 5585 2499 5624 cum
2538 5572 2777 5628 concilio
2801 5612 2816 5638 ,
2879 5572 3189 5630 Nestorius.
3211 5573 3348 5631 Cum
3380 5592 3478 5632 au-

1900 5666 2011 5712 tem
2037 5658 2277 5714 Joannes
2303 5659 2604 5717 adventum
2627 5678 2790 5717 suum
2817 5663 3037 5736 longius
3065 5665 3402 5732 extraheret,
3422 5678 3480 5725 et

1899 5751 2044 5826 ultra
2082 5751 2228 5806 diem
2258 5753 2468 5828 dictum
2498 5769 2707 5810 moram
2729 5755 2794 5810 16
2819 5755 3035 5812 dierum
3063 5756 3477 5828 interponeret:

1899 5823 2136 5914 Cyrillus
2192 5812 2321 5901 enin
2378 5863 2488 5903 non
2531 5856 2827 5904 venturum
2875 5849 3113 5920 amplius
3150 5850 3475 5914 arbitratus,

1901 5942 2104 5998 coactis
2145 5943 2442 6015 episc0pis,
2475 5955 2746 6017 quotquot
2787 5946 3004 6001 inventi
3044 5957 3209 6014 sunt,
3242 5946 3479 6003 etlectis
