4218 6444
235 448 378 514 1225

1437 444 1533 504 DE
1571 440 1849 501 SECTIS.
1892 464 1960 475 ·-
1998 441 2158 499 ACT.
2198 442 2298 498 μ’.

3355 445 3493 511 1226

222 568 327 637 τὴν
386 563 688 633 ὑπερῦολὴν
735 562 833 629 τῆς
872 559 1143 621 ὲνώσεως,
1196 557 1292 609 καὶ
1358 558 1419 609 τὸ
1464 559 1594 626 μίαν
1643 554 1805 623 φύσιν

1909 554 2160 617 nimiam,
2189 563 2245 606 et
2271 566 2435 605 unam
2482 552 2623 606 adeo
2664 561 2922 607 naturam
2946 563 3257 622 statueret;
3284 555 3490 615 Christi

224 656 427 723 λέγειν,
458 655 559 707 οὐκ
594 654 779 718 ἔλεγεν
819 651 1109 719 ὀμοούσιον
1135 648 1269 716 ἡμῖν
1298 649 1437 715 μετὰ
1480 648 1579 714 τὴν
1611 648 1807 699 ἕνωσιν

223 750 288 801 τὸ
311 747 492 813 σῶμα.
526 743 714 809 Τούτῳ
741 741 816 810 τῷ
871 742 1109 809 Εύτυχεῖ
1135 739 1418 810 γνώριμος
1451 736 1517 809 ἦν
1551 738 1810 798 Εὐσέϐιος

222 837 252 886 ὁ
282 834 567 902 Δορυλέων
619 831 940 885 ἐπίσκοπος.
981 833 1091 884 Καὶ
1121 834 1285 900 γνοὺς
1311 832 1370 897 ἐξ
1411 831 1577 883 αὐτοῦ
1602 831 1661 883 τδ
1686 831 1809 896 δόγ-

228 942 307 994 μα
336 924 519 984 τοῦτο,
552 924 845 991 ἀνήγγειλε
874 923 1182 991 ⁴ιήιαδιανῷ,
1226 922 1433 989 λέγων·
1474 925 1563 974 Δεῖ
1591 936 1647 972 σε
1688 922 1809 972 ἐπι-

222 1013 456 1081 τιμῆσαι
488 1013 565 1082 τῷ
615 1014 863 1081 Εύτυχεῖ,
901 1013 1112 1065 τοιοῦτο
1161 1013 1341 1083 δόγμα
1369 1013 1700 1079 εἰσφέροντι,
1726 1014 1813 1065 ἵνα

228 1106 306 1174 μὴ
360 1107 669 1175 διαστραφῇ
720 1108 753 1175 ἡ
804 1107 989 1168 πίστις
1063 1106 1239 1176 ἡμῶν.
1289 1109 1347 1160 Ὀ
1376 1104 1470 1159 οὖν
1515 1106 1811 1168 Φλαϐιανὸς

222 1197 437 1248 τούτων
468 1196 732 1256 ἀκούσας.
765 1199 1041 1266 συνήγαγε
1073 1199 1195 1259 τοὺς
1232 1199 1395 1250 αὐτοῦ
1434 1198 1653 1250 συνόδου
1689 1200 1809 1249 trs.-

226 1289 466 1349 σκόπους
499 1289 572 1349 ὡς
614 1290 742 1357 περὶ
772 1288 838 1351 λ’,
875 1290 970 1340 καὶ
1014 1288 1303 1358 ἠρώτησεν
1349 1291 1443 1343 ἐπὶ
1481 1288 1664 1340 αὐτῶν
1721 1286 1812 1338 τὸν

226 1379 467 1447 Εὐτυχῆ,
515 1379 692 1445 λέγων
717 1419 732 1442 ,
775 1381 857 1431 ὅτι
901 1380 1215 1448 Ὀμολογεῖς
1246 1381 1308 1433 τὸ
1354 1381 1511 1449 σῶμα
1547 1379 1644 1433 τοῦ
1675 1380 1809 1449 Χρι-

224 1469 357 1520 στοῦ
401 1470 685 1536 ὁςιοούσιον
731 1473 885 1539 ἡμῖν,
926 1472 1077 1542 καὶῆ
1132 1473 1231 1538 of);
1278 1476 1335 1525 '0
1366 1474 1424 1525 δὲ
1454 1474 1806 1545 ἁπεκρίνατο,

218 1559 305 1610 ὅτι
364 1560 541 1627 Μέχρι
594 1560 693 1627 μὲν
751 1560 849 1627 τῆς
913 1562 1152 1630 σήμερον
1212 1561 1311 1629 οὐχ
1357 1560 1701 1629 ὡμολόγουν
1742 1560 1809 1613 δι’

219 1651 372 1718 ὑμᾶς
404 1651 459 1702 δὲ
493 1651 763 1719 ὁμολογῶ.
796 1651 968 1703 Τοῦτο
1024 1652 1079 1703 δὲ
1116 1651 1299 1718 ἔλεγεν
1353 1654 1629 1723 εἰρωνείᾳ.
1680 1654 1807 1705 Ἀπ-

231 1742 491 1806 εκρίνατο
521 1742 659 1809 πρὸς
689 1742 855 1793 αὑτὸν
878 1742 907 1792 ὁ
935 1740 1236 1805 Φλαϐιανός
1257 1759 1271 1773 ⁸
1290 1745 1401 1811 Οὐχ
1434 1745 1592 1812 ἡμεῖς
1617 1747 1805 1811 ἐσμεν,

217 1834 270 1883 ci
316 1832 492 1884 ταῦτα
527 1848 610 1883 σοι
647 1832 899 1899 λέγοντες
950 1833 1252 1899 ὁμολογεῖν,
1304 1834 1421 1887 ἀλλ’
1456 1837 1505 1886 oi
1540 1836 1800 1904 Πατέρες.

222 1924 285 1973 lii
312 1918 406 1973 οὖν
433 1922 737 1989 ὁμολογεῖς,
770 1922 1177 1991 ἀναθεμάτισον
1210 1928 1337 1986 τοὺς
1367 1924 1442 1994 μὴ
1474 1926 1617 1977 οὕτω
1646 1926 1803 1991 δοξά-

218 2013 440 2076 ζοντας.
492 2015 549 2065 ὐ
573 2013 628 2065 δὲ
659 2009 779 2065 εἷπε
811 2016 946 2083 πρὸς
977 2015 1161 2075 αὐτὸν,
1195 2016 1275 2068 ὅτι
1316 2017 1401 2079 Ὠς
1434 2013 1609 2078 εἷπον,
1646 2019 1806 2085 μέχρι

214 2105 320 2173 τῆς
352 2105 593 2173 σήμερον
615 2105 711 2173 οὐχ
735 2104 1047 2172 ὡμολόγουν
1080 2105 1239 2159 τοῦτο
1258 2123 1271 2137 ·
1296 2107 1365 2159 δι’
1389 2108 1534 2175 ὑμᾶς
1557 2107 1613 2159 δὲ
1641 2107 1803 2173 λέγω.

219 2198 340 2247 Οὐκ
372 2196 741 2264 ἀναθεμάτιξέ
774 2213 924 2249 τινα·
962 2197 1059 2249 ἐὰν
1089 2198 1199 2264 γὰρ
1231 2198 1618 2267 ἁναθεματίζω
1656 2200 1801 2261 τινὰ,

216 2287 349 2347 τοὺς
381 2286 624 2354 πατέρας
661 2303 764 2355 μου
802 2286 1203 2355 ἀναθεματίζω,
1237 2288 1331 2340 καὶ
1347 2290 1448 2356 τὴν
1479 2290 1640 2355 ἁγίαν
1669 2288 1805 2357 Γρα-

220 2382 352 2445 ιρήν.
394 2378 539 2448 Αὕτη
568 2378 677 2448 γάρ
706 2380 857 2430 ἐστιν
882 2381 914 2447 ή
940 2380 1199 2445 λέγουσα,
1233 2382 1318 2433 ὅτι
1360 2380 1458 2431 οὐκ
1493 2380 1640 2432 ἔστιν
1673 2382 1805 2449 ἡμῖν

218 2468 511 2537 ὀμοούσιον
539 2470 600 2521 τὸ
634 2469 798 2539 σῶμα
827 2470 923 2523 τοῦ
975 2469 1240 2540 Χριστοῦ.
1274 2469 1463 2525 Ταῦτα
1496 2470 1743 2545 ἀκούσας
1775 2472 1803 2522 ὁ

217 2562 551 2626 Φλαδιανὸς,
601 2562 851 2614 καθεῖλεν
879 2562 1043 2614 αὑτὸν
1066 2563 1174 2615 ἀπὸ
1203 2563 1305 2631 τῆς
1338 2562 1801 2630 πρεσϐυτερείας,

219 2655 320 2708 καὶ
359 2654 455 2707 τοῦ
488 2654 629 2707 εἶναι
680 2654 843 2706 αὐτὸν
885 2655 1345 2726 ἀρχιμανδρίτην,
1382 2653 1572 2717 εἰπὼν,
1599 2656 1677 2707 ὅτι
1705 2654 1804 2706 οὐκ

218 2746 341 2807 εστι
373 2744 494 2796 κατ’
530 2742 778 2813 ἀνάγκην
808 2743 1011 2804 πίστις.

295 3004 503 3056 Τούτου
542 3004 603 3055 δὲ
645 3002 1091 3071 καθαιρεθέντος,
1124 3003 1325 3071 γράφει
1354 3003 1381 3055 ὁ
1404 3001 1701 3066 Φλασιανδς
1728 3003 1807 3073 τῷ

222 3097 420 3151 Λέοντι
461 3093 685 3163 Ῥώμης
716 3094 1007 3162 ὲπισκόπῳ
1037 3094 1139 3163 τὴν
1178 3094 1501 3164 καθαίρεσιν
1521 3111 1535 3125 ·
1568 3096 1663 3149 καὶ
1712 3096 1806 3149 ἀν-

222 3188 489 3257 τιγράφει
514 3186 652 3255 πρὸς
680 3186 843 3239 αὑτὸν
892 3185 1064 3251 Λέων,
1099 3188 1181 3239 ὅτι
1212 3186 1396 3249 καλῶς
1424 3187 1590 3241 αὐτὸν
1619 3189 1804 3242 καθεῖ-
1831 3220 1877 3281 c

220 3278 305 3330 λε.
360 3278 621 3331 Καλείται
653 3271 748 3328 οὖν
788 3278 821 3345 ἡ
854 3277 1112 3345 ἐπιστολὴ
1165 3278 1304 3348 αὕτη
1336 3279 1514 3348 Τόμος
1550 3279 1800 3343 Λέοντος,

223 3367 356 3437 περὶ
389 3360 453 3419 οὗ
494 3364 933 3435 ἀμφιϐάλλουσιν
980 3369 1031 3419 oi
1091 3366 1499 3438 διακρινόμενοι
1550 3371 1804 3437 λέγοντες

221 3456 399 3525 αὐτὴν
430 3454 616 3515 κακῶς
640 3454 807 3525 ἔχειν.
851 3454 911 3505 Ὀ
951 3455 1009 3505 δὲ
1038 3454 1284 3523 Εύτυχὴς
1316 3456 1457 3523 μετὰ
1478 3456 1578 3525 τὴν
1606 3455 1804 3513 καθαί-

223 3564 381 3618 ρεσιν
439 3545 677 3615 συνεχῶς
731 3545 1062 3616 ἐνετύγχανε
1085 3544 1165 3615 τῷ
1202 3546 1438 3614 βασιλεῖ,
1481 3547 1657 3615 λέγων
1684 3548 1801 3617 ἠδι-

220 3636 431 3705 κῆσθαι
478 3636 585 3689 ὑπὸ
621 3634 951 3689 summa.
1002 3635 1111 3687 Καὶ
1156 3635 1277 3687 τότε
1336 3634 1555 3689 κελεύει
1586 3637 1616 3689 ὁ
1648 3636 1805 3704 βασι-

222 3730 355 3791 λεὺς
400 3727 705 3790 Θεοδόσιος,
755 3724 1010 3793 γενέσθαι
1047 3728 1108 3779 ὲν
1152 3725 1365 3795 Ἐφέσῳ
1414 3725 1802 3798 οῖκουμενικὴν

224 3818 470 3882 σύνοδον,
505 3818 594 3869 ῖνα
625 3819 906 3886 κρίνωσιν,
942 3817 993 3868 εί
1024 3816 1208 3879 καλῶς
1239 3816 1492 3871 καθεῖλεν
1522 3820 1551 3871 ὁ
1570 3816 1805 3871 Φλασια-

221 3910 318 3973 νὸς
349 3910 440 3962 τὸν
465 3909 703 3979 Εὐτυχῆ,
739 3907 773 3978 ἢ
799 3906 884 3962 οὔ.
929 3908 1228 3979 Ἐπέτρεψε
1258 3909 1316 3963 δὲ
1338 3908 1437 3981 τὴν
1472 3912 1652 3964 ¹πᾶσαν
1686 3912 1803 3980 κρίο

223 4020 313 4053 σιν
358 4000 639 4070 Διοσκόρῳ
670 3999 749 4069 τῷ
788 4000 1073 4071 ἐπισκόπφ
1104 3999 1538 4071 ’Δλεξανδρείας.
1568 4001 1799 4071 Γενομέ-

220 4110 324 4161 νης
356 4092 411 4145 δὲ
438 4092 539 4161 τῆς
587 4090 827 4155 συνόδου,
852 4091 1069 4161 πρῶτον
1118 4091 1217 4160 μὲν
1246 4092 1447 4145 ἄτοπον
1499 4094 1754 4163 ἐποίησεν
1776 4094 1805 4144 ὁ

218 4183 537 4255 Διόσκορος.
573 4182 753 4236 Μόνον
782 4182 891 4253 γὰρ
915 4182 1127 4250 ἀνέγνω
1153 4182 1221 4235 τὰ
1251 4185 1620 4254 πεπραγμένα
1663 4185 1801 4237 Φλα-

222 4272 442 4336 ϐιανοῦ,
485 4274 586 4324 ούκ
636 4273 789 4326 εῖασε
831 4271 889 4324 δὲ
918 4271 1081 4325 αὐτὸν
1119 4272 1494 4341 συνηγορῆσαι
1526 4274 1734 4338 αὐτοῖς,
1769 4274 1801 4341 ἢ

221 4365 507 4436 ἐρωτῆσαι
546 4363 711 4417 αὑτὸν
734 4362 787 4415 τί
825 4378 980 4426 ποτε,
1010 4361 1143 4431 περὶ
1180 4354 1255 4415 ὧν
1281 4360 1650 4431 ἀμφιϐάλλειν
1684 4363 1802 4414 ἑνό-

225 4456 376 4525 μιζε.
425 4454 687 4524 Δεύτερον
721 4452 799 4519 δὲ,
834 4452 957 4506 οὐδὲ
989 4452 1083 4505 τὸν
1134 4453 1446 4522 κατήγορον
1503 4452 1799 4523 Εὐτυχοῦς,

1912 658 2118 713 corpus
2155 642 2320 695 unius
2353 656 2477 696 esse
2510 642 2803 696 nobiscum
2836 653 3050 698 natura:
3073 655 3199 713 post
3230 647 3492 702 unionem

1911 730 2165 800 negabat.
2192 730 2332 783 Huic
2372 730 2607 807 Eutyehi
2653 730 2850 787 notitia
2884 746 3011 787 cum
3046 732 3287 790 Eusebio
3314 738 3491 807 Dory-

1912 824 2129 877 leorum
2184 821 2447 889 episcopo
2489 806 2908 885 'intercedebat,
2956 822 3051 891 qui
3106 822 3214 879 hoc
3266 827 3387 896 ejus
3422 806 3493 882 ex

1913 914 2149 983 ipsemet
2178 910 2458 964 intellecto
2480 909 2755 979 dogmate,
2786 927 2901 965 rem
2933 911 3002 965 ad
3030 912 3349 969 Flavianum
3371 931 3493 971 ver-

1913 1000 2000 1054 bis
2036 999 2188 1052 hisce
2223 995 2425 1053 demit
2461 1014 2473 1048 :
2509 996 2882 1066 lncrepandus
2930 999 3028 1053 tibi
3060 999 3359 1070 Eutyches,
3390 1003 3493 1058 hu-

1908 1086 2152 1159 jusmodi
2204 1085 2477 1155 dogmatis
2525 1095 2764 1150 auctor;
2791 1100 2859 1139 ne
2886 1086 3020 1142 ﬁdes
3046 1098 3235 1144 nostra
3267 1106 3492 1160 perver-

1914 1188 2081 1233 tatur.
2146 1178 2360 1243 Quibus
2425 1176 2648 1239 auditis,
2707 1176 3001 1232 Flavianus
3042 1180 3337 1252 episcopos
3380 1198 3493 1237 sua:

1912 1271 2140 1326 ditionis
2175 1268 2245 1322 ad
2294 1267 2362 1320 50
2385 1267 2565 1336 coegit
2597 1306 2610 1328 ,
2644 1266 2821 1335 iisque
2853 1269 3217 1337 prtesentibus
3250 1272 3490 1328 interro-

1912 1365 2059 1434 gavit
2103 1360 2408 1431 Eutychen)
2443 1396 2459 1422 ,
2534 1354 2813 1411 Christine
2857 1373 3061 1427 corpus
3096 1360 3343 1430 ejusdem
3368 1377 3491 1417 esse

1912 1449 2201 1505 nobiscum
2240 1444 2563 1501 substantiae
2592 1443 2882 1506 fateretur,
2919 1460 2986 1497 an
3040 1447 3183 1500 non?
3218 1446 3314 1502 Ille
3359 1464 3490 1504 vero

1913 1540 2281 1611 responderit,
2298 1539 2565 1592 hactenus
2589 1536 2645 1589 id
2672 1550 2730 1591 se
2752 1535 2979 1607 quidem
3000 1538 3226 1595 minime
3248 1540 3455 1596 [assum
3474 1587 3486 1598 .

1910 1635 2005 1690 sed
2059 1634 2309 1703 ipsorum
2347 1639 2531 1683 tamen
2580 1643 2747 1682 causa
2805 1642 2953 1682 nunc
2996 1630 3253 1684 conﬁteri
3296 1634 3488 1701 :quod

1909 1738 2040 1777 sane
2062 1736 2159 1791 per
2178 1718 2589 1775 simulationem
2616 1717 2686 1771 ab
2714 1732 2783 1771 eo
2806 1718 3210 1786 proferebatur.
3235 1720 3486 1778 Vicissim

1910 1814 2207 1868 Flavianus
2235 1810 2444 1874 dicere,
2478 1824 2590 1863 non
2623 1809 2774 1879 ipsos
2801 1824 2922 1864 esse
2947 1809 3044 1880 qui
3068 1811 3186 1869 hac
3208 1829 3335 1869 eum
3358 1829 3463 1870 con

1835 1886 1877 1940 Β
1908 1903 2051 1958 ﬁteri
2067 1902 2359 1972 juberent,
2388 1900 2486 1955 sed
2520 1909 2705 1970 patres
2730 1919 2743 1953 :
2767 1901 3004 1972 ideoque
3030 1903 3077 1958 si
3106 1905 3489 1973 conﬁteretur,

1904 1993 2260 2049 anathemate
2288 1992 2569 2046 diversum
2598 1992 2903 2047 sentientes
2949 2005 3357 2051 exsecraretur.
3391 1997 3490 2051 llle

1906 2086 2167 2140 Flaviano
2230 2082 2566 2151 respondere
2629 2097 2725 2148 se,
2780 2085 3245 2151 quemadmodum
3327 2097 3492 2142 antea

1905 2175 2159 2238 dixisset,
2188 2172 2256 2226 ad
2290 2187 2418 2226 eum
2448 2170 2593 2225 diem
2619 2171 2672 2225 id
2706 2173 2934 2226 minime
2963 2174 3275 2229 confessum
3300 2193 3312 2225 τ
3341 2176 3490 2246 ipso—

1908 2281 2029 2318 rum
2067 2274 2248 2317 tamen
2273 2263 2449 2334 gratia
2472 2262 2768 2318 facturum.
2790 2264 3077 2320 Neminem
3108 2267 3331 2321 interim
3355 2283 3489 2321 ana—

1908 2357 2266 2411 thematizare
2307 2374 2320 2408 :
2355 2357 2560 2425 quippe
2606 2356 2651 2409 si
2683 2355 2788 2410 hoc
2838 2355 3085 2422 faceret,
3141 2359 3490 2414 anathemate

1907 2449 2097 2502 Patres
2129 2457 2569 2509 exsecraturum,
2600 2448 2854 2516 ipsasque
2876 2463 3059 2503 sacras
3084 2449 3345 2518 Litteras,
3367 2466 3491 2521 qum

1906 2542 1986 2595 sic
2013 2540 2329 2605 loquantur,
2366 2548 2427 2593 ut
2452 2538 2660 2592 Christi
2688 2554 2891 2607 corpus
2923 2540 3169 2611 ejusdem
3198 2542 3489 2597 nobiscum

1906 2648 2027 2687 esse
2060 2632 2380 2686 substantiae
2422 2640 2644 2698 negent.
2677 2629 2891 2696 Quibus
2934 2632 3161 2698 auditis,
3190 2634 3258 2687 ab
3295 2635 3491 2689 ordine

1906 2724 2383 2794 presbyterorum,
2417 2732 2474 2777 et
2526 2721 2977 2777 archimandrita:
3025 2738 3254 2779 munere
3280 2721 3492 2779 Flavia-

1908 2830 2015 2869 nus
2043 2830 2169 2869 eum
2196 2815 2435 2868 removit
2459 2854 2473 2879 ,
2499 2830 2624 2867 cum
2656 2814 2882 2883 quidem
2905 2813 3139 2880 diceret,
3182 2814 3344 2871 (idem
3378 2832 3487 2873 non

1905 2905 2201 2960 admittere
2227 2906 2592 2959 eoaetionem.

1982 2994 2094 3051 VII.
2119 2994 2233 3049 Hoc
2258 2995 2327 3049 ab
2358 2994 2539 3049 oﬂicio
2563 3004 2799 3056 remoto.
2830 2994 3128 3049 Flavianus
3148 2996 3216 3050 ad
3247 2995 3488 3055 Leonem

1910 3088 2220 3142 Romanum
2272 3086 2593 3154 episcopum
2618 3084 2686 3138 de
2724 3084 2966 3138 hominis
2993 3084 3336 3154 depositione
3360 3103 3490 3157 per-

1908 3178 2125 3234 scribit.
2146 3175 2466 3245 Respondet
2487 3175 2617 3239 Leo,
2644 3176 2748 3228 rite
2768 3174 3171 3243 depositionem
3197 3176 3343 3231 illam
3366 3193 3491 3234 esse

1906 3271 2106 3325 iactam
2138 3288 2151 3322 :
2180 3284 2304 3337 qua:
2329 3266 2553 3337 quidem
2586 3267 2817 3336 epistola
2844 3266 3049 3321 Tomus
3074 3266 3273 3323 Leonis
3304 3270 3493 3339 appel-

1907 3364 2009 3417 lari
2045 3363 2203 3425 solet,
2240 3362 2307 3415 de
2341 3376 2453 3429 quo
2508 3360 2778 3427 ancipites
2820 3368 2949 3413 sunt
2974 3374 3167 3414 eorum
3192 3360 3289 3429 qui
3321 3360 3493 3415 lla-si-

1910 3465 2086 3510 tantes
2133 3453 2395 3507 dicuntur
2425 3451 2716 3506 sententiae
2739 3490 2753 3515 ,
2809 3450 2953 3506 male
2983 3460 3355 3521 comparatam
3400 3454 3489 3507 di-

1906 3548 2169 3602 centium.
2203 3544 2478 3614 Eutyches
2504 3553 2690 3597 autem
2721 3542 2792 3596 ab
2818 3541 2998 3597 oliicio
3022 3554 3287 3608 remotus,
3316 3545 3493 3616 impe-

1908 3646 2147 3693 ratorem
2188 3633 2344 3689 adire
2381 3633 2602 3699 crebro,
2646 3632 2863 3703 sibique
2891 3633 3090 3688 factam
3146 3650 3178 3690 a
3228 3635 3490 3691 Flaviano

1908 3728 2166 3800 injuriam
2191 3726 2399 3781 dicere.
2434 3724 2788 3794 Quapropter
2811 3726 3112 3795 imperator
3144 3726 3489 3783 Theodosius
3540 3787 3543 3790 ,

1905 3819 2165 3889 generale
2197 3816 2492 3871 concilium
2528 3814 2730 3883 Ephesi
2767 3815 2919 3868 coire
2943 3815 3129 3884 jubet,
3164 3816 3219 3869 in
3254 3832 3364 3886 quo
3394 3832 3489 3872 co-

1905 3918 2306 3983 gnoseeretur,
2360 3916 2581 3960 rectene
2636 3904 2927 3959 Flavianus
2968 3906 3270 3976 Eutychem
3322 3907 3489 3977 depo~

1906 4004 2127 4065 suisset,
2168 4016 2237 4056 an
2293 4014 2426 4053 non.
2458 3998 2778 4053 Universam
2835 4012 2963 4051 vero
3011 4013 3191 4053 causae
3220 3999 3490 4069 cognitio-

1906 4109 2031 4147 nem
2056 4092 2321 4147 Dioscoro
2341 4089 2603 4160 episcopo
2621 4088 2995 4144 Alexandrino
3034 4090 3275 4145 mandat.
3302 4091 3489 4161 Itaque

1906 4194 2095 4239 coacta
2123 4181 2355 4253 synodo,
2371 4181 2609 4249 primum
2636 4180 2742 4233 hoc
2763 4180 3002 4234 absurde
3025 4181 3322 4236 Dioscorus
3342 4182 3488 4253 egit,

1906 4280 2053 4343 quod
2081 4281 2232 4342 gesta
2263 4271 2506 4325 Flaviani
2537 4271 2806 4326 duntaxat
2846 4271 3083 4341 legebat,
3118 4288 3219 4327 nec
3249 4274 3491 4342 patroci-

1907 4361 1983 4415 nii
2014 4361 2227 4429 copiam
2260 4359 2310 4412 ei
2349 4358 2600 4423 faciebat,
2635 4368 2731 4412 aut
2760 4359 3136 4429 interrogandi
3168 4362 3236 4416 de
3268 4363 3338 4417 iis
3367 4379 3491 4433 qua:

1906 4450 2074 4505 dubia
2104 4459 2457 4520 putarentur.
2489 4448 2755 4511 Alterum,
2792 4450 2939 4517 quod
2969 4461 3348 4507 accusatorem
3379 4455 3489 4508 Eu-

222 4546 489 4599 Εὑσέὸιον
523 4546 673 4598 είασε
704 4543 1002 4614 παρελθεῖν
1035 4546 1116 4605 εἰς
1140 4542 1240 4613 τὴν
1272 4542 1455 4612 κρίσιν
1478 4559 1493 4573 ·
1529 4543 1667 4596 ἀλλὰ
1702 4562 1804 4597 κα-

1911 4540 2088 4611 tychis
2128 4540 2430 4593 Eusebium
2476 4538 2668 4593 adesse
2700 4540 2913 4607 judicio
2945 4541 3170 4595 minime
3204 4544 3490 4610 permitte.-

218 4638 679 4706 ταψηφισάμενος
710 4635 1037 4698 Φλαὸιανοῦ,
1088 4634 1337 4688 καθεῖλεν
1386 4634 1583 4687 αὐτόν·
1617 4635 1709 4687 τὸν
1749 4634 1807 4688 δὲ

223 4727 449 4796 Εὐτυχῆ
480 4726 721 4790 ἐδέξατο,
742 4726 837 4779 κα)⁵
868 4725 1094 4793 ἐποίησε
1118 4725 1282 4777 πάλιν
1312 4723 1687 4793 πρεσϐύτερον
1714 4726 1807 4775 καὶ

223 4816 685 4886 ἁρχιμανδρίτην.
721 4815 925 4868 Τούτου
968 4814 1263 4884 γενομένου
1290 4852 1305 4878 ,
1340 4813 1557 4883 διελύθη
1608 4817 1641 4881 ἡ
1681 4814 1807 4866 σύν-

221 4909 371 4968 οδος.
407 4907 516 4958 Καὶ
546 4906 910 4967 ἀποθανόντος
935 4905 1259 4968 Φλαὸιανοῦ,
1281 4905 1611 4968 ἀπελθόντες
1641 4908 1689 4957 οί
1719 4923 1805 4957 το-

224 4994 543 5063 ττοτηρηταὶ
585 4995 679 5046 τοῦ
723 4992 943 5063 Ῥώμης
980 4994 1285 5046 ἐπισκόπου
1336 4994 1518 5063 (αὐτὸς
1571 4994 1680 5062 γὰρ
1714 4996 1805 5045 οὐ·

219 5086 420 5139 ὄέποτε
464 5084 749 5154 εὑρίσκετο
790 5087 869 5147 εἰς
898 5084 1162 5149 σύνοδον),
1184 5086 1527 5154 ἀπήγγειλαν
1556 5084 1704 5152 αύτῷ
1739 5085 1807 5137 τὰ

222 5176 519 5245 γενόμενα.
565 5175 632 5227 'U
664 5175 721 5227 δὲ
743 5176 1006 5240 ἀκούσας,
1041 5175 1415 5243 ἠγανάκτησε,
1444 5177 1539 5230 καὶ
1566 5177 1801 5246 προσέρ-

224 5282 386 5338 χεται
413 5265 843 5335 Οὐαλεντινιανῷ
891 5265 971 5336 τῷ
1009 5265 1229 5335 Ῥώμης
1259 5266 1490 5334 βασιλεῖ,
1534 5267 1676 5336 ὑπὲρ
1708 5266 1801 5319 τοῦ

224 5356 511 5425 ἐκδίκησιν
537 5356 730 5409 παθεῖν
751 5372 764 5385 ⁸
807 5358 933 5418 τοὺς
955 5356 1183 5426 χρόνους
1216 5357 1322 5426 γὰρ
1353 5358 1617 5419 ἐκείνους,
1648 5356 1803 5425 βασι-

222 5450 355 5511 λεὺς
379 5444 461 5511 εἷς
480 5444 549 5518 ἦν
592 5450 651 5500 έν
689 5447 897 5520 Ῥώμῃ,
932 5448 1029 5501 καὶ
1054 5442 1134 5510 εἷς
1159 5448 1216 5501 ὲν
1244 5448 1537 5519 Βυζαντίῳ.
1574 5448 1807 5502 Οὐαλενσ

220 5540 465 5602 τινιανὸς
485 5535 579 5592 οὖν
598 5539 925 5609 ὀχλούμενος
954 5540 1060 5591 ὑπὸ
1082 5539 1312 5602 Λέοντος
1342 5539 1438 5592 τοῦ
1467 5542 1621 5594 πάπα
1646 5584 1660 5607 ,
1681 5544 1813 5612 γρὰο

223 5649 321 5702 get
362 5630 631 5701 Θεοδοσίῳ
661 5632 738 5701 τῷ
765 5632 983 5702 Μικρῷ,
1012 5634 1102 5686 ἵνα
1131 5632 1401 5703 ἐπιτρέψῃ
1454 5632 1668 5685 σύνοδον
1718 5652 1807 5700 γε-

224 5722 438 5784 νέσθαι,
472 5723 528 5773 ἐν
631 5724 855 5789 γνῶναι,
885 5725 933 5775 εί
979 5724 1160 5786 καλῶς
1199 5724 1416 5794 ἔκρινεν
1446 5726 1473 5777 ό
1495 5725 1803 5795 Διόσκορος,

222 5814 260 5886 ἦ
289 5814 375 5867 οὔ.
425 5814 481 5866 Ὀ
518 5815 574 5867 δὲ
602 5815 879 5878 Θεοδόσιος
910 5816 1258 5885 ἀντέγραψεν
1288 5816 1459 5887 αύτῷ,
1488 5816 1662 5884 λέγων
1685 5858 1696 5875 ,
1723 5820 1803 5872 ὅτι

547 5908 820 5971 Ρηιιοι.
854 5909 972 5973 Gtt.
1006 5908 1345 5973 LXXXVI.

1910 4632 2001 4685 bat
2037 4649 2047 4684 :
2079 4630 2175 4684 sed
2203 4631 2312 4683 lata
2335 4630 2609 4684 sententia
2627 4639 2817 4681 contra
2843 4629 3183 4695 Flavianum,
3205 4647 3327 4686 mox
3361 4650 3488 4687 eum

1909 4722 2239 4784 abdicabat,
2292 4719 2537 4775 admisso
2591 4719 2659 4771 ad
2716 4720 3159 4774 eonnnunionem
3206 4723 3487 4799 Eutyche,

1910 4832 2074 4885 quem
2102 4814 2327 4882 quidem
2353 4823 2410 4866 ct
2440 4813 2493 4865 in
2530 4812 2781 4865 ordinem
2835 4811 3305 4882 presbyterorum,
3337 4824 3395 4868 et
3434 4816 3490 4870 in

1908 4905 2355 4961 archimandrita:
2387 4905 2567 4957 locum
2604 4904 2865 4957 restituit.
2905 4902 3017 4957 lloc
3046 4915 3292 4973 peracto,
3323 4907 3489 4960 tinem

1915 4998 2159 5070 synodus
2204 4998 2415 5050 habuit.
2470 4996 2717 5063 Cumque
2740 4996 2884 5049 diem
2917 4995 3208 5050 Flavianus
3238 4997 3486 5062 obiisset,

1913 5092 2139 5146 domum
2162 5088 2392 5159 profecti
2409 5088 2601 5140 vicarii
2626 5088 2855 5141 Romani
2879 5088 3126 5158 episcopi
3154 5090 3247 5158 qui
3280 5091 3451 5161 synod
3474 5110 3506 5137 η

1912 5200 2023 5237 non
2059 5181 2414 5242 interfuerat,
2442 5194 2789 5249 quaecunque
2827 5180 3181 5245 accidissent,
3207 5182 3490 5238 renuntia-

1912 5286 2062 5329 runt.
2086 5275 2181 5329 llle
2212 5273 2379 5328 rebus
2413 5271 2565 5326 hisce
2593 5271 2827 5340 cognitis
2848 5272 3493 5335 excandescere,Roma-

1916 5381 2048 5420 num
2088 5363 2393 5433 principem
2439 5360 2881 5415 Valentinianum
2935 5360 3111 5427 adire,
3156 5376 3267 5431 quo
3311 5361 3498 5415 vindi-

1915 5466 2059 5511 ctam
2107 5462 2328 5524 caperet
2361 5472 2373 5503 :
2406 5452 2610 5521 quippe
2657 5452 3002 5521 temporibus
3024 5452 3093 5507 iis
3136 5468 3278 5508 unus
3304 5454 3491 5509 Roma:

1911 5551 2215 5617 imperator
2246 5553 2387 5609 erat,
2423 5544 2562 5597 alter
2590 5542 2858 5614 Byzantii.
2890 5543 3307 5598 Valentinianus
3358 5560 3492 5613 ergo

1909 5640 2000 5693 cui
2050 5638 2163 5692 Leo
2226 5651 2365 5704 papa
2421 5635 2691 5689 molestus
2748 5645 2918 5698 esset,
2946 5634 3259 5688 Theodosio
3286 5634 3488 5691 minori

1908 5728 2137 5792 scribit,
2164 5724 2431 5795 synodum
2475 5725 2668 5778 haberi
2690 5726 2932 5795 juberet,
2973 5726 3027 5777 in
3058 5738 3165 5792 qua
3190 5738 3490 5792 cognosce-

1909 5829 2064 5874 retur
2088 5858 2103 5884 ,
2164 5823 2387 5870 rectene
2433 5813 2731 5869 Dioscorus
2763 5830 2830 5867 an
2865 5814 3005 5867 male
3031 5812 3351 5879 iudicasset.
3380 5813 3489 5873 lto-
