4218 6444
236 438 256 501 1
269 438 379 502 229

1442 435 1540 497 DE
1583 435 1861 496 SECTIS.
1901 459 1972 470 -·
2004 436 2163 495 ACT.
2204 438 2275 497 ν.

3357 430 3494 495 1230

228 551 359 602 οδω
378 564 392 580 ο
416 546 713 619 διαρρήδην
742 546 798 600 δὶ
836 546 1009 616 αὐτὴν
1043 544 1143 600 οὐκ
1177 546 1538 615 ἅνεθεμάτιζε
1559 562 1572 575 ’
1589 545 1746 598 τοῦτο
1766 544 1819 598 δὲ

1933 546 2090 600 cretis
2111 545 2305 616 synodi
2324 544 2787 600 Chalcedonensis
2813 546 3295 614 contraria.Qnam
3322 548 3492 616 ipsam

232 639 506 711 ἔγραψεν,
533 640 620 691 δτι
655 638 729 693 Εἰ
754 655 847 703 τις
877 637 997 691 τῶν
1030 636 1138 703 τῆς
1166 638 1237 690 ἐν
1266 636 1603 703 Χαλκηδόνι
1629 637 1814 689 συνό-

232 729 371 791 δου,
406 728 445 796 ἣ
498 723 621 781 τῶν
666 731 962 794 πρότερον
1016 727 1290 797 ἀλλαχοῦ
1336 726 1696 794 γενομένων.
1730 726 1814 795 μὴ

233 818 440 883 καλῶς
463 815 716 880 δοξάζει,
745 816 1013 884 ἀιηοὰθεμα
1043 815 1218 868 ἔστω.
1263 815 1467 867 Τούτου
1516 813 1608 866 τοῦ
1650 813 1816 867 Ἐνώ-

232 913 395 966 τικοῦ
428 911 701 975 ἐλθόντος,
738 910 960 977 δέχεται
994 909 1092 977 μὲν
1117 907 1258 960 αὐτὸ
1288 907 1494 976 Πέτρος
1522 910 1551 959 ὀ
1573 906 1814 973 Μογγὸς,

233 1003 432 1072 φεύγει
458 1001 515 1053 δὲ
564 1000 822 1067 Ἰωάννης
850 1001 930 1061 εἰς
965 996 1206 1067 Ῥώμην.
1242 996 1359 1066 Ἐφ’
1385 990 1447 1049 οὗ
1473 997 1572 1049 καὶ
1606 996 1816 1062 Πέτρος

230 1099 262 1150 ὁ
304 1096 564 1162 Κναφεὺς
597 1096 655 1146 έν
695 1090 1000 1163 Ἀντιοχείᾳ
1041 1090 1146 1145 ὑπὸ
1168 1091 1418 1160 Ζήνωνος
1448 1090 1815 1160 προδάλλεται

231 1187 561 1246 ἐπίσκοπος.
620 1184 928 1253 Γενομένης
975 1183 1031 1236 δὲ
1074 1183 1174 1252 τῆς
1235 1182 1507 1245 ἐνώσεως,
1551 1184 1579 1235 6
1610 1183 1819 1252 Πέτρος

231 1278 483 1349 δηλονότι
526 1276 682 1348 παρὰ
712 1278 828 1338 τοῖς
868 1274 1285 1344 Ἀλεξανδρεῦσι
1330 1275 1669 1345 προετιμᾶτο
1690 1290 1703 1305 '
1732 1273 1819 1325 δε-

236 1372 477 1438 ξάμενος
506 1364 599 1422 οὖν
627 1367 691 1420 τδ
722 1365 1013 1420 Ἐνωτικδν
1041 1367 1070 1419 6
1105 1365 1334 1435 Πέτρος,
1356 1364 1573 1434 δέχεται
1604 1364 1697 1417 καὶ
1727 1368 1820 1417 τδν

234 1460 431 1530 θρόνον
473 1456 910 1527 Ἀλεξανδρείας,
948 1455 1048 1509 καὶ
1081 1454 1271 1507 οὐκέτι
1314 1450 1384 1524 ἦν
1425 1453 1634 1525 κρύφα,
1683 1453 1822 1508 ἀλλὰ

234 1549 497 1620 φανερῶς
534 1548 859 1608 ἐπίσκοπος.
911 1547 1012 1600 Διὰ
1042 1546 1100 1600 δὲ
1134 1546 1234 1616 τὴν
1264 1545 1576 1615 ὑπερϐολὴν
1604 1545 1699 1597 τοῦ
1729 1544 1820 1616 μι-

236 1657 389 1705 σους,
426 1642 566 1711 ὅπερ
609 1634 756 1708 εἶχον
801 1638 936 1706 πρὸς
980 1636 1080 1706 τὴν
1130 1637 1190 1688 ὲν
1231 1635 1539 1705 Χαλκηδόνι
1582 1636 1819 1700 σύνοδον,

235 1730 629 1801 ἀποσχὶζονται
662 1746 809 1791 τινες
834 1728 943 1782 ἀπὸ
977 1727 1210 1797 Πέτρου,
1244 1729 1338 1781 καὶ
1369 1728 1472 1779 ούκ
1500 1726 1822 1781 ἐκοινώνουν

1921 648 2101 689 tamen
2118 650 2375 706 expresse
2393 650 2501 688 non
2520 636 3015 690 anathematizabat
3036 653 3048 700 ;
3072 637 3169 692 sed
3197 646 3357 692 erant
3381 640 3495 692 haec

1919 726 2085 781 verba
2115 727 2451 797 perscripta:
2489 726 2546 780 Si
2578 730 2691 797 quis
2728 744 2916 781 eorum
2954 728 3045 792 qui
3082 726 3497 784 Chalcedonensi

1917 818 2116 887 synodo
2148 819 2458 887 adfuerunt,
2492 826 2585 869 aut
2620 818 2739 869 aliis
2774 818 2902 871 alibi
2943 818 3090 887 prius
3124 816 3313 871 habitis
3337 861 3349 874 .
3389 836 3495 872 non

1921 918 2058 961 recte
2105 910 2284 971 sentit,
2330 911 2616 962 anathema
2666 910 2750 960 sit.
2792 909 2905 963 Hoc
2955 909 3178 963 unionis
3226 909 3496 978 scriptum

1919 999 2303 1054 Alexandriam
2333 1002 2555 1054 allatum
2579 1002 2778 1055 Petrus
2794 1001 3024 1072 Mongus
3043 1002 3263 1072 recipit,
3286 1003 3497 1057 Joanne

1922 1091 2149 1146 liomam
2181 1090 2443 1159 fugiente.
2477 1090 2591 1148 Sub
2615 1091 2838 1147 Zenone
2870 1091 3064 1147 Petrus
3086 1107 3309 1163 quoque
3344 1092 3499 1145 Fullo

1921 1182 2253 1236 auctoritate
2291 1182 2648 1250 imperatoria
2682 1182 2741 1233 tlt
2774 1180 3152 1239 Antiochenus
3178 1183 3495 1252 episcopus.

1921 1272 2136 1328 Unione
2166 1272 2329 1335 facta,
2361 1273 2559 1327 Petrus
2587 1272 2732 1342 apud
2766 1271 3171 1328 Alexandrinos
3199 1273 3255 1332 in
3287 1272 3498 1330 honore

1919 1365 2200 1435 praecipuo
2216 1373 2355 1429 erat,
2373 1365 2717 1434 probatoque
2742 1364 2964 1422 unionis
2995 1365 3092 1420 illo
3108 1364 3338 1434 scripto,
3359 1365 3498 1416 solio

1922 1454 2133 1525 potitur
2166 1454 2575 1519 Alexandrino;
2608 1471 2712 1514 nec
2739 1457 2852 1526 jam
2882 1457 3117 1525 amplius
3145 1457 3384 1521 occulte,
3402 1457 3496 1511 sed

1921 1547 2104 1616 palam
2132 1554 2255 1601 erat
2282 1547 2593 1615 episcopus.
2623 1546 2859 1614 Quidam
2889 1555 3073 1601 tamen
3107 1547 3280 1607 nimio
3308 1555 3500 1601 contra

1923 1637 2196 1708 synodum
2253 1636 2759 1692 Chalcedonensem
2816 1637 2947 1692 odio
2996 1637 3256 1707 impulsi,
3311 1653 3498 1693 seces—

1925 1729 2138 1783 sionem
2169 1743 2200 1782 a
2227 1728 2392 1783 Petro
2435 1726 2667 1789 faciunt.
2700 1744 2803 1783 nec
2832 1744 2956 1781 cum
2993 1729 3088 1784 illo
3121 1730 3498 1783 communica-

235 1822 413 1892 αύτῷ,
461 1820 599 1874 διότι
651 1818 949 1889 δεξάμενος
997 1818 1059 1871 τὸ
1102 1818 1412 1880 Ἐνωτικὸν,
1460 1818 1522 1871 οὐ
1572 1818 1823 1887 φανερῶς

1933 1816 2062 1870 bant
2078 1815 2151 1871 ob
2170 1831 2291 1872 eam
2314 1831 2536 1872 causam
2563 1817 2733 1886 quod,
2766 1817 2991 1872 unionis
3010 1819 3217 1887 scripto
3244 1818 3501 1889 probato,

236 1914 605 1984 άνεθεμάτιζε
649 1913 751 1983 τὴν
785 1912 1024 1965 σύνοδον.
1059 1911 1170 1964 Καὶ
1205 1909 1458 1979 ἐλέγοντο
1489 1910 1539 1963 οἱ
1583 1909 1822 1964 τοιοῦτοι

1933 1907 2200 1978 synodum
2233 1909 2584 1963 anathemate
2631 1907 2929 1962 manifesto
2970 1923 3082 1963 non
3113 1908 3309 1964 fuisset
3341 1924 3504 1964 exse-

250 2006 568 2076 Ἀκέφαλοι,
600 2005 737 2059 διότι
766 2005 847 2076 τῷ
889 2003 1210 2074 πατριάρχῃ
1247 2003 1424 2057 αὐτῶν
1476 2002 1551 2073 μὴ
1592 2002 1822 2057 ἀκολου-

237 2100 534 2170 θήσαντες,
560 2098 682 2151 καθ’
714 2098 945 2161 ἑαυτοὺς
996 2094 1340 2151 ἐκοινώνουν.
1373 2091 1508 2148 Εἶτα
1547 2098 1578 2149 6
1615 2095 1823 2165 Πέτρος

238 2192 466 2263 θεωρῶν
494 2191 586 2245 τὸν
610 2191 784 2261 δῆμον
832 2190 928 2243 ἐπὶ
970 2187 1108 2242 πολὺ
1138 2188 1488 2259 σχιζόμενον,
1512 2187 1822 2257 ἀναγκάζε-

237 2302 333 2339 ται
364 2283 618 2355 φανερῶς
646 2281 1053 2352 ἀναθεματξσαι
1076 2279 1177 2350 τὴν
1216 2279 1458 2344 σύνοδον,
1486 2279 1581 2332 καὶ
1613 2279 1825 2349 ἐδέχετο

243 2378 349 2449 μὲν
378 2378 444 2431 τὸ
475 2375 792 2437 Ἐνωτικδν,
825 2372 1191 2443 άνεθεμάτιζε
1232 2371 1291 2425 δὲ
1338 2372 1435 2424 καὶ
1474 2371 1576 2441 τὴν
1605 2370 1824 2424 σύνοδον

240 2470 519 2540 φανερῶς.
549 2468 689 2523 Οὐδὲ
713 2466 888 2530 οὕτως
911 2463 1286 2534 ἐκοινώνησαν
1318 2461 1468 2534 αὐτῷ
1501 2465 1552 2517 οἱ
1592 2464 1827 2533 Ἀκέφα-

238 2564 349 2626 λοι,
389 2565 473 2617 δτι
516 2562 654 2624 ὅλως
690 2559 915 2624 ἐδέξατο
964 2556 1026 2623 ἐξ
1079 2556 1257 2628 ἀρχῆς
1298 2556 1360 2609 τὸ
1400 2556 1709 2622 Ἐνωτικδν,
1747 2555 1825 2626 μὴ

241 2650 654 2722 ἀναθεματωας
686 2648 784 2720 τὴν
815 2647 1065 2703 σύνοδον..

313 2825 421 2877 Τὸν
454 2824 512 2876 δὲ
559 2826 765 2893 Πέτρον
816 2823 1096 2888 διεδέξατο
1148 2824 1507 2888 Ἀθανάσιος⁶
1543 2827 1640 2879 καὶ
1671 2821 1825 2890 οὗτος

242 2913 536 2983 δεχόμενος
575 2914 637 2966 τὸ
686 2914 998 2980 Ἐνωτικὸν,
1043 2915 1406 2984 ἁνεθεμάτιζε
1443 2917 1543 2987 τὴν
1580 2918 1822 2973 σύνοδον.

241 3005 394 3075 Πλὴν
430 3005 551 3068 om
600 3005 779 3074 τούτῳ
819 3006 1188 3078 ἐκοινώνησαν
1230 3009 1280 3059 οἱ
1329 3008 1643 3077 Ἀκέφαλοι,
1688 3011 1825 3065 διότι

240 3095 574 3166 τδνἹΙέτρον
612 3095 850 3167 ἐδέχετο.
896 3097 1053 3151 Μετὰ
1093 3099 1152 3152 δὲ
1184 3100 1279 3153 τὸν
1320 3099 1647 3155 Ἀθανάσιον
1675 3104 1823 3170 γῖνε-

1925 2005 2131 2053 cratus.
2162 1998 2343 2068 Atque
2386 1996 2443 2051 hi
2487 1995 2832 2051 vocabantur
2868 1998 3130 2070 Acephali
3174 1999 3377 2070 (capite
3411 2015 3497 2055 ea.

1923 2089 2133 2155 rentes)
2160 2125 2175 2151 ,
2222 2086 2372 2157 quod
2412 2086 2784 2157 patriarcham
2821 2102 2983 2142 suum
3021 2089 3249 2145 minime
3285 2092 3458 2146 secuti
3483 2133 3500 2155 .

1922 2192 2175 2236 seorsum
2201 2179 2695 2234 communicarent.
2726 2179 2866 2235 Hinc
2887 2181 3103 2245 Petrus,
3123 2186 3217 2252 qnl
3241 2184 3502 2254 populum

1926 2272 2308 2342 multipliciter
2331 2272 2510 2328 scindi
2534 2272 2771 2337 videret,
2793 2274 3012 2330 tandem
3035 2277 3214 2346 palam
3233 2277 3505 2350 synodum

1927 2363 2399 2420 anathematizare
2430 2366 2682 2437 cogitur:
2720 2383 2832 2437 quo
2880 2367 3064 2431 ﬁebat,
3109 2376 3171 2424 ut
3208 2371 3418 2440 pariter
3450 2379 3505 2424 et

1926 2454 2151 2511 unionis
2198 2457 2469 2526 scriptum
2505 2458 2803 2525 reciperet,
2847 2467 2903 2513 et
2938 2461 3119 2529 palam
3166 2462 3504 2519 anathemati

1926 2546 2200 2618 synodum
2229 2547 2546 2618 subiiceret.
2576 2548 2781 2605 Verum
2805 2564 2876 2605 ne
2893 2551 2974 2606 sic
2996 2552 3221 2622 quidem
3242 2555 3504 2625 Acephali

1927 2653 2055 2693 cum
2097 2654 2167 2695 eo
2209 2640 2727 2706 communicabant,
2776 2643 2871 2712 qui
2918 2645 2988 2698 ab
3035 2646 3194 2701 initio
3239 2648 3505 2718 scriptum

1931 2731 2158 2787 unionis
2189 2734 2573 2802 approbasset,
2608 2748 2717 2788 non
2748 2735 3209 2793 anathematizata
3234 2740 3467 2810 synodo.

2001 2822 2091 2877 lll.
2161 2823 2324 2877 Petro
2387 2825 2657 2878 successit
2721 2825 3087 2894 Athanasius,
3143 2830 3240 2900 qui
3296 2831 3508 2902 scripto

1931 2915 2155 2970 unionis
2177 2922 2455 2983 suscepto,
2483 2915 2821 2971 anathemati
2850 2919 3122 2988 synodum
3152 2922 3503 2991 subjiciehat.

1926 3008 2131 3061 Verum
2162 3022 2265 3061 nec
2292 3022 2417 3062 cum
2445 3008 2538 3062 illo
2560 3010 3042 3066 communicabant
3067 3012 3353 3081 Acephali.
3377 3014 3506 3083 quia

1928 3098 2149 3153 Petrum
2178 3099 2472 3168 reciperet.
2505 3099 2636 3154 Post
2665 3101 3023 3157 Athanasium
3050 3103 3288 3163 Joannes
3311 3104 3505 3175 [itepi-

240 3204 333 3241 ται
379 3188 660 3257 Ἰωάννης,
692 3189 791 3242 καὶ
829 3189 993 3244 πάλιν
1039 3192 1317 3263 Ἰωάννης,
1359 3191 1479 3247 εἶτα
1506 3196 1818 3268 Διόσκορος,

1933 3203 2150 3259 scopus.
2173 3197 2231 3243 et
2265 3204 2484 3245 rursum
2523 3190 2766 3246 Joannes
2815 3193 2974 3256 alter,
3008 3193 3135 3248 inde
3187 3195 3505 3259 Dioscorus,

244 3281 343 3335 καὶ
363 3275 466 3334 εἷθ’
493 3279 639 3335 οὕτω
682 3283 970 3352 Τιμόθεος,
1024 3284 1120 3337 καὶ
1159 3279 1307 3339 οὗτοι
1336 3285 1396 3340 δὲ
1425 3288 1645 3352 πάντες.
1668 3289 1823 3360 δεχό-

244 3391 401 3444 μενοι
436 3373 535 3444 μὲν
560 3373 621 3427 τὸ
646 3373 956 3439 Ἑνωτικδν,
980 3377 1542 3446 ἀναθεματιζοντεςδὲ
1567 3381 1667 3453 τὴν
1695 3383 1822 3435 σύν-

242 3466 387 3520 οδον.
432 3464 827 3529 Ἀποθανόντος
866 3465 924 3519 δὲ
983 3469 1229 3538 Ζήνωνος
1257 3468 1353 3523 τοῦ
1392 3470 1680 3541 βασιλέως,
1715 3474 1824 3527 δια-

240 3555 464 3625 δέχεται
497 3554 599 3626 τὴν
629 3554 905 3624 βασιλειαν
930 3558 960 3610 6
992 3556 1367 3625 ’Δναστάσιος,
1394 3563 1489 3615 καὶ
1516 3563 1638 3617 τότε
1664 3563 1825 3617 πλέον

245 3647 445 3718 κρατεῖ
470 3645 533 3698 τὸ
562 3646 705 3700 κατὰ
756 3647 856 3717 τῆς
916 3648 1140 3702 συνόδου
1169 3649 1372 3721 δόγμα.
1414 3652 1536 3708 Τῶν
1565 3654 1676 3724 γὰρ
1714 3642 1827 3708 δια-

241 3737 586 3810 κρινομένων
636 3733 706 3810 ἦν
747 3739 778 3791 ὁ
818 3739 1197 3808 Ἀναστάσιος,
1231 3744 1318 3814 ἐφ’
1360 3739 1421 3800 οὗ
1455 3748 1547 3800 καὶ
1587 3747 1826 3817 Σεϐῆρος

243 3829 456 3900 γίνεται
488 3832 547 3885 έν
585 3830 894 3903 Ἀντιοχείᾳ
941 3832 1262 3898 ἐπίσκοπος,
1314 3836 1383 3888 τὰ
1432 3836 1571 3890 αὐτὰ
1613 3839 1825 3908 φρονῶν

243 3919 499 3991 Τιμοθέῳ
526 3919 607 3991 τῷ
639 3921 1077 3993 Ἀλεξανδρείας.
1121 3924 1513 3991 Ἀποθανόντος
1565 3929 1623 3982 δὲ
1667 3930 1824 3984 Ἀνα-

243 4013 497 4075 στασίου,
536 4013 752 4080 γίνεται
784 4012 1039 4083 βασιλεὺς
1083 4016 1369 4081 Ἰουστῖνος
1407 4020 1437 4072 6
1462 4018 1698 4090 πρῶτος,
1730 4023 1826 4073 καὶ

242 4105 322 4167 ὡς
360 4103 502 4173 μετὰ
533 4102 632 4156 ἱνα
657 4104 834 4175 ἣμισυ
880 4104 1149 4171 ἐνιαυτὸν,
1181 4108 1386 4173 εὐθέως
1427 4110 1824 4175 Ἰουστινιανός.

242 4193 450 4248 Τούτου
475 4194 534 4249 δὲ
567 4194 1011 4264 βασιλεύσαντος,
1051 4200 1147 4252 καὶ
1190 4199 1300 4253 τῶν
1331 4203 1623 4256 συνοδιτῶν
1651 4203 1825 4270 ὄντος,

242 4284 510 4355 φοϐηθεὶς
569 4287 601 4340 6
646 4286 891 4358 Σεόῆρος
923 4328 940 4352 ,
996 4290 1191 4359 φεύγει
1240 4293 1323 4356 εἰς
1394 4293 1826 4367 Ἀλεξάνδρειαν,

242 4376 390 4448 ἔχων
413 4376 535 4447 μεθ’
558 4378 754 4432 ἑαυτοῦ
784 4376 1070 4433 Ἰουλιανόν
1095 4399 1216 4436 τινα
1237 4383 1541 4437 ἐπίσκοπον
1574 4384 1828 4457 Ἀλικαρ-

243 4462 636 4524 νασσοῦ.οὗτοι
649 4469 916 4537 ἐλθόντες,
933 4470 1256 4536 ἐκαθέζοντο
1272 4476 1352 4536 εἰς
1378 4473 1441 4527 τὸ
1455 4476 1716 4529 Ἐννατον
1728 4478 1827 4546 (g).

1928 3289 1986 3335 et
2016 3279 2237 3335 tandem
2268 3280 2613 3336 Timotheus.
2646 3282 2713 3337 lli
2742 3297 2936 3339 omnes
2968 3286 3188 3341 unionis
3238 3288 3505 3357 scriptum

1931 3367 2295 3437 recipiebant,
2320 3376 2376 3421 et
2403 3370 2671 3439 synodum
2702 3373 3258 3434 anathematizahant.
3286 3376 3509 3432 Zenone

1930 3474 2062 3512 vero
2112 3460 2362 3529 principe
2398 3470 2640 3527 mortuo,
2671 3462 2991 3519 Anastasius
3021 3465 3076 3522 in
3117 3466 3350 3535 imperio
3386 3483 3510 3522 suc-

1929 3549 2097 3611 cedit,
2120 3565 2232 3619 quo
2260 3559 2508 3620 tempore
2535 3552 2732 3622 dogma
2751 3555 2962 3625 synodo
2989 3556 3329 3609 contrarium
3360 3557 3509 3612 vires

1932 3641 2167 3711 majores
2192 3642 2535 3711 acquirebat.
2555 3642 2686 3697 Erat
2703 3644 2854 3700 enim
2881 3645 3204 3701 Anastasius
3223 3662 3290 3702 ex
3315 3664 3507 3703 eorum

1932 3745 2171 3785 numero
2198 3732 2293 3801 qui
2336 3732 2663 3788 llasitantes
2708 3736 3083 3790 vocabantur:
3137 3738 3241 3792 sub
3291 3755 3402 3809 quo
3453 3752 3512 3795 et

1931 3822 2172 3878 Severus
2219 3824 2514 3894 episcOpns
2563 3826 2945 3881 Antiochenus
2989 3829 3340 3900 designatur,
3382 3846 3507 3894 enm

1931 3913 2304 3969 Alexandrino
2328 3914 2621 3969 Timotheo
2640 3919 3013 3973 consentiens.
3035 3920 3329 3978 Anastasio
3345 3924 3511 3987 rebus

1933 4007 2190 4062 humanis
2212 4018 2489 4077 exempto,
2533 4009 2786 4064 Justinus
2815 4010 2969 4079 prior
3010 4011 3243 4082 imperio
3272 4014 3508 4084 potitur,

1932 4113 1998 4153 ac
2022 4106 2146 4168 post
2179 4113 2384 4152 annum
2415 4106 2471 4152 et
2503 4098 2798 4154 dimidium
2835 4116 2959 4156 mox
2989 4103 3338 4165 Justinianus
3377 4121 3507 4161 suc-

1934 4190 2101 4245 cedit.
2134 4190 2213 4243 Eo
2257 4204 2442 4243 rerum
2486 4190 2683 4260 potito,
2718 4191 2811 4261 qui
2846 4193 3154 4263 synoditam
3192 4211 3250 4251 se
3286 4197 3512 4266 proﬁte-

1937 4289 2107 4345 retur,
2143 4278 2387 4335 Severus
2418 4291 2567 4334 metu
2610 4280 2913 4351 impulsus,
2956 4282 3343 4345 Alexandriam
3383 4303 3512 4357 pro-

1936 4369 2096 4440 fugit,
2138 4369 2418 4424 Julianum
2462 4371 2756 4440 quemdam
2806 4372 3345 4432 Halicarnassensem
3392 4379 3513 4449 cpi-

1935 4472 2162 4527 scopum
2193 4472 2382 4512 secum
2404 4458 2701 4514 abducens.
2726 4461 3089 4531 Posteaquam
3113 4481 3181 4525 eo
3207 4468 3505 4532 venissent,

241 4561 359 4615 καί
407 4578 540 4614 ποτε
590 4562 752 4631 λόγου
797 4562 1113 4633 κινηθέντος
1150 4564 1355 4633 μεταξὺ
1388 4566 1590 4630 αὐτῶν,
1622 4568 1832 4638 twn-
1867 4566 1908 4621 ι)
1936 4548 2289 4603 sedebantad
2306 4549 2607 4638 Ennatum,
2632 4560 2689 4606 et
2707 4562 2855 4611 mota
2876 4553 3022 4611 inter
3043 4556 3190 4624 ipsos
3210 4557 3509 4626 aliquando

241 4652 449 4723 ὕήτουν
498 4655 627 4724 περὶ
680 4653 926 4723 φθαρτοῦ
973 4656 1071 4708 καὶ
1098 4656 1382 4727 ἀφθάρτου
1410 4657 1510 4725 (II),
1541 4660 1589 4710 ει
1620 4661 1731 4728 ἄρα
1768 4660 1831 4711 τὸ

244 4744 412 4812 σῶμα
436 4741 532 4795 τοῦ
562 4743 800 4814 Χριστοῦ
831 4743 937 4813 πρὸ
956 4744 1057 4813 τῆς
1080 4746 1433 4807 ἀναστάσεως
1459 4744 1625 4799 αὑτοῦ
1657 4747 1831 4819 φθαρ-

241 4834 338 4886 τὸν
381 4829 540 4903 ﬁmi}
592 4832 893 4903 ἄφθαρτον.
940 4836 999 4888 '0
1046 4835 1149 4905 μὲν
1207 4834 1318 4908 γὰρ
1362 4836 1647 4901 Ἰουλιανὸς
1697 4854 1832 4891 κατ-

242 4923 560 4979 ακολουθῶν
588 4926 656 4994 τῇ
677 4924 879 4994 ἀρχαία
897 4923 1042 4995 δόξῃ,
1072 4924 1259 4994 ἔλεγεν
1290 4926 1372 4979 ὅτι
1402 4926 1679 4998 ἄφθαρτόν
1710 4930 1826 4981 ἐστι

240 5015 308 5068 τὸ
365 5012 528 5084 σῶμα
570 5014 669 5068 τοῦ
714 5013 990 5085 Χριστοῖν
1037 5016 1085 5068 εἰ
1133 5016 1208 5086 μὴ
1248 5016 1360 5088 γὰρ
1406 5019 1653 5089 εἴπωμεν
1691 5020 1827 5072 αὐτὸ

242 5105 551 5177 ἄφθαρτον,
581 5105 720 5160 ἀλλὰ
765 5107 1028 5177 φθαρτὸν,
1059 5107 1326 5177 διαφορὰν
1366 5110 1658 5180 εἰσάγομεν
1692 5109 1828 5179 πρὸς

241 5199 339 5252 τὸν
366 5197 538 5266 Λόγον
567 5197 663 5251 τοῦ
700 5197 858 5252 Θεοῦ.
909 5200 1185 5268 Διαφορᾶς
1224 5197 1280 5251 δὲ
1320 5200 1704 5270 εἰσαγομένης,
1736 5201 1830 5253 δύο

242 5290 443 5359 φύσεις
486 5291 835 5362 εὑρίσκονται
868 5291 927 5343 ὲν
956 5290 1036 5359 τῷ
1062 5291 1303 5361 Χριστῷ.
1332 5294 1440 5346 Καὶ
1487 5293 1541 5346 τί
1580 5293 1827 5363 ἀκαίρως

246 5382 541 5452 μαχόμεθα
568 5385 635 5454 τῇ
671 5383 908 5453 συνόδῳς
945 5384 1087 5453 Πρὸς
1105 5383 1277 5438 ταῦτα
1305 5386 1490 5454 ἔλεγεν
1512 5390 1539 5440 ὁ
1566 5386 1825 5457 Σεὸῆρος,

318 5540 396 5612 (9)
419 5541 523 5607 Εἰς
546 5543 613 5623 τὸ
633 5546 907 5599 ἔννατον.
938 5544 1153 5623 Videsis
1189 5561 1310 5623 quae
1340 5545 1600 5623 superius
1624 5559 1675 5623 ρ.
1700 5544 1821 5623 155,

240 5624 490 5682 εισιο..
528 5614 887 5670 observamus
932 5632 999 5669 ex
1052 5613 1419 5682 Wesselingio
1469 5613 1534 5668 ad
1581 5613 1822 5667 Liberali

244 5680 616 5754 previarium,
674 5698 795 5754 cap.
848 5686 933 5740 19.
970 5684 1185 5752 Quibus
1223 5680 1393 5739 addas
1422 5684 1742 5754 velimqnte
1770 5683 1824 5734 in

244 5749 402 5805 hunc
420 5751 603 5807 locum
626 5749 913 5811 adnotavit
935 5749 1246 5812 Cdtelerius
1269 5753 1413 5811 Eccl.
1452 5753 1545 5809 Gr.
1566 5749 1822 5814 Monum”

247 5828 390 5876 tom.
416 5819 459 5885 l,
492 5837 616 5894 pag.
643 5823 744 5880 809
773 5839 822 5880 c.

1932 4639 2236 4707 quzcstione
2285 4637 2354 4693 de
2392 4639 2743 4708 corruptibili
2774 4651 2833 4694 et
2866 4642 3300 4713 incorruptibili,
3330 4646 3505 4700 ambi—

1933 4729 2132 4799 gebant
2184 4743 2315 4784 num
2351 4728 2566 4789 scilicet
2594 4729 2798 4785 Christi
2835 4745 3038 4800 corpus
3081 4744 3206 4789 ante
3256 4750 3507 4790 resurre-

1933 4828 2171 4889 ctionem
2199 4829 2320 4897 ejus
2348 4829 2712 4898 corruptibile
2743 4829 2932 4889 fuerit.
2968 4846 3036 4884 an
3064 4827 3506 4897 incorruptibile.

1931 4919 2186 4975 Julianus
2211 4919 2384 4982 enim.
2419 4920 2681 4977 insistens
2719 4922 2967 4992 opinioni
3002 4921 3268 4990 pristinae,
3302 4919 3510 4977 Christi

1935 5034 2137 5089 corpus
2168 5033 2290 5073 esse
2319 5017 2538 5073 dicebat
2570 5020 3023 5090 incorruptibile:
3056 5020 3262 5090 quippe
3306 5019 3349 5073 si
3398 5034 3508 5072 non

1938 5110 2380 5181 incorruptibile,
2411 5110 2507 5165 sed
2551 5111 2912 5180 corruptibile
2940 5112 3266 5176 dixerimus,
3304 5111 3511 5180 inquit.

1935 5204 2083 5258 inter
2116 5218 2319 5273 corpus
2346 5209 2403 5258 et
2427 5201 2751 5257 Sermonem
2790 5203 2888 5258 Dei
2918 5204 3218 5259 discrimen
3250 5201 3507 5258 introdu-

1934 5296 2131 5349 cimus.
2176 5294 2244 5349 At
2272 5309 2404 5350 vero
2438 5293 2484 5348 si
2527 5293 2828 5351 discrimen
2861 5296 3255 5359 constituatur,
3290 5294 3413 5348 dum
3455 5291 3509 5344 in

1933 5386 2157 5442 Christo
2188 5393 2396 5440 natura:
2423 5385 2801 5456 reperiuntur.
2834 5387 2901 5441 Et
2928 5401 3029 5442 cur
3054 5396 3161 5442 tam
3192 5387 3508 5455 importune

2004 5544 2076 5613 (Ii)
2106 5545 2241 5611 Περὶ

2004 5544 2076 5613 (Ιι)
2106 5545 2241 5611 Περὶ
2316 5544 2533 5610 θαρτοῦ
2584 5543 2684 5597 καὶ
2729 5543 3049 5612 ἀφθάρτου.
3109 5542 3416 5598 Cotelerius
3449 5543 3503 5596 in

1935 5612 2079 5667 Eccl.
2109 5613 2203 5669 Gr.
2233 5561 2496 5669 bimum"
2520 5624 2653 5668 tom.
2688 5613 2731 5669 Ι.
2777 5629 2899 5669 Datt.
2932 5614 3033 5667 787
3072 5629 3225 5669 sentt.
3276 5628 3345 5667 ex
3389 5610 3501 5665 En-

1960 5630 2079 5667 LCCl.
2109 5630 2203 5667 ur.

2288 5629 2496 5683 onum..
2520 5613 2731 5683 tom.il,
2772 5610 2899 5683 pag.
2932 5614 3033 5667 787
3072 5629 3225 5683 seqq.
3269 5628 3345 5683 ex
3389 5610 3501 5683 Eu-

1933 5683 2126 5756 thymii
2154 5682 2427 5756 P‘anoplia
2451 5682 2639 5738 Graeca
2661 5679 3025 5756 [raginéntum
3065 5679 3235 5741 refert
3261 5679 3518 5756 Ιιεξοῐιιὶἱ,⁵

1933 5750 2079 5822 quod
2110 5750 2241 5811 huic
2261 5750 2385 5809 loco
2413 5754 2593 5809 lucem
2619 5750 2816 5809 aﬂ‘erre
2844 5752 3037 5823 possit,
