4218 6444
222 423 362 488 1233

1424 424 1520 483 DE
1559 421 1832 482 SECTIS.
1876 449 1941 461 -
1973 424 2129 485 ACT.
2169 425 2267 485 \‘I.

3338 430 3472 493 1331

232 537 390 591 Ἐπεὶ
415 535 522 605 γὰρ
550 533 794 603 ὴπὸρητο
823 535 887 603 τῇ
920 533 1234 603 Ἐκκλτρὲα.
1284 533 1367 585 ὅτι
1403 532 1463 583 ΕΞ
1492 530 1586 583 δύο
1610 531 1797 597 λέγετε
1835 546 1874 595 Α

1835 546 1874 595 Α
1903 533 2060 601 cujus
2082 539 2244 587 sech
2273 532 2525 601 princeps
2561 534 2897 602 Philoponns
2941 537 3172 591 exstitit.
3202 535 3469 604 Quoniam

220 627 419 693 ςύσεις
450 627 510 678 ἐν
535 623 611 694 τῷ
638 623 879 695 Χριστῷ,
912 626 1124 693 ἀνάγκη
1154 623 1299 693 ύμᾶς
1324 621 1419 674 καὶ
1441 620 1537 673 δύο
1562 621 1795 673 ὑποστά·

220 734 340 778 σεις
390 716 586 767 εἰπεῖν.
645 714 709 766 'll
759 713 817 765 δὲ
871 713 1170 782 Ἐκκλησία
1213 709 1671 780 άνταπεκρίνατο,
1716 711 1797 762 ὅτι

220 808 285 859 Εἰ
340 807 438 874 μὲν
488 805 682 857 ταυτὸν
726 807 844 858 ἐστι
876 803 1041 871 φύσις
1084 804 1178 856 καὶ
1210 803 1534 863 ὑπόστασις,
1586 801 1799 869 ἀνάγκη

218 898 373 964 ἡμᾶς
400 894 737 964 ὁμολογῆσαι
766 894 828 947 τὸ
850 893 1074 963 ἄτομον.
1133 892 1197 946 Εἰ
1223 892 1280 943 δὲ
1311 891 1439 944 ἄλλο
1469 890 1586 943 ἐστὶ
1613 888 1799 958 φύσις,

220 989 318 1040 καὶ
367 988 494 1039 ἄλλο
535 986 862 1048 ὑπόστασις,
917 985 1002 1048 τίς
1031 987 1064 1053 ἡ
1097 983 1510 1051 ἀποκλήρωσις.
1542 980 1800 1047 λέγοντας

216 1080 370 1147 ἡμᾶς
403 1078 497 1131 δύο
530 1077 753 1141 φύσεις,
804 1075 1145 1145 ὁμολογῆσαι
1179 1074 1396 1135 πάντως
1428 1070 1645 1124 καὶδύο
1670 1072 1801 1122 ὐπο-

218 1170 476 1232 στάσειςς
509 1166 903 1235 ’Λπεκρίναντο
933 1165 1070 1234 πρὸς
1097 1166 1195 1235 τὴν
1220 1163 1549 1232 Ἐκκλησίαν
1575 1164 1622 1214 οἱ
1649 1162 1800 1230 αίρε-

215 1259 489 1319 τικοὶ,ὂτι
530 1257 670 1317 Ναὶ,
727 1256 924 1309 ταυτόν
973 1258 1090 1309 ὲστι
1130 1254 1292 1324 φύσις
1339 1255 1433 1305 καὶ
1475 1252 1800 1313 ὑπόστασις.

216 1344 357 1399 Εἶτα
393 1347 555 1399 πάλιν
589 1348 621 1414 ἡ
656 1345 953 1415 Ἐκκλησία
981 1360 993 1373 ’
1050 1346 1112 1398 El
1142 1342 1340 1396 ταυτόν
1367 1344 1484 1394 ἐστι
1514 1340 1676 1409 φύσις
1707 1341 1801 1392 καὶ

219 1439 562 1499 ὑπόστασις,
613 1436 811 1489 οὐκοῦν
858 1437 1094 1506 λέγομεν
1134 1437 1225 1488 καὶ
1252 1439 1352 1506 τῆς
1374 1433 1538 1501 ἁγίας
1569 1432 1800 1501 Τριάδος

217 1531 370 1598 τρεῖς
401 1530 622 1597 φύσειςο
679 1528 870 1598 ἐπειδὴ
904 1527 1353 1596 ὁμολογουμένως
1379 1528 1529 1596 τρεῖς
1559 1524 1798 1577 ὑποστά-

220 1637 339 1681 σεις
370 1620 506 1690 ἔχει.
575 1620 789 1690 Ἐπειδὴ
833 1619 1007 1672 ταῦτα
1041 1619 1228 1685 ἔλεγεν
1259 1620 1292 1687 ἡ
1327 1617 1654 1686 Ἐκκλησία,
1689 1618 1797 1669 άπ-

215 1713 477 1781 εκρὶνατο
504 1715 533 1766 ὀ
558 1712 965 1774 Φιλόπονος,ὄτι
1005 1712 1115 1764 Καὶ
1144 1711 1285 1764 ἔστω
1313 1712 1464 1780 τρεῖς
1491 1709 1683 1777 φύσεις
1709 1710 1800 1762 λέ-

216 1820 340 1867 γειν
372 1804 520 1889 ἡμᾶς
550 1806 643 1857 ἐπὶ
668 1804 768 1873 τῆς
794 1804 959 1871 ἁγίας
985 1803 1235 1871 Τριάδος.
1290 1802 1490 1889 Ἔλεγε
1515 1801 1571 1853 δὲ
1600 1800 1795 1889 ταῦτα,

218 1866 405 1945 λαϐὼν
414 1866 531 1961 1τὴν
556 1866 815 1962 άφορζλὴν
974 1866 1087 1943 τόύν
1116 1866 1587 1959 Ἀριστοτελικῶν.
1607 1889 1665 1942 ’0
1688 1887 1795 1957 γάρ
1831 1866 1872 1921 Β

229 1983 619 2054 Ἀριστοτέλης
652 1985 850 2051 φησὶν,
903 1984 986 2035 ὅτι
1034 1983 1140 2035 εἰσὶ
1187 1981 1298 2033 τῶν
1328 1981 1544 2050 ἀτόμων
1574 1981 1669 2033 καὶ
1698 1998 1795 2048 με-

221 2077 377 2146 ρικαὶ
401 2075 607 2136 οὐσίαι,
644 2076 741 2127 καὶ
773 2074 873 2144 μία
900 2076 1074 2143 κοινή.
1134 2071 1322 2135 Οὕτως
1346 2068 1439 2125 οὖν
1469 2072 1562 2123 καὶ
1591 2075 1619 2123 ὁ
1642 2072 1795 2123 Φιλό-

218 2182 385 2227 πονος
415 2165 632 2230 ἔλεγεν,
682 2166 765 2218 ὅτι
797 2165 907 2217 εἰσὶ
935 2166 1085 2235 τρεῖς
1114 2164 1342 2233 μερικαλ⁵
1367 2162 1549 2217 οὐσίαι
1580 2163 1673 2213 ἐπὶ
1699 2164 1796 2231 τῆς

216 2261 387 2328 ἁγίας
415 2261 669 2333 Τριάδος,
687 2262 783 2314 καὶ
810 2260 924 2314 ἐστι
943 2262 1041 2331 μία
1066 2261 1243 2331 κοινή.
1271 2260 1363 2315 Ἑν
1380 2258 1594 2322 τούτοις
1616 2258 1648 2328 ἡ
1671 2257 1801 2312 θεω-

216 2370 338 2421 ρια.

1902 624 2047 676 enim
2074 623 2370 693 objiciebat
2394 623 2729 687 Ecclesim,si
2758 626 2897 681 duas
2922 627 2976 680 in
3004 628 3224 682 Christo
3251 637 3474 683 naturas

1902 711 2133 777 diceret,
2158 712 2471 766 necessario
2497 729 2716 783 quoque.
2742 715 2881 769 duas
2905 714 3226 786 hypostases
3258 718 3476 772 confes-

1903 817 2088 855 suram
2108 819 2122 856 :
2149 804 2512 872 respondebat
2532 804 2793 869 Ecclesia,
2811 806 2855 860 si
2875 816 3073 861 natura
3096 816 3149 861 et
3168 809 3476 880 hypostasis

1904 894 2051 949 idem
2093 896 2243 957 sint,
2283 896 2597 951 necessario
2638 912 2856 966 quoque
2903 897 3279 954 conﬁtendum
3328 902 3473 957 indi-

1904 985 2155 1040 viduum.
2206 986 2302 1040 Sin
2354 987 2506 1042 aliud
2552 1000 2768 1053 natura,
2822 998 2878 1043 et
2924 990 3075 1045 aliud
3126 991 3473 1062 hypostasis,

1902 1092 2154 1144 quaenam
2188 1078 2279 1132 illa
2316 1080 2535 1133 sortitio
2581 1080 2765 1144 fuerit,
2814 1090 2874 1135 ut
2919 1094 3145 1138 naturas
3177 1082 3315 1139 duas
3361 1094 3474 1139 sta-

1905 1175 2143 1232 tuentes,
2185 1168 2414 1221 omnino
2459 1166 2597 1221 duas
2628 1185 2848 1239 quoque
2877 1172 3242 1227 conﬁteamur
3293 1175 3471 1245 hypo-

1902 1259 2114 1313 stases?
2154 1258 2217 1313 Ei
2246 1257 2652 1328 respondebant
2688 1260 2932 1315 haeretici
2981 1262 3140 1331 plane
3175 1265 3317 1318 idem
3350 1282 3471 1320 esse

1902 1359 2158 1404 naturam
2196 1359 2254 1404 et
2286 1350 2645 1420 hypostasim.
2680 1350 2933 1405 Vicissim
2969 1352 3213 1407 Ecclesia
3262 1355 3471 1419 dicere,

1902 1441 1946 1495 si
1983 1449 2177 1495 natura
2211 1448 2267 1495 et
2298 1441 2610 1511 hypostasis
2646 1441 2791 1495 idem
2820 1442 2929 1496 sint
2954 1485 2967 1507 ,
3002 1446 3166 1499 etiam
3195 1446 3247 1499 in
3286 1457 3472 1503 sancta

1900 1529 2168 1585 Trinitate
2197 1540 2421 1586 naturas
2462 1540 2574 1588 tres
2605 1547 2727 1587 esse
2751 1532 3038 1597 dicendas;
3075 1553 3200 1590 cum
3234 1538 3289 1591 in
3339 1554 3471 1593 con-

1903 1621 2047 1676 fesso
2077 1621 2169 1687 sit,
2190 1638 2310 1677 eam
2332 1632 2441 1678 tres
2456 1623 2775 1695 liypostases
2792 1624 3144 1681 habereilch
3160 1628 3473 1696 proferente

1904 1711 2171 1776 Ecclesia,
2204 1713 2573 1782 respondebat
2594 1714 2952 1784 Philoponus,
2984 1716 3384 1773 admittendum
3415 1730 3472 1774 ut

1906 1811 2020 1858 tres
2056 1813 2281 1858 naturas
2327 1805 2381 1858 in
2415 1813 2761 1858 sacrosancta
2789 1805 3058 1861 Trinitate
3088 1807 3465 1879 proﬁteamur.

1901 1894 2029 1949 Haec
2068 1904 2251 1950 autem
2298 1896 2548 1957 dicebat,
2601 1897 2947 1953 occasionem
2996 1915 3064 1952 ex
3108 1900 3475 1956 Aristotelicis

1901 1993 2115 2038 nactus.
2147 1984 2339 2038 Tradit
2386 1985 2535 2039 enim
2587 1987 2917 2043 Aristoteles
2961 1989 3371 2045 individuorum
3418 2002 3476 2046 et

1900 2076 2266 2145 particulares
2286 2092 2408 2131 esse
2436 2077 2794 2142 substantias,
2822 2088 2874 2134 et
2912 2096 3075 2135 unam
3100 2097 3469 2137 communem.

1902 2166 1994 2221 Sic
2029 2165 2198 2236 igitur
2225 2175 2282 2221 et
2321 2168 2659 2239 PhiIOponus
2702 2170 2884 2226 aiebat
2926 2187 3048 2227 esse
3087 2182 3200 2229 tres
3228 2177 3474 2244 particu-

1905 2258 2050 2312 lares
2072 2258 2129 2311 in
2160 2265 2347 2312 sancta
2370 2257 2639 2312 Trinitate
2670 2259 3026 2327 substantias,
3054 2274 3110 2317 et
3135 2279 3298 2319 unam
3326 2281 3475 2321 com-

1908 2362 2151 2403 munem.
2183 2346 2310 2403 Πίου
2340 2348 2743 2405 consideranda
2773 2350 3087 2408 veniebant.

221 2590 369 2653 Ha'c
410 2591 573 2651 actio
620 2598 798 2652 sexta
839 2587 1237 2669 reprehendit
1301 2585 1597 2669 quaedam
1649 2585 1755 2663 qui
1797 2582 2100 2669 synodum
2147 2581 2705 2669 Chalcedoneneem
2755 2584 3050 2648 nolebant
3107 2585 3473 2651 admittere:

928 2663 1393 2745 eorumdcmque
1421 2665 1699 2724 ratione:
1734 2669 1792 2722 et
1820 2668 2260 2725 examinantur
2287 2672 2345 2724 et
2376 2663 2776 2742 refelluntur.

818 2785 1069 2842 ΠΡΑΞΙΣ
1104 2785 1194 2843 (τ’.

818 2785 1069 2842 ΠΡΑΞΙΣ
1104 2785 1194 2854 ς’.

290 2884 448 2939 Μετὰ
482 2882 551 2936 τὰ
579 2882 868 2953 εἰρημένα,
902 2881 1037 2950 φέρε
1066 2881 1163 2933 καὶ
1193 2879 1323 2949 περὶ
1346 2877 1795 2948 ἐπιχειρημάτων

216 2976 387 3029 τινῶν
410 3015 427 3039 ,
486 2974 631 3044 άπερ
683 2973 880 3035 κοινῶς
921 2973 1057 3043 πρὸς
1086 2970 1186 3042 τὴν
1221 2969 1549 3038 Ἐκκλησίαν
1579 2967 1796 3035 λέγουσι

219 3070 426 3129 πάντες
471 3069 523 3119 οἱ
568 3065 1001 3136 διακρινόμενοι,
1045 3062 1218 3131 μικρᾶ
1280 3058 1649 3129 διαλάϐωμεν.
1705 3059 1798 3110 Δι-

218 3162 434 3229 έλωμεν
452 3161 509 3213 δὲ
541 3152 679 3214 αύτᾶ
710 3158 894 3238 τριχῆν
910 3154 1099 3225 ἐπειδὴ
1125 3154 1190 3207 τὰ
1219 3155 1318 3222 μὲν
1343 3151 1525 3205 αὐτῶν
1550 3149 1801 3220 ἱστορικά
1826 3180 1868 3237 c

218 3252 364 3301 εἰσιν
385 3288 400 3309 ,
447 3249 513 3300 ὲκ
544 3248 656 3299 τῶν
684 3245 1040 3315 πραχθέντων
1071 3245 1137 3310 τῇ
1166 3243 1224 3294 ὲν
1254 3240 1560 3309 Χαλκηδόνι
1595 3238 1798 3306 συνόδῳ

217 3340 616 3409 λαμϐανόμενα
640 3354 655 3368 ·
717 3337 785 3389 τὰ
827 3336 884 3389 δὲ
925 3334 1032 3387 ἀπὸ
1076 3331 1474 3400 συλλογισμῶν,
1511 3331 1604 3383 καὶ
1639 3346 1799 3398 περι-

217 3433 396 3495 νοίας·
433 3431 503 3483 τά
530 3431 609 3493 δὲ,
641 3429 751 3482 άπὸ
774 3428 1050 3497 χρήσεων.
1098 3423 1262 3476 Ἀλλά
1289 3421 1507 3492 πρῶτον
1538 3421 1666 3489 περὶ
1690 3421 1801 3474 τῶν

220 3521 514 3590 ἱστορικῶν
551 3517 1026 3587 διαλαμϐάνωμεν.
1084 3515 1205 3567 Εἰσὶ
1232 3514 1289 3566 δὲ
1331 3513 1368 3567 ἃ
1403 3513 1676 3582 μέλλομεν
1710 3512 1797 3564 λέ-

218 3629 364 3679 γειν,
400 3609 811 3679 ἐπιχειρήματα
836 3606 1100 3675 τέσσαρα,
1133 3596 1209 3658 ὧν
1237 3602 1452 3673 πρῶτόν
1478 3605 1593 3656 ἐστι
1618 3604 1797 3669 τοῦτο,

216 3706 305 3757 ὅτι
367 3705 429 3756 ού
480 3704 564 3756 δεῖ
617 3701 873 3771 δέχεσθαι
925 3699 1029 3770 τὴν
1084 3699 1145 3751 ὲν
1194 3696 1502 3765 Χαλκηδόνι
1554 3696 1795 3761 σύνοδον,

219 3796 415 3866 ἐπειδὴ
442 3798 493 3847 οἱ
521 3797 576 3846 ὲν
600 3795 737 3863 αὐτῇ
761 3791 1046 3861 γενόμενοι
1069 3789 1257 3861 ἄνδρες
1282 3789 1606 3859 παλίμδολοι
1657 3785 1799 3859 ἦσαν

220 3889 322 3955 καὶ
357 3887 658 3939 ἀλλόκοτοι.
688 3879 849 3939 Οὗτοι
906 3882 1015 3953 γάρ
1055 3883 1151 3934 καὶ
1181 3880 1434 3934 καθεῖλον
1465 3881 1553 3933 τὸν
1578 3881 1795 3952 Εὐτυχῆ

221 3980 282 4030 ὲν
311 3976 614 4045 Βυζαντίῳ,
651 3977 748 4029 καὶ
775 3976 856 4036 εἰς
877 3975 1114 4040 Ἔφεσον
1146 3971 1412 4035 ἐλθόντες,
1447 3971 1543 4023 τὸν
1573 3972 1671 4041 μὲν
1695 3973 1798 4025 Εὐ-

218 4068 363 4135 τυχῆ
412 4066 662 4129 ἐδέξαντο
713 4065 851 4133 μετὰ
892 4063 1220 4132 Διοσκόρου,
1270 4063 1364 4115 τὸν
1403 4063 1461 4116 δὲ
1497 4062 1798 4117 Φλαϐιανὸν

219 4157 582 4213 άπεῦάλοντο.
636 4156 779 4227 Πρὸς
819 4154 975 4207 τούτο
1017 4154 1280 4223 λέγομεν,
1329 4155 1413 4207 ὅτι
1450 4154 1665 4224 πρῶτον
1699 4157 1798 4224 μὲν

218 4247 348 4301 δέον
379 4245 698 4313 λογίζεσθαι
728 4246 873 4315 ἡμᾶς
910 4242 978 4296 τὰ
1009 4241 1351 4313 ἀνθρώπινα.
1410 4244 1519 4298 Καὶ
1564 4243 1795 4314 ἀλλαχοῦ

217 4339 335 4409 γάρ
361 4354 505 4399 τινες
538 4336 647 4388 τῶν
677 4336 849 4404 άγίων
873 4333 1133 4405 Πατέρων
1183 4334 1455 4405 ἐγκρίτων
1487 4335 1646 4387 τοῦτο
1672 4336 1798 4403 φαί-

215 4445 410 4481 νονται
461 4426 727 4487 πολλάκις
774 4424 1124 4485 πεπονθότες.
1172 4425 1407 4478 Ἔπειτα
1454 4426 1548 4484 δὲ.
1602 4429 1651 4479 εί
1701 4427 1796 4479 καὶ

2528 2785 2735 2843 ACTIO
2773 2787 2860 2843 Vl.

1973 2878 2016 2933 1.
2048 2879 2180 2934 Post
2204 2895 2269 2935 ea
2294 2894 2416 2950 qua:
2450 2880 2716 2934 hactenus
2740 2881 3120 2950 exposuimus,
3149 2897 3247 2953 age
3282 2883 3350 2938 de
3380 2901 3471 2940 ar-

1902 2968 2177 3036 gumentis
2208 2983 2426 3038 quoque
2459 2969 2765 3034 nonnullis,
2799 2985 2923 3039 qua:
2952 2984 3143 3025 omnes
3187 2971 3263 3025 illi
3300 2972 3472 3029 "tesi-

1903 3067 2084 3114 tantes
2122 3060 2392 3130 objiciunt
2428 3059 2710 3124 Ecclesiaa,
2763 3062 2956 3130 paucis
3004 3061 3358 3120 disseramus.
3406 3067 3473 3121 Et

1901 3147 2207 3216 partiamur
2233 3162 2297 3201 ea
2319 3162 2449 3201 sane
2474 3148 2786 3217 triplicitcr,
2812 3149 2957 3218 quod
2986 3151 3186 3218 partim
3210 3153 3470 3208 historica

1900 3238 2031 3302 sint,
2069 3246 2282 3308 sumpta
2319 3239 2387 3293 de
2438 3239 2506 3294 iis
2530 3254 2656 3310 quae
2702 3255 2731 3293 a
2775 3241 2983 3311 synodo
3036 3240 3468 3300 Cltalcedonensi

1899 3337 2019 3382 acta
2069 3327 2329 3383 fuerunt:
2388 3330 2590 3399 partim
2643 3346 2709 3385 ex
2782 3331 3110 3401 syllogismis
3158 3343 3215 3388 et
3279 3347 3468 3406 arguta

1900 3418 2323 3474 ratiocinatione
2355 3421 2616 3477 collecta:
2666 3423 2865 3491 partim
2911 3438 2978 3476 ex
3027 3425 3464 3483 auctoritatibus.

1899 3508 1977 3563 De
2012 3509 2288 3565 historicis
2323 3513 2559 3581 primum
2603 3527 2849 3581 agamus.
2894 3512 3033 3567 Sunt
3076 3525 3258 3569 autem
3301 3533 3462 3586 argu-

1899 3613 2083 3656 menta
2132 3612 2387 3672 quatuor,
2434 3620 2556 3673 quae
2620 3620 2811 3659 sumus
2864 3606 3189 3675 exposituri.
3224 3605 3465 3662 Primum

1898 3702 2002 3755 est,
2038 3692 2305 3761 synodum
2331 3692 2835 3749 Chalcedonensem
2868 3705 3165 3765 pr0pterea
3195 3712 3304 3752 non
3344 3714 3466 3751 esse.

1900 3782 2294 3852 recipiendam,
2327 3783 2472 3853 quod
2505 3784 2556 3839 ei
2586 3784 2839 3839 homines
2867 3785 3242 3844 inconstantes
3265 3800 3320 3842 et
3360 3789 3462 3843 sibi

1899 3871 2033 3941 ipsis
2063 3872 2359 3928 dissimiles
2389 3873 2764 3929 interfuerint.
2804 3875 3075 3930 Nimirum
3103 3893 3197 3933 eos
3218 3887 3273 3933 et
3299 3879 3466 3952 Eni}—

1897 3963 2055 4018 chem
2102 3964 2173 4019 ab
2212 3963 2390 4019 oﬂicio
2428 3966 2728 4022 removisse
2774 3966 3041 4038 Byzantii,
3089 3978 3144 4023 et
3182 3970 3462 4040 Ephesum

1896 4055 2192 4124 profectos,
2224 4056 2524 4127 Eutychem
2556 4073 2663 4112 una
2711 4072 2834 4112 cum
2867 4058 3128 4113 Dioscoro
3159 4063 3455 4132 recepisse,

1898 4146 2106 4215 rejecto
2151 4146 2430 4201 Flaviano.
2478 4147 2559 4201 Ad
2606 4148 2712 4203 hoc
2745 4152 3176 4218 respondemus,
3229 4155 3461 4223 primum

1896 4237 2287 4308 expendendas
2314 4254 2437 4294 esse
2470 4254 2560 4294 res
2594 4238 2883 4295 humanas.
2915 4241 3047 4296 Nam
3078 4254 3132 4297 et
3163 4244 3291 4299 alibi
3341 4249 3465 4316 qui-

1896 4328 2128 4383 busdam
2156 4330 2362 4385 sanctis
2403 4329 2830 4400 approbatisque
2856 4332 3111 4387 Patribus
3141 4334 3458 4403 huiusmodi

1898 4418 2030 4486 quid
2057 4419 2323 4474 accidisse
2368 4434 2746 4488 saepenumero
2773 4429 3007 4476 constat.
3036 4423 3264 4487 Deinde,
3303 4426 3346 4479 si
3376 4427 3456 4479 vel

216 4518 384 4570 πέντε
409 4556 423 4576 ,
474 4517 507 4585 ἢ
554 4516 874 4584 τριάκοντα.
909 4516 942 4580 ἢ
979 4514 1152 4567 πλείω
1184 4515 1293 4568 ἀπὸ
1324 4515 1432 4567 τῶν
1462 4513 1540 4584 χλ⁹
1572 4517 1796 4568 ἐκείνων
1831 4520 1873 4574 D

1790 4533 1796 4559 ι
1831 4520 1873 4574 ι)
1900 4509 2133 4563 maxime
2159 4510 2424 4579 quinque.
2452 4511 2536 4565 vel
2566 4512 2808 4581 triginta,
2831 4514 2915 4567 vel
2944 4514 3129 4583 plures
3151 4530 3216 4568 ex
3243 4516 3456 4573 illorum

216 4604 540 4674 εύρεθέντες
588 4608 646 4658 ὲν
685 4607 749 4675 τῇ
790 4604 997 4673 συνόδῳ
1024 4604 1307 4675 ἐφάνησαν
1336 4605 1696 4674 παλίμϐολοι,
1733 4608 1795 4659 ού

215 4696 311 4749 διά
360 4694 520 4748 τοῦτο
572 4694 681 4764 χρὴ
730 4694 808 4764 χλ¹
847 4694 1059 4763 ἀνδρῶν
1109 4696 1327 4749 σύνοδον
1368 4696 1793 4768 ἀποϐάλλεσθαι.

218 4788 487 4852 Δεύτερον
515 4785 572 4838 δὲ
605 4786 941 4854 ἑπιχείρημά
972 4785 1122 4838 ἐστιν
1154 4786 1244 4838 ἐπὶ
1273 4786 1432 4838 τοῦτο
1455 4827 1468 4847 ,
1525 4787 1608 4839 ὅτι
1653 4787 1792 4857 αὕτη

216 4878 255 4945 ἡ
285 4877 345 4927 ἐν
371 4875 680 4944 Χαλκηδόνι
709 4874 950 4936 σύνοδος,
977 4876 1053 4938 ὡς
1078 4876 1225 4928 ἔστιν
1251 4877 1314 4928 ἐκ
1336 4875 1444 4928 τῶν
1470 4877 1796 4945 πεπραγμέ-

214 4984 327 5018 νων
365 4967 502 5033 αύτῇ
538 4965 753 5033 μαθεῖν,
789 4967 1039 5033 φαίνεται
1072 4966 1322 5029 εἰποῦσα,
1360 4968 1442 5020 ὅτι
1477 4968 1552 5020 Οὐ
1586 4968 1675 5020 διὰ.
1699 4969 1792 5020 πί-

218 5074 340 5108 στιν
371 5056 652 5126 καθῃρέθη
686 5059 716 5109 ὁ
746 5056 1057 5127 Διόσκορος.
1108 5058 1251 5126 Ἀρά
1284 5057 1445 5121 αὐτὸς
1478 5058 1578 5127 μὲν
1611 5057 1792 5121 καλῶς

214 5145 514 5209 ἐδόξασεν,
571 5147 604 5215 ἡ
653 5145 710 5198 δὲ
762 5146 981 5209 σύνοδος
1025 5144 1214 5209 κακῶς
1271 5147 1437 5199 αὐτὸν
1464 5146 1787 5201 ἀπεϐάλετο.

213 5235 332 5288 Καὶ
365 5234 484 5296 πῶς
510 5236 611 5304 τὴν
636 5235 895 5305 τοιαύτην
923 5234 1142 5289 σύνοδον
1170 5235 1365 5305 ἔχομεν
1392 5236 1787 5302 ἀποδέξασθαι;

218 5325 409 5391 ’Ἄξιον
437 5326 496 5378 δέ
519 5329 665 5379 ἐστιν
686 5368 702 5392 ,
760 5326 951 5395 ἐπειδὴ
992 5328 1086 5381 καὶ
1114 5326 1243 5379 ἄλλο
1269 5327 1472 5381 ἄτοπον
1506 5328 1571 5380 ἐκ
1597 5326 1789 5380 τούτου

213 5417 351 5482 ἡμῖν
381 5415 741 5483 ἀναφαίνεται
765 5455 782 5481 ,
850 5415 1028 5468 εἰπεῖν
1068 5414 1215 5477 τίνος
1249 5415 1562 5486 κινηθέντος
1591 5417 1787 5487 ἐλέχθη

210 5504 277 5555 τὸ
305 5502 474 5572 ῥητὸν
501 5504 680 5560 τοῦτο.

298 5592 496 5645 Ἰστὲον
511 5590 728 5657 οὗν,ὄτι
757 5595 1133 5666 συναχθέντων
1144 5593 1252 5647 τῶν
1278 5595 1357 5664 χλ¹
1389 5596 1447 5646 ἐν
1466 5595 1786 5661 Χαλκηδόνι,

212 5683 311 5734 καὶ
348 5684 694 5739 καθελόντων
726 5687 816 5740 τὸν
852 5689 1142 5755 Διόσκορον
1166 5724 1181 5747 ,
1235 5686 1373 5753 μετὰ
1400 5686 1573 5739 ταῦτα
1608 5687 1787 5749 ἔδοξεν

209 5774 403 5837 αὐτοῖς
428 5814 442 5838 ,
497 5775 637 5827 ὥστε
688 5779 815 5844 ὅρον
857 5779 1091 5841 πίστεως
1141 5777 1237 5829 καὶ
1277 5777 1503 5846 μάθημα
1540 5779 1780 5847 ποιῆσαι.

1900 4598 2005 4653 650
2054 4600 2272 4653 Patrum
2302 4614 2555 4664 numero,
2581 4601 2783 4670 reperti
2812 4600 3037 4655 fuerunt
3070 4603 3123 4655 in
3155 4604 3378 4673 synodo,
3403 4615 3460 4659 et

1899 4692 2274 4745 inconstantes
2301 4691 2432 4746 visi:
2466 4707 2575 4745 non
2599 4700 2889 4760 propterea
2914 4692 3018 4745 650
3047 4695 3288 4747 virorum
3328 4710 3379 4764 ε)
3394 4712 3425 4747 ιι
3444 4722 3457 4734 -

1897 4782 2036 4835 odus
2085 4782 2234 4851 rejici
2262 4781 2444 4835 debet.
2476 4780 2720 4835 Alterum
2748 4792 3129 4852 argumentum
3175 4793 3278 4842 est,
3308 4785 3452 4851 quod

1898 4864 2088 4918 isthaec
2140 4863 2325 4917 bal-ita
2370 4862 2716 4918 Chalcedone
2756 4865 3031 4954 synodus,
3050 4866 3127 4917 uti
3179 4864 3247 4917 de.
3284 4865 3455 4933 ipsius

1896 4955 2034 5008 actis
2072 4954 2298 5023 intelligi
2337 4963 2537 5023 potest,
2571 4956 2773 5009 dixisse
2826 4954 3098 5014 videatur,
3132 4954 3450 5008 llioseormn

1895 5058 2006 5097 non
2043 5052 2267 5114 propter
2305 5045 2465 5099 tidem
2520 5046 2832 5099 abdicatmn
2879 5059 3020 5098 esse.
3074 5044 3241 5097 Recte
3291 5045 3454 5111 igitur

1895 5135 2168 5190 sentiebat
2190 5138 2564 5199 Dioscorus,et
2579 5137 2719 5189 male
2742 5136 2982 5205 synodus
2999 5150 3124 5188 cutn
3143 5133 3448 5187 abdicabat.

1894 5228 2079 5282 Talem
2103 5245 2236 5283 vero
2265 5228 2530 5298 synodum
2556 5244 2667 5297 quo
2689 5237 2851 5297 pacto
2874 5242 2975 5281 nos
3000 5225 3302 5294 approbare
3328 5240 3452 5294 pos-

1894 5318 2102 5372 simus?
2148 5319 2337 5372 Fuerit
2377 5328 2559 5373 autem
2606 5317 2838 5387 pretium
2888 5330 3090 5384 operte,
3137 5313 3356 5383 quando
3396 5325 3453 5367 et

1894 5408 2042 5462 aliud
2074 5410 2370 5463 absurdum
2416 5425 2482 5462 ex
2522 5409 2626 5462 hoc
2662 5409 2823 5462 nobis
2862 5408 3063 5470 oritur,
3098 5406 3295 5473 exponi
3343 5420 3450 5473 qua

1892 5520 1953 5559 re
1988 5511 2131 5556 mota
2167 5501 2217 5554 id
2254 5501 2431 5570 ipsum
2469 5501 2523 5554 in
2555 5499 2760 5570 synodo
2790 5499 3058 5567 prolatum
3090 5496 3276 5551 fuerit.

1962 5593 2026 5646 ll.
2059 5590 2351 5644 Sciendum
2380 5603 2531 5657 ergo,
2566 5587 2808 5641 collectis
2828 5586 3172 5641 Chalcedone
3204 5584 3306 5636 600
3339 5583 3449 5636 illis

1891 5694 1941 5737 et
1968 5683 2036 5736 50
2062 5680 2336 5738 Patribus.
2363 5685 2715 5745 posteaquam
2736 5677 3051 5730 Dioscorum
3077 5673 3444 5734 abdicassent,

1890 5777 1971 5829 eis
1999 5773 2259 5838 deinceps
2303 5769 2475 5822 visum
2509 5766 2678 5819 fuisse
2712 5776 2765 5817 nt
2802 5765 2922 5821 fidei
2958 5763 3203 5817 deﬁnitio
3236 5760 3444 5816 doctri-
