4218 6444
214 448 346 518 1237

1401 437 1498 497 DE
1539 431 1813 495 SECTIS-
1852 453 1915 466 -α
1952 431 2109 492 AC’I‘.
2152 432 2252 490 Vl.

3311 428 3446 491 1238

211 554 594 629 τράρ.ματα,ἃ
647 551 870 623 ἐποίησε
927 551 1060 622 πρὸς
1119 548 1186 602 τὰ
1242 547 1305 617 ιβ’
1357 546 1627 613 κεφάλαια
1676 540 1771 593 τοῦ
1802 538 1834 595 Α

1942 555 1967 593 s
1995 540 2060 595 12
2083 540 2226 596 beati
2260 540 2446 613 Cyrilli
2484 538 2725 610 capitula
2772 552 3193 611 composuerat,
3226 545 3449 597 anathe-

215 650 489 719 μακαρίου
520 646 811 717 κυρίλλου,
836 641 1234 713 ὰναθεματίσαι
1267 657 1280 703 ;
1311 637 1453 707 Πρὸς
1491 634 1652 687 ιτοῦτο
1696 635 1775 683 λέν

213 741 511 809 τομεν,δτι
555 739 715 791 τοῦτο
767 738 870 789 οὐκ
910 736 1018 788 ἔδει
1070 733 1208 803 αὐτῇ
1260 733 1324 800 τῇ
1376 729 1579 796 συνόδῳ
1644 726 1774 794 μίλ-

214 830 307 882 λον
365 829 681 895 ὲτκαὶὲται,
714 828 747 897 ἦ
781 826 860 897 τῷ
899 825 1039 893 ἁγίῳ
1082 821 1354 892 Κυρίλλῳ.
1399 820 1638 878 Ἐκεῖνος
1674 815 1781 883 γὰρ

216 922 505 974 κοινωνίαν
562 920 797 986 ποιήσας
863 918 1000 986 πρὸς
1054 916 1182 976 τοὺς
1232 911 1635 972 ’Λνατολικοῦς.
1691 909 1783 961 καὶ

216 1013 357 1077 πρὸς
390 1010 553 1062 αὐτὸν
590 1010 683 1062 τὴν
719 1008 1093 1076 Θεοδώρητον,
1127 1006 1227 1057 οὒκ
1276 1004 1564 1073 ἀπῄτησεν
1622 1000 1785 1053 αὐτὸν

1883 631 2210 684 matizaret?
2241 630 2680 701 Respondemus,
2717 630 2787 684 ob
2822 631 2875 683 id
2908 648 3015 685 non
3052 642 3159 687 tam
3183 648 3448 687 accusan-

1884 719 2009 773 dam
2045 719 2311 788 synodum
2338 760 2351 782 ,
2398 736 2559 790 quam
2611 720 2789 791 ipsum
2830 720 3093 791 Cyrillum
3119 763 3134 787 ,
3171 723 3449 777 hominem

1887 818 2159 863 sanctum.
2194 810 2328 863 Nam
2361 811 2407 863 is
2435 812 2825 865 communione
2850 828 2974 866 cum
2995 811 3369 868 Orientalibus
3398 825 3454 869 ct

1890 901 2009 970 ipso
2040 900 2394 956 Theodoreto
2423 904 2743 969 constituta,
2792 920 2904 958 non
2945 905 3245 973 postulavit
3292 904 3361 959 ab
3390 921 3459 960 eo

1893 1000 1955 1045 ut
1979 993 2327 1048 anathemate
2359 995 2562 1063 scripta
2593 1010 2690 1048 sua
2722 1011 2844 1064 quae
2889 1004 3081 1050 contra
3120 995 3183 1049 l2
3222 996 3461 1064 capitula

219 1100 616 1168 ἁναθεματίσαι
650 1099 718 1152 τὰ
760 1100 940 1150 οἰκεῖα
976 1096 1410 1162 συγγράμματα,
1433 1093 1503 1144 τὰ
1538 1089 1676 1153 πρὸς
1719 1088 1790 1141 τὰ

1935 1093 2036 1137 icta
2058 1082 2311 1147 fuissent,
2336 1092 2737 1139 exsecraretur.
2764 1085 2921 1151 Quod
2954 1087 3122 1156 igitur
3144 1087 3258 1155 ipse
3283 1085 3463 1157 Cyril-

220 1187 290 1256 ιβ’
324 1188 592 1251 κεφαλαια
662 1185 953 1253 γενόμενα.
998 1184 1063 1233 Ὃ
1102 1178 1194 1234 οὖν
1241 1182 1269 1231 6
1309 1178 1463 1244 ἅγιος
1524 1172 1792 1245 Κύριλλος

1895 1175 2003 1240 lus,
2033 1177 2119 1229 vir
2142 1184 2388 1240 sanctus,
2416 1193 2523 1231 non
2552 1177 2682 1232 fecit
2704 1216 2721 1240 ,
2752 1177 2825 1231 ob
2848 1179 2968 1247 ejus
2997 1178 3462 1232 intermissionem

218 1280 324 1330 οὒκ
351 1278 815 1347 ἑποίησε,τοῦτοή
840 1275 1058 1336 σύνοδος
1089 1271 1298 1340 ὀφείλει
1332 1268 1689 1338 ἐγκαλεῖσθαι
1719 1266 1793 1338 μὴ

1935 1282 1968 1319 ιι
2003 1266 2245 1338 synodus
2275 1268 2486 1336 culpari
2520 1278 2763 1346 meretur
2782 1268 2807 1322 ί
2829 1268 3006 1337 Atque
3032 1270 3275 1339 synodus
3307 1268 3360 1322 id
3383 1268 3463 1323 l'c-

225 1370 539 1437 ποιήσασας
577 1369 770 1421 Καίτοι
791 1367 820 1420 ὃ
854 1365 929 1435 μὴ
962 1365 1219 1434 ἐποίησεν
1247 1364 1278 1414 6
1307 1363 1457 1428 ἅγιος
1488 1357 1794 1429 Κύριλλος.

1899 1356 2017 1421 cit,
2057 1357 2204 1427 quod
2244 1369 2468 1413 sanctus
2520 1359 2611 1415 ille
2648 1360 2889 1431 Cyrillus
2917 1376 3026 1414 non
3058 1360 3190 1415 fecit
3217 1378 3232 1414 :
3263 1362 3469 1430 quippe

226 1460 370 1528 αὕτη
410 1460 691 1529 ἐποίησεν,
760 1457 1123 1525 ἀναγκάσασα
1168 1454 1259 1507 τὸν
1310 1452 1656 1521 Θεοδὼρητον
1706 1450 1799 1503 ἐπὶ

1935 1447 2308 1503 ‘heodoretum
2343 1449 2399 1503 in
2425 1450 2673 1505 omnium
2705 1451 2992 1522 pmsentia
3021 1451 3203 1525 coegit
3232 1467 3329 1508 ore
3370 1469 3470 1508 suo

231 1554 450 1604 πάντων
490 1552 599 1603 ἀπὸ
628 1550 900 1618 στόματος
937 1546 1337 1613 ἀναθεματίσαι
1360 1545 1454 1597 τὸν
1480 1542 1796 1609 Νεστόριον,

304 1642 447 1711 Πρὸς
477 1642 533 1694 δὲ
559 1642 619 1694 τὸ
648 1640 742 1692 τοῦ
788 1639 899 1693 Ἰὁᾶ
938 1638 1193 1707 λέγομεν,
1213 1637 1295 1689 ὅτι
1328 1636 1451 1688 οὐδὲ
1474 1632 1663 1687 τοῦτον
1692 1632 1803 1684 ἐδί-

227 1740 380 1803 ξατο,
414 1736 461 1787 εἰ
517 1733 593 1803 μὴ
634 1734 898 1802 πρότερον
939 1732 1033 1783 τὸν
1062 1729 1358 1797 Νεστόριον
1404 1724 1801 1795 ἁναθεματίσῃ.

231 1829 331 1882 καὶ
378 1827 439 1878 τὸ
486 1826 742 1896 φρόνημα
782 1822 972 1878 αὑτοῦ.
1014 1821 1177 1874 Ἀλλὰ
1222 1819 1385 1873 πάλιν
1412 1817 1802 1888 ἑπατοοροῦσιν,

1904 1539 2216 1594 Nestorium
2246 1540 2734 1597 anathematizare.

1974 1627 2040 1682 ν.
2068 1627 2224 1693 Quod
2261 1629 2410 1683 Ibam
2461 1630 2691 1697 attinet,
2719 1630 3114 1701 respondemus
3139 1671 3154 1696 ,
3206 1648 3276 1687 ne
3325 1632 3474 1686 hunc

1908 1716 2133 1787 quidem
2184 1718 2254 1772 ab
2299 1719 2511 1789 synodo
2548 1728 2831 1791 receptum
2862 1720 3031 1776 fuisse
3066 1723 3219 1791 prius
3243 1765 3256 1787 ,
3310 1738 3473 1791 quam

1911 1807 2225 1863 Nestorium
2250 1810 2480 1879 ejusque
2503 1812 2831 1864 sententiam
2851 1811 3189 1866 anathemati
3212 1811 3479 1882 subjecis—

369 1878 509 1965 Kal.
528 1878 680 1965 .6tat'i
734 1912 810 1981 μὴ
867 1910 1149 1981 ἀπῄτησεν
1205 1907 1367 1961 αὑτὸν
1410 1878 1806 1975 ἀναθεματίσαι

1935 1905 2012 1952 et.
2053 1898 2161 1955 Sed
2196 1878 2401 1955 rursus
2421 1901 2693 1971 objiciunt
2727 1919 2739 1953 :
2775 1900 2887 1957 Cur
2912 1903 2981 1957 ab
3014 1918 3081 1957 eo
3105 1918 3214 1957 non
3243 1878 3475 1973 requisi-

228 2003 532 2071 Θεόδωρον,
573 2002 691 2055 ἀλλ’
716 2001 936 2066 ἐδέξατο
986 1998 1088 2068 τὴν
1138 1995 1432 2066 ὶπιστολὴν
1485 1993 1681 2056 αὑτοῦ,
1710 1991 1808 2063 τὴν

1935 1990 2006 2054 'it,
2032 1998 2092 2045 ut
2113 1990 2465 2046 Theodorum
2513 1994 3168 2049 anathematizamuimo
3217 1996 3477 2065 scriptam

234 2095 375 2167 πρὸς
404 2096 585 2164 Μάριν
609 2135 625 2159 ,
662 2094 721 2145 ὲν
822 2090 995 2143 πολλά
1033 2092 1182 2143 ἐστιν
1215 2088 1452 2142 ἱπαινῶν
1478 2086 1567 2140 τὸν
1611 2086 1811 2139 9:66:0—

1935 2081 1977 2137 ld
2001 2081 2173 2137 Narin
2199 2082 2489 2152 epistolam
2520 2086 2747 2154 recepit,
2782 2085 2836 2138 in
2863 2102 2968 2155 qua
2989 2086 3343 2141 Theodorum
3374 2087 3484 2143 l‘re—

239 2205 368 2257 ρονς
401 2188 524 2239 Ὅτι
554 2188 649 2239 καὶ
673 2186 832 2238 τοῦτο
857 2184 1126 2254 πρότερον
1160 2182 1366 2252 μᾶλλον
1400 2182 1697 2248 ἐγκαλέσαι
1733 2179 1812 2249 τῷ

1935 2181 2144 2243 [uenter
2165 2174 2291 2230 lbas
2327 2175 2632 2244 praedicat?
2667 2177 2933 2231 Nimirum
2967 2186 3023 2231 et
3062 2177 3165 2232 hoc
3193 2179 3377 2247 potius
3414 2179 3481 2234 dc

234 2280 382 2347 ἁγίῳ
410 2278 660 2347 Κυρίλλῳ
682 2276 936 2344 ὤφειλον,
970 2276 1115 2345 ἢπερ
1137 2276 1202 2343 τῇ
1241 2273 1460 2342 συνόδῳ.
1504 2273 1673 2334 Αὐτὸς
1718 2268 1810 2324 οὖν

1935 2272 2100 2319 aucto
2140 2264 2344 2337 Cyrillo
2381 2268 2555 2337 quaeri
2600 2267 2909 2331 debebant,
2957 2285 3119 2339 quam
3154 2269 3221 2324 de
3249 2270 3479 2342 synodo.

237 2374 268 2425 6
286 2375 346 2424 ἐν
363 2371 537 2438 ἁγίοις
557 2368 843 2437 Κύριλλος,
859 2368 1208 2436 ζητησάντων
1232 2366 1394 2419 τινῶν
1414 2364 1515 2434 ἤδη
1539 2363 1813 2432 ἀναθεμα-

238 2465 386 2517 τίσαι
413 2464 505 2516 τον
527 2462 821 2529 Θεόδωρον,
841 2461 1088 2527 φαίνεται
1121 2458 1349 2529 γράφων
1379 2458 1517 2524 πρὸς
1549 2456 1810 2526 Πρόκλον,

238 2557 323 2609 ὅτι
349 2556 411 2608 οὐ
438 2556 518 2608 δεῖ
536 2553 976 2623 ἀναθεματίζειν.
1008 2553 1071 2604 οἱ
1095 2552 1201 2619 γὰρ
1240 2549 1571 2604 Ἀνατολικοὶ
1593 2549 1812 2612 πάντες,

242 2650 401 2717 φησὶ,
444 2651 617 2715 μέγαν
667 2646 851 2713 ἔχουσι
892 2642 1214 2697 διδάσκαλον
1260 2641 1350 2695 τὸν
1376 2640 1653 2709 Θεόδωρον
1679 2681 1694 2703 ,
1724 2641 1818 2693 καὶ

240 2739 341 2795 ἐὰν
369 2738 533 2789 αὐτὸν
567 2736 1085 2802 ἀναθεματίσωμεν,
1117 2734 1261 2802 μέγα
1306 2732 1511 2800 σχίσμα
1555 2730 1820 2798 ποιοῦμεν

243 2828 307 2880 ὲν
331 2829 399 2895 τῇ
436 2826 733 2895 Ἐκκλησία
755 2825 862 2878 τῶν
895 2823 1279 2887 ’Δνατολικῶν,
1307 2816 1385 2876 ὧν
1405 2816 1487 2883 εἷς
1514 2822 1608 2873 καὶ
1647 2822 1815 2882 Ἰὗᾶς,

246 2915 326 2984 μὴ
357 2915 724 2983 ἀνασχόμενος
752 2914 919 2966 αὐτὸν
948 2913 1367 2981 ἀναθεματίσαι.
1405 2914 1470 2965 ’0
1499 2912 1593 2965 οὖν
1613 2914 1641 2964 6
1664 2912 1818 2979 ἆγιος

244 3003 519 3072 Κύριλλος
556 3000 780 3066 ἐκώλυε,
818 3002 978 3056 τοῦτο
1031 3002 1149 3065 πῶς
1194 2999 1307 3071 εἶχε
1348 3003 1570 3072 ποιῆσαι
1623 3004 1656 3071 ἡ
1696 3002 1822 3055 σύν-

243 3094 404 3158 οδηςς
438 3094 497 3145 Εἰ
538 3093 593 3145 δὲ
633 3093 728 3144 καὶ
756 3092 961 3161 δῶμεν,
991 3092 1076 3144 δτι
1108 3090 1362 3161 φανερῶς
1383 3087 1524 3162 ἦσαν
1554 3092 1821 3160 αίρετικοὶ

1911 2359 2048 2414 Nam
2076 2369 2281 2416 sanctae
2308 2363 2589 2416 memoria:
2615 2361 2876 2433 Cyrillum
2897 2404 2911 2426 ,
2944 2376 3068 2416 cum
3100 2362 3352 2417 nonnulii
3377 2362 3485 2417 hoc

1914 2451 2093 2522 ipsum
2124 2463 2459 2522 quaererent,
2487 2462 2549 2508 ut
2577 2453 2905 2510 Theodorus
2934 2454 3273 2510 anathemati
3312 2455 3485 2527 subji-

1914 2551 2173 2605 ceretur,
2217 2542 2287 2597 ad
2330 2543 2587 2599 Proclum
2620 2544 2905 2614 scripsisse
2952 2554 3203 2611 constat;
3259 2547 3487 2602 minime

1916 2632 2272 2688 Theodorum
2290 2634 2740 2689 anathematizari
2762 2635 2986 2692 debere.
3006 2637 3142 2693 Nam
3158 2637 3486 2703 Orientales,

1918 2724 2101 2794 inquit
2125 2767 2139 2789 ,
2206 2725 2453 2780 universi
2484 2726 2839 2782 Theodorum
2893 2743 2996 2798 pro
3037 2745 3234 2801 magno
3262 2730 3491 2786 doctore

1920 2817 2148 2882 habent,
2173 2832 2338 2887 quem
2358 2817 2405 2872 si
2432 2819 2767 2874 anathemati
2793 2820 3213 2891 snbjecerimus,
3228 2821 3282 2874 in
3299 2820 3496 2877 Orien-

1922 2909 2114 2963 talium
2168 2909 2413 2964 Ecclesia
2475 2909 2767 2965 dissidium
2834 2910 3028 2980 ingens
3082 2912 3492 2967 excitabimus:

1922 3012 2159 3066 quorum
2187 3013 2331 3052 unus
2355 3006 2441 3053 est
2466 2998 2610 3063 lbas,
2643 2999 2738 3068 qui
2762 3013 2888 3053 cum
2906 3000 3361 3054 analbematizari
3387 3018 3495 3055 non

1924 3087 2184 3159 patietur.
2220 3088 2378 3156 Quod
2402 3105 2533 3160 ergo
2571 3099 2796 3145 sanctus
2818 3090 3055 3162 Cyrillus
3083 3092 3203 3147 ﬁeri
3234 3093 3499 3163 prob-ibe-

245 3179 417 3249 οὗτοι,
436 3186 555 3238 οὐδὲ
579 3184 755 3245 οὕτως
783 3185 1017 3253 ὤφειλον
1034 3171 1437 3237 ἀποϐάλλεσθαι
1459 3187 1557 3253 τῆς
1574 3184 1819 3238 συνόδου.

1935 3179 2046 3243 bat,
2096 3195 2207 3249 quo
2256 3190 2417 3251 pacto
2462 3182 2705 3253 synodus
2752 3182 2932 3237 facere
2978 3183 3242 3252 poterat?
3286 3182 3406 3238 lam
3452 3183 3498 3237 si

260 3277 393 3329 Ἰδοὺ
467 3277 579 3347 γὰρ
655 3278 746 3330 καὶ
802 3278 833 3345 ἠ
916 3278 975 3329 ὲν
1035 3276 1239 3346 Νικαία
1312 3276 1527 3339 σύνοδος
1608 3275 1824 3342 ἐδέξατο

248 3367 393 3419 ἑπτὰ
412 3369 743 3437 αἱρετικοὺς,
776 3368 870 3419 καὶ
904 3367 1013 3436 πρὸ
1038 3366 1232 3418 τούτου
1269 3366 1703 3437 Ἀρειανοῦντας.
1730 3368 1825 3421 καὶ

249 3459 394 3529 μετὰ
432 3459 605 3512 ταῦτα
656 3458 1068 3527 ἐπιμείναντας.
1103 3458 1212 3511 Καὶ
1255 3457 1408 3527 ὅμως
1441 3457 1505 3510 ού
1545 3458 1634 3511 διὰ
1666 3458 1828 3513 τοῦτο

244 3550 485 3617 λέγομεν
539 3549 640 3619 τὴν
686 3549 923 3615 σύνοδον,
975 3546 1098 3613 τια’,
1152 3548 1291 3602 ἀλλὰ
1341 3555 1470 3617 τιη¹,
1531 3551 1626 3602 καὶ⁹
1696 3551 1829 3603 Ἰου-

245 3642 503 3696 6ενάλιοτ
533 3641 615 3707 δὲ,
644 3643 674 3695 6
714 3640 1106 3712 Ἰεροσολύμων
1170 3642 1491 3706 ἐπίσκοπος,
1525 3642 1619 3694 καὶ
1680 3642 1829 3696 ἄλλοι

243 3734 401 3795 τινὲς
450 3733 561 3785 τῶν
618 3734 929 3801 γενομένων
984 3735 1043 3785 ἐν
1092 3734 1159 3803 τῇ
1211 3734 1269 3785 ἐν
1332 3732 1541 3802 Ἐφέσῳ
1599 3734 1830 3806 δευτέρᾳ

250 3822 479 3892 συνόδῳ,
514 3826 580 3893 ἦν
608 3824 983 3892 κατεδέχοντο,
1010 3823 1313 3893 εὑρέθησαν
1347 3825 1406 3876 ἑν
1433 3824 1757 3893 Χαλκηδόνι.

1932 3276 2165 3331 maxime
2191 3291 2481 3346 ponamus,
2514 3278 2615 3332 hos
2639 3277 2777 3333 duos
2803 3278 2983 3348 palam
3008 3277 3177 3333 fuisse
3202 3278 3466 3334 sectarios
3487 3319 3501 3339 .

1933 3376 2117 3423 tamen
2159 3383 2230 3421 ne
2283 3370 2363 3421 sic
2408 3369 2628 3426 quidem
2682 3384 2714 3422 a
2762 3369 2975 3439 synodo
3012 3369 3165 3436 rejici
3206 3368 3504 3424 debebant.

1933 3455 2151 3511 Etenim
2197 3471 2328 3511 ecce
2368 3457 2585 3511 Nicena
2625 3472 2846 3527 quoque
2876 3456 3356 3527 synodus-septem
3395 3456 3510 3511 haz-
3550 3498 3555 3501 -

1934 3551 2139 3606 reticos
2160 3551 2402 3618 admisit,
2434 3553 2529 3621 qui
2558 3559 2614 3606 et
2645 3552 2702 3606 in
2728 3552 2999 3606 sententia
3024 3551 3285 3620 deinceps
3316 3566 3507 3619 persc-

1935 3650 2220 3697 verarunt.
2252 3642 2365 3696 Nec
2412 3651 2598 3695 tamen
2655 3640 2863 3696 idcirco
2908 3655 3173 3697 vocamus
3227 3657 3346 3697 eam
3403 3641 3502 3696 511

1936 3734 2163 3789 Patrum
2194 3733 2486 3805 synodum,
2520 3732 2616 3788 sed
2646 3734 2769 3793 518.
2820 3733 3014 3789 itidem
3073 3733 3353 3788 Iuvenalis
3382 3732 3509 3787 llic-

1940 3825 2345 3895 rosoiymornm
2368 3823 2681 3893 episcopus,
2706 3833 2763 3877 et
2778 3823 2871 3877 alii
2892 3821 3117 3892 quidam
3138 3824 3232 3893 qui
3255 3823 3510 3881 secundm

245 3915 464 3985 synodo
486 3914 777 3983 Ephesium
796 3914 1167 3970 interfuerant
1188 3930 1423 3986 eamque
1440 3917 1826 3984 probaverant,
1863 3917 2213 3975 Chalcedone
2242 3932 2465 3987 quoque
2489 3915 2693 3986 reperti
2738 3915 2982 3970 fuerunt.

324 4010 548 4062 Τούτων
574 4009 633 4062 δὲ
659 4009 835 4073 οὕτως
852 4009 1087 4080 ἑχόντων
1106 4051 1122 4076 ,
1153 4010 1288 4080 ἄλλη
1332 4012 1536 4081 ἀπορία
1570 4015 1705 4081 ἡμῖν
1736 4016 1831 4066 ἀν-

247 4099 394 4166 εφύη
432 4098 543 4152 ἀπὸ
572 4100 680 4151 τῶν
722 4102 931 4169 χρόνων
974 4100 1376 4155 Ἰουστινιανοῦ.
1419 4102 1636 4173 Ἐπειδὴ
1663 4104 1772 4171 γὰρ
1803 4105 1832 4155 6

263 4191 664 4252 Ἰουστινίανδς,
696 4191 917 4260 θεωρῶν
963 4194 1091 4254 τοὺς
1145 4193 1591 4263 διακρινομένους
1658 4212 1833 4248 κατα-

247 4282 498 4343 ϐοῶντας
524 4282 873 4352 Θεοδωοήτου
904 4285 1000 4336 καὶ
1044 4283 1177 4350 Ἰϐᾶ,
1202 4287 1297 4338 καὶ
1325 4285 1515 4356 ὥσπερ
1541 4286 1607 4339 δι’
1634 4288 1832 4351 αὐτοὺς

2008 4014 2097 4069 Vl.
2128 4012 2259 4079 Quae
2280 4027 2405 4065 cum
2442 4012 2516 4065 ita
2544 4013 2675 4076 sint,
2708 4012 2814 4065 alia
2845 4010 3005 4064 nobis
3028 4010 3208 4065 oritur
3238 4010 3510 4066 de‘Justi-

1937 4104 2087 4159 niani
2121 4103 2462 4173 temporibus
2486 4101 2799 4157 diﬁicultas.
2825 4102 2963 4156 Nam
2987 4102 3115 4171 quia
3146 4101 3506 4166 Jnstinianus,

1938 4196 2031 4265 qui
2049 4196 2262 4250 videret
2278 4193 2922 4248 Haesitantesacclamare
2941 4192 3290 4248 Theodorcto
3311 4202 3368 4247 et
3385 4193 3509 4256 lbw,

1939 4287 2209 4357 quasique
2240 4292 2465 4355 propter
2494 4284 2642 4354 ipsos
2671 4285 2911 4340 aversari
2945 4286 3237 4355 synodum.
3287 4287 3513 4342 anathe-

244 4371 772 4440 ἀποστρεφομένους
794 4372 894 4441 τὴν
918 4373 1157 4437 σύνοδον,
1185 4374 1581 4441 ἀνεθεμάτισεν
1612 4377 1828 4439 αὐτοὺς.

1940 4379 2070 4431 mati
2091 4392 2188 4431 eos
2210 4375 2477 4446 subjecit:
2501 4374 2771 4445 objiciunt
2801 4375 2962 4430 nobis
2997 4377 3355 4445 quamobrem
3388 4378 3513 4433 illos

245 4460 558 4529 ἀποροῦσιν
580 4462 733 4530 ἡμῖν,
758 4461 841 4513 ὅτι
866 4463 1027 4514 Arari
1050 4464 1250 4525 αὐτοὺς
1275 4464 1733 4533 ἁναθεματίζετες
1760 4468 1831 4520 Ἦ

1935 4468 2503 4522 anathematizamus?
2557 4467 2667 4522 Aut
2729 4466 2859 4521 boni
2921 4468 3140 4523 scilicet
3181 4478 3379 4531 erant,
3418 4478 3516 4524 aut

247 4547 419 4600 καλοὶ
448 4543 611 4615 ἦιαν,
657 4548 691 4618 ἢ
739 4548 918 4600 κακοί.
949 4548 1057 4599 Καὶ
1096 4551 1145 4601 εἰ
1182 4550 1279 4617 μὲν
1331 4549 1513 4611 καλοὶ,
1556 4550 1697 4603 διατί
1741 4552 1836 4603 αύ-

245 4637 385 4697 coit;
447 4637 914 4705 ἀναθεματίζετες
957 4639 1022 4691 Εἰ
1080 4638 1136 4692 δὲ
1192 4639 1377 4701 κακοὶ,
1432 4639 1575 4692 διατί
1634 4641 1834 4703 αὐτοὺς

244 4725 531 4794 essent“;
575 4727 832 4791 σύνοδοςς
872 4727 932 4779 Ei
974 4730 1079 4798 γὰρ
1142 4732 1237 4782 καὶ
1284 4730 1441 4799 ὑμεῖς
1481 4731 1576 4782 νῦν
1637 4732 1836 4793 αὐτοὺς

249 4815 710 4883 ἀναθεματίζετε,
735 4816 809 4880 ὼς
852 4820 1080 4884 κακοὺς,
1114 4819 1168 4871 τί
1212 4821 1349 4891 πρὸς
1402 4820 1498 4890 τὴν
1528 4823 1585 4874 ἐν
1620 4822 1838 4893 Χαλκη-

246 4904 367 4957 δόνι
397 4904 634 4965 σύνοδον,
665 4907 766 4974 τὴν
791 4904 1095 4977 δεξαμένην
1118 4909 1336 4971 αὐτοὺς,
1367 4911 1433 4978 ἣν
1477 4912 1637 4977 ὑμεῖς
1664 4927 1837 4963 κατα-

249 4993 519 5063 δέχεσθε;
556 4995 697 5063 Πρὸς
731 4997 894 5048 τοῦτο
932 4997 1184 5066 λέγομεν,
1220 5000 1302 5052 ὅτι
1352 5000 1473 5053 κατ’
1523 5002 1836 5071 οἰκονομίαν

255 5083 385 5137 τινὰ
418 5083 578 5135 τοῦτο
600 5085 822 5155 ἐποίησε
859 5088 1254 5152 Ἰούστινιανός.
1289 5091 1508 5160 Ἐπειδὴ
1534 5093 1642 5162 γὰρ
1667 5093 1835 5163 ἐώρα,

250 5175 453 5242 ὥσπερ
486 5176 739 5243 εἴπομεν,
779 5179 909 5240 τοὺς
948 5179 1401 5251 διακρινομένους
1467 5183 1556 5237 διὰ
1615 5185 1837 5250 τούτους

252 5265 776 5333 ἀποστρεφομένους
826 5265 926 5336 τὴν
988 5268 1227 5334 σύνοδον,
1285 5271 1537 5338 ἐνόμισεν
1596 5273 1681 5325 ὅτι
1743 5276 1837 5327 ἐὰν

250 5353 638 5423 ἀναθεματίσῃ
692 5356 910 5416 αὐτοὺς,
952 5360 1099 5410 ποιεί
1146 5358 1400 5428 δεχθῆναι
1450 5363 1549 5430 τὴν
1599 5363 1835 5417 σύνοδον.

272 5445 556 5512 Ἡγήσατο
602 5439 695 5497 οὖν
735 5444 830 5498 δύο
873 5447 1029 5510 τινὰς
1094 5448 1600 5522 ἀναθεματίσαι(εί
1628 5455 1723 5506 καὶ
1763 5454 1838 5527 μὴ

255 5532 374 5587 εδει
400 5534 598 5596 αὐτοὺς
648 5534 1209 5609 ἀναθεματισθῆναι),
1244 5540 1331 5593 ἴνα
1378 5542 1598 5595 πάντων
1643 5543 1838 5599 ἕνωσιν

252 5621 489 5693 ποιήσῃ.
520 5623 628 5676 Καὶ
674 5624 766 5678 διὰ
820 5627 979 5681 τοῦτο
1021 5629 1412 5698 ἁνεθεμάτισεν
1465 5632 1661 5695 αύτούς
1691 5651 1706 5666 ο
1744 5634 1838 5688 καὶ

249 5711 414 5781 ὅμως
443 5711 565 5767 οὐδδ
598 5711 773 5777 οὕτως
805 5715 1055 5780 ἐδέξαντο
1076 5720 1125 5771 οἱ
1153 5718 1550 5791 διακρινόμενοι
1579 5722 1675 5794 τὴν
1708 5725 1836 5778 σύν-

249 5801 399 5858 οδον.

1935 4559 2086 4612 mali.
2120 4558 2175 4612 Si
2208 4558 2371 4621 boni,
2415 4572 2516 4612 cur
2548 4572 2645 4612 eos
2676 4557 3201 4613 anathematizatis?
3241 4560 3325 4613 sin
3358 4560 3508 4624 mali,

1935 4665 2035 4702 cur
2065 4663 2096 4701 a
2125 4648 2334 4718 synodo
2362 4647 2567 4716 recepti
2595 4648 2761 4701 sunt?
2798 4646 2955 4713 Quod
2986 4647 3031 4701 si
3065 4663 3165 4702 vos
3193 4650 3304 4716 jam
3338 4651 3507 4718 ipsos,

1938 4746 2000 4790 ut
2033 4738 2206 4790 malos
2237 4736 2711 4791 anathematizatis
2731 4777 2747 4801 ,
2782 4736 2915 4806 quid
2965 4737 3072 4791 hoc
3112 4737 3179 4791 ad
3207 4736 3513 4793 Chalcedo-

1938 4844 2107 4883 nense
2128 4828 2446 4891 concilium,
2479 4844 2509 4882 a
2550 4828 2711 4883 vobis
2740 4829 3031 4897 probatum
3058 4828 3205 4898 quod
3243 4844 3340 4884 eos
3365 4845 3516 4884 recc-

1938 4919 2057 4987 pit?
2082 4919 2161 4997 Ad
2190 4919 2294 4972 hoc
2334 4918 2756 4988 respondemus,
2799 4920 3172 4974 Iustinianum
3218 4921 3325 4975 hoc
3358 4932 3514 4975 cortu

1938 5010 2175 5079 quodam
2203 5009 2434 5064 consilio
2461 5009 2675 5065 fecisse.
2701 5011 2834 5065 Nam
2852 5013 2979 5080 quia
3006 5011 3253 5073 videbat,
3287 5022 3349 5067 ut
3369 5013 3515 5067 dixi-
3593 5070 3597 5075 ,

1939 5117 2083 5163 mus,
2113 5102 2310 5155 horum
2344 5117 2509 5156 causa
2536 5101 2864 5157 Hmsitantes
2916 5104 3187 5174 synodum
3247 5105 3513 5163 aversari.

1940 5193 2315 5263 perfecturum
2366 5208 2424 5247 se
2470 5194 2730 5263 putabat,
2790 5202 2850 5248 ut
2904 5194 2970 5248 iis
3013 5194 3513 5257 anathematizatis,

1941 5283 2181 5353 synodus
2233 5281 2575 5351 reciperetur
2634 5298 2649 5334 :
2705 5281 2940 5351 ideoque
3002 5281 3143 5336 duos
3194 5281 3517 5336 anathema-

1941 5372 2191 5427 tizandos
2239 5371 2396 5426 duxit
2443 5373 2791 5442 (quanquam
2851 5372 3077 5436 minime
3146 5372 3514 5426 anathemati-

1942 5470 2091 5516 zatos
2137 5461 2438 5532 oportuit),
2470 5472 2527 5517 ut
2556 5480 2751 5518 omnes
2788 5463 2855 5517 ad
2905 5464 3165 5517 unionem
3197 5462 3511 5534 redigeret:

1942 5555 2085 5609 hanc
2120 5555 2287 5625 igitur
2321 5555 2393 5607 ob
2427 5570 2647 5609 causam
2689 5556 2811 5609 ilios
2870 5553 3207 5608 anathemati
3256 5553 3511 5624 subjecit.

1947 5645 2145 5700 Verum
2170 5660 2238 5699 ne
2264 5643 2343 5699 sic
2374 5645 2599 5714 quidem
2624 5645 2845 5700 adducti
2884 5657 3013 5700 sunt
3040 5644 3366 5700 ilaesitautcs
3391 5683 3422 5702 ._
3454 5652 3515 5699 ut

1950 5736 2214 5791 synodum
2245 5736 2573 5808 reciperent.
