4218 6444
255 421 390 487 λιιι

1429 420 1527 482 ΒΕ
1566 421 1843 481 SECTIS.
1881 447 1941 458 -
1968 426 2130 486 ΑΟΤ.
2170 428 2305 488 VII.

3376 426 3517 491 12ιὲ

248 522 658 592 ὑφιστάμενον
690 523 764 588 ὼς
813 524 880 578 τά
928 526 1336 594 συμῦεὸηκῦτα.
1394 530 1616 584 Τούτων
1649 532 1817 596 οὕτως

1924 540 2176 603 exsistit;
2214 549 2274 594 ιιι
2307 540 2654 610 ιι-οεοιοριιιις
2695 550 3255 611 etttzppoccntaurus.
3299 543 3507 597 Rursus

245 614 502 681 ἑχόντων,
546 616 676 670 ὅταν
708 618 1059 687 ἑρωτήτωσιν
1098 618 1264 687 ἡμᾶς,
1291 621 1375 673 δτι
1409 621 1469 675 Ei
1503 623 1595 676 δῦο
1630 622 1823 692 φύσεις

244 703 437 771 λέγετε
472 705 572 758 τοῦ
598 706 856 777 Χριστοῦ,
892 708 1287 773 ὲνυποστάτους
1320 712 1492 776 αὐτὰς
1533 715 1720 783 λέγετε
1743 757 1758 778 ,
1789 718 1822 787 ἢ

242 795 653 858 ἀνυποστάτους
678 813 694 862 ;
724 800 849 851 ἀντι
860 799 1122 869 ρωτῶμεν
1141 801 1362 867 αὐτοὺς,
1388 804 1472 856 ὅτι
1496 806 1621 869 ῐΙῶς
1638 807 1825 873 λέγετε

242 886 491 940 ἐνταῦθα
538 889 602 940 τὸ
658 889 1075 954 ἑνυπόστατονς
1131 890 1254 945 Ἐάν
1310 896 1409 962 μὲν
1460 898 1710 961 εἴπωσιν,
1741 901 1824 952 ὃτι

245 980 378 1046 περὶ
424 980 517 1033 τοῦ
575 983 934 1049 σηοναξνοντος
978 983 1038 1034 τὸ
1078 983 1139 1035 ὃν
1188 983 1373 1048 ἁπλῶς
1399 1001 1412 1016 ·
1448 986 1706 1056 λέγομεν,
1742 990 1823 1042 ὁτι

240 1066 341 1120 δύο
372 1069 564 1136 φύσεις
588 1072 820 1140 λέγομεν
847 1074 941 1125 τοῦ
974 1074 1214 1142 Χριστοῦ
1248 1076 1389 1129 κατὰ
1428 1076 1592 1129 τοῦτο
1630 1079 1688 1131 τὸ
1721 1094 1818 1148 3r,-

245 1160 594 1226 μαινόμενον,
620 1162 714 1214 καὶ
742 1163 895 1215 οὐδὲν
931 1164 1135 1217 ἄτοπον
1162 1165 1459 1231 συνάγεται
1489 1169 1642 1236 ἡμῖν,
1678 1169 1820 1224 ὥστε

240 1248 345 1299 καὶ
388 1248 482 1301 δῦο
535 1251 807 1319 πρόσωπα
857 1255 1199 1322 εἰσαγαγεῖν.
1235 1258 1314 1310 Οὐ
1344 1258 1454 1326 γὰρ
1474 1261 1603 1328 περὶ
1627 1262 1821 1314 τούτου

239 1338 341 1391 τοῦ
380 1343 793 1412 σημαινομένου
846 1345 1116 1415 ἐλάϐομεν
1143 1347 1242 1415 τὴν
1267 1348 1589 1404 ὑπόστασιν.
1621 1353 1736 1405 Ἵνα
1763 1353 1822 1406 δὲ

244 1430 419 1496 σαφὲς
455 1432 538 1502 εἴη
569 1433 630 1485 τό
654 1434 971 1502 λεγόμενον,
1006 1438 1404 1506 μεταϐαλόντες
1447 1441 1516 1493 τά
1556 1441 1819 1511 ὀνόματα,

239 1518 668 1584 συλλογιστικῶς
705 1524 1156 1592 προσαγάγωμεν
1181 1527 1272 1579 τὸν
1304 1527 1483 1595 λόγον,
1519 1529 1611 1582 καὶ
1652 1532 1819 1583 εἴπω-

240 1622 344 1676 μεν
376 1608 550 1673 οὕτως
578 1628 591 1641 ·
621 1612 682 1665 Εἰ
709 1612 805 1666 δῦο
854 1615 1045 1682 φύσεις
1084 1616 1179 1669 τοῦ
1208 1619 1478 1685 Χριστοῦ,
1511 1623 1821 1691 παρέπεται

236 1699 302 1752 τὸ
359 1702 756 1768 ἐνυποστάτους
809 1706 979 1771 αὐτάς
1026 1705 1201 1763 εἶναι·
1234 1710 1293 1762 τ’)
1321 1711 1378 1764 δὲ
1429 1714 1819 1777 ἐνυπὸστατον,

234 1789 301 1842 τὸ
352 1791 415 1845 ὃν
458 1796 737 1864 σημαίνει.
773 1796 841 1849 Ai
893 1799 988 1851 δύο
1037 1799 1228 1869 φύσεις
1269 1804 1376 1869 ἄρα
1417 1805 1511 1864 τοῦ
1548 1806 1818 1874 Χριστοῦ,

1930 645 2125 698 expers
2150 631 2460 701 hypostasis
2493 630 2718 690 dicitur.
2752 649 2861 687 non
2901 632 2953 686 id
2991 632 3375 702 quidemqqu
3397 650 3507 689 non

1930 721 2168 781 exsistit,
2222 722 2316 775 sed
2374 721 2524 790 quod
2571 721 2889 791 hypostasin
2937 722 3105 775 habet
3152 722 3207 775 in
3252 723 3383 783 alio,
3440 740 3506 779 ac

1931 821 2041 859 non
2068 823 2167 876 per
2191 823 2249 859 se
2300 807 2585 861 subsistit:
2623 807 2809 876 qualia
2861 818 2991 861 sunt
3042 810 3373 864 accidentia.
3411 812 3506 865 His

1932 898 2005 951 ita
2028 898 2371 959 constitutis,
2406 900 2623 966 quoties
2653 915 2753 952 nos
2789 899 3270 967 interrogaverint,
3303 900 3350 955 si
3370 900 3507 956 duas

1929 988 2138 1043 Christi
2173 998 2401 1041 naturas
2426 987 2634 1048 dicitis.
2670 1004 2802 1041 num
2835 1004 2930 1043 eas
2966 988 3156 1044 dicitis
3197 990 3503 1061 hypostati-

1929 1096 2042 1135 cas.
2090 1095 2159 1133 an
2203 1087 2459 1149 expertes
2510 1080 2851 1150 hypostasis?
2898 1096 3000 1134 nos
3032 1081 3277 1135 vicissim
3323 1098 3389 1136 ex
3421 1086 3507 1138 eis

1930 1187 2262 1241 quaeramus,
2299 1172 2576 1241 quomodo
2617 1172 2944 1242 hypostatiri
2976 1188 3168 1226 vocem
3209 1175 3503 1243 accipiant.

1931 1261 1988 1315 Si
2025 1263 2288 1325 dixerint,
2333 1264 2585 1332 accipere
2635 1278 2698 1317 se
2757 1263 2826 1317 de
2872 1278 2961 1327 eo,
3026 1264 3177 1332 quod
3226 1267 3505 1336 signiticet

1932 1371 2048 1408 rem
2077 1355 2406 1424 simpliciter
2436 1356 2789 1409 exsistentem
2810 1397 2825 1419 ,
2885 1354 3185 1411 fatebimur
3216 1356 3356 1412 duas
3403 1374 3503 1412 nos

1929 1446 2133 1501 Christi
2162 1454 2386 1500 naturas
2414 1447 2519 1500 hoc
2550 1446 2857 1515 signiﬁcato
2882 1448 3091 1511 dicere,
3141 1464 3246 1503 nec
3274 1450 3501 1504 absurdi

1928 1538 2231 1607 quidquam
2263 1552 2293 1591 a
2345 1536 2507 1592 nobis
2553 1537 2760 1607 colligi,
2813 1537 2952 1592 duas
2996 1538 3076 1591 uti
3124 1539 3334 1594 scilicet
3379 1555 3505 1610 pcr-

1929 1642 2096 1682 sonas
2138 1627 2572 1682 introducamus.
2600 1629 2720 1682 Non
2746 1628 2894 1682 enim
2923 1629 3030 1683 isto
3051 1629 3358 1699 signiﬁcato
3400 1648 3499 1686 vo-

1929 1730 2051 1770 cem
2081 1716 2387 1788 hypostasis
2446 1718 2798 1787 cepimus.Ut
2821 1728 3006 1773 autem
3040 1720 3499 1789 perspicuumsit,

1929 1805 2078 1875 quod
2105 1822 2135 1859 a
2163 1806 2323 1860 nobis
2346 1806 2585 1868 dicitur,
2632 1807 2956 1875 permutatis
3000 1807 3338 1871 nominibus,
3387 1810 3493 1879 syl.

234 1880 349 1933 τῶν
386 1881 556 1937 ὄντων
607 1887 766 1942 εἰσίν.
835 1888 958 1941 Ἐάν
1006 1892 1063 1944 δὲ
1110 1892 1359 1955 εἴπωσιν,
1389 1895 1473 1947 ὅτι
1519 1896 1582 1948 τὸ
1620 1898 1815 1950 ἐνυπὸ-

1920 1898 2165 1967 logistice
2196 1913 2312 1951 rem
2347 1898 2709 1967 proferamus,
2740 1898 2845 1952 hoc
2881 1898 3080 1952 modo:
3120 1899 3176 1953 Si
3207 1898 3331 1954 dua
3368 1910 3500 1956 sunt

238 1982 435 2024 στατον
496 1973 730 2045 λέγομεν
796 1980 925 2049 περὶ
985 1979 1081 2033 τοῦ
1153 1981 1276 2034 καθ’
1330 1984 1493 2037 ἑαυτδ
1547 1985 1820 2056 ὑπάρχον⁴

230 2077 328 2124 τος
368 2079 382 2092 ⁶
425 2065 656 2132 λέγοιεν
696 2070 859 2137 ἡμεῖς
890 2110 904 2132 ,
933 2072 1014 2124 δτι
1078 2074 1221 2127 κατά
1281 2076 1443 2129 τοῦτο
1489 2079 1544 2130 αἱ
1589 2078 1685 2131 δύο
1717 2080 1819 2146 φῦ-

236 2168 356 2217 σεις
386 2156 481 2209 τοῦ
527 2160 768 2227 Χριστοῦ
815 2163 914 2217 οῦκ
952 2165 1091 2217 εἰσιν
1121 2166 1499 2234 ἐνυπόστατοι,
1544 2171 1659 2223 ἀλλ’
1721 2174 1817 2224 ἀν-

234 2245 553 2303 υπόστατοι.
581 2252 690 2304 Καὶ
727 2254 788 2306 οῦ
835 2255 1128 2322 συνάγεται
1158 2259 1290 2327 ἡμῖν
1333 2258 1538 2313 ἄτοπον
1568 2276 1582 2291 ·
1615 2265 1811 2317 ἀνυπο-

233 2337 467 2400 στάτους
512 2345 620 2411 γάρ
680 2343 917 2414 λέγομεν
976 2349 1150 2410 αὑτάς
1179 2390 1192 2409 ,
1222 2351 1283 2401 οῦ
1320 2352 1457 2404 καθὸ
1499 2354 1575 2422 μή
1626 2356 1763 2407 εἰσιν
1797 2370 1809 2385 ’

233 2428 355 2480 ἀλλ’
384 2430 468 2484 δτι
521 2433 628 2486 τῶν
657 2437 733 2505 μὴ
778 2436 899 2490 καθ’
926 2439 1095 2492 ἑαυτά
1134 2440 1306 2494 ὅντων
1360 2443 1515 2498 εἰσιν.
1553 2445 1663 2499 Καὶ
1726 2447 1813 2499 ἵνα

233 2522 402 2575 πάλιν
460 2526 633 2592 σαφὲς
682 2529 769 2598 εἴη
822 2530 882 2583 τ’)
936 2530 1266 2600 λεγόμενον,
1301 2534 1699 2602 μεταϐαλόντες
1744 2540 1813 2594 τά

230 2610 495 2681 ὀνόματα,
550 2616 977 2687 συλλογιστικῶς
1031 2624 1475 2694 προσαγάγωμεν
1499 2626 1589 2679 τὸν
1631 2628 1810 2696 λόγον.

230 2702 298 2757 Εἰ
349 2703 447 2758 δῦο
490 2707 683 2775 φύσεις
733 2710 827 2763 τοῦ
877 2711 1141 2782 Χριστοῦ,
1169 2716 1477 2783 παρέπεται
1526 2717 1588 2771 τὸ
1616 2719 1812 2773 ἀνυπο-

233 2794 463 2858 στάτους
494 2798 665 2862 αὑτάς
687 2796 848 2857 εἶναι.
885 2803 958 2855 Τὸ
993 2803 1051 2857 δὲ
1074 2805 1447 2860 ἀνυπόστατον
1472 2811 1724 2879 σημαίνει
1748 2815 1809 2868 οὐ

230 2885 294 2937 τὸ
327 2886 401 2955 μὴ
434 2885 494 2939 ὂ)
522 2928 536 2947 ,
566 2888 702 2943 ἀλλὰ
731 2892 793 2944 τὸ
828 2892 953 2945 καθ’
983 2894 1146 2946 ἑαυτὸ
1178 2897 1251 2963 μὴ
1278 2896 1358 2950 δν.
1398 2899 1463 2950 ΔΞ
1499 2899 1595 2951 δύο
1617 2901 1811 2968 φύσεις

230 2976 343 3045 ἄρα
393 2978 490 3030 τοῦ
533 2974 779 3052 Χριστοῦ
819 2983 1164 3049 καθ’ὲαυτᾶις
1202 2990 1303 3040 οὐκ
1343 2990 1469 3044 εἰσί.
1498 2993 1606 3045 Καὶ
1637 2993 1811 3047 οὕτως

230 3067 331 3119 ἑὰν
366 3068 639 3142 εἴπωμεν,
662 3074 724 3126 οῦ
754 3074 852 3128 δύο
885 3078 1154 3146 πρόσωπα
1186 3080 1503 3151 εἰσάγομεν,
1535 3084 1657 3137 οὔτε
1702 3087 1810 3155 μὴν

229 3156 341 3210 τῶν
370 3160 446 3230 μὴ
477 3161 648 3215 διατων
690 3165 832 3218 αὐτά
864 3168 933 3236 fj)
960 3169 1226 3238 ποιοῦμεν
1247 3186 1262 3201 ·
1291 3172 1660 3227 ἀνυπόστατον
1700 3177 1807 3246 γάρ

230 3251 502 3323 ἐλάϐομεν
549 3257 807 3320 ἐνταῦᾶα,
842 3261 901 3312 τὸ
934 3266 1200 3330 σημαῖνον
1227 3263 1288 3316 τὸ
1337 3265 1411 3335 μὴ
1462 3267 1586 3320 καθ’
1618 3270 1804 3331 ἑαυτὸ.

228 3343 420 3397 οὐκέτι
452 3346 513 3399 τὸ
558 3347 633 3418 μὴ
666 3348 746 3403 δν.
777 3350 895 3403 Ὀτι
942 3351 999 3404 δὲ
1036 3352 1128 3405 δύο
1162 3358 1541 3424 σημαινόμενα
1567 3354 1675 3413 οἶδε
1711 3364 1807 3431 τῆς

227 3433 635 3509 ὁποστάσεωςὴ
663 3443 1096 3516 ἑκκλησιαστικὴ
1128 3447 1411 3517 συνήθεια,
1437 3450 1496 3503 τό
1521 3469 1577 3505 τε
1605 3458 1805 3523 σημαῖ-

227 3540 322 3577 νον
377 3526 441 3579 τὸ
502 3529 689 3592 ἁπλῶς
743 3533 825 3590 ὃν.
859 3533 1011 3603 δηλοῖ
1046 3538 1075 3588 ὀ
1133 3538 1289 3606 ἆγιος
1342 3539 1630 3610 Κύριλλος.
1694 3544 1805 3597 Καὶ

227 3612 418 3676 ⁸πᾶλιν,
449 3617 612 3680 εἴτις
647 3620 740 3671 ἐπὶ
769 3620 863 3673 τοῦ
894 3623 1013 3684 ἑνὸς
1038 3625 1280 3696 Χριστοῦ
1310 3628 1512 3701 διαιρεῖ
1535 3632 1635 3696 τὰς
1671 3635 1805 3688 ὑπο-

228 3705 471 3770 στάσεις,
505 3709 578 3778 πῆ
631 3712 730 3779 μὲν
774 3713 904 3781 περὶ
958 3716 1053 3768 τοῦ
1094 3718 1281 3783 ἁπλῶς
1307 3721 1461 3786 ὄντος
1499 3722 1693 3792 λέγων,
1729 3730 1804 3795 πῆ

227 3794 285 3848 δὲ
322 3798 413 3849 ἐπὶ
445 3799 539 3851 τοῦ
566 3801 691 3853 καθ’
724 3802 906 3867 ἑαυτὸ,
934 3806 1017 3859 ὅτι
1048 3806 1112 3878 δὴ
1137 3809 1433 3880 ἁσύγχυτοι
1461 3817 1805 3884 μεμενήκασι

227 3890 524 3958 τοιγαροῦν
550 3893 608 3945 αἱ
638 3893 989 3961 ὑποστάσεις,
1024 3899 1276 3954 ἐντεῦθεν
1313 3904 1594 3975 εἰσόμεθα.
1618 3908 1808 3972 Ὅστις

220 3975 285 4029 δὲ
318 3977 436 4030 δυσὶ
478 3982 811 4048 προσώποις,
850 3987 1017 4056 ἧγουν
1071 3990 1422 4059 ὑποστάσεσι,
1452 3996 1549 4059 τάς
1597 3998 1654 4050 ἐν
1696 4002 1808 4065 τοῖς

225 4066 588 4133 Εῦαγγελίοις
615 4072 879 4142 ἀπονέμοι
906 4078 1110 4143 φωνάς,
1143 4080 1390 4150 ἀνάθεμα
1435 4083 1598 4138 ἔστω.
1638 4087 1803 4142 Ὥστε

223 4154 520 4221 δέδεικται,
559 4158 636 4222 ὡς
681 4161 792 4215 ἀπὸ
831 4163 933 4231 τῆς
963 4165 1282 4237 ὁμωνυμίας
1334 4171 1613 4241 βούλονται
1656 4179 1803 4247 ἡμᾶς

224 4245 703 4314 παραλογίσασθαι

1920 2000 2128 2045 natura:
2160 1988 2389 2053 Christi,
2414 1993 2664 2060 sequitur
2695 2008 2789 2046 cas
2815 1993 3187 2062 hypostaticas
3209 2008 3352 2048 esse.
3384 1993 3462 2065 Hy
3482 2024 3497 2035 -

1919 2085 2169 2155 postatici
2199 2100 2329 2139 vero
2361 2100 2463 2139 vox
2507 2084 2784 2153 significat
2817 2086 2872 2138 id
2922 2086 3069 2154 quod
3124 2085 3364 2141 exsistit.
3390 2086 3493 2141 Er-

1914 2170 1984 2244 go
2010 2174 2135 2229 dua:
2156 2174 2361 2229 Christi
2394 2182 2608 2228 natura:
2637 2183 2768 2228 sunt
2797 2189 2991 2230 earum
3044 2176 3097 2229 in
3151 2190 3338 2230 rerum
3385 2192 3494 2229 nu-

1916 2279 2091 2328 mero,
2114 2281 2237 2335 qua:
2281 2266 2575 2320 exsistunt.
2627 2264 2724 2320 Sin
2769 2264 3032 2330 dixerint,
3092 2266 3493 2337 hypostaticunt

1914 2356 2166 2426 accipere
2195 2372 2254 2411 se
2278 2357 2346 2412 de
2378 2373 2446 2411 eo
2470 2357 2616 2426 quod
2646 2371 2746 2427 per
2775 2371 2834 2411 se
2881 2358 3157 2421 subsistit,
3192 2357 3495 2434 infcrcmus

1915 2460 2036 2509 nos,
2069 2462 2135 2501 ea
2161 2448 2375 2502 ratione
2397 2447 2535 2501 duas
2560 2446 2766 2502 Christi
2812 2457 3039 2502 naturas
3070 2464 3180 2502 non
3227 2449 3492 2520 hyposta-

1913 2537 2051 2593 ticas
2088 2554 2232 2603 esse,
2278 2538 2374 2594 sed
2420 2547 2675 2609 expertes
2736 2540 3062 2612 hypostasis.
3129 2539 3241 2596 Nec
3268 2541 3491 2595 ahsurdi

1913 2630 2214 2701 quidquam
2244 2647 2274 2685 a
2304 2631 2464 2686 nobis
2499 2632 2815 2702 colligitur:
2863 2647 2987 2685 nam
3033 2642 3290 2702 expertes
3323 2633 3495 2704 hype-

1913 2722 2075 2777 stasis
2125 2737 2220 2777 eas
2258 2723 2520 2788 dicimus,
2555 2739 2663 2777 non
2695 2723 2823 2777 ideo
2872 2724 3019 2792 quod
3054 2738 3165 2778 non
3200 2725 3349 2779 sint:
3392 2725 3489 2778 sed

1910 2814 2059 2884 quod
2101 2829 2296 2869 eorum
2346 2829 2376 2869 e
2406 2830 2639 2869 numero
2700 2816 2833 2879 sint,
2864 2832 2986 2886 qua:
3022 2831 3274 2871 seorsum
3303 2832 3369 2872 ac
3392 2831 3494 2886 per

1911 2922 1971 2960 se
1997 2922 2105 2961 non
2137 2907 2433 2962 exsistunt.
2488 2908 2702 2963 Rursus
2728 2909 2807 2962 uti
2840 2908 3196 2977 perspicuum
3220 2907 3294 2962 sit
3341 2907 3492 2976 quod

1911 2996 2169 3059 dicimus,
2214 2997 2545 3065 permutatis
2604 2997 2946 3060 nominibus,
2993 2994 3328 3067 syllogistice
3372 3010 3488 3049 rem

1909 3088 2274 3158 proferamus.
2313 3087 2370 3142 Si
2402 3088 2525 3142 duae
2568 3097 2700 3142 sunt
2726 3087 2933 3142 Christi
2968 3097 3203 3151 naturae,
3230 3088 3489 3156 sequitur

1911 3193 2004 3232 eas
2032 3186 2286 3248 expertes
2321 3178 2630 3249 hypostasis
2652 3194 2794 3233 esse.
2822 3177 2979 3245 Quod
3006 3188 3190 3233 autem
3221 3179 3486 3249 hyposta-

1911 3271 1988 3324 sis
2006 3286 2201 3340 expers
2224 3280 2327 3333 est,
2369 3286 2477 3324 non
2512 3270 2564 3324 id
2595 3269 2866 3339 signiﬁcat
2894 3270 3040 3339 quod
3092 3285 3202 3323 non
3246 3268 3482 3329 exsistit.

1912 3362 2006 3414 sed
2035 3362 2180 3431 quod
2217 3377 2466 3417 seorsum
2490 3378 2554 3417 ac
2580 3379 2676 3432 per
2701 3378 2760 3418 se
2794 3377 2905 3417 non
2934 3362 3173 3417 exsistit.
3200 3362 3345 3432 Ergo
3361 3362 3486 3417 dua:

1909 3451 2110 3507 Christi
2136 3461 2346 3508 naturae
2372 3470 2621 3510 seorsum
2640 3471 2705 3510 ac
2728 3471 2826 3526 per
2848 3472 2908 3511 se
2930 3470 3040 3510 non
3066 3456 3487 3519 exsistuntﬂuo

1910 3553 2071 3613 pacto
2115 3546 2160 3599 si
2208 3547 2520 3616 loquamur,
2569 3564 2677 3604 non
2720 3548 2858 3603 duas
2898 3564 3162 3619 personas
3185 3548 3491 3604 introduci-

1910 3649 2053 3700 mus,
2085 3648 2188 3690 nec
2210 3635 2414 3692 Christi
2452 3647 2678 3694 naturas
2708 3639 2776 3693 ad
2808 3655 2872 3694 ea
2917 3638 3208 3694 referimus
3230 3656 3354 3709 qua:
3376 3654 3488 3696 nou

1909 3726 2218 3781 exsistunt:
2247 3744 2371 3782 nam
2406 3746 2601 3799 expers
2634 3729 2946 3801 hypostasis
3000 3731 3075 3785 ita
3126 3731 3395 3798 cepimus,
3427 3740 3488 3784 ut

1911 3818 2184 3888 significet
2205 3820 2257 3874 id
2284 3822 2428 3891 quod
2453 3837 2702 3876 seorsum
2735 3838 2833 3892 per
2864 3837 2923 3876 se
2953 3838 3063 3876 non
3097 3822 3352 3885 exsistit;
3376 3838 3486 3877 non

1915 3919 2121 3976 autem,
2155 3913 2302 3982 quod
2334 3929 2445 3967 non
2477 3914 2719 3969 exsistit.
2777 3916 3092 3984 Agnoscere
3113 3929 3245 3969 vero
3296 3914 3489 3968 Eccle-

1912 4001 2007 4055 si:e
2029 4005 2325 4073 scriptores
2352 4006 2469 4059 hme
2518 4006 2630 4059 duo
2664 4005 2974 4077 hypostasis
3023 4004 3347 4075 signiﬁcata,
3372 4013 3487 4058 tum

1910 4092 1978 4145 de
2034 4108 2100 4146 eo
2148 4095 2295 4163 quod
2333 4096 2662 4165 simpliciter
2706 4096 2945 4156 exsistit,
3006 4103 3121 4149 tum
3152 4096 3221 4150 de
3252 4111 3488 4165 persona

1908 4196 2077 4251 reque
2101 4199 2350 4237 seorsum
2379 4200 2441 4238 ac
2469 4201 2566 4253 per
2599 4201 2657 4240 se
2688 4186 2987 4239 exsistente
3010 4226 3024 4247 ,
3060 4194 3290 4240 sanctus
3317 4186 3486 4240 etiatn

1903 4270 2142 4343 Cyrillus
2181 4274 2408 4329 indicat.
2458 4275 2527 4329 Et
2582 4291 2776 4330 rursus
2816 4276 2860 4329 si
2901 4276 3027 4344 quis
3071 4277 3126 4329 in
3188 4291 3299 4330 uno
3327 4275 3490 4330 Chri-

224 4343 288 4388 to
328 4337 546 4435 dividit
591 4340 935 4435 hypostascs,
997 4346 1196 4415 partim
1243 4348 1433 4406 dicens
1481 4354 1550 4408 de
1618 4370 1685 4409 eo
1721 4359 1868 4427 quod
1910 4337 2236 4432 simpliciter
2285 4366 2524 4433 exsistit,
2580 4367 2774 4434 partim
2815 4365 2883 4419 de
2922 4337 3005 4420 eo
3060 4365 3209 4435 quod
3237 4380 3484 4420 seorsum

220 4429 465 4493 exsistit;
522 4430 838 4487 inconfusas
884 4438 1151 4493 mansisse
1196 4442 1407 4497 scilicet
1447 4445 1784 4515 hypostascs,
1827 4451 1955 4507 hinc
2019 4429 2459 4524 cognoscemus;
2500 4456 2760 4526 Quisquis
2801 4467 2985 4512 autem
3035 4457 3252 4512 duabus
3297 4474 3487 4527 perso-

221 4520 315 4574 nis
340 4521 456 4621 sive
487 4522 876 4621 hypostasibus
906 4535 1187 4585 exstantes
1221 4532 1274 4585 in
1296 4534 1608 4606 Erangeliis
1636 4555 1796 4595 voces
1834 4520 2117 4607 attribuit:
2138 4548 2428 4603 anathema
2474 4520 2564 4602 sit.
2620 4520 2916 4604 Probatum
2987 4550 3174 4620 igitur,
3205 4520 3354 4621 quod
3418 4565 3483 4605 ex

220 4613 659 4680 mquivocatione
675 4616 836 4672 nobis
861 4619 1145 4688 imponere
1167 4624 1359 4679 velint.

301 4698 506 4789 Ἄλλην
521 4701 577 4752 δὲ
602 4704 734 4770 ἡμῖν
756 4704 990 4775 ἀπορίαν
1013 4708 1408 4777 ἀποροῦσι,καί
1424 4714 1541 4766 ἐστι
1566 4718 1810 4789 τοιαύττγ
1848 4726 1891 4781 ι)

228 4788 315 4839 ὅτι
357 4788 418 4840 Εἰ
434 4789 529 4842 δύο
544 4790 738 4858 φύσεις
763 4791 973 4877 λέγετε,
989 4796 1257 4866 διαίρεσιν
1281 4801 1552 4869 εἰσάγετεο
1574 4788 1808 4879 ἀριθμὸν

221 4879 335 4946 γὰρ
371 4880 623 4947 εἰσάγετε
646 4884 709 4935 ’ὁ
728 4882 785 4936 δὲ
817 4884 1050 4955 ἀριθμὸς
1068 4886 1162 4940 τοῦ
1186 4888 1546 4961 διωρισμένου
1570 4896 1688 4949 ἐστὶ
1714 4916 1805 4951 πο-

223 4968 344 5021 σοῦ.
369 4969 512 5039 ῐιρὸς
535 4970 695 5024 τοῦτο
717 4972 879 5026 πάλιν
897 4975 956 5027 τὸ
972 4976 1228 5047 άνωτέρω
1254 4982 1544 5052 εἰρημένον
1558 4984 1703 5039 ἐστιν
1721 4990 1800 5040 εἰς

221 5060 371 5116 πεῖν.
389 5057 594 5113 ὄτιΚαὶ
615 5060 813 5130 ὐμῖντὺ
829 5064 959 5117 αὐτὸ
976 5064 1175 5119 ἄτοπον
1191 5071 1500 5139 συνάγεται.
1521 5075 1581 5127 Ei
1608 5077 1715 5145 γὰρ
1740 5079 1805 5132 ἐκ

220 5146 319 5198 δύο
347 5145 565 5213 φύσεων
590 5148 778 5215 λέγετε
808 5147 946 5205 εἶναι
970 5154 1062 5208 τὸν
1089 5156 1345 5226 Χριστὸν,
1378 5160 1566 5234 ἐπειδὴ
1601 5165 1662 5217 τὸ
1688 5165 1797 5221 δύο

218 5238 460 5307 ἀριθμὸν
507 5239 866 5308 εἰσάγει,ὀδὲ
910 5245 1146 5315 ἀριθμὸς
1199 5248 1306 5302 ὑπὸ
1351 5252 1413 5304 τὸ
1444 5253 1801 5327 διωρισμένον

220 5327 521 5391 ἀνάγεται·
571 5330 937 5401 εὐρεθήσεσθε
990 5335 1259 5407 διαίρεσιν
1302 5341 1639 5408 εἰσάγοντες.
1684 5349 1801 5401 Ἵνα

216 5415 278 5468 δὲ
304 5414 503 5507 ι’ὗσπερ
526 5420 620 5472 καὶ
652 5421 806 5476 αὐτοὶ
834 5424 1212 5494 ἑμφιλοσόιςως
1240 5431 1703 5507 ἐπιχειρήσωμεν,
1722 5439 1805 5491 δεῖ

218 5505 448 5571 γνῶναι.
480 5508 556 5572 ὡς
573 5511 693 5564 οὐδὲ
721 5514 922 5578 παντὸς
946 5516 1043 5570 τοῦ
1068 5517 1431 5590 διωρισμένου
1455 5505 1623 5579 ποσοῦ
1651 5533 1802 5583 ἐστιν

215 5597 247 5646 ὀ
283 5597 539 5667 ἀριθμὸς,
558 5601 695 5656 ἀλλὰ
724 5603 814 5657 ἐπὶ
843 5606 955 5661 τῶν
987 5611 1226 5682 συνεχῶν
1254 5612 1401 5668 ἔστιν
1431 5618 1610 5687 εὑρεῖν
1637 5621 1799 5676 αὐτὸν

291 5774 362 5844 (i)
387 5776 567 5833 Δύτᾶ.
600 5781 800 5848 Αὑτάς.
837 5800 843 5806 ’

1986 4721 2074 4775 ΙΙΙ.
2107 4722 2278 4777 Aliam
2313 4725 2475 4780 nobis
2529 4728 2896 4797 ohjectionem
2954 4727 3270 4800 h'ujusmodi
3302 4730 3485 4799 profe-

1913 4822 2064 4865 rtmt.
2102 4813 2157 4867 Si
2187 4814 2325 4869 duas
2356 4826 2579 4871 naturas
2616 4818 2823 4881 dicitis,
2873 4817 3202 4873 divisionem
3237 4819 3491 4874 introdu-

1911 4904 2073 4965 citis;
2114 4905 2318 4975 quippe
2341 4924 2633 4963 numerum
2661 4910 3049 4965 introducitis:
3090 4926 3358 4966 numerus
3387 4928 3487 4967 au-

1915 5001 2025 5046 tem
2055 4996 2309 5051 discretae
2352 5000 2678 5067 quantitatis
2725 5010 2830 5055 est.
2878 5003 2961 5057 Ad
3013 5003 3118 5057 hoc
3151 5003 3485 5073 respondere

1910 5082 2062 5145 licet,
2097 5088 2242 5156 quod
2271 5097 2328 5143 et
2364 5093 2621 5159 superius
2646 5092 2857 5146 dictum
2889 5093 2994 5146 fttit
3048 5110 3061 5146 :
3121 5093 3293 5147 Vobis
3334 5109 3484 5147 eam-

1910 5174 2034 5228 dem
2086 5176 2485 5233 ahsurditatem
2553 5181 2757 5249 colligi.
2820 5180 3035 5251 Quippe
3094 5181 3140 5236 si
3197 5181 3481 5236 Christum

1908 5263 2125 5319 duabus
2169 5280 2237 5319 ex
2281 5269 2498 5321 naturis
2535 5285 2659 5324 esse
2694 5271 2902 5333 dicitis,
2939 5287 3063 5324 cum
3097 5287 3197 5324 vox
3229 5271 3480 5335 duarum,

1907 5370 2198 5410 numerum
2239 5358 2574 5424 introducat,
2604 5368 2661 5415 et
2704 5377 2967 5416 numerus
3011 5361 3079 5415 ad
3116 5361 3481 5429 quantitatem

1904 5446 2197 5502 discretam
2251 5450 2546 5515 referatur,
2618 5453 3101 5522 reprehendemini
3146 5452 3477 5507 divisionem

1905 5537 2354 5598 iutrod'ueere.Ut
2386 5553 2570 5599 autem
2595 5545 2997 5617 philosolihice,
3018 5544 3479 5615 quemadmodum

1903 5636 1957 5683 et
1984 5630 2084 5699 ipsi
2109 5632 2337 5696 faciunt,
2385 5647 2865 5705 argumentemur,
2917 5638 3199 5694 sciendum
3231 5651 3299 5690 ne
3352 5634 3480 5705 qui~
