4218 6444
771 411 905 479 1243
1550 364 1554 369 ἀ
2028 414 2338 476 LEONTII
2376 416 2437 473 ΒΤ

2376 413 2781 480 ΒΥΖΑΝΤΙΝΙ
3887 416 3995 480 124
4008 418 4042 480 4

767 544 892 580 cvm
916 523 1096 580 omnis
1128 522 1383 580 discreta:
1407 525 1732 592 quantitatis
1766 524 2030 580 duntaxat
2068 542 2189 580 esse
2229 542 2335 579 nu-
2366 532 2408 584 A

2373 532 2408 584 Α
2437 528 2761 598 λεγόμενον·
2798 527 2990 597 ὥσπερ
3030 524 3265 596 λέγομεν
3311 524 3627 595 πεντάπηχυ
3682 522 3841 590 ξύλω
3864 562 3880 588 ,
3905 525 4039 595 καὶ,

769 633 1007 678 lucrum,
1050 616 1144 671 sed
1178 630 1305 670 eum
1337 614 1573 684 reperiri
1597 615 1665 671 de
1703 616 1986 671 continuis
2007 633 2228 687 quoque
2250 618 2335 681 di-

2445 620 2523 685 ὦς
2575 637 2739 691 φησιν
2789 619 3190 689 ’Δριστοτέλης,
3223 620 3306 673 δτι
3349 618 3540 688 χρόνος
3591 617 3742 671 ἐστὶν
3787 616 4043 688 ἀριθμὸς

767 723 953 765 ctum:
980 706 1444 780 quemadmodqu
1476 708 1687 777 lignum
1730 709 1978 777 quinque
2027 709 2342 763 cubitorum

2444 715 2733 784 κινήσεως.
2775 712 3039 784 Ἀριθμὸν
3062 712 3173 783 γὰρ
3204 711 3430 764 ἐκάλεσε
3474 708 3569 762 τὸν
3599 710 3790 779 χρόνον
3823 708 4040 774 συνεχῆ

770 806 1133 867 dieimus,et,
1190 811 1254 855 ut
1303 800 1630 857 Aristoteles
1689 800 1892 865 tradit,
1959 810 2178 873 tempus
2220 815 2343 855 esse

2443 805 2574 857 liv-ra
2612 802 3061 872 ὡμολογημένον.
3104 801 3292 864 Διττδς
3319 798 3412 854 οὖν
3441 801 3471 853 ὁ
3501 799 3758 868 ἀριθμὸς,
3789 800 3891 852 καὶ
3934 799 4039 849 ἐπὶ

771 909 1063 949 numerum
1104 903 1307 946 motus.
1344 893 1557 962 Quippe
1609 901 1827 960 tempus
1867 893 2110 961 appellat
2147 908 2342 946 nume-

2443 894 2536 946 τοῦ
2600 894 2989 963 διωρισμένου,
3015 892 3110 945 καὶ
3153 892 3248 944 ἐπὶ
3298 890 3395 943 τοῦ
3438 890 3697 960 συνεχοῦς
3722 888 4038 957 λεγομένου

773 1001 834 1037 ru
864 1003 916 1045 ··,
964 984 1111 1051 quod
1171 983 1310 1036 citra
1373 981 1806 1035 controversiam
1856 989 1942 1035 est
1994 982 2338 1035 continuum.

2446 986 2635 1039 ποσοῦ.
2657 987 2716 1038 El
2738 986 2794 1037 δὲ
2814 986 2894 1037 δεῖ
2918 987 3012 1038 καὶ
3034 985 3324 1055 ἀκριϐείας
3344 983 3622 1051 γενέσθαι,
3644 983 3705 1035 ού
3732 982 3854 1035 δέον
3874 981 4041 1033 ἐστὶν

774 1076 979 1143 Duplex
1036 1075 1206 1143 igitur
1246 1089 1512 1128 numerus
1558 1084 1663 1136 est,
1727 1084 1842 1128 tum
1895 1073 2170 1135 diseretze,
2224 1082 2341 1126 tum

2446 1077 2593 1146 ἡμᾶς
2643 1079 2742 1145 τὴν
2780 1075 2949 1129 δυάδα
2998 1076 3093 1127 ἐπὶ
3140 1075 3238 1126 τοῦ
3275 1073 3535 1142 συνεχοῦς
3565 1069 3807 1142 ἀριθμοῦ
3844 1071 4040 1135 λέγειν

770 1164 1072 1225 continnm,
1129 1179 1228 1217 ceu
1283 1163 1431 1231 loqui
1489 1163 1755 1226 solemus,
1786 1163 2135 1231 quantitatis.
2184 1162 2344 1227 Quod

2444 1165 2540 1218 ἐπὶ
2567 1165 2662 1217 τοῦ
2701 1164 2939 1235 Χριστοῦ
2967 1182 2980 1195 ⁸
3017 1164 3240 1232 συνεχὲς
3284 1164 3394 1232 γάρ
3435 1164 3581 1216 ἐστιν
3608 1202 3622 1226 ,
3645 1159 3706 1215 οὗ
3752 1161 3819 1213 τά
3862 1160 4040 1229 μόρια

772 1256 817 1307 si
865 1254 1267 1307 subtilitatibus
1314 1252 1584 1305 utendum
1632 1254 1756 1313 erit,
1797 1268 1907 1306 non
1967 1267 2194 1307 necesse
2237 1260 2343 1316 est,

2444 1256 2621 1316 κοινὸς
2650 1257 2775 1323 ὄρος
2806 1255 3086 1308 συνάπτει.
3114 1255 3299 1325 Μὸρια
3334 1254 3392 1307 δὲ
3423 1253 3678 1321 ἐννοῆσαι
3710 1252 3806 1303 ἐπὶ
3839 1250 4041 1318 0561.1;-

772 1361 876 1399 nos
903 1346 1175 1398 hinarium
1200 1344 1271 1398 de
1303 1345 1608 1417 quantitate
1642 1343 1905 1396 continua
1952 1343 2161 1407 dicere,
2218 1359 2342 1398 cum

2444 1360 2557 1408 τος,
2590 1342 2677 1396 ἵνα
2727 1347 2822 1398 xui.
2862 1345 3039 1406 κοινὸς
3079 1346 3206 1413 ὅρος
3242 1344 3385 1397 αύτά
3415 1344 3554 1414 πρὸς
3583 1343 3644 1396 τὸ
3694 1340 3858 1409 σῶμα
3906 1355 4042 1392 συν-

772 1436 841 1488 de
861 1434 1082 1486 Christo
1126 1433 1436 1502 loquimur:
1488 1434 1693 1502 quippe
1726 1434 2052 1487 continuum
2107 1442 2213 1496 est,
2243 1448 2338 1486 cu-

2446 1436 2579 1508 ἅψῃ,
2600 1434 2719 1487 οὐδὲ
2748 1436 2949 1490 πλάσαι
2982 1434 3192 1505 ῥᾴδιον·
3215 1436 3278 1488 τὺ
3302 1435 3412 1502 γὰρ
3442 1433 3664 1502 συνεχὲς
3702 1433 3796 1484 ἐπὶ
3849 1429 4041 1499 μόνων

768 1526 860 1592 jus
896 1530 1081 1591 partes
1135 1522 1446 1576 communis
1495 1522 2101 1593 terminusconjungit.
2139 1525 2210 1578 At
2250 1538 2346 1577 ve-

2449 1525 2696 1595 μεγεθῶν
2727 1525 2966 1593 λέγεται.
3012 1525 3153 1579 Ἀλλ’
3184 1528 3277 1579 ἐπὶ
3320 1524 3414 1578 τοῦ
3453 1523 3819 1594 διωρισμένου
3855 1518 4038 1573 ποσοῦ

773 1626 836 1665 ro
869 1611 925 1664 in
953 1610 1242 1665 divinitate
1282 1612 1526 1679 cogitare
1553 1621 1739 1679 partes
1765 1651 1780 1675 ,
1814 1620 1875 1664 ut
1902 1611 2210 1665 communis
2237 1618 2347 1669 ter-

2448 1615 2566 1667 δέον
2592 1614 3044 1684 παραλαμϐάνειν
3063 1615 3299 1669 ἐνταῦθα
3316 1615 3406 1668 τὸν
3432 1614 3687 1683 ἀριθμόν.
3714 1608 4038 1679 Διωρισμέ-

773 1703 959 1756 minus
1006 1717 1101 1756 eas
1143 1717 1267 1756 cum
1315 1715 1548 1768 corpore
1605 1701 1935 1771 coniungat;
1988 1716 2057 1755 ne
2089 1701 2345 1770 tingendo

2334 1718 2345 1752 ι
2448 1721 2539 1757 νον
2584 1704 2694 1774 γάρ
2726 1707 2873 1758 ἐστιν
2912 1705 2974 1758 οὐ
3018 1706 3233 1768 πάντως
3263 1706 3328 1760 τὸ
3367 1703 3622 1768 καθάπαξ
3658 1702 4000 1776 διῃρημένον

774 1790 999 1859 quidem
1023 1790 1214 1843 facile:
1253 1805 1378 1842 nam
1417 1789 1740 1842 continuum
1774 1790 1843 1843 de
1891 1790 2025 1844 solis
2073 1790 2347 1860 magnitu-

2446 1792 2585 1848 ἀλλὰ
2613 1797 2709 1847 καὶ
2738 1796 3038 1864 ἡνωμένον,
3066 1796 3207 1865 πλὴν
3237 1796 3332 1850 τὸν
3361 1797 3564 1849 οἰκεῖον
3606 1794 3767 1862 λόγον
3805 1794 4040 1861 διακρι-

775 1883 1000 1936 dinibus
1044 1880 1270 1934 dicitur.
1328 1880 1601 1933 Nimirum
1633 1882 1702 1934 de
1747 1880 2056 1949 quantitate
2105 1881 2343 1936 discreta
2377 1866 2416 1920 Β

2377 1866 2416 1920 Β
2447 1884 2671 1952 νόμενον
2696 1884 3048 1949 ἀποσώζοντα
3074 1900 3087 1915 ⁸
3124 1886 3315 1957 ὥσπερ
3341 1887 3402 1937 τὸ
3432 1887 3592 1956 σῶμα
3618 1880 3841 1951 συνεχὲς
3872 1883 4041 1951 λέγοι

775 1989 1043 2029 numerus
1087 1974 1175 2027 hic
1206 1973 1382 2041 accipi
1413 1972 1598 2026 debet.
1634 1973 1848 2027 Etenim
1888 1973 2191 2028 discretum
2228 1988 2343 2031 non

2454 1990 2574 2044 μεν,
2596 1977 2693 2028 καὶ
2719 1976 3077 2046 διωρισμένον
3103 1993 3116 2006 ·
3150 1978 3370 2046 συνεχὲς
3402 1977 3525 2046 μὲν,
3557 1976 3693 2028 καθὸ
3715 1975 4040 2035 διαστάσεις

774 2067 1001 2121 omnino
1026 2064 1231 2119 dicitur
1264 2065 1318 2118 id
1349 2063 1495 2133 quod
1517 2078 1740 2133 prorsus
1771 2073 1855 2118 est
1876 2074 2184 2133 separatum
2207 2082 2221 2130 ;
2246 2066 2342 2120 sed

2453 2065 2639 2129 ἁπλῶς
2664 2066 2777 2136 ἔχει
2804 2084 2819 2100 '
2852 2068 3209 2138 διωρισμένον
3236 2070 3314 2128 δὲ,
3338 2068 3474 2122 καθδ
3489 2070 3639 2138 τρεῖς
3671 2070 3779 2119 εισι
3813 2065 4043 2119 διαστά-

756 2161 941 2235 ~etiam
1008 2156 1365 2223 conjunctum
1418 2162 1475 2207 et
1508 2152 1743 2217 unitum,
1801 2154 1949 2222 quod
1978 2163 2160 2208 tamen
2188 2170 2342 2207 suam

2452 2172 2565 2217 σει·ς
2584 2172 2599 2188 ο
2635 2158 2816 2213 καίτοι
2853 2159 2955 2211 οὐκ
3017 2160 3125 2212 εἱσι
3149 2160 3547 2230 διεσπαρμέναι
3576 2160 3672 2212 ἀπ’
3697 2157 3952 2228 ἀλλήλων
3982 2157 4041 2208 αἱ

777 2244 1073 2314 quamdam
1109 2244 1375 2297 rationem
1403 2257 1508 2310 qua
1535 2242 1860 2301 secernitur,
1909 2244 2148 2297 retinet:
2175 2244 2343 2297 veluti

2449 2247 2778 2312 διαστάσεις,
2806 2250 2943 2304 ἀλλὰ
2967 2250 3055 2303 διά
3079 2252 3238 2303 τοῦτο
3263 2250 3632 2321 διωρισμένας
3662 2248 3837 2310 αὑτὰς
3862 2246 4035 2313 λέγο-

779 2352 983 2405 corpus
1012 2335 1334 2389 continuum
1381 2331 1637 2391 dicimus,
1686 2341 1746 2384 ct
1789 2331 2121 2395 discretum;
2172 2332 2348 2384 conti-

2106 2348 2121 2395 ;
2172 2332 2348 2384 conti-
2457 2353 2577 2405 μεν,
2610 2337 2796 2405 ἐπειδὴ
2827 2338 3035 2409 ἑκάστη
3064 2339 3247 2392 αὐτῶν
3275 2340 3408 2393 ἰδιον
3433 2339 3590 2407 λόγον
3624 2337 3762 2408 ἔχει.

780 2440 953 2482 nuum
1001 2422 1261 2494 quidem,
1310 2428 1585 2491 quatenus
1610 2418 1982 2474 dimensiones
2022 2421 2345 2490 simpliciter
2383 2422 2583 2490 habet;
2622 2426 2921 2481 discretum
2956 2444 3111 2493 vero,
3149 2439 3428 2499 quatenus
3462 2439 3576 2486 tres
3629 2437 3761 2484 sunt
3806 2429 4040 2483 dimen—

780 2522 998 2577 siones:
1031 2518 1184 2586 atqui
1229 2531 1338 2569 non
1389 2515 1624 2568 invicem
1685 2529 1715 2567 a
1757 2528 1814 2565 sc
1860 2513 2088 2567 divulsa:
2125 2522 2255 2567 sunt
2285 2513 2657 2574 dimensiones
2682 2560 2698 2586 ,
2728 2522 2823 2578 sed
2878 2522 3085 2578 ideirco
3135 2522 3404 2579 discretas
3455 2523 3733 2591 dicimus,
3769 2524 4044 2593 quoniam

779 2609 1043 2682 quaelibet
1071 2622 1260 2663 earum
1288 2620 1443 2659 suam
1482 2604 1747 2657 rationem
1780 2602 1965 2658 habet.

847 2703 936 2757 1V.
987 2702 1058 2756 At
1105 2700 1235 2769 quia
1274 2697 1558 2751 nonnullis
1598 2695 1825 2750 omnino
1871 2695 2099 2750 discreti
2145 2712 2348 2751 nomen

2540 2699 2758 2770 Ἐπειδὴ
2793 2700 2853 2755 δέ
2884 2718 3030 2766 τινες
3058 2704 3510 2773 δυσχεραίνουσιν
3543 2705 3680 2768 ὅλως
3712 2705 3808 2759 τοῦ
3846 2706 4047 2777 διωρι-

781 2796 975 2850 audire
1007 2793 1297 2846 molestum
1357 2798 1475 2852 est,
1527 2804 1650 2858 age,
1682 2786 1886 2841 omissa
1915 2788 2192 2842 solutione
2223 2789 2348 2852 hac,

2459 2790 2657 2860 σμένου
2681 2792 2998 2861 ἀκούοντες,
3035 2794 3171 2866 φέρε
3199 2796 3374 2868 αὐτὴν
3398 2798 3496 2867 τὴν
3524 2796 3678 2849 λύσιν
3699 2793 3760 2851 εὖ
3787 2796 4041 2867 ἔχουσαν

780 2887 1077 2957 czeteroqui
1109 2885 1270 2944 bona,
1316 2881 1675 2951 subjiciamus
1708 2880 1893 2933 aliam.
1940 2878 2238 2933 Sciendum
2263 2895 2356 2933 er-

2457 2883 2746 2949 ὲάσαντες,
2813 2884 2983 2955 ἀλλην
3038 2888 3437 2957 ἑπαγάγωμεν.
3517 2887 3718 2941 ’ἰστέον
3769 2884 3883 2950 οὖν,
3949 2889 4044 2942 ὅτι

780 2996 872 3050 go,
914 2978 1166 3049 pluribus
1227 2974 1405 3029 modis
1458 2988 1628 3026 unum
1683 2971 1829 3025 dici:
1888 2971 2091 3039 quippe
2149 2970 2353 3024 dicitur

2457 2971 2647 3041 ὥσπερ
2672 2973 2732 3026 τὸ
2762 2973 2822 3025 ἓν
2853 2974 3139 3043 πολλαχῶς
3165 2976 3456 3044 λεγόμενόν
3480 2977 3600 3029 ἐστι
3626 2993 3640 3007 ·
3682 2977 3897 3044 λέγεται
3919 2979 4044 3048 γὰρ

782 3084 954 3123 unum
998 3063 1251 3122 numero.
1289 3072 1350 3115 ιιι
1383 3061 1669 3116 Socrates:
1709 3066 1764 3113 et
1812 3074 1981 3111 unum
2036 3060 2238 3126 specie,
2293 3068 2352 3112 ut

2456 3062 2516 3115 ἓν
2548 3063 2625 3132 τῷ
2647 3062 2885 3134 ἀριθμῷ,
2921 3064 2998 3126 ὡς
3029 3067 3058 3118 ὁ
3082 3066 3377 3135 Σωκράτης
3402 3082 3416 3095 ⁸
3441 3067 3537 3120 καὶ
3569 3067 3628 3120 ἓν
3652 3067 3730 3137 τῷ
3771 3068 3924 3131 εῖδει,
3958 3070 4044 3131 ὡς

783 3158 982 3210 homo:
1017 3163 1073 3208 et
1129 3167 1298 3206 unum
1339 3165 1562 3220 genere,
1612 3156 1671 3201 ut
1718 3148 1939 3202 animal.
1982 3147 2245 3202 Similiter
2296 3157 2353 3202 et
2380 3167 2421 3224 (ς

2380 3167 2421 3224 c
2457 3151 2770 3221 ἄνθρωπος’
2806 3154 2899 3205 καὶ
2930 3151 2988 3204 ἓν
3016 3153 3094 3220 τῷ
3123 3155 3293 3221 γένει,
3325 3154 3401 3217 ὡς
3438 3155 3501 3208 τὺ
3532 3154 3693 3218 ζῶον.
3739 3156 3901 3209 Ἀλλά
3937 3158 4042 3210 καὶ

782 3246 896 3299 duo
923 3242 1174 3312 pluribus
1206 3240 1387 3293 modis
1425 3238 1768 3302 efferuntur;
1805 3252 1929 3290 nam
1953 3235 2214 3291 dicuntur
2240 3238 2351 3291 duo

2455 3244 2525 3296 τὰ
2555 3243 2649 3296 δύο
2675 3243 2876 3314 ὁμοίως
2903 3261 2916 3273 ·
2951 3245 3203 3313 λέγονται
3230 3247 3338 3316 γὰρ
3367 3246 3463 3299 δύο
3501 3246 3579 3316 τῷ
3624 3246 3867 3317 ἀριθμῷ,
3888 3248 3975 3310 ὡς
4012 3253 4044 3303 δ

785 3349 1038 3393 numero,
1076 3341 1137 3387 ut
1180 3331 1457 3391 Socrates,
1495 3339 1552 3383 et
1579 3329 1762 3382 Plato:
1819 3336 1875 3381 et
1908 3328 2091 3395 specie
2129 3327 2261 3389 duo,
2292 3335 2352 3380 ut

2457 3334 2755 3405 Σωκράτης
2775 3374 2791 3399 ,
2829 3336 2926 3388 καὶ
2953 3336 3178 3390 Πλάτων
3201 3355 3214 3369 ο
3259 3338 3355 3390 καὶ
3382 3337 3477 3391 δύο
3508 3337 3588 3408 τῷ
3629 3339 3793 3403 εῖδει,
3828 3339 3901 3401 ὡς
3940 3340 4045 3394 ἄν·

784 3429 949 3483 homo
1003 3434 1060 3479 ct
1103 3438 1308 3493 equus;
1342 3430 1399 3476 et
1424 3436 1626 3491 genere
1678 3419 1811 3480 duo,
1868 3428 1931 3474 ut
1959 3420 2265 3475 substantia
2296 3426 2354 3474 et

2458 3427 2678 3498 θρωπος
2707 3427 2803 3480 καὶ
2832 3427 2999 3489 ἵππος
3019 3444 3034 3459 ⁸
3060 3431 3156 3481 καὶ
3179 3428 3274 3483 δύο
3300 3429 3379 3500 τῷ
3405 3430 3590 3499 γένει,
3621 3431 3698 3493 ὡς
3738 3432 3895 3484 οὐσία
3928 3435 4040 3486 καὶ

783 3522 991 3576 album.
1023 3518 1120 3573 llis
1174 3517 1246 3571 ita
1299 3514 1639 3577 constitutis,
1689 3528 1815 3567 cum
1863 3512 1975 3566 duo
2019 3513 2088 3567 de
2131 3512 2353 3568 Christo

2457 3519 2691 3583 λευκὸΜ
2719 3519 2938 3572 Τούτων
2987 3514 3081 3573 οὖν
3118 3520 3292 3583 οὕτως
3338 3522 3595 3593 ἑχόντων,
3618 3524 3751 3577 ὅταν
3779 3523 4041 3592 σῐπωμεν

783 3612 1040 3667 dicimus.
1075 3625 1183 3662 non
1210 3621 1337 3660 eum
1367 3605 1478 3660 duo
1515 3605 1755 3657 dicimus
1806 3619 1927 3658 esse
1956 3619 2224 3666 numero,
2254 3603 2352 3657 sed

2458 3610 2528 3664 τὰ
2559 3611 2652 3663 δύο
2681 3611 2774 3663 ἐπὶ
2802 3610 2895 3664 τοῦ
2919 3612 3180 3683 Χριστοῦ,
3207 3614 3269 3667 οὐ
3298 3613 3378 3684 τῷ
3414 3614 3637 3685 ἀριθμῷ
3667 3616 3900 3686 λέγομεν
3926 3617 4041 3670 αύ-

784 3719 955 3756 unum
992 3714 1244 3759 numero,
1288 3696 1471 3766 specie
1505 3695 1637 3748 duo.
1662 3694 1818 3761 Quod
1869 3703 2052 3748 autem
2094 3694 2168 3748 ita
2201 3693 2353 3763 loqui

2458 3700 2550 3751 τὸν
2577 3700 2692 3764 δύο,
2724 3701 2839 3754 ἀλλ’
2859 3701 2957 3754 ἕνα
3003 3696 3101 3772 μὲν
3129 3702 3209 3772 τῷ
3244 3703 3485 3774 ἀριθμῷ,
3509 3705 3603 3758 δύο
3638 3706 3695 3758 δὲ
3744 3705 3825 3775 τῷ
3875 3705 4042 3760 εἴδει.

784 3792 1081 3864 possimus,
1108 3789 1273 3843 etiam
1318 3788 1437 3856 ipse
1497 3786 1744 3840 ostendit
1788 3785 2129 3847 Aristoteles,
2163 3796 2352 3854 aperte

2463 3791 2584 3844 Ὀτι
2610 3790 2669 3843 δὲ
2698 3792 2974 3861 δυνάμεθα
2996 3794 3172 3857 οὕτως
3195 3795 3395 3861 εἰπεῖν,
3420 3794 3575 3865 δηλοῖ
3594 3798 3686 3849 καὶ
3714 3798 3745 3849 ὀ
3787 3798 4044 3866 Ἀριστο-

742 3924 748 3931 .
786 3884 855 3937 de
904 3881 1131 3936 materie
1162 3895 1227 3933 ac
1257 3878 1430 3931 forma
1491 3876 1704 3939 dicens,
1733 3891 1852 3929 esse
1912 3876 2001 3928 illa
2035 3892 2204 3929 unum
2233 3876 2355 3945 qui-

2459 3879 2641 3949 τέλης,
2673 3884 2797 3951 περὶ
2829 3883 2925 3952 τῆς
2959 3881 3093 3945 ῦλης
3122 3883 3334 3936 καὶτοῦ
3365 3885 3539 3948 εἴδους
3570 3886 3822 3954 φανερῶς
3837 3889 4041 3953 εἰπὼν,

785 3975 910 4027 dem
961 3984 1226 4032 numero,
1276 3968 1372 4022 sed
1424 3968 1605 4035 specie
1650 3969 1779 4020 duo.
1825 3966 2071 4035 Itemque
2134 3976 2355 4021 sanctus

2459 3968 2541 4020 ὅτι
2578 3969 2749 4021 ταῦτα
2778 3970 2835 4022 ἓν
2871 3972 2969 4039 μέν
3019 3975 3126 4025 εἱσι
3158 3973 3236 4044 τῷ
3262 3975 3505 4045 ἀριθμῷ,
3525 3977 3619 4029 δύο
3656 3976 3713 4030 δέ
3749 3978 3831 4046 τῷ
3877 3979 4042 4033 εῖδει.

787 4065 877 4117 iile
901 4062 1220 4130 Gregorius,
1253 4059 1321 4113 de
1354 4057 1577 4111 Christo
1610 4058 1838 4110 dicens:
1878 4057 2124 4126 Utraque
2156 4067 2352 4111 natura

2475 4057 2534 4109 Ὀ
2574 4058 2628 4110 δὲ
2673 4059 2827 4126 ἅγιος
2871 4061 3201 4130 Γρηγὸριος,
3238 4063 3497 4132 περὶτοῦ
3540 4064 3781 4132 Χριστοῦ
3834 4065 4041 4131 λέγων,

787 4154 1064 4222 copulata,
1090 4164 1273 4204 unum
1314 4149 1447 4219 quid
1486 4159 1600 4214 est;
1632 4164 1739 4201 non
1781 4157 1962 4200 tamen
2015 4159 2233 4211 natura,
2258 4148 2352 4203 sed

2463 4148 2605 4201 ὥστε
2632 4149 2706 4201 Τὸ
2744 4151 3154 4219 συναμφότερον
3200 4152 3278 4218 ἓν,
3306 4154 3369 4205 ού
3409 4156 3475 4223 τῇ
3501 4154 3684 4221 φύσει,
3715 4158 3782 4223 τῇ
3810 4155 3871 4209 δὲ
3908 4173 4044 4209 συνο

786 4244 1044 4297 coitionc.
1079 4241 1281 4294 Verum
1330 4240 1421 4294 hic
1465 4254 1684 4293 rursum
1734 4237 1894 4291 nobis
1946 4236 2249 4306 objiciunt:
2298 4237 2351 4291 Si

2461 4238 2581 4306 ὁδῳ.
2606 4239 2746 4308 Πρὸς
2770 4240 2927 4293 τοῦτο
2944 4242 3105 4295 πάλιν
3129 4244 3497 4314 ἐπαποροῦσιν
3525 4245 3676 4314 ἡμῖν,
3694 4245 3915 4299 δτιῈπὶ
3940 4247 4041 4300 τοῦ

788 4348 956 4383 unum
1006 4339 1064 4383 et
1100 4328 1211 4382 duo
1238 4329 1307 4382 de
1363 4328 1557 4382 eodem
1606 4327 1813 4391 dicitis,
1855 4327 2353 4381 contradictionem

2462 4329 2629 4383 αὐτοῦ
2659 4329 2718 4382 τὸ
2739 4330 2797 4382 ἒν
2818 4331 3087 4398 λέγοντες,
3119 4333 3215 4384 καὶ
3239 4333 3309 4385 τὰ
3332 4332 3429 4386 δύο
3451 4334 3744 4404 ἀντίφασιν
3762 4338 4040 4403 εἱσάγετε·

789 4419 1179 4481 introducitis,
1221 4418 1470 4486 adeoque
1493 4418 1959 4486 deprehendetur,
1993 4418 2079 4472 vel
2114 4418 2168 4472 id
2208 4418 2354 4487 quod

2463 4421 2556 4472 καὶ
2608 4421 3026 4491 εὑρεθήσεταιῆ
3072 4421 3103 4474 ὃ
3136 4422 3357 4489 λέγετε.
3386 4423 3598 4492 ψευδὲς,
3658 4425 3691 4492 ἢ
3747 4424 4044 4490 ἀντί-ςασις

787 4510 988 4571 dicitis,
1040 4525 1161 4564 esse
1195 4509 1393 4563 falsum
1421 4550 1435 4574 ,
1473 4510 1562 4563 vel
1617 4508 2110 4563 contradictionem
2151 4512 2358 4580 pariter
2389 4506 2433 4559 D

2389 4506 2433 4559 D
2460 4510 2919 4578 συναληθεύευσα.
2958 4511 3100 4579 Πρὸς
3135 4511 3297 4564 τοῦτο
3350 4512 3609 4581 λέγομεν,
3641 4514 3724 4566 ὃτι
3776 4515 3842 4565 ού
3895 4516 4042 4568 κατά

788 4614 909 4653 esse
965 4614 1173 4653 veram.
1232 4598 1314 4652 Ad
1358 4599 1463 4651 hoc
1507 4597 1939 4665 respondemus,
1983 4614 2095 4652 non
2161 4599 2356 4654 eodem

2459 4601 2520 4652 τὸ
2572 4601 2705 4652 αὐτὸ
2762 4601 3018 4671 ἀληθεύει
3046 4617 3062 4634 ο
3120 4602 3259 4655 ἀλλὰ
3314 4604 3438 4656 κατ’
3508 4604 3672 4668 ἀλλο,
3730 4604 3875 4673 ὅπερ
3936 4607 4042 4658 οὐκ

788 4702 1046 4758 respectu
1094 4705 1283 4744 veram
1337 4703 1482 4752 esse,
1539 4688 1634 4742 sed
1662 4689 1921 4754 diverso;
1950 4688 2100 4758 quod
2132 4689 2359 4745 minime
2459 4689 2681 4742 ἄτοπον.

789 4779 1090 4832 :ilzsurdum
1118 4788 1223 4833 est.

861 4867 922 4920 ν.
952 4866 1250 4921 Sciendum
1275 4875 1460 4921 autem
1516 4869 1806 4924 universas
1834 4869 2178 4939 obiectiones
2196 4869 2361 4923 hasce

2545 4861 2738 4914 Ἰστέον
2771 4862 2826 4914 δὲ
2853 4901 2868 4926 ,
2894 4863 2974 4914 ὅτι
3012 4863 3183 4915 πᾶσαι
3214 4863 3268 4916 αἱ
3302 4862 3530 4932 ἀπορίαι
3573 4856 3738 4917 αῦται
3780 4863 3887 4915 οὐκ
3929 4865 4040 4917 εἰσὶ

787 4973 898 5011 non
925 4973 1045 5011 esse
1070 4958 1326 5026 proprias
1374 4957 1782 5026 Haesitantium,
1811 4960 1907 5014 sed
1946 4959 2093 5028 quod
2117 4974 2212 5013 eas
2256 4959 2362 5012 Ne-

2459 4952 2568 5004 τῶν
2599 4952 3027 5023 διακρινομένων
3058 4954 3204 5014 ἴδιαι,
3229 4952 3345 5007 ἁλλ’
3374 4954 3485 5007 ἀπὺ
3517 4953 3625 5006 τῶν
3650 4954 4040 5023 Νεστοριανῶν

789 5049 1050 5103 sterianis
1090 5049 1367 5114 sullurati,
1417 5050 1579 5103 nobis
1602 5059 1929 5119 proponant.
1967 5049 2102 5104 Nam
2128 5050 2205 5103 illi
2225 5049 2363 5103 duas

2460 5042 2778 5112 κλέψαντες,
2808 5043 3105 5114 ἀποροῦσιν
3134 5047 3268 5114 ἡμῖν
3294 5045 3488 5107 αὑτάς.
3532 5044 3764 5098 Ἐκεῖνοι
3804 5045 3921 5115 γὰρ
3944 5045 4040 5115 δύο

793 5154 1054 5206 νει-εοεαε
1097 5148 1153 5191 ct
1190 5138 1329 5192 duos
1362 5137 1615 5193 Christos
1672 5140 1943 5202 dicentes,
1990 5139 2362 5193 communiter

2462 5135 2731 5205 πρόσωπα
2758 5136 2854 5187 καὶ
2879 5136 2971 5188 δύο
3000 5137 3274 5205 Χριστοῦς
3294 5136 3633 5202 δοξάζοντες,
3665 5136 3867 5201 κοινῶς
3901 5139 4038 5208 πρὸς

792 5231 908 5284 lucc
936 5229 1213 5291 omnibus,
1274 5229 1410 5282 duas
1462 5239 1687 5285 naturas
1735 5230 1820 5283 vel
1871 5230 2072 5292 unitas,
2123 5231 2208 5284 vel
2242 5237 2363 5298 post

2462 5227 2670 5288 πάντας
2725 5228 2849 5288 τοὺς
2898 5225 3155 5293 λέγοντας
3188 5225 3282 5279 δύο
3318 5227 3532 5296 φύσεις,
3561 5229 3670 5280 εἴτε
3711 5228 4036 5293 ἑνωθείσας,

793 5320 1077 5381 unionem,
1112 5319 1507 5375 conﬁtentibus
1557 5321 1895 5392 objiciebant
1923 5339 1937 5374 :
1965 5323 2021 5376 Si
2074 5321 2212 5376 duas
2241 5336 2363 5375 esse

2461 5319 2571 5371 εἴτε
2621 5317 2759 5386 μετὰ
2806 5317 2906 5388 τὴν
2949 5318 3165 5379 ἕνωσιν.
3193 5318 3436 5389 ἠπόρουν
3482 5320 3693 5382 αὐτὰς,
3724 5320 3808 5374 δτι
3841 5320 3907 5373 El
3945 5320 4040 5372 δύο

794 5421 1017 5465 naturas
1043 5411 1249 5477 dicitis,
1283 5412 1450 5466 etiam
1492 5412 1631 5466 duas
1677 5428 1943 5482 personas
1989 5413 2359 5467 introducitis.

2463 5407 2653 5476 φύσεις
2677 5408 2886 5475 λέγετε,
2916 5410 3011 5462 καὶ
3046 5409 3140 5462 δύο
3176 5411 3447 5479 πρᾶσωπα
3494 5411 3770 5477 εἶσάγετε.
3819 5410 4038 5481 Ἀμέλει

791 5502 1000 5571 Nempe
1062 5501 1268 5556 idcirco
1340 5511 1396 5557 et
1465 5503 1764 5557 absurdum
1820 5504 1955 5557 illud
2022 5512 2128 5557 tam
2204 5504 2363 5556 nobis

2462 5499 2529 5552 δι’
2566 5499 2698 5551 αὐτὸ
2746 5500 2838 5552 καὶ
2878 5500 2941 5551 τὸ
2987 5500 3187 5553 ἄτοπον
3227 5501 3469 5570 συνήχθη
3508 5503 3643 5569 ἡμῖν
3693 5516 3755 5551 τε
3796 5502 3895 5553 καὶ
3927 5502 4040 5562 τοῖς

793 5606 956 5659 quam
976 5590 1370 5646 llarsitantibus
1394 5609 1492 5662 per
1522 5594 1622 5647 has
1669 5592 2013 5661 obiectiones
2045 5592 2358 5660 colligitur:

2461 5592 2896 5662 διακρινομένοις
2923 5593 2988 5644 ὲκ
3017 5591 3222 5646 τούτων
3241 5593 3349 5645 τῶν
3374 5592 3638 5664 ἀποριῶν.
3665 5590 3792 5653 Τοῖς
3831 5588 4036 5645 Νεστο-

795 5696 922 5736 cum
948 5683 1086 5737 nihil
1135 5684 1240 5736 tale
1293 5682 1638 5736 Nestorianis
1676 5681 1907 5739 accidat.
1959 5681 2051 5735 sed
2082 5696 2113 5733 c
2140 5680 2362 5732 diverso

2468 5684 2671 5752 ριανοῖς
2695 5682 2751 5735 δὲ
2779 5682 2964 5736 οὐκέτι
2987 5682 3049 5735 τὸ
3076 5685 3263 5751 ὅμοιον
3294 5682 3557 5748 συνάγετε
3582 5698 3595 5712 ·
3626 5680 3764 5734 ἀλλά
3789 5682 3889 5734 καὶ
3914 5679 4036 5732 τοῦ-

801 5771 1047 5846 ἱρεοηιιη
1098 5773 1392 5835 sententia,
1445 5775 1589 5843 quod
1654 5774 1769 5826 ha‘e
1818 5773 2034 5837 attinet,
2068 5771 2361 5825 conﬁrmc-
2410 5790 2417 5795 ’
2466 5791 2467 5799 η

2410 5790 2417 5795 ⁸
2466 5770 2679 5825 ναν-δεον
2737 5772 3074 5842 ἰσχυρίζεται
3131 5772 3197 5825 τὰ
3257 5770 3436 5824 αὐτῶν
3481 5773 3606 5824 ὅσον
3653 5770 3763 5824 ἀπὸ
3808 5772 4035 5823 τούτων.
