4218 6444
262 442 415 514 1245

1445 427 1540 486 DE
1581 425 1858 486 SECTIS.
1897 453 1962 462 -
2009 430 2168 489 AC1”.
2210 429 2341 491 VII.

3373 420 3508 488 1246

275 555 572 625 ’Δπυροῦτι
619 551 672 605 όὲ
720 550 848 618 ἡμῖν
902 546 994 598 καὶ
1037 543 1197 608 ἄλλην
1248 539 1370 590 τινὰ
1421 539 1676 606 ἀπορίαν,
1713 536 1834 602 ἣτις

1871 539 1906 592 Α
1940 546 2045 588 tur.
2096 537 2376 606 Objieiunt
2437 538 2596 590 nobis
2642 545 2698 590 et
2739 535 2906 589 aliam
2957 533 3354 596 difﬁcultatem,
3387 551 3508 604 quae

264 650 377 701 ιδία
423 624 534 715 ίμὲν
579 641 758 694 αὐτῶν
821 641 988 698 ἐστιν,
1016 635 1095 694 sl;
1134 626 1512 700 Νεστοριανῶν
1559 627 1612 679 δὲ
1660 624 1834 691 δόγμα

265 730 834 805 καταλήγει.“Επειδὴ
871 726 980 797 γὰρ
1037 725 1186 790 λέγει
1227 721 1365 791 πρὸς
1417 719 1612 779 αὐτοὺς
1648 719 1680 785 ἠ
1722 718 1836 767 Ἐκ-

268 826 594 895 κ).τ,σιά,ὅτι
621 823 682 874 Εἰ
711 821 897 887 λέγετε
922 815 1208 883 ἁσύγχυτα
1237 812 1304 863 τὰ
1337 807 1630 869 ὲνωΘέντα,
1664 806 1756 857 καὶ
1777 805 1833 854 τὸ

265 918 370 986 μὲν
399 913 662 982 παθητὸν,
689 911 748 964 τδ
785 910 841 962 δὲ
872 905 1102 967 ἀπαθὲς,
1133 905 1226 955 καὶ
1274 900 1491 970 ὁρατὸν,
1524 898 1617 948 καὶ
1667 897 1836 963 ἀόρα-

261 1023 382 1067 τον,
412 1005 505 1056 καὶ
543 1002 937 1072 περιγραπτον,
976 997 1070 1049 καὶ
1094 993 1543 1061 ἀπερίγραπτον,
1579 986 1672 1038 καὶ
1706 986 1834 1051 θνη-

261 1096 382 1156 τὸν,
405 1095 498 1144 καὶ
526 1093 815 1150 ἀθάνατον,
849 1087 940 1140 καὶ
969 1087 1066 1137 ὅσα
1093 1081 1319 1135 τοιαῦτα
1339 1122 1352 1140 ,
1384 1078 1442 1142 ἐξ
1472 1077 1716 1154 ἀνάγκης
1745 1073 1838 1125 δύο

262 1183 458 1250 φύσεις
481 1181 730 1246 εἰσάγετε
757 1195 769 1206 ·
813 1177 1155 1241 ἀντιλέγουσι
1184 1171 1323 1239 πρὸς
1352 1167 1548 1228 ταῦτα,
1575 1168 1656 1218 ὃτι
1687 1164 1837 1216 οὐδὲν

263 1276 490 1332 ἄτοπον,
526 1273 620 1322 καὶ
673 1270 954 1337 ἁσύγχυτα
1016 1261 1351 1332 ὁμολογῆσαι
1407 1258 1474 1308 τὰ
1532 1254 1833 1308 ἑνωθέντα”

262 1363 363 1416 καὶ
406 1365 464 1415 τὸ
503 1364 600 1430 μὲν
626 1359 884 1426 παθητὸν,
917 1357 976 1408 τὸ
1009 1356 1064 1408 δὲ
1099 1352 1330 1414 ἀπαθὲς,
1367 1349 1460 1402 καὶ
1499 1347 1625 1415 μίαν
1673 1343 1837 1412 φύσιν

264 1457 361 1507 ἐπὶ
390 1454 566 1505 αὐτῶν
597 1469 612 1482 ο
655 1451 749 1504 καὶ
779 1451 962 1502 λοιπὸν
995 1444 1372 1515 παραφέρουσι
1405 1442 1540 1510 πρὸς
1567 1439 1749 1490 πίστιν
1777 1436 1839 1487 τὸ

265 1547 619 1615 παράδειγμα
671 1542 763 1594 τοῦ
810 1539 1118 1609 ἀνθρώπου.
1186 1535 1318 1588 Ἰδοὺ
1371 1534 1501 1600 γὰρ,
1560 1534 1758 1599 φασὶν,
1802 1532 1833 1598 ἡ

263 1636 414 1702 εξυχὴ
449 1635 539 1684 καὶ
567 1633 629 1683 τὸ
652 1631 808 1698 σῶμα
832 1626 1155 1694 ἀσυγχύεως
1178 1624 1360 1693 ἠνώϐη
1392 1623 1482 1672 ἐπὶ
1514 1619 1606 1672 τοῦ
1630 1617 1837 1686 ἀνθρώ·

267 1741 396 1776 που.
433 1725 540 1776 Καὶ
563 1723 624 1774 τὸ
658 1722 757 1789 μὲν
781 1720 992 1789 ὁρατὸν,
1022 1718 1080 1769 τὸ
1108 1718 1164 1769 δὲ
1193 1717 1424 1783 ἀόρατον
1446 1729 1457 1741 ·
1492 1711 1584 1763 καὶ
1621 1709 1834 1778 θνητὸν,

266 1815 363 1866 καὶ
413 1813 698 1871 ἀθάνατον,
729 1813 821 1862 καὶ
869 1809 936 1861 τὰ
984 1807 1149 1860 ἄλλα·
1203 1806 1296 1856 καὶ
1323 1805 1469 1870 ὅμως
1505 1803 1566 1852 οὐ
1605 1800 1837 1866 λέγομεν

264 1905 363 1956 δύο
415 1905 626 1972 φύσεις,
657 1903 792 1954 ἀλλὰ
840 1900 968 1968 μίαν
1003 1899 1162 1965 φύσιν
1207 1894 1300 1946 τοῦ
1345 1890 1656 1962 ἀνθρώπου.
1692 1888 1837 1955 Πρὸς

262 1995 439 2047 ταῦτα
484 1995 644 2045 πάλιν
692 1993 942 2057 λέγουσιν
975 1990 1022 2040 οἱ
1064 1987 1171 2038 ἀπὸ
1213 1985 1314 2052 τῆς
1359 1979 1704 2044 συνόδου,ὅτι
1739 1977 1834 2029 ⁸ον

262 2086 468 2153 τρόπον
499 2084 686 2150 λέγετε
721 2079 988 2142 σώζεσθαι
1021 2079 1112 2129 ἐπὶ
1142 2076 1234 2128 τοῦ
1282 2072 1573 2143 ανθρώπου
1599 2075 1666 2122 τα
1706 2071 1835 2120 ἑνω-

263 2176 428 2228 θέντα
483 2177 620 2244 μετὰ
672 2175 772 2242 τὴν
815 2171 1030 2233 ἕνωσιν,
1064 2167 1157 2220 καὶ
1200 2168 1260 2218 τὸ
1297 2167 1393 2234 μὲν
1427 2161 1655 2230 θνητὸν,
1689 2161 1750 2212 τὸ
1777 2159 1836 2210 δὲ

266 2267 366 2319 καὶ
392 2265 684 2328 ἀθάνατον,
719 2263 811 2315 καὶ
841 2262 1005 2314 τᾶλλα
1039 2259 1216 2311 πάντα
1249 2271 1262 2285 ⁸
1301 2254 1444 2308 οὕτω
1472 2254 1702 2321 λέγομεν
1745 2250 1838 2302 ἐπὶ

261 2347 362 2410 τοῧ
415 2357 648 2425 Χριστοῦ
689 2371 702 2384 ·
752 2353 923 2408 ταῦτα
975 2353 1032 2404 δὲ
1089 2350 1266 2403 πάντα
1326 2349 1419 2401 δύο
1468 2345 1682 2416 φύσεώς
1729 2344 1836 2395 εισι

262 2446 624 2512 γνωριστικᾶ..

339 2716 482 2786 Πρὸς
509 2714 679 2768 ταῦτα
709 2715 761 2765 οἱ
792 2711 889 2782 μὲν
909 2712 1016 2762 ἀπὸ
1046 2705 1276 2762 Γαῖανοῦ
1309 2706 1464 2760 οὐδὲν
1494 2705 1839 2776 εὑρίσκουσιν

267 2812 466 2862 εἰπεῖν.
506 2804 928 2875 Ὀμολογοῦντες
976 2801 1087 2871 γὰρ
1113 2801 1396 2868 ἁσύγχυτα
1440 2792 1580 2849 εἶναι
1608 2796 1678 2848 τὰ
1707 2797 1839 2847 ἑνω-

265 2900 454 2959 θέντα,
493 2899 596 2950 οὐκ
643 2899 924 2964 ἀνέχονται
975 2894 1126 2955 ὅλως.
1158 2891 1280 2944 οὐδὲ
1327 2887 1592 2958 διαφορὰν
1641 2889 1837 2949 εἰπεῖν,

267 2989 378 3042 οὐδ’
425 2988 560 3049 ὅλως
596 2986 650 3040 τὸ
669 2986 762 3039 δύο
788 2984 1088 3053 ὀνομάσαι,
1123 2981 1240 3036 ἀλλ’
1281 2980 1338 3032 ἓν
1372 2997 1423 3032 τι
1465 2979 1534 3031 τὰ
1572 2978 1842 3030 ένωθέντα

269 3078 412 3147 μετὰ
448 3077 544 3145 τὴν
583 3077 776 3128 ἕνωσιν
813 3075 1083 3142 λέγουσιν.
1129 3072 1190 3124 Οἱ
1215 3071 1272 3122 δὲ
1311 3069 1653 3121 Θεοδοσιανοὶ
1676 3107 1692 3130 ,
1724 3069 1840 3137 ἤτοι

265 3171 378 3223 ἀπὸ
409 3171 672 3238 Σεεήρύ,
709 3168 1011 3236 εὑρήκασιν
1037 3164 1250 3225 ἑαυτοῖς
1273 3160 1570 3227 ἀπολογίαν
1589 3199 1604 3220 ,
1632 3159 1726 3210 καὶ
1753 3159 1841 3210 λέ-

264 3278 472 3329 γουσιν,
491 3261 568 3310 ὅτι
586 3259 774 3326 Ἡμεῖς
795 3253 1163 3323 ὁμολογοῦμεν
1182 3252 1412 3320 διάφορα
1431 3245 1569 3302 εἶναι
1593 3249 1658 3302 τὰ
1679 3248 1842 3316 μέρη,

264 3351 413 3402 τὸδὲ
455 3348 800 3416 ἀποτέλεσμα
830 3345 911 3399 ἓν,
950 3346 1161 3413 Ὠσπερ
1214 3338 1308 3393 οὖν
1355 3341 1450 3392 καὶ
1481 3341 1572 3391 ἐπὶ
1620 3338 1712 3391 τοῦ
1749 3340 1844 3390 ἁν-

263 3443 488 3510 θρώπου
541 3439 774 3506 διαιρορά
817 3438 924 3488 εισι
973 3437 1041 3486 τὰ
1099 3432 1318 3502 μέρη,ἥ
1353 3448 1411 3482 τε
1462 3430 1610 3500 ψυχὴ
1649 3431 1743 3483 καὶ
1785 3430 1845 3480 τὸ

265 3535 451 3602 σῶμα,
501 3531 564 3584 τὸ
602 3531 657 3584 δὲ
696 3530 1044 3596 ἀποτέλεσμα
1089 3526 1167 3578 ἓν.
1212 3525 1501 3578 Βούλονται
1541 3523 1650 3591 γὰρ
1703 3521 1842 3574 κατὰ

263 3624 448 3674 πάντα
496 3617 864 3689 μεθαρμόζειν
911 3617 974 3668 τὸ
1027 3614 1380 3683 παράδειγμα
1425 3611 1520 3664 τοῦ
1553 3609 1841 3679 ἀνθρώπου

263 3711 361 3764 ἐπὶ
401 3709 496 3761 τοῦ
544 3706 812 3777 Χριστοῖν
855 3702 975 3759 εἷτα
1007 3705 1195 3769 ἐπειδὴ
1231 3701 1556 3774 συνῄσθοντο
1615 3701 1842 3764 ἑαυτοὺς

263 3804 347 3863 εἰς
371 3801 433 3853 τὺ
465 3800 641 3867 δόγμα
667 3799 766 3867 τῆς
796 3798 1015 3850 συνόδου
1063 3797 1423 3863 ἐμπεσόντας,
1451 3793 1543 3846 ἐπὶ
1572 3793 1759 3862 ἔτερόν
1788 3809 1840 3844 τι

266 3889 700 3962 μεταϐιόάζουσι
730 3889 824 3940 τὸν
877 3888 1054 3954 λόγον,
1090 3887 1182 3939 καί
1212 3903 1396 3954 φασιν,
1425 3885 1507 3938 ὃτι
1540 3883 1840 3954 Διαφόρους

264 3981 459 4048 φύσεις
483 3979 664 4048 φαμὲν
686 3980 846 4047 ἡμεῖς
875 3976 982 4028 τῶν
1015 3977 1198 4046 μερῶν
1218 3992 1232 4005 ο
1264 3975 1359 4028 τοῦ
1387 3975 1443 4027 δὲ
1465 3973 1841 4037 ἀποτελέσμαο

263 4092 359 4136 τος
381 4116 395 4137 ,
431 4075 581 4142 μίαν.
612 4074 692 4143 Τῇ
740 4075 920 4140 μέντοι
952 4069 1151 4137 συνόδῳ
1176 4069 1305 4138 περὶ
1340 4066 1434 4120 τοῦ
1462 4066 1837 4134 ἀποτελέσμα-

261 4181 359 4225 τος
411 4160 478 4234 ἦν
517 4165 546 4215 ό
587 4162 767 4228 λόγος.
811 4161 953 4229 Πρὸς
1001 4159 1094 4222 οὓς
1125 4159 1357 4228 λέγομεν
1381 4199 1395 4221 ,
1427 4159 1511 4210 ὅτι
1539 4157 1835 4209 Ψεύδεσῢε.

263 4253 375 4308 Ἦν
389 4256 496 4324 γὰρ
523 4255 652 4324 περὶ
679 4252 775 4306 τοῦ
797 4251 1239 4320 ἀποτελέσματος
1265 4251 1361 4319 οὐχ
1384 4253 1413 4302 6
1442 4249 1602 4317 λόγος
1619 4253 1684 4318 τῇ
1714 4265 1838 4300 συν-

263 4345 391 4413 όδῳ,
441 4342 578 4395 ἀλλὰ
631 4339 896 4410 περὶτῶν
945 4339 1125 4408 μερῶν
1158 4353 1172 4367 ⁸
1211 4338 1305 4390 καὶ
1337 4337 1496 4390 τοῦτο
1539 4337 1701 4406 δῆλον
1733 4337 1839 4388 ἀπὸ

263 4434 481 4488 πολλῶν
527 4434 664 4484 ἐστι.
695 4430 919 4500 Πρῶτον
963 4430 1070 4481 ἀπὸ
1107 4429 1215 4478 τῶν
1254 4428 1568 4481 Γαῖανιτῶν.
1616 4428 1838 4479 Ἐκεῖνοι

1943 629 2291 694 peculiariter
2334 629 2578 695 ipsorum
2645 627 2865 696 quidem
2901 637 3022 688 est;
3057 625 3151 676 sed
3206 625 3260 676 in
3313 625 3509 680 Nesto-

1943 717 2221 769 riauorum
2249 716 2441 786 dogma
2472 717 2696 770 desinit.
2746 716 2881 771 Cum
2923 715 3072 770 enim
3113 714 3182 766 ad
3229 714 3375 782 ipsos
3430 715 3506 767 ait

1941 808 2208 868 Ecclesia,
2238 809 2281 860 si
2319 809 2468 861 unita
2504 808 2688 861 dicant
2722 808 3030 870 inconfusa,
3079 815 3134 860 et
3184 819 3355 858 unum
3381 819 3508 873 pas-

1942 899 2123 961 sibile,
2181 900 2414 952 alterum
2455 901 2728 968 passionis
2776 913 3003 967 expers;
3043 915 3212 952 unum
3260 907 3513 967 aspecta-

1943 990 2075 1049 bile.
2107 991 2338 1042 alterum
2363 991 2786 1058 inaspectabile;
2815 1005 2985 1044 unum
3005 991 3511 1059 circumscriptum,

1943 1081 2171 1134 alterum
2240 1096 2349 1133 non
2405 1081 2917 1150 circumscriptum;
2993 1097 3163 1135 unum
3242 1083 3512 1145 mortale,

1943 1172 2172 1222 alterum
2204 1171 2543 1225 immortale:
2579 1186 2812 1238 quaeque
2841 1172 2947 1225 alia
2991 1187 3119 1226 sunt
3154 1173 3473 1243 hujusmodi
3495 1211 3511 1239 ,

1942 1260 2078 1314 duas
2105 1261 2418 1314 necessario
2445 1269 2672 1314 naturas
2701 1277 2798 1314 eos
2843 1262 3229 1316 introducere:
3283 1277 3512 1331 respon-

1942 1350 2073 1404 dent
2104 1351 2179 1403 illi
2207 1351 2446 1403 vicissim
2501 1351 2706 1404 nullam
2739 1350 3140 1404 absurditatem
3167 1366 3290 1406 esse
3326 1353 3516 1406 incon-

1943 1442 2063 1496 fusa
2114 1441 2362 1495 conﬁteri
2412 1443 2587 1503 unita,
2616 1443 2901 1512 nihiloque
2935 1444 3120 1496 minus
3169 1459 3338 1498 unum
3384 1460 3513 1514 pas-

1943 1532 2124 1593 sibile,
2161 1533 2393 1586 alterum
2446 1533 2717 1599 passionis
2746 1548 2978 1600 expers;
3032 1543 3088 1586 et
3119 1549 3282 1588 unam
3321 1534 3376 1586 in
3434 1535 3516 1588 eis

1943 1633 2228 1676 naturam:
2277 1623 2425 1692 quod
2479 1623 2558 1676 uti
2607 1623 2861 1692 probent,
2912 1624 3152 1678 hominis
3202 1625 3514 1694 exemplum

1944 1713 2251 1781 proferunt.
2299 1714 2401 1778 En,
2459 1715 2737 1784 inquiunt,
2791 1729 2995 1784 corpus
3039 1722 3096 1768 et
3149 1715 3330 1767 anima
3374 1715 3515 1769 citra

1944 1802 2320 1856 confusionem
2369 1805 2425 1856 in
2485 1805 2707 1858 homine
2740 1806 2894 1858 unita
2950 1812 3100 1867 sunt,
3155 1820 3324 1858 unum
3367 1821 3518 1874 τερος

1871 1883 2157 1954 Bctabile,
2208 1894 2442 1946 alterum
2514 1894 2942 1962 inaspectabile;
3009 1909 3181 1948 unum
3243 1895 3514 1958 mortale,

1938 1983 2172 2037 alterum
2206 1983 2545 2050 immortale;
2573 1986 2790 2054 aliaque
2820 1986 2947 2039 talia
2992 2001 3008 2038 :
3063 2001 3171 2039 non
3202 1996 3383 2040 tamen
3418 2002 3516 2041 na-

1939 2073 2246 2126 turasduas
2294 2073 2557 2136 dicimus,
2593 2073 2689 2127 sed
2741 2089 2905 2127 unam
2959 2075 3201 2129 hominis
3235 2083 3510 2130 naturam-

1937 2163 2017 2218 Ad
2040 2180 2102 2217 ea
2133 2165 2324 2235 synodi
2347 2173 2648 2219 sectatores
2669 2163 2913 2218 vicissim
2943 2164 3300 2234 respondent,
3325 2181 3518 2235 quem-

1940 2256 2236 2308 admodum
2281 2255 2385 2325 ipsi
2423 2256 2602 2310 salvas
2639 2271 2761 2310 esse
2819 2272 2910 2311 res
2961 2256 3016 2309 in
3059 2252 3281 2311 homine
3311 2258 3515 2318 unitas.

1940 2357 2061 2416 post
2107 2347 2367 2400 unionem
2422 2347 2646 2412 factam,
2694 2347 2913 2410 dicant,
2985 2348 3283 2416 nihiloque
3330 2350 3517 2403 minus

1943 2454 2108 2490 unum
2158 2452 2280 2491 esse
2334 2439 2585 2501 mortale,
2618 2439 2858 2492 alterum
2924 2437 3255 2500 immortale,
3303 2437 3518 2506 aliaque

1939 2528 2157 2592 omnia,
2196 2529 2274 2582 sic
2309 2527 2376 2582 de
2425 2525 2731 2581 Christose
2781 2542 3001 2596 quoque
3049 2527 3236 2596 loqui;
3292 2535 3348 2582 at
3399 2528 3516 2582 htBC

1940 2617 2124 2671 omnia
2145 2615 2382 2670 duarum
2407 2623 2734 2670 naturarum
2771 2632 2895 2670 esse
2920 2615 3143 2670 indicia.

2010 2708 2098 2762 Vl.
2129 2707 2275 2762 Nihil
2319 2707 2386 2761 ad
2419 2707 2536 2761 haec
2570 2706 2832 2760 GaianiLe
2862 2706 3008 2774 quod
3036 2705 3242 2767 dicant.
3277 2705 3514 2761 habent.

1940 2797 2075 2852 Cum
2130 2798 2277 2852 enim
2334 2797 2489 2852 unita
2525 2796 2806 2850 fateantur
2850 2796 3159 2860 inconfusa,
3190 2797 3417 2850 omnino
3447 2813 3518 2852 ne

1943 2888 2240 2943 discrimen
2275 2889 2498 2959 quidem
2552 2889 2772 2958 aliquod
2816 2888 3001 2942 dicere
3059 2889 3354 2955 sustinent,
3390 2890 3518 2943 nul-

1943 2979 2064 3032 love
2114 2979 2276 3034 modo
2328 2981 2496 3033 duum
2525 2995 2712 3033 vocem
2775 2978 3115 3034 admittere:
3183 2980 3276 3034 sed
3347 2995 3517 3035 unum

1945 3070 2204 3140 quiddam
2269 3072 2444 3133 unita,
2487 3080 2608 3139 post
2657 3070 2940 3133 unionem,
2989 3070 3128 3125 facta
3192 3071 3404 3126 dicunt.
3449 3072 3520 3126 At

1947 3161 2335 3226 Theodosiani,
2374 3163 2459 3215 vel
2487 3163 2583 3231 qui
2614 3178 2642 3215 a
2674 3162 2877 3217 Severo
2901 3173 3050 3225 sunt,
3088 3163 3517 3218 satisfactionem

1945 3253 2049 3307 sibi
2076 3254 2365 3322 quamdam
2394 3255 2745 3318 invenerunt,
2775 3270 2944 3324 seque
2973 3255 3167 3308 dicunt
3194 3255 3354 3309 fateri
3393 3271 3520 3325 par—

1947 3353 2030 3399 tes
2059 3361 2179 3400 esse
2213 3346 2483 3410 diversas,
2521 3357 2576 3401 at
2611 3361 2780 3400 unum
2821 3346 3118 3400 edectum:
3154 3346 3516 3416 quemadmo-

1945 3436 2074 3490 dum
2114 3447 2169 3491 et
2201 3439 2255 3491 in
2287 3439 2508 3492 homine
2569 3447 2756 3509 partes
2797 3438 3027 3493 diversae
3074 3439 3208 3497 sint.
3235 3439 3416 3492 anima
3462 3447 3522 3492 et

1943 3544 2165 3598 corpus,
2197 3540 2252 3583 at
2275 3547 2445 3584 unum
2475 3529 2756 3585 effectum.
2780 3530 2914 3584 Nam
2944 3546 3042 3599 per
3071 3531 3254 3583 omnia
3280 3529 3519 3584 hominis

1942 3622 2249 3690 exemplum
2264 3623 2328 3675 ad
2349 3622 2626 3677 Christum
2644 3622 3059 3678 accommodare
3076 3623 3268 3676 volunt
3285 3639 3298 3674 :
3318 3621 3517 3675 deinde

1941 3723 2116 3767 semet
2142 3713 2645 3768 animadvertentes
2676 3715 2730 3768 in
2758 3713 2951 3786 synodi
2983 3713 3178 3782 dogma
3209 3712 3516 3782 prolapsos,

1941 3804 2008 3859 ad
2032 3804 2179 3858 aliud
2203 3805 2506 3859 orationem
2559 3805 2917 3866 transferunt,
2955 3819 3123 3871 seque
3152 3802 3396 3856 diversas
3433 3800 3522 3854 di-

1941 3909 2067 3947 cere
2092 3895 2327 3962 partium
2358 3905 2583 3948 naturas
2605 3896 2780 3957 aiunt,
2805 3893 2985 3947 effecti
3013 3908 3175 3945 unam
3209 3910 3222 3945 :
3248 3907 3374 3948 cum
3401 3907 3522 3962 syn-

1942 3984 2080 4036 odus
2103 3984 2170 4036 de
2195 3983 2394 4037 effecto
2433 3985 2616 4037 locuta
2659 3984 2754 4038 sit.
2781 3983 2891 4036 Nos
2927 3991 3110 4036 autem
3129 3981 3522 4051 respondemus

1939 4091 2047 4128 eos.
2065 4075 2309 4128 mentiri.
2347 4075 2465 4128 Non
2497 4075 2643 4127 enim
2672 4075 2914 4144 synodus
2943 4073 3010 4126 de
3035 4073 3234 4127 etlecto
3253 4073 3520 4141 loqueba-

1943 4174 2052 4226 tur,
2081 4167 2174 4219 sed
2209 4166 2276 4218 de
2331 4166 2584 4234 partibus
2616 4182 2629 4218 :
2659 4165 2805 4234 quod
2858 4165 3082 4234 quidem
3134 4179 3199 4216 ex
3263 4163 3519 4233 pluribus

1940 4267 2170 4311 constat.
2201 4258 2443 4311 Primum
2482 4255 2724 4310 indicant
2760 4255 2865 4308 hoc
2909 4256 3012 4324 ipsi
3046 4253 3331 4308 Gaianitze.
3383 4253 3516 4307 Nam

1940 4349 2225 4416 antiquum
2261 4348 2334 4400 illi
2370 4347 2565 4414 dogma
2600 4347 2928 4409 retinentes,
2967 4346 3037 4399 ita
3069 4361 3220 4399 nunc
3249 4348 3516 4417 synodum

1941 4451 2277 4509 oppugnant.
2319 4440 2475 4507 quasi
2507 4455 2627 4506 quae
2656 4447 2841 4506 partes
2871 4438 3006 4490 duas
3031 4438 3178 4491 dicat
3210 4460 3222 4492 ;
3259 4455 3383 4492 eum
3415 4437 3516 4506 ipsi

261 4527 377 4594 γὰρ
398 4525 460 4576 τὸ
499 4525 723 4592 ἀρχαῖον
747 4521 923 4589 δόγμα
967 4518 1352 4586 φυλάττοντες,
1399 4518 1541 4570 οὓτω
1578 4519 1840 4586 μάχονται

1874 4546 1914 4602 ο
1947 4538 2068 4599 post
2097 4530 2354 4581 unionem
2392 4537 2576 4596 partes
2609 4543 2826 4594 quoque
2852 4527 3025 4579 velint
3058 4541 3225 4578 lttlltlll
3256 4524 3516 4592 quiddam

263 4619 362 4672 νῦν
392 4617 458 4685 τῇ
495 4613 720 4678 συνόδῳ,
747 4612 821 4674 ὡς
843 4610 939 4662 δύο
960 4609 1194 4679 λεγούσῃ
1226 4608 1296 4660 τὰ
1326 4609 1468 4678 μέρη
1500 4625 1515 4639 ο
1551 4610 1706 4661 αὐτοὶ
1735 4611 1841 4679 γὰρ

263 4711 364 4761 καὶ
400 4709 467 4760 τὰ.
500 4706 640 4776 μέρη
668 4704 728 4755 ἓν
760 4721 812 4755 τι
842 4702 1125 4770 βούλονται
1158 4696 1294 4753 εἶναι
1325 4701 1464 4768 μετὰ
1494 4699 1593 4768 τὴν
1622 4700 1840 4753 ἕνωσιν.

273 4799 421 4851 Ἀλλ’
456 4797 585 4858 ἴσως
615 4796 833 4862 λέγουσι
879 4794 1016 4861 πρὸς
1065 4791 1226 4843 τοῦτο
1253 4792 1305 4842 οἱ
1345 4790 1682 4842 Θεοδοσιανοὶ
1706 4831 1720 4854 ,
1761 4791 1843 4842 δτι

263 4889 387 4958 οὐχι
411 4905 426 4918 ·
473 4887 534 4938 οὐ
573 4885 682 4954 γὰρ
715 4885 766 4935 οἱ
808 4883 847 4934 Γ
849 4883 1087 4936 αῖανίται
1121 4884 1261 4934 εἰσιν
1289 4882 1340 4933 οἱ
1383 4880 1744 4948 φυλάττοντες
1783 4881 1844 4932 τὸ

262 4982 494 5048 ἀρχαῖον
545 4977 740 5045 δόγμα,
792 4973 931 5028 ἀλλὰ
982 4973 1182 5043 μᾶλλον
1229 4973 1412 5043 ἡμεῖς.
1482 4972 1640 5026 Ἀλλὰ
1683 4973 1843 5025 πάλιν

263 5071 402 5139 πρὸς
429 5069 586 5120 τοῦτο
608 5067 858 5135 λέγομεν,
883 5065 965 5118 ὅτι
987 5065 1048 5117 Εἰ
1071 5065 1166 5117 καὶ
1195 5064 1268 5134 μὴ
1292 5064 1400 5116 ἀπὸ
1417 5063 1524 5116 τῶν
1546 5064 1842 5116 Γαῖανιτῶν

264 5155 558 5208 moto-3:0:
588 5154 767 5219 τοῦτο,
801 5153 915 5206 ἀλλ’
945 5150 1038 5207 οὖν
1071 5153 1181 5205 ἀπὸ
1212 5154 1321 5205 τῶν
1340 5154 1653 5222 Ἀκεφάλων
1685 5156 1843 5220 ἀνάγ-

263 5266 337 5316 κη
395 5247 541 5314 ὑμᾶς
577 5244 735 5296 τοῦτο
784 5243 1184 5297 πιστώσασθαι.
1229 5245 1456 5297 Ἐκεῖνοι
1487 5245 1594 5314 γὰρ
1629 5246 1844 5314 ἀρχαιό-

263 5353 420 5406 τεροι
449 5336 604 5406 ὑμῶν
632 5337 725 5388 καὶ
755 5335 866 5387 τῶν
892 5336 931 5386 Γ
934 5335 1191 5388 αἰανιτῶν
1224 5337 1475 5403 φανερῶς
1500 5336 1672 5399 ὄντες,
1703 5337 1844 5389 οὕτω

269 5431 537 5498 μάχονται
567 5431 633 5498 τῇ
666 5429 890 5499 συνόδῳ,
916 5430 990 5492 ὡς
1009 5429 1103 5483 δύο
1126 5429 1358 5500 λεγούσῃ
1379 5431 1443 5482 τὰ
1472 5432 1634 5500 μέρη.
1657 5432 1846 5483 Ἐπει-

264 5537 337 5571 τα
373 5520 468 5570 καὶ
502 5519 609 5570 ἀπὸ
652 5518 925 5588 Εὖτυχοῦς
953 5519 1294 5587 πιποὺμεθα
1346 5519 1520 5572 τοῦτο.
1555 5519 1697 5588 Πρὸς
1737 5523 1844 5591 γὰρ

264 5609 363 5660 τὸν
386 5609 600 5679 Εὐτυχῆ
631 5612 865 5663 ἐποιεῖτο
895 5611 997 5664 τὸν
1027 5609 1185 5678 λόγον
1207 5613 1240 5680 ἡ
1275 5609 1508 5670 σύνοδος,
1541 5612 1688 5673 ὅστις
1716 5615 1844 5680 περὶ

263 5698 380 5751 τῶν
428 5699 613 5769 μερῶν
647 5701 980 5772 ὴμψισόήτει
1007 5742 1020 5766 ,
1061 5703 1136 5773 μὴ
1183 5702 1356 5766 λέγων
1391 5703 1518 5770 ὑμῖν
1561 5702 1845 5770 ὁμοοὺσιον

265 5786 414 5843 εἷναι
451 5790 512 5842 τὺ
555 5790 731 5861 σῶμα.
779 5792 867 5854 Ὠς
897 5787 988 5846 οὖν
1019 5792 1154 5863 πρὸς
1185 5793 1387 5844 ἐκεῖνον
1437 5792 1730 5870 τοιουμένη
1758 5794 1845 5844 τὸν

1939 4637 2079 4676 esse.
2117 4620 2384 4674 Fortassis
2418 4617 2485 4672 ad
2523 4618 2626 4671 hoc
2666 4616 3037 4671 Thcodosiani
3076 4614 3514 4683 respondebunt,

1940 4729 2282 4782 nequaquam
2308 4713 2604 4775 Gaianitas,
2632 4702 2726 4766 sed
2758 4727 2815 4766 se
2857 4711 3044 4779 potius
3095 4711 3217 4762 illos
3244 4724 3388 4771 esse,
3422 4709 3517 4778 qui

1942 4806 2228 4873 antiquum
2285 4804 2481 4874 dogma
2534 4805 2824 4858 retineant.
2859 4804 2967 4857 Nos
3016 4818 3147 4855 vero
3181 4817 3400 4854 rursum
3433 4817 3518 4854 re-

1945 4897 2297 4965 spondemus,
2327 4897 2372 4950 si
2424 4896 2655 4949 maxime
2688 4911 2796 4948 non
2823 4913 2852 4948 τι
2885 4893 3152 4949 Gaianitis
3197 4893 3298 4961 ipsi
3355 4891 3518 4944 fidem

1946 4989 2090 5041 illam
2124 4987 2480 5056 sumpserint,
2517 4996 2696 5039 tamen
2743 5001 2864 5040 esse
2910 5000 3157 5043 necesse.
3189 4991 3250 5036 ut
3279 4983 3348 5036 ab
3381 4983 3522 5036 Ace-

1949 5080 2126 5149 phalis
2153 5079 2485 5146 acceperint.
2514 5078 2646 5131 Nam
2679 5077 2754 5131 illi
2797 5075 3085 5128 manifesto
3120 5073 3520 5127 Theodosianis

1949 5181 2004 5225 et
2031 5171 2295 5226 Gaianitis
2341 5170 2699 5237 antiquiores,
2743 5169 2813 5220 ila
2865 5167 3133 5236 synodum
3178 5173 3514 5235 oppugnant.

1951 5261 2106 5328 quasi
2143 5275 2263 5328 qua:
2310 5269 2494 5328 partes
2523 5259 2660 5311 duas
2696 5261 2895 5312 tradat.
2926 5258 3075 5312 Idem
3106 5265 3162 5310 et
3201 5271 3297 5324 per
3345 5255 3516 5325 Euty-

1952 5349 2110 5402 chem
2137 5349 2332 5401 docere
2359 5363 2664 5415 possumus.
2691 5347 2906 5401 Etenim
2939 5347 3198 5398 adversus
3216 5343 3516 5414 Eutychem

1951 5439 2194 5509 synodus
2226 5439 2313 5491 illa
2346 5438 2512 5491 verba
2539 5437 2876 5505 proferebat,
2910 5437 3067 5503 cujus
3093 5441 3211 5487 erat
3242 5432 3311 5485 de
3341 5430 3516 5501 parti-

1953 5530 2055 5581 bus
2079 5527 2478 5589 controversia,
2509 5528 2767 5585 dicentis.
2796 5541 2997 5594 corpus
3032 5541 3142 5577 non
3173 5539 3293 5578 esse
3328 5521 3518 5575 nobis-

1950 5633 2073 5671 cum
2118 5619 2278 5671 unius
2339 5618 2661 5671 substantire
2692 5659 2704 5678 ,
2747 5617 2979 5684 ideoque
3016 5614 3199 5667 verbis
3240 5610 3308 5666 ad
3363 5610 3518 5664 illum

1952 5708 2195 5766 directis,
2234 5716 2287 5760 et
2326 5707 2440 5775 ipsa
2492 5708 2698 5760 scilicet
2740 5707 2807 5760 de
2853 5705 3100 5774 partibus
3145 5703 3474 5773 loquebatur
3501 5743 3516 5766 ,

1957 5812 2061 5847 non
2122 5795 2186 5848 de
2245 5795 2459 5850 effecto.
2527 5798 2794 5850 l’rxtcrea
2854 5795 2956 5849 nisi
3007 5793 3111 5848 hoc
3164 5791 3519 5859 admiscritis,
