4218 6444
791 391 926 460 1247

2035 390 2339 451 LEONTII
2383 387 2792 448 BYZANTINI

3888 383 4041 448 12l8

783 525 972 564 names
1051 507 1327 574 expositas
1384 505 1650 557 hactenus
1732 503 2071 572 ohjeetiones
2139 504 2415 554 vestrasA

2449 501 2623 563 λόγον,
2657 495 2897 563 δηλονότι
2953 493 3047 546 καὶ
3096 493 3233 564 αὖτῆ
3263 492 3393 563 περὶ
3439 494 3547 546 τῶν
3574 493 3753 562 μερῶν
3789 499 3856 546 ir:
3878 500 4040 548 ειεῖτο

779 602 1062 656 evertetis.
1091 600 1181 652 Sie
1237 599 1382 650 enim
1428 595 1588 648 nobis
1633 610 1725 649 eas
1775 593 2155 663 opponebatis.
2192 593 2344 658 quasi

784 691 1021 742 duorum
1089 703 1189 739 ιον
1253 685 1402 736 ιιιιΙΙο
1482 683 1645 736 modo
1717 691 1838 752 post
1895 682 2153 734 unionem
2220 696 2346 748 pro-

780 781 908 833 ferri
938 779 1124 846 possit,
1158 775 1262 828 nisi
1295 776 1364 829 ab
1399 776 1466 829 iis
1497 777 1588 844 qui
1623 775 1949 829 divisionem
1974 773 2344 826 introducunt.

784 871 981 923 Verum
1039 867 1198 921 nobis
1245 868 1347 936 ipsi
1396 865 1624 920 fortasse
1684 864 2036 934 respondent,
2086 863 2214 915 dare
2265 877 2345 920 se,

778 959 845 1012 de
899 959 1146 1027 partibus
1205 958 1444 1011 locutam
1492 956 1778 1027 synodum.
1840 955 1946 1008 Vos
2006 963 2210 1014 autem,
2249 967 2348 1003 cur

779 1048 942 1101 modo
985 1063 1094 1100 non
1138 1047 1324 1102 dicitis
1374 1062 1536 1100 unam
1566 1045 1745 1099 ell‘ecti
1781 1046 2072 1097 naturam?
2105 1043 2345 1096 Primum

779 1141 1326 1207 dicinms,nusquam
1358 1139 1463 1191 hoc
1491 1138 1697 1191 dictum
1729 1153 1757 1189 a
1784 1137 2042 1190 Pati-ibus
2071 1141 2344 1187 constare.

779 1231 984 1285 Deinde
1035 1246 1102 1282 ne
1152 1228 1376 1296 quidem
1425 1227 1630 1288 eli‘ecti,
1662 1229 1707 1281 si
1748 1227 1872 1295 quis
1909 1225 2188 1279 subtiliter
2231 1239 2344 1277 rem

780 1325 1116 1382 consideret,
1163 1337 1269 1375 una
1326 1329 1520 1374 natura
1569 1330 1695 1380 est;
1751 1318 1844 1371 sed
1899 1318 2037 1371 duae.
2093 1317 2346 1370 Fortasse

779 1417 977 1469 dixerit
1008 1415 1206 1483 aliquis
1242 1430 1255 1466 :
1291 1414 1359 1467 Et
1389 1427 1625 1481 quonam
1662 1411 1777 1465 licri
1815 1421 1975 1480 pacto
2037 1419 2217 1480 potest
2289 1420 2348 1464 ut

779 1507 1019 1561 hominis
1068 1506 1377 1575 exemplum
1437 1505 1599 1558 nobis
1661 1520 1772 1558 non
1841 1505 2182 1567 adversetur,
2249 1505 2344 1571 qui

776 1614 843 1651 ex
876 1599 1055 1652 anima
1091 1611 1434 1665 corporeque
1464 1603 1743 1652 constans.
1775 1609 1936 1647 unam
1962 1602 2211 1646 naturam
2251 1593 2346 1645 ha-

777 1688 889 1746 bet,
935 1703 1048 1741 non
1093 1687 1269 1752 duas,
1310 1701 1447 1754 quas
1493 1685 1772 1739 Christum
1826 1684 2028 1738 habere
2062 1683 2346 1737 diximus?

777 1779 859 1832 Ad
909 1779 1014 1832 hoc
1068 1777 1484 1846 respondemus,
1518 1776 1573 1828 id
1629 1777 1806 1845 ipsum
1867 1776 1920 1829 in
1979 1791 2140 1829 causa
2195 1789 2335 1836 esse,

777 1869 921 1938 quod
976 1883 1139 1922 unam
1183 1867 1422 1920 hominis
1466 1875 1738 1928 naturam,
1761 1866 1964 1920 Christi
2012 1867 2148 1919 duas
2195 1868 2342 1920 dica-

778 1977 920 2014 mus.
951 1959 1122 2025 Quam
1164 1959 1312 2012 enim
1361 1959 1625 2011 rationem
1669 1957 1834 2010 habet
1875 1972 1981 2010 una
2037 1967 2230 2010 natura
2291 1958 2345 2011 in

777 2051 1020 2104 hominis
1062 2051 1364 2120 hypostasi,
1397 2050 1648 2104 eamdem
1703 2058 1759 2104 et
1809 2049 1932 2103 dua:
1969 2049 2022 2102 in
2066 2049 2344 2119 hypostasi

775 2141 980 2196 Christi
1021 2141 1250 2195 habent.

844 2403 958 2460 Vll.
981 2403 1158 2473 Atque
1193 2413 1251 2458 ut
1282 2405 1638 2474 perspicuum
1662 2405 1732 2460 sit
1761 2406 1910 2475 quod
1940 2422 1970 2459 a
2019 2406 2178 2460 nobis
2206 2405 2344 2458 diei-

776 2504 888 2558 tur,
921 2496 1260 2564 obiectiones
1307 2496 1462 2566 prius
1503 2499 1784 2565 expositas
1830 2507 2162 2568 repetamus.
2209 2498 2343 2552 Cum

771 2581 995 2637 dicebat
1061 2583 1348 2648 Ecclesia,
1407 2587 1452 2638 si
1509 2600 1608 2638 vos
1681 2585 1964 2641 inconfusa
2041 2588 2224 2641 dicitis
2283 2603 2346 2641 ea

775 2689 898 2742 quae
952 2675 1104 2727 unita
1147 2684 1314 2738 sunt,
1373 2684 1429 2728 et
1475 2678 1653 2730 salvas
1687 2693 1879 2731 eorum
1949 2688 2175 2732 naturas
2221 2695 2346 2733 cssc

772 2775 900 2835 post
927 2767 1184 2822 unionem
1213 2783 1228 2830 ;
1258 2783 1536 2837 unumque
1573 2770 1821 2834 mortale,
1857 2771 2090 2824 alterum
2119 2771 2346 2824 immor-

775 2858 920 2923 tale;
950 2874 1179 2927 quazque
1207 2867 1336 2912 sunt
1365 2859 1679 2929 hujusmodi
1725 2861 1833 2914 alia
1861 2879 1875 2923 ;
1909 2861 2048 2914 duas
2092 2876 2346 2913 necessa-

776 2951 859 3003 rio
881 2959 1104 3004 naturas
1137 2951 1484 3005 introducitis
1511 2970 1525 3005 :
1561 2951 1635 3005 illi
1665 2953 1904 3006 vicissim
1922 2952 2346 3020 respondebant,

774 3041 913 3094 nihil
945 3056 1065 3094 esse
1100 3041 1346 3107 absurdi,
1386 3051 1442 3096 et
1484 3043 1770 3098 inconfnsa
1803 3045 2008 3106 dicere,
2041 3059 2160 3112 qua:
2191 3044 2344 3096 unita

781 3133 926 3193 sint;
964 3142 1018 3185 et
1050 3143 1171 3201 post
1198 3135 1479 3197 unionem,
1504 3135 1680 3189 salvas
1715 3151 1834 3190 esse
1866 3146 2088 3188 naturas
2116 3151 2306 3188 eorum
2328 3176 2342 3198 ,
2375 3149 2418 3207 ο

775 3233 828 3275 et
853 3239 1012 3276 unam
1065 3223 1309 3292 profiteri
1355 3233 1626 3278 naturam.
1674 3226 1808 3280 Nam
1856 3242 2006 3284 ecce.
2063 3227 2342 3295 inquiunt,

779 3328 940 3366 nztam
997 3312 1235 3366 hominis
1280 3321 1532 3367 naturam
1573 3315 1829 3379 dicimus,
1868 3326 1923 3369 et
1965 3317 2019 3369 in
2061 3331 2128 3370 co
2166 3325 2344 3371 tamen

777 3401 1076 3454 ineonfusm
1103 3411 1231 3455 sunt
1261 3413 1444 3472 partes
1475 3405 1663 3459 unitte.
1700 3406 1813 3459 lloc
1854 3407 2108 3475 exemplo
2149 3406 2202 3460 in
2247 3421 2347 3459 an-

774 3503 992 3559 gustum
1028 3495 1183 3561 quasi
1235 3496 1405 3549 coacti
1446 3496 1771 3550 defensores
1800 3497 2016 3566 synodi,
2056 3513 2114 3551 se
2159 3499 2211 3550 in
2245 3498 2346 3550 ho-

778 3578 927 3629 mine
980 3593 1199 3646 quoque
1242 3590 1470 3635 naturas
1528 3582 1684 3636 fateri
1733 3583 1872 3637 duas
1926 3585 2170 3638 aiebant.
2227 3586 2348 3640 Mox

778 3663 1145 3720 'l'heodosiani
1177 3683 1190 3720 :
1229 3668 1283 3720 Si
1321 3669 1457 3722 duas
1485 3670 1725 3724 hominis
1765 3680 1989 3726 naturas
2016 3673 2219 3738 dicitis,
2254 3691 2345 3729 ne-

777 3771 930 3808 cesse
975 3766 1060 3811 est
1122 3757 1325 3812 Christi
1398 3770 1508 3815 tres
1556 3777 1677 3816 esse
1736 3763 2035 3818 fateamini.
2097 3767 2346 3820 Vicissim

777 3846 1042 3917 synodiue
1071 3866 1084 3900 :
1115 3847 1171 3902 Si
1197 3865 1296 3903 nos
1323 3852 1517 3922 cogitis
1546 3853 1731 3907 dicere
1760 3854 2037 3908 Christum
2072 3857 2247 3911 tribus
2293 3859 2347 3912 in

779 3939 1013 3998 naturis,
1043 3939 1206 3992 etiam
1266 3957 1362 3994 vos
1408 3957 1535 3996 eum
1577 3959 1642 3998 ex
1692 3946 1869 4001 tribus
1895 3949 2108 4002 naturis
2131 3950 2344 4004 dicetis.

778 4031 913 4084 Nam
965 4030 1151 4085 dicitis
1212 4048 1338 4085 eum
1406 4050 1474 4088 ex
1543 4035 1882 4091 humanitate
1951 4039 2348 4108 divinitateque

779 4131 1055 4175 constare.
1093 4122 1408 4177 Divinitatis
1439 4133 1620 4179 autem
1659 4143 1764 4181 una
1795 4136 1988 4183 natura
2015 4140 2118 4190 est,
2151 4132 2349 4184 huma-

779 4209 967 4263 nitatis
991 4210 1134 4264 duze.
1163 4213 1456 4266 Sciendum
1486 4223 1688 4278 tamen,
1711 4233 1779 4271 ex
1818 4221 2124 4275 assertione
2155 4223 2348 4291 synodi

779 4299 1001 4367 quidem
1030 4302 1233 4370 colligi,
1271 4312 1380 4359 tres
1419 4316 1644 4360 naturas
1669 4307 1780 4364 dici
1820 4328 1832 4362 :
1867 4311 1961 4364 sed
1989 4329 2096 4365 non
2117 4328 2147 4366 a
2172 4313 2350 4366 Theo-

779 4391 1022 4446 dosianis
1089 4395 1245 4460 illud,
1293 4413 1361 4450 ex
1432 4399 1628 4453 tribus.
1666 4401 1882 4455 Etenim
1939 4403 1996 4456 hi
2049 4404 2348 4470 tradentes,

2448 588 2744 655 τὸνλόγον,
2779 586 2966 639 οὐκέτι
2991 585 3050 637 δὲ
3089 585 3220 653 περὶ
3253 583 3347 636 τοῦ
3389 583 3856 652 ἀποτελέσματος.
3910 587 4037 635 ’ῐίτι

2449 681 2504 732 δὲ
2558 682 2605 730 εἰ
2665 677 2740 746 μὴ
2766 677 2921 730 τοῦτο
2973 672 3220 741 δέξεσθε,
3259 675 3439 735 πάσας
3469 673 3566 734 τὰς
3618 678 4036 744 προειρημένας

2447 769 2684 838 ἀπορίας
2715 767 2776 830 ἐξ
2805 764 2958 832 ὑμῶν
2981 763 3334 832 ἀνατρέψετε.
3367 762 3523 816 Οὖτω
3560 762 3667 832 γὰρ
3691 763 3860 824 αὐτάς
3897 765 4038 830 ἡμῖν

2447 861 2726 930 ἠπορεῖτε,
2759 856 2834 918 ὼς
2857 855 2916 908 τὸ
2940 855 3033 907 δύο
3061 855 3160 906 οὐκ
3204 853 3271 907 ἂν
3302 853 3634 923 οῐωσδήποτε
3667 853 3832 922 λεχθῇ
3890 852 4037 920 μετά

2447 951 2547 1016 τὴν
2569 947 2766 999 ἕνωσιν
2789 985 2804 1006 ,
2838 946 2887 996 εἰ
2921 942 2996 1013 μὴ
3034 942 3302 1012 διαίρεσιν
3345 941 3681 1006 εἰσάγουσιν.
3728 939 3871 991 Ἀλλ’
3898 941 4034 996 ἴσως

2448 1039 2696 1104 λέγουσιν
2735 1037 2870 1105 ἡμῖν
2903 1036 2997 1087 καὶ
3025 1033 3184 1086 αὖτολ⁵
3230 1033 3366 1102 πρὸς
3393 1031 3588 1096 ταῦτα,
3619 1031 3701 1081 ὅτι
3729 1029 3928 1096 Θῶμεν
3964 1032 4030 1095 τῇ

2449 1129 2678 1197 συνόδῳ⁶
2703 1127 2794 1179 τὸν
2847 1125 3004 1193 λόγον
3053 1120 3192 1177 εἶναι
3237 1125 3364 1194 περὶ
3415 1122 3524 1176 τῶν
3581 1121 3782 1191 μερῶν.
3834 1119 4031 1185 Ὑμεῖς

2446 1220 2586 1272 διατί
2612 1221 2674 1272 οὐ
2713 1219 2900 1283 λέγετε
2943 1217 3038 1269 νῦν
3067 1215 3163 1268 τοῦ
3189 1213 3629 1284 ἀποτελέσματος
3665 1212 3792 1279 μίαν
3818 1210 3985 1276 φύσιν
4013 1225 4028 1269 ;

2448 1310 2693 1378 Λέγομεν
2727 1309 2864 1379 πρὸς
2908 1309 3125 1370 αὐτοὺς,
3150 1308 3232 1359 ὅτι
3259 1305 3474 1374 πρῶτον
3503 1303 3600 1374 μὲν
3625 1301 3863 1370 οὖδαμοῦ
3898 1301 4031 1366 φαί-

2447 1419 2628 1454 νονται
2670 1400 2829 1452 τοῦτο
2871 1401 3122 1466 λέγοντες
3150 1401 3198 1450 οἱ
3237 1398 3496 1464 Πατέρες,
3543 1397 3772 1448 Ἔπειτα
3797 1394 3876 1455 δὲ,
3907 1393 4030 1443 οἱδὶ

2445 1493 2540 1545 τοῦ
2581 1477 3056 1561 ἀποστελέσματοξ
3078 1530 3094 1553 ,
3122 1489 3179 1542 εἴ
3206 1505 3288 1550 τις
3313 1487 3559 1557 ἀκριϐῶς
3598 1486 3888 1554 σκοπήσοι,
3932 1485 4029 1551 μῖα

2447 1585 2644 1652 ἐστὶνὴ
2681 1582 2860 1651 φύσις,
2895 1581 3029 1636 ἀλλά
3059 1580 3173 1632 δύο.
3212 1578 3350 1630 Ἀλλ’
3372 1578 3514 1629 εἴποι
3539 1593 3623 1638 τις
3653 1575 3739 1638 ἂν,
3765 1575 3879 1627 Καὶ
3910 1573 4031 1632 πῶς

2446 1679 2545 1729 οὐκ
2591 1675 2892 1729 ἀντίκειται
2927 1675 3057 1744 ἡμῖν
3090 1670 3151 1723 τὸ
3184 1670 3540 1738 παράδειγμα
3570 1666 3664 1720 τοῦ
3697 1665 4027 1734 ἀνθρώπου,

2445 1769 2591 1832 ὅστις
2622 1770 2685 1820 ὲκ
2714 1767 2890 1836 ψυχῆς
2952 1766 3047 1818 καὶ
3087 1762 3336 1832 σώματος
3361 1762 3457 1825 ὢν,
3486 1761 3612 1829 μίαν
3643 1759 3755 1828 ἔχει
3782 1758 3889 1827 τὴν
3925 1757 4029 1823 φύ-

2449 1877 2561 1919 σιν,
2593 1860 2690 1927 οὐχ
2718 1861 2800 1911 ὅτι
2845 1859 2902 1910 δὲ
2928 1855 3022 1909 δύο
3042 1896 3056 1917 ,
3089 1855 3166 1918 ὡς
3186 1855 3418 1922 λέγομεν
3447 1852 3591 1920 ἔχειν
3627 1853 3718 1902 τὸν
3751 1849 4025 1919 Χριστόν;

2450 1949 2592 2018 Πρὸς
2612 1947 2768 2000 τοῦτο
2790 1947 3042 2014 λέγομεν,
3066 1945 3146 1996 ὅτι
3174 1942 3316 1994 Αὐτὸ
3341 1942 3449 2010 γὰρ
3472 1939 3648 2002 τοῦτο,
3672 1937 3864 2005 ἐπειδὴ
3897 1937 4030 2004 μέαν

2449 2039 2610 2106 φύσιν
2656 2037 2890 2104 λέγομεν
2919 2034 3014 2086 τοῦ
3048 2031 3339 2104 ἀνθρώπου
3363 2071 3378 2092 ,
3428 2029 3520 2082 δύο
3543 2030 3599 2082 δὲ
3627 2028 3720 2080 τοῦ
3755 2025 4026 2095 Χριστοῦ.

2454 2131 2552 2179 Ὃν
2575 2126 2681 2197 γὰρ
2707 2125 2864 2193 λέγον
2893 2124 3008 2194 ἔχει
3036 2126 3068 2194 ἠ
3103 2123 3200 2192 μία
3234 2123 3396 2190 φύσις
3422 2119 3516 2172 ἐπὶ
3544 2119 3643 2187 τῆς
3670 2117 4032 2178 ὑποστάσεως

2449 2219 2540 2274 τοῦ
2567 2217 2881 2290 ἀνθρώπου,
2903 2218 2994 2271 τὸν
3015 2218 3178 2270 αὐτὸν
3199 2215 3412 2285 ἔχουσιν
3437 2215 3493 2267 αἱ
3523 2212 3615 2266 δύο
3637 2211 3731 2264 ἐπὶ
3759 2211 3860 2282 τῆς
3891 2207 4029 2262 ὕπο-

2451 2310 2698 2372 στάσεως
2720 2309 2815 2361 τοῦ
2849 2307 3108 2380 Χριστοῦ.

2521 2402 2630 2454 Καὶ
2679 2401 2764 2454 ἵνα
2809 2401 2980 2468 σαφὲς
3005 2401 3090 2469 εἴη
3119 2399 3409 2468 λεγόμενον
3431 2440 3445 2462 ,
3474 2397 3891 2468 ἐπαναληπτέον
3924 2398 4032 2458 τὰς

2453 2491 2844 2561 προλεχοείσας
2891 2491 3147 2560 ἀπορίας.
3194 2491 3307 2558 Τῆς
3351 2489 3680 2558 Ἑκκλησίας
3728 2487 4027 2554 λεγούσης.

2449 2585 2529 2636 ὅτι
2564 2584 2622 2635 Εἰ
2645 2583 2925 2652 ἀσύγχυτα
2955 2582 3143 2649 λέγετε
3174 2580 3244 2633 τὰ
3274 2580 3566 2643 ὲνωοὲντα,
3626 2582 3721 2632 καὶ
3752 2577 4031 2641 σώζεσθαι

2447 2675 2546 2735 τὰς
2581 2672 2772 2740 φύσεις
2797 2671 2979 2724 αὐτῶν
3010 2672 3147 2742 μετά
3167 2673 3265 2742 τὴν
3291 2672 3504 2733 ἕνωσιν,
3536 2671 3632 2723 καὶ
3669 2671 3729 2722 τὸ
3760 2669 3858 2738 μὲν
3892 2668 4030 2736 0w;-

2446 2765 2558 2828 τὸν,
2585 2765 2648 2817 τὸ
2675 2764 2731 2817 δὲ
2753 2763 3043 2829 ἀθάνατον,
3065 2763 3157 2816 καὶ
3185 2765 3287 2816 ὅσα
3313 2762 3559 2826 τοιαῦτα,
3580 2761 3644 2825 ἐξ
3664 2763 3909 2828 ἀνάγκης
3931 2760 4034 2812 δόο

2449 2853 2641 2919 φύσεις
2667 2853 2916 2919 εἰσάγετε
2938 2868 2952 2882 ⁸
2984 2851 3274 2920 ἀντέλεγον
3316 2854 3537 2913 ἐκεῖνοι,
3569 2851 3651 2903 ὃτι
3689 2851 3845 2902 οὐδὲν
3891 2851 4030 2902 ἄτο-

2449 2962 2570 3006 πον,
2599 2946 2693 2997 καὶ
2714 2945 2996 3013 άσύγχυτα
3021 2944 3201 3012 λέγειν
3222 2944 3291 2997 τά
3316 2943 3604 3010 ἑνωθέντα,
3630 2944 3724 2996 καὶ
3754 2942 4031 3006 σώζεσθαι

2449 3039 2546 3099 τὰς
2579 3037 2772 3103 φύσεις
2815 3037 2996 3089 αὐτῶν
3028 3036 3165 3105 μετὰ
3197 3035 3294 3107 τὴν
3319 3036 3533 3101 ἕνωσιν,
3563 3037 3659 3090 καὶ
3701 3040 3830 3106 μίαν
3861 3037 4034 3103 φῦσξν

2449 3128 2646 3180 εἰπεῖν.
2680 3127 2812 3180 Ἰδοὺ
2847 3126 2954 3196 γὰρ
2985 3125 3236 3196 λέγομεν,
3270 3128 3424 3194 φασὶ,
3457 3128 3584 3194 μίαν
3615 3128 3777 3195 φύσιν
3806 3127 3899 3180 τοῦ
3933 3129 4035 3180 ἀν-

2449 3217 2670 3286 θρώπου
2695 3232 2711 3248 ο
2742 3218 2836 3270 καὶ
2859 3217 3008 3287 ὅμως
3029 3217 3310 3288 ἀσύγχυτά
3329 3219 3467 3270 εἰσιν
3494 3219 3587 3270 ἐπὶ
3605 3217 3769 3272 αὖτοῦ
3795 3219 3865 3270 τά
3892 3219 4034 3270 ἑνω-

2447 3313 2628 3366 Θέντα.
2665 3313 2805 3382 Πρὸς
2841 3313 3002 3364 τοῦτο
3028 3311 3090 3364 τὸ
3133 3313 3486 3382 παράδειγμα
3528 3310 4033 3380 στενοχωρούμενοι

2449 3407 2499 3457 οἱ
2530 3407 2636 3458 ἀπὸ
2665 3405 2762 3474 τῆς
2791 3405 3036 3469 συνόδου,
3064 3400 3239 3467 εἷπον,
3265 3405 3468 3457 ὅτιΚαὶ
3498 3405 3593 3456 ἐπὶ
3619 3404 3714 3456 τοῦ
3737 3404 4032 3472 ἀνθρώπου

2447 3498 2539 3549 δύο
2561 3496 2752 3563 φύσεις
2771 3495 3024 3564 λέγομεν.
3044 3491 3178 3549 Εἶτα
3194 3496 3243 3548 οἱ
3259 3495 3595 3548 Θεοδοσιανοί
3611 3511 3625 3525 ο
3644 3494 3853 3546 Οὐκοῦν
3870 3497 3916 3546 εἰ
3935 3495 4036 3546 δύο

2449 3589 2636 3658 φύσεις
2652 3587 3060 3658 τοῦ-ἀνθρώπου
3074 3588 3282 3655 λέγετε,
3303 3590 3602 3656 ἀναγκαῖον
3623 3585 3870 3656 ήμᾶςτοῦ
3891 3587 3937 3637 Χ
3949 3603 4036 3656 ρι-

2450 3680 2577 3734 στοῦ
2606 3682 2754 3748 τρεῖς
2782 3682 2976 3731 εἰπεῖν.
3001 3675 3137 3732 Εἶτα
3165 3680 3300 3749 πρὸς
3329 3681 3526 3740 αὐτοὺς
3555 3679 3789 3730 πάλινοὶ
3819 3679 4035 3729 συνοδῖ-

2448 3790 2536 3825 ται
2553 3789 2565 3801 '
2591 3774 2650 3824 Εἰ
2674 3771 3018 3838 ἀναγκάζετε
3043 3773 3188 3840 ἡμᾶς
3217 3773 3394 3824 εἰπεῖν
3415 3770 3508 3824 τὸν
3533 3771 3770 3841 Χριστὸν
3797 3771 3854 3821 ἐν
3878 3772 4036 3838 τρισὶ

2451 3865 2696 3932 φύσεσιν,
2738 3863 2934 3916 οὐκοῦν
2963 3864 3058 3915 καὶ
3109 3864 3268 3931 ὑμεῖς
3309 3864 3372 3916 ὲκ
3409 3862 3579 3932 τριῶν
3613 3863 3775 3916 αὑτὸν
3815 3862 4030 3929 λέγετε.

2449 3953 2648 4020 Λέγετε
2680 3952 2791 4021 γάρ
2830 3953 2992 4004 αὐτὸν
3036 3953 3097 4016 ἐξ
3147 3953 3590 4023 ἀνορωπὸτητος,
3624 3954 3722 4004 καὶ
3750 3953 4034 4019 θεότητος.

2450 4045 2558 4098 Καί
2592 4046 2706 4097 ἐστι
2741 4047 2839 4114 μὲν
2861 4045 2959 4113 τῆς
2990 4044 3408 4114 ἀνορωπότητος
3436 4045 3532 4097 δύο
3555 4045 3768 4113 φύσεις,
3801 4047 3896 4097 καὶ
3929 4047 4037 4113 τῆς

2452 4135 2708 4203 Θεὸτητος
2749 4135 2868 4203 μία.
2907 4135 3228 4202 Ἐπιστῆσιι
3266 4135 3404 4196 δέον,
3449 4136 3532 4187 ὅτι
3576 4139 3642 4204 τῇ
3695 4137 3793 4203 μὲν
3827 4137 4038 4204 συνόιῖῳ

2453 4223 2764 4289 συνάγεται,
2818 4224 2879 4276 τὸ
2915 4224 3094 4290 λέγειν
3134 4226 3283 4294 τρεῖς
3332 4224 3546 4292 φύσεις,
3583 4227 3766 4277 οὐκέτι
3808 4226 3868 4277 δὲ
3918 4232 4038 4289 τοῖς

2449 4313 2838 4374 Θεοδοσιανοῐς,
2872 4314 2936 4367 ἐκ
2967 4314 3158 4383 τριῶν.
3197 4315 3424 4366 Ἐκεῖνοι
3467 4316 3566 4384 μὲν
3597 4316 3706 4383 γάρ
3732 4316 3790 4379 ἐξ
3813 4317 4037 4385 ἀνορω.

2451 4405 2682 4471 ποτητος
2716 4405 2810 4456 καὶ
2843 4404 3094 4473 θεότητος
3119 4406 3356 4472 Χριστὸν
3384 4407 3657 4471 λέγοντες.
3693 4408 3825 4475 μίαν
3868 4409 3940 4474 ᾳὺ
3953 4427 4037 4460 σιν

776 4483 1058 4538 Christum
1097 4503 1164 4540 ex
1215 4488 1556 4543 humanitate
1620 4490 2020 4562 divinitateque
2076 4505 2346 4557 constare,
2385 4481 2418 4534 Π

2451 4495 2670 4561 λέγουσι
2708 4494 2804 4546 τοῦ
2851 4494 3166 4562 ἀνθρώπου,
3212 4497 3374 4564 ἡμεῖς
3435 4496 3491 4548 δὲ
3529 4496 3642 4548 δύο.
3691 4499 3858 4550 ’Ὥστε
3902 4499 4038 4567 ὑμῖν

779 4585 1034 4630 naturam
1063 4578 1306 4632 hominis
1337 4596 1497 4634 unam
1521 4581 1713 4636 dicunt
1746 4600 1758 4635 :
1795 4599 1896 4636 nos
1926 4592 2131 4647 autem,
2164 4585 2301 4640 duas
2333 4605 2348 4652 ;

782 4685 893 4736 quo
927 4669 984 4721 fit
1022 4679 1084 4722 ut
1127 4686 1190 4724 ex
1240 4671 1494 4728 doctrina
1538 4685 1747 4739 nostra,
1789 4692 1897 4730 non
1930 4678 2168 4742 iilorum,
2200 4680 2354 4732 colli-

780 4767 956 4824 gatur,
1020 4769 1131 4812 tres
1210 4769 1437 4816 naturas
1507 4763 1636 4818 dici.
1670 4765 1779 4818 Nos
1851 4767 1997 4819 enim
2069 4767 2206 4820 duas
2254 4769 2352 4820 ho-

779 4844 946 4898 minis
1001 4857 1225 4901 naturas
1264 4848 1521 4912 dicimus,
1552 4862 1608 4905 et
1677 4868 1839 4905 unam
1898 4853 2199 4908 Sermonis.
2230 4855 2347 4908 Non

778 4944 961 4990 tamen
1019 4937 1125 4992 hoc
1174 4940 1500 5008 simpliciter
1552 4941 1810 5006 dicimus,
1846 4943 1942 4996 sed
1995 4961 2159 4998 unam
2228 4963 2350 5000 esse

776 5033 1027 5078 naturam
1089 5026 1348 5087 hominis.
1375 5028 1513 5082 duas
1562 5029 1800 5095 Christi;
1863 5042 1918 5084 et
1974 5017 2078 5086 hoc
2126 5035 2348 5101 quidem

777 5113 944 5177 unde,
979 5115 1440 5185 cognoscendum.
1467 5118 1745 5188 Principia
1774 5121 2020 5188 quaedam
2073 5125 2245 5176 sacris
2297 5125 2350 5176 in

778 5202 1003 5258 Litteris
1040 5221 1160 5260 esse
1203 5209 1457 5271 dicimus,
1483 5226 1604 5278 quae
1660 5212 1805 5280 apud
1856 5228 2046 5267 omnes
2112 5213 2164 5266 in
2218 5230 2351 5267 eon-

779 5294 925 5348 fesso
955 5298 1086 5361 sint,
1113 5315 1344 5368 quaeque
1368 5301 1576 5369 pariter
1595 5317 1624 5354 a
1647 5302 1808 5355 nobis
1833 5313 1889 5357 ct
1921 5304 2053 5371 ipsis
2081 5305 2349 5373 recipian-

779 5394 888 5441 tur.
927 5388 1004 5442 Ad
1038 5390 1156 5445 lucc
1178 5399 1477 5461 utrumque
1509 5393 1705 5462 dogma
1735 5395 2141 5454 examinemus,
2173 5395 2349 5463 quod-

777 5496 883 5546 que
913 5481 1200 5550 principiis
1223 5485 1520 5537 conrenire
1541 5485 2090 5552 deprehenderimus.
2118 5486 2169 5537 id
2205 5494 2351 5538 recte

780 5581 1158 5640 rmnparatum
1189 5572 1399 5628 scilicet
1442 5575 1549 5628 erit
1585 5592 1596 5625 :
1631 5575 1776 5642 quod
1805 5574 1996 5628 iisdem
2039 5574 2354 5627 adversabi-

785 5672 894 5722 tur,
923 5678 1021 5716 ceu
1067 5665 1203 5718 male
1226 5674 1603 5735 comparatum
1637 5666 1787 5732 rejici
1815 5664 2037 5723 debere.
2062 5664 2352 5719 manifesto

783 5761 894 5816 patr
915 5763 950 5802 ι.
976 5753 1072 5808 Est
1102 5756 1264 5824 igitur
1290 5759 1340 5811 in
1367 5757 1641 5819 confesso,
1674 5758 1953 5810 Christum
1984 5757 2152 5812 fuisse
2180 5757 2348 5812 Deum

2455 4587 2746 4651 συνάγεται
2771 4585 2832 4636 τὸ
2862 4585 3043 4651 λέγειν
3075 4589 3224 4654 τρεῖς
3255 4586 3482 4654 φύσεις,
3515 4588 3614 4639 οὐκ
3646 4590 3897 4650 ἐκείνοις.
3930 4594 4038 4642 Aio

2451 4678 2555 4744 γὰρ
2589 4676 2819 4744 λέγομεν
2866 4674 2961 4728 τοῦ
3005 4677 3332 4746 ἀνθρώπου,
3360 4678 3456 4730 καὶ
3505 4679 3634 4746 μίαν
3675 4680 3770 4730 τοῦ
3830 4683 4034 4747 Λόγου.

2465 4758 2682 4812 ’Λπλῶε
2718 4759 2776 4810 δὲ
2815 4759 2878 4810 οὐ
2920 4759 3175 4828 λέγομεν,
3204 4760 3320 4812 ἀλλ’
3348 4762 3431 4812 ὃτι
3468 4761 3566 4830 μία
3605 4763 3768 4829 φύσις
3793 4766 3915 4816 ἐστὶ
3943 4768 4034 4817 τοζ

2452 4849 2766 4914 ἀνθρώπου,
2790 4848 2884 4900 δύο
2913 4849 2969 4900 δὲ
2993 4851 3050 4900 αἱ
3082 4848 3174 4901 τοῦ
3206 4849 3443 4919 Χριστοῦ
3470 4864 3485 4881 ο
3514 4854 3608 4903 καὶ
3643 4853 3808 4904 πόθεν
3850 4855 4034 4913 τοῦτο,

2450 4941 2742 5004 γνωστέον.
2783 4939 3050 5008 Λέγομεν,
3085 4941 3168 4990 ὅτι
3203 4941 3341 4992 εἰσὶν
3401 4942 3564 5009 ἀρχαί
3599 4957 3744 5002 τινες
3776 4945 3933 5012 παρά
3971 4950 4035 5011 τῇ

2451 5032 2582 5099 ἁγίᾳ
2623 5031 2814 5100 Γραφῇ
2840 5071 2855 5092 ,
2903 5030 3056 5099 παρά
3098 5033 3265 5082 πᾶσιν
3307 5030 3770 5100 ὁμολογούμεναι,
3824 5033 3893 5095 ἀς
3943 5038 4037 5086 an".

2451 5123 2611 5192 ἡμεῖς
2657 5123 2754 5174 καὶ
2798 5121 2954 5173 αὐτοὶ
3015 5121 3312 5190 δεχόμεθα.
3358 5121 3736 5189 Ἐξετάσωμεν
3788 5118 3888 5174 οὖν
3942 5127 4031 5174 ἐπὶ

2453 5213 2676 5274 ταύταις
2713 5212 2977 5282 ἑκάτερον
3005 5211 3182 5280 δόγμα
3202 5252 3217 5272 ,
3249 5212 3345 5266 καὶ
3375 5212 3404 5264 ὃ
3435 5211 3479 5263 δ’
3507 5212 3573 5264 ἂν
3598 5212 3854 5280 εὕρωμεν
3900 5231 4034 5280 συμ-

2454 5301 2666 5369 φωνοῦν
2717 5305 2837 5364 ταῖς
2875 5305 3096 5372 ἀρχαῖς,
3153 5304 3328 5355 ἐκεῖνο
3371 5302 3613 5370 δηλονότι
3667 5303 3850 5365 καλῶς
3898 5305 4034 5372 ἔχει.

2454 5394 2526 5446 To
2558 5393 2614 5444 δὲ
2647 5393 3079 5459 ἐναντιούμενον,
3107 5395 3281 5446 ἐκεῖνο
3310 5394 3384 5456 ὡς
3414 5394 3598 5456 κακῶς
3616 5394 3742 5461 ἕχον
3768 5395 4038 5462 πρόδηλον

2454 5484 2528 5544 ὡς
2569 5482 2650 5534 δεῖ
2681 5481 3104 5535 ἀποϐάλλεσθαι.
3147 5483 3507 5552 Ὠμολὸγηται
3531 5483 3734 5538 τοίνυν.
3761 5484 3846 5534 ὅτι
3878 5485 4038 5544 uitia;

2453 5567 2522 5642 ἦν
2549 5572 2681 5633 Θεὸς
2713 5572 2809 5624 καὶ
2831 5571 3139 5640 ἅνθρωπος,
3181 5573 3276 5625 καὶ
3300 5574 3381 5626 ὅτι
3415 5573 3580 5632 αὐτὸς
3613 5573 3820 5642 κυρίως
3878 5573 4031 5632 Θεὸς,

2457 5665 2551 5717 καὶ
2579 5663 2783 5732 κυρίως
2828 5663 3151 5733 ἄνθρωπος’
3200 5665 3292 5717 καὶ
3338 5667 3419 5717 ὃτι
3473 5665 3635 5725 αὐτὸς
3671 5663 3833 5730 φύσει
3879 5662 4028 5724 θεὸς,

2456 5756 2554 5811 καὶ
2602 5753 2766 5824 φύσει
2812 5754 3128 5825 ἄνθρωπος·
3170 5757 3261 5808 καὶ
3300 5757 3382 5809 ὅτι
3417 5756 3575 5818 αὐτὸς
3629 5753 3920 5824 ὁμοοὺσιος
3956 5751 4029 5819 τῷ
