4218 6444
794 426 928 495 1251

2075 423 2386 484 LEONTII
2428 422 2833 481 BYZAXTlNI

3921 414 4059 483 “52

789 554 980 601 uuam,
1020 546 1077 590 et
1119 549 1284 589 unam
1337 534 1510 589 sancti
1542 532 1783 601 Spiritus
1820 550 1834 584 :
1869 531 2138 600 reliquam
2186 532 2369 585 dicere

2473 530 2656 583 οὐκέτι
2684 531 2940 584 δύνανται
2968 531 3160 595 εἰπεῖν,
3191 529 3286 584 ἰπὶ
3327 528 3418 581 τοῦ
3448 527 3685 594 Χριστοῦ
3725 524 3857 597 μίαν
3887 527 4055 593 ςύτιν

789 630 992 687 nullam
1020 637 1301 695 poterunt,
1322 640 1486 679 unam
1518 624 1573 677 in
1591 623 1813 678 Christo
1845 630 2093 676 naturam
2121 629 2368 675 statuen-

788 731 905 774 tes:
938 720 1144 789 quippe
1173 718 1218 771 si
1256 731 1361 770 una
1393 725 1589 769 natura
1645 724 1773 777 est,
1835 727 1946 765 non
1997 713 2111 781 jam
2171 722 2367 765 natura

786 812 935 866 Deus
965 812 1096 870 erit.
1131 809 1208 862 uti
1242 807 1407 860 modo
1437 806 1808 875 probavimus.
1840 803 1898 856 Si
1921 819 2033 857 non
2058 812 2144 856 est
2170 811 2365 856 natura

786 905 949 966 Deus,
991 900 1271 969 quomodo
1300 898 1607 954 divinitatis
1642 894 1961 968 hypostasin
2010 894 2214 949 habere
2254 894 2364 947 dici

786 993 1031 1063 poterit?
1074 1007 1185 1061 quo
1215 991 1275 1044 lit
1316 1000 1377 1044 ut
1412 990 1559 1058 ipsos
1611 987 1752 1042 duas
1802 987 2127 1057 hypostases
2179 986 2366 1038 dicere

784 1084 1093 1152 colligatur.
1141 1082 1239 1137 Sin
1273 1081 1552 1142 dixerint,
1609 1080 1823 1133 tertiam
1878 1078 2199 1149 hypostasin
2245 1090 2366 1129 esse

784 1172 880 1225 Dei
916 1171 1238 1229 Sermonis.
1286 1180 1347 1222 nt
1386 1184 1492 1223 una
1545 1169 1616 1221 sit
1658 1169 1870 1231 l‘atri's,
1926 1169 2095 1222 altera
2130 1166 2369 1235 Spiritus

786 1258 1003 1323 sancti,
1043 1260 1204 1313 tertia
1259 1257 1354 1310 Dei
1422 1256 1727 1318 Sermonis,
1767 1256 2079 1311 necessario
2129 1264 2370 1323 quatuor

788 1348 1112 1419 hypostases
1144 1349 1525 1412 introducunt,
1560 1364 1723 1400 unum
1755 1348 1950 1409 Patris,
1994 1362 2157 1399 uuam
2189 1346 2367 1414 Spiri-

789 1449 877 1491 tus
909 1439 1106 1499 sancti,
1140 1455 1304 1491 uuam
1356 1438 1451 1491 Dei
1501 1423 1787 1491 Sermonis
1813 1478 1828 1501 ,
1860 1446 1915 1490 et
1950 1453 2111 1490 unam
2139 1436 2366 1491 Christi.

788 1529 961 1581 Modis
996 1530 1257 1582 omnibus
1292 1530 1582 1597 pz‘uimltlttt
1612 1537 1693 1581 est
1723 1568 1735 1592 ,
1798 1527 1937 1582 duas
1980 1539 2207 1582 naturas
2256 1537 2370 1583 sta-

789 1620 1041 1683 tuendus,
1072 1638 1180 1675 nun
1218 1637 1403 1673 unum.

2473 620 2742 687 λέγοντες.
2784 622 2847 674 El
2897 621 3005 690 γέςρ
3056 621 3154 688 μία
3207 618 3371 686 φύσις
3425 620 3611 681 ἐττῖν,
3655 619 3838 669 civi-tt
3890 615 4055 675 φύσει

2471 711 2625 775 Θεὸς,
2657 711 2730 772 ὡς
2763 711 2860 780 ἤδη
2888 712 3154 763 δέδεικται
3191 711 3344 779 ἡμίν.
3386 708 3476 778 Μὴ
3510 710 3585 759 ὢν
3607 709 3662 760 δὲ
3698 708 3859 776 φύσει
3890 708 4049 771 θεὸς,

2471 803 2590 865 πῶς
2632 802 2850 872 λεχθείη
2895 804 3196 855 ὑπόστασιν
3238 804 3384 871 ἔχειν
3427 802 3722 872 θεότητοςς
3773 800 3920 854 ὥστε
3960 800 4057 853 δύο

2472 894 2800 957 ὑποστάσεις
2832 895 3016 956 αὑτοῖς
3061 894 3354 961 συνάγεται
3385 894 3589 960 λέγειν.
3635 894 3760 944 Ἐὰν
3797 892 3846 944 δ’
3872 890 4058 954 οὕτως

2471 986 2721 1048 εἴπωσιν,
2761 985 2843 1037 ὄτι
2875 986 2908 1053 ἡ
2940 985 3098 1056 τρίτη
3134 983 3429 1046 ὑπόστασίς
3473 986 3590 1035 ὲστι
3625 982 3717 1035 τοῦ
3759 981 3897 1033 Θεοῦ
3940 982 4048 1034 A6-

2470 1091 2569 1141 γου
2598 1091 2611 1105 ·
2669 1076 2755 1127 ἵνα
2782 1078 2817 1145 ἡ
2869 1075 2967 1145 μία
3026 1076 3125 1145 μὲν
3164 1075 3259 1128 τοῦ
3310 1074 3551 1145 Πατρδς,
3594 1074 3821 1142 δευτέρα
3862 1072 3916 1123 δὲ
3959 1072 4053 1124 τοῦ

2472 1166 2627 1232 ἁγίου
2667 1166 3003 1236 Πνεύματος,
3042 1166 3205 1235 τρίτη
3235 1165 3293 1218 δὲ
3316 1166 3411 1219 τοῦ
3441 1164 3575 1217 Θεοῦ
3608 1164 3781 1230 Λόγου
3802 1180 3815 1193 ο
3844 1164 4052 1215 τέσσα-

2473 1272 2573 1327 ρας
2620 1257 2680 1319 ἐξ
2720 1257 2969 1326 ἀνάγκης
3018 1258 3319 1323 εἰσάγουσι,
3372 1256 3502 1326 μίαν
3533 1253 3629 1307 τοῦ
3680 1254 3921 1323 Πατρδς,
3962 1256 4056 1305 καὶ

2476 1348 2605 1417 μίαν
2630 1347 2724 1401 τοῦ
2759 1348 2919 1414 ἁγίου
2954 1349 3295 1418 Πνεῦματος,
3340 1347 3437 1400 καὶ
3478 1346 3609 1416 μίαν
3646 1344 3742 1397 τοῦ
3783 1344 3925 1396 Θεοῦ
3952 1343 4055 1395 Λό-

2472 1454 2593 1504 γου,
2642 1438 2736 1490 καὶ
2766 1437 2895 1505 μίαν
2943 1435 3038 1489 τοῦ
3072 1438 3339 1521 ρίριστοῦ.
3379 1435 3729 1507 Πανταχόθεν
3757 1434 4054 1496 δέδεικται,

2470 1528 2553 1584 ὅτι
2586 1527 2680 1581 δύο
2701 1527 2894 1597 φύσεις
2925 1528 3005 1584 δεῖ
3032 1527 3297 1599 δοξάζειν,
3323 1530 3385 1583 οὑ
3414 1528 3565 1603 μίαν.
3650 1597 3663 1625 ἒ

785 1846 1039 1906 Sincere
1073 1844 1474 1924 explicantur
1501 1843 1623 1905 loci
1649 1863 1802 1923 quos
1822 1843 2369 1983 stitnnteflhwrc

1909 1933 2126 1982 contra
2210 1943 2324 1983 uas
2363 1944 2369 1979 ι

2474 1848 2495 1905 i
2507 1845 2922 1937 “assumebant
2944 1847 3028 1908 ad
3056 1848 3589 1927 conﬁrmationem
3616 1868 3740 1909 suc
3760 1848 4061 1913 haereseos

2471 1933 2598 1984 "tstt
2635 1933 2920 1985 naturas.

1909 1933 2126 1982 contra
2167 1926 2324 1983 duas
2363 1926 2602 1985 Christi
2635 1933 2920 1985 naturas.

1386 2047 1593 2105 ACTIO
1627 2050 1761 2104 γιιι.

853 2142 894 2196 1.
917 2141 1111 2195 Restat
1153 2150 1212 2195 ut
1241 2140 1309 2195 de
1332 2141 1400 2196 iis
1424 2142 1768 2211 argumentis
1795 2157 1918 2213 qua:
1947 2141 2015 2197 de
2045 2151 2366 2196 sanctorum

783 2234 1008 2289 Patrum
1068 2233 1234 2288 dictis
1287 2232 1450 2287 nobis
1501 2231 1812 2302 proferunt,
1845 2248 2092 2303 agamus.
2126 2233 2202 2288 Ea
2234 2248 2368 2288 vero

784 2334 988 2393 partim
1022 2323 1193 2393 petita
1224 2333 1354 2376 sunt
1383 2338 1451 2376 ex
1480 2323 1547 2376 iis
1579 2338 1703 2392 quae
1730 2324 1973 2394 synodus
1995 2341 2105 2379 non
2129 2326 2367 2392 dixerit,

782 2418 986 2486 partim
1046 2417 1114 2471 ad
1169 2416 1569 2470 conciliandam
1619 2417 1865 2486 ipsorum
1898 2418 2150 2488 dogmati
2203 2417 2367 2472 fidem

785 2506 1186 2575 proferuntur,
1236 2506 1439 2575 partim
1472 2506 1712 2577 denique
1768 2515 2062 2562 struuntur
2107 2524 2172 2563 ex
2235 2510 2370 2579 ipsis

783 2597 979 2666 synodi
1012 2597 1215 2650 verbis.
1244 2595 1328 2651 0b
1348 2611 1412 2650 ea
1443 2612 1567 2665 qua:
1589 2614 1702 2651 non
1725 2598 1948 2665 dixerit,
1989 2600 2166 2654 tribus
2190 2601 2368 2657 modis

784 2688 1054 2758 synodum
1088 2688 1501 2758 reprehendunt
1531 2706 1544 2741 :
1582 2689 1730 2758 quod
1766 2690 2030 2745 nimirum
2067 2708 2175 2746 non
2210 2694 2369 2746 unio~

784 2796 912 2834 nem
954 2779 1349 2849 hypostatieam
1371 2822 1386 2845 ,
1434 2795 1537 2835 nec
1570 2797 1735 2835 unam
1764 2782 1859 2835 Dei
1888 2781 2171 2838 Sermonis
2203 2795 2366 2837 natu-

785 2886 899 2924 ram
940 2871 1308 2935 inearnatam,
1353 2887 1457 2926 nec
1490 2871 1636 2926 istud
1684 2872 1948 2942 loquendi
1994 2889 2172 2943 genus
2207 2890 2368 2929 usur-

783 2962 1034 3031 paverit,
1092 2962 1175 3015 h‘x
1218 2964 1421 3016 duubus
1453 2965 1682 3017 naturis.
1718 2965 1788 3017 At
1822 2964 2034 3028 isthzee,
2085 2964 2365 3033 inquiunt,

785 3053 970 3106 ottinia
1004 3063 1228 3107 sanctus
1259 3052 1349 3106 ille
1382 3053 1620 3123 Cyrillus
1649 3054 1900 3123 protulit.
1933 3055 2029 3109 Est
2058 3064 2241 3109 autem
2269 3072 2370 3127 par

788 3144 1019 3197 indicari
1050 3186 1064 3208 ,
1101 3144 1459 3212 quamobrem
1524 3144 1923 3214 hypostatieam
1965 3146 2223 3200 unionem
2276 3146 2368 3201 ille

786 3234 1007 3288 dixerit.
1046 3236 1251 3303 Duplex
1280 3235 1493 3288 scilicet
1523 3234 1688 3304 hujus
1717 3244 1802 3288 est
1838 3236 2174 3290 intellectus.
2232 3237 2367 3291 Nam

787 3326 1231 3395 quia'Nestot-ins
1250 3326 1477 3389 diceret,
1516 3326 1776 3379 unionem
1804 3326 1899 3380 Dei
1924 3327 2212 3381 Sermonis
2240 3344 2364 3381 eum

3068 2052 3327 2107 ΠΡΛΞΙΣ
3371 2051 3454 2107 η’.

2560 2145 2886 2199 ’Υπόλοιπόν
2910 2146 3028 2199 ἐστι
3062 2146 3190 2214 περὶ
3221 2145 3331 2199 τῶν
3363 2144 3809 2215 ἐπιχειρημάτων
3837 2139 3916 2200 ὧν
3946 2147 4058 2201 ἀπὸ

2471 2240 2717 2309 χρήσεων
2754 2236 2865 2291 τῶν
2909 2237 3081 2305 ἁγίων
3118 2237 3381 2306 Πατέρων
3430 2237 3847 2307 παραφέρουσιν
3896 2240 4056 2308 ημῖν,

2469 2327 2781 2393 διεξελθεῖν.
2834 2327 3054 2382 Τούτων
3080 2326 3162 2392 δὲ,
3204 2327 3272 2379 τὰ
3325 2328 3425 2398 μέν
3470 2331 3630 2390 εἰσιν.
3673 2329 3766 2396 ἀφ’
3827 2322 3905 2381 ὧν
3958 2329 4061 2382 ούκ

2471 2416 2626 2473 εἶπεν
2655 2422 2689 2489 ἡ
2707 2419 2926 2482 σύνοδος
2948 2436 2962 2451 ο
2990 2420 3059 2472 τὰ
3079 2419 3136 2473 δὲ
3162 2420 3549 2490 παραφέρουσι
3575 2419 3710 2487 πρὸς
3740 2419 3930 2472 πίστιν
3951 2420 4053 2474 τοῦ

2468 2510 2671 2562 οἰκείου
2704 2509 2973 2579 δόγματος
2999 2526 3012 2541 ·
3046 2510 3117 2563 τὰ
3140 2509 3196 2563 δὲ
3217 2551 3231 2575 ,
3264 2511 3356 2581 ἀφ’
3382 2504 3458 2564 ὧν
3482 2505 3657 2565 εἶπεν.
3692 2512 3811 2581 Ἀφ’
3838 2505 3922 2565 ὧν
3956 2515 4057 2583 μὲν

2469 2603 2571 2654 οὑκ
2604 2595 2781 2667 εἶπεν,
2812 2600 3277 2671 ἐπιλαμϐάνονται
3313 2601 3485 2672 αὑτῆς
3512 2604 3574 2654 ἐκ
3606 2602 3805 2673 τριῶν·
3842 2606 3923 2657 ὅτι
3956 2605 4059 2659 οὑκ

2471 2686 2624 2743 εἶπεν
2667 2692 2702 2761 ἡ
2746 2690 2964 2754 συνόδος
3011 2692 3110 2761 τὴν
3170 2690 3294 2744 καθ’
3337 2691 3637 2745 ὑπόστασιν
3674 2693 3890 2758 ἕνωσιν,
3930 2695 4058 2749 οὐδὲ

2475 2783 2606 2852 μίαν
2638 2782 2731 2836 τοῦ
2757 2782 2893 2836 Θεοῦ
2924 2783 3109 2851 Λόγου.
3137 2781 3300 2848 φύσιν
3339 2783 3940 2853 σεσαρκωμένην,ούδὲ
3970 2787 4056 2851 τὸ,

2469 2871 2539 2923 ἐκ
2586 2872 2699 2923 δύο
2749 2871 3016 2938 φύσεων.
3040 2869 3228 2934 Ταῦτα
3255 2871 3314 2924 δὲ
3341 2872 3518 2925 πάντα
3550 2876 3577 2925 ὁ
3602 2874 3760 2939 ἇγιος
3778 2872 4058 2943 Κύριλλος

2472 2959 2648 3015 εἷπεν.
2702 2963 2886 3029 Ἀξιον
2909 2963 2967 3015 δὲ
3013 2963 3210 3026 εἰπεῖν,
3255 2961 3399 3015 διατί
3441 2962 3590 3030 λέγει
3623 2965 3726 3035 τὴν
3764 2965 3887 3018 καθ’
3917 2966 4060 3017 ὑπό-

2473 3069 2663 3107 στασιν
2681 3054 2896 3107 ἕνωσιν.
2916 3054 3079 3123 Διττὴ
3097 3053 3276 3107 τοίνυν
3302 3053 3450 3106 ἐστὶν
3475 3054 3649 3123 αὑτῆς
3671 3057 3704 3125 ἡ
3727 3055 3927 3109 ἔννοια.
3949 3057 4062 3109 Τοῦ

2469 3144 2579 3214 γὰρ
2609 3144 2907 3211 Νεστορίου
2938 3144 3213 3211 λέγοντος,
3252 3144 3337 3196 ὅτι
3380 3145 3522 3198 κατὰ
3550 3145 3736 3215 σχέσιν
3764 3147 3999 3216 γέγονεν
4025 3151 4058 3217 ή

2470 3235 2665 3297 ἓνωσις
2690 3233 2785 3287 τοῦ
2813 3233 2955 3286 Θεοῦ
2995 3235 3175 3302 Λόγου
3204 3234 3336 3305 πρὸς
3364 3235 3462 3304 τὴν
3494 3237 3697 3307 σάρκα,
3736 3239 3832 3291 καὶ
3866 3255 4061 3308 σχετι-

2473 3325 2584 3389 κῶς
2609 3326 2859 3394 λέγοντος
2899 3324 2958 3378 ἓν
2983 3326 3277 3395 πρόσωπον
3306 3325 3403 3379 τοῦ
3431 3325 3574 3404 Θεοῦ
3618 3329 3794 3394 Λόγου
3826 3330 3924 3382 καὶ
3957 3331 4066 3399 τῆς

787 3433 954 3469 carne
995 3433 1090 3485 per
1120 3416 1468 3470 ali'eelionem
1497 3416 1789 3485 quamdam
1810 3432 1931 3471 esse
1957 3416 2365 3482 factam,adeo-

2476 3393 2702 3487 aapqu,
2728 3420 2756 3470 ὀ
2781 3417 2939 3483 ἅγιος
2970 3393 3241 3487 Κὺριλλος
3268 3397 3570 3485 ἀντιλέγων
3602 3393 3741 3488 πρὸς
3761 3420 3931 3472 αὑτόν
3959 3393 4071 3490 φη-

789 3525 894 3578 quc
930 3524 1222 3579 personant
1245 3509 1337 3562 Dei
1365 3508 1649 3562 Sermonis
1668 3518 1725 3562 et
1754 3509 1940 3563 carnis
1966 3524 2130 3563 unam
2156 3510 2367 3563 ratione

791 3602 966 3655 minui
994 3605 1223 3654 azlectns
1270 3616 1392 3654 esse
1438 3599 1681 3654 traderet
1720 3618 1733 3653 :
1775 3599 1985 3654 idcirco
2024 3610 2246 3654 sanctus
2282 3602 2365 3654 vir

788 3693 1026 3763 (lyrinus
1046 3694 1096 3746 ei
1115 3691 1517 3756 eoatradieens,
1544 3690 1802 3744 unionem
1824 3691 2219 3761 hypostaticam
2244 3706 2365 3745 esse

788 3785 986 3837 factam
1017 3784 1114 3846 ait,
1150 3784 1254 3837 hoc
1291 3792 1399 3847 est,
1428 3783 1640 3837 ratione
1664 3783 2056 3847 subsistentim,
2098 3782 2373 3852 ipsarum-

785 3889 895 3942 que
926 3874 1063 3926 adeo
1094 3890 1283 3928 rerum
1307 3873 1602 3938 unionem;
1631 3889 1739 3926 non
1758 3873 2068 3927 alfectionis
2095 3884 2365 3942 respectu.

785 3968 865 4019 Ac
907 3964 1214 4020 notandum
1268 3965 1358 4017 hic
1405 3980 1598 4019 rursus
1648 3965 1967 4035 hypostasin
2028 3965 2139 4019 diei
2188 3966 2258 4019 de
2304 3967 2371 4020 iis

783 4074 909 4126 qua!
930 4058 1256 4126 simpliciter
1277 4055 1573 4110 exsistunt.
1594 4055 1746 4109 Alter
1769 4056 2081 4110 intellectus
2095 4065 2199 4120 est,
2224 4057 2371 4125 quod

785 4152 1184 4222 hypostaticam
1217 4149 1480 4203 unionem
1504 4147 1703 4203 lactant
1737 4146 1979 4211 dixerit,
2025 4147 2131 4202 hoe
2162 4157 2267 4213 est,
2316 4149 2370 4203 in

784 4258 953 4296 unam
982 4241 1324 4313 hypostasin.
1365 4240 1440 4296 Ac
1467 4240 1744 4295 sententia
1766 4240 1990 4309 quidem
2014 4249 2247 4309 utraque
2281 4256 2371 4295 re-

789 4330 1032 4400 fragatur
1054 4331 1329 4395 Nestorio,
1350 4331 1529 4401 prima
1558 4338 1740 4385 tamen
1764 4330 1948 4385 verior
1968 4342 2072 4386 est.
2094 4330 2371 4403 Objieiunt

787 4422 958 4492 igitur
992 4422 1265 4493 synodum
1295 4423 1413 4476 htec
1438 4438 1467 4476 a
1496 4431 1689 4476 saneto
1733 4422 1941 4493 Cyrillo
1980 4423 2180 4477 tradita
2231 4426 2373 4495 reje-

786 4516 950 4578 cisse,
992 4531 1097 4569 nec
1128 4529 1322 4568 eorum
1357 4515 1696 4568 mentionem
1734 4516 1900 4569 ullam
1926 4515 2143 4570 fecisse.
2171 4518 2372 4573 Verum

785 4622 899 4660 uno
932 4606 1105 4660 verbo
1156 4605 1348 4659 isthaee
1393 4605 1580 4657 omnia
1630 4604 2047 4671 subvertimus,
2105 4609 2373 4678 synodum

786 4698 901 4763 illa,
954 4698 1112 4767 quasi
1144 4697 1460 4751 communia
1500 4696 1641 4750 etin
1679 4696 1932 4751 confesso
1958 4708 2141 4752 essent
2167 4739 2182 4763 ,
2233 4699 2369 4753 omi-

785 4791 924 4844 sisse
955 4807 968 4843 :
998 4803 1125 4842 nam
1160 4788 1423 4841 adversus
1453 4786 1758 4857 Eutyehem
1788 4786 2115 4851 disserebat,
2161 4787 2255 4856 qui
2301 4803 2368 4842 ex

786 4881 1061 4935 diametro
1092 4894 1217 4933 eum
1245 4878 1499 4932 Nestorio
1529 4892 1780 4947 pugnans
1800 4916 1814 4937 ,
1846 4885 1901 4930 et
1940 4877 2042 4929 ista
2069 4878 2208 4930 citra
2233 4892 2368 4931 con-

788 4974 1113 5027 troversiam
1150 4971 1445 5026 fatebatur.
1478 4970 1596 5023 Non
1634 4985 1719 5022 ρει
1756 4979 1940 5022 autem
1969 4967 2367 5033 necessarium,

787 5074 847 5118 ut
878 5080 998 5134 quae
1021 5063 1273 5117 confessa
1308 5071 1458 5123 sunt,
1494 5060 1722 5113 omnino
1754 5068 2033 5128 ponantur
2065 5076 2078 5111 :
2115 5058 2211 5111 sed
2242 5058 2374 5112 licet

787 5171 850 5208 ea
893 5169 1289 5223 nonnunquam
1314 5154 1593 5206 omittere.
1626 5152 1773 5205 Satis
1802 5152 1906 5205 hoc
1935 5151 2130 5221 synodi
2160 5151 2373 5221 priores

788 5244 1116 5308 ostendunt,
1151 5261 1273 5314 qua:
1304 5244 1571 5314 pleraque
1592 5242 1845 5297 confessa
1875 5242 1929 5297 in
1953 5242 2209 5311 pluribus
2230 5244 2372 5297 omi-

790 5348 1000 5392 s~runt.
1037 5337 1245 5392 Deinde
1281 5336 1551 5409 synodum
1587 5336 1777 5389 multis
1807 5335 1862 5388 in
1899 5334 2041 5388 locis
2073 5351 2237 5389 unam
2277 5336 2373 5408 hy-

2475 3526 2581 3573 σιν,
2614 3510 2697 3562 ὅτι
2727 3507 2849 3561 καθ’
2887 3507 3190 3560 ὑπόστασιν
3222 3510 3449 3575 γέγονεν
3472 3510 3505 3578 ἡ
3531 3508 3746 3574 ἓνωσις,
3771 3511 3919 3563 τοῦτ’
3943 3512 4068 3564 ἔστι

2473 3599 2592 3653 καθ’
2643 3599 2903 3668 ὓπαρξιν,
2949 3598 3047 3651 καὶ
3077 3598 3258 3651 αὑτῶν
3299 3602 3678 3669 πραγμάτων·
3734 3604 3827 3655 καὶ
3868 3603 4072 3657 οὑκέτι

2472 3691 2619 3757 λέγει
2659 3692 2801 3743 κατὰ
2840 3691 3046 3760 σχέσιν.
3084 3689 3198 3743 Καὶ
3232 3690 3573 3759 σημειωτέον
3620 3692 3787 3745 πάλιν
3818 3695 4071 3750 ἐνταῦθα

2470 3784 2569 3854 τὴν
2592 3783 2891 3835 ὑπόστασιν
2921 3784 3017 3835 καὶ
3066 3782 3161 3834 ἐπὶ
3207 3780 3319 3834 τῶν
3358 3781 3532 3834 όντων
3560 3783 3771 3848 ἁπλῶς.
3811 3787 4070 3858 Δευτὲρα

2471 3873 2529 3925 δὲ
2560 3871 2737 3925 ἒννοιά
2768 3875 2937 3937 ἐστιν,
2970 3873 3054 3925 ὅτι
3082 3871 3205 3925 καθ’
3247 3873 3550 3927 ὑπόστασιν
3583 3874 3780 3927 ἕνωσιν
3812 3870 3941 3929 εἷπε
3974 3895 4073 3946 γε·

2473 3966 2683 4029 νέσθαι,
2710 3964 2854 4018 τοῦτ’
2880 3963 3030 4017 ἔστιν
3069 3964 3128 4016 ἐν
3172 3963 3274 4034 μιᾷ
3317 3964 3637 4019 ὑποστάσει.
3676 3966 3790 4019 Kal.
3821 3967 4072 4038 ἑκατέρα

2477 4059 2579 4128 μὲν
2609 4058 2789 4110 ἔννοια
2824 4058 3130 4110 ἀντίκειται
3169 4057 3476 4127 Νεστορίῳ,
3512 4057 3656 4128 πλὴν
3687 4058 4077 4131 ἀληθινωτέρα

2474 4152 2508 4220 ἡ
2534 4149 2750 4220 πρώτη.
2784 4149 3054 4216 Λέγουσιν
3078 4144 3194 4211 οῦν,
3232 4145 3339 4199 Τοῦ
3368 4148 3525 4215 ἁγίου
3577 4148 3851 4219 Κυρίλλου
3888 4151 4075 4203 ταῦτα

2475 4242 2743 4304 εἰπόντος,
2801 4241 2833 4311 ἠ
2882 4239 3103 4301 σύνοδος
3175 4239 3487 4293 ἀπεσάλετο
3544 4241 3708 4304 αὑτὰ,
3768 4241 3866 4296 καὶ
3909 4244 4075 4297 οὐδὲν

2475 4332 2604 4404 περὶ
2633 4330 2816 4385 αὑτῶν
2842 4326 3017 4385 εἶπεν.
3072 4330 3187 4382 Ἐνί
3218 4329 3277 4381 δὲ
3325 4329 3470 4400 λόγῳ
3512 4329 3689 4383 ταῦτα
3716 4331 3892 4385 πάντα
3930 4334 4073 4385 ἀνα-

2472 4441 2501 4476 τ
2511 4423 2773 4494 ρέπομεν,
2803 4423 2887 4476 ὅτι
2913 4422 2989 4485 ὡς
3014 4420 3172 4475 κοινὰ
3197 4420 3328 4474 ὄντα
3352 4422 3448 4474 καὶ
3472 4422 3885 4493 ὁμολογούμενα
3922 4441 4076 4495 παρα

2475 4515 2657 4569 είασεν
2706 4515 2847 4568 αὑτὰ
2882 4515 2915 4584 ἠ
2965 4513 3186 4579 σύνοδος
3221 4528 3236 4543 ·
3276 4514 3414 4585 πρὸς
3455 4514 3671 4583 Εὐτυχῆ
3716 4517 3826 4586 γὰρ
3854 4516 3951 4569 τὸν
3981 4517 4075 4569 3.6-

2475 4624 2573 4674 γον
2620 4608 2881 4666 ἐποιεῖτο.
2914 4604 3066 4665 ὅστις
3107 4605 3172 4656 ἐκ
3213 4603 3510 4674 διαμέτρου
3542 4603 3621 4673 τῷ
3652 4605 3939 4678 Nec-rapio)
3970 4624 4075 4675 μα·-

2401 4736 2448 4792 n
2476 4700 2731 4771 χόμενος,
2765 4697 3013 4765 δηλονότι
3051 4696 3148 4749 καὶ
3177 4697 3352 4749 ταῦτα
3393 4695 3691 4764 ὡμολόγει.
3730 4698 3843 4750 Ka‘t
3873 4698 3983 4750 οὑκ
4018 4698 4076 4762 ἐξ

2478 4791 2725 4859 ἀνάγκης
2746 4788 2828 4841 δεῖ
2858 4788 2928 4841 τὰ
2963 4786 3376 4857 ὁμολογούμενα
3409 4786 3632 4849 πάντως
3684 4786 3896 4839 τιθέναι
3917 4804 3932 4817 ·
3956 4788 4073 4842 ἀλλ’

2475 4881 2566 4935 εστ
2576 4899 2624 4934 ιν
2645 4880 2815 4934 ἐνίοτε
2833 4877 3301 4949 παραλιμπάνειν.
3323 4877 3430 4930 Ka‘t
3450 4876 3704 4947 δηλοῦσιν
3723 4878 3780 4929 al
3806 4880 4076 4952 προέτεραι

2478 4973 2712 5034 σύνοδοι,
2740 4969 2913 5023 πολλὰ
2940 4968 3050 5021 τῶν
3080 4968 3529 5038 ὁμολογουμένων
3549 4969 3608 5020 ὲν
3648 4967 3867 5031 πολλοῖς
3893 4985 4077 5041 παρα-

2472 5065 2748 5134 λείψασαι.
2780 5061 3015 5115 Ἔπειτα
3053 5060 3382 5130 εὑρίσκομεν
3422 5061 3480 5113 ὲν
3507 5059 3725 5122 πολλοῖς
3754 5062 3951 5115 τόποις
3979 5064 4074 5131 τὴν

2473 5156 2690 5208 σύνοδον
2725 5151 3006 5216 εἰποῦσαν,
3032 5150 3162 5220 μίαν
3193 5149 3516 5211 ὑπόστασιν,
3545 5149 3641 5202 καὶ
3663 5147 3723 5200 ἓν
3746 5150 4070 5218 πρόσωπον·

2469 5252 2606 5318 ὅπερ
2644 5247 2796 5299 οὐδὲν
2825 5244 3011 5313 ἕτερον
3043 5244 3191 5295 ὲστιν
3222 5242 3417 5304 εἰπεῖν,
3449 5244 3497 5293 εἰ
3529 5239 3606 5313 μὴ
3640 5241 3740 5312 τὴν
3773 5242 3901 5293 καθ’
3941 5242 4076 5294 ὑπό-

2473 5356 2661 5393 στασιν
2685 5338 2711 5389 ἓ
2729 5352 2902 5388 .ωσιν.

791 5436 1316 5506 pastasin.etunam
1340 5448 1629 5504 personam
1649 5431 1855 5486 dixisse
1875 5430 2374 5501 deprehendimus:
2416 5436 2566 5509 quod
2592 5433 2733 5489 nihil
2762 5439 2847 5484 est
2904 5428 3054 5482 aliud
3085 5426 3274 5481 dicere
3299 5465 3315 5491 .
3361 5441 3527 5496 quam
3596 5426 3865 5481 unionem
3898 5426 4074 5498 hypo-

789 5530 1069 5585 statieam.

859 5625 926 5678 ιι.
959 5625 1027 5679 Et
1058 5625 1173 5681 haec
1210 5623 1434 5695 quidem
1468 5632 1597 5675 sunt
1624 5620 1691 5674 de
1715 5621 1783 5674 iis
1802 5634 1924 5688 qua:
1959 5619 2202 5689 synodus
2228 5623 2371 5675 omi-

787 5715 945 5769 serit.
979 5717 1058 5769 Ad
1088 5716 1400 5770 faciendum
1436 5730 1571 5769 vero
1595 5712 1757 5768 fidem
1788 5712 2031 5781 dogmati
2056 5728 2159 5766 suo
2184 5713 2373 5782 plures

788 5806 1146 5861 auctoritates
1183 5806 1532 5876 producunt,
1579 5819 1817 5874 quarum
1848 5814 1931 5859 est
1965 5804 2140 5874 prima
2169 5843 2183 5869 ,
2221 5804 2370 5873 quod

2552 5621 2660 5675 Kal
2689 5619 2861 5674 ταῦτα
2895 5618 2993 5687 μέν
3019 5617 3157 5669 εἰσιν
3181 5652 3196 5677 ,
3242 5614 3337 5684 ἀφ’
3375 5606 3451 5669 ὧν
3482 5613 3581 5666 οὑκ
3611 5609 3755 5669 εἷπε.
3786 5615 3935 5683 Πρὸς
3988 5615 4073 5667 πέ-

2481 5730 2598 5766 στιν
2630 5712 2687 5765 δὲ
2707 5710 2800 5764 τοῦ
2832 5710 3035 5764 οἰκείου
3084 5706 3357 5775 δόγματος
3407 5707 3791 5778 παραφέρουσι
3850 5708 4071 5778 χρήσεις

2481 5802 2681 5866 πολλάς
2709 5818 2722 5831 ·
2753 5801 2848 5855 καὶ
2885 5799 3073 5872 πρώτη
3111 5796 3212 5869 μὲν
3259 5797 3341 5851 ὅτι
3376 5798 3406 5850 ό
3437 5798 3590 5876 ἅγιος
3618 5796 3897 5869 Κύριλλος
3924 5813 4067 5869 ςανερ
