4218 6444
187 439 326 502 1253

1374 437 1469 496 DE
1508 436 1781 495 SECTIS.
1827 461 1889 472 ο-
1931 436 2087 495 ΜΣΤ.
2132 438 2293 495 ‘i'IlI.

3295 443 3429 508 1254

185 553 294 619 ρῶς
320 547 440 603 εἶπε
471 550 602 618 μίαν
627 542 788 616 φῦσιν
816 547 909 599 τοῦ
938 546 1072 600 Θεοῦ
1103 549 1275 615 Λόγου
1307 548 1751 618 σεσαρκωμένην.
1789 556 1828 610 Α

1789 556 1828 610 Α
1861 558 2086 601 sanctus
2123 548 2211 600 ille
2242 546 2480 615 tlyrillus
2513 562 2678 601 unam
2714 554 2970 601 naturam
3020 549 3114 602 Dei
3152 549 3434 607 Sermonis

185 644 328 712 Πρὸς
360 639 518 694 τοῦτο
543 639 773 707 λέγομεν
793 677 808 702 ,
840 639 922 690 ὅτι
945 637 1312 706 ὁμολογοῦμεν
1346 637 1436 688 τὸν
1463 640 1616 704 ἅγιον
1645 638 1755 689 Κύ-

183 734 365 804 ριλλον
423 731 581 784 τοῦτο
651 730 969 800 εἰρηκέναι’
1031 730 1148 782 ἀλλ’
1217 729 1372 780 οὐδὲν
1421 728 1758 781 ἐναντιοῦται

179 825 342 878 τοῦτο
383 823 746 894 τῷδόγματι.
796 824 870 874 Οὐ
917 823 1024 890 γὰρ
1059 817 1178 872 εἷπε
1210 821 1305 872 τοῦ
1345 822 1579 889 Χριστοῦ
1633 822 1759 890 μίαν

181 915 350 983 φύσιν
377 911 825 982 σεσαρκωμένην,
853 911 987 964 ἀλλὰ
1027 911 1156 979 μίαν
1183 911 1344 979 φύσιν
1372 911 1464 962 τοῦ
1491 910 1626 962 Θεοῦ
1658 910 1760 961 Λό-

181 1021 282 1069 γου
327 1001 792 1072 σεσαρκωμένην,
840 1002 940 1066 τὴν
985 1000 1151 1066 ἄλλην
1192 998 1356 1066 φύσιν
1405 998 1601 1066 δηλῶν.
1655 997 1761 1048 Καὶ

179 1094 266 1142 ὅτι
291 1094 391 1158 τὴν
420 1090 588 1160 ἀλλην
610 1089 861 1157 βούλεται
890 1087 1131 1156 δηλῶσαι
1164 1085 1348 1153 φύσιν,
1370 1087 1449 1151 τῷ
1473 1087 1648 1138 εἰπεῖν
1675 1101 1763 1136 σε-

183 1181 549 1250 σαρκωμὲνην
573 1197 587 1210 ·
628 1179 788 1248 δῆλον
834 1177 926 1244 ἀφ’
957 1171 1032 1228 ὧν
1076 1177 1269 1228 ἑαυτὸν
1309 1177 1660 1242 ἐπεξηγεῖται
1704 1177 1762 1227 ἐν

179 1275 247 1340 τῇ
286 1272 423 1340 πρὸς
453 1269 750 1321 Σούκενσον
776 1267 1005 1336 δευτέρᾳ
1042 1267 1299 1335 ἐπιστολῇ
1336 1267 1512 1334 λέγων
1533 1282 1546 1297 ο
1574 1268 1634 1317 Εἰ
1665 1267 1762 1335 μὲν

180 1364 293 1431 γὰρ
327 1364 454 1432 μίαν
483 1359 644 1430 φύσιν
671 1360 917 1421 εἰπόντες
951 1358 1046 1410 τοῦ
1071 1358 1206 1410 Θεοῦ
1239 1359 1436 1425 Λόγου,
1469 1361 1763 1426 σεσιγήκα-

183 1470 311 1521 μεν,
333 1454 434 1504 οὐκ
460 1451 847 1518 ἐπενεγκόντ-ς
878 1450 958 1513 τὸ,
994 1449 1469 1518 σεσιιρκωμένην
1490 1465 1503 1478 ·
1535 1450 1649 1502 ἀλλ’
1684 1444 1764 1511 οἷς

179 1549 291 1612 ἔξω
315 1548 500 1607 θέντες
536 1547 637 1614 τὴν
674 1545 986 1612 οἰκονομίαν
1010 1583 1025 1607 ,
1050 1539 1118 1610 ἦν
1149 1545 1334 1604 αὐτοῖς
1362 1543 1505 1612 τάχα
1536 1559 1637 1594 που
1673 1541 1768 1592 καὶ

179 1639 286 1689 οὐκ
312 1635 579 1697 ἀπίθανος
614 1637 642 1686 ὁ
671 1634 828 1700 λόγος
865 1631 1354 1703 προσποιουμένοις
1387 1632 1596 1701 ἐρωτᾷν
1616 1670 1630 1691 ,
1653 1626 1763 1681 ’ποῦ

179 1730 246 1781 τὸ
273 1729 479 1781 τέλειον
511 1731 569 1780 ἐν
598 1726 1003 1797 ἀνθρωπότητι,
1026 1726 1060 1794 ἢ
1087 1726 1201 1787 πῶς
1242 1726 1551 1793 ὑφέστηκεν
1585 1725 1618 1792 ἡ
1645 1720 1767 1774 καθ’

182 1819 334 1886 ἡμᾶς
355 1818 515 1870 οὐσία
533 1835 550 1883 ;
569 1816 784 1884 Ἐπειδὴ
808 1815 866 1868 δὲ
896 1816 991 1868 xui.
1013 1817 1046 1884 ὴ
1081 1818 1138 1866 ἐν
1165 1813 1544 1883 άνθρωπότητι
1563 1811 1765 1864 τελειό-

1862 640 2197 690 inearnatam
2232 647 2422 704 aperte
2471 636 2691 691 dixerit.
2741 638 2820 691 Ad
2859 639 2964 691 hoc
3013 641 3429 708 respondemus,

1859 730 2019 782 fateri
2058 743 2158 780 nos
2213 730 2264 781 id
2317 744 2346 781 a
2388 739 2578 784 sancto
2606 728 2811 799 Cyrillo
2860 730 3066 784 dictum
3098 749 3111 783 :
3141 733 3237 784 sed
3287 733 3430 786 idem

1859 817 1996 871 nihil
2022 817 2245 870 omnino
2269 821 2554 872 sementim
2590 830 2789 872 nostra:
2826 821 3103 887 refragari.
3137 819 3252 873 Non
3285 822 3431 875 enim

1859 909 2064 962 Christi
2091 919 2340 962 naturam
2371 927 2532 964 unam
2567 913 2902 966 incantatam
2936 912 3074 965 dixit
3097 951 3111 971 ,
3135 913 3230 966 sed
3271 927 3434 966 unam

1863 1013 2114 1056 naturam
2147 1003 2242 1056 Dei
2278 1003 2558 1057 Sermonis
2607 1007 2981 1070 incarnatam;
3016 1004 3274 1057 videlicet
3302 1003 3438 1056 alte-

1865 1109 1978 1147 ram
2011 1095 2158 1146 illam
2191 1105 2442 1148 naturam
2465 1096 2751 1148 denotatis.
2779 1096 2840 1148 Et
2863 1097 3008 1164 quod
3033 1097 3261 1149 alteram
3288 1094 3434 1145 illam

1864 1182 2174 1250 signiﬁcare
2205 1185 2462 1248 voluerit,
2493 1185 2622 1237 dum
2651 1184 2983 1238 incarnatam
3018 1187 3113 1249 ait,
3138 1200 3205 1239 ex
3237 1185 3303 1238 iis
3325 1199 3439 1237 ma-

1864 1273 2121 1326 nifestum
2155 1285 2238 1327 est
2264 1275 2466 1342 quibus
2526 1275 2766 1342 seipsum
2813 1274 2866 1327 in
2900 1274 3133 1326 secunda
3181 1274 3248 1326 ad
3295 1271 3437 1326 Suc-

1865 1376 2079 1415 cessum
2111 1364 2344 1431 epistola
2383 1364 2647 1426 declarat,
2680 1365 2938 1430 inquiens
2967 1381 2979 1415 :
3005 1362 3162 1428 Quod
3193 1364 3236 1416 si
3271 1377 3436 1416 unam

1867 1453 1963 1506 Dei
2017 1453 2304 1507 Sermonis
2364 1464 2612 1508 naturam
2660 1455 2906 1508 dicentes
2963 1454 3436 1510 obticuissemus.

1868 1559 1969 1597 nec
2025 1544 2252 1597 verbum
2317 1544 2492 1612 illud,
2552 1547 2919 1605 incarnatam,
2968 1545 3436 1612 subjecisscmus,

1867 1633 2115 1702 adeoque
2151 1611 2615 1703 dispensationem
2642 1637 2815 1704 ipsam
2839 1636 2989 1688 velut
3018 1637 3395 1686 amisissemus
3422 1650 3435 1684 :

1867 1724 2098 1778 fortasse
2139 1725 2438 1792 probabilis
2467 1736 2616 1780 esset
2660 1727 2908 1793 ipsorum
2951 1726 3163 1787 oratio,
3195 1738 3440 1792 quaerere

1870 1817 1937 1871 de
1969 1816 2132 1870 nobis
2161 1833 2269 1884 pra:
2304 1833 2360 1870 se
2393 1817 2711 1878 ferentium,
2743 1818 2832 1869 ubi
2872 1818 2943 1870 sit
2974 1818 3062 1870 illa
3085 1817 3353 1886 perfectio
3385 1816 3440 1869 in

181 1928 310 1980 της,
341 1910 440 1962 καὶ
470 1911 569 1972 τῆς
599 1909 725 1962 καθ’
755 1909 902 1977 ἡμᾶς
945 1907 1134 1969 οὐσίας
1179 1909 1213 1976 ἡ
1247 1906 1480 1974 δήλωσις
1518 1903 1764 1956 εἰσκεκό-
1795 1897 1835 1950 Β

1795 1897 1835 1950 Β
1867 1907 2204 1960 humanitate
2234 1947 2248 1972 ,
2311 1907 2395 1960 vel
2448 1908 2727 1976 quomodo
2775 1907 3086 1961 substantia
3136 1922 3300 1974 quam
3338 1919 3441 1958 nos

186 2019 382 2072 μισται
408 2001 497 2053 διά
527 2001 589 2053 τὺ
628 1999 810 2068 λέγειν
850 2000 1280 2067 σεσαρκωμένην
1303 2013 1316 2027 °
1361 1993 1768 2049 παυσάσθωσαν

119 2113 124 2118 ’
183 2093 501 2162 καλαμίνην
545 2092 740 2164 ῥάϐδον
781 2091 997 2152 ἑαυτοῖς
1026 2089 1456 2156 ὑποστήσαντες.
1495 2085 1632 2146 Τοὺς
1661 2081 1768 2152 γάρ

184 2185 554 2244 ἐκϐάλλοντας
574 2184 675 2252 τὴν
720 2180 1036 2249 οἰκονομίαν
1061 2222 1076 2245 ,
1123 2180 1218 2232 καὶ
1261 2176 1632 2247 ἀρνουμένους
1669 2173 1768 2242 τὴν

187 2277 490 2348 σάρκωσιν,
536 2269 605 2344 ἦν
651 2274 714 2326 τὸ
760 2270 1112 2339 ἐγκαλεῖσθαι
1143 2269 1396 2330 δικαίως,
1438 2263 1769 2335 ἀφαιρουμέ·

183 2384 314 2429 νους
368 2366 462 2418 τὸν
515 2365 648 2417 Υἰδν
697 2362 798 2432 τῆς
849 2363 1062 2421 τελείας
1104 2359 1542 2430 ἀνθρωπότητος.
1595 2357 1657 2408 Εἰ
1713 2355 1770 2407 δὲ

184 2461 351 2531 ἔφην,
393 2461 450 2512 ἐν
477 2458 556 2529 τῷ
591 2455 976 2527 σεσαρκῶσθαι
1007 2453 1191 2522 λέγειν
1225 2452 1408 2514 αὐτὸν,
1441 2451 1623 2519 σαφής
1653 2450 1768 2500 ἐστι

185 2552 288 2606 καὶ
313 2549 684 2620 ἀναμφίλογος
706 2552 739 2618 ὴ
766 2547 1030 2618 ὁμολογία
1055 2545 1172 2609 τοῦ,
1197 2546 1278 2598 ὅτι
1310 2544 1532 2612 γέγονεν
1558 2540 1654 2596 ἄνθ
1665 2557 1770 2610 ρω-

184 2661 292 2708 πος
317 2662 331 2674 ·
367 2642 520 2696 οὐδὲν
542 2642 623 2694 ἐτι
667 2639 866 2694 κωλύει
917 2643 1083 2702 νοεῖν,
1130 2639 1206 2699 ὡς
1247 2631 1328 2698 εἷς
1369 2635 1630 2704 ὑπάρχων
1677 2630 1769 2685 καὶ

191 2736 356 2812 μόνος
386 2734 414 2784 ὁ
455 2731 708 2802 Χριστὸς,
753 2729 915 2790 αὐτὸς
957 2729 1089 2790 Θεὸς
1138 2729 1251 2778 ἐστι
1298 2726 1393 2776 καὶ
1441 2723 1724 2792 ἄνθρωπος
1753 2737 1766 2751 ·

187 2825 384 2894 ὥσπερ
408 2825 465 2876 ἐν
495 2821 708 2889 θεότητι
730 2820 959 2881 τέλειος,
990 2817 1134 2870 οῦτω
1162 2817 1256 2869 καὶ
1302 2818 1359 2867 ἐν
1387 2814 1770 2882 ἁνθρωπότητι

192 2917 418 2974 τέλειος.
476 2913 775 2983 Ὀρθότατα
811 2911 887 2972 δὲ,
922 2909 1014 2963 καὶ
1053 2911 1190 2962 πάνυ
1235 2907 1471 2968 συνετῶς
1516 2908 1548 2976 η
1584 2905 1651 2977 σὴ
1677 2923 1768 2958 τεο

187 3008 404 3076 λειότης
427 3005 518 3059 τὴν
553 3005 682 3076 περὶ
708 3002 804 3055 τοῦ
835 3001 1104 3071 σωτηρίου
1136 2999 1343 3060 πάθους
1383 2997 1652 3050 ἐκτίθεται
1679 2997 1768 3049 λό-

190 3119 316 3168 γον,
345 3099 447 3150 οὐκ
494 3097 654 3148 αὑτὸν
699 3095 793 3147 τδν
845 3093 1106 3162 μονογενῆ
1149 3092 1275 3142 Υίὸν
1301 3089 1396 3141 τοῦ
1430 3087 1589 3151 Θεοῦ,
1633 3087 1771 3141 καθὸ

193 3195 395 3243 νοεῖται
436 3189 530 3240 καί
563 3187 677 3239 ἐστι
701 3185 855 3247 Θεὸς,
898 3183 1090 3236 παθεῖν
1117 3183 1195 3243 εἰς
1221 3181 1356 3233 ἰδίαν
1387 3179 1548 3246 φύσιν
1573 3178 1641 3230 τὰ
1675 3177 1768 3230 τοῦ

195 3281 454 3349 σώματος
495 3273 938 3344 διισχυριζομένη
963 3290 976 3304 ·
1021 3271 1216 3324 παθεῖν
1259 3271 1316 3323 δὲ
1358 3269 1522 3321 αὑτὸν
1570 3268 1770 3337 μᾶλλον

191 3373 262 3442 τῇ
291 3371 447 3438 χοῖκῇ
477 3367 654 3434 φύσει.
687 3364 832 3416 Ἔδει
863 3365 992 3430 γὰρ,
1021 3362 1129 3413 ἔδει
1155 3360 1340 3428 σαφῶς
1362 3359 1646 3428 ἀμφότερα
1669 3356 1772 3409 σὼ-

196 3459 387 3522 ζεσθαι
429 3457 507 3525 τῷ
552 3455 630 3507 ἐνὶ
657 3456 774 3506 κατ’
818 3452 1079 3520 ἀλήθειαν
1111 3449 1246 3516 Titii,
1283 3449 1377 3501 καὶ
1411 3448 1472 3500 τὸ
1539 3447 1613 3516 μὴ
1667 3448 1773 3499 πάι-

198 3567 351 3619 ηειν
397 3547 614 3608 θεῖκῶς,
648 3546 741 3596 καὶ
779 3546 838 3595 τὸ
868 3542 1118 3608 λέγεσθαι
1152 3541 1346 3593 παθεῖν
1379 3538 1766 3609 ἀνθρωπίνωςο

197 3643 232 3710 ἡ
265 3638 429 3693 αὑτοῦ
456 3638 564 3706 γὰρ
588 3635 821 3688 πέπονθε
854 3633 1011 3702 σάρξ.

1870 1999 2153 2062 tradimus,
2189 1999 2499 2052 subsistat?
2531 1997 2636 2052 Sed
2681 2001 2941 2068 quoniam
2983 2007 3038 2052 et
3080 1999 3198 2066 ipsa
3242 1998 3296 2050 in
3339 1997 3442 2050 hu-

1868 2089 2129 2143 manitate
2157 2089 2447 2158 perfectio,
2479 2097 2535 2142 et
2561 2089 2882 2144 substantiae
2907 2105 3070 2158 quam
3111 2104 3213 2144 nos
3266 2088 3440 2143 tradi-

1869 2195 2012 2242 mus,
2061 2178 2397 2248 significatio
2447 2195 2548 2250 per
2581 2179 2809 2233 verbum
2859 2181 3001 2232 istud
3027 2220 3041 2242 ,
3075 2181 3438 2242 incarnatam,

1866 2271 2268 2340 comprehensa
2302 2279 2389 2324 est
2423 2311 2438 2334 ,
2477 2272 2641 2324 inniti
2709 2271 3018 2326 arundineo
3055 2271 3251 2326 baculo
3291 2271 3440 2326 desi-

1867 2370 2020 2415 nant.
2053 2361 2188 2416 Nam
2217 2361 2690 2431 dispensationem
2722 2364 3060 2434 rejicientes,
3093 2372 3149 2419 et
3181 2363 3443 2418 incarna-

1866 2451 2072 2506 tionem
2099 2461 2378 2522 negantes,
2411 2453 2605 2506 merito
2639 2468 3068 2519 accusaremur;
3101 2461 3203 2508 c‘eu
3236 2455 3438 2508 Filium

1869 2543 2112 2613 perfecta
2143 2544 2484 2599 humanitate
2537 2545 2856 2614 spoliantes.
2891 2546 2961 2600 At
2988 2561 3123 2602 vero
3157 2548 3205 2602 si
3238 2547 3440 2611 dicam,

1869 2635 1925 2688 in
1954 2651 2023 2689 eo
2075 2636 2223 2705 quod
2267 2637 2446 2706 ipsum
2494 2638 2837 2692 incarnatum
2889 2640 3041 2706 dixi,
3090 2641 3441 2710 perspicuam

1869 2726 2207 2794 minimeque
2265 2728 2576 2797 ambiguam
2628 2743 2752 2782 esse
2799 2730 3246 2795 confessionem,
3291 2727 3442 2798 quod

1871 2815 2033 2868 homo
2065 2819 2242 2871 factus
2266 2817 2335 2870 sit
2366 2859 2380 2880 ,
2409 2818 2546 2870 nihil
2598 2825 2682 2871 est
2731 2820 2996 2888 amplius,
3023 2819 3170 2890 quod
3197 2820 3442 2890 cogitare

1871 2913 2038 2971 vetet,
2083 2905 2368 2960 Christum
2393 2924 2562 2962 unum
2587 2917 2644 2962 et
2673 2910 2917 2975 unicum,
2951 2911 3158 2978 pariter
3187 2918 3242 2964 et
3270 2912 3441 2965 Deum

1869 3006 1925 3050 et
1963 2997 2242 3052 hominem
2281 3014 2441 3053 esse:
2481 3007 2541 3051 ut
2574 3000 2880 3067 perfectum
2911 3002 2966 3054 in
3005 3001 3331 3064 divinitate,
3363 3001 3444 3055 sic

1870 3087 2035 3140 etiam
2068 3087 2372 3156 perfectum
2411 3088 2463 3141 in
2495 3088 2859 3143 humanitate.
2914 3092 3240 3146 Rectissime
3285 3105 3442 3155 vero,

1870 3187 1926 3230 et
1977 3179 2271 3232 admodum
2308 3179 2525 3232 erudite
2558 3180 2825 3248 perfectio
2877 3189 2968 3234 tua
3016 3183 3325 3236 doctrinam
3374 3183 3442 3237 de

1874 3269 2125 3337 passione
2151 3271 2377 3323 salutari
2403 3273 2648 3340 exponit,
2675 3288 2799 3324 cum
2819 3288 2926 3325 non
2953 3273 3128 3342 ipsum
3149 3274 3442 3344 unigenam

1870 3361 1965 3414 Dei
1996 3361 2214 3424 Filium,
2253 3369 2528 3430 quatenus
2559 3362 2882 3430 intelligitur
2909 3371 2966 3416 et
3010 3372 3096 3417 est
3128 3365 3290 3430 Deus,
3319 3381 3444 3434 pas-

1871 3468 1990 3506 smn
2023 3454 2077 3506 in
2119 3438 2310 3507 natura
2352 3470 2470 3518 sua,
2513 3470 2636 3523 qua:
2667 3455 2873 3508 cadunt
2907 3457 2962 3508 in
3005 3471 3238 3525 corpus.
3301 3455 3446 3510 δαῖτ-

1874 3559 1990 3597 mas
2012 3561 2025 3596 :
2046 3545 2139 3598 sed
2165 3545 2350 3614 potius
2380 3561 2505 3599 eum
2539 3554 2734 3599 natura
2765 3556 2978 3601 terrena
3006 3563 3249 3617 passum.
3273 3549 3447 3619 Opor-

1876 3635 2024 3689 tebat
2049 3638 2219 3700 enim,
2254 3637 2546 3706 oportebat
2578 3647 2811 3705 utraque
2843 3639 3133 3694 manifesto
3151 3640 3298 3694 salva
3324 3655 3446 3694 esse

199 3737 299 3790 uni
337 3748 528 3800 reapse
561 3731 734 3793 Filio;
771 3741 882 3782 tum
935 3737 995 3781 ut
1047 3725 1353 3780 divinitatis
1379 3735 1631 3794 respectu
1663 3741 1774 3778 non
1810 3740 2115 3797 pateretur,
2143 3741 2255 3785 tum
2316 3745 2375 3785 ut
2424 3733 2745 3787 humanitus
2767 3747 2888 3788 esse
2918 3749 3114 3803 passus
3137 3735 3443 3790 diceretur:

196 3827 404 3898 quippe
435 3838 565 3880 caro
601 3822 773 3891 ipsius
811 3835 968 3889 passa
999 3819 1119 3872 fuit.

285 3919 479 3974 ’ἰστέον
505 3915 580 3976 δὲ,
612 3915 694 3967 ὅτι
730 3912 946 3982 πρῶτος
981 3912 1039 3963 ὲν
1070 3908 1368 3981 ὀρθοδὸξοις
1395 3908 1478 3971 τὸ,
1513 3907 1640 3979 μίαν
1672 3908 1774 3977 φύ-

198 4028 285 4064 σιν
324 4007 418 4061 τοῦ
463 4005 599 4058 Θεοῦ
645 4004 818 4069 Λόγου
879 4001 1320 4072 σεσαρκωμένην,
1373 3995 1523 4052 εἶπεν
1553 4000 1580 4052 ὁ
1623 3999 1775 4067 ἅγιος

197 4099 491 4171 Κύριλλος.
529 4094 615 4147 Ἐν
647 4091 946 4164 ὀρθοδόξοις
965 4091 1022 4143 δὲ
1056 4093 1303 4161 είπομεν,
1337 4089 1521 4160 ἐπειδὴ
1555 4093 1584 4142 6
1622 4092 1777 4144 Ἀπο-

195 4190 444 4258 λινάριος
475 4184 734 4246 πολλάκις
761 4183 915 4250 ἔλεγε
942 4179 1100 4234 τοῦτο
1126 4197 1138 4210 ·
1172 4179 1294 4234 ὅθεν
1325 4181 1419 4233 καὶ
1458 4179 1716 4250 ἐνομίσθη
1749 4182 1777 4232 ὁ

198 4283 360 4348 ἆτιος
397 4274 664 4346 Κύριλὶος
700 4273 848 4343 παρὰ
890 4272 997 4325 τῶν
1019 4271 1381 4324 Ἀνατολικῶν
1439 4271 1774 4340 Ἀπολιναριο

199 4370 334 4439 στῆς
362 4363 524 4430 εἶναι,
549 4367 649 4418 οὐκ
667 4361 736 4434 ἦν
761 4365 837 4418 δὲ.
863 4364 998 4416 Οὑδέ
1022 4363 1136 4434 γὰρ
1165 4364 1285 4417 δέον
1312 4365 1429 4416 ἐστὶ
1455 4363 1652 4426 πάντα,
1674 4366 1777 4418 ὅσα

195 4460 454 4526 λέγουσιν
477 4457 524 4508 οἰ
553 4454 842 4525 αίρετικοὶ,
878 4454 1095 4517 πάντως
1143 4454 1216 4523 μὴ
1263 4453 1514 4524 δέχεσθαι
1547 4470 1560 4485 ο
1603 4455 1674 4508 τὰ
1720 4455 1776 4506 δὲ

1947 3909 2034 3964 111.
2068 3910 2367 3965 Sciendum
2417 3918 2600 3966 autem
2647 3909 2885 3980 primum
2939 3911 3082 3965 inter
3110 3911 3450 3971 orthodoxos

1877 3997 2140 4070 Cyrillum
2169 4001 2464 4070 protulisse
2499 4001 2729 4056 verbum
2781 4003 2950 4057 illud:
2987 4019 3151 4058 unam
3192 4013 3448 4064 naturam

1877 4089 1975 4145 Dei
2019 4090 2301 4146 Sermonis
2343 4093 2703 4149 incarnatam.
2753 4093 2904 4148 Inter
2947 4095 3285 4152 orthodoxos
3313 4097 3452 4154 dici-

1878 4195 2001 4235 mus
2061 4182 2322 4252 quoniam
2358 4183 2557 4254 saepius
2618 4183 2725 4238 hoc
2764 4183 3076 4254 Apolinaris
3128 4187 3448 4256 repetebat;

1879 4271 2024 4325 unde
2051 4271 2279 4335 factum,
2317 4280 2376 4326 ut
2409 4281 2632 4327 sanctus
2657 4273 2898 4344 Cyrinus
2928 4288 3027 4343 pro
3080 4274 3451 4344 Apolinarista

1879 4363 1952 4416 sit
1985 4361 2207 4418 habitus
2239 4362 2307 4417 ab
2340 4362 2751 4428 Orientalibus,
2811 4379 2938 4419 cum
2988 4365 3115 4420 talis
3138 4380 3250 4420 non
3279 4373 3447 4422 esset.

1877 4451 1990 4506 Nec
2022 4453 2172 4507 enim
2209 4467 2434 4508 necesse
2471 4463 2556 4508 est
2593 4455 2776 4510 omnia
2801 4496 2816 4520 ,
2864 4471 3210 4526 quaecunque
3258 4455 3453 4511 dicunt

197 4551 351 4605 κακὰ
404 4546 831 4603 ἀποϐάλλεσθαι.
895 4546 1281 4617 Παραφέρουσι
1332 4547 1388 4599 δὲ
1453 4549 1544 4601 καὶ
1583 4549 1775 4618 ἑτέραν
1811 4558 1851 4612 D

1811 4558 1851 4612 υ
1881 4542 2149 4607 haeretici,
2176 4544 2404 4598 omnino
2434 4559 2545 4599 non
2580 4546 2830 4612 admitti;
2866 4547 3009 4602 mala
3036 4547 3262 4619 quidem
3296 4547 3449 4618 rejici

196 4644 404 4714 χρῆσιν
443 4641 518 4702 ὡς
554 4639 661 4692 ἀπὸ
694 4638 791 4691 τοῦ
827 4638 1099 4708 μακαρίου
1143 4637 1383 4699 Ἰουλίου,
1417 4641 1676 4709 κειμένην
1715 4642 1772 4692 ἐν

194 4734 266 4800 τῇ
300 4728 435 4800 πρὸς
467 4727 744 4782 Διονύσιον
767 4727 1150 4807 τὸνΙΚορίνθου
1174 4728 1470 4780 ἐπίσκοπον
1491 4730 1769 4799 ἐπιστολῇ,

195 4819 265 4895 ἧς
303 4824 338 4892 ὴ
363 4821 527 4890 ἀρχὴ,
555 4818 835 4886 Θαυμάζω
884 4819 1333 4885 πυνθανόμενος
1385 4819 1519 4884 περί
1574 4835 1769 4874 τινων.

197 4916 309 4970 Καὶ
335 4913 481 4964 ἐστιν
517 4915 551 4981 ή
585 4913 774 4981 χρῆσις
813 4908 1037 4977 τοιαύτη
1065 4927 1077 4938 ο
1126 4910 1367 4979 Ἀνάγκη
1391 4913 1518 4977 γὰρ,
1559 4909 1652 4961 δύο
1682 4910 1771 4962 λέ-

194 5022 400 5078 γοντας
447 5005 645 5064 αὐτοὺς
693 5002 904 5070 φύσεις,
943 5001 1040 5072 τὴν
1073 5002 1169 5069 μὲν
1205 5005 1552 5069 προσκυνεῖν,
1585 5000 1682 5071 τὴν
1716 5003 1772 5054 δὲ

199 5099 280 5169 μὴ
315 5097 643 5166 προσκυνεῖν
673 5111 685 5123 '
714 5095 808 5148 καὶ
840 5096 918 5156 είς
962 5093 1059 5162 μὲν
1097 5093 1245 5145 θείαν
1278 5094 1655 5162 βαπτίζεσθαι,
1692 5097 1771 5156 εἰς

193 5190 254 5242 δὲ
295 5187 393 5257 τὴν
441 5184 812 5255 ἀνθρωπίνην.
837 5185 912 5254 μὴ
956 5183 1320 5252 βαπτίζεσθαι
1351 5199 1364 5212 ο
1407 5185 1500 5236 καὶ
1525 5184 1685 5253 ἕτερα
1715 5183 1771 5236 δὲ

193 5280 369 5333 πολλὰ
401 5281 575 5332 κεῖται
605 5279 660 5330 ἐν
692 5280 760 5346 τῇ
791 5277 1045 5346 ἐπιστολῇ
1092 5275 1284 5346 ταύτῃ.
1339 5275 1528 5345 Ἡμεῖς
1570 5276 1623 5328 δὲ
1663 5275 1771 5327 ἀπὸ

194 5369 410 5424 πολλῶν
437 5369 805 5438 διελέγχομεν,
836 5367 910 5436 μὴ
947 5363 1087 5419 εἶναι
1127 5369 1224 5435 τὴν
1255 5368 1542 5437 ἐπιστολὴν
1573 5366 1771 5435 ταύτην

190 5462 290 5516 τοῦ
322 5459 594 5532 μακαρίου
638 5459 877 5515 Ἰουλίου,
905 5459 1042 5512 ἀλλὰ
1068 5457 1161 5510 τοῦ
1189 5459 1586 5528 Ἀπολιναρίου.
1611 5457 1768 5525 [1ρῶ-

190 5569 286 5605 τον
310 5550 434 5620 μὲν,
470 5551 550 5602 ὅτι
582 5549 633 5601 εἴ
662 5566 742 5610 τις
770 5548 1012 5618 ἀκριϐῶς
1044 5550 1326 5616 σκοπήσοι,
1367 5548 1517 5600 οὐδὲν
1547 5549 1769 5616 φέρεται

189 5640 290 5694 τοῦ
324 5639 600 5710 μακαρίου
646 5639 889 5690 Ἰουλίου.
939 5639 1098 5690 Ἀλλὰ
1138 5641 1232 5690 καὶ
1268 5641 1323 5690 αί
1367 5637 1506 5689 ἑπτὰ
1553 5641 1768 5690 ἐπιστο-

188 5729 307 5796 λαὶ,
333 5729 401 5790 ἃς
429 5727 678 5796 λέγουσιν
720 5728 856 5780 εἶναι
889 5730 1075 5791 αὐτοῦ,
1119 5728 1208 5780 τοῦ
1266 5728 1638 5798 Ἀπολιναρίου
1693 5733 1769 5781 εἰ-

191 5820 304 5879 σίν.
344 5821 594 5888 Ἔπειτα,
622 5823 700 5873 ὅτι
735 5821 996 5892 μνησθεὶς
1028 5824 1086 5872 ἑν
1110 5823 1247 5891 αὐτῇ
1276 5824 1338 5891 τῇ
1374 5822 1624 5892 ἐπιστολῇ
1660 5822 1765 5878 σιδ-

1880 4629 2105 4684 debent.
2129 4631 2380 4686 Afferunt
2398 4632 2546 4687 aliud
2570 4649 2788 4702 quoque
2801 4633 3034 4698 dictum,
3062 4634 3213 4688 velut
3238 4649 3271 4688 α
3291 4633 3452 4688 beato

1879 4720 2024 4775 Julio
2040 4720 2368 4789 profectum.
2395 4722 2543 4792 quod
2567 4724 2796 4778 exsistat
2819 4723 2875 4777 in
2901 4724 3137 4793 epistola
3157 4724 3359 4792 scripta
3379 4723 3449 4779 ad

1881 4811 2198 4881 Dionysium
2228 4812 2480 4866 Corinthi
2511 4814 2848 4882 episcopum,
2880 4816 3039 4884 cujus
3070 4814 3286 4868 initium
3318 4823 3401 4868 est
3431 4831 3446 4868 :

1879 4903 2044 4955 Miror
2068 4903 2130 4955 de
2154 4903 2470 4980 quibusdam
2509 4904 2750 4958 audiens.
2783 4905 2990 4973 Estque
3021 4903 3227 4958 dictum
3258 4905 3450 4973 hujus-

1878 4995 2091 5048 cemodi
2123 5012 2134 5047 ε
2167 4995 2400 5048 Necesse
2421 5003 2507 5048 est
2524 5010 2642 5062 eos,
2670 5011 2796 5051 cum
2825 4996 2964 5050 duas
2983 5004 3208 5050 naturas
3235 4995 3446 5061 dicunt,

1880 5100 2042 5138 unam
2074 5084 2304 5138 adorare
2328 5126 2341 5149 ,
2397 5085 2624 5138 alteram
2654 5101 2764 5138 non
2798 5085 3032 5139 adorare
3059 5102 3072 5150 ;
3121 5099 3186 5139 ac
3218 5085 3274 5138 in
3302 5084 3449 5138 divi-

1877 5195 2002 5233 nam
2033 5180 2254 5249 quidem
2285 5177 2578 5248 baptizari,
2605 5187 2662 5233 at
2707 5180 2767 5233 in
2799 5179 3096 5234 humanam
3124 5194 3237 5233 non
3267 5178 3446 5247 bapti-

1876 5269 1989 5322 zari
2019 5287 2033 5320 :
2063 5269 2278 5337 aliaque
2328 5268 2486 5338 plura
2531 5267 2720 5323 isthaee
2758 5268 2991 5338 epistola
3040 5268 3304 5322 continet.
3335 5266 3445 5322 Sed

1877 5377 1978 5414 nos
2003 5359 2340 5429 argumentis
2369 5358 2628 5427 pluribus
2655 5358 3040 5412 convincimus
3061 5398 3075 5420 ,
3135 5371 3247 5410 non
3295 5356 3445 5412 illam

1874 5453 2160 5524 epistolam
2208 5465 2328 5505 esse
2381 5450 2530 5505 beati
2591 5451 2739 5505 illius
2774 5450 2905 5506 Julii
2934 5490 2948 5513 ,
2983 5447 3080 5504 sed
3110 5446 3441 5516 Apolinaris.

1876 5545 2118 5598 Primum
2150 5559 2215 5597 ex
2251 5558 2318 5597 eo
2365 5526 2513 5611 quod
2549 5543 2594 5597 si
2640 5541 2764 5613 quis
2796 5556 2915 5596 eam
2944 5538 3224 5593 subtiliter
3256 5537 3442 5592 consi-

1873 5637 2062 5695 deret.
2092 5635 2228 5689 nihil
2256 5633 2477 5689 Juliano
2507 5635 2732 5704 dignum
2777 5634 2998 5688 nomine
3030 5629 3232 5684 habeat
3261 5645 3274 5681 :
3307 5626 3444 5698 quin

1873 5741 1926 5786 et
1949 5741 2157 5800 septem
2183 5732 2286 5784 illa:
2315 5730 2562 5799 epistola:
2586 5745 2723 5798 quas
2747 5731 2866 5798 ejus
2888 5741 3008 5781 esse
3031 5725 3244 5786 dicunt,
3297 5723 3446 5791 Apo-

1872 5824 2061 5877 linaris
2102 5831 2246 5877 sunt.
2282 5822 2511 5889 Deinde,
2560 5821 2704 5890 quod
2742 5821 2796 5876 in
2829 5817 3021 5874 eadem
3054 5814 3291 5886 epistola
3316 5827 3446 5868 cors-
