4218 6444
243 434 379 501 2257

1466 439 1562 500 DE
1601 439 1880 500 SECTIS.
1925 463 1992 476 -
2033 441 2188 499 ACT.
2233 441 2333 500 1X.

3365 445 3500 508 19.53

234 551 446 624 ἢγαγεν
483 551 654 622 αὐτὴν
691 552 722 604 δ
748 552 1019 620 μακάριος
1049 550 1315 621 Κύριλλος
1345 553 1488 603 κατὰ
1515 552 1813 624 Θεοδώρου,

1921 553 2068 623 quod
2098 553 2295 607 beatus
2328 554 2565 623 Cyrnlus
2599 554 2733 608 illud
2764 565 2952 609 contra
3001 557 3354 612 Theodorum
3389 575 3496 611 non

235 643 330 697 καὶ
369 641 618 696 ἐντεῦθεν
642 642 820 712 δῆλον.
850 641 1195 712 Θεοδὼρητος
1223 642 1332 712 γάρ
1363 643 1504 712 ὑπὲρ
1536 643 1812 714 Θεοδώρου

232 734 432 804 λέγων,
473 735 796 804 ἀνατρέπων
825 737 1006 795 πάσας
1051 733 1150 797 τὰς
1197 735 1442 805 χρήσεις,
1494 735 1624 796 ὅσας
1671 751 1812 803 παρ-

231 829 414 899 ήγαγε
438 829 556 882 κατ’
589 830 753 883 αὑτοῦ
781 830 809 882 ὁ
833 830 987 896 ἆγιος
1013 828 1283 899 Κύριλλος
1332 828 1441 881 ἀπὸ
1482 827 1592 880 τῶν
1644 829 1816 896 ἁγίων

232 921 518 992 Πατέρων,
543 922 782 991 οὐδαμοῦ
815 922 1018 992 ταύτης
1058 924 1155 991 τῆς
1208 922 1461 991 χρήσεως
1519 921 1812 992 μέμνηται.

245 1013 410 1066 Ἀλλά
441 1013 658 1080 λέγουσι
704 1014 839 1083 πρὸς
881 1013 1063 1076 τοῦτο,
1123 1014 1209 1066 ὅτι
1265 1014 1594 1083 κακούργως
1644 1014 1815 1083 αὐτὴν

231 1108 530 1176 παρείασεν
578 1109 606 1159 ὁ
630 1107 976 1177 Θεοδώρητος
1003 1122 1016 1135 ⁸
1055 1106 1130 1176 μὴ
1187 1106 1481 1175 δυνάμενος
1531 1107 1640 1176 γὰρ
1681 1104 1816 1174 πρὸς

231 1199 407 1268 αὐτὴν
431 1199 779 1267 άντιὸλέψαι,
811 1199 886 1262 ὼς
914 1201 1056 1253 πάνυ
1090 1199 1355 1271 φανερὰν,
1387 1196 1531 1252 ἑκὼν
1570 1198 1820 1268 παρέλει-

230 1309 335 1343 πεν
367 1292 558 1362 αὑτήν.
598 1291 738 1360 Πρὸς
786 1291 946 1344 τοῦτο
996 1293 1252 1362 λέγομεν,
1304 1292 1389 1344 ὅτι
1443 1289 1696 1344 τοσοῦτον
1753 1290 1816 1342 οὐ

231 1383 592 1453 παρέδραμεν
621 1385 795 1454 αὐτὴν
827 1385 1091 1454 κειμένην
1127 1385 1264 1447 ἐκεῖ,
1304 1384 1388 1436 ὅτι
1412 1382 1522 1453 τοῦ,
1543 1383 1816 1453 μακαρίου

231 1474 507 1544 Κορίλλου
542 1477 600 1528 ιν
631 1475 811 1538 ἄλλοις
847 1476 1322 1546 είρηκότος,’Λλλά
1363 1477 1489 1545 μίαν
1522 1475 1686 1544 φύσιν
1723 1473 1818 1527 τοῦ

231 1568 372 1621 Θεοῦ
394 1569 570 1635 Λόγου
600 1570 1027 1640 σεσαρκωμένην
1050 1611 1065 1635 ,
1095 1571 1143 1621 εἰ
1177 1569 1291 1640 ᾔδει
1328 1570 1428 1638 τὴν
1461 1569 1657 1638 χρῆσιν
1686 1567 1819 1620 ταύ-

229 1680 333 1733 την
369 1663 630 1732 κειμένην
662 1664 814 1732 παρὰ
861 1656 938 1734 τῷ
982 1664 1236 1732 μακαρίῳ
1278 1661 1554 1732 Κυρίλλῳ,
1591 1662 1666 1724 ὼς
1711 1661 1820 1714 ἀπὸ

229 1755 328 1810 τοῦ
360 1757 518 1822 ἁγίου
562 1755 885 1809 Ἀθανασίου
923 1755 1500 1826 προενεχθεῖσανρούκ
1550 1753 1617 1805 ἂν
1649 1753 1818 1816 οὓτως

228 1850 463 1920 ἀμαθῶς
492 1850 719 1919 ἔμελλεν
754 1851 930 1902 εἰπεῖν
955 1863 969 1878 ·
1003 1849 1100 1911 Τίς
1132 1865 1212 1901 σοι
1237 1847 1346 1901 τῶν
1385 1846 1645 1916 Πατέρων
1693 1842 1816 1898 εἷπε

1918 644 2282 712 produxerit,
2312 661 2380 700 ex
2427 660 2496 700 eo
2527 661 2747 714 quoque
2801 647 3151 700 manifestum
3201 657 3307 701 est.
3362 648 3496 701 Nam

1919 733 2305 791 Theodoretus
2332 736 2428 806 qui
2448 736 2800 790 Theodorum
2832 737 3184 802 defendebat,
3211 741 3498 793 universas

1916 829 2275 882 auctoritates
2307 829 2584 891 refutans,
2619 843 2980 899 quascunque
3006 839 3232 885 sanctus
3261 829 3496 900 Cyrillus

1917 926 2112 971 contra
2142 916 2495 974 Theodorum
2542 921 2610 976 de
2640 920 2851 976 sanctis
2877 920 3131 975 Patribus
3156 921 3459 990 protulerat
3481 963 3496 985 ,

1917 1023 2189 1080 nusquam
2216 1009 2385 1081 hujus
2403 1011 2537 1066 dicti
2565 1014 2836 1068 meminit.
2859 1013 2929 1067 At
2947 1013 3096 1068 enim
3115 1013 3204 1068 isti
3230 1013 3496 1076 referunt,

1919 1115 1951 1155 a
1980 1099 2332 1157 Theodoreto
2358 1101 2556 1157 callide
2579 1105 2867 1157 omissum.
2897 1104 3054 1170 Quod
3076 1104 3225 1159 enim
3252 1105 3499 1159 adversis

1915 1207 2039 1248 eam
2069 1194 2458 1248 auctoritatem
2486 1195 2665 1249 oculis
2698 1196 2944 1264 aspicere
2993 1212 3101 1252 non
3157 1206 3385 1266 posset,
3439 1209 3500 1251 ut

1918 1284 2214 1338 admodum
2245 1286 2468 1355 planam
2517 1296 2572 1340 et
2613 1297 2897 1356 apertam,
2929 1286 3137 1342 idcirco
3181 1300 3378 1358 sponte
3429 1291 3500 1343 ab

1921 1375 2039 1445 ipso
2071 1378 2518 1445 praetermissam.
2552 1378 3007 1447 Respondemus,
3048 1387 3260 1434 tantum
3305 1382 3500 1436 abesse

1921 1477 1982 1522 ut
2004 1482 2125 1522 eam
2149 1468 2628 1523 Theodoretusibi
2654 1471 2885 1539 positam
2913 1471 3196 1539 praeterire
3229 1474 3462 1526 voluerit
3482 1513 3496 1535 ,

1921 1568 1984 1614 ut
2002 1574 2126 1614 cum
2154 1559 2352 1615 beatus
2385 1559 2475 1614 ille
2498 1558 2738 1631 Cyrillus
2759 1561 2892 1614 alibi
2923 1562 3178 1628 dixisset,
3208 1562 3382 1620 Unam
3405 1581 3500 1618 na-

1922 1659 2098 1706 turam
2131 1653 2227 1707 Dei
2269 1653 2552 1708 Sermonis
2576 1654 2914 1709 incarnatam
2939 1696 2953 1718 ,
2989 1657 3032 1710 si
3063 1659 3286 1726 quidem
3313 1660 3504 1714 scivis-

1921 1752 2006 1798 set
2037 1743 2423 1799 Theodoretus
2453 1745 2509 1800 id
2548 1747 2780 1801 verbum
2835 1747 2983 1816 quod
3044 1749 3189 1819 apud
3235 1749 3500 1821 Cyrillum

1920 1848 2128 1903 exstat,
2159 1854 2227 1906 ex
2267 1849 2458 1894 sancto
2486 1841 2789 1897 Athanasio
2833 1841 3060 1897 citatum
3087 1883 3102 1908 ,
3153 1859 3503 1914 nequaquam

234 1944 369 2015 μίαν
396 1942 562 2013 φύσιν
586 1941 684 1995 τοῦ
728 1941 864 1995 Θεοῦ
899 1943 1073 2009 Λόγου
1129 1941 1554 2010 σεσαρκωμένην
1584 1957 1598 2005 ;
1660 1938 1819 1991 Ἀλλὰ

1919 1931 2058 1985 adeo
2080 1940 2287 2015 temere
2310 1931 2564 1987 dicturus
2595 1933 2766 1987 fuerit
2787 1951 2800 1987 :
2819 1934 2956 2000 Quis
2977 1935 3076 1990 tibi
3105 1936 3332 1992 Patrum
3364 1938 3504 1993 dixit

229 2039 449 2106 λέγουσι
478 2037 662 2099 πάλιν,
690 2038 772 2090 ὅτι
813 2035 1067 2089 τοσοῦτον
1118 2035 1236 2104 ᾔδει
1297 2033 1467 2103 αὐτὴν
1516 2031 1815 2101 εἰρημένην

228 2129 311 2198 τῷ
345 2130 485 2198 ἁγίῳ
524 2128 846 2198 ’Δθανασίῳ,
880 2129 961 2179 ὅτι
997 2123 1149 2178 εἶπεν
1183 2143 1196 2155 ·
1249 2125 1338 2187 Ὠς
1386 2127 1432 2178 οἱ
1467 2125 1708 2194 Πατέρες
1741 2125 1818 2176 εί-

161 2231 166 2234 ’
233 2222 462 2291 ρήκασι.
503 2219 647 2288 Πρὸς
685 2217 847 2270 τοῦτο
872 2217 1124 2286 λέγομεν,
1149 2217 1234 2268 ὅτι
1271 2215 1499 2278 ἕκαστος
1532 2214 1750 2267 σπεύδει
1782 2215 1817 2268 ἃ

230 2314 381 2380 λέγει
435 2312 610 2377 δεῖξαι
655 2313 783 2374 τοὺς
826 2311 1080 2380 Πατέρας
1132 2309 1446 2378 εἰρηκότας,
1500 2308 1550 2360 εί
1604 2309 1698 2361 καὶ
1740 2308 1814 2378 μὴ

231 2404 536 2468 αὐτολεξεὶ,
568 2404 705 2456 ἀλλὰ
734 2404 985 2471 δυνάμει.
1021 2400 1409 2471 Παραφέρουσι
1443 2400 1499 2452 δὲ
1524 2401 1616 2453 καὶ¹
1646 2398 1818 2468 ἄλλην

230 2497 430 2565 χρῆσιν
458 2493 565 2546 ἀπὸ
605 2492 902 2563 Ἐρεχθίου,
951 2493 1099 2554 ὅστις
1147 2490 1403 2544 οὐδέποτε
1450 2489 1694 2560 ἠκούσθη
1737 2491 1817 2551 εἰς

231 2589 510 2657 Πατέρας,
563 2585 659 2637 καὶ
711 2583 988 2648 τοσοῦτον,
1043 2583 1125 2636 ὅτι
1188 2581 1454 2651 Τιμοθέου
1507 2581 1816 2649 γράψαντος

234 2681 378 2733 κατὰ
409 2678 510 2746 τῆς
546 2677 795 2741 συνόδου,
853 2677 949 2729 καὶ
1001 2673 1418 2744 παραγαγόντος
1464 2675 1662 2742 χρῆσιν
1708 2670 1816 2724 ἀπὸ

245 2770 557 2840 Ἐρεχθξου,
610 2766 791 2836 Κύρος
845 2766 874 2816 ὁ
917 2764 1114 2823 οἰκεῖος
1174 2761 1551 2833 πρεσϐύτερος
1610 2760 1816 2830 ἔγραψε

231 2864 372 2933 πρὸς
397 2862 584 2922 nos»,
611 2860 693 2912 ὅτι
729 2856 958 2911 Ἤθελὸν
987 2874 1045 2909 σε
1092 2854 1492 2925 διορθώσασθαι
1529 2853 1704 2908 τοῦτο.
1760 2853 1818 2908 ’0

231 2957 342 3026 γὰρ
398 2953 673 3025 Ἐρὲχθιος
725 2950 980 3005 οὐδέποτε
1021 2947 1264 3021 ἠκούσθη
1304 2951 1384 3013 εἰς
1412 2947 1684 3018 ΙΙατέρας.
1727 2947 1819 3002 Ἐν

231 3049 441 3111 τούτοις
465 3051 496 3118 ἡ
531 3048 752 3118 θεωρία.

1923 2040 2088 2078 unam
2115 2013 2367 2078 naturam
2390 2024 2489 2078 Dei
2524 2024 2807 2080 Sermonis
2843 2027 3222 2083 incarnatam?
3245 2030 3501 2085 Vicissim

1879 2105 1895 2128 ³
1922 2116 2217 2186 ingerunt,
2277 2126 2548 2196 tamesse
2583 2126 2796 2172 eertum
2825 2159 2839 2181 ,
2870 2119 3096 2175 scivisse
3147 2122 3228 2176 sic
3255 2121 3501 2176 locutum

1921 2209 2284 2263 Athanasium
2306 2251 2320 2274 ,
2354 2217 2414 2263 ut
2436 2209 2605 2263 etiam
2627 2209 2828 2265 dixerit
2861 2231 2872 2264 :
2905 2211 3378 2278 Quemadmodum
3409 2217 3504 2270 Pa-

1922 2314 2035 2360 tres
2057 2307 2226 2361 locuti
2249 2317 2401 2362 sunt.
2435 2307 2548 2362 Nos
2572 2317 2765 2362 contra
2785 2323 3061 2378 quemque
3079 2308 3318 2365 dicimus
3342 2311 3501 2374 eniti,

1921 2407 1983 2450 ut
2014 2398 2270 2452 ostendat
2295 2414 2327 2453 a
2353 2399 2614 2455 Patribus
2647 2413 2712 2453 ea
2743 2399 2954 2468 prolata
2983 2415 3106 2469 quae
3149 2400 3266 2469 ipse
3295 2401 3497 2465 tradat,

1919 2487 1965 2539 si
2002 2503 2112 2540 non
2144 2488 2338 2543 iisdem
2368 2491 2572 2555 verbis,
2603 2491 2795 2545 saltem
2836 2491 2889 2544 vi
2937 2492 3232 2546 verborum
3283 2494 3499 2548 eadem.

1920 2577 2240 2634 Producunt
2272 2589 2328 2635 et
2353 2580 2517 2636 aliam
2544 2581 2930 2637 auctoritatem
2952 2598 3021 2637 ex
3055 2582 3377 2648 Erechthio,
3402 2598 3507 2640 cu—

1915 2671 2006 2741 jus
2037 2671 2183 2728 inter
2211 2672 2403 2728 Patres
2442 2688 2544 2728 nec
2584 2673 2835 2728 auditum
2863 2682 2948 2729 est
2976 2690 3217 2744 unquam
3248 2690 3449 2730 nomen
3486 2695 3498 2709 ο

1919 2763 2058 2820 adeo
2089 2765 2336 2848 quidem,
2381 2775 2443 2821 ut
2492 2766 2969 2848 cum‘Timotheus
3008 2777 3198 2822 contra
3230 2768 3500 2838 synodum

1921 2855 2252 2925 scripsisset,
2266 2842 2324 2911 et
2341 2842 2728 2914 auctoritatem
2740 2857 3028 2914 Erechthii
3053 2859 3277 2914 citasset
3292 2900 3307 2923 ,
3324 2858 3503 2931 Cyrus

1921 2947 2018 3019 qui
2057 2949 2202 3020 apud
2229 2949 2407 3019 ipsum
2436 2951 2742 3022 presbyteri
2769 2951 2892 3006 loco
2919 2959 3096 3016 esset,
3143 2950 3232 3007 his
3269 2950 3338 3007 ad
3372 2966 3500 3006 eum

1922 3041 2112 3096 verbis
2161 3043 2549 3112 perscripserit
2581 3060 2594 3096 :
2627 3043 2841 3098 Mallem
2897 3044 3003 3107 hoc
3071 3051 3123 3099 te
3196 3043 3497 3114 corrigere.

1920 3130 2056 3186 Nam
2089 3131 2371 3186 Erechthii
2425 3148 2628 3188 nomen
2677 3133 2822 3189 inter
2845 3133 3034 3189 Patres
3079 3134 3328 3190 auditum
3358 3151 3502 3190 nun-

1922 3237 2086 3291 quam
2117 3222 2239 3278 fuit.
2284 3223 2409 3278 Haec
2433 3224 2836 3280 consideranda
2865 3225 3180 3281 veniebant.

231 3453 604 3514 Recitantur
631 3447 908 3529 quwdam
931 3449 1120 3509 verba
1143 3448 1368 3526 synodi
1391 3447 1937 3523 Chalcedonensis,
1971 3469 2103 3531 quae
2133 3451 2443 3529 putabant
2470 3455 2847 3518 stitantes
2866 3477 2991 3518 sua:
3013 3457 3231 3521 haeresi
3256 3461 3494 3540 favere.

834 3576 1085 3630 ΙΙΡΑΞΙΣ
1139 3576 1216 3629 Θ’.

315 3671 540 3742 Ἐπειδὴ
567 3671 626 3724 δὲ
659 3671 752 3724 καὶ
780 3671 980 3735 λέξεὼν
1013 3687 1176 3723 τινων
1216 3670 1581 3740 πραττόμενοι
1622 3671 1686 3724 ἐκ
1721 3668 1816 3723 τοῦ

230 3767 362 3835 ὅρου
392 3765 494 3834 τῆς
532 3765 774 3828 συνόδου,
812 3763 1277 3838 ἐπιλαμβάνονται
1307 3762 1478 3831 αὐτῆς
1504 3778 1517 3791 ο
1556 3761 1694 3833 φέρε
1724 3762 1818 3816 καὶ

229 3862 438 3923 ταύτας
472 3861 780 3928 ὲκθέμενοι,
816 3857 911 3910 καὶ
969 3855 1084 3918 πῶς
1133 3854 1598 3924 ἐπιλαμϐάνονται
1637 3851 1818 3906 αὐτῶν

231 3956 503 4015 εἰπόντες,
530 3951 758 4021 ὕστερον
786 3950 886 4012 τὰς
945 3949 1080 4019 πρὸς
1127 3946 1332 4010 ταύτας
1366 3946 1680 4016 ἀνατροπὰς
1727 3947 1822 3998 ἑπ-

229 4048 553 4116 αγάγωμεν.
587 4043 699 4111 Τῆς
749 4041 970 4095 συνόδου
1015 4040 1196 4093 τοίνυν
1233 4039 1516 4109 -εἱπούσηξ
1543 4041 1567 4069 ·’
1620 4037 1818 4108 Ἤρκει

234 4139 339 4208 μὲν
365 4133 461 4190 οὖν
498 4136 577 4199 εἰς
611 4133 800 4202 ἐντελῆ
831 4134 930 4202 τῆς
960 4131 1245 4193 εὐσεϐείας
1280 4131 1580 4199 ἐπίγνωσιν
1618 4129 1679 4183 τὺ
1732 4147 1820 4182 σο-

231 4231 336 4299 φὺν
365 4230 524 4282 τοῦτο
546 4228 640 4282 καὶ
664 4229 932 4296 σωτήριον
957 4226 1056 4294 τῆς
1087 4223 1238 4288 θείας
1271 4224 1495 4294 χάριτος
1527 4221 1815 4293 σύμὸολον·

228 4321 362 4391 περί
390 4337 450 4374 τε
482 4319 592 4389 γάρ
645 4317 741 4371 τοῦ
800 4316 1035 4386 Πατρὺς,
1092 4318 1186 4369 καὶ
1237 4315 1331 4368 τού
1380 4313 1531 4379 Υἱοῢ,
1584 4313 1677 4366 καὶ
1722 4311 1818 4365 τοῦ

230 4415 392 4483 ἁγίου
428 4410 1082 4488 Πνεύματοςθὲκδιδάσκει
1110 4409 1173 4461 τὸ
1202 4408 1428 4472 τέλειον,
1459 4407 1554 4460 καὶ
1585 4405 1679 4460 τοῦ
1710 4407 1822 4458 Κυ-

234 4506 354 4578 ρίου
387 4503 485 4573 τὴν
513 4501 928 4570 ἐνανθρώπησιν
959 4502 1074 4564 τοῖς
1103 4500 1310 4562 πιστῶς
1332 4499 1643 4568 δεχομένοις
1673 4493 1850 4567 παρ-ι’

233 4601 471 4664 ίστησιν.
511 4595 665 4648 Ἔστι
695 4593 752 4646 δὲ
782 4593 903 4644 λίαν
958 4591 1272 4662 ὑπόψυχρος
1300 4592 1330 4658 ἡ
1363 4588 1619 4656 ὲπιλαϐή.
1658 4590 1817 4660 [1ρῶ-

231 4712 325 4748 τον
361 4694 458 4762 μὲν
481 4692 590 4760 γὰρ
614 4689 870 4752 τοσοῦτον
897 4688 958 4741 οὐ
1017 4688 1207 4757 φρονεῖ
1258 4683 1326 4739 τὰ
1362 4683 1682 4755 Νεστορίου,
1738 4684 1822 4736 ὅτι

248 4788 503 4854 Ἰωάννης
559 4802 641 4846 τις
682 4782 965 4850 Αἱγεώτης
1016 4778 1385 4850 πρεσϐύτερος
1433 4776 1815 4846 Νεστοριανδς,

234 4875 745 4945 ἐπιλαμὸανόμενος
777 4875 879 4940 τῆς
907 4870 1128 4924 συνόδου
1162 4861 1348 4938 φησὶν,
1385 4869 1467 4920 ὅτι
1515 4865 1656 4937 αὕτη
1681 4867 1818 4918 «σύν-

228 4925 884 5038 εἶδοςνίξυριλλῖιανήυὲστιιί
916 4962 1012 5016 καὶ
1052 4961 1122 5016 τὰ
1152 4925 1362 5014 ἐκείνου
1407 4961 1613 5029 φρονεῖ.
1644 4925 1720 5010 Ἐἰ
1761 4958 1817 5010 δὲ
1851 4925 1893 4978 D

225 5057 302 5131 ἦν
359 5055 735 5126 Νεστοριανὴ,
788 5054 888 5105 οὐκ
938 5050 1007 5106 ἂν
1062 5049 1222 5104 τοῦτο
1272 5045 1419 5120 εἶχεν
1472 5049 1502 5100 ὁ
1569 5047 1819 5114 Ἰωάννης

227 5153 432 5207 εἰπεῖν,
475 5150 708 5202 Ἔπειτα
737 5149 786 5200 εἰ
807 5146 916 5199 ἀπὸ
948 5144 1056 5197 τῶν
1083 5143 1338 5196 τοιούτων
1361 5142 1562 5208 λέξεων
1585 5139 1820 5208 ἐπιλαμ-

229 5247 490 5301 ϐάνονται
523 5245 623 5313 τῆς
652 5240 896 5300 συνόδου,
925 5237 1070 5293 διατί
1102 5238 1177 5308 μὴ
1201 5235 1296 5290 καὶ
1325 5236 1433 5298 τῶν
1485 5236 1655 5303 ἁγίων
1709 5235 1822 5288 Πα-

226 5339 410 5407 τέρων
447 5331 952 5403 ὲπιλαμϐάνονταις
994 5328 1105 5382 Καὶ
1141 5327 1295 5382 αὐτοὶ
1345 5327 1454 5397 γάρ
1491 5325 1662 5379 πολλὰ
1709 5343 1821 5378 τοι-

228 5424 376 5479 αῦτα
395 5422 674 5491 εἰρήκασι.
715 5418 855 5486 Φησὶ
885 5418 991 5485 γὰρ
1017 5419 1047 5470 ὁ
1080 5417 1349 5488 μακάριος
1375 5417 1642 5487 Κρριλλος
1665 5418 1722 5468 ὲν
1741 5416 1819 5484 τῷ

226 5518 315 5578 εἰς
340 5512 620 5582 Ζαχαρίαν
647 5509 739 5564 τὸν
774 5510 1062 5580 προφήτην
1096 5508 1472 5578 ὑπομνήματι,
1497 5501 1558 5560 οὗ
1591 5510 1625 5576 η
1648 5507 1816 5576 ἀρχὴ,

225 5606 602 5677 Προφητεύει
636 5605 753 5672 μὲν
778 5605 810 5676 o’
839 5601 1007 5671 ἅγιος
1062 5604 1381 5671 Ζαχαρίας,
1412 5603 1607 5664 οὕτως·
1638 5603 1729 5653 Δεῖ
1756 5601 1820 5670 δὴ

224 5701 343 5771 ἄρα
373 5694 468 5751 οὖν
495 5693 753 5749 τοιούτων
783 5695 1110 5764 ἀποφοιτᾷν,
1139 5695 1234 5746 καὶ
1279 5693 1352 5757 ὼς
1408 5694 1472 5746 ὲκ
1521 5694 1625 5762 γῆς
1673 5692 1822 5745 ἁλλο-

222 5793 391 5868 τρίας
422 5791 521 5861 τῆς
551 5789 948 5858 άπεψῦγμένης
984 5788 1079 5840 καὶ
1107 5787 1308 5855 νεκρᾶς
1333 5842 1335 5845 ,
1359 5786 1449 5838 τοῦ
1501 5787 1592 5837 νοῦ
1644 5785 1824 5837 διαθέ-

226 5903 374 5950 σεως
412 5883 749 5954 μεταφοιτᾷν
780 5883 859 5945 εἰς
885 5880 1048 5946 Σιὼν,
1079 5879 1226 5932 τοῦτ’
1260 5881 1407 5933 ἔστιν
1460 5883 1541 5942 εἰς
1585 5879 1646 5933 τδ
1694 5880 1824 5949 ἀλη,

519 5982 599 6041 ΡΑ
614 5999 788 6041 nuit.
834 5982 950 6044 Gn.
999 5982 1086 6042 LX
1103 5983 1141 6039 Χ
1157 5979 1313 6039 ΧΠ.

2503 3578 2709 3635 ACTIO
2769 3579 2860 3634 IX.

1992 3667 2131 3735 Quia
2157 3684 2288 3724 vero
2323 3685 2489 3725 voces
2543 3671 2709 3725 etiam
2762 3672 3057 3728 nonnullas
3109 3677 3391 3746 carpendo
3433 3679 3502 3734 de

1921 3761 2116 3833 synodi
2157 3762 2513 3845 deﬁnitione,
2544 3765 2814 3833 synodum
2841 3765 3014 3835 ipsam
3041 3769 3454 3838 reprehendunt
3486 3790 3500 3825 :
3560 3823 3563 3826 _

1922 3870 2042 3925 age,
2059 3865 2117 3911 et
2143 3853 2253 3910 illis
2271 3856 2558 3934 expositis,
2589 3856 2683 3912 ubi
2705 3859 3168 3925 quemadmodum
3195 3877 3290 3918 eas
3309 3879 3501 3934 repre-

1921 3947 2202 4013 hendant,
2265 3949 2733 4016 indicaverimus;
2769 3951 2843 4005 ita
2889 3951 3091 4008 deinde
3136 3953 3504 4011 refutationes

1921 4023 2142 4097 nostras
2165 4041 2548 4112 subjiciamus:
2587 4041 2790 4113 Synodi
2819 4045 2984 4098 verba
3011 4053 3140 4099 sunt
3167 4062 3181 4100 :
3219 4045 3505 4102 Suﬂlcerct

1921 4131 2146 4202 quidem
2179 4132 2245 4187 ad
2283 4131 2583 4202 perfectam
2617 4133 2838 4207 pietatis
2867 4123 3238 4204 cognitionem
3273 4145 3333 4189 et
3369 4151 3503 4190 con-

1922 4223 2313 4290 ﬁrmationem,
2332 4224 2438 4279 hoc
2452 4225 2733 4280 eruditum
2764 4240 2825 4279 ac
2851 4226 3072 4280 salubre
3094 4226 3294 4282 divina:
3316 4230 3504 4297 gratiae

1921 4315 2253 4385 symbolum,
2285 4314 2432 4384 quod
2459 4323 2515 4369 et
2547 4314 2847 4385 perlectam
2881 4315 2949 4370 de
2973 4315 3158 4382 Patre,
3185 4325 3242 4372 et
3261 4318 3420 4384 Filio,
3447 4329 3505 4374 et

1922 4406 2132 4477 Spiritu
2163 4415 2355 4463 sancto
2409 4407 2716 4462 doctrinam
2746 4408 2934 4470 tradit.
2975 4419 3032 4463 et
3064 4411 3501 4467 incarnationem

1922 4500 2143 4555 Domini
2192 4499 2430 4555 ﬁdeliter
2461 4500 2863 4568 excipientibus
2892 4501 3136 4556 exhibet.
3172 4503 3266 4557 Est
3318 4512 3501 4558 autem

1922 4611 2054 4651 sane
2070 4611 2234 4666 quam
2253 4595 2451 4666 frigida
2477 4595 2854 4664 reprehensio.
2885 4597 3070 4652 Primo
3114 4607 3322 4652 tantum
3348 4599 3504 4654 abest

1923 4700 1987 4745 ut
2005 4706 2129 4745 cum
2150 4690 2409 4744 Nestorio
2434 4688 2636 4743 sentiat
2659 4731 2673 4753 ,
2701 4688 3014 4744 utJoannes
3029 4690 3252 4758 quidam
3276 4689 3503 4762 Egeola

1923 4784 2210 4854 presbyter
2237 4781 2622 4844 Nestorianus,
2652 4780 2920 4851 synodum
2953 4781 3385 4851 reprehendens,
3420 4783 3504 4838 di-

1925 4885 2078 4931 ceret
2107 4889 2226 4930 cam
2252 4874 2523 4944 synodum
2548 4887 2667 4927 esse
2697 4872 3043 4943 Cyrillianam
3071 4914 3084 4936 ,
3136 4881 3194 4928 et
3237 4889 3266 4928 a
3314 4874 3500 4946 Cyrilli

1922 4963 2196 5020 sententia
2222 4975 2388 5017 stare.
2417 4963 2574 5030 Quod
2609 4964 2654 5018 si
2693 4963 3038 5024 Nestoriana,
3081 4978 3360 5032 nunquam
3399 4965 3506 5017 hoc

1922 5056 2163 5112 Joannes
2193 5055 2284 5110 ille
2315 5053 2566 5109 dixisset.
2611 5054 2820 5109 Deinde
2851 5055 2893 5109 si
2928 5063 3153 5124 propter
3183 5054 3500 5124 hujusmodi

1923 5149 2088 5205 voces
2131 5148 2402 5218 synodum
2449 5147 2886 5216 reprehendunt,
2926 5161 3027 5200 cur
3057 5146 3248 5200 itidem
3283 5155 3504 5201 sanctos

1924 5257 2145 5312 quoque
2172 5225 2362 5296 Patres
2389 5254 2499 5292 non
2524 5237 2976 5308 reprehendunt?
3000 5239 3133 5292 Nam
3164 5245 3220 5291 et
3243 5237 3320 5292 illi
3345 5237 3505 5309 plura

1928 5333 2054 5386 talia
2110 5333 2481 5402 protulerunt.
2535 5329 2752 5385 Etenim
2794 5329 2987 5384 beatus
3021 5330 3109 5383 ille
3152 5328 3391 5400 Cyrillus
3449 5331 3504 5386 in

1926 5427 2325 5481 commentario
2357 5423 2678 5478 Zachariam
2731 5431 2909 5476 vatem
2959 5423 3275 5477 declarante
3301 5466 3313 5486 ,
3342 5425 3504 5492 cujus

1922 5519 2144 5575 initium
2173 5537 2185 5570 :
2211 5518 2546 5572 Vaticinatur
2567 5496 2785 5586 quidem
2807 5523 3021 5568 sanctus
3052 5515 3144 5569 ille
3177 5515 3502 5582 Zacharias;

1921 5612 2003 5666 sic
2031 5611 2108 5665 ait
2143 5629 2155 5662 :
2192 5609 2598 5665 Discedendum
2630 5608 2798 5679 igitur
2821 5624 2850 5661 a
2897 5608 3121 5671 talibus,
3163 5619 3219 5664 et
3243 5624 3273 5662 a
3300 5609 3503 5664 mentis

1921 5704 2210 5759 affectione
2241 5702 2414 5773 rigida
2432 5711 2784 5770 mortuaque,
2803 5701 2954 5756 velut
2973 5717 3003 5756 e
3023 5711 3167 5755 terra
3190 5702 3504 5772 peregrina,

1923 5795 2322 5850 transeundum
2353 5793 2421 5848 ad
2458 5794 2706 5858 Sionem,
2727 5794 2833 5848 hoc
2856 5802 2960 5855 est,
2986 5792 3052 5846 ad
3083 5793 3370 5848 veritatem
3401 5832 3414 5852 .
3447 5802 3508 5847 ut

1925 5887 2216 5942 Ecclesiam
2241 5886 2447 5942 Christi
2481 5887 2922 5952 consideremus,
2964 5887 3014 5939 in
3049 5901 3154 5954 qua
3190 5884 3506 5952 constituti,

3071 5981 3149 6040 ΔΟ
