  <div class='ocr_page' id='page_1' title='image "/cluster/home/n/w/nwhite01/storage/ocr_20150623/86 pt.1/nnc1.0022106588/639.png"; bbox 0 0 4218 6444; ppageno 0'>
   <div class='ocr_carea' id='block_1_1' title="bbox 749 412 886 473">
    <p class='ocr_par' dir='ltr' id='par_1_1' title="bbox 749 412 886 473">
     <span class='ocr_line' id='line_1_1' title="bbox 749 412 886 473; baseline 0.022 -3"><span class='ocrx_word' id='word_1_1' title='bbox 749 412 886 473; x_wconf 72' lang='grc'><strong>1259</strong></span> 
     </span>
    </p>
   </div>
   <div class='ocr_carea' id='block_1_2' title="bbox 2052 408 2798 471">
    <p class='ocr_par' dir='ltr' id='par_1_2' title="bbox 2052 408 2798 471">
     <span class='ocr_line' id='line_1_2' title="bbox 2052 408 2798 471; baseline -0.005 -1"><span class='ocrx_word' id='word_1_2' title='bbox 2052 410 2361 471; x_wconf 79' lang='lat' dir='ltr'><strong>LEONTII</strong></span> <span class='ocrx_word' id='word_1_3' title='bbox 2401 408 2798 468; x_wconf 71' lang='grc' dir='ltr'><strong>ΒΥΖΛΝΤΙΝΙ</strong></span> 
     </span>
    </p>
   </div>
   <div class='ocr_carea' id='block_1_3' title="bbox 3882 415 4021 480">
    <p class='ocr_par' dir='ltr' id='par_1_3' title="bbox 3882 415 4021 480">
     <span class='ocr_line' id='line_1_3' title="bbox 3882 415 4021 480; baseline 0.043 -6"><span class='ocrx_word' id='word_1_4' title='bbox 3882 415 4021 480; x_wconf 77' lang='lat'><strong>1260</strong></span> 
     </span>
    </p>
   </div>
   <div class='ocr_carea' id='block_1_4' title="bbox 749 515 2337 594">
    <p class='ocr_par' dir='ltr' id='par_1_4' title="bbox 749 519 2337 591">
     <span class='ocr_line' id='line_1_4' title="bbox 749 519 2337 591; baseline -0.001 -18"><span class='ocrx_word' id='word_1_5' title='bbox 749 523 1145 591; x_wconf 71' lang='lat' dir='ltr'><strong>perspiciemus</strong></span> <span class='ocrx_word' id='word_1_6' title='bbox 1177 522 1225 573; x_wconf 75' lang='lat' dir='ltr'><strong>id</strong></span> <span class='ocrx_word' id='word_1_7' title='bbox 1259 521 1403 590; x_wconf 69' lang='lat' dir='ltr'><strong>quo]</strong></span> <span class='ocrx_word' id='word_1_8' title='bbox 1439 522 1549 575; x_wconf 75' lang='lat' dir='ltr'><strong>[leo</strong></span> <span class='ocrx_word' id='word_1_9' title='bbox 1582 521 1779 588; x_wconf 83' lang='lat' dir='ltr'><strong>placet,</strong></span> <span class='ocrx_word' id='word_1_10' title='bbox 1807 531 1860 573; x_wconf 92' lang='lat' dir='ltr'><strong>et</strong></span> <span class='ocrx_word' id='word_1_11' title='bbox 1887 519 1951 572; x_wconf 85' lang='lat' dir='ltr'><strong>ad</strong></span> <span class='ocrx_word' id='word_1_12' title='bbox 1991 520 2110 572; x_wconf 85' lang='lat' dir='ltr'><strong>illas</strong></span> <span class='ocrx_word' id='word_1_13' title='bbox 2135 520 2188 572; x_wconf 93' lang='lat' dir='ltr'><strong>in</strong></span> <span class='ocrx_word' id='word_1_14' title='bbox 2213 534 2337 572; x_wconf 90' lang='lat' dir='ltr'><strong>san-</strong></span> 
     </span>
    </p>
   </div>
   <div class='ocr_carea' id='block_1_5' title="bbox 2431 515 4022 594">
    <p class='ocr_par' dir='ltr' id='par_1_5' title="bbox 2441 515 4022 594">
     <span class='ocr_line' id='line_1_5' title="bbox 2441 515 4022 594; baseline 0.007 -25"><span class='ocrx_word' id='word_1_15' title='bbox 2441 518 2530 580; x_wconf 80' lang='grc' dir='ltr'><strong>θές</strong></span> <span class='ocrx_word' id='word_1_16' title='bbox 2565 536 2579 549; x_wconf 91' lang='grc'><strong>·</strong></span> <span class='ocrx_word' id='word_1_17' title='bbox 2629 519 2717 572; x_wconf 76' lang='grc' dir='ltr'>ἵνα</span> <span class='ocrx_word' id='word_1_18' title='bbox 2760 515 2971 588; x_wconf 84' lang='grc' dir='ltr'>νοῶμεν</span> <span class='ocrx_word' id='word_1_19' title='bbox 3019 523 3117 592; x_wconf 77' lang='grc' dir='ltr'>τὴν</span> <span class='ocrx_word' id='word_1_20' title='bbox 3164 520 3493 590; x_wconf 79' lang='grc' dir='ltr'><strong>Ἐκκλησίαν</strong></span> <span class='ocrx_word' id='word_1_21' title='bbox 3523 523 3622 577; x_wconf 77' lang='grc' dir='ltr'><strong>τοῦ</strong></span> <span class='ocrx_word' id='word_1_22' title='bbox 3659 525 3920 594; x_wconf 51' lang='grc' dir='ltr'><strong>ιζριστοῦ,</strong></span> <span class='ocrx_word' id='word_1_23' title='bbox 3965 531 4022 580; x_wconf 81' lang='grc' dir='ltr'><strong>ἐν</strong></span> 
     </span>
    </p>
   </div>
   <div class='ocr_carea' id='block_1_6' title="bbox 749 610 2328 682">
    <p class='ocr_par' dir='ltr' id='par_1_6' title="bbox 749 610 2328 682">
     <span class='ocr_line' id='line_1_6' title="bbox 749 610 2328 682; baseline 0 -18"><span class='ocrx_word' id='word_1_24' title='bbox 749 624 832 665; x_wconf 76' lang='lat' dir='ltr'><strong>rta</strong></span> <span class='ocrx_word' id='word_1_25' title='bbox 871 614 1144 682; x_wconf 83' lang='lat' dir='ltr'><strong>uniusque</strong></span> <span class='ocrx_word' id='word_1_26' title='bbox 1193 615 1512 667; x_wconf 63' lang='lat' dir='ltr'><strong>sulistantim</strong></span> <span class='ocrx_word' id='word_1_27' title='bbox 1553 613 1824 667; x_wconf 87' lang='lat' dir='ltr'><strong>Trinitatc</strong></span> <span class='ocrx_word' id='word_1_28' title='bbox 1867 611 2107 664; x_wconf 85' lang='lat' dir='ltr'><strong>rationes</strong></span> <span class='ocrx_word' id='word_1_29' title='bbox 2138 610 2328 664; x_wconf 85' lang='lat' dir='ltr'><strong>oculos</strong></span> 
     </span>
    </p>
   </div>
   <div class='ocr_carea' id='block_1_7' title="bbox 747 685 2328 776">
    <p class='ocr_par' dir='ltr' id='par_1_7' title="bbox 747 702 2328 776">
     <span class='ocr_line' id='line_1_7' title="bbox 747 702 2328 776; baseline -0.002 -18"><span class='ocrx_word' id='word_1_30' title='bbox 747 705 1238 768; x_wconf 62' lang='lat' dir='ltr'><strong>eireuntl&#39;eremus,</strong></span> <span class='ocrx_word' id='word_1_31' title='bbox 1289 707 1578 776; x_wconf 81' lang='lat' dir='ltr'><strong>ipsumque</strong></span> <span class='ocrx_word' id='word_1_32' title='bbox 1607 705 1890 761; x_wconf 77' lang='lat' dir='ltr'><strong>Christum</strong></span> <span class='ocrx_word' id='word_1_33' title='bbox 1946 702 2328 770; x_wconf 82' lang='lat' dir='ltr'><strong>deprehende-</strong></span> 
     </span>
    </p>
   </div>
   <div class='ocr_carea' id='block_1_8' title="bbox 747 793 2328 866">
    <p class='ocr_par' dir='ltr' id='par_1_8' title="bbox 747 793 2328 866">
     <span class='ocr_line' id='line_1_8' title="bbox 747 793 2328 866; baseline -0.003 -17"><span class='ocrx_word' id='word_1_34' title='bbox 747 811 958 850; x_wconf 78' lang='lat' dir='ltr'><strong>musex</strong></span> <span class='ocrx_word' id='word_1_35' title='bbox 995 795 1142 848; x_wconf 87' lang='lat' dir='ltr'><strong>omni</strong></span> <span class='ocrx_word' id='word_1_36' title='bbox 1171 797 1292 848; x_wconf 88' lang='lat' dir='ltr'><strong>loco</strong></span> <span class='ocrx_word' id='word_1_37' title='bbox 1318 812 1416 850; x_wconf 85' lang='lat' dir='ltr'><strong>nos</strong></span> <span class='ocrx_word' id='word_1_38' title='bbox 1459 798 1828 866; x_wconf 78' lang='lat' dir='ltr'><strong>colligentem,</strong></span> <span class='ocrx_word' id='word_1_39' title='bbox 1869 808 1934 846; x_wconf 88' lang='lat' dir='ltr'><strong>ac</strong></span> <span class='ocrx_word' id='word_1_40' title='bbox 1964 793 2328 861; x_wconf 85' lang='lat' dir='ltr'><strong>spiritualiter</strong></span> 
     </span>
    </p>
   </div>
   <div class='ocr_carea' id='block_1_9' title="bbox 748 887 2324 956">
    <p class='ocr_par' dir='ltr' id='par_1_9' title="bbox 748 887 2324 956">
     <span class='ocr_line' id='line_1_9' title="bbox 748 887 2324 956; baseline 0.001 -15"><span class='ocrx_word' id='word_1_41' title='bbox 748 889 800 941; x_wconf 91' lang='lat' dir='ltr'><strong>in</strong></span> <span class='ocrx_word' id='word_1_42' title='bbox 833 890 1150 941; x_wconf 92' lang='lat' dir='ltr'><strong>unanimem</strong></span> <span class='ocrx_word' id='word_1_43' title='bbox 1205 903 1536 942; x_wconf 86' lang='lat' dir='ltr'><strong>consensum</strong></span> <span class='ocrx_word' id='word_1_44' title='bbox 1585 889 1954 956; x_wconf 84' lang='lat' dir='ltr'><strong>colligantem.</strong></span> <span class='ocrx_word' id='word_1_45' title='bbox 1996 887 2131 940; x_wconf 82' lang='lat' dir='ltr'><strong>Nam</strong></span> <span class='ocrx_word' id='word_1_46' title='bbox 2173 902 2324 950; x_wconf 88' lang='lat' dir='ltr'><strong>ecce.</strong></span> 
     </span>
    </p>
   </div>
   <div class='ocr_carea' id='block_1_10' title="bbox 745 979 2326 1053">
    <p class='ocr_par' dir='ltr' id='par_1_10' title="bbox 745 979 2326 1053">
     <span class='ocr_line' id='line_1_10' title="bbox 745 979 2326 1053; baseline -0.002 -17"><span class='ocrx_word' id='word_1_47' title='bbox 745 993 1034 1053; x_wconf 75' lang='lat' dir='ltr'><strong>postquam</strong></span> <span class='ocrx_word' id='word_1_48' title='bbox 1069 981 1231 1044; x_wconf 82' lang='lat' dir='ltr'><strong>dixit,</strong></span> <span class='ocrx_word' id='word_1_49' title='bbox 1263 983 1417 1048; x_wconf 84' lang='lat' dir='ltr'><strong>Quod</strong></span> <span class='ocrx_word' id='word_1_50' title='bbox 1447 984 1556 1035; x_wconf 73' lang='lat' dir='ltr'><strong>lleo</strong></span> <span class='ocrx_word' id='word_1_51' title='bbox 1593 982 1772 1050; x_wconf 88' lang='lat' dir='ltr'><strong>placet</strong></span> <span class='ocrx_word' id='word_1_52' title='bbox 1805 1023 1818 1046; x_wconf 98' lang='lat'><strong>,</strong></span> <span class='ocrx_word' id='word_1_53' title='bbox 1855 981 2079 1050; x_wconf 84' lang='lat' dir='ltr'><strong>subjieit</strong></span> <span class='ocrx_word' id='word_1_54' title='bbox 2109 999 2121 1033; x_wconf 90' lang='lat'>:</span> <span class='ocrx_word' id='word_1_55' title='bbox 2157 981 2221 1033; x_wconf 89' lang='lat' dir='ltr'><strong>Et</strong></span> <span class='ocrx_word' id='word_1_56' title='bbox 2259 979 2326 1033; x_wconf 92' lang='lat' dir='ltr'><strong>ad</strong></span> 
     </span>
    </p>
   </div>
   <div class='ocr_carea' id='block_1_11' title="bbox 744 1073 2327 1143">
    <p class='ocr_par' dir='ltr' id='par_1_11' title="bbox 744 1073 2327 1143">
     <span class='ocr_line' id='line_1_11' title="bbox 744 1073 2327 1143; baseline -0.001 -14"><span class='ocrx_word' id='word_1_57' title='bbox 744 1077 864 1129; x_wconf 82' lang='lat' dir='ltr'><strong>illas</strong></span> <span class='ocrx_word' id='word_1_58' title='bbox 896 1075 952 1129; x_wconf 90' lang='lat' dir='ltr'><strong>in</strong></span> <span class='ocrx_word' id='word_1_59' title='bbox 990 1085 1180 1130; x_wconf 86' lang='lat' dir='ltr'><strong>sancta</strong></span> <span class='ocrx_word' id='word_1_60' title='bbox 1206 1075 1477 1143; x_wconf 85' lang='lat' dir='ltr'><strong>uniusque.</strong></span> <span class='ocrx_word' id='word_1_61' title='bbox 1500 1075 1820 1128; x_wconf 68' lang='lat' dir='ltr'><strong>substantia:</strong></span> <span class='ocrx_word' id='word_1_62' title='bbox 1853 1073 2122 1126; x_wconf 79' lang='lat' dir='ltr'><strong>Trinitatc</strong></span> <span class='ocrx_word' id='word_1_63' title='bbox 2155 1075 2327 1127; x_wconf 90' lang='lat' dir='ltr'><strong>ratio-</strong></span> 
     </span>
    </p>
   </div>
   <div class='ocr_carea' id='block_1_12' title="bbox 743 1164 2328 1236">
    <p class='ocr_par' dir='ltr' id='par_1_12' title="bbox 743 1164 2328 1236">
     <span class='ocr_line' id='line_1_12' title="bbox 743 1164 2328 1236; baseline -0.001 -15"><span class='ocrx_word' id='word_1_64' title='bbox 743 1184 842 1221; x_wconf 89' lang='lat' dir='ltr'><strong>nes</strong></span> <span class='ocrx_word' id='word_1_65' title='bbox 864 1167 1061 1221; x_wconf 89' lang='lat' dir='ltr'><strong>oculos</strong></span> <span class='ocrx_word' id='word_1_66' title='bbox 1083 1167 1565 1230; x_wconf 76' lang='lat' dir='ltr'><strong>circumferemus,</strong></span> <span class='ocrx_word' id='word_1_67' title='bbox 1602 1167 1889 1236; x_wconf 87' lang='lat' dir='ltr'><strong>ipsumque</strong></span> <span class='ocrx_word' id='word_1_68' title='bbox 1917 1165 2198 1218; x_wconf 84' lang='lat' dir='ltr'><strong>Christum</strong></span> <span class='ocrx_word' id='word_1_69' title='bbox 2234 1164 2328 1219; x_wconf 80' lang='lat' dir='ltr'><strong>de-</strong></span> 
     </span>
    </p>
   </div>
   <div class='ocr_carea' id='block_1_13' title="bbox 744 1253 2326 1325">
    <p class='ocr_par' dir='ltr' id='par_1_13' title="bbox 744 1253 2326 1325">
     <span class='ocr_line' id='line_1_13' title="bbox 744 1253 2326 1325; baseline -0.001 -15"><span class='ocrx_word' id='word_1_70' title='bbox 744 1257 1156 1325; x_wconf 90' lang='lat' dir='ltr'><strong>prehendemus</strong></span> <span class='ocrx_word' id='word_1_71' title='bbox 1174 1273 1239 1310; x_wconf 85' lang='lat' dir='ltr'><strong>ex</strong></span> <span class='ocrx_word' id='word_1_72' title='bbox 1262 1258 1411 1310; x_wconf 91' lang='lat' dir='ltr'><strong>omni</strong></span> <span class='ocrx_word' id='word_1_73' title='bbox 1445 1258 1564 1308; x_wconf 85' lang='lat' dir='ltr'><strong>loco</strong></span> <span class='ocrx_word' id='word_1_74' title='bbox 1596 1271 1694 1308; x_wconf 88' lang='lat' dir='ltr'><strong>nos</strong></span> <span class='ocrx_word' id='word_1_75' title='bbox 1719 1256 2090 1322; x_wconf 68' lang='lat' dir='ltr'><strong>colligentem.</strong></span> <span class='ocrx_word' id='word_1_76' title='bbox 2138 1253 2326 1318; x_wconf 84' lang='lat' dir='ltr'><strong>Quan-</strong></span> 
     </span>
    </p>
   </div>
   <div class='ocr_carea' id='block_1_14' title="bbox 746 1343 2326 1416">
    <p class='ocr_par' dir='ltr' id='par_1_14' title="bbox 746 1343 2326 1416">
     <span class='ocr_line' id='line_1_14' title="bbox 746 1343 2326 1416; baseline 0 -18"><span class='ocrx_word' id='word_1_77' title='bbox 746 1357 859 1398; x_wconf 86' lang='lat' dir='ltr'><strong>tum</strong></span> <span class='ocrx_word' id='word_1_78' title='bbox 897 1363 1029 1416; x_wconf 74' lang='lat' dir='ltr'><strong>ergo</strong></span> <span class='ocrx_word' id='word_1_79' title='bbox 1080 1347 1359 1415; x_wconf 81' lang='lat' dir='ltr'><strong>colligitur</strong></span> <span class='ocrx_word' id='word_1_80' title='bbox 1389 1362 1453 1398; x_wconf 70' lang='lat' dir='ltr'><strong>ex</strong></span> <span class='ocrx_word' id='word_1_81' title='bbox 1497 1345 1562 1397; x_wconf 84' lang='lat' dir='ltr'><strong>iis</strong></span> <span class='ocrx_word' id='word_1_82' title='bbox 1613 1360 1733 1412; x_wconf 64' lang='lat' dir='ltr'><strong>quae</strong></span> <span class='ocrx_word' id='word_1_83' title='bbox 1765 1344 1864 1412; x_wconf 83' lang='lat' dir='ltr'><strong>ipsi</strong></span> <span class='ocrx_word' id='word_1_84' title='bbox 1903 1343 2128 1406; x_wconf 88' lang='lat' dir='ltr'><strong>dicunt,</strong></span> <span class='ocrx_word' id='word_1_85' title='bbox 2158 1346 2326 1398; x_wconf 89' lang='lat' dir='ltr'><strong>etiam</strong></span> 
     </span>
    </p>
   </div>
   <div class='ocr_carea' id='block_1_15' title="bbox 744 1436 2326 1505">
    <p class='ocr_par' dir='ltr' id='par_1_15' title="bbox 744 1436 2326 1505">
     <span class='ocr_line' id='line_1_15' title="bbox 744 1436 2326 1505; baseline -0.001 -14"><span class='ocrx_word' id='word_1_86' title='bbox 744 1439 939 1492; x_wconf 88' lang='lat' dir='ltr'><strong>beatus</strong></span> <span class='ocrx_word' id='word_1_87' title='bbox 968 1439 1058 1490; x_wconf 85' lang='lat' dir='ltr'><strong>ille</strong></span> <span class='ocrx_word' id='word_1_88' title='bbox 1083 1437 1321 1504; x_wconf 74' lang='lat' dir='ltr'><strong>Cyrillus</strong></span> <span class='ocrx_word' id='word_1_89' title='bbox 1347 1438 1770 1504; x_wconf 80' lang='lat' dir='ltr'><strong>quaternioncm</strong></span> <span class='ocrx_word' id='word_1_90' title='bbox 1797 1436 2006 1488; x_wconf 77' lang='lat' dir='ltr'><strong>statuit.</strong></span> <span class='ocrx_word' id='word_1_91' title='bbox 2041 1436 2159 1488; x_wconf 87' lang='lat' dir='ltr'><strong>Alia</strong></span> <span class='ocrx_word' id='word_1_92' title='bbox 2187 1451 2326 1505; x_wconf 83' lang='lat' dir='ltr'><strong>quo-</strong></span> 
     </span>
    </p>
   </div>
   <div class='ocr_carea' id='block_1_16' title="bbox 742 1527 2325 1597">
    <p class='ocr_par' dir='ltr' id='par_1_16' title="bbox 742 1527 2325 1597">
     <span class='ocr_line' id='line_1_16' title="bbox 742 1527 2325 1597; baseline -0.001 -16"><span class='ocrx_word' id='word_1_93' title='bbox 742 1545 850 1597; x_wconf 82' lang='lat' dir='ltr'><strong>que</strong></span> <span class='ocrx_word' id='word_1_94' title='bbox 866 1528 1179 1582; x_wconf 84' lang='lat' dir='ltr'><strong>consimilia</strong></span> <span class='ocrx_word' id='word_1_95' title='bbox 1201 1529 1369 1582; x_wconf 88' lang='lat' dir='ltr'><strong>multa</strong></span> <span class='ocrx_word' id='word_1_96' title='bbox 1389 1529 1700 1597; x_wconf 86' lang='lat' dir='ltr'><strong>reperimus</strong></span> <span class='ocrx_word' id='word_1_97' title='bbox 1717 1528 1857 1596; x_wconf 88' lang='lat' dir='ltr'><strong>apud</strong></span> <span class='ocrx_word' id='word_1_98' title='bbox 1885 1535 2106 1580; x_wconf 84' lang='lat' dir='ltr'><strong>sanctos</strong></span> <span class='ocrx_word' id='word_1_99' title='bbox 2119 1527 2325 1590; x_wconf 84' lang='lat' dir='ltr'><strong>Patres,</strong></span> 
     </span>
    </p>
   </div>
   <div class='ocr_carea' id='block_1_17' title="bbox 737 1615 2328 1687">
    <p class='ocr_par' dir='ltr' id='par_1_17' title="bbox 737 1615 2328 1687">
     <span class='ocr_line' id='line_1_17' title="bbox 737 1615 2328 1687; baseline -0.002 -16"><span class='ocrx_word' id='word_1_100' title='bbox 737 1634 862 1687; x_wconf 73' lang='lat' dir='ltr'><strong>quae</strong></span> <span class='ocrx_word' id='word_1_101' title='bbox 888 1635 1040 1674; x_wconf 91' lang='lat' dir='ltr'><strong>nunc</strong></span> <span class='ocrx_word' id='word_1_102' title='bbox 1063 1619 1300 1672; x_wconf 75' lang='lat' dir='ltr'><strong>vitandae</strong></span> <span class='ocrx_word' id='word_1_103' title='bbox 1338 1618 1671 1686; x_wconf 79' lang='lat' dir='ltr'><strong>prolixitatis</strong></span> <span class='ocrx_word' id='word_1_104' title='bbox 1717 1632 1904 1677; x_wconf 83' lang='lat' dir='ltr'><strong>causa,</strong></span> <span class='ocrx_word' id='word_1_105' title='bbox 1939 1633 2047 1668; x_wconf 91' lang='lat' dir='ltr'><strong>non</strong></span> <span class='ocrx_word' id='word_1_106' title='bbox 2077 1626 2207 1668; x_wconf 88' lang='lat' dir='ltr'><strong>sunt</strong></span> <span class='ocrx_word' id='word_1_107' title='bbox 2240 1615 2328 1668; x_wconf 88' lang='lat' dir='ltr'><strong>hic</strong></span> 
     </span>
    </p>
   </div>
   <div class='ocr_carea' id='block_1_18' title="bbox 739 1709 2328 1781">
    <p class='ocr_par' dir='ltr' id='par_1_18' title="bbox 739 1709 2328 1781">
     <span class='ocr_line' id='line_1_18' title="bbox 739 1709 2328 1781; baseline -0.001 -16"><span class='ocrx_word' id='word_1_108' title='bbox 739 1712 1072 1781; x_wconf 79' lang='lat' dir='ltr'><strong>adjicienda.</strong></span> <span class='ocrx_word' id='word_1_109' title='bbox 1116 1713 1332 1766; x_wconf 80' lang='lat' dir='ltr'><strong>Rursus</strong></span> <span class='ocrx_word' id='word_1_110' title='bbox 1366 1726 1486 1764; x_wconf 91' lang='lat' dir='ltr'><strong>eam</strong></span> <span class='ocrx_word' id='word_1_111' title='bbox 1522 1710 1960 1778; x_wconf 88' lang='lat' dir='ltr'><strong>reprehendunt,</strong></span> <span class='ocrx_word' id='word_1_112' title='bbox 1997 1709 2155 1780; x_wconf 85' lang='lat' dir='ltr'><strong>quasi</strong></span> <span class='ocrx_word' id='word_1_113' title='bbox 2204 1725 2328 1778; x_wconf 74' lang='lat' dir='ltr'><strong>qua:</strong></span> 
     </span>
    </p>
   </div>
   <div class='ocr_carea' id='block_1_19' title="bbox 740 1802 2328 1866">
    <p class='ocr_par' dir='ltr' id='par_1_19' title="bbox 740 1802 2328 1866">
     <span class='ocr_line' id='line_1_19' title="bbox 740 1802 2328 1866; baseline -0.001 -10"><span class='ocrx_word' id='word_1_114' title='bbox 740 1805 1033 1860; x_wconf 78' lang='lat' dir='ltr'><strong>formulam</strong></span> <span class='ocrx_word' id='word_1_115' title='bbox 1055 1804 1201 1858; x_wconf 88' lang='lat' dir='ltr'><strong>illam</strong></span> <span class='ocrx_word' id='word_1_116' title='bbox 1223 1805 1520 1857; x_wconf 86' lang='lat' dir='ltr'><strong>verborum</strong></span> <span class='ocrx_word' id='word_1_117' title='bbox 1546 1820 1559 1855; x_wconf 88' lang='lat'><strong>:</strong></span> <span class='ocrx_word' id='word_1_118' title='bbox 1586 1804 1643 1856; x_wconf 92' lang='lat' dir='ltr'><strong>In</strong></span> <span class='ocrx_word' id='word_1_119' title='bbox 1666 1802 1885 1856; x_wconf 86' lang='lat' dir='ltr'><strong>duabus</strong></span> <span class='ocrx_word' id='word_1_120' title='bbox 1909 1803 2147 1866; x_wconf 87' lang='lat' dir='ltr'><strong>naturis,</strong></span> <span class='ocrx_word' id='word_1_121' title='bbox 2167 1819 2328 1855; x_wconf 86' lang='lat' dir='ltr'><strong>usur-</strong></span> 
     </span>
    </p>
   </div>
   <div class='ocr_carea' id='block_1_20' title="bbox 741 1877 2406 1965">
    <p class='ocr_par' dir='ltr' id='par_1_20' title="bbox 741 1877 2406 1965">
     <span class='ocr_line' id='line_1_20' title="bbox 741 1877 2406 1965; baseline 0 -17"><span class='ocrx_word' id='word_1_122' title='bbox 741 1898 981 1965; x_wconf 76' lang='lat' dir='ltr'><strong>paverit.</strong></span> <span class='ocrx_word' id='word_1_123' title='bbox 1026 1898 1228 1951; x_wconf 86' lang='lat' dir='ltr'><strong>Verum</strong></span> <span class='ocrx_word' id='word_1_124' title='bbox 1280 1906 1334 1949; x_wconf 88' lang='lat' dir='ltr'><strong>et</strong></span> <span class='ocrx_word' id='word_1_125' title='bbox 1390 1896 1477 1948; x_wconf 71' lang='lat' dir='ltr'><strong>illa</strong></span> <span class='ocrx_word' id='word_1_126' title='bbox 1515 1895 1709 1950; x_wconf 78' lang='lat' dir='ltr'><strong>Patres</strong></span> <span class='ocrx_word' id='word_1_127' title='bbox 1746 1910 1873 1948; x_wconf 84' lang='lat' dir='ltr'><strong>usos</strong></span> <span class='ocrx_word' id='word_1_128' title='bbox 1901 1936 1914 1957; x_wconf 96' lang='lat'><strong>,</strong></span> <span class='ocrx_word' id='word_1_129' title='bbox 1958 1895 2026 1948; x_wconf 86' lang='lat' dir='ltr'><strong>de</strong></span> <span class='ocrx_word' id='word_1_130' title='bbox 2077 1895 2329 1964; x_wconf 89' lang='lat' dir='ltr'><strong>pluribus</strong></span> <span class='ocrx_word' id='word_1_131' title='bbox 2365 1877 2406 1932; x_wconf 74' lang='grc' dir='ltr'><strong><em>Β</em></strong></span> 
     </span>
    </p>
   </div>
   <div class='ocr_carea' id='block_1_21' title="bbox 740 1991 1184 2044">
    <p class='ocr_par' dir='ltr' id='par_1_21' title="bbox 740 1991 1184 2044">
     <span class='ocr_line' id='line_1_21' title="bbox 740 1991 1184 2044; baseline 0.007 -5"><span class='ocrx_word' id='word_1_132' title='bbox 740 2001 964 2044; x_wconf 85' lang='lat' dir='ltr'><strong>ostenso</strong></span> <span class='ocrx_word' id='word_1_133' title='bbox 1005 1991 1184 2043; x_wconf 78' lang='lat' dir='ltr'><strong>facile.</strong></span> 
     </span>
    </p>
   </div>
   <div class='ocr_carea' id='block_1_22' title="bbox 2429 605 4025 688">
    <p class='ocr_par' dir='ltr' id='par_1_22' title="bbox 2429 605 4025 688">
     <span class='ocr_line' id='line_1_22' title="bbox 2429 605 4025 688; baseline 0.006 -25"><span class='ocrx_word' id='word_1_134' title='bbox 2429 605 2474 678; x_wconf 86' lang='grc' dir='ltr'><strong>ᾧ</strong></span> <span class='ocrx_word' id='word_1_135' title='bbox 2521 615 2835 678; x_wconf 74' lang='grc' dir='ltr'><strong>γεγονότες,</strong></span> <span class='ocrx_word' id='word_1_136' title='bbox 2897 614 3247 685; x_wconf 79' lang='grc' dir='ltr'>κατοψόμεθα</span> <span class='ocrx_word' id='word_1_137' title='bbox 3288 615 3349 669; x_wconf 81' lang='grc' dir='ltr'>τὸ</span> <span class='ocrx_word' id='word_1_138' title='bbox 3404 615 3482 686; x_wconf 83' lang='grc' dir='ltr'><strong>τῷ</strong></span> <span class='ocrx_word' id='word_1_139' title='bbox 3519 617 3639 688; x_wconf 85' lang='grc' dir='ltr'><strong>Θεῷ</strong></span> <span class='ocrx_word' id='word_1_140' title='bbox 3679 619 3896 685; x_wconf 87' lang='grc' dir='ltr'>δοκοῦν,</span> <span class='ocrx_word' id='word_1_141' title='bbox 3929 622 4025 672; x_wconf 71' lang='grc' dir='ltr'>καὶ</span> 
     </span>
    </p>
   </div>
   <div class='ocr_carea' id='block_1_23' title="bbox 2431 706 4029 783">
    <p class='ocr_par' dir='ltr' id='par_1_23' title="bbox 2431 706 4029 783">
     <span class='ocr_line' id='line_1_23' title="bbox 2431 706 4029 783; baseline 0.006 -26"><span class='ocrx_word' id='word_1_142' title='bbox 2431 706 2556 768; x_wconf 81' lang='grc' dir='ltr'>τοὺς</span> <span class='ocrx_word' id='word_1_143' title='bbox 2602 706 2692 758; x_wconf 80' lang='grc' dir='ltr'>ἐπὶ</span> <span class='ocrx_word' id='word_1_144' title='bbox 2732 709 2796 775; x_wconf 77' lang='grc' dir='ltr'>τῇ</span> <span class='ocrx_word' id='word_1_145' title='bbox 2848 706 2981 778; x_wconf 68' lang='grc' dir='ltr'>ἁγία</span> <span class='ocrx_word' id='word_1_146' title='bbox 3043 725 3102 762; x_wconf 90' lang='grc' dir='ltr'><strong>τε</strong></span> <span class='ocrx_word' id='word_1_147' title='bbox 3162 709 3256 762; x_wconf 77' lang='grc' dir='ltr'>καὶ</span> <span class='ocrx_word' id='word_1_148' title='bbox 3304 710 3578 780; x_wconf 86' lang='grc' dir='ltr'>όμοουσίῳ</span> <span class='ocrx_word' id='word_1_149' title='bbox 3621 711 3813 779; x_wconf 83' lang='grc' dir='ltr'>Τριὰδι</span> <span class='ocrx_word' id='word_1_150' title='bbox 3869 729 4029 783; x_wconf 84' lang='grc' dir='ltr'>περι-</span> 
     </span>
    </p>
   </div>
   <div class='ocr_carea' id='block_1_24' title="bbox 2431 798 4027 876">
    <p class='ocr_par' dir='ltr' id='par_1_24' title="bbox 2431 798 4027 876">
     <span class='ocr_line' id='line_1_24' title="bbox 2431 798 4027 876; baseline 0.007 -26"><span class='ocrx_word' id='word_1_151' title='bbox 2431 798 2744 871; x_wconf 81' lang='grc' dir='ltr'>αθρὴσομεν</span> <span class='ocrx_word' id='word_1_152' title='bbox 2777 800 2988 868; x_wconf 84' lang='grc' dir='ltr'>λόγους,</span> <span class='ocrx_word' id='word_1_153' title='bbox 3026 804 3120 856; x_wconf 72' lang='grc' dir='ltr'>καὶ</span> <span class='ocrx_word' id='word_1_154' title='bbox 3167 803 3331 858; x_wconf 78' lang='grc' dir='ltr'>αὑτὸν</span> <span class='ocrx_word' id='word_1_155' title='bbox 3371 805 3678 876; x_wconf 81' lang='grc' dir='ltr'>εὑρήσομεν</span> <span class='ocrx_word' id='word_1_156' title='bbox 3718 807 3780 859; x_wconf 87' lang='grc' dir='ltr'><strong>ἐκ</strong></span> <span class='ocrx_word' id='word_1_157' title='bbox 3821 808 4027 871; x_wconf 75' lang='grc' dir='ltr'>παντὸς</span> 
     </span>
    </p>
   </div>
   <div class='ocr_carea' id='block_1_25' title="bbox 2431 890 4026 964">
    <p class='ocr_par' dir='ltr' id='par_1_25' title="bbox 2431 890 4026 964">
     <span class='ocr_line' id='line_1_25' title="bbox 2431 890 4026 964; baseline 0.007 -24"><span class='ocrx_word' id='word_1_158' title='bbox 2431 890 2578 956; x_wconf 79' lang='grc' dir='ltr'>ἡμᾶς</span> <span class='ocrx_word' id='word_1_159' title='bbox 2599 891 2796 960; x_wconf 86' lang='grc' dir='ltr'>τρόπου</span> <span class='ocrx_word' id='word_1_160' title='bbox 2815 894 3210 964; x_wconf 79' lang='grc' dir='ltr'><strong>συναγείροντα</strong></span> <span class='ocrx_word' id='word_1_161' title='bbox 3230 895 3323 947; x_wconf 67' lang='grc' dir='ltr'><strong>τὸν</strong></span> <span class='ocrx_word' id='word_1_162' title='bbox 3342 896 3598 963; x_wconf 78' lang='grc' dir='ltr'>Χριστὸν,</span> <span class='ocrx_word' id='word_1_163' title='bbox 3614 898 3708 949; x_wconf 80' lang='grc' dir='ltr'>καὶ</span> <span class='ocrx_word' id='word_1_164' title='bbox 3730 897 4026 951; x_wconf 83' lang='grc' dir='ltr'>συνδέοντα</span> 
     </span>
    </p>
   </div>
   <div class='ocr_carea' id='block_1_26' title="bbox 2433 982 4028 1061">
    <p class='ocr_par' dir='ltr' id='par_1_26' title="bbox 2433 982 4028 1061">
     <span class='ocr_line' id='line_1_26' title="bbox 2433 982 4028 1061; baseline 0.008 -29"><span class='ocrx_word' id='word_1_165' title='bbox 2433 982 2822 1050; x_wconf 78' lang='grc' dir='ltr'>πνευματικῶς</span> <span class='ocrx_word' id='word_1_166' title='bbox 2846 987 2926 1047; x_wconf 83' lang='grc' dir='ltr'><strong>είς</strong></span> <span class='ocrx_word' id='word_1_167' title='bbox 2953 985 3284 1055; x_wconf 77' lang='grc' dir='ltr'>όμοψυχίαν.</span> <span class='ocrx_word' id='word_1_168' title='bbox 3318 988 3452 1040; x_wconf 79' lang='grc' dir='ltr'>Ἰδοὺ</span> <span class='ocrx_word' id='word_1_169' title='bbox 3484 988 3593 1060; x_wconf 73' lang='grc' dir='ltr'>γὰρ</span> <span class='ocrx_word' id='word_1_170' title='bbox 3627 989 3798 1041; x_wconf 78' lang='grc' dir='ltr'>εἰπὼν</span> <span class='ocrx_word' id='word_1_171' title='bbox 3820 990 3904 1053; x_wconf 80' lang='grc' dir='ltr'>τὸ,</span> <span class='ocrx_word' id='word_1_172' title='bbox 3931 990 4028 1061; x_wconf 83' lang='grc' dir='ltr'>Τῷ</span> 
     </span>
    </p>
   </div>
   <div class='ocr_carea' id='block_1_27' title="bbox 2429 1072 4029 1152">
    <p class='ocr_par' dir='ltr' id='par_1_27' title="bbox 2429 1072 4029 1152">
     <span class='ocr_line' id='line_1_27' title="bbox 2429 1072 4029 1152; baseline 0.008 -29"><span class='ocrx_word' id='word_1_173' title='bbox 2429 1072 2548 1141; x_wconf 83' lang='grc' dir='ltr'><strong>Θεῴ</strong></span> <span class='ocrx_word' id='word_1_174' title='bbox 2571 1075 2788 1140; x_wconf 90' lang='grc' dir='ltr'>δοκοῦν,</span> <span class='ocrx_word' id='word_1_175' title='bbox 2822 1079 3096 1145; x_wconf 82' lang='grc' dir='ltr'>ἐπήγαγε,</span> <span class='ocrx_word' id='word_1_176' title='bbox 3130 1079 3244 1132; x_wconf 71' lang='grc' dir='ltr'><strong>Καὶ</strong></span> <span class='ocrx_word' id='word_1_177' title='bbox 3279 1081 3408 1143; x_wconf 80' lang='grc' dir='ltr'>τοὺς</span> <span class='ocrx_word' id='word_1_178' title='bbox 3442 1082 3533 1133; x_wconf 64' lang='grc' dir='ltr'>ἐτῑῖ</span> <span class='ocrx_word' id='word_1_179' title='bbox 3563 1084 3628 1151; x_wconf 83' lang='grc' dir='ltr'><strong>τῇ</strong></span> <span class='ocrx_word' id='word_1_180' title='bbox 3671 1082 3804 1152; x_wconf 78' lang='grc' dir='ltr'>ἁγίᾳ</span> <span class='ocrx_word' id='word_1_181' title='bbox 3835 1099 3895 1134; x_wconf 90' lang='grc' dir='ltr'><strong>τε</strong></span> <span class='ocrx_word' id='word_1_182' title='bbox 3935 1085 4029 1136; x_wconf 75' lang='grc' dir='ltr'>καὶ</span> 
     </span>
    </p>
   </div>
   <div class='ocr_carea' id='block_1_28' title="bbox 2431 1165 4030 1242">
    <p class='ocr_par' dir='ltr' id='par_1_28' title="bbox 2431 1165 4030 1242">
     <span class='ocr_line' id='line_1_28' title="bbox 2431 1165 4030 1242; baseline 0.006 -26"><span class='ocrx_word' id='word_1_183' title='bbox 2431 1165 2704 1236; x_wconf 82' lang='grc' dir='ltr'>όμοουσίῳ</span> <span class='ocrx_word' id='word_1_184' title='bbox 2725 1169 2916 1237; x_wconf 79' lang='grc' dir='ltr'>Τριάδι</span> <span class='ocrx_word' id='word_1_185' title='bbox 2957 1170 3403 1242; x_wconf 78' lang='grc' dir='ltr'>περιαθρήσομεν</span> <span class='ocrx_word' id='word_1_186' title='bbox 3455 1173 3666 1240; x_wconf 84' lang='grc' dir='ltr'>λόγους,</span> <span class='ocrx_word' id='word_1_187' title='bbox 3713 1175 3806 1227; x_wconf 72' lang='grc' dir='ltr'>καὶ</span> <span class='ocrx_word' id='word_1_188' title='bbox 3860 1176 4030 1228; x_wconf 75' lang='grc' dir='ltr'>αὑτὸν</span> 
     </span>
    </p>
   </div>
   <div class='ocr_carea' id='block_1_29' title="bbox 2431 1259 4032 1335">
    <p class='ocr_par' dir='ltr' id='par_1_29' title="bbox 2431 1259 4032 1335">
     <span class='ocr_line' id='line_1_29' title="bbox 2431 1259 4032 1335; baseline 0.006 -25"><span class='ocrx_word' id='word_1_189' title='bbox 2431 1259 2741 1328; x_wconf 73' lang='grc' dir='ltr'><strong>εὑρήσομεν</strong></span> <span class='ocrx_word' id='word_1_190' title='bbox 2804 1263 2954 1330; x_wconf 74' lang='grc' dir='ltr'>ἡμᾶς</span> <span class='ocrx_word' id='word_1_191' title='bbox 3012 1264 3408 1334; x_wconf 78' lang='grc' dir='ltr'>συναγείροντα</span> <span class='ocrx_word' id='word_1_192' title='bbox 3463 1265 3554 1317; x_wconf 79' lang='grc' dir='ltr'>τὸν</span> <span class='ocrx_word' id='word_1_193' title='bbox 3603 1267 3862 1335; x_wconf 85' lang='grc' dir='ltr'>Χριστόν.</span> <span class='ocrx_word' id='word_1_194' title='bbox 3920 1268 4032 1320; x_wconf 85' lang='lat' dir='ltr'><strong>Kal.</strong></span> 
     </span>
    </p>
   </div>
   <div class='ocr_carea' id='block_1_30' title="bbox 2431 1345 4031 1428">
    <p class='ocr_par' dir='ltr' id='par_1_30' title="bbox 2431 1345 4031 1428">
     <span class='ocr_line' id='line_1_30' title="bbox 2431 1345 4031 1428; baseline 0.006 -26"><span class='ocrx_word' id='word_1_195' title='bbox 2431 1351 2558 1402; x_wconf 83' lang='grc' dir='ltr'>ὅσον</span> <span class='ocrx_word' id='word_1_196' title='bbox 2581 1350 2640 1414; x_wconf 83' lang='grc' dir='ltr'>ἐξ</span> <span class='ocrx_word' id='word_1_197' title='bbox 2661 1345 2736 1404; x_wconf 85' lang='grc' dir='ltr'>ὧν</span> <span class='ocrx_word' id='word_1_198' title='bbox 2758 1352 3001 1420; x_wconf 79' lang='grc' dir='ltr'>λέγουσι.</span> <span class='ocrx_word' id='word_1_199' title='bbox 3032 1356 3126 1408; x_wconf 77' lang='grc' dir='ltr'>καὶ</span> <span class='ocrx_word' id='word_1_200' title='bbox 3157 1358 3184 1407; x_wconf 85' lang='grc' dir='ltr'>ὁ</span> <span class='ocrx_word' id='word_1_201' title='bbox 3209 1356 3476 1426; x_wconf 78' lang='grc' dir='ltr'>μακάριος</span> <span class='ocrx_word' id='word_1_202' title='bbox 3500 1356 3769 1427; x_wconf 81' lang='grc' dir='ltr'>Κύριλλος</span> <span class='ocrx_word' id='word_1_203' title='bbox 3790 1358 4031 1428; x_wconf 78' lang='grc' dir='ltr'><strong>τετράδα</strong></span> 
     </span>
    </p>
   </div>
   <div class='ocr_carea' id='block_1_31' title="bbox 2430 1441 4033 1518">
    <p class='ocr_par' dir='ltr' id='par_1_31' title="bbox 2430 1441 4033 1518">
     <span class='ocr_line' id='line_1_31' title="bbox 2430 1441 4033 1518; baseline 0.006 -24"><span class='ocrx_word' id='word_1_204' title='bbox 2430 1441 2664 1507; x_wconf 73' lang='grc' dir='ltr'>δοξάζει.</span> <span class='ocrx_word' id='word_1_205' title='bbox 2704 1444 2810 1496; x_wconf 84' lang='lat' dir='ltr'><strong>Kal.</strong></span> <span class='ocrx_word' id='word_1_206' title='bbox 2834 1445 2969 1498; x_wconf 79' lang='grc' dir='ltr'>ἄλλα</span> <span class='ocrx_word' id='word_1_207' title='bbox 2993 1446 3049 1498; x_wconf 87' lang='grc' dir='ltr'><strong>δέ</strong></span> <span class='ocrx_word' id='word_1_208' title='bbox 3071 1448 3291 1500; x_wconf 82' lang='grc' dir='ltr'>τοιαῦτα</span> <span class='ocrx_word' id='word_1_209' title='bbox 3337 1448 3508 1501; x_wconf 60' lang='lat' dir='ltr'><strong>nulla</strong></span> <span class='ocrx_word' id='word_1_210' title='bbox 3541 1450 3691 1518; x_wconf 73' lang='grc' dir='ltr'>παρὰ</span> <span class='ocrx_word' id='word_1_211' title='bbox 3719 1452 3830 1506; x_wconf 72' lang='grc' dir='ltr'>τοῖς</span> <span class='ocrx_word' id='word_1_212' title='bbox 3853 1451 4033 1516; x_wconf 77' lang='grc' dir='ltr'>ἁγίοις</span> 
     </span>
    </p>
   </div>
   <div class='ocr_carea' id='block_1_32' title="bbox 2431 1534 4033 1608">
    <p class='ocr_par' dir='ltr' id='par_1_32' title="bbox 2431 1534 4033 1608">
     <span class='ocr_line' id='line_1_32' title="bbox 2431 1534 4033 1608; baseline 0.002 -18"><span class='ocrx_word' id='word_1_213' title='bbox 2431 1534 2714 1604; x_wconf 77' lang='grc' dir='ltr'>Πατρόισιν</span> <span class='ocrx_word' id='word_1_214' title='bbox 2740 1536 3088 1607; x_wconf 74' lang='grc' dir='ltr'>εὑρίσκομεν,</span> <span class='ocrx_word' id='word_1_215' title='bbox 3120 1537 3155 1590; x_wconf 72' lang='grc' dir='ltr'>ἃ</span> <span class='ocrx_word' id='word_1_216' title='bbox 3175 1538 3265 1590; x_wconf 79' lang='grc' dir='ltr'>διὰ</span> <span class='ocrx_word' id='word_1_217' title='bbox 3291 1539 3620 1608; x_wconf 68' lang='grc' dir='ltr'>πολυλογίαν</span> <span class='ocrx_word' id='word_1_218' title='bbox 3673 1542 3770 1593; x_wconf 88' lang='grc' dir='ltr'><strong>νῦν</strong></span> <span class='ocrx_word' id='word_1_219' title='bbox 3826 1542 3891 1594; x_wconf 76' lang='grc' dir='ltr'>οὗ</span> <span class='ocrx_word' id='word_1_220' title='bbox 3952 1542 4033 1594; x_wconf 85' lang='grc' dir='ltr'><strong>δεῖ</strong></span> 
     </span>
    </p>
   </div>
   <div class='ocr_carea' id='block_1_33' title="bbox 2433 1631 4033 1706">
    <p class='ocr_par' dir='ltr' id='par_1_33' title="bbox 2433 1631 4033 1706">
     <span class='ocr_line' id='line_1_33' title="bbox 2433 1631 4033 1706; baseline 0.005 -24"><span class='ocrx_word' id='word_1_221' title='bbox 2433 1631 2802 1700; x_wconf 82' lang='grc' dir='ltr'>παραθέσθαι.</span> <span class='ocrx_word' id='word_1_222' title='bbox 2833 1633 3335 1703; x_wconf 71' lang='grc' dir='ltr'>Ἐπιλαμδάνονται</span> <span class='ocrx_word' id='word_1_223' title='bbox 3385 1637 3442 1689; x_wconf 83' lang='grc' dir='ltr'>δὲ</span> <span class='ocrx_word' id='word_1_224' title='bbox 3493 1637 3662 1706; x_wconf 76' lang='grc' dir='ltr'>αὐτῆς</span> <span class='ocrx_word' id='word_1_225' title='bbox 3711 1638 3902 1700; x_wconf 79' lang='grc' dir='ltr'>πάλιν,</span> <span class='ocrx_word' id='word_1_226' title='bbox 3957 1638 4033 1702; x_wconf 86' lang='grc' dir='ltr'>ὠς</span> 
     </span>
    </p>
   </div>
   <div class='ocr_carea' id='block_1_34' title="bbox 2430 1718 4032 1800">
    <p class='ocr_par' dir='ltr' id='par_1_34' title="bbox 2430 1718 4032 1800">
     <span class='ocr_line' id='line_1_34' title="bbox 2430 1718 4032 1800; baseline 0.005 -28"><span class='ocrx_word' id='word_1_227' title='bbox 2430 1721 2691 1794; x_wconf 83' lang='grc' dir='ltr'>είπούσης</span> <span class='ocrx_word' id='word_1_228' title='bbox 2713 1723 2794 1787; x_wconf 83' lang='grc' dir='ltr'>τὸ,</span> <span class='ocrx_word' id='word_1_229' title='bbox 2813 1718 2901 1778; x_wconf 85' lang='grc' dir='ltr'>Ἐν</span> <span class='ocrx_word' id='word_1_230' title='bbox 2930 1725 3024 1778; x_wconf 82' lang='grc' dir='ltr'><strong>δύο</strong></span> <span class='ocrx_word' id='word_1_231' title='bbox 3059 1726 3303 1795; x_wconf 74' lang='grc' dir='ltr'>φύσεσιν.</span> <span class='ocrx_word' id='word_1_232' title='bbox 3337 1729 3458 1781; x_wconf 86' lang='grc' dir='ltr'>Ὅτι</span> <span class='ocrx_word' id='word_1_233' title='bbox 3487 1729 3544 1781; x_wconf 80' lang='grc' dir='ltr'>δὲ</span> <span class='ocrx_word' id='word_1_234' title='bbox 3573 1727 3851 1782; x_wconf 69' lang='grc' dir='ltr'>καὶτοῦτο</span> <span class='ocrx_word' id='word_1_235' title='bbox 3881 1729 4032 1800; x_wconf 72' lang='grc' dir='ltr'>εἴρη-</span> 
     </span>
    </p>
   </div>
   <div class='ocr_carea' id='block_1_35' title="bbox 2431 1814 3956 1890">
    <p class='ocr_par' dir='ltr' id='par_1_35' title="bbox 2431 1814 3956 1890">
     <span class='ocr_line' id='line_1_35' title="bbox 2431 1814 3956 1890; baseline 0.005 -24"><span class='ocrx_word' id='word_1_236' title='bbox 2431 1831 2520 1866; x_wconf 90' lang='grc' dir='ltr'><strong>ται</strong></span> <span class='ocrx_word' id='word_1_237' title='bbox 2544 1814 2696 1886; x_wconf 79' lang='grc' dir='ltr'>παρὰ</span> <span class='ocrx_word' id='word_1_238' title='bbox 2731 1819 2843 1880; x_wconf 79' lang='grc' dir='ltr'>τοῖς</span> <span class='ocrx_word' id='word_1_239' title='bbox 2879 1819 3149 1890; x_wconf 84' lang='grc' dir='ltr'>Πατράσι,</span> <span class='ocrx_word' id='word_1_240' title='bbox 3186 1820 3367 1890; x_wconf 66' lang='grc' dir='ltr'>ῥᾴδιον</span> <span class='ocrx_word' id='word_1_241' title='bbox 3398 1819 3567 1885; x_wconf 83' lang='grc' dir='ltr'>δεῖξαι</span> <span class='ocrx_word' id='word_1_242' title='bbox 3587 1821 3703 1876; x_wconf 56' lang='lat' dir='ltr'><strong>and</strong></span> <span class='ocrx_word' id='word_1_243' title='bbox 3719 1820 3956 1874; x_wconf 79' lang='grc' dir='ltr'><strong>πολλῶν.</strong></span> 
     </span>
    </p>
   </div>
   <div class='ocr_carea' id='block_1_36' title="bbox 2306 2136 2448 2146">
    <p class='ocr_par' dir='ltr' id='par_1_36' title="bbox 2306 2136 2448 2146">
     <span class='ocr_line' id='line_1_36' title="bbox 2306 2136 2448 2146; baseline 0.007 -1"><span class='ocrx_word' id='word_1_244' title='bbox 2306 2136 2448 2146; x_wconf 70' lang='grc' dir='ltr'><strong>..ι--ρ</strong></span> 
     </span>
    </p>
   </div>
   <div class='ocr_carea' id='block_1_37' title="bbox 740 2219 4013 2308">
    <p class='ocr_par' dir='ltr' id='par_1_37' title="bbox 740 2219 4013 2308">
     <span class='ocr_line' id='line_1_37' title="bbox 740 2219 4013 2308; baseline 0.002 -24"><span class='ocrx_word' id='word_1_245' title='bbox 740 2223 1002 2284; x_wconf 75' lang='lat' dir='ltr'><strong>Actione</strong></span> <span class='ocrx_word' id='word_1_246' title='bbox 1047 2221 1284 2308; x_wconf 71' lang='lat' dir='ltr'><strong>decima</strong></span> <span class='ocrx_word' id='word_1_247' title='bbox 1343 2243 1522 2308; x_wconf 71' lang='lat' dir='ltr'><strong>error</strong></span> <span class='ocrx_word' id='word_1_248' title='bbox 1572 2226 2017 2308; x_wconf 64' lang='lat' dir='ltr'><strong>Gaianitarttm</strong></span> <span class='ocrx_word' id='word_1_249' title='bbox 2057 2225 2391 2302; x_wconf 72' lang='lat' dir='ltr'><strong>detegitur,</strong></span> <span class='ocrx_word' id='word_1_250' title='bbox 2439 2232 2661 2282; x_wconf 79' lang='lat' dir='ltr'><strong>contra</strong></span> <span class='ocrx_word' id='word_1_251' title='bbox 2709 2241 2861 2308; x_wconf 69' lang='lat' dir='ltr'><strong>quos</strong></span> <span class='ocrx_word' id='word_1_252' title='bbox 2899 2223 3211 2308; x_wconf 70' lang='lat' dir='ltr'><strong>probatur</strong></span> <span class='ocrx_word' id='word_1_253' title='bbox 3266 2227 3508 2308; x_wconf 76' lang='lat' dir='ltr'><strong>Christi</strong></span> <span class='ocrx_word' id='word_1_254' title='bbox 3545 2247 3772 2305; x_wconf 77' lang='lat' dir='ltr'><strong>corpus</strong></span> <span class='ocrx_word' id='word_1_255' title='bbox 3809 2219 4013 2308; x_wconf 59' lang='lat' dir='ltr'><strong>fuisse</strong></span> 
     </span>
    </p>
   </div>
   <div class='ocr_carea' id='block_1_38' title="bbox 819 2303 4024 2387">
    <p class='ocr_par' dir='ltr' id='par_1_38' title="bbox 819 2303 4024 2387">
     <span class='ocr_line' id='line_1_38' title="bbox 819 2303 4024 2387; baseline 0.002 -25"><span class='ocrx_word' id='word_1_256' title='bbox 819 2303 1258 2381; x_wconf 78' lang='lat' dir='ltr'><strong>corruptibile,</strong></span> <span class='ocrx_word' id='word_1_257' title='bbox 1307 2320 1359 2363; x_wconf 74' lang='lat' dir='ltr'><strong>rt</strong></span> <span class='ocrx_word' id='word_1_258' title='bbox 1399 2305 1626 2387; x_wconf 68' lang='lat' dir='ltr'><strong>iisdem</strong></span> <span class='ocrx_word' id='word_1_259' title='bbox 1653 2303 2078 2387; x_wconf 72' lang='lat' dir='ltr'><strong>passionibus,</strong></span> <span class='ocrx_word' id='word_1_260' title='bbox 2105 2313 2357 2387; x_wconf 69' lang='lat' dir='ltr'><strong>excepto</strong></span> <span class='ocrx_word' id='word_1_261' title='bbox 2381 2314 2658 2380; x_wconf 63' lang='lat' dir='ltr'><strong>pet-cato,</strong></span> <span class='ocrx_word' id='word_1_262' title='bbox 2686 2303 3050 2383; x_wconf 70' lang='lat' dir='ltr'><strong>subjectum.</strong></span> <span class='ocrx_word' id='word_1_263' title='bbox 3077 2305 3312 2366; x_wconf 67' lang='lat' dir='ltr'><strong>lit-inde</strong></span> <span class='ocrx_word' id='word_1_264' title='bbox 3356 2303 4024 2387; x_wconf 44' lang='lat' dir='ltr'><strong>Agitoctwu&#39;tprenen-</strong></span> 
     </span>
    </p>
   </div>
   <div class='ocr_carea' id='block_1_39' title="bbox 816 2383 2528 2462">
    <p class='ocr_par' dir='ltr' id='par_1_39' title="bbox 816 2383 2528 2462">
     <span class='ocr_line' id='line_1_39' title="bbox 816 2383 2528 2462; baseline -0.001 -21"><span class='ocrx_word' id='word_1_265' title='bbox 816 2387 1096 2442; x_wconf 80' lang='lat' dir='ltr'><strong>duntur:</strong></span> <span class='ocrx_word' id='word_1_266' title='bbox 1137 2393 1448 2460; x_wconf 83' lang='lat' dir='ltr'><strong>postremo</strong></span> <span class='ocrx_word' id='word_1_267' title='bbox 1503 2383 1733 2443; x_wconf 74' lang='lat' dir='ltr'><strong>ddiria</strong></span> <span class='ocrx_word' id='word_1_268' title='bbox 1795 2384 2088 2462; x_wconf 77' lang='lat' dir='ltr'><strong>Origenis</strong></span> <span class='ocrx_word' id='word_1_269' title='bbox 2141 2384 2528 2460; x_wconf 74' lang='lat' dir='ltr'><strong>refutantur.</strong></span> 
     </span>
    </p>
   </div>
   <div class='ocr_carea' id='block_1_40' title="bbox 1336 2526 1654 2582">
    <p class='ocr_par' dir='ltr' id='par_1_40' title="bbox 1336 2526 1654 2582">
     <span class='ocr_line' id='line_1_40' title="bbox 1336 2526 1654 2582; baseline 0.006 -4"><span class='ocrx_word' id='word_1_270' title='bbox 1336 2526 1540 2581; x_wconf 79' lang='lat' dir='ltr'><strong>ACTIO</strong></span> <span class='ocrx_word' id='word_1_271' title='bbox 1588 2527 1654 2582; x_wconf 76' lang='grc' dir='ltr'><strong>Χ.</strong></span> 
     </span>
    </p>
   </div>
   <div class='ocr_carea' id='block_1_41' title="bbox 803 2616 2324 2687">
    <p class='ocr_par' dir='ltr' id='par_1_41' title="bbox 803 2616 2324 2687">
     <span class='ocr_line' id='line_1_41' title="bbox 803 2616 2324 2687; baseline 0.001 -16"><span class='ocrx_word' id='word_1_272' title='bbox 803 2617 933 2671; x_wconf 83' lang='lat' dir='ltr'><strong>Post</strong></span> <span class='ocrx_word' id='word_1_273' title='bbox 967 2616 1152 2670; x_wconf 88' lang='lat' dir='ltr'><strong>omnia</strong></span> <span class='ocrx_word' id='word_1_274' title='bbox 1183 2633 1304 2686; x_wconf 64' lang='lat' dir='ltr'><strong>quae</strong></span> <span class='ocrx_word' id='word_1_275' title='bbox 1354 2619 1623 2673; x_wconf 78' lang='lat' dir='ltr'><strong>hactenus</strong></span> <span class='ocrx_word' id='word_1_276' title='bbox 1653 2620 1899 2687; x_wconf 76' lang='lat' dir='ltr'><strong>exposita</strong></span> <span class='ocrx_word' id='word_1_277' title='bbox 1949 2626 2105 2672; x_wconf 79' lang='lat' dir='ltr'><strong>sunt.</strong></span> <span class='ocrx_word' id='word_1_278' title='bbox 2142 2633 2324 2686; x_wconf 64' lang='lat' dir='ltr'><strong>operte</strong></span> 
     </span>
    </p>
   </div>
   <div class='ocr_carea' id='block_1_42' title="bbox 739 2709 2320 2780">
    <p class='ocr_par' dir='ltr' id='par_1_42' title="bbox 739 2709 2320 2780">
     <span class='ocr_line' id='line_1_42' title="bbox 739 2709 2320 2780; baseline -0.001 -16"><span class='ocrx_word' id='word_1_279' title='bbox 739 2713 900 2765; x_wconf 71' lang='lat' dir='ltr'><strong>fuerit</strong></span> <span class='ocrx_word' id='word_1_280' title='bbox 930 2711 1168 2779; x_wconf 86' lang='lat' dir='ltr'><strong>pretium</strong></span> <span class='ocrx_word' id='word_1_281' title='bbox 1229 2710 1297 2764; x_wconf 83' lang='lat' dir='ltr'><strong>de</strong></span> <span class='ocrx_word' id='word_1_282' title='bbox 1345 2709 1723 2764; x_wconf 77' lang='lat' dir='ltr'><strong>Caianitarum</strong></span> <span class='ocrx_word' id='word_1_283' title='bbox 1751 2727 1969 2780; x_wconf 87' lang='lat' dir='ltr'><strong>quoque</strong></span> <span class='ocrx_word' id='word_1_284' title='bbox 1999 2726 2061 2763; x_wconf 83' lang='lat' dir='ltr'><strong>ae</strong></span> <span class='ocrx_word' id='word_1_285' title='bbox 2087 2710 2320 2763; x_wconf 88' lang='lat' dir='ltr'><strong>aliorum</strong></span> 
     </span>
    </p>
   </div>
   <div class='ocr_carea' id='block_1_43' title="bbox 738 2801 2325 2875">
    <p class='ocr_par' dir='ltr' id='par_1_43' title="bbox 738 2801 2325 2875">
     <span class='ocr_line' id='line_1_43' title="bbox 738 2801 2325 2875; baseline -0.003 -17"><span class='ocrx_word' id='word_1_286' title='bbox 738 2804 1102 2875; x_wconf 87' lang='lat' dir='ltr'><strong>quorumdam</strong></span> <span class='ocrx_word' id='word_1_287' title='bbox 1134 2803 1392 2872; x_wconf 87' lang='lat' dir='ltr'><strong>opinione</strong></span> <span class='ocrx_word' id='word_1_288' title='bbox 1433 2804 1804 2858; x_wconf 86' lang='lat' dir='ltr'><strong>narrationem</strong></span> <span class='ocrx_word' id='word_1_289' title='bbox 1843 2803 2077 2856; x_wconf 78' lang='lat' dir='ltr'><strong>institui.</strong></span> <span class='ocrx_word' id='word_1_290' title='bbox 2138 2801 2325 2856; x_wconf 82' lang='lat' dir='ltr'><strong>Conti-</strong></span> 
     </span>
    </p>
   </div>
   <div class='ocr_carea' id='block_1_44' title="bbox 739 2893 2326 2965">
    <p class='ocr_par' dir='ltr' id='par_1_44' title="bbox 739 2893 2326 2965">
     <span class='ocr_line' id='line_1_44' title="bbox 739 2893 2326 2965; baseline -0.003 -15"><span class='ocrx_word' id='word_1_291' title='bbox 739 2905 928 2950; x_wconf 78' lang='lat' dir='ltr'><strong>tentur</strong></span> <span class='ocrx_word' id='word_1_292' title='bbox 951 2910 1084 2965; x_wconf 80' lang='lat' dir='ltr'><strong>ergo</strong></span> <span class='ocrx_word' id='word_1_293' title='bbox 1130 2894 1415 2959; x_wconf 77' lang='lat' dir='ltr'><strong>Gaianitze,</strong></span> <span class='ocrx_word' id='word_1_294' title='bbox 1453 2895 1623 2948; x_wconf 87' lang='lat' dir='ltr'><strong>Deum</strong></span> <span class='ocrx_word' id='word_1_295' title='bbox 1678 2896 2000 2949; x_wconf 81' lang='lat' dir='ltr'><strong>Sermonem</strong></span> <span class='ocrx_word' id='word_1_296' title='bbox 2053 2910 2083 2948; x_wconf 90' lang='lat' dir='ltr'><strong>e</strong></span> <span class='ocrx_word' id='word_1_297' title='bbox 2147 2893 2326 2963; x_wconf 78' lang='lat' dir='ltr'><strong>Virgi-</strong></span> 
     </span>
    </p>
   </div>
   <div class='ocr_carea' id='block_1_45' title="bbox 738 2986 2326 3057">
    <p class='ocr_par' dir='ltr' id='par_1_45' title="bbox 738 2986 2326 3057">
     <span class='ocr_line' id='line_1_45' title="bbox 738 2986 2326 3057; baseline -0.002 -15"><span class='ocrx_word' id='word_1_298' title='bbox 738 3003 808 3043; x_wconf 91' lang='lat' dir='ltr'><strong>ne</strong></span> <span class='ocrx_word' id='word_1_299' title='bbox 877 2997 1128 3042; x_wconf 89' lang='lat' dir='ltr'><strong>naturam</strong></span> <span class='ocrx_word' id='word_1_300' title='bbox 1194 2987 1486 3041; x_wconf 83' lang='lat' dir='ltr'><strong>humanam</strong></span> <span class='ocrx_word' id='word_1_301' title='bbox 1540 2988 1900 3057; x_wconf 88' lang='lat' dir='ltr'><strong>assumpsisse</strong></span> <span class='ocrx_word' id='word_1_302' title='bbox 1961 2986 2202 3056; x_wconf 79' lang='lat' dir='ltr'><strong>perfecte</strong></span> <span class='ocrx_word' id='word_1_303' title='bbox 2263 3000 2326 3040; x_wconf 90' lang='lat' dir='ltr'><strong>ac</strong></span> 
     </span>
    </p>
   </div>
   <div class='ocr_carea' id='block_1_46' title="bbox 739 3078 2326 3150">
    <p class='ocr_par' dir='ltr' id='par_1_46' title="bbox 739 3078 2326 3150">
     <span class='ocr_line' id='line_1_46' title="bbox 739 3078 2326 3150; baseline 0.001 -18"><span class='ocrx_word' id='word_1_304' title='bbox 739 3095 868 3134; x_wconf 84' lang='lat' dir='ltr'><strong>vere</strong></span> <span class='ocrx_word' id='word_1_305' title='bbox 898 3097 909 3132; x_wconf 90' lang='lat'>:</span> <span class='ocrx_word' id='word_1_306' title='bbox 939 3078 1035 3133; x_wconf 88' lang='lat' dir='ltr'><strong>sed</strong></span> <span class='ocrx_word' id='word_1_307' title='bbox 1059 3087 1181 3148; x_wconf 90' lang='lat' dir='ltr'><strong>post</strong></span> <span class='ocrx_word' id='word_1_308' title='bbox 1208 3079 1471 3134; x_wconf 89' lang='lat' dir='ltr'><strong>unionem</strong></span> <span class='ocrx_word' id='word_1_309' title='bbox 1507 3095 1629 3135; x_wconf 90' lang='lat' dir='ltr'><strong>esse</strong></span> <span class='ocrx_word' id='word_1_310' title='bbox 1664 3096 1866 3150; x_wconf 85' lang='lat' dir='ltr'><strong>corpus</strong></span> <span class='ocrx_word' id='word_1_311' title='bbox 1904 3078 2326 3148; x_wconf 89' lang='lat' dir='ltr'><strong>incorruptibile</strong></span> 
     </span>
    </p>
   </div>
   <div class='ocr_carea' id='block_1_47' title="bbox 3048 2529 3392 2586">
    <p class='ocr_par' dir='ltr' id='par_1_47' title="bbox 3048 2529 3392 2586">
     <span class='ocr_line' id='line_1_47' title="bbox 3048 2529 3392 2586; baseline 0.015 -6"><span class='ocrx_word' id='word_1_312' title='bbox 3048 2529 3297 2582; x_wconf 81' lang='grc' dir='ltr'><strong>ΠΡΑΞΙΣ</strong></span> <span class='ocrx_word' id='word_1_313' title='bbox 3337 2533 3392 2586; x_wconf 89' lang='grc'><strong>1⁸.</strong></span> 
     </span>
    </p>
   </div>
   <div class='ocr_carea' id='block_1_48' title="bbox 2508 2618 4024 2695">
    <p class='ocr_par' dir='ltr' id='par_1_48' title="bbox 2508 2618 4024 2695">
     <span class='ocr_line' id='line_1_48' title="bbox 2508 2618 4024 2695; baseline 0.008 -23"><span class='ocrx_word' id='word_1_314' title='bbox 2508 2618 2694 2682; x_wconf 77' lang='grc' dir='ltr'>Ἀξιόν</span> <span class='ocrx_word' id='word_1_315' title='bbox 2753 2622 2872 2675; x_wconf 90' lang='grc' dir='ltr'>ἐστι</span> <span class='ocrx_word' id='word_1_316' title='bbox 2927 2621 3064 2692; x_wconf 79' lang='grc' dir='ltr'>μετὰ</span> <span class='ocrx_word' id='word_1_317' title='bbox 3111 2622 3180 2676; x_wconf 84' lang='grc' dir='ltr'>τὰ</span> <span class='ocrx_word' id='word_1_318' title='bbox 3225 2623 3576 2695; x_wconf 84' lang='grc' dir='ltr'>προρηθέντα</span> <span class='ocrx_word' id='word_1_319' title='bbox 3631 2626 3868 2691; x_wconf 74' lang='grc' dir='ltr'>ἅπαντα,</span> <span class='ocrx_word' id='word_1_320' title='bbox 3926 2633 4024 2684; x_wconf 81' lang='grc' dir='ltr'>καὶ</span> 
     </span>
    </p>
   </div>
   <div class='ocr_carea' id='block_1_49' title="bbox 2430 2713 4028 2789">
    <p class='ocr_par' dir='ltr' id='par_1_49' title="bbox 2430 2713 4028 2789">
     <span class='ocr_line' id='line_1_49' title="bbox 2430 2713 4028 2789; baseline 0.006 -26"><span class='ocrx_word' id='word_1_321' title='bbox 2430 2713 2669 2782; x_wconf 74' lang='grc' dir='ltr'>περὶτῆς</span> <span class='ocrx_word' id='word_1_322' title='bbox 2689 2713 2848 2784; x_wconf 80' lang='grc' dir='ltr'>δόξης</span> <span class='ocrx_word' id='word_1_323' title='bbox 2867 2715 2976 2768; x_wconf 85' lang='grc' dir='ltr'><strong>τῶν</strong></span> <span class='ocrx_word' id='word_1_324' title='bbox 3003 2715 3325 2782; x_wconf 83' lang='grc' dir='ltr'>Γαῖανιτῶν,</span> <span class='ocrx_word' id='word_1_325' title='bbox 3351 2721 3442 2770; x_wconf 77' lang='grc' dir='ltr'>καὶ</span> <span class='ocrx_word' id='word_1_326' title='bbox 3471 2719 3646 2773; x_wconf 82' lang='grc' dir='ltr'>ἄλλων</span> <span class='ocrx_word' id='word_1_327' title='bbox 3671 2721 3854 2783; x_wconf 79' lang='grc' dir='ltr'>τινῶν,</span> <span class='ocrx_word' id='word_1_328' title='bbox 3882 2722 4028 2789; x_wconf 78' lang='grc' dir='ltr'>διεξ-</span> 
     </span>
    </p>
   </div>
   <div class='ocr_carea' id='block_1_50' title="bbox 2429 2805 4028 2878">
    <p class='ocr_par' dir='ltr' id='par_1_50' title="bbox 2429 2805 4028 2878">
     <span class='ocr_line' id='line_1_50' title="bbox 2429 2805 4028 2878; baseline 0.006 -22"><span class='ocrx_word' id='word_1_329' title='bbox 2429 2805 2626 2858; x_wconf 70' lang='grc' dir='ltr'>ελθεῖν.</span> <span class='ocrx_word' id='word_1_330' title='bbox 2692 2807 2754 2858; x_wconf 84' lang='grc' dir='ltr'><strong>Οἱ</strong></span> <span class='ocrx_word' id='word_1_331' title='bbox 2794 2807 2974 2858; x_wconf 85' lang='grc' dir='ltr'>τοίνυν</span> <span class='ocrx_word' id='word_1_332' title='bbox 3024 2807 3311 2860; x_wconf 84' lang='grc' dir='ltr'>Γαῖανῖται</span> <span class='ocrx_word' id='word_1_333' title='bbox 3382 2808 3702 2878; x_wconf 75' lang='grc' dir='ltr'><strong>ὁμολογοῦσι</strong></span> <span class='ocrx_word' id='word_1_334' title='bbox 3751 2811 3841 2863; x_wconf 81' lang='grc' dir='ltr'>τὸν</span> <span class='ocrx_word' id='word_1_335' title='bbox 3889 2812 4028 2865; x_wconf 76' lang='grc' dir='ltr'>Θεὸν</span> 
     </span>
    </p>
   </div>
   <div class='ocr_carea' id='block_1_51' title="bbox 2433 2895 4026 2969">
    <p class='ocr_par' dir='ltr' id='par_1_51' title="bbox 2433 2895 4026 2969">
     <span class='ocr_line' id='line_1_51' title="bbox 2433 2895 4026 2969; baseline 0.004 -19"><span class='ocrx_word' id='word_1_336' title='bbox 2433 2897 2606 2963; x_wconf 80' lang='grc' dir='ltr'>Λόγον</span> <span class='ocrx_word' id='word_1_337' title='bbox 2641 2895 3065 2969; x_wconf 77' lang='grc' dir='ltr'>ἐνανθρωπῆσαι</span> <span class='ocrx_word' id='word_1_338' title='bbox 3103 2899 3168 2951; x_wconf 86' lang='grc' dir='ltr'><strong>ἐκ</strong></span> <span class='ocrx_word' id='word_1_339' title='bbox 3193 2902 3292 2967; x_wconf 82' lang='grc' dir='ltr'>τῆς</span> <span class='ocrx_word' id='word_1_340' title='bbox 3341 2899 3622 2969; x_wconf 83' lang='grc' dir='ltr'>Παρθένου</span> <span class='ocrx_word' id='word_1_341' title='bbox 3672 2900 3892 2963; x_wconf 80' lang='grc' dir='ltr'>τελείως</span> <span class='ocrx_word' id='word_1_342' title='bbox 3932 2906 4026 2956; x_wconf 78' lang='grc' dir='ltr'>καὶ</span> 
     </span>
    </p>
   </div>
   <div class='ocr_carea' id='block_1_52' title="bbox 2432 2985 4029 3061">
    <p class='ocr_par' dir='ltr' id='par_1_52' title="bbox 2432 2985 4029 3061">
     <span class='ocr_line' id='line_1_52' title="bbox 2432 2985 4029 3061; baseline 0.003 -21"><span class='ocrx_word' id='word_1_343' title='bbox 2432 2985 2703 3055; x_wconf 77' lang='grc' dir='ltr'>ἀληθινῶς</span> <span class='ocrx_word' id='word_1_344' title='bbox 2721 2999 2735 3015; x_wconf 76' lang='grc' dir='ltr'><strong><em>ο</em></strong></span> <span class='ocrx_word' id='word_1_345' title='bbox 2758 2986 2866 3040; x_wconf 76' lang='grc' dir='ltr'><strong>ἀπὸ</strong></span> <span class='ocrx_word' id='word_1_346' title='bbox 2889 2987 2945 3040; x_wconf 82' lang='grc' dir='ltr'>δὲ</span> <span class='ocrx_word' id='word_1_347' title='bbox 2966 2987 3064 3056; x_wconf 83' lang='grc' dir='ltr'>τῆς</span> <span class='ocrx_word' id='word_1_348' title='bbox 3087 2987 3337 3051; x_wconf 84' lang='grc' dir='ltr'>ἐνώσεως</span> <span class='ocrx_word' id='word_1_349' title='bbox 3362 2988 3642 3061; x_wconf 79' lang='grc' dir='ltr'>ἄφθαρτον</span> <span class='ocrx_word' id='word_1_350' title='bbox 3663 2990 4029 3059; x_wconf 73' lang='grc' dir='ltr'>ὁμολογοῦσιν</span> 
     </span>
    </p>
   </div>
   <div class='ocr_carea' id='block_1_53' title="bbox 2431 3075 4030 3151">
    <p class='ocr_par' dir='ltr' id='par_1_53' title="bbox 2431 3075 4030 3151">
     <span class='ocr_line' id='line_1_53' title="bbox 2431 3075 4030 3151; baseline 0.003 -20"><span class='ocrx_word' id='word_1_351' title='bbox 2431 3075 2571 3131; x_wconf 77' lang='grc' dir='ltr'>εἶναι</span> <span class='ocrx_word' id='word_1_352' title='bbox 2598 3078 2661 3132; x_wconf 81' lang='grc' dir='ltr'>τὸ</span> <span class='ocrx_word' id='word_1_353' title='bbox 2690 3077 2869 3146; x_wconf 86' lang='grc' dir='ltr'>σῶμα.</span> <span class='ocrx_word' id='word_1_354' title='bbox 2899 3079 3084 3133; x_wconf 87' lang='grc' dir='ltr'>Πάντα</span> <span class='ocrx_word' id='word_1_355' title='bbox 3117 3080 3214 3150; x_wconf 84' lang='grc' dir='ltr'>μὲν</span> <span class='ocrx_word' id='word_1_356' title='bbox 3245 3080 3354 3150; x_wconf 82' lang='grc' dir='ltr'>γὰρ</span> <span class='ocrx_word' id='word_1_357' title='bbox 3403 3079 3470 3133; x_wconf 80' lang='grc' dir='ltr'>τὰ</span> <span class='ocrx_word' id='word_1_358' title='bbox 3513 3081 3627 3151; x_wconf 77' lang='grc' dir='ltr'>εἴδη</span> <span class='ocrx_word' id='word_1_359' title='bbox 3677 3083 3786 3134; x_wconf 83' lang='grc' dir='ltr'><strong>τῶν</strong></span> <span class='ocrx_word' id='word_1_360' title='bbox 3835 3084 4030 3137; x_wconf 73' lang='grc' dir='ltr'>κακῶν</span> 
     </span>
    </p>
   </div>
   <div class='ocr_carea' id='block_1_54' title="bbox 737 3170 2337 3244">
    <p class='ocr_par' dir='ltr' id='par_1_54' title="bbox 737 3170 2327 3240">
     <span class='ocr_line' id='line_1_54' title="bbox 737 3170 2327 3240; baseline -0.004 -10"><span class='ocrx_word' id='word_1_361' title='bbox 737 3175 954 3230; x_wconf 90' lang='lat' dir='ltr'><strong>dicunt.</strong></span> <span class='ocrx_word' id='word_1_362' title='bbox 1005 3172 1210 3228; x_wconf 88' lang='lat' dir='ltr'><strong>Omnes</strong></span> <span class='ocrx_word' id='word_1_363' title='bbox 1235 3173 1383 3227; x_wconf 90' lang='lat' dir='ltr'><strong>enim</strong></span> <span class='ocrx_word' id='word_1_364' title='bbox 1446 3172 1716 3226; x_wconf 89' lang='lat' dir='ltr'><strong>malorum</strong></span> <span class='ocrx_word' id='word_1_365' title='bbox 1777 3172 1988 3240; x_wconf 89' lang='lat' dir='ltr'><strong>species</strong></span> <span class='ocrx_word' id='word_1_366' title='bbox 2047 3170 2327 3225; x_wconf 87' lang='lat' dir='ltr'><strong>Christum</strong></span> 
     </span>
    </p>
   </div>
   <div class='ocr_carea' id='block_1_55' title="bbox 2431 3170 4030 3244">
    <p class='ocr_par' dir='ltr' id='par_1_55' title="bbox 2433 3171 4030 3244">
     <span class='ocr_line' id='line_1_55' title="bbox 2433 3171 4030 3244; baseline 0 -20"><span class='ocrx_word' id='word_1_367' title='bbox 2433 3172 2684 3242; x_wconf 84' lang='grc' dir='ltr'>λέγουσιν</span> <span class='ocrx_word' id='word_1_368' title='bbox 2718 3171 2880 3226; x_wconf 79' lang='grc' dir='ltr'>αὐτὸν</span> <span class='ocrx_word' id='word_1_369' title='bbox 2913 3173 3246 3243; x_wconf 82' lang='grc' dir='ltr'>ὑπομεῖναι·</span> <span class='ocrx_word' id='word_1_370' title='bbox 3285 3171 3379 3223; x_wconf 72' lang='grc' dir='ltr'><strong>καὶ</strong></span> <span class='ocrx_word' id='word_1_371' title='bbox 3419 3171 3677 3242; x_wconf 83' lang='grc' dir='ltr'>ἐπείνησε</span> <span class='ocrx_word' id='word_1_372' title='bbox 3730 3173 3860 3244; x_wconf 81' lang='grc' dir='ltr'>γὰρ,</span> <span class='ocrx_word' id='word_1_373' title='bbox 3927 3174 4030 3226; x_wconf 75' lang='grc' dir='ltr'><strong>καὶ</strong></span> 
     </span>
    </p>
   </div>
   <div class='ocr_carea' id='block_1_56' title="bbox 742 3263 2328 3336">
    <p class='ocr_par' dir='ltr' id='par_1_56' title="bbox 742 3263 2328 3336">
     <span class='ocr_line' id='line_1_56' title="bbox 742 3263 2328 3336; baseline -0.002 -17"><span class='ocrx_word' id='word_1_374' title='bbox 742 3281 1060 3336; x_wconf 88' lang='lat' dir='ltr'><strong>perpessum</strong></span> <span class='ocrx_word' id='word_1_375' title='bbox 1095 3265 1269 3328; x_wconf 89' lang='lat' dir='ltr'><strong>aiunt,</strong></span> <span class='ocrx_word' id='word_1_376' title='bbox 1307 3263 1402 3333; x_wconf 90' lang='lat' dir='ltr'><strong>qui</strong></span> <span class='ocrx_word' id='word_1_377' title='bbox 1439 3275 1492 3317; x_wconf 90' lang='lat' dir='ltr'><strong>et</strong></span> <span class='ocrx_word' id='word_1_378' title='bbox 1517 3264 1834 3326; x_wconf 88' lang='lat' dir='ltr'><strong>esuriverit,</strong></span> <span class='ocrx_word' id='word_1_379' title='bbox 1885 3264 2225 3327; x_wconf 84' lang='lat' dir='ltr'><strong>ctsitiverit,</strong></span> <span class='ocrx_word' id='word_1_380' title='bbox 2272 3271 2328 3316; x_wconf 91' lang='lat' dir='ltr'><strong>et</strong></span> 
     </span>
    </p>
   </div>
   <div class='ocr_carea' id='block_1_57' title="bbox 739 3353 2327 3426">
    <p class='ocr_par' dir='ltr' id='par_1_57' title="bbox 739 3353 2327 3426">
     <span class='ocr_line' id='line_1_57' title="bbox 739 3353 2327 3426; baseline -0.006 -14"><span class='ocrx_word' id='word_1_381' title='bbox 739 3358 1067 3426; x_wconf 81' lang='lat' dir='ltr'><strong>defatigatus</strong></span> <span class='ocrx_word' id='word_1_382' title='bbox 1097 3355 1292 3408; x_wconf 79' lang='lat' dir='ltr'><strong>fuerit:</strong></span> <span class='ocrx_word' id='word_1_383' title='bbox 1321 3365 1375 3408; x_wconf 90' lang='lat' dir='ltr'><strong>at</strong></span> <span class='ocrx_word' id='word_1_384' title='bbox 1403 3369 1512 3407; x_wconf 88' lang='lat' dir='ltr'><strong>non</strong></span> <span class='ocrx_word' id='word_1_385' title='bbox 1543 3354 1734 3407; x_wconf 85' lang='lat' dir='ltr'><strong>eodem</strong></span> <span class='ocrx_word' id='word_1_386' title='bbox 1771 3353 1871 3405; x_wconf 87' lang='lat' dir='ltr'><strong>ista</strong></span> <span class='ocrx_word' id='word_1_387' title='bbox 1905 3369 2014 3421; x_wconf 87' lang='lat' dir='ltr'><strong>quo</strong></span> <span class='ocrx_word' id='word_1_388' title='bbox 2045 3367 2167 3413; x_wconf 90' lang='lat' dir='ltr'><strong>nos,</strong></span> <span class='ocrx_word' id='word_1_389' title='bbox 2207 3366 2327 3404; x_wconf 91' lang='lat' dir='ltr'><strong>mo-</strong></span> 
     </span>
    </p>
   </div>
   <div class='ocr_carea' id='block_1_58' title="bbox 739 3441 2327 3518">
    <p class='ocr_par' dir='ltr' id='par_1_58' title="bbox 739 3441 2327 3518">
     <span class='ocr_line' id='line_1_58' title="bbox 739 3441 2327 3518; baseline -0.005 -17"><span class='ocrx_word' id='word_1_390' title='bbox 739 3447 811 3502; x_wconf 88' lang='lat' dir='ltr'><strong>do</strong></span> <span class='ocrx_word' id='word_1_391' title='bbox 840 3461 1082 3518; x_wconf 90' lang='lat' dir='ltr'><strong>passum.</strong></span> <span class='ocrx_word' id='word_1_392' title='bbox 1137 3444 1306 3498; x_wconf 83' lang='lat' dir='ltr'><strong>Aiunt</strong></span> <span class='ocrx_word' id='word_1_393' title='bbox 1352 3443 1501 3498; x_wconf 90' lang='lat' dir='ltr'><strong>enim</strong></span> <span class='ocrx_word' id='word_1_394' title='bbox 1535 3457 1635 3496; x_wconf 88' lang='lat' dir='ltr'><strong>nos</strong></span> <span class='ocrx_word' id='word_1_395' title='bbox 1663 3443 1886 3512; x_wconf 84' lang='lat' dir='ltr'><strong>quidem</strong></span> <span class='ocrx_word' id='word_1_396' title='bbox 1918 3441 2153 3495; x_wconf 89' lang='lat' dir='ltr'><strong>naturali</strong></span> <span class='ocrx_word' id='word_1_397' title='bbox 2188 3455 2327 3509; x_wconf 88' lang='lat' dir='ltr'><strong>qua-</strong></span> 
     </span>
    </p>
   </div>
   <div class='ocr_carea' id='block_1_59' title="bbox 740 3533 2327 3597">
    <p class='ocr_par' dir='ltr' id='par_1_59' title="bbox 740 3533 2327 3597">
     <span class='ocr_line' id='line_1_59' title="bbox 740 3533 2327 3597; baseline -0.004 -4"><span class='ocrx_word' id='word_1_398' title='bbox 740 3541 865 3594; x_wconf 88' lang='lat' dir='ltr'><strong>dam</strong></span> <span class='ocrx_word' id='word_1_399' title='bbox 883 3539 1208 3593; x_wconf 86' lang='lat' dir='ltr'><strong>necessitate</strong></span> <span class='ocrx_word' id='word_1_400' title='bbox 1223 3550 1346 3590; x_wconf 91' lang='lat' dir='ltr'><strong>cum</strong></span> <span class='ocrx_word' id='word_1_401' title='bbox 1377 3536 1612 3597; x_wconf 87' lang='lat' dir='ltr'><strong>esurire,</strong></span> <span class='ocrx_word' id='word_1_402' title='bbox 1644 3544 1756 3588; x_wconf 91' lang='lat' dir='ltr'><strong>tum</strong></span> <span class='ocrx_word' id='word_1_403' title='bbox 1779 3534 1932 3588; x_wconf 78' lang='lat' dir='ltr'><strong>sitire</strong></span> <span class='ocrx_word' id='word_1_404' title='bbox 1960 3551 1973 3586; x_wconf 91' lang='lat'><strong>:</strong></span> <span class='ocrx_word' id='word_1_405' title='bbox 2009 3533 2104 3588; x_wconf 91' lang='lat' dir='ltr'><strong>sed</strong></span> <span class='ocrx_word' id='word_1_406' title='bbox 2163 3533 2327 3586; x_wconf 86' lang='lat' dir='ltr'><strong>Chri-</strong></span> 
     </span>
    </p>
   </div>
   <div class='ocr_carea' id='block_1_60' title="bbox 739 3625 2329 3699">
    <p class='ocr_par' dir='ltr' id='par_1_60' title="bbox 739 3625 2329 3699">
     <span class='ocr_line' id='line_1_60' title="bbox 739 3625 2329 3699; baseline -0.003 -14"><span class='ocrx_word' id='word_1_407' title='bbox 739 3641 886 3687; x_wconf 82' lang='lat' dir='ltr'><strong>stum</strong></span> <span class='ocrx_word' id='word_1_408' title='bbox 918 3631 1033 3684; x_wconf 65' lang='lat' dir='ltr'><strong>baac</strong></span> <span class='ocrx_word' id='word_1_409' title='bbox 1067 3629 1250 3683; x_wconf 88' lang='lat' dir='ltr'><strong>omnia</strong></span> <span class='ocrx_word' id='word_1_410' title='bbox 1284 3636 1478 3697; x_wconf 87' lang='lat' dir='ltr'><strong>sponte</strong></span> <span class='ocrx_word' id='word_1_411' title='bbox 1518 3627 1866 3681; x_wconf 87' lang='lat' dir='ltr'><strong>sustinuisse.</strong></span> <span class='ocrx_word' id='word_1_412' title='bbox 1891 3625 2009 3678; x_wconf 80' lang='lat' dir='ltr'><strong>Non</strong></span> <span class='ocrx_word' id='word_1_413' title='bbox 2039 3625 2212 3687; x_wconf 90' lang='lat' dir='ltr'><strong>enim,</strong></span> <span class='ocrx_word' id='word_1_414' title='bbox 2239 3625 2329 3699; x_wconf 38' lang='lat' dir='ltr'><strong>in:</strong></span> 
     </span>
    </p>
   </div>
   <div class='ocr_carea' id='block_1_61' title="bbox 741 3715 2329 3792">
    <p class='ocr_par' dir='ltr' id='par_1_61' title="bbox 741 3715 2329 3792">
     <span class='ocr_line' id='line_1_61' title="bbox 741 3715 2329 3792; baseline -0.004 -16"><span class='ocrx_word' id='word_1_415' title='bbox 741 3724 961 3792; x_wconf 83' lang='lat' dir='ltr'><strong>quiunt,</strong></span> <span class='ocrx_word' id='word_1_416' title='bbox 987 3729 1200 3774; x_wconf 68' lang='lat' dir='ltr'><strong>natura:</strong></span> <span class='ocrx_word' id='word_1_417' title='bbox 1236 3719 1448 3788; x_wconf 83' lang='lat' dir='ltr'><strong>legibus</strong></span> <span class='ocrx_word' id='word_1_418' title='bbox 1481 3715 2010 3786; x_wconf 63' lang='lat' dir='ltr'><strong>serviebatmlioqui</strong></span> <span class='ocrx_word' id='word_1_419' title='bbox 2042 3717 2329 3784; x_wconf 89' lang='lat' dir='ltr'><strong>passiones</strong></span> 
     </span>
    </p>
   </div>
   <div class='ocr_carea' id='block_1_62' title="bbox 743 3808 2322 3877">
    <p class='ocr_par' dir='ltr' id='par_1_62' title="bbox 743 3808 2322 3877">
     <span class='ocr_line' id='line_1_62' title="bbox 743 3808 2322 3877; baseline -0.004 -9"><span class='ocrx_word' id='word_1_420' title='bbox 743 3816 877 3868; x_wconf 88' lang='lat' dir='ltr'><strong>istas</strong></span> <span class='ocrx_word' id='word_1_421' title='bbox 924 3813 1222 3866; x_wconf 79' lang='lat' dir='ltr'><strong>fatebimur</strong></span> <span class='ocrx_word' id='word_1_422' title='bbox 1266 3813 1318 3864; x_wconf 90' lang='lat' dir='ltr'><strong>ei</strong></span> <span class='ocrx_word' id='word_1_423' title='bbox 1367 3819 1563 3877; x_wconf 51' lang='lat' dir='ltr'><strong>praeter</strong></span> <span class='ocrx_word' id='word_1_424' title='bbox 1621 3809 1956 3862; x_wconf 70' lang='lat' dir='ltr'><strong>voluntatem</strong></span> <span class='ocrx_word' id='word_1_425' title='bbox 2017 3808 2322 3874; x_wconf 85' lang='lat' dir='ltr'><strong>accidisse;</strong></span> 
     </span>
    </p>
   </div>
   <div class='ocr_carea' id='block_1_63' title="bbox 741 3899 2322 3977">
    <p class='ocr_par' dir='ltr' id='par_1_63' title="bbox 741 3899 2322 3977">
     <span class='ocr_line' id='line_1_63' title="bbox 741 3899 2322 3977; baseline -0.005 -17"><span class='ocrx_word' id='word_1_426' title='bbox 741 3907 895 3977; x_wconf 91' lang='lat' dir='ltr'><strong>quod</strong></span> <span class='ocrx_word' id='word_1_427' title='bbox 924 3907 1224 3961; x_wconf 86' lang='lat' dir='ltr'><strong>absurdum</strong></span> <span class='ocrx_word' id='word_1_428' title='bbox 1251 3907 1440 3960; x_wconf 79' lang='lat' dir='ltr'><strong>fuerit.</strong></span> <span class='ocrx_word' id='word_1_429' title='bbox 1467 3900 1589 3954; x_wconf 71' lang='lat' dir='ltr'><strong>HJK:</strong></span> <span class='ocrx_word' id='word_1_430' title='bbox 1612 3900 1986 3954; x_wconf 86' lang='lat' dir='ltr'><strong>Gaianitarum</strong></span> <span class='ocrx_word' id='word_1_431' title='bbox 2003 3908 2088 3953; x_wconf 89' lang='lat' dir='ltr'><strong>est</strong></span> <span class='ocrx_word' id='word_1_432' title='bbox 2111 3899 2322 3969; x_wconf 88' lang='lat' dir='ltr'><strong>opinio.</strong></span> 
     </span>
    </p>
   </div>
   <div class='ocr_carea' id='block_1_64' title="bbox 741 3992 2327 4070">
    <p class='ocr_par' dir='ltr' id='par_1_64' title="bbox 741 3992 2327 4070">
     <span class='ocr_line' id='line_1_64' title="bbox 741 3992 2327 4070; baseline -0.006 -14"><span class='ocrx_word' id='word_1_433' title='bbox 741 4003 855 4056; x_wconf 84' lang='lat' dir='ltr'><strong>Nos</strong></span> <span class='ocrx_word' id='word_1_434' title='bbox 885 3999 953 4054; x_wconf 93' lang='lat' dir='ltr'><strong>ad</strong></span> <span class='ocrx_word' id='word_1_435' title='bbox 989 4016 1052 4055; x_wconf 86' lang='lat' dir='ltr'><strong>ea</strong></span> <span class='ocrx_word' id='word_1_436' title='bbox 1075 3999 1496 4070; x_wconf 86' lang='lat' dir='ltr'><strong>respondemus,</strong></span> <span class='ocrx_word' id='word_1_437' title='bbox 1533 3997 1700 4052; x_wconf 90' lang='lat' dir='ltr'><strong>etiam</strong></span> <span class='ocrx_word' id='word_1_438' title='bbox 1721 4008 1840 4058; x_wconf 81' lang='lat' dir='ltr'><strong>nos</strong></span> <span class='ocrx_word' id='word_1_439' title='bbox 1859 3992 2017 4046; x_wconf 80' lang='lat' dir='ltr'><strong>fateri</strong></span> <span class='ocrx_word' id='word_1_440' title='bbox 2042 3993 2327 4060; x_wconf 88' lang='lat' dir='ltr'><strong>passiones</strong></span> 
     </span>
    </p>
   </div>
   <div class='ocr_carea' id='block_1_65' title="bbox 741 4085 2325 4160">
    <p class='ocr_par' dir='ltr' id='par_1_65' title="bbox 741 4085 2325 4160">
     <span class='ocr_line' id='line_1_65' title="bbox 741 4085 2325 4160; baseline -0.006 -15"><span class='ocrx_word' id='word_1_441' title='bbox 741 4100 800 4146; x_wconf 91' lang='lat' dir='ltr'><strong>et</strong></span> <span class='ocrx_word' id='word_1_442' title='bbox 831 4091 1155 4145; x_wconf 63' lang='lat' dir='ltr'><strong>allec-tiones</strong></span> <span class='ocrx_word' id='word_1_443' title='bbox 1205 4090 1328 4144; x_wconf 88' lang='lat' dir='ltr'><strong>illas</strong></span> <span class='ocrx_word' id='word_1_444' title='bbox 1361 4088 1530 4160; x_wconf 81' lang='lat' dir='ltr'><strong>fuisse</strong></span> <span class='ocrx_word' id='word_1_445' title='bbox 1572 4085 1949 4140; x_wconf 85' lang='lat' dir='ltr'><strong>voluntarias:</strong></span> <span class='ocrx_word' id='word_1_446' title='bbox 1990 4098 2092 4137; x_wconf 90' lang='lat' dir='ltr'><strong>nec</strong></span> <span class='ocrx_word' id='word_1_447' title='bbox 2145 4092 2325 4136; x_wconf 86' lang='lat' dir='ltr'><strong>tamen</strong></span> 
     </span>
    </p>
   </div>
   <div class='ocr_carea' id='block_1_66' title="bbox 741 4174 2323 4247">
    <p class='ocr_par' dir='ltr' id='par_1_66' title="bbox 741 4174 2323 4247">
     <span class='ocr_line' id='line_1_66' title="bbox 741 4174 2323 4247; baseline -0.006 -10"><span class='ocrx_word' id='word_1_448' title='bbox 741 4184 952 4238; x_wconf 86' lang='lat' dir='ltr'><strong>idcirco</strong></span> <span class='ocrx_word' id='word_1_449' title='bbox 1003 4183 1213 4246; x_wconf 89' lang='lat' dir='ltr'><strong>dicere,</strong></span> <span class='ocrx_word' id='word_1_450' title='bbox 1270 4181 1552 4235; x_wconf 85' lang='lat' dir='ltr'><strong>Christum</strong></span> <span class='ocrx_word' id='word_1_451' title='bbox 1590 4195 1686 4234; x_wconf 86' lang='lat' dir='ltr'><strong>eas</strong></span> <span class='ocrx_word' id='word_1_452' title='bbox 1751 4191 2072 4247; x_wconf 88' lang='lat' dir='ltr'><strong>perpessum</strong></span> <span class='ocrx_word' id='word_1_453' title='bbox 2120 4174 2323 4229; x_wconf 88' lang='lat' dir='ltr'><strong>eodem</strong></span> 
     </span>
    </p>
   </div>
   <div class='ocr_carea' id='block_1_67' title="bbox 743 4267 2325 4344">
    <p class='ocr_par' dir='ltr' id='par_1_67' title="bbox 743 4267 2325 4344">
     <span class='ocr_line' id='line_1_67' title="bbox 743 4267 2325 4344; baseline -0.005 -14"><span class='ocrx_word' id='word_1_454' title='bbox 743 4275 907 4330; x_wconf 88' lang='lat' dir='ltr'><strong>modo</strong></span> <span class='ocrx_word' id='word_1_455' title='bbox 931 4290 1040 4344; x_wconf 83' lang='lat' dir='ltr'><strong>quo</strong></span> <span class='ocrx_word' id='word_1_456' title='bbox 1069 4290 1189 4328; x_wconf 89' lang='lat' dir='ltr'><strong>nos.</strong></span> <span class='ocrx_word' id='word_1_457' title='bbox 1221 4273 1355 4335; x_wconf 80' lang='lat' dir='ltr'><strong>Nam</strong></span> <span class='ocrx_word' id='word_1_458' title='bbox 1377 4282 1572 4342; x_wconf 88' lang='lat' dir='ltr'><strong>sponte</strong></span> <span class='ocrx_word' id='word_1_459' title='bbox 1601 4272 1834 4326; x_wconf 87' lang='lat' dir='ltr'><strong>dicimus</strong></span> <span class='ocrx_word' id='word_1_460' title='bbox 1865 4269 2043 4338; x_wconf 89' lang='lat' dir='ltr'><strong>ipsum</strong></span> <span class='ocrx_word' id='word_1_461' title='bbox 2067 4267 2325 4322; x_wconf 87' lang='lat' dir='ltr'><strong>serviisse</strong></span> 
     </span>
    </p>
   </div>
   <div class='ocr_carea' id='block_1_68' title="bbox 744 4361 2322 4434">
    <p class='ocr_par' dir='ltr' id='par_1_68' title="bbox 744 4361 2322 4434">
     <span class='ocr_line' id='line_1_68' title="bbox 744 4361 2322 4434; baseline -0.004 -14"><span class='ocrx_word' id='word_1_462' title='bbox 744 4375 957 4420; x_wconf 68' lang='lat' dir='ltr'><strong>naturae</strong></span> <span class='ocrx_word' id='word_1_463' title='bbox 1004 4365 1240 4434; x_wconf 82' lang='lat' dir='ltr'><strong>legibus.</strong></span> <span class='ocrx_word' id='word_1_464' title='bbox 1275 4366 1659 4434; x_wconf 86' lang='lat' dir='ltr'><strong>volentemque</strong></span> <span class='ocrx_word' id='word_1_465' title='bbox 1708 4366 2050 4419; x_wconf 84' lang='lat' dir='ltr'><strong>concessisse</strong></span> <span class='ocrx_word' id='word_1_466' title='bbox 2102 4361 2322 4429; x_wconf 88' lang='lat' dir='ltr'><strong>corpori</strong></span> 
     </span>
    </p>
   </div>
   <div class='ocr_carea' id='block_1_69' title="bbox 746 4455 2321 4526">
    <p class='ocr_par' dir='ltr' id='par_1_69' title="bbox 746 4455 2321 4526">
     <span class='ocr_line' id='line_1_69' title="bbox 746 4455 2321 4526; baseline -0.004 -14"><span class='ocrx_word' id='word_1_467' title='bbox 746 4467 804 4512; x_wconf 90' lang='lat' dir='ltr'><strong>ut</strong></span> <span class='ocrx_word' id='word_1_468' title='bbox 824 4473 921 4513; x_wconf 88' lang='lat' dir='ltr'><strong>sua</strong></span> <span class='ocrx_word' id='word_1_469' title='bbox 940 4467 1319 4526; x_wconf 90' lang='lat' dir='ltr'><strong>perpeteretur</strong></span> <span class='ocrx_word' id='word_1_470' title='bbox 1333 4456 1525 4510; x_wconf 87' lang='lat' dir='ltr'><strong>eodem</strong></span> <span class='ocrx_word' id='word_1_471' title='bbox 1550 4457 1711 4509; x_wconf 85' lang='lat' dir='ltr'><strong>modo</strong></span> <span class='ocrx_word' id='word_1_472' title='bbox 1728 4472 1837 4525; x_wconf 91' lang='lat' dir='ltr'><strong>quo</strong></span> <span class='ocrx_word' id='word_1_473' title='bbox 1860 4467 1916 4510; x_wconf 91' lang='lat' dir='ltr'><strong>et</strong></span> <span class='ocrx_word' id='word_1_474' title='bbox 1937 4470 2036 4510; x_wconf 88' lang='lat' dir='ltr'><strong>nos</strong></span> <span class='ocrx_word' id='word_1_475' title='bbox 2063 4455 2321 4524; x_wconf 90' lang='lat' dir='ltr'><strong>patimur.</strong></span> 
     </span>
    </p>
   </div>
   <div class='ocr_carea' id='block_1_70' title="bbox 2431 3261 4030 3336">
    <p class='ocr_par' dir='ltr' id='par_1_70' title="bbox 2431 3261 4030 3336">
     <span class='ocr_line' id='line_1_70' title="bbox 2431 3261 4030 3336; baseline 0 -20"><span class='ocrx_word' id='word_1_476' title='bbox 2431 3263 2674 3336; x_wconf 73' lang='grc' dir='ltr'>ἐδίψησε,</span> <span class='ocrx_word' id='word_1_477' title='bbox 2713 3265 2811 3317; x_wconf 80' lang='grc' dir='ltr'>καὶ</span> <span class='ocrx_word' id='word_1_478' title='bbox 2853 3261 3147 3316; x_wconf 73' lang='grc' dir='ltr'>ἐκοπίασεν</span> <span class='ocrx_word' id='word_1_479' title='bbox 3176 3277 3191 3293; x_wconf 88' lang='grc'><strong>·</strong></span> <span class='ocrx_word' id='word_1_480' title='bbox 3248 3261 3311 3314; x_wconf 79' lang='grc' dir='ltr'>οὺ</span> <span class='ocrx_word' id='word_1_481' title='bbox 3364 3261 3456 3314; x_wconf 81' lang='grc' dir='ltr'>τὸν</span> <span class='ocrx_word' id='word_1_482' title='bbox 3507 3261 3668 3313; x_wconf 81' lang='grc' dir='ltr'>αὑτὸν</span> <span class='ocrx_word' id='word_1_483' title='bbox 3709 3261 3766 3315; x_wconf 84' lang='grc' dir='ltr'>δὲ</span> <span class='ocrx_word' id='word_1_484' title='bbox 3818 3263 4030 3330; x_wconf 77' lang='grc' dir='ltr'>τρόπον</span> 
     </span>
    </p>
   </div>
   <div class='ocr_carea' id='block_1_71' title="bbox 2430 3354 4030 3428">
    <p class='ocr_par' dir='ltr' id='par_1_71' title="bbox 2430 3354 4030 3428">
     <span class='ocr_line' id='line_1_71' title="bbox 2430 3354 4030 3428; baseline 0.001 -20"><span class='ocrx_word' id='word_1_485' title='bbox 2430 3355 2606 3409; x_wconf 82' lang='grc' dir='ltr'>ταῦτα</span> <span class='ocrx_word' id='word_1_486' title='bbox 2643 3358 2778 3428; x_wconf 78' lang='grc' dir='ltr'>ἡμῖν</span> <span class='ocrx_word' id='word_1_487' title='bbox 2837 3355 3055 3408; x_wconf 86' lang='grc' dir='ltr'>παθεῖν.</span> <span class='ocrx_word' id='word_1_488' title='bbox 3113 3355 3252 3406; x_wconf 75' lang='grc' dir='ltr'>Φασὶ</span> <span class='ocrx_word' id='word_1_489' title='bbox 3303 3355 3433 3422; x_wconf 75' lang='grc' dir='ltr'>γὰρ,</span> <span class='ocrx_word' id='word_1_490' title='bbox 3473 3355 3557 3406; x_wconf 78' lang='grc' dir='ltr'>ὅτι</span> <span class='ocrx_word' id='word_1_491' title='bbox 3597 3355 3757 3422; x_wconf 76' lang='grc' dir='ltr'>ἡμεῖς</span> <span class='ocrx_word' id='word_1_492' title='bbox 3809 3354 3907 3424; x_wconf 86' lang='grc' dir='ltr'>μὲν</span> <span class='ocrx_word' id='word_1_493' title='bbox 3967 3355 4030 3421; x_wconf 78' lang='grc' dir='ltr'>ἐξ</span> 
     </span>
    </p>
   </div>
   <div class='ocr_carea' id='block_1_72' title="bbox 2431 3443 4032 3516">
    <p class='ocr_par' dir='ltr' id='par_1_72' title="bbox 2431 3443 4032 3516">
     <span class='ocr_line' id='line_1_72' title="bbox 2431 3443 4032 3516; baseline -0.001 -17"><span class='ocrx_word' id='word_1_494' title='bbox 2431 3448 2680 3516; x_wconf 71' lang='grc' dir='ltr'>ἀνάγκης</span> <span class='ocrx_word' id='word_1_495' title='bbox 2715 3447 2951 3516; x_wconf 71' lang='grc' dir='ltr'>φυσικῆς</span> <span class='ocrx_word' id='word_1_496' title='bbox 2999 3445 3094 3498; x_wconf 73' lang='grc' dir='ltr'>καὶ</span> <span class='ocrx_word' id='word_1_497' title='bbox 3133 3443 3432 3514; x_wconf 82' lang='grc' dir='ltr'>πεινῶμεν,</span> <span class='ocrx_word' id='word_1_498' title='bbox 3466 3445 3559 3496; x_wconf 76' lang='grc' dir='ltr'><strong>καὶ</strong></span> <span class='ocrx_word' id='word_1_499' title='bbox 3592 3443 3837 3513; x_wconf 77' lang='grc' dir='ltr'>διψῶμεν</span> <span class='ocrx_word' id='word_1_500' title='bbox 3865 3460 3878 3473; x_wconf 69' lang='grc'><strong>⁸</strong></span> <span class='ocrx_word' id='word_1_501' title='bbox 3905 3445 3938 3495; x_wconf 94' lang='lat'><strong>6</strong></span> <span class='ocrx_word' id='word_1_502' title='bbox 3969 3445 4032 3498; x_wconf 75' lang='grc' dir='ltr'>δὲ</span> 
     </span>
    </p>
   </div>
   <div class='ocr_carea' id='block_1_73' title="bbox 2430 3535 4032 3608">
    <p class='ocr_par' dir='ltr' id='par_1_73' title="bbox 2430 3535 4032 3608">
     <span class='ocr_line' id='line_1_73' title="bbox 2430 3535 4032 3608; baseline -0.001 -18"><span class='ocrx_word' id='word_1_503' title='bbox 2430 3538 2665 3608; x_wconf 75' lang='grc' dir='ltr'>Χριστὸς</span> <span class='ocrx_word' id='word_1_504' title='bbox 2693 3537 2954 3600; x_wconf 79' lang='grc' dir='ltr'>ἑκουσίως</span> <span class='ocrx_word' id='word_1_505' title='bbox 2983 3536 3164 3590; x_wconf 84' lang='grc' dir='ltr'>πάντα</span> <span class='ocrx_word' id='word_1_506' title='bbox 3193 3535 3510 3604; x_wconf 80' lang='grc' dir='ltr'>ὑπέμεινεν.</span> <span class='ocrx_word' id='word_1_507' title='bbox 3543 3537 3617 3589; x_wconf 80' lang='grc' dir='ltr'><strong>οὐ</strong></span> <span class='ocrx_word' id='word_1_508' title='bbox 3646 3537 3752 3606; x_wconf 78' lang='grc' dir='ltr'>γὰρ</span> <span class='ocrx_word' id='word_1_509' title='bbox 3773 3535 4032 3589; x_wconf 72' lang='grc' dir='ltr'>ἐδούλευε</span> 
     </span>
    </p>
   </div>
   <div class='ocr_carea' id='block_1_74' title="bbox 2429 3627 4031 3698">
    <p class='ocr_par' dir='ltr' id='par_1_74' title="bbox 2429 3627 4031 3698">
     <span class='ocr_line' id='line_1_74' title="bbox 2429 3627 4031 3698; baseline 0.001 -18"><span class='ocrx_word' id='word_1_510' title='bbox 2429 3631 2540 3691; x_wconf 84' lang='grc' dir='ltr'>τοῖς</span> <span class='ocrx_word' id='word_1_511' title='bbox 2580 3631 2678 3698; x_wconf 79' lang='grc' dir='ltr'>τῆς</span> <span class='ocrx_word' id='word_1_512' title='bbox 2713 3627 2928 3698; x_wconf 79' lang='grc' dir='ltr'>φύσεως</span> <span class='ocrx_word' id='word_1_513' title='bbox 2995 3629 3204 3698; x_wconf 86' lang='grc' dir='ltr'>νόμοις,</span> <span class='ocrx_word' id='word_1_514' title='bbox 3255 3628 3379 3681; x_wconf 74' lang='grc' dir='ltr'>ἐπεὶ</span> <span class='ocrx_word' id='word_1_515' title='bbox 3425 3628 3520 3680; x_wconf 74' lang='grc' dir='ltr'>καὶ</span> <span class='ocrx_word' id='word_1_516' title='bbox 3556 3629 3786 3681; x_wconf 82' lang='grc' dir='ltr'>ἀκούσια</span> <span class='ocrx_word' id='word_1_517' title='bbox 3827 3628 4031 3696; x_wconf 76' lang='grc' dir='ltr'>ὁμολο-</span> 
     </span>
    </p>
   </div>
   <div class='ocr_carea' id='block_1_75' title="bbox 2429 3720 4029 3792">
    <p class='ocr_par' dir='ltr' id='par_1_75' title="bbox 2429 3720 4029 3792">
     <span class='ocr_line' id='line_1_75' title="bbox 2429 3720 4029 3792; baseline 0.001 -18"><span class='ocrx_word' id='word_1_518' title='bbox 2429 3721 2638 3790; x_wconf 88' lang='grc' dir='ltr'>γοῦμεν</span> <span class='ocrx_word' id='word_1_519' title='bbox 2656 3721 2723 3774; x_wconf 69' lang='grc' dir='ltr'><strong>τὰ</strong></span> <span class='ocrx_word' id='word_1_520' title='bbox 2753 3721 2923 3789; x_wconf 79' lang='grc' dir='ltr'>πάθη,</span> <span class='ocrx_word' id='word_1_521' title='bbox 2961 3721 3100 3792; x_wconf 84' lang='grc' dir='ltr'>ὅπερ</span> <span class='ocrx_word' id='word_1_522' title='bbox 3133 3721 3353 3774; x_wconf 67' lang='grc' dir='ltr'>ἄτοπον.</span> <span class='ocrx_word' id='word_1_523' title='bbox 3381 3721 3527 3790; x_wconf 76' lang='grc' dir='ltr'>Αὕτη</span> <span class='ocrx_word' id='word_1_524' title='bbox 3559 3720 3660 3790; x_wconf 83' lang='grc' dir='ltr'>μὲν</span> <span class='ocrx_word' id='word_1_525' title='bbox 3706 3723 3738 3792; x_wconf 86' lang='grc' dir='ltr'><strong>ή</strong></span> <span class='ocrx_word' id='word_1_526' title='bbox 3772 3721 3882 3773; x_wconf 82' lang='grc' dir='ltr'>τῶν</span> <span class='ocrx_word' id='word_1_527' title='bbox 3913 3722 4029 3776; x_wconf 85' lang='grc' dir='ltr'><strong>Γα-</strong></span> 
     </span>
    </p>
   </div>
   <div class='ocr_carea' id='block_1_76' title="bbox 2429 3811 4034 3884">
    <p class='ocr_par' dir='ltr' id='par_1_76' title="bbox 2429 3811 4034 3884">
     <span class='ocr_line' id='line_1_76' title="bbox 2429 3811 4034 3884; baseline 0.001 -18"><span class='ocrx_word' id='word_1_528' title='bbox 2429 3813 2651 3866; x_wconf 84' lang='grc' dir='ltr'>ῖανιτῶν</span> <span class='ocrx_word' id='word_1_529' title='bbox 2673 3812 2820 3878; x_wconf 81' lang='grc' dir='ltr'>δόξα.</span> <span class='ocrx_word' id='word_1_530' title='bbox 2869 3813 3146 3884; x_wconf 78' lang='grc' dir='ltr'>Ἡμεῖς-δέ</span> <span class='ocrx_word' id='word_1_531' title='bbox 3184 3811 3320 3884; x_wconf 76' lang='grc' dir='ltr'>πρὸς</span> <span class='ocrx_word' id='word_1_532' title='bbox 3349 3813 3524 3867; x_wconf 88' lang='grc' dir='ltr'>ταῦτα</span> <span class='ocrx_word' id='word_1_533' title='bbox 3552 3814 3802 3882; x_wconf 86' lang='grc' dir='ltr'>λέγομεν,</span> <span class='ocrx_word' id='word_1_534' title='bbox 3826 3815 3908 3865; x_wconf 80' lang='grc' dir='ltr'>ὅτι</span> <span class='ocrx_word' id='word_1_535' title='bbox 3930 3817 4034 3867; x_wconf 75' lang='grc' dir='ltr'>καὶ</span> 
     </span>
    </p>
   </div>
   <div class='ocr_carea' id='block_1_77' title="bbox 2429 3905 4033 3977">
    <p class='ocr_par' dir='ltr' id='par_1_77' title="bbox 2429 3905 4033 3977">
     <span class='ocr_line' id='line_1_77' title="bbox 2429 3905 4033 3977; baseline 0.002 -20"><span class='ocrx_word' id='word_1_536' title='bbox 2429 3908 2594 3976; x_wconf 76' lang='grc' dir='ltr'>ἡμεῖς</span> <span class='ocrx_word' id='word_1_537' title='bbox 2650 3906 2876 3958; x_wconf 79' lang='grc' dir='ltr'>ἑκούσια</span> <span class='ocrx_word' id='word_1_538' title='bbox 2919 3905 3290 3977; x_wconf 78' lang='grc' dir='ltr'>ὁμολογοῦμεν</span> <span class='ocrx_word' id='word_1_539' title='bbox 3327 3906 3393 3958; x_wconf 84' lang='grc' dir='ltr'>τὰ</span> <span class='ocrx_word' id='word_1_540' title='bbox 3423 3906 3571 3976; x_wconf 79' lang='grc' dir='ltr'>πάθη</span> <span class='ocrx_word' id='word_1_541' title='bbox 3605 3925 3616 3937; x_wconf 91' lang='grc'><strong>·</strong></span> <span class='ocrx_word' id='word_1_542' title='bbox 3653 3907 3713 3960; x_wconf 82' lang='grc' dir='ltr'>οὐ</span> <span class='ocrx_word' id='word_1_543' title='bbox 3744 3906 3831 3959; x_wconf 75' lang='grc' dir='ltr'>διὰ</span> <span class='ocrx_word' id='word_1_544' title='bbox 3861 3907 4033 3961; x_wconf 77' lang='grc' dir='ltr'>τοῦτο</span> 
     </span>
    </p>
   </div>
   <div class='ocr_carea' id='block_1_78' title="bbox 2427 3997 4031 4069">
    <p class='ocr_par' dir='ltr' id='par_1_78' title="bbox 2427 3997 4031 4069">
     <span class='ocr_line' id='line_1_78' title="bbox 2427 3997 4031 4069; baseline -0.003 -19"><span class='ocrx_word' id='word_1_545' title='bbox 2427 3997 2484 4050; x_wconf 84' lang='grc' dir='ltr'>δὲ</span> <span class='ocrx_word' id='word_1_546' title='bbox 2517 3998 2771 4067; x_wconf 80' lang='grc' dir='ltr'>λέγομεν,</span> <span class='ocrx_word' id='word_1_547' title='bbox 2799 3997 2884 4050; x_wconf 85' lang='grc' dir='ltr'>ὅτι</span> <span class='ocrx_word' id='word_1_548' title='bbox 2918 3997 3012 4050; x_wconf 85' lang='grc' dir='ltr'>τὸν</span> <span class='ocrx_word' id='word_1_549' title='bbox 3039 3997 3202 4050; x_wconf 78' lang='grc' dir='ltr'>αὐτὸν</span> <span class='ocrx_word' id='word_1_550' title='bbox 3231 3997 3434 4069; x_wconf 85' lang='grc' dir='ltr'>τρόπον</span> <span class='ocrx_word' id='word_1_551' title='bbox 3482 4000 3618 4067; x_wconf 73' lang='grc' dir='ltr'>ἡμῖν</span> <span class='ocrx_word' id='word_1_552' title='bbox 3672 3998 3730 4063; x_wconf 75' lang='grc' dir='ltr'>ἐξ</span> <span class='ocrx_word' id='word_1_553' title='bbox 3771 3999 4031 4069; x_wconf 70' lang='grc' dir='ltr'>ἀνάγκης</span> 
     </span>
    </p>
   </div>
   <div class='ocr_carea' id='block_1_79' title="bbox 2427 4087 4030 4159">
    <p class='ocr_par' dir='ltr' id='par_1_79' title="bbox 2427 4087 4030 4159">
     <span class='ocr_line' id='line_1_79' title="bbox 2427 4087 4030 4159; baseline 0.002 -19"><span class='ocrx_word' id='word_1_554' title='bbox 2427 4088 2664 4158; x_wconf 73' lang='grc' dir='ltr'>ἔπασχεν</span> <span class='ocrx_word' id='word_1_555' title='bbox 2684 4106 2698 4120; x_wconf 79' lang='grc' dir='ltr'><strong>ο</strong></span> <span class='ocrx_word' id='word_1_556' title='bbox 2729 4087 2869 4142; x_wconf 77' lang='grc' dir='ltr'>ἀλλὰ</span> <span class='ocrx_word' id='word_1_557' title='bbox 2899 4087 3157 4159; x_wconf 80' lang='grc' dir='ltr'>λέγομεν,</span> <span class='ocrx_word' id='word_1_558' title='bbox 3183 4089 3268 4142; x_wconf 85' lang='grc' dir='ltr'><strong>δτι</strong></span> <span class='ocrx_word' id='word_1_559' title='bbox 3311 4091 3576 4152; x_wconf 76' lang='grc' dir='ltr'>ἑκουσίως</span> <span class='ocrx_word' id='word_1_560' title='bbox 3619 4089 3867 4143; x_wconf 78' lang='grc' dir='ltr'>ἐδούλευε</span> <span class='ocrx_word' id='word_1_561' title='bbox 3910 4095 4030 4154; x_wconf 79' lang='grc' dir='ltr'>τοῖς</span> 
     </span>
    </p>
   </div>
   <div class='ocr_carea' id='block_1_80' title="bbox 2427 4179 4031 4251">
    <p class='ocr_par' dir='ltr' id='par_1_80' title="bbox 2427 4179 4031 4251">
     <span class='ocr_line' id='line_1_80' title="bbox 2427 4179 4031 4251; baseline 0.002 -19"><span class='ocrx_word' id='word_1_562' title='bbox 2427 4180 2524 4248; x_wconf 77' lang='grc' dir='ltr'>τῆς</span> <span class='ocrx_word' id='word_1_563' title='bbox 2566 4179 2782 4250; x_wconf 76' lang='grc' dir='ltr'>φύσεως</span> <span class='ocrx_word' id='word_1_564' title='bbox 2810 4181 3020 4251; x_wconf 82' lang='grc' dir='ltr'>νόμοις,</span> <span class='ocrx_word' id='word_1_565' title='bbox 3071 4181 3170 4235; x_wconf 75' lang='grc' dir='ltr'>καὶ</span> <span class='ocrx_word' id='word_1_566' title='bbox 3229 4180 3374 4234; x_wconf 85' lang='grc' dir='ltr'>ἐκὼν</span> <span class='ocrx_word' id='word_1_567' title='bbox 3427 4181 3600 4234; x_wconf 79' lang='grc' dir='ltr'>ἐδίδου</span> <span class='ocrx_word' id='word_1_568' title='bbox 3673 4181 3756 4250; x_wconf 86' lang='grc' dir='ltr'><strong>τῷ</strong></span> <span class='ocrx_word' id='word_1_569' title='bbox 3805 4182 4031 4250; x_wconf 81' lang='grc' dir='ltr'>σώματι</span> 
     </span>
    </p>
   </div>
   <div class='ocr_carea' id='block_1_81' title="bbox 2427 4272 4031 4345">
    <p class='ocr_par' dir='ltr' id='par_1_81' title="bbox 2427 4272 4031 4345">
     <span class='ocr_line' id='line_1_81' title="bbox 2427 4272 4031 4345; baseline 0.002 -21"><span class='ocrx_word' id='word_1_570' title='bbox 2427 4273 2621 4327; x_wconf 77' lang='grc' dir='ltr'>παθεῖν</span> <span class='ocrx_word' id='word_1_571' title='bbox 2645 4273 2714 4325; x_wconf 78' lang='grc' dir='ltr'>τὰ</span> <span class='ocrx_word' id='word_1_572' title='bbox 2739 4273 2844 4326; x_wconf 84' lang='grc' dir='ltr'>ῖδια</span> <span class='ocrx_word' id='word_1_573' title='bbox 2880 4273 2971 4326; x_wconf 81' lang='grc' dir='ltr'><strong>τὸν</strong></span> <span class='ocrx_word' id='word_1_574' title='bbox 2998 4272 3164 4327; x_wconf 82' lang='grc' dir='ltr'>αὐτὸν</span> <span class='ocrx_word' id='word_1_575' title='bbox 3187 4273 3411 4345; x_wconf 86' lang='grc' dir='ltr'>τρόπον,</span> <span class='ocrx_word' id='word_1_576' title='bbox 3451 4273 3512 4325; x_wconf 84' lang='grc' dir='ltr'><strong>δν</strong></span> <span class='ocrx_word' id='word_1_577' title='bbox 3556 4274 3649 4326; x_wconf 74' lang='grc' dir='ltr'>καὶ</span> <span class='ocrx_word' id='word_1_578' title='bbox 3696 4275 3857 4343; x_wconf 76' lang='grc' dir='ltr'>ἡμεῖς</span> <span class='ocrx_word' id='word_1_579' title='bbox 3914 4277 4031 4329; x_wconf 79' lang='grc' dir='ltr'><strong>πὰ-</strong></span> 
     </span>
    </p>
   </div>
   <div class='ocr_carea' id='block_1_82' title="bbox 2429 4363 4031 4436">
    <p class='ocr_par' dir='ltr' id='par_1_82' title="bbox 2429 4363 4031 4436">
     <span class='ocr_line' id='line_1_82' title="bbox 2429 4363 4031 4436; baseline 0.002 -19"><span class='ocrx_word' id='word_1_580' title='bbox 2429 4381 2648 4433; x_wconf 82' lang='grc' dir='ltr'>σχομεν.</span> <span class='ocrx_word' id='word_1_581' title='bbox 2674 4365 2785 4418; x_wconf 78' lang='grc' dir='ltr'><strong>Καὶ</strong></span> <span class='ocrx_word' id='word_1_582' title='bbox 2819 4363 3155 4435; x_wconf 81' lang='grc' dir='ltr'>μαρτυροῦσι</span> <span class='ocrx_word' id='word_1_583' title='bbox 3187 4364 3404 4429; x_wconf 77' lang='grc' dir='ltr'>τούτοις</span> <span class='ocrx_word' id='word_1_584' title='bbox 3432 4368 3481 4419; x_wconf 82' lang='lat' dir='ltr'><strong>oi</strong></span> <span class='ocrx_word' id='word_1_585' title='bbox 3512 4365 3755 4436; x_wconf 87' lang='grc' dir='ltr'>Πατέρες</span> <span class='ocrx_word' id='word_1_586' title='bbox 3784 4380 3799 4394; x_wconf 90' lang='grc'>·</span> <span class='ocrx_word' id='word_1_587' title='bbox 3840 4369 3869 4418; x_wconf 89' lang='grc' dir='ltr'><strong>ό</strong></span> <span class='ocrx_word' id='word_1_588' title='bbox 3926 4369 4031 4436; x_wconf 78' lang='grc' dir='ltr'>μὲν</span> 
     </span>
    </p>
   </div>
   <div class='ocr_carea' id='block_1_83' title="bbox 2431 4455 4032 4527">
    <p class='ocr_par' dir='ltr' id='par_1_83' title="bbox 2431 4455 4032 4527">
     <span class='ocr_line' id='line_1_83' title="bbox 2431 4455 4032 4527; baseline 0.002 -18"><span class='ocrx_word' id='word_1_589' title='bbox 2431 4457 2585 4524; x_wconf 80' lang='grc' dir='ltr'>ᾶγιος</span> <span class='ocrx_word' id='word_1_590' title='bbox 2613 4456 2915 4527; x_wconf 87' lang='grc' dir='ltr'>Γρηγόριος</span> <span class='ocrx_word' id='word_1_591' title='bbox 2943 4455 3112 4510; x_wconf 82' lang='grc' dir='ltr'>εἰπών</span> <span class='ocrx_word' id='word_1_592' title='bbox 3135 4474 3150 4489; x_wconf 78' lang='grc'><strong><em>⁸</em></strong></span> <span class='ocrx_word' id='word_1_593' title='bbox 3193 4457 3274 4527; x_wconf 80' lang='grc' dir='ltr'><strong>Τῇ</strong></span> <span class='ocrx_word' id='word_1_594' title='bbox 3303 4457 3465 4526; x_wconf 79' lang='grc' dir='ltr'>φύσει</span> <span class='ocrx_word' id='word_1_595' title='bbox 3503 4456 3696 4522; x_wconf 85' lang='grc' dir='ltr'>ἐδίδου,</span> <span class='ocrx_word' id='word_1_596' title='bbox 3727 4458 3818 4510; x_wconf 82' lang='grc' dir='ltr'>ὅτε</span> <span class='ocrx_word' id='word_1_597' title='bbox 3851 4459 4032 4512; x_wconf 68' lang='grc' dir='ltr'>ἐϐού-</span> 
     </span>
    </p>
   </div>
   <div class='ocr_carea' id='block_1_84' title="bbox 743 4547 2337 4620">
    <p class='ocr_par' dir='ltr' id='par_1_84' title="bbox 743 4547 2327 4619">
     <span class='ocr_line' id='line_1_84' title="bbox 743 4547 2327 4619; baseline -0.003 -15"><span class='ocrx_word' id='word_1_598' title='bbox 743 4553 920 4619; x_wconf 79' lang='lat' dir='ltr'><strong>Atque</strong></span> <span class='ocrx_word' id='word_1_599' title='bbox 955 4549 1070 4602; x_wconf 57' lang='lat' dir='ltr'><strong>hate</strong></span> <span class='ocrx_word' id='word_1_600' title='bbox 1099 4549 1426 4602; x_wconf 85' lang='lat' dir='ltr'><strong>testimoniis</strong></span> <span class='ocrx_word' id='word_1_601' title='bbox 1458 4549 1777 4603; x_wconf 65' lang='lat' dir='ltr'><strong>suisl’atres</strong></span> <span class='ocrx_word' id='word_1_602' title='bbox 1805 4548 1906 4618; x_wconf 92' lang='lat' dir='ltr'><strong>ipsi</strong></span> <span class='ocrx_word' id='word_1_603' title='bbox 1945 4547 2327 4617; x_wconf 88' lang='lat' dir='ltr'><strong>comprobant,</strong></span> 
     </span>
    </p>
   </div>
   <div class='ocr_carea' id='block_1_85' title="bbox 2431 4547 4032 4620">
    <p class='ocr_par' dir='ltr' id='par_1_85' title="bbox 2433 4547 4032 4620">
     <span class='ocr_line' id='line_1_85' title="bbox 2433 4547 4032 4620; baseline 0.003 -22"><span class='ocrx_word' id='word_1_604' title='bbox 2433 4547 2576 4610; x_wconf 87' lang='grc' dir='ltr'>λετο,</span> <span class='ocrx_word' id='word_1_605' title='bbox 2607 4549 2854 4618; x_wconf 84' lang='grc' dir='ltr'>ἐνεργεῖν</span> <span class='ocrx_word' id='word_1_606' title='bbox 2902 4547 2969 4601; x_wconf 75' lang='grc' dir='ltr'><strong>τὰ</strong></span> <span class='ocrx_word' id='word_1_607' title='bbox 3005 4547 3146 4601; x_wconf 75' lang='grc' dir='ltr'>ῐδιαο</span> <span class='ocrx_word' id='word_1_608' title='bbox 3175 4549 3204 4602; x_wconf 89' lang='grc' dir='ltr'><strong>ό</strong></span> <span class='ocrx_word' id='word_1_609' title='bbox 3229 4547 3288 4600; x_wconf 83' lang='grc' dir='ltr'>δὲ</span> <span class='ocrx_word' id='word_1_610' title='bbox 3321 4548 3596 4620; x_wconf 72' lang='grc' dir='ltr'>μακάριος</span> <span class='ocrx_word' id='word_1_611' title='bbox 3623 4549 3918 4619; x_wconf 77' lang='grc' dir='ltr'>Κύριλλος,</span> <span class='ocrx_word' id='word_1_612' title='bbox 3959 4552 4032 4603; x_wconf 86' lang='grc' dir='ltr'>εί·</span> 
     </span>
    </p>
   </div>
   <div class='ocr_carea' id='block_1_86' title="bbox 746 4639 2329 4710">
    <p class='ocr_par' dir='ltr' id='par_1_86' title="bbox 746 4639 2329 4710">
     <span class='ocr_line' id='line_1_86' title="bbox 746 4639 2329 4710; baseline -0.001 -16"><span class='ocrx_word' id='word_1_613' title='bbox 746 4650 807 4695; x_wconf 90' lang='lat' dir='ltr'><strong>ut</strong></span> <span class='ocrx_word' id='word_1_614' title='bbox 824 4649 1046 4694; x_wconf 83' lang='lat' dir='ltr'><strong>sanctus</strong></span> <span class='ocrx_word' id='word_1_615' title='bbox 1070 4640 1157 4694; x_wconf 86' lang='lat' dir='ltr'><strong>ille</strong></span> <span class='ocrx_word' id='word_1_616' title='bbox 1174 4639 1469 4710; x_wconf 72' lang='lat' dir='ltr'><strong>Gregorius</strong></span> <span class='ocrx_word' id='word_1_617' title='bbox 1494 4641 1747 4707; x_wconf 78' lang='lat' dir='ltr'><strong>inquiens</strong></span> <span class='ocrx_word' id='word_1_618' title='bbox 1771 4656 1785 4692; x_wconf 89' lang='lat'><strong>:</strong></span> <span class='ocrx_word' id='word_1_619' title='bbox 1809 4640 2024 4693; x_wconf 72' lang='lat' dir='ltr'><strong>Natura:</strong></span> <span class='ocrx_word' id='word_1_620' title='bbox 2046 4639 2329 4708; x_wconf 81' lang='lat' dir='ltr'><strong>permitte-</strong></span> 
     </span>
    </p>
   </div>
   <div class='ocr_carea' id='block_1_87' title="bbox 747 4729 2328 4802">
    <p class='ocr_par' dir='ltr' id='par_1_87' title="bbox 747 4729 2328 4802">
     <span class='ocr_line' id='line_1_87' title="bbox 747 4729 2328 4802; baseline -0.002 -16"><span class='ocrx_word' id='word_1_621' title='bbox 747 4734 861 4796; x_wconf 88' lang='lat' dir='ltr'><strong>bat,</strong></span> <span class='ocrx_word' id='word_1_622' title='bbox 889 4748 1013 4786; x_wconf 89' lang='lat' dir='ltr'><strong>cum</strong></span> <span class='ocrx_word' id='word_1_623' title='bbox 1046 4734 1229 4795; x_wconf 88' lang='lat' dir='ltr'><strong>vellet,</strong></span> <span class='ocrx_word' id='word_1_624' title='bbox 1267 4743 1324 4784; x_wconf 92' lang='lat' dir='ltr'><strong>ut</strong></span> <span class='ocrx_word' id='word_1_625' title='bbox 1355 4742 1541 4802; x_wconf 83' lang='lat' dir='ltr'><strong>ageret</strong></span> <span class='ocrx_word' id='word_1_626' title='bbox 1578 4749 1697 4785; x_wconf 87' lang='lat' dir='ltr'><strong>sua.</strong></span> <span class='ocrx_word' id='word_1_627' title='bbox 1743 4732 1942 4786; x_wconf 83' lang='lat' dir='ltr'><strong>Beatus</strong></span> <span class='ocrx_word' id='word_1_628' title='bbox 1993 4741 2178 4786; x_wconf 85' lang='lat' dir='ltr'><strong>autem</strong></span> <span class='ocrx_word' id='word_1_629' title='bbox 2223 4729 2328 4800; x_wconf 87' lang='lat' dir='ltr'><strong>Cy-</strong></span> 
     </span>
    </p>
   </div>
   <div class='ocr_carea' id='block_1_88' title="bbox 749 4823 2323 4881">
    <p class='ocr_par' dir='ltr' id='par_1_88' title="bbox 749 4823 2323 4881">
     <span class='ocr_line' id='line_1_88' title="bbox 749 4823 2323 4881; baseline -0.004 0"><span class='ocrx_word' id='word_1_630' title='bbox 749 4829 904 4881; x_wconf 89' lang='lat' dir='ltr'><strong>rillus</strong></span> <span class='ocrx_word' id='word_1_631' title='bbox 936 4827 1114 4880; x_wconf 78' lang='lat' dir='ltr'><strong>dixit:</strong></span> <span class='ocrx_word' id='word_1_632' title='bbox 1147 4827 1247 4879; x_wconf 80' lang='lat' dir='ltr'><strong>Per</strong></span> <span class='ocrx_word' id='word_1_633' title='bbox 1267 4826 1663 4879; x_wconf 87' lang='lat' dir='ltr'><strong>immissionem</strong></span> <span class='ocrx_word' id='word_1_634' title='bbox 1696 4825 1945 4877; x_wconf 88' lang='lat' dir='ltr'><strong>ciborum</strong></span> <span class='ocrx_word' id='word_1_635' title='bbox 1967 4833 2023 4877; x_wconf 91' lang='lat' dir='ltr'><strong>et</strong></span> <span class='ocrx_word' id='word_1_636' title='bbox 2049 4823 2323 4877; x_wconf 80' lang='lat' dir='ltr'><strong>excrctio—</strong></span> 
     </span>
    </p>
   </div>
   <div class='ocr_carea' id='block_1_89' title="bbox 751 4914 2322 4984">
    <p class='ocr_par' dir='ltr' id='par_1_89' title="bbox 751 4914 2322 4984">
     <span class='ocr_line' id='line_1_89' title="bbox 751 4914 2322 4984; baseline -0.004 -12"><span class='ocrx_word' id='word_1_637' title='bbox 751 4935 898 4984; x_wconf 90' lang='lat' dir='ltr'><strong>nem,</strong></span> <span class='ocrx_word' id='word_1_638' title='bbox 954 4918 1316 4973; x_wconf 84' lang='lat' dir='ltr'><strong>conservabat</strong></span> <span class='ocrx_word' id='word_1_639' title='bbox 1351 4917 1740 4977; x_wconf 89' lang='lat' dir='ltr'><strong>substantiam,</strong></span> <span class='ocrx_word' id='word_1_640' title='bbox 1794 4915 2043 4984; x_wconf 89' lang='lat' dir='ltr'><strong>corporis</strong></span> <span class='ocrx_word' id='word_1_641' title='bbox 2091 4914 2322 4968; x_wconf 88' lang='lat' dir='ltr'><strong>scilicet.</strong></span> 
     </span>
    </p>
   </div>
   <div class='ocr_carea' id='block_1_90' title="bbox 749 5005 2324 5079">
    <p class='ocr_par' dir='ltr' id='par_1_90' title="bbox 749 5005 2324 5079">
     <span class='ocr_line' id='line_1_90' title="bbox 749 5005 2324 5079; baseline -0.005 -14"><span class='ocrx_word' id='word_1_642' title='bbox 749 5013 961 5065; x_wconf 82' lang='lat' dir='ltr'><strong>Rursus</strong></span> <span class='ocrx_word' id='word_1_643' title='bbox 993 5026 1058 5062; x_wconf 73' lang='lat' dir='ltr'><strong>ex</strong></span> <span class='ocrx_word' id='word_1_644' title='bbox 1098 5009 1340 5079; x_wconf 74' lang='lat' dir='ltr'><strong>Dialogo.</strong></span> <span class='ocrx_word' id='word_1_645' title='bbox 1371 5023 1480 5077; x_wconf 91' lang='lat' dir='ltr'><strong>quo</strong></span> <span class='ocrx_word' id='word_1_646' title='bbox 1514 5023 1680 5060; x_wconf 91' lang='lat' dir='ltr'><strong>unum</strong></span> <span class='ocrx_word' id='word_1_647' title='bbox 1711 5021 1831 5060; x_wconf 90' lang='lat' dir='ltr'><strong>esse</strong></span> <span class='ocrx_word' id='word_1_648' title='bbox 1858 5005 2137 5061; x_wconf 86' lang='lat' dir='ltr'><strong>Christum</strong></span> <span class='ocrx_word' id='word_1_649' title='bbox 2193 5020 2324 5074; x_wconf 83' lang='lat' dir='ltr'><strong>pro-</strong></span> 
     </span>
    </p>
   </div>
   <div class='ocr_carea' id='block_1_91' title="bbox 750 5098 2325 5169">
    <p class='ocr_par' dir='ltr' id='par_1_91' title="bbox 750 5098 2325 5169">
     <span class='ocr_line' id='line_1_91' title="bbox 750 5098 2325 5169; baseline -0.001 -19"><span class='ocrx_word' id='word_1_650' title='bbox 750 5101 860 5163; x_wconf 86' lang='lat' dir='ltr'><strong>bat,</strong></span> <span class='ocrx_word' id='word_1_651' title='bbox 889 5100 1206 5169; x_wconf 86' lang='lat' dir='ltr'><strong>permisisse</strong></span> <span class='ocrx_word' id='word_1_652' title='bbox 1254 5099 1433 5166; x_wconf 90' lang='lat' dir='ltr'><strong>ipsum</strong></span> <span class='ocrx_word' id='word_1_653' title='bbox 1461 5098 1613 5151; x_wconf 88' lang='lat' dir='ltr'><strong>carni</strong></span> <span class='ocrx_word' id='word_1_654' title='bbox 1654 5113 1787 5154; x_wconf 71' lang='lat' dir='ltr'><strong>suae.</strong></span> <span class='ocrx_word' id='word_1_655' title='bbox 1825 5107 1884 5149; x_wconf 91' lang='lat' dir='ltr'><strong>ut</strong></span> <span class='ocrx_word' id='word_1_656' title='bbox 1934 5108 2146 5149; x_wconf 79' lang='lat' dir='ltr'><strong>natura:</strong></span> <span class='ocrx_word' id='word_1_657' title='bbox 2213 5109 2325 5148; x_wconf 74' lang='lat' dir='ltr'><strong>sua:</strong></span> 
     </span>
    </p>
   </div>
   <div class='ocr_carea' id='block_1_92' title="bbox 747 5181 2321 5258">
    <p class='ocr_par' dir='ltr' id='par_1_92' title="bbox 747 5181 2321 5258">
     <span class='ocr_line' id='line_1_92' title="bbox 747 5181 2321 5258; baseline -0.005 -16"><span class='ocrx_word' id='word_1_658' title='bbox 747 5191 956 5258; x_wconf 83' lang='lat' dir='ltr'><strong>legibus</strong></span> <span class='ocrx_word' id='word_1_659' title='bbox 987 5190 1409 5257; x_wconf 84' lang='lat' dir='ltr'><strong>obsequeretur.</strong></span> <span class='ocrx_word' id='word_1_660' title='bbox 1448 5187 1515 5240; x_wconf 81' lang='lat' dir='ltr'><strong>Et</strong></span> <span class='ocrx_word' id='word_1_661' title='bbox 1553 5202 1783 5239; x_wconf 87' lang='lat' dir='ltr'><strong>rursus:</strong></span> <span class='ocrx_word' id='word_1_662' title='bbox 1821 5185 1912 5238; x_wconf 80' lang='lat' dir='ltr'><strong>Sic</strong></span> <span class='ocrx_word' id='word_1_663' title='bbox 1941 5185 2213 5255; x_wconf 87' lang='lat' dir='ltr'><strong>permittit</strong></span> <span class='ocrx_word' id='word_1_664' title='bbox 2268 5181 2321 5234; x_wconf 91' lang='lat' dir='ltr'><strong>id</strong></span> 
     </span>
    </p>
   </div>
   <div class='ocr_carea' id='block_1_93' title="bbox 747 5277 2324 5351">
    <p class='ocr_par' dir='ltr' id='par_1_93' title="bbox 747 5277 2324 5351">
     <span class='ocr_line' id='line_1_93' title="bbox 747 5277 2324 5351; baseline -0.004 -17"><span class='ocrx_word' id='word_1_665' title='bbox 747 5282 892 5351; x_wconf 76' lang='lat' dir='ltr'><strong>quod</strong></span> <span class='ocrx_word' id='word_1_666' title='bbox 925 5295 1254 5350; x_wconf 85' lang='lat' dir='ltr'><strong>corporeum</strong></span> <span class='ocrx_word' id='word_1_667' title='bbox 1288 5289 1426 5342; x_wconf 90' lang='lat' dir='ltr'><strong>erat,</strong></span> <span class='ocrx_word' id='word_1_668' title='bbox 1466 5295 1528 5332; x_wconf 91' lang='lat' dir='ltr'><strong>ea</strong></span> <span class='ocrx_word' id='word_1_669' title='bbox 1557 5280 1767 5348; x_wconf 87' lang='lat' dir='ltr'><strong>perpeti</strong></span> <span class='ocrx_word' id='word_1_670' title='bbox 1798 5293 1918 5346; x_wconf 76' lang='lat' dir='ltr'><strong>qua:</strong></span> <span class='ocrx_word' id='word_1_671' title='bbox 1948 5277 2048 5345; x_wconf 79' lang='lat' dir='ltr'><strong>ipsi</strong></span> <span class='ocrx_word' id='word_1_672' title='bbox 2099 5283 2324 5328; x_wconf 78' lang='lat' dir='ltr'><strong>natura-</strong></span> 
     </span>
    </p>
   </div>
   <div class='ocr_carea' id='block_1_94' title="bbox 746 5369 2327 5437">
    <p class='ocr_par' dir='ltr' id='par_1_94' title="bbox 746 5369 2327 5437">
     <span class='ocr_line' id='line_1_94' title="bbox 746 5369 2327 5437; baseline -0.003 -13"><span class='ocrx_word' id='word_1_673' title='bbox 746 5373 872 5425; x_wconf 85' lang='lat' dir='ltr'><strong>liter</strong></span> <span class='ocrx_word' id='word_1_674' title='bbox 901 5371 1138 5436; x_wconf 81' lang='lat' dir='ltr'><strong>adsunt,</strong></span> <span class='ocrx_word' id='word_1_675' title='bbox 1183 5379 1240 5422; x_wconf 90' lang='lat' dir='ltr'><strong>ut</strong></span> <span class='ocrx_word' id='word_1_676' title='bbox 1265 5369 1581 5424; x_wconf 89' lang='lat' dir='ltr'><strong>ostenderet</strong></span> <span class='ocrx_word' id='word_1_677' title='bbox 1632 5385 1690 5422; x_wconf 86' lang='lat' dir='ltr'><strong>se</strong></span> <span class='ocrx_word' id='word_1_678' title='bbox 1719 5383 1908 5437; x_wconf 87' lang='lat' dir='ltr'><strong>reapse</strong></span> <span class='ocrx_word' id='word_1_679' title='bbox 1961 5382 2200 5434; x_wconf 85' lang='lat' dir='ltr'><strong>vereque</strong></span> <span class='ocrx_word' id='word_1_680' title='bbox 2233 5381 2327 5434; x_wconf 78' lang='lat' dir='ltr'><strong>ge-</strong></span> 
     </span>
    </p>
   </div>
   <div class='ocr_carea' id='block_1_95' title="bbox 747 5457 2324 5520">
    <p class='ocr_par' dir='ltr' id='par_1_95' title="bbox 747 5457 2324 5520">
     <span class='ocr_line' id='line_1_95' title="bbox 747 5457 2324 5520; baseline -0.003 -5"><span class='ocrx_word' id='word_1_681' title='bbox 747 5474 890 5517; x_wconf 80' lang='lat' dir='ltr'><strong>stare</strong></span> <span class='ocrx_word' id='word_1_682' title='bbox 913 5479 1156 5520; x_wconf 87' lang='lat' dir='ltr'><strong>carnem.</strong></span> <span class='ocrx_word' id='word_1_683' title='bbox 1182 5471 1234 5515; x_wconf 86' lang='lat' dir='ltr'><strong>et</strong></span> <span class='ocrx_word' id='word_1_684' title='bbox 1260 5461 1563 5516; x_wconf 84' lang='lat' dir='ltr'><strong>secundum</strong></span> <span class='ocrx_word' id='word_1_685' title='bbox 1585 5460 1818 5513; x_wconf 87' lang='lat' dir='ltr'><strong>Litteras</strong></span> <span class='ocrx_word' id='word_1_686' title='bbox 1841 5474 2022 5513; x_wconf 89' lang='lat' dir='ltr'><strong>sacras</strong></span> <span class='ocrx_word' id='word_1_687' title='bbox 2045 5457 2324 5510; x_wconf 86' lang='lat' dir='ltr'><strong>hominem</strong></span> 
     </span>
    </p>
   </div>
   <div class='ocr_carea' id='block_1_96' title="bbox 745 5551 2322 5610">
    <p class='ocr_par' dir='ltr' id='par_1_96' title="bbox 745 5551 2322 5610">
     <span class='ocr_line' id='line_1_96' title="bbox 745 5551 2322 5610; baseline -0.004 -1"><span class='ocrx_word' id='word_1_688' title='bbox 745 5571 865 5609; x_wconf 76' lang='lat' dir='ltr'><strong>esse</strong></span> <span class='ocrx_word' id='word_1_689' title='bbox 909 5557 1131 5610; x_wconf 72' lang='lat' dir='ltr'><strong>factum.</strong></span> <span class='ocrx_word' id='word_1_690' title='bbox 1179 5557 1414 5609; x_wconf 79' lang='lat' dir='ltr'><strong>Sanctus</strong></span> <span class='ocrx_word' id='word_1_691' title='bbox 1453 5563 1636 5608; x_wconf 91' lang='lat' dir='ltr'><strong>autem</strong></span> <span class='ocrx_word' id='word_1_692' title='bbox 1670 5554 2006 5607; x_wconf 84' lang='lat' dir='ltr'><strong>Athanasius</strong></span> <span class='ocrx_word' id='word_1_693' title='bbox 2040 5551 2182 5605; x_wconf 89' lang='lat' dir='ltr'><strong>libro</strong></span> <span class='ocrx_word' id='word_1_694' title='bbox 2212 5551 2322 5604; x_wconf 84' lang='lat' dir='ltr'><strong>Ad-</strong></span> 
     </span>
    </p>
   </div>
   <div class='ocr_carea' id='block_1_97' title="bbox 746 5643 2322 5718">
    <p class='ocr_par' dir='ltr' id='par_1_97' title="bbox 746 5643 2322 5718">
     <span class='ocr_line' id='line_1_97' title="bbox 746 5643 2322 5718; baseline -0.005 -17"><span class='ocrx_word' id='word_1_695' title='bbox 746 5665 922 5702; x_wconf 67' lang='lat' dir='ltr'><strong>versus</strong></span> <span class='ocrx_word' id='word_1_696' title='bbox 961 5649 1324 5718; x_wconf 69' lang='lat' dir='ltr'><strong>Apollinarem</strong></span> <span class='ocrx_word' id='word_1_697' title='bbox 1349 5663 1368 5700; x_wconf 90' lang='lat'><em>:</em></span> <span class='ocrx_word' id='word_1_698' title='bbox 1404 5647 1701 5715; x_wconf 79' lang='lat' dir='ltr'><strong>PrOpterea</strong></span> <span class='ocrx_word' id='word_1_699' title='bbox 1752 5645 1972 5697; x_wconf 87' lang='lat' dir='ltr'><strong>dicebat</strong></span> <span class='ocrx_word' id='word_1_700' title='bbox 2017 5643 2285 5696; x_wconf 86' lang='lat' dir='ltr'><strong>Dominus</strong></span> <span class='ocrx_word' id='word_1_701' title='bbox 2309 5681 2322 5705; x_wconf 93' lang='lat'><strong>,</strong></span> 
     </span>
    </p>
   </div>
   <div class='ocr_carea' id='block_1_98' title="bbox 746 5731 2326 5807">
    <p class='ocr_par' dir='ltr' id='par_1_98' title="bbox 746 5731 2326 5807">
     <span class='ocr_line' id='line_1_98' title="bbox 746 5731 2326 5807; baseline -0.006 -14"><span class='ocrx_word' id='word_1_702' title='bbox 746 5740 982 5793; x_wconf 84' lang='lat' dir='ltr'><strong>animam</strong></span> <span class='ocrx_word' id='word_1_703' title='bbox 1012 5755 1163 5791; x_wconf 75' lang='lat' dir='ltr'><strong>suam</strong></span> <span class='ocrx_word' id='word_1_704' title='bbox 1202 5754 1347 5793; x_wconf 87' lang='lat' dir='ltr'><strong>nunc</strong></span> <span class='ocrx_word' id='word_1_705' title='bbox 1391 5739 1718 5807; x_wconf 81' lang='lat' dir='ltr'><strong>perturbari.</strong></span> <span class='ocrx_word' id='word_1_706' title='bbox 1748 5737 1813 5792; x_wconf 83' lang='lat' dir='ltr'><strong>Et</strong></span> <span class='ocrx_word' id='word_1_707' title='bbox 1855 5737 1960 5789; x_wconf 87' lang='lat' dir='ltr'><strong>hoc</strong></span> <span class='ocrx_word' id='word_1_708' title='bbox 1994 5750 2133 5786; x_wconf 78' lang='lat' dir='ltr'><strong>nunc</strong></span> <span class='ocrx_word' id='word_1_709' title='bbox 2154 5731 2326 5801; x_wconf 82' lang='lat' dir='ltr'><strong>signi-</strong></span> 
     </span>
    </p>
   </div>
   <div class='ocr_carea' id='block_1_99' title="bbox 749 5827 2324 5906">
    <p class='ocr_par' dir='ltr' id='par_1_99' title="bbox 749 5827 2324 5906">
     <span class='ocr_line' id='line_1_99' title="bbox 749 5827 2324 5906; baseline -0.006 -18"><span class='ocrx_word' id='word_1_710' title='bbox 749 5837 890 5906; x_wconf 66' lang='lat' dir='ltr'><strong>licat,</strong></span> <span class='ocrx_word' id='word_1_711' title='bbox 929 5834 1149 5904; x_wconf 85' lang='lat' dir='ltr'><strong>quando</strong></span> <span class='ocrx_word' id='word_1_712' title='bbox 1189 5834 1304 5904; x_wconf 82' lang='lat' dir='ltr'><strong>ipse</strong></span> <span class='ocrx_word' id='word_1_713' title='bbox 1339 5835 1527 5888; x_wconf 86' lang='lat' dir='ltr'><strong>voluit.</strong></span> <span class='ocrx_word' id='word_1_714' title='bbox 1562 5834 1615 5889; x_wconf 90' lang='lat' dir='ltr'><strong>Id</strong></span> <span class='ocrx_word' id='word_1_715' title='bbox 1652 5844 1854 5896; x_wconf 87' lang='lat' dir='ltr'><strong>tamen,</strong></span> <span class='ocrx_word' id='word_1_716' title='bbox 1885 5830 2032 5901; x_wconf 90' lang='lat' dir='ltr'><strong>quod</strong></span> <span class='ocrx_word' id='word_1_717' title='bbox 2054 5835 2194 5892; x_wconf 88' lang='lat' dir='ltr'><strong>erat,</strong></span> <span class='ocrx_word' id='word_1_718' title='bbox 2239 5827 2324 5881; x_wconf 86' lang='lat' dir='ltr'><strong>in-</strong></span> 
     </span>
    </p>
   </div>
   <div class='ocr_carea' id='block_1_100' title="bbox 2437 4641 4027 4714">
    <p class='ocr_par' dir='ltr' id='par_1_100' title="bbox 2437 4641 4027 4714">
     <span class='ocr_line' id='line_1_100' title="bbox 2437 4641 4027 4714; baseline 0 -20"><span class='ocrx_word' id='word_1_719' title='bbox 2437 4641 2640 4711; x_wconf 87' lang='grc' dir='ltr'>ρηκὼς,</span> <span class='ocrx_word' id='word_1_720' title='bbox 2671 4642 2754 4696; x_wconf 84' lang='grc' dir='ltr'>ὅτι</span> <span class='ocrx_word' id='word_1_721' title='bbox 2785 4641 2884 4695; x_wconf 77' lang='grc' dir='ltr'><strong>Διὰ</strong></span> <span class='ocrx_word' id='word_1_722' title='bbox 2916 4642 3015 4712; x_wconf 83' lang='grc' dir='ltr'>τῆς</span> <span class='ocrx_word' id='word_1_723' title='bbox 3065 4641 3467 4712; x_wconf 83' lang='grc' dir='ltr'>είσπορεύσεως</span> <span class='ocrx_word' id='word_1_724' title='bbox 3520 4643 3630 4695; x_wconf 86' lang='grc' dir='ltr'><strong>τῶν</strong></span> <span class='ocrx_word' id='word_1_725' title='bbox 3687 4641 4027 4714; x_wconf 80' lang='grc' dir='ltr'>βρωμάτων,</span> 
     </span>
    </p>
   </div>
   <div class='ocr_carea' id='block_1_101' title="bbox 2431 4731 4024 4804">
    <p class='ocr_par' dir='ltr' id='par_1_101' title="bbox 2431 4731 4024 4804">
     <span class='ocr_line' id='line_1_101' title="bbox 2431 4731 4024 4804; baseline 0 -20"><span class='ocrx_word' id='word_1_726' title='bbox 2431 4733 2530 4785; x_wconf 75' lang='grc' dir='ltr'>καὶ</span> <span class='ocrx_word' id='word_1_727' title='bbox 2596 4731 2697 4801; x_wconf 79' lang='grc' dir='ltr'>τῆς</span> <span class='ocrx_word' id='word_1_728' title='bbox 2750 4732 3173 4800; x_wconf 86' lang='grc' dir='ltr'>ἐκπορεύσεως,.</span> <span class='ocrx_word' id='word_1_729' title='bbox 3211 4731 3489 4804; x_wconf 82' lang='grc' dir='ltr'>διεκράτει</span> <span class='ocrx_word' id='word_1_730' title='bbox 3544 4732 3644 4803; x_wconf 78' lang='grc' dir='ltr'>τὴν</span> <span class='ocrx_word' id='word_1_731' title='bbox 3696 4733 4024 4797; x_wconf 65' lang='grc' dir='ltr'>ὑπόστασιν,</span> 
     </span>
    </p>
   </div>
   <div class='ocr_carea' id='block_1_102' title="bbox 2433 4822 4027 4894">
    <p class='ocr_par' dir='ltr' id='par_1_102' title="bbox 2433 4822 4027 4894">
     <span class='ocr_line' id='line_1_102' title="bbox 2433 4822 4027 4894; baseline 0.001 -19"><span class='ocrx_word' id='word_1_732' title='bbox 2433 4823 2580 4875; x_wconf 77' lang='grc' dir='ltr'>τοῦτ’</span> <span class='ocrx_word' id='word_1_733' title='bbox 2612 4823 2730 4876; x_wconf 75' lang='grc' dir='ltr'>ἔστι</span> <span class='ocrx_word' id='word_1_734' title='bbox 2765 4822 2859 4876; x_wconf 89' lang='grc' dir='ltr'><strong>τοῦ</strong></span> <span class='ocrx_word' id='word_1_735' title='bbox 2885 4823 3158 4894; x_wconf 86' lang='grc' dir='ltr'>σώματος.</span> <span class='ocrx_word' id='word_1_736' title='bbox 3185 4825 3293 4877; x_wconf 75' lang='grc' dir='ltr'><strong>Καὶ</strong></span> <span class='ocrx_word' id='word_1_737' title='bbox 3328 4824 3491 4877; x_wconf 82' lang='grc' dir='ltr'>πάλιν</span> <span class='ocrx_word' id='word_1_738' title='bbox 3522 4827 3584 4876; x_wconf 85' lang='grc' dir='ltr'><strong>ἐκ</strong></span> <span class='ocrx_word' id='word_1_739' title='bbox 3620 4824 3715 4877; x_wconf 86' lang='grc' dir='ltr'><strong>τοῦ</strong></span> <span class='ocrx_word' id='word_1_740' title='bbox 3742 4825 4027 4893; x_wconf 81' lang='grc' dir='ltr'>διαλόγου,</span> 
     </span>
    </p>
   </div>
   <div class='ocr_carea' id='block_1_103' title="bbox 2433 4909 4031 4988">
    <p class='ocr_par' dir='ltr' id='par_1_103' title="bbox 2433 4909 4031 4988">
     <span class='ocr_line' id='line_1_103' title="bbox 2433 4909 4031 4988; baseline 0.003 -21"><span class='ocrx_word' id='word_1_741' title='bbox 2433 4918 2512 4968; x_wconf 77' lang='grc' dir='ltr'>ὅτι</span> <span class='ocrx_word' id='word_1_742' title='bbox 2569 4909 2647 4978; x_wconf 74' lang='grc' dir='ltr'><strong>εἷς</strong></span> <span class='ocrx_word' id='word_1_743' title='bbox 2671 4915 2700 4968; x_wconf 90' lang='lat'><strong>6</strong></span> <span class='ocrx_word' id='word_1_744' title='bbox 2733 4917 2995 4986; x_wconf 79' lang='grc' dir='ltr'>Χριστὸς,</span> <span class='ocrx_word' id='word_1_745' title='bbox 3025 4917 3232 4986; x_wconf 79' lang='grc' dir='ltr'>ἐφιέναι</span> <span class='ocrx_word' id='word_1_746' title='bbox 3261 4917 3426 4970; x_wconf 81' lang='grc' dir='ltr'>αὐτὸν</span> <span class='ocrx_word' id='word_1_747' title='bbox 3455 4920 3523 4987; x_wconf 74' lang='grc' dir='ltr'>τῇ</span> <span class='ocrx_word' id='word_1_748' title='bbox 3580 4918 3688 4988; x_wconf 75' lang='grc' dir='ltr'>ίδίᾳ</span> <span class='ocrx_word' id='word_1_749' title='bbox 3720 4921 3914 4988; x_wconf 72' lang='grc' dir='ltr'>σαρκὶ,</span> <span class='ocrx_word' id='word_1_750' title='bbox 3939 4919 4031 4971; x_wconf 76' lang='grc' dir='ltr'>διὰ</span> 
     </span>
    </p>
   </div>
   <div class='ocr_carea' id='block_1_104' title="bbox 2432 5006 4029 5080">
    <p class='ocr_par' dir='ltr' id='par_1_104' title="bbox 2432 5006 4029 5080">
     <span class='ocr_line' id='line_1_104' title="bbox 2432 5006 4029 5080; baseline 0.003 -22"><span class='ocrx_word' id='word_1_751' title='bbox 2432 5008 2541 5060; x_wconf 84' lang='grc' dir='ltr'><strong>τῶν</strong></span> <span class='ocrx_word' id='word_1_752' title='bbox 2567 5009 2667 5077; x_wconf 77' lang='grc' dir='ltr'>τῆς</span> <span class='ocrx_word' id='word_1_753' title='bbox 2703 5008 2839 5071; x_wconf 79' lang='grc' dir='ltr'>ἰδίας</span> <span class='ocrx_word' id='word_1_754' title='bbox 2869 5008 3081 5077; x_wconf 80' lang='grc' dir='ltr'>φύσεως</span> <span class='ocrx_word' id='word_1_755' title='bbox 3118 5010 3255 5062; x_wconf 84' lang='grc' dir='ltr'>ίέναι</span> <span class='ocrx_word' id='word_1_756' title='bbox 3309 5011 3510 5080; x_wconf 89' lang='grc' dir='ltr'>νόμων.</span> <span class='ocrx_word' id='word_1_757' title='bbox 3548 5011 3657 5064; x_wconf 74' lang='grc' dir='ltr'><strong>Καὶ</strong></span> <span class='ocrx_word' id='word_1_758' title='bbox 3683 5006 3883 5074; x_wconf 81' lang='grc' dir='ltr'>αὖθις·</span> <span class='ocrx_word' id='word_1_759' title='bbox 3937 5010 4029 5073; x_wconf 84' lang='grc' dir='ltr'>Ὠς</span> 
     </span>
    </p>
   </div>
   <div class='ocr_carea' id='block_1_105' title="bbox 2433 5102 4029 5173">
    <p class='ocr_par' dir='ltr' id='par_1_105' title="bbox 2433 5102 4029 5173">
     <span class='ocr_line' id='line_1_105' title="bbox 2433 5102 4029 5173; baseline 0.004 -22"><span class='ocrx_word' id='word_1_760' title='bbox 2433 5102 2724 5171; x_wconf 82' lang='grc' dir='ltr'>ἐπιτρέπει</span> <span class='ocrx_word' id='word_1_761' title='bbox 2756 5102 2813 5153; x_wconf 87' lang='grc' dir='ltr'>τὸ</span> <span class='ocrx_word' id='word_1_762' title='bbox 2843 5102 3155 5171; x_wconf 75' lang='grc' dir='ltr'>σωματικὸν</span> <span class='ocrx_word' id='word_1_763' title='bbox 3189 5102 3330 5154; x_wconf 80' lang='grc' dir='ltr'>κατὰ</span> <span class='ocrx_word' id='word_1_764' title='bbox 3375 5103 3476 5173; x_wconf 82' lang='grc' dir='ltr'>τὴν</span> <span class='ocrx_word' id='word_1_765' title='bbox 3525 5103 3686 5172; x_wconf 79' lang='grc' dir='ltr'>φύσιν</span> <span class='ocrx_word' id='word_1_766' title='bbox 3749 5105 4029 5173; x_wconf 77' lang='grc' dir='ltr'>προσόντα</span> 
     </span>
    </p>
   </div>
   <div class='ocr_carea' id='block_1_106' title="bbox 2433 5191 4028 5273">
    <p class='ocr_par' dir='ltr' id='par_1_106' title="bbox 2433 5191 4028 5273">
     <span class='ocr_line' id='line_1_106' title="bbox 2433 5191 4028 5273; baseline 0.003 -32"><span class='ocrx_word' id='word_1_767' title='bbox 2433 5191 2651 5256; x_wconf 73' lang='grc' dir='ltr'>παθεῖν,</span> <span class='ocrx_word' id='word_1_768' title='bbox 2678 5194 2755 5254; x_wconf 86' lang='grc' dir='ltr'><strong>είς</strong></span> <span class='ocrx_word' id='word_1_769' title='bbox 2787 5191 3064 5273; x_wconf 78' lang='grc' dir='ltr'>ἀπόδειξιν</span> <span class='ocrx_word' id='word_1_770' title='bbox 3087 5192 3180 5245; x_wconf 88' lang='grc' dir='ltr'><strong>τοῦ</strong></span> <span class='ocrx_word' id='word_1_771' title='bbox 3207 5195 3378 5256; x_wconf 82' lang='grc' dir='ltr'>ὅντως</span> <span class='ocrx_word' id='word_1_772' title='bbox 3436 5193 3531 5246; x_wconf 78' lang='grc' dir='ltr'>καὶ</span> <span class='ocrx_word' id='word_1_773' title='bbox 3582 5193 3706 5247; x_wconf 80' lang='grc' dir='ltr'>κατ’</span> <span class='ocrx_word' id='word_1_774' title='bbox 3759 5195 4028 5264; x_wconf 79' lang='grc' dir='ltr'>ἀλήθειαν</span> 
     </span>
    </p>
   </div>
   <div class='ocr_carea' id='block_1_107' title="bbox 2434 5283 4028 5357">
    <p class='ocr_par' dir='ltr' id='par_1_107' title="bbox 2434 5283 4028 5357">
     <span class='ocr_line' id='line_1_107' title="bbox 2434 5283 4028 5357; baseline 0.004 -25"><span class='ocrx_word' id='word_1_775' title='bbox 2434 5283 2664 5351; x_wconf 79' lang='grc' dir='ltr'>φορέσαι</span> <span class='ocrx_word' id='word_1_776' title='bbox 2721 5284 2922 5354; x_wconf 84' lang='grc' dir='ltr'>σάρκα,</span> <span class='ocrx_word' id='word_1_777' title='bbox 2974 5285 3069 5338; x_wconf 74' lang='grc' dir='ltr'>καὶ</span> <span class='ocrx_word' id='word_1_778' title='bbox 3120 5285 3409 5357; x_wconf 77' lang='grc' dir='ltr'>ἄνθρωπον</span> <span class='ocrx_word' id='word_1_779' title='bbox 3455 5285 3712 5351; x_wconf 74' lang='grc' dir='ltr'>γενέσθαι</span> <span class='ocrx_word' id='word_1_780' title='bbox 3747 5287 3894 5339; x_wconf 70' lang='grc' dir='ltr'>κατὰ</span> <span class='ocrx_word' id='word_1_781' title='bbox 3925 5288 4028 5348; x_wconf 72' lang='grc' dir='ltr'>τὰς</span> 
     </span>
    </p>
   </div>
   <div class='ocr_carea' id='block_1_108' title="bbox 2434 5374 4026 5445">
    <p class='ocr_par' dir='ltr' id='par_1_108' title="bbox 2434 5374 4026 5445">
     <span class='ocr_line' id='line_1_108' title="bbox 2434 5374 4026 5445; baseline 0.003 -20"><span class='ocrx_word' id='word_1_782' title='bbox 2434 5374 2472 5425; x_wconf 89' lang='grc' dir='ltr'>Γ</span> <span class='ocrx_word' id='word_1_783' title='bbox 2478 5376 2678 5443; x_wconf 68' lang='grc' dir='ltr'>ραφάς.</span> <span class='ocrx_word' id='word_1_784' title='bbox 2726 5376 2782 5428; x_wconf 85' lang='lat'><strong>&#39;0</strong></span> <span class='ocrx_word' id='word_1_785' title='bbox 2809 5376 2865 5428; x_wconf 84' lang='grc' dir='ltr'>δὲ</span> <span class='ocrx_word' id='word_1_786' title='bbox 2900 5378 3053 5445; x_wconf 72' lang='grc' dir='ltr'>ἅγιος</span> <span class='ocrx_word' id='word_1_787' title='bbox 3080 5377 3423 5438; x_wconf 80' lang='grc' dir='ltr'>Ἀθανάσιος.</span> <span class='ocrx_word' id='word_1_788' title='bbox 3451 5379 3515 5430; x_wconf 86' lang='grc' dir='ltr'><strong>ἐκ</strong></span> <span class='ocrx_word' id='word_1_789' title='bbox 3544 5376 3638 5429; x_wconf 88' lang='grc' dir='ltr'><strong>τοῦ</strong></span> <span class='ocrx_word' id='word_1_790' title='bbox 3656 5380 3825 5430; x_wconf 77' lang='grc' dir='ltr'>Κατὰ</span> <span class='ocrx_word' id='word_1_791' title='bbox 3860 5380 4026 5431; x_wconf 71' lang='grc' dir='ltr'>Ἀποο</span> 
     </span>
    </p>
   </div>
   <div class='ocr_carea' id='block_1_109' title="bbox 2433 5470 4025 5539">
    <p class='ocr_par' dir='ltr' id='par_1_109' title="bbox 2433 5470 4025 5539">
     <span class='ocr_line' id='line_1_109' title="bbox 2433 5470 4025 5539; baseline 0.002 -20"><span class='ocrx_word' id='word_1_792' title='bbox 2433 5471 2710 5535; x_wconf 75' lang='lat' dir='ltr'><strong>Jtraplov</strong></span> <span class='ocrx_word' id='word_1_793' title='bbox 2779 5470 2960 5537; x_wconf 87' lang='grc' dir='ltr'>λόγου,</span> <span class='ocrx_word' id='word_1_794' title='bbox 2991 5473 3072 5524; x_wconf 81' lang='grc' dir='ltr'>ὅτι</span> <span class='ocrx_word' id='word_1_795' title='bbox 3117 5471 3214 5524; x_wconf 79' lang='grc' dir='ltr'><strong>Διὰ</strong></span> <span class='ocrx_word' id='word_1_796' title='bbox 3261 5471 3420 5524; x_wconf 86' lang='grc' dir='ltr'>τοῦτο</span> <span class='ocrx_word' id='word_1_797' title='bbox 3471 5470 3657 5538; x_wconf 70' lang='grc' dir='ltr'>ἔλεγεν</span> <span class='ocrx_word' id='word_1_798' title='bbox 3715 5471 3746 5520; x_wconf 86' lang='grc' dir='ltr'>ὁ</span> <span class='ocrx_word' id='word_1_799' title='bbox 3795 5470 4025 5539; x_wconf 75' lang='grc' dir='ltr'>Κύριος,</span> 
     </span>
    </p>
   </div>
   <div class='ocr_carea' id='block_1_110' title="bbox 2433 5560 4021 5633">
    <p class='ocr_par' dir='ltr' id='par_1_110' title="bbox 2433 5560 4021 5633">
     <span class='ocr_line' id='line_1_110' title="bbox 2433 5560 4021 5633; baseline 0 -21"><span class='ocrx_word' id='word_1_800' title='bbox 2433 5560 2547 5612; x_wconf 80' lang='grc' dir='ltr'>Νῦν</span> <span class='ocrx_word' id='word_1_801' title='bbox 2577 5563 2609 5631; x_wconf 84' lang='grc' dir='ltr'><strong>ή</strong></span> <span class='ocrx_word' id='word_1_802' title='bbox 2635 5561 2781 5630; x_wconf 71' lang='grc' dir='ltr'>ψυχή</span> <span class='ocrx_word' id='word_1_803' title='bbox 2809 5580 2910 5629; x_wconf 83' lang='grc' dir='ltr'><strong>μου</strong></span> <span class='ocrx_word' id='word_1_804' title='bbox 2933 5563 3292 5633; x_wconf 82' lang='grc' dir='ltr'>τετάρακται.</span> <span class='ocrx_word' id='word_1_805' title='bbox 3326 5561 3398 5619; x_wconf 69' lang='grc' dir='ltr'><strong>Τὸ</strong></span> <span class='ocrx_word' id='word_1_806' title='bbox 3431 5561 3485 5614; x_wconf 73' lang='grc' dir='ltr'>δὲ</span> <span class='ocrx_word' id='word_1_807' title='bbox 3517 5560 3636 5614; x_wconf 77' lang='grc' dir='ltr'><strong>νῦν</strong></span> <span class='ocrx_word' id='word_1_808' title='bbox 3659 5560 3818 5613; x_wconf 82' lang='grc' dir='ltr'>τοῦτό</span> <span class='ocrx_word' id='word_1_809' title='bbox 3852 5564 4021 5618; x_wconf 77' lang='grc' dir='ltr'>ἐστιν.</span> 
     </span>
    </p>
   </div>
   <div class='ocr_carea' id='block_1_111' title="bbox 2434 5651 4024 5723">
    <p class='ocr_par' dir='ltr' id='par_1_111' title="bbox 2434 5651 4024 5723">
     <span class='ocr_line' id='line_1_111' title="bbox 2434 5651 4024 5723; baseline -0.001 -21"><span class='ocrx_word' id='word_1_810' title='bbox 2434 5652 2520 5702; x_wconf 82' lang='grc' dir='ltr'>ὅτε</span> <span class='ocrx_word' id='word_1_811' title='bbox 2554 5651 2838 5720; x_wconf 66' lang='grc' dir='ltr'>ἠθέλησεν.</span> <span class='ocrx_word' id='word_1_812' title='bbox 2885 5656 3070 5722; x_wconf 78' lang='grc' dir='ltr'>Ὅμως</span> <span class='ocrx_word' id='word_1_813' title='bbox 3107 5654 3288 5723; x_wconf 83' lang='grc' dir='ltr'>μέντοι</span> <span class='ocrx_word' id='word_1_814' title='bbox 3321 5654 3384 5705; x_wconf 78' lang='grc' dir='ltr'><strong>τὸ</strong></span> <span class='ocrx_word' id='word_1_815' title='bbox 3421 5651 3480 5704; x_wconf 75' lang='grc' dir='ltr'><strong>δν</strong></span> <span class='ocrx_word' id='word_1_816' title='bbox 3515 5652 3891 5704; x_wconf 76' lang='grc' dir='ltr'>ἐπιδείκνυται</span> <span class='ocrx_word' id='word_1_817' title='bbox 3919 5665 3935 5679; x_wconf 78' lang='grc'><strong><em>⁸</em></strong></span> <span class='ocrx_word' id='word_1_818' title='bbox 3963 5652 4024 5702; x_wconf 63' lang='grc' dir='ltr'>οὖ</span> 
     </span>
    </p>
   </div>
   <div class='ocr_carea' id='block_1_112' title="bbox 2436 5743 4024 5815">
    <p class='ocr_par' dir='ltr' id='par_1_112' title="bbox 2436 5743 4024 5815">
     <span class='ocr_line' id='line_1_112' title="bbox 2436 5743 4024 5815; baseline -0.002 -17"><span class='ocrx_word' id='word_1_819' title='bbox 2436 5746 2544 5815; x_wconf 67' lang='grc' dir='ltr'><strong>γὰρ</strong></span> <span class='ocrx_word' id='word_1_820' title='bbox 2574 5745 2633 5797; x_wconf 74' lang='grc' dir='ltr'><strong>τὺ</strong></span> <span class='ocrx_word' id='word_1_821' title='bbox 2662 5745 2734 5815; x_wconf 76' lang='grc' dir='ltr'>μὴ</span> <span class='ocrx_word' id='word_1_822' title='bbox 2767 5744 2825 5797; x_wconf 68' lang='grc' dir='ltr'><strong>δν</strong></span> <span class='ocrx_word' id='word_1_823' title='bbox 2850 5747 2926 5809; x_wconf 82' lang='grc' dir='ltr'>ὡς</span> <span class='ocrx_word' id='word_1_824' title='bbox 2955 5746 3124 5814; x_wconf 84' lang='grc' dir='ltr'>παρὸν</span> <span class='ocrx_word' id='word_1_825' title='bbox 3147 5745 3453 5814; x_wconf 76' lang='grc' dir='ltr'>ὠνόμαζεν,</span> <span class='ocrx_word' id='word_1_826' title='bbox 3497 5745 3572 5806; x_wconf 75' lang='grc' dir='ltr'>ὡς</span> <span class='ocrx_word' id='word_1_827' title='bbox 3603 5743 3831 5812; x_wconf 69' lang='grc' dir='ltr'>δοκήσει</span> <span class='ocrx_word' id='word_1_828' title='bbox 3879 5760 4024 5807; x_wconf 52' lang='lat' dir='ltr'><strong>nvo-</strong></span> 
     </span>
    </p>
   </div>
   <div class='ocr_carea' id='block_1_113' title="bbox 2440 5832 4022 5907">
    <p class='ocr_par' dir='ltr' id='par_1_113' title="bbox 2440 5832 4022 5907">
     <span class='ocr_line' id='line_1_113' title="bbox 2440 5832 4022 5907; baseline -0.001 -19"><span class='ocrx_word' id='word_1_829' title='bbox 2440 5837 2615 5906; x_wconf 80' lang='grc' dir='ltr'>μένων</span> <span class='ocrx_word' id='word_1_830' title='bbox 2644 5836 2754 5890; x_wconf 80' lang='grc' dir='ltr'>τῶν</span> <span class='ocrx_word' id='word_1_831' title='bbox 2781 5837 3092 5907; x_wconf 82' lang='grc' dir='ltr'>λεγομένων</span> <span class='ocrx_word' id='word_1_832' title='bbox 3123 5852 3135 5862; x_wconf 87' lang='grc'><strong>·</strong></span> <span class='ocrx_word' id='word_1_833' title='bbox 3161 5836 3330 5904; x_wconf 60' lang='grc' dir='ltr'>φύσει</span> <span class='ocrx_word' id='word_1_834' title='bbox 3378 5837 3486 5904; x_wconf 69' lang='lat'><strong>7:29</strong></span> <span class='ocrx_word' id='word_1_835' title='bbox 3518 5836 3610 5889; x_wconf 65' lang='grc' dir='ltr'>καὶ</span> <span class='ocrx_word' id='word_1_836' title='bbox 3670 5832 3904 5904; x_wconf 62' lang='grc' dir='ltr'>ἀληθείᾳ</span> <span class='ocrx_word' id='word_1_837' title='bbox 3959 5832 4022 5887; x_wconf 68' lang='grc' dir='ltr'>τὰ</span> 
     </span>
    </p>
   </div>
  </div>
