4218 6444
771 396 908 462 1263

2019 394 2316 455 LEONTll
2364 394 2770 456 BYZANTINI

3910 401 4049 466 1264

771 515 1073 574 ignorasse.
1108 509 1251 574 Quin
1286 520 1339 562 et
1375 512 1427 564 in
1467 510 1779 578 Erangeliis
1825 510 2120 577 ipsummet
2163 510 2239 562 ita
2270 509 2349 561 lo-

2460 510 2570 561 Καὶ
2591 508 2756 573 αὐτὸς
2785 508 2839 562 δὲ
2873 509 2930 560 ὲν
2964 512 3077 573 τοῖς
3125 511 3482 579 Εὐάγγελίοις
3517 515 3703 584 φησιν,
3749 516 3836 568 δτι
3858 516 4054 582 Οὐδεὶς

772 606 864 673 qui
898 603 963 665 ⁸⁸⁸,
1017 611 1077 656 ut
1132 603 1407 656 neminem
1450 601 1598 654 dicat
1652 600 1808 654 illum
1854 601 2000 655 diem
2047 611 2104 654 et
2159 601 2350 655 horam

775 712 977 761 nosse;
1023 711 1091 750 ne
1127 695 1324 750 Filium
1379 693 1628 762 quidem,
1667 703 1825 747 extra
1887 693 2066 746 solum
2111 695 2346 748 Patrem.

772 789 838 842 l-lt
870 802 1064 841 rursus
1092 804 1102 837 :
1139 803 1155 833 ι
1181 782 1282 839 Ubi
1317 782 1580 836 Lazarum
1621 780 1977 852 posuistis“?
1999 804 2015 834 ι
2048 782 2173 838 Haec
2202 782 2351 837 enim

773 877 958 932 omnia
992 875 1191 939 verba,
1241 874 1532 942 inquiunt,
1567 873 1968 941 ignorationem
2019 872 2350 942 significant.

776 969 978 1024 \‘erum
1008 967 1104 1021 alii
1139 963 1480 1034 respondent
1534 978 1598 1017 ea
1628 962 1910 1017 Christum
1941 964 2176 1018 consilio
2217 979 2355 1033 quo-

772 1063 898 1114 dam
936 1059 1017 1114 sic
1057 1057 1470 1127 pronuntiasse,
1505 1064 1565 1108 ut
1614 1056 1684 1109 ab
1728 1071 1787 1110 se
1839 1054 2148 1123 discipulos
2197 1071 2355 1111 aver-

774 1162 935 1218 teret,
969 1153 1065 1222 qui
1102 1153 1296 1207 horam
1327 1149 1826 1205 consutmuationis
1855 1149 2092 1204 avebant
2121 1165 2188 1203 ex
2234 1153 2354 1220 ipso

771 1261 1128 1318 wgnoscerc.
1160 1246 1387 1314 Nempe,
1414 1243 1629 1309 dicunt,
1659 1258 1690 1297 ιι
1721 1243 2128 1297 resurrectione
2160 1258 2355 1299 rursus

773 1343 840 1394 ab
869 1340 952 1395 eis
980 1339 1376 1407 interrogatus,
1413 1351 1520 1390 non
1555 1337 1792 1404 amplius
1822 1335 2229 1404 respondebat:
2275 1337 2354 1391 Ne

774 1437 944 1490 Filius
971 1431 1231 1502 quidem;
1275 1430 1393 1495 sed,
1439 1431 1618 1483 .Nemo
1681 1437 1946 1483 vestrum.
1993 1428 2102 1483 Nos
2167 1439 2352 1483 autem

768 1528 1005 1582 dicimus
1031 1540 1141 1578 non
1181 1523 1319 1576 adeo
1348 1521 1417 1574 de
1460 1520 1545 1573 bis
1589 1519 1872 1574 subtiliter
1914 1520 2350 1590 inquirendum:

770 1634 871 1673 nec
918 1617 1161 1688 synodus
1201 1616 1313 1683 ipsa
1346 1613 1620 1666 curiosius
1651 1611 1718 1665 de
1747 1613 1850 1665 hoc
1892 1611 2147 1681 dogmate
2197 1610 2354 1666 solli-

769 1712 876 1764 cita
907 1708 1032 1763 fuit.
1070 1706 1365 1761 Sciendum
1393 1714 1577 1758 tamen
1634 1704 1951 1772 complures
1983 1719 2050 1756 ex
2081 1703 2352 1764 Patribus,

769 1820 833 1858 ac
881 1799 1280 1873 propemodum
1336 1799 1624 1851 universos
1675 1795 1852 1850 videri
1905 1795 2132 1857 dicere,
2196 1794 2346 1864 quod

2459 593 2565 649 οἶδε
2597 598 2696 668 τὴν
2722 599 2956 668 ἡμέραν,
2985 599 3108 652 οὐδὲ
3141 601 3240 670 τὴν
3272 600 3442 671 ὤραν,
3475 603 3595 656 οὐδὲ
3629 607 3657 657 ὁ
3690 605 3835 670 Υἱὸς,
3878 607 3930 658 εί
3979 607 4057 678 μὴ

2459 689 2622 757 μόνος
2645 692 2673 742 ό
2703 691 2912 760 Πατήρ.
2937 692 3047 744 Καὶ
3083 692 3265 759 πάλιν,
3315 711 3332 744 ι
3382 693 3493 747 Ποῦ
3542 695 3824 751 τεθείκατε
3867 700 4056 764 Λάζα-

2460 799 2584 852 ρον;
2623 805 2641 836 ι
2682 783 2869 838 Ταῦτα
2920 784 3030 852 γὰρ
3082 787 3264 840 πάντα
3313 787 3382 840 τά
3439 790 3848 860 προσρήματα,
3891 794 4056 860 φασὶ,

2456 875 2679 942 ἀγνοίας
2701 876 3364 946 είσίν.’Λλλ’άντιλέγουσι
3385 880 3525 952 πρὸς
3544 882 3861 946 αὑτοῦς,ὅτι
3880 885 4057 938 ταῦτα

2457 958 2613 1017 εἶπεν
2635 968 2664 1019 ό
2695 967 2932 1036 Χριστὸς
2961 969 3086 1020 κατ’
3106 969 3449 1039 οἰκονομίαν,
3491 971 3578 1024 ἶνα
3603 973 3896 1045 άποτρέψῃ
3927 977 4056 1039 τοὺς

2461 1059 2709 1129 μαθητὰς
2743 1061 2937 1130 μαθεῖν
2966 1061 3027 1126 ἐξ
3067 1060 3232 1115 αὐτοῦ
3259 1062 3358 1133 τὴν
3384 1061 3533 1133 ὥραν
3561 1066 3660 1133 τῆς
3711 1067 4032 1118 συντελείατ

2460 1150 2718 1219 Ἀμέλει,
2780 1151 2935 1218 φασὶ,
2994 1153 3135 1222 μετὰ
3185 1152 3286 1223 τὴν
3338 1154 3639 1208 ἀνάστασιν
3693 1157 4025 1226 ἑρωτὼμενο

2459 1239 2621 1294 πάλιν
2652 1240 2713 1304 ἐξ
2745 1240 2948 1303 αὐτῶν,
2982 1241 3170 1294 οὐκέτι
3201 1237 3377 1306 εἶπεν,
3409 1243 3493 1296 ὅτι
3534 1243 3670 1297 Οὐδὲ
3702 1246 3734 1298 ό
3765 1246 3914 1312 Υίὺς,
3939 1248 4038 1299 άλλ

2457 1333 2540 1386 ὃτι
2571 1333 2766 1396 Οὐδεὶς
2791 1334 2965 1404 ὑμῶν.
3010 1335 3203 1404 Ἡμεῖς
3230 1335 3287 1388 δὲ
3310 1335 3564 1406 λέγομεν,
3597 1338 3680 1390 ὅτι
3699 1339 3764 1390 ού
3793 1335 3879 1391 δεῖ
3909 1341 4054 1393 πάνυ

2456 1428 2837 1499 ἀκριϐολογεῖν
2877 1429 3007 1498 περὶ
3045 1429 3253 1482 τούτων
3283 1446 3296 1459 °
3334 1431 3630 1502 τοιγαροῦν
3658 1433 3783 1484 οὐδὲ
3833 1436 3868 1502 ἡ
3923 1435 4050 1488 σύν-

2457 1521 2576 1583 οδος
2609 1521 2822 1574 τοιοῦτο
2850 1521 3385 1592 ἐπολυπραγμόνησε
3417 1523 3616 1592 δόγμα.
3663 1525 3810 1592 Πλὴν
3849 1527 4049 1588 ίστέον,

2457 1612 2540 1664 ὅτι
2586 1614 2637 1666 οί
2665 1611 2850 1664 πολλοὶ
2872 1612 2982 1665 τῶν
3011 1613 3294 1683 Πατέρων,
3321 1615 3509 1684 σχεδὸν
3540 1616 3598 1668 δὲ
3647 1617 3876 1682 πάντες,
3928 1619 4054 1684 φαι-

2457 1719 2641 1756 νονται
2672 1701 2926 1769 λέγοντες
2949 1703 3114 1756 αὑτὸν
3157 1705 3393 1771 ἀγνοεῖν.
3439 1707 3502 1760 Ei
3534 1707 3646 1777 γὰρ
3688 1710 3837 1761 κατὰ
3875 1711 4055 1762 πάντα

2457 1792 2677 1862 λέγεται
2707 1795 2837 1864 ἡμῖν
2869 1795 3177 1866 όμοούσιος,
3219 1796 3527 1867 ἀγνοοῦμεν
3575 1799 3634 1852 δὲ
3687 1801 3783 1865 καὶ
3843 1801 4048 1870 ἡμεῖς·

771 1898 1005 1966 ignoret.
1037 1894 1170 1948 Nam
1198 1908 1323 1946 cum
1357 1907 1454 1958 per
1482 1889 1666 1942 omnia
1695 1888 1987 1942 nobiscum
2021 1886 2190 1942 unius
2221 1901 2345 1942 esse

2460 1887 2696 1957 5η).ονότι
2734 1888 2789 1941 δὲ
2831 1889 2924 1941 καὶ
2969 1889 3134 1957 αὐτὸς
3165 1891 3370 1960 ἠγνόει.
3403 1890 3513 1944 Καὶ
3536 1893 3569 1960 ἡ
3600 1891 3790 1962 Γραφὴ
3822 1893 3881 1946 δὲ
3903 1893 4052 1960 λέγει

770 1989 1096 2045 substantia:
1147 1985 1386 2047 dicatur,
1421 1991 1478 2037 et
1523 1997 1625 2037 nos
1674 1982 1993 2051 ignoremus
2027 1999 2041 2034 :
2076 1980 2347 2034 nimirum

2460 1985 2576 2056 περὶ
2605 1983 2792 2049 αὐτοῦ,
2820 1985 2902 2038 ὅτι
2933 2001 2954 2035 ‹
2984 1969 3328 2055 Προέκοπτεν
3371 1985 3558 2058 ἡλικίᾳ
3582 1988 3677 2040 καὶ
3699 1990 3890 2061 σοφίᾳ·
3919 2010 3937 2040 ι
3958 1989 4050 2060 δη-

771 2077 1058 2146 ignorabat
1087 2084 1143 2128 et
1197 2075 1334 2144 ipse.
1376 2073 1519 2139 Quin
1553 2080 1610 2127 et
1655 2071 1770 2142 ipsa
1800 2071 2089 2140 Scriptura
2132 2070 2272 2125 dicit
2302 2071 2349 2103 "

767 2187 894 2222 eum
941 2167 1242 2238 profecisse
1285 2175 1392 2219 tam
1439 2175 1645 2219 statura
1697 2179 1861 2233 quam
1907 2162 2210 2233 sapientia:
2265 2162 2351 2217 di-

767 2273 1014 2315 srrntem
1068 2260 1122 2312 id
1165 2260 1378 2313 scilicet
1419 2257 1565 2326 quod
1608 2255 1914 2326 ignorabat.

841 2356 928 2409 Η.
962 2356 1068 2410 Par
1105 2361 1190 2406 est
1237 2352 1402 2405 etiam
1441 2351 1508 2403 de
1551 2350 1808 2418 Origene,
1851 2349 2030 2420 deque
2079 2348 2354 2419 dogmatis

771 2442 948 2514 ipsius
980 2451 1039 2497 ut
1079 2441 1286 2512 aliquid
1323 2442 1592 2495 dicamus.
1631 2440 1902 2510 Origenes
1945 2456 2101 2512 ergo.
2138 2441 2356 2510 priscus

773 2536 959 2590 homo.
1002 2533 1070 2586 de
1116 2531 1336 2586 illorum
1375 2544 1610 2584 numero
1641 2530 1733 2597 qui
1766 2537 1897 2584 ante
1929 2528 2356 2584 Constantinum

769 2631 1125 2690 exstiterunt,
1157 2635 1212 2680 et
1257 2638 1486 2694 magnus
1522 2622 1833 2676 habebatur
1856 2663 1870 2686 ,
1899 2633 1957 2676 et
2025 2621 2198 2677 sacris
2235 2631 2358 2677 erat

773 2725 827 2777 in
856 2720 1079 2776 Litteris
1101 2717 1354 2772 eruditus
1375 2725 1430 2770 et
1451 2715 1861 2787 grammaticus.
1885 2716 2018 2787 Ejus
2044 2724 2200 2784 pater
2221 2730 2358 2768 mar-

774 2825 860 2882 tyr
897 2811 1076 2866 Factus
1126 2817 1248 2869 est.
1303 2816 1361 2861 et
1409 2806 1642 2874 ipsemet
1690 2820 1912 2876 quoque
1961 2805 2257 2869 deductus,
2301 2813 2360 2859 ut

775 2901 1102 2970 martyrium
1155 2897 1356 2951 obiret.
1415 2896 1612 2950 Verum
1661 2894 1973 2948 sacriﬁcare
2014 2903 2236 2949 coactus
2289 2909 2355 2949 ex

784 2988 1098 3060 lmjustnodi
1164 3002 1329 3042 causa
1385 2985 1508 3040 fuit.
1565 2985 1703 3038 Dum
1758 2982 2083 3054 martyrium
2139 2984 2357 3049 obiret,

775 3083 1070 3153 qmmdam
1103 3080 1170 3134 ad
1199 3094 1328 3134 eum
1363 3077 1745 3148 producebant
1777 3074 2118 3144 Althiopem,
2154 3091 2239 3139 ac,
2273 3076 2360 3130 vel

773 3193 897 3228 eum
914 3173 1174 3242 .lEthiopc
1190 3170 1332 3226 foeda
1356 3169 1747 3229 committeret.
1770 3170 1853 3221 rel
1872 3167 1979 3222 diis
2002 3167 2355 3233 sacriﬁcaret,
2386 3209 2428 3266 ο

775 3269 1067 3338 urgebant.
1101 3265 1366 3335 Origenes
1398 3263 1505 3317 diis
1562 3260 1871 3316 sacrificare
1929 3260 2122 3314 maluit
2156 3279 2168 3313 :
2201 3275 2357 3316 acce-

776 3371 1044 3430 ptumque
1076 3359 1204 3412 thus
1234 3355 1438 3427 abiecit
1459 3355 1516 3408 in
1552 3353 1918 3408 sacriﬁcium:
1951 3352 2044 3407 sed
2079 3354 2200 3423 ejus
2229 3353 2359 3408 facti

779 3467 1110 3523 magnopere
1141 3458 1331 3520 postea
1363 3447 1642 3524 pmqituit,
1672 3445 1837 3513 idque
1873 3445 2229 3499 commissum
2264 3445 2362 3500 de-

785 3543 1042 3613 ploravit.
1079 3539 1382 3610 Opiniones
1427 3535 1666 3589 habebat
1712 3531 2068 3602 hujusmodi:
2117 3529 2359 3585 Gradum

779 3635 1096 3689 inferiorem
1145 3630 1284 3684 Filio
1332 3626 1646 3688 tribuebat,
1697 3622 1844 3677 sicut
1887 3637 2016 3676 eum
2067 3628 2128 3675 et
2167 3619 2360 3675 Ariani

778 3741 965 3800 postea
1000 3725 1339 3782 defendunt.
1371 3721 1622 3777 dicentes
1646 3717 1860 3788 priscos
1885 3717 2010 3770 illos
2035 3715 2227 3770 Patres
2249 3729 2361 3769 non

777 3822 945 3876 fuisse
969 3819 1037 3874 de
1066 3814 1467 3872 subtilitatibus
1492 3810 1780 3865 sollicitos.
1809 3808 1948 3864 Cum
1996 3807 2152 3861 enim
2199 3816 2363 3862 sectae

777 3914 1023 3970 nondum
1048 3909 1426 3969 emersissent,
1445 3903 1753 3975 simplicius
1777 3917 1873 3957 eos
1900 3901 2186 3955 vocabulis
2209 3915 2358 3954 usos:

776 4015 832 4060 at
851 4013 1207 4075 posteaquam
1229 3997 1583 4056 emerserint,
1598 3995 1832 4064 empisse
1845 4008 2121 4063 quemque
2137 3992 2359 4046 Patrum

777 4097 884 4150 sibi
920 4108 1136 4149 cavere.
1173 4090 1284 4144 Nos
1315 4098 1500 4142 autem
1532 4087 1771 4141 dicimus
1806 4100 1933 4139 eum
1970 4100 2102 4144 non,
2133 4092 2194 4137 ut
2223 4083 2359 4137 sim-

783 4189 983 4260 plicius
1029 4183 1313 4239 vocabulis
1360 4197 1542 4241 usum,
1579 4179 1721 4233 Filio
1770 4177 2002 4249 gradum
2039 4176 2360 4260 inferiorem

779 4280 1039 4334 tribuisse
1066 4319 1081 4342 ,
1122 4275 1216 4330 sed
1251 4272 1396 4327 istud
1423 4271 1620 4340 dogma
1653 4284 1843 4339 reapse
1870 4269 2000 4323 totis
2021 4267 2232 4322 viribus
2258 4274 2361 4337 op-

781 4389 1072 4447 pugnasse.
1103 4371 1236 4425 Nam
1270 4374 1420 4437 patet
1454 4382 1581 4420 eum
1628 4364 1682 4418 in
1717 4363 1949 4433 epistola
1992 4361 2229 4432 quadam
2259 4376 2359 4416 sua

779 4468 847 4520 de
925 4465 1028 4518 hoc
1077 4460 1335 4515 alacriter
1383 4465 1632 4520 certare,
1682 4469 1806 4508 cum
1854 4454 1970 4507 ait:
2027 4453 2201 4507 Filius
2264 4458 2361 4506 aut

2417 2076 2622 2166 [lovd‘tt
2657 2079 2835 2131 έκεῖνο
2871 2077 3186 2148 μανθάνων,
3215 2079 3355 2149 ὅπερ
3381 2079 3569 2150 ἡγνόει
3609 2082 3708 2150 (It).

2529 2346 2714 2412 ’Λξιον
2748 2347 2806 2400 δὲ
2859 2348 2956 2402 καὶ
3009 2349 3138 2420 περὶ
3184 2348 3530 2420 Ὠριγένους,
3582 2351 3676 2404 καὶ
3714 2351 3832 2404 τῶν
3880 2349 4050 2406 αὐτοῦ

2454 2438 2744 2508 δογμάτων
2775 2441 2973 2492 εἰπεῖν.
3018 2440 3075 2494 '0
3098 2441 3286 2494 τοίνυν
3342 2441 3624 2514 Ὤριγένης
3678 2444 3908 2514 ἀρχαῖος
3956 2445 4053 2498 ἄν-

2451 2530 2673 2602 θρωπος
2710 2530 2787 2584 ὢν
2828 2531 2938 2585 τῶν
2982 2532 3090 2604 πρὸ
3132 2534 3550 2589 κωνσταντίνου
3576 2536 3914 2606 γενομένων,
3954 2537 4053 2606 μέ-

2456 2641 2561 2693 γας
2592 2641 2654 2678 τε
2685 2620 2776 2697 ἦν,
2812 2627 2908 2679 καὶ
2950 2625 3387 2698 πεπαιδευμένος
3430 2629 3513 2692 είς
3563 2627 3664 2698 τὴν
3706 2629 3872 2697 ἁγίαν
3902 2629 4056 2699 Pp:-

2460 2717 2588 2788 φὴν,
2640 2718 3034 2790 γραμματικός
3067 2735 3129 2772 τε
3169 2712 3258 2788 ἦν.
3298 2720 3502 2774 Τούτου
3528 2722 3559 2773 ό
3587 2721 3774 2791 πατὴρ
3804 2720 4060 2790 ἑμαρτῦο

2463 2826 2619 2879 ρησε,
2647 2810 2742 2863 καὶ
2762 2810 2924 2872 αὐτὸς
2945 2809 3000 2862 δὲ
3033 2810 3174 2880 ἦχθπ
3209 2811 3304 2864 ἐπὶ
3335 2812 3392 2865 τὸ
3426 2814 3801 2883 μαρτυρῆσαι.
3841 2813 4051 2881 ’Κναγ-

2463 2899 2640 2970 utian
2695 2900 2754 2953 δὲ
2808 2899 3065 2952 ὲπιθῦσαι
3103 2900 3210 2953 ἀπὸ
3258 2901 3517 2972 τοιαύτης
3569 2903 3750 2963 αἰτίας
3780 2917 3794 2932 ⁸
3848 2902 3941 2954 Ἐν
3974 2901 4058 2970 τῷ

2463 2992 2627 3044 αὐτὸν
2678 2994 3001 3062 μαρτυρεῖν,
3037 2992 3364 3061 παρήγαγον
3412 2991 3564 3061 αὐτῷ
3621 2992 3855 3046 Αἰθίοπά
3900 3009 4061 3050 τινα,

2464 3082 2558 3136 καὶ
2583 3083 2896 3151 ἠνάγκαζον
2924 3083 2956 3152 ἦ
2987 3083 3126 3152 μετὰ
3156 3083 3250 3134 τοῦ
3286 3083 3547 3146 Αίθίοπος
3573 3085 3985 3154 ἀσχημονῆσαι,
4017 3084 4052 3153 ἧ

2463 3178 2575 3238 τοῖς
2595 3174 2740 3237 θεοῖς
2787 3173 3067 3228 ἐπιοῦσαι.
3120 3174 3179 3227 ’0
3227 3175 3287 3227 δὲ
3343 3175 3546 3245 μᾶλλον
3576 3176 3753 3228 εἵλετο
3788 3175 4054 3230 ὲπιθῦσαι

2461 3270 2577 3328 τοῖς
2616 3267 2782 3331 θεοῖς,
2811 3267 2906 3319 καὶ
2947 3266 3153 3328 λαὸὼν,
3188 3267 3378 3338 ἔρριψε
3415 3269 3481 3338 τῇ
3519 3265 3704 3338 θυσίᾳ⁹
3735 3265 3964 3336 ὕστερον
3997 3269 4073 3321 δι’

2465 3359 2718 3429 μεγάλως
2748 3359 3042 3430 μετενόησε
3083 3358 3179 3412 καὶ
3225 3359 3531 3429 ὲθρήνησεν
3561 3360 3656 3412 ἐπὶ
3691 3359 3870 3413 τοῦτο.
3907 3361 4054 3428 Περὶ

2461 3452 2518 3506 δὲ
2574 3452 2642 3506 τά
2690 3451 2942 3520 δόγματα
2995 3449 3235 3514 τοιοῦτος
3277 3446 3350 3522 ἦν
3376 3467 3389 3480 ·
3441 3450 3738 3505 ’Υπόόασιν
3766 3451 3918 3519 ἔλεγε
3959 3451 4058 3504 τοῦ

2463 3543 2616 3606 Υίοῦ,
2647 3542 2840 3611 ὥσπερ
2875 3542 3013 3611 μετά
3044 3540 3221 3594 ταῦτα
3261 3543 3313 3594 οἱ
3352 3543 3624 3612 ’Δρειανοὶ
3651 3541 4059 3604 ἀπολογοῦνται

2464 3637 2606 3707 ὑπὲρ
2636 3634 2805 3688 αὐτοῦ
2834 3634 3219 3702 λέγοντες,ὃτι
3267 3635 3316 3688 οἱ
3368 3635 3588 3704 ἀρχαῖοι
3635 3634 3746 3688 τῶν
3786 3635 4060 3704 Πατέρων

2459 3726 2563 3779 οὐκ
2591 3724 2913 3796 ἐφρόντιζον
2945 3723 3354 3794 ἀκριϐολογίας.
3392 3725 3577 3794 Μήπω
3618 3725 3729 3794 γὰρ
3754 3727 4062 3794 ἀναφανει-

2465 3818 2574 3872 σῶν
2627 3819 2731 3870 τῶν
2793 3819 3081 3888 αἱρέσεων,
3137 3816 3512 3889 ἁπλούστερον
3564 3803 3864 3885 ἐκέχρηντο
3926 3821 4061 3878 ταῖς

2463 3911 2696 3976 λέξεσιν.
2729 3911 2859 3962 Ὅτε
2907 3910 2967 3963 δὲ
2999 3911 3352 3977 ἀνεφάνησαν
3373 3949 3388 3971 ,
3430 3908 3553 3962 τότε
3585 3908 3788 3979 ἤρξατο
3812 3909 4061 3971 luta-to;

2461 3991 2585 4056 τῶν
2622 4003 2884 4074 Πατέρων
2939 4001 3130 4055 ἑαυτὸν
3163 3999 3587 4070 άσφμλίζεσθαι.
3635 3999 3826 4069 Ἡμεῖς
3857 3999 3914 4052 δὲ
3968 4001 4061 4053 λέ-

2462 4113 2652 4166 γομεν,
2679 4097 2762 4149 δτι
2791 4096 2891 4164 οὐχ
2919 4095 2995 4158 ὡς
3031 4093 3403 4164 ἁπλούστερον
3445 4093 3788 4164 κεχρημένος
3819 4096 3939 4155 ταῖς
3971 4093 4063 4145 λέ-

2464 4189 2612 4265 ξισιν
2641 4187 2912 4240 ὑπόϐασιν
2941 4185 3369 4250 ὲδόξαζεν,άλλὰ
3403 4183 3483 4254 τῷ
3512 4185 3627 4238 ὄντι
3657 4185 3893 4254 ίσχυρῶς
3926 4189 4062 4238 άντ-

2462 4281 2804 4351 ελαμδάνετο
2852 4279 3046 4332 τούτου
3077 4276 3174 4332 τοῦ
3214 4278 3505 4347 δόγματος.
3559 4278 3815 4331 Φαίνεται
3851 4277 3969 4347 γὰρ
4001 4281 4062 4332 ὲν

2463 4374 2722 4444 ἐπιστολῇ
2747 4373 2915 4427 αὑτοῦ
2947 4373 3077 4443 περὶ
3102 4373 3298 4426 τούτου
3327 4372 3735 4442 ἀγωνιζόμενος
3755 4374 4054 4440 γενναίως,

2462 4466 2558 4520 καὶ
2590 4465 2788 4532 λέγων,
2816 4465 2899 4519 ὅτι
2937 4465 2996 4518 '0
3031 4464 3159 4528 Υἱὸς
3188 4464 3221 4534 ἢ
3251 4463 3452 4534 μείζων
3469 4455 3590 4517 ειττῖ
3631 4463 3725 4516 τοῦ
3758 4464 3997 4530 Πατρὸς,
4024 4467 4056 4534 η

781 4563 938 4614 Patre
981 4557 1151 4626 major
1195 4561 1300 4618 est,
1336 4559 1434 4605 aut
1475 4549 1678 4612 minor,
1711 4554 1808 4600 aut
1845 4544 2093 4613 aequalis.
2138 4542 2194 4598 Si
2229 4557 2360 4612 pro-

2469 4557 2785 4628 ὲλάττων.ἢ
2812 4557 2948 4620 ῐσος.
2970 4557 3031 4610 Εί
3057 4551 3152 4610 οὖν
3179 4556 3362 4620 δείξω,
3382 4556 3606 4610 suam
3642 4554 3845 4625 μείζων
3875 4557 4057 4620 ἐστὶν,

780 4654 1004 4711 baxero,
1033 4665 1133 4703 nec
1163 4647 1426 4716 majorem
1454 4655 1598 4706 esse,
1620 4655 1722 4694 nec
1752 4653 1939 4709 parem
1963 4678 1978 4703 ,
2006 4636 2218 4706 patebit
2240 4650 2362 4690 esse

782 4745 1077 4797 minorem.
1111 4737 1372 4806 Quamvis
1404 4733 1573 4804 igitur
1608 4730 1924 4785 inferiorem
1958 4727 2096 4782 Filio
2129 4727 2361 4798 gradum

782 4835 973 4898 tradit,
1008 4843 1195 4888 tamen
1229 4843 1358 4884 eum
1394 4838 1635 4896 purgare
1665 4822 1939 4876 nituntur.
1969 4819 2038 4872 At
2070 4833 2200 4872 vero
2245 4832 2361 4870 ma-

781 4930 978 4991 nifeste
1036 4927 1179 4981 banc
1231 4920 1550 4992 opinionem
1601 4914 1787 4978 fovet,
1835 4920 1891 4965 et
1951 4909 2362 4964 excusationem

782 5025 988 5078 nullam
1032 5019 1219 5073 habet.

855 5117 914 5170 γ.
943 5114 1195 5169 Alterum
1229 5119 1314 5163 est
1343 5109 1411 5162 de
1442 5100 1897 5176 praexsistcntia,
1931 5101 2109 5168 deque
2142 5100 2360 5154 restitu-

781 5211 926 5263 limw
954 5208 1006 5261 in
1041 5207 1338 5272 integrum.
1367 5200 1441 5253 De
1469 5193 1902 5268 praexsisteutia
1935 5192 2207 5255 tradebat,
2230 5202 2357 5254 ante

781 5303 976 5358 saecula
1004 5307 1214 5354 mentes
1244 5295 1436 5356 fuisse,
1458 5308 1533 5347 .ac
1556 5304 1723 5360 puras
1748 5287 1973 5357 quidem
2003 5301 2216 5348 omnes,
2240 5295 2354 5339 tum

853 5481 896 5510 "
926 5479 1091 5533 Marc.
1118 5493 1230 5539 χιιι,
1258 5477 1345 5530 32.
1425 5477 1469 5507 ³⁸
1492 5475 1652 5530 Joan.
1683 5474 1862 5536 v.55.
1943 5472 1986 5501 ³⁸
2016 5471 2149 5525 Luc.
2183 5485 2238 5526 ll.
2271 5470 2357 5523 52.

856 5638 932 5703 (Ir)
971 5635 1194 5688 Ἐκεῖνο
1218 5633 1567 5703 μανθάνων,
1597 5631 1986 5703 ὅπερήγνόει.
2011 5629 2195 5703 Mirari
2232 5627 2367 5682 sub-

781 5709 825 5762 it
848 5701 870 5771 ,‘
897 5707 1191 5760 Leontium
1218 5700 1226 5703 ”
1255 5705 1519 5773 Agnoetis
1550 5703 1890 5755 t-imcessisse
1913 5700 2222 5773 Christum.
2259 5713 2364 5766 qua

780 5769 952 5834 homo
985 5786 1128 5840 erat,
1171 5769 1342 5829 multa
1375 5775 1700 5833 nescivisse,
1733 5787 1858 5839 qua
1907 5769 2250 5840 proliciendo
2274 5785 2364 5820 sa-

782 5849 990 5922 pientia
1021 5856 1076 5902 et
1101 5838 1260 5902 atate
1296 5846 1573 5900 didicerit.
1599 5844 1728 5899 Vide
1755 5838 2100 5913 Leqnienum
2135 5840 2200 5893 ad
2221 5838 2360 5908 Dpp.

2460 4650 2583 4704 οὐδὲ
2631 4651 2770 4712 ἴσος,
2816 4647 2979 4719 δῆλον
3030 4648 3114 4700 ὅτι
3151 4647 3391 4700 ἐλάττων
3427 4647 3595 4698 ἐστίν.
3640 4645 3705 4699 El
3749 4645 3845 4696 καὶ
3889 4644 4058 4709 δοξά-

2461 4736 2544 4800 ζει
2569 4735 2860 4798 ὑπόϐασιν,
2897 4735 3011 4788 ἀλλ’
3060 4730 3156 4789 οὖν
3212 4733 3544 4788 σπεύδουσιν
3595 4735 4057 4803 ἀπολογήσασθαι

2461 4827 2603 4898 ὑπὲρ
2633 4825 2826 4882 αὑτοῦ.
2859 4827 2918 4880 '0
2942 4826 3004 4880 δὲ
3029 4825 3284 4895 φανερῶς
3312 4824 3528 4890 δοξάζει
3547 4864 3565 4890 ,
3598 4826 3691 4878 καὶ
3750 4826 4060 4892 ἀπολογίαν

2459 4923 2559 4974 οὒκ
2583 4920 2722 4990 ἔχει.

2540 5102 2614 5154 Τὸ
2639 5102 2717 5163 δὲ,
2755 5101 3012 5172 περὶτῆς
3044 5099 3442 5171 προῦπάρξεώς
3469 5105 3606 5161 ἐστι,
3638 5097 3734 5149 καὶ
3763 5097 4054 5149 amna-.3-

2471 5194 2737 5257 στάσεως.
2770 5195 2880 5247 Καὶ
2914 5193 3056 5258 τέως
3091 5194 3150 5262 (i)
3183 5193 3314 5264 περὶ
3363 5191 3465 5261 τῆς
3510 5188 3913 5260 πρε-ῦπάρξεως
3943 5189 4051 5241 ἐδό-

2466 5286 2631 5352 ξαζεν
2657 5287 2853 5352 οὕτως,
2877 5289 2960 5341 ὅτι
2984 5287 3092 5359 πρὸ
3123 5285 3234 5340 τῶν
3259 5285 3476 5340 αίὼνων
3525 5284 3648 5345 νόες
3671 5277 3811 5352 ἦσαν
3855 5282 4059 5343 πάντες

2467 5626 2794 5681 Damasceni
2849 5637 2982 5680 tom.
3006 5623 3047 5686 Ι,
3095 5637 3217 5692 pag.
3243 5619 3372 5678 2523,
3407 5626 3522 5670 not.
3558 5616 3626 5678 3;
3675 5626 3731 5669 et
3766 5631 3894 5688 pag.
3927 5616 4054 5676 916,

2468 5707 2586 5830 Mitt:
2608 5697 2770 5831 illi“!
2805 5765 2972 5828 τέως.
3005 5781 3058 5816 κ.
3081 5780 3130 5816 τ.
3169 5761 3220 5814 λ.
3250 5759 3410 5816 Hune
3433 5763 3615 5815 locum
3647 5757 3892 5831 illustrat
3914 5756 4060 5809 Hae-

2465 5826 2572 5890 tius
2593 5826 2905 5906 Origenian.
2931 5826 3030 5889 lib.
3065 5850 3120 5899 tt,
3155 5841 3350 5902 quaest.
3385 5832 3438 5896 5,
3472 5832 3569 5904 εἰ,
3593 5847 3648 5908 p.
3686 5826 3774 5891 68..
