4218 6444
228 454 368 519 1269

1282 452 1581 512 CONTRA
1623 451 1941 511 NESTOR.
1986 452 2080 510 ET
2120 450 2441 510 EUTYL‘H.

3347 443 3488 505 1270

216 571 398 635 σοφῶν
432 565 610 635 πάντη
648 564 875 626 ἑαυτοὺς
908 563 1168 626 παλαιοὺς
1195 561 1303 616 τῶν
1331 564 1503 630 ἁγίων
1534 564 1795 633 Πατέρων

1930 563 2064 634 iqui
2118 578 2269 617 nunc
2306 568 2437 616 sunt
2482 559 2785 628 sapientes.
2825 575 2883 614 se
2932 562 3156 630 penitus
3185 559 3483 632 ignorent:

216 664 416 721 πόνους
464 655 868 727 ἀγνωμοσύνη,
909 655 1077 708 πολὺν
1110 654 1268 707 ὄκνον
1295 656 1529 707 ἐνεποίει
1570 658 1637 724 τῇ
1687 656 1799 707 an,

215 754 339 824 νοίᾳ
368 768 470 821 μου
501 748 638 818 πρὸς
684 749 745 801 τδ
797 747 1169 817 πειθαρχῆσαι
1217 746 1296 814 τῷ
1324 746 1666 816 ἐπιτάγματι
1700 748 1802 816 τῆς

217 843 465 911 ἀγάπης.
492 838 598 904 Οὓς
644 840 753 908 γάρ
808 839 883 909 μὴ
930 838 1192 891 πέπεικεν
1229 840 1298 891 τά
1344 840 1481 909 μετά
1532 839 1804 908 τοσαύτης

216 937 444 1007 χάριτος
473 936 568 989 καὶ
600 933 791 1001 σοφίας
825 931 983 992 Θεοῦ,
1034 932 1115 984 ἐτι
1142 931 1199 984 δὲ
1243 933 1339 985 καὶ
1384 932 1483 998 τῆς
1528 931 1670 986 κατὰ
1708 932 1806 1001 τὴν

218 1030 327 1095 ἐξω
364 1027 690 1097 φιλοσοφίαν
721 1026 1048 1096 ἁκρότητος,
1092 1026 1188 1078 καὶ
1223 1025 1323 1095 τῆς
1358 1024 1524 1095 ἄλλης
1559 1024 1809 1086 παιδείας

217 1120 513 1173 ἐκτεθέντα
547 1118 926 1188 συντάγματα,
960 1118 1076 1180 πῶς
1113 1117 1178 1171 ἂν
1204 1119 1234 1171 ὁ
1275 1117 1483 1188 βραχὺς
1505 1111 1684 1183 οὗτος,
1716 1119 1811 1171 καὶ

216 1211 329 1264 ἀπὸ
363 1212 565 1281 μικράς
626 1207 1037 1279 προφερόμενος
1095 1208 1335 1272 διανοίας
1412 1210 1508 1262 καὶ
1563 1207 1809 1285 γλώττης

219 1302 471 1355 πείσειεν
499 1300 657 1370 λόγος
678 1318 694 1368 ;

293 1485 488 1554 Ὅμως
516 1484 599 1556 (οὗ
632 1485 741 1553 γὰρ
769 1487 884 1548 τοῖς
918 1487 1353 1555 κεκρατημένοις
1390 1489 1683 1556 ἐγχειρεῖν,
1714 1485 1813 1554 τῆς

214 1576 274 1630 δὲ
299 1575 413 1629 τῶν
442 1577 804 1644 ὑγιαινόντων
834 1578 1142 1645 ἀσφαλείας
1183 1577 1516 1646 ποιήσασθαι
1556 1578 1816 1647 πρόνιιαν

216 1667 607 1738 ἐπιτετάχασι)
644 1669 977 1739 πειθαρχεῖν
1005 1669 1060 1721 δέ
1090 1669 1252 1738 φιλίῳ
1284 1670 1687 1740 προστάγματι,
1722 1668 1819 1721 νῦν

214 1761 269 1810 εἰ
302 1762 399 1810 καὶ
428 1759 503 1828 μὴ
530 1759 800 1831 πρότερον
835 1759 1104 1829 ἔγνωμεν.
1137 1761 1248 1813 Καὶ
1278 1763 1426 1829 τρεῖς
1453 1763 1579 1824 τοὺς
1613 1762 1821 1823 πάντας

214 1850 411 1919 λόγους
434 1853 831 1924 συνετάξαμενο
859 1847 935 1906 ὧν
979 1855 1007 1906 ὁ
1037 1856 1135 1924 μὲν
1162 1855 1398 1923 πρῶτος,
1420 1856 1518 1923 τῆς
1539 1855 1819 1908 ἀντιοέτου

222 1945 322 1997 καὶ
354 1944 714 2013 ψευδωνύμου
768 1944 1027 2012 γνώσεως
1070 1946 1369 2009 Νεστορίου
1415 1963 1473 1999 τε
1512 1949 1608 2000 καὶ
1647 1948 1821 1999 Εὑτυ-
1856 1934 1891 1983 Ιί

214 2037 353 2105 χοῦς
388 2037 446 2088 ἐν
474 2036 657 2107 ταύτῴ
689 2038 790 2102 τάς
824 2038 1215 2109 ἀνουποφοράς
1242 2043 1336 2093 καὶ
1364 2040 1463 2101 τὰς
1499 2040 1820 2111 ὑπαπαντή-

217 2141 338 2188 σεις
371 2126 769 2195 κεφαλαιωδῶς
807 2132 1080 2200 περιέχει,
1119 2131 1303 2198 σχεδόν
1331 2149 1385 2185 τι
1418 2134 1474 2184 ἐν
1499 2132 1704 2201 ὀλίγοις
1724 2134 1822 2195 τὰς

217 2217 409 2282 πάσας
457 2221 640 2275 αὐτῶν
687 2223 1018 2292 περικλείων
1062 2226 1465 2297 ἐπαπορῆσειςο
1507 2226 1602 2278 ἐπί
1647 2242 1821 2294 κεφα·

216 2311 394 2365 λαίων
445 2312 503 2366 δέ
536 2313 630 2367 τὸν
660 2314 826 2367 αὑτὸν
860 2316 1213 2387 πεποιήμεθα
1258 2318 1437 2385 λόγον,
1466 2317 1702 2371 ἑκάστου
1731 2319 1825 2387 δη-

216 2402 358 2473 λαδὴ
381 2405 709 2473 κεφαλαίου,
744 2407 816 2459 τά
848 2406 937 2460 ὑπ’
969 2406 1105 2460 αὐτὸ
1139 2408 1513 2477 ἀναφέρεσθαι
1542 2410 1818 2479 δυνάμενα

219 2493 595 2564 περιέχοντος.
638 2495 703 2550 Ἦ
735 2497 791 2550 δὲ
822 2498 1107 2569 ἐπιγραφὴ
1162 2498 1300 2567 πρὸς
1327 2498 1418 2553 τὸν
1450 2500 1814 2569 ὑποκείμενον

217 2586 431 2639 σκοπὸν
461 2588 692 2658 καιρίως
718 2589 984 2651 τέθειται,
1017 2590 1119 2658 τῆς
1152 2592 1291 2644 κατὰ
1320 2591 1418 2662 τὴν
1447 2590 1683 2662 Θεότητα
1717 2591 1813 2645 τοῦ

218 2676 467 2746 Χριστοῦ
496 2680 589 2732 καὶ
616 2679 1014 2750 ἀνθρωπότητα
1040 2680 1288 2742 ἐναντίας
1316 2681 1595 2750 δοκήσεως
1616 2682 1817 2736 Νεστο-

222 2767 345 2838 ρίου
373 2785 434 2820 τε
465 2770 560 2822 καὶ
587 2770 885 2841 Εὖτυχοῦς,
914 2770 1135 2842 ἐλεγχος
1168 2774 1262 2825 καὶ
1291 2774 1594 2844 ἀνατροπὴ·
1629 2773 1815 2845 ἐπειδὴ

1905 658 2139 710 alterum
2160 670 2310 719 vero,
2325 654 2470 724 quod
2487 654 2718 707 istorum
2732 651 2942 721 ingrata
2956 653 3220 708 memoria
3237 662 3485 708 veterum

1905 748 2157 802 laborum
2185 762 2325 816 quos
2356 746 2529 800 sancti
2560 745 2750 800 Patres
2792 754 3159 814 susceperunt
3184 787 3200 810 ,
3256 748 3487 801 multam

1909 839 2187 908 pigritiam
2213 838 2399 892 animo
2440 853 2563 890 meo
2606 838 2672 891 ad
2708 836 3082 892 obediendum
3107 839 3278 907 jussis
3304 839 3489 893 chari-

1910 932 2041 988 tatis
2094 931 2380 987 afferebat.
2417 930 2632 995 Quibus
2658 932 2806 985 enim
2858 946 2969 984 non
3019 940 3316 986 suaserunt
3364 933 3488 986 libri

1913 1031 2065 1079 tanta
2095 1024 2190 1079 Dei
2227 1024 2401 1093 gratia
2424 1033 2481 1077 et
2513 1022 2805 1091 sapientia,
2833 1039 2896 1078 ac
2922 1039 3142 1081 summo
3168 1025 3336 1078 etiam
3367 1024 3497 1095 phi-

1912 1115 2181 1184 losophiae
2225 1123 2282 1168 et
2326 1115 2559 1169 aliarum
2596 1115 3020 1184 disciplinarum
3075 1118 3264 1172 studio
3295 1119 3490 1187 scripti

1912 1218 1970 1263 et
2006 1208 2167 1274 editi,
2206 1208 2487 1278 quomodo
2518 1208 2608 1261 hic
2638 1223 2794 1262 meus
2815 1208 2978 1264 exilis
3001 1226 3189 1264 sermo
3219 1227 3287 1267 ex
3316 1211 3498 1266 tenui-

1914 1310 2026 1356 tate
2061 1310 2176 1355 tum
2209 1301 2445 1365 mentis,
2498 1309 2613 1353 tum
2669 1301 2870 1371 lingua
2922 1302 3206 1372 profectus
3261 1304 3497 1360 suadere

1915 1391 2158 1460 poterit?

1985 1484 2164 1539 Jussis
2217 1494 2400 1537 tamen
2439 1484 2724 1539 b‘enevolis
2749 1524 2765 1549 ,
2800 1487 2905 1540 etsi
2939 1501 3048 1541 non
3103 1487 3265 1556 prius
3291 1527 3304 1546 .
3351 1504 3500 1543 nunc

1920 1577 2141 1630 tandem
2170 1590 2365 1646 parere
2393 1575 2781 1642 decrevimus;
2805 1591 2916 1631 non
2936 1578 3084 1631 enim
3112 1580 3401 1650 jusserunt
3442 1590 3503 1634 ut

1920 1685 2112 1724 eorum
2141 1671 2235 1738 qui
2267 1669 2481 1725 robusti
2516 1679 2646 1724 sunt
2674 1678 2731 1725 et
2753 1681 2906 1725 recte
2930 1671 3133 1733 valent,
3173 1686 3363 1725 curam
3400 1672 3499 1727 ha-

1926 1761 2204 1815 beremus.
2243 1761 2377 1814 Tres
2413 1761 2598 1829 itaque
2633 1762 2809 1816 libros
2840 1762 3168 1832 scripsimus
3196 1801 3208 1821 .
3262 1777 3500 1833 quorum

1925 1854 2139 1922 primus
2169 1854 2459 1908 contraria:
2482 1853 2675 1908 etfalsi
2694 1854 2935 1907 nominis
2962 1855 3231 1919 scientim,
3269 1855 3507 1911 Nestorii

1924 1957 1979 1999 ct
1998 1945 2264 2031 Eutycius
2293 1947 2510 2015 objecta
2541 1953 2596 1998 et
2625 1946 2879 2014 opposita
2901 1946 3217 2000 summatim
3236 1946 3506 2010 continet,

1927 2036 2117 2106 paucis
2148 2052 2343 2090 omnes
2382 2036 2498 2091 fere
2526 2052 2719 2091 eorum
2766 2035 3103 2105 quwstiones
3144 2037 3512 2107 comprehen-

1921 2132 2078 2185 dens.
2119 2131 2520 2199 Distinguimns
2571 2138 2756 2184 autem
2793 2129 3000 2183 librum
3024 2128 3080 2183 in
3104 2129 3306 2199 capita,
3344 2127 3419 2183 ita
3448 2136 3512 2183 ut

1924 2222 2359 2293 unumquodque
2390 2230 2557 2291 caput
2581 2237 2644 2276 ea
2699 2221 3013 2276 contineret
3058 2237 3181 2291 qua:
3223 2221 3292 2276 ad
3328 2221 3508 2292 ipsum

1926 2315 2122 2369 referri
2150 2322 2426 2384 poterant.
2462 2313 2759 2383 Inscriptio
2787 2323 2972 2368 autem
3007 2313 3175 2384 hujus
3231 2314 3363 2368 libri
3414 2328 3510 2369 ac-

1928 2408 2274 2463 commodata
2299 2405 2367 2461 ad
2405 2404 2746 2475 propositam
2779 2421 2896 2459 rem
2927 2405 3232 2477 subiectam
3260 2405 3511 2462 adhibita

1922 2510 2029 2565 est,
2065 2498 2359 2553 contraria:
2381 2497 2528 2553 inter
2553 2512 2613 2552 se
2638 2496 2878 2552 ﬁctionis
2905 2497 3146 2553 Nestorii
3170 2505 3228 2553 et
3246 2495 3514 2569 Eutycbis

1922 2590 2068 2645 circa
2084 2588 2428 2643 divinitatem
2446 2603 2510 2642 ac
2535 2586 2935 2641 humanitatem
2961 2585 3167 2643 Christi
3181 2585 3511 2652 confutatio,

1924 2683 2051 2751 quia
2088 2680 2228 2736 alter
2273 2680 2644 2743 divinitatem,
2665 2678 2806 2733 alter
2825 2678 3226 2735 humanitatem
3248 2677 3515 2749 speciosis

1924 2775 2245 2828 nominibus
2261 2773 2369 2836 usi,
2388 2780 2450 2825 ut
2473 2773 2696 2842 utrique
2713 2770 2895 2827 visum
2923 2779 3030 2836 est,
3056 2770 3239 2827 ﬁctam
3261 2769 3512 2826 tradunt.

220 2860 250 2911 ὁ
277 2858 381 2927 μὲν
409 2861 510 2929 τὴν
540 2860 772 2932 θεότητα
813 2862 1055 2934 δοκήσει,
1087 2867 1114 2918 ὁ
1140 2865 1196 2917 δέ
1244 2865 1343 2935 τὴν
1383 2866 1804 2936 ἀνθρωπότητα,
1848 2870 1989 2920 κατὰ
2015 2867 2075 2917 τὸ
2104 2867 2284 2927 αὐτοῖς
2310 2848 2525 2929 δοκούν,
2558 2866 2674 2936 μετ’
2706 2862 3002 2934 εὐπρεπῶν
3058 2862 3172 2917 τῶν
3232 2864 3516 2934 ὀνομάτων

221 2954 664 3022 δογματίζουσιν.

314 3044 373 3095 '0
403 3042 460 3095 δέ
488 3043 743 3115 δεύτερος
776 3045 913 3115 πρὸς
932 3047 1061 3109 τοὺς
1085 3048 1150 3100 ἐκ
1180 3045 1291 3100 τῶν
1320 3049 1605 3118 ἡμετέρων
1644 3067 1819 3120 προσ-

227 3137 497 3208 θεμένους
521 3141 591 3208 τῇ
626 3139 1060 3213 κατεφθαρμένῃ
1093 3138 1273 3209 ἐννοίᾳ
1311 3139 1420 3193 τῶν
1463 3140 1825 3210 Ἀφοαρτοδο-

228 3232 419 3305 κητῶν
435 3234 1044 3298 ἀποτείνεται’τούτους
1072 3236 1179 3306 γὰρ
1207 3237 1301 3290 καὶ
1332 3236 1569 3306 μάλιστα
1600 3238 1825 3302 δικαίως

1999 3044 2288 3100 Secundus
2324 3044 2466 3099 Iiber
2488 3051 2576 3098 est
2622 3043 2676 3098 in
2707 3057 2805 3099 eos
2861 3042 2956 3112 qui
2991 3057 3059 3099 ex
3089 3044 3294 3100 nostris
3326 3059 3518 3103 acces-

1931 3142 2123 3191 serunt
2149 3134 2219 3188 ad
2246 3141 2562 3202 corruptam
2594 3132 2929 3187 sententiam
2951 3148 3146 3204 eorum
3192 3134 3290 3203 qui
3314 3149 3518 3207 corpus

1930 3230 2139 3284 Christi
2180 3228 2605 3298 incorruptibile
2646 3234 2776 3281 ante
2822 3227 3284 3295 resurrectionem
3337 3228 3520 3284 trade—

228 3326 299 3381 ἄν
327 3343 416 3388 τις
449 3325 744 3393 ἐλέγξειεν,
795 3327 1062 3397 διαφοράν
1111 3329 1517 3397 ἐπισταμένους
1558 3329 1652 3383 καὶ
1700 3330 1826 3383 ίδιό-

1930 3322 2087 3385 bant,
2109 3322 2205 3391 qui
2232 3337 2299 3375 ex
2318 3337 2385 3375 eo
2412 3319 2593 3375 vocati
2624 3326 2752 3373 sunt
2771 3318 3304 3389 Ἀφθαρτοδοκῆται.
3322 3319 3521 3377 Justis~

229 3433 411 3488 τητας
438 3418 537 3471 καὶ
567 3418 851 3488 ἐνεργείας
883 3418 979 3471 τοῦ
1016 3418 1135 3483 ἐνὸς
1170 3420 1265 3472 καὶ
1306 3419 1471 3489 μόνου
1501 3421 1712 3491 Κυρίου
1737 3423 1829 3475 καὶ

229 3508 373 3563 Θεοῦ
405 3510 499 3563 καὶ
541 3509 798 3581 Σωτῆρος
832 3510 993 3579 ἡμῶν
1031 3510 1209 3578 Ἰησοῦ
1249 3511 1512 3581 Χριστοῦ.
1547 3514 1687 3577 Τοὺς
1722 3514 1830 3583 γὰρ

233 3606 379 3676 πρὸς
409 3608 506 3670 τάς
549 3607 745 3675 φύσεις
790 3607 1270 3673 ἁντιστατοῦντας,
1320 3611 1417 3663 καὶ
1464 3611 1526 3679 τὸ
1568 3610 1831 3679 διάφορον

231 3696 420 3751 αὐτῶν
442 3699 817 3769 ἀρνουμένους
862 3699 1002 3770 μετὰ
1043 3701 1144 3770 τὴν
1186 3700 1401 3767 ἕνωσιν,
1451 3676 1830 3772 ἰδιότητάς-τε

234 3790 337 3843 καὶ
378 3791 662 3861 ἐνεργείας
694 3793 795 3856 τὰς
846 3793 906 3846 ἐν
939 3793 1133 3856 αὑταῖς
1177 3794 1436 3862 ἀθέσμους
1476 3796 1828 3865 συγχέοντας,

234 3884 299 3936 οὗ
339 3883 544 3952 μᾶλλον
587 3884 839 3954 γελῶμεν
871 3887 969 3955 τῆς
1000 3887 1381 3950 ἀπαιδευσίας,
1413 3886 1445 3957 ἢ
1490 3890 1833 3957 οἰκτείρομεν

234 3976 340 4043 τῆς
369 3976 648 4041 ἀσεϐείας,
707 3980 835 4049 περὶ
875 3978 970 4031 τοῦ
1021 3979 1228 4046 τρόπου
1278 3980 1672 4049 διαποροῦντας
1721 3981 1832 4033 τῶν

240 4066 382 4138 μηδὲ
430 4069 884 4137 ὁμολογουμένων
931 4071 1137 4135 αὐτοῖς,
1166 4071 1303 4142 μηδέ
1336 4075 1456 4124 κατ’
1487 4072 1669 4134 αὐτοῖς
1700 4073 1832 4126 ὑπο-

239 4159 517 4227 κειμένων
548 4158 790 4226 φύσεων.
836 4157 1165 4213 Ύποθέσθαι
1200 4160 1308 4232 γάρ
1342 4159 1450 4213 ἔδει
1498 4162 1712 4232 πρῶτον
1737 4163 1833 4215 αύ-

240 4252 358 4312 τοῖς
408 4250 508 4320 τὴν
540 4249 703 4318 φύσιν
752 4249 855 4318 τῆς
897 4250 1154 4316 Θεότητος
1185 4251 1279 4304 τοῦ
1309 4252 1571 4323 Χριστοῦ,
1613 4255 1709 4307 καὶ
1737 4257 1836 4323 τὴν

240 4341 413 4411 φύσιν
464 4343 563 4412 τῆς
607 4342 731 4397 κατ’
765 4343 928 4396 αὑτὸν
966 4342 1389 4414 ἀνθρωπότητος
1441 4341 1581 4398 εἷναί
1628 4365 1685 4401 τε
1742 4350 1837 4401 καὶ

243 4434 617 4502 φυλάττεσθαι
677 4436 816 4505 μετά
860 4435 959 4506 τὴν
991 4437 1206 4504 ἕνωσιν,
1239 4441 1334 4493 καὶ
1378 4440 1549 4504 οὕτως
1577 4443 1707 4512 περὶ
1734 4443 1835 4508 τῆς

241 4527 599 4598 προσάλληλα
631 4529 839 4581 τούτων
888 4531 1159 4599 σχέσεως,
1204 4533 1298 4585 καὶ
1350 4533 1446 4586 τοῦ
1491 4534 1699 4604 τρόπου
1737 4536 1837 4605 τῆς

244 4617 538 4686 ὑπάρξεως
571 4620 1075 4692 πολυπραγμονεῖν·
1112 4623 1406 4693 διαλογικῷ
1436 4624 1493 4678 δέ
1524 4630 1838 4697 χαρακτῆρι

244 4711 701 4780 διεσχημάτισται
741 4709 894 4778 οὗτος
924 4718 954 4768 ὁ
984 4715 1163 4784 λόγος,
1193 4717 1370 4782 οὐδὲν,
1407 4716 1483 4779 ὡς
1514 4714 1695 4785 οἶμαι,
1726 4718 1836 4771 τῶν

244 4799 675 4853 λυσιτελούντων
711 4820 771 4855 τε
824 4805 920 4856 καὶ
956 4805 1208 4873 ὁρώντων
1242 4807 1320 4867 είς
1352 4807 1449 4874 τὴν
1482 4806 1576 4859 τοῦ
1611 4824 1839 4876 προκει-

254 4893 422 4962 μένου
455 4893 685 4963 ζήτησιν
725 4897 1067 4951 καταλιπών.
1110 4898 1199 4961 Ὧς
1231 4898 1298 4952 ἂν
1341 4899 1398 4955 δὲ
1439 4900 1514 4970 μὴ
1545 4900 1838 4969 συγχεθείη

252 4983 321 5035 τά
367 4985 657 5052 πρόσωπα,
709 4986 771 5038 τὸ
824 4988 926 5055 μὲν
974 4989 1069 5041 τοῦ
1106 4989 1497 5060 διαποροῦντος
1546 4992 1841 5065 πρόσωπον

254 5076 589 5145 ἐστερίσκῳ,
613 5076 674 5129 τὸ
698 5078 755 5129 δὲ
781 5080 875 5131 τοῦ
904 5080 1003 5141 τὰς
1030 5080 1211 5144 λύσεις
1243 5083 1542 5151 ἐπάγοντος
1569 5083 1645 5153 τῷ
1677 5103 1841 5138 σταυ-

254 5167 456 5237 ροειὸεῐ
484 5172 992 5240 κατεσημηνάμεθα
1040 5172 1216 5241 τύπῳ.
1271 5174 1383 5227 Καὶ
1420 5175 1580 5228 τοῦτο
1638 5177 1694 5230 δὲ
1742 5178 1843 5230 οὐκ

255 5257 470 5325 ἀλόγως
495 5262 884 5330 πεπράχαμεν,
929 5264 1044 5316 ἀλλ’
1086 5266 1275 5335 ἀστέρι
1328 5266 1427 5336 μὲν
1466 5268 1563 5337 τὴν
1592 5269 1844 5345 ἀμυδρὰν

256 5351 357 5403 καὶ
384 5351 703 5416 ἀτράνωτον
725 5355 936 5407 ἐκείνου
976 5358 1176 5430 γνῶσιν
1213 5359 1624 5430 ὑπῃνιξάμεθα·
1671 5362 1763 5414 τὸν
1788 5362 1845 5415 δὲ

254 5441 360 5509 τῆς
386 5441 648 5511 ἀληθείας
686 5441 1053 5515 ὑπασπιστὴῖ),
1088 5447 1165 5516 τῷ
1198 5451 1446 5519 τροπαίῳ
1483 5450 1575 5502 τοῦ
1609 5452 1844 5521 σταυροῦ

258 5530 712 5603 καθωπλίσαμεν.
751 5537 1191 5608 Ἑπιγέγραπται
1209 5536 1301 5593 οὖν
1324 5542 1421 5595 καὶ
1436 5536 1587 5605 οὗτος
1608 5545 1635 5594 ὁ
1664 5544 1842 5610 λόγος,

257 5622 414 5693 Πρὸς
458 5625 598 5691 τοὺς
627 5626 697 5692 ἐξ
734 5628 905 5695 ἡμῶν
933 5631 1381 5698 προσθεμένους
1410 5632 1481 5700 τῇ
1523 5645 1845 5703 κατεφθαρ-

253 5712 417 5787 μένῃ
456 5713 656 5785 γνώμῃ
686 5717 806 5770 τῶν
843 5719 1411 5788 Ἀφθαρτοδοκητῶν
1435 5720 1736 5790 διάλογος.

1932 3411 2069 3465 sime
2108 3418 2292 3463 autem
2333 3417 2464 3463 sunt
2497 3408 2552 3461 hi
2588 3406 2926 3471 accusandi,
2974 3406 3070 3476 qui
3102 3408 3272 3463 unius
3299 3409 3518 3464 Domini

1930 3512 1988 3556 et
2012 3503 2103 3556 Dei
2126 3518 2190 3556 ac
2208 3501 2508 3556 Salvatoris
2537 3499 2718 3555 nostri
2737 3499 2868 3556 Jesu
2885 3497 3091 3555 Christi
3121 3498 3518 3577 dili'erentiam,

1931 3601 1987 3647 et
2035 3592 2435 3661 proprietates,
2480 3601 2538 3645 et
2576 3590 2931 3660 operationes
2959 3591 3163 3646 sciunt.
3215 3591 3326 3647 Eos
3368 3594 3519 3648 enim

1933 3684 2027 3754 qui
2060 3684 2276 3738 naturis
2304 3685 2694 3746 adversantur,
2725 3692 2783 3737 et
2810 3698 3002 3737 earum
3030 3681 3400 3738 diﬂ‘erentiam
3425 3700 3522 3740 ne-

1935 3785 2067 3845 gant
2111 3783 2232 3845 post
2269 3775 2550 3837 unionem,
2588 3790 2651 3829 ac
2680 3774 3050 3844 proprietates
3087 3784 3144 3830 et
3181 3764 3429 3832 actiones
3463 3774 3549 3832 in

1935 3869 2020 3922 eis
2046 3868 2312 3922 scelerate
2358 3866 2726 3932 confundunt,
2759 3882 2872 3921 non
2904 3866 3077 3938 magis
3106 3867 3355 3924 ridemus
3391 3884 3522 3938 pro-

1936 3969 2058 4031 pter
2079 3961 2375 4022 inscitiam,
2395 3976 2560 4030 quam
2584 3960 2837 4015 dolemus
2863 3968 2921 4015 et
2945 3963 3277 4016 miseramur
3296 3972 3526 4033 propter

1935 4054 2296 4121 impietatem,
2339 4055 2435 4122 qui
2459 4053 2526 4107 de
2558 4052 2723 4106 modo
2764 4052 2988 4108 unionis
3010 4061 3334 4107 naturarum
3360 4053 3526 4108 dubi—

1936 4153 2088 4207 tant,
2139 4162 2276 4215 qiias
2308 4162 2489 4214 neque
2523 4146 2879 4211 concedunt,
2924 4160 3108 4215 neque
3137 4154 3354 4216 ponunt
3376 4161 3520 4201 esse.

1935 4236 2235 4306 Oportebat
2265 4239 2412 4308 enim
2438 4238 2678 4306 primum
2718 4239 2959 4308 positum
2997 4253 3121 4293 esse
3149 4248 3206 4292 et
3243 4237 3410 4292 ﬁxum
3442 4238 3528 4308 ip-

1938 4329 2037 4390 sis,
2073 4345 2196 4384 esse
2244 4341 2300 4383 ct
2342 4331 2549 4385 servari
2577 4340 2703 4400 post
2731 4329 2997 4384 unionem
3026 4336 3282 4384 naturam
3322 4328 3526 4383 divini—

1940 4423 2068 4476 tatis
2094 4424 2322 4487 Christi,
2356 4432 2412 4478 ct
2438 4432 2693 4477 naturam
2738 4422 3102 4477 humanitatis
3148 4423 3309 4493 ejus;
3359 4430 3525 4492 atque

1940 4513 2015 4567 ita
2067 4513 2346 4583 inquirere
2379 4522 2567 4582 postea
2597 4513 2876 4583 quomodo
2906 4527 2965 4568 se
3001 4512 3408 4568 habeantinter
3440 4527 3522 4576 se,

1939 4610 1997 4656 et
2028 4604 2308 4671 quomodo
2363 4603 2494 4657 sint.
2549 4603 2724 4671 Hujus
2769 4602 2902 4656 libri
2936 4602 3114 4672 stylus
3147 4601 3526 4674 conformatus

1872 4669 1915 4723 ί)
1938 4701 2023 4748 est
2049 4669 2107 4747 in
2125 4693 2496 4762 disputatione
2515 4703 2573 4749 et
2594 4669 2834 4764 dialogo,
2866 4669 3140 4764 nihilque,
3174 4702 3237 4749 ut
3255 4669 3523 4760 arbitror,

1939 4785 2193 4839 relictum
2215 4795 2299 4839 est
2316 4800 2512 4839 eorum
2560 4801 2685 4855 quae
2707 4785 2774 4840 ad
2802 4787 3141 4856 propositam
3163 4786 3524 4856 questionem

1941 4875 2266 4945 spectabant
2312 4884 2370 4930 et
2414 4877 2704 4932 commoda
2733 4885 2913 4932 erant.
2948 4877 3028 4933 Ne
3065 4884 3250 4932 autem
3279 4892 3529 4947 persons:

1942 4966 2418 5022 confundereutur
2439 5010 2454 5034 ,
2489 4984 2726 5039 persona
2760 4969 3072 5024 dubitantis
3104 4968 3274 5024 habet
3314 4969 3527 5023 stellam
3575 4988 3579 4992 ·

1944 5058 2260 5129 insignitam
2286 5078 2299 5114 :
2327 5077 2561 5129 persona
2595 5062 2864 5118 solventis
2898 5061 3277 5117 dubitationes
3301 5060 3527 5132 ﬁguram

1945 5154 2144 5232 crucis.
2168 5154 2278 5209 Nec
2296 5155 2350 5209 id
2373 5154 2594 5224 quidem
2617 5154 2824 5208 factum
2850 5163 2935 5209 est
2957 5162 3188 5209 temere.
3221 5152 3357 5207 Nota
3380 5152 3527 5207 enim

1946 5245 2116 5299 stella:
2146 5246 2518 5315 signiﬁcamus
2558 5254 2805 5312 tenuem,
2835 5254 2893 5301 et
2919 5262 3030 5300 non
3068 5244 3395 5315 explicatam
3438 5260 3530 5298 co.-

1946 5336 2248 5405 gnitionem
2280 5352 2529 5406 persona:
2575 5337 2917 5401 dubitantis;
2951 5336 3295 5391 defensorem
3343 5342 3527 5388 autem

1950 5429 2198 5480 veritatis
2240 5437 2444 5496 tropaeo
2488 5429 2674 5483 crucis
2706 5428 3063 5483 armavimus.
3114 5428 3207 5483 Est
3231 5438 3415 5483 autem
3447 5428 3532 5481 in-

1949 5520 2190 5589 scriptus
2238 5520 2327 5573 hic
2366 5520 2540 5585 liber,
2578 5522 2838 5576 Adversus
2877 5538 2962 5574 eos
2992 5521 3088 5591 qui
3135 5537 3199 5574 ea:
3242 5522 3434 5575 nostris
3478 5536 3533 5574 se

1950 5613 2311 5680 adjunxerunt
2340 5613 2408 5665 ad
2446 5624 2753 5684 corrupturi:
2779 5615 3095 5667 sententiam
3139 5612 3532 5683 Aphtlmrtodo-

1949 5712 2206 5761 cerarum,
2247 5703 2297 5756 id
2334 5711 2420 5758 cst
2452 5720 2642 5759 eorum
2689 5706 2782 5774 qui
2811 5719 3014 5775 corpus
3040 5702 3251 5758 Christi
3283 5714 3411 5758 ante
3442 5717 3532 5755 rc-

1949 5796 2348 5849 surrerlionrm
2385 5782 2809 5866 incorruptibile
2841 5796 3011 5852 fuisse
3055 5803 3387 5861 senserunt,
3411 5792 3533 5850 dia-

1948 5888 2071 5956 logi;
