4218 6444
785 449 910 513 1271

763 923 1080 991 Scriptnras
1104 932 1159 975 et
1188 921 1505 988 superiores
1530 919 1766 989 synodos
1791 919 2059 988 recipere,
2081 934 2191 972 non
2220 919 2344 988 qui-

763 1014 887 1066 dum
918 1013 1064 1082 quod
1095 1011 1400 1065 secundum
1427 1027 1521 1066 cas
1554 1011 1818 1074 sentiant,
1853 1010 1948 1064 sed
1995 1020 2054 1064 ut
2087 1011 2345 1079 impieta—

763 1116 870 1157 tem
897 1118 1051 1156 suam
1081 1103 1148 1156 ad
1174 1101 1534 1170 decipiendos
1577 1100 1949 1169 simpliciores
1983 1100 2087 1154 hac
2118 1099 2342 1154 simula—

762 1197 910 1249 tione
938 1201 1143 1264 tegant,
1177 1195 1319 1249 sicut
1343 1193 1720 1261 Apollinarius
1748 1191 2177 1245 etMaeedonius
2214 1200 2342 1261 syn-

758 1287 926 1341 odum
959 1288 1254 1343 Nicamam.
1281 1295 1336 1339 et
1355 1285 1644 1339 Nestorius
1658 1292 1858 1353 praeter
1877 1283 2148 1336 Niemnam
2177 1282 2343 1338 etiam

755 1379 1423 1448 Constantinopolitanam
1447 1395 1460 1430 :
1487 1377 1764 1452 Eutychcs
1786 1374 2158 1445 prteteralias,
2177 1376 2342 1429 etiam

756 1471 1028 1546 synodum
1063 1471 1422 1540 Ephesinam.
1482 1467 1572 1522 Sic
1605 1470 1771 1523 etiam
1808 1467 1862 1520 hi
1903 1467 2168 1522 simulant
2217 1480 2343 1518 san-

756 1582 901 1624 etam
929 1565 1199 1636 synodum
1229 1563 1761 1624 Cltalcedonensem,
1807 1570 1922 1616 tum
1966 1570 2025 1615 ut
2057 1560 2206 1630 gravi
2242 1576 2341 1612 au-

755 1661 1015 1714 ctoritate
1044 1672 1405 1727 personarum
1436 1657 1556 1725 ejus
1587 1656 1925 1725 impietatem
1957 1669 2110 1708 suam
2140 1654 2340 1717 celent,

757 1762 873 1807 tum
905 1759 966 1804 ut
993 1751 1137 1805 viam
1159 1749 1268 1804 sibi
1297 1747 1547 1802 muniant
1575 1746 1642 1801 ad
1677 1746 2100 1816 oppugnandam
2134 1746 2341 1797 verita-

754 1853 887 1898 tem.
921 1843 1166 1910 Quorum
1192 1842 1490 1897 versutiam
1531 1855 1655 1894 cum
1693 1840 1972 1910 impietate
2007 1838 2342 1908 implicatam

749 1949 877 1990 cum
905 1934 1165 2001 detegere
1199 1947 1262 1986 ac
1288 1931 1524 2000 prodere
1554 1931 1848 1993 vellemus,
1900 1929 1968 1983 ad
2002 1928 2214 1997 primos
2237 1927 2339 1981 Pa-

752 2035 864 2080 tres
919 2026 1040 2096 ejus
1093 2023 1393 2094 impietatis
1441 2021 1875 2076 conl'utationem
1926 2018 2333 2080 revocavimus,

749 2117 1098 2185 proferentes
1133 2116 1187 2170 in
1215 2123 1466 2185 apertum
1510 2129 1705 2169 eorum
1760 2113 2006 2184 origines
2047 2121 2105 2167 ct
2155 2111 2336 2166 fontes

750 2209 1076 2277 impietatis,
1113 2217 1174 2262 ut
1199 2208 1279 2262 sic
1299 2223 1398 2261 eos
1429 2207 1599 2262 semel
1627 2205 1860 2275 simplici
1895 2204 2130 2258 veritate
2184 2203 2336 2256 clau-

747 2302 904 2363 dere,
927 2309 1198 2354 eteorum
1222 2299 1520 2353 llttxionem
1545 2297 1768 2366 impiam
1789 2297 2192 2364 interrumpere
2218 2302 2336 2348 stu-

746 2393 1027 2448 deremus.
1060 2393 1174 2448 Hoc
1211 2394 1359 2446 enim
1386 2391 1548 2445 modo
1583 2390 1836 2459 reliquus
1871 2388 2053 2442 ﬂuxus
2082 2387 2332 2455 impieta-

749 2486 819 2540 tis
841 2485 1140 2539 delebitur.
1173 2483 1458 2554 Siquidem
1486 2494 1681 2538 natura
1708 2489 2087 2552 comparatum
2131 2489 2216 2535 est
2249 2487 2330 2542 ut,

749 2578 922 2632 initiis
952 2577 1220 2631 malorqu
1244 2576 1556 2639 exstinctis,
1574 2591 1697 2645 qua:
1721 2590 1787 2630 ex
1811 2575 1894 2629 eis
1917 2572 2162 2644 profecta
2181 2582 2332 2636 sunt,

746 2667 909 2720 simul
929 2666 1378 2735 exstinguantur.
1403 2664 1632 2718 Librum
1671 2673 1856 2719 autem
1892 2662 2332 2717 coniutationum

750 2759 804 2811 in
834 2760 1012 2827 capita
1045 2757 1400 2811 distinximus
1426 2795 1442 2818 ,
1488 2756 1734 2825 ascripta
1785 2771 2018 2811 numero
2064 2753 2119 2807 in
2155 2752 2337 2806 fronte

748 2851 1015 2919 cujusque
1042 2849 1258 2918 capitis.
1293 2847 1389 2902 Est
1438 2857 1623 2902 autem
1680 2846 1981 2915 inscriptus
2032 2845 2174 2898 liber
2213 2846 2333 2898 sic:

752 2941 825 2993 De
855 2943 1019 2994 tacita
1060 2939 1400 2993 simulatione
1427 2947 1476 2991 et
1513 2941 1716 3008 origine
1746 2939 2037 3007 impietatis
2063 2937 2338 2989 Nestoriu-

751 3053 781 3086 η
824 3051 968 3099 rum,
1017 3042 1066 3087 et
1115 3033 1178 3087 de
1203 3048 1387 3086 eorum
1439 3031 1690 3085 Patr-ibus
1720 3030 2010 3101 patefactio
2048 3039 2097 3082 et
2148 3030 2334 3084 trium-

751 3129 902 3191 phus.

823 3501 931 3555 Eos
960 3514 1096 3554 vero
1115 3499 1210 3569 qui
1243 3497 1392 3552 hunc
1421 3497 1623 3551 librum
1658 3496 1856 3552 lecturi
1885 3504 2037 3557 sunt,
2081 3509 2337 3564 rogamus
2363 3498 2405 3553 C

755 3602 813 3644 ut
838 3590 1054 3645 veniam
1081 3589 1239 3652 dent,
1279 3588 1460 3643 sicubi
1493 3587 1830 3642 adversariis
1880 3589 2092 3658 plagam
2143 3590 2339 3642 morti-

753 3686 924 3737 t‘eram
953 3699 1060 3737 non
1093 3682 1412 3746 inﬂiximus,
1449 3691 1506 3736 et
1541 3683 1828 3736 veritatem
1865 3680 2142 3737 inﬁrmius
2170 3697 2334 3752 quam

753 3791 854 3845 par
874 3783 1015 3838 erat,
1051 3774 1367 3830 defendisse
1401 3774 1737 3828 videbimur.
1769 3773 1812 3828 A
1846 3773 2172 3830 disserendo
2211 3774 2337 3844 qui-

753 3868 877 3918 dem
907 3881 1006 3934 pro
1025 3865 1292 3936 dignitate
1329 3881 1514 3919 rerum
1545 3881 1737 3920 onmes
1753 3866 2008 3920 similiter
2033 3867 2333 3921 absumus:

755 3955 940 4010 studio
968 3973 1102 4012 vero
1130 3966 1184 4010 et
1223 3972 1411 4010 amore
1466 3956 1686 4024 pietatis
1738 3957 1880 4011 alius
1933 3956 2045 4010 alio
2090 3967 2333 4028 praestat.

754 4049 1144 4118 Unusquisque
1182 4057 1242 4101 ut
1269 4050 1378 4103 erit
1423 4058 1781 4118 przeparatus,
1823 4049 1897 4102 ita
1947 4064 2078 4103 sane
2115 4065 2337 4103 mensu-

755 4157 870 4194 ram
904 4141 1095 4210 gratia!
1139 4140 1555 4209 accipiet..lloc
1608 4146 1775 4196 etiam
1813 4141 2075 4196 lectorem
2119 4150 2334 4196 oratum

753 4232 944 4298 velim,
974 4241 1032 4285 ut
1064 4232 1108 4285 si
1148 4232 1280 4302 quid
1333 4232 1435 4300 ipsi
1473 4247 1582 4286 non
1624 4233 1757 4286 satis
1791 4233 2064 4302 explicate
2108 4249 2138 4287 a
2173 4234 2337 4287 nobis

753 4324 965 4378 dictum
1029 4337 1151 4377 esse
1229 4323 1535 4388 videbitur,
1580 4332 1678 4377 aut
1741 4333 1970 4393 propter
2026 4323 2334 4379 abstrusam

753 4414 1139 4483 quaestionem,
1193 4424 1289 4469 aut
1335 4425 1564 4485 propter
1599 4417 1963 4484 quarumdam
1997 4433 2195 4471 vocum
2237 4433 2335 4471 va-

754 4510 954 4560 riatam
1011 4507 1472 4577 signiﬁcationem
1522 4525 1584 4562 ac
1635 4509 2063 4578 proprietatem,
2112 4527 2180 4564 ne
2232 4511 2336 4564 boc

753 4613 879 4651 cum
911 4598 1150 4669 primum
1198 4599 1424 4670 legerit,
1464 4600 1756 4669 improbet.
1787 4599 1924 4654 Cum
1960 4602 2106 4656 enim
2139 4604 2335 4656 iterum

752 4699 809 4743 et
852 4690 1054 4759 stepius
1106 4705 1230 4757 qua:
1282 4690 1429 4744 dicta
1483 4701 1613 4745 sunt
1677 4692 2164 4757 animadverterit,
2205 4709 2335 4747 sen-

756 4781 988 4833 tentiam
1029 4795 1222 4834 eorum
1282 4797 1405 4850 quae
1464 4782 1730 4835 dicuntur
1779 4784 2124 4852 explanatam
2172 4801 2334 4854 repe-

757 4875 882 4927 riet.
921 4873 1166 4928 Perfecta
1210 4889 1344 4928 vero
1385 4890 1483 4943 per
1511 4891 1569 4928 se
1625 4890 1838 4930 merces
1885 4877 2090 4930 laboris
2115 4877 2167 4931 in
2191 4895 2336 4948 qum-

758 4968 929 5021 rendo
977 4967 1166 5036 positi,
1203 4968 1314 5022 erit
1361 4968 1614 5022 veritatis
1645 4969 1912 5022 inventio.
1967 4970 2339 5025 Auctoritatcs

756 5064 920 5116 etiam
945 5077 1070 5115 cum
1109 5063 1174 5116 iis
1208 5077 1329 5131 qua:
1362 5077 1390 5115 a
1424 5063 1583 5116 nobis
1605 5064 1847 5132 exposita
1878 5074 2026 5129 sunt,
2052 5065 2336 5129 facientes,

757 5156 988 5224 singulis
1034 5155 1190 5211 libris
1217 5155 1573 5226 ﬁUleQClnlllS.
1615 5164 1674 5209 ut
1701 5157 1988 5211 veritatem
2023 5159 2338 5213 testimonio

757 5248 1114 5319 antiquorum
1157 5250 1631 5305 contirmaremus.

2028 449 2338 508 LEONTII
2389 449 2786 510 ΗΥΖΑΝΤΙΝΙ

844 559 1069 614 Tertius
1103 557 1243 610 liber
1266 557 1517 611 continet
1541 556 1976 611 confutationem
2009 572 2202 612 eorum
2261 555 2354 624 qui
2388 564 2432 617 Α

769 651 1033 704 simulant
1067 664 1126 702 se
1163 658 1352 703 tenere
1387 664 1636 716 magnam
1671 656 1727 702 et
1757 648 2158 703 mcumenicam
2219 663 2347 718 syn—

769 741 934 794 odum
953 739 1485 796 Chalcedonenscm.
1523 747 1580 792 et
1605 736 2079 791 suntNestoriani.
2110 736 2174 790 Hi
2204 735 2348 788 sicut

763 842 820 883 rt
860 831 1060 896 reliqui
1087 831 1377 884 literesium
1428 839 1774 888 sectatores,
1822 828 2080 882 videntur
2131 828 2350 882 divinas

3907 435 4054 502 1272

2545 563 2614 626 ’0.
2645 564 2700 616 δὲ
2736 563 2919 634 τρίτος
2972 562 3064 615 καὶ
3118 559 3428 620 τελευταῖος
3461 557 3561 626 τὴν
3590 552 3905 624 ἀνατροπὴν
3936 553 4052 622 ἔχει

2453 654 2594 707 κατά
2624 655 2736 706 τῶν
2773 651 3223 724 ὑποκρινομένων
3251 650 3352 720 τὴν
3393 647 3641 717 μεγάλην
3665 645 3760 697 καὶ
3789 644 3941 696 οίκοι,
3955 659 4054 712 με-

2450 750 2606 817 νικὴν
2639 745 2860 800 σύνοδον
2905 745 3004 815 τὴν
3034 745 3093 797 ὲν
3131 741 3462 813 Χαλκηδόνι,
3509 739 3605 792 καλ⁵
3643 738 3710 790 τὰ
3739 737 4047 806 Νεστορίου

2451 841 2884 910 πρεσϐευόντων.
2928 831 3090 889 Οὗτοι
3117 836 3245 905 γὰρ,
3273 835 3462 900 ὥσπερ
3505 831 3699 900 ἀμέλει
3725 830 3820 881 καὶ
3845 830 3893 880 οἱ
3930 827 4048 880 λοι-

2452 933 2542 985 ποὶ
2570 933 2681 984 τῶν
2713 931 2976 1002 αἱρέσεων
3003 928 3229 998 μύσται,
3253 925 3353 988 τάς
3382 942 3440 977 τε
3469 924 3619 986 θείας
3648 922 3900 994 Γραφάς,
3948 921 4052 972 καὶ

2446 1027 2545 1088 τὰς
2578 1023 3047 1095 προηγησαμένας
3094 1021 3256 1088 ἀγίας
3287 1019 3538 1078 συνόδους
3588 1015 3913 1086 προσίεσθαι
3957 1013 4049 1066 δο-

2449 1115 2637 1168 κοῦσιν
2665 1131 2679 1146 ο
2713 1115 2772 1167 οὐ
2807 1113 3134 1186 φρονοῦντες
3169 1112 3266 1179 μὲν
3293 1109 3415 1162 κατ’
3439 1109 3631 1172 αὑτὰς,
3666 1105 4049 1179 προκάλυμμα

2447 1205 2504 1258 δὲ
2540 1205 2637 1274 τῆς
2668 1203 2857 1259 αὐτῶν,
2890 1203 3146 1265 ἀσεϐείας
3189 1199 3395 1261 ταύτας
3427 1199 3762 1266 ποιούμενοι,
3797 1195 3938 1264 πρὸς
3971 1196 4049 1258 ἐξ·

2447 1299 2664 1366 απάτην
2684 1295 2794 1349 τῶν
2826 1295 3234 1362 ἁπλουστέρων·
3262 1286 3374 1345 οἷον
3405 1290 3779 1359 ’Λπολινάριος
3819 1289 3920 1358 μὲν
3952 1289 4048 1339 καὶ

2448 1387 2804 1448 Μακεδόνιος,
2827 1384 2926 1454 τὴν
2959 1385 3018 1436 ὲν
3047 1383 3270 1452 Νικαία·
3313 1382 3612 1450 Νεστόριος
3643 1380 3699 1432 δὲ
3731 1380 3870 1448 πρὸς
3903 1379 4046 1431 ταύ-

2446 1496 2536 1548 τῃ,
2562 1479 2655 1532 καὶ
2687 1478 2785 1546 τὴν
2818 1479 2875 1528 ἐν
2913 1472 3509 1542 Κωνσταντινουπόλει·
3536 1472 3786 1540 Εὑτυχῆς
3809 1470 3869 1522 δὲ
3903 1471 4049 1538 πρὶς

2444 1573 2566 1630 ταῖς
2597 1569 2806 1632 άλλαις,
2842 1570 2938 1620 καὶ
2981 1567 3082 1636 τὴν
3128 1569 3185 1619 ὲν
3219 1567 3451 1636 Ἐφέσῳ.
3480 1565 3641 1618 Οὕτω
3669 1566 3725 1619 δὲ
3765 1567 3863 1618 καὶ
3892 1559 4047 1618 οὗτοι

2446 1661 2542 1731 τὴν
2588 1663 2645 1714 ὲν
2687 1661 2997 1728 Χαλκηδόνι
3027 1661 3192 1726 ἁγίαν
3230 1660 3620 1730 ὑποκρίνονται
3649 1659 3889 1720 σύνοδον,
3925 1659 4048 1726 ἃμα

2449 1753 2550 1820 μὲν
2581 1751 2683 1822 τὴν
2711 1751 2925 1804 ἑαυτῶν
2980 1752 3239 1805 ἀσέϐειαν
3273 1751 3756 1820 συγκαλύπτοντες
3784 1753 3856 1822 τῇ
3892 1751 4038 1816 ἀξιο-

2450 1845 2640 1916 πιστίᾳ
2701 1845 2812 1898 τῶν
2880 1845 3233 1914 προσώπων,
3292 1847 3409 1916 ἅμα
3459 1845 3517 1897 δὲ
3595 1844 3779 1912 σφίσιν
3850 1843 4044 1906 αὐτοῖς

2444 1935 2925 2006 προοδοποιοῦντες
2988 1936 3087 2008 τὴν
3146 1936 3290 1990 κατά
3354 1937 3454 2006 τῆς
3523 1935 3784 2006 ἀληθείας
3855 1935 4045 2003 ἐγχεί-

2446 2047 2623 2101 ρησιν.
2686 2023 2786 2081 Ὦν
2849 2031 2952 2097 τὴν
3015 2030 3355 2099 πανουργίαν
3389 2071 3403 2092 ,
3446 2028 3583 2098 μετά
3639 2029 3738 2097 τῆς
3822 2042 4042 2095 συμπε-

2443 2121 2756 2193 πλεγμένης
2823 2121 3114 2185 ἀσεϐείας,
3148 2121 3498 2191 ἀνακαλύψαι
3557 2120 3914 2190 βουλόμενοι,
3950 2119 4044 2170 ἐπὶ

2439 2215 2567 2275 τοὺς
2627 2215 2877 2280 πρώτους
2938 2213 3118 2266 αὐτῶν
3166 2214 3268 2278 τῆς
3331 2212 3588 2272 ἀσεϐείας
3640 2211 3896 2280 Πατέρας
3949 2210 4042 2263 τὸν

2441 2305 2664 2374 ἔλεγχον
2694 2305 3105 2376 μετηγάγομεν,
3130 2305 3231 2368 τάς
3268 2303 3445 2376 ἀρχὰς
3473 2303 3656 2358 αὐτῶν
3688 2303 3782 2356 καὶ
3809 2302 3908 2364 τὰς
3940 2318 4042 2370 πη-

2441 2397 2544 2465 γὰς
2569 2397 2671 2464 τῆς
2698 2395 2992 2466 ἀθεότητος
3022 2399 3100 2459 εἰς
3140 2396 3204 2449 τὸ
3233 2396 3477 2466 ἐμφανὲς
3504 2395 3766 2461 ἄγοντες·
3798 2392 3948 2446 οὓτω
3978 2408 4034 2442 τε

2441 2487 2699 2551 καθάπαξ
2741 2487 2911 2550 αὑτὰς
2942 2487 3344 2557 ἀποφράττειν,
3385 2489 3477 2542 καὶ
3515 2488 3616 2558 τῆς
3664 2487 3829 2540 ἀθέου
3862 2487 4036 2555 φορᾶς

2441 2579 2772 2651 ἀνακόπτειν
2805 2578 3220 2645 σπουδάζοντες,
3249 2580 3327 2649 τῷ
3355 2579 3510 2648 ἀπλῷ
3532 2579 3740 2649 ἐλέγχῳ
3773 2577 3876 2646 τῆς
3905 2577 4034 2644 άλη-

2441 2669 2616 2734 θείας.
2644 2671 2830 2743 Ταύτῃ
2861 2671 2972 2742 γάρ
3001 2673 3094 2724 καὶ
3120 2673 3180 2725 τὸ
3209 2673 3398 2724 λοιπὸν
3435 2669 3614 2742 ῥεῦμα
3637 2671 3738 2742 τῆς
3770 2669 4032 2732 ἀσεϐείας

2441 2763 2894 2835 ἀφανισθήσεται,
2920 2764 3110 2833 ἐπειδὴ
3143 2764 3651 2835 συνδιαφθείρεσθαι
3673 2762 3891 2830 πέφυκε
3915 2763 4031 2823 ταῖς

2441 2855 2638 2922 ἀρχαῖς
2663 2854 2772 2907 τῶν
2802 2855 3008 2918 κακῶν,
3037 2856 3132 2908 καὶ
3155 2855 3225 2910 τά
3255 2859 3317 2909 ἐκ
3349 2856 3558 2909 τούτων
3585 2853 4027 2924 ἀποτελέσματα.

2445 2943 2552 2996 Τὸν
2580 2945 2638 2998 δὲ
2672 2944 2835 3012 λόγον
2867 2946 2960 2999 τὸν
2992 2948 3085 2999 ἐπὶ
3120 2948 3229 3001 τῶν
3259 2947 3496 3017 ἐλέγχων
3527 2950 3606 3009 εἰς
3634 2946 3912 3014 κεφάλαια
3938 2963 4032 2997 κα-

2442 3036 2816 3106 ταδιιίλαμεν,
2854 3037 3088 3108 ἀριθμὸν
3111 3038 3296 3101 αὐτοῖς
3327 3039 3420 3091 ἐπὶ
3450 3038 3543 3090 τοῦ
3569 3039 3826 3107 μετώπου
3855 3054 4031 3106 παρα·

2442 3127 2780 3198 γράψαντες,
2820 3129 2910 3183 διά
2939 3129 3002 3182 τὸ
3045 3132 3504 3201 εὐμνημόνευτον·
3536 3131 3948 3201 ἐπιγέγραπται
3975 3129 4029 3182 δὲ

2440 3221 2469 3272 ό
2500 3219 2657 3289 λόγος
2687 3221 2894 3284 οὕτως,
2940 3222 3055 3289 Τῆς
3088 3223 3434 3291 ἀπορῤήτου
3477 3222 3574 3276 καί
3614 3221 4030 3291 ἀρχοειδεστέ-

2435 3329 2549 3380 ρας
2577 3311 2698 3365 τῶν
2722 3313 3142 3379 Νεστοριανῶν
3167 3313 3449 3379 ἀσεϐείας
3470 3351 3484 3375 ,
3519 3311 3616 3365 καὶ
3664 3309 3784 3363 τῶν
3808 3311 4031 3374 ταύτης

2442 3403 2738 3472 Πατέρων,
2781 3402 2948 3472 ςεὼρα
2975 3403 3072 3456 καὶ
3114 3405 3420 3472 θρίαμϐος.

2531 3496 2972 3567 Παρακαλοῦμεν
3017 3496 3074 3549 δὲ
3126 3497 3252 3560 τοὺς
3305 3494 3725 3564 ἐντευξομένους
3767 3493 3906 3562 τῷδε
3956 3492 4034 3562 τῷ

2442 3590 2649 3659 μετρίῳ
2686 3589 3029 3659 συντάγματι
3075 3587 3408 3658 συγγνώμην
3438 3589 3571 3657 ἡμῖν
3609 3587 3821 3656 νέμειν,
3860 3588 3920 3639 έν
3951 3580 4036 3648 οἷς

2437 3699 2498 3734 τε
2533 3681 2609 3751 μὴ
2639 3683 2872 3752 καιρίως
2902 3681 3028 3744 τοὺς
3067 3680 3343 3743 ἐναντίους
3375 3680 3740 3750 βεϐλὴκαμεν,
3767 3680 3864 3731 καὶ
3890 3679 3950 3729 εἴ
3980 3695 4036 3731 τι

2438 3772 2532 3824 τοῦ
2565 3770 2780 3835 δέοντος
2809 3771 3200 3840 ἀσθενέστερον
3232 3768 3705 3838 προηγωνισμένοι
3751 3767 3850 3834 τῆς
3896 3765 4039 3834 άλη-

2441 3866 2591 3926 θείας
2626 3865 2948 3934 φανείημεν.
2991 3865 3102 3934 Τῆς
3145 3863 3244 3931 μὲν
3274 3860 3384 3930 γὰρ
3420 3859 3575 3923 ἀξίας
3615 3859 3722 3909 τῶν
3759 3858 4038 3928 πραγμά-

2437 3977 2567 4020 των,
2603 3959 2808 4028 ὁμοίως
2840 3958 3040 4020 πάντες
3067 3954 3515 4023 ἀπολειπόμεθαο
3551 3950 3628 4020 τῷ
3656 3950 3714 4003 δὲ
3752 3951 3898 4020 ζήλῳ
3932 3951 4038 4019 τῆς

2439 4052 2742 4115 εὐσεϐείας,
2775 4049 2932 4112 ἄλλος
2963 4049 3124 4102 ἄλλον
3169 4047 3584 4118 διενηνόχαμεν.
3635 4044 3792 4098 Κατά
3834 4043 3890 4095 δὲ
3933 4044 4040 4112 τὴν

2438 4145 2646 4197 οίκεὶαν
2704 4141 3174 4214 προπαρασκευὴν
3229 4140 3461 4202 ἕκαστος
3513 4138 3752 4208 δηλονότι
3814 4135 3914 4187 καὶ
3976 4137 4041 4189 τὸ

2442 4234 2642 4302 μέτρον
2669 4231 2780 4297 ἔξει
2810 4233 2907 4300 τῆς
2957 4232 3200 4301 χάριτος.
3253 4229 3364 4282 Καὶ
3415 4229 3578 4280 τοῦτο
3627 4227 3682 4279 δὲ
3731 4229 3789 4279 έν
3831 4227 4037 4296 ἀγάπῃ

2440 4323 2828 4393 προτρέπομεν
2875 4322 2965 4374 τὸν
2997 4321 3404 4391 ἐντευξόμενον,
3436 4321 3503 4373 ἶν’
3528 4320 3581 4372 εἴ
3611 4337 3661 4372 τι
3713 4319 3788 4388 μὴ
3833 4318 4039 4385 σαφῶς

2438 4417 2586 4486 αὖτῷ
2619 4416 2727 4468 τῶν
2753 4417 2884 4486 παρ’
2914 4417 3071 4486 ἡμῶν
3103 4416 3355 4487 εἰρῆσθαι
3386 4415 3610 4482 δόξειεν,
3637 4413 3668 4483 ἦ
3694 4412 3780 4464 aut
3802 4412 3906 4480 τὴν
3937 4412 4040 4466 τοῦ

2439 4510 2797 4579 θεωρήματος
2825 4508 3124 4579 βαθύτητά,
3150 4509 3182 4578 ἢ
3214 4507 3302 4560 διά
3333 4507 3432 4578 τὴν
3469 4507 3627 4560 ἐνίων
3654 4505 3854 4572 λέξεων
3883 4523 4042 4576 παρ-

2437 4601 2789 4670 ηλλαγμένην
2830 4601 3108 4670 σημασίαν
3160 4617 3217 4652 τε
3267 4603 3361 4652 καὶ
3415 4599 3674 4667 ἰδιότητα,
3717 4597 3895 4666 τούτῳ
3964 4601 4042 4668 μὴ

2439 4695 2583 4748 κατά
2603 4696 2701 4765 τὴν
2733 4694 2958 4765 πρώτην
2985 4693 3226 4758 ἔντευξιν
3249 4694 3516 4756 κακίζειν.
3559 4692 3890 4760 Ἐπιστήσας
3925 4693 4044 4762 γὰρ

2440 4787 2522 4850 δὶς
2552 4788 2584 4857 ἢ
2619 4789 2714 4841 καὶ
2742 4787 3007 4850 πολλάκις
3049 4790 3169 4850 τοῖς
3213 4788 3527 4856 εἰρημένοις
3557 4785 3648 4837 τὸν
3697 4784 3844 4848 νοῦν,
3891 4803 4042 4855 τρα-

2445 4883 2712 4950 νουμένην
2745 4881 2894 4950 αὐτῷ
2921 4881 3144 4951 εὑρήσει
3167 4880 3273 4932 τῶν
3299 4880 3609 4949 λεγομένων
3633 4877 3730 4948 τὴν
3762 4877 4040 4934 διάνοιαν.

2446 4975 2750 5044 Λὺτοτελὴς
2800 4975 2856 5027 δὲ
2893 4975 3086 5045 μισθὸς
3129 4975 3224 5027 τοῦ
3259 4976 3402 5028 κατά
3442 4975 3540 5044 τὴν
3573 4975 3802 5042 ζήτησιν
3839 4975 4039 5038 πόνου,

2442 5065 2544 5134 τῆς
2589 5065 2847 5135 ἀληθείας
2895 5067 2928 5136 ἡ
2983 5065 3216 5134 εὕρεσις.
3256 5066 3492 5134 Χρήσεις
3524 5081 3584 5131 γε
3635 5063 3742 5133 μὴν
3767 5065 3880 5115 τῶν
3922 5083 4054 5121 συν-

2441 5159 2743 5226 ταγμάτων
2799 5158 3016 5227 ἑκάστῳ
3063 5160 3175 5219 τοῖς
3236 5159 3366 5227 παρ’
3413 5156 3572 5227 ήμῶν
3624 5153 4038 5224 ἑκτεθειμένοις

2445 5250 2853 5320 συνηγορούσας
2883 5250 3323 5320 ὑποτετάχαμεν,
3351 5249 3448 5318 τὴν
3483 5248 3744 5318 ἀλήθειαν
3801 5249 3921 5302 τῶν
3961 5249 4035 5302 εἳ·

2447 5348 2698 5416 ρηςιένων
2740 5347 2832 5398 καὶ
2885 5349 2948 5399 ὲκ
3007 5347 3107 5414 τῆς
3139 5344 3245 5399 τῶν
3305 5343 3549 5397 παλα;ὦν
3595 5342 3919 5414 μαρτυρίας
3947 5361 4035 5398 m-

2449 5453 2753 5506 στουμινοι.
