4218 6444
714 401 853 469 1275

1984 403 2296 465 LEONTII
2336 400 2746 464 BYZANTINI

3860 406 3880 462 1
3895 405 4004 469 276

710 513 874 571 vinus
892 511 979 567 vir
1007 511 1475 584 ἐναντιοδοκήτας,
1508 512 1559 566 id
1590 517 1697 577 est,
1730 512 2025 568 contraria:
2055 512 2299 569 tictionis

2420 516 2545 577 leto;
2568 514 2709 583 ἀνὴρ
2730 511 2874 567 οὕτω
2900 504 3169 582 κέκληκεν
3189 514 3290 585 (b),
3308 515 3846 582 Ἐναντιοδςκήτας
3871 519 4006 571 ἐκα-

707 616 966 663 auctores
986 605 1297 661 contrarios
1329 604 1622 675 appellavit
1646 620 1662 670 ;
1691 604 1766 659 illi
1789 604 2012 674 quidem
2038 604 2298 659 divinita-

712 709 824 756 tem
862 699 918 754 in
952 698 1240 755 Salvatore
1268 697 1392 752 ficte
1416 696 1610 751 dicunt
1637 696 1737 767 (5),
1773 696 1830 750 hi
1869 712 2004 751 vero
2041 696 2300 751 humani-

711 801 905 849 tatem.
953 790 1242 848 Nestorius
1300 789 1707 860 bencplacitum
1739 799 1797 845 ct
1839 790 2162 860 dignitatem
2196 804 2298 858 pro

710 886 937 941 fictione
966 883 1275 940 divinitatis
1299 882 1546 938 defendit
1574 900 1588 946 ;
1620 883 1900 955 Eutvclies
1948 898 2170 937 carnem
2209 882 2266 936 in
2286 909 2303 921 ε

705 977 1009 1041 cﬂ‘abilem,
1035 992 1137 1047 pro
1160 974 1401 1030 naturali
1440 984 1498 1031 et
1528 986 1737 1030 nostra.
1789 975 1881 1029 Sic
1913 976 2164 1030 honestis
2197 989 2299 1030 no-

706 1066 961 1122 minibus
979 1075 1037 1122 et
1061 1066 1248 1122 verbis
1272 1066 1511 1126 decoris,
1540 1076 1796 1135 tanquam
1830 1064 1972 1119 fictis
1996 1065 2296 1130 coloribus,

712 1155 1024 1211 fmditatem
1054 1156 1353 1211 contrariae
1375 1156 1599 1225 quidem
1635 1156 1960 1225 impietatis,
1992 1155 2087 1210 scd
2114 1166 2300 1209 tamen

706 1247 965 1318 aequalis,
998 1248 1299 1303 honestare
1327 1249 1606 1301 nituntur.
1641 1248 1809 1313 Quasi
1856 1247 2105 1301 studium
2138 1247 2301 1302 nobis

715 1340 788 1394 sit
808 1340 1084 1410 elegantia
1110 1339 1395 1393 nominum
1419 1339 1632 1401 utendi,
1666 1348 1721 1392 et
1753 1354 1862 1392 non
1887 1338 2072 1406 potius
2102 1337 2301 1392 faciem

713 1429 970 1484 veritatis
1006 1444 1135 1483 vere
1164 1444 1393 1483 auream
1448 1428 1796 1497 aspiciendi,
1852 1445 1960 1499 qua
2015 1428 2156 1483 nihil
2215 1436 2303 1482 est

717 1523 1034 1586 amabilius,
1066 1524 1321 1592 quamvis
1370 1522 1509 1576 nihil
1558 1524 1783 1593 elegans
1839 1532 1895 1577 et
1950 1522 2301 1593 splendidum

717 1616 967 1670 accedat.
1006 1616 1122 1670 Nec
1147 1617 1296 1670 enim
1325 1617 1672 1669 ornamentis
1705 1616 1951 1685 indiget,
1984 1631 2108 1685 qua:
2143 1624 2306 1669 natu-

719 1710 821 1764 rali
880 1711 1307 1780 pulchritudine
1378 1709 1754 1778 splendescit;
1821 1725 1924 1763 nec
1973 1709 2302 1773 verborum,

720 1803 883 1872 quasi
928 1804 1338 1873 pigmentorum
1403 1803 1583 1859 fucata
1646 1815 1703 1859 et
1753 1804 1933 1858 fallaci
1976 1802 2181 1872 specie.
2237 1801 2303 1860 Hi

721 1895 894 1965 igitur
917 1912 1103 1950 secum
1146 1905 1202 1950 et
1240 1913 1370 1950 cum
1401 1900 1637 1952 veritate
1670 1904 1999 1966 pugnantes,
2023 1894 2231 1947 bellum
2254 1892 2309 1945 in

716 2002 839 2041 eam
869 2003 970 2056 per
1001 1989 1285 2043 contraria
1313 1990 1501 2058 partiti
1535 1998 1685 2051 sunt,
1731 1988 1941 2043 eisdem
1973 1984 2312 2069 propositio;

716 2078 888 2133 nibus
920 2079 988 2133 ad
1021 2095 1182 2135 suum
1239 2089 1479 2152 uterque
1524 2082 1690 2135 tinem
1742 2081 2073 2144 abutentes,
2142 2076 2220 2132 ita
2249 2082 2311 2131 ut

717 2175 1015 2230 consensio
1045 2175 1345 2245 impietatis
1392 2178 1671 2232 contrarie
1703 2175 2154 2231 dissentientium
2195 2188 2308 2229 uno

717 2277 1051 2338 argumento
1072 2271 1327 2325 veritatis
1354 2285 1383 2325 a
1422 2270 1717 2340 discipulis
1756 2269 2008 2337 ejusdem
2052 2266 2309 2322 veritatis

717 2357 1101 2421 convellatur,
1136 2365 1195 2413 et
1236 2361 1538 2416 concordia
1577 2361 1871 2431 pravitatis
1896 2359 2183 2430 copiosam
2222 2357 2312 2410 vi-

717 2448 951 2503 ctoriam
977 2449 1159 2519 pariat
1192 2466 1206 2503 :
1235 2452 1440 2521 quibus
1484 2454 1634 2507 enim
1681 2451 2031 2523 argumentis
2072 2449 2311 2507 alterum

719 2540 958 2595 istorum
991 2542 1085 2611 qui
1132 2542 1420 2613 impietate
1469 2546 1707 2598 connexi
1759 2550 1927 2606 sunt,
1981 2540 2310 2606 refellimus,

713 2633 929 2707 eisdem
956 2635 1123 2690 etiam
1151 2636 1388 2690 alterum
1421 2636 1585 2691 simul
1619 2634 2020 2693 refutavimus!

2400 603 2595 673 τέρους
2627 600 2897 665 καλέσας·
2926 603 2974 654 οἱ
3018 602 3117 672 μὲν
3157 603 3266 674 γάρ
3294 607 3394 675 τὴν
3428 605 3678 673 θεότητα.
3719 607 3770 659 οί
3803 607 3863 659 δέ
3905 606 4007 678 τὴν

2401 695 2805 766 ἀνθρωπὸτητα
2846 694 3066 765 δοκήσει
3098 694 3355 765 λέγουσιν
3387 692 3527 752 εἶναι
3558 700 3615 752 ἐν
3641 697 3722 769 τῷ
3755 698 4003 768 Σωτῆρι,

2403 784 2543 856 πλὴν
2583 786 2707 838 ὅσον
2755 784 3039 857 ἑκάτερος,
3085 788 3115 840 ὁ
3166 788 3266 857 μὲν
3314 788 3415 859 τὴν
3472 790 3726 843 εὐδοκίαν
3766 790 4005 858 καῖ’τὴν

2401 877 2588 944 ἀξίαν,
2625 876 2747 930 ἀντὶ
2786 877 2886 948 τῆς
2914 878 3056 932 κατὰ
3092 880 3193 950 τὴν
3235 880 3468 953 θεότητα
3503 883 3809 951 φαντασίας
3837 901 3849 913 ·
3889 885 3919 935 ὁ
3947 883 4009 937 δὲ

2401 968 2503 1038 τὴν
2543 968 2783 1039 ἄρρητον
2822 968 3024 1039 σάρκα,
3070 968 3195 1022 ἀντὶ
3233 972 3335 1042 τῆς
3385 973 3546 1040 φύσει
3586 973 3683 1025 καὶ
3722 970 4009 1043 ἡμετέρας

2403 1060 2828 1131 προσίσχονται,
2869 1062 3207 1133 εὐπρεπέσιν
3277 1063 3511 1133 ὀνόμασι
3565 1046 3663 1118 καὶ
3732 1066 4013 1135 εὐφήμοις

2406 1156 2685 1227 ῥήμασιν,
2739 1153 2930 1226 ὥσπερ
2985 1155 3275 1227 χρώμασιν
3332 1156 3728 1220 ἐπιπλάστοις.
3783 1159 3847 1211 τὸ
3908 1157 4013 1226 τῆς

2405 1245 2653 1307 ἐναντίας
2691 1246 2811 1317 μὲν,
2846 1246 2969 1317 ίσης
3004 1248 3063 1301 δὲ
3106 1248 3365 1312 ἀσεϐείας
3406 1248 3649 1314 δυσειδὲς
3691 1250 4016 1321 ἀποσεμνὺ-

2404 1355 2519 1393 νειν
2564 1337 2992 1410 ἐπιχειροῦντες.
3043 1340 3259 1395 Ὠσανεὶ
3315 1340 3511 1395 τούτου
3557 1342 4014 1412 ἐσπουδασμένου

2405 1432 2539 1501 ἡμῖν
2567 1428 2765 1493 κάλλος
2798 1432 2991 1484 ἀσκεῖν
3018 1431 3330 1504 ρνομάτων,
3383 1433 3502 1486 ἀλλ’
3535 1433 3598 1486 οὑ
3634 1433 3695 1487 τὸ
3730 1433 3834 1501 τῆς
3872 1434 4016 1504 ἁλη-

2405 1522 2558 1586 θείας
2583 1521 2818 1592 χρυσοῦν
2845 1521 3019 1586 ὅντως
3047 1523 3347 1594 πρόσωπον
3378 1523 3729 1590 ἐποπτεύειν,
3759 1519 3829 1595 ἧς
3855 1525 4018 1578 οὐδὲν

2406 1616 2843 1686 ἐρασμιώτερον,
2906 1614 3008 1668 κᾶν
3053 1616 3116 1668 ea
3164 1616 3264 1688 τῆς
3324 1615 3526 1681 λέξεως
3588 1618 3869 1688 εὐπρεπὲς
3920 1616 4018 1669 καὶ

2407 1706 2636 1777 φαιδρὸν
2669 1706 2743 1777 μὴ
2792 1707 2989 1776 προσῇ.
3034 1706 3185 1777 Μηδὲ
3241 1707 3351 1780 γὰρ
3408 1708 3784 1777 κομμωτικῶν
3839 1708 4019 1779 αὑτὴν

2388 1798 2768 1891 ⁸προσδεῖσθαι
2797 1798 3296 1871 καλλωπισμάτων.
3329 1800 3549 1871 φυσικῷ
3588 1799 3779 1854 κάλλει
3810 1799 4019 1870 λελαμ-

2418 1891 2763 1961 πρυσμένην,
2802 1892 2896 1944 καὶ
2929 1890 3097 1962 μηδὲν
3133 1891 3401 1963 δεομένην
3427 1892 3530 1961 τῆς
3563 1893 3630 1946 ἐκ
3668 1891 3781 1945 τῶν
3824 1892 4018 1963 ῥημά-

2416 1996 2525 2033 των
2542 1979 2731 2052 ὦσπερ
2750 1982 3225 2053 προστριμμάτων
3241 1982 3529 2055 ἀπατηλῆς
3548 1984 4017 2055 ἐπιμορφώσεως.

2416 2065 2575 2124 Οὗτοι
2606 2070 2673 2141 δὴ
2721 2069 2814 2126 οὖν
2847 2073 3065 2136 ἑαυτοῖς
3109 2091 3173 2127 τε
3222 2075 3317 2128 καὶ
3361 2077 3428 2147 τῇ
3465 2074 3695 2148 ἀληθείᾳ
3723 2076 4020 2146 ἀπομαχό-

2417 2182 2594 2235 μενοι,
2627 2164 2716 2218 aia:
2761 2167 2870 2219 τῶν
2898 2165 3161 2221 ἐναντίων
3198 2168 3290 2221 τδν
3321 2169 3444 2220 κατ’
3470 2168 3644 2237 αὐτῆς
3682 2169 4021 2240 ἐμερίσαντο

2416 2258 2674 2329 πόλεμον,
2723 2260 2847 2320 ταῖς
2887 2260 3082 2325 αὑταῖς
3139 2261 3475 2334 προτάσσειν
3517 2263 3781 2333 ἑκάτερος
3832 2262 4021 2317 αὑτῶν

2418 2347 2556 2420 πρὸς
2578 2347 2670 2401 τὸν
2699 2347 2832 2402 ἴδιον
2878 2349 3502 2421 ἀποχρώμενοινσκοπόν
3524 2368 3538 2382 ’
3586 2351 3732 2405 ὥστε
3776 2351 3884 2419 τὴν
3929 2350 4021 2404 διὰ

2416 2440 2530 2494 τῶν
2549 2439 2813 2494 ἐναντίων
2834 2441 3181 2511 συμφωνίαν,
3202 2444 3285 2497 ἐνὶ
3303 2443 3383 2515 τῷ
3397 2444 3497 2513 τῆς
3519 2443 3783 2515 ἀληθείας
3804 2444 4018 2515 ἐλέγχῳ

2419 2533 2558 2604 πρὸς
2583 2532 2696 2586 τῶν
2728 2533 3026 2605 γνωρίμων
3075 2535 3251 2605 αὑτῆς
3292 2536 3722 2607 ἀνατρέπεσθαι,
3779 2536 3881 2590 καὶ
3928 2536 4019 2605 γίο

2420 2627 2610 2682 νεσθαι
2641 2627 2963 2699 περιουσίαν
3003 2628 3185 2697 νίκης,
3212 2629 3311 2700 τῆς
3345 2630 3613 2701 πονηρίας
3647 2629 3749 2700 τὴν
3785 2646 4019 2699 συμφω-

719 2728 861 2783 νίαν.
914 2724 1007 2791 Οἷς
1053 2728 1163 2799 γάρ
1202 2729 1269 2782 ἂν
1315 2728 1545 2800 θάτερον
1590 2729 1698 2782 τῶν
1750 2728 1893 2782 κατὰ
1928 2729 2028 2798 τὴν
2091 2725 2348 2779 ἀσέϐειαν
2388 2722 2901 2794 συμπεπλεγμένων
2963 2723 3408 2794 άνᾱτρέψαιμεν,
3455 2724 3670 2789 τούτοις
3715 2724 4017 2779 συνανατέ-

718 2834 961 2888 τραπται
989 2816 1084 2869 καὶ
1115 2818 1143 2869 ὀ
1171 2816 1379 2887 ἕτερος.

793 2908 891 2963 Est
925 2915 1112 2960 autem
1142 2905 1544 2960 advertendum
1582 2906 1728 2959 idem
1753 2907 2010 2962 evenisse
2036 2906 2184 2961 circa
2228 2906 2314 2960 in-

2505 2897 2704 2961 ’lo‘:‘éov
2728 2898 2859 2969 γὰρ.
2894 2898 2971 2962 ὡς
3008 2900 3206 2955 ταὺτδν
3238 2900 3473 2964 πέπονθε
3519 2904 3651 2974 περὶ
3674 2905 3779 2976 τὴν
3804 2909 4018 2966 οἰκονο-

723 2999 1105 3054 carnationem
1144 2997 1380 3068 Eutychi
1440 2999 1517 3065 (4)
1552 3014 1678 3053 eum
1713 2998 2002 3065 Nestorio,
2050 2998 2201 3069 quod
2251 2999 2310 3054 in

2421 2990 2553 3061 μίαν
2586 2989 2839 3061 Εὑτυχῆς
2864 2989 3004 3059 πρὸς
3029 2992 3347 3064 Νεστόριον,
3382 2994 3412 3047 δ
3444 2996 3574 3066 περὶ
3607 2997 3709 3068 τὴν
3733 2975 4021 3069 θεολογίαν

724 3089 1002 3144 Trinitatc
1032 3087 1276 3143 Sabellio
1305 3104 1431 3143 cum
1458 3089 1626 3155 Ario;
1656 3090 1735 3144 illi
1769 3092 1919 3144 enim
1962 3106 2061 3160 per
2091 3099 2314 3145 contra-

723 3182 809 3238 tia
850 3183 906 3237 in
936 3183 1144 3237 malum
1164 3183 1378 3253 aequale
1396 3183 1747 3238 ceciderunt.
1782 3183 2063 3241 Sabellius
2085 3184 2312 3254 quidem

724 3283 961 3345 propter
991 3275 1385 3339 substantiam,
1428 3276 1483 3330 in
1518 3292 1686 3330 unam
1721 3277 2044 3347 hypostasin
2076 3278 2316 3342 conluu-

728 3371 812 3424 dit
841 3366 1167 3438 hypostases
1191 3385 1206 3432 ;
1240 3368 1409 3423 Arius
1432 3382 1568 3422 vero
1597 3379 1821 3452 propter
1852 3370 2177 3440 hypostases
2202 3408 2219 3435 ,
2245 3370 2319 3425 si-

733 3457 848 3511 mul
876 3473 1004 3513 cum
1036 3457 1119 3513 eis
1140 3457 1508 3512 substantiam
1528 3458 1741 3514 divisit.
1770 3459 1837 3515 Hi
1854 3476 1991 3515 vero
2011 3476 2315 3516 converse:

731 3549 1027 3604 Nestorius
1066 3549 1294 3620 quidem
1328 3550 1531 3605 dividit
1581 3560 1811 3607 naturas
1857 3553 1911 3607 in
1951 3552 2316 3625 hypostases;

733 3642 1013 3713 Eutyehes
1037 3657 1172 3697 vero
1195 3643 1521 3698 commiscet
1556 3651 1784 3701 naturas
1806 3646 1863 3698 in
1887 3651 2165 3699 naturam.
2196 3640 2320 3711 Qni-

737 3735 840 3805 bus
864 3734 1012 3788 enim
1041 3732 1520 3803 disputationibus
1558 3744 1616 3791 et
1638 3737 1984 3807 argumentis
2011 3752 2043 3791 a
2068 3739 2323 3807 superio-

734 3847 858 3885 rum
891 3842 1204 3902 temporum
1237 3832 1560 3888 hominibus
1591 3833 1837 3890 Trinitas
1862 3834 2039 3891 divisa
2078 3846 2184 3898 est,
2208 3836 2321 3891 eis-

735 3923 862 3977 dem
896 3938 926 3977 a
965 3923 1367 3993 posterioribus
1387 3926 1776 3992 oeconomiam,
1825 3926 1879 3982 id
1916 3935 2021 3991 est,
2063 3927 2320 3981 incarna-

736 4017 945 4071 tionem
990 4016 1279 4071 confusam
1321 4032 1444 4072 esse
1496 4019 1822 4089 reperimus.
1877 4018 2091 4087 Quibus
2136 4031 2321 4075 autem

734 4122 885 4161 nunc
927 4108 1293 4161 (economiam
1342 4107 1634 4175 dividunt,
1700 4110 1790 4164 his
1845 4110 1922 4165 illi
1972 4110 2324 4166 divinitatem

733 4197 1107 4253 confundunt.
1165 4198 1277 4269 Age
1307 4214 1463 4270 ergo,
1494 4201 1844 4270 proferamus
1871 4202 1926 4255 in
1950 4202 2193 4257 medium
2222 4220 2320 4257 eo-

729 4305 860 4342 rum
892 4291 1227 4359 sophisticas
1252 4292 1704 4363 propositiones,
1757 4306 1813 4349 et
1848 4304 2110 4364 tanquam
2149 4297 2202 4351 in
2239 4298 2325 4367 ju-

728 4380 907 4445 dicio,
948 4382 1146 4437 demus
1176 4384 1357 4438 locum
1394 4385 1849 4440 accusationibus
1879 4401 2111 4452 eorum;
2157 4396 2325 4455 atque

732 4475 814 4526 ita
840 4489 964 4543 quae
988 4475 1195 4530 frustra
1240 4486 1433 4530 contra
1474 4477 1767 4555 veritatem
1797 4491 1937 4532 vane
1978 4480 2330 4555 excogitave-

720 4564 890 4625 ‘runt.
922 4567 1136 4622 diluere
1168 4569 1515 4623 conabimur.
1612 4552 1638 4570 ⁸

813 4740 1139 4794 Aiuntcnim
1154 4757 1166 4792 :
1184 4739 1239 4794 Si
1259 4739 1399 4794 duas
1415 4748 1643 4793 naturas
1660 4739 1842 4793 inuno
1855 4738 2080 4794 Christo
2098 4754 2221 4795 esse
2247 4739 2334 4795 di-

738 4833 890 4896 citis,
917 4841 1116 4886 natura
1136 4841 1320 4886 autem
1345 4848 1454 4886 non
1484 4840 1570 4886 est
1589 4832 1711 4887 sine
1730 4832 2174 4903 hypostasi,du:e
2197 4849 2331 4903 ergo

738 4934 910 4979 erunt
942 4924 1289 4995 hypostases.
1319 4923 1500 4979 Unum
1523 4931 1711 4979 autem
1739 4932 1825 4977 est
1851 4924 2165 4995 utriusque,
2194 4925 2331 4987 dixi.

739 5026 1050 5081 certamen,
1077 5017 1334 5085 quamvis
1367 5015 1492 5070 finis
1524 5015 1598 5070 sit
1633 5014 1919 5069 differens.
1952 5015 2036 5070 llli
2067 5016 2240 5078 enim,
2275 5015 2330 5069 id

750 5116 855 5171 est,
881 5108 1222 5170 Nestoriani,
1245 5115 1305 5160 ut
1326 5122 1451 5160 cum
1472 5106 1684 5159 naturis
1708 5105 2032 5175 hypostases
2058 5105 2329 5171 inferant;

750 5200 841 5253 alii
878 5202 1100 5264 vero,id
1126 5209 1233 5260 est,
1270 5200 1623 5269 Entveiiiani,
1658 5206 1717 5251 ut
1751 5214 1851 5267 per
1882 5198 2206 5269 hypostases
2238 5215 2337 5253 na-

752 5305 905 5347 turas
927 5292 1090 5347 etiam
1128 5294 1412 5349 tollerent.
1451 5294 1646 5346 eadem
1682 5301 2009 5361 argumento
2055 5292 2141 5346 usi
2184 5301 2332 5348 sunt.

745 5382 854 5437 Sed
886 5383 1133 5445 audiant,
1165 5384 1261 5453 qui
1292 5384 1561 5453 Eutyehis
1585 5392 1770 5452 partes
1796 5391 2129 5451 sequuntur.
2163 5382 2337 5437 Nobis

745 5475 895 5529 enim
936 5490 1108 5529 unum
1146 5491 1442 5529 commune
1498 5484 1776 5527 certamen
1826 5481 2017 5527 contra
2069 5483 2335 5542 utrosque

837 5656 914 5725 ib)
949 5654 1136 5711 Schol.
1200 5656 1253 5710 in
1287 5671 1458 5727 marg.
1527 5656 1657 5727 περὶ

828 5812 905 5881 (5)
952 5812 1125 5867 Aliter
1177 5812 1495 5881 depingitur
1551 5811 1779 5865 iimnws
1840 5812 1939 5863 iste
1978 5827 2006 5863 a
2055 5810 2257 5879 (Ivrillo
2300 5810 2351 5863 in

754 5885 875 5941 Vlla
906 5883 1335 5940 :12ttcl§s:!l=:t'et
1377 5882 1548 5934 sancti
1574 5882 1836 5948 (ζωὴ-ἰπὶ.
1870 5882 2195 5936 1t‘nttt.\Vt>.

2417 3083 2708 3146 Σαϐέλλιος
2741 3084 2881 3155 πρὸς
2902 3084 2994 3139 τὸν
3017 3086 3270 3156 Ἀρειον·
3310 3088 3511 3140 ἐκεῖνοί
3544 3105 3605 3141 τε
3636 3084 3748 3161 γάρ
3780 3091 3874 3146 διὰ
3910 3095 4022 3148 τῶν

2417 3175 2703 3243 ἐναντίων,
2732 3177 2815 3240 εἰς
2858 3177 2923 3230 τὸ
2952 3173 3071 3231 ῐσον
3120 3180 3294 3232 κακὸν
3349 3182 3788 3251 ἐμπεπτώκασιν
3813 3188 3878 3239 ’ὁ
3923 3189 4024 3257 μὲν

2417 3266 2641 3346 διὰιτὴν
2685 3268 2875 3322 οὐσίαν
2925 3272 3008 3334 είς
3067 3270 3197 3341 μίαν
3252 3272 3555 3327 ὑπόστασιν
3613 3276 3869 3346 συγχέων
3923 3279 4024 3345 τὰς

2419 3335 2770 3425 ὑπδστάσεις,
2793 3364 2823 3414 ὁ
2848 3362 2905 3415 δὲ
2929 3362 3018 3417 διὰ
3048 3363 3148 3427 τὰς
3168 3365 3498 3426 ὑποστάσεις
3526 3366 3858 3438 συνδιαιρῶν
3887 3369 4023 3423 ταὺ-

2419 3469 2545 3514 ταις
2587 3452 2685 3505 καὶ
2724 3453 2824 3523 τὴν
2857 3453 3067 3509 οὐσίαν.
3111 3455 3225 3508 Καὶ
3273 3449 3420 3511 οὗτοι
3454 3456 3511 3509 δὲ
3547 3456 3609 3509 τὸ
3648 3458 3956 3526 ἀνάπαλιν,
3995 3459 4028 3513 ὁ

2426 3544 2527 3616 μὲν
2555 3543 2740 3611 τέμνει
2780 3546 2879 3609 τὰς
2916 3547 3109 3614 φύσεις
3155 3549 3234 3610 είς
3282 3547 3639 3613 ὑποστάσεις.
3679 3552 3710 3603 ὀ
3748 3550 3808 3604 δέ
3862 3551 4026 3623 φύρει

2424 3636 2527 3701 τὰς
2558 3636 2750 3705 φύσεις
2779 3638 2860 3701 είς
2895 3638 3078 3708 φύσιν.
3101 3638 3252 3693 Καὶὸ
3286 3641 3388 3709 μὲν
3418 3642 3565 3694 ποιεῖ
3587 3642 3687 3712 τὴν
3718 3641 4028 3696 ὑπόστασιν

2425 3728 2775 3796 ὑποστάσεις,
2809 3731 2837 3783 ὁ
2865 3729 2923 3783 δὲ
2962 3730 3062 3794 τὰς
3098 3730 3293 3800 φύσεις
3321 3733 3402 3796 είς
3430 3731 3596 3801 φύσιν
3641 3733 3895 3803 ἀναχέει.
3933 3728 4030 3797 Οἷς

2426 3820 2536 3891 γάρ
2577 3821 2927 3892 προϐλήμασι
2972 3822 3366 3892 διαιρουμένην
3415 3823 3522 3877 ὑπὸ
3577 3824 3688 3877 τῶν
3736 3826 4030 3897 προτέρων

2425 3911 2573 3965 ἐστιν
2619 3913 2747 3967 ίδεῖν
2796 3914 2895 3984 τὴν
2946 3914 3173 3983 Τριάδα,
3213 3915 3429 3981 τούτοις
3489 3918 3873 3989 συγχεομένην
3926 3918 4034 3972 ὑπὸ

2426 4004 2537 4058 τῶν
2588 4005 2835 4074 ὑστέρων
2894 4006 3233 4075 εὑρίσκομεν
3292 4009 3391 4080 τὴν
3440 4010 3789 4079 οἰκονομίαν·
3838 4004 3923 4073 οἷς
3974 4011 4033 4065 δέ

2426 4094 2697 4167 διαιροῦσι
2746 4094 2845 4167 τὴν
2901 4097 3222 4166 οἰκονομίαν
3263 4098 3315 4150 οἱ
3366 4098 3497 4163 νῦν,
3548 4099 3765 4163 τούτοις
3826 4103 4033 4155 ἐκεῖνοι

2430 4187 2722 4255 συγχέουσι
2749 4188 2849 4256 τὴν
2878 4187 3132 4259 θεότητα.
3160 4189 3297 4259 Φέρε
3339 4190 3404 4259 δὴ
3455 4186 3552 4244 οὗν
3590 4191 3692 4255 τὰς
3727 4192 4032 4262 προτάσεις

2429 4280 2729 4343 αὑτῶν-τὰς
2762 4281 3087 4346 σοφιστικὰς
3125 4282 3208 4345 είς
3254 4282 3417 4351 μέσον
3450 4281 3529 4353 τῷ
3572 4283 3719 4351 λόγῳ
3765 4286 4035 4355 παραγά-

2433 4389 2657 4441 γωμεν,
2713 4374 2807 4426 καὶ
2854 4372 3047 4443 ὥσπερ
3079 4376 3138 4426 ἐν
3169 4374 3548 4447 δικαστηρίῳ,
3605 4376 3795 4448 χώραν
3844 4378 4039 4439 αὐτοῖς

2432 4462 2542 4516 τῶν
2567 4462 2689 4517 καθ’
2722 4463 2881 4533 ἡμῶν
2911 4464 3280 4535 ἐγκλημάτων
3302 4467 3570 4532 ἐνδόντες,
3599 4467 3744 4521 οὕτω
3769 4467 4035 4521 διαλῦσαι

2435 4558 2536 4619 τὰς
2588 4560 2824 4628 ματαίας
2879 4559 3062 4612 αὑτῶν
3115 4559 3257 4640 κατὰ
3313 4560 3415 4630 τῆς
3471 4562 3728 4631 ἀληθείας
3781 4564 4039 4627 ἐπινοίας

2436 4651 2837 4721 πειρασόμεθα.

2502 4742 2643 4795 Φασὶ
2676 4742 2814 4813 γάρ·
2840 4742 2901 4795 Ei
2954 4741 3049 4794 δύο
3084 4740 3275 4810 φύσεις
3330 4743 3427 4796 ἐπὶ
3469 4744 3569 4797 τοῦ
3617 4745 3738 4809 ἐνὸς
3786 4747 4041 4817 Χριστοῦ

2434 4851 2592 4903 φατε,
2637 4835 2739 4887 οὑκ
2772 4834 2885 4887 ἐστι
2928 4834 2986 4887 δέ
3023 4834 3187 4902 φύσις
3223 4836 3600 4899 ἀνυπόστατος
3623 4877 3639 4901 ,
3687 4837 3785 4891 δύο
3826 4839 3941 4908 ἄρα
3974 4840 4044 4893 ἂν

2434 4921 2544 4979 εἷεν
2572 4924 2667 4977 καὶ
2700 4926 2757 4977 αί
2789 4924 3122 5002 ὑποστάσεις
3147 4939 3160 4952 ·
3196 4920 3278 4988 εἷς
3299 4923 3359 4978 δέ
3387 4925 3535 4979 ἐστιν
3560 4927 3923 4997 ἀμφοτέροις.
3965 4930 4045 4992 ὡς

2439 5013 2598 5094 ἔφην,
2653 5013 2824 5081 ἀγὼν,
2871 5012 2974 5066 κᾶν
3004 5013 3032 5064 ὁ
3076 5008 3337 5087 σκοπὸςῇ
3372 5013 3651 5086 διάφορος.
3684 5017 3746 5069 Οἱ
3791 5018 3894 5087 μὲν
3927 5021 4046 5089 γάρ

2441 5103 2529 5156 ἵνα
2558 5105 2673 5166 ταῖς
2705 5103 2905 5170 φύσεσι
2931 5105 3377 5171 συνεισαγάγωσι
3418 5104 3519 5168 τὰς
3559 5106 3893 5169 ὑποστάσεις
3926 5148 3940 5168 ,
3995 5112 4047 5161 ei

2441 5198 2496 5252 δὲ
2538 5198 2622 5251 iv:
2652 5198 2740 5252 διά
2768 5199 2876 5252 τῶν
2909 5200 3265 5253 ὑποστάσεων
3293 5202 3387 5253 καὶ
3414 5200 3514 5264 τὰς
3551 5200 3744 5268 φύσεις
3774 5202 4044 5269 ἁνέλωτι,

2442 5290 2521 5359 τῷ
2559 5290 2707 5361 αὐτῷ
2760 5290 3063 5360 κέχρηνται
3089 5290 3463 5362 προϐλήματι.
3507 5290 3648 5342 Ἀλλ’
3686 5291 4054 5346 άκουέτιυσαν

2444 5384 2538 5435 καὶ
2569 5382 2706 5451 πρὸς
2751 5382 2909 5450 ἡμῶν
2948 5384 2998 5434 ot
3028 5384 3127 5452 τῆς
3154 5383 3428 5453 Εὑτυχοῦς
3465 5383 3659 5452 μοίρας
3696 5384 3760 5435 ’ὁ
3799 5382 3901 5452 μὲν
3939 5387 4055 5453 γάρ

2442 5489 2526 5526 τις
2561 5473 2736 5535 κοινὸς
2776 5475 2907 5543 ἡμῖν
2936 5474 3070 5543 πρὸς
3106 5473 3429 5544 ἐκατέρους,
3459 5474 3568 5527 6δέ
3600 5471 3732 5535 ἴδιός
3756 5475 3875 5526 ἐστι
3910 5476 4056 5546 πρὶς

1714 5655 1810 5708 τοῦ
1847 5656 1993 5709 acea
2028 5654 2231 5708 Νόννου
2261 5651 2416 5723 φησί.

2472 5881 2485 5901 θ
2541 5808 2850 5932 (hri-Indum
2902 5809 3062 5863 habet
3124 5809 3175 5862 in
3212 5809 3355 5863 libro
3385 5808 3460 5862 De
3500 5809 3671 5873 sectis,
3695 5814 3806 5862 act.
3841 5806 3899 5873 l,
3932 5823 4058 5878 pag.

2472 5883 2580 5932 iffti.
2642 5898 2771 5932 ..μω
3696 5920 3713 5932 .

2472 5883 2580 5934 iffti.
2616 5883 2771 5932 l’..\s.\.
