4218 6444
276 384 410 451 1281

1342 388 1637 450 CONTRA
1682 390 2001 453 NESIOR.
2042 395 2138 454 ET
2179 397 2502 457 EEI‘YCII.

3400 395 3532 458 1282

271 499 645 569 παράδειγμα,
679 497 772 550 τοῦ
823 497 959 567 αὐτῇ
995 499 1056 565 τῇ
1091 496 1246 567 οὐσίᾳ
1289 497 1378 549 τὸν
1405 498 1577 564 Λόγον
1609 499 1826 569 ἡνῶσθι

1921 503 2073 563 ,ίδιὶε
2123 504 2263 559 male.
2317 503 2559 566 feriatis,
2617 514 2675 558 ut
2721 503 3068 573 imperfectas
3118 517 3351 571 vocent,
3407 525 3534 564 cum

266 590 349 662 τῷ
397 590 456 655 ἐξ
487 589 646 659 ἡμῶν
687 588 899 658 σώματι
932 588 1025 641 καὶ
1067 587 1190 656 μηδ’
1219 587 1284 641 ἀν
1323 605 1457 640 ποτε
1488 591 1655 658 χωρὶς
1687 591 1852 643 αὑτοῦ

265 681 666 750 τεθεωρῆοθαι,
705 682 752 732 εἰ
783 682 875 733 καὶ
907 680 1071 742 σώζοι
1115 682 1217 733 κάν
1245 683 1310 750 τῇ
1339 677 1530 732 ἐνώσει
1565 681 1626 732 τὸ
1669 683 1852 748 διά-έο-

268 791 384 844 ρον,
409 773 599 842 ὥσπερ
634 774 826 844 ἀμέλει
861 775 953 826 καὶ
983 774 1010 825 6
1040 772 1219 834 κοινὸς
1247 772 1554 842 ἄνθρωπος.
1593 772 1682 824 Ἐν
1713 777 1850 825 οὐδε-

269 873 490 938 ποτέρῳ
520 868 630 940 γάρ
663 867 1001 938 συγχυθέντα
1026 867 1275 934 φαένεται
1302 865 1372 918 τά
1405 866 1686 935 ἰδιώματα.
1715 867 1851 920 Οὖτε

266 959 377 1030 γὰρ
409 957 469 1024 ἐξ
513 959 744 1028 ἀοράτου
796 958 829 1029 ἢ
879 956 1173 1021 ἀθανάτου,
1214 955 1389 1026 όρατὴ
1420 957 1512 1009 καὶ
1559 955 1727 1027 θνητὴ
1760 959 1852 1025 γέ-

267 1063 427 1114 γονεν
457 1050 489 1116 ἠ
535 1047 778 1116 ἡμετέρα
817 1047 985 1116 ψυχὴ,
1016 1045 1138 1100 οὔτε
1179 1047 1286 1117 μὴν
1315 1049 1342 1098 6
1370 1047 1543 1114 Λόγος
1589 1049 1781 1118 ὁρατὸς
1814 1049 1846 1118 ἢ

265 1137 484 1208 θνητὸς,
517 1139 718 1206 καίπερ
751 1139 809 1190 ἐν
833 1138 1016 1208 ὁρατῷ
1062 1139 1153 1190 καὶ
1200 1136 1380 1208 θνητῷ
1411 1137 1622 1208 σώματι
1656 1140 1754 1207 τῆς
1788 1157 1850 1191 τε

267 1231 538 1299 ἡμετέρας
571 1229 750 1298 ψυχῆς
785 1233 876 1281 καὶ
907 1228 997 1282 τοῦ
1030 1230 1202 1297 Λόγου
1241 1231 1646 1312 γεγενημένων.
1679 1231 1848 1294 Σώζει

263 1322 374 1390 γὰρ
399 1322 732 1385 ἀνελλειπῶς
753 1323 861 1372 τῶν
885 1323 1190 1391 εἰρημένων
1225 1315 1503 1391 ὲῖἆτερον,
1539 1323 1567 1373 ὃ
1594 1338 1648 1372 τε
1671 1323 1848 1385 κοινὸς

261 1413 550 1485 ἄνθρωπος
572 1417 600 1467 6
648 1417 712 1466 ἐκ
751 1417 930 1483 ψυχῆς
961 1416 1055 1466 καὶ
1098 1414 1370 1484 σώματος,
1407 1415 1434 1465 ὃ
1468 1432 1525 1466 τε
1561 1415 1752 1484 Σωτὴρ
1784 1417 1848 1466 ἐκ

261 1506 516 1576 θεότητος
540 1509 632 1560 καὶ
657 1508 1079 1576 ἀνθρωπότητος
1113 1508 1372 1569 ὑποστάς.
1403 1508 1465 1558 οι
1493 1507 1549 1558 δὲ
1581 1509 1640 1558 οὐ
1677 1506 1796 1558 καθ’
1819 1506 1848 1558 ὃ

259 1598 462 1663 ἔοικεν,
501 1597 636 1650 ἀλλά
683 1597 805 1651 καθ’
834 1597 863 1649 6
911 1600 1137 1650 ἀπέοικε
1177 1596 1517 1665 λαμϐάνουσι
1560 1596 1622 1649 τὸ
1660 1597 1844 1665 παρά-

259 1689 480 1758 δειγμα,
514 1692 606 1741 καὶ
636 1690 1027 1759 κακοσχολοῦσι
1064 1691 1192 1760 περὶ
1230 1691 1329 1753 τὰς
1368 1689 1627 1752 πεύσεις·
1656 1689 1844 1761 ὥσπερ

257 1779 325 1831 ἂν
347 1781 397 1832 εἰ
430 1782 522 1832 καὶ
551 1781 608 1832 τὸ
631 1781 858 1848 ἡλιακὸν
889 1784 1237 1851 ἀπαύγασμα
1261 1780 1439 1854 ,ἡμῶν
1467 1780 1842 1851 παραλαμϐα-

1955 593 2160 663 alioqui
2195 610 2305 648 non
2341 593 2472 655 sint,
2505 593 2808 646 secundum
2860 593 3128 648 rationem
3165 600 3438 662 essenlize,
3476 610 3535 653 ut

1955 695 2142 752 postea
2164 685 2705 749 demonstrabimus;
2739 683 2832 736 sed
2863 682 3197 754 sumpsimus
3223 697 3531 757 exenipium

1952 775 2020 829 ad
2066 776 2457 831 declarandum
2491 793 2613 831 esse
2645 776 2885 831 Verbum
2929 776 3028 846 ipsi
3064 778 3385 832 substantia:
3414 780 3533 833 nni-

1955 875 2070 920 tum
2100 907 2114 930 ,
2160 869 2374 936 corpori
2429 869 2639 922 scilicet
2677 884 2744 922 ex
2791 869 2952 922 nobis
2984 879 3240 936 sumpto,
3287 877 3343 923 et
3387 887 3531 924 nun-

1951 973 2114 1029 quam
2181 959 2300 1013 sine
2366 976 2433 1014 eo
2487 961 2674 1024 cerni,
2726 963 2982 1029 quamvis
3031 970 3216 1016 servet
3259 961 3424 1015 etiam
3475 963 3529 1017 in

1953 1056 2159 1104 unione
2219 1050 2632 1115 diﬂ'erentiam;
2687 1052 2831 1104 sicut
2895 1052 3062 1105 etiam
3131 1060 3318 1110 servat
3377 1066 3531 1104 com-

1950 1142 2134 1196 munis
2167 1141 2352 1194 homo.
2403 1140 2462 1195 ln
2507 1149 2705 1194 neutro
2748 1139 2898 1194 enim
2948 1150 3254 1194 cernuntur
3301 1141 3532 1195 confuso

1949 1233 2335 1302 proprietates.
2374 1232 2485 1286 Nec
2523 1233 2672 1284 enim
2721 1247 2788 1286 ex
2834 1230 3099 1285 invisibili
3143 1241 3200 1284 et
3231 1231 3530 1284 immortali

1948 1322 2090 1376 facta
2134 1331 2219 1376 est
2273 1323 2454 1375 anima
2531 1333 2719 1375 nostra
2773 1320 3074 1374 invisibilis
3135 1331 3191 1374 et
3255 1321 3526 1374 mortalis.

1947 1413 2136 1481 Neque
2185 1412 2428 1466 Verbum
2476 1412 2680 1466 factum
2725 1421 2810 1465 est
2856 1412 3074 1467 visibile
3133 1421 3190 1467 et
3267 1413 3523 1475 mortale,

1947 1505 2198 1576 quamvis
2229 1504 2284 1557 in
2326 1519 2559 1574 corpore
2595 1504 2796 1558 visibili
2844 1513 2900 1558 et
2944 1506 3180 1558 mortali.
3221 1505 3528 1575 Utrumque

1945 1597 2094 1650 enim
2127 1595 2400 1649 dictorum
2442 1604 2620 1648 servat
2663 1596 2872 1666 integre
2915 1610 3069 1648 suam
3111 1596 3525 1663 pr0prietatem,

1946 1686 2092 1740 sicut
2148 1684 2437 1752 utriusque
2510 1693 2708 1738 natura
2767 1685 3030 1754 postulat;
3098 1683 3265 1738 homo
3313 1685 3529 1738 scilicet

1944 1777 2257 1832 communis
2298 1791 2365 1829 ex
2401 1776 2583 1829 anima
2626 1784 2682 1829 et
2718 1791 2952 1843 corpore
2999 1785 3279 1836 constans,
3314 1781 3372 1828 et
3414 1773 3527 1828 εει.

256 1872 459 1923 νόντων
498 1872 590 1924 ἐπὶ
635 1872 727 1923 τοῦ
762 1873 935 1938 Λόγου
968 1874 1060 1924 καὶ
1104 1871 1201 1924 τοῦ
1249 1872 1487 1940 Ματρὸς,
1520 1871 1606 1923 διά
1631 1877 1692 1924 τὸ
1727 1888 1823 1922 συν

1947 1876 2103 1921 vator
2145 1869 2200 1920 in
2247 1866 2534 1920 divinitate
2569 1877 2622 1920 et
2671 1865 3013 1919 humanitate
3061 1865 3390 1919 subsistens.
3432 1861 3523 1917 isti

257 1967 397 2029 αφές
451 1981 518 2017 τερ
565 1966 658 2017 καὶ
697 1966 985 2028 συναῒδιον,
1035 1965 1434 2034 ἐπηρεάζουσιν
1478 1966 1608 2035 ἡμῖν
1641 1964 1718 2027 ὼς
1773 1963 1835 2015 τὸ

256 2055 631 2109 ἀνυπόστατον
669 2056 843 2126 ταύτῃ
873 2057 1417 2120 κατασκευάζουσινξι

1942 1973 2074 2012 vero
2121 1958 2436 2026 exémplum
2483 1957 2804 2024 accipiunt,
2857 1973 2968 2010 non
3017 1967 3294 2027 quatenus
3341 1955 3523 2009 simile

1943 2058 2049 2112 est,
2090 2049 2186 2103 sed
2226 2058 2503 2118 quatenus
2540 2046 2827 2103 dissimile.
2873 2048 2939 2101 Et
2977 2049 3120 2102 male
3159 2042 3425 2102 feriantur
3465 2047 3522 2100 in

253 2149 374 2202 suis
422 2148 971 2231 percontationibus,
1015 2157 1075 2201 ut
1119 2161 1246 2201 cum
1296 2161 1398 2201 nos
1448 2145 1803 2216 splendorem
1861 2141 1995 2197 solis
2044 2140 2283 2208 exempli
2328 2153 2493 2193 causa
2540 2137 2596 2192 in
2662 2137 2842 2192 Verbo
2877 2149 2936 2193 et
2978 2138 3135 2193 Patre
3192 2141 3524 2194 assumimus

251 2250 484 2310 propter
520 2243 970 2312 conjunctionem
1018 2250 1174 2295 ortus
1212 2239 1524 2309 splendoris
1572 2253 1699 2310 cum
1771 2236 1908 2300 sole,
1949 2249 2052 2290 nos
2091 2241 2312 2298 vexant,
2359 2231 2518 2302 quasi
2572 2232 2675 2288 hac
2719 2233 2933 2287 ratione
2965 2232 3231 2288 faciamus
3277 2232 3522 2288 Verbum

251 2348 365 2387 non
393 2334 696 2388 subsistere
732 2349 831 2404 per
863 2349 944 2387 se.

322 2425 447 2479 Ὀτι
478 2426 535 2478 δὲ
582 2426 690 2478 οὐδ’
726 2427 754 2478 6
799 2425 1086 2495 ἄνθρωπος
1123 2424 1183 2491 ἐξ
1216 2423 1422 2478 ἀτελῶν
1463 2426 1577 2478 ἐστι
1626 2423 1827 2494 μερῶν,

249 2518 395 2571 κατὰ
416 2533 479 2585 γε
511 2518 603 2570 τὸν
634 2516 726 2570 τοῦ
756 2517 872 2581 πῶς
910 2513 1050 2569 εἶναι
1087 2516 1317 2587 θατέρου
1345 2517 1522 2584 λόγον,
1555 2517 1603 2568 ει
1634 2517 1727 2569 καὶ
1756 2515 1832 2578 ὼς

247 2609 386 2680 πρὸς
420 2610 545 2679 ὅρον
579 2609 672 2663 τοῦ
695 2611 816 2662 ὅλου
852 2609 1166 2679 ἀνθρώπου,
1199 2609 1289 2662 τὸν
1308 2608 1404 2660 τοῦ
1431 2606 1553 2660 ὅλου
1589 2607 1657 2660 τά
1689 2608 1831 2678 μέρη

245 2701 427 2769 λόγον,
453 2701 529 2763 ὡς
557 2703 682 2755 ὅλου
725 2703 824 2754 οὐκ
857 2698 1187 2770 ἐπιδέχεται,
1235 2694 1338 2753 ὦδε
1392 2699 1456 2753 ἂν
1511 2700 1724 2768 μάθοις.
1763 2699 1831 2753 Τί

245 2784 358 2863 γὰρ
381 2794 554 2846 λείποι
575 2795 639 2864 τῇ
661 2794 828 2862 ψυχῇ,
853 2777 1350 2864 χωριστὴψίὲχούσῃ
1379 2793 1471 2845 καὶ
1498 2791 1634 2845 ἰδίαν
1661 2791 1830 2861 ζωὴν,

245 2884 387 2954 πρὸς
415 2883 476 2936 τδ
509 2881 648 2937 εἶναι
678 2885 868 2937 οὐσίαν
909 2884 1200 2954 ἀσώματον
1241 2883 1627 2956 αὑτοκίνητονς
1673 2881 1832 2936 τοῦτο

243 2977 354 3044 γὰρ
377 2975 549 3043 αὐτῆς
578 2974 730 3044 δηλοῖ
757 2977 848 3026 καὶ
873 2974 936 3026 τὸ
967 2974 1234 3027 ἀθάνατον
1273 2975 1369 3027 καὶ
1406 2972 1468 3026 τὸ
1502 2972 1826 3044 ἀνώλεθρον.

243 3067 311 3118 Τί
348 3067 404 3120 δὲ
451 3068 528 3136 τῷ
579 3065 794 3136 σώματι
835 3067 974 3136 πρὸς
1012 3065 1071 3118 τὸ
1095 3063 1233 3118 εἶναι
1285 3065 1478 3134 σῶμα;
1535 3060 1596 3118 οὗ
1630 3065 1693 3133 δὴ
1735 3065 1829 3117 καὶ

240 3161 588 3222 ἀποδιδόντες
637 3161 729 3213 τὸν
773 3161 898 3229 ὅρον
956 3160 1108 3227 φασὶ,
1161 3158 1320 3226 σῶμα
1359 3153 1500 3211 εἶναι
1546 3158 1608 3212 τὸ
1662 3159 1824 3228 τριχῇ

238 3253 546 3314 διαστατὺν,
587 3252 619 3322 ἢ
649 3252 808 3322 σῶμα
835 3253 1064 3320 φυσικὸν
1086 3251 1381 3322 ὀργανικὸν
1408 3250 1639 3320 δυνάμει
1677 3250 1824 3322 ζωὴν

182 3356 206 3393 :
238 3341 401 3411 ιχον⁹
448 3341 698 3412 ἑκάτεροι
748 3339 857 3410 γὰρ
903 3340 1011 3393 τῶν
1056 3342 1200 3408 ὅρων
1249 3341 1344 3393 ἐπὶ
1400 3338 1493 3393 τοῦ
1551 3341 1821 3410 ἡμετέρου

238 3432 495 3502 σώματος
549 3433 766 3494 οἰκείως
827 3431 1164 3499 ἀρμόσουσιν
1201 3447 1215 3462 ο
1273 3432 1375 3485 οὐκ
1428 3431 1592 3502 ἀτελῆ
1645 3432 1824 3484 τοίνυν

232 3522 411 3578 ταῦτα
443 3524 565 3578 καθ’
595 3525 766 3578 ἑαυτά
800 3523 1210 3594 λαμϐανόμενα,
1243 3526 1294 3578 ετ
1327 3525 1420 3577 καὶ
1452 3523 1618 3594 ἀτελῆ
1663 3525 1824 3580 πάλιν

231 3620 523 3687 λέγονται,
567 3618 644 3681 ὠς
697 3618 836 3688 πρὸς
880 3617 978 3688 τὴν
1029 3616 1125 3670 τοῦ
1180 3618 1304 3671 ὅλου
1363 3620 1422 3671 ὲν
1459 3612 1504 3686 ᾧ
1555 3619 1626 3672 τά
1678 3619 1819 3688 μέρη

237 3714 563 3773 ὑπόστασινο
597 3710 772 3781 τούτῳ
809 3713 920 3782 γάρ
945 3712 1024 3783 τῷ
1053 3713 1216 3782 λόγῳ,
1242 3715 1342 3766 οὐκ
1364 3713 1428 3765 ἂν
1451 3714 1686 3782 ἁμάρτοι
1713 3731 1818 3775 τις,

233 3807 327 3856 καὶ
360 3804 416 3854 τὸ
448 3802 589 3855 κατά
613 3803 849 3872 Χριστὸν
879 3803 1226 3872 ἑρμηνεύσας
1259 3806 1578 3873 μυστήριον.
1605 3803 1820 3866 Ἀτελὲς

230 3896 366 3967 γάρ,
398 3896 502 3948 κᾶν
533 3897 607 3957 ὡς
637 3895 771 3958 Θεὸς
836 3895 1062 3963 γυμνὸς,
1092 3895 1125 3967 ἢ
1175 3896 1464 3966 ἄνθρωπος
1491 3895 1648 3965 ψιλὸς
1677 3897 1819 3966 λαμ-

231 3987 469 4056 ϐάνηται
491 4003 504 4015 ο
530 3985 603 4048 ὡς
637 3985 887 4038 ἐντεῦθεν
909 3986 1086 4040 διττὸν
1121 3983 1262 4040 εἶναι
1292 3986 1383 4040 τὸν
1415 3987 1514 4056 τῆς
1543 3989 1816 4058 τελειότη-

234 4093 323 4139 τος
353 4077 498 4146 ὅρον,
547 4075 641 4128 καὶ
691 4077 783 4128 τὸν
834 4076 932 4146 μὲν
983 4077 1173 4140 ἁπλῶς
1212 4077 1492 4144 λέγεσθαι,
1529 4078 1622 4131 τὸν
1652 4078 1708 4131 δὲ
1759 4080 1816 4130 ἄν

229 4169 416 4238 σχέσει
446 4167 796 4239 θεωρεῖσθαι,
834 4169 972 4222 κατά
1013 4170 1104 4222 τὸν
1137 4170 1311 4239 μέγαν
1351 4171 1672 4241 Γρηγόριον.
1715 4173 1818 4225 Τέ-

228 4262 368 4324 λειος
416 4261 515 4329 μὲν
545 4262 654 4332 γάρ
687 4264 834 4330 ἐστιν
864 4263 893 4314 6
918 4261 1095 4331 λόγος,
1135 4264 1228 4317 καὶ
1269 4263 1513 4335 πλήρης,
1546 4266 1638 4318 καὶ
1673 4283 1815 4336 παρ-

226 4353 450 4417 εκτικδς
488 4354 829 4423 τελειότητος
855 4371 870 4385 ·
911 4355 1095 4408 τελεία
1119 4355 1176 4407 δὲ
1202 4356 1294 4407 καὶ
1332 4359 1364 4424 ἡ
1393 4356 1486 4408 τοῦ
1525 4356 1813 4427 ἀνθρώπου

223 4444 397 4516 ψυχὴ,
429 4446 503 4508 ὡς
537 4446 674 4514 πρὸς
703 4447 796 4499 τὸν
829 4447 956 4518 ὅρον
985 4446 1086 4516 τῆς
1113 4447 1420 4517 ὑπάρξεως.
1456 4449 1596 4501 Ἀλλ’
1641 4451 1761 4502 οὐδὲ
1788 4454 1816 4504 6

232 4539 401 4606 Λόγος
455 4538 660 4601 τέλειος
700 4539 957 4608 Χριστὸς,
1009 4539 1115 4593 κάν
1162 4539 1364 4606 τέλειος
1413 4541 1498 4610 εἴη
1529 4540 1681 4605 Θεὸς,
1737 4542 1812 4612 μὴ

235 4629 328 4699 τῆς
379 4628 800 4700 ἀνθρωπότητος
866 4629 1016 4700 αὐτῷ
1069 4633 1544 4702 συντεταγμένης·
1597 4631 1721 4686 οὔτε
1779 4637 1812 4703 ὴ

235 4719 374 4790 ψυχὴ
403 4720 608 4785 τέλειος
633 4720 940 4792 ἄνθρωπος,
974 4723 1074 4776 κᾶν
1106 4723 1318 4777 τελείαν
1352 4723 1466 4794 ἔχει
1493 4726 1704 4791 οὐσίαν,
1737 4728 1812 4798 μὴ

230 4811 318 4865 τοῦ
351 4811 606 4883 σώματος
647 4814 784 4884 αὑτῇ
835 4817 1346 4884 συνεπινοουμένου.
1408 4817 1518 4871 Καὶ
1567 4819 1722 4870 τοῦτο
1754 4820 1809 4872 δὲ

221 4906 727 4976 παρασημήνασθαι
753 4907 881 4978 χρὴ,
912 4909 994 4962 ὃτι
1021 4911 1134 4972 τοῖς
1156 4910 1266 4962 τῶν
1299 4913 1635 4982 πραγμάτων
1663 4913 1810 4981 ὅροις

218 4999 270 5051 οῑ
300 5003 486 5069 χρόνοι
535 4999 597 5052 οὐ
639 5001 1309 5072 συμπαραλαμϐάνονται,
1347 5002 1536 5072 ὥσπερ
1583 5003 1705 5056 οὐδὲ
1756 5004 1808 5055 οἱ

221 5094 400 5148 τόποι.
434 5092 556 5146 Τῶν
584 5095 695 5164 γάρ
721 5087 796 5145 ὧν
820 5095 920 5147 οὐκ
968 5093 1096 5148 ἄνευ
1142 5094 1236 5147 καὶ
1283 5094 1442 5163 μόνον
1490 5094 1650 5160 λόγον
1710 5094 1809 5144 ἐπ-

219 5189 465 5255 έχουσιν.
503 5185 624 5238 Ἔτι
677 5189 781 5251 πᾶς
832 5189 955 5258 ὅρος
1007 5186 1101 5240 τοῦ
1153 5186 1248 5240 νῦν
1293 5188 1616 5260 πράγματός
1662 5186 1809 5237 ἐστιν

289 5347 407 5406 (12)
443 5346 716 5417 Duplicem
739 5362 864 5402 esse.
889 5346 1102 5416 Duplex
1131 5345 1383 5401 definitio
1446 5344 1798 5415 perfectionis

219 5419 274 5473 in
315 5417 562 5472 Christo.
591 5418 766 5472 altera
799 5419 1030 5486 simplex
1065 5417 1249 5474 dicta:
1288 5419 1460 5470 altera
1498 5417 1551 5468 in
1582 5417 1800 5468 habitu-

216 5490 351 5542 dine
382 5488 615 5555 simplex
651 5488 718 5543 ad
783 5488 1130 5542 divinitatem
1189 5486 1350 5542 Verbi
1404 5497 1650 5556 spectat:
1711 5487 1800 5538 illa

216 5574 341 5627 qnze
371 5558 425 5610 in
462 5558 785 5613 habitudine
837 5557 1114 5622 consistit,
1148 5560 1392 5627 pertinet
1427 5558 1493 5610 ad
1541 5556 1805 5609 unionem

219 5627 387 5681 Verbi
411 5643 538 5682 cum
562 5629 923 5683 humanitate.
959 5629 1096 5683 Tun.

290 5698 544 5758 (will/1c
575 5709 750 5752 autem
809 5699 1173 5752 adnotandum
1230 5708 1322 5751 est.
1369 5699 1605 5752 Advorte
1659 5697 1806 5768 qtiod

215 5769 572 5824 definitiones
605 5786 714 5824 non
739 5769 984 5823 inferunt
1028 5770 1192 5822 simul
1230 5785 1354 5821 eum
1412 5770 1656 5823 deﬁnitis
1684 5771 1800 5821 lor-a

221 5850 272 5895 et
309 5851 592 5906 tempora;
625 5855 726 5894 nec
780 5841 928 5894 enim
961 5856 1083 5908 qua:
1131 5839 1492 5897 deﬁniuntur.
1543 5847 1797 5893 constant

2008 2414 2165 2482 Quod
2209 2424 2394 2469 autem
2441 2430 2622 2486 neque
2682 2415 2848 2470 homo
2894 2431 2962 2471 ex
3009 2417 3350 2487 imperfectis
3397 2434 3525 2488 par—

1941 2507 2088 2562 tibus
2115 2507 2455 2577 compositus
2476 2516 2560 2562 est
2589 2509 2893 2562 secundum
2926 2509 3196 2564 rationem
3232 2511 3520 2582 cujusdam

1937 2599 2190 2655 essentia:
2223 2599 2546 2656 alterutrius
2592 2601 2788 2669 partis,
2838 2602 3092 2670 quamvis
3147 2603 3327 2672 quoad
3385 2603 3523 2657 defi-

1939 2693 2204 2748 nitionem
2247 2693 2417 2748 totius
2467 2693 2708 2748 hominis
2739 2709 2850 2748 non
2881 2694 3170 2762 recipiunt
3220 2704 3405 2764 partes
3435 2712 3521 2750 ra-

1941 2784 2148 2840 tionem
2184 2787 2352 2840 totius
2381 2795 2641 2854 tanquam
2680 2785 2869 2848 totius,
2921 2785 3000 2839 sic
3044 2785 3341 2858 intelliges.
3375 2787 3518 2854 Quid

1933 2877 2078 2932 enim
2112 2878 2267 2934 deest
2297 2879 2494 2933 animae
2527 2877 2752 2932 habenti
2799 2889 3108 2948 separatam
3150 2888 3206 2934 et
3233 2881 3516 2952 propriam

1930 2969 2123 3034 vitam,
2156 2969 2225 3024 ad
2259 2969 2385 3034 hoc,
2418 2979 2477 3024 ut
2499 2971 2569 3024 sit
2598 2971 2905 3025 substantia
2926 2973 3271 3042 incorporea.
3299 2990 3519 3047 semper

1931 3061 2196 3116 mobilis?
2230 3061 2346 3116 Hoc
2374 3063 2524 3116 enim
2554 3063 2800 3116 declarat
2824 3062 3192 3118 immortalem
3224 3081 3346 3121 esse
3367 3084 3512 3133 eam,

1853 3150 1894 3206 C
1928 3161 1984 3207 et
2024 3152 2255 3208 interire
2287 3169 2397 3207 non
2442 3168 2622 3222 posse.
2663 3153 2805 3220 Quid
2838 3170 3032 3210 rursus
3075 3156 3228 3212 deest
3270 3164 3512 3230 corpori,

1928 3252 1989 3297 ut
2027 3243 2102 3298 sit
2152 3244 2390 3313 ebrpus‘!
2439 3243 2587 3314 quod
2641 3244 2867 3314 quidem
2915 3246 3011 3314 qui
3039 3246 3330 3311 definiunt,
3357 3251 3514 3306 aiunt

1925 3351 2049 3391 esse
2110 3351 2315 3406 corpus
2366 3335 2567 3405 triplici
2607 3336 2994 3402 dimensione;
3041 3348 3138 3394 aut
3178 3357 3381 3412 corpus
3413 3360 3512 3398 na-

1928 3431 2103 3486 turale
2157 3431 2476 3501 organicum
2525 3439 2794 3500 potestate
2833 3431 3004 3487 vitam
3056 3433 3299 3501 habens;
3355 3446 3511 3494 utra-

1923 3539 2031 3593 que
2084 3523 2230 3578 enim
2292 3523 2545 3580 definitio
2605 3533 2733 3594 apte
2794 3527 3087 3586 conveniet
3134 3531 3354 3599 corpori
3417 3547 3512 3586 no-

1924 3626 2066 3682 stro;
2114 3632 2225 3670 non
2270 3627 2402 3671 sunt
2440 3617 2610 3687 igitur
2652 3617 2975 3687 imperfecta
3008 3630 3226 3689 sumpta
3277 3637 3376 3692 per
3425 3639 3508 3688 se.

1925 3709 2145 3763 tametsi
2204 3709 2529 3778 imperfecta
2585 3710 2887 3778 dicuntur,
2938 3713 3119 3782 quoad
3175 3715 3510 3785 hypostasim

1925 3800 2116 3864 totius,
2174 3799 2228 3854 in
2287 3817 2397 3870 quo
2443 3810 2575 3854 sunt
2607 3811 2839 3871 partes;
2899 3802 3005 3858 hac
3061 3805 3210 3858 enim
3272 3807 3508 3871 ratione,

1921 3907 2032 3946 non
2063 3893 2362 3959 aberrabit,
2394 3895 2488 3964 qui
2525 3895 2690 3950 etiam
2732 3896 3056 3966 mysterium
3090 3896 3299 3954 Christi
3336 3899 3510 3954 inter~

1922 3982 2260 4051 pretabitur.
2314 3983 2708 4054 Imperfectum
2745 3986 2895 4039 enim
2942 3995 3062 4050 est,
3121 3988 3166 4041 si
3216 3989 3302 4042 vel
3365 3989 3510 4044 Deus

1919 4074 2108 4128 nudus
2161 4075 2284 4130 sine
2335 4075 2714 4140 humanitate,
2779 4078 2864 4132 ve1
2916 4078 3084 4134 homo
3143 4079 3274 4135 item
3325 4082 3509 4138 nudus

1920 4167 2040 4223 sine
2067 4167 2356 4224 divinitate
2381 4179 2655 4235 sumatur,
2693 4179 2754 4225 ut
2782 4170 2914 4226 hinc
2943 4181 3207 4241 appareat
3230 4173 3506 4242 duplicem

1919 4274 2042 4315 esse
2098 4261 2208 4330 (12)
2263 4259 2623 4330 perfectionis
2681 4261 3064 4317 deﬁnitionem
3120 4263 3176 4319 in
3239 4264 3503 4330 Christo;

1920 4367 2112 4416 unam,
2151 4367 2273 4421 qua:
2303 4353 2632 4422 simpliciter
2671 4352 2920 4419 dicitur;
2973 4355 3224 4416 alteram.
3267 4372 3391 4426 quae
3445 4357 3503 4410 in

1919 4443 2247 4499 habitudine
2269 4447 2539 4509 cernitur,
2554 4445 2856 4500 secundum
2881 4462 3134 4517 magnum
3158 4446 3501 4518 Gregorium.

1923 4537 2236 4592 Perfectum
2276 4553 2516 4606 namque
2561 4547 2644 4592 est
2690 4537 2970 4604 Verbum,
3016 4549 3071 4594 et
3134 4540 3395 4610 plenum,
3450 4551 3507 4596 et

1922 4631 2174 4700 praebens
2205 4631 2634 4700 perfectionem:
2689 4632 2933 4702 perfecta
2980 4642 3166 4686 autem
3202 4643 3288 4688 est
3316 4634 3501 4687 anima

1923 4725 2184 4789 hominis,
2223 4736 2490 4795 quantum
2523 4725 2589 4780 ad
2639 4725 3018 4780 definitionem
3065 4727 3322 4782 essentia:
3366 4742 3497 4782 suae.

1920 4816 2026 4871 Sed
2066 4827 2250 4872 tamen
2281 4833 2462 4887 neque
2491 4818 2735 4872 Verbum
2773 4826 2859 4872 est
2898 4817 3178 4888 perfectus
3223 4818 3498 4882 Christus,

1916 4925 2028 4964 non
2083 4910 2234 4964 unita
2283 4909 2657 4976 humanitate,
2719 4911 2974 4978 quamvis
3019 4910 3300 4980 perfectus
3357 4911 3503 4966 Deus

1915 5001 2014 5062 sit;
2050 5016 2151 5056 nec
2180 5001 2361 5055 anima
2394 5002 2671 5071 perfectus
2701 5002 2865 5055 homo
2894 5010 2998 5065 est,
3026 5002 3157 5056 licet
3194 5001 3498 5071 perfectam

1917 5093 2285 5148 substantiam
2341 5093 2561 5158 habeat,
2605 5109 2834 5162 corpore
2887 5109 2996 5146 non
3043 5092 3208 5146 simul
3265 5109 3389 5150 cum
3435 5109 3498 5146 ea

1918 5187 2175 5257 cogitato.
2226 5183 2340 5239 Hoc
2387 5195 2572 5239 autem
2625 5184 2999 5240 adnotandum
3036 5193 3122 5240 est
3168 5184 3301 5257 (15),
3351 5185 3498 5254 quod

1906 5360 1972 5398 ex
2011 5346 2119 5409 his,
2150 5344 2401 5414 quamvis
2440 5346 2492 5398 in
2520 5344 2606 5398 his
2627 5364 2638 5398 :
2663 5342 2940 5397 hominem
2968 5343 3114 5397 enim
3141 5340 3490 5414 definientes.

1909 5417 2112 5470 animal
2148 5413 2416 5468 rationale
2472 5416 2706 5470 mortale
2733 5415 3004 5478 dicimus;
3042 5413 3267 5482 quando
3307 5422 3496 5466 autem

1911 5496 2101 5560 natum
2155 5486 2262 5560 sit,_
2285 5494 2379 5538 aut
2413 5486 2505 5560 ubi
2546 5488 2804 5560 exsistat,
2854 5483 3500 5560 non_§ubjicimns_:.es-

1914 5558 2148 5610 sentiam
2177 5557 2323 5608 enim
2356 5557 2610 5610 animalis
2638 5557 2816 5610 solum
2868 5552 3263 5625 significamus,
3289 5552 3498 5606 relictis

1916 5625 2030 5680 illis
2052 5642 2172 5695 qnze
2197 5625 2251 5679 in
2283 5628 2430 5679 omni
2457 5643 2515 5682 re
2550 5639 2738 5681 creata
2771 5623 3062 5695 conjuneic
3088 5623 3495 5695 intelliguntur;

1917 5712 2039 5765 quae
2061 5691 2188 5751 sunt
2217 5704 2433 5766 tempus
2459 5706 2515 5752 et
2565 5698 2758 5752 iocus:
2798 5691 2918 5752 sine
2975 5706 3223 5766 tempore
3273 5702 3329 5747 ct
3376 5691 3497 5744 loco

1912 5763 2051 5820 nihil
2080 5783 2262 5820 rerum
2283 5763 2593 5822 ert-alarum
2615 5770 2803 5824 dicere
2831 5776 2926 5821 ant
2962 5763 3270 5833 inteliigcre
3303 5775 3497 5827 ιιιηιδὶιο

1909 5853 2049 5892 imis.
2082 5837 2152 5891 In.
