4218 6444
217 410 359 474 1285

1283 412 1576 472 CONTRA
1620 412 1938 475 NESTOR.
1979 417 2073 477 ET
2115 417 2434 476 EUTYCH.

3339 426 3473 490 12ὃό

212 533 468 606 σώματος
518 531 718 600 κρᾶσιν
769 519 813 594 ᾧ
853 523 1183 588 συνδέδεται,
1230 525 1324 576 καὶ
1364 523 1471 575 τῶν
1507 525 1685 575 τόπων
1710 521 1794 580 οἷς

1900 537 2022 578 cum
2049 540 2280 593 corpore
2314 525 2423 591 (15)
2459 539 2717 594 cumquo
2749 527 3002 598 colligata
3030 542 3136 598 est,
3166 545 3223 590 et
3246 550 3468 608 promer

212 627 278 680 an
339 625 653 692 ενδιαιτῴτο
699 621 798 690 τὴν
863 619 1132 690 ἰδιότητα·
1184 619 1415 686 πάσχειν
1467 617 1575 685 γὰρ
1610 615 1794 677 ἁπλῶς

211 720 514 786 πεφυκυῖα,
549 717 642 768 καὶ
675 716 768 765 τοῦ
795 712 1000 764 τοιοῦδε
1026 710 1233 772 πάθους
1264 711 1381 760 ἐστὶ
1406 709 1651 777 δεκτική.
1687 710 1797 761 Καὶ

210 807 666 878 περιγέγραπται
725 806 824 873 μὲν
864 803 944 872 τῷ
972 803 1117 871 λόγῳ
1159 802 1261 870 τῆς
1289 799 1600 870 ὑπάρξεως.
1636 801 1794 868 [lapt-

207 899 523 969 γράφεσθαι
554 896 611 949 δὲ
643 896 866 963 λέγεται
895 894 1187 962 δευτέρως,
1212 894 1314 961 τὴν
1343 894 1400 943 ὲν
1434 889 1798 960 περιγραπτῷ

219 991 438 1059 σώματι
489 987 686 1057 ἔχουσα
727 987 1028 1055 διαγωγήν.
1073 986 1278 1052 Πάσχει
1321 984 1366 1036 δ’
1409 983 1475 1036 ἂν
1524 984 1616 1034 καὶ
1657 980 1796 1040 κατὰ

205 1082 346 1134 Θεδν
386 1080 455 1132 τὰ
490 1080 632 1142 θεῖα,
661 1078 882 1146 ¹ἥκιστα
930 1077 1028 1145 μὲν
1057 1075 1144 1128 διὰ
1178 1075 1238 1126 τὸ
1273 1074 1451 1144 σῶμα.
1487 1075 1613 1136 Πῶς
1651 1075 1795 1144 γάρ;

205 1174 234 1225 ὃ
268 1189 334 1240 γε
381 1174 476 1224 καὶ
525 1167 822 1223 ἀντιτείνει
883 1167 1165 1228 πολλάκις·
1205 1166 1344 1217 ἀλλὰ
1397 1165 1464 1218 δι’
1496 1165 1664 1234 αὐτὴν
1701 1164 1799 1216 καὶ

201 1265 307 1334 τὴν
341 1262 513 1331 αὐτῆς
561 1260 747 1330 φύσιν,
779 1257 875 1311 τοῦ
927 1258 1028 1328 μὲν
1068 1256 1467 1326 ἐπιθυμητικοῦ
1516 1257 1798 1328 ἐρωτικῶς

206 1357 349 1427 πρὸς
401 1355 494 1405 τὸν
532 1353 667 1405 Θεὸν
715 1351 1158 1419 ἀνατεταμένουο
1218 1347 1311 1400 τοῦ
1362 1347 1419 1400 δὲ
1475 1347 1796 1417 θυμοειδοῦς

202 1446 548 1520 άῤῥενωπῶς
587 1441 988 1512 τετονωμένου,
1020 1442 1114 1493 καὶ
1151 1437 1392 1501 άκλινῶς
1416 1439 1493 1508 τῷ
1523 1441 1798 1511 ἐπιθυμη-

199 1539 346 1608 τικῷ
383 1537 812 1605 συντεταμένουο
846 1534 939 1587 τοῦ
998 1533 1054 1586 δὲ
1099 1529 1411 1598 λογιστικοῦ
1448 1529 1546 1591 τὰς
1597 1529 1797 1593 άΰλους

203 1633 476 1701 ἐμφάσεις
511 1627 723 1690 άσκίως
763 1626 1084 1696 δεχομένου,
1121 1624 1215 1674 καὶ
1247 1619 1490 1682 ὲνοειδῶς
1521 1620 1796 1690 ὲλλαμπο-

207 1726 398 1792 μένου.
434 1722 544 1774 Καὶ
579 1719 762 1783 καλῶς
799 1717 1020 1788 εἴρηταί
1046 1733 1155 1769 τινι
1182 1715 1291 1768 τῶν
1321 1713 1427 1785 πρὸ
1453 1714 1610 1784 ἡμῶν
1639 1713 1796 1786 ἀνδρὶ

202 1816 456 1885 θεοσόφῳ
491 1815 588 1884 tc)‘
634 1806 728 1874 Εἷς
781 1809 947 1870 πόθος
985 1807 1191 1873 ἀγαθὸς
1245 1806 1338 1860 καὶ
1373 1806 1589 1869 αἰώνιος
1631 1808 1658 1860 ὁ
1695 1807 1795 1877 τῆς

202 1907 443 1975 ἀληθοῦς
473 1904 730 1974 γνώσεως
767 1903 1079 1971 ἐφιέμενος.
1124 1899 1351 1962 Ταύτας
1402 1899 1512 1969 γὰρ
1555 1899 1648 1953 καὶ
1696 1902 1792 1970 ρυ-

202 2000 369 2051 πῶσα
394 1997 492 2059 τὰς
521 1995 804 2065 δυνάμεις,
834 1994 893 2044 ὲν
918 1990 1090 2061 κακίᾳ
1132 1992 1229 2043 καὶ
1268 1991 1324 2041 ὲν
1361 1989 1610 2058 ἀγνωσία
1649 1988 1797 2056 γίνο-

199 2111 318 2152 ται,
349 2095 443 2144 καὶ
464 2092 566 2144 οὒκ
607 2091 671 2142 ὲκ
699 2085 797 2138 τοῦ
850 2084 1104 2154 σώματος
1143 2081 1244 2146 τὰς
1296 2083 1493 2144 κακίας
1528 2081 1658 2150 ἔχει,
1693 2081 1794 2134 κᾶν

199 2201 352 2245 τινες
391 2181 573 2235 αὑτῶν
611 2179 700 2232 διὰ
726 2177 822 2231 τοῦ
857 2175 1112 2246 σώματος
1141 2175 1506 2227 ἐκτελοῦνται·
1538 2166 1610 2226 ὧν
1643 2172 1796 2226 οὐδὲν

199 2279 229 2330 δ
263 2274 358 2328 τοῦ
391 2271 527 2326 Θεοῦ
580 2271 754 2338 Λόγος
797 2267 1002 2335 δέξαιτ’
1031 2267 1097 2321 ἄν
1131 2283 1286 2326 ποτε,
1327 2264 1597 2336 ἄτρεπτος
1625 2263 1701 2317 ὢν
1727 2267 1794 2336 τῇ

202 2367 369 2436 φύσει
405 2367 500 2418 καὶ
529 2362 912 2423 ἀναλλοίωτος.
952 2360 1024 2412 UO
1061 2359 1162 2428 μὲν
1205 2357 1293 2410 διὰ
1336 2356 1398 2410 τὸ
1442 2355 1654 2418 ἀπαθὲς
1696 2355 1794 2425 τῆς

203 2458 464 2527 φύσεως.
518 2451 816 2523 ἀνθρώπου
871 2448 1031 2518 φύσει
1093 2445 1463 2501 συνάπτεσθαι
1517 2445 1795 2508 οὑσιωδῶς

202 2549 636 2620 παραιτήσεταιο
678 2544 767 2598 ἴνα
807 2544 882 2614 μὴ
921 2540 1107 2612 μέλλοι
1142 2538 1312 2602 πάθος
1358 2538 1557 2608 ἀληθὲς
1597 2535 1794 2608 εἶναιῆ

201 2642 582 2713 παραίτησις,
623 2637 718 2691 καὶ
767 2633 846 2705 τῷ
903 2631 1204 2686 δεδοικέναι
1244 2632 1302 2684 ὲν
1351 2629 1586 2692 ἐκείνοις
1637 2629 1794 2696 γενέ-

204 2735 358 2796 σθαι,
393 2737 451 2786 ὲν
482 2728 563 2795 οἷς
593 2732 650 2783 at
686 2731 794 2782 τῶν
821 2725 1130 2779 σπουδαίων
1161 2723 1333 2793 ψυχαὶ
1378 2723 1545 2776 αὑτὸν
1573 2721 1796 2793 ἔχουσαι

203 2799 405 2898 βοηθὸν
433 2824 528 2876 καὶ
564 2820 936 2889 συλλήπτορα,
957 2816 1112 2867 οὐδὲν
1143 2816 1208 2866 ὲκ
1238 2814 1332 2867 toﬁ
1356 2812 1608 2883 σώματος
1644 2813 1796 2884 ειλήο

203 2935 339 2987 φασι
368 2914 591 2986 βλάϐος,
635 2910 775 2964 ἀλλὰ
815 2909 910 2962 καὶ
947 2907 1151 2978 μᾶλλον
1191 2905 1314 2975 Θεῷ
1357 2906 1795 2974 πεπλουτήκασι,

201 3006 285 3076 τῷ
312 3006 526 3074 σώματι
559 3005 809 3071 συνεργῷ
836 2997 973 3069 πρὸς
1007 2994 1205 3066 ἀρετὴν
1231 2995 1332 3047 οὑκ
1361 2994 1643 3060 ἀντιπάλῳ
1664 3011 1798 3065 χρη-

205 3101 466 3170 σάμεναι.

283 3293 303 3328 ι
339 3274 400 3328 Ei
434 3272 639 3336 τελεία,
671 3267 907 3338 φασὶν,ή
927 3263 1024 3319 τοῦ
1054 3263 1231 3333 Λόγου
1264 3263 1588 3326 ὑπόστασις,
1613 3263 1794 3315 τελεία.

203 3368 263 3422 δὲ
293 3368 391 3421 καὶ
422 3368 456 3436 ἡ
500 3363 598 3418 τοῦ
653 3359 948 3432 ἀνθρώπου
997 3359 1058 3412 ὃν
1103 3357 1386 3421 ἀνέλαϐεν,
1418 3357 1687 3427 ἄτρεπτος
1741 3355 1797 3408 δὲ

205 3470 302 3518 καὶ
329 3465 358 3516 ὁ
385 3462 558 3530 Λόγος
593 3458 908 3530 μεμένηκεν
932 3493 947 3518 ,
972 3451 1350 3515 άναλλοιώτως
1381 3451 1437 3503 δὲ
1473 3451 1568 3504 καὶ
1597 3453 1627 3520 ἡ
1661 3448 1799 3520 σὰρξ

203 3553 594 3614 διασέσωσται,
619 3547 736 3611 πῶς
770 3547 832 3599 οὐ
858 3545 952 3598 δύο
974 3543 1154 3613 λέγειν
1187 3542 1521 3604 ὑποστάσεις
1549 3541 1796 3605 εὐσεϐὲς,

209 3645 336 3715 μηδ’
405 3641 676 3708 ὁποτέρας
706 3637 1174 3706 συγκεχυμένηςς
1211 3653 1227 3685 ι
1277 3633 1520 3686 Ἑοίκασι
1574 3633 1632 3685 δέ
1706 3651 1796 3700 μοι

205 3728 689 3802 κακουργόταταῆ
740 3727 1098 3796 ἀμαθέστατα
1135 3723 1468 3796 προσφέρειν
1523 3725 1619 3784 τάς
1662 3723 1796 3776 πεύ-

210 3843 346 3888 σεις.
375 3826 488 3878 Καὶ
508 3823 618 3892 γὰρ
642 3821 717 3882 ὼς
747 3820 816 3874 ἂν
849 3820 898 3871 εί
930 3818 1007 3888 μὴ
1036 3817 1608 3887 προδιαστειλαμένων
1640 3815 1795 3883 ἡμῶν

206 3921 278 3972 τὰ
309 3935 377 3970 πε
391 3919 444 3987 ρὶ
474 3915 567 3967 τοῦ
591 3912 825 3975 τελείου,
849 3911 968 3973 πῶς
990 3911 1056 3963 ἂν
1077 3909 1292 3976 λέγοιτο
1320 3910 1414 3960 καὶ
1438 3908 1464 3960 ὃ
1488 3924 1538 3959 τι
1569 3906 1757 3968 διττῶς
1776 3922 1792 3938 ο

207 4012 439 4083 προσέτι
471 4011 526 4063 δὲ
560 4009 654 4061 καὶ
686 4004 818 4076 περὶ
847 4003 941 4056 τοῦ
987 4002 1198 4074 κυρίως
1250 4000 1657 4070 σημαινομένου
1697 4000 1796 4070 τῆς

206 4103 606 4164 ὑποστάσεως,
680 4096 1104 4169 μεταϐαίνουσιν
1155 4093 1264 4148 ἀπὺ
1317 4091 1418 4160 τῆς
1478 4091 1568 4144 τοὺ
1619 4092 1794 4158 Λόγου

210 4199 454 4266 φύσεως,
485 4195 582 4264 τῆς
615 4192 712 4246 καὶ
739 4190 804 4243 τὸ
823 4188 1005 4243 κοινὸν
1036 4185 1414 4257 σημαινούσης
1437 4187 1535 4254 τῆς
1561 4183 1792 4252 φύσεως,

210 4289 360 4362 μετὰ
381 4286 476 4340 τοῦ
511 4285 644 4339 ἰδίου
674 4284 776 4354 τῆς
807 4281 1163 4342 ὑποστάσεως
1184 4295 1198 4308 ο
1241 4279 1416 4347 Λόγου
1446 4281 1551 4348 γὰρ
1587 4279 1796 4348 ἔφαμεν

208 4379 376 4450 φύσιν
397 4418 412 4440 ,
435 4377 534 4446 οὑχ
581 4374 766 4436 ἁπλῶς
799 4371 983 4439 φύσιν,
1014 4370 1111 4424 ἐπὶ
1141 4371 1202 4422 τὸ
1239 4370 1368 4422 ἴδιον
1398 4369 1564 4422 αὑτοῦ
1601 4387 1797 4440 σημαι-

206 4473 440 4541 νόμενον
471 4469 568 4538 τῆς
594 4467 966 4528 ὑποστάσεως.
995 4464 1104 4517 Καί
1132 4479 1263 4531 φασι
1293 4463 1509 4515 τελείαν
1540 4458 1677 4514 εἶναι
1702 4462 1794 4514 τοῦ

1903 618 2295 684 proprietatem
2329 615 2578 670 locorum
2609 619 2663 670 in
2693 620 2896 688 quibus
2925 621 3075 693 degit
3097 634 3152 679 et
3182 642 3433 684 versatur
3459 652 3472 697 ;

1900 707 2026 774 quia
2068 708 2217 761 enim
2263 707 2591 776 simpliciter
2626 710 2874 766 innatum
2914 723 2997 766 est
3036 716 3088 769 ei
3129 719 3271 784 pati,
3315 722 3476 791 hujus

1899 799 2172 866 passionis
2193 815 2360 868 capax
2382 808 2483 854 est.
2511 799 2948 872 Circumscripta
2971 806 3138 860 etiam
3155 818 3240 863 est
3265 813 3476 867 ratione

1897 888 2232 942 exsistentia:
2262 889 2402 958 (16).
2429 890 2644 945 Dicitur
2667 891 2869 946 deinde
2905 895 3152 949 secundo
3187 899 3350 952 modo
3375 902 3479 954 cir-

1899 979 2236 1048 cumscripta
2270 994 2416 1042 esse,
2447 992 2720 1049 quatenus
2750 983 2887 1037 vivit
2913 985 2967 1038 in
2989 999 3221 1055 corpore
3243 989 3481 1044 circum-

1899 1069 2126 1139 scripto.
2173 1071 2424 1125 Adicitur
2475 1072 2643 1127 etiam
2693 1076 2997 1130 secundum
3054 1078 3226 1132 Deum
3274 1081 3478 1137 divinis

1899 1159 2088 1223 rebus,
2111 1177 2458 1231 nequaquam
2521 1179 2654 1219 vero
2682 1174 2911 1234 propter
2945 1182 3166 1236 corpus.
3192 1173 3480 1238 Quomodo

1896 1251 2042 1305 enim
2085 1261 2314 1322 propter
2341 1270 2563 1324 corpus,
2606 1256 2753 1326 quod
2789 1274 3175 1328 saepenumero
3228 1267 3478 1321 resistit?

1896 1344 2030 1412 quin
2065 1346 2246 1413 potius
2281 1355 2506 1416 propter
2537 1365 2594 1402 se
2624 1358 2680 1403 et
2711 1359 2969 1405 naturam
3006 1368 3183 1417 suam,
3211 1371 3336 1410 cum
3377 1374 3478 1413 cu-

1900 1434 2104 1504 piditas
2164 1437 2389 1505 quidem
2444 1453 2631 1494 amore
2680 1457 2810 1511 erga
2860 1443 3033 1496 Deum
3084 1447 3475 1516 protenditur;

1899 1527 1974 1579 ita
2025 1541 2156 1580 vero
2200 1526 2438 1582 viriliter
2478 1531 2758 1595 roborata,
2805 1543 2860 1585 et
2907 1550 3018 1588 non
3064 1536 3298 1602 inﬂexa,
3349 1556 3477 1594 cum

1897 1618 2202 1687 cupiditate
2233 1621 2534 1691 conspirat.
2568 1623 2728 1677 Ratio
2759 1636 2942 1678 autem
2974 1642 3168 1682 eorum
3209 1647 3329 1699 quae
3368 1649 3476 1687 non

1899 1709 2176 1774 videntur,
2207 1715 2706 1784 contemplationes
2749 1719 2861 1786 (l7)
2908 1718 3026 1773 sine
3063 1719 3476 1778 inumbratione

1897 1809 1952 1855 et
1974 1801 2313 1858 obscuritate
2340 1807 2556 1874 recipit.
2579 1818 2636 1860 et
2665 1808 2824 1861 unice
2851 1809 3216 1866 iiluminatur.
3245 1817 3477 1872 Pulchre

1897 1901 2025 1948 ante
2075 1909 2176 1948 nos
2220 1912 2250 1949 a
2298 1897 2538 1966 quodam
2577 1900 2825 1968 sapiente
2880 1902 3088 1957 dictum
3138 1916 3263 1961 est:
3299 1909 3477 1966 Unum

1897 1984 2231 2040 desiderium
2264 1987 2490 2046 bonum.
2517 1998 2572 2043 et
2611 2001 2878 2046 reternum
2908 2010 3018 2063 quo
3063 2012 3192 2050 vera
3235 2001 3478 2068 cognitio

1897 2074 2329 2152 concupiscitur.
2361 2075 2469 2129 Has
2503 2081 2780 2144 potentias
2815 2082 3031 2136 animus
3072 2086 3166 2153 qui
3204 2088 3474 2151 sordidat,

1897 2167 1953 2219 in
1985 2153 2132 2239 vitio‘
2164 2176 2220 2219 et
2270 2167 2578 2235 ignorantia
2633 2184 2924 2237 versatur,
2976 2183 3032 2228 et
3075 2192 3185 2230 non
3235 2192 3302 2230 ex
3351 2193 3477 2233 θοι·-

1898 2273 2029 2326 pore
2066 2257 2197 2312 vitia
2244 2258 2416 2323 ducit,
2473 2263 2728 2329 quamvis
2759 2266 3008 2333 quaedam
3057 2284 3124 2321 ex
3192 2269 3324 2338 ipsis
3382 2286 3479 2339 per

1897 2362 2100 2418 corpus
2147 2358 2478 2417 patrantur;
2529 2366 2596 2404 ex
2642 2354 2847 2420 quibus
2888 2357 3025 2410 nihil
3059 2374 3301 2427 unquam
3345 2359 3480 2415 Ver-

1895 2437 2025 2491 bum
2078 2439 2172 2492 Dei
2229 2440 2476 2510 recipere
2529 2451 2733 2512 potest,
2795 2460 2921 2500 cum
2976 2448 3049 2501 sit
3113 2459 3312 2504 natura
3371 2452 3478 2505 im-

1897 2530 2183 2593 mutabile,
2253 2541 2310 2586 et
2383 2533 2732 2590 invariahile.
2800 2538 2923 2593 Non
3004 2550 3185 2596 tamen
3253 2557 3480 2614 propter

1898 2620 2397 2691 impassibilitatem
2449 2634 2662 2681 natura:
2704 2629 2986 2685 recusabit
3034 2631 3300 2686 unionem
3342 2637 3478 2688 sub-

1895 2714 2207 2768 stantialem
2229 2730 2354 2770 cum
2387 2725 2586 2771 natura
2611 2716 2874 2784 humana,
2897 2736 2965 2774 ne
2991 2723 3266 2777 recusatio
3297 2727 3479 2794 passio

1895 2819 2026 2858 vera
2052 2805 2171 2860 fore
2201 2805 2478 2873 videatur,
2505 2816 2562 2862 et
2591 2810 2772 2862 vereri
2805 2810 2859 2864 in
2887 2811 2994 2866 illis
3026 2829 3148 2868 esse
3197 2815 3252 2869 in
3278 2818 3480 2885 quibus

1896 2897 2094 2952 animae
2126 2898 2504 2953 studiosorum
2535 2900 2656 2970 ipso
2688 2894 2940 2971 adjutore
2970 2903 3105 2958 nihil
3145 2905 3480 2963 incommodi

1896 3007 1962 3046 ex
2036 3007 2268 3062 corpore
2331 3002 2642 3063 ceperunt,
2711 2995 2820 3049 imo
2906 2997 3080 3067 magis
3155 2998 3268 3054 Deo
3330 3000 3479 3070 pleni

1895 3085 2123 3138 fuerunt
2171 3094 2392 3140 utentes
2420 3101 2653 3154 corpore
2710 3103 2820 3140 non
2872 3088 3213 3158 adversario,
3250 3092 3348 3147 sed
3381 3092 3481 3148 ad-

1889 3178 2098 3247 jutore.

1975 3289 1992 3319 ι
2028 3267 2083 3322 Si
2137 3267 2415 3338 perfecta,
2455 3269 2733 3339 inquiunt,
2782 3279 2866 3326 est
2923 3272 3234 3344 hypostasis
3278 3275 3478 3340 Verbi,

1897 3369 1953 3414 et
1996 3361 2240 3429 perfecta
2289 3361 2420 3414 item
2468 3361 2708 3416 hominis
2735 3379 2898 3431 quem
2939 3366 3222 3435 suscepit,
3279 3369 3482 3424 mansit

1898 3460 2079 3506 autem
2135 3453 2376 3507 Verbum
2432 3454 2813 3522 immutabile,
2867 3472 2999 3510 caro
3039 3458 3205 3512 etiam
3260 3470 3479 3517 servata

1896 3553 1982 3598 est
2046 3544 2422 3608 invariabilis;
2479 3546 2757 3616 quomodo
2810 3563 2921 3602 non
2963 3558 3050 3604 est
3098 3550 3249 3618 pium
3292 3550 3478 3605 dicere

1898 3635 2036 3690 duas
2075 3637 2417 3707 hypostases,
2452 3645 2654 3692 neutra
2691 3637 3282 3694 confusahVidentur
3340 3640 3478 3696 mihi

1899 3726 2055 3781 valde
2104 3726 2377 3780 malitiose
2428 3735 2484 3780 et
2540 3727 2762 3781 indocte
2812 3732 3150 3797 percontari.
3194 3732 3478 3800 Siquidem

1896 3817 2052 3886 quasi
2109 3834 2210 3872 nos
2260 3835 2370 3872 non
2435 3819 2590 3886 prius
2650 3821 3067 3876 distinxerimus
3130 3824 3475 3894 perfectum,

1895 3910 2176 3980 quomodo
2226 3910 2446 3966 dicatur
2505 3921 2561 3966 et
2605 3914 2750 3982 quod
2801 3912 3144 3982 dupliciter;
3211 3925 3477 3984 praeterea

1895 4003 2088 4067 etiam,
2127 4003 2259 4072 quid
2303 4006 2525 4074 proprie
2556 4004 2830 4075 signiticet
2860 4005 3190 4075 hypostasis,
3240 4006 3478 4062 transfe-

1898 4102 2031 4148 runt
2083 4111 2140 4149 se
2180 4110 2211 4148 a
2258 4106 2457 4150 natura
2513 4097 2716 4162 Verbi,
2771 4113 2893 4166 quae
2962 4113 3256 4153 commune
3307 4099 3473 4154 etiam

1896 4198 2108 4240 natura:
2170 4203 2294 4240 cum
2377 4189 2717 4257 proprietate
2777 4190 3090 4260 hypostasis
3157 4188 3473 4258 signiﬁcat-

1896 4276 2064 4330 Verbi
2108 4277 2260 4330 enim
2310 4285 2570 4330 naturam
2611 4277 2853 4332 diximus
2885 4294 2996 4332 non
3022 4277 3348 4348 simpliciter
3380 4294 3479 4333 na-

1898 4378 2110 4434 turam;
2141 4368 2502 4435 transferunt,
2527 4369 2772 4438 inquam,
2804 4385 2862 4424 se
2895 4370 2962 4423 ad
2998 4371 3280 4439 proprium
3309 4371 3479 4440 signi-

1899 4460 2119 4514 ﬁcatum
2163 4461 2496 4532 hypostasis,
2519 4469 2578 4515 et
2619 4461 2776 4515 aiunt
2819 4461 3118 4530 perfectam
3153 4476 3273 4516 esse
3306 4461 3479 4532 hypo-

208 4564 388 4630 Λόγου
465 4562 565 4630 τὴν
620 4559 955 4622 ὑπόστασιν,
986 4555 1130 4608 οὑτω
1195 4555 1486 4616 καλοῦντες
1545 4554 1643 4625 τὴν
1698 4555 1791 4606 τοῦ

1899 4553 2086 4606 stasim
2131 4552 2330 4606 Verbi:
2367 4553 2447 4606 sic
2468 4563 2731 4608 vocantes
2751 4561 3006 4607 naturam
3039 4552 3159 4605 Filii
3191 4552 3473 4620 αὐτοτελῆ,

209 4655 424 4724 Κυρίου
449 4649 748 4716 αὐτοτελῆ
776 4650 962 4719 φύσιν,
995 4649 1093 4717 τὴν
1127 4647 1226 4700 οὑκ
1249 4647 1416 4712 ἄλλην
1443 4645 1611 4698 οὖσαν
1641 4647 1792 4715 παρᾶ

207 4747 310 4816 τὴν
341 4743 438 4797 τοῦ
467 4744 682 4814 Πατρός
706 4758 718 4771 ·
751 4744 830 4814 τῷ
852 4737 1346 4810 χαρακτηριστικῷ
1374 4738 1431 4788 δὲ
1465 4737 1562 4806 τῆς
1593 4738 1794 4808 ἰδιότη-

210 4855 300 4899 τος
345 4836 446 4906 τῆς
492 4834 633 4888 κατὰ
676 4833 776 4904 τὴν
812 4832 1068 4900 γέννησιν
1121 4829 1280 4898 μόνον
1319 4828 1702 4896 διαφέρουσαν,
1735 4829 1792 4880 τὸ

211 4931 412 5000 ἰδίωμα
438 4925 873 4997 κατηγοροῦντες
901 4923 1024 4974 ἀντὶ
1053 4919 1148 4972 τοῦ
1173 4923 1230 4972 έν
1260 4915 1302 4986 ᾧ
1327 4919 1389 4971 τὸ
1434 4919 1629 4986 ἰδίωμα
1652 4935 1664 4948 '
1702 4922 1794 4972 καὶ

209 5021 312 5086 τὴν
343 5018 531 5086 σχέσιν
556 5017 654 5085 τὴν
683 5014 819 5083 πρὸς
842 5009 1070 5080 ἄλληλα,
1113 5010 1234 5060 ἀντὶ
1275 5007 1383 5060 τῶν
1438 5009 1496 5059 ὲν
1533 5004 1612 5070 οἷς
1656 5009 1794 5078 αὑτὴ

210 5110 621 5181 κατηγορεῖται.
660 5106 781 5158 Τῶν
816 5105 924 5172 γὰρ
955 5103 1240 5170 ὀνομάτων
1263 5141 1276 5164 ,
1311 5102 1379 5152 τὰ
1417 5101 1514 5168 μὲν
1549 5100 1651 5166 τῆς
1693 5101 1793 5168 φύ..

211 5221 355 5266 σεως
405 5201 514 5254 τῶν
554 5199 936 5266 ὑποκειμένων
991 5196 1109 5247 ἐστὶ
1163 5192 1463 5262 δηλωτικὰ,
1495 5192 1564 5244 τὰ
1598 5193 1655 5244 δὲ
1692 5194 1792 5262 τῆς

211 5297 459 5364 σχέσεως
493 5293 600 5344 τῶν
643 5294 986 5361 πραγμάτων
1039 5292 1154 5341 ἑστι
1194 5287 1554 5353 γνωριστικά.
1581 5285 1702 5336 Τῶν
1740 5287 1796 5339 δὲ

214 5387 536 5460 ⁸ιτεροειδῶν
578 5387 712 5456 πρὸς
764 5385 831 5438 τὰ
888 5380 1110 5450 ὁμοειδῆ
1154 5376 1595 5431 ἐπαλλάττουσαν
1647 5377 1796 5430 ἔστιν

282 5533 354 5604 (c)
381 5531 570 5587 Schol.
607 5531 739 5600 Περὶ
772 5528 1067 5596 Εὑαγρίου.

283 5649 402 5714 (l5!
432 5644 654 5714 Propter
671 5647 918 5697 unionem
952 5660 1067 5698 cum
1097 5658 1332 5710 corpore.
1371 5641 1468 5693 Διὰ
1495 5639 1588 5711 τὴν
1608 5641 1804 5710 κρᾶσιν

209 5721 311 5773 τοῦ
343 5717 617 5781 σώματος,
655 5733 740 5785 q.‘
776 5715 832 5768 d.
867 5723 1092 5784 propter
1137 5715 1454 5766 mistionem
1510 5727 1633 5764 cum
1676 5727 1797 5764 enr-

212 5801 372 5852 tmre.
416 5785 548 5839 'l'uu.

293 5858 405 5925 Uti“,
447 5855 664 5909 Ratione
692 5858 1026 5908 ersistentiw.
1067 5851 1390 5920 Ὕπάρξεως
1414 5851 1576 5920 λόγῳ.
1618 5851 1692 5905 in.

1895 4645 1950 4698 id
1983 4655 2086 4708 est,
2124 4660 2222 4713 per
2253 4660 2311 4698 se
2346 4644 2667 4712 perfectam,
2695 4661 2817 4714 quae
2870 4660 2982 4698 non
3026 4653 3110 4699 est
3140 4645 3244 4698 alia
3281 4655 3478 4714 praeter

1895 4745 2148 4789 naturam
2170 4734 2769 4806 Patris,designatione
2795 4737 3149 4805 proprietatis
3171 4736 3476 4790 secundum

1894 4828 2303 4896 generationem
2355 4828 2535 4881 solum
2591 4827 2874 4893 differens,
2936 4827 3302 4896 praadicantes
3349 4844 3477 4896 pro-

1903 4921 2191 4988 prietatem
2220 4935 2320 4988 pro
2347 4935 2415 4973 eo
2470 4919 2523 4973 in
2555 4937 2664 4988 quo
2699 4928 2783 4974 est
2810 4921 3144 4990 proprietas;
3180 4928 3235 4972 et
3259 4918 3479 4972 habitu-

1904 5011 2090 5067 dinem
2131 5022 2451 5066 naturarum
2509 5013 2656 5068 inter
2709 5029 2765 5067 se
2810 5029 2914 5082 pro
2945 5012 3010 5066 iis
3040 5013 3093 5066 in
3133 5012 3333 5081 quibus
3367 5011 3480 5066 iure.

1904 5105 2176 5159 habitudo
2228 5105 2581 5174 praedicatur.
2610 5105 2842 5159 Nomina
2882 5105 3032 5157 enim
3065 5103 3169 5156 alia
3201 5103 3480 5156 declarant

1902 5207 2153 5251 naturam
2204 5197 2617 5266 subiectorum,
2650 5197 2784 5250 -alia
2857 5195 3237 5250 habitudinem
3296 5209 3477 5247 rerum

1903 5290 2225 5344 ostendunt.
2261 5289 2465 5343 Eorum
2497 5296 2679 5342 autem
2712 5303 2836 5358 quae
2875 5287 3058 5357 specie
3094 5285 3376 5347 diﬂ‘erunt,
3411 5283 3479 5337 ad

1902 5398 1967 5436 ea
2014 5397 2136 5451 qua)
2179 5381 2428 5452 ejusdem
2467 5380 2674 5451 speciei
2705 5390 2854 5447 sunt,
2881 5380 3096 5435 diversa
3125 5385 3211 5432 est
3233 5390 3475 5432 commu-

1989 5641 2075 5705 (ΓΙ
2092 5659 2096 5679 ι
2115 5637 2613 5708 ϐοιιῐριηρίσιὶοηρδ.
2657 5637 2883 5708 ’Ᾱΰλους
2903 5633 3172 5708 ἐμφάσεις
3197 5635 3354 5708 voca}
3379 5627 3480 5691 τὰς

1903 5699 2140 5778 θεωρίας
2185 5711 2293 5760 τῶν
2337 5699 2616 5782 άορὰτων,
2675 5709 2791 5777 ἤτοι
2820 5699 2947 5758 τῶν⁷
2984 5699 3056 5772 μὴ
3108 5699 3475 5778 βὶεττςςιέ..ιωιί,

1906 5778 2755 5832 consideratinncsimisibilittm
2793 5778 2876 5829 vei
2920 5789 3025 5828 non
3076 5780 3474 5841 apparevhum,

1909 5862 1964 5903 ut
1987 5861 2209 5907 sanctus
2239 5851 2439 5905 l’auius
2462 5851 2557 5906 ait.
2589 5850 2660 5902 lo.
