4218 6444
787 438 924 501 1287

2016 429 2325 487 LEONTII
2369 431 2681 489 BYZANTI
2695 431 2773 488 NI

3921 441 4058 502 1288

776 546 980 604 uicatio
1012 541 1403 599 habitudinum
1437 551 1601 592 :natn
1643 551 1766 605 quae
1805 536 2012 590 habent
2057 537 2372 590 communia

2478 536 2660 605 εὑρεῖν
2687 540 2787 608 τὴν
2821 541 3111 594 κοινωνίαν
3137 542 3250 595 τῶν
3289 545 3537 618 σχέσεων
3567 563 3578 576 ·
3611 542 3690 609 οἷς
3718 548 3828 618 γὰρ
3853 549 3919 602 ἂν
3948 570 4062 604 κοι-

775 638 1003 710 speciei,
1051 636 1263 692 scilicet
1309 633 1665 701 hypostases,
1719 627 1808 681 bis
1859 627 2248 681 communibus
2305 643 2368 681 ea

773 744 898 799 qua:
930 737 1064 782 sunt
1083 724 1330 795 ejusdem
1369 719 1602 790 speciei,
1635 731 1835 786 nempe
1863 718 2098 780 naturis,
2139 717 2226 771 bis
2271 733 2368 772 co-

2476 628 2705 680 νωνοῦσι
2748 632 2862 694 τοῖς
2902 632 3230 700 ἐτεροειδέσι
3284 637 3350 688 τὰ
3395 636 3640 706 ὁμοειδῆ,
3668 639 3879 704 τούτοις
3923 642 4060 694 διαιο

2469 719 2692 790 ροῦνται
2739 723 2877 793 «pb;
2927 725 3098 778 ἑαυτά
3123 741 3136 755 °
3166 727 3263 778 καὶ
3301 724 3384 791 οἷς
3430 728 3770 800 διαιροῦνται
3813 734 3953 802 «pb;
3996 736 4064 786 τὰ

772 818 1040 887 pulantur
1081 815 1228 867 inter
1259 826 1320 866 se
1358 827 1376 863 :
1405 818 1464 864 et
1495 808 1702 878 quibus
1751 807 2082 862 dividuntur
2138 823 2201 861 ea
2246 824 2370 878 quae

2478 813 2767 882 itepoatbﬁ,
2799 815 3014 880 τούτοις
3064 820 3398 873 συνάπτεται
3429 822 3568 889 πρὸς
3597 824 3788 876 ἑαυτά.
3822 825 3916 894 Τῷ
3966 829 4063 894 μὲν

774 919 905 965 sunt
945 908 1197 972 δῖνοι-διε,
1229 903 1460 973 speciei,
1518 914 1720 970 nempe
1767 901 2008 963 naturis,
2062 901 2149 955 his
2199 917 2370 970 copu-

773 1001 958 1055 lantur
989 999 1135 1052 inter
1163 1012 1222 1051 se
1251 1010 1374 1066 quae
1397 1003 1529 1049 sunt
1562 992 1812 1063 ejusdem
1856 992 2063 1061 speciei
2091 1010 2106 1045 :
2133 1009 2368 1047 numero

771 1095 921 1147 enim
967 1091 1208 1145 discreta
1249 1093 1398 1142 inter
1422 1101 1503 1148 se,
1535 1100 1660 1138 cum
1689 1085 1756 1136 iis
1781 1097 1904 1151 qua:
1937 1091 2072 1136 sunt
2117 1083 2367 1150 ejusdem

2470 903 2583 974 γὰρ
2632 904 2852 975 ἀριθμῷ
2891 906 3030 977 «pb;
3069 909 3240 962 ἐαυτά
3283 911 3696 982 διακρινόμενα,
3730 915 3809 984 τῷ
3855 916 3915 968 δὲ
3951 917 4063 986 ὅρῳ

2473 995 2612 1065 πρὸς
2667 998 2835 1051 ἐαυτά
2879 1000 3309 1081 συναπτόμενα,
3347 1004 3458 1058 τῶν
3505 1005 3825 1072 ἐτεροειδῶν
3877 1007 4062 1060 διακέ-

2473 1103 2682 1156 κριται.

773 1184 983 1254 speciei
1025 1182 1381 1251 copulantur,
1421 1178 1476 1230 in
1523 1184 1726 1229 natura
1766 1157 2368 1228 scilicetSDeﬁnitione
2402 1185 2594 1231 autem
2643 1180 2898 1250 copulata
2957 1183 3103 1239 inter
3147 1201 3227 1253 se,
3287 1186 3358 1242 ab
3391 1186 3462 1243 iis
3516 1203 3638 1258 qua
3670 1197 3801 1244 sunt
3829 1190 4066 1246 (ἤτοι-π

773 1291 988 1337 naturae
1040 1281 1301 1334 distincta
1333 1284 1483 1330 sunt.

843 1401 981 1456 Cum
1007 1413 1139 1468 ergo
1172 1395 1294 1449 duae
1321 1393 1680 1448 habitudines
1706 1392 2010 1447 secundum
2057 1391 2203 1446 idem
2232 1392 2370 1447 Ver-

770 1495 902 1549 bum
945 1491 1271 1551 ceruantur,
1305 1503 1412 1541 una
1442 1485 1696 1556 quidem,
1739 1485 2048 1539 secundum
2083 1500 2250 1554 quam
2285 1483 2373 1537 Fi-

769 1588 882 1642 lius
928 1594 1016 1640 est
1060 1583 1208 1637 idem
1245 1596 1372 1634 cum
1411 1581 1574 1633 Patre
1603 1597 1616 1644 ;
1646 1579 1840 1641 altera,
1867 1577 2175 1631 secundum
2204 1591 2370 1643 quam

770 1679 950 1734 Filius
984 1685 1071 1730 est
1097 1675 1168 1728 ab
1196 1689 1262 1728 eo
1299 1672 1616 1733 distinctus,
1646 1679 1703 1722 et
1728 1685 1838 1722 una
1863 1668 2089 1736 quidem
2115 1667 2369 1720 declare-

771 1780 856 1826 tur
902 1767 1281 1839 appellatione
1312 1771 1561 1826 naturae;
1607 1761 1781 1814 altera
1825 1773 1962 1814 vero
1999 1758 2371 1830 appellatione

772 1861 1132 1933 hypostasis:
1171 1863 1581 1910 commutautes
1638 1853 1728 1906 isti
1791 1851 2178 1914 habitudines,
2208 1850 2370 1904 babi-

771 1955 1028 2009 tudment
1080 1951 1514 2019 distinguentem
1563 1963 1594 2000 a
1640 1946 1805 2000 Patre
1844 1945 1998 1998 carni
2030 1943 2184 2004 dant,
2217 1942 2374 2013 igno-

775 2055 964 2100 rantes
1008 2053 1268 2098 naturam
1329 2038 1556 2110 quidem
1606 2045 1778 2091 totam
1827 2051 1950 2090 esse
1981 2034 2102 2098 Dei,
2139 2049 2262 2103 quae
2289 2041 2374 2088 est

771 2136 1092 2194 substantia
1137 2132 1329 2197 Verbi,
1364 2131 1594 2202 perfecti
1643 2130 1924 2199 perfecta;
1974 2127 2370 2197 proprietatem

771 2248 909 2286 vero
935 2227 1310 2302 generationis
1340 2224 1558 2287 fecisse,
1597 2233 1657 2276 ut
1690 2229 1990 2275 vocaretur
2035 2219 2369 2291 hypostasis,

772 2333 831 2377 et
870 2323 1088 2387 Filius;
1124 2318 1287 2373 sicuti
1322 2330 1517 2371 rursus
1563 2313 1619 2367 in
1659 2313 1821 2367 Patre
1869 2311 2186 2381 proprietas
2214 2311 2374 2364 inna—

771 2415 1112 2477 scibilitatis,
1143 2423 1200 2466 et
1229 2427 1411 2465 causae
1467 2409 1831 2480 bypostasim,
1860 2415 1916 2462 et
1935 2407 2153 2461 Patrem
2180 2417 2372 2464 osten-

774 2510 878 2565 dit.
904 2507 1056 2562 ldem
1096 2503 1515 2575 intelligendum
1544 2510 1630 2556 est
1665 2502 1722 2553 in
1757 2499 1972 2570 Spiritu
1999 2508 2191 2554 sancto
2221 2519 2234 2554 :
2260 2515 2373 2556 non

772 2601 925 2656 enim
953 2609 1150 2653 natura
1185 2596 1384 2657 Patris,
1407 2604 1465 2649 et
1506 2593 1654 2657 Filii,
1684 2604 1742 2646 et
1772 2591 2016 2661 Spiritus
2047 2592 2224 2646 sancti
2260 2592 2372 2646 vim

777 2691 946 2746 habet
974 2685 1312 2756 complendi,
1342 2695 1602 2754 tanquam
1645 2682 1833 2738 minus
1858 2682 1930 2737 sit
1969 2682 2024 2737 in
2056 2697 2166 2736 una
2203 2697 2373 2751 quam

778 2785 835 2838 in
857 2781 1057 2837 tribus.
1085 2780 1155 2834 Et
1181 2779 1287 2833 hoc
1306 2787 1392 2832 est
1416 2786 1616 2830 natura
1637 2775 1904 2839 Trinitas,
1928 2773 2078 2842 quod
2096 2782 2179 2829 est
2199 2789 2373 2829 unum

772 2873 914 2945 quid
947 2886 1141 2928 eorum
1207 2870 1303 2939 qui
1352 2875 1661 2923 cnrnuntur
1697 2867 1753 2921 in
1786 2865 2080 2932 Trinitate,
2109 2865 2374 2935 quoniam

777 2983 890 3021 non
921 2974 1007 3020 est
1033 2980 1101 3020 ex
1126 2963 1309 3018 tribus
1336 2959 1676 3030 imperfectis
1715 2974 1887 3012 unum
1922 2957 2372 3028 perfectum,sed

775 3075 845 3112 ex
875 3057 1057 3111 tribus
1087 3053 1348 3125 perfectis
1387 3067 1560 3106 unum
1591 3049 2071 3120 supraperfectum
2126 3055 2183 3104 et
2219 3056 2368 3102 ante-

2508 1418 2516 1424 '
2544 1395 2650 1449 Δύο
2676 1391 2770 1450 οὖν
2799 1397 3039 1467 σχέσεων
3067 1399 3207 1453 κατά
3235 1398 3328 1453 τὸν
3355 1400 3518 1454 αὑτὸν
3543 1401 3718 1469 Λόγον
3751 1402 4073 1473 Θεωρουμέ-

2474 1503 2601 1550 νων,
2638 1487 2766 1556 μιᾶς
2823 1487 2922 1556 μὲν
2961 1487 3084 1540 καθ’
3114 1489 3185 1556 ἣν
3214 1490 3315 1558 τὴν
3366 1491 3672 1561 ταυτότητα
3725 1493 3839 1561 ἔχει
3876 1496 3906 1546 ό
3944 1494 4070 1558 Tib;

2473 1577 2612 1646 «pb;
2632 1578 2722 1630 τὸν
2744 1577 2984 1650 Πατέρα,
3006 1580 3197 1650 ἐτέρας
3216 1580 3274 1632 δὲ
3303 1580 3426 1633 καθ’
3455 1582 3523 1653 ἣν
3554 1586 3583 1636 ό
3610 1583 3738 1646 Tib;
3766 1588 3868 1637 ἀπ’
3898 1585 4070 1638 αὑτοῦ

2473 1667 2816 1740 διακέκριται
2839 1687 2854 1701 ’
2879 1673 2975 1724 καὶ
3007 1673 3106 1743 τῆς
3140 1673 3239 1741 μὲν
3259 1677 3326 1744 τῇ
3354 1674 3452 1744 τῆς
3478 1674 3696 1743 φύσεως
3719 1679 4073 1750 προσηγορίᾳ

2474 1759 2837 1832 δηλουμένης,
2871 1763 2973 1832 τῆς
3031 1763 3090 1816 δὲ
3150 1768 3217 1835 τῇ
3282 1766 3386 1836 τῆς
3446 1767 3802 1829 ὑποστάσεως
3871 1771 4073 1839 κλήσει

2475 1854 2910 1926 γνωριζομένης,
2938 1856 3040 1919 τὰς
3076 1858 3292 1927 σχέσεις
3319 1859 3554 1924 ἐναλλὰξ
3580 1864 3940 1930 ποιήσαντες,
3974 1864 4074 1933 τὴν

2473 1947 2580 1998 ἀπὸ
2601 1947 2696 2000 τοῦ
2727 1949 2940 2019 Πατρὸς
2963 1949 3349 2016 διακρίνουσαν
3381 1952 3568 2018 σχέσιν
3599 1955 3736 2023 πρὸς
3753 1955 3854 2025 τὴν
3890 1957 4078 2026 σάρκα

2474 2038 2733 2104 διδόασιν,
2769 2041 3094 2107 ἀγνοοῦντες
3134 2042 3232 2114 τὴν
3256 2043 3347 2113 ⁸ὠς
3397 2045 3728 2112 ὑπόστασιν,
3753 2048 3838 2100 ὅτι
3906 2049 4076 2116 φύσις

2477 2131 2576 2201 μὲν
2612 2131 2705 2202 ὂλη
2739 2132 2875 2186 Θεοῦ
2903 2135 2936 2204 ἡ
2961 2135 3123 2187 οὑσία
3153 2135 3249 2187 τοῦ
3288 2136 3487 2204 Λόγου,
3509 2128 3716 2190 τελείου
3747 2139 3943 2192 τελεία
3969 2156 3982 2167 ·
4016 2141 4075 2191 τὸ

2473 2221 2530 2274 δὲ
2587 2223 2788 2293 ἰδίωμα
2834 2226 2933 2294 τῆς
2977 2227 3311 2297 γεννήσεως,
3361 2227 3660 2304 ὑπόστασίν
3689 2248 3748 2282 τε
3796 2232 3895 2284 καὶ
3944 2221 4076 2286 Υἰδξ

2477 2313 2778 2384 κεκλῆσθαι
2812 2319 3117 2388 πεποίηκεν
3144 2335 3156 2348 ·
3189 2320 3380 2391 ῶσπερ
3404 2317 3470 2375 αὖ
3501 2323 3597 2376 ἐπὶ
3625 2323 3719 2377 τοῦ
3745 2325 3990 2396 Πατρὶς,
4016 2326 4075 2378 rb

2478 2404 2674 2474 ἰδίωμα
2703 2407 2800 2476 τῆς
2826 2411 3156 2478 ἀγεννησίας
3177 2413 3271 2464 καὶ
3299 2413 3398 2466 τοῦ
3437 2416 3636 2480 αἰτίου,
3669 2417 3984 2469 ὑπόστασίν
4015 2435 4072 2469 τε

2474 2498 2568 2550 καὶ
2599 2498 2818 2569 Πατέρα
2845 2500 3114 2571 ἀπέφηνε.
3134 2504 3206 2556 Tb
3236 2503 3281 2556 δ’
3311 2504 3444 2557 αὐτὸ
3482 2507 3578 2560 καὶ
3611 2511 3740 2579 περὶ
3772 2508 3867 2562 τοῦ
3907 2509 4071 2575 ἀγίου

2476 2588 2803 2660 Πνεύματος
2851 2593 3054 2646 ἐννοεῖν
3111 2598 3216 2666 χρή
3244 2612 3257 2626 ο
3297 2597 3362 2650 οὑ
3406 2599 3516 2670 γὰρ
3561 2600 4070 2672 συμπληρωτικὴή

2474 2681 2569 2734 τοῦ
2611 2682 2826 2753 Πατρὸς
2875 2686 2970 2737 καὶ
3017 2685 3146 2738 Υἱοῦ
3191 2688 3288 2741 καὶ
3329 2688 3494 2757 ἁγίου
3526 2691 3851 2761 Πνεύματος
3881 2694 4071 2760 φύσις,

2474 2774 2550 2834 ὡς
2581 2768 2675 2828 οὖν
2712 2773 2916 2844 μᾶλλον
2950 2779 3008 2830 ἐν
3038 2777 3117 2846 τῷ
3146 2779 3227 2832 ἐνὶ
3258 2780 3291 2850 ἢ
3320 2782 3379 2833 ἐν
3413 2783 3528 2844 τοῖς
3555 2767 3722 2852 τρισί.
3752 2786 3864 2837 Καὶ
3907 2785 4075 2839 τοῦτο

2473 2867 2540 2935 τῇ
2574 2865 2731 2934 φύσει
2752 2868 2787 2938 ή
2817 2867 3010 2939 Τριάς,
3042 2870 3184 2941 ὅπερ
3213 2871 3281 2925 ἂν
3307 2871 3366 2924 ἐν
3388 2889 3440 2925 τι
3473 2873 3581 2926 τῶν
3612 2875 3669 2926 ἐν
3693 2874 3892 2945 Τριάδι
3931 2875 4073 2928 θεω-

2478 2956 2758 3028 ρουμένων
2783 2959 3042 3029 τυγχάνοι
3063 2977 3077 2992 ο
3109 2962 3192 3014 δτι
3223 2963 3300 3032 μὴ
3331 2961 3392 3026 ἐξ
3417 2962 3624 3016 ἀτελῶν
3663 2964 3835 3035 τριῶν
3870 2966 3934 3017 ἒν
3977 2965 4071 3017 τέ⁶

2476 3048 2638 3116 λειον,
2666 3050 2781 3103 ἀλλ’
2814 3051 2878 3103 ἐκ
2907 3051 3075 3121 τριῶν
3097 3053 3319 3105 τελείων
3352 3053 3412 3106 ἐν
3443 3055 3741 3123 ὑπερτελές
3788 3057 3889 3110 καὶ
3929 3073 4072 3127 προ-

777 3149 1112 3220 perfectum,
1148 3155 1210 3200 ut
1238 3144 1442 3199 alicubi
1465 3143 1603 3198 dicit
1634 3157 1866 3212 magnus
1885 3142 2202 3214 Dionysius.
2231 3142 2370 3197 Cum

2478 3140 2705 3203 τέλειον,
2745 3139 2820 3204 ὥς
2841 3157 2944 3193 «au
2972 3142 3000 3194 6
3031 3142 3205 3210 μέγας
3255 3142 3360 3212 ἔφη
3406 3143 3701 3207 Διονύσιος.
3736 3145 3838 3211 Ἐξ
3878 3147 4070 3198 τοίνυν

779 3241 946 3312 igitur
967 3255 1062 3294 sex
1088 3231 1444 3292 habitudines
1467 3235 1896 3305 contempletur,
1921 3234 2061 3290 duas
2094 3235 2272 3290 Patris
2299 3237 2366 3290 ad

778 3332 1043 3394 Verbum,
1065 3339 1120 3384 ct
1149 3327 1314 3384 Verbi
1349 3327 1418 3381 ad
1451 3327 1669 3382 Patrem
1711 3343 1724 3379 :
1756 3325 1898 3380 duas
1942 3325 2144 3382 deinde
2195 3328 2367 3383 Verbi

778 3424 846 3478 ad
883 3437 1130 3485 carnem,
1160 3431 1215 3475 ct
1265 3419 1452 3474 carnis
1495 3419 1562 3472 ad
1606 3418 1848 3474 Verbum
1889 3437 1901 3472 :
1933 3418 2074 3474 duas
2103 3429 2369 3488 praeterea

777 3515 987 3572 Christi
1040 3513 1108 3567 ad
1168 3527 1292 3575 uos,
1349 3521 1405 3565 et
1447 3520 1668 3564 nostras
1717 3510 1786 3564 ad
1830 3511 2044 3580 ipsum;
2082 3520 2195 3566 tres
2231 3512 2370 3566 ﬁunt

779 3605 1063 3677 generales
1121 3602 1560 3673 conjugationes.
1606 3601 1683 3654 Ac
1728 3602 1908 3670 prima
1954 3601 2178 3671 quidem
2215 3600 2371 3657 habi-

782 3697 915 3752 tudo
943 3693 1394 3765 conjugationum
1430 3693 1512 3746 sic
1553 3691 1742 3755 habet,
1774 3692 1921 3746 sicut
1949 3691 2111 3746 tertia
2145 3692 2369 3762 quidem

779 3803 809 3840 a
846 3786 1061 3856 prima:
1092 3781 1336 3838 secunda
1377 3796 1513 3836 vero
1563 3797 1596 3834 a
1621 3780 1823 3846 media,
1861 3780 1952 3834 illa
1989 3781 2140 3835 enim
2165 3782 2370 3852 quibus

778 3888 1026 3932 extrema
1077 3876 1325 3932 interse
1368 3873 1744 3936 conveniunt,
1785 3874 2066 3927 contrario
2104 3872 2270 3927 modo
2311 3889 2370 3928 se

782 3969 1011 4032 habent,
1053 3975 1223 4036 atque
1256 3967 1311 4019 in
1341 3964 1560 4031 media;
1594 3963 1739 4018 sicut
1767 3976 1987 4028 contra,
2015 3966 2217 4020 media.
2235 3965 2372 4033 Qui-

783 4063 888 4116 bus
905 4061 1054 4116 enim
1085 4057 1367 4113 contrarie
1385 4056 1551 4111 habet
1580 4056 1649 4110 ad
1674 4071 1733 4110 se
1761 4057 1956 4126 ipsam,
1975 4062 2374 4114 convenienter

784 4153 952 4206 habet
997 4149 1066 4204 ad
1109 4155 1471 4210 extrema,et
1514 4147 1722 4217 quibus
1774 4163 1968 4203 rursus
2034 4151 2374 4204 convenien-

785 4255 868 4299 ter
923 4241 1092 4296 habet
1138 4240 1208 4294 ad
1260 4255 1320 4294 se
1365 4240 1579 4310 ipsam,
1620 4241 1900 4294 contrarie
1952 4241 2121 4298 habet
2179 4243 2247 4298 ad
2276 4260 2374 4298 ex-

787 4347 984 4390 trema.

854 4426 951 4480 His
976 4425 1220 4480 breviter
1243 4423 1410 4479 dictis
1429 4465 1443 4489 ,
1467 4425 1714 4479 conabor
1751 4426 2047 4495 explanare
2096 4427 2370 4498 exemplo.

2479 3233 2716 3301 σχέσεων
2768 3233 2902 3301 ἡμῖν
2941 3232 3356 3303 Θεωρουμένων,
3387 3235 3532 3288 δυεῖν
3563 3235 3664 3306 μὲν
3703 3236 3799 3289 τοῦ
3849 3237 4072 3309 Πατρδς

2478 3321 2615 3391 «pb;
2658 3321 2749 3376 τὸν
2768 3323 2961 3390 Λόγον,
2992 3326 3084 3377 καὶ
3128 3324 3223 3378 τοῦ
3264 3327 3440 3394 Λόγου
3478 3328 3617 3399 πρὸς
3653 3329 3746 3380 τὸν
3797 3331 4031 3401 Πατέρα
4056 3349 4071 3364 ·

2477 3413 2621 3466 δυεῖν
2647 3413 2705 3467 δὲ
2733 3414 2828 3467 τοῦ
2867 3416 3039 3484 Λόγου
3071 3418 3208 3488 πρὸς
3237 3418 3337 3490 τὴν
3366 3421 3568 3486 σάρκα,
3598 3422 3814 3493 καὶτῆς
3863 3426 4074 3492 σαρκὸς

2480 3509 2616 3578 πρὸς
2658 3509 2750 3562 τὸν
2790 3510 3004 3577 Λόγον,
3035 3511 3180 3564 δυεῖν
3217 3511 3274 3564 δὲ
3311 3511 3406 3565 τοῦ
3451 3512 3690 3586 Χριστοῦ
3725 3515 3863 3584 «pb;
3895 3519 4078 3585 ἡμᾶς’

2479 3600 2574 3652 καὶ
2605 3600 2763 3669 ἡμῶν
2794 3600 2928 3670 πρὸς
2945 3599 3132 3665 αὑτὸν,
3165 3603 3313 3668 τρεῖς
3357 3602 3599 3668 γίνονται
3639 3603 3940 3656 καθολικαὶ
3981 3622 4080 3656 συ-

2479 3690 2687 3759 ζυγίαι.
2719 3691 2830 3744 Καὶ
2873 3693 2907 3761 ἡ
2961 3691 3061 3762 μὲν
3117 3691 3312 3763 πρώτη
3366 3692 3479 3745 τῶν
3546 3693 3824 3760 συζυγιῶν
3882 3698 4079 3765 σχέσις

2477 3783 2652 3846 οὕτως
2679 3783 2902 3854 ἐχει,ὡς
2935 3785 2968 3853 ἡ
2996 3784 3154 3855 τρίτη
3186 3783 3284 3854 μὲν
3311 3785 3418 3837 ἀπὸ
3434 3785 3534 3854 τῆς
3564 3785 3815 3856 πρώτης,
3839 3787 4079 3857 δευτέρα

2477 3876 2534 3929 δὲ
2566 3875 2674 3928 ἀπὸ
2707 3877 2806 3944 τῆς
2840 3875 3010 3946 μέσης
3033 3892 3046 3905 ·
3084 3871 3166 3939 οἷς
3194 3877 3302 3945 γὰρ
3329 3877 3634 3947 ᾠκείωνται
3673 3880 3730 3931 αἰ
3757 3881 4080 3950 ἀκρότητες

2480 3970 2615 4037 πρὸς
2646 3969 2867 4033 ἐαυτάς,
2897 3970 3158 4032 ἐναντίως
3188 3968 3411 4039 ἔχουσαι
3444 3969 3581 4040 πρὸς
3608 3970 3707 4040 τὴν
3743 3973 3926 4042 μέσην
3956 3991 3971 4004 ο
4003 3976 4078 4036 ὡς

2479 4062 2773 4133 ἔμπαλινὴ
2802 4062 2965 4132 μέση.
3003 4059 3100 4123 Οἷς
3132 4061 3243 4131 γὰρ
3285 4062 3547 4125 ἐναντίως
3590 4063 3705 4132 ἔχει
3756 4067 3902 4132 πρὸς
3953 4070 4076 4119 ἑαυ-

2479 4153 2599 4224 τὴν,
2621 4151 2846 4216 οἰκείως
2894 4150 3010 4221 ἔχει
3049 4150 3190 4220 πρὸς
3236 4150 3336 4213 τάς
3371 4151 3715 4222 ἀκρότητας·
3752 4155 3850 4206 καὶ
3913 4157 4077 4210 πάλιν

2481 4240 2561 4308 οἷς
2593 4245 2812 4309 οἰκείως
2851 4244 2970 4315 ἔχει
3002 4243 3143 4316 πρὸς
3189 4243 3415 4315 ἑαυτὴν,
3463 4244 3731 4309 ἐναντίως
3763 4245 3881 4317 ἔχει
3936 4249 4078 4316 «pb;

2481 4339 2579 4398 τὰς
2603 4337 2931 4408 ἀκρότητας.

2555 4428 2775 4482 Τούτων
2815 4429 3103 4500 συντόμως
3135 4428 3448 4500 εἰρημένων
3477 4430 3778 4498 σαφηνίσαι
3808 4432 3954 4485 αὑτά
3989 4435 4080 4486 ἐπὶ

785 4517 910 4572 Sint
960 4516 1154 4587 posita:
1204 4525 1316 4570 tres
1366 4531 1496 4582 res,
1546 4516 1728 4570 anima
1771 4517 2119 4587 simpliciter,
2170 4536 2372 4589 corpus

2478 4521 2929 4604 ⁸παραδείγματος
2973 4521 3328 4591 πειράσομαι.
3361 4520 3582 4574 Κείσθω
3627 4523 3683 4575 δὲ
3727 4524 3862 4592 τρία
3897 4527 4078 4595 «psi?-

785 4609 1135 4679 simpliciter,
1172 4607 1341 4662 homo
1364 4623 1432 4662 ex
1455 4607 1639 4662 anima
1659 4617 1716 4662 et
1743 4624 1974 4680 corpore
2011 4614 2373 4682 compositus,

784 4710 841 4755 et
882 4701 1082 4755 horum
1117 4700 1263 4754 inter
1302 4715 1358 4753 sc
1384 4699 1764 4766 habitudines,
1813 4709 1874 4754 ut
1913 4703 2112 4757 animat
2149 4704 2216 4759 ad
2259 4707 2380 4760 ani-

788 4809 954 4857 mam,
980 4793 1179 4847 animat
1230 4791 1300 4846 ad
1341 4806 1547 4862 corpus
1582 4809 1776 4861 suum;
1807 4795 2050 4851 hominis
2078 4797 2148 4851 ad
2174 4813 2378 4869 corpus

788 4882 1142 4952 simpliciter,
1170 4894 1226 4936 et
1256 4882 1326 4936 ad
1362 4882 1602 4937 animam
1641 4883 1985 4954 simpliciter.
2022 4887 2216 4943 Anima
2249 4890 2378 4958 qui-

789 4975 914 5030 dem
950 4974 1018 5028 ad
1043 4973 1284 5027 animam
1316 4975 1395 5028 sic
1425 4989 1483 5028 se
1515 4974 1703 5038 habet,
1733 4985 1792 5029 ut
1814 4977 2139 5033 diversitate
2163 4968 2374 5035 natura:

789 5067 1028 5121 discreta
1074 5065 1173 5130 sit;
1227 5065 1382 5118 unita
1419 5081 1556 5120 vero
1603 5067 1820 5121 ratione
1851 5069 2183 5140 hypostasis,
2207 5089 2372 5141 quam

789 5158 899 5211 vita
933 5154 1282 5226 ἀλληλοῦχος,
1310 5155 1364 5210 id
1403 5164 1510 5220 est,
1544 5167 1737 5213 mutuo
1776 5171 2001 5230 accepta
2062 5171 2118 5216 et
2160 5163 2372 5217 reddita

793 5246 1028 5318 perfecit
1075 5264 1088 5299 :
1132 5247 1239 5301 hoc
1271 5247 1515 5302 secunda
1555 5248 1863 5319 eademque
1897 5251 2074 5305 media
2111 5253 2377 5307 habitudo

792 5347 976 5393 servat
1012 5353 1026 5390 :
1066 5337 1234 5390 homo
1266 5352 1402 5393 vero
1437 5337 1506 5392 ad
1550 5355 1756 5410 corpus
1804 5340 2153 5410 simpliciter,
2206 5352 2262 5397 et
2312 5346 2378 5398 ad

793 5429 1032 5483 animam
1072 5427 1400 5498 simpliciter
1432 5429 1661 5493 r‘elatus,
1691 5439 1952 5501 tanquam
1977 5439 2126 5488 totus
2151 5437 2380 5490 omnino

794 5519 865 5573 ab
894 5519 1017 5574 istis
1049 5518 1349 5585 discretus,
1385 5529 1616 5590 propter
1659 5520 2043 5576 habitudinem
2079 5524 2147 5576 ad
2195 5536 2381 5594 partes

796 5627 961 5674 suas,
1019 5610 1319 5666 secundam
1372 5611 1820 5666 communionem
1867 5629 1992 5668 cum
2047 5615 2180 5685 ipsis
2229 5617 2378 5671 facit.

796 5703 976 5770 Quare
1026 5704 1280 5758 Christus
1323 5703 1391 5757 ad
1437 5719 1540 5758 nos
1563 5715 1618 5759 et
1643 5705 1710 5758 ad
1750 5706 1968 5760 Patrem
2007 5708 2233 5770 relatus,
2262 5722 2384 5762 tan-

2483 4629 2650 4676 ματα,
2706 4611 2855 4681 ψυχὴ
2913 4611 3123 4676 ἁπλῶς,
3175 4611 3336 4680 σῶμα
3379 4610 3589 4675 ἁπλῶς,
3650 4611 3954 4681 ἄνθρωπος
4017 4620 4079 4668 ἐκ

2479 4702 2661 4772 ψυχῆς
2689 4704 2783 4756 καὶ
2813 4701 3066 4772 σώματος
3099 4687 3372 4765 συνεστώς
3395 4717 3411 4732 ⁹
3444 4705 3539 4755 καὶ
3585 4702 3796 4755 τούτων
3830 4707 3888 4756 αἰ
3940 4709 4080 4775 «pb;

2480 4793 2739 4862 ἀλλήλαις
2790 4795 3026 4864 σχέσεις,
3054 4789 3165 4848 οἷον
3212 4795 3394 4865 ψυχῆς
3455 4797 3593 4866 πρὸς
3650 4797 4080 4869 ψυχῆννψυχῆς

2483 4886 2619 4956 «pb;
2668 4886 2730 4939 τὸ
2770 4887 2971 4957 ἐαυτῆς
3019 4888 3199 4958 σῶμα,
3239 4889 3528 4959 ἀνθρώπου
3587 4890 3723 4960 «pb;
3766 4891 3830 4942 τὸ
3885 4894 4081 4957 ἁπλῶς

2481 4977 2682 5048 ψυχήν.
2710 4979 2871 5048 Ψῖυχὴ
2933 4978 3035 5048 μὲν
3097 4979 3205 5049 γὰρ
3248 4979 3387 5048 πρὸς
3422 4979 3602 5050 ψυχὴν
3634 4979 3712 5051 τῷ
3757 4984 3947 5053 σεαυτῷ
3983 4986 4082 5051 τῆς

2484 5071 2672 5133 οὐσίας
2708 5070 2986 5140 ἡνωμένη,
3027 5068 3104 5139 τῷ
3142 5071 3387 5142 διαφόρῳ
3424 5072 3522 5140 τῆς
3564 5073 3926 5137 ὑποστάσεως
3962 5077 4085 5128 δια.

2487 5166 2779 5232 κέκριται·
2811 5161 2972 5214 τοῦτο
3007 5163 3038 5231 ἡ
3071 5161 3266 5231 πρώτη
3323 5165 3414 5214 καὶ
3465 5163 3498 5226 ἡ
3539 5161 3829 5215 τελευταία
3890 5168 4085 5232 σχέσις

2487 5252 2597 5304 τῶν
2664 5251 2937 5331 συζυγιῶν
2963 5271 2977 5283 ⁸
3021 5251 3170 5323 ψυχὴ
3202 5253 3258 5305 δὲ
3300 5253 3436 5320 πρὸς
3474 5253 3534 5305 τὸ
3563 5252 3734 5322 αὐτῆς
3781 5254 3971 5323 σῶμα,
4001 5257 4086 5325 τῷ

2493 5343 2594 5409 μὲν
2651 5344 2879 5413 ἐτεροίῳ
2938 5343 3040 5412 τῆς
3117 5343 3336 5410 φύσεως
3409 5342 3792 5414 διακέκριται,
3861 5345 4084 5414 ἥνωται

2487 5435 2544 5489 δέ
2601 5435 2680 5506 τῷ
2737 5435 2882 5505 λόγῳ
2945 5437 3045 5505 τῆς
3106 5436 3479 5497 ὑποστάσεως.
3535 5436 3604 5506 ἢν
3660 5437 3694 5505 ἡ
3734 5437 4086 5508 anteﬁxa;

2489 5527 2604 5596 ζωὴ
2665 5529 3000 5581 ἀπετέλεσε·
3062 5528 3222 5582 τοῦτο
3285 5531 3319 5598 ἡ
3374 5528 3607 5599 δευτέρα
3669 5531 3764 5584 καὶ
3821 5533 3853 5600 ὴ
3925 5535 4077 5602 μέση

2488 5617 2746 5682 διασώζει
2809 5621 3034 5690 σχέσις·
3100 5622 3391 5691 ἄνθρωπος
3444 5622 3501 5675 δὲ
3556 5624 3691 5692 «pb;
3753 5625 3814 5676 τὸ
3885 5626 4088 5688 ἀτελῶς

2496 5713 2678 5781 σῶμα,
2729 5714 2826 5766 καὶ
2860 5714 2959 5781 τὴν
2999 5714 3187 5778 ἁπλῶς
3226 5712 3440 5783 ψυχὴν,
3471 5713 3592 5778 ὅλος
3641 5716 3816 5790 πάντη
3867 5719 4086 5774 τούτων

863 5885 976 5942 (l8)
1037 5886 1226 5940 Causa
1285 5887 1616 5955 hypostasin.
1651 5887 1837 5942 Utitur
1884 5891 2154 5946 vocabulo
2188 5910 2363 5947 musae
2404 5911 2502 5964 pro
2535 5895 2828 5966 principio,
2856 5914 3007 5953 more
3033 5896 3370 5953 ϐιαιως-ωτι.
3402 5899 3538 5953 Tun.
