4218 6444
198 443 338 511 1289

1269 451 1566 510 CONTRA
1606 447 1926 508 NESTOR.
1965 449 2058 507 ET
2098 448 2417 508 EU'l‘YCll.

3327 449 3460 513 1290

191 560 646 632 διακεκριμένος,
679 561 767 615 διὰ
797 550 894 633 τὴν
929 561 1063 632 πρὸς
1097 560 1165 614 τὰ
1196 562 1394 614 ἑαυτοῦ
1433 564 1570 632 μέρη
1625 560 1774 629 πρὼ-

1883 575 2039 629 quam
2068 569 2216 613 totus
2247 576 2310 612 ex
2348 560 2616 628 partibus,
2645 569 2872 630 propter
2894 573 3078 632 partes
3098 579 3226 619 suas
3246 565 3465 620 medius

190 669 294 722 την
324 654 530 722 σχέσιν,
561 653 820 725 δευτέραν
853 657 1089 706 ποιεῖται
1119 655 1255 725 πρδς
1286 655 1426 707 αὐτὰ
1463 653 1771 704 κοινωνίαν.

195 746 364 798 ’Ὥστε
394 746 490 798 καὶ
523 747 552 798 ό
580 747 815 817 Χριστὸς
848 746 983 816 πρὸς
1017 747 1165 815 ἡμᾶς
1187 747 1279 798 καί
1310 746 1447 815 πρδς
1476 745 1563 796 τὸν
1599 744 1776 795 [ιατέ-

199 854 292 904 ρα,
323 837 399 898 ὡς
429 837 549 898 ὅλος
571 835 646 889 ῶν
668 837 733 889 ἐκ
761 837 966 907 μερῶν,
1003 836 1089 888 διὰ
1115 838 1181 890 τὰ
1207 836 1401 888 ἑαυτοῦ
1445 835 1583 904 μέρη
1621 850 1776 904 μεσι-

197 926 348 979 τεύει
397 929 511 989 τοῖς
557 927 769 996 ἄκροις,
805 928 944 990 ὅλως
999 927 1096 997 μὲν
1150 928 1453 986 ὑπόστασις
1504 927 1580 978 ῶν
1643 925 1780 994 πρὸς

194 1021 370 1088 ἡμᾶς,
415 1020 555 1090 μετὰ
604 1020 703 1087 τῆς
764 1019 1024 1089 Θεότητος
1072 1020 1161 1072 διὰ
1198 1020 1299 1087 τὴν
1352 1019 1775 1089 ἀνθρωπότητα,

193 1111 690 1180 ὲπαλλαττομένων
735 1111 844 1162 τῶν
897 1111 1041 1163 κατὰ
1098 1110 1198 1181 τὴν
1253 1110 1526 1181 διάκρισιν
1572 1126 1632 1160 τε
1685 1108 1779 1160 καὶ

191 1204 390 1256 ἕνωσιν
430 1204 690 1272 σχέσεων,
721 1197 799 1256 ὧν
826 1219 886 1254 τε
923 1204 1058 1271 πρὸς
1105 1203 1300 1256 ἑαυτὸν
1346 1203 1434 1255 διὰ
1466 1204 1534 1254 τὰ
1583 1201 1777 1253 ἑαυτοῦ

198 1295 343 1364 μέρη
376 1295 514 1364 ἔχων
543 1293 907 1364 γνωρίζεται,
945 1296 1036 1347 καὶ
1067 1287 1142 1347 ὧν
1171 1294 1308 1363 πρός
1337 1310 1398 1344 τε
1434 1293 1525 1344 τὸν
1560 1291 1780 1362 Πατέρα

194 1387 292 1438 καὶ
322 1387 490 1454 ἡμᾶς,
519 1385 608 1437 διὰ
634 1385 731 1454 τὴν
759 1385 869 1436 τῶν
899 1385 1083 1455 μερῶν
1115 1385 1250 1453 πρὸς
1283 1384 1352 1437 τὰ
1390 1385 1531 1454 ἄκρα
1585 1383 1779 1436 οἰκειό-

193 1494 335 1545 τητα
357 1479 641 1547 κέκτηται.
663 1477 1034 1546 Εύγνωμόνως
1051 1477 1106 1529 δὲ
1123 1477 1232 1528 τῶν
1258 1494 1323 1546 με
1334 1477 1441 1547 ρῶν
1458 1478 1774 1528 ἀκουστέον·

193 1569 258 1620 ού
293 1567 401 1636 γὰρ
436 1569 511 1629 ὡς
549 1571 616 1637 τῇ
658 1569 820 1635 φύσει
848 1567 1026 1636 ἁτελῆ
1058 1568 1208 1631 ὅντα,
1243 1569 1384 1636 μέρη
1413 1567 1588 1620 ταῦτά
1613 1584 1776 1636 φημι,

194 1659 314 1711 ἀλλ’
348 1661 423 1721 ὼς
480 1658 916 1729 συμπληρωτικὰ
991 1660 1086 1712 τοῦ
1137 1657 1432 1728 προσώπου
1487 1660 1586 1728 τῆς
1641 1664 1782 1712 κατὰ

194 1752 432 1822 Χριστδν
483 1753 858 1813 ὑποστάσεως.
895 1752 1053 1804 Οῦτω
1104 1751 1215 1821 γὰρ
1267 1752 1554 1821 Γρηγορίῳ
1595 1769 1655 1803 τε
1692 1752 1782 1802 καὶ

194 1843 470 1912 litigium,
507 1844 600 1895 καὶ
651 1843 710 1893 τὸ
758 1843 879 1894 ὅλον
917 1842 976 1895 ού
1020 1842 1119 1910 μία
1147 1841 1328 1908 φύσις,
1355 1843 1448 1895 καὶ
1471 1842 1657 1905 ἁπλῶς
1687 1842 1781 1894 καὶ

192 1934 334 2004 πρός
362 1949 433 1995 τι,
458 1932 519 1984 τό
541 1949 598 1983 τε
624 1932 811 1993 ἀτελὲς
842 1934 935 1985 καὶ
956 1932 1017 1984 τὸ
1048 1932 1255 1984 τέλειον
1280 1933 1516 2001 εἴρηται.

271 2039 291 2072 ι
322 2022 386 2074 Τί
413 2017 507 2074 οὖν
531 2039 694 2090 φασιν
717 2040 731 2087 ;
757 2023 830 2074 Οὐ
861 2021 1092 2091 λέγομεν
1121 2022 1250 2091 μίαν
1276 2023 1439 2090 φύσιν
1467 2023 1778 2095 ἀνθρώπου,

194 2112 404 2181 καίπερ
440 2111 670 2180 διάφορα
708 2113 776 2164 τὰ
825 2111 1150 2165 συνελθόντα
1197 2113 1594 2181 γινώσκοντες;
1627 2116 1692 2167 Τί
1719 2115 1783 2184 δὴ

193 2198 292 2258 οῦν
320 2203 503 2271 λυπεῖ,
531 2201 724 2275 ὥσπερ
758 2197 859 2256 ὧδε
886 2205 986 2256 οὐκ
1021 2205 1106 2256 ἐπ’
1143 2207 1424 2276 ἀναιρέσει
1454 2208 1553 2278 της
1590 2206 1783 2276 ἰδιότη-

192 2313 292 2360 τος
325 2295 435 2349 τῶν
468 2296 673 2368 μερῶν,
713 2296 874 2364 φύσιν
903 2295 1179 2366 καλοῦμεν
1221 2298 1321 2361 τὰς
1353 2280 1565 2368 φύσεῖς,
1597 2301 1647 2352 εἰ
1688 2300 1783 2352 καὶ

195 2389 290 2444 ἐπὶ
318 2388 555 2459 Χριστοῦ
599 2389 660 2441 τὸ
699 2389 886 2459 ὅμοιον
916 2388 1199 2452 ποιοῦντες
1227 2391 1533 2460 φαινόμεθα
1560 2407 1574 2456 ;
1619 2391 1780 2444 ’Λλλὰ

193 2477 522 2549 λοιὼρεῖσοε
565 2480 695 2548 ἡμῖν
749 2480 843 2530 καὶ
875 2477 1188 2550 διασύρετε,
1221 2481 1296 2542 ὡς
1345 2483 1612 2551 σύγχυσιν
1660 2481 1781 2533 ἐπι-

194 2571 410 2625 νοοῦσιν
458 2573 552 2624 ἐπὶ
603 2571 868 2644 Χριστοῦ,
902 2572 1094 2643 ἐπειδὴ
1140 2571 1211 2625 τὰ
1248 2575 1388 2644 μέρη
1432 2577 1496 2644 τῇ
1530 2573 1624 2628 τοῦ
1655 2574 1778 2627 ὅλου

197 2661 541 2733 σημαίνομεν
567 2664 854 2732 ὀνομασία.
894 2680 912 2714 ι
944 2663 1008 2714 Εἰ
1038 2664 1137 2732 μὲν
1167 2662 1234 2716 τὰ
1259 2664 1404 2734 μέρη
1421 2668 1487 2736 τῇ
1517 2665 1614 2717 τοῦ
1656 2666 1780 2719 ὅλου

195 2753 385 2806 καλεῖν
411 2752 698 2806 ἐϐούλεσθε
731 2754 1096 2826 προσηγορίᾳ,
1127 2754 1233 2808 ἔδει
1261 2758 1482 2819 παντως
1511 2759 1654 2827 ὑμᾶς
1684 2759 1781 2810 καὶ

195 2844 260 2898 τὸ
281 2847 399 2897 ὅλον
430 2847 496 2916 τῇ
527 2845 637 2897 τῶν
662 2845 844 2916 μερῶν
862 2847 1150 2918 γνωρίζειν
1179 2848 1466 2918 ὀνομασίᾳ,
1495 2850 1590 2901 καὶ
1607 2850 1782 2915 οὕτως

196 2937 374 3001 οὐδεὶς
438 2938 504 2990 ἂν
569 2932 637 3009 ἦν
683 2937 875 3005 φθόνος
934 2941 1086 3009 ἡμῖν.
1141 2941 1329 3012 Σάρκα
1379 2941 1436 2993 δὲ
1477 2941 1524 3011 ἢ,
1571 2942 1782 3009 ἄνθρω-

196 3045 300 3083 πον
323 3019 618 3090 καλοῦντες
649 3028 851 3098 μᾶλλον
879 3030 970 3081 τὸν
997 3029 1223 3100 Κύριον,
1253 3031 1314 3081 τὸ
1343 3031 1462 3083 ὅλον
1489 3032 1554 3084 ἐκ
1585 3031 1785 3102 μέρους

196 3118 533 3188 ὲσημαίνετε
563 3119 651 3182 ἂν,
685 3117 801 3170 ἀλλ’
837 3118 899 3170 ού
950 3117 1112 3187 φύσιν
1175 3119 1301 3188 μίαν
1354 3119 1450 3181 τὰς
1483 3119 1578 3171 δύο
1619 3135 1786 3188 προσ-

202 3212 593 3283 αγορεύοντες.
621 3211 888 3275 Πολλάκις
923 3213 1032 3282 γὰρ
1060 3213 1122 3264 τὸ
1153 3214 1227 3284 μὴ
1266 3214 1662 3284 κυριολεκτείν,
1692 3219 1783 3266 καί

198 3305 470 3375 δόγματος
493 3303 789 3374 ἐργάζεται
818 3304 1144 3372 διαφωνίαν·
1174 3306 1296 3358 ὅθεν
1329 3307 1490 3374 ἡμεῖς
1520 3305 1662 3358 κατὰ
1685 3306 1782 3368 τὰς

201 3397 356 3458 Οείας
397 3397 643 3464 Γραφὰς,
685 3397 777 3447 καί
823 3397 922 3457 τὰς
963 3397 1478 3465 πατροπαραδότους
1528 3397 1780 3468 θεωρίας,

199 3487 464 3549 πολλάκις
513 3488 574 3538 τὸ
612 3487 732 3539 ὅλον
765 3487 830 3538 ὲκ
877 3487 1098 3556 μέρους,
1135 3487 1229 3539 καὶ
1277 3487 1346 3539 τὰ
1387 3488 1526 3557 μέρη
1573 3492 1639 3559 τῇ
1689 3487 1784 3540 τοῦ

199 3580 323 3635 ὅλου
373 3581 568 3650 κλήσει
628 3577 1132 3650 προσαγορεύομεν,
1171 3578 1297 3638 Ὶζίὸν
1352 3579 1638 3648 ἀνθρώπου
1694 3580 1784 3631 τὸν

201 3674 374 3742 Λόγον
403 3673 782 3742 ὀνομάζοντες,
811 3672 906 3722 καὶ
939 3671 1148 3740 Κύριον
1177 3671 1280 3738 τῆς
1315 3671 1475 3738 δόξης
1504 3672 1783 3736 ἐσταυρῶ-

202 3765 331 3818 σθαι
350 3763 759 3833 δμολογοῦντες.
779 3760 918 3813 Ἀλλ’
935 3762 996 3812 οὐ
1026 3759 1178 3830 παρὰ
1208 3760 1366 3811 τοῦτο
1412 3763 1476 3829 τῇ
1517 3761 1784 3812 ἁντιδόσει

200 3856 312 3909 τῶν
353 3849 1134 3924 ίδιωμᾶτων,ὰναιροῖ;μεντὸν
1168 3851 1296 3903 ἴδιον
1327 3851 1481 3918 λόγον
1501 3852 1597 3918 τῆς
1629 3850 1786 3902 Οατὲ-

204 3948 302 4000 δου
330 3949 388 3998 ὲν
420 3944 603 4015 ταυτῷ
634 3946 915 4014 ἰδιότητος.
935 3943 1077 4010 Πρὸς
1098 3943 1155 3994 δὲ
1193 3941 1286 3994 καὶ
1317 3941 1405 3993 διὰ
1427 3944 1628 4012 κυρίων
1650 3944 1784 4012 ἡμῖν

199 4041 378 4094 ταῦτα
409 4040 517 4091 τῶν
546 4037 831 4108 ὀνομάτων
863 4036 1227 4103 γνωρίζεται,
1249 4035 1350 4102 τὴν
1379 4035 1477 4102 μὲν
1514 4035 1783 4087 ἀντίδοσιν

198 4131 313 4185 τῶν
349 4129 655 4197 ιδιωμάτων
680 4132 735 4179 ἐν
779 4130 845 4198 τῇ
893 4127 992 4198 μιᾷ
1035 4126 1335 4178 ὑποστάσει
1369 4124 1655 4208 Θεωροῦπι,
1683 4129 1785 4192 τὴν

197 4224 260 4278 (ὲ
293 4223 534 4292 ἰδιότητα
565 4222 664 4292 τὴν
698 4223 755 4273 ὲν
792 4223 858 4290 τῇ
906 4218 1176 4286 κοινότητι
1215 4218 1274 4269 ἐν
1304 4220 1370 4288 τῇ
1414 4217 1643 4286 διαφορᾷ
1675 4217 1784 4270 τῶν

199 4316 421 4387 φύσεων
455 4313 932 4384 ἐπιγινώσκουσιν.
968 4312 1158 4380 Ὑμεῖς
1187 4310 1345 4381 δὲτῴ
1375 4311 1783 4380 παραδείκίματι

202 4406 538 4476 κεχρημένοι
587 4403 682 4456 τοῦ
706 4402 1023 4472 ἀνθρώπου,
1053 4400 1149 4453 καὶ
1182 4399 1332 4469 αὐτῷ
1366 4399 1445 4468 τῷ
1496 4400 1782 4470 πρωτοτύο

200 4514 292 4568 mp
347 4493 793 4565 συνδιαφθείρετε
839 4494 901 4546 τὸ
941 4492 1316 4562 παράδειγμα.
1344 4493 1494 4546 Μίαν
1539 4491 1638 4562 μὲν
1674 4493 1784 4564 γὰρ

1878 663 1961 703 est
1996 651 2143 704 inter
2175 661 2461 715 extrema;
2498 668 2566 708 ex
2619 663 2737 707 toto
2783 654 3117 725 hypostasis,
3158 657 3363 712 relatus
3392 657 3463 712 ad

1879 744 2119 809 Patrem,
2165 757 2394 815 propter
2438 747 2790 800 divinitatem
2837 763 2964 802 cum
3008 749 3380 817 humanitate;
3407 762 3465 806 et

1878 850 1944 887 ex
1977 843 2092 888 toto
2152 836 2464 906 hypostasis
2493 839 2702 892 relatus
2735 838 2802 892 ad
2836 855 2958 903 nos,
2991 848 3218 909 propter
3265 840 3462 896 huma-

1880 926 2112 979 nitatem
2146 943 2268 981 cum
2313 928 2622 994 divinitate,
2660 931 2992 1000 permutatis
3041 931 3467 988 habitudinibus

1880 1017 2184 1070 secundum
2236 1018 2647 1074 distinctionem
2681 1032 2738 1074 et
2776 1022 3039 1074 unionem
3093 1037 3230 1090 quas
3277 1037 3468 1077 secum

1881 1118 2111 1177 prepter
2156 1118 2343 1178 partes
2380 1125 2508 1164 suas
2566 1110 2763 1177 habet;
2788 1125 2844 1166 et
2884 1129 3023 1182 quas
3061 1130 3188 1168 cum
3215 1115 3374 1168 Patre
3409 1122 3469 1169 et

1883 1201 2168 1255 nobiscum
2223 1203 2410 1264 habet.
2464 1211 2693 1272 propter
2753 1205 3196 1259 convenientiam
3224 1206 3468 1276 partium

1881 1303 2008 1341 cum
2054 1291 2338 1346 extremis.
2367 1291 2504 1346 Cum
2549 1304 2734 1346 autem
2770 1301 2955 1362 partes
2983 1295 3240 1359 dicimus,
3271 1296 3468 1351 audire

1881 1389 2098 1448 oportet
2128 1384 2430 1449 prudenter
2458 1403 2471 1438 :
2495 1400 2604 1439 non
2634 1385 2782 1438 enim
2814 1393 3002 1454 partes
3037 1386 3291 1452 dicimus,
3321 1395 3468 1454 tan-

1881 1485 2045 1537 quam
2079 1470 2429 1540 imperfectas
2460 1483 2678 1538 natura,
2710 1475 2805 1528 scd
2838 1485 3099 1544 tanquam
3127 1477 3468 1545 complentes

1883 1576 2171 1628 personam
2226 1562 2535 1631 hypostasis
2577 1563 2804 1617 Christi.
2847 1567 2938 1620 Sic
2966 1568 3115 1620 enim
3140 1582 3171 1619 a
3200 1564 3469 1636 Gregorio

1883 1659 1938 1704 et
1961 1650 2164 1721 Cyrillo
2199 1652 2407 1707 dictum
2439 1663 2522 1708 est
2543 1664 2719 1709 totum
2747 1671 2859 1710 non
2886 1673 2992 1710 una
3019 1667 3234 1724 natura,
3263 1660 3470 1714 etsim—

1882 1743 2120 1811 pliciter,
2147 1754 2202 1798 et
2231 1745 2296 1798 ad
2351 1747 2581 1816 aliquid,
2614 1755 2672 1803 et
2711 1748 3124 1818 imperfectum,
3181 1761 3238 1806 ct
3292 1751 3470 1822 perfe-

1887 1842 2053 1888 ctum.

1959 2010 1978 2041 ‹
2005 1990 2146 2057 Quid
2180 1993 2346 2063 igitur
2377 1994 2570 2048 aiunt?
2603 1995 2796 2050 Nonne
2828 1996 3068 2050 dicimus
3099 2012 3264 2051 unam
3309 2007 3470 2051 natu-

1885 2099 2002 2138 ram
2056 2086 2317 2152 hominis,
2373 2089 2624 2156 quamvis
2673 2104 3070 2158 cognoscamus
3153 2089 3469 2155 differentia

1885 2191 2027 2241 esse,
2060 2194 2182 2246 qua:
2211 2189 2416 2233 coeunt
2444 2181 2498 2233 in
2530 2181 2741 2234 unum?
2773 2180 2914 2247 Quid
2941 2197 3072 2252 ergo
3107 2181 3310 2245 obstat,
3332 2183 3470 2252 quin

1884 2265 2027 2322 sicut
2066 2268 2158 2347 hic
2196 2285 2304 2324 non
2340 2270 2407 2324 ad
2454 2272 2759 2326 tollendum
2793 2272 3190 2342 proprietatem
3223 2274 3471 2342 partium

1883 2371 2109 2415 naturas
2130 2378 2392 2416 vocamus
2411 2372 2684 2428 naturam,
2711 2363 2920 2432 aliquid
2949 2364 3129 2418 simile
3162 2365 3216 2417 in
3244 2362 3470 2419 Christo

1883 2451 2062 2506 facere
2105 2453 2427 2508 videamur?
2486 2455 2628 2521 Quin
2679 2456 2863 2525 potius
2900 2456 3148 2512 convicia
3178 2457 3379 2523 facitis,
3411 2466 3472 2511 et

1886 2540 2119 2596 illuditis
2153 2544 2308 2611 quasi
2338 2543 2719 2606 confusionem
2749 2544 2803 2598 in
2826 2545 3046 2599 Christo
3071 2548 3469 2616 excogitemus,

1884 2633 2013 2702 quia
2058 2643 2242 2702 partes
2285 2637 2654 2705 appellatione
2712 2638 2879 2692 totius
2923 2638 3318 2709 signiﬁcamus.
3349 2659 3369 2692 ›
3409 2639 3470 2695 Si

1884 2724 2154 2780 volebatis
2202 2741 2396 2780 vocare
2449 2738 2636 2797 partes
2685 2728 2908 2783 nomine
2949 2729 3140 2791 totius,
3175 2731 3472 2800 oportebat

1885 2817 2153 2886 profecto,
2168 2829 2229 2873 ut
2249 2828 2422 2873 totum
2437 2820 2602 2874 etiam
2623 2819 3001 2876 nominatione
3014 2822 3196 2891 partiu
3207 2837 3258 2876 m
3280 2822 3470 2877 decla-

1886 2909 2119 2983 raretis‘
2141 2919 2306 2979 atque
2337 2909 2411 2965 ita
2442 2911 2592 2965 nulla
2618 2911 2776 2966 vobis
2796 2911 3002 2965 invidia
3032 2920 3198 2967 esset.
3231 2912 3471 2968 Carnem

1885 3009 2092 3063 autem,
2132 3003 2219 3056 vel
2266 3003 2547 3056 hominem
2604 3012 2864 3058 vocantes
2913 3003 3100 3074 potius
3148 3005 3468 3070 Dominum,

1887 3103 2062 3149 totum
2108 3111 2175 3149 ex
2215 3104 2368 3164 parte
2405 3094 2815 3165 significaretis,
2848 3105 2904 3150 et
2929 3110 3041 3150 non
3073 3095 3212 3151 duas
3244 3105 3472 3154 naturas

1886 3194 2146 3240 vocantes
2185 3202 2371 3240 unam.
2404 3186 2558 3256 Saepe
2589 3189 2736 3242 enim
2773 3205 2884 3243 non
2912 3191 3136 3259 proprie
3170 3189 3322 3261 loqui
3352 3191 3470 3248 dis-

1887 3278 2227 3347 crepantiam
2278 3278 2551 3348 dogmatis
2594 3278 2780 3334 eﬂicit.
2819 3280 2974 3335 Unde
3013 3298 3118 3337 nos
3163 3283 3469 3338 secundum

1887 3370 2218 3438 Scripturas,
2238 3380 2294 3424 et
2310 3372 2718 3440 speculationes
2739 3389 2769 3426 ιι
2785 3373 3310 3438 Patribustraditas.
3326 3392 3474 3447 saepe

1889 3469 2065 3514 totum
2093 3476 2159 3514 ex
2189 3471 2366 3530 parte,
2401 3471 2457 3516 et
2483 3474 2696 3531 partem
2723 3466 2949 3520 nomine
2975 3467 3145 3521 totius
3180 3466 3470 3532 allicimus,

1887 3568 2014 3606 cum
2066 3554 2306 3608 Vc‘rbum
2341 3554 2538 3608 Filium
2576 3555 2819 3611 hominis
2843 3559 3224 3623 nominamus;
3253 3568 3308 3614 et
3356 3561 3473 3616 Do-

1888 3645 2100 3697 minum
2161 3645 2349 3714 gloria:
2397 3647 2725 3702 cruciﬁxum
2787 3651 3300 3707 conlitcmur..Sed
3357 3670 3473 3710 non

1887 3745 2182 3805 propterea
2208 3740 2708 3796 communicatione
2735 3740 3058 3796 idiomatum
3080 3743 3324 3800 tollimus
3347 3763 3476 3816 pro-

1887 3830 2064 3898 priam
2098 3831 2369 3885 rationem
2414 3834 2768 3901 proprietatis
2810 3835 3134 3890 alterutrius
3164 3837 3220 3891 in
3248 3839 3469 3894 eodem.

1886 3921 2118 3985 Deinde,
2161 3923 2279 3976 haec
2307 3923 2476 3977 etiam
2509 3924 2672 3980 nobis
2701 3941 2802 3995 per
2846 3928 3068 3996 propria
3113 3929 3337 3985 nomina
3370 3931 3471 3988 de-

1886 4012 2187 4076 clarantur,
2219 4029 2343 4066 cum
2379 4016 2937 4072 communicationem
2968 4018 3192 4087 quidem
3233 4021 3470 4078 idioma-

1887 4114 2005 4159 tum
2036 4107 2090 4158 in
2119 4122 2227 4160 una
2249 4108 2528 4178 hypostasi
2561 4110 3035 4178 contemplamur;
3071 4113 3473 4182 proprietatem

1885 4212 2022 4250 vero
2052 4213 2176 4266 qua:
2202 4206 2290 4253 est
2333 4198 2389 4252 in
2431 4199 2850 4266 communitate,
2880 4201 2933 4254 in
2959 4201 3277 4258 differentia
3307 4216 3474 4260 natu-

1863 4288 2075 4344 ”rarum
2109 4292 2492 4361 agnoscimus.
2534 4293 2645 4347 Vos
2695 4303 2902 4357 autem,
2936 4306 3156 4350 utentes
3215 4298 3470 4368 exemplo

1887 4381 2150 4446 hominis,
2184 4398 2310 4436 eum
2335 4384 2456 4454 ipso
2479 4392 2775 4455 prototypo
2803 4385 3115 4454 exemplum
3145 4387 3311 4443 simul
3347 4405 3470 4444 cor-

1885 4475 2166 4545 rumpitis.
2215 4476 2388 4532 Unam
2415 4476 2564 4532 enim
2603 4486 2859 4531 naturam
2908 4477 3149 4533 hominis
3191 4479 3464 4548 dicimus;

199 4584 496 4658 ἁνθρώπου
533 4585 696 4654 φύσιν
723 4584 956 4652 λέγομεν
977 4622 991 4644 ,
1015 4584 1114 4653 οὐχ
1149 4583 1225 4645 ὡς
1259 4581 1326 4635 ἂν
1357 4583 1517 4650 ὑμεῖς
1545 4583 1742 4652 φαίητε
1765 4623 1780 4648 ,

1887 4583 1999 4621 non
2035 4575 2097 4622 ut
2124 4582 2224 4622 vos
2251 4568 2458 4631 dicitis,
2500 4568 2592 4638 qui
2622 4578 2879 4623 naturam
2906 4569 3089 4623 carnis
3124 4572 3179 4624 in
3214 4570 3471 4626 substan-

198 4680 282 4740 εἰς
315 4677 515 4731 ταυτὸν
545 4676 773 4744 ἄγοντες
804 4675 903 4745 τὴν
934 4675 1099 4742 φύσιν
1130 4674 1233 4744 τῆς
1283 4674 1488 4744 σαρκὸς
1519 4677 1585 4744 τῇ
1618 4675 1778 4746 οὐσίᾳ

197 4772 301 4840 τῆς
332 4769 530 4840 ψυχῆς,
561 4768 594 4838 ἦ
627 4768 688 4820 τὸ
719 4767 994 4827 ἀνάπαλιν
1019 4784 1031 4796 ο
1064 4766 1188 4819 οὕτε
1237 4767 1343 4836 μὴν
1386 4766 1444 4831 ἐξ
1497 4766 1783 4838 ἑκατέρων

199 4864 310 4918 οὐδ’
337 4862 609 4930 ὁποτέραν
627 4860 1053 4913 ἀποτετελέσθαι
1081 4860 1285 4930 φαμέν.

272 4955 440 5008 Φύσιν
481 4954 537 5006 δὲ
573 4953 778 5023 ταύτην
820 4953 1122 5026 καλοῦμεν,
1151 4953 1212 5004 οὐ
1243 4951 1378 5021 πρὸς
1409 4950 1508 5020 τὴν
1541 4950 1650 5003 τῶν
1683 4965 1782 5019 με-

202 5048 318 5120 ρῶν
359 5048 545 5118 σχέσιν
573 5046 983 5108 ἀποϐλέποντες
1014 5044 1209 5114 (οὐδεὶς
1244 5043 1353 5112 γάρ
1403 5045 1522 5095 ἐστι
1567 5043 1725 5109 λόγος
1759 5045 1784 5093 ὅ

202 5143 265 5196 τὸ
312 5139 607 5210 έτεροφυὲς
649 5137 828 5191 αὐτῶν
854 5139 956 5191 κάν
1000 5140 1066 5207 τῇ
1100 5136 1289 5188 ὲνὼσει
1332 5134 1780 5206 λυμαινόμενος),

201 5233 344 5286 ἀλλὰ
387 5233 488 5299 τὴν
529 5229 626 5282 τοῦ
669 5228 904 5283 καθόλου
941 5231 1035 5282 καὶ
1076 5227 1249 5289 εἴδους
1286 5226 1604 5297 σημασίαν,
1644 5226 1786 5278 κατὰ

201 5324 300 5378 τοῦ
331 5320 561 5394 μετρικοῦ
597 5320 692 5375 καὶ
741 5321 872 5373 ίδίου
917 5318 1362 5390 κατηγοροῦμεν.
1404 5315 1625 5386 Ἐπειδὴ
1651 5315 1784 5384 γὰρ,

204 5415 391 5476 καθὼς
427 5415 478 5465 oi.
503 5413 570 5466 τὰ
598 5412 793 5480 λογικὰ
817 5413 1114 5482 σκέμματα
1143 5410 1518 5478 διακρίνοντες
1550 5406 1785 5476 παραδι-

203 5505 381 5567 δόασι,
412 5504 480 5556 τὰ
511 5503 612 5572 μὲν
633 5503 726 5555 ἐπὶ
759 5501 960 5572 μέρους
982 5501 1235 5555 κοινωνεῖ
1261 5501 1375 5562 τοῖς
1401 5497 1682 5560 καθ’ὅλου,
1720 5495 1787 5547 τὰ

203 5599 266 5650 δὲ
295 5595 419 5650 καθ’
454 5595 573 5647 ὅλου
602 5596 992 5665 κατηγορεῖται
1017 5591 1159 5644 κατὰ
1179 5590 1288 5643 τῶν
1312 5590 1406 5642 ἐπὶ
1431 5588 1632 5659 μέρους
1655 5602 1669 5616 ·
1695 5588 1789 5639 καὶ

205 5687 316 5743 τῶν
347 5686 444 5750 μὲν
474 5684 709 5752 ἀτόμων,
743 5685 999 5736 κοινωνία
1030 5685 1150 5736 ἐστὶ
1194 5684 1329 5752 πρὸς
1373 5682 1431 5734 τὸ
1463 5677 1602 5741 εἶδος
1648 5678 1790 5730 κατὰ

281 5773 371 5834 (19
403 5771 496 5833 ‘20)
517 5770 945 5824 Communicatio
962 5772 1171 5841 quidem
1186 5773 1598 5828 individuorum.
1617 5774 1782 5828 Com-

206 5841 929 5896 munientioindividuorum
946 5844 1012 5894 ad
1028 5843 1677 5910 speciemestsccundum
1700 5859 1784 5898 na-

528 5935 797 5998 ΡΑΤῐιοι.
838 5935 954 5996 Gn.
991 5935 1328 5999 LXXXVI.

1886 4663 2018 4716 tiam
2069 4663 2266 4718 animae
2313 4663 2554 4726 trahitis,
2589 4672 2650 4717 ut
2699 4663 2834 4716 ﬁant
2900 4663 3081 4726 idem;
3129 4672 3225 4717 aut
3275 4681 3469 4720 rursus

1885 4763 2136 4808 naturam
2159 4754 2354 4808 a'himte
2380 4754 2436 4808 in
2465 4754 2828 4808 substantiam
2851 4753 3054 4817 carnis,
3085 4769 3186 4807 nec
3221 4769 3286 4808 ex
3303 4755 3469 4810 alter-

1889 4852 2010 4898 utra
2044 4852 2451 4912 utrameunque
2489 4843 2608 4897 ﬁeri
2635 4842 2894 4897 dicimus.
3530 4840 3532 4842 ’

1957 4936 2218 4989 Naturam
2250 4943 2436 4990 autem
2471 4949 2732 4989 vocamus
2766 4934 2930 4998 hanc,
2965 4949 3074 4988 non
3103 4933 3384 4989 intuentes
3411 4935 3467 4988 in

1888 5031 2269 5085 habitudinem
2325 5031 2563 5099 partium
2612 5048 2625 5082 :
2667 5030 2815 5083 nulla
2853 5029 3002 5083 enim
3031 5037 3117 5083 est
3149 5029 3312 5092 ratio,
3344 5044 3467 5098 qua:

1888 5125 2263 5178 diversitatem
2285 5130 2495 5176 natura:
2517 5123 2756 5192 partium
2785 5121 2949 5174 etiam
2977 5120 3028 5173 in
3057 5120 3262 5174 unione
3283 5119 3447 5174 laedat

1894 5211 2003 5266 Sed
2052 5210 2238 5275 potius
2289 5205 2747 5277 signiﬁcationem
2792 5206 3118 5260 universalis
3172 5215 3228 5260 et
3261 5207 3466 5274 speciei

1891 5303 1960 5356 de
2014 5299 2334 5370 particulari
2364 5307 2414 5351 et
2457 5297 2680 5367 preprio
2719 5297 3080 5365 praedicamus
3111 5295 3280 5364 :quia
3305 5295 3470 5350 sicut

1894 5394 2117 5446 tradunt
2144 5391 2234 5460 qni
2263 5389 2476 5457 regulas
2512 5389 2819 5442 disserendi
2845 5387 3183 5452 discernunt,
3219 5389 3469 5454 particu-

1894 5482 2024 5536 laria
2054 5478 2274 5548 quidem
2299 5477 2710 5530 communicant
2729 5473 3148 5539 universalibus;
3171 5473 3466 5529 universa-

1891 5572 1962 5624 lia
1986 5587 2116 5626 vero
2137 5569 2501 5637 praedicantur
2521 5561 2591 5622 de
2610 5567 3054 5637 particularibus;
3079 5576 3134 5620 et
3161 5567 3468 5622 communi-

1893 5661 2036 5714 catio
2055 5657 2276 5725 quidem
2292 5652 2990 5724 individuorum(lQ-20)ad
3009 5653 3249 5723 speciem
3269 5653 3465 5718 relata,

1893 5782 2290 5837 turam,etnon
2323 5770 2624 5826 secundum
2650 5769 3070 5838 appellationem
3101 5784 3116 5824 :
3159 5767 3286 5836 quia
3315 5766 3468 5821 indi-

1893 5846 2118 5900 viduum
2163 5842 2487 5897 naturaliter
2541 5839 2833 5911 participat
2871 5838 3133 5909 speciem,
3177 5853 3300 5906 quae
3335 5851 3458 5891 cum

3029 5931 3103 5991 41
