4218 6444
756 462 880 528 1.29!

1943 518 1948 522 .
1970 462 2278 523 LEGXTII
2321 467 2451 527 ΒΥΖ
2471 469 2722 529 \NTINI

3867 462 4006 526 1:292

752 582 836 626 est
871 570 1176 626 secundum
1227 578 1507 635 naturam;
1553 570 1947 624 nnirersalium
1996 586 2129 625 vero
2173 586 2326 623 eom-

2438 578 2526 645 τὴν
2556 575 2748 644 φύσιν·
2781 575 2888 626 τῶν
2917 576 2973 627 6‘:
3004 576 3257 635 καθόλου,
3292 574 3550 629 κοινωνία
3580 573 3718 645 πρὸς
3747 572 3820 627 τὰ
3861 579 4006 644 μέρη

750 661 1054 719 munieatio
1100 662 1166 719 ad
1202 661 1576 732 particularia,
1610 668 1696 715 est
1729 661 2035 716 secundum
2084 661 2326 731 appella-

754 753 961 808 tionem
1026 754 1163 821 (sive
1196 752 1663 822 pnedicationem)
1688 770 1702 807 ε
1730 753 1937 807 ideirco
1958 769 2065 807 non
2101 768 2323 807 recusa-

755 860 898 909 mus,
935 854 995 899 ut
1022 844 1154 908 dixi,
1181 845 1540 914 appellatione
1572 844 1740 899 totius
1782 844 2059 914 appellare
2091 854 2321 915 partem,

701 948 717 986 Ι
754 939 882 1009 quia
911 928 1015 994 una
1044 950 1239 994 natura
1274 948 1448 994 totum
1495 940 1698 1009 speciei
1722 940 1989 1009 humana:
2029 954 2327 1009 repncsen-

754 1035 860 1092 tat;
891 1027 1019 1096 quia
1039 1028 1178 1081 nihil
1209 1043 1401 1082 eorum
1429 1045 1552 1098 qua:
1577 1028 1680 1082 sub
1710 1028 1902 1082 eadem
1933 1030 2114 1100 specie
2137 1044 2328 1083 nume-

750 1126 966 1182 rantur,
997 1125 1081 1172 est
1111 1118 1342 1173 diversa:
1379 1119 1739 1174 substantiae:
1762 1120 1909 1175 unde
1934 1121 2329 1175 convenienter

751 1218 809 1263 et
856 1217 983 1280 apte
1029 1210 1253 1263 nomine
1291 1211 1601 1266 communis
1626 1213 1959 1283 particulare
1986 1213 2325 1268 nominatur.

746 1301 870 1356 Non
897 1301 1044 1356 enim
1082 1303 1312 1372 reperiri
1345 1310 1523 1371 potest
1552 1303 1754 1374 aliquis
1780 1305 1964 1367 homo,
1994 1305 2088 1374 qui
2137 1304 2209 1357 sit
2241 1305 2326 1358 di-

750 1406 911 1446 versa
977 1392 1161 1461 specie
1224 1393 1295 1447 ab
1345 1392 1569 1447 homine
1626 1394 1971 1448 universali:
2022 1393 2329 1449 inChristo

751 1493 934 1537 autem
974 1483 1289 1554 hujusmodi
1334 1483 1473 1538 ordo
1520 1484 1865 1540 habitudinis
1890 1501 2001 1540 non
2029 1487 2325 1556 reperitur;

752 1586 878 1625 cum
913 1588 1022 1626 non
1057 1573 1130 1627 sit
1172 1574 1385 1642 species
1415 1575 1782 1638 Christornm,
1814 1577 1960 1631 sicut
1996 1588 2081 1632 est
2113 1579 2330 1647 species

753 1665 1060 1728 hominum,
1091 1673 1151 1720 ut
1174 1682 1239 1719 et
1271 1666 1356 1720 his
1381 1666 1618 1721 Christis
1650 1683 1793 1722 unus
1825 1675 2085 1738 tanquam
2108 1669 2329 1737 proprie

752 1755 1162 1824 quodammodo
1214 1766 1441 1826 propter
1473 1758 1841 1814 universalcm
1884 1768 1940 1814 et
1982 1775 2328 1814 communem

753 1848 1035 1902 Christum
1062 1847 1317 1903 Christus
1362 1849 1479 1919 ipse
1525 1852 1860 1917 nominatus,
1889 1867 1993 1905 una
2025 1861 2220 1906 natura
2247 1854 2331 1908 di—

753 1948 912 1993 catur
941 1940 1009 1994 ad
1044 1940 1185 2005 illos,
1218 1949 1275 1994 et
1301 1941 1370 1995 ab
1403 1942 1542 2008 illis;
1577 1952 1636 1997 ut
1662 1944 1840 2012 ipsum
1863 1951 1921 1997 et
1954 1959 2119 1997 unam
2162 1952 2327 1999 natu-
2363 1923 2403 1978 θ

755 2046 894 2095 ram,
944 2040 1001 2083 et
1048 2030 1186 2085 duas
1238 2047 1531 2097 vocemus;
1562 2049 1723 2088 unam
1754 2034 1976 2102 quidem
2011 2034 2327 2101 habentem,

755 2129 983 2192 propter
1006 2123 1457 2177 communitatem
1486 2133 1727 2188 natura;
1751 2125 1890 2180 duas
1918 2140 2072 2188 vero,
2105 2136 2333 2197 propter

759 2221 944 2282 partes
999 2216 1140 2285 ejus,
1183 2215 1327 2269 sicut
1374 2215 1427 2268 iu
1482 2215 1648 2270 nobis
1683 2217 1952 2272 cernitur.
1997 2216 2136 2272 Cum
2181 2217 2331 2272 enim

758 2322 920 2362 causa
955 2322 1078 2376 quae
1121 2310 1175 2362 in
1206 2308 1366 2363 nobis
1384 2316 1490 2371 est,
1510 2323 1621 2361 non
1646 2310 1953 2377 reperiatur
1978 2310 2048 2364 ab
2073 2310 2167 2365 illo
2184 2309 2331 2380 quod

762 2416 814 2452 ιιι
856 2398 1017 2453 nobis
1053 2399 1271 2469 proprie
1298 2407 1352 2453 et
1381 2406 1506 2468 apte
1540 2397 1764 2462 dicitur,
1798 2398 1865 2452 ad
1899 2398 2053 2453 illum
2085 2416 2195 2453 non
2233 2416 2333 2470 po-

759 2498 868 2545 test
911 2491 1219 2545 transferri.
1252 2490 1602 2545 Manifestum
1634 2501 1820 2546 autem
1869 2501 1955 2547 est
2001 2493 2113 2558 hic,
2160 2510 2335 2564 quare

760 2583 926 2636 lzomo
957 2582 1161 2637 dicitur
1199 2598 1327 2645 una,
1360 2590 1416 2636 et
1451 2581 1572 2637 duae
1601 2591 1832 2638 naturae.
1869 2584 2041 2639 Unam
2080 2594 2332 2639 naturam

759 2674 930 2729 habet
993 2683 1221 2744 propter
1282 2675 1837 2729 connnunicationem
1899 2676 2139 2745 speciei;
2196 2675 2336 2731 duas

759 2783 895 2826 vero
921 2777 1149 2837 propter
1177 2775 1517 2836 partes,quae
1534 2781 1642 2819 non
1674 2773 1804 2820 sunt
1833 2766 2005 2820 altera
2028 2768 2081 2820 in
2107 2767 2335 2821 alteram

760 2868 1005 2913 mutauc.
1022 2859 1081 2912 ln
1108 2858 1330 2913 Christo
1361 2868 1546 2912 autem
1569 2873 1695 2912 cum
1722 2873 1831 2912 non
1857 2858 1929 2912 sit
1952 2858 2340 2928 species,quo-

759 2949 926 3003 modo
976 2947 1097 3002 dua:
1152 2954 1363 3001 naturae
1404 2945 1514 2999 dici
1554 2953 1787 3015 possunt
1823 2945 1964 2998 una?
2031 2953 2142 2998 tres
2186 2942 2336 2997 enim

761 3047 974 3094 tantum
1008 3038 1199 3093 modos
1240 3038 1569 3107 reperimus,
1596 3037 1800 3107 Quibus
1839 3034 2050 3103 aliquid
2084 3049 2192 3089 una
2234 3050 2335 3088 na-

761 3142 886 3185 tura
916 3129 1123 3184 dicitur
1156 3145 1170 3182 :
1206 3137 1301 3182 aut
1328 3128 1456 3198 quia
1488 3137 1575 3182 est
1598 3128 1841 3199 species;
1872 3133 1969 3180 aut
1997 3126 2129 3196 quia
2163 3125 2337 3195 parti-

2426 665 2567 718 κατᾶ
2593 666 2691 737 τὴν
2722 666 2913 734 κλῆσιν
2940 682 2952 696 '
2989 669 3054 736 τῇ
3086 666 3183 719 τοῦ
3210 666 3330 719 ὅλου
3360 665 3711 738 προσηγορίᾳ
3740 665 3802 717 τι
3836 667 4007 735 μέρος

2425 756 2631 823 καλεῖν,
2669 759 2743 820 ὡς
2776 758 2937 827 ἔφην,
2965 759 3026 812 οὒ
3074 756 3518 829 παρῃτησάμεθα
3546 773 3562 790 ο
3593 757 3694 826 τῆς
3739 758 3851 826 γὰρ
3902 756 4010 824 (ξύ-

2430 864 2571 913 σεως
2613 850 2716 918 τῆς
2767 852 2899 917 μιᾶς
2945 851 3007 903 τὸ
3067 850 3189 903 ὅλον
3260 848 3355 902 τοῦ
3426 848 3771 919 ἀνθρωπείου
3833 847 4013 909 εἴδους

2426 941 2805 1014 παρεστώσης,
2836 944 3027 1014 ἐπειδὴ
3079 943 3190 996 τῶν
3239 942 3345 996 ὑπὸ
3386 943 3446 995 τὸ
3483 942 3618 995 αὐτὸ
3658 939 3798 1005 εἷῦος
3845 942 4011 1012 ἀριθ-

2430 1034 2722 1104 μουμένων
2764 1034 2919 1088 οὐδέν
2966 1035 3084 1086 ἐστι
3132 1033 3477 1103 ἑτεροούσιον
3501 1073 3516 1097 ,
3548 1035 3774 1095 εἰκότως
3809 1035 3878 1102 τῇ
3911 1030 4013 1083 τοῦ

2428 1125 2610 1179 κοινοῦ
2658 1125 3005 1197 προσηγορία
3048 1125 3112 1178 τὸ
3168 1123 3399 1196 μερικὺν
3460 1122 3888 1193 ἐπονομάζεται.
3933 1122 4011 1174 οὐ

2429 1220 2537 1287 γὰρ
2580 1220 2729 1271 ὲττιν
2777 1219 2959 1288 εὑρεῖν
2986 1218 3080 1272 τόν
3125 1234 3247 1271 τινα
3302 1215 3616 1287 ἄνθρωπον,
3688 1213 4014 1285 ἑτεροειδῶς

2430 1311 2620 1381 ἔχοντα
2653 1309 2789 1380 πρὸς
2824 1310 2917 1363 τὸν
2948 1309 3186 1363 καθόλου
3208 1308 3499 1380 ἄνθρωπον
3522 1322 3540 1339 ’
3564 1307 3658 1361 ἐπὶ
3687 1307 3745 1360 δί
3770 1304 4017 1377 Χριστοῦ

2431 1404 2650 1474 τοιαύτη
2679 1420 2764 1466 τις
2792 1401 2948 1466 τάξις
2996 1401 3234 1473 σχέσεως
3265 1400 3366 1470 οὐχ
3399 1398 3716 1470 εὑρίσκεται
3740 1415 3756 1429 ο
3789 1399 3851 1450 οὐ
3904 1397 4018 1467 γὰρ

2428 1497 2494 1565 δὴ
2530 1496 2703 1557 εἴδους
2724 1495 2876 1558 δντος
2906 1493 3181 1565 Χριστῶν,
3213 1492 3407 1563 ὥσπερ
3435 1492 3532 1545 καὶ
3556 1489 3888 1559 ἀνθρώπων.
3923 1489 4021 1542 ἵνα

2432 1592 2496 1644 ὲκ
2522 1589 2728 1643 τούτων
2754 1591 2782 1641 ὁ
2815 1585 2896 1650 εἷς
2923 1587 2998 1649 ὡς
3034 1586 3179 1649 ίδίως
3202 1603 3323 1649 πως
3356 1587 3509 1657 παρὰ
3534 1584 3627 1639 τὸν
3651 1584 3891 1638 καθόλου
3920 1583 4021 1636 καὶ

2429 1681 2610 1735 κοινὸν
2662 1680 2923 1750 Χριστὸν,
2950 1679 3189 1750 Χριστὸς
3245 1679 3410 1741 αὐτὸς
3468 1676 3853 1748 χρηματίζων,
3914 1677 4020 1745 μία

2430 1773 2594 1841 φύσις
2630 1772 2857 1842 λέγηται
2907 1771 3041 1841 πρὸς
3071 1772 3317 1833 ἐκείνους
3374 1786 3435 1823 τε
3487 1772 3582 1822 καὶ
3637 1769 3732 1822 ἀπ’
3758 1766 4016 1827 ἐκείνων,

2432 1865 2519 1919 ἵνα
2552 1864 2649 1918 καὶ
2686 1865 2817 1933 μίαν
2845 1864 3009 1916 αὐτὸν
3036 1863 3132 1915 καὶ
3157 1862 3253 1915 δύο
3293 1861 3485 1930 φύσεις
3513 1859 3792 1930 καλῶμεν,
3823 1860 3888 1912 τὸ
3919 1859 4023 1928 μὲν

2431 1957 2628 2026 ἔχοντα
2677 1955 2766 2009 διὰ
2808 1955 2871 2008 τὸ
2922 1953 3123 2014 κοινὸν.
3151 1954 3214 2007 τὺ
3254 1955 3312 2007 δὲ
3361 1953 3449 2006 διὰ
3489 1954 3560 2006 τὰ
3594 1950 3794 2006 ἑαυτοῦ
3830 1951 4021 2022 μέρη·

2431 2047 2623 2118 ὥσπερ
2640 2045 2898 2117 ἔφ’ήμῶν
2929 2044 3239 2117 θεωρεῖται.
3265 2044 3382 2114 Τῆς
3409 2044 3519 2114 γὰρ
3548 2043 3730 2107 αίτίας
3761 2042 3839 2114 μὴ
3864 2043 4025 2113 εὕρι-

2434 2139 2727 2210 σκομένης,
2759 2138 2856 2192 καὶ
2909 2136 3008 2191 ἀπ’
3038 2135 3252 2190 ἐκείνου
3307 2137 3412 2206 τῆς
3469 2136 3555 2202 ἐφ’
3584 2134 3769 2205 ἡμῶν,
3818 2134 3889 2188 τὸ
3934 2133 4024 2203 ἐφ’

2431 2231 2592 2301 ἡμῶν
2629 2231 2791 2299 μόνον
2820 2228 3039 2292 οἰκείως
3068 2226 3677 2298 λεγόμενο“),ὲπάὕτδν
3711 2227 4027 2297 ἀναφέρειν

2432 2322 2531 2389 οὐχ
2577 2314 2799 2374 οἷόν⁶τε.
2846 2319 3016 2390 Δῆλον
3046 2319 3105 2373 δέ
3139 2320 3293 2373 ἐστιν
3319 2318 3576 2381 ἐνταῦθα,
3630 2314 3783 2373 κατὰ
3820 2317 3878 2371 τί
3920 2318 4025 2389 μία

2434 2412 2529 2464 καὶ
2580 2410 2676 2464 δύο
2725 2411 2923 2481 φύσεις
2968 2412 2997 2465 6
3043 2409 3335 2483 ἄνθρωπος
3372 2409 3634 2479 λέγεταιο
3665 2410 3730 2464 τδ
3771 2409 3876 2480 μὲν
3910 2410 4027 2481 γὰρ

2434 2499 2547 2568 ἔχει
2587 2497 2679 2552 διὰ
2722 2496 2822 2569 τὴν
2862 2497 2957 2551 τοῦ
2998 2498 3174 2561 εἴδους
3201 2498 3516 2563 κοινωνίαν,
3548 2498 3612 2552 τὸ
3644 2498 3703 2551 δὲ
3748 2498 4027 2571 κέκτηται

2434 2591 2525 2644 διὰ
2559 2591 2659 2663 τὴν
2688 2589 2796 2643 τῶν
2830 2590 3012 2661 μερῶν
3039 2589 3329 2662 ἀτρεψίαν.
3365 2590 3493 2646 Ἐπὶ
3533 2592 3774 2662 Χριστοῦ
3821 2592 3883 2646 δὲ
3921 2593 4026 2645 οὐκ

2435 2684 2588 2746 ὄντος
2610 2682 2784 2746 εἴδους
2802 2723 2818 2746 ,
2853 2682 2972 2746 πῶς
2999 2682 3065 2737 ἂν
3099 2684 3200 2754 μία
3241 2686 3299 2736 αἱ
3324 2684 3421 2738 δύο
3447 2683 3696 2752 λέγοιτος
3725 2685 3880 2755 τρεῖς
3911 2685 4027 2754 γὰρ

2436 2773 2768 2844 εὑρίσκομεν
2798 2772 2901 2827 καὶ
2929 2774 3125 2843 μόνους
3156 2775 3414 2844 τρόπους,
3442 2773 3565 2828 καθ’
3596 2772 3692 2836 οὓς
3725 2773 3827 2844 μία
3855 2773 4031 2842 φύσις

2437 2864 2657 2932 λέγεται
2684 2905 2699 2925 ,
2724 2865 2786 2917 τὸ
2835 2866 3133 2935 λεγόμενον
3152 2882 3167 2898 ο
3202 2865 3235 2935 ἢ
3270 2865 3380 2937 γὰρ
3427 2867 3487 2919 τὸ
3521 2862 3663 2929 εἶδος
3694 2859 3875 2930 εἶναι,
3901 2865 3938 2935 ἢ
3968 2865 4034 2918 τὸ

2437 2949 2534 3002 τοῦ
2569 2950 2737 3004 αὑτοῦ
2775 2953 2951 3014 εἴδους
2991 2953 3277 3022 μετέχειν,ο
3304 2953 3338 3024 ἢ
3368 2953 3431 3006 τὸ
3472 2952 3616 3008 κατά
3661 2953 3934 3024 σύγχυσιν
3970 2954 4034 3019 ἐξ

2439 3035 2755 3110 ἐτεροειδῶν
2806 3043 3107 3114 ἑτεροειδὲς
3153 3044 3579 3098 ἀποτετέλεσται
3605 3085 3620 3109 ,
3665 3044 3695 3098 ὃ
3753 3036 4035 3115 ἑκατέρου

2443 3130 2690 3201 μετέχον,
2720 3132 2828 3185 οὐδ’
2861 3133 3126 3205 ὁπότερον
3154 3134 3415 3205 καθαρῶς
3443 3137 3617 3213 ἔστιν,
3651 3138 3721 3207 ἢν
3746 3136 3848 3189 καὶ
3872 3136 4034 3189 νόθον

761 3224 911 3293 cipat
964 3221 1238 3291 speciem;
1276 3228 1372 3274 aut
1420 3218 1568 3289 quod
1624 3218 1950 3273 confusione
2002 3232 2069 3271 ex
2103 3216 2341 3272 diversis

2448 3222 2707 3277 καλοῦσιν
2738 3226 2788 3277 οἱ
2819 3226 2949 3298 περὶ
2972 3225 3170 3281 ταῦτα.

760 3313 1053 3384 speciebus
1080 3312 1297 3367 diversa
1323 3311 1505 3382 specie
1527 3311 1785 3365 eﬂ'ectum
1816 3318 1919 3374 est,
1953 3310 2101 3380 quod
2130 3311 2416 3381 utriusque
2457 3316 2757 3388 particeps,
2821 3334 2923 3375 nec
2986 3314 3310 3375 alterutrum
3342 3336 3477 3391 pure
3536 3329 3641 3377 est.
3704 3322 3886 3389 Quam
3935 3339 4036 3377 na—

762 3414 944 3460 turam
971 3404 1337 3460 adulterinam
1374 3412 1590 3466 vocant,
1623 3402 1718 3471 qui
1750 3401 1865 3457 haec
1901 3409 2156 3457 tractant.

832 3563 1126 3626 Prazterea,
1162 3575 1231 3614 ne
1282 3559 1405 3614 duae
1452 3567 1665 3613 natura:
1697 3558 1751 3611 in
1788 3557 2011 3613 Christo
2065 3557 2340 3622 dicantur,

764 3652 1083 3726 huiusmodi
1139 3651 1517 3706 dubitationes
1560 3649 2023 3720 opponitisznon
2087 3650 2235 3703 enim
2287 3657 2347 3701 ut

764 3747 925 3808 duas,
955 3755 1011 3800 et
1034 3740 1227 3797 'unam
1259 3741 1404 3796 sicut
1448 3741 1503 3794 in
1534 3740 1695 3794 nobis
1723 3739 1940 3805 dicatis,
1967 3739 2062 3795 sed
2099 3749 2345 3794 ut'unam

764 3838 935 3891 solam
969 3852 983 3888 :
1021 3834 1151 3888 hinc
1185 3833 1331 3887 enim
1364 3831 1521 3886 vobis
1544 3831 1710 3886 etiam
1734 3844 1845 3883 non
1872 3829 2189 3884 volentibus
2224 3845 2343 3898 pas-

765 3930 850 3985 sio
878 3925 1219 3983 confusionis
1252 3923 1479 3993 insuper
1506 3922 1751 3986 advenit,
1781 3929 1838 3975 et
1866 3936 1970 3974 nec
1996 3921 2182 3989 passio
2207 3920 2349 3975 divi-

766 4021 942 4077 sionis
990 4016 1217 4072 recedit.
1256 4015 1377 4069 Non
1418 4014 1567 4068 enim
1615 4028 1842 4068 necesse
1875 4021 1983 4066 est
2019 4019 2081 4064 ut
2110 4028 2216 4065 una
2249 4028 2346 4066 na-

768 4125 891 4168 tura
926 4124 1095 4164 unum
1142 4121 1374 4161 numero
1415 4106 1508 4169 sit,
1538 4106 1788 4174 quinimo
1817 4110 1925 4158 tam
1954 4103 2147 4167 multa,
2178 4112 2235 4157 et
2268 4111 2350 4157 tot

769 4214 1024 4262 numero,
1053 4207 1191 4267 quot
1243 4203 1374 4250 sunt
1418 4195 1744 4265 hypostases
1782 4192 2123 4261 complentes
2174 4191 2345 4254 ipsam

769 4300 1046 4347 naturam.
1072 4285 1498 4340 Consideremus
1523 4283 1688 4338 etiam
1714 4283 1795 4337 sic
1824 4299 1837 4334 :
1862 4296 1984 4350 quae
2009 4290 2139 4335 sunt
2168 4281 2348 4335 eidem

769 4380 1025 4453 aequalia,
1053 4377 1200 4431 inter
1238 4392 1298 4431 se
1326 4384 1456 4432 sunt
1494 4374 1749 4444 aequalia.
1791 4372 2147 4428 Describatur
2173 4371 2348 4426 trian-

771 4476 937 4544 gulus
960 4467 1319 4539 aequilaterus
1354 4465 1745 4535 rectangulus:
1779 4474 1842 4519 ut
1889 4465 2038 4517 enim
2086 4477 2146 4517 se
2185 4461 2352 4516 habet

753 4569 1011 4638 primum
1046 4568 1190 4621 latus
1220 4561 1287 4616 ad
1330 4558 1660 4616 secundum.
1693 4564 1749 4611 et
1797 4553 2103 4609 secundum
2139 4553 2207 4609 ad
2239 4561 2352 4639 ter-

773 4661 940 4721 tium,
973 4658 1052 4712 ita
1090 4672 1147 4711 se
1197 4652 1366 4708 habet
1392 4649 1631 4719 primum
1667 4646 1736 4701 ad
1775 4654 2109 4700 extremum.
2157 4643 2351 4700 Scribe

2519 3558 2628 3613 Καὶ
2674 3557 2849 3622 ἄλλως
2910 3559 3000 3614 ἐπ’
3030 3560 3312 3633 ἀναιρέσει
3368 3563 3462 3617 τοῦ
3521 3565 3617 3618 δύο
3668 3565 3854 3634 λέγειν
3882 3611 3899 3636 ,
3933 3572 4035 3636 τὶς

2446 3649 2701 3712 τοιαύτας
2730 3652 3110 3721 ὲπαπορήσεις
3143 3654 3472 3726 προΐσχεσθε
3504 3672 3517 3681 ’-
3546 3657 3606 3709 οὗ
3646 3658 3757 3729 γὰρ
3804 3660 3898 3715 ἵνα
3938 3665 4038 3717 καὶ

2446 3738 2541 3792 δύο
2566 3741 2660 3792 καὶ
2692 3740 2844 3811 μίαν,
2874 3741 3064 3813 ὥσπερ
3089 3743 3348 3808 ἐνταῦθα,
3383 3746 3601 3815 εἴπητε,
3632 3750 3748 3802 ἀλλ’
3778 3750 3871 3806 ἴνα
3902 3756 4041 3823 μίαν

2452 3832 2618 3900 μόνην
2635 3849 2647 3862 ·
2676 3833 2928 3885 ἐντεῦθεν
2949 3834 3058 3905 γὰρ
3090 3836 3186 3888 καὶ
3216 3836 3293 3907 μὴ
3326 3836 3674 3908 βουλομένοις
3701 3842 3834 3912 ὑμῖν
3853 3846 3918 3897 τὺ
3937 3848 4041 3915 τῆς

2400 3992 2411 4002 ί
2449 3922 2769 3992 συγχύσεως
2801 3925 3022 3979 ἐπιπλεῖ
3054 3926 3249 3990 πάθος.
3289 3929 3398 3981 Καὶ
3438 3928 3562 3983 οὔτε
3597 3931 3655 3984 τὸ
3688 3932 3793 4002 τῆς
3821 3935 4041 4007 διαιρέο

2450 4031 2588 4077 eam;
2632 4015 2910 4085 ὑποχωρεῖ
2930 4032 2945 4047 ο
2974 4017 3038 4069 οὐ
3088 4016 3197 4090 γὰρ
3225 4019 3442 4092 ἀνάγκη
3485 4021 3586 4093 τὴν
3615 4015 3756 4092 μίαν’
3782 4026 3952 4091 φύσιν
3981 4029 4041 4082 ἓν

2449 4102 2590 4159 εἶναι
2647 4106 2726 4176 τῷ
2777 4106 3039 4178 ἀριθμῷ*
3068 4110 3119 4162 εί
3171 4110 3247 4180 μὴ
3290 4112 3388 4165 καὶ
3439 4112 3676 4183 μάλιστα
3717 4116 3896 4176 πολλὰ
3944 4122 4041 4175 καὶ

2450 4192 2691 4278 τοσαῦτα
2712 4194 2790 4264 τῷ
2828 4196 3048 4266 ἀριθμῷ
3078 4197 3187 4267 εἴη,
3209 4200 3332 4252 ὅσαι
3362 4202 3458 4253 καὶ
3497 4203 3553 4255 αἱ
3607 4205 4044 4278 συμπληροῦσαι

2451 4285 2621 4353 αὑτήν
2638 4277 2778 4339 εἶσιν
2801 4288 3150 4353 ὑποστάσεις·
3165 4290 3462 4361 σκοπῶμεν
3486 4293 3544 4346 δὲ
3573 4295 3668 4348 καὶ
3696 4277 3882 4362 οὕτως
3898 4299 4040 4369 (22)-

2450 4374 2533 4428 Τὰ
2592 4373 2671 4444 τῷ
2713 4375 2865 4446 αὐτῷ
2912 4376 3023 4442 ἴσα,
3055 4380 3151 4432 καὶ
3193 4379 3699 4451 ἀλλήλοις,·φασὶν,
3729 4385 3888 4441 ἔστιν
3926 4392 4039 4445 ίσα.

2451 4464 2673 4518 Κείσθω
2712 4466 2777 4536 δὴ
2811 4468 2871 4521 ὲν
2912 4468 3292 4540 διαγράμματι
3344 4472 3683 4544 ἰσόπλευρον,
3705 4477 4045 4547 ὀρθογώνιον

2451 4558 2753 4627 τρίγωνον·
2790 4560 2866 4623 ὼς
2899 4560 3008 4633 γὰρ
3049 4562 3163 4631 ἔχει
3199 4566 3232 4633 ἡ
3274 4566 3470 4634 πρώτη
3511 4567 3720 4638 πλευρὰ
3760 4573 3911 4642 πρὸς
3941 4576 4045 4644 τὴν

2452 4649 2735 4719 δευτέραν,
2769 4652 2865 4704 καὶ
2901 4654 2948 4722 ἠ
2995 4653 3255 4725 δευτέρα
3285 4657 3427 4729 πρὸς
3476 4658 3577 4729 τὴν
3614 4661 3833 4733 τρίτην,
3863 4664 4044 4729 οὕτως

775 4749 947 4819 igitur
989 4746 1089 4800 tria
1136 4744 1311 4799 latera
1335 4739 1470 4810 (21),
1502 4746 1562 4792 et
1590 4736 1660 4790 da
1703 4745 1814 4791 tres
1844 4734 2184 4803 personasin
2214 4739 2354 4788 uno-

2454 4739 2571 4808 ἔχει
2622 4742 2718 4793 καὶ
2771 4743 2805 4812 ἡ
2855 4742 3047 4813 πρώτη
3100 4745 3237 4814 πρὸς
3286 4746 3387 4818 τὴν
3441 4748 3786 4807 τελευταίαν.
3816 4753 4042 4824 Γράψον

775 4811 997 4911 qvuoque
1056 4838 1260 4899 latere;
1314 4841 1373 4885 et
1409 4829 1685 4899 reperies,
1712 4826 1862 4896 quod
1901 4825 2049 4880 sicut
2086 4840 2145 4880 se
2182 4825 2351 4879 habet

2456 4830 2549 4883 οὖν
2589 4832 2686 4894 τὰς
2724 4836 2875 4903 τρεῖς
2904 4811 3187 4905 πλευρὰς,
3213 4839 3306 4891 καὶ¹
3342 4811 3443 4904 οὓς
3494 4841 3625 4911 τρία
3651 4811 4045 4912 πρόσωπαίέυ

775 4932 1018 5003 primum
1058 4929 1124 4982 ad
1166 4924 1434 4985 medium,
1457 4929 1515 4976 et
1547 4918 1792 4974 medium
1812 4917 1880 4971 ad
1908 4924 2240 4980 extremum,
2273 4917 2347 4971 ita

779 5038 838 5078 se
862 5019 1087 5077 habebit
1111 5018 1347 5088 primum
1379 5013 1448 5069 ad
1483 5020 1814 5068 extremum.
1850 5009 2031 5076 Quare
2053 5009 2168 5063 hzec
2198 5009 2358 5063 dico?

780 5112 916 5179 Quia
956 5111 1002 5166 si
1046 5110 1191 5165 datis
1243 5107 1350 5161 diei
1387 5119 1551 5160 unam
1580 5102 1745 5157 Verbi
1768 5112 1824 5155 et
1847 5099 2031 5155 carnis
2078 5108 2352 5163 naturam,

783 5363 1379 5435 ipsocommunicatur
1407 5358 1709 5435 secundum
1746 5367 2054 5435 .naturan};
2085 5357 2180 5411 sed
2241 5372 2347 5435 non

824 5432 1116 5488 medicatur
1174 5431 1519 5488 individuum
1578 5429 1646 5483 de
1708 5436 1924 5491 natura,
1982 5428 2190 5481 directa
2256 5428 2362 5480 sei-

806 5506 917 5558 ieet
975 5512 1031 5558 et
1080 5500 1285 5557 usitata

782 5587 909 5631 mus
952 5589 969 5627 :
1009 5571 1184 5627 Homo
1218 5579 1304 5626 est

784 5642 1162 5700 municatione
1244 5640 1639 5695 universalinm
1688 5637 1755 5691 ad
1832 5636 2207 5706 particularia.
2269 5636 2364 5688 Est

784 5714 935 5770 enim
1000 5712 1116 5767 haec
1171 5710 1599 5766 communicatio
1660 5709 1964 5762 secundum
2040 5706 2363 5775 appellatio-

786 5798 914 5840 nem
938 5797 1033 5836 seu
1068 5780 1699 5851 pmlicationem._cum
1749 5776 2080 5851 universalia
2126 5776 2195 5827 de
2242 5791 2365 5851 par—

790 5845 1113 5913 ticularibtis
1153 5852 1364 5906 directa
1402 5849 1793 5920 praedicatione
1840 5847 2241 5917 pnedicentur;
2275 5845 2355 5898 di-

1383 5499 1772 5562 rtedicatione;
1835 5514 1944 5552 non
2011 5499 2157 5550 enim
2224 5496 2363 5549 diei-

1376 5580 1551 5625 etrus.
1600 5568 1803 5622 Contra
1843 5583 1975 5620 vero
2025 5566 2083 5619 fit
2122 5568 2175 5619 in
2207 5582 2361 5621 eom-

2461 4922 2546 4989 ἐφ’
2575 4923 2783 4996 ἑκάστῃ
2836 4926 3070 4996 πλευρᾷ,
3100 4928 3194 4981 καὶ
3252 4931 3512 5000 εὑρήσεις
3561 4934 3644 4986 ὅτι
3704 4935 3781 4997 ὼς
3826 4938 3948 5007 ἔχει
3986 4940 4046 4992 τὸ

2460 5011 2682 5080 πρῶτον
2705 5014 2842 5081 πρὸς
2865 5014 2926 5067 τὸ
2959 5016 3145 5084 μέσον,
3176 5017 3273 5071 καὶ
3301 5020 3361 5072 τδ
3388 5020 3558 5091 μέσον
3585 5024 3720 5092 πρὸς
3760 5026 3826 5078 τὸ
3850 5028 4045 5082 τελευ-

2460 5106 2631 5169 ταῖον,
2664 5102 2837 5167 οὕτως
2876 5107 2991 5169 ἕξει
3041 5109 3134 5159 καὶ
3189 5109 3252 5161 τὸ
3296 5110 3515 5179 πρῶτον
3566 5112 3701 5184 πρὸς
3730 5114 3797 5167 τὸ
3851 5119 4043 5171 τελευ-

2459 5358 2634 5411 eimus
2700 5360 2845 5412 enim
2890 5378 2902 5414 :
2958 5361 3152 5417 Petms
3184 5372 3268 5416 est
3296 5362 3484 5417 homo.
3523 5363 3658 5417 Τυκ.

3668 5456 3917 5511 Verbum

2536 5521 2646 5587 (Ξῖ)
2681 5519 2859 5575 Scribe
2900 5525 3062 5593 igitur
3107 5525 3214 5578 tria
3282 5524 3478 5582 latera.
3538 5525 3861 5582 Pater...A..
3892 5544 4047 5584 caro.

2791 5631 2922 5670 caro
3254 5616 3423 5671 Pater

2535 5684 2796 5738 Verbum.
2829 5686 3099 5741 AJ‘ater.
3135 5701 3265 5741 caro
3317 5690 3356 5739 Δ
3400 5687 3665 5742 Verbum.
3693 5688 3770 5742 In.

2557 5777 2645 5845 ἓξ)
2675 5776 2860 5832 Schol.
2905 5778 3309 5848 Ἀριττοτέλους
3339 5778 3415 5842 ὡς
3439 5780 3547 5833 ἀπὸ
3579 5778 3868 5835 Εὑκλίδου.
