4218 6444
185 423 328 488 1293

1247 420 1544 480 CONTRA
1572 419 1890 479 NESTOR.
1928 421 2024 480 ΕΤ
2063 423 2382 482 EU'I‘YCH.

3298 421 3432 486 199$

183 540 360 591 ταῐον.
399 536 496 588 Διὰ
544 533 596 586 τί
628 532 692 604 δὴ
733 531 905 587 ταῦτά
952 549 1132 601 carpi;
1170 531 1290 582 "Ott
1336 533 1382 583 εἰ
1415 530 1603 592 δώσεις
1633 529 1760 598 μίαν

1801 535 1834 591 Α
1863 531 2202 587 conﬁtemini
2237 539 2364 586 ante
2402 547 2564 584 unum
2599 545 2718 586 esse
2745 540 2998 586 naturam
3040 532 3201 588 Verbi
3241 542 3299 588 et
3331 535 3432 588 Pa-

181 626 445 694 λέγεσθαι
500 623 592 676 τοῦ
623 625 796 691 Λόγου
831 626 925 676 καὶ
979 622 1080 691 τῆς
1112 622 1312 690 σαρκὸς
1344 622 1504 689 φύσιν
1526 665 1540 685 ,
1571 621 1761 688 ὁμολο-

179 722 337 785 γεῖτε
361 717 417 771 δὲ
451 717 546 786 μία
571 715 730 784 φύσις
761 709 901 767 εἶναι
935 715 1028 766 τοῦ
1059 714 1234 780 Λόγου
1268 713 1360 764 καὶ
1389 710 1480 763 τοῦ
1527 711 1757 779 Πατρός·

180 809 390 862 δώσετε
421 808 528 878 ἄρα
567 807 693 877 μίαν
738 805 902 874 φύσιν
935 801 1073 858 εἶναι
1129 803 1229 872 τῆς
1282 803 1485 871 σαρκὸς
1520 803 1613 854 καὶ
1664 804 1758 854 τοῦ

184 902 402 971 Πατρός
413 940 425 952 .

267 1035 286 1068 ι
336 1014 478 1067 Ἀλλ’
523 1014 583 1066 ού
615 1013 847 1081 λέγομεν
868 1051 882 1073 ,
916 1011 1048 1079 φασὶ
1073 1049 1089 1072 ,
1121 1011 1198 1077 τῷ
1228 1009 1375 1076 αὐτῷ
1415 1011 1603 1078 τρόπῳ
1633 1010 1763 1080 μίαν

183 1108 472 1176 ἑκατέρων
528 1101 667 1156 εἷναι
731 1103 915 1170 φύσιν,
961 1103 1073 1155 ἀλλ’
1112 1103 1206 1153 ἐπὶ
1266 1101 1363 1169 μὲν
1415 1102 1628 1170 [ἰατρὸς
1672 1103 1765 1154 καί

183 1200 324 1252 Υἱοῦ
352 1239 365 1261 ,
394 1198 473 1267 τῷ
501 1197 683 1264 ταυτῷ
711 1197 809 1263 τῆς
845 1195 1060 1263 φύσεως
1082 1234 1096 1258 ,
1133 1193 1364 1246 ἐνταῦθα
1400 1194 1456 1246 δὲ
1505 1194 1582 1262 τῷ
1620 1195 1765 1266 λόγῳ

182 1293 289 1361 τῆς
317 1290 566 1349 ἑνώσεως
590 1306 607 1326 ο
641 1287 837 1340 οὐκοῦν
863 1289 920 1338 ού
949 1287 1144 1340 ταυτὶν
1183 1286 1244 1336 τὸ
1285 1288 1349 1354 τῇ
1383 1285 1570 1338 ὲνώσει
1599 1286 1655 1338 ἓν
1681 1287 1768 1338 λε-

183 1384 446 1450 γόμενον,
475 1381 568 1432 καὶ
595 1377 658 1430 τὸ
680 1381 744 1446 τῇ
777 1377 938 1445 φύσει
967 1378 1043 1428 ἒν.
1083 1395 1101 1426 ι
1139 1373 1202 1426 ΕΞ
1227 1375 1283 1426 δὲ
1308 1377 1366 1426 ού
1397 1375 1614 1439 ταυτὸν,
1646 1378 1765 1429 κατ’

181 1474 320 1528 ἄλλο
345 1473 446 1541 μὲν
479 1473 686 1533 ἐκεῖνο,
721 1471 842 1521 καθ’
871 1469 1060 1538 ἕτερον
1103 1468 1158 1519 δὲ
1183 1466 1341 1518 τοῦτο
1365 1482 1378 1495 ·
1405 1468 1559 1520 ἔσται
1590 1467 1768 1520 τοίνυν

182 1564 251 1616 τὸ
295 1563 430 1616 αὐτὸ
463 1561 522 1614 ἒν
555 1564 647 1614 καὶ
677 1562 771 1613 δύο
800 1600 814 1624 ,
851 1559 908 1610 ἓν
943 1559 1042 1626 μὲν
1080 1561 1146 1628 τῇ
1180 1557 1402 1619 ἐνώσει,
1432 1559 1524 1610 δύο
1551 1559 1606 1610 δὲ
1649 1561 1770 1621 ταῖς

185 1654 441 1722 φύσεσιν.
466 1654 528 1704 Εἰ
548 1653 604 1705 δὲ
631 1653 706 1721 μὴ
732 1649 914 1712 τοῦτο,
939 1650 1093 1702 ἔσται
1120 1649 1178 1701 τὸ
1209 1650 1340 1702 αὐτὸ
1387 1650 1530 1702 κατὰ
1553 1649 1611 1701 τὸ
1638 1651 1770 1701 αὐτὸ

185 1748 286 1800 καὶ
306 1745 726 1813 ὀμοούσιον,καὶ
749 1742 1110 1813 ὲτεροούσιον,
1141 1742 1237 1794 καὶ
1269 1741 1366 1810 μία
1394 1741 1574 1808 φύσις,
1594 1745 1686 1794 καὶ
1707 1741 1766 1792 ο)

189 1840 291 1908 μία
311 1838 492 1906 φύσις·
516 1831 576 1889 οῦ
602 1837 654 1888 τί
672 1836 736 1888 ἂν
759 1835 970 1902 γένοιτο
987 1834 1332 1902 ἀτοπώτερον
1351 1851 1366 1898 ;
1384 1833 1570 1896 Οὕτως
1591 1834 1768 1904 ὑμίνὴ

190 1931 292 1999 μία
316 1930 476 1997 φύσις
504 1928 794 1995 λεγομένη,
817 1928 910 1980 καὶ
940 1926 1039 1995 τὴν
1069 1925 1334 1994 διαίρεσιν
1362 1926 1457 1977 οὐκ
1486 1923 1765 1992 ἐξέφυγεν,

188 2024 259 2092 ἢν
277 2022 394 2090 ἔχει
415 2023 447 2090 ἡ
480 2019 642 2087 φύσις
663 2022 720 2071 ὲν
749 2018 827 2087 τῷ
849 2018 910 2069 π)
923 2019 1041 2088 ήθει
1066 2017 1174 2069 τῶν
1209 2018 1605 2069 κοινωνούντων
1629 2017 1768 2085 αὐτῇ

189 2112 504 2182 προσώπων
525 2111 668 2179 (25),
703 2110 796 2162 καὶ
821 2110 920 2178 τὴν
952 2108 1215 2178 σύγχυσιν
1249 2110 1660 2178 παρεισήγαγεν
1711 2109 1768 2158 ὲν

188 2206 272 2274 τῷ
314 2204 498 2272 ταυτῷ
546 2203 645 2271 τῆς
676 2200 940 2254 συνθέτου
974 2201 1190 2268 φύσεως
1221 2243 1235 2266 ,
1271 2201 1332 2251 τὸ
1355 2199 1464 2252 οὐδ’
1509 2199 1770 2268 ὁπότερον

191 2298 302 2348 τῶν
331 2296 627 2366 ήνωμένων
652 2298 790 2366 μετὰ
816 2298 917 2364 τὴν
947 2297 1142 2347 ἕνωσιν
1168 2293 1573 2364 παραστήσασα
1595 2307 1609 2322 ·
1639 2293 1770 2360 ἡμῖν

191 2391 528 2459 δὲὲκάτερα,
564 2391 660 2441 σὺν
685 2388 805 2457 Θεῷ
834 2390 1024 2455 φᾶναι,
1050 2386 1234 2447 καλῶς
1270 2385 1634 2452 πεφύλακται,
1671 2382 1772 2436 καὶ

191 2483 257 2534 τὸ
285 2482 545 2550 διάφορον
578 2480 686 2532 τῶν
713 2479 1032 2550 ἠνωμένων,
1064 2478 1167 2531 κάν
1193 2479 1258 2548 τῇ
1288 2477 1480 2529 ὲνώσει
1504 2475 1581 2545 τῷ
1611 2473 1773 2544 διττῷ

191 2575 296 2644 τῆς
346 2573 558 2642 φύσεως
615 2571 1284 2640 καταγγελλόμενον,καὶ
1335 2569 1398 2622 τὸ
1446 2569 1641 2622 ταυτὸν
1679 2567 1773 2620 τοῦ

196 2664 497 2732 προσώπου
519 2705 533 2728 ,
564 2664 652 2716 διὰ
680 2663 778 2732 τῆς
808 2679 918 2714 των
946 2662 1242 2731 ἠνωμένων
1279 2661 1493 2728 φύσεων
1532 2662 1609 2724 εἰς
1645 2660 1776 2728 μίαν

196 2759 496 2809 ὑπόστασιν
523 2754 835 2823 συνδρομῆς
863 2752 1463 2822 ἀνακεφαλαιούμενον.

278 2958 295 2988 ι
333 2934 529 2996 Καθὼς
560 2949 642 2985 σοι
672 2930 816 2995 ἔδοξε
847 2930 1229 3000 προδιεστείλω
1255 2931 1349 2983 ἐπὶ
1373 2929 1468 2982 τοῦ
1495 2931 1618 2982 καθ’
1647 2932 1776 2984 ἓκα⁹

201 3046 329 3081 στον
358 3022 670 3095 ανθρώπου,
693 3024 786 3076 δύο
817 3023 1074 3090 λέγεσθαι
1102 3022 1294 3091 φύσεις
1317 3023 1409 3074 καὶ
1434 3024 1564 3091 μίαν
1586 3041 1598 3054 ·
1631 3023 1691 3087 ἐξ
1718 3017 1777 3076 οὗ

200 3122 254 3174 τί
276 3121 598 3182 ἁκολουθεί;
631 3117 703 3169 Τὸ
737 3117 827 3168 ent
861 3115 1099 3186 Χριστοῦ
1141 3115 1213 3185 μὴ
1243 3115 1335 3166 δύο
1387 3117 1550 3183 μόνον
1590 3115 1780 3182 φύσεις

202 3217 524 3285 ὁμολογεῖν,
560 3212 699 3266 ἀλλὰ
746 3214 840 3264 καὶ
868 3215 1036 3281 τρεῖς.
1099 3210 1221 3272 Πῶς
1267 3211 1444 3263 τοίνυν
1487 3212 1546 3263 τὸ
1591 3212 1778 3279 ἕτερον
1804 3239 1846 3295 C

201 3307 637 3376 ὁμολογοῦντες,
706 3303 933 3373 θάτερον
995 3301 1399 3365 ἁπαναίνεσθε;
1483 3302 1684 3371 καίπερ
1744 3305 1794 3372 ή-

204 3403 422 3467 ἁνάγκη
453 3399 546 3450 τοῦ
579 3399 759 3464 λόγου,
792 3395 951 3447 τοῦτὸ
978 3413 1035 3446 σε
1065 3394 1248 3462 λέγειν
1283 3395 1376 3447 καὶ
1405 3395 1479 3464 μὴ
1516 3393 1778 3464 βουλόμε-

204 3510 294 3546 νον
335 3492 681 3555 ὲξεῦιὰσατο.
721 3508 740 3541 ›
771 3488 837 3540 Τί
866 3484 960 3541 οὖν
993 3488 1153 3556 ἡμεῖς
1201 3488 1337 3556 πρὸς
1369 3485 1583 3552 ταῦτα;
1622 3486 1686 3538 Τί
1716 3503 1780 3554 γε

205 3588 413 3658 ἕτερον.
455 3585 650 3654 ἢόπερ
679 3584 771 3635 καί
802 3579 1039 3650 ἁρμόζον
1075 3579 1227 3631 ἐστὶν
1253 3579 1454 3642 αὐτοῖς,
1486 3580 1568 3631 ὄτι
1593 3580 1782 3647 Σοφία

201 3673 404 3744 μωροῦ
431 3673 623 3732 ἐστιν,
649 3670 793 3723 κατά
823 3669 921 3738 τὴν
949 3668 1197 3736 Γραφὴν,
1232 3663 1646 3731 ἀδιεξέὲαστοι
1676 3671 1779 3720 .16-

206 3786 299 3837 τοι
320 3785 337 3832 ;
361 3767 498 3828 Τοὺς
523 3765 630 3832 γὰρ
649 3763 808 3824 ἰδίους
830 3761 1019 3828 ὥσπερ
1042 3760 1102 3812 ού
1126 3759 1557 3829 διαμασώμενοι,
1583 3761 1676 3812 καὶ
1695 3760 1782 3814 διὰ

207 3856 366 3909 τοῦτο
390 3854 513 3906 οὐδὲ
551 3853 850 3911 πέπτοντες
879 3849 1092 3914 λόγους,
1120 3847 1183 3898 ὲκ
1213 3845 1394 3898 κακῶν
1423 3847 1517 3915 τῆς
1541 3844 1783 3914 ἀμαθίας

210 3948 426 4002 σιτείων
473 3943 677 4014 ἑρυγὰς
731 3942 861 4012 ἡμῖν
905 3940 1000 3991 καὶ
1034 3938 1262 4005 ἀτμοὺς,
1308 3935 1423 3998 πῶς
1461 3935 1526 3988 ἂν
1561 3935 1783 3998 ἀλύπως

211 4040 461 4106 εἴποιμι,
495 4035 590 4088 καὶ
636 4033 738 4084 οὐκ
780 4029 1000 4090 εὐώδεις
1045 4027 1533 4097 ἁναπεμπάζουσι.
1596 4027 1784 4106 {Idm};

208 4133 320 4201 γὰρ
356 4129 640 4198 ζητήσεως
673 4125 734 4176 τὸ
775 4120 1156 4192 ἀπορούμενον
1196 4117 1599 4186 διασκοπούσης
1624 4157 1637 4179 ,
1674 4117 1783 4168 κάκ

208 4218 320 4270 τῶν
371 4213 821 4285 ὁμολογουμένων
879 4207 1032 4276 αὐτῷ
1079 4204 1584 4276 συμπεραινούσης,
1623 4206 1671 4256 οἱ
1725 4202 1782 4255 δὲ

212 4307 358 4378 (οὐδὲ
407 4305 514 4378 γάρ
575 4306 680 4356 είσι
712 4300 907 4369 σοφοὶ,
941 4298 1015 4369 μὴ
1041 4299 1125 4350 ὅτι
1169 4297 1269 4366 τὴν
1301 4295 1678 4359 ἀπαιδευσίαν)
1709 4294 1783 4356 ὡς

211 4396 516 4468 ἀμφίϐολον
534 4394 597 4446 τδ
622 4389 1056 4462 ὁμολογούμενον
1080 4390 1159 4451 εἰς
1191 4386 1476 4456 διάσκεψιν
1494 4384 1785 4456 προτιθέα-

215 4506 268 4544 σι
328 4530 344 4554 ,
379 4489 474 4542 καὶ
500 4487 561 4540 τὸ
597 4484 833 4554 φανερὸν
865 4482 940 4547 ὡς
974 4481 1181 4550 ἀφανὲς
1215 4479 1646 4546 συλλογίζονται.
1675 4479 1786 4546 Τῆς

213 4583 321 4653 γὰρ
359 4579 649 4650 ἀνθρώπου
677 4569 916 4646 φύσεως,
947 4573 1089 4627 κατὰ
1121 4573 1218 4634 τὰς
1244 4571 1428 4632 κοινὰς
1457 4571 1673 4623 πάντων
1703 4571 1788 4621 ἐν-

1863 624 1961 677 tris
2004 642 2015 675 :
2053 624 2256 678 dabitis
2298 625 2464 694 igitur
2496 639 2659 677 unam
2701 639 2822 678 esse
2876 631 3127 678 naturam
3162 623 3345 679 carnis
3381 631 3438 678 et

1863 717 2057 770 Patris.

1939 997 1957 1028 ι
1997 977 2085 1038 At.
2117 979 2398 1047 inquiunt,
2436 993 2544 1032 non
2576 981 2814 1036 dicimus
2851 979 3048 1036 eodem
3079 977 3244 1035 modo
3274 996 3441 1036 unam

1862 1083 1982 1123 esse
2033 1071 2326 1140 utriusque
2372 1078 2656 1136 naturam;
2687 1072 2781 1126 sed
2815 1074 2868 1126 in
2910 1073 3075 1128 Patre
3106 1080 3159 1126 et
3188 1071 3328 1126 Filio
3349 1088 3442 1127 ea-

1864 1158 1988 1213 dem
2017 1160 2227 1214 ratione
2259 1169 2500 1227 naturaa;
2537 1161 2629 1215 hic
2678 1169 2861 1215 autem
2897 1162 2952 1216 in
2973 1161 3197 1217 Christo
3226 1161 3441 1216 ratione

1867 1251 2115 1316 unionis;
2146 1267 2276 1322 ergo
2307 1268 2416 1305 non
2451 1261 2534 1306 est
2570 1251 2717 1306 idem
2753 1251 2900 1321 quod
2925 1252 3129 1307 unione
3151 1267 3325 1307 unum
3351 1251 3440 1327 di-

1867 1341 2033 1405 citur,
2058 1350 2114 1396 et
2169 1343 2314 1412 quod
2361 1353 2560 1397 natura
2614 1359 2806 1398 unum.
2851 1363 2869 1395 ι
2901 1343 2958 1398 Si
2995 1353 3177 1399 autem
3212 1359 3326 1399 non
3356 1351 3444 1399 est

1868 1431 2034 1513 idem,
2088 1434 2391 1486 secundum
2433 1435 2581 1488 aliud
2633 1436 2857 1504 quidem
2912 1435 3085 1501 illud;
3135 1435 3443 1490 secundum

1866 1539 1997 1577 vero
2050 1523 2197 1577 aliud
2228 1523 2332 1576 hoc
2367 1543 2380 1576 :
2413 1536 2584 1594 quare
2635 1523 2741 1579 erit
2789 1526 2936 1580 idem
2987 1541 3179 1588 unum,
3213 1535 3270 1580 et
3295 1526 3440 1592 duo;

1870 1629 2038 1668 unum
2074 1615 2296 1683 quidem
2339 1616 2579 1681 unione;
2617 1616 2728 1670 duo
2755 1632 2887 1670 vero
2918 1618 3134 1672 naturis
3169 1634 3183 1669 :
3216 1616 3363 1688 quod
3395 1617 3446 1671 si

1870 1721 1979 1758 non
2027 1705 2154 1769 hoc,
2185 1707 2292 1760 erit
2323 1707 2467 1762 idem
2506 1709 2812 1764 secundum
2853 1707 2998 1764 idem
3024 1720 3080 1764 et
3108 1711 3276 1764 unius
3308 1711 3446 1765 sub-

1870 1798 2108 1861 stantia,
2127 1807 2185 1852 et
2204 1798 2435 1854 diversae
2457 1800 2805 1866 substantiae;
2828 1819 2937 1872 quo
2954 1803 3087 1872 quid
3113 1818 3236 1858 esse
3267 1812 3447 1873 potest

1801 1895 1842 1948 Β
1871 1887 2046 1957 magis
2087 1887 2422 1942 absurdum?
2456 1891 2545 1945 Sic
2583 1893 2742 1946 vobis
2769 1908 2877 1947 una
2907 1901 3124 1959 natura,
3155 1909 3321 1962 quam
3356 1893 3445 1947 di-

1869 1979 2013 2044 citis,
2038 1997 2148 2034 non
2174 1981 2713 2053 eﬂ'ugitdivisionem
2745 2001 2908 2054 quam
2938 1986 3103 2040 habet
3137 1996 3334 2041 natura
3388 1985 3447 2040 in

1871 2072 2223 2127 multitudine
2275 2089 2634 2142 personarum
2658 2077 3184 2131 communicantium
3222 2078 3351 2146 ipsi,
3389 2087 3448 2132 et

1873 2160 2254 2215 confusionem
2285 2162 2592 2216 introduxit
2617 2161 2673 2216 in
2707 2163 2996 2218 identitate
3043 2175 3255 2219 natura:
3297 2180 3450 2220 com-

1873 2252 2065 2318 positae
2095 2291 2108 2314 ,
2162 2267 2264 2306 nec
2309 2252 2638 2307 alterutrum
2686 2254 2964 2308 unitorum
3013 2264 3138 2325 post
3185 2255 3449 2310 unionem

1873 2338 2190 2393 exhibens:
2253 2341 2413 2395 nobis
2465 2351 2648 2396 autem
2697 2352 3032 2412 utrumque,
3085 2344 3180 2398 Dei
3248 2344 3446 2414 gratia,

1873 2430 2104 2499 pulchre
2163 2441 2442 2488 servatum
2508 2444 2592 2491 est
2644 2443 2701 2490 et
2743 2435 3063 2490 dill‘erentia
3117 2435 3396 2490 unitorum
3430 2477 3447 2499 ,

1875 2539 2039 2592 quam
2078 2525 2441 2592 praedicamus
2498 2527 2662 2580 etiam
2707 2527 2762 2580 in
2816 2529 3020 2582 unione
3083 2528 3320 2597 duplicis
3351 2545 3449 2582 na-

1877 2621 2036 2678 turae,
2057 2623 2114 2668 et
2146 2631 2250 2669 una
2285 2627 2448 2685 atque
2472 2617 2664 2671 eadem
2693 2632 2928 2686 persona
2961 2627 3191 2687 propter
3218 2633 3454 2672 concur-

1878 2719 1997 2758 sum
2022 2703 2256 2759 duarum
2296 2714 2617 2761 naturarum
2659 2706 2942 2763 unitarum
2987 2707 3042 2760 in
3083 2722 3247 2762 unam
3276 2707 3453 2779 hypo-

1879 2794 2086 2849 stasim.

1957 2932 1974 2962 ι
2010 2910 2166 2966 Sicut
2196 2910 2295 2965 tibi
2343 2910 2519 2964 visum
2551 2920 2654 2974 est,
2696 2911 3003 2980 explicasti,
3032 2913 3086 2966 in
3118 2927 3454 2982 unoquoque

1880 3003 2104 3056 homine
2141 3001 2278 3055 duas
2309 3010 2555 3063 naturas,
2593 3011 2650 3056 et
2681 3017 2844 3056 unam
2873 3002 3017 3068 dici;
3042 3018 3108 3056 ex
3139 3018 3249 3072 quo
3293 3004 3456 3073 quid-

1880 3109 2006 3147 nam
2034 3093 2308 3162 sequitur,
2347 3093 2453 3146 nisi
2496 3093 2550 3145 in
2577 3093 2801 3147 Christo
2828 3109 2935 3147 non
2960 3093 3097 3148 duas
3120 3103 3330 3148 tantum
3357 3111 3454 3148 na-

1882 3195 2035 3239 turas
2079 3184 2356 3248 confiteri,
2389 3185 2484 3238 sed
2538 3184 2704 3238 etiam
2765 3185 2912 3238 tres?
2944 3185 3233 3251 Quomodo
3285 3187 3454 3257 igitur

1884 3279 2116 3333 alterum
2143 3277 2490 3343 conﬁtentes,
2513 3277 2747 3332 alterum
2775 3279 3076 3333 recusatis?
3095 3295 3219 3333 cum
3248 3280 3459 3348 alioqui

1883 3373 2020 3426 ratio
2042 3373 2349 3427 necessaria
2373 3373 2476 3427 hoc
2497 3371 2657 3426 fateri
2674 3372 2926 3440 quamvis
2940 3374 3221 3428 uolentem
3239 3383 3417 3445 cegat.
3431 3395 3452 3428 ι

1882 3464 2025 3530 Quid
2061 3480 2161 3518 nos
2215 3465 2282 3519 ad
2332 3464 2484 3519 haec?
2506 3462 2648 3530 Quid
2683 3463 2854 3526 aliud,
2882 3480 3045 3534 quam
3095 3466 3243 3535 quod
3275 3467 3330 3520 in
3360 3482 3458 3522 eos

1883 3555 2170 3609 convenit?
2208 3555 2483 3626 Sapientia
2523 3557 2657 3625 fatui
2679 3563 2776 3618 est,
2813 3566 2875 3610 ut
2908 3558 2985 3610 ait
3012 3555 3318 3625 Scriptura,
3346 3575 3459 3612 ser-

1885 3663 2060 3700 mones
2109 3665 2213 3700 non
2255 3649 2471 3717 expensi
2529 3663 2693 3718 neque
2739 3649 3114 3702 considerati’.
3141 3649 3277 3705 Cum
3307 3651 3456 3704 enim

1885 3752 2169 3794 sermones
2190 3754 2320 3793 suos
2346 3755 2454 3793 non
2482 3740 2776 3803 mandunt,
2800 3749 2853 3794 et
2883 3740 3090 3796 idcirco
3117 3757 3295 3811 neque
3322 3757 3459 3798 con-

1885 3837 2164 3899 coquunt;
2219 3846 2286 3884 ex
2339 3831 2498 3884 malis
2553 3831 2695 3885 cibis
2747 3831 3078 3900 insipientia:
3118 3834 3460 3888 ructationes

1885 3919 2044 3973 nobis
2093 3929 2150 3973 et
2195 3920 2401 3974 halitus
2440 3919 2738 3989 (quomodo
2771 3922 2919 3975 enim
2967 3922 3086 3976 sine
3139 3939 3346 3978 nausea
3403 3934 3461 3978 et

1883 4011 2106 4065 l’ustidio
2136 4011 2354 4064 dicam?
2381 4010 2398 4076 )
2429 4026 2541 4064 non
2577 4011 2721 4065 bene
2747 4011 2959 4066 olentes
2998 4014 3278 4067 emittunt.
3319 4014 3459 4069 Cum

1884 4119 1993 4158 non
2023 4103 2203 4157 omnis
2225 4103 2456 4172 quaestio
2495 4104 2642 4172 quod
2671 4104 2726 4158 in
2751 4103 2980 4159 dubium
3004 4105 3176 4168 venit,
3210 4107 3465 4162 conside-

1886 4201 1992 4258 ret,
2018 4200 2075 4246 et
2097 4208 2164 4246 ex
2193 4192 2473 4247 concessis
2511 4192 2782 4246 rationem
2815 4193 3146 4259 concludat;
3190 4194 3278 4249 isti
3325 4197 3461 4264 (non

1885 4284 2034 4339 enim
2080 4292 2211 4337 sunt
2261 4282 2538 4351 sapientes
2572 4283 2678 4338 nisi
2723 4284 2780 4337 in
2838 4284 3059 4339 inscitia
3080 4285 3120 4352 )',
3173 4285 3320 4354 quod
3375 4297 3462 4342 est

1886 4376 1956 4430 ab
1986 4375 2244 4430 omnibus
2281 4389 2628 4438 concessum,
2665 4383 2926 4444 tanquam
2962 4375 3195 4435 dubium
3221 4378 3275 4432 in
3309 4393 3459 4447 quae-

1887 4467 2068 4522 stione
2092 4475 2338 4536 ponunt;
2369 4474 2425 4521 et
2463 4466 2610 4535 quod
2649 4465 3024 4531 manifestum,
3061 4477 3323 4537 tanquam
3358 4471 3463 4524 ob-

1888 4573 2112 4614 scurum
2137 4558 2426 4628 inducunt.
2452 4558 2735 4627 Siquidem
2757 4568 2956 4613 natura
2975 4560 3236 4626 hominis,
3263 4577 3463 4618 secun-

417 4631 515 4738 t‘hv
533 4631 714 4736 ψυχὴν
739 4664 834 4717 καὶ¹
955 4663 1112 4731 σῶμα
1135 4631 1424 4729 δηλούσης,
1458 4658 1552 4710 καὶ
1584 4673 1779 4726 συσση-

1817 4631 1864 4688 D
1892 4651 2024 4706 dum
2056 4666 2379 4706 communes
2409 4651 2656 4705 omnium
2686 4652 2962 4716 notiones,
2995 4653 3231 4708 animam
3247 4663 3304 4708 et
3335 4649 3461 4709 cor;

218 4759 537 4833 μαινούσης,
568 4757 644 4818 ὡς
679 4755 936 4816 πολλάκις
969 4755 1126 4823 ἔφην,
1159 4750 1238 4821 τῷ
1271 4750 1377 4819 ὅλῳ
1412 4749 1482 4802 τὰ
1522 4750 1661 4818 μέρη
1684 4765 1698 4779 ο
1734 4748 1787 4802 oi

213 4856 272 4908 δὲ
301 4853 362 4906 τδ
391 4853 557 4904 πᾶσιν
586 4845 1058 4918 παρακεχωρηκὸς
1086 4844 1185 4912 τῆς
1209 4842 1442 4906 ἐννοίας,
1466 4841 1542 4902 ὡς
1579 4841 1786 4912 ἄπορον

214 4941 587 5011 λαμϐάνουσιν
617 4955 633 4970 ο
662 4937 736 4998 ὡς
763 4936 829 4989 ἂν
869 4934 922 4988 εἴ
942 4951 1082 4996 τινος
1119 4933 1275 5002 ἡμῶν
1305 4933 1738 5000 ἀποφαινομένου
1768 4975 1784 4999 ,

215 5035 298 5087 ὃτι
332 5030 554 5101 διπλοῦν
573 5047 626 5083 τι
657 5028 849 5099 χρῆμά
873 5027 1020 5079 ἐστιν
1047 5027 1076 5078 ὀ
1100 5022 1408 5094 ἄνθρωπος,
1441 5025 1473 5094 ἢ
1505 5025 1665 5094 σῶμα
1690 5025 1789 5094 μό-

218 5141 310 5177 νον
337 5165 352 5188 ,
385 5121 418 5187 ἦ
447 5122 596 5191 ψυχὴ
641 5121 802 5190 μόνον
827 5136 840 5151 ·
873 5118 969 5170 καὶ
999 5115 1089 5169 διὰ
1128 5114 1289 5169 τοῦτο
1320 5113 1531 5179 ἀξιοῦσι
1571 5116 1665 5167 καὶ
1694 5115 1803 5193 ἐπὶ,

218 5211 458 5284 Χριστοῦ
507 5213 654 5282 τρεῖς
684 5209 864 5277 λέγειν
901 5207 1117 5275 φύσεις,
1151 5205 1226 5268 ὡς
1257 5205 1356 5274 οὐχ
1386 5206 1578 5274 ἱκανῆς
1619 5204 1796 5274 οὔσης·

219 5304 320 5367 τῆς
350 5299 638 5373 ἀνθρώπου
665 5299 880 5367 φύσεως
904 5295 1307 5364 συνεπάγεσθαι
1333 5295 1500 5364 ἑαυτῇ
1527 5294 1597 5348 τὰ
1623 5296 1783 5365 μέρη.

219 5390 328 5444 Δύο
370 5390 478 5460 γὰρ
521 5395 710 5456 φυσεις
745 5385 978 5454 λέγομεν
1009 5384 1069 5436 οὐ
1095 5381 1230 5435 Θεοῦ
1261 5380 1357 5433 καὶ
1399 5381 1600 5450 σαρκὸς
1619 5419 1632 5445 ,
1662 5379 1786 5434 οὔτε

295 5603 319 5636 ⁸
349 5602 519 5658 Eccli.
549 5616 658 5664 ut,
689 5601 779 5656 ‘2l.

298 5769 416 5839 (οε)
438 5767 497 5821 ln
530 5782 698 5839 marg.
726 5767 970 5822 τουτέστι
1027 5743 1134 5821 τῶν
1160 5765 1300 5819 δλων
1326 5764 1648 5835 ἀνθρώπων.

1893 4757 2000 4812 pus
2041 4740 2348 4812 signiﬁcat;
2373 4751 2432 4795 et
2464 4741 2866 4810 consigniﬁcat,
2898 4750 2960 4794 ut
2991 4757 3133 4812 saepe
3170 4743 3304 4815 dixj,
3332 4757 3459 4796 cum

1894 4842 2010 4889 toto
2039 4842 2244 4903 partes.
2285 4833 2379 4888 Isti
2408 4848 2543 4911 vero
2573 4832 2720 4901 quod
2749 4849 2783 4886 a
2816 4832 3150 4911 cogitatione
3213 4833 3462 4889 omnium

1895 4926 2142 4987 recessit,
2198 4909 2456 4994 tanquam
2507 4924 2740 4978 dubium
2785 4909 3227 4993 sumunt;quasi
3262 4927 3461 4995 aliquis

1891 5021 2142 5067 nostrum
2185 5011 2436 5077 allirmet,
2467 5011 2618 5080 quod
2655 5012 2821 5067 homo
2861 5021 2946 5066 est
2977 5012 3186 5080 aliquid
3234 5013 3459 5083 duplex,

1889 5103 1976 5158 vel
2004 5116 2206 5172 corpus
2254 5103 2454 5165 solum,
2485 5102 2572 5157 vel
2627 5101 2811 5155 anima
2840 5102 2986 5168 sola;
3015 5111 3073 5156 et
3101 5103 3228 5158 ideo
3268 5104 3460 5160 volunt

1889 5197 2076 5254 dicere
2107 5197 2164 5251 in
2187 5195 2406 5251 Christo
2428 5203 2541 5248 tres
2579 5203 2828 5259 naturas,
2858 5195 3015 5265 quasi
3049 5206 3249 5250 natura
3275 5197 3457 5251 homi-

1888 5292 1977 5346 nis
2001 5307 2110 5346 non
2141 5289 2275 5344 satis
2299 5289 2372 5343 sit
2399 5287 2467 5342 ad
2497 5287 2848 5343 inferendum
2871 5303 3058 5345 secum
3083 5299 3286 5360 partes.
3312 5289 3456 5345 Duas

1887 5382 2038 5438 enim
2083 5389 2310 5438 naturas
2351 5379 2611 5447 dicimus,
2642 5394 2754 5437 non
2782 5380 2881 5436 Dei
2926 5389 2985 5435 et
3031 5381 3233 5446 carnis,
3277 5394 3457 5450 neque
