4218 6444
779 445 912 508 1295

2041 445 2348 507 LEONTII
2389 444 2791 503 BYZANTINI

3894 434 4028 496 1296

775 556 875 610 Dei
903 562 956 609 et
975 553 1190 617 animae,
1221 553 1316 608 sed
1344 551 1438 607 Dei
1470 563 1524 607 et
1549 553 1808 609 hominis.
1834 554 1943 608 Nec
1961 554 2106 607 enim
2129 553 2342 622 proprie

2454 551 2558 621 μὴν
2592 548 2726 600 Θεοῦ
2749 550 2843 602 καὶ
2872 548 3069 617 ψυχῆς,
3113 515 3414 599 ἀλλὰιθεοῦ
3452 543 3546 598 καὶ
3577 541 3892 612 ἀνθρώ-του.
3923 544 4025 593 Ui:-

772 650 858 698 est
894 652 1090 696 natura
1128 640 1386 703 hominis,
1421 648 1622 695 natura
1661 641 1851 710 partis.
1873 640 2051 706 Quare
2081 640 2173 707 qui
2204 635 2342 690 dixit

772 733 1054 788 hominem
1107 733 1190 785 vel
1239 737 1492 784 naturam
1551 731 1811 794 hominis,
1849 738 2075 785 naturas
2106 729 2348 784 declara-

772 827 890 891 vit;
931 824 1024 895 qui
1079 833 1262 877 autem
1317 822 1602 878 Christum
1658 821 1986 884 nominavit,
2037 836 2215 890 neque
2246 834 2346 872 no-

776 933 899 971 men
938 924 1151 970 certum
1200 923 1257 969 et
1300 915 1508 968 nostris
1542 912 1862 967 notionibus
1904 911 2212 980 subjectum
2248 926 2347 964 no-

773 1007 1026 1072 minavit,
1046 1022 1224 1076 neque
1257 1021 1370 1060 rem
1403 1005 1728 1060 declaravit.

840 1220 1245 1276 Declaranthoc
1268 1219 1452 1273 multae
1473 1228 1528 1272 et
1552 1217 1719 1272 variae
1738 1216 1950 1271 etinter
1962 1231 2019 1270 se
2039 1227 2347 1286 pugnantes
2401 1258 2410 1260 _

769 1314 840 1369 de
868 1329 935 1368 eo
972 1313 1116 1382 apud
1144 1311 1489 1364 Christianos
1535 1307 1846 1377 opiniones,
1879 1323 2003 1376 quae
2027 1323 2136 1361 non
2179 1306 2347 1360 exsti-

774 1408 986 1469 tissent,
1018 1405 1063 1458 si
1093 1405 1276 1456 statim
1301 1417 1503 1457 nomen
1533 1401 1742 1456 Christi
1779 1402 2073 1456 veritatem
2098 1401 2175 1454 rei
2209 1399 2344 1453 sub—

769 1502 927 1568 jectae
979 1495 1334 1566 significaret.
1361 1495 1428 1550 At
1455 1493 1756 1564 appellatio
1774 1493 2017 1546 hominis
2036 1491 2345 1546 communis

770 1599 874 1653 est,
907 1599 964 1644 et
1010 1588 1268 1642 omnibus
1307 1588 1547 1656 vulgata,
1592 1594 1649 1640 et
1701 1585 1937 1638 maxime
1991 1583 2339 1638 Christianis.

768 1681 978 1735 Nomen
1035 1694 1169 1733 vero
1221 1677 1428 1732 Christi
1477 1677 1654 1730 simile
1714 1684 1800 1729 est
1849 1675 2056 1728 nomini
2114 1675 2250 1728 artis
2290 1681 2346 1727 et

767 1768 1032 1824 scientiae.
1068 1767 1140 1821 Ut
1190 1766 1336 1819 enim
1381 1765 1472 1817 illa
1527 1763 1751 1817 nomina
1798 1764 1937 1816 artis
1984 1772 2040 1816 et
2095 1762 2345 1817 scientia:

765 1863 848 1915 illi
883 1871 1093 1915 tantum
1119 1860 1324 1919 sciunt,
1369 1859 1464 1926 qui
1511 1857 1657 1910 illam
1691 1856 2043 1923 disciplinam
2077 1869 2343 1922 percepe-

2452 641 2508 692 δὲ
2544 641 2652 711 γάρ
2704 642 2818 692 ἐστι
2903 638 3108 707 κυρίως
3143 635 3435 708 ἀνθρώπου
3475 635 3672 702 φύσις,
3716 637 3749 703 ἡ
3797 635 4028 701 τοῦ-μέ-

2451 749 2575 803 ρους
2635 731 2815 800 φύσις.
2873 730 3036 782 Ὥστε
3113 731 3142 781 ὁ
3195 730 3367 781 εἰπὼν
3433 727 3720 797 ἄνθρωπον
3771 727 3806 794 ἢ
3863 724 4030 790 φύσιν

2446 823 2765 894 ἀνθρώπου,
2809 822 2909 884 τὰς
2939 821 3135 889 φύσεις
3168 821 3472 890 ἐδήλωσεν·
3503 821 3532 871 ὁ
3559 819 3615 871 δὲ
3648 819 3886 889 Χριστὸν
3912 818 4031 868 ὀνο-

2451 916 2634 983 μάσας
2658 956 2672 978 ,
2717 914 2815 982 οὐχ
2841 913 3282 982 ὁμολογουμένην
3314 914 3406 966 καὶ
3435 917 3556 974 ταῖς
3586 911 3822 973 ἐννοίαις
3869 909 4032 980 ἡμῶν

2447 1007 2883 1069 ὑποπίπτουσαν,
2913 1003 3036 1057 οὔτε
3053 1005 3246 1076 κλῆσιν
3270 1004 3584 1074 ὠνόμασεν,
3617 1002 3742 1055 οὔτε
3790 1003 4033 1073 πρᾶγμα

2447 1096 2770 1166 δελήλωκεν.

2516 1220 2628 1273 Καὶ
2668 1219 2924 1288 δηλοῦσιν
2961 1219 3018 1272 αἱ
3047 1219 3298 1290 διάφοροι
3341 1220 3468 1290 περὶ
3508 1219 3676 1272 αὑτοῦ
3701 1219 3860 1288 παρὰ
3891 1220 4032 1290 Χρι-

2448 1313 2683 1372 στιανοίς
2705 1309 2878 1376 δόξαι,
2914 1311 3108 1364 πολλαί
3133 1327 3194 1364 τε
3228 1310 3324 1363 καὶ
3353 1300 3592 1363 ποικίλαι
3619 1311 3994 1380 τυγχάνουσαι
4015 1351 4031 1369 .

2446 1406 2542 1458 καὶ
2589 1405 2849 1474 ἀλλήλαις
2883 1405 3459 1475 διαμαχόμεναισλοῦκ
3511 1406 3580 1458 ἂν
3624 1405 3947 1474 γενόμεναι,
3981 1407 4040 1456 ει

2447 1496 2652 1559 εὐθέως
2679 1499 2710 1566 ή
2759 1497 2854 1550 τοῦ
2885 1497 3126 1566 Χριστοῦ
3174 1497 3519 1566 προσηγορία
3547 1497 3649 1565 τὴν
3679 1496 3774 1549 τοῦ
3805 1496 4031 1548 ὑποκει-

2448 1590 2613 1656 μένου
2659 1589 2985 1658 πρὰγματος
3039 1586 3300 1656 ἀλήθειαν
3337 1586 3631 1657 ἐσήμανεν.
3688 1588 3831 1641 Ἀλλ’
3860 1591 3894 1658 ἡ
3932 1589 4034 1656 μὲν

2445 1679 2736 1750 ἀνθρώπου
2770 1678 3131 1750 προσηγορία,
3160 1679 3314 1747 κοινή
3341 1677 3424 1741 τίς
3449 1682 3562 1731 ἐστι
3598 1679 3690 1731 καὶ
3715 1679 3852 1730 πᾶσι
3873 1678 4032 1747 δεδη-

2449 1773 2785 1841 μοσιευμένη
2807 1812 2822 1834 ,
2853 1771 2950 1840 οὐχ
2983 1771 3184 1840 ἣκιστα
3222 1771 3279 1824 δὲ
3317 1769 3688 1840 Χριστιανοῖς.
3750 1771 3814 1822 Ἢ
3843 1769 3900 1822 δὲ
3936 1767 4033 1820 τοῦ

2444 1861 2683 1930 Χριστοῦ
2716 1859 2952 1930 τεχνικῷ
2978 1863 3074 1914 καὶ
3107 1863 3519 1933 ἐπιστημονικῴ
3556 1864 3885 1932 προσέοικεν
3915 1863 4034 1914 6V6-

771 1962 936 2016 runt;
985 1951 1066 2005 sic
1096 1950 1166 2004 iis
1216 1957 1428 2002 tantum
1459 1947 1550 2016 qui
1586 1947 1643 2000 in
1689 1946 1895 2002 divinis
1934 1947 2139 2001 eruditi
2189 1957 2341 2011 sunt,

2451 1971 2604 2023 ματι.
2647 1955 2736 2017 Ὠς
2760 1956 2870 2024 γὰρ
2897 1957 3081 2008 ἐκεῖνα
3104 1955 3255 2025 μόνοι
3275 1954 3460 2008 ἴσασιν
3488 1957 3536 2007 οἱ
3571 1955 3668 2024 τῆς
3687 1956 3860 2022 αὐτῆς
3899 1971 4025 2024 μετ·

769 2045 972 2099 veritas
1024 2044 1080 2097 in
1117 2043 1222 2096 hoc
1254 2041 1478 2096 nomine
1522 2039 1730 2104 abdita,
1761 2039 2052 2108 explanata
2086 2048 2200 2108 est.
2234 2039 2339 2093 Te-

767 2146 985 2192 stantur
1041 2135 1143 2206 ipsi
1184 2149 1376 2190 verum
1419 2147 1540 2188 esse
1586 2131 1735 2202 quod
1798 2132 1942 2194 dico,
1988 2134 2082 2200 qui
2123 2146 2344 2200 semper

669 2274 675 2280 .
763 2229 1046 2284 afﬁrmant
1077 2243 1144 2281 ex
1186 2224 1400 2280 duabus
1423 2225 1639 2278 naturis
1663 2232 1920 2278 constare
1946 2223 2251 2286 Christum,
2285 2231 2342 2275 et

765 2333 1048 2388 nunquam
1099 2333 1167 2371 ex
1212 2315 1392 2370 tribus
1442 2313 1684 2377 naturis,
1716 2313 1968 2382 quamvis
1993 2313 2230 2365 animam
2258 2327 2343 2364 ra-

769 2410 936 2464 tionis
964 2407 1294 2478 partieipem
1314 2407 1464 2461 carni
1489 2405 1695 2460 Christi
1722 2405 1990 2460 tribuunt.
2013 2403 2134 2458 Sint
2155 2404 2340 2474 itaque

766 2503 856 2555 isti
895 2499 1343 2570 primiauctores
1373 2506 1431 2550 et
1459 2495 1631 2551 duces
1664 2496 1828 2565 hujus
1848 2494 2102 2559 inscitiae,
2125 2503 2182 2548 et
2210 2510 2342 2549 con-

768 2592 1071 2647 ﬁtebuntur
1128 2605 1196 2644 ex
1239 2588 1417 2642 tribus
1449 2602 1574 2643 eum
1625 2586 1843 2642 naturis
1866 2601 1988 2640 esse
2017 2603 2032 2639 :
2062 2594 2119 2641 et
2155 2602 2254 2640 nos
2285 2588 2340 2640 in

765 2699 834 2738 eo
879 2682 1313 2752 acquiescemus,
1347 2678 1494 2748 quod
1545 2677 1876 2733 confitemur
1921 2693 1984 2732 ea
2031 2693 2101 2732 ex
2139 2677 2342 2746 quibus

765 2777 945 2830 factus
998 2782 1102 2836 est,
1149 2772 1462 2834 servari,in
1519 2785 1629 2839 quo
1658 2769 1780 2824 haec
1829 2778 2135 2823 noscuntur
2165 2783 2286 2822 esse
2324 2786 2337 2821 :

767 2866 1040 2938 siquidem
1067 2880 1176 2919 non
1198 2879 1262 2917 ex
1303 2862 1481 2916 tribus
1505 2861 1704 2928 solum,
1726 2860 1821 2914 sed
1841 2875 1907 2915 ex
1936 2860 2189 2929 pluribus
2212 2875 2338 2914 eum

763 2973 892 3014 esse
938 2956 1126 3012 dicere
1175 2962 1460 3024 cogentur,
1517 2962 1578 3006 ut
1619 2951 2158 3017 demonstrabimus;
2209 2953 2339 3021 quia

763 3051 946 3104 adhuc
1005 3062 1188 3102 rerum
1240 3046 1473 3114 simplex
1504 3055 1562 3097 et
1589 3043 1862 3114 generalis
1911 3043 2064 3098 notio
2097 3043 2247 3104 facit,
2281 3053 2342 3096 ut

767 3141 1134 3210 cognitionem
1167 3138 1468 3192 habeamus
1513 3138 1852 3198 universam,
1878 3143 1934 3188 et
1998 3150 2108 3188 non
2163 3135 2338 3204 expli-

765 3241 944 3288 catam
994 3251 1006 3285 :
1049 3232 1245 3284 horum
1274 3240 1456 3284 autem
1497 3229 1698 3283 divisio
1729 3229 2085 3299 cogitatione,
2121 3229 2187 3283 ad
2211 3245 2336 3298 per-

2451 2032 2736 2118 ειληχότες
2774 2049 3027 2112 παιδείας
3051 2090 3066 2114 ,
3091 2047 3235 2101 οὕτω
3301 2049 3484 2118 μόνοις
3531 2049 3642 2110 τοῖς
3693 2046 3765 2100 τὰ
3794 2047 3920 2099 θεῖα
3953 2062 4037 2098 σο-

2451 2144 2592 2209 φοῖς,
2623 2141 2956 2211 τετρανωται
2984 2142 3016 2211 ἡ
3051 2142 3111 2193 ὲν
3141 2139 3220 2210 τῷ
3246 2141 3469 2210 ὀνόματι
3504 2138 3866 2210 κεκρυμμένη
3906 2137 4040 2207 ἁλή-

2449 2232 2593 2285 θεια.
2639 2231 2993 2302 Μαρτυροῦσι
3023 2231 3082 2284 δὲ
3115 2232 3212 2284 καὶ
3243 2231 3398 2284 αὐτοὶ
3442 2233 3507 2301 τῇ
3539 2229 3768 2300 ἀληθείᾳ
3803 2212 3906 2282 τοῦ
3944 2230 4038 2282 λό-

2447 2341 2569 2393 γου,
2624 2326 2688 2378 ἐκ
2743 2323 2837 2377 δύο
2901 2324 2999 2393 μὲν
3049 2322 3265 2391 φύσεων
3302 2321 3388 2375 ἀεὶ
3421 2320 3900 2389 διαδεόαιουμένοι
3944 2321 4038 2372 τὸν

2448 2415 2684 2487 Χριστὸν
2710 2456 2722 2479 ,
2761 2415 2884 2468 οὐδὲ
2917 2432 3048 2469 ποτε
3076 2415 3135 2468 δὲ
3174 2414 3336 2467 αὐτὸν
3370 2415 3435 2467 ἐκ
3463 2412 3633 2484 τριῶν
3667 2413 3891 2480 φύσεων
3932 2429 4037 2464 κα-

2447 2505 2704 2568 λέσαντες
2732 2520 2746 2534 °
2779 2505 2986 2575 καίπερ
3013 2505 3107 2557 καὶ
3129 2503 3308 2573 ψυχὴν
3333 2503 3559 2572 λογικὴν
3581 2543 3596 2565 ,
3629 2505 3697 2573 τῇ
3735 2505 3911 2572 σαρκὶ
3938 2501 4040 2554 τοῦ

2446 2596 2686 2667 Χριστοῦ
2730 2596 3108 2665 παρέχουσιν’
3169 2595 3293 2647 ἐπεὶ
3346 2592 3822 2662 καταρξάσοωσαν
3873 2592 4035 2644 αὐτοὶ

2445 2689 2546 2758 τῆς
2581 2689 2959 2750 ἀπαιδευσίας,
2995 2687 3090 2742 καὶ
3125 2689 3190 2740 ἐκ
3238 2687 3409 2758 τριῶν
3437 2686 3602 2739 αὑτὸν
3630 2685 4039 2754 ὁμολογήσουσι

2447 2783 2684 2849 φύσεων,
2716 2782 2808 2833 καὶ
2836 2781 3000 2849 ἡμεῖς
3030 2795 3095 2846 γε
3133 2779 3432 2850 στέρξομεν
3459 2794 3472 2805 ·
3498 2779 3562 2830 τὰ
3595 2778 3653 2843 ἐξ
3690 2773 3767 2830 ὧν
3801 2778 4040 2844 γέγονεν

2445 2872 2832 2942 ὁμολογοῦντες
2875 2871 3261 2940 φυλάττεσθαι.
3294 2874 3353 2924 ὲν
3378 2871 3453 2941 τῷ
3477 2873 3535 2922 ὲν
3564 2865 3610 2938 ᾧ
3633 2869 3809 2924 ταῦτα
3828 2870 4038 2940 γνωρί-

2448 2962 2621 3026 ζεται,
2651 2965 2812 3016 ὁπότε
2835 2964 2936 3016 οὐκ
2966 2965 3029 3016 ἐκ
3057 2963 3225 3032 τριῶν
3257 2965 3436 3032 μόνον,
3465 2963 3599 3015 ἀλλὰ
3628 2965 3720 3014 καὶ
3745 2964 3815 3015 ὲκ
3849 2962 4036 3014 πλειό-

2447 3071 2553 3106 νων
2587 3055 2748 3106 αῦτὺν
2788 3055 2967 3121 λέγειν
3019 3054 3480 3119 ἐκϐιασίιήσονται
3505 3093 3520 3112 ,
3550 3053 3625 3114 ὡς
3657 3048 3819 3114 αὗϋις
3859 3051 4040 3115 δείξο-

2452 3163 2549 3214 μεν
2580 3162 2594 3176 ’
2621 3147 2700 3198 ὃτι
2729 3146 2838 3197 τῶν
2867 3144 3210 3214 πραγμάτων
3240 3147 3272 3212 ἠ
3302 3145 3450 3212 ἁπλῆ
3484 3145 3577 3196 καὶ
3612 3143 3734 3196 καθ’
3765 3143 3893 3195 ὅλου
3917 3145 4039 3194 ἐπι.-

2450 3237 2600 3306 ϐολὴ,
2626 3236 2832 3288 ἔννοιαν
2870 3239 3005 3307 ἡμῖν
3035 3236 3297 3305 ὁλοσχερῆ
3322 3237 3416 3287 καὶ
3442 3235 3753 3305 ατρὲινωτον
3786 3237 4034 3303 ἐμποιεῖ.

767 3324 964 3378 fcetam
996 3321 1364 3391 cognitionem
1398 3334 1500 3374 nos
1529 3319 1752 3372 adducit
1797 3334 1990 3372 eorum
2039 3333 2106 3373 ex
2141 3320 2342 3388 quibus

2460 3329 2524 3379 'H
2570 3329 2626 3379 δὲ
2668 3327 2872 3379 τούτων
2907 3330 3026 3379 κατ’
3059 3328 3306 3380 ἐπίνοιαν
3350 3327 3617 3396 διαίρεσις
3646 3368 3660 3386 .
3696 3329 3779 3389 είς
3824 3327 4040 3396 ἀκριίῆ

767 3421 1042 3468 constant.
1097 3412 1180 3468 Ob
1227 3412 1369 3465 hanc
1411 3424 1633 3464 causam
1682 3409 2012 3464 divisionem
2070 3410 2242 3463 totius
2287 3411 2342 3464 in

769 3512 955 3570 partes
1000 3500 1270 3564 facimus;
1309 3499 1558 3552 dividere
1591 3507 1774 3552 autem
1809 3499 1862 3551 in
1895 3506 2080 3566 partes
2102 3499 2343 3567 partium

769 3601 893 3660 post
961 3579 1193 3659 primam
1279 3587 1647 3650 divisionem,
1697 3586 1994 3640 ridiculum
2055 3596 2157 3642 est.
2222 3589 2342 3642 Non

769 3683 916 3734 enim
963 3680 1071 3733 huc
1117 3694 1289 3748 usque
1319 3673 1542 3743 evadit',
1573 3686 1628 3733 et
1659 3677 1750 3732 hic
1777 3679 1923 3732 sistit
1946 3715 1962 3740 ,
2000 3677 2095 3733 sed
2137 3678 2192 3731 in
2222 3679 2344 3732 inii-

767 3771 948 3826 nitum
978 3769 1348 3841 progreditur.

837 3989 1005 4044 Verbi
1045 3989 1242 4058 gratia,
1284 4001 1345 4041 υι
1387 3987 1536 4056 quod
1584 3987 1710 4041 dico
1759 3987 2116 4059 intelligatur,
2161 4000 2344 4057 partes

770 4078 1010 4132 hominis
1034 4085 1163 4131 sunt
1187 4091 1388 4146 corpus
1414 4084 1471 4131 et
1501 4074 1717 4141 anima;
1745 4085 1926 4145 partes
1957 4093 2089 4131 vero
2107 4075 2344 4145 partium

768 4172 908 4240 ejus,
928 4169 984 4222 in
1008 4169 1190 4222 anima
1215 4167 1440 4236 quidem
1467 4166 1775 4221 substantia
1801 4167 2030 4221 rationis
2049 4166 2342 4236 particeps,

769 4271 828 4315 et
869 4260 1106 4330 qualitas
1140 4260 1464 4328 incorporea
1495 4277 1510 4320 ;
1546 4269 1602 4314 et
1635 4260 1748 4314 haec
1797 4261 1995 4329 partim
2024 4271 2110 4314 est
2144 4261 2228 4314 vis
2254 4276 2342 4313 ra-

773 4349 1074 4407 tiocinandi
1103 4366 1224 4420 qua
1251 4358 1336 4404 est
1360 4349 1638 4420 princeps,
1677 4350 1876 4418 partim
1907 4349 2200 4415 irascendi,
2221 4364 2346 4418 par-

770 4443 868 4496 tim
897 4441 1349 4510 concupiscendi,
1369 4450 1426 4495 et
1452 4441 1647 4494 barum
1680 4443 1916 4510 partium
1950 4443 2046 4496 illa
2087 4441 2344 4511 princeps

770 4533 1024 4588 notiones
1049 4533 1285 4598 format;
1336 4540 1392 4587 et
1439 4532 1664 4602 cogitat,
1701 4543 1757 4587 et
1783 4535 2072 4600 meminit,
2123 4543 2179 4588 et
2213 4550 2342 4588 con-

769 4626 955 4688 sultat,
981 4633 1038 4680 et
1068 4624 1347 4694 opinatur.
1373 4625 1508 4678 Pars
1532 4625 1802 4680 irascendi
1833 4627 2066 4694 appetit,
2092 4635 2148 4680 et
2177 4626 2345 4680 decli-

773 4724 902 4782 nat;
935 4730 1062 4785 pars
1093 4715 1722 4785 concupiscendi‘habet
1758 4716 2073 4773 facultatem
2115 4720 2341 4788 prepul-

771 4807 951 4870 sandi,
983 4814 1040 4860 et
1066 4805 1358 4872 ellieiendi,
1383 4815 1440 4860 et
1471 4809 1643 4862 multa
1689 4809 1792 4862 alia
1822 4809 2014 4865 subter
2054 4812 2156 4866 ista
2198 4812 2337 4867 divi-

771 4897 999 4948 duntur.
1033 4893 1330 4948 Omittatur
1359 4911 1505 4950 nunc
1555 4897 1646 4951 illa
1697 4900 1947 4968 quaestio,
2011 4910 2192 4954 utrum
2235 4903 2346 4957 sint

773 4988 890 5042 haec
931 4996 1190 5057 tanquam
1218 4997 1403 5058 partes
1430 4990 1486 5044 in
1518 4991 1721 5057 anima,
1762 5008 1831 5046 an
1857 5003 2109 5063 tanquam
2153 5009 2347 5065 peten-

775 5079 884 5144 tite,
919 5079 1036 5134 sive
1065 5079 1386 5134 facultates:
1427 5090 1484 5135 et
1527 5097 1652 5151 quae
1707 5083 1827 5148 sic,
1885 5095 1942 5140 et
1991 5101 2112 5155 quae
2168 5103 2347 5143 secus.

771 5172 892 5226 Non
937 5171 1088 5224 enim
1139 5171 1256 5226 hate
1286 5173 1500 5244 agimus
1545 5189 1715 5230 nunc.
1753 5177 1964 5232 Rursus
1994 5179 2194 5234 divisio
2226 5197 2350 5235 eor-

776 5263 928 5331 poris
947 5262 1006 5316 fit
1032 5263 1088 5317 in
1108 5272 1292 5332 partes
1319 5266 1548 5333 similes,
1581 5277 1637 5322 ct
1666 5267 1992 5337 dissimiles;
2024 5281 2080 5326 et
2112 5273 2354 5328 dissimi-

773 5355 934 5418 lium,
963 5355 1018 5408 in
1047 5363 1232 5424 caput,
1267 5364 1324 5410 et
1346 5373 1563 5423 manus,
1591 5367 1646 5413 et
1665 5359 1864 5429 pedes;
1894 5372 1950 5416 et
1979 5362 2094 5416 haec
2127 5364 2179 5417 in
2205 5379 2350 5429 ossa,

775 5453 828 5499 et
861 5460 1076 5508 carnes,
1110 5455 1166 5499 et
1201 5462 1435 5512 nervos;
1487 5457 1541 5502 et
1588 5449 1704 5504 haec
1755 5467 1950 5507 rursus
2007 5455 2061 5506 in
2116 5466 2354 5523 quatuor

776 5533 1079 5597 elementa;
1126 5543 1181 5586 et
1222 5535 1338 5589 haec
1374 5535 1426 5587 in
1468 5537 1754 5590 materiam
1803 5547 1856 5591 et
1891 5538 2142 5593 formam.
2183 5542 2352 5596 Multa

776 5625 940 5678 etiam
998 5626 1104 5680 alia
1163 5628 1360 5681 medici
1405 5629 1862 5698 philosophantur
1894 5632 1961 5686 de
2001 5631 2353 5688 facultatibus

779 5719 1140 5781 naturalibus,
1193 5735 1260 5772 ex
1308 5720 1511 5789 quibus
1565 5723 1724 5775 aliam
1780 5732 1978 5778 vocant
2039 5727 2349 5781 attrahendi

785 5804 1114 5876 facultatem,
1172 5815 1332 5865 aliam
1401 5812 1710 5880 retinendi,
1772 5815 1931 5869 aiiam
2000 5816 2346 5879 immutandi,

2446 3417 2648 3486 γνῶσιν
2697 3421 2847 3486 ἡμᾶς
2900 3417 3022 3484 ἄγει
3079 3418 3187 3470 τῶν
3229 3418 3286 3484 ἐξ
3331 3411 3404 3470 ὧν
3452 3419 3876 3488 συνεστήκασιν.
3929 3421 4039 3470 Καὶ

2445 3510 2650 3578 ταύτης
2707 3510 2893 3562 ἕνεκεν
2937 3509 3035 3578 τὴν
3074 3510 3170 3562 τοῦ
3201 3509 3324 3562 ὅλου
3361 3512 3440 3572 εἰς
3471 3511 3540 3563 τὰ
3581 3512 3724 3579 μέρη
3752 3509 4040 3578 διάκρισιν

2448 3599 2749 3668 ποιούμεθα
2775 3615 2793 3630 ο
2826 3600 2885 3652 τὸ
2919 3600 2975 3653 δὲ
3005 3602 3086 3662 εἰς
3126 3601 3194 3653 τὰ
3223 3601 3364 3670 μέρη
3393 3601 3502 3653 τῶν
3548 3601 3730 3670 μερῶν
3764 3602 3907 3669 μετά
3937 3603 4039 3670 τὴν

2445 3689 2672 3763 πρώτην
2697 3690 2963 3760 διαίρεσιν
2993 3690 3288 3759 πειρᾶσθαι
3309 3692 3558 3761 τέμνειν,
3593 3691 4036 3757 καταγέλαστον.

2446 3783 2522 3836 Οὐ
2547 3781 2655 3853 γὰρ
2680 3781 2842 3853 μέχρι
2869 3781 3056 3834 τούτου
3082 3781 3314 3852 ἵστησιν,
3341 3782 3455 3835 ἀλλ’
3477 3785 3564 3835 ἐπ’
3592 3783 3824 3850 ἄπειρον
3853 3783 4038 3835 ἐκτεί-

2447 3891 2525 3926 νει
2562 3874 2658 3944 τὴν
2695 3874 2952 3944 θεωρίαν.

2524 4012 2590 4062 Ὃ
2611 4010 2666 4062 δὲ
2693 4010 2839 4078 λέγω
2867 4011 3108 4063 τοιοῦτόν
3136 4013 3255 4064 ἐστι
3319 4027 3333 4042 ο
3367 4011 3526 4082 Μέρη
3558 4010 3856 4082 ἀνθρώπου
3886 4013 4038 4085 ψυχὴ

2446 4099 2540 4152 καὶ
2566 4098 2746 4167 σῶμα,
2783 4099 2924 4169 μέρη
2943 4099 3000 4152 δὲ
3028 4100 3138 4152 τῶν
3163 4099 3347 4170 μερῶν
3373 4101 3540 4153 αὐτοῦ
3565 4101 3661 4154 ἐπὶ
3691 4103 3796 4171 μὲν
3822 4103 4035 4174 ψυχῆς,

2447 4189 2606 4243 οὐσία
2639 4189 2831 4258 λογικὴ
2858 4191 2950 4243 καὶ
2985 4191 3208 4258 ποιότης
3225 4190 3551 4258 ἀσώματος·
3585 4184 3659 4244 ὧν
3688 4191 3748 4244 τὸ
3779 4196 3883 4262 μὲν
3916 4196 4041 4262 ἠγεο

2451 4281 2692 4351 μονικδν,
2746 4286 2808 4334 τὸ
2843 4282 2898 4334 δὲ
2943 4281 3193 4352 θυμικὸν,
3245 4282 3306 4334 τὸ
3350 4282 3406 4334 δὲ
3443 4282 3846 4352 ὲπιθυμητικΰν
3881 4302 3895 4315 ·
3945 4290 4040 4341 καὶ

2447 4375 2653 4430 τούτων
2689 4376 2752 4428 τὸ
2809 4377 2907 4446 μὲν
2950 4377 3344 4446 ὲννοηματικὺν
3396 4378 3490 4430 καὶ
3557 4380 3996 4448 διανοηματικὸν
4021 4423 4038 4447 ,

2453 4469 2884 4538 μνημονευτικόν
2915 4486 2973 4520 τε
3003 4470 3098 4522 καὶ
3135 4469 3480 4539 βουλευτικὸν
3525 4470 3620 4522 καὶ
3667 4470 3997 4533 δοξαστικὸν
4020 4515 4034 4534 ,

2449 4559 2511 4612 τὺ
2550 4559 2606 4612 δὲ
2638 4559 2922 4628 ὀρεκτικόν
2959 4577 3015 4612 τε
3042 4562 3138 4612 καὶ
3168 4559 3493 4627 ὲκκλητικὸν
3515 4600 3530 4623 ,
3555 4560 3694 4618 τὸδὲ
3723 4563 4040 4630 ἀμυντικόν

2377 4659 2421 4712 ι)
2449 4667 2508 4702 τε
2541 4650 2635 4703 καὶ
2666 4650 2955 4720 δραστικὸν
2978 4692 2993 4713 ,
3027 4652 3120 4703 καὶ
3151 4651 3322 4704 πολλὰ
3351 4652 3515 4716 ἕτερα
3543 4651 3756 4715 τούτοις
3785 4653 4037 4707 ὑποδιαι-

2456 4741 2690 4811 ροῦνται.
2710 4723 2978 4809 ’Δέρείσθω
2998 4742 3056 4796 δὲ
3087 4742 3156 4795 τὰ
3174 4742 3267 4795 νῦν
3294 4743 3501 4812 ζητεῖν,
3529 4743 3760 4813 πότερον
3785 4744 3861 4807 ὡς
3889 4747 4036 4815 μέρη

2453 4832 2622 4886 ταῦτά
2671 4834 2810 4885 εἰσιν
2851 4834 2910 4884 ὲν
2951 4836 3015 4903 τῇ
3053 4833 3200 4905 ψυχῇ
3227 4874 3240 4895 ,
3279 4835 3310 4904 ἢ
3344 4836 3418 4898 ὡς
3443 4835 3737 4904 δυνάμεις·
3777 4837 3877 4888 καὶ
3919 4837 4037 4889 τινα

2458 4925 2558 4992 μὲν
2599 4923 2807 4989 οὕτως,
2837 4925 2958 4977 τινα
2994 4924 3051 4977 δὲ
3091 4925 3313 4995 ἑτέρως.
3363 4925 3438 4979 Οὐ
3469 4925 3577 4996 γὰρ
3612 4925 3712 4995 τῆς
3746 4929 4037 4994 παρούσης

2454 5015 2568 5067 ἐστὶ
2589 5014 2860 5083 σκέψεωςο
2880 5015 3044 5068 πάλιν
3065 5017 3098 5084 ἡ
3121 5015 3214 5067 τοῦ
3241 5013 3495 5084 σώματος
3521 5015 3788 5084 διαίρεσις
3820 5017 4038 5083 γίνεται

2452 5108 2532 5168 εἰς
2555 5106 2856 5176 ὁμοιομερῆ
2902 5123 2961 5158 τε
2992 5108 3085 5159 καὶ
3115 5105 3490 5175 ἀνομοιομερῆ
3511 5121 3525 5136 ·
3573 5107 3668 5158 καξ⁵
3694 5107 3908 5157 τούτων
3959 5108 4037 5159 ἑτι

2453 5196 2533 5259 εἰς
2559 5213 2618 5249 τε
2651 5197 2894 5267 κεφαλὴν
2927 5197 3019 5250 καὶ
3045 5199 3234 5268 χεῖρας
3264 5197 3357 5250 καὶ
3379 5197 3546 5258 πόδας
3574 5213 3586 5226 ο
3622 5197 3718 5248 καὶ
3742 5197 3928 5249 ταῦτα
3959 5199 4035 5258 εἰς

2453 5286 2607 5350 ὸστᾶ,
2642 5287 2737 5340 καὶ
2768 5287 3000 5357 σάρκας,
3036 5289 3130 5340 καὶ
3149 5287 3350 5356 νεῦραο
3378 5285 3474 5338 καὶ
3500 5284 3669 5338 ταῦτα
3699 5286 3782 5347 εἰς
3809 5287 3882 5337 τὰ
3913 5287 4037 5338 τὲσ·

2455 5391 2598 5443 σαρα
2629 5377 2866 5444 στοιχεῖα
2889 5392 2905 5407 ο
2938 5376 3032 5429 καὶ
3062 5375 3236 5428 ταῦτα
3264 5377 3345 5437 εἰς
3376 5375 3510 5444 ὓλην
3542 5374 3636 5426 καὶ
3666 5370 3834 5435 εἶδος.
3863 5375 4038 5426 Πολλὰ

2453 5462 2511 5514 δὲ
2537 5462 2631 5514 καὶ
2663 5462 2826 5533 ἕτερα
2853 5463 3234 5532 φιλοσοφοῦσιν
3259 5465 3462 5534 ἰατρῶν
3491 5463 3678 5525 παῖδες
3707 5463 3842 5532 περὶ
3875 5463 4036 5515 δυνά-

2461 5571 2606 5622 μεων
2628 5553 2895 5622 φυσικῶν,
2919 5550 2992 5607 ὧν
3015 5555 3114 5625 τὴν
3149 5557 3248 5626 μὲν
3273 5555 3548 5625 ἑλκτικὴν,
3578 5555 3676 5623 τὴν
3693 5555 3747 5606 δὲ
3780 5555 4040 5606 καθεκτι-

2457 5643 2559 5714 κὴν
2579 5684 2594 5709 ,
2629 5645 2728 5716 τὴν
2758 5647 2814 5698 δὲ
2845 5647 3197 5713 ἀλλοιωτικὴν
3217 5688 3233 5712 ,
3271 5648 3368 5723 τὴν
3400 5646 3454 5698 δὲ
3494 5646 3865 5713 ἀποκριτικὴν
3911 5644 4037 5694 ὀνο-

2463 5737 2713 5805 μάζουσι.
2762 5737 2938 5791 Πολλᾶ
2965 5737 3021 5790 δὲ
3069 5739 3164 5790 καὶ
3193 5738 3322 5807 περὶ
3366 5736 3676 5806 αἰσθήσεως
3710 5734 3809 5786 καὶ
3841 5750 4039 5800 φαντα-

2460 5830 2602 5895 σίας,
2632 5832 2725 5885 καὶ
2755 5830 2847 5884 τοῦ
2878 5830 3192 5901 συνέχοντος
3222 5831 3284 5884 τὸ
3307 5822 3449 5894 ζῶον
3476 5825 3713 5892 ζωτικοῦ
3745 5825 3843 5879 καὶ
3874 5825 4039 5894 r397:-
