4218 6444
235 423 256 474 l
268 420 373 483 3-397

223 537 381 587 νικοῦ
425 538 756 609 πνεύματος,
791 542 1001 613 ἑτέρου,
1029 542 1104 608 ὦς
1130 563 1261 615 φασι

223 624 588 698 ὑπάρχοντος.

293 894 508 965 Ὠσπερ
537 899 718 952 τοίνυν
743 902 960 973 ἀπόχρη
996 905 1133 975 πρὸς
1167 907 1226 960 τὸ
1254 913 1603 982 παραστῆσαι
1633 914 1803 968 ταῦτα

219 986 403 1037 πάντα
434 988 522 1041 διὰ
551 990 643 1043 τοῦ
677 993 854 1064 σάρκα
880 999 1072 1061 εἰπεῖν,
1101 999 1134 1069 ἢ
1173 999 1334 1069 σῶμα
1361 1004 1673 1074 ανθρώπου,
1709 1019 1804 1059 και

218 1075 446 1148 ἀπόχρη
514 1079 675 1132 πάλιν
723 1083 811 1134 διά
865 1085 961 1152 τῆς
1010 1086 1250 1161 λογικῆς
1281 1089 1484 1160 ψυχῆς,
1642 1097 1720 1158 εἰς
1767 1100 1803 1150 ἆ

215 1164 477 1236 διῄρηται
513 1170 654 1239 μέρη
683 1171 922 1238 δηλῶσαι
969 1180 1051 1241 (οὐ
1095 1179 1203 1242 γὰρ
1250 1164 1587 1248 τεχνολογεῖν
1620 1187 1802 1264 φίλον..

213 1258 347 1309 οὐδὲ
374 1258 602 1330 σύνηθες
629 1269 740 1327 τοῖς
771 1271 1033 1331 maror-:3;
1069 1273 1240 1336 οὕτως
1273 1282 1490 1347 ἀπόχρη
1511 1280 1800 1339 ἄνθρωπον

215 1349 249 1416 ἢ
286 1352 450 1417 φύσιν
479 1355 769 1423 ἀνθρώπου
800 1360 1092 1431 εἰρηκότα,
1130 1372 1307 1420 πάντα
1342 1371 1689 1435 παραστῆσαι
1741 1390 1798 1422 τε

214 1441 320 1492 καὶ
354 1443 616 1510 δηλῶσαι,
642 1450 708 1501 τὰ
739 1449 796 1516 ἐξ
822 1445 896 1503 ὧν
923 1456 1253 1515 συνέστηκεν
1286 1465 1344 1510 εν
1366 1457 1447 1523 οἷς
1473 1467 1563 1512 καὶ
1598 1475 1798 1531 γνωρι-

211 1533 398 1596 ζεται.
419 1539 481 1592 Οἱ
509 1538 564 1590 δὲ
592 1541 689 1608 οὐχ
723 1542 807 1595 ἵνα
831 1545 922 1596 τὸν
951 1542 1236 1618 ἄνθρωπον
1266 1553 1474 1606 τέλειον
1503 1556 1576 1607 ἁτε
1597 1591 1606 1602 .›
1627 1577 1672 1606 .~
1713 1577 1765 1606 τε.

213 1642 332 1688 σιν,
384 1627 499 1680 ἀλλ’
538 1631 620 1683 ἵνα
667 1633 758 1685 τὸν
804 1635 992 1705 κύριον
1041 1647 1514 1712 συκοφαντήσωσι,
1564 1664 1658 1700 και
1714 1683 1725 1699 ι

208 1717 498 1786 ἡμετέρας
541 1721 706 1773 αὑτὸν
738 1724 1145 1791 ἀλλοτριὼσωσι
1198 1733 1415 1798 φύσεως
1443 1753 1456 1766 ·
1505 1739 1600 1791 καὶ
1640 1745 1670 1808 ἢ
1725 1741 1799 1810 μὴ

212 1809 629 1879 προσειληφότα
667 1813 765 1884 τὴν
807 1817 981 1888 ἀρχὴν
1024 1820 1086 1874 τὸ
1114 1822 1384 1895 ἡμέτερον
1412 1866 1427 1888 ,
1459 1826 1496 1896 ἥ
1541 1829 1616 1899 μὴ
1661 1809 1797 1884 σῶον

211 1899 538 1964 φυλάξαντα
567 1905 594 1955 ὃ
617 1908 745 1973 παρ’
775 1909 934 1977 ἡμῶν
963 1912 1087 1981 ἔσχε
1114 1915 1216 1984 τῆς
1239 1919 1514 1985 σωτηρίας
1553 1921 1651 1990 τῆς
1687 1923 1791 1976 πάο

211 2008 319 2059 σης
355 1992 572 2062 φύσεως
601 1998 939 2055 ἀδιάπτωτον
977 2004 1263 2074 ἐνέχυρον,
1296 2009 1360 2061 ea
1393 2013 1615 2066 τοιαῦτα
1647 2016 1799 2082 σοφί-

209 2082 432 2145 ζονται,
472 2086 632 2140 Ἀλλά
679 2091 1134 2159 μανθανέτωσαν,
1167 2098 1304 2168 ὅτιὴ
1347 2101 1446 2169 μὲν
1477 2104 1585 2156 τῶν
1615 2107 1798 2175 μερῶν

208 2173 498 2242 ὁμολογία,
530 2177 605 2240 ὼς
637 2177 792 2249 ἔφην,
825 2182 1113 2254 γνώρισμα
1143 2190 1398 2258 τυγχάνει
1425 2195 1522 2261 τῆς
1548 2195 1641 2246 τοῦ
1676 2173 1797 2250 όλου

210 2265 498 2333 σωτηρίας
521 2283 536 2298 ⁸
584 2271 616 2337 ἡ
647 2269 702 2322 δὲ
728 2271 836 2324 τῶν
871 2277 1055 2344 μερῶν
1098 2281 1180 2342 είς
1209 2283 1277 2333 τὰ
1317 2283 1457 2353 μέρη
1485 2286 1796 2359 ὑποδιαίρε-

211 2372 324 2416 σις,
351 2358 411 2409 οὗ
434 2358 770 2432 δογματικῆς
809 2366 927 2418 ἐστι
959 2371 1274 2438 συντομίας,
1308 2374 1431 2426 οὐδὲ
1461 2378 1557 2429 τοῦ
1608 2397 1795 2436 συνίιε⁴

208 2463 329 2516 τμη
341 2448 504 2515 μένου
540 2452 680 2504 κατά
705 2454 766 2506 τὸ
783 2455 1118 2524 Εὑαγγέλιον
1146 2453 1483 2529 λόγουάλλά
1498 2473 1799 2542 mutuati};

207 2537 476 2610 θεωρίας.
513 2546 607 2596 καὶ
637 2550 903 2619 περιττῆς
943 2554 1056 2614 τοῖς
1096 2554 1313 2619 πολλοῖς
1358 2561 1452 2613 καὶ
1491 2537 1796 2628 δυσλήπτόυ

208 2633 590 2702 τεχνολογίας.
650 2639 806 2709 Μέρη
871 2643 970 2710 μὲν
1021 2647 1133 2712 γὰρ
1199 2649 1800 2725 Χριστοῦἀσύγχυτας

211 2724 416 2794 Θεότης
478 2729 566 2779 καὶ
611 2729 992 2802 ἀνθρωπότης.
1047 2737 1206 2808 Ψυχὴ
1256 2741 1312 2794 δὲ
1365 2743 1466 2796 καὶ
1512 2724 1690 2811 σῶμα,
1735 2752 1798 2802 οὗ

213 2810 366 2886 μέρη
393 2818 657 2886 Χριστοῦ,
686 2822 822 2876 ἀλλά
855 2825 994 2896 μέρη
1025 2828 1121 2881 τοῦ
1161 2831 1363 2911 μέρους
1389 2853 1404 2866 ο
1431 2828 1506 2888 ὦν
1532 2837 1799 2907 δηλωθένο

207 2923 327 2960 των
361 2906 451 2960 διὰ
496 2908 600 2978 τῆς
648 2910 862 2976 τελείας
915 2919 1193 2985 σημασίας
1219 2925 1317 2991 τῆς
1353 2906 1503 2977 ’κατά
1534 2906 1636 2994 τῆν
1696 2931 1798 2997 φύς

212 3015 303 3050 σιν
369 3002 471 3069 τῆς
529 3001 952 3072 ἀνθρωπότητος
998 3049 1013 3071 ,
1057 3013 1287 3082 περιττὴ
1352 3015 1384 3083 ἡ
1455 3017 1536 3080 είς
1605 3020 1797 3086 φύσεις

209 3087 326 3142 τῶν
376 3092 561 3162 μερῶν
610 3093 1018 3165 ὑποδιαίρλις*
1052 3102 1101 3154 εί
1149 3104 1223 3172 μὴ
1269 3105 1515 3172 μέλλοιεν
1563 3112 1658 3164 καὶ
1697 3115 1796 3182 τὴν

208 3177 414 3250 λοιπὴν
465 3184 693 3252 ἐπάγειν
735 3188 1006 3258 διαίρεσιν
1033 3195 1154 3255 ταῖς
1203 3195 1666 3269 ὑποδιαιρέσεσιν,
1705 3177 1794 3271 αίς

207 3269 312 3322 καὶ
347 3272 440 3324 ἐπὶ
461 3273 556 3325 τοῦ
594 3276 776 3329 κοινοῦ
800 3278 1090 3349 ἀνθρώπου
1115 3268 1471 3355 ἐχρησάμεθα
1500 3268 1790 3367 πρότερον,
1819 3268 1862 3323 c

209 3364 289 3423 ὡς
315 3363 568 3417 ἐντεῦθεν
602 3365 676 3438 μὴ
711 3371 860 3435 τρεῖς
896 3372 1020 3424 κατ’
1054 3372 1253 3438 αὐτοὺς
1289 3378 1458 3445 μόνας
1481 3363 1792 3446 ,ἀλλά-καὶ

209 3451 438 3515 πλείους
467 3457 864 3524 καταγγέλλειν
887 3459 986 3525 τὰς
1009 3463 1250 3534 Χριστοῦ
1279 3467 1471 3538 φύσεις
1496 3513 1510 3536 ,
1536 3466 1612 3528 ὧν
1646 3477 1697 3530 τί
1726 3477 1805 3531 ἂν

183 3572 186 3576 .
207 3542 428 3608 γένοιτο
453 3544 794 3617 γελοιότερον
821 3567 834 3615 ;
1117 3559 1124 3564 ’

288 3651 308 3683 ι
359 3632 576 3704 Ἐπειδὴ
631 3638 659 3689 ὁ
694 3640 800 3702 πᾶς
851 3642 1134 3712 κεκίνηται
1161 3641 1418 3718 πόλεμος,
1465 3652 1562 3705 τοῦ
1585 3657 1789 3726 τρόπου

207 3723 308 3791 τῆς
338 3723 585 3788 ἑνώσεως
612 3729 764 3798 παρά
781 3733 894 3793 τοῖς
919 3734 1136 3798 πολλοῖς
1168 3737 1558 3810 ἀγνοουμένου,
1582 3723 1676 3800 καὶ
1701 3748 1790 3803 διὰ

207 3813 371 3867 τοῦτο
411 3816 563 3886 παρά
592 3820 758 3872 πᾶσιν
784 3822 1263 3895 ἀμφξιὸαλλομένου
1282 3869 1297 3892 ,
1331 3831 1460 3902 περὶ
1490 3834 1694 3906 ταύτης
1729 3855 1791 3891 σε

208 3904 576 3975 φιλοσοφῆσαι
619 3910 748 3980 χρὴ,
797 3912 883 3966 ἵνα
921 3905 1124 3970 εἰδέναι
1169 3917 1388 3991 ἔχοιμεν
1431 3904 1661 3995 πότερον
1697 3933 1791 3984 καὶ

208 3995 334 4048 κατ’
355 3998 520 4052 αὐτὸν
545 3999 608 4070 δὴ
638 4002 824 4058 τοῦτον
853 4005 1248 4079 ὃιαφωνοῦμεν,
1272 4008 1306 4083 ἢ
1332 4008 1522 4082 τούτου
1554 4036 1618 4086 γε
1649 4039 1790 4093 συμ-

207 4087 394 4155 φώνου
419 4091 551 4158 ἡμῖν
575 4092 727 4156 ὄντος
750 4097 882 4167 περὶ
907 4099 1000 4152 τοῦ
1023 4101 1470 4176 ἀποτελέσματος
1494 4111 1586 4163 τοῦ
1607 4114 1670 4166 ὲκ
1693 4087 1791 4186 τῆς

209 4176 464 4241 ἑνώσεὼς
513 4181 660 4234 ἐστιν
708 4185 839 4254 ἡμῖν
886 4189 919 4256 ή
970 4188 1235 4260 ζήτησις⁶
1265 4196 1360 4248 καὶ
1398 4197 1624 4268 πότερον
1661 4176 1790 4273 περὶ

205 4264 322 4317 τῶν
370 4272 719 4352 πραγμάτων
749 4277 929 4330 αὐτῶν
953 4315 969 4341 ,
1003 4278 1035 4348 ἢ
1072 4282 1205 4352 περὶ
1251 4284 1362 4338 τῶν
1406 4294 1788 4359 σημαινουσῶν

206 4355 388 4412 ταῦτα
431 4362 644 4429 φωνῶν.
690 4366 847 4422 Οὕτω
890 4371 1000 4441 γὰρ
1040 4373 1326 4444 εὐκρινοῦς
1362 4355 1788 4454 τῆς-’ζητήσεως

209 4453 623 4521 γεγενημένης,
676 4459 772 4510 καὶ
820 4461 922 4529 τῆς
975 4462 1084 4516 τῶν
1125 4469 1467 4537 πραγμάτων
1527 4453 1788 4547 ἀληθείας

208 4543 607 4614 ἁναφανείσης.
634 4549 662 4600 ό
684 4550 912 4617 ἀμαθῶς
941 4553 975 4624 ἢ
1005 4556 1219 4620 ἀσεὸῶς
1249 4560 1544 4630 ἀντιλέγων
1569 4543 1787 4640 δειχθή-

211 4635 442 4704 σεται,ἢ
466 4635 1040 4716 διορθωθησόμενος,ἢ
1071 4649 1128 4702 ἐν
1153 4649 1281 4722 δίκῃ
1305 4635 1784 4729 μεμφοησόμενος.

210 4727 255 4777 Τ
259 4727 327 4794 ὴν
360 4727 554 4783 ἕνωσιν
595 4732 696 4796 τῆς
727 4733 982 4805 θεότητος
1018 4740 1154 4810 πρὸς
1182 4742 1280 4812 τὴν
1316 4727 1710 4820 ἀνθρωπότῆτα
1737 4757 1784 4806 οξ

213 4817 317 4886 μὲν
361 4817 482 4871 κατ’
511 4823 701 4876 οὐσίαν
728 4864 742 4889 ,
777 4827 827 4883 οἱ
872 4828 931 4880 δὲ
961 4833 1080 4883 κατ’
1121 4833 1434 4903 ἐνέργειαν,
1473 4842 1521 4891 οἱ
1555 4817 1788 4900 sum;

207 4906 443 4976 γνώμην
471 4911 805 4980 γεγενῆσθαι
829 4915 1198 4987 ἀπεφήναντο.
1244 4925 1364 4979 Εἰσὶ
1403 4929 1460 4980 δὲ
1499 4930 1547 4983 οἳ
1581 4934 1675 4985 καὶ
1700 4935 1788 4987 sia-

207 4998 438 5053 λάὄειαν
481 5005 794 5075 περιττὴνῆ
827 5005 1042 5076 ἔχοντες
1085 5012 1117 5083 ἦ
1151 5013 1590 5089 ὑποκρινόμενοι,
1660 5025 1788 5093 μηδ·

209 5084 389 5163 ετέρῳ
419 5094 528 5145 τῶν
552 5096 857 5165 εἰρημένων
892 5103 1236 5172 προσέθεντο,
1270 5084 1510 5181 ἄρρητον
1535 5084 1590 5165 δέ
1617 5084 1785 5186 abripi

211 5184 307 5234 καὶ
369 5185 811 5253 ἀκατονόμαστον
872 5197 1200 5266 γεγενῆσθαι
1252 5201 1622 5272 ἀπεφήναντο,
1675 5184 1784 5263 εἴτε

208 5272 358 5326 οὕτω
380 5274 615 5343 ἔχοντες,
639 5279 748 5332 εἴτε
777 5280 861 5347 οὓ,
881 5285 1006 5348 τοὺς
1031 5287 1284 5358 ἐλέγχους
1307 5292 1650 5366 ὑφορώμενοι
1685 5305 1784 5372 τῆς

209 5364 492 5430 ἀσεϐείας.
511 5369 868 5441 Ἑωράκαμεν
885 5376 994 5447 γὰρ
1023 5381 1117 5432 καὶ
1136 5381 1230 5433 νῦν
1251 5400 1425 5450 τινας,
1448 5364 1659 5443 οἳῖπάνυ
1690 5364 1787 5464 {iq-

208 5455 311 5523 τήν
341 5473 402 5508 τε
437 5461 534 5511 καὶ
559 5466 957 5536 πεπατημένην
985 5468 1084 5539 τὴν
1119 5474 1252 5543 περὶ
1274 5479 1375 5545 τῆς
1405 5478 1648 5546 ἑνὼσεως
1690 5455 1785 5536 ’ἐν-

209 5562 365 5597 νοιαν
394 5548 632 5616 ἔχοντες,
653 5552 889 5626 ἄρρητον
915 5559 1085 5629 αὐτὴν
1103 5559 1410 5630 ἐλεγον,ἴνα
1437 5569 1512 5640 μὴ
1540 5570 1784 5644 μόνοντῴ

209 5638 442 5710 ἐναντίῳ
470 5641 527 5694 τὸ
553 5645 794 5698 ἐναντίον
831 5653 1286 5708 κατασκευάσωσι
1339 5696 1354 5719 ,
1381 5662 1629 5715 τουτέστι
1706 5667 1784 5736 τῷ

209 5728 440 5800 ἀρρήτῳ
465 5733 526 5784 τὸ
558 5735 720 5802 ρητδν
739 5778 752 5798 ,
789 5738 921 5791 ἀλλὰ
952 5744 1046 5794 καὶ
1077 5746 1202 5807 τοὺς
1232 5747 1490 5818 ἐλέγχους
1519 5728 1782 5811 ὲκκλίνωλ

210 5835 316 5872 τιν.
344 5818 554 5892 ’Ὥσπερ
581 5824 770 5893 ἀμέλει
825 5830 917 5883 καὶ
961 5831 1158 5901 ἕτεροι,
1186 5835 1274 5889 ἐπὶ
1310 5837 1406 5908 τῆς
1455 5844 1653 5910 σαρκδς
1688 5847 1780 5900 τοῦ

1291 438 1590 502 CONTRA
1629 447 1943 510 NESTOR.
1987 456 2080 514 ET
2116 459 2414 524 EU'l‘l'Cll

1269 590 1283 614 ,
1324 551 1477 620 πιρὰ
1507 555 1568 607 τὸ
1597 556 1798 624 λογικὺ·

1871 564 2084 620 \aliam
2124 580 2469 632 secernendi.
2532 585 2696 640 Multa
2744 606 2875 645 vero
2910 597 3074 652 etiam
3125 603 3192 658 de

3363 495 3495 559 1238

3244 625 3408 666 sensu
3438 627 3494 667 et

1920 655 2226 726 phantasia,
2254 678 2308 718 et
2329 667 2397 722 de
2429 673 2584 726 vitali
2610 687 2666 730 et
2685 683 2944 749 organica
2973 690 3206 759 spiritu;
3239 700 3331 766 qui
3358 718 3491 756 con-

1916 747 2296 821 tinetanimal,
2328 763 2422 828 qui
2447 764 2589 820 alius
2613 768 2842 840 spiritus
2870 786 2976 840 est,
3006 747 3270 847 utaiunt:
3293 805 3490 857 praeter

1915 840 2257 900 rationalem.

1985 933 2142 990 Sicut
2171 954 2303 1000 ergo
2336 944 2404 997 ad
2440 947 2794 1016 signiﬁcanda
2842 959 2956 1015 haec
2990 968 3174 1021 omnia
3218 974 3353 1028 satis
3403 989 3489 1033 est

1913 1025 2110 1082 dicere.
2131 1039 2372 1097 aurium,
2400 1039 2485 1092 vel
2516 1057 2717 1113 corpus
2741 1049 3024 1122 hominis;
3051 1067 3107 1112 et
3137 1077 3325 1120 rursus
3355 1070 3487 1124 satis

1915 1126 1997 1172 est
2019 1122 2353 1183 nominando
2384 1131 2625 1186 animam
2658 1140 3003 1208 rationalem,
3044 1149 3323 1208 declarare
3356 1174 3483 1226 par-

1918 1213 1996 1259 tes
2027 1209 2082 1262 in
2125 1225 2262 1279 quas
2289 1213 2464 1271 divisa
2489 1229 2611 1286 est;
2648 1239 2750 1278 nec
2771 1227 2919 1282 enim
2951 1231 3139 1290 ﬁdeles
3169 1239 3318 1308 loqui
3348 1209 3483 1297 arti—

1915 1297 2097 1352 ticiose
2134 1315 2567 1370 consueverunt,
2597 1326 2702 1367 nec
2731 1313 2835 1368 hoc
2863 1319 2945 1372 eis
2977 1321 3186 1388 placet;
3233 1328 3310 1382 sic
3351 1333 3482 1387 satis

1910 1398 1986 1442 est
2018 1391 2332 1448 nominasse
2381 1396 2685 1467 hominem,
2718 1405 2804 1459 vel
2829 1417 3079 1465 naturam
3137 1415 3376 1475 hominis
3414 1423 3480 1475 ad

1908 1483 2232 1541 declaranda
2262 1491 2448 1545 omnia
2496 1509 2563 1547 ex
2601 1497 2803 1564 quibus
2829 1506 3165 1571 compositus
3191 1518 3295 1573 est,
3338 1520 3394 1565 et
3423 1513 3479 1566 in

1907 1575 2106 1641 quibus
2139 1593 2258 1633 esse
2288 1585 2657 1650 cognoscitur.
2721 1588 2816 1643 lsti
2853 1602 3038 1646 autem
3083 1597 3210 1650 talia
3237 1601 3478 1669 captiose

1909 1672 2229 1732 toquuntur,
2275 1687 2384 1726 non
2423 1683 2483 1728 ut
2518 1676 2796 1733 hominem
2833 1683 3132 1751 perfectum
3167 1693 3499 1755 ostendant,

1906 1757 1998 1810 sed
2025 1767 2079 1812 ut
2121 1760 2411 1818 Dominum
2465 1768 2888 1838 calumnientur,
2937 1786 2994 1832 et
3051 1794 3176 1833 eum
3226 1797 3256 1836 a
3303 1785 3478 1842 salute

1907 1857 2091 1901 nostra
2119 1850 2359 1906 alienent
2385 1871 2398 1918 ;
2429 1858 2584 1924 quasi
2611 1859 2697 1913 vel
2717 1877 2826 1916 non
2855 1869 3289 1936 assumpsisseta
3320 1875 3473 1942 prin~

2387 1916 2393 1918 _
2447 1916 2461 1924 _
2863 1916 3289 1936 ,,___--_,------..
3321 1916 3442 1942 μ...

1831 1916 1869 1969 Β
1899 1937 2043 2006 cipio
2074 1941 2471 2000 humanitatem
2513 1961 2776 2016 nostram,
2835 1957 2920 2010 vel
2953 1973 3063 2012 non
3097 1973 3368 2018 servasset
3389 1967 3479 2020 in-

1900 2031 2134 2096 colume,
2165 2037 2312 2103 quod
2337 2053 2403 2091 ex
2426 2041 2588 2096 nobis
2619 2042 2813 2099 habuit
2843 2047 3037 2103 salutis
3077 2053 3244 2106 totius
3267 2065 3476 2112 natura:

1901 2123 2140 2191 pignus,;
2170 2128 2317 2193 quod
2356 2130 2613 2186 excidere
2668 2150 2778 2188 non
2832 2146 3071 2206 poterat.
3126 2142 3231 2196 Sed
3275 2146 3471 2214 sciant,

1901 2213 2047 2280 quod
2095 2215 2368 2272 confessio
2410 2223 2670 2290 partium,
2723 2234 2785 2279 ut
2817 2227 2951 2294 dixi,
3005 2231 3167 2286 index
3196 2243 3281 2289 est
3324 2236 3474 2291 inco‘

1900 2303 2048 2357 lume
2074 2320 2194 2360 esse
2245 2316 2454 2375 totum;
2495 2313 2691 2368 iterata
2721 2331 2856 2370 vero
2903 2321 3140 2387 partium
3189 2322 3245 2375 in
3291 2312 3474 2393 partes

1900 2391 2098 2448 divisio
2141 2410 2246 2449 non
2281 2408 2364 2450 est
2409 2400 2729 2470 dogmaticae
2773 2405 3077 2475 brevitatis,
3132 2391 3311 2481 neque
3362 2429 3478 2469 ser-

1901 2485 2078 2538 monis
2106 2488 2406 2542 secundum
2451 2490 2807 2562 Evangelium
2836 2500 3067 2564 concisi,
3098 2502 3194 2556 sed
3221 2505 3486 2574 sccpticar

1901 2574 2292 2640 speculationis
2329 2587 2384 2632 et
2415 2580 2633 2636 artiﬁcii
2661 2589 3075 2654 supervacanei,
3105 2599 3162 2644 et
3196 2592 3473 2664 plerisque

1901 2663 2143 2721 difﬁcilis
2170 2668 2237 2723 ad
2269 2670 2706 2742 intelligendum.
2738 2676 2926 2734 Partes
2955 2683 3102 2736 enim
3131 2683 3340 2739 Christi
3363 2663 3480 2742 non

1900 2757 2160 2823 confusae,
2187 2770 2314 2813 sunt
2347 2763 2606 2820 divinitas
2640 2777 2697 2822 et
2737 2770 3079 2838 humanitas;
3127 2776 3306 2830 anima
3341 2793 3476 2832 vero

1898 2854 1955 2898 et
1992 2861 2194 2916 corpus
2224 2865 2335 2904 non
2368 2863 2496 2907 sunt
2526 2866 2711 2924 partes
2747 2859 2976 2926 Christi,
3007 2864 3102 2918 sed
3133 2875 3316 2935 partes
3345 2884 3473 2939 par-

1901 2935 2010 3003 tis;
2044 2938 2246 3007 quibus
2302 2941 2617 3011 declaratis,
2653 2963 2752 3019 per
2789 2950 3242 3020 signiﬁcationem
3289 2935 3472 3026 perfe-

1898 3033 2040 3079 clam
2071 3027 2430 3087 humanitatis
2467 3038 3110 3110 naturalis,supervacua
3155 3057 3240 3101 est
3278 3047 3472 3102 subdi-

1899 3119 2038 3172 visio
2074 3120 2141 3185 jn
2177 3130 2405 3178 naturas
2435 3128 2696 3193 partium,
2748 3131 2854 3186 nisi
2889 3141 3014 3202 post
3069 3136 3485 3194 subdivisiones.

1899 3211 2104 3278 quibus
2135 3214 2290 3282 prius
2319 3216 2375 3270 in
2405 3217 2628 3274 homine
2658 3224 2936 3278 communi
2969 3226 3052 3280 usi
3090 3242 3304 3292 sumus,
3338 3231 3466 3284 reli-

1896 3317 2058 3370 quam
2090 3303 2418 3362 divisionem
2446 3309 2618 3365 velint
2643 3310 2942 3381 inducere;
2975 3324 3037 3370 ut
3068 3317 3200 3373 hinc
3227 3333 3337 3374 non
3361 3327 3470 3374 tres

1897 3402 2130 3457 tantum,
2168 3399 2472 3453 secundum
2515 3417 2634 3466 eos,
2685 3404 2781 3458 sed
2830 3406 2996 3460 etiam
3025 3408 3213 3476 plures
3246 3419 3471 3466 naturas

1895 3481 1951 3550 in
1983 3481 2202 3539 Christo
2229 3487 2476 3555 proﬁteri
2500 3501 2751 3561 oporteat
2777 3511 2929 3564 :,quo
2955 3497 3084 3565 quid
3126 3513 3246 3555 esse
3290 3510 3471 3570 potest

1893 3573 2064 3644 magis
2085 3576 2328 3644 joculare
2348 3579 2372 3632 ?
2526 3631 2545 3672 λ

1970 3681 1988 3714 ι
2025 3663 2480 3737 Quandoquidem
2526 3663 2852 3732 universum
2901 3679 3106 3735 bellum
3145 3693 3352 3738 motum
3387 3695 3482 3739 est;

1893 3755 1962 3810 de
1989 3759 2152 3814 modo
2183 3762 2403 3818 unionis
2449 3781 2614 3834 quem
2663 3770 2914 3840 plerique
2949 3773 3225 3843 ignorant,
3275 3784 3331 3831 et
3384 3776 3469 3830 id-

1893 3846 2040 3902 circo
2083 3852 2341 3908 omnibus
2385 3854 2441 3908 in
2497 3855 2727 3911 dubium
2775 3861 2978 3927 venit;
3027 3862 3095 3918 de
3128 3864 3230 3919 hac
3265 3867 3468 3920 unione

1891 3938 2267 4011 phiIOSOphari
2296 3953 2532 4014 oportet,
2583 3957 2644 4003 ut
2685 3951 2827 4005 scire
2856 3953 3148 4022 possimus,
3192 3966 3376 4018 utrum
3400 3957 3467 4012 do

1892 4027 1998 4083 hoc
2030 4029 2150 4098 ipso
2181 4031 2601 4101 dissentiamus;
2640 4053 2709 4090 an
2741 4055 2872 4094 vero
2898 4041 3059 4094 nobis
3097 4041 3166 4095 de
3207 4043 3312 4097 hoc
3336 4058 3469 4098 con-

1892 4120 2261 4178 sentientibus
2316 4125 2549 4193 quaastio
2595 4129 2688 4194 sit,
2742 4131 2873 4198 quid
2928 4132 3131 4187 eﬂiciat
3175 4136 3346 4200 unio;
3411 4146 3467 4190 et

1892 4219 2076 4264 utrum
2108 4212 2176 4267 de
2217 4213 2386 4269 rebus
2421 4217 2556 4285 ipsis
2587 4221 2661 4274 sit
2693 4225 3090 4287 controversia,
3119 4241 3188 4279 an
3213 4225 3282 4281 de
3311 4228 3464 4282 voci-

1892 4302 1996 4357 bus
2030 4320 2119 4359 res
2151 4306 2298 4375 ipsas
2338 4309 2792 4380 signiﬁcantibus.
2832 4314 2925 4370 Sic
2961 4316 3109 4370 enim
3158 4320 3463 4386 quastione

1892 4395 2153 4452 distincte
2185 4395 2393 4467 habita,
2450 4413 2501 4457 et
2551 4407 2784 4462 veritate
2835 4423 3021 4462 rerum
3067 4418 3311 4477 ostensa,
3363 4414 3460 4481 qui

1893 4485 2148 4555 imperite
2177 4497 2275 4544 aut
2310 4490 2475 4561 impie
2504 4497 2854 4559 contradicit,
2890 4498 3131 4567 pateﬁet,
3166 4501 3252 4555 vel
3286 4503 3460 4557 corri-

1816 4582 1862 4649 ι)
1891 4575 2122 4666 gepdus,
2176 4579 2263 4632 vel
2319 4580 2374 4633 in
2419 4582 2629 4666 judicio
2664 4585 3137 4653 vituperandus.»
3193 4589 3460 4645 Unionem

1892 4664 2196 4722 divinitatis
2216 4683 2341 4722 cum
2379 4664 2715 4728 humanitate
2749 4676 2839 4728 alii
2872 4678 3174 4732 secundum
3203 4681 3462 4735 substan-

1893 4755 2021 4809 tiam
2053 4757 2252 4812 faetam
2288 4775 2410 4815 esse
2444 4761 2808 4828 afﬁrmarent,
2847 4767 2937 4820 alii
2973 4769 3274 4824 secundum
3305 4786 3462 4825 ener-

1889 4847 2054 4916 giam,
2093 4850 2184 4904 alii
2208 4852 2510 4906 secundum
2550 4855 2913 4911 voluntatem.
2948 4858 3086 4913 Sunt
3133 4871 3317 4915 autem
3366 4865 3467 4932 qui

1889 4935 2112 4989 nimiam
2175 4940 2538 4994 reverentiam
2592 4942 2646 4995 in
2706 4944 2878 4997 Deum
2930 4947 3015 4999 vel
3061 4946 3327 5004 habentes
3375 4953 3466 5006 vel.

1889 5025 2230 5091 simulantes,
2284 5033 2436 5086 nullo
2472 5047 2541 5086 ex
2585 5033 2699 5092 his,
2727 5035 2893 5090 modo
2937 5036 3132 5092 factam
3181 5039 3460 5109 dixerunt,

1888 5119 1985 5173 sed
2021 5120 2353 5175 ineﬂ‘abilem
2382 5139 2503 5178 esse
2529 5133 2585 5178 et
2611 5141 2799 5182 carere
2830 5129 3051 5184 nomine
3079 5129 3466 5202 aﬁirmarunt;

1889 5210 2004 5264 sive
2041 5213 2115 5264 ita
2164 5212 2452 5275 haberent,
2503 5215 2617 5270 sive
2669 5233 2798 5280 non,
2850 5221 3168 5276 metuebant
3214 5231 3458 5280 certene

1888 5300 2190 5370 impietatis
2213 5314 2595 5372 arguerentur.
2646 5308 2894 5362 Vidimus
2937 5312 3084 5364 enim
3115 5313 3279 5367 etiam
3310 5331 3460 5371 nunc

1887 5391 2175 5460 quosdam,
2214 5394 2305 5460 qui
2335 5409 2459 5447 cum
2494 5398 2775 5451 notionem
2804 5400 3023 5454 unionis
3049 5402 3205 5457 valde
3236 5419 3460 5473 expres»

1886 5497 2001 5535 sam
2034 5493 2089 5537 et
2121 5485 2302 5537 tritam
2358 5485 2647 5552 haberent,
2687 5490 2946 5560 ἄρρητον,
2984 5491 3039 5545 id
3072 5501 3158 5548 est
3201 5494 3452 5549 ineﬂ'abi-

1887 5573 2013 5637 lem,
2053 5590 2172 5628 eam
2205 5576 2512 5631 vocabant:
2543 5588 2602 5632 ut
2634 5595 2744 5633 non
2776 5582 2949 5635 solum
2997 5585 3273 5639 contrario
3322 5601 3454 5640 con—

1888 5666 2114 5719 trarium
2159 5666 2455 5733 eﬁicerent,
2524 5670 2575 5724 id
2617 5679 2720 5734 est,
2781 5672 3017 5728 dicendo
3049 5690 3167 5730 esse
3203 5676 3451 5732 inc-[fabi-

1886 5757 2013 5820 lem,
2062 5758 2332 5826 vulgatam
2366 5758 2630 5824 facerent,
2664 5761 2758 5815 sed
2811 5772 2870 5816 ut
2904 5777 3223 5825 argumenta
3258 5767 3458 5838 quibus

1887 5848 2366 5916 redarguercntur,
2403 5849 2727 5917 effugerent.
2759 5851 2912 5906 Sicut
2940 5854 3032 5907 alii
3067 5870 3219 5922 sane,
3257 5867 3312 5910 ut
3339 5872 3459 5912 car-
