4218 6444
733 431 865 499 1209

1991 436 2270 494 ΙΕΟΝΤῙ
2276 436 2303 495 Ι
2345 438 2747 497 ΒΥΖΑΝΤΙΝΙ

3847 436 3990 498 1300

727 563 850 602 nem
877 545 1090 600 Domini
1122 548 1292 616 magis
1317 547 1439 600 tiete
1472 562 1756 616 apparere,
1790 563 1953 617 quam
1993 548 2047 601 in
2087 563 2152 603 ea
2174 563 2302 602 con-
2333 594 2340 608 λ

2432 550 2613 620 ἱυρίου
2649 552 2748 620 τὴν
2776 554 3079 621 φαντασίαν
3112 554 3438 623 κρατύνειν,
3493 553 3523 623 ἧ
3559 552 3655 623 τὴν
3714 561 3988 620 σύγχυσιν

726 637 996 692 fusionem
1045 637 1240 692 factam
1289 653 1408 691 esse
1439 638 1734 694 defendere
1763 639 2070 704 studerent,
2124 642 2302 694 incar-

727 735 916 782 natum
970 743 1090 783 esse
1137 737 1198 780 ut
1243 728 1438 792 voluit,
1492 737 1547 782 et
1594 737 1652 782 ut
1693 729 1809 797 ipse
1843 731 2017 792 novit,
2059 730 2299 783 aiebant.

725 817 848 873 Non
880 820 1024 874 enim
1065 830 1124 872 ut
1151 819 1268 874 hate
1294 820 1548 889 probent,
1577 821 1643 874 ad
1686 823 2052 875 reverentiam
2110 837 2302 875 revera

731 923 760 959 a
797 907 1103 960 reverentia
1133 909 1367 963 alienam
1399 925 1458 962 se
1495 909 1806 973 conferunt,
1859 911 2065 980 alioqui
2104 917 2305 966 veritas

727 995 835 1048 hos
853 995 920 1048 ad
955 996 1143 1051 lumen
1173 1013 1335 1051 suum
1367 997 1666 1054 adduceret
1692 1016 1706 1062 ;
1738 999 1834 1053 sed
1864 1008 1924 1053 ut
1954 1001 2184 1055 licenter
2207 1001 2308 1054 im-

732 1087 936 1154 pietate
966 1088 1287 1152 abutantur,
1321 1089 1390 1143 ad
1443 1090 1673 1144 honesta
1727 1091 1946 1144 nomina
1971 1130 1985 1155 ,
2047 1101 2305 1162 tanquam

733 1175 800 1228 ad
835 1178 1307 1246 proyugnaculum
1359 1179 1633 1248 quoddam
1677 1180 1919 1234 validum
1973 1189 2028 1234 et
2082 1182 2310 1249 inexpu-

730 1266 950 1335 gnabile
972 1268 1312 1339 confugiunt.
1336 1269 1474 1324 Vere
1506 1271 1652 1325 enim
1681 1286 1859 1340 neque
1890 1271 1998 1327 dici
2030 1266 2309 1327 necintbl-

731 1357 826 1427 ligi
855 1365 1036 1427 potest
1065 1359 1196 1412 unio
1227 1360 1528 1413 secundum
1560 1361 1945 1427 substantiam,
1980 1373 2036 1416 et
2059 1363 2313 1416 substan-

734 1451 900 1515 tialis,
947 1459 1003 1506 et
1042 1452 1099 1504 in
1147 1453 1446 1523 hypostasi.
1484 1439 1772 1520 Quomodo
1804 1457 1950 1510 enim
1979 1471 2102 1524 qua:
2133 1464 2314 1510 tanto-

735 1557 868 1610 pere
909 1544 1212 1598 secundum
1263 1557 1517 1599 naturam
1560 1547 1844 1611 diﬂ‘erunt,
1884 1557 1941 1601 et
1990 1557 2099 1601 tam
2153 1550 2312 1617 longe

735 1633 962 1695 distant,
1010 1635 1154 1689 inter
1183 1652 1242 1690 se
1271 1638 1542 1702 coierunt,
1596 1646 1652 1691 et
1679 1639 1830 1692 unita
1870 1649 1979 1692 non
2021 1649 2148 1693 sunt
2180 1655 2314 1692 eon-
2350 1647 2362 1649 “

737 1723 858 1777 fusa
904 1722 1015 1792 (‘24)
1043 1743 1056 1789 ;
1085 1726 1180 1779 sed
1212 1726 1396 1794 potius
1430 1741 1601 1780 unum
1638 1736 1744 1790 est,
1773 1737 1829 1782 et
1853 1728 1964 1782 duo
1992 1728 2314 1791 noscuntur,

737 1820 796 1864 et
843 1828 946 1868 nec
1000 1815 1209 1867 unitate
1265 1830 1517 1883 persona:
1557 1818 1842 1870 commista
1912 1824 2078 1881 sunt;
2137 1834 2317 1885 neque

739 1916 962 1974 propter
992 1907 1354 1974 preprietates
1382 1915 1700 1962 naturarum
1756 1909 1811 1962 in
1863 1910 2181 1979 bypostaStes
2232 1910 2318 1962 di-

737 1995 853 2049 visa
889 2006 1038 2049 sunt.
1083 1995 1205 2050 [lare
1239 1997 1350 2050 sola
1384 1995 1518 2051 ﬁdes
1545 1999 1713 2066 capit,
1771 2011 1827 2052 et
1880 1999 2118 2052 Verbum
2175 1999 2318 2052 divi-

737 2099 895 2150 num,
941 2085 1086 2154 quod
1114 2101 1220 2139 non
1273 2086 1726 2155 pronuntiatione
1766 2089 1934 2149 vocis,
1978 2088 2072 2142 sed
2120 2089 2321 2143 illumi-

737 2177 962 2250 natiqne
1021 2177 1398 2247 intelligentiae
1461 2179 1575 2233 haec
1615 2179 1902 2245 declarat;
1956 2188 2012 2234 et
2069 2196 2164 2235 eos
2225 2181 2320 2250 qui

738 2269 888 2339 digni
958 2278 1126 2335 sunt,
1192 2269 1441 2324 doctrina
1496 2285 1605 2325 non
1667 2279 1939 2335 sonante,
2000 2271 2095 2325 sed
2158 2272 2320 2326 tacita

737 2360 946 2414 erudit.

808 2451 884 2506 De
914 2452 995 2506 eis
1030 2451 1197 2523 igitur
1237 2454 1332 2524 qui
1379 2470 1446 2509 ex
1486 2455 1797 2510 reverentia
1829 2464 2112 2527 aegrotant,
2147 2456 2322 2512 donec

738 2541 870 2610 quid
895 2543 977 2597 eis
996 2545 1338 2613 propositum
1368 2546 1458 2610 sit,
1491 2561 1600 2600 non
1630 2555 1714 2601 est
1738 2547 2110 2612 manifestum,
2142 2563 2322 2618 neque

737 2633 972 2688 verbum
1009 2634 1320 2688 faciendum
1339 2645 1463 2701 est;
1493 2636 1588 2706 qui
1614 2651 1748 2691 vero
1779 2653 1960 2707 neque
1981 2653 2048 2692 ex
2091 2638 2321 2705 lumine,

741 2723 790 2778 si
816 2724 870 2778 id
904 2725 1051 2779 nacti
1085 2735 1234 2788 sunt,
1273 2726 1528 2782 ﬁduciam
1559 2722 1806 2796 capiunt,
1860 2745 1963 2784 nec
2017 2730 2161 2798 quod
2205 2727 2326 2783 ani-

742 2828 860 2867 mas
895 2815 1138 2869 tenebris
1164 2815 1526 2870 circumfusas
1555 2816 1794 2872 habeant
1819 2857 1832 2879 ,
1865 2819 2092 2873 moleste
2119 2819 2322 2884 ferunt,

745 2913 1005 2975 tanquam
1053 2907 1387 2963 insanabiles
1429 2925 1460 2963 α
1513 2909 1675 2963 nobis
1697 2910 2059 2979 rejiciantur:
2101 2910 2168 2962 de
2203 2911 2326 2965 aliis

743 3009 878 3048 vero
924 2994 1004 3049 sic
1049 2996 1402 3051 disseremus.
1441 2998 1546 3063 Qui
1593 2999 1851 3052 unionem
1884 3015 1992 3052 non
2023 3000 2326 3053 secundum

745 3087 1130 3151 substantiam,
1163 3089 1257 3142 sed
1285 3090 1588 3144 secundum
1623 3094 2000 3160 operationem
2036 3102 2130 3146 aut
2156 3093 2325 3146 bene-

747 3180 1033 3248 placitum,
1066 3189 1161 3233 aut
1187 3181 1349 3234 aliam
1385 3180 1678 3249 quamdam
1706 3181 2021 3250 bujusmodi
2051 3183 2328 3238 habitudi-

748 3287 873 3325 nem
923 3271 1118 3326 t'aetam
1169 3287 1291 3326 esse
1345 3272 1608 3336 tradunt;
1653 3272 1722 3327 ad
1765 3273 2054 3328 veritatem
2104 3275 2329 3344 quidem

749 3365 904 3418 nullo
949 3363 1112 3417 modo
1155 3365 1400 3432 proxime
1436 3364 1739 3429 accedunt;
1791 3365 2138 3419 mendacium
2172 3381 2328 3428 vero,

753 3454 898 3523 quod
923 3455 1212 3523 multiplex
1238 3464 1341 3520 est,
1377 3455 1566 3524 partiti
1597 3462 1746 3520 sunt,
1778 3455 1900 3508 aliis
1932 3455 2094 3509 aliam
2121 3466 2330 3524 partem

750 3546 873 3615 ejus
903 3545 1372 3606 avellentibus,'et
1416 3545 1469 3598 in
1499 3561 1660 3598 unam
1693 3545 2097 3599 aberrationem
2127 3561 2157 3599 a
2187 3547 2332 3601 veri-

752 3646 888 3700 tate,
929 3637 1073 3691 inter
1107 3652 1166 3690 se
1196 3635 1523 3690 conciliatis.
1560 3635 1747 3700 Qualis
1797 3636 2168 3704 enim‘potest
2209 3651 2331 3690 esse

755 3714 1056 3793 bmc‘unio,
1087 3737 1144 3782 et
1165 3728 1444 3797 quomodo
1475 3727 1639 3798 digna
1671 3729 1896 3782 nomine
1940 3726 2162 3780 unionis
2186 3725 2332 3780 illius

756 3836 923 3889 supra
950 3830 1227 3883 naturam,
1265 3829 1321 3873 et
1347 3835 1469 3888 quae
1493 3819 1606 3874 sola
1635 3825 1720 3872 est
1761 3817 1886 3887 post
1930 3818 2102 3879 solam
2132 3827 2187 3872 et
2222 3819 2333 3886 pri-

755 3926 922 3974 mam,
948 3912 1069 3986 quae
1095 3927 1203 3964 nnn
1228 3905 1449 3980 colligat
1481 3925 1587 3972 res,
1613 3918 1669 3962 et
1702 3909 1755 3962 in
1789 3909 1847 3961 id
1871 3909 2050 3977 ipsum
2075 3908 2334 3961 adducit?

753 3999 910 4054 Unde
930 3997 1202 4054 adniirari-
1221 4000 1370 4063 licet,
1395 3998 1566 4067 quod,
1585 4012 1709 4051 cum
1736 3997 2046 4066 bujusmodi
2075 3998 2332 4051 unionem

755 4092 845 4146 isti
882 4085 1244 4161 proﬁteantur
1277 4099 1333 4145 et
1377 4091 1680 4152 celebrent,
1711 4077 1869 4142 'illud
1918 4104 2028 4142 non
2079 4089 2335 4144 confusas
2380 4077 2388 4085 ’

756 4201 877 4240 esse
908 4195 1156 4249 naturas,
1190 4192 1248 4239 et
1276 4185 1410 4238 illud
1434 4184 1778 4238 immutabile
1799 4198 1990 4238 eorum
2015 4193 2332 4252 opponunt;

757 4293 919 4346 quam
962 4278 1110 4332 enim
1166 4277 1528 4331 mutationem
1558 4276 1828 4344 suspicari
1856 4276 2247 4356 jure'possunt
2280 4275 2338 4328 in
2372 4321 2386 4329 -

759 4369 1028 4423 divisione
1064 4384 1270 4432 rerum,
1299 4369 1394 4436 qui
1425 4367 1724 4438 dignitates
1763 4367 1986 4435 quidem
2014 4367 2070 4420 in
2098 4367 2336 4436 dignita-

759 4471 868 4514 tem
901 4461 1251 4515 confundunt
1280 4463 1410 4531 (non
1441 4461 1588 4514 enim
1621 4459 1920 4528 dignitates
1963 4458 2202 4538 dignitas
2235 4475 2339 4512 un-

2411 642 2827 706 σπουδάζοντες,
2850 644 3158 714 ὲσαρκώθη,
3181 645 3363 713 φασὶν,
3378 645 3453 707 ὡς
3475 645 3760 714 ἠθέλησεν,
3791 645 3885 696 καὶ
3913 643 3990 705 ὡς

2415 732 2574 798 μὸνος
2596 729 2735 786 οἶδεν
2763 733 2948 795 αὐτός.
2975 735 3048 786 Οὐ
3077 738 3183 804 γὰρ
3213 736 3300 787 ἵνα
3333 735 3508 788 ταῦτα
3535 737 3990 805 παραστήσωσιν,

2411 821 2506 872 ἐπὶ
2551 823 2650 891 τὴν
2679 823 2848 886 ὅντως
2877 824 3149 895 ἁνευλαϐἧ
3182 825 3452 896 χωροῦσιν
3477 826 3786 878 εὐλάϐειαν·
3819 826 3853 894 ἦ
3878 825 3994 890 γὰρ

2413 914 2479 966 ἂν
2515 915 2651 986 πρὸς
2683 917 2744 969 τὸ
2772 918 2972 986 ἑαυτῆς
2995 915 3099 987 ἦγε
3133 919 3246 987 φῶς
3274 919 3495 980 τούτους
3525 921 3557 986 ἡ
3589 917 3842 986 ἀλήθεια,
3873 918 3994 968 ἀλλ’

2415 1007 2500 1060 ἵνα
2523 1010 2645 1060 κατ’
2682 1008 2932 1073 ἐξουσίαν
2974 1011 3384 1080 ἀποκέχρηνται
3433 1013 3499 1080 τῇ
3542 1010 3767 1078 ἀσεϐείᾳ
3798 1010 3893 1061 ἐπὶ
3925 1009 3995 1060 τὰ

2417 1100 2592 1166 σεμνά
2647 1098 2756 1150 τῶν
2810 1099 3110 1166 ὀνομάτων,
3151 1101 3224 1161 ὡς
3277 1100 3354 1160 εἴς
3386 1116 3439 1151 τι
3481 1099 3747 1168 κρατερόν
3798 1114 3857 1148 τε
3899 1097 3999 1147 καὶ

2417 1190 2690 1243 ἀνάλωτον
2741 1189 3000 1260 φρούριον
3053 1191 3512 1259 καταφεύγουσιν.
3572 1191 3846 1261 Ἀρῤητος
3884 1188 3998 1255 γάρ

2418 1280 2587 1342 ὅντως
2620 1283 2767 1333 ἐστὶν
2834 1281 2931 1332 καὶ
2970 1282 3289 1350 ἀνεννόητος
3329 1282 3462 1350 μόνη
3493 1283 3524 1350 ἠ
3553 1282 3671 1332 κατ’
3699 1281 3890 1331 οὐσίαν
3933 1293 3998 1330 τε

2419 1373 2512 1426 καὶ
2542 1370 2805 1439 οὐσιώδης
2850 1373 2943 1425 καὶ
2987 1373 3352 1430 ἐνυπόστατος
3387 1371 3600 1436 ἓνωσις.
3631 1371 3757 1433 Πῶς
3795 1370 3905 1437 γὰρ
3927 1368 4001 1419 τὰ

2421 1463 2672 1517 τοσοῦτον
2704 1464 2846 1516 κατὰ
2872 1464 2971 1532 τὴν
2994 1462 3155 1529 φύσιν
3181 1462 3644 1530 παρηλλαγμένα,
3668 1463 3766 1513 καὶ
3794 1459 3997 1529 μακρῷ

2420 1555 2755 1626 διῳκισμένα
2795 1555 3046 1623 ἀλλήλοις
3104 1570 3163 1606 τε
3198 1555 3420 1624 συνέϐη,
3468 1556 3564 1606 καὶ
3621 1543 3896 1623 κραθέντα
3936 1551 4000 1602 οὐ

2425 1628 2790 1713 συγκέχυται;
2830 1643 2966 1696 ἀλλά
3001 1645 3094 1696 καὶ
3121 1644 3264 1696 ἔστιν
3289 1631 3369 1707 ἐκ),
3401 1646 3494 1697 καὶ
3519 1643 3850 1713 γνωρίζεται
3882 1643 4000 1704 δύο,

2425 1737 2518 1788 καὶ
2550 1733 2672 1787 οὔτε
2697 1733 2772 1804 τῷ
2801 1735 3074 1804 μοναδικῷ
3107 1735 3200 1787 τοῦ
3231 1735 3524 1805 προσώπου
3567 1735 3960 1802 συμπέφυρται
3984 1775 4002 1798 ,

2425 1822 2547 1875 οὐτε
2591 1822 2679 1874 διά
2713 1822 2809 1884 τὰς
2843 1819 3112 1891 ἰδιότητας
3148 1821 3256 1874 τῶν
3299 1824 3511 1890 φύσεων
3543 1827 3621 1886 εἰς
3653 1823 4003 1885 ,ὑποστάσεις

2356 1905 2394 1959 Β
2427 1914 2724 1984 μερίζεται.
2747 1913 2932 1966 Ταῦτα
2960 1913 3136 1976 πίστις
3156 1918 3324 1994 χωρεί
3350 1917 3511 1985 μόνη,
3533 1918 3622 1968 καὶ
3647 1917 3803 1982 λόγος
3836 1917 4003 1977 θεῖος,

2423 2013 2448 2064 ὁ
2480 2011 2553 2080 μὴ
2584 1998 2640 2062 εὖ
2663 2011 2914 2081 προφορᾷ
2940 2010 3161 2074 λέξεως,
3194 2008 3306 2062 ἀλλ’
3339 2010 3394 2060 ἐν
3425 2011 3490 2077 τῇ
3524 2008 3643 2060 κατ’
3668 2008 3883 2060 ἔννοιαν
3917 2007 4008 2058 έλ-

2424 2101 2624 2171 λ-ίμψει
2659 2100 2872 2171 τρανῶν
2901 2101 3093 2162 ταῦτα.
3123 2103 3218 2152 καὶ
3248 2100 3576 2168 ἀφθέγκτοις
3621 2099 4008 2160 διδασκαλίαις

2427 2192 2803 2262 μυσταγωγῶν
2827 2194 2954 2255 τοὺς
2977 2191 3179 2256 ἀξίους.

2493 2441 2631 2503 Τούς
2683 2439 2781 2508 μὲν
2814 2432 2908 2492 οὖν
2945 2436 3072 2506 περὶ
3099 2437 3198 2504 τὴν
3220 2434 3507 2490 εὐλάϐειαν
3534 2432 3827 2494 νοσοῦντας
3849 2473 3862 2496 ,
3901 2433 4010 2496 ἕως

2426 2531 2571 2586 ἐστὶν
2612 2533 2641 2584 ὁ
2675 2531 2876 2592 σκοπὸς
2903 2528 3118 2598 ἄδηλος,
3150 2526 3274 2579 οὐδὲ
3297 2526 3458 2595 λόγου
3493 2525 3780 2590 ἀξιωτέονο
3819 2526 3869 2577 οἱ
3897 2524 4010 2594 γάρ

2429 2627 2566 2695 μήτε
2613 2623 2675 2676 τὸ
2725 2623 2842 2692 φῶς
2873 2618 3386 2693 παρρησιαζόμενοι
3415 2660 3429 2682 ,
3461 2617 3528 2672 ἂν
3557 2618 3747 2671 τούτου
3786 2617 4010 2685 τύχοιεν

2427 2717 2666 2787 ἔχοντες,
2694 2716 2833 2784 μήτε
2878 2713 3056 2783 σκότῳ
3080 2711 3536 2780 συγκαλυφθῆναι
3568 2709 3748 2760 αὐτῶν
3777 2709 3877 2769 τὰς
3901 2708 4011 2774 ψυ-

2427 2807 2528 2880 χάς
2553 2805 3002 2876 δυσχεραίνοντες
3023 2843 3038 2866 ,
3065 2801 3142 2866 ὡς
3179 2803 3414 2862 ἀνιάτως
3440 2801 3654 2871 ἔχοντες
3678 2841 3692 2863 ,
3729 2798 3827 2852 καὶ
3871 2795 4013 2865 πρδς

2427 2898 2586 2970 ἡμῶν
2638 2895 3088 2951 διαπυέσθωσαν
3120 2910 3136 2922 ⁵
3191 2894 3321 2963 περὶ
3369 2892 3426 2944 δὲ
3469 2891 3580 2943 τῶν
3622 2891 3822 2950 ἄλλων,
3867 2889 4013 2940 οὕτω

2428 2989 2822 3060 διαλεξὼμεθα.
2882 2989 2944 3040 Ol
2989 2987 3090 3056 τὴν
3129 2986 3323 3039 ἕνωσιν
3357 2984 3431 3052 μὴ
3471 2983 3591 3035 κατ’
3623 2981 3841 3042 οὐσίαν,
3874 2978 4014 3031 ἀλλά

2430 3085 2551 3136 κατ’
2603 3081 2904 3151 ἐνέργειαν,
2946 3078 2978 3148 ἦ
3021 3076 3300 3137 εὐδοκίαν,
3330 3076 3362 3144 ἦ
3392 3074 3558 3142 ἀλλην
3593 3074 3717 3125 τινὰ
3748 3070 4016 3137 τοιαύτην

2434 3174 2618 3244 σχέσιν
2642 3169 3092 3240 δογματίσαντες,
3114 3169 3232 3221 κατ’
3262 3167 3420 3219 οὐδὲν
3451 3166 3550 3235 μὲν
3572 3166 3638 3234 τῇ
3663 3163 3900 3232 ἀληθεία⁵
3924 3165 4018 3227 ἐγ-

2433 3265 2683 3335 γίζουσι·
2737 3263 2798 3316 τὺ
2840 3263 2898 3316 δὲ
2931 3261 3126 3332 ψεῦδος
3173 3257 3490 3328 πολυσχιδὲς
3535 3256 3602 3310 ἂν
3657 3255 4014 3325 ἐμερίσαντο,

2432 3359 2613 3420 ἄλλοις
2659 3356 2827 3424 ἄλλην
2871 3355 2995 3406 τινά
3047 3354 3238 3422 μοῖραν
3278 3350 3442 3404 αὐτοῦ
3487 3348 4015 3418 παρασπασάμενοι,

2433 3450 2528 3503 καὶ
2561 3451 2639 3512 είις
2665 3447 2723 3500 ἒν
2752 3447 3008 3517 ἀλλήλοις
3045 3444 3294 3505 ἐλθόντες
3327 3445 3394 3512 τῇ
3431 3439 3721 3505 ἀποτεύξει
3746 3443 3851 3508 τῆς
3876 3438 4019 3507 άλη-

2434 3543 2606 3604 θείας.
2641 3540 2778 3593 Ποία
2815 3538 2925 3607 γὰρ
2959 3538 3026 3590 ἂν
3054 3536 3142 3606 εἴη
3167 3534 3328 3601 αὕτη,
3361 3533 3456 3586 καὶ
3484 3531 3602 3592 πῶς
3633 3531 3730 3583 τοῦ
3760 3530 3863 3596 τῆς
3895 3528 4022 3581 ὲνὼ-

2436 3651 2574 3696 σεως
2603 3632 2730 3695 ἀξία
2757 3631 3044 3699 ὀνόματος,
3081 3627 3180 3697 τῆς
3203 3622 3515 3695 ὑπερφυοῦς
3544 3623 3638 3674 καὶ
3670 3622 3843 3691 μόνης
3881 3620 4024 3688 μετά

2435 3727 2534 3794 τὴν
2556 3722 2726 3793 μόνην
2750 3721 2846 3774 καὶ
2871 3718 3117 3790 πρώτην,
3143 3717 3176 3786 ἢ
3201 3717 3275 3786 μὴ
3299 3715 3365 3767 τὰ
3391 3714 3698 3782 πράγματα
3723 3711 4024 3763 συνδέουσα

2436 3818 2530 3870 καὶ
2560 3819 2640 3876 είς
2670 3812 2864 3866 ταύτὸν
2893 3811 3106 3879 ἄγουσα
3131 3826 3145 3875 ;
3176 3807 3344 3860 Ὅθεν
3373 3806 3470 3858 καὶ
3500 3803 3807 3873 θαυμάζειν
3838 3801 4024 3854 ἔπεισί

2439 3919 2550 3982 μοι’
2577 3950 2591 3975 ,
2621 3908 2698 3962 ὅτ’
2731 3909 2796 3962 ἂν
2837 3907 3019 3960 αὐτῶν
3045 3906 3145 3974 τὴν
3171 3902 3429 3970 τοιαύτην
3463 3902 3656 3952 ἕνωσιν
3686 3897 4028 3967 πρεσϐευόν-

2437 4021 2564 4067 των,
2597 4002 2659 4054 τὸ
2700 3999 3007 4069 ἀσύγχυτον
3037 3996 3436 4066 προσρίπτεται
3481 3993 3576 4044 καὶ
3605 3990 3665 4042 τὸ
3696 3992 3978 4058 ἄτρεπτον
4009 4002 4022 4016 ⁸

2438 4095 2599 4148 ποίαν
2645 4091 2756 4161 γὰρ
2783 4088 3091 4159 ὑφορᾶσθαι
3137 4085 3346 4156 τροπὴν
3384 4084 3581 4144 αὐτοὺς
3610 4082 3821 4134 δίκαιον
3863 4081 3925 4130 ἐν
3956 4080 4023 4148 τῇ

2438 4183 2700 4252 διαιρέσει
2751 4181 2860 4233 τῶν
2896 4178 3238 4250 πραγμάτων
3261 4216 3277 4239 ,
3311 4176 3411 4237 τὰς
3445 4173 3543 4241 μὲν
3583 4171 3737 4236 ἀξίας
3777 4171 3858 4230 είς
3893 4170 4026 4238 μίαν

2439 4273 2596 4340 ἀξίαν
2623 4273 2954 4341 συγχέοντας
2990 4269 3073 4340 (οὐ
3104 4269 3212 4337 γὰρ
3233 4268 3288 4320 αί
3317 4265 3463 4329 ἀξίαι
3494 4262 3642 4326 ἀξίαι
3670 4263 3792 4313 ποτ’
3826 4261 3895 4313 ἂν
3929 4260 4027 4328 γέ-

2440 4382 2614 4420 νοιντο
2639 4360 3214 4432 ἀσυγχύτως,·ὦσπερ
3241 4358 3362 4412 οὐδὲ
3393 4357 3450 4410 αί
3478 4354 3671 4424 φύσεις
3711 4353 3814 4422 μία
3857 4354 4028 4420 φύσις

2440 4453 2772 4527 ἀτρέπτως),
2800 4456 2898 4516 τάς
2934 4452 2992 4505 δὲ
3037 4450 3225 4511 οὐσίας
3248 4447 3578 4521 χωρίζοντας
3602 4461 3616 4508 ;
3643 4444 3703 4497 οὐ
3727 4445 3842 4512 γὰρ
3881 4459 4028 4510 πρα-

757 4567 922 4619 quam
966 4550 1086 4605 ﬁeri
1129 4543 1910 4620 possunt-sine‘confusione,
1971 4533 2115 4619 sicut
2158 4564 2338 4618 neque

2442 4547 2670 4618 γμάτων
2691 4546 2908 4607 ἓνωσις,
2939 4542 2972 4610 ἦ
3025 4539 3125 4608 τῆς
3153 4539 3309 4605 ἀξίας
3346 4537 3558 4598 ἓνωσις.
3586 4535 3656 4586 Ἦ
3696 4533 3844 4586 οῦτω
3877 4536 3931 4600 γ’
3963 4533 4031 4585 ἂν

758 4653 971 4699 natura:
1008 4637 1231 4696 ‘natura‘
1249 4643 1368 4696 sine
1414 4639 1764 4710 mutatione),
1826 4640 2164 4694 substantias
2206 4656 2340 4694 vero

760 4736 1061 4807 separant?
1094 4751 1197 4815 nee
1214 4735 1360 4790 enim
1386 4734 1519 4788 unio
1551 4717 1736 4786 rerum
1765 4742 1850 4785 est
1880 4731 2012 4786 unio
2037 4731 2337 4803 dignitatis.

761 4829 980 4899 Alioqui
1029 4839 1258 4884 cunctos
1297 4827 1404 4896 qui
1462 4825 1706 4879 divinam
1767 4817 2128 4893 dignitatem‘
2159 4823 2376 4878 sortiti‘

763 4938 911 4989 sunt,
937 4923 992 4980 in
1019 4937 1192 4978 unum
1221 4936 1344 4974 cum
1371 4919 1556 4974 divina
1583 4917 1892 4971 substantia
1919 4917 2338 4986 conjungemus,

763 5028 820 5073 et
849 5017 988 5072 duas
1044 5018 1266 5068 naturas
1315 5026 1436 5066 esse
1487 5009 1552 5083 _in
1605 5007 1836 5077 singulis
1869 5002 2075 5061 sanctis
2119 5005 2348 5059 docebi-

766 5125 889 5164 mus
918 5128 932 5161 :
967 5107 1246 5176 quantitas
1274 5103 1420 5158 enim
1465 5101 1747 5171 dignitatis
1782 5098 2010 5152 omnino
2043 5097 2242 5151 dividit
2283 5111 2350 5149 ea

766 5216 890 5270 qua:
931 5198 1236 5254 secundum
1293 5180 1951 5263 dignitatemdiﬂ‘erunti
1996 5188 2092 5242 sed
2143 5194 2346 5260 quanta

769 5292 957 5354 fuerit,
1010 5297 1221 5344 tantum
1257 5287 1553 5355 conjunget
1589 5293 1854 5336 naturas:
1886 5294 1990 5345 nec
2032 5279 2180 5333 enim
2225 5285 2347 5331 orn-'-

771 5384 904 5450 nino
926 5397 1019 5437 eas
1043 5378 1342 5450 separabit,
1366 5392 1475 5430 non
1505 5383 1759 5444 separato
1781 5387 1848 5426 eo
1870 5357 2017 5440 quod
2042 5370 2345 5440 coniungit.

2405 4664 2412 4667 -
2444 4641 2536 4692 atati.
2557 4635 2768 4698 πάντας
2783 4636 2910 4694 τοὺς
2928 4635 3027 4700 τῆς
3049 4632 3198 4692 θείας
3229 4629 3555 4698 λελογχότας
3583 4625 3761 4688 ἀξίας,
3789 4626 3868 4684 εἰς
3896 4641 4030 4677 ταυ-

2444 4726 2536 4779 τὸν
2574 4723 2798 4791 ἄξωμεν
2826 4723 2890 4790 τῇ
2919 4720 3040 4789 θείᾳ
3068 4718 3228 4786 οὐσίᾳ
3254 4755 3270 4777 ,
3303 4716 3397 4768 καὶ
3428 4713 3520 4765 δύο
3550 4711 3741 4780 φύσεις
3785 4711 3870 4776 ἐφ’
3910 4712 4029 4762 ἑκά·

2449 4835 2574 4871 στου
2609 4815 2717 4868 τῶν
2761 4813 2931 4879 ἁγίων
2982 4808 3402 4876 δογματίσωμεν
3429 4821 3442 4833 ·
3493 4803 3552 4855 τὸ
3581 4803 3690 4870 γὰρ
3735 4802 3906 4852 ποσὸν
3933 4801 4033 4866 τῆς

2449 4907 2626 4970 ἀξίας,
2650 4903 2710 4957 οὐ
2741 4903 2917 4970 πάντη
2945 4899 3169 4969 χωρίζει
3192 4897 3261 4949 τά
3290 4895 3431 4948 κατά
3459 4893 3558 4963 τὴν
3584 4893 3749 4955 ἀξίαν,
3769 4891 4029 4958 διάφορα,

2451 4997 2565 5051 ἀλλ’
2606 4995 2779 5062 ὁπόση
2817 4990 2883 5043 ἂν
2917 4991 3003 5058 εἴη
3024 5030 3038 5052 ,
3071 4987 3213 5040 κατὰ
3255 4983 3512 5037 τοσοῦτον
3543 4981 3772 5047 συνάψει
3807 4979 3906 5030 καὶ
3933 4977 4032 5034 τὰς

2451 5089 2676 5158 φύσειςο
2705 5087 2766 5139 οὐ
2791 5085 2902 5154 γάρ
2928 5083 2993 5150 δὴ
3025 5081 3203 5149 πάντη
3249 5077 3417 5137 αὐτὰς
3478 5074 3704 5144 χωρίσει
3756 5070 3855 5122 τοῦ
3907 5087 4036 5122 συνο

2447 5181 2735 5241 ἅπτοντος,
2765 5177 2840 5245 μὴ
2872 5175 3048 5239 πάντη
3073 5167 3503 5238 κεχωρισμένοι).
3524 5165 3748 5215 Ὁπόσον
3769 5161 3880 5227 γὰρ
3905 5176 4035 5228 μετ-

2451 5275 2634 5342 έχουσι
2670 5269 2772 5338 τῆς
2824 5267 2976 5330 ἀξίας
3003 5307 3016 5329 ,
3055 5264 3301 5334 μετέχειν
3339 5259 3611 5328 ὀφείλουσι
3659 5256 3752 5306 καὶ
3782 5252 3882 5319 τῆς
3937 5248 4034 5300 τοῦ

2452 5363 2610 5430 λόγου
2631 5358 2870 5436 φύσεως.

768 5480 1049 5547 Quantum
1076 5479 1223 5531 enim
1254 5473 1588 5545 participant
1613 5470 1957 5539 dignitatem,
1986 5475 2197 5519 tantum
2232 5461 2561 5534 participare
2592 5455 2797 5509 debent
2820 5452 3090 5506 rationem
3120 5458 3350 5501 natum.

842 5591 953 5654 (Ἡ)
990 5587 1147 5642 Unita
1192 5573 1296 5638 non
1326 5592 1449 5637 sunt
1499 5581 1737 5647 confusa.
1772 5577 2014 5654 Utuntur
2045 5573 2334 5654 ortbodosi

774 5647 1074 5728 scriptores
1133 5656 1399 5728 vocabulo
1431 5655 1707 5728 πράσεως,
1739 5665 1824 5728 q.‘
1850 5650 1907 5701 tl.‘
1941 5647 2196 5728 mixtionis
2224 5684 2236 5706 ,
2256 5647 2340 5728 fin

777 5716 1038 5799 mysterio
1082 5716 1481 5782 incarnationis
1517 5716 1903 5799 explicando;
1955 5716 2062 5797 sed
2112 5725 2344 5799 utuntur

775 5791 942 5854 sensu
979 5798 1122 5850 bono
1174 5805 1229 5849 et
1283 5791 1612 5850 commodo,
1682 5797 1741 5842 ut
1803 5791 2030 5856 praecise
2085 5791 2343 5856 unionem

777 5867 1066 5940 signiticet.
1096 5866 1323 5922 Photius
1369 5865 1432 5918 de
1466 5860 1695 5931 Eulogio
1750 5854 2057 5928 patriarcha
2115 5854 2345 5909 Alexan-

2449 5571 2643 5625 drino:
2679 5567 2956 5635 Κέχρηται
2990 5564 3045 5615 δὲ
3079 5562 3172 5635 καὶ
3202 5563 3266 5627 τῇ
3295 5551 3549 5635 λέξειτῆς
3573 5552 3845 5635 ίᾶρὰσεως
3876 5551 4034 5635 ,εὗσε-

2453 5622 2560 5700 ἓως
2591 5640 2706 5706 μέν.
2751 5622 2882 5692 fisus
2925 5644 2997 5687 cst
3039 5641 3087 5685 et
3113 5622 3332 5685 Cras-eoa
3364 5625 3614 5704 rat:thth
3640 5640 3655 5674 :
3684 5622 3920 5706 Asz’dhpie
3966 5631 4036 5702 re.-

2454 5690 2624 5764 statu's
2652 5724 2706 5759 se
2733 5690 2785 5759 id
2816 5723 2918 5758 non
2950 5716 3228 5771 usurpare
3252 5696 3635 5771 moreamentis
3664 5690 4032 5771 Apollmurii,

2458 5761 2624 5847 neque
2651 5778 2798 5846 impii
2827 5761 3102 5843 Eutyrlris',
3141 5769 3229 5823 scd
3265 5776 3322 5819 ut
3349 5768 3558 5836 pictatis
3584 5761 3764 5828 tegula
3790 5761 4043 5829 ραι-σιτί-

2461 5850 2551 5902 bit.
2587 5848 2722 5902 Tt'n.
