4218 6444
746 416 772 477 Ι
777 417 880 479 303

2011 427 2324 488 LEONTII
2357 431 2759 491 BYZANTINI

3859 430 4010 494 1304

740 525 862 579 Alia
884 524 1058 580 divisa
1084 534 1211 579 sunt
1237 528 1548 596 speciebus,
1569 527 1720 581 unita
1744 543 1875 583 vero
1889 529 2276 600 lt-ypostasihus
2295 551 2308 586 :

2430 539 2534 596 ταῖς
2558 535 2925 590 ὑποστάσεσι·
2958 539 3047 593 καὶ
3069 540 3177 591 τῶν
3195 537 3488 608 ἡνωμένων
3522 552 3621 605 μεν
3659 539 3768 598 τοῖς
3812 539 4003 596 εἴδεσι.

740 625 800 668 ct
836 629 1026 669 eorum
1057 632 1182 684 quae
1209 619 1358 672 unita
1391 627 1519 672 sunt
1549 619 1862 687 speciebus,
1915 619 2090 674 divisa
2135 631 2318 677 autem

743 703 1150 775 hypostasibus,
1196 710 1392 776 partim
1443 709 1748 778 simplicem
1789 711 2045 766 unionem
2080 723 2136 767 et
2177 714 2319 768 divi-

746 795 959 851 sionem
1005 799 1246 864 habent;
1300 801 1498 869 partim
1540 803 1919 871 compositam.
1955 805 2030 859 De
2062 806 2130 860 iis
2156 807 2323 875 igitur

747 878 872 955 quae
894 889 1194 957 simplicem
1242 891 1445 945 habent
1474 893 1878 959 habitudinem,
1927 911 2037 951 non
2066 910 2151 953 est
2177 913 2324 952 nunc

749 979 1067 1044 dicendum,
1111 997 1222 1037 non
1275 985 1422 1038 enim
1469 984 1536 1038 ad
1591 988 1948 1056 qumstionem
2001 997 2323 1058 pnesentem

748 1070 987 1138 pertinet
1035 1073 1252 1128 illorum
1311 1091 1410 1144 per
1469 1086 1654 1145 partes
1703 1078 2051 1148 explicatio:
2119 1095 2185 1134 ac
2243 1081 2326 1134 in-

745 1161 910 1216 terim
953 1165 1250 1220 multorum
1284 1169 1676 1237 cognitionem,
1730 1177 1786 1223 et
1812 1169 2158 1239 disciplinam
2192 1172 2325 1226 sub-

743 1251 1040 1324 terfugere.
1072 1255 1177 1310 Sed
1215 1257 1283 1312 de
1309 1259 1728 1315 habitudinibus
1760 1261 2063 1316 secundum
2092 1276 2321 1331 compo-

740 1341 1021 1409 sitionem,
1049 1346 1104 1400 id
1128 1357 1233 1412 est,
1256 1350 1676 1414 eonnexionem,
1706 1351 1793 1406 vel
1819 1353 2038 1421 κρᾶσιν,
2056 1352 2140 1405 vel
2164 1352 2325 1406 unio-

740 1447 888 1498 nem,
913 1436 997 1490 τοι
1025 1439 1523 1510 quomodocunque
1549 1456 1749 1498 vocare
1776 1442 2324 1498 libetsubstantiales

741 1523 1097 1584 habitudines
1115 1545 1306 1585 eorum
1333 1549 1454 1602 qua:
1475 1534 1707 1588 diversa:
1727 1534 1932 1603 speciei
1953 1541 2105 1598 sunt,
2129 1535 2324 1589 dicen-

741 1612 875 1668 dum
937 1618 1098 1673 nobis
1144 1630 1266 1686 est,
1315 1623 1535 1693 rejectis
1579 1624 1648 1676 ad
1690 1638 1787 1678 eos
1828 1624 1923 1692 qui
1965 1623 2035 1678 de
2080 1624 2325 1678 nomini-

2423 628 2765 697 διῃρημένων
2819 629 2875 682 δὲ
2942 633 3066 693 ταῖς
3126 629 3493 687 ὑποστάσεσι.
3539 628 3607 680 τὰ
3665 629 3761 698 μὲν
3821 630 4007 700 ἁπλῆν

2425 717 2538 788 ἔχει
2565 720 2666 788 τὴν
2717 720 2911 772 ἕνωσίν
2946 737 3006 773 τε
3059 721 3153 774 καὶ
3187 721 3286 790 τὴν
3323 719 3617 788 διάκρισιν,
3662 720 3730 772 τὰ
3767 719 3826 772 δὲ
3871 719 4009 771 σύν-

2427 807 2600 862 θετον.
2626 808 2761 879 Περὶ
2788 809 2886 879 μὲν
2909 805 3001 863 οὖν
3039 811 3146 862 τῶν
3190 809 3369 876 ἁπλῆν
3405 809 3638 879 ἑχόντων
3677 808 3776 878 τὴν
3817 809 4009 878 διττὴν

2431 900 2635 970 σχέσιν,
2673 900 2743 952 τὰ
2771 899 2867 952 νῦν
2914 900 3096 968 λέγειν
3121 899 3365 968 ἀφείσθω
3391 917 3404 929 ·
3433 901 3493 952 οὑ
3527 899 3636 970 γὰρ
3664 903 3761 968 τῆς
3789 900 4005 969 παρού-

2429 1008 2527 1061 σης
2556 988 2800 1058 σκέψεως
2827 992 2862 1057 ἠ
2890 991 3114 1044 ἐκείνων
3139 993 3218 1054 εἰς
3255 992 3324 1043 τὰ
3371 991 3514 1044 κατὰ
3560 991 3723 1060 μέρος
3751 991 4010 1055 team-

2427 1097 2535 1144 σις,
2575 1081 2670 1133 καὶ
2713 1080 2889 1144 ἄλλως
2939 1081 3040 1152 τὴν
3092 1081 3202 1133 τῶν
3245 1079 3457 1132 πολλῶν
3495 1080 3810 1148 διαφεύγειν
3862 1082 4012 1148 γνῶ-

2423 1169 2508 1224 σίν
2562 1187 2622 1224 τε
2676 1171 2773 1224 καὶ
2835 1170 3091 1243 μάθησιν.
3143 1172 3280 1242 Περὶ
3300 1171 3356 1224 δὲ
3391 1171 3501 1224 τῶν
3547 1170 3686 1224 κατὰ
3727 1171 4006 1234 σύνθεσιν,

2421 1259 2589 1330 ἦγουν
2655 1258 2993 1329 συμπλοκὴν,
3041 1257 3075 1329 ἢ
3118 1261 3337 1326 κρᾶσιν,
3388 1259 3422 1329 ἦ
3483 1259 3716 1323 ἕνωσιν,
3764 1260 3798 1330 ἢ
3854 1262 4010 1322 ὅπως

2421 1349 2552 1402 ποτὲ
2605 1348 2758 1417 φίλον
2814 1347 3020 1413 καλεῖν,
3075 1347 3171 1411 τὰς
3213 1346 3493 1412 οὑσιώδεις
3531 1348 3638 1401 τῶν
3681 1349 4008 1418 ἑτεροειδῶν

2423 1438 2637 1508 σχέσεις
2683 1437 2904 1491 λεκτέον
2948 1439 3079 1508 ἡμῖν
3105 1475 3122 1501 ,
3176 1439 3292 1500 τοῖς
3339 1438 3774 1508 δνοματομάχοις
3831 1455 4008 1490 κατα-

2420 1526 2639 1580 λιποῦσι
2665 1527 2784 1590 τὰς,
2827 1527 2904 1589 ώς
2947 1529 3100 1580 αὑτοὶ
3141 1528 3478 1597 νομίζουσιν,
3505 1530 4009 1603 ὲμφαντικωτέρας

2421 1619 2454 1687 ἢ
2480 1617 2823 1688 κυριωτέρας
2859 1615 2966 1668 τῶν
2998 1615 3308 1687 σημασιῶν.
3367 1618 3442 1668 Οὐ
3486 1618 3594 1686 γάρ
3638 1618 3872 1684 ἐκλογῆς
3916 1617 4006 1669 λέ-

739 1705 845 1758 bus
907 1713 1164 1775 certant,
1206 1712 1700 1780 signiﬁcationibus
1764 1716 1940 1783 magis
1997 1713 2322 1775 manifestis,

2430 1707 2558 1772 Eswv
2582 1708 2715 1775 ἡμῖν
2745 1706 2908 1776 σχολὴ
2940 1707 3033 1759 ἐπὶ
3063 1705 3124 1758 τὺ
3150 1709 3292 1760 νοεῖν
3321 1708 3715 1776 ἐπειγομένοις.

737 1806 833 1851 aut
857 1801 1032 1872 magis
1068 1805 1325 1872 propriis,
1357 1815 1418 1860 ut
1447 1805 1547 1875 ipsi
1578 1815 1792 1876 putant.
1823 1807 1944 1862 Non
1972 1810 2118 1861 enim
2160 1807 2320 1861 nobis
2351 1811 2508 1858 vacat
2537 1799 2604 1854 ad
2634 1798 2946 1870 eligendum
2977 1814 3163 1865 voces,
3193 1800 3288 1869 qui
3315 1798 3382 1854 ad
3418 1799 3831 1870 intelligendum
3861 1813 4008 1867 pro-

737 1903 930 1957 peram
940 1907 1022 1946 us.

810 1985 1014 2039 Eorum
1051 1985 1216 2055 igitur
1250 2001 1372 2056 qua
1398 1987 1838 2042 substantialiter
1863 1997 2012 2052 sunt,
2038 1997 2096 2042 et
2124 2001 2324 2041 secun-

2498 1985 2620 2040 Τῶν
2647 1986 2829 2040 τοίνυν
2848 1984 3127 2048 οὑσιωδῶς
3154 1984 3512 2056 ὑπαρχόντων
3545 1985 3638 2037 καὶ
3671 1983 3794 2036 κατ’
3814 1985 4009 2037 οὐσίαν

739 2075 870 2129 dum
896 2075 1261 2131 substantiam
1289 2080 1580 2144 uniuntur,
1613 2079 1814 2148 partim
1837 2079 2006 2133 etiam
2031 2079 2086 2132 in
2112 2077 2318 2133 unione

2430 2075 2749 2147 ἑνουμένων,
2795 2078 2865 2131 τὰ
2903 2077 3003 2146 μὲν
3037 2078 3139 2129 κάν
3182 2078 3249 2146 τῇ
3279 2075 3470 2128 ένώσει
3505 2072 3668 2137 σώζει
3719 2073 3816 2126 τὸν
3874 2074 4006 2126 [διον

740 2175 964 2222 servant
1001 2171 1277 2238 propriam
1317 2171 1588 2226 rationem
1612 2173 1899 2238 essentiae;
1944 2173 2142 2242 partim
2182 2187 2321 2227 con-

2430 2169 2518 2237 ιῆς
2547 2167 2836 2238 ὑπάρξεως
2863 2167 3044 2236 λόγον,
3067 2167 3139 2220 τὰ
3164 2166 3221 2218 δὲ
3254 2169 3541 2236 συγχεῖται
3567 2167 3662 2219 καὶ
3686 2166 4009 2234 ὲξαφανίζει

739 2256 1000 2320 fundunt,
1018 2265 1074 2311 et
1095 2257 1302 2312 laedunt
1324 2273 1388 2313 ac
1411 2261 1631 2323 tollunt,
1661 2262 1808 2330 quod
1841 2278 2116 2317 summum
2156 2271 2241 2317 est
2262 2262 2318 2315 in

2430 2261 2516 2329 τὴν
2535 2261 2814 2331 ἀκρότητα
2837 2259 2948 2311 τῶν
2976 2258 3275 2328 ἡνωμένων
3298 2257 3692 2326 λυμαινόμενα.
3738 2257 3863 2309 Τῶν
3915 2253 4009 2308 οὖν

739 2346 930 2400 unitis.
965 2346 1216 2400 Priorum
1275 2349 1440 2418 igitur
1490 2349 1776 2415 habitudo,
1827 2368 1947 2420 quae
1994 2352 2138 2406 inter
2190 2353 2309 2422 ipsa

2430 2352 2701 2422 προτέρων
2723 2354 2756 2420 ἡ
2776 2352 2894 2420 μετ’
2911 2352 3154 2422 ἀλλήλων
3181 2353 3277 2405 καὶ
3296 2353 3354 2404 ὲν
3379 2351 3629 2420 ἀλλήλοις
3655 2349 3861 2419 θεωρου
3871 2349 4007 2418 μένη

739 2446 796 2490 et
825 2436 881 2490 in
911 2436 1044 2506 ipsis
1081 2439 1350 2502 cernitur,
1377 2454 1547 2493 unum
1576 2440 1798 2510 quidem
1823 2458 1891 2496 ex
1915 2443 2163 2512 utrisque
2193 2457 2322 2512 per-

2430 2443 2627 2514 σχέσις,
2663 2443 2721 2496 ἓν
2755 2445 2855 2512 μέν
2884 2461 2936 2496 τι
2967 2441 3026 2506 ἑξ
3058 2443 3388 2512 ἀμφοτέρων
3448 2441 3722 2505 ἀποτελεῖ,
3777 2442 3874 2492 καὶ
3933 2439 4009 2502 ὡς

743 2528 878 2592 ticit,
900 2538 976 2593 et,
1014 2540 1073 2583 ut
1103 2531 1177 2584 ita
1219 2530 1420 2596 dicam,
1474 2531 1816 2588 demonstrat
1859 2549 2033 2588 unum
2086 2551 2321 2589 numero

2430 2535 2486 2588 Ξν
2540 2553 2624 2598 τις
2677 2537 2856 2599 εῐποι,
2917 2537 2975 2588 ἒν
3033 2533 3171 2589 εἶναι
3226 2532 3303 2604 τῷ
3356 2532 3576 2604 ἀριθμῷ
3625 2531 4006 2590 ἀποδείκνυσι,

739 2635 882 2683 esse,
933 2629 989 2674 et
1045 2637 1109 2676 ea
1157 2621 1528 2678 dill‘erentiam
1586 2625 1843 2681 essentia:
1887 2626 1942 2680 in
1981 2628 2098 2696 ipsa
2127 2627 2319 2683 eadem

2430 2626 2482 2680 τὸ
2509 2626 2764 2697 διάφορον
2803 2625 3048 2691 σώζοντα
3100 2625 3204 2695 τῆς
3243 2622 3534 2691 ὑπάρξεως
3581 2623 3642 2673 έν
3681 2620 3762 2689 τῷ
3818 2619 4011 2688 ταυτῷ

742 2707 954 2762 unitate
983 2724 1243 2765 servare:
1282 2719 1448 2782 atque
1481 2712 1645 2783 hujus
1676 2715 1755 2768 rei
1784 2717 2098 2784 exemplum
2131 2717 2224 2781 sit,
2262 2716 2320 2772 in

2430 2719 2521 2787 τῆς
2551 2719 2838 2790 ένότητος·
2872 2719 2969 2772 καλ⁸
3000 2717 3195 2771 τούτου
3219 2715 3598 2785 παράδειγμα,
3626 2717 3684 2766 ὲν
3714 2712 3813 2781 μὲν
3847 2711 4012 2774 ζώοις

740 2799 1071 2855 animalibus
1110 2803 1332 2871 quidem
1379 2804 1544 2858 homo
1591 2814 1802 2860 natura:
1836 2814 2073 2872 nostrae;
2104 2807 2162 2861 in
2189 2808 2325 2862 sim-

2430 2810 2452 2862 δ
2480 2811 2604 2864 καθ’
2639 2813 2789 2881 ἡμᾶς
2821 2809 3126 2882 ἄνθρωπος,
3159 2811 3216 2861 ἐν
3237 2808 3293 2861 δὲ
3315 2810 3430 2869 τοῖς
3455 2804 3648 2867 ἁπλοῖς
3686 2804 3720 2872 ἢ
3752 2803 4012 2870 φυσικοῖς

743 2890 984 2960 plicibus
1017 2902 1223 2954 autem,
1265 2902 1361 2947 aut
1383 2896 1710 2964 corporibus
1754 2899 2100 2952 naturalibus
2130 2901 2322 2953 eorum

2430 2903 2678 2973 σώμασιν
2712 2906 2745 2974 ὴ
2783 2903 2893 2955 τῶν
2925 2900 3350 2954 αὑθυποστάτων
3381 2897 3476 2950 καὶ
3501 2895 3625 2949 καθ’
3659 2894 3831 2948 ἑαυτά
3867 2888 4030 2947 εἶναι.

743 2995 868 3049 qua:
893 2981 1229 3050 hypostasim
1279 2984 1506 3049 habent,
1567 2993 1625 3040 et
1653 3002 1752 3056 per
1801 3002 1859 3041 se
1907 3001 2029 3042 esse
2069 2999 2324 3057 possunt,

2430 2993 2738 3063 δυναμένων
2771 2991 2908 3063 πρδς
2942 2990 3150 3059 ἄλληλα
3195 2988 3327 3042 ποιὰ
3367 2986 3574 3056 σχέσις.
3631 2978 3760 3036 Οἷον
3793 2983 3870 3046 ὡς
3916 2982 4016 3034 ἐπὶ

743 3071 870 3126 talis
931 3071 1197 3127 habitudo
1260 3074 1407 3130 inter
1459 3076 1595 3146 ipsa.
1652 3077 1744 3143 Ut,
1801 3078 1958 3134 verbi
1999 3079 2215 3148 gratia,
2267 3080 2326 3135 in

2430 3085 2706 3154 λαμπάδος
2733 3083 2848 3136 ἔστι
2885 3081 3185 3151 θεωρῆσαι*
3217 3079 3348 3134 ἄλλο
3379 3079 3479 3148 μὲν
3505 3075 3617 3147 γάρ
3659 3075 3713 3126 τί
3763 3075 3919 3126 ἐστιν
3975 3075 4013 3143 ἡ

740 3158 997 3228 lampade
1031 3157 1163 3216 licet
1209 3177 1474 3228 cernere;
1510 3163 1659 3219 aliud
1711 3163 1860 3219 enim
1921 3173 2008 3223 est
2059 3166 2325 3233 lucerna,

2430 3175 2898 3248 ⁵ρι›α.λλ“ις,ξιιτερον
2925 3175 2982 3229 δὲ
3030 3176 3195 3230 πάλιν
3244 3176 3278 3248 fi)
3328 3171 3613 3242 φλογώδης
3669 3168 3766 3222 τοῦ
3835 3169 4014 3238 πυρὸς

744 3248 897 3303 aliud
949 3265 1147 3305 rursus
1194 3253 1501 3309 substantia
1543 3255 1685 3325 ignis
1738 3255 2037 3311 ﬂammea:
2079 3258 2221 3312 inter
2266 3273 2326 3314 se

2430 3268 2587 3322 οὑσὶα
2613 3285 2630 3302 ⁸
2675 3245 2785 3322 σὺν
2809 3245 3083 3338 ⁷αλλήλοις
3107 3266 3165 3319 δὲ
3194 3245 3289 3318 κὰι
3327 3266 3386 3317 ὲν
3407 3263 3662 3333 ἀλλήλοις
3687 3260 3840 3322 ὄντα,
3881 3261 4014 3330 μίαν

746 3349 956 3403 autem,
996 3350 1053 3395 et
1097 3341 1154 3396 in
1221 3343 1421 3413 seipsis
1488 3346 1642 3400 unita
1701 3362 1865 3401 unam
1913 3347 2123 3402 faciunt
2163 3349 2324 3403 ambo

2430 3361 2732 3431 πεποίηκεν
2758 3337 3047 3432 ἀμφότερα
3075 3358 3356 3428 λαμπάδα.
3391 3356 3504 3408 Καὶ
3539 3355 3616 3417 ὡς
3669 3354 3735 3406 ἄν
3785 3369 3873 3413 τις
3920 3352 4016 3404 Ett-

747 3435 1076 3504 lampadem.
1122 3435 1192 3492 Ut
1229 3435 1272 3489 si
1305 3438 1430 3506 quis
1456 3437 1624 3504 dicat,
1673 3438 1776 3492 etsi
1809 3438 2011 3492 durum
2049 3439 2323 3505 videatur,

2430 3449 2757 3520 ϐιασάμενος
2789 3450 2958 3512 εἴποι,
2990 3447 3102 3518 πῦρ
3140 3452 3289 3501 ἐστιν
3343 3445 3708 3514 ὲξυλωμένον,
3743 3443 3836 3496 καὶ
3858 3443 4017 3507 ξύλον

747 3526 891 3595 ignis
922 3536 1006 3581 est
1030 3527 1356 3597 ligneus;et
1378 3527 1584 3597 lignum
1620 3529 1886 3599 igneum:
1936 3542 1994 3584 et
2046 3531 2150 3585 hoc
2198 3531 2326 3600 qui-

2430 3539 2917 3610 ὲμπεπρησμένον,
2940 3537 3036 3590 καὶ
3069 3536 3128 3588 τὸ
3160 3536 3259 3606 μὲν
3287 3535 3388 3602 τῆς
3415 3535 3511 3586 τοῦ
3551 3531 3728 3602 πυρὸς
3779 3531 4018 3598 μετέσχε

749 3616 874 3670 dem
897 3618 1248 3686 participavit
1270 3619 1618 3688 splendorem
1647 3620 1790 3689 ignis
1816 3638 1832 3686 ;
1860 3620 1952 3674 ille
1989 3636 2143 3685 vero,
2163 3621 2219 3674 id
2242 3629 2329 3676 est

748 3708 912 3778 ignis,
945 3717 1219 3763 terrenam
1265 3711 1687 3766 crassitudinem
1749 3727 1817 3765 ex
1873 3711 2025 3778 face;
2079 3720 2135 3766 et
2185 3714 2325 3766 alte-

746 3814 871 3851 rum
917 3799 1076 3854 alteri
1113 3800 1353 3855 neddidit
1389 3802 1630 3858 vicissim
1685 3802 1968 3864 idiomata,
2003 3819 2128 3858 cum
2165 3804 2327 3858 ambo

748 3892 955 3961 alioqui
997 3892 1052 3945 in
1107 3894 1443 3962 proprietate
1494 3909 1594 3947 sua
1641 3894 1782 3959 lixa,
1831 3903 1887 3949 et
1933 3910 2042 3948 non
2100 3895 2327 3949 confusa

749 3991 1032 4037 maneant.

820 4075 993 4129 Nemo
1023 4090 1155 4128 vero
1189 4075 1332 4128 male
1373 4073 1606 4129 feriatus
1645 4084 1701 4130 et
1734 4077 1848 4129 otio
1881 4077 2116 4132 abutens
2145 4092 2329 4131 exem-

747 4166 903 4236 plum
955 4174 1181 4233 carpat,
1237 4165 1283 4218 si
1329 4165 1462 4234 quid
1509 4166 1773 4221 dissimile
1815 4168 2002 4233 habet,
2048 4168 2330 4237 proferens

747 4258 957 4320 oleum,
998 4255 1146 4326 quod
1180 4256 1234 4310 in
1266 4257 1367 4311 hac
1396 4257 1600 4311 unione
1630 4259 1872 4313 medium
1894 4268 1999 4321 est,
2031 4268 2127 4313 aut
2153 4260 2332 4329 quali—

749 4359 919 4404 tatem
957 4349 1063 4403 olei
1090 4349 1413 4420 subjectam,
1462 4357 1561 4406 aut
1583 4367 1692 4405 non
1727 4350 1928 4406 durare
1960 4352 2077 4417 diu,
2130 4354 2225 4407 sed
2274 4355 2329 4408 in

750 4441 994 4494 cinerem
1020 4438 1197 4507 redigi
1224 4456 1240 4503 ;
1289 4454 1502 4493 memor
1536 4455 1729 4493 eorum
1759 4456 1881 4509 qua:
1902 4450 2063 4495 antea
2093 4441 2332 4498 diximus

751 4529 822 4581 de
852 4529 1127 4597 exemplo,
1153 4527 1296 4582 etde
1320 4529 1440 4598 ejus
1459 4529 1780 4584 deﬁnitione
1805 4547 1820 4596 ;
1858 4531 2050 4585 eadem
2097 4533 2329 4601 reperiri

749 4629 933 4688 potest
964 4619 1096 4672 unio
1125 4619 1265 4689 ignis
1308 4636 1433 4673 cum
1482 4636 1649 4687 aere;
1698 4632 1756 4676 et
1787 4623 1930 4676 aeris
1985 4638 2110 4677 cum
2149 4640 2326 4693 aqua:

752 4709 940 4763 mistio
963 4709 1111 4763 cnim
1141 4725 1296 4778 aqua
1325 4726 1450 4764 cum
1480 4719 1626 4764 terra
1667 4712 1906 4780 speciem
1949 4713 2170 4782 attingit
2197 4729 2329 4768 con-

753 4799 1079 4854 fundentem
1123 4800 1427 4866 unionem;
1493 4812 1872 4871 praeparatth
1929 4803 2214 4869 humidis,
2272 4812 2330 4858 et

755 4889 1044 4954 tenuibus,
1073 4890 1366 4960 praecipuis
1396 4906 1526 4944 vero
1558 4891 1864 4946 secundum
1892 4894 2332 4948 immutationem

753 4981 1114 5053 qualitatum,
1183 4991 1238 5036 et
1292 4981 1652 5036 variationem
1692 4998 1760 5037 ex
1809 4991 1998 5037 mutua
2042 4983 2334 5039 aﬂectione

757 5072 1222 5140 proficiscentem.
1277 5074 1550 5128 Prmterco
1595 5073 1744 5127 enim
1815 5073 1998 5127 dicere
2045 5074 2335 5143 qualitates

760 5177 901 5228 qum,
937 5165 1206 5232 separatis
1253 5164 1598 5228 substantiis,
1630 5179 2012 5234 saepenumero
2075 5165 2220 5219 inter
2275 5181 2334 5220 se

757 5263 889 5310 sunt
939 5256 1110 5309 unita:
1155 5257 1272 5309 sine
1316 5254 1613 5319 mistione;
1645 5255 1788 5309 sicut
1815 5255 2099 5309 stellarum
2140 5255 2334 5310 lucen-

758 5349 896 5401 tium
931 5350 1253 5416 splendores
1297 5351 1439 5404 inter
1469 5365 1526 5404 se
1567 5358 1624 5403 et
1652 5365 1776 5403 cum
1805 5365 1930 5403 aere
1977 5351 2162 5414 unitat,
2217 5366 2335 5406 ser-

754 5447 888 5493 vant
921 5440 1312 5509 proprietatem
1337 5442 1527 5509 quanti
1558 5444 1612 5494 in
1640 5441 1788 5508 quali
1813 5459 1825 5492 :
1858 5441 2199 5495 demonstrat
2227 5442 2332 5496 hoc

755 5548 868 5596 ars,
919 5549 1041 5603 qua:
1082 5543 1292 5588 natura:
1332 5544 1418 5589 est
1457 5535 1741 5588 imitatrix.
1793 5534 1850 5588 Si
1887 5534 2014 5604 quis
2057 5535 2242 5604 igitur,
2271 5541 2333 5586 ut

761 5640 990 5696 magnus
1018 5625 1312 5697 Dionysius
1335 5626 1432 5690 ait,
1462 5626 1660 5680 multas
1688 5624 1835 5680 faces
1854 5640 2114 5681 accensas
2140 5626 2196 5679 in
2226 5639 2334 5678 una

763 5716 927 5771 domo
958 5718 1223 5782 includat,
1271 5719 1472 5773 deinde
1527 5733 1690 5773 unam
1751 5733 1818 5772 ex
1855 5716 2116 5772 omnibus
2137 5716 2336 5770 educat

767 5821 798 5857 υ
821 5805 1007 5872 domn,
1030 5807 1190 5858 simul
1233 5809 1398 5862 exibit
1435 5824 1557 5862 rum
1584 5808 1684 5862 hac
1714 5818 1766 5863 et
1807 5807 1989 5861 lumen
2027 5806 2331 5876 proprium,

2427 3632 2828 3702 λαμπρότητος,
2855 3629 2918 3682 τὸ
2943 3629 3000 3682 δὲ
3021 3629 3122 3697 τῆς
3164 3627 3306 3680 κατὰ
3333 3625 3431 3694 τὴν
3471 3625 3604 3696 δᾷδα
3641 3623 4017 3690 κεκοινώνηκε

2426 3720 2659 3790 γεώδους
2691 3720 3021 3789 παχύτητος,
3052 3719 3148 3771 καὶ
3178 3717 3498 3770 ἁντιδέδωκε
3550 3716 3780 3785 θάτερον
3799 3713 4020 3782 θατέρῳ

2426 3814 2535 3867 τῶν
2569 3812 2897 3881 ἰδιωμάτων,
2919 3813 2977 3863 έν
3001 3814 3070 3880 τῇ
3100 3808 3317 3879 μονίμῳ
3342 3807 3552 3861 ἑαυτῶν
3585 3808 3675 3858 καὶ
3712 3803 4020 3873 άσυγχὺτῳ

2431 3904 2652 3975 ἰδιότητι
2684 3904 2962 3974 μείναντα.

2498 4077 2705 4147 Μηδεὶς
2735 4076 2794 4130 δὲ
2826 4074 3155 4145 κακόσχολος
3180 4074 3344 4127 πάλιν
3373 4072 3737 4146 λαμβανέσθω
3774 4072 3870 4124 τοῦ
3904 4090 4017 4124 πα-

2435 4171 2819 4243 ραδείγματος,
2843 4168 2959 4221 εἴτι
2974 4169 3229 4234 ἀνόμοιον
3253 4165 3386 4234 ἔχοι,
3405 4167 3465 4218 τὸ
3493 4165 3674 4217 ἔλαιον
3697 4165 4020 4236 προφέρων,

2429 4260 2490 4313 τὸ
2525 4257 2812 4329 μεσιτεῦον
2841 4258 2906 4326 τῇ
2942 4254 3148 4308 τούτων
3180 4253 3372 4306 ἑνώσει
3396 4293 3411 4318 ,
3447 4252 3481 4322 ἦ
3515 4252 3610 4320 τὴν
3645 4253 4024 4322 ὑποκειμένην

2431 4349 2663 4420 ἐλαιώδη
2700 4345 3033 4415 ποιότητα,ἢ
3063 4344 3124 4396 τὸ
3147 4343 3224 4413 μὴ
3241 4343 3484 4412 διαρκεῖν
3515 4346 3610 4394 ἐπὶ
3641 4344 3856 4412 χρόνον,
3885 4344 4025 4396 ἀλλὰ

2431 4440 2788 4511 τεφροῦσθαι,
2836 4437 3195 4507 μνημονεύων
3234 4429 3309 4489 ὧν
3357 4435 3670 4505 ἔμπροσθεν
3711 4435 4024 4505 εἰρήκαμεν

2433 4534 2563 4602 περὶ
2601 4531 3052 4601 παραδείγματος
3097 4529 3194 4594 καὶ
3227 4527 3324 4579 τοῦ
3361 4529 3483 4578 κατ’
3533 4526 3698 4578 αὑτοῦ
3754 4528 3886 4594 ὅρου
3916 4544 3929 4555 ·
3989 4531 4020 4595 ἡ

2433 4623 2478 4675 δ’
2504 4623 2641 4690 αὑτὴ
2670 4620 2737 4672 ἂν
2765 4617 3016 4688 εὑρεθείη
3052 4617 3147 4670 καὶ
3179 4614 3352 4686 πυρδς
3404 4616 3543 4684 πρὸς
3601 4616 3738 4683 ἀέρα
3775 4616 4021 4685 σύγκρα-

2435 4730 2540 4776 σις,
2567 4713 2662 4764 καὶ
2690 4711 2849 4780 ἀέρος
2881 4708 3017 4778 πρὸς
3047 4705 3190 4777 ὕδωρ
3223 4722 3236 4734 ·
3276 4709 3309 4775 ἡ
3339 4710 3451 4775 γὰρ
3493 4705 3683 4767 ὓδατος
3730 4707 3866 4774 πρὸς
3914 4708 4020 4774 γῆν

2437 4802 2664 4872 μίξις,ἢ
2697 4801 2763 4870 δὴ
2821 4799 2914 4852 τοῦ
2969 4797 3298 4867 συγχυτικοῦ
3337 4800 3432 4866 τῆς
3485 4797 3728 4859 ένώσεως
3783 4799 4020 4850 istan:

2434 4896 2632 4957 εἴδους,
2656 4891 2979 4946 ὁδοποιοῖωα
3008 4894 3122 4954 τοῖς
3157 4892 3343 4958 ὑγροῖς
3391 4905 3450 4940 τε
3487 4891 3582 4942 καὶ
3625 4890 3864 4958 λεπτομε
3880 4895 3935 4958 {.5
3955 4910 4020 4952 il,

2433 4985 2712 5054 διαφόροις
2739 4983 2792 5036 δὲ
2825 4982 2964 5036 κατὰ
2997 4981 3096 5047 τὴν
3131 4981 3236 5034 τῶν
3264 4981 3568 5049 ποιοτήτων
3598 4980 3902 5048 ἐξαλλαγὴν
3926 4983 4023 5049 τὴν

2435 5081 2500 5131 ὲκ
2556 5081 2655 5146 τῆς
2721 5074 3236 5143 ἀντιπεπονθήσεως
3298 5071 3594 5141 γινομένην
3647 5072 3760 5123 τῶν
3835 5075 4025 5141 ἄκρων

2439 5167 2742 5239 μεταὸολὴν
2774 5165 2865 5219 καὶ
2900 5163 3203 5218 ἀλλοίωσιν.
3251 5164 3501 5233 Παρίημι
3536 5164 3646 5233 γὰρ
3674 5165 3774 5224 τὰς
3802 5167 4026 5229 ποιότη.

2434 5280 2531 5323 τας
2561 5261 2761 5328 λέγειν.
2795 5259 2851 5312 αἳ
2887 5259 2985 5310 καὶ
3017 5256 3126 5309 τῶν
3163 5255 3364 5307 οὐσιῶν
3403 5256 3851 5324 κεχωρισμένων,
3897 5255 4023 5306 πολι

2435 5355 2593 5415 λάκις
2621 5354 2678 5404 ἐν
2707 5350 2966 5420 ἀλλήλαις
2988 5365 3048 5400 τε
3076 5349 3341 5413 γίνονται,
3366 5343 3460 5396 καὶ
3479 5345 3696 5412 άμιγῶς
3721 5345 4026 5395 συνάπτον·

2437 5463 2524 5498 ται
2562 5461 2575 5474 °
2609 5444 2800 5512 ῶσπερ
2832 5441 2939 5494 τῶν
2961 5441 3268 5508 φωσφόρων
3298 5440 3514 5506 ἄστρων
3543 5437 3598 5488 αἱ
3629 5438 4021 5504 μαρμαρυγαὶ,

2440 5535 2696 5605 ἀλλήλαις
2735 5550 2794 5584 τε
2839 5533 2935 5584 καὶ
2981 5529 3102 5600 ἀέρι
3137 5527 3464 5596 κιρνάμεναι
3498 5525 3730 5587 σώζουσι
3765 5524 3863 5592 τὴν
3897 5524 4022 5577 23:6-

2441 5643 2580 5694 τητα
2611 5623 2705 5678 τοῦ
2745 5625 2802 5676 ὲν
2844 5620 2923 5690 τῷ
2952 5619 3093 5688 ποιῷ
3128 5617 3296 5669 ποσοῦ
3331 5633 3342 5645 ·
3382 5615 3686 5683 παρίστησι
3709 5615 3766 5666 δὲ
3802 5614 3965 5666 τοῦτο
3994 5617 4025 5681 1';

2441 5719 2628 5787 τέχνη,
2661 5716 2759 5784 τῆς
2804 5714 3018 5780 φύσεως
3044 5707 3178 5763 οὖσα
3234 5708 3528 5778 μιμητική.
3564 5705 3629 5758 Εἴ
3683 5706 3734 5770 γ’
3777 5701 3874 5757 οἷν
3919 5722 4025 5765 τις,

2445 5801 2584 5856 κατὰ
2631 5802 2720 5853 τὸν
2767 5801 2941 5873 μέγαν
2971 5797 3262 5862 Διονύσιον.
3296 5793 3495 5856 mili;
3527 5792 3732 5862 ἐξάψας
3763 5793 3932 5864 δᾷδας
3971 5797 4020 5842 ει
