4218 6444
251 452 386 516 1305

1309 454 1607 515 CONTRA
1645 453 1962 518 NESTOR.
2003 456 2097 514 ET
2133 456 2452 517 EUTYCII.

3353 447 3490 511 1306

246 561 330 611 ἑνὶ
362 560 494 628 οἴκῳ
525 557 917 626 συγκλείσειεν,
954 551 1072 610 εἶτα
1103 557 1231 627 μίαν
1260 559 1323 610 ὲκ
1359 559 1550 612 πασῶν
1570 559 1820 612 ἀποσπά-
1849 607 1851 613 ι

1943 557 2058 613 iihil
2087 560 2320 613 aliorum
2351 561 2618 614 luminum
2646 559 2750 614 sibi
2782 573 3084 621 assumens,
3116 569 3299 624 neque
3327 556 3488 623 quid-

247 666 349 708 σας
374 648 630 714 ἐξαγάγοι
655 648 749 700 τοῦ
781 648 1075 717 δωματίου,
1107 651 1400 715 συνεξοίσει
1427 650 1595 719 ταύτῃ
1633 653 1728 703 καὶ
1757 651 1819 702 τὸ

245 741 388 807 φῶς,
420 739 541 791 οὔτε
564 757 614 791 τι
643 739 738 791 τοῦ
801 741 930 792 ίδίου
982 739 1146 793 πάλιν
1189 743 1372 804 αὐτοῖς
1423 743 1816 810 ἀπολιπούσης,

244 830 344 883 καὶ
379 830 499 882 καθ’
529 830 649 882 ὅλου
678 833 862 899 φάναι,
897 831 1047 882 οὐδὲν
1069 829 1175 883 τῶν
1209 831 1515 900 ὲνουμένων
1547 836 1755 903 τροπὴν
1785 833 1817 902 ἥ

245 921 512 989 σύγχυσιν
545 922 857 989 ὑφίσταται,
901 922 974 991 μὴ
1003 923 1125 990 οὐχὶ
1155 922 1417 990 ἑκατέρου
1462 922 1570 974 τῶν
1599 923 1820 992 ἑνουμέ-

244 1027 355 1061 νων
386 1008 694 1078 παθητικάς
726 1010 939 1079 ἔχοντος
971 1012 1282 1080 ποιότητας.
1319 1010 1438 1062 Τῶν
1461 1011 1571 1080 γάρ
1605 1011 1678 1080 μὴ
1711 1026 1820 1062 τοι-

245 1099 443 1163 ούτων,
473 1101 504 1166 ὴ
542 1101 638 1167 μὲν
668 1100 994 1168 δραστήριος
1016 1102 1243 1166 ποιήσαι
1291 1101 1378 1163 ἂν,
1411 1104 1505 1152 καὶ
1539 1102 1597 1152 οὐ
1633 1101 1814 1153 πάθοι*

248 1190 284 1256 ἡ
332 1188 393 1240 δὲ
439 1189 734 1258 παθητικὴ,
776 1190 940 1243 πάθοι
995 1190 1081 1252 ἂν,
1114 1191 1208 1244 καὶ
1237 1191 1295 1242 οὗ
1325 1192 1578 1262 δράσειεν
1606 1208 1620 1219 ’
1656 1183 1731 1244 ὧν
1761 1191 1818 1243 δὲ

246 1277 430 1339 κοινὸς
460 1279 488 1330 ό
517 1277 674 1345 λόγος
703 1279 796 1345 τῆς
821 1279 1347 1347 άντιπεπονθήσεως,
1369 1279 1539 1330 ταῦτα
1556 1279 1694 1331 κατά
1722 1278 1820 1348 τὴν

246 1367 606 1436 ιπικράτειαν
637 1368 670 1436 ἢ
691 1369 790 1436 τὴν
825 1367 1100 1434 ἰσονομίαν
1125 1366 1233 1418 τῶν
1260 1365 1572 1418 παοοποιῶν
1608 1364 1820 1423 αίτιῶν,

243 1457 349 1526 τὴν
382 1459 438 1508 ὲν
472 1457 683 1526 θατέρῳ
714 1458 910 1524 πάσχει
943 1473 1003 1508 τε
1040 1456 1135 1508 καὶ
1177 1458 1342 1517 ποιεί,
1401 1456 1492 1507 ἐπὶ
1547 1455 1728 1507 πλεῖον
1784 1453 1818 1522 ἦ

245 1545 490 1598 ἔλαττον.
530 1547 748 1616 Ὠσπερ
778 1546 891 1614 ἔχει
925 1546 1017 1598 ἐπὶ
1051 1546 1270 1598 πάντων
1302 1545 1410 1598 τῶν
1445 1545 1682 1616 τηκτῶν,
1725 1545 1822 1598 καὶ

242 1637 360 1690 τῶν
401 1637 765 1705 μεταλλικῶν,
801 1638 896 1688 καὶ
923 1638 1022 1689 ὃσα
1060 1640 1169 1697 τοῖς
1196 1638 1398 1707 ἰατροῖς
1419 1637 1452 1705 ἢ
1485 1639 1596 1698 τοῖς
1623 1635 1824 1705 βαναύ-

244 1743 366 1788 σοις
414 1728 709 1799 κιρνάσθαι
768 1727 802 1796 ἢ
865 1728 1228 1797 συντήκεσθαι
1278 1729 1421 1780 κατά
1468 1726 1568 1798 τὴν
1625 1728 1822 1796 τέχνην

247 1819 648 1890 μεμηχάνηται.

1927 665 2089 717 quam
2145 652 2351 720 proprii
2403 652 2626 705 luminis
2667 666 2860 705 rursus
2903 649 3009 702 illis
3056 649 3267 701 facibus
3323 644 3492 699 relin-

1932 754 2150 808 quens;
2199 751 2276 804 et,
2315 752 2374 796 ut
2416 743 2672 795 universe
2700 742 2900 802 dicam,
2955 738 3092 792 nihil
3136 753 3326 790 eorum
3371 749 3494 804 qua:

1928 828 2217 891 uninntur,
2247 830 2602 883 mulationem
2637 837 2732 882 aut
2763 827 3141 881 confusionem
3181 821 3348 883 subit,
3385 819 3492 873 nisi

1926 921 2082 990 prius
2109 929 2403 989 utrumque
2439 922 2717 975 unitorum
2744 918 3036 988 qualitates
3078 913 3277 968 habeat
3317 911 3492 980 passi-

1927 1007 2104 1062 biles:
2144 1011 2188 1062 si
2211 1009 2357 1063 enim
2389 1025 2497 1062 non
2531 1019 2658 1064 sunt
2689 1007 2980 1078 ejusmodi,
3015 1003 3249 1074 qualitas
3271 999 3493 1069 quidem

1928 1101 2202 1155 eﬂiciendi
2231 1101 2545 1154 facultatem
2586 1101 2815 1162 habens,
2848 1099 3030 1157 faciet,
3067 1109 3175 1149 non
3215 1092 3490 1162 patietur;

1928 1193 2164 1262 qualitas
2184 1207 2316 1246 vero
2345 1192 2623 1261 passibilis
2648 1190 2905 1260 patietur,
2940 1204 3050 1242 non
3093 1184 3310 1240 efﬁciet.
3350 1181 3494 1246 Quo-

1929 1300 2048 1337 rum
2080 1292 2261 1336 autem
2304 1283 2610 1336 communis
2661 1282 2802 1335 ratio
2861 1287 2945 1332 est
2989 1278 3296 1346 passionem
3345 1271 3494 1324 acci-

1927 1375 2112 1444 piendi
2134 1385 2189 1428 et
2210 1375 2497 1438 reddendi,
2523 1375 2637 1427 bzec
2667 1371 2970 1426 secundum
2993 1369 3330 1422 dominatum
3361 1377 3494 1415 eau-

1927 1479 2111 1519 sarum
2132 1463 2481 1518 ell‘tcientium
2505 1465 2804 1533 passiones,
2825 1475 2988 1530 quem
3013 1457 3218 1511 habent
3244 1455 3300 1507 in
3329 1452 3493 1506 alter-

1928 1565 2074 1617 utro,
2110 1565 2205 1608 aut
2257 1555 2645 1623 aequalitatem,
2686 1554 2969 1622 patiuntur
3000 1558 3056 1604 et
3098 1553 3286 1618 agunt.
3340 1543 3496 1597 Sicut

1928 1646 2114 1701 evenit
2147 1645 2202 1698 in
2241 1645 2519 1708 omnibus,
2575 1659 2696 1712 qua:
2732 1643 3050 1711 liquantur;
3109 1649 3163 1692 et
3201 1638 3255 1691 in
3302 1634 3494 1689 metal-

1929 1738 2017 1801 lis,
2049 1745 2104 1791 et
2142 1738 2197 1790 in
2226 1737 2294 1789 iis
2326 1737 2580 1789 omnibus
2603 1750 2724 1804 qua:
2751 1733 2948 1787 medici
2978 1731 3063 1784 vel
3089 1729 3326 1784 artiﬁces
3372 1725 3496 1795 igne

1927 1837 2149 1883 utentes
2183 1827 2537 1880 commiscere
2569 1835 2625 1880 et
2649 1827 2859 1894 liquare
2891 1840 2956 1877 ex
2987 1832 3105 1876 arte
3131 1822 3326 1874 solent.

319 1911 537 1962 Τούτων
564 1897 1278 1980 τοίνυν’προδιεσταλμένων
1316 1910 1468 1977 ἡμῖν,
1494 1908 1692 1962 ειδέναι
1715 1909 1820 1979 χρὴ

1993 1917 2089 1973 His
2115 1933 2243 1988 ergo
2269 1918 2427 1986 prius
2449 1916 2746 1979 distinctis,
2771 1915 3055 1969 sciendum
3075 1919 3177 1973 est,
3208 1907 3352 1977 quod
3374 1921 3498 1975 qua:

240 2001 328 2052 ὅτι
351 2001 418 2052 ’τά
443 2001 543 2070 μὲν
570 1996 896 2054 ἀλλοιωτικά
923 2000 1168 2071 ἀλλήλων
1196 2001 1288 2053 καὶ
1331 2000 1721 2070 μεταϐλητικά,
1758 2003 1821 2052 ὲκ

244 2091 548 2144 πολυειδῶν
589 2092 682 2144 καὶ
711 2092 1065 2161 ἑτεροουσίων
1094 2091 1422 2155 συνεστῶτα,
1456 2091 1608 2143 οὐδὲν
1629 2091 1736 2141 τῶν
1765 2094 1822 2143 ὲν

243 2183 314 2250 τῇ
353 2180 601 2233 συνθέσει
624 2179 898 2241 ἀποσώζει
930 2177 1232 2248 ἀκραιφνὲς
1270 2177 1406 2247 μετά
1427 2178 1525 2247 τὴν
1553 2177 1821 2240 σύνθεσιν,

242 2269 386 2323 ἀλλά
412 2271 509 2333 τάς
539 2271 755 2323 πάντων
798 2269 1064 2338 ἰδιότητας
1119 2267 1320 2336 μίξασα
1372 2268 1468 2320 καὶ¹
1519 2265 1823 2335 συγχέουσα

244 2362 315 2411 ἐκ
343 2360 564 2411 πάντων
595 2359 747 2429 τοιρά
793 2361 992 2419 πάντα,
1042 2360 1278 2427 ἑτεροῖον
1316 2353 1455 2419 εἶδος
1506 2357 1824 2426 πάμμικτον

245 2451 570 2515 ἀπετέλεσε,
604 2453 697 2503 καὶ
728 2451 917 2520 γέγονε
949 2449 1160 2502 πολλῶν
1191 2449 1540 2502 ὑποστάσεων
1584 2451 1676 2502 καί
1720 2448 1823 2516 φύ-

251 2559 393 2595 σεων
424 2545 562 2595 κατὰ
586 2544 683 2612 τὴν
724 2542 869 2612 μίξιν
905 2543 1124 2611 φυρμδς
1156 2544 1252 2594 καὶ
1283 2544 1562 2611 σύγχυσις,
1596 2542 1720 2594 οὔτε
1764 2541 1826 2594 τὸ

253 2635 457 2698 ἰδιάζον
486 2635 582 2701 τῆς
616 2637 986 2697 ὑποστάσεως,
1012 2634 1132 2686 οὔτε
1159 2636 1219 2686 τὸ
1250 2635 1426 2686 κοινὸν
1473 2633 1573 2702 τῆς
1611 2635 1826 2701 φύσεως

250 2725 560 2790 φυλάξασα,
595 2724 712 2776 ἀλλ’
757 2725 944 2793 ἓτερον
990 2725 1054 2776 ὲκ
1101 2723 1303 2776 τούτων
1361 2724 1461 2792 μὲν
1512 2725 1826 2793 γενόμενον,

248 2809 432 2865 οὐδενὶ
470 2814 526 2866 δὲ
553 2814 750 2865 ταυτὸν
793 2815 887 2881 ἀφ’
922 2807 996 2866 ὧν
1050 2814 1271 2881 γέγονεν
1314 2814 1707 2866 ἀποτελέσασα.
1765 2815 1824 2865 Εί

250 2907 432 2964 τοίνυν
455 2904 644 2972 θεότης
677 2905 772 2958 καὶ
797 2905 1148 2974 ἀνθρωπότης
1173 2905 1291 2958 κατ’
1321 2905 1510 2956 οὐσίαν
1546 2906 1825 2957 ἑνωθεῖσαι

255 2999 332 3067 μὴ
365 2997 691 3065 φυλάττουσι
725 2999 828 3050 κάν
857 3000 922 3066 τῇ
947 2997 1136 3050 ὲνώσει
1178 2997 1279 3067 τὴν
1331 2995 1543 3049 ἑαυτῶν
1594 2997 1829 3066 φυσικὴν

255 3088 518 3158 ἰδιότητα,
539 3085 921 3158 συγκέχυιται,
963 3089 1054 3140 καὶ
1077 3087 1202 3139 οὔτε
1228 3088 1415 3157 θεότης
1439 3088 1675 3158 ἔμεινεν,
1705 3088 1826 3140 οὗτε

251 3179 632 3248 ἀνθρωπότης,
664 3180 780 3232 ἀλλ’
813 3179 1000 3248 ἕτερον
1021 3179 1209 3240 οὐσίας
1243 3175 1381 3241 εἶδος
1411 3180 1473 3230 ἐκ
1507 3179 1711 3232 τούτων
1733 3197 1828 3246 γε-

250 3242 500 3338 νόμενον,
542 3242 637 3323 καὶ
673 3271 793 3339 οὐχὶ
823 3242 997 3322 ταδτα
1035 3271 1279 3338 ὑπάρχον
1309 3269 1720 3323 ἀποτετέλεκεν.
1745 3242 1828 3324 ’οὖ
1855 3242 1897 3299 C

249 3360 308 3409 τί
337 3359 404 3411 ἂν
426 3360 637 3426 γένοιτο
659 3360 1071 3428 ἀσεϐέστερονῆ
1099 3360 1514 3428 βδελυκτὸτερο·.-
1541 3360 1644 3412 κᾶν
1679 3362 1827 3412 ὲννο-

251 3452 413 3520 ἧσαι,
479 3455 555 3520 μὴ
609 3451 691 3502 ὅτι
751 3451 1081 3520 φρονοῦντας
1134 3451 1509 3520 δογματίσαις
1572 3452 1830 3504 Λείπεται

250 3543 436 3596 τοίνυν
461 3544 525 3594 ἐκ
551 3541 650 3610 τῆς
681 3541 980 3604 ἐξετάσεως
1007 3542 1100 3592 τοῦ
1142 3541 1302 3608 λόγου
1332 3541 1430 3609 τῆς
1479 3542 1597 3594 κατ’
1644 3542 1831 3594 οὐσίαν

253 3634 524 3695 ἑνώσεως,
553 3634 654 3700 τῆς
688 3649 746 3684 τε
777 3633 1028 3702 θεότητος
1054 3635 1148 3684 καί
1168 3633 1267 3701 τῆς
1291 3632 1709 3701 ἀνθρωπότητος
1732 3635 1832 3704 τὴν

255 3723 565 3792 ἀσύγχυτον
602 3724 861 3792 ἰδιότητα,
889 3724 1031 3776 κατὰ
1071 3724 1137 3776 τά
1188 3724 1429 3793 πρότερα
1473 3722 1657 3774 λαϐεῖν
1703 3724 1833 3774 ὑπο-

252 3815 550 3881 δείγματα,
593 3816 841 3886 ἀμυδράν
891 3815 948 3866 δέ
982 3832 1106 3868 τινα
1151 3815 1450 3881 φαντασίαν
1508 3817 1573 3866 ὲκ
1616 3814 1832 3866 πάντων

254 3908 356 3973 τῆς
388 3906 530 3974 ὑπὲρ
561 3907 741 3958 πάντα
772 3906 1030 3975 ἀληθείας
1064 3906 1500 3976 συλλεγομένοις,
1533 3906 1654 3974 ἥτις
1702 3907 1834 3957 ἀποο

251 3999 558 4060 δείκνυσιν,
583 3997 641 4049 ἓν
673 3998 772 4066 μὲν
806 4015 858 4050 τι
905 3999 1112 4050 τούτων
1169 3995 1308 4051 εἶναι
1355 3997 1416 4050 τὸ
1461 3997 1829 4065 ἀποτέλεσμα,

252 4089 286 4143 ὃ
318 4091 428 4142 εἴτε
456 4090 765 4158 πρόσωπον,
797 4091 906 4142 εἴτε
947 4091 1264 4151 ὑπόστασιν,
1300 4089 1412 4141 εἴτε
1448 4090 1668 4159 ἄτομον,
1722 4091 1831 4141 εἴτε

255 4178 641 4245 ὑποκείμενον,
682 4177 795 4229 εἴτε
844 4194 897 4228 τι
943 4177 1070 4230 ἄλλο
1123 4178 1274 4244 φίλον
1322 4178 1508 4228 καλεῖν
1568 4176 1720 4241 αὐτὸ,
1769 4178 1832 4230 οὐ

252 4269 606 4338 διαφέρομαι.
675 4268 813 4331 Τοὺς
861 4271 969 4336 γὰρ
1027 4269 1154 4338 ἀξίᾳ
1211 4270 1245 4339 ἦ
1311 4268 1586 4338 αὑθεντίᾳ,
1638 4268 1670 4338 ἡ
1728 4285 1834 4321 τινι

254 4360 487 4432 τοιαύτῃ
519 4361 704 4429 σχέσει
735 4360 1038 4430 διαιρετικῇ
1063 4361 1152 4414 διά
1202 4360 1294 4412 τοῦ
1332 4362 1627 4413 συνάπτειν
1665 4361 1834 4429 χωρί-

257 4454 474 4513 ζοντας.
507 4457 698 4521 πρώην
731 4450 1119 4521 ἀπορραπίσας
1171 4453 1200 4502 ὀ
1243 4451 1399 4516 λόγος
1449 4451 1830 4518 ἀποδεδίωχεν,

1922 2009 2128 2064 habent
2161 2010 2268 2062 vim
2305 2007 2554 2061 mutandi
2589 2022 2647 2060 se
2688 2006 2830 2059 inter
2875 2020 2932 2058 se
2981 2002 3286 2057 constantia
3316 2014 3384 2052 ex
3413 1996 3498 2050 di-

1923 2102 2097 2154 versis
2120 2099 2430 2168 speciebus,
2459 2108 2514 2152 et
2536 2097 2860 2151 substantiis
2885 2095 3022 2148 nihil
3049 2106 3245 2162 purum
3270 2090 3322 2142 in
3347 2102 3500 2143 com-

1922 2191 2195 2260 positione
2222 2201 2443 2243 servant
2482 2199 2604 2258 post
2636 2187 3095 2257 compositionem
3126 2200 3140 2236 :
3172 2181 3266 2236 sed
3313 2179 3498 2247 potius

1925 2297 2015 2336 ars
2042 2281 2396 2350 proprietatis
2427 2281 2673 2334 omnium
2730 2281 2967 2333 miscens
3021 2284 3077 2331 et
3130 2270 3494 2334 confundens,

1923 2389 1990 2427 ex
2017 2372 2274 2425 omnibus
2307 2372 2466 2424 aliam
2504 2379 2702 2440 prteter
2744 2370 2925 2423 omnia
2972 2368 3208 2437 speciem
3263 2380 3330 2417 ex
3383 2369 3499 2415 toto

1925 2463 2264 2518 commistam
2301 2461 2544 2516 reddidit
2572 2479 2585 2514 :
2615 2461 2781 2531 fitquc
2811 2460 3104 2513 multarum
3121 2456 3498 2536 ’hypostaseon

1925 2565 1982 2609 et
2008 2563 2328 2608 naturarum
2373 2553 2684 2608 commistio
2732 2561 2789 2606 et
2821 2549 3067 2603 confusio
3093 2587 3108 2610 ,
3148 2560 3269 2615 qua:
3318 2556 3499 2610 neque

1928 2647 2214 2716 proprium
2242 2645 2572 2716 hypostasis,
2610 2658 2787 2712 neque
2815 2653 3105 2694 commune
3140 2630 3349 2689 natura:
3369 2647 3502 2687 con-

1929 2744 2146 2800 servat;
2179 2737 2273 2790 sed
2312 2736 2457 2790 aliud
2492 2752 2558 2790 ex
2591 2735 2678 2788 his
2729 2733 2787 2786 fit
2811 2773 2825 2796 ,
2879 2730 3026 2800 quod
3070 2743 3196 2783 cum
3228 2725 3378 2779 nullo
3406 2737 3503 2777 eo-

1929 2844 2051 2881 rum
2077 2842 2143 2880 ex
2171 2827 2374 2898 quibus
2425 2825 2628 2880 factum
2660 2833 2765 2888 est,
2816 2823 2960 2876 idem
2990 2819 3222 2873 exsistit.
3255 2817 3312 2871 Si
3337 2816 3504 2885 igitur

1928 2919 2191 2974 divinitas
2210 2927 2266 2972 et
2300 2918 2614 2972 humanitas
2654 2916 2956 2971 secundum
2982 2912 3342 2967 substantiam
3373 2908 3501 2963 uni-

1930 3017 2019 3070 tse,
2054 3023 2163 3062 non
2187 3016 2405 3060 servant
2434 3006 2488 3060 in
2513 3006 2718 3059 unione
2750 3020 2904 3058 suam
2931 3001 3234 3056 naturalem
3255 2997 3506 3069 proprie-

1930 3108 2132 3164 tatem,
2172 3099 2414 3153 confusa:
2466 3104 2712 3162 sunt;et
2755 3111 2934 3164 neque
2981 3093 3241 3146 divinitas
3280 3088 3504 3152 mansit,

1931 3207 2109 3260 neque
2154 3191 2489 3252 humanitas,
2525 3188 2621 3242 sed
2673 3188 2777 3242 alia
2827 3185 3040 3255 Species
3071 3184 3394 3239 substantia;
3437 3195 3508 3234 ex

1932 3283 2038 3349 his,
2066 3299 2187 3352 quas
2221 3298 2335 3336 non
2363 3290 2448 3336 est
2483 3280 2586 3335 ista
2607 3296 2728 3350 quae
2761 3279 2914 3334 unita
2940 3286 3089 3341 sunt,
3124 3275 3374 3331 confecta
3399 3281 3504 3327 est.

1931 3374 2049 3439 Quo
2093 3374 2225 3443 quid
2258 3389 2380 3428 esse
2408 3380 2590 3442 potest
2610 3371 2784 3441 magis
2816 3371 3066 3440 impium,
3094 3377 3187 3421 aut
3214 3366 3386 3435 magis
3412 3362 3507 3416 de-

1934 3466 2183 3520 testabile
2215 3465 2300 3519 vel
2323 3465 2562 3534 cogitare
2594 3472 2828 3526 tantum,
2848 3462 3051 3517 nedum
3076 3458 3282 3514 sentire
3320 3466 3377 3511 et
3404 3456 3506 3509 do-

1933 3558 2094 3613 cere?
2145 3557 2437 3624 Reliquum
2479 3555 2652 3624 igitur
2705 3563 2828 3617 est,
2876 3559 2937 3605 ut
2980 3567 3043 3604 ex
3085 3547 3508 3617 investigatione

1933 3647 2254 3719 quaestionis
2271 3645 2495 3699 unionis
2516 3643 2820 3698 secundum
2849 3641 3209 3696 substantiam
3232 3648 3286 3692 et
3310 3637 3509 3690 divini-

1936 3739 2064 3793 tatis
2109 3744 2165 3792 et
2200 3735 2559 3789 humanitatis
2587 3734 2978 3803 proprietatem
3019 3731 3137 3784 sine
3185 3727 3509 3782 confusione

1933 3829 2235 3886 secundum
2263 3825 2509 3894 exempla
2549 3824 2838 3893 superiora
2893 3823 3269 3892 intelligamus
3299 3862 3314 3885 ,
3355 3818 3511 3873 colli-

1933 3930 2124 3992 gentes
2147 3935 2211 3973 ex
2240 3918 2499 3971 omnibus
2524 3927 2742 3971 tenuem
2771 3915 3063 3984 quamdam
3095 3914 3388 3982 imaginem
3420 3924 3510 3968 ve-

1934 4012 2114 4066 ritatis
2145 4008 2331 4063 omnia
2361 4006 2677 4076 superantis
2704 4047 2718 4070 ,
2766 4020 2888 4074 qua:
2947 4004 3290 4058 demonstrat
3335 4015 3506 4054 unum

1933 4100 2204 4172 quoddam
2245 4115 2312 4152 ex
2367 4098 2453 4150 his
2503 4095 2679 4160 reddi,
2720 4094 2836 4172 sive
2883 4108 3196 4162 personam,
3243 4091 3357 4144 sive
3411 4089 3511 4159 hy-

1934 4191 2217 4263 postasim,
2251 4189 2367 4242 sive
2399 4198 2666 4248 atomum,
2697 4169 2809 4239 sive
2841 4185 3171 4253 subjectum,
3207 4183 3322 4236 sive
3374 4180 3509 4250 quid

1934 4282 2078 4336 aliud
2109 4279 2384 4349 appellare
2421 4277 2576 4336 libet,
2609 4292 2718 4330 non
2755 4275 3052 4331 contendo.
3081 4275 3187 4327 Eos
3221 4273 3392 4334 enim,
3413 4272 3509 4340 qui

1935 4374 2204 4443 dignitate
2233 4411 2247 4434 ,
2287 4370 2370 4422 vel
2404 4368 2731 4421 auctoritate
2758 4409 2771 4432 ,
2830 4374 2925 4420 aut
2960 4367 3142 4434 aliqua
3194 4363 3510 4433 huiusmodi

1936 4462 2264 4516 habitudine
2300 4459 2584 4512 dividente
2631 4457 2942 4525 copulando
2991 4464 3291 4524 separant,
3349 4453 3511 4522 paul»

257 4543 597 4595 ὑποστάσεσι
651 4543 751 4603 τάς
799 4541 990 4609 φύσεις
1052 4541 1396 4611 διαιροῦντας
1450 4541 1693 4608 ἐλέγξας,
1741 4543 1833 4594 καὶ

1943 4562 2062 4607 ante
2087 4550 2390 4620 disputatio
2415 4558 2601 4602 nostra
2629 4548 2910 4609 refutavit,
2945 4554 3000 4600 et
3025 4545 3264 4599 convicit
3286 4554 3511 4598 naturas

261 4633 538 4700 μηδεμίαν
576 4634 865 4685 κοινωνίαν
911 4632 944 4702 ἢ
984 4634 1256 4685 ἀντίδοσιν
1313 4632 1543 4699 ἐχούσας
1597 4632 1630 4701 ἢ
1688 4633 1834 4686 ἀντι-

255 4721 401 4774 sicas
411 4739 526 4784 σας.

332 4992 550 5046 Τούτων
576 4992 902 5062 εἰρημένων,
959 4993 1097 5042 κατά
1147 4991 1208 5042 τὸ
1249 4990 1530 5060 δεδομένον
1590 4994 1721 5060 ἡμῖν
1769 4995 1831 5045 ἐκ

257 5084 400 5139 Θεοῦ
425 5087 523 5152 τῆς
556 5086 794 5153 νοήσεως
850 5084 1046 5152 μικρὸν
1111 5084 1324 5154 μέτρον,
1385 5084 1833 5153 παραπέμπομεν

258 5181 354 5232 τὸν
381 5179 775 5248 ἐντυγχάνοντα
810 5181 891 5241 εἰς
922 5180 1021 5240 τὰς
1073 5179 1183 5231 τῶν
1237 5179 1516 5248 θεηγόρων
1572 5181 1832 5249 Πατέρων

258 5270 633 5336 διδασκαλίας,
659 5271 752 5337 ἀφ’
778 5263 853 5322 ὧν
882 5273 975 5323 καὶ
1001 5273 1162 5340 ἡμεῖς
1193 5271 1364 5325 ταῦτα
1387 5270 1726 5339 ἠντληκότες,
1757 5273 1831 5334 ὡς

260 5364 322 5413 ὲν
363 5360 543 5430 μικρῷ
583 5361 840 5430 κρατῆρι,
871 5360 949 5429 τῷ
981 5363 1082 5429 τῆς
1116 5363 1377 5428 ταπεινῆς
1405 5363 1561 5432 ἡμῶν
1593 5363 1830 5422 διανοίας

259 5445 406 5521 λόγῳ
445 5452 659 5506 ποτίσαι
690 5452 1100 5522 ἐσπουδάσαμεν
1138 5454 1262 5513 τοὺς
1292 5453 1391 5518 τῆς
1417 5452 1671 5521 ἀληθείας
1707 5453 1834 5520 ἐρα-

261 5546 414 5605 στάς.
489 5543 679 5614 Ὑμεῖς
715 5545 770 5598 δὲ
823 5547 1212 5616 ὲπορεγόμενοι
1262 5546 1368 5599 ὑπὸ
1411 5547 1510 5614 τῆς
1553 5545 1832 5614 ἀληθείας,

256 5638 433 5691 Ιταῦτα
474 5638 570 5705 μὲν
602 5637 773 5703 ἔχοιτε
817 5637 987 5707 λήθης
1040 5637 1344 5706 φάρμακον,
1399 5637 1491 5688 καὶ
1551 5636 1687 5703 μετά
1737 5637 1836 5706 τὴν

260 5727 576 5780 τελευταίαν
605 5728 873 5796 ἐκδημίαν
911 5728 1065 5798 ἡμῶν
1114 5727 1334 5796 ἀγάπης
1383 5727 1700 5795 ὑπόμνημα,
1757 5729 1830 5791 ὡς

261 5816 328 5871 ἂν
357 5819 430 5889 μὴ
465 5820 542 5890 τῷ
567 5819 740 5887 χρόνῳ
765 5820 827 5871 το
863 5821 960 5889 τῆς
999 5819 1218 5890 ἀγάπης
1249 5819 1410 5873 καλὸν
1451 5819 1641 5888 ὲκρυὲν
1681 5822 1831 5888 οἰχή-

1936 4644 2182 4697 dividere
2234 4640 2656 4711 hypostasibus,
2695 4639 3017 4704 nullamque
3066 4637 3508 4689 communionem

1935 4736 2021 4788 vel
2055 4735 2200 4788 inter
2231 4747 2288 4786 se
2323 4730 2631 4800 accipiendi
2668 4729 2751 4782 vel
2783 4726 3050 4781 reddendi
3081 4727 3304 4779 habere.
3333 4726 3408 4777 Ae
3445 4725 3511 4777 de

1935 4827 2021 4880 his
2053 4827 2318 4878 hactenus
2345 4822 2649 4876 secundum
2696 4834 2913 4888 parvam
2954 4833 3264 4870 mensuram
3304 4815 3510 4869 intelli-

1935 4918 2152 4986 gentiae,
2183 4929 2303 4982 qua:
2335 4929 2362 4964 a
2400 4913 2562 4965 nobis
2603 4911 2807 4964 tributa
2843 4918 2947 4963 est.

2009 5003 2273 5058 Mittimus
2297 5001 2558 5068 deinceps
2581 4999 2841 5052 lectorem
2864 4997 2930 5049 ad
2954 4998 3260 5051 doctrinam
3294 5006 3511 5050 saneto-

1937 5109 2058 5147 rum
2091 5094 2336 5151 Patrum,
2371 5105 2400 5143 a
2428 5091 2630 5158 quibus
2654 5104 2755 5141 nos
2784 5089 2899 5141 haec
2939 5097 3196 5156 tanquam
3242 5089 3294 5140 in
3346 5103 3512 5155 parvo

1935 5198 2065 5237 vase
2106 5182 2320 5234 ratione
2365 5179 2565 5233 mentis
2605 5187 2808 5231 nostrae
2837 5177 3064 5231 humilis
3095 5178 3414 5240 hausimus,
3455 5185 3512 5230 et

1933 5290 2030 5327 eos
2062 5273 2154 5340 qui
2181 5272 2363 5326 studio
2389 5269 2641 5323 veritatis
2675 5277 2946 5329 tenentur,
2968 5278 3158 5336 potare
3176 5268 3509 5323 studuimus.

1936 5366 2044 5418 Vos
2068 5371 2252 5418 autem
2286 5361 2494 5430 quibus
2522 5361 2637 5413 haec
2663 5361 2909 5429 porrexit
2953 5359 3177 5421 veritas,
3210 5359 3410 5412 habete
3443 5373 3506 5409 ea

1942 5467 2198 5523 tanquam
2235 5451 2539 5505 remedium
2568 5450 2883 5513 oblivionis,
2938 5460 2993 5503 et
3047 5458 3172 5518 post
3215 5463 3396 5501 meum
3440 5449 3508 5499 ab

1943 5549 2044 5601 hac
2070 5547 2183 5598 vita
2218 5558 2494 5598 recessum
2535 5552 2792 5611 tanquam
2826 5549 3242 5594 monumentum
3279 5539 3505 5602 amoris,
3573 5547 3577 5550 ‘

1943 5653 2011 5691 ne
2040 5637 2189 5705 lapsu
2220 5634 2482 5700 temporis
2507 5633 2734 5686 efﬂuens
2766 5633 2926 5686 abeat
2963 5651 2974 5683 :
3009 5630 3289 5684 retundite
3323 5639 3506 5683 autem

1944 5727 2285 5786 audaciores,
2317 5734 2375 5779 et
2408 5724 2773 5794 simpliciores
2810 5737 2971 5776 manu
3001 5721 3182 5775 ducite
3220 5720 3285 5774 ad
3334 5720 3507 5785 fulgo-

1943 5835 2055 5873 rem
2083 5816 2333 5871 veritatis
2375 5832 2572 5884 purum
2600 5824 2651 5868 et
2680 5813 2984 5881 liquidum,
3032 5815 3120 5882 qui
3171 5825 3270 5882 per
3309 5807 3420 5863 hrcc
3453 5806 3506 5857 in
