4218 6444
734 370 868 435 1307

1997 369 2306 436 LEONTII
2343 368 2751 430 BYZANTINI

3849 357 4006 422 1368

731 479 937 533 sanctis
959 479 1214 535 Patribus
1253 481 1524 545 cernitur,
1562 491 1618 535 et
1640 489 1794 538 orate
1829 497 1931 554 pro
1975 482 2158 546 nobis,
2210 483 2304 552 qui

2413 495 2584 531 σεται.
2620 475 3054 546 Ἑπιστομίζοιτε
3121 473 3178 526 δὲ
3239 470 3364 536 τοὺς
3427 468 3827 542 θρασυτέρους,
3887 470 4005 520 καὶ

733 569 848 623 lucc
871 578 1096 640 propter
1117 571 1463 636 charitatem,
1493 579 1555 625 ιιι
1578 574 1915 628 conscientia
1947 583 2215 639 testatur,
2251 584 2308 630 et

731 665 930 726 praeter
963 660 1300 714 voluntatem
1351 661 1702 716 conscribere
1754 661 2142 716 sustinuimus.
2196 665 2308 717 Deo

731 759 915 804 autem
954 732 1154 820 g'ratias
1180 751 1396 821 agimus
1419 767 1520 821 pro
1542 752 1691 806 omni
1727 752 1875 812 dono
1901 755 2020 825 ejus
2049 754 2106 808 in
2131 755 2308 826 omni-

734 839 859 906 bus,
889 842 944 896 in
974 843 1171 897 seacula
1197 845 1543 898 saeculorum.
1580 843 1774 899 Amen.

1209 1206 1214 1210 ’
1298 1239 1715 1296 PROOEMIUM.

803 1376 1084 1430 Allaturus
1116 1374 1169 1427 in
1211 1373 1450 1427 medium
1479 1374 1838 1450 auctoritates
1861 1382 2174 1428 sanctorum
2201 1375 2304 1428 Pa-

735 1476 906 1527 trum.
937 1466 1005 1520 ad
1039 1464 1514 1520 conﬁrmationem
1558 1481 1751 1519 eorum
1805 1481 1926 1534 quae
1962 1465 2302 1535 scripsimus,

734 1574 866 1628 rogo
915 1558 1176 1612 lectorem
1205 1596 1220 1620 ,
1277 1567 1337 1610 ut
1371 1558 1621 1610 advertat
1650 1557 1893 1610 animum
1930 1575 1957 1609 ε·
1978 1558 2304 1627 prudentem

730 1651 879 1703 enim
907 1648 1215 1702 auditorem
1250 1647 1482 1715 requirit
1517 1647 1771 1701 doctrina
1810 1664 2024 1712 eorum,
2062 1651 2157 1718 qui
2186 1651 2306 1704 fue-

732 1747 862 1791 runt
886 1739 1242 1792 admirabiles
1271 1739 1507 1807 Spiritus
1552 1739 1725 1793 sancti
1766 1740 2086 1793 consiliarii.
2122 1741 2302 1795 Labo-

2409 569 2802 640 χειραγωγοῖτε
2852 568 2978 628 τοὺς
3033 563 3461 632 ἁπλουστέρους,
3493 563 3587 614 ἐπὶ
3620 561 3720 630 τὴν
3749 559 3837 612 διὰ
3861 559 4005 611 τού-

2407 677 2515 714 των
2553 658 2992 729 ἀναφαινομένην
3022 659 3080 709 ὲν
3125 659 3236 719 τοῖς
3286 655 3461 721 ἁγίοις
3515 653 3790 722 Πατράσιν
3847 652 4002 702 εἰλι-

2407 755 2566 824 κρινῆ
2609 753 2702 805 καὶ
2735 749 2982 820 καθαρὰν
3015 749 3116 818 τῆς
3153 747 3406 816 ἀληθείας
3442 745 3638 812 αὐγὴν,
3685 742 3777 794 καὶ
3826 740 4000 812 ἡμῶν

2408 842 2797 915 ύπερεύχεσθε,
2823 841 2890 894 δι’
2922 840 3161 910 ἀγάπην,
3189 839 3261 899 ὡς
3286 837 3346 888 τὸ
3407 835 3640 898 συνειδὸς
3691 836 3996 903 μαρτυρεῖ,

2407 935 2580 988 ταῦτα
2602 929 2930 1000 συγγράψαι,
2954 931 3050 985 καὶ
3086 930 3238 999 παρά
3299 928 3622 998 προαίρεσιν
3673 926 3998 994 ἀνασχομέ-

2409 1045 2537 1080 νων.
2576 1026 2666 1095 Τῳ
2695 1026 2752 1076 δὲ
2783 1023 2902 1093 Θεῷ
2924 1019 3244 1092 εὐχαριστία
3279 1018 3420 1088 ὑπὲρ
3457 1018 3635 1084 πάσης
3662 1015 3756 1083 τῆς
3785 1017 3844 1066 ὲν
3875 1014 3997 1066 πᾶ-

2404 1125 2495 1170 ’σιν
2521 1114 2683 1169 αὐτοῦ
2706 1114 2933 1185 δωρεᾶς,
2957 1115 3036 1174 εἰς
3060 1112 3184 1172 τοὺς
3214 1109 3439 1169 αἰῶνας.
3474 1107 3670 1176 Ἀμήν.

2445 1247 2825 1302 ΠΡΟΟΙΜΙΟΝ
2855 1243 3174 1299 ΧΡΗΣΕΩΝ
3202 1241 3338 1294 ΤΩΝ
3378 1239 3583 1293 APION
3625 1238 3973 1292 UATEPQN.

2477 1378 2698 1433 Μέλλων
2750 1378 2846 1439 τὰς
2903 1377 3125 1446 χρήσεις
3181 1372 3582 1443 παρατίθεσθαι
3642 1371 3751 1423 τῶν
3808 1371 3993 1436 ἁγίων

2409 1471 2665 1540 Πατέρων
2697 1470 2833 1539 πρὸς
2856 1467 3151 1538 βεϐαίωσιν
3174 1465 3284 1519 τῶν
3309 1465 3595 1534 ἡμετέρων
3629 1462 3828 1530 λόγων,
3862 1464 3994 1514 ἐπι-

2409 1563 2602 1630 στῆσαι
2630 1560 2722 1613 τὸν
2752 1559 2877 1612 νοῦν
2906 1559 2998 1612 τὸν
3049 1558 3447 1626 ἐντυγχάνοντα
3473 1555 3777 1624 παρακαλῶ
3799 1571 3815 1585 ο
3864 1573 3995 1606 συν-

2405 1651 2528 1702 ετοῦ
2552 1649 2661 1720 γὰρ
2676 1649 2847 1701 δεῖται
2867 1646 3140 1718 ἀκροατοῦ
3165 1648 3199 1716 ἡ
3218 1645 3328 1698 τῶν
3349 1644 3681 1714 θαυμαστῶν
3698 1643 3794 1697 τοῦ
3819 1644 3996 1696 Πνεύ-

2410 1759 2578 1812 ματος
2599 1739 2922 1811 συμϐούλων
2944 1739 3251 1801 παίδευσις.
3283 1739 3500 1807 Κάμνει
3530 1737 3638 1806 γὰρ
3666 1736 3821 1802 λόγος
3856 1737 3992 1813 ἀκο-

732 1834 818 1880 rat
846 1827 992 1881 enim
1014 1841 1215 1888 sermo,
1243 1827 1472 1880 auribus
1498 1827 1787 1895 imperitia:
1814 1827 2070 1881 sordibus
2091 1829 2304 1883 onustis

2410 1811 2494 1895 αῖς
2518 1831 2726 1901 ἐνηχῶν
2765 1829 3126 1892 ἀπαιδευσίας
3160 1827 3316 1900 ῥύπῳ
3364 1815 3787 1898 βεϐαρημέναις.
3841 1811 3992 1876 Ὠά-

730 1927 1010 1987 exceptus.
1043 1917 1188 1971 Sicut
1229 1919 1422 1971 monile
1447 1935 1688 1988 aureu‘m,
1733 1919 1809 1971 ait
1844 1918 2065 1988 sapiens
2096 1921 2148 1972 in
2171 1921 2306 1974 Pro-

730 2010 958 2076 verbiis,
975 2019 1024 2064 et
1046 2011 1283 2065 sardium
1315 2013 1494 2080 magni
1522 1983 1675 2079 pretii
1699 2009 2005 2080 alligatum,
2032 2012 2114 2089 sic_
2135 2029 2306 2066 sermo

728 2100 940 2168 sapiens
970 2100 1025 2152 in
1055 2099 1270 2152 auribus
1300 2094 1426 2152 bene
1459 2099 1790 2152 audientium
1821 2099 1862 2151 '.
1896 2099 2159 2154 Auditum
2210 2100 2309 2171 igi-

728 2196 823 2239 tur
845 2195 1096 2249 nostrum
1132 2187 1434 2242 secundum
1480 2204 1700 2246 sensum
1733 2187 1982 2242 divinum
2009 2230 2022 2254 ,
2051 2205 2308 2261 repurge-

729 2294 854 2332 mus
880 2278 950 2333 ab
991 2279 1140 2332 omni
1189 2294 1355 2332 onere
1405 2295 1471 2332 ex
1502 2279 1896 2362 anticipatione
1928 2279 2165 2343 conﬂato
2189 2320 2204 2345 ,
2251 2290 2308 2335 et
2334 2260 2348 2271 Α

731 2377 970 2422 mentem
986 2368 1204 2422 surdam
1228 2368 1512 2422 reddente.
1529 2369 1813 2423 Jam'enim
1833 2369 2034 2424 nubem
2059 2369 2306 2438 testium,

729 2460 874 2514 sicut
905 2459 1201 2528 Apostolus
1253 2459 1330 2513 ait
1356 2461 1398 2524 °,
1436 2461 1842 2528 produccmus.’
1873 2461 1928 2515 Si
1962 2455 2110 2538 forte
2141 2465 2308 2520 tantis

730 2551 930 2606 cedant
950 2551 1042 2620 qui
1065 2547 1390 2620 repugnant.
1427 2551 1713 2620 Siquidem
1745 2563 1972 2622 propter
2003 2557 2310 2612 contentio-

730 2658 858 2697 nem
889 2659 920 2697 a
952 2643 1256 2713 majoribus
1292 2660 1482 2698 eorum
1526 2645 1781 2698 traditam
1819 2662 1928 2699 non
1949 2647 2310 2715 produximus

729 2737 1113 2790 auctoritatem
1155 2737 1491 2807 ambiguam,
1527 2747 1620 2792 aut
1661 2752 1781 2806 qua:
1808 2736 2011 2806 duplici
2025 2737 2106 2792 ter
2133 2723 2308 2808 accipi

730 2833 938 2893 posset,
971 2841 1073 2909 nec
1101 2826 1368 2895 ignobiles
1403 2827 1596 2882 Patres
1628 2836 1797 2882 testes
1824 2829 2121 2882 citavimns
2144 2871 2158 2893 ,
2213 2831 2310 2884 sed

731 2913 918 2980 potius
952 2899 1312 2979 clarissimos,
1355 2925 1411 2969 et
1452 2916 1546 2985 qui
1589 2916 1824 2972 {uerunt
1868 2918 2310 2988 splendidissima

731 3001 886 3055 orbis
911 3003 1119 3057 lumina
1142 3003 1209 3064 ad
1238 3004 1534 3060 dicendum
1563 3006 1940 3097 tgstimonium
1972 3009 2306 3071 vocavimus.

733 3090 1208 3160 Produximusque
1239 3093 1558 3147 testimonia
1587 3090 2035 3148 manifestissima
2056 3136 2070 3160 ,
2119 3105 2175 3149 et
2209 3097 2312 3149 mi-

733 3182 882 3236 nime
910 3182 1113 3248 dubia;
1141 3192 1201 3236 ut
1248 3200 1466 3238 omnem
1509 3200 1701 3238 eorum
1737 3185 2000 3239 adversus
2023 3187 2309 3241 veritatem

730 3267 1194 3344 excogitationem
1223 3277 1665 3331 excluderemus.
1703 3277 1821 3330 Non
1851 3279 2203 3332 recitavimus
2230 3289 2311 3333 te-

732 3365 1009 3430 stimonia,
1048 3367 1101 3420 in
1126 3369 1327 3435 quibus
1349 3377 1455 3431 est,
1506 3384 1571 3420 ex
1603 3368 1807 3436 quibus
1849 3376 1906 3422 et
1934 3384 1965 3421 a
2002 3369 2224 3437 quibus,
2256 3379 2313 3423 et

731 3455 1036 3526 de_quibus
1079 3457 1321 3524 (scilicet
1349 3457 1596 3526 naturis)
1647 3466 1703 3512 et
1747 3471 1876 3512 ante
1909 3448 2170 3514 unionem
2196 3501 2210 3523 ,
2253 3469 2312 3513 nt

732 3546 868 3614 ipsis
905 3550 1084 3618 placet
1132 3565 1330 3603 vocare
1358 3591 1372 3613 ,
1426 3558 1521 3603 aut
1560 3550 1615 3602 in
1649 3549 1876 3614 unione,
1922 3560 1977 3603 et
2009 3551 2311 3604 nonetiam

731 3647 857 3705 post
883 3639 1179 3702 unionem;
1214 3626 1487 3708 siquidem
1521 3646 1606 3693 est
1634 3639 1938 3694 secundum
1983 3641 2311 3708 sapientiam

732 3728 960 3782 istorum
993 3730 1116 3783 finis
1159 3730 1322 3800 hujus
1364 3731 1585 3785 unionis
1613 3719 2158 3786 :seda'ndicavimus
2192 3749 2315 3786 san-

730 3825 871 3880 ctos,
911 3818 1005 3887 qui
1031 3818 1085 3871 in
1127 3819 1458 3873 testimoniis
1488 3819 1606 3873 suis
1636 3819 1898 3873 dixerunt
1930 3821 1982 3874 in
2006 3821 2225 3889 quibus,
2258 3831 2312 3877 ct

731 3924 830 3977 per
862 3924 1018 3977 quas,
1045 3917 1100 3962 et
1122 3918 1406 3978 utrasque,
1439 3918 1614 3979 etpcr
1644 3911 1854 3976 ambas,
1889 3921 1944 3965 et
1979 3911 2169 3966 ambas
2218 3929 2314 3966 na-

733 4010 921 4065 turas,
970 4009 1027 4055 et
1060 4003 1397 4057 substantias
1425 4005 1792 4066 exsistentes,
1854 4012 1910 4057 et
1954 3982 2203 4058 servatas
2258 4006 2311 4058 in

731 4090 956 4152 unione,
976 4099 1032 4144 et
1050 4090 1104 4166 in
1126 4099 1343 4160 tempus
1361 4091 1633 4145 inﬁnitum
1656 4090 2091 4146 indivisibilesi'n
2113 4093 2314 4146 unione

731 4180 1035 4233 secundum
1072 4181 1435 4264 sukbrstantiam
1473 4183 1839 4254 bypostatica.

802 4295 858 4349 Si
892 4281 1019 4364 quis
1052 4302 1237 4348 autem
1268 4295 1466 4349 borum
1502 4295 1913 4351 multitudinem
1947 4297 2315 4350 vel’auctori-

734 4395 902 4440 tatem
933 4379 1295 4454 personarum
1324 4427 1338 4450 ,
1377 4388 1520 4459 sicut
1565 4388 1656 4440 ille
1686 4388 1922 4456 impius,
1965 4402 2131 4456 quem
2167 4387 2318 4441 Scri-

2338 3152 2379 3208 C

2410 1937 2523 1987 περ
2563 1921 2673 1989 γὰρ
2695 1919 2943 1973 ἐνώτιον
2971 1918 3267 1987 χρυσοῦν,
3297 1917 3396 1970 καὶ
3437 1916 3691 1984 σάρδιον
3735 1919 3996 1967 πολυτε-

2407 2012 2512 2078 λὲς
2529 2011 2850 2076 ἐνδέδεται,
2867 2011 3021 2064 οὕτω
3042 2011 3226 2076 λόγος
3252 2008 3447 2078 σοφὸς
3469 2010 3558 2072 εὶς
3574 2003 3683 2072 οὖς
3699 2006 3991 2069 εὐήκοον,

2408 2103 2440 2172 ἡ
2469 2101 2607 2170 σοφὴ
2643 2100 3022 2168 ἀπεφθέγξατο
3067 2098 3365 2168 Παροιμία.
3388 2096 3597 2150 Οὐκοῦν
3630 2097 3692 2148 τὸ
3715 2096 3862 2148 κατά
3896 2098 3994 2164 τὴν

2410 2179 2560 2243 θείαν
2591 2190 2843 2257 αἴσθησιν
2871 2188 3194 2258 ἀκουστικὸν
3221 2186 3397 2258 ἡμῶν,
3424 2186 3629 2248 παντὸς
3661 2185 3996 2255 ἑκκαθάρω-

2413 2296 2511 2350 μεν
2540 2277 2737 2349 ἄχθους
2793 2277 2888 2331 τοῦ
2941 2281 3006 2331 ὲκ
3047 2277 3370 2347 προλήψεως
3419 2277 3836 2345 συνισταμένου.
3898 2276 3998 2327 καὶ

2409 2369 2830 2438 ἀποκωφοῠντος
2856 2368 2946 2420 τὸν
2975 2368 3103 2421 νοῦν
3136 2384 3151 2400 ’
3187 2368 3287 2437 ήδη
3322 2367 3377 2418 δὲ
3424 2367 3486 2419 τὸ
3535 2366 3644 2420 τῶν
3693 2368 3997 2438 μαρτύρων

2393 2456 2588 2529 νέφος,
2611 2455 2828 2532 ᾗφησιν
2858 2461 2886 2511 ὁ
2927 2457 3279 2529 Ἀπδστολος,
3304 2456 3617 2526 ἐποίσομεν,
3648 2455 3714 2511 ἂν
3741 2459 3852 2527 ἀρα
3889 2460 3997 2509 κάν

2408 2554 2520 2614 τοῖς
2545 2550 2883 2620 τηλικούτοις
2924 2549 3143 2614 εἴξωσιν
3193 2552 3242 2600 οἱ
3288 2547 3663 2610 ἀπειθοῦντες.
3717 2549 3831 2602 Καὶ
3884 2552 4000 2620 γὰρ

2410 2641 2716 2712 τῆς,.αὺτῶν
2750 2641 3233 2712 πατροπαραδότου
3263 2640 3834 2710 φιλονεικίαςςένεκεν,
3869 2639 3998 2692 οὔτε

2410 2734 2746 2805 διλήμματον
2781 2735 2814 2803 ὴ
2849 2733 3152 2802 ἀμφίϐολον
3191 2733 3388 2802 χρῆσιν
3413 2732 3834 2802 παρηγάγομεν,
3871 2730 3999 2782 οὔτε

2415 2827 2523 2898 μὴν
2552 2826 2924 2896 ἀσημοτέρους
2956 2825 3203 2895 Πατέρας
3230 2823 3754 2895 ὲπεμαρτυράμεθα.
3784 2825 4002 2886 Αὐτοὺς

2411 2919 2467 2970 δὲ
2492 2918 2617 2980 τοὺς
2652 2916 3006 2985 φανοτάτους,
3031 2915 3130 2968 καὶ
3166 2915 3310 2985 μέγα
3348 2917 3404 2968 ὲν
3434 2918 3500 2985 τῇ
3535 2915 3833 2985 οἰκουμένῃ
3858 2915 4003 2984 λάμ-

2411 3011 2620 3080 ψαντας
2652 3007 3097 3076 ὲπεϐοησάμεθα.
3131 3008 3227 3059 καὶ
3250 3007 3606 3078 τρανωτάτας
3625 3005 3721 3058 καὶ
3751 3007 4002 3074 ἀναμφι-

2413 3101 2639 3163 λέκτους
2676 3099 2977 3170 μαρτυρίας
3030 3098 3516 3167 είσκεκομίκαμεν,
3573 3096 3756 3149 πᾶσαν
3811 3095 4005 3156 αὐτοῖς

2412 3191 2797 3254 ἀποκλείοντες
2831 3192 2971 3258 κατά
3000 3191 3100 3258 τῆς
3122 3189 3380 3259 ἀληθείας
3405 3189 3670 3251 ἐπίνοιαν.
3705 3187 3782 3239 Οὐ
3815 3186 3919 3248 τὰς
3944 3187 4007 3249 ἐξ

2410 3279 2483 3338 ὧν
2516 3284 2550 3355 ἢ
2585 3285 2677 3352 ἀφ’
2706 3277 2782 3336 ὧν
2814 3282 2846 3349 ἢ
2886 3284 3012 3352 παρ’
3059 3276 3154 3346 ὧν,
3190 3281 3285 3334 καὶ
3319 3279 3427 3349 πρὸ
3462 3281 3558 3348 τῆς
3608 3276 3879 3340 ὲνὼσεως,
3926 3279 4006 3339 ὡς

2413 3375 2594 3436 αὐτοῖς
2631 3375 2781 3442 φίλον
2815 3372 3019 3435 καλεῖν,
3049 3372 3082 3440 ἢ
3113 3373 3170 3424 ὲν
3217 3373 3284 3440 τῇ
3342 3369 3556 3432 ὲνὼσει,
3596 3368 3690 3420 καὶ
3735 3367 3860 3436 οὐχὶ
3910 3368 4009 3419 καὶ

2415 3464 2553 3535 μετά
2580 3464 2676 3535 τὴν
2701 3452 2896 3522 ἒνωσὶν
2931 3479 2944 3492 ο
2980 3463 3140 3534 εἴπερ
3199 3460 3321 3513 ἐστὶ
3356 3460 3496 3512 κατά
3533 3460 3632 3528 τὴν
3677 3458 3862 3511 αὐτῶν
3912 3473 4006 3510 σο-

2413 3557 2539 3626 φίαν
2578 3555 2782 3625 ταύτης
2823 3555 2995 3614 τέλος,
3027 3553 3162 3606 ἀλλά
3195 3553 3293 3614 τὰς
3321 3553 3378 3604 ἐν
3407 3546 3510 3613 οἷς,
3539 3551 3632 3603 καὶ
3668 3549 3735 3601 δι’
3773 3542 3876 3611 ὧν,
3896 3551 4010 3618 ἀμο

2414 3645 2648 3718 φοτέρας
2681 3664 2739 3700 τε
2766 3650 2862 3698 καὶ
2888 3645 2952 3697 δι’
2987 3645 3193 3714 ἀμφοῖν
3224 3643 3322 3695 καὶ
3346 3645 3536 3712 ἄμφω,
3565 3641 3759 3709 φύσεις
3797 3657 3859 3691 τε
3912 3641 4011 3691 καὶ

2351 3761 2364 3772 λ
2412 3739 2624 3803 οὐσίας,
2645 3736 2812 3799 οὔσας
2843 3752 2901 3788 τε
2936 3728 3034 3788 καί
3063 3734 3472 3804 φυλαττομένας
3506 3732 3562 3784 ἒν
3593 3749 3652 3784 τε
3683 3734 3752 3800 τῇ
3785 3730 4008 3792 ἑνώσει,
4035 3755 4058 3762 —

3409 3825 3469 3874 ὲν
3523 3825 3587 3892 τῇ
3640 3824 3762 3874 κατ’
3809 3821 4009 3873 οὐσίαν
4083 3875 4100 3886 _

2413 3831 2635 3900 καὶ-,εἰς
2681 3828 2910 3897 ἄπειρον
2961 3827 3299 3896 ἀδιαιρέτους
3337 3841 3351 3853 ·

2416 3921 2757 3988 ὑποστατικῇ
2801 3917 3016 3982 ἐνώσει,
3079 3915 3438 3983 ὁπεφήναμεν
3483 3914 3610 3974 τοὺς
3662 3911 4008 3978 ἁγίους-κα-

2415 4011 2833 4080 ταγγείλαντας.
2925 4071 2928 4073 ς

2489 4297 2549 4348 Εἰ
2603 4295 2658 4347 δέ
2703 4309 2784 4355 τις
2813 4291 2875 4342 τὸ
2902 4290 3107 4346 τούτων
3150 4285 3372 4350 πλῆθος,
3399 4285 3431 4354 ἦ
3456 4283 3564 4336 τῶν
3599 4282 3914 4352 προσώπων
3947 4282 4015 4334 τὸ

2415 4387 2760 4451 ἀξιόπιστον,
2776 4365 2917 4437 κατὰ
2933 4380 3024 4434 τὸν
3039 4382 3097 4432 ὲν
3117 4382 3184 4450 τῇ
3214 4379 3404 4447 Γραφῇ
3437 4375 3610 4443 ἀσεϐῆ
3632 4375 3733 4427 οὐκ
3775 4375 4012 4426 αἰδεῖται

731 4483 896 4544 ptura
933 4473 1067 4530 dicit
1093 4475 1135 4539 ⁷,
1165 4490 1275 4533 non
1306 4482 1594 4529 r‘evcretur
1617 4492 1631 4539 ;
1655 4476 1732 4553 ait
1755 4479 1905 4530 enim
1929 4494 1941 4528 :
1969 4475 2172 4545 Impius
2198 4487 2311 4539 est,-

2410 4477 2658 4553 (Ἀσεϐὴς
2677 4475 2807 4545 γὰρ,
2823 4474 3011 4544 φησὶν,
3022 4471 3081 4533 ὃς
3095 4470 3198 4523 οὐκ
3211 4468 3409 4539 ᾐδέσθη
3427 4467 3720 4546 πρόσωπον
3735 4465 4010 4535 ἐντίμου),

733 4565 827 4634 qui
855 4577 965 4619 non
999 4575 1286 4623 reveretur
1313 4582 1607 4635 personam
1637 4547 1895 4621 honorati
1927 4587 1938 4620 :
1973 4568 2088 4644 ipse
2125 4577 2308 4623 autem

735 4655 948 4722 ignotas
975 4656 1374 4719 auctoritates,
1418 4665 1474 4709 et
1506 4672 1617 4709 non
1671 4657 1757 4710 vel
1803 4673 1867 4711 ex
1903 4659 2037 4726 ipsis
2062 4660 2312 4731 cognitas

733 4746 818 4799 vel
853 4761 918 4799 ex
957 4748 1100 4809 aliis,
1139 4748 1224 4801 his
1259 4748 1465 4801 nostris
1514 4750 1824 4804 contrarias
1878 4751 2158 4818 producit,
2218 4753 2312 4806 dc-

735 4849 1002 4895 monstret
1036 4842 1189 4910 prius
1221 4858 1331 4896 non
1365 4859 1487 4898 esse
1531 4845 1754 4898 illorum
1804 4845 1903 4899 bas
1937 4856 2154 4901 nostras
2180 4887 2196 4911 ,
2258 4858 2315 4903 et

728 4930 816 4989 sic
851 4933 986 4987 istas
1033 4935 1386 5004 recipiemus.
1423 4937 1677 5002 Quandiu
1727 4939 1875 4992 enim
1899 4939 2005 4992 ~ba3
2043 4941 2178 4994 satis
2221 4940 2315 4994 ﬁr-

733 5020 940 5079 mitatis
997 5024 1235 5089 habent,
1294 5034 1520 5094 propter
1551 5027 1903 5095 splendorem
1946 5028 2212 5081 librorum
2259 5039 2318 5082 et
2365 5088 2374 5096 _.

734 5127 962 5186 propter
993 5116 1335 5190 nobilitatem
1367 5117 1612 5180 Patrum,
1663 5117 1787 5170 illas
1811 5118 1896 5170 vel
1931 5133 2040 5171 non
2077 5119 2314 5186 recipie-

737 5225 860 5262 mus
883 5226 913 5264 a
945 5210 1241 5279 principio,
1268 5225 1392 5264 cum
1415 5210 1504 5264 his
1526 5216 1839 5279 pugnantes
1863 5226 1876 5262 :
1896 5209 1980 5262 vel
2006 5209 2052 5263 si
2084 5211 2317 5278 recipia-

737 5316 896 5365 mus,
949 5309 1212 5370 tanquam
1269 5317 1394 5356 cum
1446 5302 1534 5356 his
1585 5294 2028 5362 consentientes,
2076 5310 2134 5354 et
2165 5301 2316 5353 nullo

738 5391 902 5447 modo
943 5393 1320 5463 discrepantes
1343 5392 1694 5461 recipiemus.
1726 5391 1924 5447 Conari
1967 5392 2116 5446 enim
2163 5392 2319 5446 theo-

740 5485 894 5554 logos
933 5485 1001 5540 ad
1035 5487 1533 5540 contradictionem
1565 5485 1840 5539 adducere
1865 5527 1880 5548 ,
1914 5496 1970 5540 et
1993 5485 2174 5538 dicere
2199 5501 2227 5538 a
2260 5501 2317 5538 se

741 5576 877 5647 ipsis
922 5575 1238 5641 dissentire,
1286 5578 1373 5631 hic
1418 5587 1649 5631 conatus
1686 5584 1976 5645 susceptus
2004 5586 2056 5628 et
2089 5577 2193 5628 hoc
2229 5591 2319 5628 ne-

2412 4573 2661 4641 ἀσήμους
2691 4567 2746 4620 δὲ
2803 4567 2896 4619 καὶ
2920 4565 3020 4616 οὐκ
3041 4559 3416 4630 ἐγνωσμένας,
3440 4557 3518 4619 ὡς
3542 4557 3602 4618 ἐξ
3621 4557 3804 4614 αὐτῶν
3828 4558 3862 4624 ἡ
3888 4558 4013 4608 ἑτέ-

2417 4682 2544 4738 ρων,
2570 4660 2782 4719 τούτοις
2812 4654 3062 4716 ἐναντίας
3118 4651 3342 4721 χρήσεις
3381 4646 3731 4718 προκομίζοι,
3774 4645 4015 4711 δειξάτω

2413 4737 2654 4823 πρῶτον,
2688 4753 2769 4804 ὅτι
2800 4749 2879 4818 μὴ
2910 4740 3072 4799 αὗται
3096 4743 3322 4796 ἐκείνων
3341 4737 3501 4794 οὖσαι
3529 4740 3890 4808 τυγχάνουσι,
3915 4741 4014 4790 καὶ

2414 4846 2587 4906 οὕτως
2613 4842 2826 4902 ὲκείνας
2857 4834 3171 4905 δεξαίμεθα.
3207 4834 3348 4895 Ἕως
3384 4831 3429 4883 δ’
3461 4830 3527 4884 ἂν
3559 4824 3716 4884 αὗται
3748 4829 3811 4882 τὸ
3857 4833 4013 4898 ἰσχυ-

2419 4938 2511 5009 ρὸν
2547 4935 2754 5004 ἔχουσι,
2781 4933 2849 5000 τῇ
2879 4946 2937 4981 τε
2982 4928 3094 4979 τῶν
3153 4923 3552 4993 συνταγμάτων
3605 4921 3964 4991 λαμπρότητι
3994 4963 4012 4986 ,

2417 5028 2511 5082 καὶ
2549 5021 2878 5094 περιφανείᾳ
2903 5023 2969 5089 τῇ
2995 5018 3103 5071 τῶν
3125 5016 3409 5086 Πατέρων,
3443 5014 3658 5076 ὲκείνας
3703 5011 3736 5081 ἢ
3785 5013 3850 5064 οὐ
3912 5031 4015 5064 πα-

2427 5113 2791 5188 ραδεξαίμεθα
2809 5112 2906 5182 τὴν
2923 5109 3122 5181 ἀρχὴν,
3145 5106 3289 5160 κατά
3309 5103 3517 5157 τούτων
3539 5102 4011 5169 στρατευομένας·

2421 5207 2455 5276 ἦ
2485 5205 2790 5274 δεξάμενοι,
2824 5203 2900 5265 ὼς
2932 5201 3226 5269 σύμφωνον
3244 5196 3456 5257 τούτοις
3485 5193 3712 5263 ἐχούσας
3742 5192 4010 5250 διάνοιαν,

2426 5302 2520 5353 καὶ
2547 5297 2669 5349 κατ’
2702 5295 2856 5347 οὐδὲν
2891 5291 3204 5362 μαχομένας
3234 5284 3604 5356 ὲκδεξώμεθα.
3653 5283 3727 5334 Τὸ
3769 5285 3886 5352 γάρ
3933 5287 4013 5344 εἰς

2423 5391 2710 5458 ἀντίφασιν
2737 5387 3030 5457 πειρᾶσθαι
3059 5384 3185 5446 τοὺς
3219 5379 3503 5447 θεολόγους
3523 5377 3698 5443 ἄγειν⁹
3720 5376 4012 5442 καὶάσυμ-

2427 5482 2635 5549 φώνους
2671 5479 2855 5546 σφίσιν
2886 5477 3084 5537 αὐτοὺς
3132 5471 3459 5542 γεγενῆσθαι
3503 5469 3685 5536 λέγειν
3711 5483 3723 5494 ·
3767 5466 3828 5518 οὐ
3889 5465 4014 5517 καθ’

2399 5555 2582 5642 ’ἡμῶν
2623 5574 2738 5624 ἐστι
2785 5573 2843 5624 τὸ
2893 5568 3233 5638 ἐγχείρημα·
3273 5563 3414 5617 κατά
3443 5561 3500 5614 δὲ
3539 5559 3636 5629 τῆς
3672 5557 3901 5611 ἐκείνων
3928 5555 4006 5606 ὁὸ-

814 5781 835 5811 ⁵
864 5778 1027 5834 Prov.
1065 5794 1187 5845 xxv,
1224 5780 1287 5831 l2
1313 5792 1424 5833 sec.
1457 5776 1614 5831 LXX.
1661 5777 1680 5803 “
1710 5775 1882 5829 Hebr.
1922 5791 2010 5840 xu,
2049 5776 2095 5828 I.
2160 5777 2178 5806 ⁷
2230 5774 2359 5843 Sap.
2393 5791 2471 5838 τι,
2521 5773 2600 5826 l0.
