4218 6444
239 399 379 467 1309

232 508 356 575 inc,
390 509 589 575 μᾶὶλον
618 510 672 563 δὲ
705 511 803 580 τῆς
841 513 933 565 τοῦ
972 515 1206 578 Παύλου,
1264 522 1355 572 καὶ
1401 520 1517 574 ἔστι
1565 523 1665 591 τῆς
1710 525 1804 578 τοῦ

234 601 393 664 ἁγίου
427 603 742 670 Πνευματος
774 605 1082 672 αὑθεντίας,
1130 613 1224 663 καὶ
1263 613 1358 666 τοῦ
1415 616 1472 666 ἐν
1525 616 1671 685 αὐτῷ
1719 615 1810 668 λα-

229 684 454 749 λοῦντος
486 689 743 758 Χριστοῦ.
778 693 932 746 Μετὰ
991 697 1098 766 γάρ
1155 701 1281 762 τοὺς
1335 684 1664 766 ἀποστόλους
1715 708 1808 756 καὶ¹

228 778 360 838 τοὺς
402 782 707 850 προφήτας,
759 784 816 834 ὲν
847 787 912 854 τῇ
961 784 1257 860 Ἐκκλησία
1280 792 1402 854 τοὺς
1432 792 1805 859 διδασκάλους,

224 869 376 921 κατὰ
409 872 508 941 τὴν
540 871 940 943 ἀνεξιχνίαστον
969 878 1061 930 τοῦ
1117 880 1429 949 Πνεύματος
1470 886 1802 954 οἰκονομίαν,

223 959 474 1013 τέθεικεν
505 963 532 1014 ὁ
559 963 710 1029 Θεὸς,
742 967 820 1026 εἰς
848 966 1006 1035 ἔργον
1048 969 1370 1037 διακονοίας,
1401 974 1480 1036 είς
1509 974 1804 1048 οἰκοδομὴν

223 1051 323 1102 τοῦ
361 1054 608 1124 σώματος
651 1058 745 1110 τοῦ
777 1059 1032 1127 Χριστοῦ.
1067 1062 1274 1114 Οὐκοῦν
1319 1066 1347 1117 ὁ
1403 1066 1528 1128 τοὺς
1560 1067 1804 1138 Πατέρας

226 1143 308 1211 μὴ
341 1141 630 1210 δεχόμενος
661 1148 788 1209 τοὺς
811 1149 1088 1216 διαφανεῖς
1125 1168 1184 1203 τε
1231 1153 1324 1205 καὶ
1354 1155 1414 1206 ὲν
1449 1157 1516 1225 τῇ
1570 1157 1801 1227 Ἐκκλη-

227 1231 320 1300 σία
353 1233 445 1284 τοῦ
477 1234 611 1286 Θεοῦ
640 1239 1021 1309 περιϐοήτους,
1052 1243 1344 1313 προφανῶς
1364 1248 1432 1316 τῇ
1451 1245 1680 1319 διαταγῇ
1708 1248 1800 1301 τοῦ

221 1321 365 1373 Θεοῦ
395 1324 750 1394 ἀνθέστηκεν.

301 1412 370 1464 Τί
429 1415 606 1468 τοίνυν
666 1419 912 1488 διαφέρει
979 1423 1134 1476 οὐσία
1203 1425 1574 1490 ὑποστάσεως,
1634 1429 1800 1498 ἧγουν

222 1503 392 1570 φύσις
418 1507 732 1576 προσώπου,
770 1513 835 1564 ἐκ
867 1513 975 1564 τῶν
1023 1515 1276 1581 μεγάλων
1322 1521 1644 1588 φωστήρων,
1695 1519 1800 1572 Βα-

221 1594 433 1649 σιλείου
459 1615 518 1650 τε
553 1600 648 1652 καὶ
677 1601 714 1651 Γ
719 1604 1000 1672 ρηγορίου,
1053 1606 1247 1673 μαθεῖν
1311 1608 1516 1672 ἔξεστιν
1549 1626 1564 1641 ο
1601 1610 1797 1673 οἵτινες

217 1685 326 1737 ὑπὸ
362 1689 561 1741 κανόνα
623 1693 716 1744 καὶ
761 1694 884 1762 ὅρον
926 1696 993 1747 τά
1035 1696 1131 1749 νῦν
1175 1699 1306 1768 ἡμῖν
1349 1699 1654 1770 ζητούμενα
1698 1702 1794 1753 άν-

215 1776 451 1843 ήγαγον,
487 1781 674 1848 σαφῶς
699 1783 1030 1848 διδάξαντες,
1059 1788 1112 1838 τί
1141 1789 1240 1858 μὲν
1283 1789 1461 1850 οὐσία,
1487 1791 1544 1842 τί
1575 1791 1632 1843 δὲ
1665 1792 1796 1867 ὑπότ

216 1886 434 1932 στασις,
473 1873 566 1924 καὶ
599 1874 674 1937 ὼς
714 1875 876 1943 φύσις
899 1881 1092 1932 ταυτόν
1122 1855 1238 1934 ἐστι
1262 1885 1330 1951 τῇ
1353 1883 1530 1953 οὐσίᾳ,
1555 1862 1792 1939 suam;
1822 1855 1866 1911 Β

213 1961 302 2021 ai;
348 1978 405 2014 τε
463 1963 541 2034 τῷ
601 1968 903 2037 προσώπῳ,
965 1972 1057 2022 καὶ
1120 1972 1258 2037 πῶς,
1299 1975 1394 2025 καὶ
1444 1976 1582 2030 κατά
1633 1994 1792 2029 τινων

210 2052 390 2106 ταῦτα
452 2056 690 2125 λέγεται,
735 2060 833 2121 τάς
883 2077 941 2114 τε
967 2063 1312 2133 ἀντωνυμίας
1339 2065 1538 2126 αὐτῶν,
1575 2067 1669 2119 καὶ⁵
1695 2068 1792 2136 τὴν

209 2143 596 2216 ἀντεμπλοκὴν
656 2148 892 2216 ἔμπαλιν
945 2150 1177 2220 ἐχούσης
1227 2153 1328 2222 τῆς
1382 2153 1659 2222 Θεολογίας
1720 2157 1787 2225 τῇ

209 2235 520 2304 οἰκονομίᾳ,
557 2240 698 2291 κατᾶ
723 2241 820 2308 τὴν
858 2240 966 2292 τῶν
997 2243 1278 2310 ὀνομάτων
1309 2242 1512 2296 τούτων
1570 2243 1789 2308 ὲπίζευ-

212 2324 297 2386 ξίν
341 2341 398 2376 τε
431 2326 527 2378 καὶ
583 2328 914 2397 ὅπαλλαγὴν.
962 2331 1116 2383 Μετὰ
1161 2331 1219 2384 δὲ
1279 2332 1376 2402 τὴν
1428 2335 1632 2385 τούτων
1685 2351 1789 2387 πα-

212 2413 460 2484 ράθεσιν,
503 2419 594 2470 καὶ
642 2421 768 2482 τοῦς
820 2420 1011 2484 ἄλλους
1048 2422 1223 2494 ἱεροὺς
1254 2422 1603 2486 διδασκάλους
1650 2442 1788 2495 παρα

211 2508 417 2575 άξομεν
482 2511 560 2572 εἰς
595 2511 757 2580 μέσον
791 2528 804 2542 ·
845 2515 973 2581 μιᾶς
1017 2531 1119 2566 που
1159 2517 1191 2584 ἡ
1227 2515 1486 2581 δευτέρας
1520 2516 1785 2585 χρήσεως,

206 2600 310 2667 τὴν
346 2602 523 2654 πᾶσαν
553 2605 685 2669 ἡμῖν
712 2603 817 2656 τῶν
849 2603 1122 2672 Θεοσὸφων
1148 2605 1387 2658 διάνοιαν
1415 2607 1786 2676 παριστώσης.

222 2693 430 2743 Ἱκαναὶ
463 2693 568 2763 γὰρ
605 2695 698 2745 καὶ
729 2690 888 2747 αὗται
922 2696 1240 2748 καταιδέσαι
1265 2686 1391 2758 τοῦς
1416 2697 1782 2766 εὐγνώμονας.

204 2769 352 2845 Teia;
379 2784 488 2854 γάρ
537 2783 610 2854 μὴ
659 2786 929 2848 τοιούτους
977 2786 1087 2838 οὐδ’
1134 2786 1198 2839 ἂν
1227 2789 1381 2849 ὀπᾶς
1437 2788 1620 2840 πείσαι
1676 2789 1784 2841 τῶν

207 2875 384 2940 ἁγίων
424 2877 601 2946 χορὸς,
643 2878 736 2929 καὶ
775 2879 823 2929 εἰ
866 2878 963 2940 τὰς
990 2881 1166 2940 πάσας
1201 2879 1380 2932 αὐτῶν
1429 2882 1523 2934 καὶ
1572 2880 1782 2952 ἁθρόως

209 2965 595 3030 ἐξαντλοῦντες
626 2969 988 3040 καταχέοιμεν
1020 2970 1384 3036 διδασκαλίας.

1291 416 1589 478 CONTRA
1628 420 1946 485 NESTOR.
1990 427 2085 486 ET
2131 431 2446 496 EUTYCH.

3341 451 3470 512 131:)

1835 533 1879 588 Α
1908 533 2114 600 gotium
2149 553 2258 592 non
2283 552 2368 596 est
2407 555 2596 601 contra
2626 564 2747 614 nos,
2780 553 2874 606 sed
2901 563 3089 610 contra
3115 557 3333 612 illorum
3355 565 3473 631 κιο-

1913 622 2069 686 riam,
2104 626 2216 682 imo
2253 645 2385 686 vero
2430 644 2621 690 contra
2653 639 2878 693 Paulum
2906 683 2918 703 .
2955 653 3010 697 et
3059 646 3240 702 adhuc
3285 622 3472 704 contra

1912 713 2146 782 Spiritus
2174 723 2346 776 sancti
2387 727 2768 783 auctoritatem
2796 773 2810 796 ,
2854 739 2908 786 et
2941 733 3214 790 Christum
3270 740 3364 808 qui
3415 741 3469 792 in

1909 801 2458 898 Pauloloquebatur;
2484 855 2496 869 .
2530 817 2660 871 Post
2678 821 2827 873 enim
2855 825 3129 890 apostolos
3159 834 3214 880 et
3238 801 3471 898 pr0pbe-

1911 901 1992 946 tas
2017 932 2032 955 ,
2067 895 2322 954 doctores
2353 906 2536 970 posuit
2588 909 2642 962 in
2682 909 2926 966 Ecclesia
2977 915 3122 969 Deus
3167 895 3469 987 secundum

1907 985 2308 1051 providentiam
2338 991 2575 1061 Spiritus
2613 1001 2786 1055 sancti
2818 1003 3326 1074 incompreltcnsam
3352 985 3374 1072 ,ﬁ
3412 1010 3468 1064 in

1906 1089 2046 1166 opus
2078 1078 2391 1146 ministerii,
2421 1085 2488 1138 ad
2524 1087 2940 1148 aedificationem
2965 1097 3214 1166 corporis
3239 1098 3489 1155 Cbristi'.

1904 1161 2083 1227 Quare
2105 1169 2199 1236 qui
2229 1169 2419 1227 Patres
2451 1174 2576 1230 illos
2621 1193 2730 1232 non
2764 1184 2958 1251 recipit
2989 1161 3082 1255 qui
3126 1188 3182 1241 in
3221 1188 3466 1244 Ecclesia

1903 1252 2034 1307 clari
2069 1264 2126 1309 et
2163 1260 2412 1317 celebres
2453 1275 2601 1331 sunt,
2629 1269 2790 1337 plane
2818 1252 3149 1331 ordinationi
3179 1286 3235 1332 et
3258 1279 3464 1334 consti-

1904 1343 2101 1399 tutioni
2126 1347 2221 1402 Dei
2247 1354 2471 1408 resistit.

1969 1432 2110 1498 Quid
2138 1451 2268 1508 ergo
2297 1443 2602 1502 substantil
2647 1449 2717 1504 ab
2752 1451 3044 1522 bypostase
3094 1455 3352 1522 differat,
3409 1459 3461 1514 id

1813 1591 1820 1594 ν
1899 1531 1984 1577 est
2014 1536 2208 1582 natura
2257 1546 2287 1584 a
2315 1547 2566 1600 persona,
2604 1554 2672 1593 ex
2705 1545 3244 1612 magnisluminibus
3267 1547 3462 1603 Basilio

1896 1621 1952 1667 et
1979 1614 2242 1687 Gregorio
2279 1620 2406 1676 licet
2426 1623 2675 1693 discere;
2706 1630 2801 1697 qui
2833 1631 2935 1685 sub
2979 1635 3220 1704 regulam
3248 1645 3304 1691 et
3324 1636 3460 1690 defi-

1899 1705 2186 1770 nitionem,
2211 1726 2334 1780 qua
2366 1729 2511 1769 nunc
2543 1719 2841 1786 querimus
2882 1722 3254 1790 reduxerunt,
3311 1727 3460 1782 clare

1895 1801 1951 1848 et
1982 1796 2240 1855 distincte
2266 1802 2546 1869 docentes,
2578 1809 2712 1877 quid
2746 1811 3074 1879 substantia,
3117 1823 3173 1868 et
3207 1817 3334 1884 quid
3368 1817 3459 1887 by-

1895 1889 2149 1966 postasis,
2178 1901 2234 1944 et
2256 1894 2402 1961 quod
2437 1907 2633 1952 natura
2663 1899 2804 1954 idem
2833 1911 2917 1956 est
2954 1904 3101 1973 quod
3130 1907 3454 1971 substantia.

1895 1977 2038 2032 idem
2062 1982 2369 2052 hypostasis
2388 1994 2724 2055 etpersona,
2754 2000 2812 2046 et
2833 1997 3129 2061 quomodo.
3152 2005 3210 2050 et
3235 1997 3304 2052 de
3336 2000 3459 2067 qui-

1893 2067 1995 2122 bus
2029 2071 2146 2125 bec
2170 2072 2451 2127 dicuntur.
2509 2076 2577 2130 Et
2607 2079 3025 2146 quomerinitas
3071 2085 3219 2156 (26)
3263 2094 3454 2143 contra

1893 2169 2056 2228 atque
2087 2162 2396 2218 incarnatio
2435 2165 2602 2221 habet
2639 2172 2987 2239 pronomina,
3034 2185 3090 2229 et
3118 2177 3454 2247 complexio-

1892 2267 2016 2306 nem
2046 2255 2346 2333 secundum
2373 2256 2782 2326 adjunctionem
2811 2270 2868 2316 et
2887 2263 3245 2320 variationem
3275 2261 3455 2322 nomi-

1886 2358 2040 2396 num.
2073 2345 2200 2399 Post
2243 2347 2383 2402 hanc
2426 2350 2892 2419 comparationem
2921 2395 2936 2419 ,
2979 2355 3345 2424 produeemus
3399 2357 3454 2411 in

1887 2434 2127 2488 medium
2153 2436 2289 2492 alios
2306 2453 2491 2494 sacros
2513 2441 2792 2506 doctores,
2813 2459 2921 2498 una
2944 2454 3040 2499 aut
3070 2447 3239 2502 altera
3265 2456 3456 2502 aucto-

1885 2525 2047 2579 ritate
2071 2527 2322 2592 recitata,
2346 2545 2469 2599 qua:
2494 2540 2662 2584 totam
2695 2543 2933 2586 mentem
2958 2547 3270 2590 sanctorum
3294 2537 3456 2591 nobis

1885 2617 1957 2672 ob
1984 2618 2172 2672 oculos
2200 2629 2389 2688 ponat.
2429 2621 2522 2676 Hae
2551 2623 2698 2677 enim
2734 2624 3013 2680 sufﬁciunt
3045 2627 3367 2682 reverentia:
3399 2635 3455 2682 et

1892 2707 2088 2777 pudori
2119 2710 2498 2779 prudentium.
2523 2713 2658 2767 Nam
2681 2716 2773 2783 qui
2801 2732 2912 2770 non
2937 2715 3143 2771 fuerint
3168 2717 3320 2781 tales,
3352 2733 3454 2773 nec

1893 2797 2186 2852 universus
2206 2808 2381 2853 caelus
2397 2797 2710 2856 sanctorum
2727 2804 2806 2857 eis
2822 2804 3192 2873 persuadebit,
3205 2807 3456 2874 quamvis

1889 2904 2080 2945 omnes
2113 2905 2304 2948 eorum
2335 2892 2617 2952 doctrinas
2646 2895 2984 2964 bauriamus,
3026 2907 3084 2952 et
3117 2897 3172 2953 in
3209 2897 3343 2955 istos
3376 2897 3458 2953 ef-

1891 2979 2203 3035 fundamus.

288 3170 358 3230 In
391 3171 661 3234 editione
736 3174 949 3235 Latina
979 3177 1214 3237 Leontii
1251 3185 1598 3254 sequuntur
1628 3181 1835 3241 multa;
1864 3182 2116 3242 Patrum
2153 3185 2575 3248 auctoritates.
2595 3189 3034 3252 Verumtamen
3065 3209 3206 3253 cum
3237 3192 3454 3270 legan-

209 3281 311 3333 tur
346 3273 472 3334 sive
501 3275 562 3334 in
585 3276 884 3354 Operibus
916 3280 1162 3339 Patrum
1195 3297 1230 3340 a
1263 3282 1444 3342 nobis
1468 3281 1599 3360 jam
1644 3283 1844 3356 editis,
1896 3285 2025 3346 sive
2059 3285 2124 3345 in
2155 3288 2426 3350 concilio
2455 3290 2944 3353 Chalcedonensi
2976 3294 3075 3353 ed.
3108 3295 3288 3355 Rom.
3330 3302 3452 3355 act.

209 3390 299 3446 iv,
340 3381 496 3451 part.
544 3392 636 3447 ιιι,
691 3378 857 3454 quod
898 3377 963 3436 in
997 3380 1416 3442 Conciliorum
1455 3383 1730 3444 editione
1786 3403 1998 3446 sumus
2052 3387 2298 3461 edituri,
2332 3390 2659 3452 minuendi
2703 3393 3039 3454 voluminis
3068 3393 3283 3471 gratia,
3314 3393 3454 3474 ple-

206 3489 436 3550 rasque
463 3473 600 3534 illas
628 3477 1027 3538 auctoritates
1057 3476 1156 3539 hic
1194 3481 1561 3556 omittimus,
1596 3484 1813 3561 paucis
1841 3484 2180 3546 admodum
2211 3489 2466 3550 retentis
2502 3499 2659 3569 quas
2689 3489 2790 3552 hic
2831 3491 3216 3570 subjicimus.

205 3669 485 3735 Πρόκλου
535 3673 874 3752 ἐπισκέπτῃ)
938 3681 1631 3752 Κωνστςτντινουπόλεως
1688 3687 1776 3752 εἰς

491 3744 580 3805 τι),
621 3761 639 3792 ‹
681 3744 932 3797 Παιδίον
953 3747 1246 3817 ἐγεννήθη
1274 3754 1438 3821 ἡμῖν.
1472 3775 1490 3805 ι
1607 3744 1622 3752 ’
1707 3755 1711 3759 ’

289 3870 350 3921 ’0
383 3872 544 3935 αὐτὸς
576 3875 790 3944 ἀληθῶς
822 3877 955 3940 Θεὸς
989 3883 1081 3934 καὶ
1107 3883 1350 3952 ἀψευδῶς
1372 3887 1673 3958 ἅνθρωπος,
1701 3887 1777 3959 τῷ

206 3961 388 4031 Πατρὶ
437 3964 558 4015 καθ’
587 3965 616 4017 ὃ
662 3964 729 4036 ἦν
793 3971 1103 4038 ὁμοούσιος,
1141 3977 1232 4027 καὶ
1288 3980 1408 4045 ἐμοὶ
1467 3980 1587 4031 καθ’
1619 3981 1645 4031 ὃ
1689 3981 1780 4047 γέ-

204 4067 366 4118 γονεν
394 4052 520 4106 ἄνευ
553 4056 829 4126 ἁμαρτίας
854 4062 1151 4130 ὁμόφυλος,
1182 4069 1213 4136 ὴ
1246 4067 1366 4121 Θεία
1411 4069 1571 4137 ᾳὺσις
1623 4073 1780 4124 ἄκτι-

204 4159 356 4206 στος,
389 4146 422 4212 ἡ
452 4145 510 4208 ὲξ
567 4148 700 4216 ἐμοῦ
765 4154 1176 4221 προσληφθεῖσα
1220 4159 1523 4223 ἅνὸθευτος,
1550 4163 1650 4213 καὶ
1704 4157 1782 4226 εἷς

203 4237 358 4289 ἐστιν
410 4237 555 4300 Υἱὸς,
611 4239 672 4292 οὐ
741 4242 848 4294 τῶν
914 4245 1130 4312 φύσεων
1193 4250 1270 4310 είς
1319 4251 1411 4302 δύο
1456 4253 1783 4318 ὑποστάσεις

203 4325 621 4395 διαιρουμένων,
659 4333 803 4386 ἀλλὰ
823 4337 923 4403 τῆς
953 4342 1186 4408 φρικτῆς
1218 4343 1534 4407 οἰκονομίας
1557 4345 1652 4408 τὰς
1688 4346 1780 4399 δύο

205 4415 394 4484 φύσεις
417 4419 496 4480 εἰς
531 4419 658 4488 μίαν
689 4422 984 4479 ὑὴόστασιν
1010 4428 1288 4498 ὲνωσάσης
1329 4431 1464 4498 (25).

217 4549 332 4603 Τοῦ
357 4551 528 4619 ἁγίου
547 4556 1264 4631 Εἱρηναίουηὲπισκόπου
1289 4560 1774 4631 Λουγηδούνουκαὶ

828 4628 1148 4696 μάρτυρος.

281 4727 494 4798 Ὥσπερ
533 4732 640 4800 γὰρ
672 4734 702 4801 ἡ
739 4735 991 4800 κιϐωτὸς,
1016 4742 1416 4811 κεχρυσωμένη
1448 4743 1651 4797 ἔσωθεν
1681 4749 1774 4798 καὶ

202 4819 404 4884 ἔξωθεν
428 4822 631 4889 χρυσίῳ
667 4824 894 4894 καθαρῷ
920 4823 1007 4897 ἦν,
1046 4829 1191 4882 οὕτω
1221 4834 1313 4883 καὶ
1338 4832 1398 4884 τὸ
1425 4833 1515 4885 τοῦ
1538 4826 1774 4903 Χριστοῦ

205 4909 371 4977 σῶμα
401 4909 638 4980 καθαρδν
659 4909 725 4982 ἦν
753 4915 847 4968 καὶ
875 4916 1094 4985 διαυγές
1116 4935 1127 4946 ·
1161 4919 1364 4974 ἔσωθεν
1411 4923 1508 4992 μὲν
1535 4925 1613 4994 τῷ
1638 4924 1780 4995 λόγῳ

274 5108 296 5139 ⁸
337 5109 540 5176 Eplics.
572 5128 648 5174 tv,
678 5113 766 5178 ll,
801 5114 886 5169 l2.
947 5124 967 5156 ³
997 5118 1098 5172 lsa.
1129 5136 1203 5185 ix,
1255 5119 1308 5175 6.

1878 3682 2099 3737 Proetus
2140 3682 2756 3750 Constantinopolitanus
2787 3685 2842 3735 in
2879 3683 3014 3736 illud
3039 3700 3056 3736 :
3090 3701 3108 3734 ‹
3135 3681 3278 3736 Puer
3298 3692 3453 3737 natus

2475 3763 2550 3804 est
2582 3753 2726 3806 nobis
2752 3755 2793 3805 '.
2830 3772 2848 3803 ι

1950 3884 2071 3952 Ipse
2098 3900 2226 3938 vere
2258 3885 2402 3938 Deus
2423 3925 2436 3946 ,
2484 3892 2540 3934 ut.
2588 3899 2716 3937 vere
2747 3883 2912 3936 homo
2933 3923 2948 3944 ,
2981 3883 3150 3946 Patri,
3180 3893 3454 3953 quatenus

1880 3983 2020 4037 erat,
2057 3975 2590 4038 consubstantialis;
2645 3984 2699 4026 et
2742 3974 2876 4028 mihi
2903 4017 2917 4038 ,
2976 3986 3247 4044 quatenus
3277 3975 3454 4031 factus

1880 4073 1964 4118 est
2015 4068 2133 4119 sine
2188 4074 2434 4134 peccato,
2485 4065 2730 4134 ejusdem
2767 4075 3010 4130 naturae;
3041 4066 3226 4119 divina
3259 4075 3449 4120 natura

1879 4161 1965 4209 est
1997 4155 2278 4219 increata;
2317 4171 2437 4224 quae
2466 4171 2532 4210 ex
2573 4171 2660 4209 me
2687 4165 2899 4225 sumpta
2943 4163 3045 4220 est,
3088 4157 3352 4226 legitima,
3397 4167 3451 4213 et

1881 4262 2028 4299 unus
2059 4255 2143 4300 est
2171 4233 2361 4310 Filius,
2399 4263 2506 4300 non
2547 4247 2762 4302 duabus
2792 4248 3005 4302 naturis
3033 4249 3087 4302 in
3116 4249 3252 4302 duas
3281 4249 3456 4319 hypo-

1882 4345 2059 4390 stases
2101 4337 2331 4401 divisis;
2366 4337 2460 4390 sed
2493 4337 2760 4406 stupenda
2797 4338 3202 4392 incarnatione'
3226 4345 3452 4393 naturas

1807 4418 1852 4472 Ι)
1881 4427 2018 4481 duas
2057 4430 2112 4483 in
2143 4445 2305 4482 unam
2342 4430 2683 4498 liypostasim
2722 4429 2966 4484 uniente.

1987 4558 2172 4612 Sancti
2209 4559 2421 4622 Irena'i,
2456 4560 2681 4629 episcopi
2712 4559 2956 4629 Lugdutt.
2991 4568 3040 4612 et
3071 4561 3343 4630 martyris.

1953 4751 2104 4805 Sicut
2135 4752 2282 4805 enim
2327 4768 2455 4807 arca
2502 4762 2692 4807 aurata
2725 4736 3024 4808 erat'intus
3053 4765 3109 4809 et
3135 4765 3288 4809 extra
3315 4771 3451 4810 auro

1882 4857 2022 4909 puro
2048 4882 2060 4904 ,
2123 4842 2202 4894 sic
2241 4859 2444 4911 corpus
2478 4844 2682 4898 Christi
2723 4861 2921 4914 purum
2954 4856 3072 4900 erat
3100 4856 3156 4900 et
3198 4845 3439 4917 fulgens;

1889 4927 2036 4982 intus
2061 4929 2283 4997 quidem
2313 4931 2491 4985 V'erbo
2528 4931 2876 4999 decoratum,
2910 4943 3062 4988 extra
3093 4950 3222 4990 vero
3244 4933 3447 5004 Spiritu

275 5311 417 5380 (25)
449 5313 607 5368 Deest
637 5314 741 5369 hoc
769 5316 911 5371 inter
934 5319 1235 5391 fragmenta
1269 5325 1447 5382 Procli
1477 5343 1506 5382 a
1538 5328 1824 5386 Gallandio
1857 5334 2086 5390 collecta
2116 5336 2178 5390 B.
2212 5337 2322 5414 PP.
2353 5346 2392 5392 t.
2420 5339 2511 5402 1X,
2540 5353 2595 5407 ρ.
2623 5340 2746 5394 705.

620 5536 633 5569 :
667 5520 990 5586 pronomina
1015 5532 1186 5601 _sut_tt,_
1207 5541 1328 5601 quae
1358 5539 1639 5597 ponuntur
1672 5548 1771 5601 pro

207 5583 526 5656 nominibus
579 5583 973 5655 personarum:
1012 5594 1067 5646 in
1096 5583 1374 5651 Tr'in'ilate'
1412 5609 1495 5652 est
1529 5583 1771 5656 aliusret

203 5654 374 5733 alius,
399 5654 494 5733 sed
524 5654 630 5709 nun
667 5658 813 5733 aliud
833 5670 888 5713 et
911 5661 1080 5725 aliud,
1121 5675 1175 5716 et
1220 5675 1302 5720 est
1334 5666 1441 5730 hic,
1468 5679 1522 5721 et
1559 5669 1682 5733 istc,
1715 5654 1771 5726 et

206 5721 334 5776 ille:
362 5723 428 5809 in.
450 5724 820 5809 incarnatione
863 5721 1077 5809 contra,
1102 5744 1337 5809 nonucst
1387 5721 1499 5792 haec
1532 5721 1770 5809 com—ple;

204 5806 318 5853 M0,
348 5794 588 5848 estalius
635 5805 689 5850 et
728 5798 886 5864 alius,
926 5801 1018 5855 sed
1053 5812 1135 5856 cst
1178 5806 1325 5859 aliud
1374 5809 1620 5876 etaliud,
1660 5794 1769 5866 Inec

1878 5539 2072 5612 est_hic
2108 5540 2266 5603 Deus,
2299 5550 2354 5596 et
2385 5543 2473 5596 ille
2496 5543 2682 5601 homo,
2711 5542 2806 5596 sed
2835 5542 2948 5612 ipse
2971 5542 3115 5597 idem
3175 5551 3259 5596 cst
3305 5541 3450 5597 Deus

1876 5619 1932 5661 et
1958 5610 2161 5673 homo;
2193 5626 2300 5664 non
2347 5613 2426 5666 sic
2464 5613 2516 5665 in
2545 5610 2976 5676 Trinitale;_hic
3020 5614 3180 5667 Pater
3224 5627 3332 5665 non
3365 5622 3450 5667 est

1879 5677 1993 5746 ipse
2024 5679 2212 5752 Filius,
2253 5694 2395 5746 etc.;
2424 5682 2476 5752 in
2506 5683 2614 5735 alio
2649 5683 2769 5738 loco
2792 5691 2950 5738 vocat
2976 5683 3090 5737 haec
3122 5681 3446 5752 pronomina

1878 5762 2038 5803 voces
2065 5749 2409 5806 indicativus.
2435 5751 2566 5804 Tt'n.
