4218 6444
805 407 936 471 1315

851 513 1117 588 Antiochi,
1149 522 1378 593 episwpi
1420 522 1779 596 Ptolem‘aidis.
1815 521 1986 596 Hujus
2015 527 2347 579 auctoritatis
2414 529 2461 584 Α

1331 594 1568 647 meminit
1595 591 1850 663 Cyrillus.

870 707 947 759 No
976 705 1284 760 confundas
1311 712 1554 768 naturas,
1575 712 1632 760 et
1652 721 1765 760 non
1798 708 2043 777 torpebis
2067 709 2212 761 circa
2236 721 2384 761 teco-

799 797 1040 850 nomiam
1062 837 1076 861 ,
1125 797 1179 851 id
1212 806 1296 851 est
1327 837 1340 860 ,
1395 798 1724 868 mysterium
1756 798 2176 853 incarnationis.
2234 798 2383 852 Tene

797 887 972 942 Deum
1007 906 1020 942 :
1061 889 1243 943 tribue
1274 889 1406 950 Deo.
1437 905 1558 959 qua:
1603 905 1728 943 eum
1771 889 1994 943 decent.
2043 890 2247 959 Recipe
2281 889 2384 941 hu-

797 979 1116 1035 manitatem
1147 998 1160 1032 :
1192 980 1349 1034 reddi
1379 981 1733 1044 humanitati,
1762 996 1887 1050 quae
1923 997 2045 1036 eam
2089 982 2306 1036 decent.

1329 1094 1536 1150 Scholia
1546 1113 1594 1148 m
1628 1095 1851 1150 Leontii.

866 1208 925 1262 In
959 1208 1220 1262 omnibus
1249 1207 1634 1277 superioribus
1676 1209 2016 1268 studuimus.
2061 1217 2122 1262 ut
2168 1209 2221 1261 in
2259 1224 2379 1262 me-

795 1299 948 1354 dium
982 1299 1310 1354 afl‘erremus
1351 1301 1711 1355 auctoritates
1748 1311 1805 1354 et
1838 1301 1985 1354 beati
2026 1299 2214 1370 Cyrilli
2263 1299 2378 1371 ('57)

793 1399 852 1444 et
879 1391 1102 1445 Patrum
1129 1391 1223 1459 qui
1243 1406 1369 1444 eum
1399 1400 1840 1456 antecesserunt,
1873 1407 1996 1460 qua:
2029 1400 2197 1445 totam
2227 1408 2382 1447 men-

795 1491 904 1537 tem
945 1483 1064 1552 ejus
1095 1491 1145 1536 et
1189 1483 1586 1538 conﬁrmarent
1630 1493 1687 1536 et
1721 1485 2225 1553 interpretarentur
2261 1502 2274 1537 :
2319 1495 2381 1540 ut

791 1575 971 1629 sciant
1005 1591 1219 1638 omnes,
1251 1576 1394 1644 quod
1423 1590 1523 1628 nec
1553 1576 1694 1644 ipse,
1721 1591 1823 1630 nec
1849 1575 1991 1629 alius
2021 1591 2089 1628 ex
2123 1575 2378 1630 Patribus

792 1665 930 1720 illud
975 1682 1043 1722 ex
1096 1667 1313 1720 duobus
1368 1674 1462 1719 aut
1505 1682 1572 1719 ex
1631 1667 1901 1721 ambobus
1948 1667 2015 1721 ad
2066 1667 2376 1734 negandum

791 1772 920 1811 eum
958 1759 1050 1827 qui
1087 1766 1204 1811 erat
1230 1760 1284 1811 in
1316 1758 1556 1821 duobus,
1593 1759 1870 1811 dixerunt.
1906 1758 2090 1810 Multis
2130 1759 2278 1810 enim
2319 1756 2374 1810 in

2055 411 2366 473 LEONTII
2407 413 2782 473 BYZANTIN
2790 415 2815 472 Ι

2610 525 2912 592 Ἀντιόχου
2939 525 3279 595 ἐπισκόπου
3305 526 3710 595 Πτολεμαΐδι-ς
3741 526 3870 594 (53),
3898 524 3978 594 ἧς

2631 595 2907 662 χρήσεως
2941 594 3213 665 ἐμνήσθη
3236 601 3269 649 ό
3283 594 3576 666 μακάριος
3603 601 3913 665 Κιῗιριλ..ιος.

2557 705 2650 774 Μὴ
2685 706 2926 778 συγχέῃς
2970 707 3072 772 τὰς
3116 710 3328 777 φύσεις,
3358 709 3454 764 καὶ
3487 711 3545 764 οὐ
3579 711 3873 783 ναρκήσεις
3927 713 4061 784 περὶ

2484 797 2584 867 τὴν
2620 798 2932 866 οἰκονομίαν
2953 814 2964 827 ·
3004 802 3193 871 κράτει
3224 801 3316 853 τὸν
3340 801 3496 866 Θεὸν,
3516 802 3658 855 δίδου
3688 805 3756 857 τὰ
3781 804 4060 875 πρέποντα

2483 889 2561 959 τῷ
2609 889 2729 959 Θεῷ
2754 906 2768 921 ο
2808 890 2963 959 δέχου
2993 891 3054 944 τὸ
3084 892 3469 966 ἀνθρώπινονι,
3485 895 3628 948 δίδου
3665 897 3732 949 τὰ
3782 897 4064 966 πρέποντα

2483 982 2548 1050 τῇ
2576 981 2674 1034 ἀνθ
2683 981 2980 1053 ρωπὸτητι.

2951 1099 2998 1150 Σ
2998 1099 3214 1166 χόλων
3283 1101 3592 1154 Λεοντίου.

2567 1204 2690 1257 Ἐπὶ
2734 1209 2869 1260 πᾶσι
2914 1208 2970 1260 δὲ
3019 1211 3132 1270 τοῖς
3161 1211 3668 1280 προηγησαμένοις,
3702 1210 3908 1263 καὶτοῦ
3951 1230 4057 1280 μα-

2483 1292 2676 1360 καρίου
2737 1295 3005 1363 Κυρίλ).ου
3067 1295 3434 1364 βεόαιωτικὰς
3484 1299 3596 1351 τῶν
3652 1316 3712 1352 τε
3758 1299 3862 1368 πρὸ
3887 1301 4055 1353 αὑτοῦ

2483 1381 2762 1452 Πατέρων,
2795 1385 2887 1436 καὶ
2913 1386 3320 1455 ἑρμηνευτικὰς
3345 1388 3446 1455 τῆς
3470 1387 3600 1458 ὅλης
3629 1389 3791 1440 αὑτοῦ
3817 1389 4057 1452 διανοίας

2483 1473 2824 1544 παραθέσθαι
2891 1478 3346 1545 ἐσπουδάσαμεν·
3382 1481 3468 1532 ἵνα
3524 1479 3728 1547 γνῶσιν
3791 1481 3868 1532 δτι
3923 1482 4056 1532 οὔτε

2479 1565 2661 1628 αὐτὸς,
2697 1565 2822 1618 οὔτε
2853 1584 2937 1629 τις
2961 1569 3149 1638 ἕτερος
3177 1571 3287 1622 τῶν
3320 1573 3601 1638 Πατέρων,
3629 1572 3711 1634 τὸ,
3742 1574 3803 1625 ἐκ
3825 1571 3912 1624 δύο
3938 1573 3975 1641 ἦ
4004 1576 4059 1623 τὸ

2478 1655 2536 1720 ἐξ
2593 1657 2832 1724 ἀμφοῖν,
2869 1658 2956 1709 ἐπ’
3007 1661 3290 1730 ἀναιρέσει
3337 1662 3455 1727 τοῦ,
3493 1664 3550 1714 ὲν
3596 1663 3707 1723 δύο,
3747 1666 4032 1732 εἰρήκασι.

2479 1745 2755 1816 Πολλαχοῦ
2797 1749 2904 1820 γὰρ
2956 1753 3096 1806 κατὰ
3145 1754 3246 1822 τῆς
3275 1755 3596 1825 διαιρέσεως
3625 1757 3916 1824 Νεστορὶου
3949 1775 4055 1824 μα-

796 1848 933 1903 locis
965 1849 1308 1903 contendens
1341 1850 1604 1902 adversus
1632 1849 1959 1901 divisionem
2002 1848 2238 1902 Nestorii
2271 1864 2371 1917 po-

2477 1839 2708 1908 χόμενος
2734 1879 2748 1902 ,
2776 1844 2838 1895 οὐ
2873 1845 3036 1910 μόνον
3086 1845 3155 1897 τὰ
3189 1847 3256 1910 ἐξ
3275 1841 3362 1899 ὧν·
3399 1848 3671 1910 τέθεικεν,
3701 1848 3835 1900 ἀλλὰ
3862 1851 3953 1900 καὶ
3990 1851 4051 1919 τῇ

791 1940 902 1993 suit
931 1955 1039 1992 non
1074 1940 1271 2000 solum.
1301 1956 1367 1994 ex
1401 1941 1623 2009 quibus,
1654 1939 1749 1993 sed
1789 1940 1843 1992 in
1883 1939 2273 2008 praepositione
2313 1939 2369 1992 in

793 2032 1083 2100 utriusque
1131 2031 1346 2086 naturis
1397 2047 1530 2086 usus
1579 2041 1686 2090 est.
1734 2039 1792 2084 ut
1835 2045 1903 2084 ex
1945 2016 2370 2085 auctoritatibus

791 2121 911 2190 ejus
957 2137 1082 2189 qua:
1132 2122 1539 2191 subjunximus,
1585 2120 1744 2175 facile
1790 2129 1875 2174 est
1920 2122 2253 2190 perspicere.
2309 2122 2368 2175 In

789 2211 1050 2264 omnibus
1086 2221 1268 2266 autem
1315 2211 1670 2265 sermonibus
1706 2212 1827 2281 ejus
1864 2227 1960 2266 eas
2020 2219 2232 2264 tantum
2267 2227 2368 2264 au-

790 2303 1100 2368 ctoritates,
1123 2319 1246 2372 quae
1283 2304 1420 2357 nihil
1464 2304 1618 2357 dubii
1655 2304 1884 2368 habent,
1915 2312 1971 2356 et
1997 2319 2136 2371 quas
2160 2317 2264 2357 nec
2289 2303 2371 2356 in-

789 2394 907 2446 sani
968 2409 1134 2463 prave
1179 2393 1535 2463 interpretari
1587 2401 1890 2461 poterunt,
1953 2392 2153 2446 aﬂ‘erre
2203 2406 2367 2445 cura-

789 2496 989 2537 νιηιιιε.

2476 1931 2544 1982 ὲν
2569 1932 2824 1999 προθέσει
2853 1934 2939 1986 ἐπ’
2971 1937 3306 2006 ἀμφοτέρων
3329 1941 3622 2008 ἐχρήσατο.
3647 1939 3720 2001 ὼς
3747 1940 3970 1992 αὐτόθεν
3999 1940 4054 2005 ἐξ

2475 2013 2552 2072 ὧν
2599 2021 2949 2093 ὑπετάξαμεν
2990 2025 3158 2077 αὑτοῦ
3205 2029 3478 2096 χρήσεων,
3521 2029 3650 2098 ῥᾷόν
3679 2031 3794 2080 ἐστι
3836 2027 4050 2097 μαθεῖν.

2488 2111 2604 2179 Ἐφ’
2639 2113 2813 2166 ἅπασι
2868 2113 2925 2166 δὲ
2974 2117 3138 2168 αὐτο]
3167 2122 3279 2180 τοῖς
3317 2118 3499 2185 λόγοις
3532 2118 3642 2170 τῶν
3669 2121 3917 2188 χρήσεων
3950 2123 4054 2180 τὰς

2473 2202 2916 2272 ἀναμφιλέκτως
2947 2208 3136 2276 μόνας.
3177 2208 3242 2272 ἃς
3293 2211 3416 2262 οὐδὲ
3463 2211 3726 2280 μανέντες
3764 2227 4052 2282 παρερμη-

2475 2293 2663 2363 νεᾷσαι
2694 2295 3036 2366 δυνήσονται,
3070 2301 3415 2372 παραθέσθαι
3439 2302 3877 2372 ἐσπουδάσαμεν.

855 2598 1050 2653 Allatis
1082 2599 1281 2653 iterum
1311 2599 1562 2668 pluribus
1598 2599 1773 2653 sancti
1800 2597 1990 2670 Cyrilli
2016 2598 2348 2653 testimoniis
2373 2615 2514 2670 quae,
2549 2598 2676 2668 quia
2708 2601 2764 2656 in
2799 2610 2964 2660 editis
3002 2616 3273 2675 prostant,
3309 2612 3783 2680 pmtermisimus,
3811 2617 4049 2684 primum

788 2692 937 2745 hunc
965 2692 1168 2746 librum
1213 2693 1292 2746 sic
1331 2692 1613 2746 concludit
1673 2691 1940 2746 Leontius
1974 2709 1987 2745 :
2030 2711 2049 2742 ι
2077 2691 2353 2746 Hactenus
2396 2693 2722 2758 confutatio,
2762 2703 2820 2749 et
2856 2699 3072 2753 eversio
3107 2703 3380 2756 contraria
3419 2703 3658 2760 Nestorii
3702 2716 3760 2762 et
3794 2709 4054 2778 Eutycbis

788 2781 1027 2837 ﬁctionis
1058 2791 1113 2838 et
1153 2784 1489 2854 opinationis
1533 2783 1679 2837 circa
1717 2782 2062 2838 divinitatem
2101 2782 2308 2838 Christi
2342 2793 2400 2838 et
2438 2784 2858 2841 humanitatem.
2890 2805 2910 2838 ο

999 2941 1169 3029 Erant
1189 2941 1313 3029 Aqui,
1333 2941 2014 3029 gyrilltimmaccusabant‘
2039 2945 2094 3029 in
2133 2942 2360 3029 hocrdoi-
2389 2947 2429 3004 C
2462 2947 2554 3014 qui
2582 2947 3024 3029 eosconl'utavit
3050 2967 3190 3029 _non_
3222 2953 3533 3029 intelligens
3561 2998 3575 3021 ,
3606 2966 3663 3012 et
3701 2974 3812 3013 non
3855 2964 4049 3029 paucis

786 3021 985 3081 gmate.
1025 3011 1170 3064 unde
1189 3011 1414 3065 necesse
1447 3011 1550 3065 fuit
1594 3011 1670 3064 illi
1704 3027 1834 3065 suos
1866 3012 2356 3066 anathematismos

786 3081 986 3150 alioqui
1015 3081 1316 3134 catholicos
1368 3091 1556 3133 contra
1609 3081 1923 3135 Nestorium
1979 3081 2375 3150 interpretari“

785 3149 926 3218 quos
953 3151 1091 3204 male
1119 3151 1343 3219 quidam
1372 3150 1780 3220 intelligebant,
1839 3159 1898 3203 ut
1951 3149 2350 3216 Theodoretus,

2464 3027 2731 3080 suaserat,
2763 3019 2904 3071 male
2921 3021 3128 3076 sentire
3151 3019 3436 3080 Cvrillnnf.
3463 3019 3592 3080 Cari.

2537 3087 2658 3168 (δελ
2691 3087 2854 3168 Lege,
2895 3090 3151 3168 silube_t_,_
3181 3081 3249 3148 de
3281 3094 3386 3168 hoc
3411 3096 3694 3168 Antiocho
3742 3115 3864 3167 qua:
3898 3101 4040 3154 dixi-

2462 3168 2586 3208 mus
2621 3153 2815 3226 Script.
2843 3168 2968 3224 uet.,
2995 3169 3033 3212 t.
3065 3153 3176 3226 Vll,
3216 3179 3270 3231 p.
3294 3167 3381 3229 87,
3410 3167 3464 3217 in
3485 3165 3612 3218 adn.

2450 3371 4043 3404 __._._______________________

2175 3521 2542 3610 ΛΟΓΟΣ
2616 3531 2694 3611 B'

1061 3696 1243 3748 ΠΡΟΣ
1284 3698 1462 3750 ΤΟΥΣ
1504 3698 1598 3752 ΕΚ
1649 3697 1786 3752 ΤΩΝ
1837 3695 2219 3752 ΗΜΕΤΕΡΩΝ
2269 3698 2826 3756 ΠΡΟΣΘΕΜΕΝΟΥΣ
2877 3706 2970 3778 Ίᾘ
3022 3707 3591 3786 ΚΑΤΕΦΘᾹΡΜΕΝῌ
3651 3715 3786 3770 ΤΩΝ

2075 3787 2745 3848 ΔΦΘΑΡΤΟΔΟΚΠΤΩΝ.

1880 4073 2239 4161 LIBER
2309 4075 2923 4168 SECUNDUS

881 4263 1181 4325 CONTRA
1221 4265 1439 4325 ILLOS
1477 4267 1523 4325 E
1561 4265 1892 4327 NOSTRIS
1942 4268 2080 4339 QUI
2121 4268 3446 4424 CigIIKII/lElinl‘I/SEN'ENCORRUPTICOLARUM
3485 4286 3940 4353 SENTENTIA!

1886 4507 2032 4575 (ΜΑι,
2059 4507 2311 4581 Spicileg.
2348 4510 2502 4566 Rom.
2533 4521 2573 4566 t.
2606 4512 2675 4578 Χ,
2703 4529 2759 4583 p.
2791 4516 2905 4587 95.;

2339 4674 2413 4691 .-

839 4797 1112 4853 Solvimus
1135 4812 1238 4866 pro
1264 4796 1477 4850 viribus
1507 4796 1560 4867 in
1602 4797 2002 4865 superioribus,
2032 4799 2144 4854 Deo
2168 4800 2341 4872 'adju-
2367 4809 2423 4870 [ι

765 4899 950 4954 vante,
979 4891 1194 4958 objecta
1230 4896 1553 4958 argumenta
1580 4887 1710 4955 falsi
1741 4891 1969 4943 nominis
2006 4892 2242 4946 δεὶεηιίω
2277 4895 2341 4956 ’⁸,

712 4987 719 4994 ’
767 4983 969 5051 quibus
1011 4982 1276 5036 adversus
1319 4996 1421 5034 nos
1476 4989 1698 5034 utentes
1728 4982 1824 5050 qui
1871 4991 2001 5036 sunt
2053 4985 2344 5039 contraria:

765 5075 1004 5129 ﬁctionis
1046 5077 1178 5140 (non
1207 5072 1353 5126 enim
1397 5071 1502 5125 hoc
1548 5071 1772 5126 nomine
1803 5075 2079 5142 appellare
2106 5091 2204 5129 eos
2244 5076 2342 5130 de—

763 5168 1030 5229 sinemus,
1048 5166 1176 5233 quia
1203 5179 1439 5233 namque
1473 5162 1555 5218 l'as
1586 5166 1716 5235 est),
1741 5163 2110 5234 simpliciores
2139 5182 2168 5221 a
2199 5168 2344 5221 veri-

761 5265 872 5312 tate
891 5257 1168 5311 abducere
1194 5272 1250 5310 se
1281 5264 1494 5326 putant.
1527 5255 1686 5310 Nunc
1724 5266 1906 5310 autem
1938 5259 2169 5313 alterius
2190 5275 2342 5329 quae-

760 5349 958 5402 stionis
973 5347 1472 5403 considerationem
1491 5347 1747 5402 evolvere
1769 5357 1827 5402 et
1850 5350 2125 5418 explicare
2147 5365 2339 5420 aggre-

2530 4807 2618 4861 Ἐν
2680 4811 2782 4878 μὲν
2835 4811 2952 4872 τοῖς
3000 4811 3313 4884 ἔμπροσθεν
3369 4817 3687 4889 εἰρημένοις
3753 4827 3913 4895 ἡμῖν,
3950 4833 4041 4883 σὺν

2451 4895 2569 4967 Θεῷ
2622 4899 2678 4952 δὲ
2731 4902 2898 4970 φάναι
2927 4903 3027 4966 τὰς
3081 4905 3368 4972 ἐνστάσεις
3420 4912 3514 4963 καὶ
3576 4913 3892 4983 ἀντιθέσεις
3934 4923 4041 4986 τῆς

2450 4989 2845 5082 ψευδωνύμου
2893 4995 3190 5065 γνώσεως,
3223 5000 3302 5063 εἰς
3351 5000 3581 5075 δύναμιν
3631 5006 4041 5082 διαλελύιιαμεν

2449 5075 2538 5142 αἷς
2557 5080 2620 5148 δὴ
2640 5082 2916 5152 χρώμενοι
2951 5083 3072 5138 καθ’
3090 5088 3249 5158 ήμῶν
3268 5091 3320 5142 οἱ
3345 5091 3441 5162 τῆς
3461 5096 3709 5160 ἐναντίας
3733 5075 4039 5171 διοκήσεως,

2449 5171 2532 5241 (οὐ
2557 5173 2667 5244 γὰρ
2704 5175 2779 5243 μή
2808 5192 2940 5230 ποτε
2964 5177 3124 5232 τοῦτο
3140 5181 3326 5234 καλεῖν
3339 5187 3544 5249 αὐτοὺς
3570 5194 3929 5263 παυσαίμην,
3964 5199 4042 5249 ὅτι

2448 5261 2584 5333 μηδὲ
2619 5263 2935 5334 θέμις),τῆς
2964 5267 3181 5333 εὐθείας
3205 5272 3443 5339 ἀπάγειν
3466 5278 3594 5341 τοὺς
3616 5261 4045 5352 ἁπλουστέρους

2443 5352 2910 5423 ὑπολαμϐάνουσι.
2968 5358 3086 5412 Νῦν
3141 5360 3199 5414 δὲ
3259 5359 3417 5428 αὖθις
3481 5368 3670 5439 ἑτέρου
3713 5374 4045 5444 σκέμματος

625 5462 652 5486 ι
757 5439 896 5493 diar.
929 5438 1012 5493 Sit
1041 5439 1154 5492 dux
1182 5437 1577 5506 disputationis
1608 5445 1809 5492 nostra:
1824 5437 2083 5493 Christus
2111 5439 2255 5493 Deus
2279 5447 2337 5494 et

2448 5448 2536 5498 καὶ
2583 5447 2971 5518 προϐλήματος
3026 5452 3127 5520 τὴν
3182 5452 3422 5524 θεωρίαν
3462 5437 3777 5527 ἀναπτύξαι
3826 5437 3896 5519 ’τὲ
3952 5469 4046 5521 καὶ

758 5528 1018 5593 Verbum,
1037 5541 1095 5585 et
1116 5530 1328 5593 lumen,
1354 5539 1412 5584 et
1434 5530 1567 5591 vita,
1585 5539 1642 5584 et
1664 5528 1869 5583 veritas
1898 5531 2147 5600 aspirans
2171 5531 2334 5587 nobis

2448 5534 2815 5606 Βιευκρινῆσαι
2866 5540 3228 5611 πειράσομαι.
3277 5543 3548 5611 Ἥγεισθω
3604 5551 3658 5603 δὲ
3723 5556 3826 5608 τοὺ
3877 5558 4044 5624 λόγου

754 5618 1196 5685 :ntclligentiam,
1247 5627 1309 5674 ut
1376 5618 1654 5688 possimus
1708 5626 1859 5674 recte
1916 5619 2225 5690 intelligere
2278 5631 2332 5677 et

829 5775 872 5807 ⁸⁸
905 5775 926 5831 1
959 5776 1206 5832 Timotb.
1241 5795 1318 5845 v1,
1353 5779 1443 5834 20.

2447 5626 2683 5696 Χριστὸς
2729 5629 2758 5682 ὀ
2806 5629 2942 5695 Θεὸς
2981 5633 3076 5687 καὶ
3108 5634 3317 5706 Λόγος,
3370 5639 3466 5693 καὶ
3509 5643 3621 5710 φῶς
3650 5683 3666 5709 ,
3721 5650 3824 5701 καὶ
3882 5651 4042 5720 ζωὴ,
