4218 6444
797 472 928 535 l319

2045 450 2358 513 LEONTII
2398 444 2807 509 BYZANTINI

3919 445 4065 511 1320

792 594 936 633 nunc
966 577 1151 631 dicere
1186 569 1324 626 duas
1358 567 1728 641 praprietates
1773 560 2151 632 corruptibilis
2180 566 2238 614 et
2281 557 2368 612 in-

2479 557 2755 626 ὶδιότητας
2784 551 3026 627 φθαρτοῦ
3058 553 3153 607 καὶ
3181 553 3486 625 ἀςιθάρτον,
3518 554 3613 607 καὶ
3657 552 3755 624 τὴν
3779 550 4063 624 διαίρεσιν

792 665 1187 736 corruptibilis,
1221 673 1279 718 et
1308 661 1629 716 divisionem
1664 656 1877 712 numeri
1909 653 2170 715 duorum,
2202 666 2368 719 quam

791 773 1011 815 sursum
1040 757 1303 811 deorsum
1331 765 1560 807 versans
1584 758 1642 803 ΕΙ.
1679 746 1861 801 omnia
1894 746 2133 798 miscens
2175 741 2229 796 in
2272 757 2369 796 διι-

790 847 1108 918 perioribus
1136 844 1454 907 accusabat;
1483 849 1579 895 aut
1602 837 1880 909 quomodo
1905 852 2015 890 non
2032 835 2369 889 admiremur

789 937 1163 993 eruditionem
1188 936 1329 1003 ejus,
1351 931 1446 1001 qui
1475 928 1948 1000 participationem
1971 924 2192 993 quidem
2221 923 2369 976 clara

788 1036 926 1076 voce
962 1018 1253 1089 praedicat;
1293 1013 1348 1067 id
1386 1022 1569 1066 autem
1606 1026 1673 1064 ex
1704 1024 1813 1078 quo
1852 1007 2017 1061 ducta
2065 1014 2152 1059 est
2191 1006 2367 1075 parti-

792 1112 1016 1180 cipatio,
1074 1124 1184 1162 non
1238 1107 1418 1161 solum
1468 1120 1577 1158 non
1631 1109 1848 1164 servat,
1904 1098 2001 1154 sed
2051 1113 2367 1168 oppugnare

792 1200 1025 1255 nititur?
1059 1198 1116 1254 Si
1140 1198 1286 1253 enim
1315 1209 1515 1263 corpus
1538 1193 1675 1247 dicit
1702 1191 1981 1263 passibile,
2006 1199 2062 1244 et
2085 1190 2369 1259 passiones

793 1293 1075 1346 naturales
1102 1291 1153 1344 ei
1189 1289 1402 1347 tribuit.
1437 1285 1603 1354 idque
1634 1292 1758 1354 post
1795 1283 2091 1346 unionem;
2140 1296 2370 1349 respon-

795 1382 925 1436 deat
968 1381 1135 1449 igitur
1187 1377 1350 1431 nobis
1392 1376 1495 1430 iste
1545 1375 1794 1444 sapiens,
1836 1387 1905 1425 an
1953 1387 2065 1425 non
2101 1387 2133 1424 a
2171 1379 2370 1425 natura

795 1472 1066 1526 naturalia
1100 1468 1545 1538 proﬁciscantur,
1579 1474 1640 1518 ut
1675 1464 1745 1517 ab
1775 1473 1896 1517 arte
1927 1461 2263 1516 artiﬁciosa?

863 1562 1069 1615 Verum
1107 1574 1228 1628 quae
1264 1559 1412 1612 illius
1441 1566 1593 1622 sunt,
1628 1569 1977 1609 reservemus
2027 1553 2368 1621 longioribus

795 1653 972 1716 libris,
1001 1653 1088 1706 vel
1115 1652 1185 1707 iis
1206 1652 1302 1720 qui
1337 1652 1542 1720 majore
1572 1648 1707 1713 otio,
1740 1660 1904 1716 quam
1935 1651 2037 1698 nus
2063 1644 2363 1701 abundant.

793 1743 936 1809 Quid
970 1752 1154 1797 autem
1184 1743 1338 1796 dices
1381 1741 1449 1794 de
1490 1739 1579 1803 iis,
1611 1738 1706 1807 qui
1753 1737 1871 1791 hinc
1900 1750 2115 1805 semper
2142 1736 2286 1789 clara
2314 1743 2371 1791 et

795 1834 1051 1889 omnibus
1083 1833 1372 1888 manifesta
1401 1846 1537 1885 voce
1566 1829 1986 1890 denuntiabant,
2017 1842 2082 1881 ac
2106 1837 2369 1895 praeterea

2468 650 2569 717 τῆς
2598 646 2815 711 δυάδος,
2850 648 2916 716 ἣν
2943 646 3055 698 άνω
3088 645 3183 698 καὶ
3203 645 3354 699 κάτω
3385 645 3657 716 στρέφων,
3689 646 3783 698 καὶ
3804 646 3878 697 τά
3911 646 4060 699 πάν-

2468 755 2536 791 τα
2570 738 2778 798 κυκῶν,
2813 738 2873 789 ἐν
2897 737 3012 799 τοῖς
3048 735 3384 805 προλαϐοῦσι
3419 736 3720 800 διέϐαλλεν,
3750 737 3967 806 ἥκιστά
3997 753 4062 803 γε

2467 830 2537 883 τά
2570 829 2666 882 νῦν
2700 829 3080 882 εὐλαϐεῖσθαιο
3116 828 3148 899 ἢ
3185 829 3299 890 πῶς
3330 845 3393 896 γε
3428 828 3502 897 μὴ
3545 827 3810 895 ἀγάσαιτο
3837 844 3927 887 τις
3961 828 4064 879 αὖ·

2468 920 2561 974 τὸν
2590 921 2690 990 τῆς
2721 919 3082 985 παιδεύσεως,
3111 919 3211 989 τὴν
3257 918 3494 987 μετοχὴν
3543 918 3638 985 μὲν
3674 917 3908 988 λαμπρᾷ
3953 935 4063 988 κη-

2472 1009 2740 1081 ρύττοντά
2774 1012 2840 1081 τῇ
2883 1011 3060 1078 φωνῇ,
3092 1008 3150 1074 ἐξ
3180 1002 3241 1061 οὗ
3279 1008 3335 1060 δὲ
3365 1009 3504 1075 αὑτὴ
3531 1006 3811 1077 παρῆκται
3847 1008 3913 1059 οὐ
3954 1024 4065 1075 φυ-

2468 1102 2796 1170 λαττόμενον
2854 1101 3039 1169 μόνον,
3089 1098 3226 1152 ἀλλὰ
3267 1098 3361 1150 καὶ
3407 1097 3665 1167 πολεμεῖν
3712 1097 4060 1159 σπεύδοντα

2471 1193 2535 1246 Et
2568 1194 2676 1262 γάρ
2731 1192 2888 1260 φύσει
2939 1193 3037 1261 μὲν
3074 1191 3317 1260 παθητὸν
3343 1189 3495 1257 λέγει
3526 1189 3588 1241 τὸ
3618 1189 3791 1259 σῶμα,
3824 1191 3926 1242 καὶ
3960 1206 4065 1255 φυ-

2474 1283 2601 1337 σικά
2630 1283 2779 1352 πάθη
2816 1282 3033 1335 δίδωσιν
3067 1281 3239 1350 αὐτῷ.
3268 1281 3363 1333 καὶ
3400 1279 3576 1332 ταῦτα
3611 1280 3748 1348 μετά
3782 1280 3889 1349 τὴν
3921 1280 4061 1331 svm-

2471 1393 2579 1443 σιν,
2627 1373 3019 1441 άποκρινάσθω
3068 1374 3131 1441 δὴ
3177 1369 3271 1425 οὖν
3311 1376 3443 1443 ἡμῖν
3486 1375 3514 1426 ὁ
3564 1372 3748 1440 σοφὸς,
3779 1372 3943 1439 εἰμὴ
3996 1373 4063 1423 ὲκ

2471 1468 2688 1537 φύσεως
2714 1470 2781 1520 τά
2811 1467 3043 1535 φυσικλ,
3073 1466 3266 1536 ὥσπερ
3297 1466 3360 1517 ὲκ
3388 1466 3587 1533 τέχνης
3615 1464 3685 1516 τά
3718 1464 3987 1532 τεχνητὰ.

2555 1556 2713 1609 Ἀλλά
2731 1557 2797 1609 τὰ
2820 1557 2918 1625 μὲν
2943 1560 3062 1608 κατ’
3082 1557 3243 1608 αὐτὸν
3268 1555 3623 1626 μακροτέροις
3641 1555 3983 1624 ταμιευσόμε
3994 1553 4062 1607 θα

2469 1647 2722 1717 λόγοις,ἣ
2752 1650 2861 1710 τοῖς
2880 1646 3037 1716 ἡμῶν
3059 1648 3294 1714 μάλιστα
3332 1646 3528 1717 σχολὴν
3555 1647 3797 1714 ἄγουσιν.
3832 1646 3899 1697 Τί
3930 1646 4062 1698 δ’ἆν

2470 1740 2645 1803 εἴποις
2690 1739 2818 1807 περὶ
2859 1737 2970 1789 τῶν
3017 1735 3193 1789 ταῦτα
3233 1737 3464 1806 λαμπρᾷ
3522 1738 3910 1806 κηρυττόντων
3963 1736 4061 1787 καὶ

2471 1830 2778 1899 διαπρυσίῳ
2810 1828 2898 1880 ἀεὶ
2924 1831 2990 1898 τῇ
3023 1830 3209 1897 quivi};
3252 1828 3531 1896 ἐνέργειάν
3564 1844 3619 1878 τε
3653 1829 3787 1897 πρὸς
3812 1825 4059 1889 τούτοις,

795 1923 1177 1991 operationem
1209 1923 1373 1976 aliam
1410 1920 1630 1992 quidem
1663 1914 1784 1972 e'sse
1813 1916 2018 1980 carnis,
2054 1916 2215 1970 aliam
2239 1931 2371 1970 vero

2473 1898 2638 1991 ἄλλην
2690 1921 2790 1992 μὲν
2839 1920 3063 1991 σαρκὸς,
3105 1919 3297 1988 ἑτέραν
3354 1919 3412 1972 δὲ
3466 1919 3741 1987 θεότητος,
3783 1918 3963 1980 πάθοις
3999 1933 4060 1969 τε

798 1990 1143 2077 divinitatis;
1187 2019 1244 2067 et
1270 1990 1581 2082 passionem
1608 2011 1753 2065 circa
1788 2023 2009 2077 corpus,
2035 2016 2091 2061 et
2120 2006 2375 2077 impassi-

799 2094 1065 2157 bilitatem
1095 2102 1243 2157 circa
1270 2103 1512 2159 Verbum
1542 2100 1986 2164 conlitebantur;
2021 2098 2067 2154 si
2091 2104 2147 2154 et
2179 2097 2372 2153 unioni

798 2210 987 2248 rerum
1016 2194 1575 2250 communicationem
1607 2193 1804 2247 barum
1831 2190 2215 2257 operationum
2242 2206 2374 2246 con-

798 2292 1130 2348 cesserunt,
1187 2292 1244 2338 et
1294 2291 1356 2338 ut
1409 2283 1479 2338 de
1528 2284 1794 2337 alterutra
1843 2290 2042 2337 natura
2092 2282 2374 2351 reciproce

797 2384 1026 2445 propter
1040 2376 1432 2446 proprietatem
1451 2375 1501 2428 al
1510 2373 1778 2428 terutrius
1790 2374 1846 2428 in
1859 2372 2055 2430 eodem
2070 2373 2374 2429 variantem

798 2468 1259 2536 prmdicarentur;
1281 2482 1432 2522 nunc
1451 2475 1635 2522 autem
1661 2476 1923 2537 tanquam
1958 2482 2024 2521 ex
2045 2467 2375 2523 necessitate

800 2558 907 2613 sibi
962 2558 1372 2621 contradicunt,
1425 2562 1484 2613 ei
1520 2558 1936 2628 incorruptibili
1974 2559 2373 2614 assentiuntur.

799 2651 877 2705 De
922 2651 1126 2720 quibus
1156 2649 1346 2705 nescio
1378 2650 1513 2719 quid
1546 2650 1734 2705 dicere
1761 2650 1988 2705 debeam
2008 2692 2025 2717 ,
2065 2652 2375 2707 admireme

799 2740 1116 2795 ﬁrmitatem
1155 2756 1373 2805 eorum,
1407 2756 1480 2794 an
1523 2740 1745 2795 laudem
1784 2740 2097 2804 levitatem;
2134 2742 2228 2811 qui
2266 2756 2376 2795 uno

799 2831 972 2885 verbo
1001 2831 1205 2885 decoro
1237 2831 1419 2886 anima
1471 2830 1633 2887 avide
1666 2831 1915 2896 invitata,
1956 2832 2025 2887 ad
2071 2833 2378 2902 speciosam

799 2923 1070 2978 fallaciam
1104 2923 1331 2977 abducti
1380 2930 1439 2976 et
1499 2922 1704 2978 detorti
1757 2930 1905 2977 sunt.
1955 2920 2015 2976 Id
2055 2924 2202 2993 quod
2254 2925 2378 2979 aliis

800 3012 934 3068 olim
961 3020 1018 3069 et
1050 3027 1205 3066 nunc
1235 3010 1502 3067 accidisse
1541 3011 1770 3066 scimus.
1797 3011 1916 3066 Jam
1949 3012 2099 3066 enim
2126 3012 2376 3067 nonnulli

800 3103 1186 3175 superioribus
1211 3101 1554 3171 temporibus
1574 3101 1643 3155 ad
1667 3100 1933 3157 fallaciam
1957 3102 2374 3158 Encratetarum

2475 2017 2603 2086 περὶ
2631 2015 2692 2066 τὸ
2741 2012 2924 2083 σῶμα,
2969 2012 3062 2064 καὶ
3094 2011 3362 2065 ἀπάθειαν
3397 2010 3528 2081 περὶ
3557 2011 3647 2063 τὸν
3678 2010 3833 2077 λόγον
3863 2010 4063 2078 ὁμολο-

2473 2106 2717 2178 γούντων
2745 2144 2760 2167 ,
2822 2105 3288 2174 ἀντιπεριχωρεῖν
3358 2103 3566 2164 ταύτας
3620 2100 3903 2163 δεδώκασι,
3963 2101 4062 2153 καὶ

2474 2197 3024 2268 ἀντικατηγορεῖσθαι
3050 2195 3308 2266 θατέρου,
3345 2196 3433 2248 διὰ
3462 2197 3562 2263 τὴν
3591 2195 3650 2247 ὲν
3682 2194 3894 2264 θατέρῳ
3919 2211 4064 2247 tau-

2472 2289 2568 2343 τοῦ
2628 2287 3078 2342 ὲπαλλάττουσαν
3112 2286 3382 2356 ἰδιότηταο
3411 2288 3482 2340 τά
3518 2285 3576 2339 δὲ
3614 2284 3709 2338 νῦν
3734 2284 3929 2354 ὥσπερ
3968 2283 4063 2348 ἑξ-

2476 2382 2731 2451 επίτηδες
2751 2384 2866 2443 τοῖς
2888 2379 3117 2442 οἰκείοις
3138 2395 3204 2432 πε
3216 2378 3607 2449 ριπιπτόντων.
3624 2369 3717 2430 καλ
3744 2374 3822 2444 τῷ
3840 2376 4063 2444 ἀφθάρ-

2473 2490 2552 2544 τῳ
2587 2470 2997 2543 προσθεμένων.
3033 2463 3134 2523 Ὧν
3163 2469 3264 2522 οὐκ
3293 2463 3411 2521 οἶδα
3432 2467 3484 2520 τί
3514 2467 3610 2519 καὶ
3638 2465 3817 2533 λέγειν
3849 2462 4061 2534 χρεὼν,

2475 2561 2749 2630 θαυμάσω
2792 2561 2893 2629 τὴν
2939 2558 3299 2631 στερρότητα,
3335 2558 3368 2629 ἢ
3401 2555 3676 2610 ἐπαινέσω
3717 2556 3816 2624 τὴν
3851 2555 4064 2622 κουφό-

2472 2668 2633 2723 τητα,
2687 2650 2767 2705 ἑνὶ
2828 2652 3034 2721 ῥήματι
3092 2651 3361 2719 εὐπρεπεῖ
3395 2651 3461 2718 τῇ
3509 2646 3674 2715 λίχνῳ
3726 2646 3829 2716 τῆς
3869 2644 4063 2716 ψυχῆς

2476 2743 2834 2815 προσκλήσει,
2869 2740 3010 2811 πρὸς
3063 2741 3126 2795 τδ
3161 2740 3387 2795 πιθανὸν
3418 2739 3518 2808 τῆς
3547 2737 3767 2806 ἀπάτης
3797 2752 4062 2806 παρασυ·

2479 2836 2705 2907 ρέντων.
2749 2836 2816 2887 ὐ
2848 2834 2915 2904 δὴ
2951 2832 3044 2886 καὶ
3093 2831 3314 2903 ἐτέρους
3369 2830 3537 2885 πάλαι
3590 2847 3651 2883 τε
3698 2828 3794 2883 καὶ
3817 2827 3911 2880 νῦν
3954 2846 4061 2881 πε-

2476 2922 2743 2984 πονθότας
2783 2921 3144 2991 γινώσκομεν.
3190 2921 3327 2991 Ἤδη
3353 2919 3465 2988 γάρ
3492 2935 3639 2982 τινες
3683 2918 3744 2992 ἐγ
3794 2920 3907 2980 τοῖς
3957 2916 4062 2987 ἐμ-

2477 3012 2718 3083 προσθεν
2759 3015 2825 3083 τῇ
2874 3012 2985 3065 τῶν
3022 3011 3417 3081 Ἐγκρατητῶν
3464 3010 3648 3081 ἀπάτῃ
3698 3007 4059 3081 προσέθεντο,

2474 3105 2553 3174 τῷ
2582 3103 2780 3178 κομψῷ
2806 3105 2909 3172 τῆς
2937 3105 3123 3174 φωνῆς
3154 3104 3234 3165 εἰς
3254 3103 3313 3154 τὸ
3341 3101 3438 3154 τοῦ
3470 3101 3745 3164 Μάνεντος
3775 3099 4060 3171 βάραθρον

801 3211 862 3251 se
889 3195 1279 3264 adjunxcrunt.
1310 3191 1582 3260 elegantia
1619 3192 1774 3245 vocis
1815 3184 2221 3246 in'barathrum
2261 3193 2375 3247 Ma-

2477 3193 2903 3264 κατασυρὲντες.
2949 3193 3135 3247 ’Ἄλλοι
3183 3192 3241 3245 δὲ
3293 3195 3362 3263 τῇ
3420 3192 3531 3244 τῶν
3592 3190 3869 3261 Καθαρῶν
3909 3188 4061 3241 οὕτω

801 3284 999 3338 nicluei
1024 3280 1367 3352 praecipitati.
1388 3280 1493 3333 Alii
1518 3288 1702 3335 autem
1728 3281 2001 3351 inquinati
2029 3283 2375 3346 immunditie

802 3391 1019 3437 eorum,
1060 3373 1306 3435 Catltari,
1338 3368 1391 3425 id
1434 3380 1539 3436 est,
1573 3371 1764 3425 mundi
1815 3373 2177 3436 vocabantur,
2227 3374 2376 3428 nulla

800 3468 908 3521 alia
956 3481 1015 3520 re
1060 3464 1165 3518 nisi
1197 3464 1448 3536 specioso
1475 3461 1700 3516 nomine
1730 3462 2011 3531 depravati
2059 3472 2208 3518 sunt.
2255 3464 2378 3519 Ple-

802 3558 961 3625 rique
990 3555 1157 3608 etiam
1186 3552 1488 3608 recentium
1535 3560 1592 3606 et
1611 3561 1883 3616 veterum,
1912 3567 2145 3621 quorum
2183 3569 2377 3608 nume-

804 3662 923 3702 rare
954 3645 1178 3699 nomina
1206 3642 1427 3698 diliicile
1450 3651 1623 3719 esset,
1651 3657 1752 3696 suo
1777 3651 2039 3712 corrupto
2071 3645 2375 3713 patrocinio

801 3737 1261 3809 impassibilitatis
1310 3734 1498 3800 Verbi,
1553 3734 1609 3788 in
1651 3733 1890 3789 Nestorii
1940 3734 2193 3789 haeresim
2238 3735 2376 3790 inci-

800 3827 1022 3882 derunt.

870 3917 928 3971 in
964 3930 1209 3980 summa,
1245 3921 1391 3969 totas
1433 3913 1638 3969 classes
1682 3913 1992 3968 animarum
2037 3921 2295 3985 tanquam
2342 3934 2373 3973 a

800 4008 1034 4078 quadam
1067 4008 1268 4078 Scylla,
1302 4016 1397 4062 aut
1464 4006 1516 4060 ei
1567 4006 1783 4076 objecta
1829 4005 2118 4079 Charybde
2164 4019 2370 4079 raptas,

799 4109 855 4154 et
887 4100 1205 4155 submersas
1230 4112 1353 4153 esse
1390 4098 1597 4152 scimus
1642 4097 1839 4153 inscite
1894 4099 2132 4155 oﬁ‘ensas
2185 4101 2374 4156 humi-

798 4193 946 4248 libus
990 4190 1175 4245 verbis
1215 4198 1274 4244 et
1321 4189 1491 4244 rebus
1538 4188 1742 4244 Christi
1789 4189 1887 4243 Dei
1918 4192 2113 4255 nostri,
2147 4203 2373 4262 propter

798 4283 919 4353 ejus
978 4296 1107 4351 erga
1155 4296 1261 4335 nos
1312 4280 1770 4336 condescensum.
1823 4279 1964 4347 Quid
2016 4283 2166 4337 enim
2220 4284 2370 4339 aliud

803 4368 1043 4425 inﬁnitas
1074 4370 1328 4424 nationes
1383 4367 1667 4439 gentium,
1725 4378 1820 4424 aut
1868 4370 2125 4426 Judaicas
2185 4373 2371 4443 cepias

803 4463 858 4515 in
888 4476 989 4516 nos
1014 4461 1266 4523 armavit,
1302 4469 1357 4514 et
1382 4460 1567 4515 lurore
1612 4461 1893 4523 accendit,
1923 4463 2055 4526 nisi.
2083 4472 2144 4517 ut
2168 4465 2371 4520 Paulus

2477 3286 2832 3357 καλουμένων
2881 3286 3311 3357 ἐμμολυνθέντες
3359 3284 3697 3356 ἀκαθαρσίᾳ,
3757 3282 3965 3336 οὐδενί⁵
3992 3298 4059 3349 γε

2476 3379 2651 3448 ἑτέρῳ
2684 3378 2717 3449 ἢ
2759 3377 2838 3447 τῷ
2892 3378 3148 3448 χαρίεντι
3190 3376 3371 3446 *τούτῳ
3395 3377 3625 3446 ὀνόματι
3660 3373 4059 3445 προσεφθάρηο

2478 3484 2599 3521 σαν.
2644 3469 2838 3522 Πολλοί
2885 3485 2946 3521 τε
2985 3467 3097 3521 τῶν
3130 3484 3189 3520 τε
3225 3467 3360 3521 νέων
3392 3466 3486 3520 καὶ
3521 3466 3633 3519 τῶν
3678 3464 3957 3529 παλαιῶν,
3983 3458 4060 3518 ὧν

2475 3559 2569 3613 καὶ
2613 3560 2720 3624 τὰς
2763 3560 3141 3632 προσηγορίας
3197 3557 3456 3629 ἀριθμεῖν
3503 3558 3940 3628 ὲργωδέστατον,
3990 3559 4060 3626 τῇ

2476 3653 2597 3706 κατ’
2627 3655 2828 3715 αὐτοὺς
2874 3652 3114 3723 ἐμπαθεῖ
3157 3651 3459 3721 συνηγορίᾳ
3506 3651 3603 3721 τῆς
3646 3650 3919 3714 ἀπαθείας
3963 3648 4063 3702 τοῦ

2473 3745 2675 3814 Λόγου,
2702 3747 2783 3809 είς
2817 3747 2878 3798 τὸ
2906 3745 3207 3816 Νεστορίου
3243 3743 3517 3815 βάραθρον
3543 3741 3974 3813 ὲμπεπτὼκασι.

2544 3919 2654 3972 Καὶ
2706 3898 3011 3987 cunmm
3086 3918 3283 3981 εἰπεῖν,
3335 3915 3491 3978 ὅλους
3563 3914 3785 3976 στόλους
3840 3913 4060 3983 ψυχῶν,

2473 4008 2663 4078 ὥσπερ
2694 4007 2802 4060 ὑπὸ
2851 4006 3096 4077 Σκύλλης
3130 4004 3355 4075 τινὸς,ἧ
3387 4004 3487 4073 τῆς
3521 4003 3808 4057 ἀντιθέτου
3864 4004 4060 4073 Χαρύ-

2473 4096 2641 4159 ϐδεως
2678 4096 3067 4167 ήρπασμένους
3098 4111 3159 4146 τε
3200 4094 3294 4147 καὶ
3343 4092 3710 4163 ὑποϐρυχίους
3759 4093 4063 4161 γεγονότας

2474 4187 2746 4255 ἔγνωμεν,
2811 4187 2925 4247 τοῖς
2997 4184 3406 4253 ταπεινοτέροις
3460 4182 3700 4253 Χριστοῦ
3757 4183 3856 4236 τοῦ
3915 4183 4061 4236 Θεοῦ

2473 4277 2651 4350 ἡμῶν,
2683 4276 2772 4330 διὰ
2803 4277 2903 4346 τὴν
2934 4274 3072 4347 πρὸς
3103 4262 3458 4345 τδ¹ἠμέτερον
3493 4276 3662 4328 αὑτοῦ
3698 4276 4058 4342 συγκατάϐα-

2474 4388 2579 4435 σιν,
2635 4367 2843 4440 ῥήμασί
2885 4384 2946 4421 τε
2996 4369 3093 4422 καὶ
3146 4369 3468 4438 πράγμασιν
3500 4366 3847 4429 ἀπαιδεύτως
3875 4383 4052 4438 προσ-

2471 4457 2823 4519 πταίσαντας.
2874 4456 2939 4509 Τί
2994 4456 3105 4527 γάρ
3166 4455 3294 4509 ἄλλο
3347 4456 3418 4509 τά
3482 4456 3653 4527 μυρία
3738 4456 3887 4524 φῦλα
3941 4456 4053 4508 τῶν

799 4553 1103 4610 nominavit
1127 4553 1189 4615 ",
1221 4553 1451 4608 stultitia
1483 4552 1926 4621 praadicationis?
1955 4553 2157 4623 Ecquis
2191 4571 2366 4610 novo-

2472 4549 2663 4613 ὲθνῶν,
2696 4547 2731 4617 ἦ
2757 4547 2858 4610 τὰς
2898 4547 3195 4609 Ἰουδαϊκάς
3223 4548 3357 4616 ἡμῖν
3376 4547 3665 4616 φάλαγγας
3690 4544 3968 4611 ὲξὼπλισέ
3997 4566 4053 4601 τε

798 4659 921 4698 rum
953 4643 1403 4712 dogmatistarum
1437 4641 1806 4698 eruditionem
1834 4658 1943 4698 non
1974 4643 2359 4713 admiraretur,

798 4736 844 4792 si
886 4735 1186 4791 secundum
1232 4750 1426 4790 eorum
1472 4750 1643 4805 nugas
1676 4750 1869 4790 omnes
1914 4746 2179 4808 martyres
2220 4740 2386 4795 cele-v

797 4827 925 4882 bres
946 4834 1003 4880 et
1030 4841 1224 4880 omnes
1250 4825 1614 4889 confessores,
1657 4825 1776 4880 sine
1814 4827 2102 4881 tormentis
2130 4842 2362 4884 coronas

796 4935 898 4989 pro
921 4919 1126 4988 pietate
1155 4933 1261 4988 per
1278 4919 1378 4972 bas
1403 4918 1539 4971 duas
1561 4933 1726 4973 voces
1747 4917 1999 4973 obtinere
2030 4919 2359 4988 potuissent,

796 5007 843 5060 si
878 5021 973 5061 eas
998 5005 1220 5075 quidem
1243 5005 1604 5060 didicissent?
1629 5006 1731 5071 Qui
1764 5015 1947 5059 autem
1972 5007 2131 5062 istius
2157 5023 2364 5079 magna:

794 5098 1079 5166 sapientiae
1113 5103 1366 5165 expertes
1414 5104 1622 5158 essent,
1671 5097 2030 5153 recessissent
2061 5114 2161 5168 per
2194 5101 2365 5169 negli-

793 5190 1034 5259 gentiam
1094 5188 1332 5258 decepti,
1367 5205 1478 5243 non
1512 5188 1639 5243 facti
1673 5189 1732 5242 in
1766 5191 1877 5245 vita
1905 5190 2175 5245 columnae
2205 5193 2363 5246 forti-

794 5280 1031 5345 tudinis;
1050 5278 1257 5340 nullus.
1289 5279 1506 5347 opinor,
1528 5295 1596 5333 ex
1627 5278 2025 5334 crudelissimis
2054 5288 2111 5333 et
2129 5281 2364 5335 maxime

792 5372 1074 5427 malevolis
1104 5373 1552 5441 persecutoride
1594 5387 1785 5441 pmnas
1812 5372 1882 5426 ab
1908 5372 2022 5426 ullo
2050 5372 2363 5427 Christiano

790 5463 1106 5533 repetisset,
1152 5462 1197 5515 si
1247 5462 1301 5516 in
1355 5463 1618 5517 tribunali
1662 5471 1851 5517 natum
1906 5479 1973 5517 ex
2020 5463 2261 5534 Virgine,
2308 5472 2365 5519 et

790 5552 1139 5617 cruciﬁxum,
1167 5560 1224 5607 et
1248 5553 1547 5622 sepultum,
1597 5568 1662 5607 ac
1705 5555 2027 5607 suscitatum
2066 5570 2097 5609 a
2126 5555 2363 5610 mortuis

794 5645 1068 5699 nominem
1100 5653 1314 5699 tantum
1355 5643 1523 5699 fuisse
1560 5645 1795 5701 confessi
1823 5653 2026 5702 essent.
2054 5645 2185 5713 Quae
2209 5647 2358 5704 enim

865 5813 910 5848 “
942 5817 959 5872 l
992 5812 1122 5871 Cor.
1156 5833 1202 5882 ι,
1238 5817 1325 5879 18,
1354 5817 1445 5872 ‘23.

2470 4642 2567 4695 καὶ
2594 4639 2881 4709 ὲξέμηνεν,
2914 4639 3030 4692 ἀλλ’
3060 4640 3117 4706 ἢ,
3142 4638 3215 4702 ὡς
3238 4640 3267 4691 6
3295 4637 3509 4700 Παῦλος
3538 4638 3850 4707 ὠνόμακεν,
3880 4640 3914 4707 ἡ
3948 4656 4059 4707 μω-

2472 4734 2563 4804 ρία
2591 4730 2685 4785 τοῦ
2708 4731 3101 4803 κηρύγματος;
3136 4731 3248 4784 Καὶ
3273 4730 3357 4794 τίς
3390 4729 3456 4783 ἂν
3478 4729 3561 4800 ’μὴ
3590 4728 3895 4799 θαυμάσειε
3954 4731 4055 4799 τῆς

2468 4824 2806 4887 παιδεύσεως
2836 4824 2966 4886 τοὺς
3004 4823 3157 4884 νέους
3204 4821 3593 4892 δογματιστάς,
3627 4823 3789 4891 εἴπερ
3831 4817 3946 4875 οἷόν
3995 4840 4054 4874 τε

2465 4914 2558 4991 ἦν,
2616 4916 2760 4972 κατά
2800 4917 2928 4979 τοὺς
2983 4916 3165 4969 αὐτῶν
3223 4915 3451 4983 λήρους,
3508 4915 3715 4975 πάντας
3767 4914 3869 4982 μὲν
3927 4915 4057 4978 τοὺς

2476 5010 2756 5080 ἀοιδίμους
2806 5012 3111 5080 μάρτυρας,
3163 5007 3373 5070 πάντας
3414 5007 3472 5060 δὲ
3525 5008 3651 5070 τοὺς
3684 5008 4053 5078 ὁμολογητάς,

2469 5102 2566 5155 καὶ
2607 5100 2860 5172 βασάνων
2894 5099 3049 5162 ἐκτὸς
3092 5099 3218 5161 τοὺς
3250 5097 3395 5167 ὑπὲρ
3426 5097 3713 5161 εὐσεϐείας
3746 5100 4057 5167 στεφάνους

2470 5193 2791 5259 ἀπολαϐεῖν,
2829 5192 2917 5246 διὰ
2952 5191 3047 5245 δύο
3085 5190 3318 5244 τουτωνὶ
3365 5189 3584 5254 λέξεων,
3621 5190 3679 5243 εί
3702 5206 3771 5258 γε
3805 5191 4057 5261 μεμαθη-

2476 5285 2633 5347 κότες
2659 5283 2832 5347 αὑτάς
2859 5282 3089 5354 Ετυχον;
3112 5283 3175 5335 Οἱ
3201 5281 3259 5334 δὲ
3283 5282 3383 5352 τῆς
3412 5280 3557 5334 οὕτω
3587 5280 3841 5351 μεγάλης
3872 5282 4055 5335 οὔτῶν

2472 5376 2666 5445 σοφίας
2689 5376 2946 5445 ἀμέτοχοι
2971 5373 3371 5444 διαμείναντες,
3390 5373 3637 5441 ἀπῆλθον
3661 5373 3888 5445 ἀπάτης
3914 5377 4056 5445 πάρ’

2463 5480 2647 5535 εργον,
2674 5466 2774 5518 οὐκ
2814 5464 3066 5535 ἀνδρείας
3101 5464 3294 5533 στῆλαι
3353 5464 3434 5534 τῷ
3465 5464 3567 5535 βίῳ
3599 5465 3925 5533 γενόμενον
3959 5466 4055 5518 οὺ-

2464 5557 2576 5621 δεὶς
2596 5550 2705 5629 γάρ
2726 5556 2816 5620 ἂν,
2835 5559 2910 5620 ὼς
2925 5557 3103 5629 οἶμαι,
3129 5558 3236 5610 τῶν
3268 5573 3326 5608 τε
3351 5557 3700 5627 πικροτάτων
3727 5558 3823 5610 καὶ
3852 5558 3918 5610 δυ
3934 5574 4057 5627 sps-

2465 5650 2573 5705 νῶν
2602 5648 2870 5718 διωκτῶν,
2901 5650 3059 5723 δίκην
3100 5651 3224 5706 τινὰ
3271 5650 3616 5722 Χριστιανῶν
3657 5650 4052 5723 εἰσεπράξατο,
