4218 6444
743 466 875 531 13ἳῖ
1985 461 2293 521 LEONTII

2424 462 2515 521 ’ΖΑ
2527 460 2742 521 NTINI
3881 453 4044 515 1333

740 590 821 633 trs
847 575 1146 645 Virginem,
1183 582 1237 628 et
1261 574 1562 629 absurdum
1627 576 1756 629 inde
1803 573 2161 644 proﬁciscens
2210 586 2319 626 non

2424 574 2522 643 τὴν
2571 572 2849 644 Παρθένον
2907 570 3399 643 ἀποσεμνύνοντες,
3459 569 3554 623 καὶ
3612 569 3714 641 τὴν
3764 568 4043 623 ἐντεῦθεν

738 667 1115 738 providentes.
1141 678 1199 722 ct
1248 667 1396 736 quod
1441 668 1485 721 si
1519 666 1654 737 quid
1687 666 2004 739 huiusmodi
2030 665 2323 720 accidisset

2427 667 2814 738 ἀναφυομένην
2844 666 3077 720 ἀτοπίαν
3109 666 3170 719 οὐ
3207 662 3607 735 προορώμενοι,
3636 663 3730 715 καὶ
3753 662 3829 725 ὼς
3855 663 4043 734 εἴπερ

739 760 970 831 Virgini,
1004 759 1288 814 babiiitate
1315 759 1568 830 pariendi
1595 761 1806 830 privata
1856 759 2072 813 fuisset.

2425 775 2477 811 τι
2501 757 2709 811 τοιοῦτο
2729 762 2796 829 τῇ
2830 758 3093 829 Παρθένῳ
3122 756 3482 827 συμϐεϐήκει,
3512 756 3606 810 καὶ
3628 755 3792 825 αὐτῆς
3826 753 3892 807 ἂν
3921 758 4044 823 ’τῆς

2428 848 2564 920 πρὸς
2589 848 2649 900 τὸ
2677 848 2880 901 τίκτειν
2910 849 3347 918 ἐπιτηδειότητος
3371 846 3730 916 ἀπεστέρητο.

2499 942 2560 989 0.
2603 937 2995 1007 Ἀληθέστατα,
3025 934 3095 1009 ἦν
3118 938 3162 991 δ’
3188 937 3322 1006 ἐγὼ,
3355 937 3556 1004 λέγεις.
3581 936 3653 988 Τὸ
3674 934 3780 1003 γὰρ
3804 933 4044 1003 ἄφθαρ-

2426 1047 2516 1083 τον
2567 1031 2866 1093 καταστὰν,
2935 1031 3035 1084 οὐκ
3067 1031 3132 1083 ἄν
3183 1045 3315 1081 ποτε
3358 1028 3455 1081 τοῦ
3503 1028 3789 1097 κυοφορεῖν
3824 1041 3883 1076 τε
3926 1025 4043 1077 καὶ

2427 1123 2707 1194 σαρκικῶς
2760 1124 3078 1176 άποτίκτειν
3131 1123 3343 1190 γένοιτο
3375 1120 3643 1174 δεκτικόν.
3696 1119 3757 1171 Ἦ
3809 1119 3866 1171 δὲ
3923 1118 4039 1171 τοῦ

2426 1213 2745 1284 Πνεύματος
2780 1215 3010 1285 ὲνδημία
3054 1216 3176 1284 οὐχὶ
3196 1215 3295 1284 τῆν
3323 1211 3740 1282 ἐπιτηδειότητα
3763 1209 3857 1262 τοῦ
3886 1226 4038 1276 γεν-

2425 1307 2521 1376 νᾷν
2545 1306 2642 1376 τὴν
2678 1307 2953 1378 Παρθένον
2975 1306 3228 1374 ἀφείλετο
3261 1306 3295 1377 ἥ
3324 1305 3657 1359 κεκώλυκεν.
3689 1303 4039 1355 Τουναντίον

2429 1398 2527 1466 μὲν
2573 1393 2668 1451 οὖν
2706 1400 2800 1451 ἐπὶ
2826 1398 2925 1469 τὴν
2957 1399 3214 1470 ἀσπόρως
3241 1397 3690 1467 οἰκοωμηθεῖσαν
3727 1395 4036 1464 σύλληψιν,

2432 1490 2732 1560 ὑπερφυῶς
2762 1491 2933 1561 αὐτὴν
2960 1490 3369 1562 προσηγάγετο.
3400 1492 3632 1543 κακεῖνο
3669 1489 3724 1542 δέ
3757 1505 3844 1558 μοι
3884 1504 4040 1540 σκο-

2429 1584 2551 1635 πεῖν
2575 1582 2806 1646 ἔπεισιν,
2834 1582 2909 1645 ὡς
2930 1585 2977 1634 εἰ
3004 1583 3125 1635 κατ’
3150 1584 3393 1645 ἐκείνους
3415 1584 3449 1652 η
3480 1582 3775 1653 Παρθένος,
3805 1581 4037 1650 5:50:19-

2425 1691 2517 1738 τος
2542 1677 2607 1746 τῇ
2662 1677 3009 1746 ἐπιφοιτήσει
3040 1676 3133 1729 τοῦ
3165 1677 3483 1746 ιῐνεὺματος
3528 1678 3755 1745 γέγονεν
3777 1718 3792 1741 ,
3828 1679 3921 1729 ὲκε
3937 1677 4036 1746 fw;

2428 1768 2646 1831 πάντως
2670 1768 2736 1822 ἂν
2770 1769 2863 1821 καὶ
2897 1767 3022 1839 ῥίζα
3051 1769 3152 1835 τῆς
3179 1769 3270 1822 τοῦ
3300 1772 3492 1838 γένους
3519 1769 3675 1840 ἡμῶν
3705 1769 4033 1838 ἀφθαρσίας

2361 1922 2404 1980 Β
2432 1859 2749 1930 ἐτύγχανεῆ
2776 1861 2891 1914 ἀλλ’
2922 1862 3022 1932 οὐκ
3046 1864 3074 1914 ὁ
3103 1861 3161 1929 ἐξ
3189 1862 3359 1932 αὐτῆς
3395 1862 3675 1933 προελθὼν
3716 1862 3858 1924 θεῖος
3884 1861 4035 1929 βλα-

2435 1963 2581 2009 στος.

806 940 868 991 ι).
923 937 1240 1001 Verissima,
1299 938 1522 1008 inquam
1570 955 1703 1009 ego.
1755 940 1917 995 dicis.
1971 939 2129 1005 Quod
2175 938 2322 992 enim

741 1028 1168 1096 incorruptibile
1192 1038 1300 1095 est,
1332 1047 1614 1101 nunquam
1650 1030 1717 1084 ad
1770 1030 2061 1085 ferendum
2105 1039 2324 1100 partum

735 1129 791 1173 et
819 1120 1150 1190 pariendum
1182 1121 1441 1177 idoneum
1473 1125 1603 1177 erit.
1658 1124 1944 1178 Adventus
1978 1133 2162 1177 autem
2197 1123 2325 1191 Spi-

735 1212 879 1266 ritus
911 1214 1087 1268 sancti
1114 1230 1222 1267 non
1252 1215 1403 1277 fecit,
1432 1230 1612 1284 neque
1655 1216 1966 1285 prohibuit,
2004 1215 2138 1283 quin
2161 1215 2326 1284 Virgo

734 1305 799 1360 ad
826 1306 1203 1375 generandum
1236 1315 1362 1375 apta
1389 1314 1555 1360 esset.
1582 1306 1790 1361 Contra
1852 1306 2037 1376 potius
2092 1305 2162 1360 ad
2194 1322 2327 1361 con-

735 1407 956 1466 ceptum
985 1398 1103 1450 sine
1149 1397 1359 1450 semine
1385 1398 1670 1466 provisum
1706 1414 1871 1467 supra
1920 1405 2173 1451 naturam
2200 1412 2329 1467 pro-

737 1492 902 1544 texit.
948 1489 1086 1542 liiud
1124 1504 1255 1543 vero
1280 1489 1412 1543 mihi
1450 1490 1503 1544 in
1544 1499 1783 1544 mentem
1812 1491 1983 1555 venit,
2003 1490 2151 1559 quod
2176 1489 2244 1552 si,
2267 1498 2328 1542 ut

735 1577 814 1630 illi
847 1578 1167 1646 opinantur.
1196 1579 1364 1648 Virgo
1399 1595 1501 1649 per
1534 1581 1832 1634 adventum
1880 1578 2122 1647 Spiritus
2148 1579 2325 1633 sancti

734 1671 877 1723 facta
909 1679 993 1725 est
1019 1670 1481 1739 incorruptibilis,
1546 1672 1637 1724 illa
1678 1672 2000 1726 necessario
2064 1670 2207 1725 facta
2241 1678 2327 1725 cst

734 1761 1159 1816 immortalitatis
1181 1762 1401 1832 generis
1426 1762 1601 1817 nostri
1629 1763 1806 1826 radix,
1843 1773 2031 1817 etnon
2067 1762 2326 1817 surculus

731 1851 957 1906 divinus
987 1868 1052 1907 ex
1081 1868 1145 1907 ea
1167 1853 1492 1923 productus.

806 2033 869 2087 Η.
903 2033 1143 2103 Optime,
1187 2032 1389 2102 inquit,
1438 2031 1614 2097 dicis;
1661 2048 1765 2087 nec
1813 2034 1961 2087 enim
2001 2032 2169 2087 semel
2199 2049 2324 2101 prn-

732 2129 907 2182 ditutn
927 2136 1033 2188 est,
1067 2126 1233 2179 vitam
1275 2124 1512 2195 Virginis
1560 2126 1830 2179 naturalis
1878 2125 2099 2179 habitus
2145 2134 2323 2178 muta-

734 2221 940 2273 tionem
975 2218 1191 2287 cepisse
1224 2235 1238 2269 :
1283 2218 1582 2286 puritatem
1616 2216 1764 2270 enim
1792 2216 1991 2270 animae
2018 2226 2074 2270 et
2120 2215 2322 2270 sancti-

734 2310 1047 2365 ﬁcationcm
1073 2308 1227 2364 carni
1270 2310 1459 2362 attulit
1508 2308 1781 2363 adventus
1825 2309 2065 2379 Spiritus
2109 2307 2320 2374 sancti;

734 2419 844 2459 non
867 2412 1052 2457 autem
1081 2402 1403 2457 substantiae
1419 2411 1515 2456 aut
1548 2410 1759 2455 natura:
1786 2401 2231 2455 immutationem
2264 2402 2321 2455 in

733 2511 797 2549 ea
825 2494 1032 2549 eﬂeeit.

2505 2041 2564 2091 Α.
2602 2039 2900 2104 Rollin-:1,
2930 2041 3032 2111 ἔφη
3055 2082 3070 2104 ,
3099 2040 3280 2107 λέγεις
3312 2057 3324 2069 ·
3360 2042 3481 2095 οὐδὲ
3512 2043 3678 2111 γὰρὴ
3722 2043 3879 2111 λοιπὴ
3918 2044 4034 2112 τῆς

2433 2130 2713 2202 Παρθένϊυ
2768 2130 2883 2203 ζωὴ
2952 2134 3353 2204 παραδεδέχθαι
3428 2136 3685 2201 καθάπαξ
3740 2136 4034 2205 ἱστόρηται

2431 2221 2532 2290 τῆς
2562 2225 2796 2295 φυσικῆς
2830 2224 2998 2290 ἕξεως
3041 2225 3403 2295 μεταποίησιν
3437 2243 3451 2256 ·
3504 2226 3872 2296 καθαρότητος
3917 2230 4035 2297 μὲν

2431 2316 2543 2386 γάρ
2582 2318 2831 2387 ὑπῆρχεν
2870 2318 3007 2389 αὐτῇ
3042 2319 3142 2387 τῆς
3168 2320 3310 2372 κατᾶ
3339 2319 3521 2388 ψυχὴν
3550 2358 3565 2379 ,
3606 2320 3701 2372 καὶ
3738 2321 4031 2389 άγιασμοῦ

2430 2408 2526 2463 τοῦ
2565 2410 2708 2464 κατά
2732 2410 2832 2482 τὴν
2857 2411 3035 2481 σάρκα
3070 2413 3330 2483 πρόξενος
3364 2415 3395 2483 η
3421 2412 3516 2464 τοῦ
3547 2412 3862 2482 Πνεῦματος
3893 2415 4035 2465 ἐστι-

2432 2502 2677 2573 φοίτησις
2703 2546 2716 2568 ,
2749 2504 2809 2556 οὐ
2851 2506 2958 2575 μὴν
3000 2504 3188 2568 οὐσίας
3216 2506 3252 2577 ἢ
3281 2506 3498 2574 φύσεως
3536 2503 3761 2573 ἄμειψιν
3787 2505 3847 2557 ὲν
3873 2504 4030 2575 αὐτῇ

2432 2595 2825 2653 κατεσκεύασε.

804 2688 869 2744 Ο.
902 2688 1063 2752 Illud,
1095 2688 1343 2758 inquam,
1366 2686 1506 2742 adde
1538 2686 1605 2740 ad
1636 2685 1949 2755 superiora,
2007 2684 2155 2753 quod
2200 2684 2323 2753 Spi-

736 2785 878 2838 ritus
900 2782 1127 2853 quidem
1151 2782 1436 2852 Virginem
1468 2780 1674 2833 virtute
1702 2778 2022 2850 gravidaute
2051 2776 2317 2846 implevit,

735 2887 798 2932 ut
830 2887 1024 2930 natura
1085 2890 1250 2945 supra
1296 2883 1575 2935 naturam,
1621 2871 1831 2941 spicam
1892 2871 2012 2926 sine
2074 2870 2320 2924 aratione

737 2964 1089 3032 produceret,
1152 2972 1210 3017 ct
1262 2977 1450 3016 ramus
1487 2977 1556 3015 ex
1603 2960 1788 3014 radice
1832 2959 2089 3031 virginali
2154 2971 2321 3027 supra

734 3071 900 3123 quam
943 3054 1269 3108 naturaliter
1297 3052 1564 3107 oriretur.

810 3142 870 3196 Π.
912 3144 1105 3207 Recte,
1133 3142 1337 3212 inquit,
1362 3146 1505 3196 boue
1540 3142 1646 3196 vir.

807 3240 872 3290 ί).
930 3237 1085 3288 {\uuc
1121 3250 1250 3287 vero
1282 3244 1501 3304 tempus
1526 3243 1632 3299 est,
1667 3234 1865 3295 amice,
1897 3241 1953 3286 ul
1978 3242 2230 3288 amanter
2265 3244 2321 3289 et

737 3327 951 3396 placide
973 3325 1119 3395 quod
1143 3325 1409 3394 deinceps
1431 3327 1703 3395 sequitur,
1726 3325 2160 3380 consideremus.
2183 3325 2320 3381 Cum

735 3417 885 3474 enim
935 3416 1230 3471 conveniat
1284 3416 1430 3470 inter
1489 3431 1614 3481 nos,
1648 3414 1844 3470 eadem
1901 3424 2102 3470 natura
2148 3415 2322 3471 fuisse

736 3524 958 3579 semper
1013 3509 1318 3578 Virginem,
1377 3523 1478 3562 nec
1524 3509 1580 3563 in
1602 3508 1773 3562 alium
1828 3519 2042 3564 natura:
2091 3516 2320 3574 statum,

738 3618 901 3671 quam
931 3617 1042 3669 quo
1093 3618 1122 3655 a
1169 3600 1445 3669 principio
1497 3611 1641 3662 erat,
1669 3601 1968 3665 transisse;
2006 3602 2208 3671 pignus
2255 3616 2324 3654 ex

739 3695 856 3763 ipsa
898 3701 1098 3745 natura
1137 3700 1345 3756 nostra,
1394 3707 1578 3745 annon
1631 3690 1721 3746 via
1751 3702 1809 3745 ct
1836 3692 2032 3745 ordine
2085 3701 2325 3752 naturai.

736 3794 986 3856 tempora
1020 3796 1214 3856 partus
1240 3786 1532 3841 servabat?

2504 2688 2564 2740 0.
2597 2688 2850 2753 Κάκεῖνο,
2898 2689 3035 2759 ἔφην
3054 2731 3067 2754 ,
3095 2691 3207 2754 τοῖς
3246 2690 3560 2761 εἰρημένοις
3584 2688 3866 2761 προστίθει
3888 2706 3904 2718 ·
3934 2691 4029 2745 ὅτι

2431 2797 2495 2848 γε
2522 2780 2586 2851 δὴ
2618 2781 2677 2833 τὸ
2709 2781 2928 2850 Πνεῦμα
2953 2823 2968 2845 ,
3001 2785 3048 2835 εἱ
3077 2783 3138 2835 τδ
3187 2784 3329 2853 ὑπὲρ
3354 2785 3456 2853 τὴν
3482 2784 3645 2851 φύσιν
3679 2782 3921 2854 ὑπάρξαι
3952 2786 4027 2854 τῇ

2433 2873 2597 2941 φύσει
2649 2876 3075 2946 καρποφορῆσαι
3110 2876 3313 2945 στάχυν
3357 2876 3643 2945 ἀνήροτον.
3679 2876 3774 2929 καὶ
3821 2874 4029 2931 κλάδον

2433 2966 2767 3036 παρθενικῆς
2802 2967 2960 3035 ῥίζης
2988 2966 3284 3036 ὑπερφυῶς
3317 2966 3679 3037 ὲκςυόμενον.

2501 3148 2566 3198 Δ.
2601 3143 2673 3200 Εὖ
2704 3161 2789 3213 γε,
2821 3144 2948 3215 ἔφη,
2973 3140 3019 3198 ὦ
3050 3145 3317 3215 βέλτιστε.

2502 3242 2561 3291 Ο.
2597 3239 2710 3292 Νῦν
2739 3240 2794 3292 δὲ
2823 3239 2887 3309 δὴ
2927 3241 3147 3310 καιρὸς,
3177 3233 3224 3293 ὦ
3250 3239 3498 3311 φιλότης,
3536 3238 3696 3309 ἔφην,
3739 3242 4030 3310 ἀγαπητι-

2427 3332 2538 3394 κῶς
2573 3348 2632 3383 τε
2664 3330 2761 3385 καὶ
2810 3332 3030 3401 πραέως
3061 3338 3122 3383 τὸ
3160 3332 3288 3402 ἑξῆς
3331 3331 3849 3402 συνδιασκέψασθαι.
3898 3333 4028 3401 Τῆς

2423 3424 2533 3495 γὰρ
2563 3423 2844 3494 Παρθένου
2884 3425 3357 3494 συνομολογούσης
3387 3427 3525 3495 ἡμῖν
3574 3425 3838 3488 ὡσαύτως
3872 3425 4030 3494 ἔχειν

2425 3514 2568 3567 κατᾶ
2596 3515 2698 3583 τὴν
2726 3513 2891 3582 φύσιν
2918 3516 3004 3566 ἀεὶ
3035 3555 3049 3574 ,
3078 3516 3173 3567 καὶ
3205 3515 3282 3585 μὴ
3325 3516 3461 3585 πρὸς
3497 3515 3697 3579 ἑτέραν
3724 3517 3877 3585 παρὰ
3916 3517 4029 3587 τὴν

2424 3607 2485 3673 ἐξ
2515 3609 2692 3677 ἀρχῆς
2726 3607 3087 3678 ὑπάρχουσαν
3115 3607 3279 3678 αὐτῇ,
3314 3607 3710 3676 μεταχωρῆσαι
3736 3608 4030 3663 κατάστα-

2426 3717 2533 3763 σιν,
2564 3701 2593 3752 ὁ
2626 3698 2683 3765 ἐξ
2715 3697 2886 3766 αὐτῆς,
2914 3697 3014 3765 τῆς
3043 3696 3322 3767 ἡμετέρας
3352 3696 3570 3766 φύσεως
3609 3696 3893 3769 άρραὃὼν,
3929 3693 4027 3768 ἆρ’

2418 3793 2546 3863 ,οὐχὶ
2581 3790 2685 3861 ὁδῷ
2719 3791 2813 3843 καὶ
2848 3790 3001 3853 τάξει
3031 3790 3269 3858 φύσεως,
3310 3789 3438 3854 τοὺς
3480 3791 3710 3860 χρόνους
3749 3792 4026 3859 ἐγίνωσκε

2419 3883 2526 3953 τῆς
2554 3884 2807 3954 κυήσεως
2831 3899 2845 3943 ;

2493 3956 2738 4027 Λ.ἰ]άνυ
2768 3973 2870 4043 μὲν
2907 3972 3024 4039 οὖν,
3063 3972 3192 4043 ἔφη.

2494 4071 2558 4118 υ.
2610 4066 2770 4118 Κατὰ
2816 4065 2992 4136 βραχὺ
3040 4068 3150 4136 γὰρ
3210 4067 3269 4118 ἐν
3315 4066 3381 4133 τῇ
3433 4064 3741 4136 παρθενικῇ
3793 4066 4024 4137 μήτρᾳ,

2424 4159 2733 4228 προέκοπτε
2765 4159 2916 4229 νόμῳ
2953 4160 3227 4228 κυήσεως,
3258 4157 3333 4222 ὼς
3366 4157 3504 4228 πρὸς
3527 4159 3629 4227 τὴν
3657 4160 4024 4228 ἀπηρτισμὲ-

2422 4266 2520 4320 νην
2551 4249 2646 4303 τοῦ
2674 4249 2909 4321 βρέφους
2938 4250 3247 4315 τελείωσιν,
3285 4249 3362 4311 ὡς
3387 4250 3481 4303 καὶ
3510 4248 3610 4317 τῆς
3639 4250 4020 4321 εὐαηελικῆς

2422 4342 2570 4396 εστιν
2603 4343 2838 4397 ἀκοῦσαι
2872 4342 3082 4413 φωνῆς,
3124 4343 3591 4410 Ἔπλήσθησαγ,
3630 4341 3931 4413 λεγούσης.
3963 4350 4026 4399 αἱ

739 4442 866 4511 picti
886 4451 1010 4493 sunt
1044 4437 1154 4490 dies
1210 4445 1269 4489 ut
1298 4445 1507 4505 pareret
1534 4437 1574 4467 "
1603 4438 1740 4505 ipsa.
1764 4435 1870 4492 Ubi
1893 4435 2042 4489 circa
2073 4444 2315 4505 partum,

2424 4436 2635 4504 ἡμέραι
2697 4435 2805 4490 τοῦ
2855 4435 3050 4489 τεκεῖν
3090 4435 3303 4499 αὑτήν.
3342 4436 3511 4488 Ἐνθα
3542 4435 3672 4502 περὶ
3700 4436 3798 4487 τὸν
3830 4437 4021 4501 τόκον,

737 4542 886 4587 sicut
934 4532 1078 4585 circa
1113 4537 1464 4597 conceptum,
1510 4528 1839 4581 miraculum
1896 4526 2221 4581 admirabile
2263 4536 2320 4580 et

2424 4527 2572 4581 ὥσπε
2582 4546 2613 4599 ρ
2643 4527 2709 4599 δη
2743 4528 2837 4580 καὶ
2880 4532 3010 4598 περὶ
3044 4528 3143 4597 τὴν
3169 4526 3397 4597 πρώτην
3429 4527 3696 4598 σύλληψιν
3718 4570 3734 4592 ,
3763 4545 4026 4581 καινοτοο

736 4640 940 4681 novum
972 4622 1173 4677 factum
1200 4628 1304 4682 est,
1338 4619 1484 4690 quod
1527 4636 1705 4689 neque
1730 4628 1919 4690 partus
1941 4619 2315 4691 virginitatem

2425 4623 2609 4689 μεῑται
2634 4618 2823 4689 θαῦμα
2852 4618 3175 4687 παράδοξον,
3201 4615 3330 4671 οὔτε
3361 4618 3457 4670 τοῦ
3484 4620 3649 4671 τόκου
3677 4618 3779 4689 τὴν
3810 4620 4021 4688 παρθε.

736 4718 921 4782 ειήιὶι,
954 4730 1133 4783 neque
1158 4713 1448 4778 virginitas
1480 4722 1697 4781 partum
1734 4712 2041 4782 impedivit.

2428 4707 2549 4762 νιαν
2576 4708 2859 4771 λύσαντος,
2888 4706 3014 4761 οὔτε
3039 4707 3143 4777 τῆς
3170 4705 3474 4777 παρθενίας
3500 4705 3755 4777 ἐμποδὼν
3786 4710 3856 4778 τῇ
3888 4725 4017 4762 κυο-

2427 4800 2595 4872 φορίᾳ
2628 4800 2946 4870 γενομένης.

2498 4896 2563 4948 Δ.
2601 4894 2794 4959 Θείως,
2832 4894 2959 4964 ἔφη,
2987 4893 3190 4962 λέγεις.

2497 4987 2560 5040 0.
2598 4984 2735 5039 Ἀλλ’
2773 4985 2985 5055 ὥσπερ,
3008 4982 3075 5053 ἦν
3098 4984 3142 5037 δ’
3169 4984 3302 5053 ἐγὼ,
3334 4988 3367 5054 ἡ
3392 4985 3658 5055 σύλληψις
3688 4986 3837 5055 ὑπὲρ
3863 4990 4015 5057 ἡμᾶς

734 5096 853 5134 ram
913 5085 1161 5130 nostram
1203 5074 1402 5138 factus,
1455 5085 1571 5125 non
1619 5069 1729 5124 fuit
1760 5083 1790 5123 a
1831 5076 2031 5122 natura
2067 5068 2316 5131 alienus;

2425 5075 2801 5146 γεγενημένη,
2851 5075 2915 5129 τὸ
2943 5073 3066 5129 καθ’
3097 5075 3247 5143 ἡμᾶς
3279 5074 3382 5126 οὐκ
3408 5074 3679 5143 ἠγνόησεν
3703 5112 3719 5135 ,
3772 5072 3923 5127 οὕτω
3950 5075 4014 5144 δὴ

732 5175 815 5227 sic
842 5169 1069 5241 quidem
1098 5165 1383 5238 generatio
1425 5180 1550 5235 qua:
1604 5161 2096 5217 admirabilitatem
2150 5161 2315 5215 babe-

2424 5165 2515 5218 καὶ
2562 5167 2595 5234 η
2628 5165 2883 5236 γέννησις
2906 5163 2971 5216 τὸ
3015 5161 3322 5233 παράδοξον
3350 5161 3549 5233 ἔχουσα
3573 5200 3590 5214 .
3631 5160 3728 5215 τοῦ
3766 5162 3842 5216 δι’
3865 5163 4014 5234 qua;

734 5264 851 5327 bat,
879 5275 990 5314 non
1051 5257 1290 5313 mutavit
1330 5267 1585 5311 naturam
1641 5256 1764 5324 ejus
1792 5254 1889 5323 qui
1946 5262 2175 5322 propter
2219 5268 2322 5307 nos

2424 5255 2703 5326 τεχθέντος
2732 5257 2832 5325 τὴν
2870 5255 3035 5326 φύσιν
3059 5254 3164 5308 οὐκ
3190 5253 3451 5325 ἦμειψεν,
3476 5252 3595 5307 ἀλλ’
3616 5253 3789 5321 ἐξέφυ
3817 5252 4014 5314 κλάδος

735 5365 897 5408 natus
923 5361 1039 5407 est:
1066 5350 1204 5421 quin
1233 5349 1345 5403 imo
1382 5358 1538 5402 ortus
1566 5355 1654 5402 est
1699 5360 1888 5399 ramus
1918 5355 1972 5399 et
1999 5343 2212 5398 fructus
2246 5344 2321 5399 si-

2424 5364 2475 5405 τι
2504 5347 2599 5401 καὶ
2625 5348 2865 5416 καρπὸς,
2890 5348 2958 5417 τῇ
2996 5346 3219 5416 φυσάση
3249 5344 3453 5413 γαστρὶ
3481 5343 3905 5414 παραπλήσιος.

733 5448 880 5501 milis
911 5454 1070 5500 utero
1101 5443 1197 5514 qui
1234 5441 1538 5512 generavit.

803 5536 868 5592 ll.
907 5536 1018 5593 Nos
1064 5536 1254 5606 igitur,
1309 5532 1493 5602 inquit
1530 5532 1643 5594 ille,
1681 5530 1762 5584 sic
1809 5529 1878 5583 de
1919 5544 2083 5583 carne
2107 5526 2315 5583 Christi

2482 5528 2549 5580 Δ.
2588 5525 2776 5595 Ἡμεῖς
2814 5526 2914 5594 μὲν
2949 5520 3065 5588 οὖν,
3108 5519 3451 5593 ἐφη,τοιάδε
3492 5521 3622 5590 περὶ
3663 5520 3766 5586 τῆς
3810 5520 4012 5589 σαρκὸς

728 5628 1081 5692 conﬁtemur,
1117 5625 1265 5696 quod
1304 5623 1609 5679 secundum
1630 5620 1965 5691 principium
2014 5627 2317 5689 conceptus

2424 5617 2651 5687 Χριστοῦ
2680 5616 3003 5685 δοξάζομεν,
3027 5617 3112 5670 ὅτι
3138 5614 3260 5667 κατ’
3283 5614 3457 5685 αὐτήν
3477 5628 3540 5679 γε
3563 5614 3664 5682 τῆς
3685 5610 4010 5682 συλλήψεως

728 5721 893 5777 simul
918 5729 972 5772 et
1000 5718 1285 5785 virginalia
1316 5722 1530 5772 viscera
1570 5714 1770 5785 attigit,
1799 5721 1855 5767 et
1897 5711 2045 5783 quod
2098 5728 2313 5767 assum-

2424 5710 2511 5781 τὴν
2534 5711 2728 5780 ἀργὴν,
2748 5710 2863 5779 ἅμα
2881 5710 2990 5763 τῶν
3012 5706 3362 5780 παρθενικῶν
3384 5705 3629 5774 ἐφῆπται
3651 5702 4010 5777 σπλάγχνων,

811 3977 877 4033 Η.
906 3976 1021 4030 ζ..ιο
1048 3977 1307 4041 maxime,
1333 3974 1534 4044 inquit.

810 4072 874 4124 Ο.
935 4069 1202 4127 i‘auiatim
1252 4070 1423 4129 enim,
1465 4066 1788 4136 iuquam,in
1845 4074 2005 4120 utero
2058 4067 2316 4136 virginali

739 4163 903 4216 ﬂetus
944 4171 1002 4215 et
1067 4159 1359 4222 formatus,
1388 4160 1714 4228 proﬁciebat
1765 4159 1884 4228 lege
1939 4167 2148 4226 partus,
2197 4171 2319 4213 tan-

737 4273 902 4325 quam
953 4254 1020 4308 ad
1080 4253 1453 4307 maturitatem
1500 4252 1801 4322 perfectam
1855 4252 2101 4311 infantis.
2152 4259 2212 4304 ιιι
2252 4268 2320 4304 ex

739 4348 923 4401 verbis
952 4343 1235 4414 Evangelii
1265 4342 1502 4412 perspici
1548 4350 1752 4413 potest,
1788 4358 1916 4397 cum
1972 4345 2083 4397 ait:
2122 4342 2189 4396 Et
2216 4344 2315 4397 im-

808 4897 873 4950 ii.
909 4897 1123 4956 Divina,
1162 4894 1362 4962 inquit,
1381 4892 1483 4946 ais.

805 4988 870 5041 Ο.
903 4986 1032 5048 Sed,
1060 4981 1285 5053 inquam
1316 4996 1439 5052 ego,
1464 4982 1926 5047 sicutconceptus
1960 4990 2128 5046 supra
2159 4984 2318 5029 natu-

803 5909 836 5931 "
872 5895 1008 5952 Luc.
1047 5912 1103 5959 ιι,
1141 5896 1191 5948 6.

4154 786 4165 829 λ
