4218 6444
740 389 864 455 I33!

808 687 872 740 0.
910 687 1136 754 Ecquis,
1166 683 1425 754 respondi
1457 699 1580 753 ego.
1622 685 1728 738 hoc
1759 685 2003 747 diceret,
2037 682 2182 751 quod
2207 698 2312 735 non

740 777 959 831 valente
996 777 1199 838 Verbo,
1241 774 1545 844 quidquam
1577 791 1769 829 eorum
1821 789 1943 844 qua:
1987 775 2316 827 naturaliter

739 870 1017 932 accidunt,
1043 869 1193 923 carni
1225 867 1504 932 eveniret;
1537 883 1598 922 ac
1646 884 1756 920 non
1797 866 1971 936 magis
2022 866 2141 936 ipso
2189 881 2314 936 pcr—

740 961 1015 1022 mittente,
1077 969 1136 1014 ut
1171 976 1296 1029 qua:
1348 960 1623 1015 naturalia
1681 967 1841 1012 erant
1889 958 2008 1012 sine
2064 967 2311 1027 peccato,

738 1067 864 1105 caro
886 1060 1189 1115 pateretur,
1212 1068 1334 1121 qua:
1365 1051 1430 1104 ad
1467 1049 1784 1119 patiendum
1820 1059 2015 1102 natura
2039 1057 2166 1118 apta
2190 1058 2314 1102 nata

736 1143 901 1196 erat?
937 1142 1056 1196 Non
1094 1143 1242 1197 enim
1283 1143 1326 1196 si
1364 1141 1670 1196 secundum
1702 1151 1956 1195 naturam
1998 1148 2119 1194 erat
2149 1157 2318 1208 supra

737 1248 902 1300 quam
940 1240 1001 1286 ut
1035 1234 1144 1302 pati
1168 1242 1378 1302 posset,
1418 1241 1544 1302 apta
1589 1232 1657 1286 ad
1687 1231 2008 1302 patiendum
2051 1246 2149 1298 per
2183 1230 2317 1283 Ver-

740 1327 869 1379 hutn
900 1327 1040 1380 facta
1069 1334 1232 1380 esset.
1265 1325 1469 1380 Contra
1517 1325 1725 1394 potius,
1763 1323 2063 1392 aliquando
2108 1323 2316 1390 passio-

738 1434 838 1472 nes
866 1434 994 1472 caro
1016 1418 1333 1487 superabat,
1370 1417 1648 1471 tribuente
1706 1418 1756 1469 ei
1810 1416 2012 1477 Verbo,
2051 1424 2110 1466 ut
2142 1414 2316 1482 pluri-

739 1525 910 1568 tnum,
941 1509 1284 1563 dominatum
1325 1510 1380 1561 in
1437 1508 1722 1576 passiones
1748 1547 1762 1562 .
1814 1514 1872 1558 ut
1905 1506 2168 1558 naturalis
2223 1521 2317 1557 eo-

737 1601 1070 1665 agmentatio
1097 1610 1304 1653 natura:
1349 1599 1516 1652 Verbi
1571 1613 1696 1652 eum
1731 1612 1895 1653 carne
1935 1595 2318 1664 inseparabilis

735 1701 901 1754 esset,
933 1700 990 1745 et
1012 1706 1229 1758 semper
1268 1689 1696 1751 indissolubilis;
1736 1687 2019 1756 passiones
2048 1701 2179 1738 vero
2206 1702 2313 1737 non

739 1785 1070 1854 participare
1108 1802 1215 1840 non
1245 1801 1464 1853 semper
1517 1784 1734 1852 corpori
1764 1783 1977 1836 liceret.
2025 1781 2142 1834 Non
2168 1781 2312 1833 enirn

735 1893 802 1929 ex
826 1877 1032 1930 unione
1065 1877 1255 1930 habuit
1289 1892 1398 1928 non
1424 1876 1558 1944 pati,
1614 1875 1711 1928 sed
1760 1890 1827 1930 ex
1861 1875 2146 1926 voluntate
2174 1871 2310 1925 uniti

738 1968 844 2022 hoc
884 1977 1213 2036 opportune,
1247 1976 1301 2020 et
1351 1967 1416 2020 ad
1485 1966 1724 2035 aliquam
1771 1965 2062 2018 utilitatem
2113 1963 2313 2031 guber-

737 2059 920 2112 nantis
951 2075 1014 2112 ac
1046 2058 1415 2126 disponentis.
1450 2057 1564 2110 Nisi
1597 2057 1744 2110 enim
1782 2057 1886 2109 hoc
1927 2071 2116 2109 verum
2143 2062 2310 2114 esset,

737 2152 972 2203 alterum
1012 2149 1249 2203 duorum
1301 2151 1552 2203 contiteri
1587 2163 1810 2201 necesse
1865 2156 2031 2206 esset,
2066 2153 2160 2197 aut
2205 2161 2310 2198 non

738 2258 952 2312 passam
985 2257 1107 2296 esse
1139 2243 1437 2311 quidquam
1482 2241 1724 2310 penitus,
1765 2255 1887 2308 qua:
1937 2248 2058 2292 erat
2090 2248 2314 2306 propter

737 2335 997 2389 unionem
1029 2343 1225 2388 natura
1263 2333 1644 2402 impassibilis;
1696 2341 1788 2384 aut
1819 2331 1862 2383 si
1909 2346 2065 2398 passa
2101 2337 2206 2390 est,
2247 2329 2317 2382 ab

737 2427 940 2481 unione
973 2427 1192 2495 penitus
1215 2426 1485 2479 divulsam
1522 2434 1664 2475 esse;

812 2515 874 2567 Il.
905 2515 958 2567 Si
990 2514 1175 2582 igitur,
1203 2514 1280 2566 ait
1308 2514 1420 2576 ille,
1461 2522 1517 2564 ut
1547 2520 1600 2563 tu
1635 2511 1792 2571 dicis,
1828 2524 1958 2563 caro
1993 2527 2117 2562 cunt
2150 2519 2314 2565 natu-

741 2621 853 2660 ram
905 2607 1131 2660 haberet
1161 2614 1342 2674 aptam
1399 2603 1464 2657 ad
1506 2602 1846 2672 patiendum.
1880 2610 1993 2654 tum
2023 2600 2129 2654 alia
2190 2617 2315 2669 pro—

742 2707 861 2764 pter
881 2712 960 2759 se,
1002 2705 1116 2749 tum
1154 2701 1385 2748 mortem
1415 2685 1698 2753 sustinuit,
1723 2691 2052 2745 exciderunt
2082 2691 2241 2745 nobis
2260 2701 2316 2745 et

743 2788 1026 2856 perierunt
1063 2786 1437 2857 gloriationes,
1492 2785 1696 2852 quibus
1744 2783 2137 2852 gloriabamur,
2191 2793 2310 2838 tan-

741 2894 905 2946 quam
941 2879 1057 2946 ipsa
1090 2885 1318 2946 propter
1338 2890 1440 2929 nos
1464 2891 1622 2944 passa
1662 2873 1874 2927 luisset.

812 2971 874 3024 0.
925 2971 1156 3038 Propter
1209 2984 1315 3022 nos
1370 2967 1479 3036 pati
1532 2981 1753 3019 carnem
1795 2965 2034 3024 Domini,
2095 2964 2315 3032 inquam

742 3079 864 3126 ego,
897 3060 1036 3112 bone
1068 3059 1171 3121 vir,
1206 3056 1502 3125 dupliciter
1527 3054 1753 3116 dicitur,
1786 3060 1842 3105 et
1878 3052 2028 3120 quod
2083 3053 2315 3120 permit-

1982 399 2284 458 LEON'l‘ll
2336 398 2738 460 BYZANTINI

741 505 885 558 teme
915 505 1112 567 Verbo,
1172 505 1267 558 sed
1318 515 1530 559 natura-
1591 506 1805 575 legibus
1845 506 2090 577 subjecta
2158 509 2314 560 erat?

2420 511 2506 562 τοῦ
2559 513 2735 579 Λόγου
2777 511 2883 564 ἐπα
2893 530 3016 582 σχεν

3871 404 4017 467 1332

3060 515 3094 586 ἡ
3145 515 3301 586 σάρξ,
3344 516 3480 570 ἀλλὰ
3507 518 3690 587 vitam;
3743 521 3768 570 ζ,
3787 520 4019 572 τέκειτο

2420 604 2630 673 φύσεως
2651 625 2665 669 ;
3009 609 3018 617 ”

2489 698 2552 751 Ο.
2588 699 2698 750 Καὶ
2731 699 2815 761 τίς
2858 700 2968 770 γάρ
3000 700 3064 753 ἂν
3086 742 3100 764 ,
3145 702 3468 772 ἀποκριθεὶς
3497 701 3648 758 εἶπον
3678 706 3808 774 ἐγὼ,
3837 709 4020 759 τοῦτο

2419 789 2642 858 φήσειεν
2668 829 2683 852 ,
2712 790 2793 842 ὅτι
2815 807 2878 856 γε
2914 791 2986 862 μὴ
3026 792 3359 862 βουλομένου
3386 795 3495 852 ,τοῦ
3528 797 3722 862 Λόγου,
3753 799 3859 848 τῶν
3903 817 4018 863 τρυ-

2419 882 2586 933 σικῶν
2633 901 2684 935 τι
2742 887 3164 952 συμπτωμάτων
3209 887 3492 940 συνέϐαινε
3535 891 3598 956 τῇ
3659 894 3853 956 σαρκὲ,
3908 891 4014 942 καὶ

2415 971 2536 1039 οὐχὶ
2591 972 2790 1039 μᾶλλον
2825 974 3069 1041 ἐφιέντος
3107 975 3270 1028 αὑτοῦ
3295 1017 3310 1040 ,
3335 979 3402 1046 τῇ
3447 977 3676 1047 πάσχειν
3713 985 4015 1047 πευυκυὲᾳ

2416 1061 2483 1112 τά
2519 1064 2659 1116 κατὰ
2699 1065 2860 1132 φύσιν
2905 1067 3312 1136 ἀναμαρτήτως
3359 1069 3688 1136 ὑφίστασθαι
3715 1088 3727 1132 ;
3759 1074 3832 1123 Ού
3882 1074 4016 1141 γάρ

2418 1151 2663 1219 άνωτέρα
2705 1155 2844 1206 κατά
2880 1155 3042 1221 φύσιν
3078 1156 3264 1208 παθῶν
3325 1153 3486 1219 οὖσα,
3519 1159 3730 1229 παθητὴ
3760 1161 3846 1214 διά
3910 1162 4014 1213 τὸν

2418 1242 2592 1306 Λόγον
2638 1243 2870 1309 ἐγίνετο.
2931 1245 3259 1299 Τούναντίον
3310 1249 3410 1318 μὲν
3442 1245 3532 1301 οὖν
3580 1250 3724 1302 ἐστιν
3763 1253 3849 1304 ὅτε
3904 1254 4014 1305 καὶ

2416 1333 2520 1384 τῶν
2554 1335 2693 1386 κατὰ
2738 1335 2901 1401 φύσιν
2934 1338 3220 1407 ὑπερεῖχεν
3260 1340 3470 1403 παθῶν,
3497 1341 3590 1394 τοῦ
3624 1345 3794 1410 Λόγου
3825 1345 4011 1414 αὐτῇ,

2417 1422 2490 1484 ὡς
2517 1423 2583 1474 τὰ
2613 1425 2802 1487 πολλὰ,
2829 1428 2928 1496 τὴν
2968 1431 3109 1480 κατά
3141 1431 3329 1484 παθῶν
3378 1435 3727 1503 ἐπικράτειαν
3765 1438 4010 1505 χαριζο-

2421 1513 2581 1580 μένου
2598 1532 2610 1544 ο
2631 1515 2768 1567 ὥστε
2790 1518 2888 1586 τὴν
2908 1519 3041 1588 πρὶς
3062 1521 3160 1587 τὴν
3180 1522 3358 1593 σάρκα
3382 1525 3475 1576 τοῦ
3493 1528 3668 1593 Λόγου
3688 1533 4012 1597 συμφυΐαν,

2416 1603 2718 1673 ἀχώριστον
2768 1601 2908 1659 εἶναι
2972 1611 3066 1661 καὶ
3119 1611 3284 1682 μέχρι
3337 1617 3537 1676 παντὸς
3581 1617 4009 1671 ἀδιάσπαστον·

2416 1694 2512 1762 τὴν
2537 1697 2590 1747 δὲ
2617 1697 2721 1748 τῶν
2749 1699 2938 1749 παθῶν
2968 1701 3282 1768 άμεθεξῖαν,
3311 1705 3370 1756 οὗ
3396 1705 3625 1758 πάντθτε
3657 1710 3868 1776 παραμέ
3881 1728 4012 1762 νείν

2417 1785 2492 1852 τῷ
2530 1786 2760 1855 σώματι.
2817 1791 2925 1841 Καὶ
2964 1792 3073 1860 γάρ
3116 1794 3215 1845 οὐκ
3261 1797 3322 1846 ὲκ
3350 1797 3448 1863 τῆς
3496 1798 3739 1861 ἑνὼσεως
3772 1799 3906 1867 ἔσχε
3947 1802 4012 1851 τδ

2416 1875 2647 1938 ἀπαθὲς,
2677 1877 2788 1930 ἀλλ’
2821 1881 2885 1932 ὲκ
2918 1883 3014 1948 τῆς
3048 1881 3354 1951 βουλήσεως
3390 1886 3481 1937 τοῦ
3514 1887 3823 1952 ἐνωθέντος,
3848 1894 4011 1943 κατὰ

2415 1968 2605 2036 καιρδν
2647 1969 2930 2024 τοῦτοκαὶ
2980 1973 3116 2042 πρός
3148 1991 3200 2026 τι
3247 1977 3520 2045 χρήσιμον
3555 1979 4004 2048 οίκονομοῦντος.

2415 2057 2477 2110 ΕΞ
2520 2059 2628 2130 γάρ
2675 2060 2748 2130 μὴ
2789 2061 2950 2114 τοῦτο
2977 2060 3043 2132 ἦν
3074 2063 3271 2134 ἀληθὲς
3297 2109 3310 2131 ,
3338 2067 3484 2119 δυοῖν
3511 2069 3723 2137 ἀνάγκη
3758 2070 4008 2140 θάτερον

2413 2150 2717 2217 ὁμολογεῖν,
2765 2151 2796 2220 ἢ
2837 2153 2968 2222 μηδὲ
3005 2155 3329 2207 πεπονθέναι
3367 2175 3420 2209 τι
3457 2159 3752 2222 παντελῶς,
3799 2162 4008 2231 άπαηῆ

2414 2241 2478 2308 τῇ
2511 2239 2667 2306 φύσει
2693 2243 3062 2309 τυγχάνουσαν
3093 2243 3180 2298 διὰ
3215 2246 3316 2314 τὴν
3357 2246 3574 2315 ἕνωσιν,
3608 2250 3640 2319 ἢ
3676 2251 4008 2320 πάσχουσαν

2415 2331 2551 2394 ὅλως
2585 2335 2680 2398 τῆς
2706 2333 2950 2396 sat-335w;
2979 2336 3393 2406 ἀποσχίζεσθαι.

2487 2511 2548 2562 Α.
2578 2509 2638 2561 Ι·ὶί
2667 2509 2852 2562 τοίνυν
2876 2553 2889 2574 ,
2933 2512 3140 2574 ἐκεῖνος
3169 2513 3298 2582 ἔφη,
3328 2518 3475 2568 κατά
3507 2533 3572 2584 γε
3601 2517 3726 2579 τοὺς
3754 2518 3877 2580 σοὺς
3909 2519 4008 2571 λιε-

2415 2616 2566 2667 γους,
2604 2598 2764 2667 φύσιν
2800 2601 2832 2668 ἡ
2876 2600 3013 2672 σάρξ
3047 2601 3242 2671 ἔχουσα
3271 2603 3522 2674 παθητὴν
3573 2606 3642 2659 τά
3672 2623 3731 2658 τε
3757 2605 3892 2659 ἄλλα
3929 2608 4008 2659 δι’

2415 2690 2583 2760 αὐτὴν
2608 2729 2622 2750 ,
2662 2691 2760 2742 καλ⁸
2787 2691 2849 2760 δὴ
2881 2691 2978 2744 καὶ
3007 2693 3100 2744 τὸν
3140 2693 3370 2748 θάνατον
3409 2697 3639 2765 ἐπέσχεν
3658 2737 3673 2759 ,
3709 2699 4007 2767 οἰχήσεται

2415 2783 2547 2850 ἡμῖν
2578 2781 2647 2834 τά
2680 2783 2972 2852 αὐχήματα
3004 2783 3098 2836 καὶ
3123 2784 3378 2840 διόλωλεν
3401 2832 3414 2853 ,
3447 2787 3589 2858 άπερ
3619 2786 3678 2853 ἐξ
3716 2790 3884 2858 αὐτῆς
3920 2791 4013 2858 ὡς

2416 2871 2483 2922 δι’
2512 2873 2662 2939 ἡμᾶς
2693 2871 2974 2942 παθούσης
2997 2874 3332 2943 ἐσχήκαμεν.

2490 2964 2552 3016 0.
2580 2963 2654 3015 Τὸ
2679 2963 2748 3016 δι’
2775 2966 2944 3033 ἡμᾶς,
2980 2964 3137 3035 ἔφην,
3172 2960 3216 3018 ὦ
3243 2967 3483 3036 βέλτιστε
3501 3007 3517 3031 ,
3545 2967 3740 3022 παθεῖν
3765 2970 3862 3037 τὴν
3891 2970 4008 3022 τοῦ

2421 3054 2626 3125 Κυρίου
2660 3056 2838 3124 σάρκα
2870 3054 3060 3118 διττῶς
3093 3056 3329 3124 λέγεται.
3356 3059 3438 3111 ὅτι
3468 3075 3529 3110 τε
3584 3058 4012 3129 συγχωροῦντος

747 3162 894 3205 lente
923 3151 1105 3206 Verbo
1134 3149 1317 3218 passio
1340 3149 1487 3202 circa
1519 3148 1691 3216 ipsam
1742 3145 1963 3209 accidit,
1990 3145 2119 3212 quia
2161 3144 2316 3198 scili-

2420 3146 2514 3198 τοῦ
2537 3146 2710 3213 Λόγου
2733 3147 2795 3198 τὸ
2817 3148 2941 3217 περὶ
2965 3148 3136 3213 αὐτὴν
3163 3149 3334 3210 πάθος
3365 3149 3652 3203 συνέϐαινε
3677 3151 4009 3220 (δυνάμενος

746 3250 833 3294 cet
859 3255 984 3294 cum
1004 3239 1301 3310 prohibere
1317 3249 1526 3308 posset.
1551 3254 1660 3291 non
1677 3237 1982 3306 prohibuit,
2009 3243 2069 3289 ut
2092 3251 2320 3303 magnus

747 3333 1078 3386 Athanasius
1115 3332 1228 3395 ait;
1279 3344 1337 3385 et
1393 3329 1541 3398 quod
1599 3328 1852 3397 superior
1895 3327 2045 3380 omni
2094 3335 2321 3394 peccato

745 3442 872 3478 eum
899 3433 1066 3486 esset,
1097 3439 1209 3476 non
1231 3422 1468 3476 debebat
1498 3429 1722 3490 propter
1753 3435 1810 3472 se
1848 3426 2102 3480 mortem,
2145 3418 2319 3485 siqui-

746 3520 870 3570 dem
932 3516 1202 3585 principio
1251 3530 1403 3569 mors
1467 3523 1692 3582 propter
1757 3520 2043 3580 peccatum
2098 3508 2320 3577 irrupit,

747 3619 802 3662 et
841 3609 894 3660 in
933 3615 1101 3660 totam
1129 3614 1382 3660 naturam
1436 3608 1732 3656 humanam
1784 3601 2042 3670 pervasit,
2100 3601 2155 3652 in
2196 3615 2318 3668 quo,

747 3701 925 3769 inquit
954 3698 1178 3761 Paulus,
1210 3713 1387 3750 omnes
1411 3704 1752 3766 peccaverunt
1794 3695 1866 3747 1":
1909 3709 2018 3748 non
2036 3692 2182 3746 enim
2213 3700 2318 3755 cst,

749 3805 843 3847 aut
878 3792 981 3845 fuit
1005 3793 1072 3845 ab
1103 3789 1254 3845 omni
1282 3789 1483 3844 smculo
1503 3789 1686 3842 anima
1720 3787 1961 3840 hominis
2000 3783 2318 3846 voluntarii,

748 3895 803 3934 et
829 3898 934 3933 non
963 3879 1259 3935 voluntarii
1312 3879 1524 3948 peccati
1562 3895 1720 3947 pura.
1751 3879 1864 3931 lmo
1912 3879 2078 3932 etiam
2107 3875 2322 3930 animas

751 3983 1064 4028 sanctorum
1107 3972 1329 4024 Patrum
1385 3969 1594 4038 aliquid
1621 3969 1866 4023 sordium
1905 3977 1962 4022 et
2003 3968 2145 4032 vitii,
2182 3976 2238 4021 et
2277 3967 2322 4020 si

754 4082 861 4118 non
895 4062 1197 4117 secundum
1249 4070 1453 4122 actum,
1479 4060 1672 4113 saltem
1705 4059 2096 4129 cogitationem
2149 4057 2324 4112 admi-

751 4159 887 4210 sisse
919 4155 1120 4208 dicam.
1148 4153 1214 4205 Et
1279 4152 1384 4204 hoc
1421 4159 1608 4219 aperte
1660 4151 1791 4204 licet
1820 4167 1888 4205 ex
1944 4151 2179 4204 Domino
2226 4149 2325 4202 do-

752 4257 910 4300 cente
937 4245 1150 4301 audire.
1175 4259 1299 4298 cum
1325 4243 1400 4296 ait
1425 4260 1436 4295 :
1472 4241 1621 4296 Venit
1646 4245 1886 4312 princeps
1920 4244 2079 4312 hujus
2117 4241 2322 4307 mundi,

753 4349 798 4391 rt
832 4341 885 4392 in
909 4354 989 4391 me
1010 4336 1140 4390 nihil
1164 4336 1360 4389 invenit
1393 4323 1624 4388 "fCum
1667 4333 1805 4386 dixit
1838 4335 1894 4386 in
1921 4349 2002 4386 nte
2037 4345 2094 4387 et
2148 4332 2322 4395 nihil,

753 4433 912 4502 plane
936 4429 1282 4499 signiﬁcavit,
1316 4443 1374 4480 se
1402 4427 1579 4480 solum
1605 4426 1674 4478 ab
1725 4426 1876 4478 omni
1907 4434 2134 4493 peccato
2154 4426 2322 4477 etiam

753 4520 1104 4591 cogitationis
1129 4520 1361 4573 liberum
1395 4518 1586 4572 fuisse.
1627 4517 1995 4583 Quamobrem
2046 4516 2324 4570 damnatio

755 4617 966 4687 peccati
995 4631 1120 4670 cum
1158 4614 1369 4668 nullum
1403 4612 1586 4666 locum
1640 4611 1697 4664 in
1723 4625 1790 4665 eo
1847 4609 2165 4677 reperisset.
2198 4607 2330 4662 sub-

755 4709 915 4770 stitit,
971 4716 1026 4761 et
1083 4705 1501 4772 circumscripta
1551 4711 1658 4768 est,
1706 4711 1762 4756 et
1801 4715 1832 4755 ι
1896 4701 2005 4755 reis
2067 4700 2328 4768 deinceps

757 4797 1004 4851 recessit.
1035 4795 1242 4853 Mortua
1271 4794 1418 4848 enim
1477 4807 1623 4845 mors
1655 4800 1759 4854 est,
1783 4805 1907 4844 cum
1933 4805 2154 4844 carnem
2208 4805 2329 4857 quae

759 4905 868 4941 non
928 4895 1281 4956 peccaverat,
1331 4884 1658 4952 degustavit.
1715 4881 2045 4936 Existitnare
2104 4891 2364 4944 autem,

759 4979 908 5046 (ιιιοά
934 4993 1062 5031 caro
1091 4985 1289 5030 natura
1330 4972 1600 5043 passionis
1631 4987 1848 5041 expers,
1881 4979 1937 5023 et
1983 4970 2329 5035 immortalis,

762 5068 910 5138 quod
967 5076 1176 5121 natura:
1227 5067 1350 5135 ejus
1419 5079 1529 5117 non
1587 5063 1767 5116 inerat
1815 5070 2010 5130 sponte
2071 5061 2328 5125 admisit,

765 5161 1003 5230 primum
1054 5157 1266 5226 pridem
1317 5157 1424 5210 hoc
1471 5163 1558 5209 est
1589 5154 1861 5223 ignorare,
1919 5153 2060 5207 velle
2116 5164 2172 5207 et
2221 5169 2329 5207 non

766 5251 904 5305 velle
949 5266 1058 5303 non
1102 5263 1222 5302 esse
1267 5247 1449 5302 carnis
1501 5244 1807 5314 proprium,
1859 5242 1954 5297 sed
2015 5244 2212 5296 anima:
2245 5260 2331 5296 ra-

767 5339 1010 5402 tionalis,
1044 5340 1098 5393 in
1121 5353 1229 5407 qua
1260 5347 1503 5406 potestas
1529 5335 1691 5389 liberi
1726 5334 1964 5399 arbitrii,
1994 5345 2051 5388 et
2082 5335 2336 5387 volunta-

770 5430 840 5483 tis
883 5429 935 5483 in
991 5439 1283 5496 utramque
1333 5435 1544 5495 partem
1599 5424 1898 5494 propensio
1951 5433 2008 5479 et
2056 5425 2338 5479 inclinatio

764 5521 1035 5576 cernitur.
1075 5519 1281 5574 Deinde
1334 5518 1545 5572 faciunt
1597 5533 1717 5570 eam
1765 5532 1938 5578 ream,
1985 5531 2106 5584 qua:
2161 5516 2340 5568 voluit

772 5612 916 5680 quod
959 5621 1155 5680 praster
1185 5622 1434 5665 naturam
1488 5617 1636 5673 erat;
1687 5621 1742 5662 et
1783 5608 1835 5662 id
1874 5608 2059 5677 elegit,
2102 5609 2169 5662 ad
2198 5609 2343 5679 quod

853 5790 894 5820 “
940 5789 1094 5840 Rom.
1128 5807 1178 5850 v,
1219 5791 1297 5840 li.
1380 5791 1414 5820 "
1446 5789 1598 5842 ,ιτ-λιι.
1647 5806 1755 5850 xlv,
1787 5789 1875 5841 50.

2420 3237 2528 3308 γὰρ
2568 3237 2795 3290 κωλύειν
2825 3237 2927 3290 ούκ
2961 3239 3223 3300 ἐκώλυσε,
3261 3241 3402 3293 κατά
3431 3243 3523 3292 τὸν
3550 3243 3722 3310 μέγαν
3767 3241 4012 3296 Ἀθανά-

2421 3330 2579 3392 σιον),
2601 3328 2691 3380 καὶ
2710 3328 2791 3380 ὅτι
2827 3329 3010 3397 πάσης
3034 3330 3307 3399 ἁμαρτίας
3337 3331 3599 3401 κρείττων
3622 3335 3869 3398 φανεῖσα,
3897 3335 4014 3386 οὐκ

2421 3417 2717 3487 ἑχρεώστει
2749 3417 2817 3470 δι’
2849 3418 3048 3486 ἑαυτὴν
3083 3419 3314 3471 θάνατον
3334 3435 3348 3449 ο
3385 3421 3545 3490 εἴπερ
3575 3421 3670 3473 καὶ
3701 3421 3800 3491 τὴν
3824 3422 4013 3491 ἀρχὴν

2421 3513 2450 3564 ὁ
2476 3510 2702 3573 θάνατος
2741 3510 2830 3562 διὰ
2857 3510 2958 3581 τὴν
2990 3511 3268 3581 ἁμαρτίαν
3297 3511 3593 3582 εἰσέφρησε
3620 3556 3632 3576 ,
3663 3514 3756 3566 καὶ
3777 3514 3863 3566 διά
3895 3515 4013 3566 πά-

2423 3622 2524 3673 σης
2604 3605 2892 3673 κεχώρηκε
2942 3605 3043 3673 τῆς
3093 3604 3444 3674 ἀνθρωπίνης
3508 3608 3744 3674 φύσεως,
3791 3603 3966 3676 ἐξέᾧ
3995 3650 4012 3672 ,

2423 3694 2564 3748 κατά
2596 3695 2688 3746 τὸν
2729 3693 2960 3756 Παῦλον,
3013 3693 3237 3760 πάντες
3268 3695 3533 3763 ἥμαρτον
3556 3713 3572 3728 ο
3601 3699 3662 3750 οὐ
3690 3699 3800 3767 γάρ
3849 3698 4014 3750 ἐστιν

2422 3789 2455 3860 ἧ
2513 3789 2734 3856 γέγονεν
2784 3790 2847 3841 ὲκ
2890 3790 2983 3842 τοῦ
3039 3790 3239 3852 παντὸς
3283 3791 3478 3850 αἰῶνος
3503 3792 3788 3858 ἀνθρώπου
3829 3794 4010 3863 ψυχὴ,

2421 3881 2672 3933 ἑκουσίου
2697 3897 2753 3932 τε
2788 3881 2820 3950 ἦ
2848 3880 3103 3934 ἀκουσίου
3131 3881 3264 3950 ἅμα.
3293 3883 3403 3943 tta;
3430 3882 3668 3951 καθαρά.
3716 3883 3879 3936 Ἀλλά
3907 3887 4013 3938 καὶ

2421 3971 2523 4034 τὰς
2555 3969 2664 4024 τῶν
2693 3970 2866 4039 ἁγίων
2891 3971 3072 4040 ψυχάς
3115 3972 3323 4040 εἴποιμ’
3348 3974 3416 4026 ἂν
3451 3973 3678 4042 μικρὸν,
3714 3975 3762 4025 εἰ
3796 3975 3892 4025 καὶ
3929 3978 4012 4047 μὴ

2423 4063 2545 4118 κατ’
2568 4061 2888 4134 ἐνέργειαν,
2927 4062 3044 4115 ἀλλ’
3089 4059 3182 4115 οὖν
3213 4079 3275 4130 γε
3314 4063 3458 4116 κατὰ
3495 4063 3740 4116 διάνοιαν
3783 4066 4014 4129 πάντως

2427 4157 2602 4225 ῥύπου
2661 4155 2861 4216 κακίας
2920 4153 3259 4218 εἰσδέξασθαι
3320 4171 3394 4207 τι.
3454 4156 3567 4207 Καὶ
3614 4155 3775 4210 τοῦτο
3815 4159 4015 4225 σαφῶς

2425 4247 2574 4300 ἔστιν
2604 4245 2834 4299 ἀκοῦσαι
2866 4246 2962 4298 τοῦ
2993 4246 3203 4314 Κυρίου
3231 4225 3595 4311 διδάσκοντος,
3617 4247 3676 4302 ἐν
3699 4243 3782 4310 οἷς
3810 4266 4008 4318 φησιν·

2431 4340 2709 4405 Ἔρχεται
2732 4339 2764 4390 ό
2784 4337 2986 4404 ἅρχων
3006 4335 3110 4390 τοῦ
3133 4337 3368 4405 κόσμου
3393 4340 3628 4403 τούτου,
3657 4342 3752 4392 καὶ
3779 4341 3852 4394 ἐν
3875 4341 4015 4408 ἐμοὶ

2427 4430 2695 4496 εὑρίσκει
2727 4426 2927 4480 οὐδέν.
2974 4427 3047 4479 Τὸ
3077 4427 3186 4498 γάρ
3222 4429 3291 4482 ἐν
3324 4429 3450 4497 ἐμοὶ
3507 4433 3602 4482 καὶ
3631 4432 3690 4484 τδ
3717 4431 3904 4484 οὐδὲν
3932 4434 4014 4484 εξ-

2361 4527 2403 4581 D
2433 4521 2551 4572 πὼν
2588 4519 2883 4589 διαρρήδην
2915 4518 3218 4584 ὑπέδειξεν,
3249 4520 3331 4572 ὅτι
3357 4537 3421 4588 γε
3454 4521 3612 4588 μόνος
3648 4522 3867 4584 ἁπάσης
3910 4539 4014 4590 μεο

2437 4613 2640 4681 μένηκε
2679 4610 2904 4678 καὶτῆς
2936 4609 3060 4662 κατ’
3103 4611 3348 4662 ἐπίνοιαν
3386 4611 3660 4680 ἁμαρτίας
3700 4611 4014 4679 ἐλεύθερος.

2433 4706 2526 4756 Διὸ
2556 4706 2650 4756 καὶ
2691 4703 2753 4756 τὺ
2795 4704 2896 4773 τῆς
2923 4705 3203 4774 ἁμαρτίας
3245 4705 3563 4774 κατάκριμα
3601 4704 3873 4774 μηδεμίαν
3923 4707 4014 4757 ἐπ’

2434 4795 2582 4865 αύτῷ
2612 4797 2796 4865 χώραν
2837 4796 2997 4865 εὖρον
3016 4837 3030 4860 ,
3065 4797 3195 4864 ἔστη
3239 4797 3333 4848 καὶ
3366 4797 3717 4866 περιεγράφη
3737 4837 3751 4859 ,
3780 4799 3878 4850 καὶ
3903 4797 4017 4848 τῶν

2435 4888 2702 4941 ὑπαιτίων
2741 4890 2820 4950 είς
2851 4889 2912 4940 τὸ
2941 4887 3068 4955 ἑξῆς
3096 4887 3508 4957 άνακεχὼρηκε.
3556 4887 3800 4952 Τέθνηκε
3841 4887 3958 4956 γάρ
3988 4889 4017 4938 ὁ

2430 4976 2694 5040 θάνατος,
2743 4979 3128 5047 άναμαρτήτου
3182 4977 3388 5046 σαρκὸς
3424 4978 3898 5046 ἀτη-γευσάμενος.
3941 4975 4018 5031 Τδ

2429 5066 2485 5120 δέ
2526 5085 2589 5135 γε
2645 5067 2853 5120 οἴεσθαι
2896 5066 2971 5128 ὡς
3020 5066 3233 5133 ἀπαθὴς
3278 5070 3345 5136 τῇ
3385 5065 3546 5133 φύσει
3596 5068 3690 5118 καὶ
3743 5067 4015 5122 aed-mo:

2429 5154 2598 5221 οὖσα,
2638 5158 2697 5210 τὸ
2733 5158 2806 5228 μὴ
2847 5159 2913 5227 τῇ
2952 5157 3113 5226 φύσει
3152 5159 3290 5228 πρὸς
3333 5157 3392 5210 ὃν
3453 5156 3774 5218 ἐθελουσίως
3838 5174 4016 5227 προσ-

2433 5249 2627 5320 ήκατο,
2655 5249 2871 5318 πρῶτον
2911 5250 3010 5317 μὲν
3038 5250 3138 5302 οὐκ
3167 5249 3386 5302 εἰδότων
3422 5251 3587 5308 ἐστὶν,
3609 5251 3688 5302 ὅτι
3722 5249 3784 5301 τὺ
3827 5249 4016 5316 βούλε-

2435 5341 2559 5394 σθαι
2586 5344 2678 5394 καὶ
2715 5343 2788 5411 μὴ
2826 5340 3135 5408 βούλεσθαι,
3169 5341 3269 5393 ούκ
3308 5341 3420 5393 ἔστι
3456 5341 3658 5410 σαρκὸς
3700 5341 3858 5403 ἴδιον,
3880 5341 4019 5393 ἀλλὰ

2436 5430 2660 5497 λογικῆς
2696 5430 2875 5498 ψυχῆς
2903 5445 2915 5458 ⁸
2949 5430 3078 5499 περὶ
3106 5432 3173 5500 ἢν
3214 5432 3246 5499 ὴ
3285 5430 3700 5499 αὐτεξουσιότης
3741 5447 3801 5482 τε
3868 5434 3962 5484 καὶ
3985 5435 4016 5493 ἡ

2437 5521 2522 5590 ἐφ’
2549 5522 2786 5590 ἑκάτερα
2841 5520 2936 5573 τοῦ
2993 5521 3169 5574 θέλειν
3217 5523 3356 5591 ῥοπὴ
3408 5521 3714 5590 θεωρεῖται.
3778 5523 4019 5576 Ἔπειτα

2441 5612 2532 5664 καὶ
2610 5610 2856 5665 ύπαξτιον
2917 5610 3084 5681 αὐτὴν
3134 5608 3273 5665 εἶναι
3347 5613 3896 5680 κατασκευάζουσιν,
3961 5616 4026 5666 τὸ
