4218 6444
750 419 853 481 339

1942 427 2252 488 LEONTII
2295 424 2696 482 ΒΥΖᾹΝΤΙΝΙ

3837 420 3971 484 l3id

719 532 944 588 inferre,
985 537 1038 582 ct
1075 529 1319 584 intzsritui
1350 532 1618 600 subjicere
1645 550 1658 583 :
1687 549 1810 601 qua:
1832 535 2054 603 quidem
2077 535 2282 596 omnia,

2410 530 2608 582 τάντων
2642 531 3008 599 μετέσχηκεν,
3063 530 3204 584 κατὰ
3236 530 3332 600 τὴν
3384 530 3624 599 μεγάλην
3665 530 3762 581 τοῦ
3809 531 3970 581 Ἀπο-

717 622 971 674 similiier
999 629 1162 688 atque
1210 637 1309 674 nos
1335 663 1349 683 ,
1383 623 1649 677 Dominus
1696 625 2065 696 participavit,
2099 643 2293 681 secun-

717 714 845 767 dum
879 728 1128 781 magnam
1160 714 1404 781 Apostoli
1431 714 1741 770 doctrinam
1766 720 1830 770 ”.

789 804 854 856 il.
886 803 1028 868 Quid
1053 805 1222 866 aliud,
1250 806 1447 872 inquit,
1477 807 1563 860 bis
1590 809 1845 862 omnibus
1867 809 2101 863 suadere
2126 820 2179 864 et
2199 810 2294 861 de-

719 905 1027 946 monstrare
1071 893 1330 946 studuisti
1359 934 1374 955 ,
1420 896 1525 948 nisi
1575 896 1877 962 quodcum
1925 899 2182 952 Christus
2221 901 2293 952 sit

723 986 997 1054 passibilis
1023 1025 1037 1046 ,
1096 985 1261 1054 idque
1299 996 1496 1040 natura
1528 988 1777 1056 corporis
1802 1030 1815 1051 ,
1871 1006 1979 1042 non
2013 991 2293 1043 voluntate

721 1077 1047 1140 divinitatis,
1078 1080 1391 1131 necessario
1413 1081 1520 1131 erit
1547 1080 1978 1148 corruptibilis?
2005 1081 2120 1134 Non
2144 1081 2292 1135 enim

719 1170 1044 1237 ignoramus
1075 1177 1125 1222 te
1160 1170 1262 1223 hoc
1310 1170 1488 1222 moliri
1519 1188 1530 1222 :
1565 1171 1714 1239 quod
1748 1171 1971 1239 quidem
2012 1187 2293 1238 nunquam

720 1260 1111 1321 concedemus,
1157 1262 1258 1314 etsi
1303 1261 1514 1314 inlinita
1546 1263 1664 1314 istis
1712 1261 1900 1314 addas.
1950 1261 2116 1330 Magis
2145 1261 2293 1315 enim

720 1353 1056 1406 credendum
1082 1364 1166 1406 est
1187 1354 1424 1422 principi
1456 1354 1830 1421 apostolorum
1857 1353 2042 1413 Petro,
2069 1367 2134 1405 ac
2158 1368 2297 1420 pra:-

722 1451 871 1494 terea
915 1443 1084 1496 David
1141 1443 1252 1512 regi
1308 1460 1334 1496 a
1385 1445 1496 1496 Deo
1526 1444 1740 1506 electo,
1791 1451 1847 1496 et
1899 1442 2293 1511 prophetarum

721 1534 991 1603 principi,
1026 1537 1119 1603 qui
1152 1535 1408 1588 dixerunt
1434 1575 1448 1599 ,
1497 1535 1642 1604 quod
1695 1551 1825 1588 caro
1850 1535 1973 1604 ejus
2003 1551 2112 1588 non
2157 1536 2296 1588 vidit

718 1627 1131 1694 corruptionem
1158 1629 1220 1681 ”.

791 1718 855 1770 0.
901 1719 1361 1788 Quandoquidem
1419 1722 1488 1772 ab
1533 1720 1787 1774 humanis
1844 1722 2293 1790 cogitationibus,

721 1809 941 1877 inquam
971 1826 1073 1879 ego
1098 1851 1111 1872 ,
1169 1827 1294 1863 sero
1326 1811 1542 1863 tandem
1572 1851 1586 1874 ,
1634 1818 1691 1863 et
1734 1828 1764 1864 a
1817 1812 2295 1879 probabilitatibus

721 1901 1038 1963 recessisti,
1092 1909 1143 1953 et
1181 1901 1248 1952 ad
1283 1900 1594 1969 Scripturas
1641 1917 1826 1956 sacras
1862 1903 2199 1992 confugisti;~
2239 1912 2295 1956 et

719 2007 822 2044 nos
855 1992 1121 2045 memoria
1151 1992 1436 2061 cujusdam
1483 1991 1615 2046 dicti
1645 1993 1953 2061 prophetici
1999 1991 2199 2047 contra
2231 2008 2296 2047 ea
2318 2060 2332 2068 ο

718 2099 842 2151 qua:
872 2098 902 2135 a
935 2089 986 2135 te
1017 2082 1165 2136 dicta
1203 2091 1351 2144 sunt,
1401 2083 1669 2152 eﬂ‘ugerat
1703 2101 1716 2136 :
1746 2098 1876 2153 rogo
1922 2092 1972 2137 te
2019 2100 2167 2137 nunc
2236 2091 2298 2137 ut

721 2175 827 2228 hoc
873 2173 1036 2228 nobis
1063 2175 1331 2227 declares.

718 2248 756 2338 ἶ
793 2267 859 2322 ιι.
897 2268 1063 2333 Quid,
1101 2264 1301 2336 inquit,
1354 2269 1459 2339 ιιοο
1499 2279 1584 2321 est
1623 2269 1768 2336 quod
1815 2269 1992 2323 dicis?

790 2360 853 2414 Ο.
888 2361 1043 2425 Quod
1066 2361 1286 2413 divinus
1310 2359 1600 2422 Jeremias,
1641 2360 1900 2428 respondi
1941 2377 2064 2428 ego,
2105 2361 2158 2414 in
2200 2361 2302 2414 La-

721 2453 1156 2505 mentationibus
1180 2451 1404 2504 locutus
1430 2459 1535 2507 est.
1567 2451 1952 2505 demonstrans
1981 2449 2300 2520 propb‘ctice

719 2558 848 2595 eum
881 2543 975 2611 qui
1007 2522 1428 2596 lamentationes
1456 2543 1827 2598 dissoluturus
1848 2553 1967 2598 erat
1990 2586 2003 2607 ,
2060 2544 2299 2599 Christus

723 2635 1001 2697 Dominus,
1043 2635 1244 2703 inquit,
1277 2637 1332 2688 in
1373 2636 1795 2703 corruptionibus
1845 2638 2034 2688 nostris
2067 2654 2302 2704 compre-

722 2731 914 2782 hensus
947 2739 1025 2781 est
1049 2728 1114 2782 ".
1141 2728 1300 2782 Aliud
1323 2729 1638 2799 bujusmodi
1662 2729 1908 2798 reperire
1937 2731 2065 2784 licet
2089 2731 2301 2784 dictum

720 2837 790 2874 ex
823 2836 1054 2889 persona
1092 2821 1306 2873 Domini
1354 2836 1452 2888 per
1498 2821 1834 2889 Pmphetam
1867 2837 1880 2871 :
1917 2819 2044 2884 Quae
2075 2821 2303 2874 'utilitas

721 2913 778 2963 in
809 2912 1070 2980 sanguine
1112 2927 1245 2972 meo,
1279 2913 1403 2963 dum
1437 2912 1692 2963 descendo
1720 2913 1775 2964 in
1808 2913 2196 2981 corruptionem
2216 2914 2306 2965 '5?

721 3011 1014 3079 Inscriptio
1048 3019 1234 3062 autem
1273 3009 1463 3078 psalmi
1494 3052 1506 3072 ,
1539 3018 1595 3061 et
1626 3016 1735 3061 tota
1772 3008 2064 3061 verborum
2109 3024 2307 3062 conse-

722 3104 967 3172 quentia,
1001 3102 1162 3155 docet
1196 3117 1296 3154 nos
1329 3102 1638 3169 intelligere
1688 3099 1967 3154 Christum
2018 3116 2118 3169 per
2158 3101 2302 3168 psal-

2329 1873 2367 1926 Β

2397 621 2585 674 στόλου
2614 623 3023 691 μυσταγωγίαν.

2464 805 2530 879 Αἶ
2561 802 2625 852 Τί
2652 801 2714 869 δὴ
2742 799 2872 853 ἀλλο
2904 818 2990 868 γε,
3021 801 3149 870 ἔφη,
3181 802 3269 854 διὰ
3297 801 3405 853 τῶν
3427 801 3740 872 εἰρημένων
3760 801 3969 854 τούτων

2396 893 2605 946 πείθειν
2634 910 2695 946 τε
2717 895 2813 947 καὶ
2839 895 3110 946 δεικνύειν
3142 894 3510 957 ἐσπούδακας,
3551 893 3585 964 ἢ
3613 895 3698 946 ὃτι
3721 893 3969 962 παθητὸς

2393 985 2470 1037 ὢν
2493 988 2520 1038 ὁ
2560 985 2815 1056 Χριστὸς,
2852 986 2946 1038 καὶ
2977 986 3137 1039 τοῦτο
3165 986 3416 1056 σώματος
3448 987 3630 1055 φύσει,
3654 990 3778 1058 οὐχὶ
3806 987 3969 1057 θελή-

2396 1095 2476 1130 σει
2507 1077 2761 1149 θεότητος
2785 1117 2800 1141 ,
2855 1079 2947 1130 καὶ
2977 1078 3217 1147 φθαρτὸς
3265 1078 3326 1142 ἐξ
3371 1080 3618 1148 ἀνάγκης
3662 1079 3856 1140 ἐσταις
3895 1080 3969 1132 οὐ

2393 1169 2502 1239 γὰρ
2527 1169 2718 1232 ἔλαθες
2740 1168 2898 1221 τοῦτο
2931 1169 3379 1232 κατασκευάζων
3408 1171 3548 1240 ὅπερ
3567 1171 3666 1224 οὐκ
3698 1171 3765 1223 ἂν
3793 1169 3973 1233 δεξαί-

2399 1258 2538 1342 μεθα
2565 1257 2805 1322 πώποτε,
2855 1257 2962 1310 κᾶν
2996 1259 3168 1327 μυρία
3209 1259 3349 1329 πρὸς
3391 1259 3607 1323 τούτοις
3658 1263 3974 1330 ὲρεῖς.1]ει-

2396 1351 2553 1402 στέον
2599 1351 2705 1420 γὰρ
2739 1350 2940 1420 μᾶλλον
2967 1349 3046 1417 τῷ
3080 1353 3367 1422 κορυφαίῳ
3387 1352 3496 1405 τῶν
3521 1353 3840 1406 ἀποστόλων
3865 1354 3973 1406 Πέ-

2394 1457 2528 1510 τρῳ,
2565 1440 2792 1510 προσέτι
2827 1440 2884 1493 δὲ
2915 1441 3010 1493 καὶ
3038 1440 3118 1510 τῷ
3148 1443 3206 1494 ὲν
3239 1440 3523 1509 βασιλεῦσι
3550 1443 3845 1512 θεοκρίτῳ,
3878 1445 3981 1496 καὶ·

2394 1533 2781 1603 ἀρχιπροφήτῃ
2816 1533 2983 1584 saeta
3015 1515 3497 1603 άτωφαινομένοῗς,
3523 1535 3606 1586 ὅτι
3638 1536 3672 1602 ὴ
3705 1534 3848 1605 σὰρξ
3871 1535 3973 1586 αὗ-

2394 1626 2488 1678 τοῦ
2514 1627 2614 1678 οὐκ
2641 1627 2749 1679 ἴδεν
2776 1627 3096 1698 διαφθοράν.

2468 1719 2530 1769 0.
2576 1717 2798 1788 Ἐπειδὴ
2837 1717 2946 1771 τῶν
2975 1720 3075 1788 μὲν
3104 1719 3485 1789 ἀνθρωπίνων,
3523 1715 3678 1772 εἷπον
3711 1717 3850 1786 ἐγὼ,
3879 1718 3976 1787 ὀψέ

2397 1808 2450 1876 γ’
2483 1804 2574 1862 οῦν
2603 1810 2850 1878 ἀπέστης
2881 1811 3160 1880 λογισμῶν
3185 1813 3281 1865 καὶ
3313 1813 3712 1882 πιθανοτήτων,
3752 1812 3895 1880 πρὸς
3923 1812 3977 1863 δὲ

2394 1900 2492 1960 τὰς
2523 1899 2673 1962 θείας
2706 1900 2928 1970 Γραφάς
2961 1901 3413 1970 καταπέφευγας,
3449 1903 3638 1972 μνήμη
3670 1901 3728 1954 δέ
3754 1917 3844 1962 τις
3885 1902 3978 1952 καὶ

2396 1989 2544 2058 ἡμᾶς
2572 1988 2926 2058 προφητικῆς
2957 1990 3242 2060 ὑπέδραμε
3275 1994 3510 2061 ρήσεως,
3539 1991 3803 2054 ἐναντίως
3832 1991 3978 2060 ἔχειν

2395 2080 2755 2143 δοκοῦσατοίς
2777 2080 2930 2153 παρά
2963 2080 3327 2152 σοῦ-ταύτην,
3357 2083 3494 2136 αίτῶ
3523 2100 3605 2147 σε,
3627 2083 3696 2134 si
3726 2083 3825 2135 νῦν
3849 2085 3979 2152 ἡμῖν

2396 2172 2754 2241 διασάφησον.
3455 2167 3466 2174 ’

2469 2266 2533 2318 Δ.
2563 2266 2698 2317 Τίνα
2739 2264 2966 2336 ταύτην,
2994 2265 3120 2334 ἔφη,
3150 2265 3363 2333 λέγεις,
3390 2265 3601 2332 διέξιθι.

2469 2355 2532 2409 Ο.
2571 2356 2679 2423 Τὴν
2723 2356 2994 2425 Ἰερεμίου
3026 2355 3120 2408 τοῦ
3145 2355 3431 2426 θεηγόρου,
3467 2357 3604 2427 πρὸς
3626 2357 3797 2409 αὐτὸν
3840 2359 3978 2410 ἀπο·-

2402 2441 2929 2514 κρινόμενοςεῐπον,
2965 2446 3032 2514 ἢν
3068 2448 3124 2498 ὲν
3157 2449 3270 2508 τοῖς
3302 2447 3535 2516 Θρήνοις
3575 2448 3667 2500 τὸν
3701 2446 3816 2500 τῶν
3851 2447 3982 2518 θρή-

2402 2554 2507 2588 νων
2530 2537 2742 2606 λυτῆρα
2776 2537 3268 2619 προαναρῤητικῶς
3300 2538 3615 2606 ὑποφαίνων
3651 2538 3981 2607 ἐφθέγξατο.

2402 2632 2656 2703 Χρισςὸς
2683 2633 2920 2698 Κύριος,
2949 2633 3148 2698 λέγων,
3176 2635 3535 2700 συνελήφθη
3581 2632 3653 2684 ἐν
3701 2633 3838 2698 ταῖς
3869 2633 3984 2686 διαι

2403 2724 2647 2810 φθοραῖς
2677 2723 2865 2790 ήμῶν.
2889 2725 2999 2776 Καὶ
3021 2723 3152 2776 ἄλλο
3167 2723 3223 2775 δὲ
3255 2723 3318 2793 δὴ
3343 2725 3559 2777 τοιοῦτο
3586 2729 3649 2777 ὲκ
3683 2723 3984 2794 προσώπου

2401 2813 2496 2865 τοῦ
2549 2813 2756 2880 Κυρίου
2777 2853 2790 2871 ,
2826 2813 2916 2864 διὰ.
2949 2811 3046 2864 τοῦ
3081 2817 3362 2883 προφήτου
3403 2813 3680 2883 κηρυχθὲν
3713 2815 3867 2866 ἔστιν
3893 2815 3983 2866 ευρ

2407 2906 2538 2971 ρείν,
2579 2905 2673 2968 Τίς
2704 2903 2962 2970 ὠφέλεια
2990 2905 3059 2956 ὲν
3101 2903 3180 2966 τῷ
3203 2905 3406 2972 αἵματί
3426 2922 3569 2972 μου,
3612 2904 3895 2971 λέγοντος,
3922 2907 3990 2958 ἐν

2404 2995 2484 3058 τῷ
2513 2995 2894 3047 καταϐαίνειν
2917 3011 2994 3062 με
3020 2997 3108 3059 είς
3141 2994 3508 3063 διαφθοράν;
3539 2995 3612 3048 Ἦ
3634 3014 3696 3048 τε
3727 2995 3843 3067 γὰρ
3873 2999 3991 3050 ἐπι-

2403 3086 2589 3156 γραφὴ
2612 3085 2706 3138 τοῦ
2731 3084 2970 3154 ψαλμοῦ,
2999 3086 3094 3138 καὶ
3129 3087 3162 3156 ἡ
3194 3086 3291 3176 ὅλη
3321 3087 3430 3138 τῶν
3465 3088 3731 3157 ῥημάτων
3757 3089 3992 3143 ἀκολου-

726 3211 874 3248 mum
920 3195 1147 3264 mystice
1172 3193 1602 3262 prmﬂguratum,
1637 3191 1940 3245 secundum
1973 3192 2302 3261 interpreta-

2410 3177 2496 3230 θία
2521 3179 2612 3232 τὸν
2646 3176 2851 3246 Κύριον
2883 3179 3018 3247 ἡμῖν
3047 3180 3192 3229 νοεῖν
3233 3177 3572 3243 ὑποτίθεται,
3607 3178 3698 3231 διὰ
3725 3180 3826 3232 τοῦ
3850 3180 3992 3249 ψαλ-

725 3286 928 3348 tion_em
962 3285 1363 3352 theologorum.
1422 3283 1538 3336 Imo
1581 3293 1638 3377 «Et
1683 3284 1876 3336 Petrus
1922 3282 2038 3351 ipse
2097 3285 2164 3337 iis
2209 3284 2304 3352 qui

728 3378 1192 3432 resurrectionem
1231 3376 1532 3430 Salvatoris
1558 3376 1666 3428 non
1698 3376 2016 3440 credebant,
2051 3377 2309 3445 gravissi-

727 3487 834 3533 me,
871 3479 932 3523 ut
954 3469 1241 3531 videmus,
1275 3469 1410 3523 dicit
1435 3468 1500 3531 “,
1525 3468 1669 3536 quod
1703 3469 1992 3522 suscitavit
2022 3485 2170 3531 eum,
2199 3485 2306 3522 non

726 3564 962 3630 amplius
982 3563 1047 3616 ad
1081 3543 1490 3630 corruptionem
1523 3577 1910 3627 reversurum;
1945 3561 2091 3630 quod
2126 3571 2310 3614 autem

727 3651 890 3708 dicit.
919 3666 1026 3705 non
1082 3652 1320 3718 amplius
1372 3665 1726 3724 reversurum
1789 3665 1910 3704 esse
1945 3665 2071 3703 eum
2099 3692 2112 3713 ,
2149 3652 2309 3719 plane

727 3741 973 3796 declarat
995 3757 1122 3794 eum
1167 3737 1236 3794 de
1265 3756 1376 3808 quo
1407 3741 1511 3795 hoc
1546 3741 1706 3803 dixit,
1728 3757 1838 3794 non
1873 3740 2310 3796 fuissealienum

728 3851 758 3887 ιι
787 3834 1050 3900 capienda
1073 3834 1445 3903 corruptione.
1466 3833 1549 3903 An
1582 3833 1749 3902 igitur
1784 3849 1896 3888 non
1931 3827 2090 3902 putas
2121 3833 2315 3891 adver-

729 3927 838 3978 sari
876 3925 992 3979 hzec
1015 3925 1080 3978 iis
1113 3941 1235 3993 qua:
1274 3941 1304 3978 a
1332 3934 1384 3979 te
1415 3925 1576 3979 allata
1602 3932 1731 3978 sunt
1754 3965 1768 3990 ,
1798 3931 1855 3978 et
1887 3939 1988 3978 nos
2015 3924 2314 3994 majoribus

733 4017 971 4071 vinculis
997 4017 1316 4086 qumstionis
1357 4017 1678 4086 implicare?

806 4197 870 4251 H.
909 4199 1014 4252 Per
1045 4193 1334 4251 veritatem
1363 4238 1376 4260 ,
1427 4197 1606 4266 inquit
1635 4197 1748 4258 ille,
1779 4197 1948 4250 multa
1979 4195 2316 4275 obscuritate
2339 4238 2361 4271 λ

738 4290 898 4356 plena
931 4297 1062 4342 sunt
1100 4289 1256 4352 Ιιιιξοι,
1305 4288 1410 4342 nisi
1457 4288 1696 4357 aliquem
1741 4289 2098 4356 interpretem
2139 4287 2318 4355 adipi-

737 4389 981 4443 scantnr,
996 4381 1089 4447 qui
1107 4380 1532 4448 discrepantiam
1549 4394 1671 4454 quae
1693 4379 1748 4432 in
1772 4379 1906 4447 ipsis
1935 4380 2155 4433 videtur
2173 4395 2314 4441 esse,

736 4474 805 4528 ad
831 4474 1059 4542 scopum
1087 4467 1340 4526 veritatis
1365 4472 1641 4545 collineet.

2413 3270 2513 3341 μοῦ
2545 3268 2824 3338 μυστικῶς
2851 3268 3130 3340 προτυπού
3141 3286 3325 3338 μενον,
3357 3271 3499 3323 κατά
3537 3272 3637 3339 τὴν
3662 3271 3773 3324 τῶν
3807 3273 3991 3326 θεολό·

2409 3378 2520 3429 γιον
2548 3361 2832 3430 ἐξήγησιν.
2883 3359 3048 3438 ’Λλλά
3082 3361 3175 3412 καὶ
3203 3360 3366 3423 αὐτὸς
3409 3362 3438 3412 ὁ
3471 3361 3678 3431 Πέτρος
3715 3364 3993 3430 φαίνεται,

2409 3457 2522 3516 τοῖς
2552 3451 2842 3514 ἀπιστοῦσι
2884 3455 2948 3522 τῇ
2979 3453 3277 3506 ἀναστάσει
3311 3451 3405 3505 τοῦ
3438 3454 3694 3523 Σωτῆρος
3727 3456 3994 3524 ἐμϐριθέο

2414 3563 2583 3598 στατα
2637 3546 2834 3611 λέγων,
2877 3547 2959 3596 ὅτι
3011 3544 3312 3610 ἀνέστησεν
3373 3545 3561 3617 αὐτὸν,
3620 3548 3828 3615 μηκέτι
3869 3549 3998 3616 μέλ.

2411 3636 2574 3688 λοντα
2595 3635 2958 3706 ὑποστρέφειν
2993 3635 3072 3696 είς
3099 3634 3419 3702 διαφθοράνο
3461 3635 3521 3686 τὸ
3545 3637 3601 3688 δὲ
3629 3638 3830 3706 μηκέτι
3869 3639 3997 3708 μέλ-

2413 3727 2528 3780 λειν
2558 3728 2718 3779 αὑτὸν
2746 3727 3132 3796 ὑποστρέφειν,
3181 3728 3281 3779 οὐκ
3335 3727 3412 3784 ἂν.
3448 3729 3734 3781 ὲπίδεκτον
3787 3730 3998 3800 φθορᾶς

2415 3817 2558 3873 εἶναι
2592 3820 2740 3888 δηλοί
2766 3820 2856 3872 τὸν
2887 3821 3014 3888 περὶ
3039 3812 3100 3872 οῦ
3132 3819 3303 3872 ταῦτα
3325 3819 3547 3889 εἴρηκεν
3573 3837 3588 3885 ;
3622 3817 3746 3892 Ἆρ’
3775 3817 3872 3875 οὖν
3899 3823 4001 3876 οὐκ

2415 3914 2516 3966 οτει
2546 3911 2718 3964 ταῦτα
2757 3914 2870 3973 τοῖς
2901 3911 3048 3978 παρὰ
3087 3911 3181 3962 σοῦ
3218 3911 3714 3980 προενηνεγμένοις
3738 3915 4000 3966 ἀντιστα-

2416 4008 2548 4064 τείν,
2584 4005 2677 4055 καὶ
2712 4003 2957 4073 μείζοσιν
3006 4003 3152 4072 ἡμᾶς
3191 4002 3425 4073 ἀπορίας
3464 4002 3682 4078 δεσμοῖς
3726 4005 4000 4073 περιϐάλ-

2418 4102 2528 4153 λειν
2547 4118 2561 4164 ;

2487 4191 2552 4242 Α.
2584 4189 2666 4257 Νὴ
2696 4190 2796 4258 τὴν
2842 4187 3120 4255 ἀλήθειαν,
3155 4189 3359 4247 ἐκεῖνος
3399 4185 3524 4255 ἔφη,
3575 4187 3781 4254 πολλῆς
3825 4188 4004 4240 ταῦτα,

2420 4281 2583 4350 γέμει
2610 4281 2708 4348 τῆς
2738 4278 3028 4346 ἀσαφείας,
3057 4279 3106 4330 εἰ
3132 4279 3207 4347 μή
3250 4277 3353 4330 πού
3382 4293 3527 4339 τινος
3563 4277 3840 4345 ἐξηγητοῦ
3864 4295 4003 4344 τυγ-

2419 4375 2654 4442 χάνοιεν,
2692 4371 2834 4426 κατά
2884 4370 3086 4423 σκοπὸν
3137 4369 3238 4437 τῆς
3274 4368 3556 4437 ἀληθείας,
3593 4369 3694 4438 τὴν
3732 4369 4005 4422 δοκοῦσαν

2423 4465 2480 4516 ἐν
2512 4463 2697 4524 αὐτοῖς
2725 4460 3025 4529 διαφωνίαν
3063 4457 3408 4520 εὐθύνοντος.
3614 4463 3620 4468 “

808 4556 879 4620 0.
906 4565 1020 4633 ~Age
1073 4579 1223 4632 ergo,
1271 4563 1518 4630 inquam,
1550 4562 1692 4614 bone
1723 4563 1825 4623 vir,
1859 4562 2186 4616 sententiam
2219 4561 2313 4614 ho-

2410 4556 2422 4571 '
2491 4559 2552 4608 υ.
2585 4557 2756 4623 Δεῦρο
2775 4554 2840 4620 δὴ
2868 4549 2984 4612 οῦν,
3009 4547 3188 4612 εἷπον,
3210 4545 3255 4602 ὧ
3273 4551 3530 4604 κάλλιστε
3555 4550 3790 4618 κάγαθὲ,
3818 4552 3884 4602 τὸ
3909 4551 4008 4619 τῆς

741 4674 862 4709 rum
894 4655 1230 4709 obscuritate
1282 4654 1583 4707 involutam
1637 4653 1850 4721 explica
1887 4692 1900 4714 ,
1941 4661 1997 4705 et
2033 4653 2317 4704 veritatem

741 4749 902 4803 nobis
934 4748 1163 4817 detege,
1215 4747 1332 4800 sive
1378 4762 1497 4800 eam
1543 4762 1572 4798 a
1625 4754 1697 4808 le,
1741 4744 1855 4798 sive
1901 4744 1968 4796 ab
2003 4744 2111 4797 alio
2161 4758 2324 4797 acce-

741 4841 894 4909 pisti.

812 4929 878 4984 H.
923 4931 1064 4992 Non,
1088 4931 1290 4999 inquit,
1319 4921 1566 4997 aliquam'
1589 4931 1748 4984 valde
1782 4931 1978 4984 bellam
2023 4938 2079 4983 et
2105 4929 2316 4998 specio-

742 5039 858 5076 sam
889 5022 1300 5077 excusationem
1331 5021 1606 5114 invepisse
1656 5022 1790 5074 mihi
1834 5023 1986 5075 visus
2037 5036 2096 5074 es
2125 5062 2140 5085 ,
2193 5037 2317 5073 cum

743 5114 1040 5168 contrariis
1093 5110 1516 5168 auctoritatibus
1548 5113 1834 5166 veritatem
1871 5113 2079 5179 majore
2118 5110 2321 5164 obscu-

746 5203 909 5254 ritate
939 5202 1251 5255 involvisti:
1286 5212 1347 5256 ut
1380 5204 1609 5270 qumstio
1641 5203 1863 5270 quidem
1895 5201 2317 5264 dubitationem,

745 5294 1019 5353 dubitatio
1045 5310 1176 5348 vero
1202 5290 1617 5350 concessionem
1650 5294 1769 5348 falsi
1801 5295 2034 5347 latenter
2055 5291 2321 5346 includat.

749 5385 862 5455 Ego
894 5401 1046 5448 vero,
1102 5385 1217 5439 sive
1265 5386 1389 5454 quis
1447 5387 1608 5440 nobis
1663 5385 1894 5439 dubium
1930 5386 2324 5438 auctoritatum

749 5479 1167 5546 interpretetur,
1193 5479 1307 5532 sive
1340 5495 1478 5538 non,
1513 5495 1792 5547 nunquam
1830 5493 1859 5530 a
1903 5477 2176 5531 sententia
2207 5493 2325 5529 mea

751 5569 1029 5624 discedam
1058 5589 1072 5636 ;
1113 5587 1238 5624 cum
1275 5579 1462 5641 aperte
1505 5572 1701 5625 clamet
1731 5570 2032 5640 Scriptura,
2065 5571 2192 5640 quia
2216 5586 2327 5624 non

823 5777 869 5807 ’ί
902 5775 1065 5830 Hebr.
1107 5794 1160 5840 ιι,
1197 5779 1278 5832 Η.

759 5863 854 5916 εστι
877 5865 890 5913 ι

1379 5780 1421 5810 "
1453 5780 1591 5832 Psul.
1630 5795 1714 5842 xv,
1749 5780 1842 5841 ll);
1885 5781 2003 5832 AC1.
2034 5793 2090 5840 tl,
2122 5777 2210 5830 ‘27.

2296 5775 2335 5805 “
2376 5774 2583 5827 Thrcn.
2645 5786 2714 5835 IV,
2753 5768 2840 5822 ΞΟ.

2418 4647 2622 4701 τούτων
2651 4645 2888 4705 διανοίας
2915 4642 3375 4711 συνεσκιασμένον
3395 4683 3407 4702 ,
3461 4643 3766 4704 εὐθυεόλως
3797 4646 4009 4697 ἀνακα-

2419 4740 2614 4808 λύψας,
2643 4739 2742 4809 τὴν
2773 4737 3036 4807 ἀλήθειαν
3069 4738 3202 4805 ἡμῖν
3234 4734 3702 4804 παραγύμνωσον,
3731 4737 3846 4788 εἴτε
3877 4740 4008 4806 παρ’

2421 4832 2619 4886 ἑαυτοῦ
2652 4830 2882 4897 ταύτην,
2918 4829 3030 4881 εἴτε
3066 4827 3164 4879 καὶ
3212 4827 3342 4894 παρ’
3382 4827 3572 4896 ἑτέρου
3616 4826 3798 4878 λαϐὼν
3835 4827 4005 4895 ἔχεις.

2492 4925 2554 4975 Α.
2580 4923 2652 4973 Οὐ
2674 4921 2868 4989 καλὴν,
2895 4917 3022 4986 ἔφη,
3038 4917 3160 4969 τινά
3179 4913 3623 4976 παντελῶς,οὖδὲ
3643 4915 4009 4981 εὐπρόσωπον

2419 5014 2602 5077 ἕδοξάς
2623 5029 2713 5080 μοι.
2733 5014 2829 5076 τὴν
2851 5009 3125 5079 πρόφασιν
3144 5008 3409 5077 ἐξευρεῖν,
3429 5008 3548 5066 ταῖς
3570 5004 3878 5068 ἀντιθέτοις
3899 5005 4009 5058 τῶν

2427 5114 2659 5180 ῥήσεων,
2703 5105 2910 5175 μείζονι
2943 5102 3040 5172 τὴν
3087 5101 3348 5169 ἀλήθειαν
3386 5097 3624 5164 ἀσαφείᾳ
3667 5097 4006 5166 περιϐαλὼν,

2428 5203 2515 5254 ἴνα
2545 5200 2684 5266 σοιεὴ
2711 5197 2808 5264 μὲν
2830 5195 3034 5264 ἀπορία
3055 5193 3154 5262 τὴν
3180 5188 3535 5258 ἀμφιϐολίαν,
3561 5191 3595 5256 ἡ
3617 5187 3675 5240 δὲ
3701 5188 4010 5255 ἀμφιὸολία

2429 5293 2529 5362 τὴν
2545 5289 2838 5360 ὁμολογίαν
2857 5283 3314 5355 παρεισκυκλήσῃ
3330 5281 3427 5333 τοῦ
3443 5279 3693 5348 ψεύδους.
3710 5279 3860 5344 Ἐγὼ
3882 5279 4011 5346 γοῦν

2431 5383 2540 5436 εἴτε
2578 5399 2661 5442 τις
2687 5376 3014 5447 ὲρμηνεὺσοι
3045 5375 3201 5442 λόγος
3233 5375 3390 5442 ἡμῖν,
3421 5371 3532 5422 εἴτε
3573 5370 3667 5422 καὶ
3708 5369 3786 5438 μὴ
3816 5370 3880 5421 τὸ
3907 5367 4012 5422 τῶν

2437 5477 2646 5545 ῥήσεων
2696 5470 2923 5538 ἄπορον,
2972 5466 3073 5518 οὒκ
3122 5465 3187 5519 ἀν
3219 5480 3351 5516 ποτε
3382 5465 3480 5530 τῆς
3510 5458 3754 5530 ἐμαυτοῦ
3783 5460 4012 5528 γνώμης

2435 5562 2760 5632 ἀποσταίην,
2793 5558 3092 5629 διαρρήδην
3112 5556 3205 5621 τῆς
3238 5553 3599 5610 θεοπνεύστου
3632 5547 3850 5619 βοὼσης
3875 5549 4014 5616 Γραο

3412 5760 3501 5816 10-
3578 5759 3623 5788 ’⁸
3663 5761 3786 5812 Act.
3835 5774 3894 5824 ιι,
3949 5757 4005 5811 5!

2927 5767 2967 5797 ”
3019 5765 3158 5819 Psal.
3208 5779 3350 5826 nix,
