4218 6444
212 490 347 553 1345

1272 476 1571 536 CONTRA
1603 470 1923 531 ΝΕόἸίὶῆ
1964 473 2057 531 ΕΤ
2096 473 2412 533 EUTYCII.

3369 478 3471 539 346

206 597 485 660 λοιὼσξως
519 595 704 664 σαφῶς
755 593 819 647 ἐκ
857 589 967 646 τῶν
1011 587 1174 642 Θείων
1217 586 1451 658 Γρτφῶν
1484 582 1795 651 δεδομένης,
1821 585 1869 641 Α

1790 622 1795 641 .
1821 585 1869 641 Α
1896 581 2132 645 ratione,
2156 584 2467 637 aceretioue
2491 590 2545 637 et
2565 581 2969 645 immutatione,
3000 597 3313 652 quaeramus
3341 586 3456 636 rch-

206 690 489 762 ζητοῦμεν
523 690 617 742 καὶ
645 688 742 749 τὰς
767 685 963 746 λοιπὶς
995 680 1279 749 συζυγίας,
1308 682 1446 748 εἴγε
1476 678 1569 729 καὶ
1592 678 1793 735 suum;

209 782 360 835 ἐστιν
392 784 449 833 ὲν
480 782 591 841 τοῖς
627 778 794 841 θείοις
820 776 1021 844 λογίοις
1060 776 1262 843 εὑρεῖν.

281 875 346 926 Α.
380 871 489 923 Τοῦ
537 869 811 932 ἐντεῦθεν,
849 868 979 937 ἔφη,
1015 861 1573 930 κατασκευαζομένου
1621 858 1797 927 συνίη-

214 981 300 1033 μι·
336 965 435 1032 τὴν
474 963 581 1032 γὰρ
617 962 992 1031 μεταϐατικην
1026 955 1472 1027 ὁμολογουμένην
1504 952 1666 1020 ἔχων,
1700 950 1796 1018 τὴν

211 1055 326 1109 ἀπὸ
352 1056 531 1107 τόπων
559 1056 640 1117 εἰς
670 1052 869 1113 τόπους
909 1051 1002 1101 τοῦ
1048 1047 1257 1118 Κυρίου
1292 1046 1530 1115 κίνησιν,
1563 1042 1632 1095 τὰ
1668 1045 1797 1111 περὶ

216 1145 500 1217 μειώσεως
530 1146 626 1199 καὶ
663 1145 872 1214 φθορᾶς
904 1140 1283 1195 ἀποδεικνύειν
1308 1139 1633 1206 ἐπιχειρεῖς,
1661 1136 1796 1202 ὅπερ

212 1238 317 1289 οὐκ
340 1237 430 1301 ἂν,
454 1235 529 1297 ὣς
562 1234 626 1302 γέ
663 1251 754 1303 μοι
782 1233 952 1295 δοκεῖ,
979 1248 1157 1299 συμπε
1170 1230 1370 1298 ρανεῖς.

289 1329 354 1381 Ο.
400 1325 609 1396 Ὀρθῶς
660 1325 762 1393 μὲν
793 1324 992 1390 λέγεις,
1025 1317 1093 1391 ἦν
1122 1321 1166 1372 δ’
1199 1320 1330 1387 ἐγὼ,
1361 1317 1498 1387 πρὸς
1525 1315 1625 1386 τὴν
1656 1317 1798 1384 ἡμε-

214 1418 385 1488 τέραν
415 1415 702 1469 ἀσθένειαν
752 1412 995 1484 ἀφορῶν,
1035 1414 1065 1481 ἡ
1108 1410 1164 1461 δέ
1208 1425 1271 1475 γε
1308 1408 1536 1477 ἀλήθεια
1573 1422 1797 1473 συμμα-

216 1511 460 1579 χουμείνη
492 1508 772 1577 συμμαχεῖ
790 1508 905 1567 τοῖς
958 1501 1377 1570 ὑπερμαχοῦσιν
1418 1500 1608 1568 αὐτῆς.
1643 1500 1799 1549 Δοκεῖ

217 1617 304 1652 σοι
333 1595 427 1651 οὖν
470 1596 531 1648 τὸ
569 1598 764 1663 πεινῇν
802 1611 863 1645 τε
916 1591 1013 1644 καὶ
1056 1589 1251 1659 διψῇν,
1289 1585 1544 1657 βρώσεως
1590 1599 1648 1634 τε
1702 1584 1796 1635 καὶ

215 1693 433 1754 πόσεως
472 1690 659 1759 ἔφεσις
688 1683 828 1740 εἶναι
854 1702 869 1750 ;

292 1788 357 1836 Α,
386 1783 562 1844 Δοκεῖ,
601 1779 730 1849 ἔφη.

291 1878 354 1928 0.
383 1872 707 1943 Συμϐαίνειν
735 1871 792 1923 δὲ
819 1870 918 1932 τὰς
940 1869 1179 1937 ἐφέσεις,
1201 1866 1263 1919 οὐ
1295 1864 1421 1927 περὶ
1439 1862 1536 1925 τὰς
1567 1861 1793 1924 ἐνδείας,

214 1972 379 2036 ἔφην,
411 1964 725 2033 ὑπείληφας
748 1980 763 2029 ;

287 2061 353 2112 Δ.
392 2057 535 2110 Ναίυ
568 2056 620 2108 τί
659 2056 770 2126 γάρ
798 2057 946 2109 ἑστιν
987 2053 1173 2122 ἓτερον
1219 2047 1418 2120 ὄρεξις,
1461 2048 1494 2116 ἦ
1531 2044 1794 2113 ἐπιθυμία

214 2154 313 2206 ’τοῦ
366 2148 733 2215 θλίίπθὶθῖθξο
783 2148 921 2219 πρὸς
973 2144 1360 2214 ἀναπλήρωσιν
1400 2138 1495 2193 τοῦ
1525 2136 1795 2207 ύπεκρεύ-

217 2262 444 2308 εαντος;

288 2340 351 2390 0.
387 2333 665 2389 Κάλλιστά
701 2348 765 2399 γε
814 2329 904 2383 τὸν
952 2327 1049 2396 τῆς
1084 2314 1317 2394 ὀρέξεως
1361 2321 1486 2391 ὅρον
1524 2318 1792 2373 ἀποδέδω-

214 2445 342 2491 74;-
370 2430 462 2479 καὶ
491 2427 602 2495 γὰρ
625 2424 720 2475 καὶ
750 2423 777 2473 ὁ
809 2420 980 2490 μέγας
1011 2415 1310 2475 Βασίλειος,
1348 2412 1600 2482 πεινῆσαι
1642 2411 1794 2475 λέγει

213 2521 307 2573 τὸν
336 2520 558 2588 Κύριον,
592 2516 695 2585 τῆς
730 2513 955 2582 στερεᾶς
985 2509 1132 2578 αὐτῷ
1166 2507 1379 2578 τροφῆς
1409 2501 1794 2558 διαπνευσοεί-

216 2628 321 2682 σης
352 2611 411 2663 ὲν
448 2608 525 2679 τῷ
557 2607 803 2676 σώματι·
837 2604 933 2657 καὶ
963 2603 1029 2655 τὰ
1075 2601 1168 2652 ἐπὶ
1197 2600 1407 2660 τούτοις
1453 2594 1643 2662 σαφῶς
1673 2591 1795 2643 ἐπί-

216 2720 436 2757 στασαι.
464 2702 674 2753 ’Υπνου
705 2698 760 2750 δὲ
793 2693 1056 2764 συστολὴν
1077 2695 1175 2763 οὐχ
1198 2693 1383 2763 ἕτερον
1412 2688 1677 2756 ὑπάρχειν
1697 2701 1798 2753 φα-

217 2797 346 2867 μὲν,
396 2792 429 2863 ἧ
480 2790 574 2843 τοῦ
612 2787 935 2857 αἰσθητικοῦ
972 2784 1281 2852 πνεύματος
1320 2778 1570 2833 ἀτονίαν
1602 2779 1658 2828 ἐν
1688 2777 1797 2845 γὰρ

216 2886 431 2948 τούτοις
459 2882 600 2935 ἐνδεῖ
629 2882 723 2933 καὶ
758 2875 1004 2949 μειοῦται
1026 2875 1093 2928 τὰ
1123 2874 1221 2943 τῆς
1250 2872 1487 2941 φύσεως,
1513 2869 1606 2921 καὶ
1627 2870 1797 2920 δεῖται

218 2979 395 3031 ὖπνου
428 2975 526 3045 μὲν
567 2975 645 3035 εἰς
674 2971 736 3023 τὸ
773 2966 1183 3036 ἀνακτήσασθαι
1211 2966 1311 3033 τὴν
1344 2963 1581 3031 ζωτικὴν
1615 2978 1671 3012 τε
1706 2962 1799 3013 καὶ

220 3046 817 3136 αἰσθητικὴίὸύναμιν
838 3074 852 3089 ·
898 3059 1134 3119 ἀνέσεως
1161 3055 1238 3121 δὲ,
1266 3055 1352 3106 ἵνα
1382 3051 1728 3124 χαλασῦῶσιν
1749 3051 1796 3103 οἱ

215 3167 365 3214 τίνοι
394 3159 501 3211 τῶν
527 3159 635 3209 εἴτε
664 3153 859 3214 ποδῶν,
891 3152 999 3205 εἴτε
1034 3150 1249 3219 χειρῶν,
1275 3146 1383 3199 εἴτε
1420 3146 1514 3199 καὶ
1550 3146 1670 3197 ὅλου
1705 3142 1797 3196 τοῦ

1897 690 2037 744 quas
2066 675 2496 745 conjugationes,
2524 684 2708 729 utrum
2739 688 2832 726 eas
2862 672 3001 725 forte
3023 674 3076 727 in
3094 674 3299 728 divinis
3321 678 3409 730 Scr
3429 694 3471 729 l-

1897 770 2081 838 pturis
2106 768 2352 836 reperire
2386 767 2677 834 possimus.

1970 859 2033 911 ll.
2070 859 2262 912 Sentio
2308 859 2440 928 quid
2486 859 2615 911 hinc
2662 857 2880 911 efﬁcere
2927 855 3086 909 velis.
3138 855 3275 910 Cum
3321 860 3467 911 enim

1898 952 2106 1005 habeas
2127 965 2452 1004 concessum
2489 960 2697 1002 motum
2728 948 2943 1002 Domini
2984 964 3015 1001 a
3048 948 3191 1001 locis
3233 948 3287 1001 in
3328 951 3467 1013 loca,

1898 1045 2115 1098 conaris
2150 1045 2535 1097 demonstrare
2557 1042 2624 1096 de
2653 1042 3043 1096 extenuatione
3079 1049 3135 1093 et
3160 1043 3472 1109 Corruptio-

1899 1154 1966 1192 ne
1997 1156 2009 1191 :
2050 1138 2198 1207 quod
2228 1153 2534 1206 nunquam,
2571 1143 2631 1189 ut
2660 1136 2795 1189 mihi
2821 1136 3041 1204 quidem
3068 1135 3311 1198 videtur,
3335 1152 3463 1190 con.

1898 1230 2104 1283 eludes.

1967 1320 2029 1374 0.
2066 1321 2234 1374 Recte
2257 1319 2502 1388 quidem,
2533 1318 2755 1387 inquam
2784 1333 2920 1387 ego,
2971 1318 3110 1373 dicis
3139 1320 3361 1372 intuens
3419 1317 3471 1371 in

1900 1426 2076 1465 meam
2103 1410 2509 1464 inﬁrmitatem.
2547 1412 2616 1464 At
2658 1411 2862 1465 veritas
2892 1411 3078 1480 adjuta
3121 1411 3344 1479 adjuvat
3376 1426 3473 1464 cos

1898 1504 1992 1571 qui
2046 1517 2166 1554 eam
2221 1502 2546 1556 defendunt.
2584 1502 2755 1571 Igitur
2790 1503 3083 1555 videturne
3112 1502 3212 1556 tibi
3260 1503 3473 1555 esurire

1899 1603 1955 1647 et
1977 1592 2153 1656 sitire,
2183 1608 2303 1646 esse
2329 1592 2437 1649 cibi
2468 1602 2524 1646 et
2554 1593 2799 1661 potionis
2825 1592 3140 1661 appetitus?

1972 1769 2035 1823 ll.
2072 1769 2324 1833 Videtur,
2376 1769 2577 1839 inquit.

1969 1860 2033 1914 Ο.
2069 1861 2256 1915 Solere
2287 1872 2470 1915 autem
2490 1877 2612 1916 esse
2634 1862 2912 1932 appetitus
2932 1878 3122 1917 earum
3149 1879 3473 1934 rerumque:

1898 1949 2116 2012 desunt,
2145 1966 2325 2005 annon
2357 1962 2541 2020 putas,
2583 1951 2851 2021 inquam?

1896 2066 1901 2071 ·
1966 2042 2032 2095 ΙΙ.
2060 2043 2313 2097 Maxime.
2335 2044 2479 2109 Quid
2506 2044 2655 2098 enim
2683 2044 2833 2099 aliud
2862 2052 2946 2099 est
2983 2045 3282 2114 appetitus,
3306 2062 3471 2115 quam

1896 2132 2173 2201 cupiditas
2199 2135 2319 2201 ejus
2344 2134 2491 2202 quod
2534 2133 2728 2198 deest,
2780 2134 2847 2187 ad
2902 2135 3268 2204 supplendum
3322 2136 3471 2204 quod

1896 2225 2225 2279 ellluxerat?

1967 2314 2029 2368 Ο.
2067 2314 2324 2378 Pulchre,
2372 2316 2615 2385 inquam,
2643 2316 2948 2386 appetitum
2989 2316 3250 2371 deﬁnisti.
3287 2316 3472 2386 Siqui-

1896 2408 2019 2462 dem
2047 2424 2275 2478 ntagnus
2294 2408 2530 2463 Basilius
2556 2409 2793 2465 csurisse
2815 2408 2947 2463 dicit
2967 2409 3274 2467 Dominum.
3297 2410 3474 2462 solido

1896 2501 2023 2555 cibo
2065 2499 2169 2568 ipsi
2220 2499 2473 2552 exhalato
2505 2501 2559 2553 in
2593 2515 2858 2568 corpore;
2912 2510 2968 2553 et
2997 2515 3118 2568 quae
3164 2510 3475 2568 sequuntur

1898 2591 2190 2661 perspicue
2223 2592 2389 2645 nosti.
2424 2591 2632 2646 Somno
2675 2600 2861 2645 autem
2905 2591 3109 2662 corripi
3152 2590 3286 2644 nihil
3326 2592 3475 2645 aliud

1898 2701 2020 2740 esse
2067 2685 2326 2746 dicimus,
2358 2696 2521 2756 quam
2558 2686 2880 2756 languidum
2910 2695 2966 2741 et
3010 2686 3299 2739 remissum
3352 2701 3477 2739 esse

1900 2774 2154 2844 spiritum
2208 2776 2561 2837 sentientem,
2589 2775 2733 2827 sicut
2779 2784 2836 2827 et
2864 2772 3313 2842 defatigationem
3354 2790 3477 2828 esse

1900 2866 2278 2920 musculorum
2310 2873 2366 2919 et
2393 2880 2691 2920 nervorum
2720 2865 2946 2919 nimiam
2979 2866 3393 2919 extensionem:
3422 2866 3477 2919 in

1902 2959 1990 3013 his
2023 2960 2169 3013 enim
2205 2975 2268 3012 ea
2307 2974 2429 3027 qua:
2454 2966 2666 3013 natura:
2695 2967 2827 3014 sunt
2850 3001 2862 3019 .
2896 2958 3163 3013 deﬁciunt
3193 2969 3249 3012 et
3294 2959 3477 3012 immi-

1902 3059 2187 3115 nuuntur;
2220 3059 2276 3103 et
2296 3050 2757 3119 indigentsomno
2783 3050 3005 3119 quidem
3022 3051 3089 3104 ad
3121 3051 3477 3106 recreandum

1901 3144 2124 3198 vitalem
2160 3152 2217 3196 et
2246 3143 2577 3197 sentientem
2619 3144 2926 3209 virtutem;
2977 3144 3301 3199 remissione
3323 3160 3479 3209 vero,

220 3250 476 3319 σώματος
510 3247 569 3313 ἐξ
607 3244 915 3312 ὁδοιπορίας
965 3241 1129 3302 τινὸς,
1178 3240 1211 3310 ἢ
1252 3239 1351 3304 τῆς
1384 3238 1514 3307 περὶ
1539 3236 1607 3288 τὰ
1634 3235 1798 3287 λοιπὰ
1825 3248 1867 3303 c

1825 3248 1867 3303 ο
1903 3247 1965 3290 ut
2006 3237 2360 3290 remittantur
2391 3237 2778 3291 contentiones
2805 3238 2922 3292 sive
2953 3236 3178 3306 pedum,
3218 3237 3333 3291 sive
3362 3254 3478 3291 ma-

218 3341 330 3394 τῶν
360 3340 539 3411 ἔργων
591 3334 871 3395 συντονίας
904 3330 1295 3400 ἀπειρηκότος.
1328 3326 1551 3397 Τροφὴν
1599 3326 1655 3378 δὲ
1702 3327 1798 3378 καὶ

219 3434 387 3487 τιοτδν
446 3433 480 3501 η
531 3429 691 3497 φύσις
741 3426 1010 3493 ἐπιζητεῖ,
1045 3421 1156 3473 τῶν
1210 3420 1447 3489 στερεῶν
1498 3419 1655 3490 ἡμῶν
1704 3420 1800 3471 καὶ

218 3522 431 3592 ὑγρῶν,
462 3519 522 3582 ἐξ
570 3511 648 3570 ὧν
690 3515 1126 3582 συνεστήκαμεν,
1176 3510 1668 3581 διαπεφορημένων
1709 3510 1801 3561 καὶ

215 3614 321 3682 τῆς
374 3608 786 3675 ἁντεισαγωγῆς
840 3604 1275 3674 προςδεομένων,
1324 3601 1419 3654 τοῦ
1473 3598 1802 3662 κενωθέντος

216 3705 324 3776 ἤδη
353 3705 449 3756 καί
478 3700 790 3773 ῥεύσαντος.

294 3799 359 3850 Α.
416 3795 605 3865 Ταύτῃ
647 3792 749 3862 μὲν
794 3788 887 3842 ἐπὶ
914 3786 1025 3840 τῶν
1054 3786 1343 3858 ἡμετέρων
1366 3826 1380 3851 ,
1432 3787 1641 3847 ἐκεῖνος
1671 3785 1798 3854 ἔφη,

219 3886 518 3957 σωμάτων,
545 3878 591 3935 ὦ
619 3884 861 3953 βέλτιστε
879 3894 892 3906 ·
925 3880 986 3932 ού
1017 3880 1125 3948 μὴν
1148 3878 1204 3930 δὲ
1230 3880 1322 3930 ἐπὶ
1347 3878 1447 3948 τῆς
1473 3875 1567 3929 τοῦ
1593 3877 1799 3947 Κυρίου

220 3979 428 4049 σαρκὸς
460 3976 603 4029 οὕτω
631 3973 828 4027 ταῦτα.

294 4073 351 4122 0.
409 4066 553 4120 Ἀλλ’
594 4068 644 4118 εί
688 4066 765 4135 μὴ
805 4063 950 4116 οὕτω
995 4061 1211 4126 ταῦτα,
1264 4060 1404 4132 πρὸς
1436 4059 1599 4113 αὐτὸν
1638 4058 1797 4127 ἔφην,

221 4164 319 4216 καὶ
350 4162 443 4213 ἐπὶ
470 4159 571 4228 τῆς
600 4157 693 4211 τοῦ
728 4156 936 4227 Κυρίου
969 4154 1175 4225 σαρκὸς
1195 4192 1210 4217 ,
1264 4153 1360 4206 καὶ
1391 4151 1533 4205 κατὰ
1561 4149 1655 4203 τὸν
1684 4150 1798 4203 ἴσον

218 4252 510 4307 συνέϐαινε
539 4250 764 4320 τρόπον,
790 4247 994 4315 εἴποιμ’
1023 4246 1089 4300 ἂν
1120 4244 1470 4316 θαρρούντως
1499 4244 1573 4307 ὡς
1601 4244 1711 4298 οὐδ’
1740 4244 1798 4296 ὄ-

212 4347 330 4410 λως
357 4344 706 4413 γεγέννηται.
745 4341 903 4395 Ἐπεὶ
938 4339 1029 4392 τὸν
1060 4338 1145 4391 Et:
1157 4355 1248 4409 ρον
1275 4340 1413 4407 ήμίν
1442 4338 1800 4409 παράστησον

216 4431 441 4503 τρόπον.
472 4429 547 4483 Ού
572 4430 683 4499 γὰρ
708 4427 773 4499 δὴ
800 4428 898 4498 τὴν
927 4425 1228 4496 φαντασίαν
1256 4427 1433 4490 εἴποις
1463 4428 1528 4478 ἂν
1553 4426 1797 4481 πώποτε.

290 4523 357 4575 Δ.
412 4520 566 4591 Μηδὲ
600 4521 711 4589 γάρ
755 4535 888 4572 ποτε
930 4519 1075 4571 οὕτω
1111 4517 1371 4589 μανείην,
1421 4520 1629 4581 ἐκεῖνος
1661 4519 1795 4589 ἔφη·

1905 3345 2075 3383 unum
2098 3370 2112 3391 ,
2160 3331 2274 3384 sive
2317 3329 2486 3385 totius
2532 3331 2782 3399 corporis
2807 3344 2872 3383 ex
2906 3330 3125 3392 itinere,
3156 3339 3254 3383 aut
3280 3345 3346 3383 ex
3374 3331 3479 3384 alia

1908 3424 1960 3475 in
1988 3422 2112 3475 aliis
2144 3421 2408 3491 operibus
2452 3421 2811 3476 contentione
2842 3420 3066 3475 defessi.
3116 3419 3315 3474 Cibum
3348 3437 3481 3475 vero

1904 3524 1962 3569 et
2011 3514 2290 3585 potionem
2336 3525 2531 3569 natura
2572 3513 2806 3582 requirit
2855 3513 3046 3567 solidis
3096 3523 3154 3568 et
3214 3513 3478 3579 humidis,

1905 3624 1972 3662 ex
1999 3607 2204 3677 quibus
2242 3605 2531 3659 constituti
2567 3620 2779 3666 sumus,
2819 3604 3050 3673 digestis
3074 3647 3089 3672 ,
3131 3613 3188 3659 et
3227 3605 3481 3675 indigen-

1908 3699 2057 3753 tibus
2087 3696 2391 3767 repletione
2423 3698 2543 3767 ejus
2563 3697 2709 3765 quod
2737 3696 3080 3749 exinanitum
3108 3706 3188 3751 est
3218 3706 3273 3751 et
3300 3696 3476 3751 ﬂuxit.

1979 3788 2045 3842 ll.
2083 3787 2174 3842 Sic
2203 3787 2450 3855 quidem,
2479 3787 2790 3856 inquitille,
2822 3785 2876 3839 in
2908 3787 3113 3840 nostris
3149 3786 3481 3856 corporibus

1909 3879 1987 3946 ﬁt,
2024 3881 2168 3935 bone
2197 3881 2302 3945 vir,
2332 3897 2441 3934 non
2474 3890 2655 3935 tamen
2682 3880 2761 3935 sic
2792 3882 2847 3935 in
2885 3897 3050 3936 carne
3091 3881 3334 3936 Domini.

1974 4071 2037 4127 0.
2066 4072 2134 4126 At
2190 4071 2234 4126 si
2278 4088 2387 4126 non
2434 4072 2513 4127 sic
2577 4072 2715 4135 haec,
2772 4072 2993 4140 inquam
3041 4087 3163 4142 ego,
3211 4072 3375 4127 etiam
3423 4072 3477 4127 in

1904 4177 2067 4217 carne
2090 4161 2330 4225 Domini,
2353 4171 2410 4216 et
2454 4162 2522 4216 ad
2549 4161 2806 4217 eumdem
2848 4161 3072 4215 modum
3116 4163 3475 4229 eveniebant;

1904 4253 2250 4307 conﬁdenter
2280 4253 2484 4316 dicam,
2520 4269 2626 4308 nec
2647 4268 2875 4323 prorsus
2905 4252 3124 4323 genitus
3158 4261 3263 4307 est.
3301 4254 3478 4307 Proba

1904 4344 2051 4399 enim
2077 4342 2236 4397 nobis
2267 4343 2435 4396 alium
2464 4342 2705 4396 modum.
2734 4343 2853 4398 Non
2876 4344 3022 4396 enim
3041 4343 3193 4398 dices
3215 4359 3476 4413 unquam,

1907 4435 2249 4505 phantasiam
2277 4434 2468 4497 fuisse,
2502 4434 2556 4488 id
2583 4445 2687 4500 est,
2722 4436 2884 4490 inane
2920 4435 3118 4491 visum.

1977 4525 2044 4580 Η.
2087 4525 2400 4595 Nunquam,
2444 4526 2760 4596 inquitille.
2817 4529 2896 4582 sic
2923 4528 3147 4583 insanus
3181 4545 3313 4583 ero:
3344 4545 3477 4585 vere

216 4613 317 4667 καὶ
347 4613 459 4682 γὰρ
490 4584 715 4679 αληίὶῶς
750 4608 922 4663 ταῦτα
954 4584 1307 4663 συνέδαιγενί
1356 4608 1495 4662 ἀλλὰ
1530 4584 1794 4679 βουλοέιέ-
1830 4584 1873 4639 D

1830 4584 1873 4639 Β
1902 4617 2176 4688 siquidem
2217 4584 2333 4672 haec
2381 4584 2723 4684 accidebant,
2751 4584 2862 4674 sed
2910 4619 3131 4673 volente
3191 4620 3371 4676 Verbo
3420 4584 3477 4675 et

216 4719 312 4759 νου
340 4704 438 4756 τοῦ
471 4704 784 4769 Λόγου,καὶ
816 4701 1063 4768 ἐφιέντος
1090 4702 1154 4770 τῇ
1186 4702 1369 4781 σαρκί.

288 4798 352 4847 0.
392 4792 465 4847 Εύ
497 4794 633 4862 ἔφης
654 4834 669 4855 ,
721 4793 860 4862 πρὸς
891 4792 1057 4846 αὑτὸν
1088 4786 1277 4855 εἷπον,
1329 4793 1465 4864 μηδὲ
1498 4792 1608 4862 γὰρ
1642 4792 1798 4863 τύχοι

214 4892 319 4958 τῆς
351 4888 665 4958 κρείττονος
697 4885 1071 4948 ἀλλοιώσεως,
1123 4886 1151 4937 ὁ
1195 4886 1272 4955 μὴ
1306 4888 1367 4953 τῇ
1400 4887 1797 4956 παραχωρήσει

213 4979 314 5035 τοῦ
356 4981 531 5047 Λόγου
579 4980 649 5033 τὰ
683 4978 888 5047 φυσικὰ
921 4979 987 5047 τῇ
1019 4978 1186 5047 σαρκὶ
1219 4978 1495 5048 συμϐῆναι
1528 4980 1672 5048 πάθη
1710 4977 1797 5029 λέ-

214 5087 331 5139 γων
357 5086 417 5121 τε
450 5069 543 5122 καὶ
574 5069 810 5140 φρονῶν.

290 5166 355 5219 Α.
395 5164 555 5218 Οὖτω
581 5164 646 5236 δὴ
679 5166 773 5217 καὶ
802 5168 988 5236 ἡμεῖς,
1020 5164 1233 5228 ἐκεῖνος
1263 5163 1391 5235 ἔφη,
1429 5164 1793 5234 πιστεύομεν·

213 5256 351 5318 Θεὸς
378 5260 486 5326 γὰρ
519 5257 760 5324 ἄληπτός
788 5258 939 5310 ἐστιν
971 5257 1301 5327 ἀνθρώποις,
1321 5257 1388 5326 ἧν
1416 5274 1473 5309 τε
1500 5254 1723 5327 θελήσῃ.

289 5432 352 5483 0.
409 5430 713 5501 Δεδομένης
754 5433 937 5485 τοίνυν
959 5473 974 5494 ,
1008 5430 1184 5499 εἷπον,
1218 5428 1263 5487 ὦ
1292 5433 1598 5503 θαυμάσιε,
1643 5434 1798 5499 γενέ-

216 5538 388 5586 σεως,
441 5522 815 5585 ἀλλοιώσεως,
862 5524 1178 5596 αὐξήσεως,
1235 5527 1609 5595 μεταϐατικῆς
1638 5528 1789 5595 κινή-

213 5630 359 5676 σεως
388 5613 465 5683 τῷ
493 5614 708 5685 σώματι
738 5615 835 5669 τοῦ
861 5617 1091 5687 Κυρίου,
1118 5619 1171 5670 τί
1198 5618 1258 5671 τὸ
1283 5617 1514 5683 κωλῦον,
1534 5618 1654 5671 εἰπέ
1683 5635 1794 5686 μοι,

214 5707 297 5776 μὴ
340 5706 464 5775 οὺχὶ
512 5707 608 5761 καὶ
672 5707 772 5777 τὴν
828 5709 1029 5781 λοιπὴν
1058 5710 1209 5781 αύτῷ
1266 5710 1532 5779 συζυγίαν
1561 5708 1793 5773 διδὸκναις

285 5794 351 5847 Λ.
407 5795 620 5850 Οὐκοῦν
675 5799 816 5853 κατὰ
866 5800 995 5865 τοὺς
1045 5801 1194 5864 σοὺς,
1256 5800 1383 5872 ἔφη,
1414 5801 1643 5868 λόγους,
1700 5802 1795 5853 καὶ

208 5885 514 5959 εέϐαρταις

1898 4712 2248 4782 permittente
2276 4726 2462 4766 carne.

1970 4803 2034 4859 0.
2092 4803 2283 4870 Bene,
2331 4805 2589 4874 inquam,
2647 4802 2882 4857 dixisti:
2926 4819 3031 4859 nec
3072 4805 3219 4859 enim
3278 4806 3476 4859 melio-

1902 4909 2017 4947 rem
2050 4894 2495 4948 immutationem
2522 4902 2870 4963 asscquetur,
2903 4893 2996 4962 qui
3028 4909 3138 4947 non
3184 4893 3391 4948 dixerit
3421 4903 3476 4948 et

1902 4985 2143 5040 senserit
2181 4986 2472 5054 passiones
2516 4986 2801 5040 naturales
2848 4985 3000 5039 carni
3053 4984 3315 5039 accidisse
3354 5001 3476 5054 pcr-

1901 5077 2071 5131 missu
2101 5077 2292 5133 Verbi.

1974 5167 2041 5222 H.
2101 5168 2212 5232 Sic,
2292 5169 2473 5237 inquit
2526 5169 2647 5231 ille,
2713 5166 3034 5223 credimus:
3108 5167 3257 5223 Deus
3325 5168 3473 5223 enim

1901 5258 2184 5313 voluntate
2207 5274 2386 5327 neque.
2412 5265 2616 5329 potest,
2639 5274 2818 5328 neque
2841 5259 3136 5328 poteratab
3159 5258 3477 5313 hominibus

1900 5347 2041 5417 capi.

1971 5432 2036 5491 0.
2064 5436 2335 5492 Concessa
2360 5437 2547 5507 igitur,
2578 5438 2800 5508 inquam
2833 5455 2955 5511 ego,
2987 5438 3131 5495 bone
3163 5440 3267 5504 vir,
3305 5457 3473 5511 gene-

1902 5530 2139 5593 ratione,
2172 5529 2576 5595 immutatione,
2609 5532 2946 5594 accretione,
2982 5541 3135 5585 motu
3168 5532 3475 5587 secundum

1899 5621 2117 5686 locum;
2164 5620 2296 5690 quid
2343 5623 2624 5691 prohibet,
2679 5624 2769 5677 dic
2819 5624 2978 5687 mihi,
3024 5625 3155 5692 quin
3205 5624 3474 5692 reliquam

1898 5713 2345 5783 Cenjugationem
2372 5714 2421 5769 ei
2452 5714 2801 5769 tribuamus?

1972 5803 2037 5857 ll.
2096 5803 2167 5858 Ut
2223 5814 2278 5857 tu
2328 5804 2525 5874 igitur,
2582 5806 2805 5877 inquit,
2849 5806 3134 5876 loqueris,
3170 5815 3464 5878 corruptus

1898 5894 2020 5948 cst?
