4218 6444
746 456 881 522 iii-".1

810 575 875 628 0.
907 570 1086 636 Absit,
1120 566 1406 639 respondi.

812 688 878 742 ll.
916 681 1231 751 Quomodo,
1266 679 1471 751 inquit,
1500 679 1606 734 hoc
1627 678 1801 734 dicis?

812 803 877 854 Ο.
907 799 1048 864 Quia
1071 811 1252 866 neque
1276 795 1360 849 fas
1386 801 1492 858 est,
1518 792 1766 861 inquam.

817 913 862 967 li
909 906 1319 984 Quamobrem?
1344 906 1548 976 inquit.

814 1026 880 1081 0.
938 1026 1097 1091 Quia,
1130 1024 1381 1091 inquam.
1438 1022 1734 1091 oportebat
1773 1020 2059 1089 passiones
2105 1023 2326 1070 nostras

748 1129 972 1188 gustare
998 1131 1175 1184 usque
1206 1114 1273 1168 ad
1300 1114 1705 1183 experientiam
1730 1112 1948 1172 mortis,
1983 1123 2094 1162 non
2137 1116 2322 1162 tamen

748 1212 801 1263 in
851 1207 1209 1275 corruptione
1266 1220 1488 1258 manere
1538 1212 1693 1266 actu;
1748 1200 1999 1270 quinimo
2069 1199 2214 1251 sicut
2265 1195 2321 1249 in

745 1299 1008 1354 omnibus
1033 1298 1228 1352 habuit
1260 1294 1407 1364 quod
1446 1304 1693 1348 nostrum
1718 1297 1826 1355 est,
1856 1300 1912 1345 et
1961 1289 2109 1359 quod
2155 1303 2320 1356 supra

744 1407 850 1445 nos
880 1400 985 1452 est,
1013 1391 1096 1442 sic
1125 1389 1177 1439 in
1198 1394 1373 1440 morte
1399 1385 1547 1453 ipsa:
1577 1393 1854 1439 mortuum
1883 1380 2032 1435 enim
2066 1394 2190 1435 esse
2223 1394 2324 1432 no-

746 1494 922 1539 strum
978 1488 1084 1543 est,
1147 1487 1205 1533 et
1242 1475 1459 1531 curatio
1513 1482 1718 1529 nostra:
1768 1472 2157 1537 mortalitatis;
2213 1486 2323 1523 non

746 1590 867 1628 esse
899 1582 1085 1626 autem
1115 1578 1440 1638 corruptum
1482 1566 1812 1621 valentioris
1860 1563 2153 1633 potestatis
2188 1561 2326 1614 Ver-

746 1664 803 1718 bi
858 1671 977 1717 erat
1017 1680 1031 1715 :
1071 1661 1315 1715 Verbum
1368 1660 1516 1713 enim
1562 1652 1962 1725 experientiam
2014 1652 2320 1723 prohibuit,

747 1752 977 1807 minime
1031 1754 1347 1804 concedens
1400 1747 1576 1809 carni,
1625 1754 1687 1799 ut
1738 1751 2220 1813 corrumperetur,
2265 1750 2325 1795 ut

748 1843 1006 1914 primitiae
1029 1838 1461 1895 immortalitatis
1484 1836 1555 1890 ab
1576 1837 1694 1905 ipsa
1727 1835 1781 1889 in
1826 1850 1928 1888 nos
1946 1835 2113 1889 etiam
2141 1842 2324 1888 trans-

1997 446 2303 514 LEONTII
2350 439 2760 502 ΒΠΑΝΤΙΝῘ

2359 564 2402 615 Α
2502 550 2565 602 0.
2604 547 2697 617 Μὴ
2728 546 2965 615 γένοιτο,
2999 546 3136 617 πρὸς
3167 543 3334 600 αὑτὸν
3365 544 3780 621 ἀπεκρινάμην.

3880 441 4023 507 1348

2502 661 2566 712 Α.
2600 660 2724 721 Πῶς
2755 659 2937 721 τοῦτο,
2966 656 3094 729 εφη,
3117 657 3326 725 λέγεις,

2501 772 2563 822 U.
2600 768 2726 819 ’Ὅτι
2760 767 2896 836 μηδὲ
2925 766 3109 838 θέμις,
3143 762 3318 821 εἶπον.

2502 882 2567 933 Λ.
2607 878 2686 932 Δι’
2716 878 2784 948 ἣν
2815 879 3027 946 αἱτίαν;
3056 876 3235 935 εἶπεν.

2503 999 2566 1047 υ.
2613 992 2991 1064 Ἐπειδήπερ,
3045 995 3228 1064 ἔφην,
3278 996 3698 1067 ἀπογεύσασθαι
3748 1000 3865 1054 εδει
3911 1002 4023 1054 τιτιν

2432 1084 2726 1154 ἡμετέρων
2771 1083 2998 1149 παθῶν,
3055 1087 3255 1157 μέχρις
3298 1088 3470 1159 αὐτῆς
3512 1090 3613 1161 τῆς
3645 1089 3744 1142 τοῦ
3776 1092 4020 1144 θανάτου

2433 1175 2633 1242 πείρας
2654 1214 2671 1238 ,
2706 1175 2790 1228 πού
2828 1175 2936 1247 μὴν
2970 1178 3064 1230 καὶ
3093 1180 3153 1230 ἐν
3180 1181 3248 1250 τῇ
3281 1180 3405 1234 κατ’
3429 1180 3720 1251 ἐνέργειαν
3753 1183 4021 1248 γενέσθαι

2432 1270 2642 1341 φθορᾷ·
2682 1270 2798 1324 ἀλλ’
2829 1271 3024 1342 ὥσπερ
3055 1274 3114 1325 ἐν
3145 1277 3315 1328 πᾶσιν
3339 1275 3466 1346 ἔσχε
3494 1277 3555 1328 τὸ
3583 1277 3889 1348 ἡμέτερον,
3924 1282 4022 1332 καὶ

2429 1362 2493 1413 τὸ
2522 1362 2669 1431 ὑπὲρ
2696 1364 2867 1433 ἡμᾶς,
2896 1364 3044 1417 οὕτω
3073 1366 3169 1419 καὶ
3199 1369 3322 1419 κατ’
3343 1369 3509 1421 αὑτὸν
3531 1369 3596 1439 δὴ
3622 1369 3718 1423 τὸν
3743 1370 3987 1423 Θάνατον
4004 1387 4018 1401 ο

2432 1453 2492 1505 τὸ
2524 1453 2626 1522 μὲν
2651 1453 2761 1524 γὰρ
2790 1453 3115 1525 τεθνηκέναι
3147 1454 3443 1527 ἡμέτερον,
3479 1459 3574 1511 καὶ
3603 1459 3706 1526 τῆς
3734 1460 4021 1530 ἡμετέρας

2432 1548 2763 1618 νεκρότητος
2815 1548 2954 1617 ἴαμα
2976 1562 2992 1578 °
3050 1548 3204 1602 τὸδὲ
3239 1552 3314 1620 μὴ
3344 1550 3652 1620 ἐῳθάρθαι,
3695 1554 3801 1623 τῆς
3827 1554 4019 1624 κρείτ-

2430 1641 2711 1705 τονοςοτοῦ
2738 1642 2919 1710 Λόγου
2952 1641 3261 1711 δυνάμεως.
3297 1645 3358 1708 ὃς
3381 1660 3446 1712 γε
3475 1647 3575 1715 τὴν
3602 1648 3806 1717 πεῖραν
3836 1647 4021 1699 κεκὼ-

2431 1732 2627 1800 λυκεν,
2686 1735 2892 1804 ἥκιστα
2924 1733 3201 1804 φθαρῆναι
3234 1738 3683 1808 συγκεχωρηκὼς
3711 1741 3780 1811 τῇ
3813 1740 4017 1808 σαρκε-

2430 1823 2507 1889 ὼς
2542 1826 2609 1878 ἂν
2636 1825 2734 1879 ἀπ’
2758 1827 2927 1897 αὐτῆς
2956 1827 3052 1881 καὶ
3078 1828 3332 1899 ειςήμᾶς
3360 1828 3581 1900 διαϐαίη
3600 1873 3616 1896 ,
3654 1832 3754 1886 καὶ
3781 1832 4020 1900 γένηται

745 1946 893 1990 eant.
927 1935 1042 1990 Non
1091 1948 1214 1988 esse
1262 1932 1431 2000 igitur
1481 1929 1686 1983 factam
1731 1927 2173 1997 corruptionem,
2220 1940 2324 1995 po-

2432 1914 2534 1986 τῆς
2567 1916 2881 1987 ἀφθαρσίας
2916 1917 3075 1989 ἡμῶν
3113 1918 3378 1989 ἀπαρχὴ·
3432 1919 3492 1973 τὸ
3520 1920 3703 1974 τοίνυν
3746 1922 3825 1993 μὴ
3856 1923 4020 1989 γένεο

749 2028 936 2082 tentia:
954 2025 1155 2085 divinze
1175 2032 1280 2085 est,
1306 2037 1427 2091 quae
1451 2021 1700 2090 superari
1734 2035 1846 2074 non
1899 2026 2113 2090 potest;
2148 2025 2207 2071 et
2233 2032 2327 2071 ra-

748 2120 899 2174 tione
935 2115 1210 2179 miraculi,
1232 2124 1290 2169 at
1309 2129 1419 2167 non
1448 2113 1568 2183 lege
1601 2119 1832 2165 nutum.

817 2252 882 2307 H.
914 2252 1095 2321 Atqui,
1125 2251 1306 2319 inquit
1332 2249 1446 2310 ille,
1471 2257 1528 2301 et
1559 2262 1738 2302 novus
1782 2246 1952 2300 Adam
1985 2253 2216 2300 vocatus
2243 2251 2329 2299 est

751 2346 1037 2399 Dominus.
1064 2342 1351 2411 Quomodo
1377 2351 1562 2394 autem
1596 2339 1677 2393 sic
1700 2346 2017 2403 vocaretur,
2050 2336 2156 2390 nisi
2206 2346 2337 2391 cor-‘

632 2474 637 2479 ο
751 2452 855 2505 pus
879 2434 1204 2506 protoplasti
1250 2431 1501 2488 tulisSet‘.’
1523 2430 1969 2501 lncorruptibilis
1992 2441 2175 2484 autem
2208 2435 2329 2483 erat

751 2528 1146 2597 protoplastus,
1204 2535 1501 2594 antequam
1559 2533 1856 2594 peccaret;
1903 2521 2328 2591 iucorruptibile

749 2622 919 2693 igitur
958 2620 1066 2673 fuit
1116 2619 1283 2673 etiam
1336 2632 1540 2687 corpus
1576 2616 1829 2677 Domini:
1882 2615 2160 2691 siquidem
2207 2615 2329 2668 sine

748 2724 980 2784 peccato
1010 2710 1388 2782 perseveravit
1414 2723 1655 2779 semper.

817 2824 883 2878 Ο.
930 2824 1043 2892 Ego
1100 2821 1531 2896 vero,inquan_t,
1589 2819 1709 2872 sive
1762 2831 1971 2887 corpus
2002 2814 2328 2886 protuplasti

747 2914 1117 2984 corruptibiie
1136 2923 1276 2975 erat,
1308 2909 1425 2965 sive
1448 2925 1582 2968 non.
1624 2906 1871 2962 nondum
1899 2906 2046 2968 dico,
2081 2906 2331 2976 quandiu

749 3019 860 3058 non
897 3003 1067 3073 pudet
1115 3003 1263 3072 ipsos
1309 3000 1405 3070 qui
1438 3000 1546 3054 hoc
1591 2998 1807 3059 dicunt,
1863 2997 2328 3051 immortalitatem

750 3093 1071 3164 protoplasti
1120 3108 1231 3149 non
1270 3091 1515 3145 tribuere
1570 3088 1825 3144 Domino.
1858 3086 2133 3141 Mortuum
2181 3087 2329 3142 enim

747 3201 873 3241 esse
916 3190 1066 3246 eum,
1108 3182 1427 3238 necessario
1482 3181 1832 3244 concedent;
1893 3181 2001 3235 nisi
2055 3179 2163 3235 sibi
2197 3179 2334 3249 ipsis

749 3278 959 3332 crimen
1016 3274 1337 3344 phantasite,
1399 3271 1457 3326 id
1508 3282 1613 3335 est,
1673 3271 1852 3325 inanis
1892 3270 1993 3324 visi
2047 3270 2103 3323 in
2157 3258 2401 3322 AdamC

751 3384 881 3424 vere
901 3375 1143 3426 mortuo,
1196 3364 1401 3418 inferre
1430 3363 1604 3417 velint
1633 3381 1647 3415 :
1707 3363 2009 3431 sumpsisse
2057 3375 2194 3414 vero
2223 3359 2331 3413 Do-

750 3461 962 3515 minum
1010 3458 1116 3511 tale
1163 3470 1386 3524 corpus.
1431 3455 1595 3523 quale
1626 3463 1749 3509 erat
1781 3468 1891 3507 non
1915 3454 2094 3507 solum
2125 3468 2329 3521 corpus

751 3553 902 3615 Adze,
931 3550 1027 3605 sed
1056 3563 1259 3617 corpus
1278 3558 1529 3602 nostrum
1532 3563 1561 3617 _;
1587 3561 1699 3599 non
1729 3538 1878 3601 enim
1914 3553 2139 3615 propter
2173 3545 2327 3598 illum

752 3654 965 3699 tantum
994 3641 1165 3703 venit,
1201 3640 1298 3695 sed
1324 3649 1552 3709 propter
1587 3653 1689 3693 nos
1707 3638 1912 3701 etiam;
1946 3636 2103 3713 valde
2129 3636 2327 3690 absur-

749 3738 883 3789 dum
932 3744 990 3789 et
1016 3747 1047 3786 a
1077 3732 1289 3797 ratione
1314 3731 1555 3784 alienum
1582 3737 1722 3792 erat,
1758 3728 1924 3784 unius
1964 3728 2187 3798 quidem
2206 3742 2327 3781 esse

749 3825 1010 3886 similem,
1040 3829 1364 3883 ezeterorum
1392 3835 1527 3874 vero
1561 3819 1810 3873 omnium
1852 3819 2201 3881 dissimilem,
2233 3819 2327 3888 qui

749 3916 974 3986 quidem
1022 3913 1089 3967 ad
1150 3912 1421 3966 rationem
1483 3910 1773 3964 medicinae
1824 3910 2089 3990 facienda:
2131 3911 2324 3965 eadem

748 4005 1115 4063 similitudine
1152 4002 1496 4073 indigebant.
1521 4001 1723 4079 Unde,v
1742 4003 1951 4071 Optime
1985 4002 2100 4066 vir,
2124 4016 2327 4072 corpus

750 4097 1077 4169 protoplasti
1111 4093 1532 4163 incorruptibile
1560 4092 1717 4159 erat?
1736 4093 1852 4146 Non
1895 4093 2044 4146 enim
2092 4093 2147 4147 in
2195 4109 2328 4148 eon-

749 4177 1047 4244 stitutione
1111 4202 1209 4240 sua
1288 4184 1549 4247 habebat,
1645 4191 1708 4238 ut
1765 4184 2097 4239 immortalis
2154 4193 2322 4249 esset,

747 4296 812 4335 ac
835 4280 1010 4334 multo
1040 4278 1209 4348 magis
1249 4292 1358 4332 non
1398 4275 1659 4340 habebat,
1695 4283 1759 4329 ut
1800 4284 1950 4331 esset
1983 4274 2323 4345 incorrupti-

746 4367 1139 4435 bilis,~alioqui
1176 4380 1479 4433 nunquam,
1506 4364 1721 4431 opinor.
1754 4363 1902 4434 ligno
1924 4362 2052 4416 vita:
2078 4361 2128 4416 ei
2182 4378 2324 4431 opus

747 4460 964 4520 fuisset,
991 4466 1251 4526 tanquam
1284 4454 1475 4509 futuro
1501 4454 1824 4519 immortali,
1857 4470 1956 4508 usu
2002 4454 2186 4509 vitalis
2208 4455 2324 4511 fru-

2432 2005 2559 2057 σθαι
2588 2003 2686 2075 τὴν
2717 2000 2951 2076 φθορὰν,
2989 2006 3092 2076 τῆς
3120 2007 3387 2075 ἀνικήτου
3417 2007 3538 2060 ἐστὶ
3568 2004 3879 2077 δυνάμεως,
3924 2010 4022 2061 καὶ

2427 2096 2576 2168 λόγῳ
2608 2096 2910 2168 θαύματος,
2943 2097 3064 2151 ἀλλ’
3088 2099 3150 2153 οὐ
3194 2099 3347 2169 νόμῳ
3377 2100 3611 2169 φύσεως.

2500 2235 2568 2288 Α.
2604 2232 2771 2288 Ἀλλά
2796 2234 2928 2305 μὴν,
2953 2234 3162 2298 ἐκεῖνος
3185 2234 3315 2302 ἔφη.
3343 2237 3440 2288 καὶ
3466 2233 3587 2298 νέος
3609 2234 3785 2305 Ἀδὰμ
3803 2234 4022 2305 ὠνομάο

2434 2324 2536 2394 σθη
2583 2327 2612 2379 ὁ
2650 2325 2857 2397 Κύριος
2880 2340 2895 2354 ·
2954 2324 3091 2388 πῶς’
3108 2322 3155 2379 δ’
3181 2324 3250 2378 ἂν
3277 2325 3441 2379 τοῦτο
3468 2324 3723 2393 ἐλέγετο,
3758 2329 3811 2379 εἰ
3842 2327 3925 2396 μὴ
3959 2328 4023 2378 τι»

2430 2415 2525 2468 τοῦ
2557 2415 2990 2487 πρωτοπλάστου
3020 2416 3261 2486 φορέσας
3290 2417 3487 2487 σῶμα,
3519 2416 3837 2489 ’Δφθαρτος
3861 2415 4022 2489 δὲῆν

2429 2507 2459 2560 ό
2495 2506 2930 2578 πρωτόπλαστος
2974 2509 3082 2580 πρὸ
3127 2508 3230 2579 τῆς
3268 2508 3676 2579 παραϐάσεως·
3730 2510 4023 2581 ἄφθαρτον

2429 2601 2541 2672 ἄρα
2570 2600 2667 2653 καὶ
2693 2600 2754 2653 τὸ
2779 2601 2875 2654 τοῦ
2900 2602 3114 2683 Κυρίρυ
3143 2601 3305 2672 σῶμα
3322 2616 3337 2631 ·
3370 2602 3464 2655 καὶ
3488 2601 3600 2673 γάρ
3624 2602 4023 2673 ἀναμάρτητον

2433 2694 2611 2764 πάντη
2641 2694 3074 2767 διαμεμένηκεν.

2501 2809 2566 2865 0.
2584 2809 2728 2877 Ἐγὼ
2744 2809 2826 2876 δὲ,
2850 2811 2915 2864 Ei
2933 2809 3033 2880 μὲν
3061 2809 3366 2883 ἄφθαρτον,
3389 2809 3600 2882 ἔφην,ἢ
3629 2810 3726 2882 μὴ,
3743 2809 3838 2863 ταῦ
3861 2827 4026 2882 πρω-

2430 2902 2743 2956 τοπλάστου
2776 2906 2839 2954 τὸ
2869 2902 3032 2972 σῶμα
3060 2902 3392 2972 ἐτύγχανεν,
3429 2901 3587 2955 οὔπω
3611 2902 3779 2968 λέγω,
3811 2901 3925 2962 ἕως
3952 2903 4025 2955 ἄν

2434 2994 2513 3065 μὴ
2545 2994 2608 3049 τὺ
2636 2994 2912 3049 ἀθάνατον
2946 2994 3149 3058 αὐτοὺς
3177 2994 3431 3049 καταιδεῐ
3456 2993 3552 3048 τοῦ
3579 2995 4023 3064 πρωτοπὶὰστιδν

2435 3087 2512 3159 μὴ
2538 3087 2821 3157 διδόμενον
2848 3086 2928 3157 τῷ
2954 3086 3166 3158 Κυρίῳ.
3201 3086 3538 3156 Τεθνηκέναι
3563 3087 3674 3156 γὰρ
3695 3086 3860 3139 αὑτὸν
3884 3089 4025 3140 πᾶν-

2431 3198 2543 3244 τως
2582 3179 2888 3243 δώσουσιν,
2947 3180 2997 3232 εἰ
3049 3178 3124 3250 μὴ
3177 3177 3432 3250 μέλλοιεν
3471 3177 3534 3231 τδ
3572 3178 3675 3247 τῆς
3706 3181 4027 3247 φαντασίας

2432 3272 2557 3326 ὅλον
2605 3273 2689 3332 εἰς
2714 3262 2958 3334 ’ἑαυτοὺς
3002 3271 3385 3341 ἀποφέρεσθαι
3423 3270 3717 3340 ἐγκλημα-
3770 3271 3834 3323 rb
3859 3271 3919 3323 δέ
3954 3287 4026 3339 τε

2432 3367 2596 3434 σῶμα
2651 3365 2745 3419 τὸν
2800 3364 3011 3436 Κύριον
3069 3364 3428 3434 ἀνειληφέναι
3478 3363 3761 3429 τοιοῦτον,
3825 3366 4026 3418 ὁποῖον

2430 3459 2554 3528 οὐχὶ
2578 3457 2641 3511 τὸ
2667 3456 2763 3512 τοῦ
2791 3456 3232 3536 πρωτοπλάστου
3265 3457 3448 3527 μόνον,
3472 3455 3610 3511 ἀλλά
3633 3457 3729 3509 καὶ
3748 3457 3817 3509 δι’
3838 3458 4022 3525 ἡμᾶς,

2431 3551 2527 3605 καὶ
2577 3550 2785 3621 σφόδρα
2831 3548 3185 3621 θαρρούντως
3233 3549 3300 3602 ἀν
3345 3547 3759 3617 διατεινοεμην·
3820 3550 4026 3619 κοινῆς

2376 3624 2394 3635 ’
2428 3638 2539 3709 γάρ
2570 3637 2741 3711 οὔσης
2784 3637 2886 3706 τῆς
2931 3639 3091 3692 νόσου
3112 3680 3127 3703 ,
3176 3638 3315 3690 πολὺ
3358 3639 3422 3690 τὸ
3452 3639 3769 3709 παράλογον
3799 3639 3883 3691 ἐνὶ
3914 3640 4024 3708 μὲν

2429 3728 2689 3792 ἐοικέναι,
2722 3729 2833 3782 τῶν
2856 3727 2917 3782 δὲ
2948 3729 3157 3782 λοιπῶν
3182 3730 3404 3783 πάντων
3435 3730 3834 3798 ἀπεμφαὲνειν,
3863 3731 3925 3784 οἰ
3953 3749 4023 3799 γε

2426 3821 2529 3891 τῆς
2544 3817 2711 3873 αὐτοῦ
2730 3817 2820 3873 διὰ
2842 3820 3062 3873 πάντων
3087 3820 3410 3889 ἐμσρερειας,
3431 3819 3513 3881 εις
3535 3819 3627 3871 τὸν
3641 3820 3743 3888 τῆς
3767 3820 4022 3891 ἰατρείας

2428 3913 2637 3966 ἐδέοντο
2707 3912 2887 3979 λόγον.
2943 3913 3117 3964 Πόθεν
3164 3911 3222 3965 δὲ
3250 3950 3266 3974 ,
3323 3906 3371 3965 ῶ
3441 3913 3725 3980 βέλτιστε,
3771 3913 3855 3967 ὅτι
3907 3932 4021 3984 περ

2427 4004 2711 4073 ἄφθαρτον
2755 4002 2818 4056 τὸ
2841 4005 2938 4056 τοῦ
2977 4003 3413 4072 πρωτοπλάστου
3463 4004 3628 4073 σῶμα
3671 4003 4017 4073 ἑτύτχανενς

2426 4094 2490 4158 ού
2523 4094 2637 4165 γὰρ
2681 4098 2741 4146 ἐν
2780 4096 2846 4162 τῇ
2890 4096 3207 4163 κατασκευῇ
3240 4089 3389 4162 εἶχεν
3419 4094 3481 4145 τὸ
3530 4093 3829 4148 ἀθάνατον·
3879 4096 4020 4164 μήτι

2390 4221 2403 4224 ο
2425 4202 2490 4254 γε
2531 4185 2598 4256 δὴ
2646 4186 2709 4237 τὸ
2750 4185 3065 4255 ἄφθαρτον,
3094 4187 3218 4237 ἐπεὶ
3245 4184 3346 4238 οὐκ
3388 4184 3479 4249 ἄν,
3510 4181 3691 4254 οἶμαι,
3720 4185 3818 4239 τοῦ
3847 4185 4017 4253 ξύλου

2423 4277 2524 4347 τῆς
2571 4276 2717 4347 ζωῆς
2766 4276 2918 4345 αύτῷ
2958 4275 3367 4347 προσεδέησεν,
3418 4271 3484 4329 οὗ
3514 4275 3615 4345 τῆς
3650 4277 4018 4346 μεταλήψεως

2424 4365 2591 4419 αὑτὸν
2622 4365 2938 4437 παράϐασις
2965 4365 3385 4433 ἀπεστέρησεν,
3440 4365 3630 4426 καθὼς
3674 4367 3728 4420 οἱ
3759 4369 4018 4436 Πατὲρες

2425 4457 2628 4526 φασὶν,
2678 4457 2756 4520 ὡς
2786 4459 2855 4527 τῇ
2886 4456 2996 4509 τῶν
3026 4457 3279 4520 ζωτικῶν
3303 4450 3535 4528 καρπῶν
3563 4459 3870 4528 μεταλήψει
3898 4462 4025 4525 ἀπο,

742 4559 868 4605 ctus
879 4564 989 4618 quo
1003 4564 1131 4602 eum
1152 4546 1390 4616 privavit
1407 4557 1716 4616 peceatum,
1731 4529 2080 4602 sicuiPatres
2097 4546 2319 4601 dicunt:

2426 4548 3026 4631 αθανατισθησόμενος·
3059 4549 3187 4616 περὶ
3209 4550 3307 4617 μὲν
3328 4546 3424 4602 οὖν
3448 4550 3577 4616 τῶν,
3605 4552 3669 4604 ού
3694 4551 3789 4604 τοῦ
3812 4554 4015 4620 παρόν-

742 4641 839 4697 sed
864 4640 935 4695 de
987 4639 1077 4693 his
1104 4654 1215 4693 non
1236 4633 1339 4692 'est
1362 4653 1512 4697 nunc
1539 4637 1857 4707 disputandi
1908 4646 2144 4707 tempus,
2186 4654 2325 4707 quo-

744 4733 888 4786 niam
908 4745 1090 4800 neque
1106 4728 1305 4799 dogma
1325 4729 1527 4796 esthoc
1541 4729 1610 4783 de
1628 4728 1989 4795 Λύσω.ουοὰ
2007 4730 2155 4783 enim
2175 4744 2325 4783 nunc

744 4826 800 4879 in
832 4824 1137 4894 quastione
1160 4822 1426 4893 positum,
1448 4820 1581 4875 illud
1602 4830 1708 4885 est,
1737 4821 1885 4890 quod
1910 4823 2074 4876 talem
2099 4836 2324 4876 carnem

744 4916 1014 4969 Dominus
1042 4914 1150 4968 sibi
1180 4915 1358 4969 univit
1379 4914 1686 4969 secundum
1718 4914 2081 4985 hypostasim,
2104 4913 2355 4984 qualem,

744 5006 1125 5062 babuitAdam
1150 5014 1275 5075 post
1292 5015 1576 5076 peccatum
1598 5005 1913 5069 damnatus,
1929 5013 1986 5060 et
2004 5020 2107 5058 nos
2131 5017 2325 5057 omnes

741 5114 810 5153 ex
835 5099 1028 5153 eadem
1053 5113 1254 5152 massa.
1279 5097 1399 5152 Non
1426 5098 1575 5151 enim
1597 5097 1750 5152 venit
1774 5097 2041 5151 Dominus
2064 5106 2125 5150 ut
2147 5094 2325 5149 salva—

745 5198 831 5244 ret
853 5205 883 5244 a
903 5196 1131 5259 peccato
1152 5204 1410 5274 vacuum.
1434 5197 1494 5242 ut
1513 5190 1635 5259 ejus
1649 5188 1848 5243 similis
1871 5187 2047 5250 fieret,
2073 5186 2169 5242 sed
2197 5202 2326 5255 pec-

744 5290 869 5337 cato
904 5282 1181 5337 irretitum
1219 5289 1277 5336 et
1323 5282 1433 5351 jam
1461 5282 1695 5351 lapsum,
1742 5290 1806 5336 ut
1851 5296 1978 5335 eum
2029 5280 2326 5334 miseratus

743 5374 1175 5428 eonsuseitaret.
1212 5373 1427 5443 Alioqui
1460 5374 1738 5442 quomodo
1760 5374 2006 5428 debitum
2044 5387 2145 5443 pro
2165 5371 2325 5425 nobis

742 5464 1028 5520 solvisset?
1063 5472 1160 5518 aut
1192 5464 1410 5518 ruinam
1452 5464 1813 5520 resarcissel?
1849 5476 1946 5518 aut
1982 5479 2175 5517 norma
2210 5462 2323 5515 vir-

698 5624 705 5627 λ
742 5556 881 5608 tutis
915 5553 1095 5610 factus
1122 5556 1309 5609 esset?
1339 5564 1397 5609 et
1428 5556 1690 5611 omnibus
1733 5555 1955 5625 optimae
1996 5554 2124 5610 vita:
2163 5570 2326 5623 regu-

741 5642 850 5699 lam
883 5644 939 5696 in
974 5658 1034 5696 se
1062 5643 1234 5697 vitam
1264 5643 1727 5714 perfectissimam
1762 5644 2185 5716 proposuisset?

816 5757 881 5811 H.
920 5756 986 5811 Et
1030 5757 1334 5830 quomodo,
1378 5759 1558 5830 inquit
1586 5761 1700 5825 ille,
1734 5760 1938 5830 poterit
1992 5757 2197 5829 aliquis
2245 5757 2323 5810 vi-

743 5886 850 5929 tam
880 5869 1095 5925 Domini
1129 5869 1395 5945 imitari?

2428 4656 2517 4701 τος
2545 4640 2664 4691 ἐστὶ
2705 4637 2927 4706 καιροῦ,
2962 4638 3047 4690 ὅτι
3080 4638 3216 4708 μηδέ
3242 4639 3423 4708 δόγμα
3454 4641 3516 4693 τὸ
3543 4642 3683 4694 κατά
3712 4641 3809 4694 τὸν
3839 4642 4017 4713 Ἀδὰμ

2423 4730 2705 4799 τυγχάνει.
2737 4729 2810 4782 Τὸ
2834 4730 2947 4798 γὰρ
2974 4729 3072 4784 νῦν
3097 4732 3157 4795 ἐν
3183 4729 3414 4801 ζητήσει
3443 4732 3814 4803 προκείμενόν
3835 4736 4010 4791 ἐστιν.

2423 4821 2508 4874 ὅτι
2554 4823 2743 4893 σάρκα
2785 4821 3053 4891 τοιαύτην
3101 4822 3131 4872 ό
3171 4821 3379 4891 Κύριος
3410 4823 3625 4893 ἧνωσεν
3646 4824 3842 4894 ἑαυτῷ
3884 4827 4014 4878 καθ’

2427 4913 2726 4975 ὑπόστασιν
2746 4952 2762 4978 ,
2798 4914 2995 4966 ὁποίαν
3020 4912 3161 4984 ἔχων
3187 4913 3362 4983 ἐφάνη
3396 4917 3535 4985 μετά
3560 4915 3662 4986 τὴν
3686 4919 4014 4986 παράϐασιν

2425 5008 2454 5059 ό
2505 5008 2872 5076 κατάκριτος,
2929 5009 3095 5078 ἡμεῖς
3135 5023 3199 5060 τε
3247 5006 3454 5070 πάντες
3500 5008 3553 5059 οἱ
3598 5011 3664 5061 ἐκ
3697 5008 3799 5060 τοῦ
3836 5008 4011 5062 αὑτοῦ

2427 5100 2773 5170 φυράματος.
2827 5100 2905 5153 θύ
2936 5100 3049 5169 γὰρ
3076 5101 3171 5153 τὸν
3200 5098 3590 5169 ἀναμάρτητον
3633 5099 3813 5170 ’Δδάμ
3841 5097 4013 5171 ἦλθεν

2399 5184 2625 5257 ’σῶσαῃ
2663 5190 2752 5245 ἵνα
2783 5190 3028 5262 όμοιωθῇ
3059 5192 3284 5262 ἐκεινῳ,
3336 5190 3479 5246 ἀλλά
3517 5190 3610 5243 τὸν
3637 5193 4013 5263 ἡμαρτηκότα

2425 5284 2522 5336 καὶ
2549 5286 2904 5343 πεπτωκότα,
2939 5283 3028 5336 ενα
3051 5283 3118 5354 δὴ
3150 5282 3557 5353 συμπεπονθὼς
3581 5284 3735 5354 αὐτῷ
3761 5288 3864 5338 καὶ
3882 5303 4014 5339 συν-

2424 5376 2729 5448 αναστήσῃζ
2765 5376 2891 5439 Πῶς
2920 5375 2977 5429 δὲ
3006 5376 3103 5429 καὶ
3129 5376 3192 5430 ea
3216 5376 3360 5446 ὺπέρ
3386 5377 3548 5447 ἡμῶν
3576 5376 3788 5441 ἐξέτισε
3818 5382 4008 5447 χρέος.

2423 5461 2458 5531 ἢ
2490 5464 2589 5529 τὴν
2613 5456 2787 5533 ἧτταν
2810 5462 3204 5526 ἀνεκαλέσατο,
3228 5463 3262 5534 ἢ
3291 5465 3657 5535 ὑπογραμμδς
3683 5467 3898 5535 ἀρετῆς
3920 5471 4013 5537 γέ-

2424 5569 2550 5619 γονε
2577 5591 2592 5616 ,
2651 5556 2748 5606 καὶ
2796 5557 2912 5617 τοῖς
2958 5557 3095 5609 πᾶσι
3143 5556 3245 5625 τῆς
3288 5557 3518 5625 ἀρίστης
3558 5558 3848 5623 πολιτείας
3886 5563 4012 5627 ὅρον

2425 5644 2483 5697 ἐν
2508 5644 2690 5715 ἐαυτῷ
2719 5645 2812 5698 τὸν
2837 5646 3175 5700 τελεώτατον
3204 5647 3490 5719 προύθηκε
3520 5647 3666 5719 βίονς

2500 5778 2562 5829 Α.
2622 5778 2733 5832 Καὶ
2783 5779 2899 5843 πῶς
2930 5780 2995 5834 ἄν
3029 5798 3137 5845 τις,
3171 5783 3381 5844 ἐκεῖνος
3408 5780 3545 5850 ἔφη,
3578 5780 3883 5853 δυνὴσηται
3913 5786 4009 5853 τὴν

2425 5870 2518 5923 τοῦ
2549 5872 2754 5941 Κυρίου
2785 5872 3074 5943 μιμεῖσθαι
3102 5873 3269 5945 (τδθινῖ
