4218 6444
263 451 398 516 1349

1316 451 1606 514 CONTRA
1652 451 1962 512 NESTOli.
2006 454 2096 513 ET
2136 454 2455 513 EUTYCII.

3362 453 3495 514 1350

331 572 390 613 U.
429 561 494 612 Ἦ
527 558 966 628 ἀπαράλλακτος,
998 555 1173 623 εἷπον,
1201 563 1296 628 τῆς
1354 566 1552 628 σαρκὸς
1575 559 1668 612 τοῦ
1721 561 1828 611 Κν-
1860 571 1897 622 Α
1996 581 1997 592 π

1860 571 1897 622 Α
1996 564 2058 616 0.
2091 562 2432 622 Similitudo,
2465 563 2707 629 inquam.
2736 561 2919 613 carnis
2960 559 3174 614 Domini
3211 575 3337 614 cum
3392 576 3494 613 no-

263 655 382 722 ρίου
416 653 549 720 πρὸς
569 649 667 717 τὴν
695 648 973 717 ἡμετέραν
999 648 1278 716 ὁμοίωσιῖ,
1302 648 1533 718 δυνατὴν
1567 651 1827 717 πεποίηκε

262 740 361 807 τὴν
415 738 549 804 πρὸς
593 737 756 788 αὑτὸν
800 737 1138 804 ἀφομοίωςιν
1165 777 1178 799 ,
1237 737 1300 787 ἵν’
1343 738 1437 807 ἐξῇ
1495 738 1691 806 Παύλῳ
1739 738 1829 788 καὶ

261 834 377 892 τοῖς
434 827 558 881 κατ’
599 827 762 879 αὑτὸν
811 829 1032 894 λέγειν’
1099 831 1356 896 Mummi
1399 847 1519 896 μου
1568 831 1828 896 γίνεσθε,

261 921 458 984 καθὼς
489 919 650 986 κήγὼ
678 919 937 985 Χριστοῦ
960 935 973 948 ·
1026 920 1174 989 αὐτῷ
1200 936 1255 970 τε
1289 919 1366 988 τῷ
1390 921 1575 989 Κυρίῳ
1596 962 1608 975 .
1666 943 1681 969 ι
1709 920 1832 973 Μεί-

265 1013 396 1062 θετε
428 1011 528 1061 ἀπ’
555 1009 725 1077 ἐμοῦ,
782 1009 869 1062 ὅτι
915 1009 1106 1074 πρᾶός
1143 1014 1258 1077 sua
1306 1013 1399 1062 xui
1444 1013 1722 1076 ταπεινὸς
1763 1013 1833 1077 τῇ

265 1099 498 1164 καρδίᾳ.
533 1100 607 1150 οὐ
643 1099 751 1167 μὴν
778 1099 898 1151 οὐδὲ
927 1102 955 1152 ὁ
985 1099 1238 1162 θάνατος,
1268 1100 1355 1152 διὰ
1386 1104 1482 1169 τῆς
1509 1103 1603 1153 τοῦ
1631 1103 1833 1170 Κυρίο·›

262 1207 318 1240 νε
331 1190 586 1257 κρώσεως
618 1189 924 1256 τεθνηκὼς,
943 1191 1052 1242 τῶν
1082 1191 1209 1260 ἑξῆς
1236 1193 1540 1261 ἀνθρώπων
1565 1194 1836 1262 ἀπέσχετο

262 1279 330 1329 ἂν
363 1277 581 1330 πώποτε
603 1319 617 1340 ,
659 1280 731 1346 μὴ
764 1280 851 1330 διά
885 1283 1101 1332 πάντων
1135 1282 1334 1350 ὁμοίως
1363 1283 1440 1352 τῷ
1466 1283 1633 1336 πάλαι
1666 1301 1834 1336 κατα-

267 1371 488 1422 πεσόντι
523 1371 850 1439 προσὸαλὼν
876 1413 889 1433 ,
945 1365 1007 1423 οἶδ
1057 1373 1244 1441 ἐπειδὴ
1278 1375 1613 1443 γευσάμενος
1646 1377 1835 1444 ἔτυλε,

261 1461 516 1514 τοσοῦτον
565 1463 881 1531 ᾑμωδίασαν
921 1464 1072 1532 αὐτῷ
1095 1466 1145 1516 οἱ
1185 1466 1416 1528 ὀδόντες,
1463 1468 1605 1519 κατὰ
1630 1469 1720 1519 τὸν
1748 1470 1835 1519 λου
1867 1484 1875 1492 ·

264 1570 383 1616 ξιον,
417 1552 557 1604 ὥστε
592 1553 792 1622 μηκέτι
822 1555 920 1622 μὲν
945 1555 1190 1624 ἅψασθαι
1220 1557 1425 1626 τολμᾷν
1449 1560 1559 1609 τῶν
1582 1559 1837 1610 ἐοικότων

265 1645 448 1711 αύτῷ,
506 1643 910 1713 προσεξεμὲσαι
939 1645 995 1696 δὲ
1037 1647 1130 1697 καὶ
1163 1645 1252 1709 οὓς
1284 1647 1475 1717 πρώην
1504 1647 1836 1699 καταπεπώ-

269 1752 374 1786 κει.
421 1736 482 1786 Ἠ
515 1738 622 1804 γὰρ
657 1737 910 1804 ἐνέργεια
946 1736 1154 1803 σαφῶς,
1187 1733 1364 1806 οἶμαι,
1417 1736 1512 1790 τοῦ
1545 1740 1836 1808 φαρμάκον

263 1825 369 1897 τὴν
390 1825 558 1894 φύσιν
589 1827 958 1878 ἐνδείκνυταιο
991 1826 1052 1877 τὸ
1077 1829 1184 1898 γὰρ
1214 1828 1454 1896 ὁμοφυὲς
1485 1830 1626 1880 Ξςπαν
1653 1827 1838 1898 ἐξεμέ-

1933 661 2042 704 stra
2074 653 2190 704 sine
2227 652 2550 712 variatione,
2587 649 2720 703 fecit
2777 660 2836 702 ut
2869 657 3054 718 posset
3095 650 3492 708 assimilariei;

1934 753 1993 797 ut
2016 744 2174 796 liceat
2205 745 2390 802 Paulo,
2415 754 2470 798 et
2505 743 2629 796 aliis
2661 742 2913 810 exemplo
2933 743 3075 810 ejus,
3107 740 3287 794 dicere
3314 761 3326 793 :
3364 742 3496 795 luti--

1934 843 2128 886 tutores
2168 836 2263 884 mei
2294 843 2474 892 estote,
2526 836 2658 885 sicut
2713 842 2760 885 et
2795 848 2888 902 ego
2919 831 3113 885 Christi
3145 832 3228 896 ";
3296 843 3352 884 et
3393 833 3495 899 ipsi

1935 924 2167 978 Domino
2202 941 2212 974 :
2249 923 2440 975 Discite
2463 941 2492 976 α
2530 942 2628 984 me,
2662 925 2785 993 quia
2854 925 2994 976 mitis
3041 938 3158 974 sum
3202 931 3250 973 et
3287 923 3498 975 humilis

1935 1015 2085 1064 corde
2125 1013 2188 1068 ³³.
2255 1013 2368 1065 Ιιιιο
2423 1028 2600 1079 neque
2646 1029 2792 1066 mors
2849 1028 2947 1082 per
3006 1020 3236 1064 mortem
3293 1009 3498 1063 Christi

1936 1116 2152 1158 mortua
2181 1121 2207 1157 a
2239 1103 2467 1172 reliquis
2521 1100 2783 1172 dei'nceps
2823 1105 3144 1158 hominibus
3169 1120 3226 1158 sc
3260 1118 3498 1170 unquam

1936 1195 2254 1256 abstineret,
2291 1195 2394 1248 nisi
2424 1210 2522 1263 per
2554 1195 2734 1246 omnia
2760 1194 3014 1247 similiter
3048 1197 3339 1249 invasisset
3368 1210 3496 1247 eum

1935 1289 2028 1355 qui
2052 1297 2178 1340 ante
2211 1287 2498 1350 occubuit;
2525 1301 2687 1355 quem
2723 1295 3011 1354 postquam
3045 1287 3298 1353 gustavit.
3331 1301 3498 1353 usque

1937 1376 2074 1428 adeo
2113 1376 2308 1428 dentes
2329 1377 2448 1444 ejus
2464 1375 2888 1442 obstupuerunt,
2911 1385 2968 1427 ut
3000 1375 3294 1441 Scripturze
3317 1374 3502 1424 verbis

1940 1474 2085 1525 utar,
2114 1475 2174 1517 ut
2209 1480 2318 1517 non
2342 1466 2581 1532 amplius
2605 1465 2802 1516 audeat
2821 1480 2917 1517 eos
2947 1464 3241 1532 attingere,
3267 1465 3357 1530 qui
3381 1465 3503 1528 ejus

1937 1555 2144 1610 similes
2183 1565 2331 1618 sunt,
2363 1563 2418 1608 et
2467 1565 2528 1608 ut
2556 1563 2774 1608 evomat
2805 1571 2901 1608 eos
2933 1571 3072 1622 quos
3118 1556 3275 1624 prius
3304 1556 3498 1608 absor-

1939 1656 2140 1715 pserat.
2173 1646 2432 1714 Operatio
2461 1646 2634 1709 enim,
2677 1646 2895 1712 opinor,
2934 1645 3079 1697 clare
3106 1655 3354 1697 naturam
3386 1660 3500 1696 me-

1939 1737 2230 1789 dicamenli
2265 1736 2641 1798 demonstrat;
2684 1735 2956 1804 siquidem
3000 1751 3161 1789 omne
3210 1735 3355 1804 quod
3386 1745 3504 1789 erat.

1937 1829 2182 1897 ejusdem
2214 1840 2442 1907 natiirze,
2467 1828 2646 1896 coegit
2679 1842 2932 1881 evomere
2967 1844 3090 1881 eum
3119 1829 3212 1897 qui
3262 1842 3504 1881 momor-

267 1935 362 1968 σαι
415 1917 506 1969 τὸν
553 1915 873 1983 λαοςύξαντα
923 1918 1363 1987 κατηνάγκασεν.
1426 1920 1548 1982 Πῶς
1578 1921 1623 1972 δ’
1650 1921 1716 1972 ἂν
1745 1921 1909 1993 xui.”

1850 1933 1909 1993 ,Β
1939 1923 2108 1973 derat.
2137 1920 2342 1974 Deinde
2393 1921 2671 1988 quomodo
2722 1921 2806 1999 lex
2865 1920 3157 1975 conﬂictus
3205 1922 3258 1974 in
3290 1921 3504 1989 experi-

263 2009 292 2056 ο
329 2007 428 2074 τῆς
462 2005 780 2075 συμπλοκῆς
818 2008 979 2075 νόμος
1001 2045 1017 2069 ,
1074 2011 1132 2060 ἑν
1166 2012 1232 2078 τῇ
1273 2010 1646 2082 προσαχθείσῃ
1671 2013 1835 2082 πείρᾳ

267 2099 639 2162 πεφύλακται,
674 2100 749 2167 μὴ
776 2098 854 2168 τῷ
881 2101 1194 2152 πεπτωκότι
1218 2101 1318 2170 τὴν
1341 2104 1480 2154 κατά
1501 2103 1661 2169 φύσιν
1687 2104 1839 2172 ἐχού-

267 2207 372 2258 σης
410 2191 710 2257 ἐμφέρειαν
756 2189 858 2258 τῆς
905 2191 1305 2262 πειραζομένης
1339 2194 1586 2261 φύσεωςς
1639 2195 1699 2246 οὐ
1732 2196 1839 2264 γὰρ

261 2283 452 2351 νικᾷν,
488 2281 604 2333 ἀλλ’
634 2283 968 2350 ἐπηρεάζειν
997 2285 1178 2348 ἐστὶν,
1215 2285 1275 2337 τὸ
1308 2287 1462 2354 παρά
1489 2289 1610 2349 τοὺς
1641 2289 1837 2356 νόμους

263 2375 369 2442 τῆς
396 2374 638 2439 ἀγωνίας
658 2374 1089 2443 συμπλέκεσθαι·
1111 2378 1272 2446 νόμος
1302 2379 1357 2430 δὲ
1383 2381 1640 2444 ἀγωνίας,
1661 2383 1722 2433 τὸ
1751 2382 1836 2434 διὰ

265 2464 366 2517 τοῦ
406 2466 572 2518 παλαι
614 2467 1149 2530 καταπεπτωκότος.
1183 2472 1582 2523 καταπαλαίειν
1615 2474 1708 2524 τὸν
1736 2474 1836 2543 ἤδη

263 2557 598 2626 νενικηκότα
617 2599 632 2621 ,
692 2558 785 2609 καὶ
818 2559 990 2628 ταύτῃ
1019 2575 1082 2627 γε
1109 2561 1174 2630 δὴ
1203 2563 1302 2630 τὴν
1331 2561 1641 2632 ἔμπροσθεν
1669 2560 1840 2632 ἧτταν

265 2651 684 2704 ἀνακαλεῖσθαι.
752 2651 876 2713 Πῶς
925 2652 970 2704 δ’
999 2652 1064 2704 ἂν
1116 2656 1211 2705 καὶ
1241 2653 1401 2722 ἡμεῖς
1439 2657 1531 2706 τὸν
1561 2656 1715 2726 παρά
1744 2658 1841 2725 τὴν

267 2742 365 2792 τοῦ
417 2743 652 2810 ὀργάνου
705 2742 1002 2810 διαφορὰν,
1061 2744 1122 2795 τὸ
1171 2745 1270 2812 τῆς
1310 2746 1510 2814 ἀρετῆς
1561 2746 1838 2815 ἐξαίρετον

271 2833 467 2902 ἔχοντα
495 2834 902 2904 μιμησαίμεθα,
932 2837 990 2887 ἐν
1015 2837 1242 2906 παθητῷ
1267 2839 1360 2890 καὶ
1384 2837 1606 2909 φθαρτῷ
1627 2839 1838 2905 σώματι

269 2924 374 2992 τὴν
410 2926 548 2994 πρὸς
577 2926 639 2977 τὸ
665 2926 948 2995 ἄφθαρτον
977 2928 1240 2996 ὁμοίωσιν
1267 2930 1689 3000 ἀπαιτούμενοις
1726 2933 1841 2983 [lx-

270 3017 744 3086 ραπλήσιον’γὰρ
797 3018 858 3069 τὸ
907 3017 1123 3070 τοιοῦτο
1168 3016 1308 3072 εἶναι
1353 3022 1535 3085 δοκεῖ,
1586 3023 1841 3093 καθάπερ

271 3104 329 3154 εἴ
375 3121 460 3165 τις
508 3106 566 3156 ὲν
605 3108 940 3167 τεκτονικοῖς
983 3108 1201 3158 σκεύεσι
1229 3110 1326 3179 τὴν
1355 3107 1716 3182 χαλκευτίκὴν
1746 3119 1838 3166 ἐικ-

272 3193 520 3262 πληροῦν
555 3195 754 3263 τέχνην
781 3194 1121 3266 νομοθετοίη.
1183 3199 1294 3252 Καὶ
1323 3200 1432 3271 γὰρ
1476 3205 1523 3254 εἰ
1565 3203 1723 3255 τοῦτο
1748 3200 1838 3274 ἦν,

1843 3007 1884 3022 ν

1938 2024 2122 2066 mento
2150 2012 2403 2067 adhibito
2436 2025 2651 2067 servata
2691 2026 2859 2076 esset,
2913 2016 2958 2067 si
2999 2023 3195 2066 natura
3225 2029 3346 2082 qua:
3381 2024 3501 2067 ten-

1939 2113 2105 2165 tatur,
2138 2119 2245 2156 non
2291 2105 2519 2158 haberet
2569 2106 2985 2158 similitudinem
3030 2105 3334 2158 naturalem
3375 2120 3499 2158 cum

1937 2210 2004 2248 eo
2025 2195 2119 2262 qui
2167 2195 2466 2248 occubuit?
2502 2185 2619 2248 Non
2651 2197 2799 2248 enim
2853 2205 2938 2248 est
2972 2195 3214 2256 vincere,
3265 2195 3360 2246 sed
3395 2195 3503 2246 vim

1940 2287 2156 2347 all'erre,
2193 2287 2450 2355 congredi
2495 2295 2691 2356 przeter
2715 2285 2862 2353 leges
2897 2285 3243 2339 certaminis:
3296 2285 3379 2337 lex
3411 2300 3506 2334 ve-

1941 2394 2001 2431 ro
2044 2380 2361 2432 certaminis
2417 2385 2500 2430 est
2558 2391 2655 2445 per
2706 2390 2833 2428 eum
2894 2375 2986 2443 qui
3029 2384 3185 2428 antea
3221 2373 3503 2431 occubuit.

1941 2484 2200 2540 superare
2243 2487 2367 2524 cum
2411 2471 2505 2538 qui
2534 2471 2644 2538 jam
2693 2470 2924 2526 vicerat,
2969 2477 3025 2520 et
3049 2468 3153 2519 liac
3187 2466 3400 2519 ratione
3449 2475 3506 2518 ct

1941 2563 2028 2616 via
2058 2563 2399 2630 superiorem
2421 2561 2679 2615 amissam
2716 2559 3005 2614 victoriam
3039 2557 3326 2612 resarcire.
3361 2557 3506 2622 Quu-

1943 2652 2105 2705 modo
2127 2667 2226 2705 nos
2250 2652 2418 2705 etiam
2442 2643 2594 2704 eum-
2611 2650 2704 2719 qui
2757 2659 2980 2718 propter
3015 2647 3381 2702 differentiam
3426 2647 3506 2699 iii-

1941 2744 2233 2798 strumenti
2262 2745 2465 2796 virtute
2491 2752 2791 2811 praestaret.
2836 2742 3199 2801 imitaremur,
3244 2757 3272 2792 a
3303 2739 3507 2807 quibus

1942 2833 2346 2901 requireretur,
2382 2842 2440 2884 ut
2465 2833 2517 2884 in
2542 2830 2786 2900 passibili
2809 2840 2864 2884 et
2890 2828 3238 2898 corruptibili
3273 2842 3509 2898 curporc

1942 2926 2150 2980 similes
2197 2942 2299 2979 nos
2336 2925 2746 2994 incorruptibili
2793 2925 3186 2978 redderemus?
3231 2927 3333 2980 hoc
3360 2926 3507 2980 enim

1945 3017 2121 3071 simile
2151 3018 2284 3070 mihi
2315 3018 2553 3080 videtur,
2581 3025 2639 3070 ut
2672 3016 2717 3070 si
2748 3017 2876 3086 quis
2900 3018 3016 3086 lege
3051 3017 3273 3084 iuberet
3303 3016 3510 3069 instru-

1945 3108 2148 3162 mentis
2174 3108 2463 3162 fabrilibus
2493 3117 2664 3161 artem
2709 3107 2847 3160 fabri
2885 3107 3065 3159 :erarii
3102 3120 3382 3159 exercere.
3414 3105 3508 3158 Et-

1945 3200 2093 3252 enim
2141 3199 2188 3252 si
2229 3199 2302 3251 ita
2365 3209 2530 3259 esset.
2557 3198 2744 3253 etiam
2793 3197 3054 3250 aberrare
3098 3197 3166 3249 ab
3201 3197 3509 3249 imitatione

273 3284 372 3336 καὶ
421 3283 484 3333 τὸ
532 3283 630 3350 τῆς
679 3282 1046 3354 θεομιμησίας
1093 3288 1454 3356 διαμαρτεῖν,
1511 3273 1843 3362 ἀνέγκλητον
1873 3273 1915 3333 C

1838 3314 1843 3336 ν
1873 3273 1915 3333 C
1947 3290 2066 3353 Dei,
2094 3290 2326 3344 crimine
2378 3304 2606 3358 prorsus
2652 3295 2888 3342 vacaret.
2915 3286 3032 3339 Non
3060 3287 3207 3340 enim
3236 3301 3406 3355 prope
3427 3295 3504 3338 est

273 3378 456 3449 πάντη
504 3378 822 3446 ἐτύγχανεν.
885 3381 958 3433 Ov)
1005 3382 1112 3450 γὰρ
1159 3384 1326 3449 ἐγγὺς
1371 3386 1432 3437 τὸ
1471 3388 1843 3456 παράδειγμα,

274 3471 374 3537 καὶ
421 3473 533 3532 τοῖς
578 3469 782 3538 ταύτην
812 3471 1272 3541 ἐκμιμουμένοις,
1314 3474 1376 3526 τὸ
1411 3475 1499 3527 τὸν
1525 3477 1846 3532 διδάσκαλον

277 3561 643 3633 ὑπερϐάλλειν
680 3560 1058 3630 περιεγένετο,
1107 3563 1165 3614 ὲν
1195 3563 1560 3636 ἀσθενεστέρα
1587 3571 1653 3638 τῇ
1686 3570 1845 3637 φύσει

274 3651 768 3720 πεπολιτευμένοις
792 3652 884 3703 καὶ
900 3652 1271 3722 διηθληκόσιν.
1291 3657 1396 3709 Ἐὦ
1420 3661 1528 3729 γὰρ
1554 3660 1734 3729 λέγειν
1764 3665 1845 3716 ὅτι

280 3742 418 3809 μηδὲ
479 3741 795 3810 πρακτικῆς
850 3744 944 3796 καὶ
993 3744 1340 3816 ἀνθρωπίνης
1388 3752 1592 3819 ἀρετῆς
1646 3754 1845 3820 νόμους

276 3836 431 3884 ἐστιν
465 3835 648 3903 εὑρεῖν
683 3835 741 3885 ὲν
770 3835 1039 3906 ἀφθάρτῳ
1073 3839 1320 3906 σώματι,
1373 3834 1416 3906 ᾧ
1442 3858 1504 3907 γε
1535 3842 1624 3894 διὰ
1651 3844 1710 3896 τὸ
1735 3846 1848 3896 ἄνω

278 3923 499 3975 κεῖσθαι
550 3923 660 3976 τῶν
706 3923 1070 3995 ἀνθρωπίνων
1114 3919 1334 3992 παθῶν,
1393 3933 1512 3984 οὐδὲ
1565 3936 1722 3987 πεῖνα
1763 3936 1846 3988 ὄτι

282 4015 421 4083 μηδὲ
455 4015 750 4082 ἐγκράτεια
771 4057 786 4080 ,
835 4017 957 4069 οὐδὲ
1002 4017 1164 4081 πόνος
1199 4020 1281 4072 ὅτι
1313 4023 1390 4093 μὴ
1422 4023 1691 4094 ὑπομονὴ,
1724 4027 1846 4078 οὐδὲ

279 4106 467 4175 ὕϐρις,
503 4108 587 4158 ὅτι
637 4107 771 4176 μηδὲ
817 4109 1173 4174 ταπείνωσις,
1223 4113 1344 4165 οὐδέ
1375 4131 1428 4166 τι
1457 4116 1566 4167 τῶν
1590 4118 1848 4170 τοιούτων

280 4198 606 4266 πρόσεστιν,
645 4199 731 4250 ἵνα
768 4198 844 4268 μὴ
876 4199 943 4251 τὰ
975 4201 1099 4254 καθ’
1123 4203 1327 4256 ἕκαστα
1358 4204 1645 4270 διεξιόντες
1672 4209 1848 4260 ἐνδια-

277 4287 586 4357 τρίῦοιμεν.
625 4289 701 4340 Οὐ
732 4291 879 4358 μέγα
903 4290 960 4342 δὲ
985 4293 1181 4356 εἰπεῖν,
1218 4295 1300 4347 ὅτι
1335 4297 1469 4366 μηδὲ
1499 4299 1701 4368 ἀρετῆς
1732 4299 1850 4351 ἐπί-

278 4378 449 4442 δειξιν
477 4379 623 4431 ἐστιν
654 4380 746 4432 ἐπὶ
771 4380 872 4448 τῆς
900 4382 1175 4454 ἀφθάρτου
1207 4387 1298 4438 καὶ
1326 4388 1605 4451 ἀνενδεοῦς
1633 4390 1848 4457 φύσεως

279 4467 511 4522 ἐπιδεῖν.
547 4467 778 4520 Ἀλύπον
809 4470 918 4538 γὰρ
950 4470 1165 4535 φύσεως
1197 4471 1345 4538 ἁγὼν
1375 4476 1473 4525 οὐκ
1502 4470 1682 4526 ἔστιν·
1717 4476 1764 4526 εἰ
1790 4476 1847 4528 δὲ

283 4558 396 4649 μη.
447 4557 568 4649 ούδὲ
602 4558 735 4649 ᾲνίκη
761 4575 775 4588 ’
835 4562 883 4611 εί
910 4559 964 4611 δὲ
999 4560 1074 4629 μὴ
1105 4562 1253 4630 νίκη,
1285 4562 1407 4615 οὐδὲ
1435 4563 1714 4632 στέφανοι.
1755 4566 1847 4631 Ei;
1883 4595 1922 4649 ιι)

276 4647 446 4700 τοῦτο
472 4647 535 4717 δὴ
564 4647 663 4716 τῆς
691 4649 922 4711 ἀτοπίας
955 4653 1014 4700 τὴ
1046 4650 1303 4719 μέγεθος,
1354 4652 1414 4704 τὸ
1461 4654 1674 4723 κομψὸν
1703 4657 1850 4726 ὑμᾶς

278 4739 383 4807 τῆς
410 4739 723 4808 ἀφθαρσίας
757 4741 1047 4808 ἀπήγαγεν
1074 4743 1265 4810 ονομα.

354 4940 418 4990 Δ.
458 4938 668 5007 Κομιδῇ
701 4937 864 5006 γοῦν,
900 4941 1108 5002 ἐκεῖνος
1135 4940 1238 5010 ἔφη
1258 4984 1272 5006 ,
1329 4943 1388 4995 τὸ
1411 4942 1561 5013 μέγα
1588 4944 1690 5012 τῆς
1718 4943 1848 4995 ἐνώ-

281 5044 421 5080 σεω;
474 5029 796 5096 ἐκταράττει
848 5031 1148 5098 μυστήριον
1169 5045 1183 5058 ·
1222 5033 1270 5082 εἰ
1297 5031 1374 5101 μὴ
1405 5033 1474 5084 τὰ
1501 5034 1598 5101 τῆς
1630 5033 1844 5104 ἀφθαρ-

280 5121 406 5180 σίας
433 5118 462 5168 δ
489 5119 657 5185 Λόγος
711 5117 1002 5188 ἀπ’ἀρχῆς
1048 5119 1123 5189 τῷ
1169 5122 1355 5191 οἰκείῳ
1405 5122 1704 5192 δεδώρηται
1753 5123 1849 5194 σώ-

281 5226 421 5278 ματι
447 5249 461 5268 ,
509 5207 646 5261 ἀλλά
692 5209 832 5260 κατὰ
863 5210 952 5260 τὸν
986 5212 1100 5262 ἴσον
1128 5212 1330 5280 τρόπον
1361 5213 1492 5282 ἡμῖν
1520 5215 1725 5278 αὐτοῖς,
1757 5217 1850 5267 καὶ

277 5301 432 5370 αύτῷ
466 5301 564 5371 τὴν
595 5302 673 5362 εἰς
707 5300 932 5370 ὕστερον
967 5303 1280 5371 ἀςθαρτίαν
1314 5305 1696 5373 ἐταμιεύσατο.

353 5394 417 5444 Ο.
456 5394 719 5455 Μείζονος
752 5393 796 5444 δ’
826 5395 891 5445 ἂν
922 5394 1009 5462 εἴη
1039 5395 1138 5462 τῆς
1165 5396 1454 5459 εὐλαϐείας
1484 5397 1651 5463 ἄξιον,
1673 5395 1848 5461 εἷπον,

275 5481 340 5535 τὸ
379 5483 517 5548 μετά
548 5499 669 5534 τινα
700 5483 881 5550 λέγειν
912 5485 1240 5553 γεγενῆσθαι
1273 5489 1487 5556 καιρον,
1517 5488 1608 5540 τοῦ
1639 5490 1844 5559 Κυρίου

271 5573 382 5642 τὴν
414 5571 703 5642 ἀνάληψιν,
742 5573 835 5625 καὶ
869 5573 965 5644 τὴν
996 5576 1059 5626 ἐκ
1088 5573 1278 5638 δεξιῶν
1309 5576 1516 5648 ἵδρυσιν
1539 5619 1552 5641 ι
1604 5578 1737 5630 ἀλλά
1773 5577 1865 5648 μὴ.

354 5815 399 5842 ⁸³
478 5815 494 5867 ι
526 5816 652 5868 Cor.
687 5830 762 5880 xl,
811 5816 857 5870 1.
973 5815 1018 5845 ³³
1046 5814 1235 5867 Matth.
1269 5831 1340 5878 xi,
1374 5816 1461 5869 29.

1947 3382 2280 3449 exemplum.
2297 3381 2364 3434 Et
2388 3380 2738 3434 imitantibus
2765 3378 3221 3446 versantibusque
3239 3378 3293 3430 in
3316 3385 3508 3430 natura

1947 3470 2348 3533 inﬁrmiore,et
2390 3471 2804 3526 decertantibus
2858 3469 3077 3522 abunde
3124 3470 3336 3534 luisset,
3362 3469 3508 3537 quod

1948 3564 2211 3631 magister
2236 3573 2445 3616 natura;
2473 3561 2884 3617 excellentioris
2902 3570 3039 3613 erat.
3069 3557 3274 3613 Omitto
3300 3560 3509 3620 dicere,

1947 3655 2094 3722 quod
2121 3645 2299 3723 neque
2320 3655 2467 3721 leges
2487 3654 2709 3707 virtutis
2741 3655 2794 3707 in
2848 3652 3063 3706 actione
3112 3651 3302 3719 posin
3323 3661 3380 3704 et
3406 3650 3510 3702 liu-

1947 3761 2140 3805 manze.
2167 3747 2219 3798 in
2255 3761 2483 3814 corpore
2513 3744 2912 3813 incorruptibili
2937 3743 3179 3811 reperire
3220 3742 3379 3797 licet:
3422 3741 3508 3798 cui

1946 3837 2190 3904 quidem,
2213 3838 2340 3905 quia
2378 3851 2545 3904 supra
2568 3836 2850 3904 passiones
2877 3837 3143 3887 humanas
3175 3842 3280 3893 est,
3308 3847 3408 3885 nee.
3431 3841 3511 3884 est

1949 3927 2141 3988 fames,
2201 3928 2328 3995 quia
2368 3942 2468 3980 nec
2505 3927 2904 3994 temperantia;
2954 3940 3133 3994 neque
3169 3924 3346 3986 labor,
3382 3926 3511 3992 quia

1948 4031 2127 4084 neque
2159 4017 2484 4078 tolerantia;
2535 4030 2712 4083 neque
2759 4016 3112 4076 contumelia,
3159 4015 3284 4083 quia
3335 4029 3514 4082 neque

1949 4105 2258 4170 humilitas;
2292 4121 2394 4160 nec
2424 4106 2630 4174 aliquid
2660 4105 3078 4174 hujusmodi,ne
3119 4105 3348 4174 singulis
3375 4120 3511 4157 enu-

1949 4198 2642 4251 merandisimmoremur:
2688 4213 2865 4266 neque
2887 4213 3144 4266 magnum
3199 4197 3404 4265 aliquid
3434 4198 3512 4248 di-

1949 4304 2090 4349 cam,
2121 4291 2166 4341 si
2197 4289 2408 4348 dixero.
2464 4303 2643 4357 neque
2676 4289 2936 4342 virtutem
2973 4287 3207 4356 spectari
3258 4297 3311 4340 et
3360 4289 3513 4341 cerni

1951 4377 2008 4430 in
2043 4387 2238 4431 natura
2267 4379 2500 4455 alicujus
2526 4377 2962 4446 incorruptibilis
2982 4388 3036 4432 et
3089 4378 3223 4430 nibil
3268 4377 3516 4446 indigen-

1952 4470 2045 4523 tis.
2076 4469 2292 4524 Naturze
2315 4471 2463 4523 enim
2497 4486 2527 4524 a
2565 4471 2756 4524 dolore
2799 4482 2855 4524 et
2879 4470 3101 4523 tristitia
3127 4458 3370 4522 var-antis
3405 4485 3513 4523 non

1950 4569 2035 4613 est
2059 4570 2374 4622 certamen;
2410 4559 2455 4613 si
2500 4570 2682 4611 autem
2720 4574 2834 4621 non
2873 4569 2957 4613 est
3007 4567 3303 4620 certamen,
3336 4574 3514 4626 neque

1954 4650 2220 4706 victoria:
2257 4650 2302 4702 si
2329 4665 2460 4704 vero
2489 4665 2596 4702 non
2626 4659 2710 4703 est
2765 4649 3013 4722 viqtoria.
3061 4664 3240 4716 neque
3273 4663 3513 4702 coromu.

1952 4739 2034 4793 Ad
2062 4739 2166 4792 hoc
2187 4750 2294 4792 tam
2316 4739 2636 4798 absurdum,
2672 4738 2890 4806 elegans
2949 4753 3148 4790 nomen
3177 4737 3508 4806 ἀφθαρσίας,

1956 4829 2006 4882 id
2032 4839 2118 4882 est
2138 4829 2699 4898 incorruptibilitatis,
2732 4845 2828 4880 vos
2857 4828 3060 4897 adegit.

2021 4942 2090 4995 ll.
2124 4936 2839 5010 Vehementer,inquitille,
2893 4955 3146 5009 magnum
3190 4940 3516 5010 mysterium

1952 5034 2175 5086 unionis
2206 5034 2412 5093 turbat,
2447 5034 2490 5084 si
2521 5033 2760 5086 Verbum
2815 5048 2922 5085 non
2955 5031 3108 5085 dedit
3154 5033 3372 5099 corpori
3416 5048 3517 5085 suo

1951 5140 1978 5176 a
2007 5125 2299 5192 principio,
2337 5135 2395 5178 ut
2415 5114 3014 5190 essetincorruptibile,
3043 5123 3138 5176 sed
3171 5139 3325 5192 aeque
3354 5134 3514 5191 atque

1954 5217 2114 5269 nobis
2144 5216 2275 5284 ipsis
2310 5216 2411 5284 ipsi
2451 5215 2504 5267 in
2536 5223 2815 5283 posterum
2846 5214 2949 5267 boc
2986 5214 3302 5267 reservavit.

2024 5394 2088 5450 Ο.
2126 5393 2312 5462 Majori
2349 5392 2680 5455 reverentia,
2717 5392 2940 5460 inquam
2975 5404 3097 5459 ego,
3153 5389 3380 5458 dignum
3409 5397 3516 5450 est,

1956 5489 2141 5544 dicere
2172 5489 2370 5541 factam
2406 5501 2527 5540 esse
2557 5495 2679 5554 post
2700 5482 2921 5553 aliquod
2950 5490 3165 5550 tempus
3184 5479 3519 5546 assumptio-

1955 5595 2078 5633 nem
2105 5578 2342 5641 Domini,
2365 5587 2418 5632 et
2452 5578 2518 5631 ad
2559 5577 2841 5630 dexteram
2884 5574 2937 5628 in
2963 5571 3118 5627 cmlis
3170 5583 3517 5632 consessum,
