4218 6444
241 498 378 564 13ὓ5

1189 503 1357 566 ADV-
1400 504 2109 566 INCORRUPTICOLAS
2149 505 2242 564 ΕΤ
2281 505 2597 566 ΝΕΨἾΗ.

3361 502 3495 566 1366

231 614 342 682 ἔφη
376 611 678 676 Βασίλειος,
705 613 767 682 ἐκ
794 614 1142 684 ραπίσματος
1169 613 1466 668 διευθύνων
1491 617 1581 668 τὸν
1623 619 1812 687 ἀνδρο-

1928 632 1983 670 ex
2017 633 2199 686 pugno
2249 632 2314 671 ac
2340 618 2517 685 plaga,
2554 615 2843 685 corrigens
2872 613 3226 670 homicidam.
3255 612 3361 670 Sed
3397 632 3495 681 age

236 706 419 771 φόνον.
464 705 608 757 Ἀλλ’
632 707 731 774 ἄγε
775 707 839 774 δὴ
876 707 1164 776 μετάϐηθι,
1189 710 1284 762 καὶ
1327 709 1419 761 τὸν
1451 709 1560 762 ἔσω
1612 711 1811 777 κόσμον

233 799 441 857 ἄεισον,
471 799 567 851 καὶ
592 799 683 851 τὸν
715 801 772 852 ἐν
800 802 1098 870 ἀπορρήτῳ
1122 800 1305 864 αὐτοῖς
1335 801 1432 855 καὶ
1463 805 1574 862 τοῖς
1600 804 1812 869 πολλοῖς

236 885 460 949 ἄϐατον,
487 888 578 940 τὸν
627 889 726 958 τῆς
776 890 1030 952 ἀσεϐείας
1060 890 1206 957 λέγω
1252 893 1423 960 μυχδν
1455 893 1809 946 ἐπόπτευσον.

237 974 354 1025 Οὐκ
402 971 774 1046 ἐξορχήσομαι
834 979 956 1046 μὲν,
1047 996 1238 1048 φασιν,
1275 982 1609 1051 ἀνακαλύψω
1651 983 1707 1035 δὲ
1747 983 1816 1035 τὰ

234 1065 337 1132 τῆς
383 1066 673 1136 ἀθεότητος
718 1071 939 1139 μυσαρά
973 1070 1242 1138 δόγματα.
1294 1073 1706 1144 Δυσχεραινὲτω
1759 1075 1814 1125 δὲ

237 1155 374 1221 ἡμῖν
398 1158 492 1208 ἐπὶ
517 1162 630 1220 τοῖς
666 1160 986 1230 λεγομένοις
1019 1163 1230 1232 μηδεὶς,
1263 1164 1345 1216 ὃτι
1379 1164 1453 1232 μὴ
1481 1163 1590 1216 τῶν
1629 1164 1816 1215 κακῶν

237 1246 608 1315 ἀκουσμάτων
651 1252 911 1325 ἀρχηγοῖ,
956 1255 1091 1323 μηδὲ
1144 1257 1241 1318 τὰς
1299 1257 1478 1317 αἰτίας
1505 1257 1666 1325 ἡμεῖς
1705 1257 1816 1316 τοῖς

239 1338 637 1407 ῥηθησομένοις
659 1322 974 1412 δεδώκιῖμεν
997 1322 1025 1376 '7
1048 1347 1243 1398 πολλαὶ
1275 1347 1382 1416 γάρ
1414 1322 1586 1417 βίϐλοι
1629 1349 1819 1416 φέρου-

239 1446 327 1480 σιν
382 1431 686 1484 αὑτῶνατά
743 1434 878 1487 ἄθεα
934 1439 1250 1507 μυστήρια·
1294 1441 1415 1491 ἐπεὶ
1465 1440 1660 1500 καύτὸς
1709 1437 1818 1505 ἐγὼ

239 1516 514 1587 εὐξαίμην
551 1519 614 1570 ἂν
646 1519 723 1588 τῷ
773 1521 924 1590 Θεῷ,
959 1527 1082 1592 σιγῇ
1139 1525 1232 1577 καὶ
1279 1527 1456 1596 σκότῳ
1495 1527 1563 1578 τὰ
1593 1526 1819 1578 τοιαῦτα

237 1605 691 1674 συγκαλυφθὴναι
748 1609 848 1678 τῆς
897 1611 1156 1690 ἀσεϐείας
1201 1619 1498 1684 μυστήρια.
1543 1615 1658 1666 Νῦν
1688 1615 1729 1665 δ’
1756 1615 1816 1666 οὗ

235 1693 349 1762 γὰρ
373 1695 456 1746 ῖνα
499 1697 686 1748 κακῶν
721 1699 970 1768 μαθητὰς
1006 1704 1347 1772 ποιησαίμην
1390 1705 1555 1772 ὑμᾶς,
1594 1685 1708 1755 ἀλλ’
1733 1702 1819 1754 ἵνα

232 1783 348 1835 τῶν
394 1785 583 1838 δεινῶν
628 1790 1028 1859 ἀπαλλάξαιμι,
1074 1794 1155 1854 εἰς
1203 1793 1394 1845 τούσδε
1446 1795 1572 1855 τοὺς
1630 1792 1820 1859 λόγους

234 1874 482 1942 ἐμαυτὸν
539 1876 780 1947 καθῆκα,
845 1882 1007 1944 αὑτός
1053 1898 1111 1933 τε
1177 1884 1565 1953 προτροπάδην
1625 1883 1820 1944 αὐτοὺς

1917 710 2111 772 transi,
2138 718 2193 761 et
2225 710 2547 764 interiorem
2574 715 2828 762 ornatum
2851 709 3045 774 lauda;
3074 717 3131 762 et
3159 722 3324 762 cerne
3350 708 3495 773 quod

1917 811 2129 854 secreto
2163 802 2263 870 ipsi
2295 811 2519 855 servant
2546 810 2603 855 ct
2635 815 2664 854 a
2696 801 2856 871 vulgo
2907 807 3178 853 remotum
3201 840 3214 861 ,
3251 797 3495 852 abditam

1919 889 2064 952 dico,
2097 899 2152 944 ct
2191 893 2528 960 penetralem
2585 890 2942 960 impietatem.
2977 889 3096 943 Non
3145 887 3368 942 efferam
3418 896 3497 939 ta.
3559 909 3564 915 ο

1919 980 2114 1045 cenda,
2149 989 2209 1033 ut
2242 982 2348 1035 dici
2398 983 2558 1046 solet,
2589 982 2684 1036 sed
2712 979 3074 1036 exsecrabilia
3109 979 3364 1048 dogmata
3399 979 3498 1045 τῆς

1919 1072 2213 1142 ἀθεότητος
2239 1074 2504 1142 aperiam.
2540 1075 2712 1128 Nemo
2744 1074 2936 1144 iniquo
2984 1071 3192 1135 animo,
3238 1084 3362 1140 qua:
3411 1069 3496 1122 di-

1919 1172 2134 1226 centur,
2189 1164 2370 1228 ferat,
2395 1164 2655 1233 quoniam
2707 1180 2817 1217 non
2874 1179 3068 1219 sumus
3106 1178 3208 1217 nos
3242 1171 3500 1214 auctores

1921 1251 2116 1305 borum
2141 1254 2410 1307 malorum
2437 1269 2558 1322 qum
2587 1254 2906 1317 andientur,
2929 1269 3106 1322 neque
3139 1267 3337 1308 causas
3361 1266 3499 1320 pra"

1922 1343 2142 1398 buimus
2185 1344 2585 1408 dicendorum;
2635 1345 2690 1398 in
2749 1345 2937 1398 multis
2982 1344 3130 1397 enim
3171 1343 3332 1397 libris
3378 1355 3500 1420 my-

1921 1436 2091 1489 steria
2137 1451 2330 1490 eorum
2364 1437 2530 1503 impia
2569 1437 2863 1492 feruntur:
2921 1437 2968 1490 si
3023 1434 3245 1504 quidem
3279 1442 3336 1486 et
3381 1433 3499 1500 ipso

1925 1541 2176 1595 precarer
2206 1538 2258 1580 et
2291 1539 2563 1595 optarem,
2592 1535 2652 1581 ut
2677 1527 2897 1580 silentio
2923 1533 2979 1578 et
3027 1521 3269 1577 tenebris
3316 1521 3506 1590 hujus-

1926 1618 2076 1684 rnodi
2106 1619 2402 1685 impietatis
2428 1619 2690 1687 mysteria
2707 1625 3162 1685 contegerentnr,
3193 1629 3340 1668 nunc
3376 1627 3504 1666 vero

1925 1720 2033 1759 non
2070 1715 2128 1759 ut
2155 1721 2252 1759 vos
2273 1705 2540 1759 malorum
2571 1704 2874 1773 discipulos
2905 1703 3161 1764 facerem,
3194 1699 3287 1754 sed
3317 1696 3502 1766 potius

1925 1801 2042 1847 uta
2072 1794 2334 1864 gravibus
2365 1793 2523 1850 malis
2557 1793 2876 1855 liberarem,
2910 1792 2978 1845 ad
3028 1790 3127 1844 has
3174 1803 3260 1842 me
3313 1802 3502 1839 narra-

1926 1885 2106 1938 tiones
2117 1885 2349 1950 contuli,
2367 1899 2582 1939 summo
2597 1883 2781 1937 studio
2803 1897 2900 1937 eos
2919 1882 3153 1951 fugiens,
3172 1888 3228 1933 et
3243 1877 3502 1932 omnibus

234 1964 478 2033 φεύγων,
513 1969 608 2020 καὶ
658 1972 793 2023 πᾶσι
852 1971 997 2040 μέγα
1039 1971 1176 2042 βοῶν
1205 1989 1216 2003 ·
1249 1975 1505 2052 Φεύγετε,
1534 1968 1578 2027 ὧ
1635 1967 1815 2036 οὗτοι,

1928 1991 2083 2044 quam
2118 1990 2341 2044 possum
2375 1975 2610 2028 maxima
2641 1988 2776 2027 voce
2807 1972 3033 2026 dicens:
3061 1969 3254 2038 Fugite
3272 1981 3392 2031 vos,
3412 1966 3502 2018 fu-

235 2053 769 2127 φεύγετε,κρημνῶν
808 2060 902 2112 καὶ
955 2061 1249 2132 βαράθρων
1297 2066 1515 2134 μακρὴν
1563 2063 1818 2130 φεύγετε,

231 2146 349 2200 τῶν
379 2148 530 2220 πάσῃ
562 2149 990 2220 μεμολυσμένων
1030 2153 1243 2221 αἱρέσει
1276 2155 1451 2207 ἀθέων
1472 2155 1821 2224 διδαγμάτων

231 2239 339 2301 τάς
369 2239 588 2308 βίϐλους
615 2242 867 2309 φεύγετε.

308 2328 411 2385 18'.
438 2328 605 2392 Οὗτος
639 2335 666 2386 ὁ
699 2335 883 2402 σοφὸς,
915 2336 991 2399 ὡς
1019 2338 1069 2389 oi
1101 2337 1290 2389 τοῦτον
1317 2335 1612 2406 ζηλοῦντες
1641 2339 1818 2405 φαῖεν,

235 2421 336 2473 καί
358 2421 527 2491 μέγας
553 2424 852 2494 Θεόδωρος,
887 2427 1076 2496 ἐπειδὴ
1102 2427 1300 2498 μικρὸν
1321 2423 1388 2496 ἦν
1420 2427 1568 2497 αὐτῷ
1590 2430 1650 2480 τὸ
1682 2427 1823 2482 κατά

237 2507 548 2580 ἀνθρώπων
568 2511 883 2582 ἀγώνισμα,
908 2516 1031 2568 κατ’
1062 2516 1231 2586 αὐτῆς
1257 2519 1500 2586 ἐγχειρεῖ
1531 2517 1626 2569 καὶ
1647 2518 1825 2588 τολμᾷ

236 2597 342 2668 τῆς
392 2599 488 2652 τοῦ
532 2602 850 2672 Πνεύματος
889 2605 1072 2675 δόξης,
1112 2607 1292 2670 πάσας
1324 2607 1423 2677 μὲν
1453 2607 1551 2669 τὰς
1581 2609 1698 2660 κατ’
1723 2607 1824 2674 ἐμ-

238 2705 472 2746 πνευσιν
521 2695 687 2748 αὑτοῦ
741 2697 852 2750 τῶν
910 2696 1193 2768 θεηγόρων
1230 2698 1492 2768 ὑψηλὰς,
1555 2699 1828 2765 ταπεινῶς

240 2783 608 2859 ἐκλαμϐάνων
633 2777 878 2858 Γράφάς,
903 2783 1221 2861 ἀποκρίνων
1248 2789 1303 2844 δὲ
1330 2783 1406 2844 ιδῖ
1423 2794 1517 2843 τοῦ
1539 2790 1824 2862 θεοκρίτου

248 2873 364 2929 τῶν
393 2878 558 2948 ιερῶν
585 2877 798 2935 Βίϐλων
828 2881 1089 2953 ἀριθμοῦ.

323 3058 425 3112 ll".
455 3058 559 3112 Τόν
587 3074 676 3113 ’τε
720 3045 897 3131 μέγαν
935 3060 1030 3115 τοῦ
1065 3060 1202 3116 Θεοῦ
1241 3060 1573 3132 θεράποντα,
1603 3063 1697 3115 καὶ
1730 3064 1828 3132 τῆς

243 3149 500 3220 ἀνδρείας
523 3151 773 3222 ἔμψυχον
797 3153 890 3206 καὶ
917 3153 1007 3206 διὰ
1027 3151 1222 3214 αἰῶνος
1256 3153 1602 3222 ἀνάγραπτον
1627 3152 1829 3222 στήλην

242 3241 340 3296 τὸν
381 3239 524 3304 Ἰὼϐ,
583 3242 704 3294 δυσὶ
763 3243 892 3312 περί
936 3260 1038 3296 που
1092 3241 1296 3312 χιλιάσι
1335 3241 1521 3310 [manu
1575 3243 1825 3312 μυριάσιι
1855 3294 1894 3315 η

246 3331 454 3400 στίχων
511 3332 730 3386 πλύνων
786 3335 881 3386 καὶ
936 3333 1378 3404 διαγραφὸμενος
1421 3334 1520 3403 τὴν
1549 3335 1629 3396 είς
1664 3333 1828 3386 αὑτὸν

243 3419 344 3472 τοῦ
376 3419 696 3488 Πνεύματος
742 3423 1089 3493 συγγραφὴν,
1117 3425 1181 3493 ἢν
1209 3424 1238 3474 ὁ
1272 3423 1445 3491 μέγας
1482 3421 1737 3484 Ἰάκωϐος
1769 3422 1828 3478 ἐν

244 3513 317 3579 τῇ
360 3511 482 3564 κατ’
509 3512 673 3566 αὐτὸν
709 3511 972 3583 καθολᾶκῇ
1010 3512 1301 3584 Ἐπιστολῇ
1351 3512 1588 3582 βεϐαιῶν
1620 3512 1826 3576 ἔλεγεν·

250 3600 378 3668 Τὴν
404 3603 722 3671 ὑπομονὴν
752 3603 875 3658 Ἰὼϐ
902 3605 1227 3671 ἠκούσατε,
1255 3603 1356 3656 καὶ
1410 3604 1476 3657 τὸ
1507 3602 1685 3670 τέλος
1719 3609 1831 3659 Κυ-

241 3693 388 3761 ρίου
421 3694 600 3748 ιδετε.
629 3696 704 3748 υ)
739 3695 846 3766 γὰρ
876 3695 1101 3749 ἄλλοθέν
1127 3695 1314 3760 ποθεν,
1347 3695 1468 3749 οὐδὲ
1496 3696 1596 3765 τὴν
1625 3697 1831 3765 ὑπομο-

247 3788 350 3858 νὴν
369 3787 708 3857 ἠκούσαμεν,
740 3789 862 3842 οὐδὲ
896 3789 959 3842 τὸ
998 3789 1118 3842 κατ’
1144 3790 1308 3842 αὐτὸν
1339 3788 1496 3852 τέλος
1535 3790 1831 3860 ἱστορήσα-

252 3895 376 3950 μεν,
399 3882 484 3934 ὅτι
517 3881 593 3953 μὴ
626 3883 690 3936 ἐκ
718 3885 816 3953 τῆς
848 3883 971 3936 κατ’
1001 3869 1164 3936 αὑτὸν
1196 3883 1437 3953 Γραφῆς.

323 3975 422 4028 1Δ’.
449 3975 527 4026 Δι’
546 3976 616 4044 ἢν
665 3974 845 4028 αἰτίαν
904 3976 1076 4046 αὑτήν
1108 3991 1191 4036 τε,
1241 3969 1418 4044 οἶμαι,
1450 3973 1547 4027 τοῦ
1593 3974 1830 4044 μεγάλου

261 4061 529 4115 Ἰακώϐου
565 4065 665 4135 τὴν
698 4064 1016 4134 ἐπιστολὴν,
1048 4065 1143 4118 καὶ
1185 4064 1284 4128 τὰς
1330 4064 1457 4134 ἐξῆς
1506 4065 1617 4118 τῶν
1660 4065 1834 4119 ἄλλων

248 4153 629 4224 ἀποκηρύττει
680 4155 994 4217 καθολικάς.
1029 4156 1102 4222 Oi:
1151 4155 1262 4226 γὰρ
1305 4156 1465 4226 ἤρκει
1503 4138 1652 4226 αὐτῷ
1695 4157 1836 4211 κατὰ

248 4245 350 4306 τῆς
377 4245 484 4299 Παλ
496 4245 622 4305 and;
649 4245 916 4315 ἐγχειρεῖν
947 4244 1192 4316 Γραφῆς,
1230 4245 1330 4316 τὴν
1360 4244 1685 4315 Μαρκίωνος
1708 4245 1834 4317 ἐζη-

249 4335 453 4388 λωκότι
475 4335 753 4399 ἀσέϐειαν,
779 4334 892 4387 ἀλλ’
926 4333 1036 4386 εδει
1063 4333 1158 4387 καὶ
1195 4335 1337 4387 κατά
1367 4334 1465 4404 τῆς
1504 4333 1630 4396 νέας
1674 4334 1836 4387 αὐτον

249 4426 651 4492 ἀγωνίσασθαι,
687 4427 778 4480 ἵνα
863 4425 1301 4496 περιφανεστέρα
1332 4425 1481 4496 αὑτῷ
1508 4427 1540 4496 ἡ
1570 4426 1711 4480 κατά
1739 4425 1835 4480 τοῦ

253 4519 414 4588 ἁγίου
436 4519 760 4588 Πνεύματος
787 4518 1017 4587 ἀγωνία.

1922 2067 2072 2137 gite;
2109 2082 2142 2121 α
2183 2066 2474 2136 ρι-ωτυριίε
2517 2074 2575 2120 et
2613 2065 2891 2120 barathris
2965 2063 3126 2132 longe
3174 2059 3378 2129 fugite:
3432 2057 3502 2109 li-

1923 2157 2072 2222 bros,
2117 2157 2269 2212 omni
2300 2157 2494 2213 haeresi
2525 2155 2832 2227 impiarum
2883 2152 3258 2220 doctrinarum
3308 2150 3503 2220 plenos

1925 2246 2122 2315 fugite.

1995 2335 2110 2390 Xll.
2149 2336 2250 2390 llic
2291 2337 2535 2406 sapiens,
2571 2343 2632 2389 ut
2675 2333 3033 2405 appellabunt
3065 2331 3160 2401 qui
3210 2344 3336 2384 eum
3381 2336 3502 2382 stu-

1925 2427 2078 2482 diose
2113 2436 2447 2497 sequuntur,
2498 2435 2554 2482 et
2593 2441 2826 2496 magnus
2863 2423 3210 2488 Theodorus,
3242 2420 3369 2490 quia
3406 2436 3505 2488 pa-

1926 2532 2046 2571 rum
2080 2525 2198 2571 erat
2227 2518 2278 2571 ei
2317 2533 2442 2572 cum
2493 2516 2817 2571 hominibus
2858 2527 3070 2569 certare
3096 2554 3111 2577 ,
3164 2509 3501 2582 aggreditur,

1924 2617 1980 2664 et
1999 2609 2164 2664 audet
2187 2618 2380 2664 contra
2403 2609 2634 2679 gloriam
2666 2606 2910 2678 Spiritus
2932 2605 3131 2672 sancti,
3159 2619 3284 2658 cum
3311 2617 3507 2656 omnes

1925 2700 2147 2775 quidem
2177 2701 2491 2771 Seripturas
2519 2702 2658 2756 altas
2678 2715 2817 2771 quas
2844 2700 3020 2755 sancti
3047 2697 3228 2753 amato
3249 2697 3370 2767 ejus
3396 2705 3508 2749 tra-

1922 2789 2204 2856 diderunt,
2251 2775 2538 2846 humiliter
2565 2801 2622 2847 et
2657 2791 2894 2846 demisse
2924 2789 3300 2870 interpretans
3323 2826 3336 2845 .
3388 2793 3507 2839 tum

1923 2897 2059 2937 vero
2082 2897 2114 2936 a
2145 2897 2379 2937 numero
2407 2897 2685 2938 sacrarum
2711 2881 3125 2952 Scripturarum
3152 2877 3339 2932 divine
3365 2891 3509 2946 pra:-

1929 2973 2137 3042 scripto
2161 2981 2220 3028 et
2245 2972 2484 3028 indicato
2513 2988 2608 3028 eas
2639 2986 2922 3042 separaris.

1999 3063 2137 3118 Xlll.
2181 3064 2431 3134 Magnum
2468 3065 2564 3118 Dei
2602 3061 2824 3118 s’ervum
2861 3062 2984 3127 Job,
3003 3060 3313 3117 columnam
3348 3059 3508 3113 forti-

1929 3153 2139 3208 tudinis
2163 3154 2480 3219 animatam,
2520 3160 2577 3209 et
2618 3154 2915 3223 spirantem
2957 3153 3177 3208 duobus
3203 3151 3316 3206 fere
3341 3149 3511 3204 milli-

1931 3246 2036 3300 bus
2076 3243 2350 3300 versuunf
2366 3246 2726 3315 perscriptam
2761 3234 3074 3300 conviciose
3098 3228 3406 3313 arguebat,
3453 3248 3514 3294 et

1930 3337 2272 3406 Scripturam
2301 3337 2540 3406 Spiritus
2572 3337 2746 3393 sancti
2768 3337 2837 3392 de
2865 3353 2932 3392 eo
2967 3336 3291 3407 abrogabat,
3345 3350 3510 3403 quam

1929 3429 2166 3484 Iacobus
2218 3428 2387 3482 frater
2431 3428 2648 3483 Domini
2702 3430 2761 3483 in
2817 3428 3063 3498 Epistola
3118 3442 3216 3482 sna
3242 3425 3514 3480 catholica

1931 3519 2258 3574 confirmans
2281 3519 2495 3574 aiebat:
2524 3518 2849 3575 Patientiam
2868 3519 2965 3573 Job
2993 3519 3237 3581 audistis,
3271 3529 3327 3572 et
3351 3515 3514 3585 ﬁnem

1936 3609 2145 3664 Domini
2175 3611 2454 3665 vidistis”.
2489 3611 2608 3666 Non
2632 3611 2778 3665 enirn
2820 3611 3043 3666 aliunde
3079 3625 3262 3680 neque
3301 3609 3516 3679 patien-

1934 3703 2063 3755 tiam
2083 3704 2417 3770 audivimus,
2445 3721 2623 3776 neque
2645 3705 2810 3761 finem
2833 3707 2954 3776 ejus
2982 3705 3374 3776 spectavimus,
3406 3705 3510 3759 nisi

1934 3807 2000 3848 ex
2029 3793 2313 3865 Scriptura
2335 3797 2403 3853 de
2432 3812 2519 3852 eo.

2005 3989 2144 4044 XIV.
2179 3988 2262 4044 Ob
2300 4006 2465 4060 quam
2499 4007 2743 4056 causam,
2780 3999 2842 4046 ut
2866 3990 3135 4053 arbitror,
3184 3989 3357 4060 ipsam
3392 3989 3513 4058 epi-

1935 4080 2129 4134 stolam
2159 4079 2348 4136 Jacobi
2376 4090 2432 4136 et
2460 4082 2594 4137 alias
2633 4082 2893 4150 deinceps
2939 4081 3170 4135 aliorum
3217 4079 3518 4134 catholicas

1935 4169 2164 4239 abrogat
2191 4179 2248 4225 et
2283 4172 2552 4241 antiquet.
2607 4172 2727 4227 Non
2769 4172 2918 4226 enim
2969 4170 3102 4225 satis
3140 4169 3243 4225 fuit
3289 4169 3367 4223 illi
3401 4169 3516 4223 bel-

1943 4261 2056 4315 lum
2083 4271 2274 4316 contra
2306 4262 2562 4318 Veterem
2588 4262 2927 4342 Seripturam
2961 4262 3240 4331 suscipere
3277 4261 3345 4315 ad
3387 4261 3513 4315 imi-

1939 4351 2199 4407 tationem
2248 4353 2574 4418 Marcionis,
2650 4353 2746 4408 sed
2808 4353 3053 4422 oportuit
3102 4351 3269 4406 etiam
3325 4360 3515 4405 contra

1939 4445 2279 4514 Scripturam
2314 4460 2511 4499 novam
2553 4460 2822 4514 pugnare,
2873 4453 2935 4498 ut
2967 4459 3146 4515 pugna
3173 4444 3293 4514 ejus
3327 4456 3518 4498 eorum

1941 4538 2208 4609 Spiritum
2238 4537 2488 4591 sanctum
2521 4537 2724 4591 clarior
2754 4544 2811 4591 et
2839 4536 3105 4590 illustrior
3136 4527 3301 4590 esset.

326 4612 432 4665 ιε’.
472 4611 585 4673 Τάς
633 4627 693 4678 τε
745 4609 1057 4678 ἐπιγραφὰς
1104 4609 1214 4662 τῶν
1256 4608 1564 4678 ἱερωτάτων
1603 4610 1831 4695 ’ἴςμνων

1989 4608 2118 4684 ΫΧῩ.
2159 4629 2554 4697 lnscriptiones
2586 4627 2947 4698 Hymnorum,
2978 4635 3034 4682 et
3070 4627 3428 4688 Psalmorum,
3463 4636 3518 4679 ct

253 4702 354 4754 καὶ
376 4699 626 4770 Ψαλμῶν
655 4701 749 4754 καὶ
783 4699 947 4770 ᾮδῶν
975 4699 1151 4768 πάντη
1173 4697 1442 4759 ἐκϐαλὼν.
1467 4699 1593 4760 τοὺς
1625 4687 1835 4763 πάντας

251 4792 522 4860 Ψαλμοὺς
565 4791 874 4852 Ἰουδαϊκῶς
929 4792 1041 4852 τοῖς
1098 4789 1227 4859 περὶ
1267 4789 1358 4842 τὸν
1400 4772 1705 4860 Ζοροϐάϐελ
1743 4793 1839 4845 καῖ

265 4883 522 4947 Ἐζεκίαν
567 4883 823 4953 ἀνέθηκε,
853 4884 1002 4953 τρεῖς
1068 4883 1265 4953 μόνους
1321 4882 1400 4951 τῷ
1439 4883 1630 4953 Κυρίῳ
1675 4900 1838 4955 προσ.

258 4975 444 5044 ρίψας.
1626 5002 1639 5012 -~

331 5065 452 5132 ις’.
505 5065 667 5118 Ἀλλὰ
690 5065 799 5134 γὰρ
821 5065 915 5117 καὶ
947 5065 1008 5118 τὸ
1034 5066 1142 5119 τῶν
1182 5066 1358 5134 ἀγίων
1390 5067 1695 5132 ἁγιώτατον
1727 5067 1835 5120 τῶν

255 5158 521 5228 ᾀσμάτων
544 5146 734 5226 ’ᾋσμα
769 5155 918 5225 παρά
949 5156 1166 5211 πάντων
1195 5158 1294 5226 μὲν
1343 5158 1616 5224 Θεοσὸφων
1637 5199 1650 5220 ,
1686 5159 1839 5228 παρά

259 5248 482 5301 πάντων
537 5247 594 5299 δὲ
647 5245 984 5316 ὑμνούμενον
1040 5247 1420 5317 Χριστιανῶν,
1454 5250 1572 5310 ταῖς
1621 5248 1677 5300 δέ
1736 5250 1840 5303 ἀνὰ

264 5341 445 5392 πᾶσαν
487 5337 586 5407 τὴν
629 5338 954 5409 οἰκουμένην
1012 5338 1364 5408 Ἐκκλησίαις
1409 5339 1837 5409 γνωριζόμενον,

263 5427 684 5498 θαυμαζόμενον
712 5429 768 5481 δὲ
797 5429 888 5501 καὶ
917 5428 1052 5497 πρὸς
1090 5428 1200 5480 τῶν
1229 5428 1442 5500 ἐχθρῶν
1473 5429 1568 5482 τοῦ
1596 5431 1835 5499 σταυροῦ

262 5519 362 5574 τοῦ
405 5517 648 5585 Χριστοῦ
692 5519 981 5586 Ἰουδαίων,
1017 5521 1156 5573 κατά
1208 5520 1307 5590 τὴν
1346 5521 1613 5592 πορνικὴν
1667 5521 1876 5599 αὑτοῦῷ

263 5612 364 5666 καὶ
413 5612 640 5681 γνώμην
687 5613 780 5665 καὶ
831 5611 1108 5680 γλῶσσαν,
1153 5611 1398 5664 ἐκλαϐὼν
1429 5615 1458 5668 6
1497 5613 1700 5684 θρασὺς
1746 5615 1839 5666 καὶ

265 5702 508 5772 ἄμετρος
553 5702 653 5772 τὴν
689 5702 919 5772 τόλμαν,
949 5704 1013 5756 ἐκ
1061 5701 1172 5758 τῶν
1227 5704 1398 5772 ἁγίων
1455 5704 1662 5760 Βίϐλων
1733 5706 1841 5758 ἀπο

267 5791 485 5860 ἔτεμεν.

345 5905 390 5938 ³³
423 5905 537 5967 Jac.
587 5906 773 5972 v.11.

1936 4720 2289 4798 Canticorum
2331 4720 2552 4788 penitus
2581 4719 2764 4789 ejecit,
2813 4727 2869 4772 et
2922 4733 3116 4772 omnes
3147 4717 3391 4772 Psalmos
3417 4717 3517 4770 Ju-

1939 4810 2094 4864 daice
2137 4809 2205 4863 ad
2249 4809 2644 4864 Zorobabelem
2670 4819 2727 4863 ct
2756 4810 3046 4864 Ezechiam
3075 4808 3292 4875 retulit,
3339 4809 3517 4864 tribus

1941 4908 2148 4966 tantum
2185 4900 2253 4954 ad
2283 4901 2572 4955 Dominum
2601 4901 2834 4972 rejectis.
2865 4918 2870 4922 '

2013 5077 2152 5153 XYl.
2198 5078 2314 5132 lmo
2353 5086 2411 5134 et
2443 5086 2756 5134 sanctorum
2784 5077 3189 5132 sanctissimum
3227 5075 3516 5132 Canticum

1943 5150 2278 5225 canticorum
2319 5171 2386 5224 ab
2435 5170 2692 5223 omnibus
2737 5170 3047 5223 divinarum
3082 5183 3266 5223 rerum
3302 5168 3515 5237 peritis,

1944 5273 2000 5317 et
2030 5263 2097 5316 ab
2124 5262 2382 5316 omnibus
2407 5260 2744 5316 Christianis
2790 5259 3094 5323 laudatum,
3130 5258 3387 5313 omnibus
3417 5257 3522 5310 Ec-

1946 5354 2128 5408 clesiis
2165 5352 2348 5407 cuncti
2403 5353 2556 5407 orbis
2591 5359 2807 5417 notum,
2861 5360 2917 5406 et
2962 5365 2992 5404 a
3041 5349 3244 5405 Judmis
3283 5349 3521 5402 inimicis

1942 5446 2125 5500 crucis
2149 5445 2350 5500 Christi
2389 5445 2445 5498 in
2497 5445 2860 5498 admiratione
2901 5442 3170 5504 habitum,
3227 5438 3520 5494 libidinose

1940 5553 2042 5608 pro
2072 5553 2167 5591 sua
2202 5545 2257 5591 et
2303 5545 2486 5591 mente
2535 5545 2593 5590 et
2628 5536 2812 5607 lingua
2857 5532 3195 5594 meretricia,
3250 5530 3523 5597 interpre-

1941 5640 2084 5690 tans,
2113 5643 2209 5681 sua
2231 5642 2396 5695 supra
2420 5627 2642 5683 modum
2665 5625 2974 5682 incredibili
3002 5622 3228 5680 audacia
3250 5635 3317 5674 ex
3340 5617 3522 5674 Libri;

1947 5721 2119 5775 sacris
2141 5717 2390 5773 abscidit.
