4218 6444
772 437 900 503 1367

2030 446 2343 510 LEONTII
2384 448 2787 508 BYZANTINI

3879 449 4012 515 1368

834 551 996 607 XVII.
1052 552 1117 607 Et
1140 552 1272 622 quid
1301 567 1411 608 non
1440 563 1560 609 erat
1588 562 1834 622 acturus,
1864 557 1958 629 qui
2009 558 2065 613 in
2111 576 2179 614 eo
2206 575 2325 629 age-

2508 564 2609 615 lZ'.
2640 563 2751 616 Kal.
2781 562 2833 615 τί
2888 558 2997 633 γὰρ
3038 562 3138 615 οὐκ
3188 560 3379 633 ἔμελλε
3433 563 3671 632 δράσειν,
3698 566 3726 617 ό
3766 564 3824 616 ἐν
3863 564 4011 633 αὐτῷ

760 640 875 707 bat,
928 643 1226 710 impietatis
1270 645 1525 701 inventor
1550 653 1608 701 et
1646 649 1843 718 pater?
1880 648 2025 705 Duos
2073 650 2240 720 igitur
2272 650 2337 704 li-

2438 653 2742 724 ινεργήσας
2793 653 2896 723 τῆς
2947 653 3202 718 ἀσεϐείας
3251 642 3480 725 εὑρετής
3523 673 3582 708 τε
3631 657 3724 709 καὶ
3781 658 4006 724 πατήρς

758 734 890 788 hros
917 733 1392 805 Paralipomenon,
1422 738 1658 808 primum
1695 747 1752 794 et
1792 740 2095 795 secundum
2136 743 2325 798 simili-

2436 743 2548 807 Τὰς
2585 744 2718 812 γοῦν
2777 743 3265 814 Παραλειπομένας
3313 744 3608 808 ὡσαύτως,
3640 745 3793 812 κακῷ
3838 747 4011 798 κακον

760 836 865 889 ter,
915 826 1121 882 malum
1156 830 1301 884 malo
1332 829 1558 896 addens,
1594 839 1651 886 et
1695 832 1920 902 insuper
1967 833 2196 889 Esdram
2248 852 2325 891 re-

2436 833 2773 903 προστιθεὶς,
2822 832 3049 902 πρώτην
3094 849 3155 885 τε
3202 831 3298 885 καὶ
3342 831 3628 903 δευτέραν,
3664 834 3903 905 Ἐσδραν
3945 847 4007 884 τε

756 917 1029 985 pudiavit.

828 1007 1015 1065 XVIII.
1038 1011 1260 1067 Divinas
1283 1011 1449 1082 igitur
1472 1012 1789 1085 Scripturas
1816 1016 2151 1088 aggreditur,
2185 1028 2242 1074 et
2267 1035 2332 1073 ex

753 1096 974 1154 duobus
1000 1100 1296 1170 generibus
1319 1101 1785 1170 splendidioribus
1825 1113 2016 1160 contra
2067 1106 2330 1176 Spiritum

754 1185 1004 1273 sanctum
1040 1193 1287 1247 certandi
1321 1194 1599 1250 laudatum
1632 1196 1737 1251 sibi
1769 1196 1951 1251 aufert
1978 1214 1993 1263 ;
2030 1213 2059 1251 a
2088 1200 2331 1254 secundo

752 1284 1013 1351 abstinet,
1058 1296 1115 1342 et
1156 1288 1280 1342 aliis
1332 1288 1514 1354 cedit;
1553 1304 1622 1344 an
1657 1298 1720 1344 ut
1749 1290 1806 1346 in
1836 1291 1918 1346 eis
1942 1293 2242 1354 luctentur,
2274 1301 2331 1347 et

750 1374 1020 1431 vincant?
1064 1377 1441 1447 Nequaquam.
1498 1379 1605 1434 Sed
1640 1382 1789 1450 quia,
1843 1388 1904 1435 ut
1958 1382 2326 1447 existimabat,

749 1475 1027 1522 certamen
1078 1476 1271 1525 contra
1313 1469 1632 1539 Scripturas
1655 1483 1871 1527 sanctas
1900 1470 2115 1526 ﬁnitum
2140 1473 2244 1528 sibi
2273 1483 2330 1529 et

748 1568 1030 1627 peractum
1058 1571 1200 1625 erat,
1234 1562 1538 1617 secundum
1570 1579 1794 1619 cursum
1844 1565 2027 1633 primo
2062 1564 2327 1635 mqualem

747 1646 1005 1713 conﬁcit;
1040 1657 1097 1703 et
1124 1664 1194 1704 ne
1225 1651 1279 1704 in
1310 1650 1542 1721 singulis
1570 1652 1956 1722 aggrediendis
1980 1637 2329 1722 defatigare-

747 1742 860 1799 tur,
890 1746 1081 1792 contra
1116 1738 1351 1808 primam
1390 1739 1676 1809 religionis
1708 1739 2038 1795 Christianze
2067 1740 2327 1794 informa-

747 1827 956 1880 tionem
983 1836 1111 1891 stat,
1166 1838 1220 1883 et
1266 1829 1521 1884 deiﬁcum
1558 1811 1864 1901 symbolum
1893 1843 2085 1883 eorum
2121 1830 2215 1898 qui
2243 1845 2327 1884 re-

2434 925 2573 996 πρὸς
2601 926 2721 987 ταῖς
2744 924 3068 995 εἰρημέναις
3097 923 3375 988 ἐξέϐαλεν.

2503 1016 2614 1070 ΠΡ.
2644 1011 2770 1085 *Αρῗ
2801 1009 2895 1067 οὖν
2940 1016 3055 1078 ταῖς
3089 1014 3187 1085 μὲν
3236 1014 3411 1077 θείαις
3446 1015 3692 1085 Γραῳαῖς
3742 1015 4004 1084 ἐγχειρεῖ,

2434 1106 2528 1160 καὶ
2552 1107 2660 1158 τῶν
2704 1106 3102 1176 λαμπροτέρων
3131 1105 3272 1159 κατὰ
3301 1106 3395 1158 τοῦ
3441 1104 3759 1175 Πνεύματος
3801 1108 4006 1171 ἀγωνι-

2434 1195 2657 1265 σμάτων
2684 1195 2743 1247 τὺ
2770 1195 3054 1265 εὐδόκιμον
3091 1197 3455 1266 ἀποφέρεται,
3483 1196 3592 1250 τῶν
3634 1196 3691 1249 δὲ
3734 1197 4007 1265 δευτέρων

2430 1289 2717 1359 ἀπέχεται,
2746 1287 2841 1342 καὶ
2871 1292 3195 1359 παραχωρεῖ
3218 1289 3400 1353 ἄλλοις
3431 1289 3533 1357 τῆς
3561 1289 3693 1355 γοῦν
3717 1291 3775 1341 ὲν
3789 1289 4007 1350 τούτοις

2433 1382 2608 1451 πάλης
2654 1380 2748 1434 καὶ
2810 1381 3003 1452 νίκηςς
3034 1380 3335 1450 Ούμενοῦν.
3414 1382 3633 1452 Ἐπειδὴ
3701 1380 3851 1449 γὰρ,
3929 1380 4007 1442 ὡς

2429 1472 2588 1543 ᾤετο,
2610 1473 2640 1525 ό
2663 1471 2805 1526 κατὰ
2829 1472 2939 1524 τῶν
2968 1471 3342 1525 θεοπνεύστων
3373 1470 3522 1541 αὐτῷ
3541 1471 3775 1539 Γραφῶν
3811 1468 4009 1528 demo;

2429 1560 2774 1614 ἑκτετὲλεστο
2799 1560 2896 1615 καὶ
2921 1559 3196 1630 διήνυστο,
3230 1560 3488 1630 δεύτερον
3515 1559 3730 1626 ἑξανύει
3756 1558 4004 1618 δίαυλον,

2427 1652 2507 1721 τῷ
2537 1650 2738 1721 πρώτῳ
2775 1649 3213 1722 παρισούμενον·
3247 1652 3343 1704 καὶ
3371 1651 3458 1704 ἵνα
3495 1653 3607 1714 τοῖς
3656 1651 3799 1704 κατὰ
3836 1653 4004 1719 μέρος

2387 1754 2400 1767 ⁵
2427 1742 2697 1831 ἐγχειρῶν
2731 1742 2807 1812 μὴ
2846 1742 3057 1813 κάμνῃ,
3085 1743 3222 1815 πρὸς
3248 1743 3349 1813 τὴν
3385 1742 3610 1814 πρώτην
3655 1744 4005 1813 στοιχείωσιν

2426 1833 2523 1885 τοῦ
2549 1832 2977 1903 Χριστιανισμοῦ
3024 1833 3258 1894 ἵσταται.
3283 1833 3379 1887 καὶ
3411 1833 3471 1886 τὸ
3497 1833 3743 1886 θεοποιδν
3793 1830 4003 1899 σύμϐο-

746 1889 1105 1984 generantur,
1140 1919 1298 1985 tollit,
1324 1918 1507 1987 ﬁdem,
1544 1889 1788 1990 inquam,
1844 1920 2036 1992 synodi
2069 1889 2323 1986 Nicaenaz,

2427 1921 2517 1976 λον
2544 1889 2653 1976 τῶν
2684 1889 3149 1991 ἀναγεννωμένων
3171 1889 3552 1993 διαγράφεται,
3583 1922 3683 2001 τῂν
3708 1924 3769 1974 ἐν
3794 1889 4006 1991 Νικαέᾳ

745 2020 856 2059 non
905 2007 1082 2061 solum
1128 2009 1391 2064 mutilans
1444 2009 1654 2079 ipsum,
1709 2010 1806 2065 sed
1841 2025 2061 2065 omnem
2107 2010 2327 2079 penitus

748 2096 910 2150 Iidem
941 2096 1254 2165 destruens,
1301 2109 1360 2155 ct
1412 2100 1575 2156 aliam
1625 2110 1825 2171 prater
1879 2101 2027 2157 illam
2080 2101 2322 2168 tradens,

743 2203 844 2256 pro
903 2189 1079 2245 nihilo
1130 2190 1336 2247 docens
1376 2192 1468 2247 illa
1514 2201 1666 2248 tanta
1711 2193 1941 2259 lumina,
1982 2208 2162 2264 neque
2215 2202 2324 2248 tam

743 2281 919 2337 audax
950 2283 1164 2339 facinus
1190 2284 1614 2354 perhorrescens
1644 2300 1658 2337 :
1691 2284 1840 2338 aliud
1871 2284 2041 2349 enim,
2096 2293 2157 2338 ut
2183 2284 2318 2349 dixi,

743 2374 1049 2444 symbolum
1107 2375 1257 2440 ﬁdei,
1315 2376 1400 2430 vel
1449 2375 1633 2445 potius
1682 2375 1861 2432 dicam
1901 2374 2144 2446 perﬁdia:
2182 2374 2318 2439 edit,

741 2464 837 2534 qui
867 2473 991 2534 post
1012 2464 1175 2521 ﬁdem
1203 2466 1259 2520 in
1281 2466 1454 2521 Deum
1488 2465 1727 2528 Patrem,
1764 2474 1823 2521 et
1849 2464 2196 2534 unigenitum
2226 2464 2319 2519 Fi-

738 2553 896 2618 lium,
927 2564 985 2610 et
1029 2554 1294 2624 Spiritum
1330 2562 1601 2620 sanctum,
1638 2554 1863 2625 scripsit
1898 2554 2123 2610 credere
2169 2562 2225 2609 et
2262 2554 2316 2609 in

739 2646 1030 2701 Dominum
1074 2647 1259 2703 Jesum
1308 2645 1610 2711 Christum,
1667 2646 2027 2702 introduccns
2064 2656 2315 2718 quartam

738 2750 1032 2806 personam
1085 2737 1140 2790 in
1170 2744 1416 2792 sanctam
1446 2736 1793 2802 Trinitatem,
1831 2748 1889 2792 et
1917 2738 1975 2792 in
2020 2737 2158 2793 duas
2186 2752 2315 2807 per-

738 2840 904 2880 sonas
930 2824 1210 2882 Christum
1240 2836 1298 2883 et
1329 2828 1505 2883 Deum
1533 2837 1783 2884 nostrum
1810 2826 2093 2895 dividens;
2126 2844 2190 2884 ac
2221 2844 2315 2884 ve-

737 2929 801 2967 ro
840 2913 1062 2984 quidem
1114 2913 1413 2986 Filio,qu:e
1458 2916 1644 2972 divina
1672 2927 1823 2984 sunt,
1864 2917 2153 2985 tribuens;
2190 2934 2319 2988 pro-

737 3003 861 3073 prio
891 3013 1074 3060 autem
1112 3002 1355 3070 Christo,
1406 3022 1530 3076 quae
1566 3007 1845 3063 hominem
1876 3008 2072 3064 decent
2117 3016 2173 3063 et
2206 3008 2313 3063 hu-

737 3106 898 3145 mana
931 3103 1080 3147 sunt.
1109 3102 1167 3148 et
1192 3094 1248 3147 in
1274 3093 1469 3164 primis
1501 3103 1684 3150 ortum
1714 3112 1781 3150 ex
1807 3095 2053 3165 Virgine.

2427 2012 2572 2081 φημὶ
2607 2011 2815 2075 πίστιν,
2839 2012 2942 2066 οὐκ
2968 2002 3415 2083 ἀκρωτηρὶάζων
3455 2011 3589 2065 αύτδ
3637 2011 3820 2080 μόνον,
3861 2010 4003 2063 ἀλλὰ

2427 2104 2607 2156 πᾶσαν
2634 2102 2732 2154 καὶ
2760 2102 2944 2156 τέλεον
2973 2102 3509 2173 ἀποσκευαζόμενος,
3538 2103 3635 2156 καὶ
3667 2102 4005 2173 παραδιδοὺς

2425 2190 2557 2258 παρ’
2586 2192 2800 2261 ἐκείνην
2822 2191 3038 2260 ἑτέραν,
3071 2192 3241 2262 μηδὲν
3269 2190 3635 2262 λογισάμενος
3667 2193 3800 2253 τοὺς
3842 2191 4005 2261 τηλι-

2423 2281 2649 2344 κούτους
2693 2283 3009 2353 φωστῆρας,
3049 2283 3173 2336 οὐδὲ
3219 2283 3418 2354 φρίξας
3457 2282 3596 2354 πρὸς
3622 2284 3683 2336 τὸ
3721 2283 4004 2353 τολμηρὸν

2420 2376 2521 2444 τῆς
2546 2374 2916 2444 ἔγχειρήσεως
2942 2388 2957 2404 '
2992 2374 3180 2445 ἕτερον
3222 2374 3352 2445 γὰρ,
3373 2374 3450 2438 ὡς
3504 2373 3665 2444 ἔφην,
3705 2374 4003 2427 ἐκτίθεται

2421 2462 2681 2529 πίστεως,
2712 2461 2914 2533 μᾶλλον
2937 2463 2995 2517 δὲ
3013 2462 3295 2528 ἀπιστίας,
3322 2462 3593 2533 σύμϐολον
3625 2463 3768 2533 μετὰ
3787 2465 3892 2532 τὴν
3922 2465 4004 2526 είς

2419 2552 2553 2605 Θεὸν
2582 2550 2804 2622 Πατέρα
2846 2550 2943 2606 καὶ
2985 2551 3079 2606 τὸν
3122 2534 3390 2622 μονογενῆ
3436 2551 3565 2605 Υῖδν
3609 2551 3705 2604 καὶ
3740 2550 3805 2602 τὸ
3842 2551 4004 2618 ἅγιον

2420 2642 2644 2712 Πνεῦμα
2671 2643 2876 2706 πίστιν,
2904 2642 3188 2703 πιστεύειν
3209 2642 3428 2715 γράψας
3458 2643 3555 2696 καὶ
3571 2644 3654 2706 είς
3678 2640 3771 2695 τὸν
3796 2640 4003 2712 Κύριον

2430 2730 2637 2804 Ἰησοῦν
2668 2733 2924 2804 Χριστὸν,
2956 2733 3222 2806 τέταρτον
3253 2735 3551 2806 πρόσωπον
3581 2732 3900 2803 ἐπεισάγων
3931 2736 4000 2804 τῇ

2416 2824 2545 2895 ἁγίᾳ
2575 2824 2767 2897 Τριὰδι
2804 2826 2897 2878 καὶ
2940 2824 3310 2896 καταδιαιρῶν
3362 2825 3445 2889 είς
3474 2824 3585 2879 δύο»
3606 2826 3883 2892 πρόσωπα
3931 2823 4001 2878 τὰ

2413 2914 2508 2969 τοῦ
2545 2914 2665 2980 ἑνὸς
2693 2915 2937 2987 Χριστοῦ
2977 2916 3075 2970 καὶ
3104 2915 3243 2970 Θεοῦ
3281 2915 3440 2987 ἡμῶν
3458 2929 3473 2946 °
3502 2916 3600 2969 καὶ
3627 2914 3705 2986 τῷ
3724 2916 3825 2985 μὲν
3868 2914 4001 2983 ἀλη-

2414 3006 2547 3076 θινῷ
2594 3004 2711 3077 Υίῷ
2736 3006 2806 3060 τὰ
2828 3005 2947 3059 θεῖα
2972 3005 3302 3078 προσνέμων
3323 3006 3419 3060 καὶ
3445 3006 3546 3076 τὴν
3567 3005 3683 3061 ἄνω
3714 3006 3997 3074 γέννησιν,

2410 3096 2489 3167 τῷ
2503 3096 2559 3151 δὲ
2587 3096 2703 3168 ἰδίῳ
2723 3097 2949 3182 Χριστῷ
2970 3098 3039 3151 τά
3058 3096 3509 3169 άνθρωποπρεπῆ
3527 3097 3624 3150 καὶ
3651 3098 3999 3167 ἀνθρώπινα,

807 3178 951 3233 XIX.
1003 3180 1182 3236 Audet
1232 3192 1288 3235 et
1330 3182 1478 3238 aliud
1510 3185 1714 3238 malum
1743 3200 1856 3239 non
1890 3185 2193 3240 secundum
2239 3184 2307 3239 ad

2412 3188 2505 3241 καλ⁸
2547 3187 2652 3258 πρό
2676 3178 2741 3255 γε
2769 3187 2960 3240 τούτου
2986 3187 3088 3259 τὴν
3115 3187 3179 3241 ὲκ
3202 3188 3478 3258 Παρθένου
3507 3187 3786 3257 γέννησιν.

737 3272 1022 3342 superiora
1062 3288 1080 3329 :
1114 3274 1277 3328 aliam
1343 3275 1493 3329 enim
1544 3275 1760 3331 llissam
1822 3276 2062 3331 eﬁ'utivit
2111 3286 2310 3347 praeter

736 3365 889 3419 illam
931 3380 1053 3433 qua:
1100 3380 1131 3419 a
1162 3364 1424 3421 Patrihus
1455 3366 1654 3421 tradita
1688 3376 1773 3423 est
1799 3367 2081 3431 Ecclesiis,
2134 3383 2313 3437 neque

736 3457 1010 3512 reveritus
1045 3456 1191 3512 illam
1219 3458 1590 3527 apostolorum
1616 3500 1631 3525 ,
1663 3475 1766 3515 nec
1802 3460 1951 3514 illam
1999 3460 2179 3530 magni
2213 3460 2313 3514 Ba-

735 3545 847 3599 silii
890 3546 945 3600 in
986 3544 1178 3601 eodem
1215 3544 1424 3616 Spiritu
1459 3548 1824 3618 conscriptam
1863 3566 1877 3602 :
1925 3548 1978 3602 in
2007 3564 2114 3619 qua
2152 3548 2313 3603 Missa

738 3636 1114 3705 biasphcmiis,
1146 3652 1258 3692 non
1280 3639 1691 3707 precationibus
1714 3638 1811 3709 τὴν
1831 3638 2084 3709 Τελετὴν,
2119 3639 2172 3693 id
2203 3646 2309 3702 est,

736 3727 1054 3798 mysterium
1079 3728 1463 3795 Eucharistiaa,
1489 3730 1732 3799 opplevit
1759 3748 1773 3783 :
1803 3746 1873 3785 an
1908 3738 1969 3784 ut
1995 3729 2138 3784 alius
2162 3728 2314 3783 Anti-

736 3819 978 3874 christus
994 3818 1175 3873 adhuc
1188 3830 1554 3890 exspectetur,
1570 3836 1669 3890 par
1690 3830 1794 3904 est,
1814 3821 1905 3890 qui
1930 3820 2010 3876 sic
2030 3821 2311 3876 Christum

736 3910 939 3972 oderit,
988 3920 1045 3965 et
1068 3926 1192 3982 qua:
1214 3910 1417 3967 Christi
1449 3920 1599 3975 sunt,
1653 3921 1865 3968 mutare
1895 3913 2142 3968 nitatur?
2189 3913 2310 3969 Non

735 4004 991 4075 equidem
1022 4013 1176 4075 puto.
1214 4005 1378 4066 Satis.
1416 4004 1661 4075 inquam,
1695 4015 1781 4062 est
1811 4006 1923 4073 hic,
1954 4013 2016 4060 ut
2038 4007 2093 4061 in
2127 4005 2309 4060 omni-

737 4098 843 4152 bus
868 4096 988 4153 loco
1020 4104 1078 4152 et
1112 4097 1232 4153 rice
1259 4096 1406 4153 illius
1430 4098 1523 4158 sit.

804 4376 924 4432 XX.
987 4375 1130 4431 Audi
1174 4383 1436 4447 praeterea
1486 4383 1543 4430 et
1589 4374 1695 4429 alia
1723 4373 1866 4445 ejus,
1921 4388 2044 4444 quae
2102 4374 2308 4428 bonum

733 4476 853 4522 erat
909 4474 966 4521 et
998 4468 1232 4521 maxime
1261 4467 1567 4537 optandum
1591 4467 1757 4521 etiam
1798 4481 1911 4520 non
1960 4465 2175 4521 audire.
2210 4465 2308 4520 Ju-

2495 3276 2597 3331 ΙΘ’.
2625 3277 2813 3348 Τολμᾷ
2843 3279 2938 3331 καὶ
2980 3276 3166 3349 ἕτερον
3220 3276 3388 3330 κακὸν
3435 3276 3547 3330 τῶν
3576 3275 3911 3346 ⁸εἰρημένων
3934 3275 3998 3329 οὔ

2419 3367 2693 3439 δεύτερον.
2746 3368 3057 3438 ’Δναφορὰν
3109 3367 3218 3441 γὰρ
3265 3367 3536 3439 σχεδιάζει
3593 3367 3792 3435 ἑτέραν
3842 3367 3999 3438 παρὰ

2419 3459 2520 3529 τὴν
2538 3459 2811 3528 πατρόθεν
2830 3461 2952 3523 ταῖς
2967 3459 3316 3530 Ἑκκλησίαις
3343 3457 3821 3528 παραδεδομένην,
3857 3459 4002 3529 μήτε

2418 3550 2519 3620 τὴν
2548 3549 2657 3603 τῶν
2695 3549 3015 3603 ἀποστόλων
3048 3549 3337 3614 αἰδεσθεὶς,
3369 3551 3512 3619 μήτε
3549 3548 3607 3602 δὲ
3638 3547 3739 3619 τὴν
3772 3548 3871 3609 τοῦ
3905 3565 4005 3619 με-

2418 3637 2586 3717 γάλοι)
2615 3638 2901 3692 Βασιλείου
2940 3639 3000 3692 ὲν
3031 3637 3109 3707 τῷ
3130 3636 3283 3707 αὐτῷ
3326 3635 3606 3704 Πνεῦματι
3655 3635 4000 3704 συγγραφεῖ-

2420 3748 2548 3800 σαν,
2592 3731 2750 3799 λόγου
2811 3730 2957 3795 τινὸς
3010 3730 3213 3802 κρίνων
3269 3728 3427 3792 ἀξίαν
3449 3742 3465 3759 ο
3519 3726 3577 3779 ἑν
3632 3719 3667 3798 ᾗ
3719 3726 4003 3797 ’Δναφορᾷ

2420 3822 2778 3893 βλασφημιῶν
2812 3823 2894 3894 (οὐ
2916 3823 3027 3891 γὰρ
3052 3820 3251 3891 εὐχῶν)
3283 3818 3520 3889 Τελετὴν
3550 3818 3960 3888 ἀπεπλήρωσεν
3980 3834 3997 3849 ο

2417 3908 2623 3985 ἆρόὗν
2676 3912 2762 3977 τίς
2811 3913 3001 3985 ἔτερος
3036 3913 3426 3983 Ἀντίχριστος,
3456 3910 3869 3982 προσδοκᾶσθαι
3916 3909 3999 3963 ἔτι

2415 4005 2568 4074 ἄξιος
2590 4005 2697 4077 εἴη,
2727 4005 2870 4059 οὕτω
2898 4006 2969 4059 τὰ
2989 4003 3083 4058 τοῦ
3114 4002 3354 4074 Χριστοῦ
3387 4002 3561 4072 μισῶν
3591 4018 3653 4054 τε
3682 3996 3783 4055 καὶ
3816 4017 4001 4071 παρα-

2416 4099 2587 4152 κινεῖν
2631 4096 3007 4167 πειρὼμενος;
3054 4091 3198 4162 Ἐγὼ
3228 4093 3340 4165 μὲν
3388 4093 3491 4148 οὐκ
3528 4088 3705 4163 οῐμαι.
3750 4092 3996 4163 ’Δπόχρη

2416 4187 2548 4259 γὰρ,
2579 4186 2744 4258 φημὶ,
2775 4185 2874 4241 καὶ
2906 4178 3161 4251 οῦτος,ὲν
3193 4184 3718 4262 άπασιτδνρικείνου
3740 4183 3999 4253 ἀποπλη-

2418 4278 2591 4352 ρῶσαι
2619 4262 2782 4331 τότῦὂν
2810 4277 2905 4330 καὶ
2943 4276 3147 4346 τρόπον

2484 4366 2573 4423 Κ’.
2598 4368 2796 4421 ’Δκουε
2819 4365 2878 4420 δὲ
2908 4365 3076 4420 αὐτοῦ
3104 4367 3203 4420 καὶ
3231 4365 3301 4420 τὰ
3324 4365 3512 4439 ἔτερα,
3546 4360 3624 4422 ὧν
3651 4365 3795 4437 μήτε
3821 4365 3995 4420 άκοῦυ

2418 4475 2510 4511 σαι
2541 4457 2706 4511 καλόν
2734 4473 2796 4510 τε
2832 4457 2927 4511 καὶ
2954 4455 3346 4512 εὐκταιότατον
3386 4452 3477 4529 ἦν.
3521 4457 3634 4528 Τὴν
3667 4457 3859 4527 κρίσιν
3895 4454 3993 4510 τοῦ

733 4557 939 4612 «licium
960 4557 1055 4612 Dei
1089 4557 1145 4611 in
1171 4557 1429 4611 omnibus
1464 4558 1668 4612 sanctis
1701 4555 2003 4625 Scripturis
2028 4555 2174 4609 clara
2204 4569 2305 4608 vo-

2412 4548 2568 4614 Θεοῦ,
2602 4547 2703 4618 τὴν
2757 4548 2817 4602 ἐν
2872 4548 3078 4610 πάσαις
3128 4548 3249 4610 ταῖς
3314 4548 3505 4616 ἁγίαις
3554 4546 3996 4619 διαϐεϐοημένην

733 4663 797 4703 ce
826 4647 1231 4713 denuntiatum,
1271 4648 1419 4717 quod
1448 4662 1551 4703 nec
1583 4647 1652 4702 iis
1682 4647 1777 4717 qui
1804 4663 1837 4701 a
1865 4646 2305 4701 Christianorum

733 4740 999 4809 religione
1028 4740 1220 4809 procul
1265 4739 1490 4804 absunt,
1538 4739 1741 4793 mansit
1787 4737 2117 4801 inauditum,
2158 4736 2306 4806 quod

730 4837 817 4884 est
846 4829 1248 4883 ﬁrmamentum
1295 4828 1579 4890 stantium,
1627 4836 1686 4883 et
1736 4829 2015 4897 lapsorum
2072 4825 2302 4889 erectio,

730 4928 787 4975 et
822 4919 1169 4990 peccantium
1214 4918 1509 4982 medicina,
1552 4925 1609 4973 et
1654 4917 1860 4972 diaboli
1912 4916 2112 4986 dignus
2135 4914 2299 4980 ﬁnis;

730 5009 879 5080 quod
908 5024 1088 5078 neque
1114 5007 1364 5063 diabolus
1386 5017 1443 5062 et
1467 5008 1743 5064 damones
1770 5022 1971 5078 negare
2001 5009 2119 5064 ausi
2151 5015 2299 5069 sunt,

730 5118 856 5157 cum
884 5102 1152 5156 Salvatori
1176 5101 1436 5157 dixerunt
1467 5119 1479 5154 :
1512 5099 1651 5166 Quid
1673 5102 1820 5157 nobis
1852 5110 1902 5155 et
1936 5103 2048 5167 tibi,
2064 5103 2187 5157 Iesu
2208 5102 2311 5157 Fili

731 5192 1071 5247 Dei?veniati
1096 5202 1220 5245 ante
1252 5198 1456 5261 tempus
1489 5199 1735 5263 torquere
1769 5208 1862 5245 nos
1881 5193 1961 5257 ³⁶;
2026 5193 2133 5248 hoc
2156 5192 2310 5263 judi-

731 5284 901 5347 cium,
935 5292 991 5339 et
1016 5283 1347 5354 gehennam,
1373 5292 1432 5339 et
1464 5284 1741 5362 tenebras,
1772 5293 1829 5338 et
1851 5284 2142 5339 stridorem
2167 5284 2304 5339 den-

731 5375 893 5439 tium,
952 5384 1010 5430 et
1056 5376 1164 5431 alia
1202 5389 1544 5445 quascunque
1583 5375 1768 5446 impiis
1815 5382 1872 5430 et
1920 5374 2306 5445 peccatoribus

732 5464 1018 5533 Scriptura
1042 5473 1228 5520 sancta
1260 5463 1523 5527 minatur,
1554 5464 1695 5520 ridet
1719 5464 1907 5527 miser,
1949 5476 2051 5518 nec
2078 5462 2192 5532 ipse
2216 5463 2307 5532 ju-

731 5547 939 5605 dicium
962 5559 1305 5621 exspectans,
1327 5561 1385 5608 et
1405 5551 1547 5621 aliis,
1566 5567 1636 5610 ne
1651 5558 1919 5620 metuant,
1939 5551 2139 5627 jubcns
2163 5565 2306 5622 quae,

807 5680 853 5713 "
876 5680 1067 5739 Matth.
1093 5700 1208 5753 vm,
1235 5684 1325 5743 29.

2411 4640 2675 4710 Γραφαῖς,
2705 4632 2775 4709 ἧς
2806 4637 2919 4691 οὐδ’
2945 4638 2996 4691 oi
3024 4637 3246 4708 μακρὰν
3278 4638 3380 4708 τῆς
3412 4638 3761 4708 Χριστιανῶν
3804 4638 3996 4692 θεοσο-

2411 4730 2539 4798 φίας
2581 4729 2944 4800 ἁπεριήχητοι
2980 4729 3382 4798 μεμενήκασιν,
3414 4729 3511 4800 τὴν
3545 4729 3715 4800 μόνην
3753 4729 3854 4783 καὶ
3886 4728 3998 4783 τῶν

2411 4819 2666 4873 ἑστώτων
2709 4820 2941 4891 ἵδρυσιν,
2974 4820 3071 4871 καὶ
3113 4818 3223 4873 τῶν
3247 4822 3623 4874 πεπτωκότων
3657 4820 3991 4889 ἁνόρθωσιν.

2407 4911 2518 4965 τῶν
2567 4927 2630 4965 τε
2659 4910 3070 4982 ἡμαρτηκότων
3117 4909 3435 4981 φάρμακον,
3471 4908 3691 4964 καὶτοῦ
3735 4910 3995 4963 διαϐόλου

2407 5005 2558 5069 ἄξιον
2609 5004 2784 5068 τέλος,
2819 5004 2890 5073 ἦν
2947 5003 3075 5057 οὐδὲ
3124 5005 3153 5057 ό
3207 5003 3456 5067 διάϐολος
3498 5002 3597 5057 καὶ
3631 5004 3705 5056 οἱ-
3730 5004 3995 5073 δαίμονες

2404 5095 2748 5165 ἀρνήσασθαι
2806 5093 3130 5164 ὑπέμειναν,
3187 5094 3447 5163 λέγοντες
3500 5094 3580 5163 τῷ
3640 5094 3996 5164 Σωτῆρι·τί

2408 5186 2552 5254 ἡμῖν
2601 5185 2700 5239 καί
2746 5185 2869 5251 σοί,
2888 5186 3094 5253 Ἰησοῦ
3129 5186 3226 5242 Υἱὲ
3273 5186 3383 5241 τοῦ
3431 5185 3626 5254 Θεοῦ;
3656 5183 3850 5255 ἦλθες
3878 5188 3997 5256 πρὸ

2406 5277 2616 5345 καιροῦ
2631 5278 2973 5341 βασανίσαι
2995 5276 3154 5347 ἡμᾶς
3170 5295 3185 5309 ο
3214 5280 3317 5349 τήν
3331 5295 3391 5332 τε
3408 5280 3633 5346 γέενναν
3654 5279 3755 5331 καὶ
3775 5278 3841 5331 τὸ
3867 5280 3993 5331 σκό-

2409 5384 2519 5432 τος,
2552 5368 2762 5423 καὶτὸν
2795 5369 3042 5440 βρυγμὸν
3066 5369 3174 5423 τῶν
3207 5369 3459 5431 ὀδόντων,
3501 5368 3598 5421 καὶ
3618 5368 3688 5422 τὰ
3719 5368 3866 5423 ἄλλα
3895 5371 3994 5423 ὅσα

2405 5458 2695 5531 ἡπείληται
2723 5462 2834 5524 τοῖς
2865 5460 3090 5514 ἁσεὸἐσι
3123 5460 3222 5515 καὶ
3249 5458 3627 5532 ἁμαρτωλοῖς,
3663 5460 3806 5532 γελᾷ
3832 5463 3864 5515 ό
3883 5461 3995 5515 δεί-

2406 5551 2556 5615 λαιος
2578 5567 2591 5580 ·
2627 5549 2740 5604 οὔτ’
2768 5551 2932 5617 αὐτὸς
2958 5552 3132 5627 αὐτὴν
3153 5551 3494 5628 προσδοκῶν,
3528 5552 3628 5607 καὶ
3651 5554 3773 5617 τοῖς
3804 5552 3991 5617 ἄλλοις
