4218 6444
740 439 867 504 I367

1999 446 2309 509 LEONTII
2352 447 2753 506 BYZANTINI

3847 447 3973 512 1363

803 552 963 607 XVII.
1021 554 1084 607 Et
1108 553 1239 622 quid
1269 568 1379 608 non
1409 564 1527 609 erat
1557 562 1801 621 acturus,
1833 556 1926 627 qui
1977 558 2032 612 in
2079 575 2146 613 eo
2174 575 2301 628 age-
2333 563 2375 618 Λ

2333 563 2375 618 Λ
2477 563 2576 613 IZ'.
2608 562 2717 614 Καὶ
2748 561 2800 613 τί
2855 558 2963 631 γὰρ
3006 561 3104 613 οὐκ
3155 559 3346 631 ἔμελλε
3401 561 3638 630 δράσειν,
3665 564 3694 614 ό
3735 562 3790 614 ἒν
3832 563 3975 629 αὐτῷ

729 642 843 706 bat,
897 644 1193 711 impietatis
1239 645 1492 700 inventor
1519 655 1575 700 et
1614 649 1810 717 pater?
1848 649 1993 704 Duos
2040 650 2207 720 igitur
2240 650 2304 702 li-

727 735 858 789 bros
886 735 1359 805 Paralipomenon,
1390 739 1626 807 primum
1663 747 1719 793 et
1761 740 2063 794 secundum
2104 742 2304 797 simili-

729 838 833 889 ter,
885 827 1089 882 malum
1124 830 1269 884 malo
1300 830 1526 895 addens,
1563 840 1619 885 et
1663 832 1887 902 insuper
1935 833 2164 888 Esdram
2216 852 2302 890 re-

725 919 997 986 pudiavit.

797 1009 984 1065 XVIII.
1007 1012 1228 1067 Divinas
1251 1012 1416 1083 igitur
1441 1013 1757 1084 Scripturas
1785 1016 2118 1086 aggreditur,
2153 1027 2209 1072 et
2235 1034 2298 1072 ex

723 1098 942 1154 duobus
969 1101 1264 1170 generibus
1288 1102 1752 1171 splendidioribus
1794 1113 1984 1158 contra
2035 1106 2298 1175 Spiritum

724 1187 972 1272 sanctum
1010 1194 1255 1248 certandi
1290 1195 1567 1250 laudatum
1601 1196 1705 1251 sibi
1737 1196 1919 1251 aufert
1947 1215 1960 1262 ;
1999 1213 2027 1251 a
2057 1199 2298 1252 secundo

721 1285 982 1351 abstinet,
1027 1297 1082 1342 et
1125 1289 1249 1342 aliis
1301 1289 1482 1354 cedit;
1522 1305 1590 1344 an
1625 1299 1687 1344 ut
1719 1291 1773 1346 in
1805 1291 1886 1346 eis
1911 1294 2210 1353 luetentur,
2243 1301 2299 1346 et

719 1376 988 1432 \‘incant?
1033 1379 1409 1448 Nequaquam.
1467 1379 1572 1434 Sed
1609 1383 1757 1450 quia,
1812 1389 1872 1435 ut
1927 1382 2294 1445 existimabat,

719 1476 996 1522 certamen
1047 1477 1239 1524 contra
1283 1471 1600 1539 Seripturas
1624 1484 1839 1526 sanctas
1869 1471 2083 1525 ﬁnitum
2109 1473 2211 1526 sibi
2242 1484 2298 1528 et

717 1570 999 1627 peractum
1027 1572 1168 1623 erat,
1204 1562 1506 1617 secundum
1540 1579 1762 1619 cursum
1813 1564 1995 1632 primo
2031 1565 2295 1633 mqualem

716 1647 974 1712 «rmiﬁcit;
1009 1657 1066 1703 et
1093 1665 1162 1704 ne
1195 1652 1248 1704 in
1280 1651 1511 1720 singulis
1539 1653 1924 1721 aggrediendis
1951 1638 2297 1720 defatigare-

717 1744 828 1799 tur,
859 1747 1050 1792 contra
1085 1739 1319 1808 primam
1360 1740 1644 1808 religionis
1677 1739 2007 1794 Christianae
2036 1740 2295 1793 informa-

718 1828 924 1880 tionem
953 1837 1079 1890 stat,
1135 1838 1189 1882 et
1235 1829 1490 1883 deiﬁcum
1527 1811 1832 1900 symbolum
1863 1843 2054 1882 eorum
2090 1830 2183 1898 qui
2213 1845 2296 1883 re-

716 1927 1073 1984 generantur,
1110 1919 1268 1984 tollit,
1293 1919 1476 1984 ﬁdem,
1514 1921 1758 1989 inquam,
1813 1920 2006 1991 synodi
2037 1921 2291 1985 Nic-agnae,

715 2021 824 2059 non
875 2008 1050 2061 solum
1097 2009 1360 2063 mutilans
1414 2009 1623 2078 ipsum,
1678 2010 1775 2064 sed
1811 2025 2030 2064 omnem
2077 2010 2296 2078 penitus

717 2097 878 2151 ﬁdem
911 2097 1223 2164 destruens,
1271 2109 1329 2154 et
1381 2100 1544 2155 aliam
1595 2111 1795 2171 prteter
1849 2101 1996 2156 illam
2050 2101 2290 2167 tradens,

713 2203 813 2256 pro
873 2190 1048 2244 nihilo
1100 2190 1306 2247 docens
1347 2193 1437 2247 illa
1483 2201 1635 2248 tanta
1681 2193 1911 2258 lumina,
1952 2208 2130 2263 neque
2185 2202 2292 2247 tam

713 2282 887 2336 audax
919 2283 1133 2339 facinus
1159 2285 1582 2354 perhorrescens
1614 2301 1626 2336 :
1661 2284 1810 2338 aliud
1841 2284 2010 2348 enim,
2065 2293 2126 2337 ut
2153 2284 2288 2348 dixi,

712 2375 1018 2444 symbolum
1077 2376 1225 2440 ﬁdei,
1285 2376 1369 2430 vel
1420 2375 1602 2445 potius
1653 2376 1830 2431 dicam
1872 2374 2114 2445 perﬁdiae
2152 2374 2286 2437 edit,

711 2465 806 2534 qui
837 2475 960 2534 post
983 2465 1144 2520 ﬁdem
1173 2467 1228 2520 in
1251 2467 1422 2521 Deum
1458 2465 1696 2526 Patrem,
1735 2474 1792 2520 et
1820 2464 2166 2534 unigenitum
2196 2464 2287 2518 Fi-

708 2555 866 2618 lium,
897 2565 955 2609 et
999 2554 1264 2624 Spiritum
1300 2563 1570 2620 sanctum,
1609 2555 1832 2624 scripsit
1869 2555 2092 2610 credere
2139 2561 2195 2608 et
2231 2553 2285 2607 in

709 2646 1000 2700 Dominum
1045 2648 1228 2702 Jesum
1279 2647 1580 2710 Christum,
1638 2646 1997 2702 iutroducens
2034 2656 2283 2717 quartam

709 2750 1002 2805 personam
1057 2737 1110 2790 in
1141 2745 1386 2792 sanctam
1417 2736 1762 2801 Trinitatem,
1801 2749 1858 2791 et
1888 2739 1943 2791 in
1991 2737 2128 2792 duas
2156 2752 2285 2806 pcr-

709 2840 874 2880 sonas
901 2825 1180 2882 Christum
1211 2837 1268 2882 et
1301 2829 1475 2883 Deum
1504 2838 1752 2883 nostrum
1781 2827 2063 2895 dividens;
2097 2843 2160 2883 ac
2192 2844 2284 2882 ve-

2405 653 2709 723 ἐνεργήσας
2761 652 2862 722 τῆς
2915 652 3168 716 ἀσεϐείας
3219 641 3446 722 εὑρετής
3491 672 3548 706 τε
3599 655 3690 706 καί
3749 657 3974 721 πατήρζ

2404 742 2515 806 Τὰς
2554 743 2684 811 γοῦν
2745 742 3232 811 Παραλειπομένας
3281 742 3574 805 ὡσαύτως,
3607 743 3760 810 κακῷ
3807 745 3978 795 κακὸν

2405 831 2740 902 προστιθεὶς,
2790 831 3016 900 πρώτην
3061 848 3122 882 τε
3171 831 3265 882 καὶ
3310 829 3594 900 δευτέραν,
3631 832 3872 902 Ἐσδραν
3917 845 3974 880 τε

2402 924 2540 994 πρὸς
2569 925 2688 986 ταῖς
2711 923 3035 993 εἰρημέναις
3066 922 3342 986 ἐξέϐαλεν.

2471 1015 2581 1068 III'.
2614 1010 2737 1083 'Ap’
2769 1008 2862 1065 οὐν
2907 1015 3023 1076 ταῖς
3058 1012 3155 1082 μὲν
3204 1013 3377 1074 θείαις
3414 1013 3658 1082 Γραφαῖς
3711 1012 3971 1081 ἐγχειρεῖ,

2401 1106 2627 1158 καὶτῶν
2672 1105 3069 1174 λαμπροτέρων
3099 1103 3240 1156 κατὰ
3268 1105 3362 1156 τοῦ
3409 1102 3728 1172 Πνεῦματος
3770 1107 3973 1168 ἀγωνι-

2403 1195 2624 1264 σμάτων
2652 1195 2710 1246 τὸ
2738 1195 3022 1264 εὐδόκιμον
3060 1196 3422 1264 ἀποφέρεται,
3451 1195 3558 1248 τῶν
3601 1195 3658 1246 δὲ
3703 1195 3974 1263 δευτέρων

2398 1289 2685 1358 ἀπέχεται,
2714 1287 2808 1340 καλ⁵
2839 1291 3162 1357 παραχωρεῖ
3186 1288 3367 1351 ἄλλοις
3399 1287 3500 1355 τῆς
3531 1287 3659 1352 γοῦν
3685 1290 3744 1338 ὲν
3759 1287 3973 1347 τούτοις

2401 1382 2576 1449 πάλης
2623 1379 2716 1432 καὶ
2779 1379 3303 1450 νῖκηςςοῦμενοῦν.
3383 1380 3600 1450 Ἐπειδὴ
3671 1378 3821 1446 γὰρ,
3900 1379 3974 1439 ὡς

2367 1486 2370 1487 ⁷
2397 1471 2555 1542 ᾤετο,
2579 1473 2608 1524 ὁ
2631 1470 2773 1524 κατὰ
2798 1472 2907 1522 τῶν
2936 1470 3309 1523 θεοπνεύστων
3342 1468 3489 1538 αὐτῷ
3510 1469 3744 1536 Γραφῶν
3782 1466 3975 1526 ἄεθλος

2397 1560 2742 1613 ὲκτετέλεστο
2769 1560 2864 1613 καὶ⁵
2891 1559 3164 1628 διήνυστο,
3199 1558 3456 1628 δεύτερον
3483 1557 3696 1623 ὲξανύει
3726 1557 3970 1614 δίαυλον,

2396 1651 2475 1720 τῷ
2507 1649 2706 1720 πρώτῳ
2744 1649 3181 1720 παρισούμενον·
3215 1651 3310 1702 καὶ
3339 1650 3426 1702 ἵνα
3463 1652 3574 1712 τοῖς
3625 1649 3767 1700 κατᾶ
3806 1650 3971 1716 μέρος

2355 1754 2369 1766 ⁸
2396 1743 2664 1829 ἐγχειρῶν
2700 1741 2775 1810 μὴ
2815 1741 3026 1812 κὰμνῃ,
3054 1742 3190 1813 πρὸς
3218 1741 3316 1811 τὴν
3353 1741 3578 1811 πρώτην
3625 1743 3972 1810 στοιχεὲωσιν

2395 1833 2490 1884 τοῦ
2518 1828 2946 1902 Χριστιανισμοῦ
2993 1833 3226 1892 ἵσταται.
3252 1832 3347 1885 καὶ
3380 1832 3438 1884 τὸ
3466 1831 3711 1883 θεοποιδν
3763 1828 3970 1896 σύμϐο-

2397 1921 2485 1974 λον
2513 1921 2620 1974 τῶν
2653 1913 3116 1990 ἁναγεννωμένων
3140 1922 3520 1992 διαγράφεται,
3552 1921 3651 1997 τῂν
3678 1923 3738 1972 ὲν
3764 1921 3974 1988 Nan-Ic;

2397 2011 2540 2079 φημὶ
2576 2011 2783 2073 πίστιν,
2809 2011 2910 2063 οὐκ
2937 2000 3383 2081 ἁκρωτηρὶὰζων
3423 2009 3557 2063 αὐτὸ
3606 2010 3789 2078 μόνον,
3834 2008 3971 2060 ἁλλὰ

2397 2102 2575 2154 πᾶσαν
2604 2100 2700 2153 καὶ
2729 2101 2912 2154 τέλεον
2942 2101 3477 2171 ἁποσκευαζόμενος,
3508 2101 3603 2154 καὶ
3637 2100 3972 2170 παραδιδοὺς

2394 2190 2525 2257 παρ’
2555 2191 2769 2260 ἐκείνην
2792 2190 3006 2259 ἑτέραν,
3040 2191 3209 2260 μηδὲν
3239 2190 3602 2259 λογισάμενος
3637 2192 3769 2251 τοὺς
3812 2189 3972 2258 τηλι-

2393 2280 2618 2342 κούτους
2662 2283 2977 2351 φωστῆρας,
3018 2282 3141 2335 οὐδὲ
3188 2282 3386 2352 φρίξας
3427 2281 3564 2352 προς
3591 2282 3651 2334 τὸ
3690 2281 3972 2350 τολμηρὸν

2390 2375 2489 2442 τῆς
2516 2374 2885 2443 ἐγχειρήσεως
2911 2387 2926 2402 ο
2961 2374 3149 2443 ’ἕτερον
3191 2372 3418 2443 γὰρ,ὼς
3473 2371 3634 2442 ἔφην,
3675 2372 3972 2424 ἐκτίθεται

2392 2461 2649 2527 πίστεως,
2681 2461 2883 2532 μᾶλλον
2906 2462 2964 2516 δὲ
2983 2461 3262 2527 ἀπιστίας,
3292 2461 3562 2532 σύμϐολον
3595 2461 3736 2530 μετὰ
3758 2464 3862 2530 τὴν
3893 2463 3972 2523 εἰς

2389 2551 2521 2604 Θεὸν
2551 2549 2773 2620 Πατέρα
2816 2550 2912 2604 καὶ
2955 2551 3048 2604 τὸν
3092 2533 3358 2621 μονογενῆ
3406 2549 3534 2603 Υῖὺν
3578 2550 3673 2602 καὶ
3710 2549 3772 2600 τὸ
3811 2549 3971 2615 Ξιγιον

2389 2641 2614 2711 Πνεῦμα
2641 2642 2845 2705 πίστιν,
2874 2641 3156 2701 πιστεύειν
3179 2641 3396 2712 γράψας
3428 2642 3524 2694 καὶ
3541 2642 3623 2704 είς
3649 2639 3739 2692 τὸν
3766 2639 3971 2709 Κύριον

2401 2730 2607 2802 Ἰησοῦν
2637 2733 2894 2802 Χριστὸν,
2926 2733 3191 2804 τέταρτον
3223 2733 3519 2804 πρόσωπον
3551 2731 3867 2800 ἑπεισὰγων
3902 2734 3970 2801 τῇ

2386 2823 2514 2893 ἁγία
2545 2824 2736 2896 Τριὰδι
2774 2825 2866 2877 καὶ
2910 2823 3278 2894 καταδιαιρῶν
3331 2824 3414 2887 είς
3445 2823 3553 2877 δύο·
3575 2824 3849 2889 πρόσωπα
3901 2821 3971 2875 τὰ

708 2929 771 2967 ro
811 2914 1033 2983 quidem
1085 2914 1383 2986 Filio,qu:e
1429 2917 1614 2972 divina
1643 2927 1792 2983 sunt,
1835 2917 2122 2983 tribuens;
2161 2933 2288 2987 pro-

2383 2914 2477 2968 τοῦ
2516 2914 2634 2978 ἐνὸς
2663 2914 2906 2985 Χριστοῦ
2947 2915 3044 2968 καὶ
3074 2914 3212 2968 Θεοῦ
3250 2913 3443 2984 ήμῶν⁹
3472 2914 3569 2967 καὶ
3597 2913 3674 2984 τῷ
3693 2914 3792 2982 μὲν
3836 2913 3970 2981 ἁλη-

708 3004 832 3074 prio
863 3013 1045 3060 autem
1084 3003 1325 3070 Christo,
1377 3023 1500 3076 qua:
1537 3007 1815 3062 hominem
1847 3008 2042 3063 decent
2087 3016 2143 3061 et
2177 3007 2283 3061 bu-

709 3108 869 3145 rnana
903 3103 1052 3153 sunt,
1081 3103 1138 3148 et
1164 3095 1218 3148 in
1245 3094 1439 3164 primis
1471 3103 1653 3149 ortum
1685 3112 1750 3149 ex
1777 3094 2022 3164 Virgine.

2385 3005 2516 3074 θινῷ
2564 3004 2679 3074 Υἱῷ
2707 3005 2776 3058 τὰ
2799 3005 2916 3058 θεῖα
2943 3005 3270 3076 προσνέμων
3293 3005 3388 3058 καὶ
3415 3005 3515 3074 τὴν
3538 3004 3652 3058 ἁνω
3684 3005 3968 3072 γέννησιν,

2381 3096 2458 3165 τῷ
2473 3095 2529 3149 δὲ
2557 3095 2673 3167 ἰδίῳ
2694 3097 2919 3180 Χριστῷ
2940 3097 3008 3150 τὰ
3029 3095 3478 3167 ἁνθρωποπρεπῆ
3498 3095 3594 3148 καὶ
3622 3096 3968 3165 ἀνθρώπινα,

779 3180 922 3234 XIX.
975 3182 1153 3236 Audet
1203 3193 1259 3236 et
1302 3183 1449 3238 aliud
1480 3185 1683 3238 malum
1714 3200 1826 3238 non
1861 3184 2163 3238 secundum
2209 3184 2277 3238 ad
2307 3212 2350 3268 ο
2383 3203 2445 3239 κα

2087 3199 2163 3236 ΠΗ
2209 3184 2277 3238 ad
2307 3212 2350 3268 ο
2383 3187 2475 3239 καὶ
2517 3187 2622 3256 πρό
2646 3203 2710 3254 γε
2740 3186 2930 3239 τούτου
2957 3186 3058 3257 τὴν
3085 3186 3148 3239 ὲκ
3172 3186 3447 3256 Παρθένου
3478 3186 3753 3255 γέννησιν.

709 3274 992 3342 superiora
1035 3275 1248 3329 :aliam
1315 3275 1462 3328 enim
1515 3276 1730 3330 Missam
1793 3276 2032 3330 eﬁ‘utivit
2081 3285 2280 3345 prater

708 3367 860 3420 illam
903 3381 1023 3434 quae
1072 3381 1102 3419 a
1134 3365 1394 3420 Patr-ibus
1427 3366 1624 3420 tradita
1659 3377 1743 3422 est
1769 3367 2051 3430 Ecelesiis,
2105 3383 2283 3436 neque

707 3458 981 3512 reveritus
1017 3457 1162 3512 illam
1191 3459 1560 3528 apostolorum
1587 3501 1601 3524 ,
1634 3475 1737 3515 nec
1774 3459 1922 3513 illam
1971 3460 2149 3530 magni
2185 3459 2283 3513 Ba-

707 3547 818 3599 silii
862 3547 916 3600 in
958 3545 1149 3601 eodem
1187 3544 1394 3616 Spiritu
1431 3549 1794 3618 conscriptam
1835 3567 1846 3601 :
1896 3548 1949 3601 in
1978 3564 2084 3618 qua
2123 3548 2284 3602 Missa

711 3636 1086 3706 biasphcmiis,
1119 3653 1229 3692 non
1253 3639 1661 3707 precationibus
1685 3639 1780 3709 τήν
1802 3639 2054 3708 Τελετήν,
2091 3639 2142 3692 id
2175 3647 2280 3700 est,

707 3727 1026 3799 mysterium
1051 3729 1434 3794 Eucharistiae,
1461 3730 1702 3798 Opplevit
1730 3748 1744 3783 :
1775 3746 1844 3784 an
1879 3739 1940 3783 ut
1966 3729 2108 3783 alius
2133 3728 2284 3782 Auti-

709 3820 949 3873 ehristus
966 3819 1146 3873 adhuc
1161 3831 1524 3890 exspectetur,
1542 3837 1639 3890 par
1661 3830 1765 3903 est,
1785 3822 1876 3890 qui
1902 3821 1980 3876 sic
2002 3821 2281 3875 Christum

709 3911 910 3972 oderit,
960 3921 1163 3982 etquae
1186 3910 1388 3966 Christi
1421 3921 1570 3975 sunt,
1625 3896 1835 3967 mutare
1866 3913 2113 3967 nitatur?
2161 3913 2280 3968 Non

707 4005 963 4075 equidem
995 4014 1147 4074 puto.
1186 4005 1348 4066 Satis.
1388 4005 1632 4075 inquam,
1667 4015 1751 4061 est
1782 4007 1894 4073 hic,
1927 4013 1986 4059 ut
2010 4007 2064 4060 in
2099 4005 2280 4059 omni-

709 4099 814 4151 bus
840 4097 960 4154 loco
992 4105 1049 4152 et
1085 4097 1203 4152 vice
1232 4097 1377 4152 illius
1403 4098 1493 4157 sit,

777 4377 896 4432 ΧΧ.
960 4375 1101 4431 Audi
1146 4383 1406 4446 pratterea
1458 4383 1515 4430 et
1562 4374 1667 4428 alia
1696 4375 1836 4444 ejus,
1893 4389 2015 4444 qua:
2074 4374 2278 4428 bonum

705 4477 825 4522 erat
881 4475 938 4521 et
970 4468 1204 4521 maxime
1234 4467 1538 4536 optandum
1564 4467 1728 4521 etiam
1771 4481 1883 4520 non
1933 4465 2146 4520 audire.
2182 4465 2279 4520 Ju-

2467 3274 2567 3330 IB'.
2596 3276 2783 3345 Τολμᾷ
2814 3279 2907 3330 καὶ
2951 3275 3136 3348 ἕτερον
3190 3275 3358 3328 κακὸν
3406 3275 3517 3328 τῶν
3548 3273 3879 3344 εἰρημένων
3904 3273 3968 3326 οὐ

2390 3367 2663 3438 δεύτερον.
2718 3367 3027 3436 ’Δναφορὰν
3079 3366 3188 3438 γὰρ
3235 3365 3507 3436 σχεδιάζει
3563 3366 3760 3433 ἑτέραν
3811 3365 3969 3435 παρὰ

2390 3459 2490 3528 τὴν
2509 3458 2782 3527 πατρόθεν
2802 3461 2922 3522 ταῖς
2938 3458 3285 3528 Ἐκκλησίαις
3314 3456 3789 3526 παραδεδομένην,
3826 3457 3970 3525 μήτε

2389 3551 2490 3618 τήν
2519 3549 2628 3601 τῶν
2667 3549 2984 3602 ἀποστόλων
3019 3548 3307 3612 αἰδεσθεὶς,
3340 3550 3482 3617 μήτε
3520 3547 3577 3599 δὲ
3611 3546 3709 3616 τὴν
3741 3547 3838 3605 τοῦ
3873 3563 3974 3616 με·

2390 3637 2556 3715 γὰλου
2587 3637 2871 3690 Βασιλείου
2911 3639 2970 3690 ὲν
3002 3636 3078 3706 τῷ
3101 3636 3252 3704 αὐτῷ
3297 3635 3577 3702 Πνεύματι
3626 3633 3969 3702 συγγραφεῖ-

2391 3748 2518 3799 σαν,
2563 3730 2721 3799 λόγου
2782 3729 2926 3794 τινος
2981 3729 3183 3800 κρίνων
3239 3727 3435 3790 ἀξίαν·
3491 3725 3548 3777 ἐν
3689 3724 3970 3793 Ἀναφορᾷ

2392 3822 2749 3892 βλασφημιῶν
2784 3823 2864 3893 (οὐ
2887 3821 2997 3890 γὰρ
3023 3820 3220 3888 εὐχῶν)
3253 3817 3490 3886 Τελετὴν
3521 3816 3928 3885 ἀπεπλήρωσεν
3950 3831 3965 3846 ⁸

2388 3908 2594 3984 ἄρόὖν
2648 3913 2734 3976 τίς
2783 3913 2972 3984 ἔτερος
3007 3912 3396 3981 Ἀντίχριστος,
3427 3907 3838 3980 προσδοκᾶσθαι
3885 3907 3968 3960 ἔτι

2387 4005 2538 4072 ἄξιος
2561 4005 2668 4076 εἴη,
2698 4005 2840 4058 οῦτω
2869 4005 2938 4057 τὰ
2960 4003 3053 4056 τοῦ
3085 4001 3324 4071 Χριστοῦ
3358 4001 3530 4070 μισῶν
3562 4016 3622 4052 τε
3653 3995 3750 4052 καὶ
3785 4016 3969 4068 παρα-

2388 4099 2558 4150 κινεῖν
2603 4095 2976 4165 πειρὼμενοςς
3025 4090 3168 4160 Ἐγὼ
3209 4091 3310 4162 μὲν
3360 4092 3461 4145 οὐκ
3500 4087 3674 4161 οἶμαι.
3721 4089 3966 4160 Ἀπόχρη

2389 4187 2520 4257 γὰρ,
2551 4186 2714 4256 φημὶ,
2748 4184 2844 4239 καὶ
2877 4178 3131 4249 οὐτος,ὲν
3164 4182 3337 4236 ἅπασι
3357 4182 3688 4260 τδνυὲκείνου
3711 4181 3969 4250 ἀποπλη-

2390 4277 2563 4350 ρῶσαι
2591 4261 2754 4329 τότίδν
2782 4275 2876 4327 καὶ
2915 4275 3118 4344 τρόπον

2457 4365 2544 4422 ις’.
2570 4367 2768 4419 ¹Ἄκουε
2791 4364 2848 4418 δὲ
2880 4363 3046 4418 αὐτοῦ
3075 4366 3174 4418 καὶ
3203 4364 3272 4418 τὰ
3295 4364 3482 4437 ἕτερα,
3518 4357 3595 4419 ὧν
3622 4363 3763 4435 μήτε
3791 4363 3966 4418 ἁκοῦ⁹

2389 4474 2481 4510 σαι
2513 4456 2677 4509 καλόν
2706 4473 2766 4508 τε
2804 4455 2898 4508 καὶ
2925 4454 3317 4510 εὐκταιότατον
3358 4450 3448 4526 ἦν.
3492 4455 3605 4525 Τὴν
3638 4455 3828 4524 κρίσιν
3865 4453 3966 4507 τοῦ

705 4558 910 4612 dicium
933 4558 1028 4611 Dei
1063 4557 1116 4610 in
1143 4557 1401 4611 erunibus
1436 4558 1640 4610 sanctis
1673 4555 1974 4625 Scripturis
2000 4555 2146 4608 clara
2176 4569 2275 4607 νο·
2307 4553 2356 4612 D

2307 4547 2539 4612 οΘεοῦ,
2574 4546 2674 4618 τὴν
2729 4547 2789 4600 ἐν
2844 4546 3049 4608 πάσαις
3100 4547 3220 4608 ταῖς
3286 4546 3475 4614 ἁγίαις
3526 4545 3969 4615 διαϐεϐοημένην

705 4665 769 4703 ce
799 4648 1203 4711 denuntiatum,
1244 4647 1390 4716 quod
1421 4662 1523 4702 nec
1557 4647 1624 4700 iis
1655 4648 1748 4716 qui
1777 4663 1809 4700 a
1837 4646 2276 4701 Christianorum

706 4741 971 4809 religione
1001 4740 1191 4808 procul
1238 4739 1462 4802 absunt,
1511 4738 1713 4792 mansit
1759 4737 2088 4799 inauditum,
2130 4735 2277 4805 quod

703 4837 789 4884 est
819 4830 1220 4883 ﬁrmamentum
1268 4828 1550 4890 stantium,
1600 4835 1658 4883 et
1709 4829 1987 4896 lapsorum
2044 4825 2273 4888 erectio,

703 4929 758 4975 et
796 4919 1141 4989 peccantium
1187 4918 1482 4981 medicina,
1525 4925 1581 4972 et
1627 4917 1832 4971 diaboli
1885 4916 2084 4985 dignus
2107 4913 2270 4978 ﬁnis;

703 5009 851 5079 quod
881 5025 1059 5078 neque
1087 5008 1337 5063 diabolus
1359 5017 1415 5061 et
1439 5007 1715 5063 daemones
1743 5022 1942 5078 negare
1974 5009 2090 5063 ausi
2123 5015 2270 5068 sunt,

2384 4640 2647 4709 Γραφαῖς,
2677 4631 2747 4708 ἦς
2779 4635 2890 4688 οὐδ’
2917 4637 2966 4688 οι
2995 4635 3218 4706 μακρὰν
3251 4637 3352 4706 τῆς
3385 4636 3730 4706 Χριστιανῶν
3773 4636 3971 4689 θεοσο-

2383 4730 2510 4796 φίας
2553 4729 2915 4799 ἀπεριήχητοι
2953 4727 3354 4796 μεμενήκασιν,
3386 4727 3483 4797 τὴν
3517 4727 3685 4797 μόνην
3724 4727 3822 4780 καὶ
3856 4726 3972 4779 τῶν

2383 4818 2636 4872 ἑστώτων
2681 4819 2912 4890 ἵδρυσιν,
2946 4818 3042 4869 καὶ
3085 4817 3194 4870 τῶν
3219 4821 3594 4871 πεπτωκότων
3629 4818 3964 4886 ἁνόρθωσιν,

2379 4911 2489 4964 τῶν
2540 4927 2601 4963 τε
2632 4909 3041 4980 ἡμαρτηκότων
3089 4907 3406 4979 φάρμακον,
3444 4907 3661 4962 καὶτοῦ
3707 4908 3970 4961 διαϐόλου

2379 5005 2529 5068 ἄξιον
2581 5003 2755 5067 τέλος,
2791 5003 2861 5072 ἢν
2919 5002 3046 5056 οὐδὲ
3097 5004 3124 5055 ὁ
3180 5002 3430 5065 διάϐολος
3471 5001 3568 5055 καὶ
3603 5002 3668 5053 οἱ·
3701 5002 3968 5070 δαίμονες

703 5118 829 5156 cum
857 5102 1123 5156 Salvatori
1149 5101 1408 5156 dixerunt
1439 5119 1452 5153 :
1485 5099 1624 5165 Quid
1646 5103 1793 5156 nobis
1825 5111 1874 5154 et
1909 5102 2020 5165 tibi,
2037 5102 2158 5156 Iesu
2179 5101 2283 5155 Fili

2376 5095 2720 5163 ἀρνήσασθαι
2778 5093 3101 5162 ὑπέμειναν,
3160 5093 3420 5160 λέγοντες
3472 5092 3552 5160 τῷ
3613 5091 3870 5160 Σωτῆρι·
3904 5095 3969 5146 Τί

704 5192 1044 5246 Βείῗυεηὶθεὶ
1069 5202 1193 5244 ante
1225 5198 1429 5262 tempus
1461 5199 1706 5262 torquere
1741 5208 1834 5244 nos
1854 5192 1932 5256 ³⁶;
1999 5193 2104 5247 hoc
2129 5191 2282 5261 judi-

704 5283 873 5346 cium,
908 5292 965 5338 et
989 5283 1319 5353 gehennam,
1347 5292 1405 5338 et
1437 5284 1713 5348 tenebras,
1745 5292 1801 5336 et
1823 5283 2114 5337 stridorem
2140 5284 2275 5337 den-

704 5375 866 5438 tium,
925 5384 982 5430 et
1029 5375 1136 5430 alia
1177 5389 1517 5444 quaecunque
1556 5374 1740 5444 impiis
1788 5382 1844 5429 et
1893 5373 2278 5444 peccatoribus

705 5464 990 5533 Scriptura
1016 5473 1200 5519 sancta
1233 5463 1496 5526 minatur,
1528 5463 1668 5519 ridet
1693 5463 1880 5526 miser,
1922 5477 2023 5516 nec
2051 5461 2164 5531 ipse
2189 5462 2279 5530 ju-

705 5548 911 5605 dicium
935 5560 1279 5620 exspectans,
1301 5560 1358 5607 et
1379 5551 1520 5619 aliis,
1539 5567 1608 5608 ne
1625 5557 1891 5618 metuant,
1913 5550 2111 5626 jubens
2137 5565 2278 5620 quae,

779 5681 825 5713 ³⁶
849 5681 1040 5739 Matth.
1067 5700 1180 5752 vm,
1209 5684 1298 5742 29.

2380 5185 2524 5252 ἡμῖν
2573 5185 2672 5238 καὶ
2719 5185 2840 5248 σοὶ,
2860 5185 3066 5252 Ἰησοῦ
3102 5184 3198 5240 Υιὲ
3247 5185 3354 5239 τοῦ
3405 5184 3555 5238 Θεοῦ
3581 5200 3598 5247 ;
3628 5181 3818 5252 ἦλθες
3847 5187 3971 5253 πρὸ

2379 5277 2587 5343 καιροῦ
2604 5277 2944 5340 βασανίσαι
2967 5275 3127 5345 ἡμᾶς
3143 5294 3157 5307 ·
3188 5279 3290 5346 τήν
3305 5293 3363 5330 τε
3381 5279 3605 5343 γέενναν
3626 5277 3723 5328 καὶ
3745 5275 3808 5327 τὸ
3836 5277 3967 5328 σκόι

2382 5383 2491 5431 τος,
2525 5367 2735 5422 καὶτὸν
2768 5368 3014 5438 βρυγμὸν
3039 5368 3146 5421 τῶν
3181 5368 3432 5429 ὀδόντων,
3475 5366 3569 5419 καὶ
3591 5366 3658 5420 τὰ
3690 5366 3833 5419 ἄλλα
3863 5368 3969 5420 ὅσα

2378 5457 2668 5529 ὴπείληται
2697 5462 2806 5522 τοῖς
2838 5459 3062 5513 ἀσεϐέσι
3096 5459 3194 5513 καὶ
3222 5457 3599 5530 ἁμαρτωλοῖς,
3634 5458 3771 5528 γελᾷ
3800 5459 3830 5511 ὁ
3851 5458 3970 5511 δεί-

2379 5549 2562 5614 λαιοςο
2601 5549 2712 5602 οὐτ’
2741 5551 2904 5616 αὐτὸς
2931 5551 3104 5626 αὐτὴν
3127 5550 3467 5626 προσδοκῶν,
3502 5550 3598 5605 καὶ
3623 5551 3738 5612 τοῖς
3770 5548 3966 5614 ἄλλοις
