4218 6444
261 429 403 500 1369

1226 440 1389 500 ADV.
1433 439 2137 503 INCORRUPTICOLAS
2174 441 2268 503 ΕΤ
2308 443 2624 504 NESTOR.

3384 448 3520 513 1370

255 548 688 621 δγκελευόμενος
743 549 819 623 μὴ
874 549 1103 605 δεδιέναι
1152 549 1335 619 φόϐοι,
1396 551 1474 615 ὡς
1521 552 1683 615 αὐτὸς
1733 552 1824 622 μιν

1866 555 1903 612 Α
1932 562 1993 609 ut
2028 556 2143 626 ipse
2174 565 2349 626 putat,
2391 556 2769 613 tantummodo
2822 557 2996 613 minas
3025 558 3250 615 habent.
3271 560 3364 615 \‘a-
3403 567 3515 617 vml

255 645 434 698 οἴεται
486 642 717 714 ἀπειλὴν
763 640 926 712 μόνον
978 642 1197 712 ἔχοντα.
1250 642 1336 706 At,
1375 644 1472 697 cii
1513 645 1547 714 ἡ
1597 648 1761 715 πεῖρα
1796 639 1845 697 δ’

255 735 426 787 αὐτὸν
451 734 655 796 πείσει,
685 733 876 804 ἐπειδὴ
897 734 1095 805 ἀπειλὴ
1124 735 1198 805 μὴ
1222 733 1526 802 πεφόὸηκε,
1550 737 1645 788 καὶ
1669 736 1843 789 ταῦτα

254 830 449 898 γραφῇ
481 825 819 896 παραδοῦναι
850 825 880 880 6
910 825 1113 896 ἀσεϐὴς
1146 828 1241 878 καὶ
1272 825 1443 888 ὅντως
1476 826 1677 895 ἄφοϐος
1702 867 1716 889 ,
1749 828 1843 881 καὶ

254 918 431 981 δντως
461 916 780 985 καταγελῶν
805 916 1033 988 σεισμοῦ
1058 918 1357 988 πυρφόρον,
1382 910 1444 970 οὗ
1474 918 1841 988 ἀντανῄρηται
1881 958 1884 962 λ

255 1010 404 1064 κατά
422 1011 517 1064 τὸν
531 1009 775 1065 διάϐολον
786 1008 857 1063 τά
867 1010 1108 1081 κρίματα
1122 1011 1215 1064 τοῦ
1230 1011 1367 1064 Θεοῦ
1385 1011 1493 1064 ἀπὸ
1516 1010 1836 1082 προσώπου.

302 1123 463 1187 ,ΚΑΩ
500 1122 603 1178 Διά
646 1124 819 1180 ταῦτά
867 1142 925 1179 σε
966 1125 1278 1192 ἀγαπῶσιν,
1308 1121 1354 1180 ὦ
1379 1126 1601 1193 Gallus,
1637 1130 1685 1182 οἱ
1737 1128 1839 1198 τῆς

254 1214 431 1284 αὐτῆς
470 1215 555 1270 σοὶ
597 1216 851 1288 μερίδος·
886 1217 1045 1272 τοῦτο
1098 1220 1287 1283 αὐτοῖς
1334 1220 1425 1273 τοῦ
1471 1220 1620 1274 θείου
1668 1223 1835 1289 φόϐου

250 1309 706 1380 ἀνταναιρετικὸν
726 1310 1045 1381 φάρμακον,
1065 1314 1266 1382 πικρὸν
1285 1314 1454 1377 ὅντως
1476 1316 1568 1367 καὶ
1586 1314 1838 1385 δακρύων

249 1400 406 1464 ἄξιον
456 1404 893 1474 πγκεκέρακας.
929 1403 1083 1474 Αὕτη
1135 1406 1168 1473 ἠ
1222 1407 1491 1474 Εὑνομίου
1545 1408 1869 1461 δυσσέϐεια¹

246 1494 321 1564 ἢν
355 1492 659 1562 ἐζήλωσας,
698 1495 826 1565 περὶ
855 1488 918 1549 οὗ
951 1497 1018 1549 τά
1064 1496 1338 1566 λεγόμενα
1372 1492 1440 1567 ἦν
1468 1498 1699 1560 ἄπιστα,
1729 1501 1832 1562 ἓως

252 1587 358 1653 (ὼς
387 1588 463 1659 μὴ
519 1589 741 1643 πώποτε
769 1589 970 1661 ὢφελε)
997 1595 1120 1655 ταῖς
1156 1595 1277 1655 σαῖς
1308 1591 1507 1660 βίϐλοις
1537 1592 1708 1645 ταῦτα
1744 1594 1831 1644 ὲν-

246 1679 425 1747 ετάγη
449 1697 463 1710 ·
485 1682 577 1734 καὶ
606 1682 699 1734 τὸν
729 1681 956 1735 εἰπόντα
987 1683 1257 1751 Εὐνόμιον
1290 1683 1488 1736 διδόναι
1513 1683 1679 1735 τόπον
1713 1682 1830 1743 τοῖς

244 1763 479 1833 πάθεσι,
541 1767 639 1821 καὶ
694 1770 770 1839 μὴ
828 1769 1090 1840 παρέχειν
1133 1771 1213 1841 τῷ
1279 1771 1356 1844 νῷ
1427 1771 1824 1842 πράγματα,ή

247 1855 321 1928 σὴ
345 1857 667 1914 διδασκαλία
697 1861 1154 1934 ὑπερηκόντισεν.

318 1974 451 2027 KB’.
489 1975 591 2038 Σὸς
644 1975 897 2049 μαθητὴς
953 1980 1285 2049 Βαρσουμᾶς
1321 1980 1401 2049 ,ὃς
1453 1984 1550 2054 τὴν
1601 1985 1827 2054 Περσῶν

243 2066 624 2138 ἔκδεδιῄτηκε,
655 2072 770 2133 τοῖς
805 2088 862 2124 τε
894 2072 1129 2140 δόγμασι
1159 2073 1257 2140 τῆς
1290 2074 1604 2143 ἀθεότητος,
1641 2078 1736 2128 καὶ
1758 2081 1823 2147 τῇ

226 2157 341 2211 ’τοῦ
387 2158 506 2228 βίου
532 2159 845 2231 ἀδιαφορία,
877 2162 1271 2233 νομοθετήσας,
1323 2165 1457 2233 μηδὲ
1490 2166 1598 2218 τῶν
1623 2169 1827 2237 ίεραρ-

239 2249 535 2320 χουμένων
580 2251 728 2314 τινὰ,
759 2251 835 2323 μὴ
879 2238 964 2305 ὅτι
1023 2252 1247 2315 λαῖκδν,
1283 2253 1583 2323 ἀπέχεσθαι
1636 2255 1825 2325 κοίτης

236 2339 488 2409 ἀθέσμου
520 2340 611 2393 καὶ
646 2340 1007 2411 πολυγαμιῶν
1036 2360 1050 2373 ο
1083 2346 1181 2407 τὰς
1224 2344 1332 2415 γὰρ
1363 2345 1530 2415 μέθας
1563 2347 1659 2400 καὶ
1696 2351 1825 2413 τοὺς

238 2431 491 2503 κώμους.
526 2432 677 2504 δῶρα
702 2432 844 2490 εἶναι
876 2435 1229 2505 ὑπελάμϐανε
1260 2438 1418 2492 Θεοῦ.

307 2636 439 2694 ΚΓ.
468 2637 583 2703 Τὰς
630 2639 732 2703 σὰς
789 2639 1195 2710 μεταϐαλόντες
1250 2640 1554 2706 συντάξεις,
1583 2641 1664 2706 εἰς
1713 2626 1814 2714 τὴν

233 2730 528 2793 Χαλδαίων
553 2748 614 2785 τε
643 2733 740 2785 καὶ
782 2731 1089 2802 Ἀρμενίων
1115 2730 1192 2801 (p)
1221 2732 1406 2801 φωνὴν
1427 2734 1519 2784 καὶ
1539 2733 1840 2800 γλῶσσαν,.

231 2820 289 2874 οι
330 2819 432 2889 τῆς
484 2819 654 2891 αὐτῆς
711 2822 795 2876 σοὶ
843 2821 1081 2892 φατρίας
1139 2821 1239 2891 τῆς
1276 2820 1489 2892 Ἀρείου
1538 2822 1814 2888 ἀσεϐείας,

231 2910 556 2984 ἀθεωτέραν
579 2915 694 2977 τοῖς
722 2912 901 2967 ἔθνεσι
944 2913 1183 2983 παραδεδ
1203 2914 1215 2953 «'
1231 2930 1396 2967 xastv
1434 2914 1648 2984 αἵρεσιν
1674 2931 1688 2946 ·
1720 2915 1816 2969 καὶ

230 3003 347 3072 γὰρ
403 3002 854 3075 τοῦτο“ζηλῶσαι
903 3003 1306 3075 ισπουδάκασιν
1353 3003 1555 3060 οί.τῶν
1603 3004 1814 3075 Ἀρείου

229 3094 464 3150 θιάσων·
491 3095 633 3167 πλὴν
651 3074 774 3151 ὅσον
802 3098 853 3150 oi
882 3096 981 3166 μὲν
1006 3097 1133 3159 τοὺς
1154 3074 1442 3163 ἑσπερίους
1470 3074 1811 3168 βαρϐάρους,

230 3189 283 3240 οἱ
330 3189 389 3242 δὲ
444 3191 575 3255 τοὺς
620 3187 812 3261 ἑῴους,
856 3191 937 3252 είς
984 3187 1084 3260 τὴν
1121 3187 1255 3247 ἰδίαν
1282 3186 1517 3251 ἕκαστος
1553 3186 1813 3241 ἀσέϐειαν

229 3279 646 3352 προσηγάγετο.

301 3394 431 3449 KA'.
466 3392 660 3464 Μικρά
698 3409 782 3447 σοι
812 3393 989 3447 ταῦτα
1011 3409 1024 3423 ο
1060 3393 1125 3447 σὺ
1160 3391 1216 3445 δέ
1263 3409 1353 3463 μοι
1386 3391 1671 3462 προστίθει
1716 3392 1810 3445 καὶ

226 3484 331 3558 τὴν
380 3484 980 3558 πεπλαᾶμένηνἊδὰμ
1026 3487 1362 3558 παράϐασιν,
1392 3488 1457 3559 ἢν
1512 3487 1617 3540 ὑπὸ
1672 3486 1809 3541 Θεοῦ

224 3577 411 3632 λαϐὼν
440 3578 665 3645 ἔπαθεν,
690 3579 777 3632 τνα
805 3578 1030 3651 γένηται
1066 3580 1271 3651 κόσμος
1302 3580 1448 3651 αὐτῷ
1471 3580 1809 3649 εὐπροφάσι-

226 3686 356 3723 στον
381 3668 561 3741 ἀρχὴν
589 3668 752 3741 ἔχων,
791 3671 891 3742 τὴν
919 3670 1015 3725 τοῦ
1046 3671 1121 3744 μὴ
1142 3670 1527 3743 ἡμαρτηκότος
1557 3672 1676 3742 μὲν,
1716 3690 1807 3725 σε-

226 3762 716 3834 συκονραντημένου
759 3762 839 3830 δὲ,
896 3764 1242 3833 ἀδικωτάτην
1275 3766 1368 3817 καὶ
1400 3763 1557 3835 δίκην
1590 3758 1691 3817 καὶ¹
1718 3764 1807 3830 ἐξ·

220 3858 405 3929 ορίαν.
428 3858 506 3912 Οὐ
521 3857 631 3929 γάρ
642 3856 848 3928 ταύτης
863 3874 947 3911 σοι
966 3857 1153 3911 ἕνεκεν
1174 3857 1274 3928 τῆς
1292 3857 1403 3911 τῶν
1420 3856 1608 3911 κακῶν
1627 3858 1801 3928 ῥίζης,

222 3950 321 4006 καὶ
338 3949 439 4020 τῆς
458 3948 659 4019 λοιπῆς
680 3947 823 4004 κατὰ
847 3948 908 4003 τὸ
936 3948 1067 4020 ἑξῆς
1088 3949 1198 4003 τῶν
1224 3949 1531 4021 ἀνθρώπων
1547 3949 1804 4014 ἀσεϐείας

217 4042 318 4098 καὶ
364 4041 639 4118 πονηρίας
684 4043 713 4097 6
767 4042 1009 4114 Χριστὸς
1058 4037 1215 4113 ἦλθε,
1266 4043 1347 4096 τδρ
1384 4042 1801 4113 πεπλανημένον

215 4134 494 4207 πρόϐατον
528 4134 623 4188 τὸν
668 4134 863 4206 Ἀδὰμ,
891 4134 993 4203 τῆς
1037 4134 1147 4188 τῶν
1207 4134 1399 4188 ἑκατὸν
1450 4135 1799 4191 ἀποσπασθὲν

216 4227 512 4299 συννομῆς,
530 4226 609 4291 ὠς
632 4226 798 4292 καλὸς
820 4225 994 4280 σῶσαι
1023 4226 1119 4281 καὶ
1147 4225 1473 4298 ἑπιστρέψαι
1500 4228 1740 4297 nouam;

283 4342 418 4416 KE'.
452 4338 720 4409 Πρόσθες,
754 4341 805 4393 εί
844 4338 1047 4410 βούλει,
1072 4338 1168 4393 καὶ
1215 4340 1339 4403 τοὺς
1378 4339 1457 4409 τῷ
1495 4340 1672 4412 σκότῳ
1716 4342 1795 4412 τῷ

214 4414 295 4503 σῷ
357 4414 967 4502 συνδημιουργηθέντας
1015 4431 1283 4499 ἀγγέλους
1308 4448 1322 4462 ’
1358 4432 1419 4485 οὐ
1479 4432 1589 4503 γὰρ
1626 4432 1794 4505 .ἀξιᾴ-

209 4524 393 4597 χρεὼς
438 4540 521 4578 σοι
561 4523 662 4593 τῆς
701 4524 883 4579 αὐτῶν
911 4522 1132 4593 φύσεως
1163 4522 1437 4595 ἐξηγητὴς
1467 4527 1495 4578 ό
1537 4526 1792 4595 ἱεροψάλ-

208 4634 314 4691 της
344 4618 481 4688 πρὸς
502 4617 596 4672 τὸν
624 4616 757 4671 Θεὸν
789 4619 848 4671 εν
868 4618 1142 4687 πνεύματι
1172 4618 1271 4689 τὴν
1294 4617 1462 4688 λύραν
1494 4619 1792 4691 ἀνακρουόο

212 4726 399 4780 μενος,
440 4709 502 4762 '0
529 4707 716 4763 ποιῶν
738 4711 884 4776 τοὺς
907 4709 1205 4780 ἀγγέλους
1229 4708 1418 4764 αὑτοῦ
1456 4712 1784 4780 πνεύματα,

208 4799 311 4853 καί
365 4797 508 4864 τοὺς
558 4799 950 4868 λειτουργοὺς
997 4801 1187 4855 αὑτοῦ
1220 4802 1412 4870 πυρὸς
1461 4805 1681 4871 φλόγα.
1713 4805 1786 4858 Τὸ

207 4890 320 4962 γὰρ
349 4888 538 4943 ποιῶν
573 4887 669 4963 τοῦ
698 4889 998 4954 ἃνεστῶτος
1052 4891 1273 4962 χρόνου·
1298 4891 1358 4944 δν
1419 4895 1662 4963 σημεῖον,
1684 4886 1784 4948 ’τὸν

207 4977 629 5049 παρεληλυθότα
667 4979 934 5057 Γραφικῷ
983 4979 1234 5051 ίδιῴματι
1263 4980 1434 5052 δηλοῖ.
1465 4982 1540 5047 ὡς
1570 4982 1775 5047 εὐθέως
1830 5036 1843 5045 _

1836 5070 1855 5081 “
1888 5077 2129 5161 gnificat.
2184 5084 2245 5130 ut
2284 5075 2546 5127 continuo
2581 5072 2764 5133 docet,
2813 5083 2938 5123 cum
2994 5062 3318 5135 subjungit:
3365 5062 3467 5128 Qui

206 5070 511 5139 γεὲπάγων
537 5071 805 5135 διδάσκει,
830 5075 864 5126 ό
885 5071 1176 5142 θεμελιῶν
1202 5073 1319 5142 τὴν
1343 5073 1483 5143 γῆν,
1504 5075 1783 5129 τουτέστιν

204 5165 237 5218 6
263 5160 633 5233 θεμελιώσας’
664 5163 789 5219 οὔτε
846 5163 956 5235 μὴν
986 5167 1040 5219 αἱ
1092 5165 1248 5220 ἄλλαι
1285 5183 1344 5219 σε
1394 5167 1505 5219 τῶν
1546 5166 1779 5243 Γρᾳφῶν

204 5254 633 5322 ἀγγελοῳάνειαι
661 5256 974 5311 καταιδοῦσι
994 5299 1010 5324 ,
1044 5257 1161 5328 φῶς
1195 5275 1253 5314 τε
1298 5262 1624 5330 φαινόμεναι
1648 5300 1663 5327 ,
1686 5258 1782 5314 καὶ

205 5346 307 5404 ἀστ
316 5347 495 5419 ραπὰς
530 5333 976 5406 ἀποστίλϐουσαι.
1636 5342 1641 5345 ’

278 5522 324 5557 ⁸⁷
352 5521 496 5579 Psal.
526 5538 638 5591 cm,
673 5526 728 5584 4.
805 5525 850 5560 ³⁸
880 5526 1017 5584 ibid.
1045 5527 1099 5584 5.

1957 648 2051 701 sed
2077 648 2328 704 suadebit
2355 649 2403 703 ei
2437 648 2798 717 experientia,
2821 649 2948 719 quia
2972 651 3148 705 minas
3175 668 3284 706 non
3314 653 3518 718 timuit,

1944 746 2000 791 et
2037 738 2152 792 lucc
2180 739 2377 794 litteris
2417 739 2677 794 mandare
2716 756 2825 794 non
2857 750 2942 796 est
2969 742 3181 796 veritus
3208 743 3427 812 impius,
3463 750 3521 799 ct

1944 843 2071 882 vere
2114 838 2141 880 a
2181 838 2329 882 metu
2362 845 2589 891 vacuus,
2635 837 2693 884 et
2724 844 2854 884 vere
2895 837 3055 884 terra:
3086 839 3293 883 motum
3324 832 3519 901 ignife—

1943 936 2063 976 rum
2098 910 2357 984 inuidus,
2386 938 2417 975 a
2442 924 2599 993 cujus
2627 923 2767 978 facie
2797 923 2935 979 sicut
2965 924 3022 977 in
3050 923 3271 979 diabolo
3301 925 3516 981 sublata

1940 1019 2070 1065 sunt
2092 1011 2300 1082 judicia
2326 1012 2441 1067 Dei.

2009 1124 2149 1179 XXI.
2184 1127 2414 1196 Propter
2457 1126 2575 1181 haec
2617 1136 2669 1182 te
2720 1128 2951 1198 diligunt
2980 1129 3205 1193 ,miser,
3246 1129 3339 1197 qui
3386 1135 3515 1182 sunt

1939 1223 2046 1269 tua:
2078 1227 2273 1271 sectae:
2302 1218 2406 1270 boe
2435 1226 2491 1270 tu
2532 1217 2641 1271 illis
2684 1217 3037 1285 pbarmacur‘n
3068 1218 3135 1271 ad
3158 1218 3512 1273 eximendum

1939 1308 2190 1362 timorem
2217 1308 2311 1362 Dei
2338 1308 2642 1371 confecisti,
2674 1324 2804 1362 vere
2832 1323 3076 1362 amarum
3106 1319 3163 1363 et
3210 1310 3511 1380 lugendum

1937 1400 2313 1468 pltarmacum.
2375 1401 2499 1454 llaec
2547 1401 2650 1456 fuit
2693 1402 2948 1456 Eunontii
3011 1402 3284 1472 impietas,
3345 1418 3509 1471 quam

1935 1491 2180 1545 imitatus
2217 1507 2296 1555 es,
2328 1492 2396 1545 de
2444 1508 2555 1561 quo
2590 1508 2712 1563 quae
2752 1494 3103 1557 dicebantur,
3160 1493 3509 1549 incredibilia

1932 1593 2111 1646 erant.
2140 1588 2312 1640 donec
2348 1587 2577 1655 (utinam
2619 1588 2921 1656 nunquam)
2988 1580 3104 1642 haec
3136 1586 3191 1642 in
3215 1587 3372 1641 libris
3400 1587 3511 1642 tuis

1931 1678 2109 1748 posita
2145 1688 2292 1732 sunt.
2332 1679 2399 1733 Et
2440 1677 2789 1742 Eunomium,
2848 1678 2942 1746 qui
2971 1677 3324 1747 praecipiebat
3374 1676 3507 1732 dare

1930 1771 2110 1827 locum
2138 1771 2502 1841 passinltibus,
2526 1778 2583 1826 et
2601 1786 2710 1825 non
2731 1770 2993 1826 exhibere
3013 1768 3292 1825 molestias
3313 1770 3505 1835 menti,

1855 1885 1899 1942 Β
1930 1852 2179 1918 doctrina
2212 1873 2303 1917 tua
2336 1863 2633 1933 superavit.

1999 1975 2164 2031 XXII.
2202 1976 2354 2031 Tuus
2385 1976 2687 2046 discipulus
2712 1975 2816 2031 fuit
2843 1975 3154 2037 Barsumas,
3193 1974 3288 2044 qui
3317 1975 3503 2031 Persi-

1927 2069 2051 2125 dem
2094 2085 2256 2138 prave
2282 2068 2607 2140 gubernavit
2655 2068 3000 2138 dogmatibus
3056 2067 3166 2121 tuis
3210 2066 3410 2138 impiis,
3445 2073 3503 2123 et

1926 2160 2136 2215 sublata
2164 2160 2472 2215 diﬂerentia
2495 2160 2681 2213 invita
2711 2158 2954 2229 degenda
2980 2176 2993 2222 ;
3026 2159 3118 2227 qui
3148 2160 3321 2229 legem
3351 2160 3497 2225 tulit.

1924 2259 1985 2303 ut
2009 2251 2192 2304 nullus
2219 2264 2285 2304 ex
2325 2250 2494 2312 clero,
2529 2263 2708 2318 neque
2744 2249 2937 2313 laicus,
2964 2248 3265 2303 abstineret
3296 2264 3325 2303 a
3357 2249 3500 2304 lecto

1922 2355 2031 2395 non
2082 2340 2343 2409 legitimo,
2404 2354 2584 2409 neque
2631 2353 2663 2393 a
2715 2338 3057 2408 polygamiis,
3087 2338 3139 2392 id
3183 2346 3287 2403 est,
3310 2339 3501 2395 multis

1921 2432 2223 2503 conjugiis;
2254 2432 2553 2487 ebrietates
2596 2431 2744 2486 enim
2796 2439 2855 2486 et
2896 2430 3323 2485 comessationes
3353 2429 3498 2487 dona

1921 2523 2017 2579 Dei
2043 2539 2163 2595 esse
2188 2524 2556 2579 existimabat.

1989 2636 2180 2691 XXIII.
2218 2636 2418 2691 Libros
2438 2645 2563 2692 tuos
2595 2636 2630 2691 ii
2660 2635 2754 2706 qui
2785 2643 2889 2690 tuae
2913 2649 3073 2691 sectae
3103 2646 3251 2702 sunt,
3298 2637 3352 2691 in
3377 2652 3495 2692 ser-

1922 2744 2141 2783 monem
2174 2728 2530 2784 Chaldaicum
2580 2738 2635 2784 et
2663 2729 3014 2783 Armeuicum
3045 2735 3359 2792 verterunt;
3398 2729 3493 2798 qui

1920 2819 2170 2875 bzeresim
2206 2818 2399 2876 haeresi
2425 2818 2622 2874 Ariana
2653 2819 2894 2889 pejorem
2943 2833 3006 2873 ac
3050 2818 3224 2889 magis
3271 2818 3494 2888 impiam

1919 2909 2175 2980 gentibus
2201 2907 2559 2963 tradiderunt.
2600 2905 2882 2976 Siquidem
2906 2906 3011 2961 hoc
3034 2907 3235 2962 imitari
3267 2906 3495 2962 studue-

1917 3010 2046 3054 runt
2080 2999 2288 3064 Ariani,
2339 2999 2445 3054 nisi
2478 2998 2623 3068 quod
2656 2997 2711 3051 hi
2747 2996 3012 3051 barbaros
3034 2995 3368 3060 Occidentis,
3410 2996 3489 3050 illi

1914 3098 2106 3159 gentes
2133 3088 2394 3154 Orientis,
2444 3072 2662 3159 utr-ique
2694 3086 2763 3142 ad
2811 3102 2965 3142 suam
3016 3086 3353 3157 impietatem
3397 3086 3493 3141 ad-

1915 3180 2211 3235 duxerunt.

1982 3403 2171 3458 XXIV.
2221 3403 2393 3458 Parva
2434 3401 2569 3455 haec.
2618 3398 2699 3453 Tu
2746 3412 2878 3452 vero
2917 3396 3057 3451 adde
3102 3395 3260 3455 mihi,
3300 3392 3486 3448 ﬁctum

1910 3509 2032 3549 esse
2060 3503 2344 3563 peccatum
2369 3491 2518 3553 Adae,
2544 3489 2710 3558 idque
2734 3489 2845 3557 Deo
2866 3495 3111 3548 auctore,
3142 3482 3486 3554 utjudicium

1910 3580 2314 3654 iniquissimum
2345 3582 2398 3636 in
2424 3581 2593 3636 Adam
2626 3579 2719 3650 qui
2766 3593 2876 3633 non
2925 3584 3227 3647 peccasset.
3262 3574 3355 3629 sed
3393 3590 3489 3644 per

1908 3678 2239 3733 calumniam
2283 3675 2574 3730 damnatus
2599 3672 2810 3734 fuisset;
2845 3668 3181 3724 etexsilium
3206 3668 3256 3720 ei
3294 3666 3486 3719 decre-

1908 3777 2048 3833 tum,
2098 3770 2247 3840 justa
2290 3776 2345 3822 et
2382 3764 2683 3836 probabilis
2729 3776 2893 3818 causa
2950 3756 3259 3813 redimendi
3317 3772 3483 3809 mun-

1904 3862 2035 3919 dum
2069 3861 2281 3916 fierent.
2313 3862 2392 3913 An
2414 3874 2522 3913 non
2544 3863 2767 3928 propter
2788 3854 2929 3909 hanc
2950 3851 3186 3906 radicem
3212 3849 3481 3903 malorum

1902 3967 1959 4013 et
1988 3957 2213 4025 reliquae
2249 3940 2847 4021 deinceps‘impietatis
2895 3941 3178 3997 hominum
3225 3937 3483 3994 Christus

1901 4047 2071 4107 venit,
2110 4053 2169 4098 ut
2227 4042 2401 4097 Adam
2454 4055 2636 4102 ovem,
2688 4053 2717 4091 a
2765 4045 3091 4109 compascuo
3124 4038 3345 4084 centum
3376 4025 3480 4080 ab-

1897 4135 2157 4200 ductam,
2224 4143 2281 4189 et
2327 4134 2674 4187 aberrantem
2729 4135 2989 4196 tanquam
3051 4122 3231 4177 bonus
3291 4128 3480 4190 pastor

1896 4229 2131 4286 δεινοῖσι
2150 4228 2175 4282 ?

1910 4374 1913 4379 ι
1967 4342 2134 4399 XXV.
2172 4341 2345 4402 Adde,
2377 4340 2423 4393 si
2454 4340 2557 4403 vis,
2607 4334 2828 4405 angelos
2871 4347 2980 4386 una
3025 4344 3150 4385 eum
3180 4326 3291 4381 tuis
3321 4334 3475 4379 tene-

1894 4437 2013 4492 bris
2048 4447 2300 4492 creatos:
2350 4448 2461 4486 non
2512 4430 2658 4485 enim
2709 4427 2810 4482 fuit
2840 4424 2984 4495 apud
3036 4432 3088 4477 te
3137 4420 3373 4475 idoneus
3418 4427 3475 4472 et

1894 4527 2223 4584 auctoritate
2261 4525 2461 4593 dignus
2505 4535 2661 4576 sacer
2689 4523 2977 4573 enarrator
3021 4519 3231 4567 naturae
3274 4521 3470 4563 eorum

1894 4619 2084 4682 David,
2114 4617 2207 4687 qui
2242 4617 2296 4670 iu
2325 4615 2420 4669 Dei
2453 4613 2667 4667 laudem
2700 4609 2899 4663 fidibus
2928 4607 2981 4660 in
3005 4603 3201 4675 spiritu
3227 4602 3282 4656 in
3322 4600 3472 4655 Psal-

1894 4711 1999 4764 mis
2020 4721 2223 4762 canens
2256 4722 2269 4759 :
2304 4703 2404 4770 Qui
2431 4705 2578 4773 facit,
2610 4699 2808 4770 inquit,
2837 4696 3200 4771 auqelosauos
3228 4693 3468 4762 spiritus,

1894 4813 1945 4858 et
1982 4803 2248 4856 ministros
2282 4815 2403 4852 suos
2431 4801 2707 4869 ﬂammam
2738 4794 2873 4864 ignis
2892 4791 2958 4844 ³⁷.
3004 4787 3161 4856 Quod
3186 4787 3333 4841 enim
3368 4784 3467 4849 ait,

1898 4893 2064 4963 facit,
2105 4890 2391 4963 prtcsentis
2421 4887 2682 4957 temporis
2705 4894 2809 4947 est,
2843 4881 2988 4953 quod
3029 4878 3249 4950 propria
3287 4876 3467 4945 Scrip-

1890 4996 2027 5041 tura:
2076 4994 2277 5040 sancta:
2314 4980 2711 5037 consuetudine
2744 4976 3081 5048 praeteritum
3132 4981 3351 5040 tempus
3395 4970 3468 5024 si-

1889 5169 2077 5239 fuudat
2126 5167 2406 5228 terram”,
2444 5165 2497 5219 id
2547 5173 2650 5226 est,
2687 5164 2783 5233 qui
2821 5160 3069 5219 fundavit
3114 5177 3127 5212 :
3174 5173 3352 5248 neque
3411 5166 3465 5211 te

1888 5266 2149 5321 movent,
2195 5272 2319 5309 eum
2368 5255 2502 5309 alias
2552 5254 2607 5308 in
2638 5250 2938 5321 Scripturis
2980 5249 3156 5318 angeli
3200 5257 3459 5316 tanquam

1887 5350 2093 5407 lumina
2124 5355 2514 5422 apparuerunt,
2544 5354 2601 5402 et
2631 5352 2691 5401 ut
2713 5344 2924 5416 fulgura
2959 5341 3246 5412 fulgentes.

283 5678 460 5766 (ωηιξη
494 5681 780 5766 antiquum
813 5683 1511 5766 testimoniumﬂuomodo
1570 5682 1812 5741 Chaldaei
1852 5693 1907 5742 et
1964 5684 2209 5741 Armenii
2240 5684 2367 5743 facti
2404 5686 2612 5744 fuerint
2663 5687 2926 5753 haeretici,
2973 5685 3234 5743 nimirum
3273 5696 3346 5744 ob
3376 5690 3449 5748 li-

205 5747 333 5808 bros
365 5747 645 5810 Theodori
667 5762 721 5810 et
741 5755 1186 5826 pmdicationem
1216 5747 1510 5813 Barsumte.
