4218 6444
723 424 849 488 13Ἰῖ

1994 412 2306 476 LEONTII
2343 405 2749 470 BYZANTIXI

3868 399 4004 464 1312

794 537 983 593 XXVI.
1027 533 1182 589 Adde
1210 531 1637 588 Maniehreornm
1682 529 1939 585 tenebras
1973 524 2309 581 substantia-

2485 520 2626 586 ΚΤ.
2666 516 2905 587 Πρόσθες
2931 515 3024 568 καὶ
3051 513 3110 566 τὸ
3136 512 3460 583 Μανιχαίων
3490 510 3753 576 οὐσιῶδες
3781 516 4006 580 σκότος,

723 630 806 686 les
865 627 1071 697 primas
1128 634 1253 679 ante
1318 624 1592 678 visibilem
1640 630 1994 682 creaturam,
2042 626 2137 671 aut
2197 632 2308 669 non

722 727 939 773 creatas
990 721 1258 770 minutam
1314 714 1728 769 subsistentiam
1773 709 2070 771 habuisse,
2131 714 2228 760 aut
2280 720 2309 758 a

723 807 837 861 Deo
869 807 1041 861 factas
1070 821 1212 859 esse.
1701 793 1716 809 ⁸

800 918 1013 973 XXVII.
1076 917 1134 970 In
1188 917 1281 969 illo
1310 923 1579 984 praeterea
1615 912 1942 980 insipienter
1985 907 2308 995 sapientiam

730 1013 949 1066 simula.
980 1009 1126 1078 quod
1154 1009 1236 1061 ais
1259 1008 1660 1061 Antichristum
1692 1005 1898 1058 diaboli
1925 1019 2033 1057 non
2059 1017 2180 1056 esse
2209 1017 2312 1070 pu-

733 1102 1020 1158 niendum.
1063 1100 1158 1153 sed
1191 1098 1681 1166 corrumpendum.
1733 1104 1789 1148 et
1819 1097 1871 1146 in
1904 1094 2137 1147 nihilum
2171 1092 2315 1146 redi-

735 1205 918 1246 turum
945 1209 958 1254 ;
993 1200 1051 1244 ut
1077 1199 1258 1242 manet
1282 1190 1348 1241 ad
1376 1189 1583 1240 animas
1615 1187 1818 1240 bonum
1845 1201 1908 1238 ex
1939 1186 2105 1246 bono,
2138 1193 2316 1237 metus

733 1281 944 1333 scilicet
995 1280 1111 1340 Dei,
1160 1292 1320 1345 quem
1380 1276 1602 1328 aliunde
1651 1292 1761 1328 non
1800 1285 1959 1327 erant
2002 1274 2312 1326 habitune:

738 1387 843 1424 non
877 1388 942 1425 ex
971 1371 1198 1439 judicio,
1229 1370 1331 1421 hoc
1358 1369 1501 1421 enim
1527 1367 1793 1426 sustulisti
1822 1384 1836 1429 ;
1891 1383 1998 1419 non
2052 1382 2116 1418 ex
2147 1364 2317 1417 felici-

741 1473 846 1514 tate
883 1461 1143 1523 fruenda;
1186 1476 1291 1512 non
1320 1475 1384 1512 ex
1425 1459 1658 1511 naturali
1693 1467 1748 1510 et
1782 1457 2067 1510 recondito
2097 1456 2316 1509 deside-

740 1555 820 1606 rio
850 1568 977 1620 erga
1007 1554 1211 1619 Deum;
1249 1551 1345 1605 sed
1385 1567 1451 1603 ex
1497 1550 1611 1603 solo
1641 1550 1964 1603 Antichristi
2000 1549 2052 1602 in
2084 1549 2317 1602 nihilum

738 1642 990 1696 lillCl‘llu.

807 1777 1048 1831 XXVIII.
1111 1779 1187 1831 Da
1217 1776 1435 1841 deinde,
1491 1792 1600 1829 non
1635 1775 1906 1844 quidquid
1952 1785 2056 1833 est,
2105 1789 2224 1826 esse
2253 1789 2320 1826 ex

2414 612 2627 684 πρῶτόν
2667 627 2746 662 σοι
2778 609 2875 678 τῆς
2903 607 3106 677 ὁρατῆς
3140 606 3395 668 κτίσεως,
3427 605 3458 675 ἢ
3501 606 3789 676 ἀγενήτως
3859 624 4006 675 παρο

2413 705 2673 774 υποστᾷν,
2705 703 2738 772 ἢ
2775 700 2929 771 παρά
2951 697 3086 752 Θεοῦ
3127 697 3447 767 γενόμενον.

2487 902 2614 958 ΚΖ’.
2654 901 2888 954 Κάκεϊνο
2907 901 2962 953 δὲ
2997 901 3216 969 ἀσόφως
3250 900 3496 969 σοφίζου,
3544 899 3637 951 τὸν
3681 899 3777 950 τοῦ
3822 897 4010 951 διαεόο

2415 997 2507 1049 λου
2546 995 2913 1062 ’Λντίχριστον
2944 994 3017 1062 μὴ
3052 993 3490 1063 κολασθήσεσθαι
3533 993 3730 1057 λέγων,
3789 992 4010 1060 φθαρή-

2419 1084 2606 1137 σεσθαι
2636 1083 2690 1135 δὲ
2723 1084 2816 1134 καὶ
2840 1085 2919 1143 είς
2949 1083 3008 1134 τὸ
3041 1082 3116 1150 μὴ
3146 1079 3207 1132 ὃν
3226 1080 3662 1149 ἀναλυθήσεσθαι
3697 1097 3710 1111 ·
3751 1080 3842 1130 ἴνα
3879 1079 4009 1148 Etim

2419 1177 2581 1230 καλὸν
2615 1177 2677 1226 ἐκ
2732 1172 2898 1226 καλοῦ
2937 1177 3058 1237 ταῖς
3099 1173 3319 1242 ψυχαῖς,
3373 1175 3402 1224 ὁ
3463 1171 3628 1241 φόϐος
3686 1171 3783 1224 τοῦ
3845 1169 4008 1232 Θεοῦ,

2420 1268 2476 1320 ὃν
2507 1268 2606 1318 οὐκ
2648 1265 2871 1318 ἄλλοθεν
2905 1265 3132 1334 ἔμελλον
3183 1263 3327 1333 ἔχειν
3357 1279 3370 1291 ’
3428 1264 3462 1332 ή
3518 1263 3626 1332 γὰρ
3688 1261 3878 1332 κρίσις
3929 1277 4011 1311 σοι

2419 1355 2708 1426 ἀνῄρηται,
2739 1356 2836 1407 οὐκ
2867 1355 2929 1405 ἐκ
2956 1354 3053 1422 τῆς
3077 1353 3186 1404 τῶν
3214 1351 3437 1419 ἀγαθῶν
3477 1350 3862 1411 ἀπολαύσεως,
3900 1345 4011 1399 οὐδ’

2422 1450 2486 1500 ὲκ
2538 1448 2634 1500 τοῦ
2683 1447 2915 1517 φυσικοῦ
2965 1447 3058 1498 καί
3100 1444 3342 1516 ἀρρήτου
3397 1445 3531 1515 πρὸς
3556 1443 3688 1495 Θεὸν
3721 1443 3914 1517 πόθου,
3949 1442 4014 1491 ἐκ

2421 1538 2477 1590 δὲ
2511 1539 2680 1608 μόνης
2739 1539 2841 1606 τῆς
2873 1537 2969 1589 τοῦ
3023 1537 3404 1607 ’Λντιχρίστου
3438 1534 3740 1597 παντελοῦς
3777 1534 4011 1603 φθορΐς,

2423 1632 2520 1684 καὶ
2551 1633 2628 1694 είς
2662 1632 2722 1684 τὸ
2756 1632 2829 1703 μὴ
2853 1632 2912 1684 ὃν
2931 1629 3269 1693 ἀναλύσεως.

2498 1769 2636 1820 κη’.
2697 1767 2852 1819 Δίδου
2909 1767 2967 1819 δὲ
3038 1766 3135 1820 καὶ
3191 1768 3291 1835 τῆς
3347 1755 3710 1837 δημιουργίας
3764 1765 3856 1817 καὶ
3913 1764 4012 1830 τῆς

738 1869 835 1925 Dei
891 1869 1169 1922 creatione
1207 1877 1263 1922 et
1296 1867 1664 1936 providentia,
1722 1868 1818 1921 sed
1871 1867 2041 1919 multa
2105 1864 2320 1917 inutilia

2433 1861 2702 1929 προνοίας,
2732 1860 2829 1930 οὔχ
2859 1859 2984 1911 ὅσον
3016 1860 3166 1912 ἐστὶν
3212 1855 3351 1911 εἶναι
3395 1859 3462 1910 ὲκ
3514 1856 3677 1922 Θεοῦ,
3739 1855 3916 1908 πολλὰ
3955 1854 4013 1906 δὲ

740 1961 967 2016 suborta
1001 1975 1122 2015 esse
1170 1975 1236 2012 ex
1267 1959 1539 2014 accidenti
1589 1968 1645 2014 et
1687 1959 2078 2014 consecutione
2113 1971 2318 2018 rerum.

738 2065 850 2104 non
883 2049 1024 2102 facta
1075 2049 1185 2102 Deo
1223 2049 1463 2111 volente,
1506 2048 1602 2103 sed
1633 2065 1701 2103 ex
1726 2057 1921 2101 natura
1947 2062 2153 2111 rerum,
2211 2047 2323 2100 Deo

740 2154 850 2192 non
881 2139 1210 2209 prohibente
1238 2157 1254 2190 :
1287 2140 1486 2194 lateret
1520 2155 1621 2193 nos
1647 2139 1832 2207 lapsus
1855 2137 2139 2207 temporis,
2169 2138 2211 2191 si
2239 2145 2324 2189 to-

740 2242 850 2288 tam
885 2232 1217 2287 vindemiam
1250 2232 1306 2286 in
1362 2241 1456 2286 tua
1504 2230 1666 2285 vinea
1725 2231 2088 2285 Sodomorum
2144 2230 2324 2284 facere

739 2324 1087 2392 propositum
1125 2333 1290 2377 esset.
1346 2323 1427 2376 Tu
1481 2313 1614 2376 vero
1664 2339 1775 2375 non
1806 2321 2128 2389 defatigaris
2173 2321 2323 2374 volu-

739 2423 947 2482 ptatem
995 2430 1061 2468 ex
1093 2415 1203 2467 tuis
1255 2415 1634 2483 impietatibus
1685 2415 1928 2483 capiens.
1963 2413 2008 2468 Ο
2046 2411 2324 2481 ingenium

743 2505 1013 2558 malorum
1055 2505 1452 2559 feracissimum
1505 2515 1560 2559 et
1595 2505 1976 2559 uberrimum!
2018 2505 2190 2559 Deum
2225 2519 2327 2572 pu-

743 2604 828 2648 tas
860 2610 969 2649 non
1021 2611 1144 2650 esse
1192 2597 1397 2650 bonum
1445 2597 1722 2660 οὐσιῶδες,
1773 2596 1826 2650 id
1886 2605 1971 2651 est
2021 2594 2326 2651 secundum

743 2685 1142 2751 substantiam;
1178 2702 1280 2742 ncc
1303 2703 1426 2742 esse
1458 2689 1636 2757 ipsum
1665 2688 1870 2742 fontem
1905 2695 1960 2742 et
1995 2687 2326 2757 principium

742 2776 928 2831 omnis
970 2777 1100 2831 boni
1143 2779 1430 2848 omnisque
1481 2779 1721 2839 virtutis,
1756 2779 2052 2848 omniaque
2087 2779 2229 2832 bona
2262 2793 2328 2832 ex

746 2868 870 2935 ipso
905 2867 1348 2924 substantialiter
1374 2885 1622 2926 manare.
1653 2870 1752 2925 Dic
1775 2871 1954 2933 nobis,
2000 2869 2144 2924 unde
2176 2885 2331 2923 acce-

748 2950 827 3012 pit
862 2947 1108 3001 bonum?
1138 2950 1256 3017 Ipse
1283 2949 1427 3003 enim
1456 2965 1566 3005 non
1592 2962 1697 3019 est,
1727 2955 1983 3022 opinione
2008 2965 2118 3021 tua,
2145 2972 2240 3024 per
2274 2975 2336 3017 se

747 3039 1072 3092 bonumzet
1110 3056 1231 3109 qua:
1281 3040 1442 3111 hujus
1486 3044 1610 3097 boni
1660 3045 1833 3115 origo,
1883 3057 1932 3102 et
1963 3049 2333 3120 principium?

747 3137 918 3197 Nihil.
955 3147 1047 3192 aut
1079 3155 1273 3210 parum
1313 3140 1445 3196 abes
1473 3157 1502 3196 a
1533 3143 2004 3214 magniloquentia
2041 3142 2332 3198 Marcionis

747 3235 805 3280 ct
829 3229 1229 3299 principiorum
1262 3233 1402 3302 ejus.

820 3445 1014 3501 XXIX.
1044 3446 1270 3502 Accedit
1294 3449 1619 3518 jam'nostra
1642 3451 1821 3505 oratio
1862 3450 1929 3505 ad
1975 3450 2154 3520 ipsum
2179 3465 2332 3503 sum-

750 3556 900 3594 mum
929 3540 1208 3611 fastigium
1240 3550 1457 3594 tuarum
1493 3541 1857 3612 impietatum.
1913 3543 2069 3599 Unde
2103 3541 2331 3597 tihi'ef-

750 3633 930 3709 t‘ectus
957 3641 1044 3688 est
1065 3633 1232 3688 homo
1273 3635 1340 3688 ad
1387 3634 1672 3688 Trinitatis
1719 3635 2104 3704 aequationem,
2155 3644 2216 3690 ut
2263 3634 2334 3688 sit

751 3724 918 3793 hujus
937 3724 1240 3778 animatum
1269 3724 1497 3784 idolum.
1528 3726 1657 3780 vita:
1685 3724 2182 3780 inliuitaronmimn
2213 3742 2335 3796 quae

752 3816 1290 3885 sunt,ad:equatum.
1312 3818 1457 3888 quod
1491 3818 1821 3885 exhibes,ut
1847 3834 1948 3888 pro
1968 3819 2235 3873 Trinitate
2265 3819 2334 3873 ab

751 3909 902 3962 omni
956 3919 1210 3964 creatura
1262 3911 1466 3964 visibili
1520 3920 1712 3965 etnon
1740 3911 1946 3964 visibili
1999 3927 2148 3966 nunc
2177 3921 2235 3967 et
2279 3913 2333 3966 in

751 4009 1037 4070 posterum
1081 4001 1339 4056 colatur?
1397 4002 1588 4071 Neque
1614 4003 1734 4095 \Iex
1785 4003 1986 4074 Moysis
2015 4004 2109 4056 tibi
2163 4005 2338 4058 suasit

752 4107 878 4146 cum
915 4092 1078 4162 jussit
1130 4093 1422 4146 Dominum
1472 4092 1653 4147 Deum
1689 4094 1870 4148 colere
1916 4095 2051 4147 etei
2088 4094 2186 4148 soli
2223 4110 2337 4148 ser-

753 4183 916 4238 vire?
942 4183 1131 4253 Neque
1163 4183 1432 4248 Salvator,
1461 4184 1554 4254 qui
1588 4184 1693 4239 hoc
1721 4187 1952 4260 tentanti
1986 4186 2230 4256 objecit?

826 4401 997 4457 XXX.
1047 4403 1128 4457 Tu
1164 4419 1318 4465 vero,
1372 4412 1434 4458 ut
1461 4405 1594 4468 dixi,
1630 4405 1790 4475 ﬁngis
1823 4414 2068 4460 creatum
2117 4422 2238 4460 esse
2270 4408 2340 4462 ab

757 4494 876 4565 ipsa
906 4493 1176 4548 Trinitate
1205 4495 1438 4548 alterum
1473 4497 1775 4558 animatum
1821 4496 2025 4550 idolum
2056 4497 2337 4552 Christum

757 4596 913 4642 tuum
941 4604 954 4639 :
995 4586 1168 4656 ipsam
1195 4587 1518 4641 Trinitatem
1543 4589 1920 4652 calumniaris,
1954 4591 2110 4658 quasi
2144 4589 2339 4644 dot-eat

757 4679 942 4739 colere
969 4664 1301 4734 creaturam.
1336 4678 1490 4746 Quod
1545 4681 1682 4734 nihil
1728 4681 1918 4735 diﬂ'ert
1948 4697 1978 4735 a
2010 4690 2196 4736 vetere
2245 4697 2336 4734 er-

760 4786 907 4835 rore,
954 4786 1067 4840 quo
1123 4771 1286 4825 homo
1333 4787 1363 4824 a
1393 4773 1505 4826 Deo
1552 4773 1778 4835 excidit,
1831 4782 1888 4827 et
1933 4783 2200 4828 creatura:
2235 4789 2338 4842 pro

757 4862 1022 4918 Creatore
1054 4862 1303 4917 servivit.
1334 4863 1447 4917 Nisi
1472 4864 1778 4934 graviorem
1812 4864 1960 4918 hunc
1991 4879 2239 4918 errorem
2271 4865 2339 4918 il—

759 4954 814 5008 lo
839 4963 1024 5008 vetere
1068 4955 1306 5009 moliris.
1339 4954 1456 5008 Non
1487 4956 1636 5009 enim
1683 4955 1870 5019 doces,
1919 4964 1978 5009 ut
2024 4955 2343 5011 hominibus

760 5045 940 5099 solum
970 5044 1075 5099 hoc
1097 5045 1335 5110 eveniat,
1367 5046 1462 5101 sed
1500 5056 1624 5116 post
1647 5047 1970 5102 Trinitatem
2005 5048 2153 5100 omni
2189 5065 2344 5102 crea-

762 5149 902 5190 tura;
949 5152 980 5191 a
1031 5137 1300 5192 Trinitate
1339 5148 1556 5192 creatze.
1611 5139 1727 5192 Non
1776 5139 1923 5191 enim
1974 5139 2086 5191 Deo
2132 5138 2341 5207 honuni

763 5227 907 5282 facto
937 5228 1122 5294 doces,
1157 5230 1252 5284 sed
1298 5229 1508 5283 homini
1534 5229 1904 5298 appellatione
1940 5230 2034 5283 Dei
2075 5229 2344 5284 honorato

763 5321 974 5374 cultum
1010 5321 1065 5374 in
1097 5330 1364 5376 aeternum
1408 5321 1697 5378 adhibere.
1751 5321 1878 5397 O.te
1904 5336 2211 5391 praeconem
2247 5321 2347 5374 ho-

766 5428 886 5466 rum
907 5413 1178 5468 malorum
1202 5414 1606 5482 evangeliorum
1632 5415 1646 5466 ι
1679 5413 1949 5467 Prmdicas
1993 5412 2345 5466 referendum

764 5519 887 5558 esse
910 5504 1117 5558 cultum
1143 5504 1211 5558 ad
1239 5504 1522 5559 Christum
1580 5514 1755 5568 tuum,
1791 5504 1937 5574 quod
1990 5504 2219 5573 perinde
2265 5514 2346 5558 est

767 5604 831 5654 ut
857 5597 901 5651 si
927 5597 1192 5667 praedices
1228 5597 1434 5651 cultum
1466 5597 1559 5666 qui
1594 5597 1866 5650 referetur
1897 5597 1965 5650 ad
1998 5597 2345 5662 Trinitatem,

771 5684 1122 5742 referendum
1144 5702 1266 5743 esse
1284 5688 1518 5757 exempli
1551 5703 1714 5742 causa
1746 5687 1814 5743 ad
1847 5703 2051 5758 regem.
2086 5687 2350 5742 Libenter

767 5783 952 5831 autem
995 5778 1363 5851 percontabor
1416 5787 1501 5842 te,
1552 5776 1852 5848 quomodo,
1889 5786 1981 5832 aut
2021 5791 2182 5850 quem
2231 5776 2348 5845 ipsc

2433 5048 2601 5111 ’ζειςο
2640 5047 2699 5099 οὐ
2755 5047 2865 5113 γὰρ
2919 5046 3244 5117 ἀνθρώπους

2423 1950 2519 2000 καὶ
2548 1948 2656 2000 τῶν
2713 1948 3116 2018 οὺ“χρησίμων
3168 1945 3540 2017 παρεισῆχθαι
3591 1943 4014 2016 παρακολουθή-

2428 2055 2597 2108 ματα,
2625 2038 2732 2113 ,καὶ
2787 2037 3282 2108 παρασυμϐἀματα
3334 2035 3464 2088 ὄντα
3515 2035 3624 2087 τῶν
3685 2034 4012 2101 γεγονότων,

2426 2131 2526 2182 οὐκ
2569 2132 2632 2182 ἐκ
2675 2128 2812 2182 Θεοῦ
2858 2129 2918 2180 δὲ
2978 2128 3308 2198 βουλομένου
3353 2127 3636 2196 γινόμενα,
3668 2125 3821 2195 τῇδὲ
3852 2125 4014 2193 φύσει

2425 2223 2534 2272 τῶν
2566 2220 2910 2290 πραγμάτων
2939 2220 3187 2286 ἑπόμενα
3218 2219 3310 2271 καὶ
3340 2221 3415 2286 μὴ
3444 2216 3767 2287 κωλυόμενα
3795 2231 3807 2245 ⁸
3859 2213 4018 2266 λάθοι

2425 2312 2470 2365 δ’
2522 2313 2588 2364 ἂν
2637 2313 2785 2382 ὴμᾷς
2844 2311 3139 2381 παραρέων
3185 2312 3213 2362 ὁ
3252 2310 3464 2380 χρόνος,
3497 2309 3590 2361 τὸν
3626 2307 3751 2361 καθ’
3777 2308 3876 2360 ένα
3909 2305 4018 2358 τῶν

2430 2405 2552 2456 σῶν
2600 2405 2700 2474 τῆς
2751 2400 3062 2474 Σοδομηνῆς
3115 2403 3362 2474 ἀμπέλου
3425 2403 3670 2473 βοτρύων
3723 2397 4015 2472 ἀπειρολο-

2426 2496 2746 2565 γουμένους.
2777 2496 2849 2548 Σὺ
2886 2495 2931 2546 δ’
2965 2495 3027 2547 οὐ
3083 2495 3312 2564 κάμνεις
3367 2497 3652 2564 ἐντρυφῶν
3704 2495 3827 2557 ταῖς
3884 2495 4016 2546 ἀσε-

2429 2586 2628 2648 ϐείαις,
2655 2579 2700 2638 ὦ
2731 2585 2841 2662 τῶν
2868 2584 3056 2638 κακῶν
3083 2586 3442 2657 ποριμωτάτη
3479 2589 3664 2653 φύσις,
3697 2586 3778 2642 ὅτι
3821 2584 4020 2662 μὴὶτὸν

2427 2677 2560 2729 Θεὸν
2613 2659 2875 2738 οὐσιῶδες
2929 2672 3070 2729 εῖναι
3136 2676 3340 2745 ἀγαθὸν
3394 2677 3845 2748 ὑπολαμϐάνεις,
3905 2659 4019 2730 οὐδ’

2430 2765 2569 2822 εἶναι
2595 2769 2757 2848 αὑτὸν
2781 2770 2966 2838 πηγὴν
3000 2769 3099 2822 καὶ
3125 2769 3302 2840 ἀρχὴν
3335 2771 3537 2834 παντὸς
3586 2770 3754 2824 καλοῦ
3803 2786 3863 2822 τε
3923 2771 4021 2825 καὶ

2431 2865 2659 2931 ἀγαθοῦ,
2715 2863 2989 2927 οὐσιωδῶς
3051 2865 3190 2918 αὑτά
3218 2865 3580 2934 προνάουσαν.
3615 2865 3754 2920 Εἰπὲ
3775 2866 3832 2919 δὲ
3857 2866 4019 2935 ἡμῖν,

2432 2956 2596 3008 πόθεν
2627 2955 2777 3025 αὐτῷ
2837 2955 3169 3025 πεπόρισται
3224 2954 3286 3008 τὸ
3345 2956 3555 3021 καλόν;
3613 2957 3676 3009 οὐ
3736 2956 3846 3025 γάρ
3901 2957 4023 3008 ἐστι

2433 3048 2574 3102 κατά
2614 3049 2674 3101 σὲ
2705 3048 2838 3101 αὐτὸ
2867 3049 3032 3100 καλόν
3061 3064 3076 3078 ·
3111 3049 3204 3101 καὶ
3233 3049 3317 3111 τίς
3348 3050 3382 3118 ἡ
3424 3049 3618 3103 τούτου
3671 3051 3814 3120 ἀρχή
3849 3067 3866 3113 ;
3915 3050 4024 3101 Αὖ-

2432 3139 2521 3200 τδς
2552 3138 2598 3192 δ’
2627 3137 2738 3207 ἀρα
2773 3138 2836 3191 σὺ
2891 3136 3001 3190 τῶν
3057 3137 3319 3190 τοιούτων
3371 3137 3560 3191 κακῶν
3609 3138 3796 3200 πέλεις
3849 3139 4021 3208 ἀρχὴ.

2355 3236 2399 3295 C
2435 3230 2533 3296 τῆς
2565 3228 3094 3298 μεγαλορημοσύνης
3133 3228 3477 3300 Μαρκίωνος,
3521 3230 3614 3283 καὶ⁵
3656 3229 3765 3282 τῶν
3823 3231 4022 3284 τούτου

2433 3322 2618 3392 ἀρχῶν
2643 3321 2799 3374 οὐδέν
2830 3339 2882 3374 τι
2913 3322 2944 3391 ἢ
2981 3321 3178 3391 μικρὸν
3211 3321 3481 3375 ἀποδέων.

2451 3451 2635 3525 ἾΚΘἎ
2673 3451 2841 3503 ’ῐῐκει
2865 3450 2908 3504 δ’
2939 3451 3073 3520 ἡμῖν
3101 3451 3129 3503 ὁ
3169 3450 3327 3518 λόγος
3384 3451 3473 3505 ἐπ’
3522 3451 3685 3505 αὐτὸν
3736 3453 3828 3506 τδν
3869 3455 4027 3506 κολο-

2435 3542 2586 3612 φῶνα
2625 3542 2738 3595 τῶν
2780 3543 2890 3596 σῶν
2934 3543 3324 3611 ἀσεϐημάτων.
3373 3543 3548 3596 Πόθεν
3595 3561 3679 3597 σοι
3707 3543 4026 3600 πέπλασται

2434 3639 2462 3688 ὁ
2500 3638 2579 3699 είς
2615 3636 2902 3701 ἀντίδειξιν
2934 3639 3033 3704 τῆς
3068 3635 3300 3706 Τριάδος
3353 3636 3646 3706 γενόμενος
3707 3635 4036 3706 ἄνθρωπος,-

2437 3726 2503 3778 ἴν’
2597 3729 2804 3796 ταύτης
2839 3725 3086 3795 ἔμψυχον
3115 3726 3357 3790 εἴδωλον,
3384 3729 3450 3796 τῇ
3478 3727 3692 3796 ἀπείρῳ
3714 3727 3824 3780 τῶν
3849 3727 4028 3782 ὅντων

2437 3816 2550 3886 ζωῇ
2583 3818 3127 3887 παραμετρούμενον,
3161 3817 3220 3869 δν
3266 3818 3389 3870 ἀντὶ
3419 3817 3520 3885 τῆς
3567 3818 3800 3888 Τριάδος
3847 3837 4027 3890 προσ·

2439 3909 2718 3963 κυνεῖσθαι
2771 3910 2950 3975 δίδως,
3002 3910 3107 3962 ὑπὸ
3132 3911 3316 3979 πάσης
3346 3911 3552 3978 ὁρατῆς
3581 3928 3642 3964 τε
3671 3911 3766 3964 καὶ
3787 3912 4028 3981 ἀοράτου

2437 4003 2668 4064 κτίσεως
2701 4001 2796 4056 νῦν
2821 4019 2880 4054 τε
2930 4003 3028 4054 καὶ
3078 4000 3351 4071 ῦστερον;
3398 4003 3522 4055 Οὐδ’
3580 4004 3613 4072 ἡ
3672 4002 3918 4065 Μωσέως
3969 4020 4028 4056 σε

2440 4095 2706 4147 πέπεικεν
2759 4092 3072 4162 νομοθεσία,
3124 4095 3332 4164 Κύριον
3364 4095 3457 4146 τὸν
3500 4095 3636 4147 Θεὸν
3664 4099 4027 4165 προσκυνεῖν,

2439 4185 2532 4240 καὶ
2584 4184 2733 4255 αύτῷ
2789 4186 2936 4256 μόνῳ
2973 4185 3282 4255 λατρεύειν,
3343 4187 3815 4256 νομοθετήσαντος
3841 4205 3890 4251 ;-·
3920 4189 4031 4241 οὐδ’

2439 4275 2653 4340 αὐτὸςὸ
2683 4277 2874 4347 Σωτὴρ
2903 4276 3060 4329 τοῦτο
3089 4275 3166 4347 τῷ
3206 4277 3524 4347 πειράζοντι
3557 4273 4028 4350 προϐαλλόμενος

2509 4409 2588 4462 Λ’.
2618 4411 2688 4461 Συ
2712 4409 2774 4471 δ’,
2805 4408 2879 4470 ὡς
2911 4408 3070 4478 ἔφην,
3114 4410 3206 4462 ὑπ’
3239 4411 3411 4479 αὐτῆς
3452 4398 3551 4479 τῆς
3580 4413 3812 4490 Τριάδος
3841 4413 4034 4480 ἕτερόν

2441 4517 2493 4552 τι
2547 4500 2791 4570 ἔμψυχον
2845 4501 3063 4553 εἴδωλον
3109 4491 3487 4573 τδνψΧρκιστὸν
3525 4505 4032 4574 δεδημιουργῆσθαι

2443 4591 2676 4661 πλάττῃ,
2713 4591 3243 4663 κτισματολατρείαν
3306 4595 3477 4663 αὐτὴν
3531 4595 3808 4647 διδάσκειν
3874 4613 4034 4649 συκο-

2445 4681 2661 4751 φαντῶν
2698 4683 2898 4734 ’τοὶδὲν
2930 4683 3026 4747 ὅτι
3058 4685 3133 4754 μὴ
3157 4685 3258 4753 τῆς
3290 4687 3527 4747 παλαιᾶς
3562 4686 3790 4753 πλάνης,
3813 4687 3939 4739 καθ’
3971 4690 4034 4757 ἦν

2445 4773 2793 4842 ὲξολισθῆσαι
2845 4773 2938 4826 τοῦ
2991 4775 3129 4827 Θεοῦ
3190 4775 3390 4848 συνέίη
3440 4780 3532 4829 τὸν
3587 4776 3902 4847 ἄνθρωπον,
3942 4780 4034 4830 καὶ

2445 4861 2729 4914 δουλεῦσαι
2759 4865 2824 4932 τῇ
2853 4861 3030 4915 κτίσει
3053 4864 3204 4934 παρὰ
3227 4865 3324 4916 τὸν
3353 4865 3655 4919 Κτίσαντα.
3703 4866 3762 4917 Εἰ
3804 4868 3884 4935 μὴ
3943 4869 4036 4918 aut

2451 4953 2685 5023 μάλιστα
2735 4955 3125 5026 χαλεπωτέραν
3158 4957 3374 5025 ἐκείνης
3432 4958 3632 5026 ταύτην
3685 4960 4036 5011 κατασκευᾷε-

3261 5040 3264 5042 ’
3327 5049 3460 5101 αὐτὸ
3523 5051 3683 5116 μόνον
3741 5051 4034 5104 πείσεσθαι

2448 5138 2744 5199 διδάσκεις,
2791 5137 2926 5208 ἀλλὰ
2980 5141 3162 5190 πᾶσαν
3206 5139 3307 5205 τὴν
3364 5140 3502 5207 μετά
3535 5140 3632 5208 τὴν
3684 5139 3898 5207 Τριάδα
3936 5142 4037 5192 ὑπὸ

2448 5231 2547 5298 τῆς
2577 5229 2806 5300 Τριάδος
2827 5205 3421 5299 γεγενημένηνκτίσιν,
3471 5232 3546 5282 Οῦ
3603 5231 3711 5298 γάρ
3771 5232 3895 5299 θεῷ
3942 5233 4036 5283 ἀν-

2452 5319 2658 5390 θρώπῳ
2702 5321 3002 5388 γενομένῳ,
3041 5320 3178 5371 ἀλλὰ
3214 5321 3488 5390 ἀνθρώπῳ
3519 5320 3652 5372 Θεοῦ
3688 5325 4037 5391 προσηγοιθα

2450 5409 2802 5477 τετιμημένῳ
2837 5409 2916 5470 εἰς
2942 5409 3143 5470 αἰῶνας
3182 5408 3488 5477 λατρεύειν,
3521 5403 3564 5462 ὦ
3601 5409 3707 5460 τῶν
3745 5410 3939 5461 κακῶν
3978 5414 4036 5463 σὺ

2452 5501 2656 5553 τούτων
2681 5500 3028 5567 Εὐαγγελίων
3054 5501 3248 5570 κῆρυξ.
3289 5502 3628 5569 διαγγέλλεῑς
3663 5503 3921 5571 ἀναφορᾷ
3944 5504 4037 5562 τῆἕ

2453 5594 2532 5654 εἰς
2554 5592 2645 5642 τόν
2670 5590 2906 5660 Χριστόν
2954 5608 3046 5642 σου
3084 5590 3192 5642 τῶν
3240 5591 3410 5642 ὄντων
3463 5591 3738 5660 λατρείας,
3794 5592 3870 5652 ὡς
3934 5593 4038 5643 άτῆ

2455 5684 2662 5745 εἰκόνος
2685 5684 2766 5745 είς
2801 5682 3153 5751 βασιλέα,τῆς
3175 5683 3339 5736 αὐτοῦ
3362 5687 3526 5754 τιμῆς
3577 5685 3668 5736 ἐπὶ
3699 5684 3800 5751 τὴν
3831 5684 4037 5750 Τρτάόα

2454 5773 2820 5844 ὰναγομένης.
2857 5773 3058 5836 Ἡδέως
3091 5775 3134 5827 δ’
3181 5774 3246 5829 ἄν
3283 5791 3376 5828 σου
3424 5774 3697 5845 πυθοίμην
3757 5776 3928 5827 αὐτὴν
3978 5774 4039 5840 δὴ
