4218 6444
218 399 357 466 1377

1174 404 1341 465 ADV.
1381 404 2088 465 INCORRUPTICOLAS
2121 404 2216 464 ET
2259 405 2575 465 NES'l‘t)l:.

3345 404 3478 464 1378

214 519 412 592 πρώτῃ
446 518 539 572 τοῦ
561 520 696 573 θεοῦ
730 518 887 589 ἡμῶν
939 518 1082 573 κατὰ
1137 519 1316 590 σάρκα
1370 522 1646 590 γεννήσει,
1697 523 1788 592 τὴν

1865 566 1872 586 ,
1905 533 1988 579 tra
2037 524 2193 578 initia
2243 524 2492 577 \'Cl‘il:~tlis
2532 522 2795 576 insistens
2819 560 2832 583 ,
2858 529 2916 575 et
2945 522 3123 590 primo
3159 523 3254 576 [lci
3297 531 3476 576 nostri

213 611 398 662 πᾶσαν
449 609 576 679 ἑξῆς
629 611 871 682 ἀναιρῶν
925 611 1021 664 τοῦ
1083 612 1387 680 μυστηρίου
1459 611 1793 694 άκολουοίαν.

212 699 411 770 Ὅμως
433 702 480 754 δ’
506 695 601 754 οὖν
627 702 742 770 ἥλω
767 703 862 756 καὶ
890 703 989 772 τὴν
1022 702 1260 771 ἐσχάτην
1293 701 1437 754 ἔτισε
1469 703 1646 771 δίκην,
1695 703 1798 768 ἔξω

211 790 360 845 θείου
397 791 560 863 χοροῦ
596 793 735 862 μετὰ
760 794 870 845 τῶν
899 792 1268 862 ἀσεϐημάτων
1299 786 1373 845 ὧν
1435 795 1498 845 ὲκ
1552 793 1646 844 σοῦ
1705 810 1797 859 γε-

207 874 537 946 γεώργηκεν
586 879 906 942 ἀπελαθεὶς,
938 880 1030 932 καὶ
1058 881 1159 947 τὴν
1188 878 1345 942 ἀξίαν
1370 881 1660 933 άντέκτισε
1691 882 1798 934 τῶν

208 967 324 1038 σῶν
358 969 700 1039 μαθημάτων
740 971 955 1040 ποινήν.
1032 971 1274 1042 ’Λπόχρη
1329 973 1426 1024 καὶ
1478 973 1652 1026 ταῦτα
1701 979 1798 1044 την

205 1061 396 1114 πᾶσαν
421 1061 516 1114 τοῦ
547 1062 743 1132 ἀνδρὸς
777 1066 1133 1134 παραστῆσαι
1163 1065 1446 1128 ἀσέϐειαν,
1484 1064 1544 1128 ἐξ
1589 1066 1792 1134 ὄνυχος,

204 1146 421 1223 ᾖφασι,
459 1153 858 1206 ὑποδεικνύντα
891 1155 984 1206 τὸν
1016 1155 1230 1208 λέοντα.
1278 1155 1338 1207 Εἰ
1365 1154 1420 1206 δέ
1459 1171 1544 1218 τις
1575 1156 1797 1208 ἀπιστεί

199 1241 437 1307 τούτοις,
463 1245 560 1296 καῖ⁹
585 1244 694 1313 γὰρ
723 1245 892 1307 ὅντως
920 1246 1059 1297 εἰσιν
1091 1246 1352 1307 ἀπιστίας
1402 1246 1553 1308 ἄξια,
1596 1247 1689 1298 καὶ
1733 1247 1793 1297 ού

206 1333 502 1403 μέμφομαι
551 1336 646 1388 τοῦ
688 1338 896 1398 πάθους
944 1337 1288 1390 δικαιοτάτου
1349 1354 1411 1404 γε
1457 1337 1631 1399 ὖντος,
1674 1339 1795 1390 ἐπεὶ

202 1425 266 1474 τῦ
300 1426 376 1493 μὴ
411 1426 801 1484 ἁπιστείν.τῶν
845 1428 1107 1479 τοιούτων
1153 1426 1342 1480 κακῶν
1383 1428 1481 1480 οὐκ
1536 1429 1768 1496 ἄμοιρον

203 1514 424 1585 ἐλέγχει
451 1517 544 1570 τὸν
580 1518 782 1588 ῥᾳδίως
807 1519 1196 1572 πιστεύσαντα.
1232 1518 1306 1572 Τὸ
1336 1521 1447 1589 γάρ
1477 1522 1557 1580 εἰς
1584 1534 1792 1584 συγκα-

198 1607 430 1660 τάθεσιν
463 1608 705 1679 ἕτοιμον,
742 1613 836 1663 καὶ
863 1613 945 1672 εἰς
979 1613 1177 1681 πεῖραν
1219 1612 1592 1678 ἑτοιμότατον.
1653 1611 1792 1662 Ἀλλ’

200 1698 353 1768 ἡμᾶς
381 1714 446 1766 γε
477 1701 508 1769 ἡ
535 1703 723 1770 πεῖρα,
755 1702 822 1771 ἦν
851 1718 912 1753 τε
942 1704 1006 1754 ἑκ
1035 1702 1143 1755 τῶν
1171 1702 1371 1771 βὲὄλων
1405 1700 1571 1756 αὐτοῦ
1610 1717 1790 1753 συνει-

199 1789 474 1860 λέγμεθα,
497 1792 591 1844 καὶ
615 1791 680 1862 ἣν
705 1793 769 1844 ὲκ
792 1792 901 1846 τῶν
923 1792 1230 1863 ζηλούντων
1254 1794 1416 1846 αὑτὸν
1440 1793 1786 1862 ἀκηκόαμεν,

1903 615 2208 666 secundum
2259 628 2482 666 carnem
2513 619 2666 677 ortu,
2704 620 2872 665 totatn
2923 611 3182 679 deinceps
3227 614 3474 685 mysterii

1901 703 2351 757 consecutionem
2401 703 2715 757 destructis.
2770 701 2974 770 Captus
3021 711 3205 756 tamen
3257 715 3372 768 est,
3419 714 3477 759 ct

1899 808 2178 846 summum
2232 794 2567 860 supplicium
2617 794 2826 849 subitit
2872 795 3084 863 ejectus
3110 810 3176 848 ex
3213 803 3359 848 cmtu
3390 795 3476 848 die

1899 884 2030 937 vino
2051 898 2178 936 eum
2217 884 2612 951 itnpictatibus,
2639 888 2696 938 in
2729 885 2935 953 quibus
2956 901 2987 938 a
3019 896 3071 938 te
3096 886 3332 954 sumptis
3355 888 3475 938 cul-

1900 981 1989 1025 tus
2026 971 2150 1040 ejus
2203 971 2511 1026 elaboravit
2541 992 2552 1025 :
2588 988 2889 1042 poenasque
2923 973 3198 1028 doctrinis
3247 974 3356 1028 tuis
3386 974 3473 1027 di-

1898 1077 2034 1130 gnas
2069 1062 2355 1130 persolvit.
2373 1062 2516 1116 Satis
2551 1075 2679 1116 sunt
2711 1065 2827 1118 haec
2857 1064 2923 1118 ad
2957 1065 3471 1134 rcprzesentanduni

1899 1153 2056 1206 istius
2091 1154 2192 1207 \‘iri
2233 1154 2599 1222 impietatem,
2634 1170 2780 1219 qum,
2817 1166 2876 1208 ut
2919 1167 3007 1209 est
3061 1158 3115 1210 in
3152 1157 3470 1225 proverbio,

1897 1259 1962 1297 ex
2026 1247 2307 1314 unguibus
2369 1245 2584 1298 leonem
2639 1245 3044 1298 demonstrant.
3080 1246 3134 1298 Si
3173 1248 3297 1313 quis
3341 1261 3472 1300 vero

1898 1335 2014 1386 haec
2070 1349 2181 1386 non
2227 1334 2424 1396 credit,
2458 1342 2588 1387 sunt
2635 1334 2783 1385 enim
2844 1348 3034 1386 revera
3069 1333 3232 1402 digna
3273 1342 3332 1386 ut
3362 1347 3472 1385 non

1895 1423 2198 1477 credantur
2225 1443 2236 1476 :
2274 1440 2381 1477 non
2420 1426 2700 1491 vitupero,
2727 1439 2906 1491 neque
2939 1423 3330 1493 queror,quod
3365 1423 3474 1477 boc

1895 1513 2130 1571 accidat.
2155 1514 2286 1582 quia
2317 1528 2427 1567 non
2472 1513 2654 1567 videri
2705 1515 2820 1568 lucc
2854 1514 3201 1568 incredibilia
3227 1518 3470 1570 ostendit

1893 1620 2020 1658 eum
2062 1605 2158 1674 qui
2193 1605 2355 1659 facile
2383 1605 2643 1669 credidit,
2681 1621 2792 1658 non
2827 1620 2948 1660 esse
2971 1617 3252 1675 expertem
3276 1608 3470 1676 hujus-

1894 1695 2042 1748 modi
2124 1695 2421 1748 malorum.
2470 1694 2626 1760 Quod
2690 1696 2842 1749 enim
2897 1705 2984 1749 est
3018 1709 3271 1765 paratum
3309 1706 3364 1752 et
3414 1699 3469 1751 in

1894 1794 2152 1855 promptu
2188 1792 2247 1839 ut
2275 1801 2557 1838 assensum
2598 1785 2818 1849 habeat,
2854 1787 3018 1840 etiam
3069 1795 3154 1840 est
3193 1788 3470 1856 paratissi-

197 1855 457 1935 ἀπιστεῖν
505 1884 607 1937 οὐκ
637 1855 988 1955 ’ἐπιτρέπειί
1010 1885 1212 1954 καίπερ
1241 1855 1548 1949 ὲθέλονταςξ
1583 1855 1705 1945 Πῶς
1734 1885 1788 1936 δὲ

1895 1895 2041 1932 mum
2097 1879 2167 1932 ad
2223 1878 2643 1947 experientiam.
2676 1879 2746 1933 At
2777 1894 2878 1933 nos
2920 1855 3269 1948 experientia
3303 1895 3468 1950 quam

200 1975 302 2026 καὶ
324 1974 579 2028 ἀπιστεῖν
605 1977 928 2068 ἦδυναίμην,
986 1979 1097 2031 τῶν
1136 1976 1324 2030 κακῶν
1368 1978 1469 2045 τὴν
1501 1978 1698 2045 πεῖραν
1732 1978 1790 2026 ἐν

197 2064 429 2136 ἐμαυτῴ
457 2064 990 2136 σχεῖνκινδυνεύσας
1008 2085 1034 2134 ,;

1888 1988 1956 2026 ex
2006 1972 2167 2025 libris
2203 1975 2324 2042 ejus
2358 1972 2707 2040 collegimus,
2739 1981 2794 2026 ct
2824 1990 2990 2042 quam
3023 1989 3091 2028 ex
3133 1974 3203 2027 iis
3220 1973 3316 2043 qui
3338 1989 3467 2027 eum

1888 2062 2137 2117 studiose
2173 2062 2371 2115 imitati
2401 2063 3026 2127 sunt,audivimus,non
3057 2065 3330 2133 permittit
3354 2081 3465 2120 non

196 2158 430 2224 credere
457 2173 583 2211 cum
611 2158 819 2228 alioqui
852 2159 1139 2213 vellemus.
1167 2159 1459 2226 Quomodo
1495 2174 1626 2213 vero
1653 2169 1874 2228 possem
1921 2168 2033 2207 non
2086 2152 2343 2218 credere,
2401 2153 2495 2222 qui
2566 2155 2838 2209 malorum
2900 2156 3345 2225 experimentum
3409 2156 3467 2210 in

197 2265 289 2306 me
315 2252 435 2322 ipso
472 2251 679 2307 habere
709 2253 864 2307 visus
889 2253 1055 2308 sum?

221 2439 234 2466 ι
271 2383 395 2439 ΛΘ.
423 2384 487 2437 Oi
515 2384 572 2438 δὲ
605 2383 744 2453 (οὐδὲ
773 2383 882 2467 γάρ
907 2387 1012 2438 εἰσι
1057 2386 1254 2454 σοφοὶ..
1289 2385 1428 2454 πλὴν
1482 2387 1643 2456 μόνου
1685 2386 1778 2439 τοῦ

196 2474 567 2544 κακοποιεῖν),
591 2477 716 2528 ἐπεὶ
747 2476 822 2547 μὴ
849 2476 1104 2529 δύνανται
1137 2477 1279 2546 ὑπὲρ
1320 2479 1526 2530 τούτων
1586 2479 1782 2531 ἀπολο-

198 2565 500 2636 γήσασθαι,
561 2567 654 2620 τὸν
703 2567 878 2638 μέγαν
926 2569 1057 2638 ἡμῖν
1109 2568 1458 2638 προτείνουσι
1502 2568 1783 2621 Βασίλειον

198 2661 524 2728 γεγραφότα
579 2676 638 2712 τε
688 2659 960 2730 Διοδώρῳ,
1010 2661 1104 2712 καὶ
1158 2660 1563 2729 ἀποδεξάμενον
1617 2659 1782 2714 αὐτοῦ

197 2767 325 2802 τινα
351 2751 459 2803 τῶν
492 2752 619 2818 περὶ
647 2749 880 2818 Τριάδος
903 2753 1312 2824 ⁴συνταγμάτων
1349 2766 1362 2780 ·
1406 2752 1467 2802 ού
1492 2750 1600 2821 γάρ
1632 2751 1787 2804 ἐναν-

200 2839 538 2910 θρωπήσεως
565 2842 740 2893 εἰπεῖν
768 2841 1201 2910 ἔχουσιν⁹άλλους
1227 2841 1285 2894 τὲ
1328 2859 1478 2904 τινας
1522 2841 1631 2893 τῶν
1679 2842 1789 2896 Πα-

201 2929 402 3020 τέρωὲι,
427 2929 460 2997 ἢ
493 2929 862 3019 γεγραφότας,
891 2929 923 2997 ἢ
957 2931 1346 2998 μεμνημένους
1369 2929 1531 2982 αὑτοῦ
1555 2946 1787 2999 παρεισ-

200 3019 522 3075 κυκλοῦσιν.

273 3135 364 3188 Μ’.
414 3134 520 3186 Τὸν
565 3135 620 3187 δὲ
661 3116 946 3206 ’ὁριγένην
980 3135 1041 3188 ού
1081 3133 1474 3204 θαυμάζουσιν,
1503 3133 1588 3187 ὅτι
1615 3137 1643 3187 ό
1675 3133 1784 3187 τῶν

203 3225 500 3295 θαυμάτων
540 3225 829 3296 ἐπώνυμος
861 3226 1186 3298 Γρηγόριος,
1237 3225 1330 3278 τὸν
1359 3226 1631 3296 ὲξιτήριον
1661 3244 1785 3279 συν-

201 3315 435 3381 τάττων,
481 3317 706 3386 μυρίους
735 3318 1027 3387 ἐγκωμίων
1073 3317 1326 3380 διέξεισιν
1356 3320 1436 3380 είς
1477 3318 1639 3370 αὑτὸν
1688 3316 1788 3369 κύ-

204 3405 388 3469 κλους.
423 3407 534 3460 Καὶ
555 3408 607 3459 τί
629 3408 771 3474 λέγω
813 3409 1098 3477 Ὠριγὲνην
1131 3425 1146 3473 ;
1191 3409 1368 3460 Ὅπου
1396 3425 1458 3475 γε
1491 3411 1586 3460 καὶ
1629 3407 1786 3459 Ἀπο-

202 3499 469 3570 λινάριος,
533 3502 562 3552 ό
617 3499 761 3552 κατά
818 3499 1111 3570 διάμετρον
1160 3500 1310 3571 αὑτῷ
1371 3503 1470 3569 τῆς
1531 3501 1788 3570 ἀληθείας

200 3590 568 3658 ἀποσφαλεὶς,
602 3592 804 3659 μυρίας
867 3592 1004 3662 πρὸς
1059 3593 1223 3646 αὑτὸν
1281 3594 1571 3656 ἐπιστολάς
1625 3611 1785 3662 γεγε-

201 3681 400 3750 νῆσθαι
442 3681 719 3751 κομπάξει
755 3681 1077 3736 Ἀθανασίου
1130 3701 1188 3737 τε
1236 3683 1332 3736 τοῦ
1398 3685 1660 3753 μεγάλου,
1692 3686 1784 3738 καὶ

202 3773 578 3842 Σαραπίωνος,
602 3773 696 3826 καί
726 3790 788 3842 γε
832 3774 942 3827 τῶν
991 3774 1168 3827 ἄλλων
1201 3777 1315 3828 ὅσοι
1363 3777 1481 3828 τότε
1525 3775 1782 3844 γεγόνασι

199 3860 444 3930 λαμπροὶ
465 3861 774 3931 φωστῆρες,
802 3861 898 3914 καὶ
927 3863 1026 3932 τῆς
1053 3861 1320 3930 ἀληθείας
1368 3863 1639 3934 πρόμαχοι
1667 3877 1682 3891 ⁸
1735 3863 1782 3914 εἰ

197 3952 257 4004 δέ
286 3968 371 4013 τις
398 3951 495 4021 τὴν
525 3952 656 4021 ὃλην
679 3951 816 4020 μετὰ
849 3955 1036 4022 χεῖρας
1081 3952 1257 4017 λάϐοι,
1318 3953 1383 4024 ῆν
1430 3955 1459 4006 ό
1509 3953 1780 4024 γνώριμος

213 4040 593 4112 Ἀπολιναρίου
647 4041 912 4111 Τιμόθεος
965 4044 1428 4115 ὲκκλησιαστικὴν
1495 4046 1781 4100 συντάττει

203 4132 470 4203 ἱστορίαν,
493 4131 605 4185 οὐδ’
625 4131 788 4186 ἄλλον
812 4132 936 4186 τινὰ
965 4132 1058 4186 τοῦ
1093 4135 1351 4188 τοσούτου
1369 4135 1549 4188 ’πόνου
1581 4138 1781 4190 σκοπὸν

200 4213 446 4292 εὗρῆσει,
487 4223 628 4292 πλὴν
673 4224 772 4294 τὴν
842 4225 1218 4294 ’Λπολιναρίου
1271 4226 1554 4291 σύστασινι
1606 4230 1672 4297 ἣν
1717 4230 1781 4281 ὲκ

201 4315 416 4384 μυρίων
471 4315 879 4385 συγκεκρότηκε
938 4317 1046 4368 τῶν
1104 4316 1201 4369 ἀπ’
1251 4317 1418 4370 αὐτοῦ
1454 4335 1513 4370 τε
1549 4320 1644 4370 καὶ
1700 4320 1780 4380 εἰς

1953 2379 2196 2434 XXXIX.
2226 2380 2321 2435 Isti
2350 2395 2482 2434 vero
2517 2380 2650 2448 (non
2697 2381 2846 2435 enim
2875 2391 3004 2436 sunt
3030 2384 3329 2452 sapientes,
3356 2386 3465 2441 nisi

1883 2473 1950 2526 ad
2008 2473 2370 2540 nocendum),
2417 2474 2545 2541 quia
2582 2489 2690 2526 non
2735 2486 2967 2542 possunt
2991 2476 3106 2529 haec
3140 2475 3460 2542 defendere,

1884 2565 2158 2634 objiciunt
2191 2565 2352 2619 nobis
2376 2581 2633 2634 magnum
2659 2566 3054 2636 Basiliutn,qui
3074 2567 3144 2621 ad
3165 2568 3462 2623 Diodorum

1884 2657 2192 2724 scripserit,
2215 2668 2272 2711 et
2295 2657 2545 2727 quaedam
2571 2660 2690 2728 ejus
2723 2659 2791 2713 de
2822 2659 3091 2715 Trinitate
3128 2661 3330 2731 scripta
3364 2678 3460 2732 ap-

1885 2746 2203 2815 probaverit
2233 2766 2244 2800 :
2278 2765 2386 2802 non
2421 2750 2571 2802 enim
2605 2750 2673 2803 de
2705 2750 3089 2805 incarnatione
3120 2762 3350 2820 possunt
3375 2753 3462 2806 di-

1885 2853 2046 2902 cere;
2069 2839 2337 2906 quosdam
2369 2839 2545 2896 etiam
2579 2841 2774 2896 Patres
2793 2841 2889 2910 qui
2919 2843 2988 2897 de
3016 2857 3084 2897 eo
3117 2844 3464 2914 scripserunt

1885 2937 1982 2982 aut
2017 2929 2413 2995 meminerunt,
2447 2932 2870 2988 circumferunt.

1962 3128 2072 3183 XL.
2127 3129 2418 3198 Origenem
2471 3147 2605 3186 vero
2643 3148 2753 3188 non
2801 3135 3165 3201 admirantur,
3201 3139 3460 3207 quoniam

1889 3216 2186 3288 Gregorius
2226 3222 2318 3288 qui
2357 3236 2384 3274 a
2425 3222 2706 3276 miraculis
2737 3224 3005 3280 faciendis
3035 3240 3456 3297 cognomentum

1889 3310 2066 3376 duxit,
2094 3312 2146 3365 in
2171 3313 2420 3367 oratione
2453 3331 2616 3383 quam
2646 3315 2699 3369 in
2731 3316 2977 3372 discessu
3001 3335 3102 3373 suo
3124 3323 3457 3389 composuit,

1889 3402 2135 3458 infinitas
2158 3405 2350 3460 laudes
2376 3407 2498 3475 ejus
2524 3409 2896 3477 persequitur.
2924 3410 2992 3463 Et
3021 3411 3153 3479 quid
3180 3411 3306 3466 dico
3335 3412 3461 3468 0ri--

1887 3509 2080 3562 genem
2096 3496 2118 3547 ?
2133 3496 2590 3566 Quandoquidem
2616 3499 3008 3568 Apollinarius,
3027 3503 3121 3569 qui
3142 3503 3368 3557 omnino
3393 3521 3460 3559 ex

1887 3582 2123 3637 adverso
2157 3585 2268 3655 (55)
2303 3588 2353 3640 ei
2391 3603 2420 3641 a
2467 3589 2700 3642 veritate
2731 3591 3031 3653 aberravit,
3068 3593 3336 3660 gloriatur
3373 3595 3460 3647 in-

1885 3675 2261 3731 numerabiles
2308 3679 2566 3746 epistolas
2599 3679 2666 3732 ad
2697 3696 2823 3734 eum
2855 3683 3090 3749 scriptas
3122 3698 3243 3736 esse
3287 3685 3461 3737 Atltzu

1885 3764 2026 3818 nasii
2064 3767 2269 3836 magni,
2305 3777 2360 3821 et
2392 3767 2734 3838 Serapionis,
2768 3782 2824 3824 et
2855 3771 3113 3835 aliorum,
3139 3773 3458 3842 quicunque

1840 3900 1848 3910 .
1884 3853 2111 3910 fuerunt
2141 3866 2272 3913 tunc
2309 3858 2572 3928 fulgentia
2629 3862 2833 3927 sidera,
2861 3871 2918 3916 et
2961 3865 3208 3918 veritatis
3249 3881 3458 3933 propu-

1884 3954 2142 4012 gnatores
2174 3957 2266 4002 :et
2301 3947 2343 4001 si
2374 3949 2499 4017 quis
2529 3949 2582 4002 in
2611 3966 2802 4005 manus
2825 3961 3006 4005 sumat
3028 3953 3457 4008 ecclesiasticam

1884 4034 2174 4089 historiam
2211 4053 2374 4106 quam
2419 4039 2744 4093 Timotheus
2784 4037 3111 4108 Apollinarii
3145 4043 3457 4111 discipulus

1883 4128 2211 4194 composuit,
2240 4129 2453 4183 nullum
2479 4131 2648 4184 alium
2678 4129 2839 4184 linem
2869 4133 3001 4184 tanti
3024 4132 3229 4186 laboris
3257 4151 3459 4203 propo-

1883 4219 2048 4274 situm
2079 4220 2185 4288 ipsi
2222 4221 2484 4289 reperiet,
2513 4237 2674 4290 quam
2716 4222 3248 4277 commendationem
3286 4227 3456 4293 Apol-

1883 4308 2087 4370 linarii,
2138 4324 2300 4377 quant
2346 4325 2412 4364 ex
2461 4299 2816 4379 eo-‘eollegit,
2865 4312 3014 4379 quod
3049 4312 3118 4364 ab
3161 4313 3278 4383 ipso
3307 4325 3358 4368 et
3389 4315 3455 4368 ad

198 4407 364 4458 αὑτὸν
393 4406 708 4480 γραφεισῶν
733 4423 791 4458 τε
816 4408 911 4459 καὶ
956 4409 1730 4486 άντιγραφεισῶνιἐπιστολῶν
1762 4426 1775 4438 ·

1885 4398 2062 4468 ipsum
2087 4401 2581 4469 infiniucepistolze
2607 4402 2825 4469 scriptae
2848 4411 2903 4454 et
2924 4403 3203 4471 rescripta:
3233 4417 3411 4458 essent
3441 4423 3454 4458 :

196 4499 248 4549 οι
289 4497 335 4549 δ’
365 4496 518 4549 αὐτοί
546 4514 635 4566 μοι
673 4496 892 4550 δοκοῦσι
922 4499 1017 4550 καὶ
1066 4500 1255 4566 Δημᾶν
1301 4499 1442 4566 τάχα
1488 4502 1780 4567 συστήσειν

1882 4489 1976 4557 qui
2027 4490 2161 4542 mihi
2213 4489 2476 4543 videntur
2532 4491 2723 4543 eadem
2774 4491 2987 4545 ratione
3020 4493 3243 4546 Detnam
3297 4495 3458 4548 nobis

197 4589 355 4657 ἡμῖν,
389 4587 470 4638 ὅτι
507 4587 600 4638 καὶ
631 4586 843 4650 Παῦλος
874 4587 1038 4639 αὑτὸν
1080 4587 1374 4654 Ῥωμαίοις
1426 4590 1780 4658 συνέστηκεν,

199 4679 296 4730 καὶ
330 4679 419 4730 τὸν
457 4677 658 4730 Ἰούδαν
682 4678 997 4730 συντάττειν
1025 4677 1104 4746 τῷ
1135 4677 1280 4747 χορῷ
1309 4677 1416 4730 τῶν
1443 4679 1779 4741 ἀποστόλων,

196 4768 464 4830 πολλάκις
495 4768 572 4836 τῷ
599 4767 816 4838 Σωτῆρι
848 4767 1233 4820 συναλισθέντα
1261 4784 1275 4796 ⁶
1301 4767 1414 4819 ἀλλ’
1437 4769 1782 4822 ἀκουέτωσαν

199 4859 296 4911 καὶ
324 4858 458 4926 πρὸς
488 4856 670 4925 ἡμῶν,
699 4856 774 4919 ὡς
805 4859 853 4909 εί
891 4856 1136 4926 μέλλοιεν
1188 4846 1288 4919 τὰς
1327 4857 1462 4926 πρός
1490 4875 1641 4919 τινας
1672 4859 1780 4911 τῶν

199 4948 466 5016 Ματέρων
495 4948 890 5017 γεγραμμένας
920 4946 1230 5010 ἐπιστολάς,
1264 4947 1368 5017 πρὸ
1393 4946 1493 5014 τῆς
1524 4945 1782 5016 ἀληθείας

201 5036 494 5097 αἰδεῖσθαι,
530 5037 589 5088 ού
638 5036 914 5102 Θεόδωρον
953 5035 985 5104 ἢ
1021 5035 1286 5104 Διόδωρον
1319 5034 1502 5104 μόνον,
1528 5034 1662 5086 ἀλλά
1689 5035 1782 5086 καὶ

201 5127 401 5188 ἄλλους
451 5127 701 5190 πολλοὺς,
739 5127 836 5180 καὶ
863 5125 956 5188 οὓς
983 5125 1091 5179 οὐδ’
1117 5126 1271 5178 αὐτοὶ
1299 5125 1600 5193 βούλονται,
1640 5142 1783 5195 συμ-

201 5217 614 5287 παραδέχεσθαι
639 5217 1044 5287 βιασθήσονται.
1681 5211 1685 5222 ’

275 5310 412 5362 MA'.
441 5305 565 5360 υἴον
586 5309 641 5362 δὲ
670 5309 851 5363 αὐτῶν
876 5311 1098 5362 κάκεῖνο
1119 5326 1133 5339 ο
1180 5309 1298 5377 Ἐφ’
1333 5303 1415 5372 οἷς
1442 5307 1576 5380 γὰρ,
1596 5310 1782 5378 φησὶν,

202 5398 460 5454 εὐθύνετε
499 5401 778 5469 Θεόδωρον
819 5401 851 5470 ἢ
907 5400 1194 5470 Διόδωρον,
1244 5400 1356 5453 καὶ·
1389 5401 1516 5463 τοὺς
1562 5399 1782 5462 λοιποὺς

203 5489 460 5560 Πατέρας
515 5491 798 5554 ὑπαιτίους
849 5491 1196 5560 εὑρίσκομεν.
1251 5491 1362 5544 Καὶ
1414 5490 1781 5560 προφέρουσιν

281 5687 390 5760 (ῗῖῧ)
448 5689 550 5755 Qui
591 5692 806 5744 omnino
840 5706 904 5743 ea:
950 5689 1188 5743 adverso.
1256 5687 1430 5760 Etiam
1468 5685 1598 5741 hinc
1624 5686 1797 5756 liquet

212 5758 510 5816 Leontium
535 5761 787 5832 Origenis
815 5768 1146 5818 sectatorem
1176 5773 1285 5812 non
1331 5758 1521 5822 fuisse,
1587 5759 1782 5812 saltem

1883 4579 2352 4641 commendaturi,
2405 4580 2534 4649 quia
2585 4580 2789 4634 Pactus
2837 4597 2965 4633 eum
3009 4583 3269 4637 Romanis
3302 4601 3499 4638 com--

1885 4671 2195 4735 ntendavit;
2231 4681 2288 4724 et
2316 4673 2510 4726 Judam
2565 4673 2735 4725 choro
2768 4675 3145 4742 apostolorum
3186 4677 3457 4729 adnume-

1883 4777 2034 4830 rare,
2054 4764 2186 4831 quia
2203 4779 2346 4832 smpe
2376 4780 2500 4817 cum
2526 4764 2808 4818 Salvatore
2831 4767 3013 4819 cibum
3044 4768 3278 4835 sumpsit
3314 4786 3326 4821 :
3360 4769 3454 4821 sed

1885 4852 2115 4906 audiant
2142 4869 2169 4905 a
2203 4853 2562 4922 nobis,'quod
2595 4857 2637 4907 si
2661 4855 2884 4923 scriptis
2915 4855 3164 4922 epistolis
3194 4859 3454 4926 majorem

1884 4946 2281 5008 reverentiam,
2334 4962 2513 5013 quann
2551 4946 2767 4999 veritati
2803 4945 3068 5000 adhibere
3101 4948 3313 5011 volunt,
3348 4965 3456 5002 non

1884 5035 2061 5088 solum
2087 5035 2440 5089 Theodorum
2471 5046 2566 5091 aut
2594 5037 2912 5101 Diodorum,
2942 5039 3035 5090 sed
3064 5046 3119 5092 et
3149 5039 3284 5091 alios
3320 5042 3459 5093 mul-

1874 5133 1992 5188 tos,
2048 5132 2103 5178 et
2158 5140 2298 5194 quos
2345 5141 2448 5179 nec
2477 5127 2580 5195 ipsi
2629 5128 2840 5189 volunt,
2876 5128 3233 5196 comprobare
3261 5144 3460 5196 ωενιμ

1887 5227 2000 5270 tur.
2655 5271 2665 5282 ,
2925 5266 2933 5287 ,

1961 5307 2096 5362 XLI.
2122 5308 2292 5374 Quale
2323 5316 2590 5378 praeterea
2620 5315 2705 5363 est
2741 5309 2902 5363 illud:
2933 5309 2990 5363 In
3021 5309 3458 5378 quibus,inrptit,

1890 5400 2169 5468 corrigitis
2222 5400 2578 5455 Theodorum
2636 5409 2729 5454 aut
2777 5401 3098 5460 Diodorum.
3149 5401 3202 5453 in
3251 5401 3458 5453 eis-dein

1889 5489 2056 5544 etiam
2085 5492 2330 5562 reliquos
2363 5493 2556 5546 Patres
2583 5508 2705 5545 reos
2733 5507 2854 5547 esse
2886 5493 3215 5561 reperimus.
3239 5491 3302 5544 Et
3337 5509 3461 5560 pro-

1906 5705 2032 5743 eum
2060 5691 2178 5816 ιείςοε
2211 5691 2527 5759 scriberet;
2577 5708 2702 5748 cum
2736 5691 3028 5764 Origenem
3068 5705 3316 5745 errorum
3370 5708 3451 5744 ειτ-

1906 5769 2043 5816 mat.
2137 5779 2222 5816 [ιι.

1894 5769 2043 5829 gnat.
2087 5769 2222 5817 Tt‘n.
