4218 6444
762 414 901 479 1333

2003 408 2319 471 LEONTII
2355 407 2763 470 BYZANTINI

3892 405 4032 472 I381

760 525 923 581 exiis
950 522 1044 593 qui
1069 520 1223 577 intus
1239 526 1421 588 erant,
1480 518 1706 592 negotio
1729 516 2054 576 commisso.
2091 518 2150 575 Si
2174 518 2346 591 igitur

2456 521 2601 592 ρίους
2651 518 2896 582 ἐκείνους
2948 516 3425 585 κινδύνους,δό).ῳ
3480 517 3763 589 μετῆλθον,
3798 520 3882 572 ἐνὶ
3923 522 4032 573 τῶν

764 618 871 671 bac
893 615 981 669 via
1002 613 1165 669 vobis
1201 613 1665 682 persuaserimus,
1690 619 1747 666 et
1772 610 1994 665 tandem
2018 610 2219 665 mutari
2250 627 2348 665 vo-

760 704 1002 770 lueritis,
1027 704 1322 759 veritatem
1352 702 1529 770 magis
1560 717 1725 771 quam
1760 715 2028 769 personas
2062 701 2348 755 honoran-

760 800 870 859 tes,
905 792 1011 847 hoc
1044 792 1263 855 melius,
1288 797 1345 844 et
1360 790 1474 843 Deo
1496 791 1704 860 gratias
1729 804 1987 859 agemus:
2024 793 2110 845 sin
2139 791 2346 855 minus,

761 898 865 938 vos
897 883 1124 951 quidem
1163 881 1497 936 deﬂebimus
1531 880 1664 936 ﬂetu
1706 890 1765 936 et
1804 883 2067 940 lamentis
2119 882 2346 952 dignos;

762 990 867 1031 nos
897 990 1030 1029 vero
1059 974 1351 1037 faciemus,
1380 982 1440 1029 ut
1499 975 1604 1045 ipsi
1637 990 1703 1029 ex
1732 976 1848 1030 Deo
1898 975 2258 1044 pendeamus,
2291 983 2350 1029 et

762 1067 820 1121 in
856 1068 1014 1121 beata
1039 1082 1136 1136 spe
1158 1066 1298 1132 nixi,
1326 1082 1610 1136 nunquam
1634 1066 1973 1121 desistemus
1995 1065 2068 1119 ab
2090 1079 2155 1117 ea
2181 1079 2347 1134 quam

761 1159 959 1214 Patres
983 1159 1166 1215 nostri
1197 1158 1540 1223 habuerunt,
1575 1166 1632 1213 et
1666 1158 1813 1212 hanc
1836 1154 2221 1211 amantissime
2248 1171 2349 1225 per

761 1264 1119 1306 successores
1156 1249 1479 1319 interjectos
1515 1242 1681 1305 nobis
1706 1248 2135 1311 transmiserunt
2156 1255 2213 1301 et
2239 1256 2351 1301 tra-

762 1322 1198 1397 diderunt:boc
1227 1341 1406 1395 solum
1431 1341 1571 1395 lucri
1618 1357 1650 1395 a
1691 1342 1857 1396 nobis
1887 1348 2255 1409 reportantes,
2290 1349 2352 1394 ut

762 1432 1075 1502 depositum
1095 1446 1290 1486 eorum
1307 1433 1426 1486 sine
1445 1431 1749 1485 oll‘ensione
1780 1430 2180 1497 Custodiamus,
2199 1431 2347 1500 quod

762 1522 1006 1579 Ecclesia
1058 1532 1251 1578 sancta
1309 1522 1433 1577 sine
1490 1522 1877 1577 immutatione
1928 1531 1986 1577 et
2031 1522 2349 1577 accessione

762 1613 1045 1668 custodire
1097 1619 1463 1689 perseverat,“
1505 1621 1563 1668 et
1614 1612 1998 1683 perseverabit
2055 1627 2233 1681 usque
2279 1612 2348 1667 ad

762 1718 1022 1773 magnum
1062 1711 1120 1757 et
1150 1703 1424 1757 illustrem
1446 1703 1749 1757 adventum
1780 1700 1967 1775 magni
2002 1700 2100 1754 Dei
2150 1709 2207 1755 et
2229 1700 2350 1755 Sal-

759 1792 971 1847 vatoris
1003 1792 1183 1846 nostri
1241 1793 1374 1847 .lesu
1408 1790 1639 1857 Christi,
1688 1790 1781 1845 cui
1829 1788 2004 1860 gloria
2046 1799 2104 1844 et
2166 1789 2346 1863 impe-

761 1884 908 1938 rium
939 1882 995 1937 in
1028 1882 1250 1938 saecula.
1292 1882 1493 1938 Amen.

763 2072 1024 2146 Prologus
1065 2073 1447 2146 auctorilalum
1506 2072 1760 2127 Theodori
1817 2072 1951 2143 (b7),
2009 2091 2055 2127 ct
2114 2073 2347 2129 a'iat'um

1353 2144 1742 2198 lunreticorum.

832 2255 915 2311 Ex
947 2254 1312 2326 blasphemiis
1343 2248 1624 2310 Theodori
1667 2270 1843 2324 pauca
1896 2270 1966 2310 ex
1994 2255 2187 2311 multis
2218 2271 2351 2326 pro-

763 2360 974 2417 ponere
1002 2340 1343 2413 studuimits,
1362 2345 1435 2401 ad
1461 2345 1869 2401 ostendendum
1890 2332 2203 2401 fatuitatem
2230 2348 2349 2417 ejus

764 2437 1067 2493 absurdam
1112 2439 1263 2494 circa
1290 2438 1511 2509 dogma,
1542 2446 1605 2492 ut
1629 2453 1696 2491 ex
1747 2438 1837 2493 his
1857 2436 2022 2492 ﬁdem
2060 2438 2349 2500 faciamus,

766 2530 904 2585 nihil
933 2545 1126 2586 contra
1152 2546 1283 2586 eum
1315 2545 1421 2585 nos
1445 2529 1693 2595 ﬁnxisse,
1731 2539 1829 2584 aut
1871 2538 2068 2585 contra
2098 2544 2197 2585 eos
2255 2530 2352 2601 qui

765 2636 893 2676 cum
922 2637 993 2676 eo
1022 2621 1290 2677 sentiunt.
1317 2620 1377 2677 Si
1408 2622 1557 2676 enim
1587 2619 1753 2675 facile
1799 2631 1952 2676 esset
1993 2622 2202 2691 scripta
2230 2622 2352 2692 ejus

766 2715 1036 2784 reperire,
1085 2729 1198 2769 nou
1223 2713 1438 2785 pigeret
1496 2706 1628 2779 nos,
1663 2714 1718 2767 in
1766 2713 2027 2790 omnibus
2075 2714 2352 2784 capitibus

768 2804 839 2859 de
868 2805 1073 2875 quibus
1104 2820 1234 2860 eum
1264 2803 1673 2871 accusavimus,
1728 2803 1923 2874 ipsum
1947 2803 2103 2859 illum
2154 2811 2350 2858 testem

2450 612 2598 665 ενδον
2652 609 2713 661 τὸ
2765 608 2953 678 δρᾶμα
3000 607 3407 671 πιστεύσαντες.
3439 609 3503 661 El
3554 609 3654 678 μὲν
3705 605 3802 663 οὖν
3854 612 4033 684 ταύτῃ

2449 704 2716 772 πείσομεν
2740 703 2904 773 ὑμᾶς,
2935 703 3028 756 καὶ
3051 702 3447 773 μεταϐάλοισθε
3473 703 3573 772 ὀψὲ
3598 705 3749 773 γοῦν,
3765 705 4034 776 ἀλήθειαν

2451 794 2831 871 πρπιμῷντες
2863 795 3196 866 προσώπων,
3230 793 3379 847 τοῦτ’
3403 795 3651 865 ἄμεινον,
3687 799 3780 849 καὶ
3802 798 3883 866 τῷ
3910 797 4034 866 Θεῷ

2449 887 2646 957 χάρις’
2676 888 2725 938 εί
2764 886 2810 939 δ’
2843 884 2931 949 οὒ.
2968 887 3085 940 ἀλλ’
3125 888 3272 957 ὑμᾶς
3311 903 3376 955 γε
3413 887 3783 958 δακρὺσομεν,
3813 888 4034 959 θρήνων

2451 981 2581 1032 καὶ⁴
2609 979 2865 1050 ὀδυρμῶν
2909 978 3069 1043 ὄντας
3124 981 3313 1045 ἀξίους
3337 997 3353 1012 ο
3386 981 3549 1050 ἡμᾶς¹
3587 982 3632 1034 δ’
3669 982 3873 1043 αὐτοὺς
3936 981 4033 1034 τοῦ

2382 1130 2385 1133 _
2449 1068 2588 1122 θεοῦ
2626 1088 2685 1123 τε
2728 1072 3134 1141 ἀναρτήσομεν,
3167 1071 3262 1123 καὶ
3303 1072 3415 1124 τῶν
3466 1071 3750 1141 μακαρίων
3793 1071 4034 1124 ἐλπίδων

2449 1158 2724 1227 ἐχόμενοι,
2753 1158 2814 1212 οὔ
2857 1176 2989 1213 ποτε
3026 1159 3264 1231 λήξομεν
3296 1155 3373 1213 ὧν
3414 1178 3472 1213 τε
3521 1160 3679 1231 ἔσχον
3701 1163 3753 1213 οί
3783 1161 4034 1229 Πατέρες

2449 1248 2631 1319 ἡμῶν,
2673 1251 2769 1302 καὶ
2801 1252 2936 1320 ἡμῖν
2959 1251 3164 1315 ταύτας
3191 1250 3592 1322 φιλανθρώπως
3619 1253 3740 1305 λίαν
3783 1253 3879 1306 διὰ
3924 1253 4035 1306 τῶν

2450 1341 2509 1392 ὲν
2550 1339 2703 1411 μέσῳ
2726 1340 3102 1411 παρέπεμψαν
3126 1342 3222 1394 καὶ
3239 1341 3713 1412 μεταπαρέδοσαν,
3743 1342 3909 1397 τοῦτο
3938 1344 4033 1412 μό-

2450 1448 2539 1485 νον
2597 1432 2726 1501 παρ*
2766 1433 2925 1502 ἡμῶν
2985 1431 3389 1497 ὲκδιδάξοντες,
3443 1434 3794 1503 ἀπρόσκοπον
3852 1434 4034 1487 αὐτῶν

2452 1524 2746 1592 φυλάττειν
2775 1524 2876 1592 τὴν
2920 1523 3402 1595 παρακαταθήκην
3430 1539 3445 1555 ο
3508 1524 3780 1593 ἀμείωτόν
3826 1541 3889 1576 τε
3938 1525 4037 1578 καὶ

2452 1614 2797 1685 ἀπλήθυντον
2826 1615 3177 1684 φυλάττουσα
3212 1616 3245 1685 ὴ
3273 1615 3405 1681 ἁγία
3430 1615 3526 1666 τοῦ
3550 1614 3691 1667 Θεοῦ
3733 1614 4034 1686 Ἐκκλησία

2449 1705 2707 1770 διατελεῖ,
2742 1706 2835 1758 καὶ
2873 1704 3174 1758 διατελέσει
3216 1704 3382 1775 μέχρι
3412 1704 3513 1774 τῆς
3562 1703 3808 1773 μεγάλης
3836 1706 4036 1773 ἐπιτρα-

2450 1798 2599 1861 νείας
2640 1797 2737 1851 τοῦ
2778 1797 3016 1868 μεγάλου
3049 1798 3187 1851 Θεοῦ
3230 1798 3327 1851 καὶ
3357 1797 3611 1867 Σωτῆρος
3650 1797 3808 1867 ήμῶν
3859 1795 4033 1867 Ἰησοῦ

2379 1874 2426 1933 Β
2454 1888 2717 1959 Χριστοῦ,
2746 1884 2792 1958 ᾧ
2824 1890 2859 1959 ή
2886 1889 3016 1954 δόξα
3047 1891 3143 1943 καὶ
3170 1890 3232 1943 τὸ
3269 1889 3472 1961 κράτος
3514 1890 3596 1952 είς
3641 1888 3770 1951 τοὺς
3806 1887 4035 1949 αἰῶνας.

2465 1981 2664 2051 Ἀμήν.

2449 2075 2754 2146 Ιιίιόλεγος
2795 2072 2915 2129 τῶν
2953 2076 3367 2146 tisanana-ui;
3401 2078 3673 2145 χρήσεων
3730 2071 4035 2141 Θεοδώρου

3069 2144 3389 2213 αἰρετικοῦ.

2539 2258 2632 2311 Ἐκ
2658 2262 2769 2311 των
2796 2258 2967 2329 glutto,
2984 2258 3157 2323 ημιῶ)
3195 2257 3476 2329 Θεοδώρου
3513 2258 3672 2328 ὀλίγα
3710 2261 3774 2312 ἐκ
3808 2258 4036 2322 πολλῶν,

2452 2350 2529 2413 είς
2558 2350 2782 2414 ἔνδειξιν
2800 2353 2902 2420 τῆς
2926 2350 3054 2420 ὅλης
3081 2350 3248 2404 αὐτοῦ
3272 2352 3401 2422 περ).
3424 2352 3485 2404 τὸ
3514 2351 3689 2420 δόγμα
3718 2352 4041 2419 σκαιότητος

2458 2440 2802 2513 παραθέσθαι
2837 2441 3272 2511 ἐσπουδάσαμεν,
3304 2442 3391 2495 ίνα
3430 2444 3495 2495 ὲκ
3531 2442 3740 2496 τούτων
3768 2442 3866 2495 καὶ
3908 2442 4040 2511 περὶ

2456 2536 2567 2587 τῶν
2596 2532 2807 2586 λοιπῶν
2837 2531 3271 2603 πιστωσώμεθα,
3293 2533 3367 2595 ὡς
3387 2532 3547 2585 οὐδὲν
3571 2531 3739 2586 αὑτοῦ
3767 2530 4044 2599 κατεψευ-

2460 2624 2695 2696 σάμεθα,
2731 2624 2764 2695 ἦ
2804 2625 2914 2678 τῶν
2942 2626 3010 2677 τὰ
3047 2623 3257 2677 ἐκείνου
3286 2623 3651 2695 φρονούντων.
3692 2622 3757 2676 Εί
3788 2622 3889 2693 μὲν
3929 2623 4043 2693 γὰρ

2458 2712 2573 2772 οἷόν
2602 2735 2660 2771 τε
2689 2713 2759 2787 ἦν
2796 2717 3036 2780 εὐκόλως
3078 2717 3263 2787 εὑρεῖν
3287 2718 3387 2779 τὰς
3431 2716 3615 2779 πάσας
3645 2714 3809 2769 αὐτοῦ
3843 2716 4043 2768 συντά-

2462 2813 2597 2882 ξεις,
2622 2814 2723 2868 οὐκ
2748 2813 2818 2869 ἂν
2845 2813 3177 2882 ὠκνήσαμεν
3196 2811 3324 2884 περὶ
3351 2812 3571 2864 πάντων
3591 2809 3701 2863 τῶν
3726 2806 4045 2877 κεφαλαίων

766 2898 1105 2968 producere.
1137 2896 1276 2963 Quia
1330 2912 1464 2952 vero
1494 2910 1598 2953 nos
1637 2897 1731 2951 vix
1785 2884 2087 2967 et'magno
2140 2897 2354 2963 labore,

2458 2900 2535 2961 ὧν
2601 2905 2767 2960 αὑτὸν
2825 2902 3187 2976 ἒγραῴἁμεθα
3213 2941 3229 2965 ,
3292 2902 3456 2955 αὑτὸν
3519 2902 3734 2953 ἐκεῖνον
3804 2897 4045 2966 ποιήσα-

767 2998 827 3043 et
857 2989 1047 3044 multis
1071 2984 1506 3061 cogitationibus
1539 2987 1624 3044 usi
1660 2987 1865 3043 librum
1892 2988 2014 3059 ejus
2043 2995 2239 3043 contra
2269 2987 2357 3041 in-

769 3081 1151 3137 carnationem
1175 3080 1424 3151 reperire
1451 3079 1771 3151 potuimus;
1815 3074 2180 3135 vehementer
2208 3080 2357 3135 enim

769 3175 1091 3236 observant,
1121 3182 1179 3229 et
1207 3181 1412 3229 cavent
1430 3187 1499 3229 ne
1541 3172 1695 3227 illius
1736 3172 1912 3227 libros
1961 3186 2088 3227 eum
2147 3172 2218 3227 iis
2263 3172 2358 3242 qui

770 3285 881 3324 non
907 3277 1039 3322 sunt
1067 3269 1123 3322 in
1158 3268 1269 3322 illis
1332 3266 1600 3328 instituti,
1636 3262 2086 3332 communicent;
2116 3266 2188 3319 ob
2217 3265 2360 3320 hanc

770 3374 992 3414 causam
1025 3374 1090 3413 ea
1122 3358 1305 3413 solum
1338 3373 1464 3428 qua:
1518 3346 1714 3427 contra
1765 3355 2207 3410 incarnationem
2242 3353 2360 3410 Sal-

768 3451 980 3506 vatoris
1006 3449 1166 3515 dixit,
1206 3450 1357 3503 nun‘c
1375 3447 1638 3518 colligere
1662 3447 1987 3517 potuimus:
2022 3447 2070 3503 si
2100 3447 2226 3518 quis
2261 3461 2359 3502 ve-

772 3559 837 3597 ro
868 3557 977 3596 non
1008 3524 1334 3596 adhibuerit
1367 3533 1557 3607 tidem,
1584 3548 1643 3595 et
1687 3539 1741 3595 ei
1782 3548 1943 3595 vacat
1994 3548 2053 3595 et
2100 3549 2188 3596 est
2235 3539 2359 3594 ani-

698 3658 707 3667 ο
772 3649 918 3698 mus,
948 3641 1160 3702 quaerat
1202 3647 1328 3702 qua:
1356 3646 1499 3687 vane
1554 3631 1867 3687 elaboravit
1910 3631 1967 3685 in
2025 3630 2270 3686 Genesin
2304 3639 2360 3685 et

774 3725 831 3779 in
865 3724 1072 3779 librum
1096 3731 1291 3803 contra
1318 3722 1444 3789 Job,
1479 3730 1537 3778 et
1572 3737 1802 3793 pravam
1840 3722 2373 3793 interpretationem

774 3815 829 3869 in
855 3815 1161 3884 Epistolam
1187 3815 1255 3895 ad
1283 3812 1567 3883 Hebrzeos,
1594 3820 1652 3867 et
1678 3812 1735 3866 in
1784 3811 2086 3882 Epistolam
2138 3811 2206 3866 ad
2250 3812 2360 3867 Co-

773 3903 1039 3970 rinthios,
1078 3914 1135 3960 et
1187 3900 1255 3961 ad
1286 3904 1531 3969 Galatas,
1572 3913 1630 3960 et
1678 3917 1801 3973 quae
1834 3912 2028 3957 contra
2058 3903 2359 3974 Bagaszeos

774 3996 1019 4067 scripsit,
1051 4004 1109 4049 et
1130 3993 1663 4065 praemeditationem
1690 3999 2058 4046 etmecantem
2087 3991 2145 4045 in
2171 4005 2360 4046 sacros

774 4089 1041 4153 Psalmos,
1082 4096 1139 4142 et
1203 4101 1328 4156 qua:
1371 4100 1476 4156 pro
1531 4084 1805 4139 Eunomio
1842 4091 2036 4137 contra
2094 4083 2358 4137 Basiliam

775 4181 1019 4251 scripsit.
1074 4179 1167 4234 Sic
1207 4193 1311 4250 ego
1336 4192 1478 4232 voco
1518 4183 1689 4231 totam
1716 4176 1838 4247 ejus
1867 4174 2174 4245 apologiam
2202 4173 2354 4229 omni

775 4271 1129 4346 accusatione
1161 4270 1415 4340 plenam:
1440 4268 1573 4322 item
1611 4267 1998 4321 enarratiories
2029 4265 2281 4320 turbidas
2297 4276 2353 4320 et

774 4365 1128 4434 blasphemas
1187 4362 1243 4416 in
1292 4361 1651 4428 Evangelium
1704 4358 1967 4425 Matthaei,
2023 4360 2248 4413 Joannis
2298 4366 2356 4413 et

776 4453 959 4517 Lucae,
982 4463 1037 4507 et
1059 4456 1305 4523 ipsorum
1330 4458 1648 4505 sanctorum
1680 4442 2059 4518 apostolorum
2103 4457 2161 4502 et
2188 4462 2358 4502 evan-

776 4543 1094 4614 gclistarum
1106 4542 1375 4611 superbas
1394 4554 1532 4609 quas
1549 4554 1718 4594 ausus
1737 4547 1843 4603 est,
1865 4538 2349 4608 reprehensiones,

850 4737 974 4811 (57)Δ
991 4735 1253 4811 Prologus
1277 4736 1659 4811 auctoritatuin
1681 4735 2117 4811 _Tl_aeod_ori._Bene
2134 4734 2359 4801 factum,

777 4806 924 4878 quod
956 4806 1220 4862 Leontius
1243 4806 1704 4878 impiiTheodori
1730 4806 1896 4873 impia
1931 4806 2185 4878 dogmata
2207 4820 2361 4878 coni-

779 4874 1213 4941 memoraturus,
1238 4893 1297 4931 se
1321 4874 1378 4929 et
1397 4877 1663 4930 lectorem
1710 4890 1870 4927 suum
1915 4875 2227 4943 praemunit.
2271 4874 2362 4927 Si-

779 4949 928 5001 milia
960 4946 1235 5001 Theodori
1260 4947 1514 5014 dogmata
1538 4943 1903 5013 prodiderunt
1928 4960 1994 4998 ex
2019 4943 2154 5014 ipsis
2184 4943 2364 5014 Theo-

779 5018 901 5071 dori
925 5017 1106 5078 libris,
1137 5031 1262 5069 cum
1290 5012 1406 5078 alii,
1438 5012 1555 5067 tum
1587 5014 1839 5082 Pelagius
1868 5012 2117 5082 pontifex
2146 5014 2202 5065 in
2225 5012 2355 5081 Epi-

780 5087 917 5141 stola
948 5084 1191 5140 secunda
1212 5086 1279 5139 ad
1309 5085 1603 5154 episcopos
1633 5083 1826 5155 Istriie,
1868 5084 1971 5155 ubi
1991 5084 2136 5137 inter
2159 5093 2356 5155 caetera

781 5157 887 5211 ista
916 5157 1212 5225 leguntur:
1242 5155 1364 5209 llwc
1396 5155 1460 5207 de
1479 5154 1775 5207 innumeris
1800 5164 1978 5221 pauca
2011 5154 2355 5225 protulimus,

778 5235 838 5280 ut
861 5221 1014 5295 quasi
1048 5241 1140 5294 per
1168 5224 1407 5293 foramen
1430 5232 1737 5294 augustum,
1770 5238 1932 5289 quam
2000 5222 2222 5274 nimium
2260 5221 2357 5295 ba-

782 5291 1208 5348 rathrum'intus
1251 5294 1460 5354 lateret,
1506 5291 1979 5346 'moustrareinus:
2033 5307 2147 5342 ecce
2176 5291 2359 5358 quales

782 5365 1066 5434 plusquam
1096 5364 1271 5417 decem
1315 5363 1486 5416 millia
1548 5361 1706 5415 libros
1736 5360 2035 5434 Theodorus
2094 5361 2363 5434 scripsisse

783 5432 1102 5504 perhibetur.
1157 5434 1405 5494 Peusate,
1460 5448 1656 5501 quwso,
1709 5432 1894 5504 si_uon
1947 5440 2096 5483 tanto
2152 5432 2363 5504 acriora

783 5499 1047 5557 tormenta
1103 5504 1411 5571 promeruit,
1470 5499 1961 5571 quantoipluriora
2018 5500 2349 5571 conscripsit.

770 5573 875 5629 Sed
903 5576 1012 5627 Ita'c
1059 5570 1203 5626 illius
1252 5574 1390 5625 dicta
1436 5587 1553 5640 qua:
1584 5570 1795 5640 prolata
1846 5579 1992 5632 sunt,
2045 5580 2221 5621 utrum
2248 5570 2361 5636 ejus

782 5646 911 5706 sint,
948 5644 1169 5711 fortasse
1201 5643 1492 5695 dubitatur.
1524 5640 1793 5711 Patrum,
1829 5642 1872 5691 si
1927 5640 2359 5711 placet,_sc2jpta

786 5706 1136 5782 proferamus.
1184 5713 1444 5767 Armeuitc
1475 5712 1666 5780 quippe
1716 5706 1943 5782 episcopi
1984 5706 2353 5782 Proclo_C_on-

786 5727 1136 5782 proteramus.
1184 5727 1444 5767 Armemtc
1475 5727 1666 5780 quippe
1716 5727 1741 5763 ε
1782 5727 1940 5777 zseopt
1984 5727 2176 5761 γνοίη)
2213 5727 2348 5761 Lou-

785 5783 1274 5855 slautinopolitanw
1303 5782 1442 5835 urbis
1466 5783 1703 5852 episcopo
1736 5727 1935 5836 [ibt'lios
1977 5789 2161 5835 contra
2190 5777 2348 5833 Theo-

2462 2997 2587 3051 σθαι
2625 2997 2907 3069 μάρτυρα.
2950 2993 3173 3065 Ἐπειδὴ
3195 2993 3255 3049 δὲ
3309 2991 3465 3063 μόλις
3511 2992 3603 3044 καὶ
3649 2988 3789 3060 μετά
3838 2984 4043 3040 πολλοῦ

2459 3088 2633 3142 κόπου
2668 3086 2923 3140 ἐπινοιῶν
2948 3102 3009 3138 τε
3041 3086 3256 3155 μυρίων
3283 3084 3384 3154 τὴν
3423 3081 3568 3135 κατὰ
3611 3081 3712 3151 τῆς
3765 3079 4045 3152 ὲνανθρω-

2460 3181 2681 3249 πήσεως
2728 3175 2893 3231 αὑτοῦ
2958 3174 3138 3245 βίϐλον
3191 3175 3373 3246 εὑρεῖν
3421 3172 3757 3243 δεδυνήμεθα
3793 3171 4046 3241 (σφόδρα

2459 3272 2570 3341 γὰρ
2622 3268 3214 3342 παραπεφυλαγμένως
3254 3265 3325 3321 τὰ
3377 3263 3544 3320 αὑτοῦ
3599 3266 3713 3327 τοῖς
3769 3263 4047 3333 ἀμυήτοις

2461 3362 2729 3416 ἐκδιδόναι
2789 3359 3098 3430 θαρροῦσι),
3131 3356 3326 3411 τούτου
3380 3348 3579 3409 ἓνεκεν
3623 3354 3695 3407 τὰ
3743 3352 3888 3406 κατὰ
3943 3352 4048 3422 τῆς

2462 3453 2625 3509 ὲνανθ
2637 3454 2937 3526 ρωπήσεως
2969 3450 3063 3504 τοῦ
3094 3451 3349 3521 Σωτῆρος
3375 3447 3525 3517 αὐτῷ
3554 3445 3824 3518 εἰρημένα
3859 3445 4004 3515 μόνα
4029 3485 4044 3509 ,

2460 3545 2519 3597 ὲν
2564 3542 2646 3614 τῷ
2692 3544 2920 3616 παρόντι
2968 3539 3331 3606 συλλέξασθαι
3371 3536 3709 3606 δεδυνήμεθα
3740 3550 3755 3567 ο
3795 3535 3845 3586 εἱ
3873 3532 3933 3585 δέ
3963 3550 4052 3595 1:;

2460 3636 2781 3707 ἀπιστήσει,
2811 3634 2936 3703 ἄγοι
2970 3633 3027 3686 δὲ
3071 3631 3212 3696 ὂλως
3256 3629 3456 3701 σχολὴν
3504 3629 3602 3683 καὶ
3653 3625 4048 3698 προθυμεῖται,

2465 3729 2764 3799 ζητησάτω
2794 3725 2963 3780 αὑτοῦ
2997 3724 3096 3788 τάς
3128 3741 3189 3777 τε
3232 3725 3313 3787 είς
3354 3722 3454 3790 τὴν
3494 3720 3709 3790 γένεσιν
3747 3734 4054 3787 ματαιοπο-

2461 3820 2604 3886 νίας,
2635 3819 2730 3872 καὶ
2768 3817 2869 3888 τὴν
2906 3816 3049 3871 κατὰ
3070 3815 3165 3870 τοῦ
3210 3814 3329 3869 Ὶὼό
3366 3813 3570 3883 βίσλον,
3601 3812 3701 3883 τήν
3740 3827 3801 3864 τε
3838 3808 4051 3879 παρεξ-

2463 3912 2665 3983 ήγησιν
2734 3911 2802 3983 ῆν
2860 3910 2942 3973 εἰς
3002 3909 3105 3977 τὴν
3162 3907 3303 3977 πρὸς
3368 3904 3655 3973 Ἐϐραίους
3716 3902 4052 3970 Ἐπιστολὴν

2464 4002 2786 4072 πεποίηται,
2822 3999 2917 4054 καὶ
2951 3999 3057 4069 μὴν
3087 3998 3184 4052 καὶ
3214 3999 3296 4061 εις
3315 3998 3415 4069 τὴν
3443 3997 3578 4068 πρὸς
3603 3994 3929 4066 Κορινθίους
3954 3995 4053 4045 καὶ

2461 4095 2729 4157 Γαλάτας,
2763 4092 2835 4145 τά
2875 4109 2938 4145 τε
2971 4090 3121 4145 κατὰ
3154 4090 3523 4165 Μαγουσαίων
3563 4087 3742 4140 αὐτῶν
3801 4103 4057 4154 συγγρα-

2463 4187 2655 4257 φέντα,
2680 4185 2777 4241 καὶ
2805 4183 2900 4239 τὸν
2925 4183 3069 4238 κατὰ
3107 4183 3218 4237 τῶν
3246 4182 3407 4253 ἱερῶν
3445 4179 3691 4251 Ψαλμῶν
3715 4177 4053 4246 τυφλοποιλν

2461 4279 2827 4352 προθεωρίαν,
2887 4277 2957 4331 τά
2987 4293 3047 4330 τε
3097 4277 3239 4347 ὑπὲρ
3265 4273 3534 4344 Εὑνομίοο
3574 4271 3718 4325 κατὰ
3756 4270 4051 4323 Βασιλείου

2461 4374 2558 4427 τοῦ
2585 4374 2729 4427 πάνυ
2756 4370 2922 4443 (οὕτω
2942 4373 3054 4443 γὰρ
3079 4370 3190 4437 ἐγὼ
3211 4370 3361 4425 καλῶ
3381 4369 3482 4440 τὴν
3502 4368 3682 4434 πάσης
3701 4366 4053 4435 κατηγορίας

2468 4464 2673 4537 μεστὴν
2705 4463 2847 4534 ὑπὲρ
2881 4461 3050 4517 αὐτοῦ
3082 4462 3400 4531 ἀπολογίαν)
3421 4478 3436 4493 ·
3471 4461 3569 4523 τάς
3597 4476 3653 4512 τε
3681 4458 3765 4520 είς
3806 4458 3869 4509 τὸ
3901 4457 4052 4509 κατὰ

2460 4557 2745 4611 Ματθαίον
2773 4554 2867 4609 καὶ
2913 4553 3171 4624 Ἰωάννην
3197 4555 3290 4608 καὶ
3316 4555 3502 4624 μέντοι
3545 4567 3607 4619 γε
3634 4550 3856 4603 Λουκᾶν
3885 4550 4050 4601 τεθο-

2470 4735 2658 4788 tlorum
2694 4735 3044 4804 porrigentes,
3076 4732 3290 4804 dicunt:
3330 4730 3492 4804 «Fuit
3524 4739 3701 4804 autem
3728 4732 3932 4800 aliquis
3965 4749 4053 4799 pr-

2467 4806 2562 4857 stis
2597 4801 2770 4865 horno,
2805 4801 2972 4869 magis
2994 4811 3171 4854 autem
3199 4801 3333 4868 fera,
3351 4802 3574 4870 hominis
3594 4802 3787 4854 habens
3816 4803 4052 4870 [ormam

2468 4873 2807 4935 diabolicam,
2866 4873 3082 4924 mentito
3108 4870 3318 4922 nomine
3356 4869 3671 4939 Theodorus,
3696 4872 3790 4939 qui
3820 4869 4052 4922 'srhemu

2469 4954 2517 4997 et
2543 4959 2732 4996 nomen
2767 4942 2997 5010 episcopi
3036 4938 3548 5010 habuit,in_angulo
3570 4948 3619 4990 et
3668 4938 3891 5010 ignobili
3938 4942 4051 4992 (ora

2469 5013 2607 5066 orbis
2658 5006 3210 5072 terrarum'latitaus,
3240 5009 3295 5060 in
3325 5006 3702 5077 Mopsuestauo‘
3735 5008 3945 5061 Cilicii:
3964 5028 4052 5062 sc-

2460 5083 2645 5136 cunda:
2694 5080 2776 5135 vel
2824 5079 3037 5148 oppido,
3092 5076 3460 5148 eereguidein
3503 5086 3586 5148 et_
3606 5078 3988 5146 principaliter
4019 5098 4051 5131 α

2460 5152 2635 5209 Paulo
2662 5146 3011 5206 Samosateuo
3026 5146 3364 5207 descendens,
3403 5147 3520 5199 licet
3554 5146 3779 5200 Pliotino
3808 5158 3858 5200 et
3887 5160 4048 5200 caue-

2462 5225 2536 5276 ris
2590 5220 2951 5275 lueresiarchis
2994 5220 3052 5271 in
3102 5216 3234 5269 libro
3273 5214 3350 5267 De
3397 5215 3776 5269 lncarnatione
3831 5217 4050 5270 Domini

2463 5295 2632 5345 nostri
2657 5291 2784 5344 Iesu
2815 5288 3013 5341 Christi
3033 5288 3087 5339 in
3108 5294 3216 5338 toto
3257 5301 3354 5339 suo
3392 5287 3658 5354 proposito
3697 5288 3830 5355 ipsis
3878 5289 4050 5339 rerbis

2465 5363 2771 5415 inveniatur
2794 5373 2940 5411 usus.
2972 5375 2990 5407 ι
3038 5355 3169 5410 Haec
3194 5363 3252 5408 et
3288 5357 3447 5424 plura
3470 5356 3574 5409 alia
3617 5356 3672 5408 in
3699 5356 3820 5410 suis
3844 5357 4049 5409 litteris

2465 5433 2721 5501 Pelagius
2764 5426 3037 5501 pontifex,
3100 5425 3511 5501 consentientia
3568 5439 3693 5478 eum
3753 5426 3869 5501 l_-._is,
3928 5442 4051 5501 qtae

2470 5494 2738 5555 Leontius
2766 5494 3016 5551 adducit
3065 5510 3131 5549 ex
3163 5494 3457 5549 Theodoro
3478 5534 3492 5555 ,
3549 5510 3578 5547 a
3611 5509 3723 5562 quo
3754 5496 4052 5548 Nestorius

2467 5587 2623 5624 suam
2660 5568 3001 5637 impietatem
3025 5565 3210 5619 hausit
3239 5604 3255 5629 ,
3298 5564 3626 5637 Theodorus
3647 5574 3841 5637 autem
3876 5581 3907 5619 a
3928 5565 4051 5637 Dio-

2464 5640 2603 5693 doro
2634 5634 2925 5701 Tarsensi,
2985 5649 3290 5703 omnesque
3338 5651 3367 5689 a
3424 5635 3593 5690 Paulo
3644 5634 4047 5693 Samosatcnsi.

2462 5720 2522 5788 ιιι
2565 5709 2850 5832 ρι’θόυριίε
2882 5706 3217 5762 testimoniis
3256 5707 3480 5777 copiose
3504 5705 3854 5760 demonstra:
3877 5704 4049 5760 Leon-

2462 5788 2588 5832 ltus.
2673 5794 2762 5832 un.

2458 5788 2588 5833 tius.
2624 5788 2762 5834 Ἰὐιο
