4218 6444
750 442 892 513 1387

2016 444 2331 508 LEONTII
2371 445 2780 509 BYZANTINI

3887 458 4026 523 1338

751 555 925 612 Filius
969 553 1090 621 Dei,
1118 554 1267 612 illius
1314 555 1507 612 David.
1556 555 1717 611 Dices
1757 555 1918 623 milii,
1977 556 2129 613 Duos
2176 558 2336 630 igitur

2450 576 2542 629 μοι
2566 575 2579 589 ·
2609 559 2716 613 Δύο
2746 559 2842 615 οῦν
2876 561 3027 626 υἱοὺς
3057 562 3389 636 κηρύττειςς
3420 566 3525 621 Δύο
3548 567 3700 631 υίοῦς
3730 567 3829 623 τοῦ
3858 573 4029 626 Aac-.6

748 646 894 701 tilios
944 646 1221 716 praedicas
1249 648 1273 700 2
1303 646 1450 703 Duos
1485 646 1631 702 ﬁlios
1664 647 1836 702 David
1882 663 1992 703 non
2022 649 2150 704 dico
2177 667 2192 715 ;
2227 665 2339 704 non

749 738 896 793 enim
926 738 1040 794 dixi
1060 740 1233 794 Deum
1284 739 1527 794 Verbum
1560 738 1736 794 lilium
1759 740 1953 795 David.
2011 740 2121 797 Sed
2157 756 2339 811 neque

749 833 895 890 duos
907 835 1048 888 lilios
1061 834 1158 888 Dei
1178 833 1486 889 secundum
1509 834 1880 891 substantiam
1897 837 2056 891 dico:
2075 835 2338 889 nccenim

749 925 876 981 dico
900 925 1039 981 duos
1059 940 1129 980 ex
1151 925 1462 982 substantia
1481 926 1573 982 Dei
1587 942 1742 991 ,cum
1767 928 1894 982 dico
1908 927 2081 981 Deum
2096 926 2339 981 Verbum

750 1024 878 1070 ante
907 1014 1108 1071 saacula
1148 1015 1431 1072 habitasse
1454 1016 1510 1071 in
1547 1019 1734 1087 genito
1754 1032 1821 1073 ex
1856 1017 2071 1074 semine
2096 1016 2290 1072 David.
2313 1037 2332 1069 ι

1171 1126 1431 1197 Ejusdem
1461 1143 1524 1180 ea:
1545 1127 1725 1180 eodem
1757 1126 1911 1182 libro.

831 1236 1062 1294 «Gratia
1116 1237 1293 1293 Filius
1336 1239 1503 1294 homo
1558 1255 1625 1293 ex
1668 1238 1842 1294 Maria
1892 1248 2089 1305 natus;
2140 1249 2341 1296 natura

750 1338 940 1384 autem
973 1329 1119 1385 Deus
1151 1329 1427 1385 Verbum:
1477 1328 1616 1384 illud
1661 1330 1837 1401 gratia
1862 1339 1918 1385 ct
1945 1345 2057 1385 non
2105 1342 2340 1399 natura;

749 1420 861 1477 hoc
888 1428 1072 1476 autem
1118 1427 1317 1476 natura
1364 1431 1422 1477 et
1455 1437 1569 1476 non
1591 1421 1790 1492 gratia.
1835 1421 2084 1477 Suliiciet
2119 1422 2339 1492 corpori

750 1527 821 1567 ex
849 1518 1041 1567 nostro
1068 1526 1272 1582 genere
1323 1510 1519 1567 iiliatio
1570 1511 1878 1568 secundum
1922 1510 2180 1584 gratiam,
2216 1513 2339 1584 glo‘

749 1599 854 1666 ria,
880 1600 1302 1670 immortalitas;
1332 1610 1387 1658 et
1430 1603 1579 1673 quod
1607 1603 1871 1675 templum
1920 1605 2016 1676 Dei
2044 1604 2211 1661 Verbi
2258 1603 2341 1659 fa-

749 1697 899 1746 ctum
945 1700 1055 1758 est,
1102 1708 1175 1749 ne
1225 1693 1482 1749 elevetur
1539 1710 1708 1764 supra
1752 1705 2037 1763 naturam;
2092 1705 2151 1749 et
2197 1696 2342 1750 Deus

747 1781 991 1838 Verbum
1026 1783 1150 1840 loco
1190 1785 1427 1839 actionis
1477 1786 1782 1855 gratiarum
1829 1780 1996 1856 quam
2038 1786 2335 1850 debemus,

746 1888 833 1929 ne.
866 1875 1206 1930 contumelia
1266 1873 1540 1931 aﬂiciatur
1578 1893 1592 1929 :

745 1961 1085 2035 componere
1120 1981 1248 2020 eum
1292 1981 1422 2021 cum
1452 1981 1710 2038 corpore,
1763 1978 1820 2024 ct
1862 1968 2177 2024 existimare
2197 1984 2337 2038 opus

746 2056 827 2110 illi
876 2070 1000 2111 esse
1053 2071 1287 2127 corpore
1345 2056 1413 2111 ad
1471 2059 1775 2129 perfectam
1825 2058 2335 2116 liliationem?Nec

743 2146 893 2200 enim
920 2145 1036 2217 ipse
1060 2147 1208 2203 Deus
1235 2148 1484 2203 Verbum
1519 2150 1638 2205 vult
1662 2166 1786 2204 esse
1831 2150 1980 2205 (ilius
2002 2151 2197 2216 David,
2235 2152 2334 2207 sed

744 2238 1032 2293 Dominus.
1056 2237 1271 2310 Corpus
1312 2256 1446 2296 vero
1474 2242 1662 2296 vocari
1688 2238 1861 2297 liiium
1892 2242 2062 2297 David
2086 2258 2194 2298 non
2214 2258 2333 2298 mo-

746 2329 819 2386 do
845 2345 956 2385 non
981 2330 1208 2398 invidit,
1229 2332 1322 2388 sed
1348 2346 1578 2404 propter
1601 2334 1708 2390 hoc
1731 2335 1900 2392 venit.
1926 2354 1945 2387 ι

815 2443 887 2499 Et
910 2451 1025 2511 post
1055 2443 1169 2499 alia
1194 2461 1213 2500 :
1254 2463 1273 2497 ι
1300 2445 1371 2500 Ει
1399 2445 1622 2519 quando
1654 2446 1722 2504 de
1753 2449 2214 2519 generationibus
2244 2467 2334 2508 se-

744 2535 989 2593 cundum
1015 2547 1267 2595 naturam
1292 2516 1467 2593 fuerit1
1497 2554 1703 2604 sermo,
1731 2516 1803 2595 ne
1841 2540 1993 2597 ﬁlius
2019 2542 2206 2598 Mariae
2226 2559 2332 2613 pu-

744 2634 897 2684 tetur
911 2629 1059 2684 Deus
1068 2628 1311 2685 Verbum
1328 2646 1342 2695 ;
1364 2630 1621 2685 mortalis
1633 2631 1784 2685 enim
1803 2633 2087 2688 mortalem
2105 2642 2333 2704 generat

744 2719 1054 2776 secundum
1088 2728 1366 2786 naturam,
1396 2726 1454 2774 et
1478 2734 1683 2790 corpus
1703 2729 1935 2790 generat
1961 2723 2331 2777 consubstan-

743 2812 900 2868 tiale.
932 2811 1003 2867 Et
1026 2810 1167 2866 duas
1198 2804 1591 2882 generationes
1618 2812 1767 2867 Deus
1792 2812 2033 2868 Verbum
2071 2829 2181 2869 non
2208 2827 2333 2868 sus-

745 2902 982 2969 tinebat,
1014 2918 1180 2957 unam
1212 2909 1342 2956 ante
1381 2903 1619 2969 saecula,
1642 2904 1880 2959 alteram
1921 2904 2334 2974 posterioribus

746 2995 1117 3065 temporibus.
1156 3012 1176 3046 ι

1047 3106 1301 3178 Ejusdem
1327 3106 1547 3162 Diodori
1574 3122 1639 3163 ex
1666 3108 1845 3161 eodem
1871 3105 2024 3163 libro.

826 3239 846 3273 ι
874 3220 933 3276 Si
968 3219 1095 3291 quis
1121 3220 1363 3275 voluerit
1398 3220 1593 3275 Filium
1624 3220 1718 3275 Dei
1753 3220 1925 3274 Deum
1953 3219 2192 3275 Verbum
2220 3235 2323 3274 no-
2359 3245 2404 3305 ο

747 3313 960 3368 minare
1020 3312 1512 3384 καταχρηστικῶς,
1566 3312 1622 3366 id
1677 3320 1759 3366 est
1814 3326 1914 3381 per
1985 3312 2330 3377 abusionem,

747 3404 925 3459 lilium
971 3404 1140 3458 David
1161 3413 1390 3474 propter
1417 3405 1683 3475 templum
1720 3405 1880 3459 Verbi
1908 3403 2002 3459 Dei
2028 3420 2095 3459 ex
2128 3405 2321 3471 David,

746 3497 998 3552 nominet
1027 3514 1040 3550 :
1077 3506 1134 3553 et
1160 3497 1405 3568 genitum
1440 3512 1509 3552 ex
1539 3497 1752 3552 semine
1797 3496 1968 3551 David
2000 3496 2201 3551 Filium
2234 3497 2331 3552 Dei

747 3588 947 3659 gratia,
979 3596 1037 3644 et
1082 3603 1195 3643 non
1225 3596 1425 3643 natura
1460 3596 1621 3644 vocet
1649 3605 1663 3642 :
1697 3603 1807 3642 non
1842 3587 2101 3658 ignorans
2142 3597 2331 3658 patres

748 3680 1034 3736 naturales
1059 3720 1075 3745 ,
1113 3695 1217 3735 nec
1254 3679 1506 3735 ordinem
1540 3688 1863 3749 pervertens
1887 3718 1902 3743 ,
1932 3692 2113 3747 neque
2141 3678 2332 3733 dicens

749 3770 1163 3841 incorporeum,
1193 3770 1251 3826 et
1271 3778 1400 3824 ante
1434 3768 1632 3824 saecula
1671 3783 1795 3823 esse
1823 3783 1891 3823 ex
1920 3767 2032 3823 Deo
2055 3778 2112 3824 et
2136 3767 2328 3835 David,

748 3875 971 3932 passum
1006 3869 1064 3917 et
1098 3861 1518 3932 impassibilem.
1560 3879 1579 3911 ι

1174 3994 1432 4065 Ejusdem
1461 4011 1527 4048 ex
1548 3994 1729 4049 eodem
1753 3994 1906 4050 libro.

828 4102 1046 4164 «Filius
1106 4108 1204 4164 Dei
1295 4116 1527 4179 propter
1586 4108 1841 4173 nullum;
1911 4118 2105 4165 natura
2179 4109 2332 4165 enim

747 4194 971 4263 Filius;
1029 4211 1158 4250 caro
1221 4196 1398 4251 Filius
1461 4206 1689 4266 propter
1774 4198 2011 4264 Filium;
2073 4208 2130 4255 et
2196 4200 2332 4269 quid

748 4288 877 4343 dico
945 4296 1173 4358 propter
1222 4288 1466 4343 Filium?
1511 4290 1743 4359 Propter
1796 4305 1898 4344 nos
1964 4305 2114 4345 caro.
2149 4290 2220 4346 Et
2264 4306 2334 4345 ne

746 4379 1078 4434 existimetis
1127 4378 1512 4448 blasphemum
1538 4395 1661 4436 esse
1705 4380 1974 4442 verbum,
2027 4380 2196 4450 petite
2237 4381 2335 4435 de-

746 4470 1223 4527 monstrationes-
1256 4469 1313 4525 Si
1361 4470 1618 4525 homines
1669 4486 1779 4527 non
1820 4480 2163 4540 peccassent,
2221 4487 2332 4526 non

670 4638 675 4643 1
747 4575 891 4629 opus
956 4560 1154 4615 fuisset
1198 4560 1321 4631 lege
1356 4576 1371 4614 :
1404 4560 1556 4614 Justo
1614 4560 1833 4633 (enim)
1878 4578 1987 4615 non
2032 4570 2107 4616 est
2158 4562 2327 4633 posita
2362 4596 2405 4654 Β

752 4653 837 4707 lea:
867 4652 934 4706 ".
969 4652 1151 4708 Sinon
1171 4653 1457 4708 auxissent
1478 4663 1766 4723 peccatum
1790 4655 1887 4724 qui
1915 4662 2074 4709 erant
2099 4655 2152 4709 in
2184 4656 2327 4724 lege,

749 4759 862 4798 non
889 4759 1032 4815 opus
1053 4744 1249 4798 fuisset
1276 4745 1474 4814 gratia.
1497 4745 1693 4799 Nonne
1721 4746 1851 4815 quia
1872 4756 2224 4815 nonpotcrat
2243 4747 2331 4800 lex

747 4844 1038 4905 peccatum
1059 4835 1338 4899 occidere,
1356 4849 1543 4889 nonne
1563 4843 1789 4905 propter
1809 4851 1910 4890 nos
1931 4852 2154 4891 carnem
2174 4852 2331 4891 sum-

749 4926 884 4996 psit,
922 4935 982 4980 ut
1005 4927 1169 4979 morti
1202 4934 1259 4980 et
1283 4927 1572 4982 sententiae
1605 4928 1801 4983 mortis
1826 4928 2132 4983 remedium
2165 4929 2332 4983 all'er-

698 5088 699 5091 η
752 5017 1166 5073 rctcruciiixus
1195 5024 1251 5073 et
1284 5027 1577 5082 mortuus.
1622 5033 1688 5073 ac
1734 5020 2075 5075 suscitatus?
2110 5020 2166 5074 Si
2216 5036 2325 5073 non

749 5109 975 5164 fecisset
1000 5123 1352 5181 progressum
1405 5108 1655 5170 fallacia.
1705 5117 1762 5164 et
1811 5110 2087 5165 sententia
2131 5110 2330 5162 mortis

752 5207 945 5255 contra
989 5214 1129 5265 nos,
1183 5197 1318 5269 quid
1375 5212 1516 5269 opus
1554 5196 1827 5253 crat'ista
1874 5198 2057 5253 crucis
2099 5213 2327 5269 reconc-

751 5292 902 5347 mia?
929 5290 1071 5357 Quid
1104 5306 1244 5360 opus
1272 5300 1392 5346 erat
1420 5289 1653 5347 induere
1682 5290 1928 5361 corpus?
1967 5290 2161 5345 Nonne
2203 5305 2330 5359 pro.

751 5393 878 5456 pter
905 5399 1008 5438 nos
1031 5397 1252 5438 carnem
1277 5383 1528 5452 accepit?
1561 5403 1579 5433 ι

822 5495 929 5551 Sed
955 5504 1174 5566 tempus
1192 5498 1305 5567 jam
1330 5504 1490 5551 vocat
1532 5510 1654 5558 nos.
1684 5504 1746 5551 ut
1777 5496 2014 5565 primum
2045 5504 2326 5565 parentem

750 5589 919 5659 hujus
953 5588 1255 5659 impietatis
1292 5603 1322 5642 a
1352 5602 1464 5658 quo
1496 5588 1707 5644 semina
1737 5594 2087 5657 acceperunt.
2120 5587 2175 5640 in
2214 5602 2328 5641 me-

752 5679 907 5735 dium
934 5679 1252 5743 aderamus.
1280 5679 1381 5738 Hic
1402 5690 1488 5740 est
1516 5681 1742 5745 Paulus,
1790 5679 2064 5734 zizanium
2120 5677 2329 5735 diaboli

822 5830 866 5864 “
905 5831 923 5890 l
954 5832 1096 5888 Tim.
1133 5851 1169 5900 ι,
1201 5837 1251 5891 9.

2441 649 2505 701 οὐ
2560 649 2738 719 λέγωο
2774 651 2849 723 μὴ
2879 652 2989 724 γὰρ
3037 651 3190 709 εἷπον
3231 656 3327 710 τὸν
3382 657 3518 712 Θεὸν
3561 661 3734 727 Λόγον
3766 661 3885 715 υἱὸν
3912 665 3994 717 Δα

2443 739 2530 794 ϐίό
2555 758 2568 773 ο
2610 742 2725 795 ἀλλ’
2756 742 2879 796 οὐδὲ
2912 744 3007 799 δύο
3041 747 3193 809 υἱοὺς
3216 747 3313 802 τοῦ
3342 748 3483 803 Θεοῦ
3503 752 3623 805 κατ’
3640 752 3832 805 οὐσίαν
3856 752 4004 822 λέγω

2447 832 2523 904 μὴ
2556 833 2665 906 γὰρ
2705 834 2800 890 δύο
2838 839 2984 908 φημὶ
3026 838 3092 892 ἐκ
3136 840 3240 908 τῆς
3266 841 3360 895 τοῦ
3390 841 3527 895 Θεοῦ
3554 843 3765 909 οὐσίας,
3791 843 3887 898 τὸν
3918 847 4009 916 πρ

2444 925 2659 980 αἰώνων
2699 926 2834 981 Θεὸν
2881 930 3055 998 Λόγον
3098 929 3276 1001 λέγων
3306 934 3696 1006 κατῳκηκέναι
3723 938 3781 989 ὲν
3830 936 3913 1007 τῷ
3963 940 4022 990 ιι

2444 1017 2762 1090 σπέρματος
2788 1019 2973 1074 Δασίδ.
3016 1041 3036 1073 ι

2661 1162 2667 1168 -
2731 1131 2843 1189 Τοῦ
2864 1135 3052 1191 αὐτοῦ
3084 1138 3154 1192 ἐκ
3181 1137 3291 1193 τοῦ
3314 1138 3513 1195 αὐτοῦ.
3534 1142 3739 1211 λόγου.

2517 1262 2539 1296 ι
2574 1244 2773 1315 Χάριτι
2797 1246 2926 1310 Υἱὸς
2954 1248 2984 1300 6
3016 1250 3083 1303 ἐκ
3117 1250 3342 1322 Μαρίας
3370 1244 3683 1323 ἄνθρωπος,
3711 1253 3879 1324 φύσει
3909 1254 3971 1310 δι
3997 1256 4027 1310 ὁ

2442 1332 2577 1399 Θεὸς
2609 1336 2780 1405 Λόγος
2803 1354 2819 1369 ο
2848 1338 2912 1391 τὸ
2941 1339 3042 1409 μὲν
3076 1341 3262 1412 χάριτι
3298 1342 3395 1396 καὶ
3420 1343 3483 1396 οὺ
3512 1343 3709 1413 φύσει,
3739 1346 3802 1399 τὸ
3835 1347 3897 1400 δὲ
3924 1348 4028 1415 φῦ-

2445 1442 2530 1479 σει
2564 1426 2659 1481 καὶ
2686 1430 2750 1482 οὐ
2777 1429 2962 1500 χάριτι
2989 1447 3004 1462 ο
3034 1431 3264 1502 ἀρκέσει
3284 1432 3364 1503 τῷ
3393 1433 3453 1500 ἐξ
3481 1432 3641 1505 ήμῶν
3685 1435 3906 1505 σώματι
3923 1479 3938 1500 ,
3965 1439 4029 1493 τὸ

2442 1517 2546 1586 τῆς
2570 1520 2717 1572 κατὰ
2744 1521 2908 1593 χάριν
2938 1522 3210 1594 υίότητος,
3245 1524 3308 1578 τὸ
3337 1525 3439 1596 τῆς
3460 1524 3648 1596 δόξης,
3664 1529 3728 1582 τὸ
3752 1530 3861 1599 τῆς
3885 1531 4026 1584 ἀθα-

2442 1609 2633 1671 νασίας
2658 1624 2673 1640 ·
2708 1610 2789 1664 ὅτι
2822 1611 2949 1678 ναὸς
2968 1611 3066 1667 τοῦ
3099 1612 3239 1666 Θεοῦ
3266 1612 3442 1682 Λόγου
3475 1615 3724 1683 γέγονεν,
3759 1617 3838 1688 μὴ
3884 1619 4029 1690 ὑπὲρ

2443 1700 2605 1770 φύσιν
2646 1702 2931 1772 ἀναγέσθω
2956 1718 2971 1735 ’
3007 1703 3105 1757 καὶ
3131 1706 3161 1758 6
3202 1703 3338 1768 Θεὸς
3386 1705 3562 1775 Λόγος
3604 1708 3726 1761 ἀντὶ
3759 1709 3866 1778 τῆς
3893 1712 4025 1781 παρ’

2442 1793 2600 1863 ἡμῶν
2639 1793 3001 1864 ὀφειλομένης
3041 1794 3394 1867 εὐχαριστίας
3429 1797 3505 1869 μὴ
3535 1798 3879 1869 ὑδριζέσθω.
3914 1802 4027 1856 Καὶ

1663 1884 1721 1931 et
1769 1893 1894 1948 quae
1958 1877 2333 1942 contumelia,

2439 1882 2523 1944 τίς
2550 1883 2584 1952 ἠ
2618 1881 2778 1949 ὕϐρις
2802 1883 2899 1936 τοῦ
2930 1885 3240 1938 συντιθέναι
3267 1885 3431 1940 αὐτὸν
3463 1887 3603 1957 μετὰ
3622 1887 3717 1941 τοῦ
3745 1888 4027 1959 σώματος,

2442 1974 2535 2028 καὶ
2569 1973 2778 2027 δεῖσθαι
2809 1975 3054 2046 νομίζειν
3083 1978 3166 2040 εἰς
3194 1976 3407 2030 τελείαν
3439 1977 3666 2049 υίότητα
3694 1979 3793 2031 τοῦ
3822 1980 4026 2050 σώμα-

2439 2081 2569 2132 τος;
2601 2064 2725 2118 οὐδὲ
2779 2065 2943 2128 αὐτὸς
2965 2066 2995 2119 6
3041 2066 3177 2131 Θεὸς
3200 2067 3375 2137 Λόγος
3408 2066 3659 2137 βούλεται
3700 2069 3901 2123 ἑαυτὸν
3929 2069 4027 2125 τοῦ

2439 2157 2607 2212 Δασὶδ
2663 2154 2803 2211 εἶναι
2856 2157 2995 2222 υἱὸν,
3028 2159 3169 2213 ἀλλὰ
3202 2147 3434 2230 Κύριον.
3457 2159 3531 2213 Τὸ
3562 2160 3621 2214 δὲ
3651 2160 3813 2231 σῶμα
3844 2161 4026 2216 unki-

2441 2251 2567 2306 σθαι
2597 2250 2691 2305 τοῦ
2721 2237 2889 2306 eaeis
2918 2252 3070 2319 Υίδν,
3092 2253 3156 2306 οὐ
3187 2252 3350 2324 μόνον
3375 2252 3477 2306 οὐκ
3511 2253 3817 2325 ιφθόνησεν
3844 2295 3861 2322 ,
3886 2256 4028 2311 ἀλλά

2439 2344 2533 2397 καὶ
2559 2340 2649 2398 διὰ
2673 2343 2832 2397 τοῦτο
2858 2346 3257 2416 παραγέγονεν.
3289 2363 3311 2397 ›

2507 2455 2617 2510 Καὶ
2636 2457 2768 2526 μεθ’
2788 2456 2961 2525 ἕτερά
2988 2471 3005 2487 ο
3033 2474 3053 2508 ι
3086 2458 3198 2511 Καὶ
3231 2459 3362 2526 περὶ
3380 2459 3493 2513 τῶν
3522 2459 3668 2514 κατὰ
3702 2458 3873 2530 φύσιν
3893 2477 4024 2530 γεν-

2436 2548 2645 2618 νήσεων
2696 2549 2775 2601 ὅτ’
2803 2548 2869 2603 ἂν
2959 2548 3138 2618 λόγος,
3165 2551 3243 2619 μὴ
3273 2550 3374 2621 τῆς
3419 2552 3646 2622 Μαρίας
3676 2554 3796 2615 υίὸς
3831 2555 3862 2605 ό
3888 2553 4026 2616 Θεὸς

2436 2639 2608 2707 Λόγος
2635 2637 3027 2692 ὐποπτευέσθω
3049 2653 3065 2670 ο
3099 2639 3297 2710 θνητὸς
3326 2638 3436 2708 γὰρ
3462 2641 3655 2710 θνητὸν
3684 2644 3853 2713 γεννᾷ
3878 2642 4026 2697 κατὰ

2438 2727 2622 2798 φύσιν,
2655 2728 2751 2780 καὶ
2778 2728 2940 2799 σῶμα
2965 2727 3030 2781 τὸ
3069 2729 3379 2799 όμοούσιον.
3408 2731 3519 2783 Καὶ
3549 2731 3644 2784 δύο
3673 2734 3966 2801 γεννήσεις
3995 2734 4026 2786 6

2435 2818 2569 2882 Θεὸς
2589 2819 2765 2887 Λόγος
2793 2820 2895 2889 οὐχ
2934 2820 3223 2891 ὑπέμεινε,
3245 2820 3347 2891 τὴν
3379 2821 3481 2892 μὲν
3503 2824 3613 2892 πρὸ
3648 2822 3887 2891 αἰώνων,
3907 2822 4028 2895 τὴν

2433 2910 2491 2966 δὲ
2514 2912 2570 2964 ἐν
2604 2911 2854 2981 ὑστέροις
2878 2914 3147 2981 καιροῖς.»

2545 3094 2659 3150 Τοῦ
2688 3094 2879 3150 αὑτοῦ
2908 3093 3198 3162 Διοδώρου
3230 3094 3299 3149 ἐκ
3331 3093 3439 3149 τοῦ
3470 3094 3659 3149 αὐτοῦ
3698 3096 3911 3163 λόγου.

2513 3226 2532 3259 ι
2571 3206 2641 3261 Ei
2682 3224 2769 3269 τις
2802 3206 3043 3277 βούλοιτο
3099 3205 3576 3277 καταχρηστικῶς,
3604 3206 3698 3258 καὶ
3744 3206 3839 3259 τὸν
3886 3205 4024 3258 Υῐὸν

2437 3300 2533 3355 τοῦ
2578 3299 2712 3354 Θεοῦ
2761 3302 2853 3355 τὸν
2895 3301 3027 3354 Θεὸν
3084 3301 3295 3367 Λόγον,
3326 3300 3442 3352 υἱόν
3489 3299 3656 3352 Δαὸὶδ
3700 3297 4023 3365 όνςμάζειν,

2433 3395 2521 3448 διὰ
2554 3393 2646 3448 τὸν
2681 3394 2745 3447 ὲκ
2776 3392 2943 3445 Δασὶδ
2966 3391 3062 3445 τοῦ
3093 3391 3230 3444 Θεοῦ
3262 3392 3441 3457 Λόγου
3480 3390 3628 3450 ναὸν,
3662 3390 4022 3457 ὀνομαζέτωο

2434 3488 2530 3538 καὶ
2559 3487 2652 3538 τὸν
2688 3486 2752 3537 ὲκ
2787 3485 3107 3554 σπέρματος
3141 3482 3305 3535 Δαϐὶδ
3333 3482 3464 3534 Υἰὸν
3502 3481 3595 3533 τοῦ
3634 3481 3769 3532 Θεοῦ
3828 3482 4022 3550 χάριτι

2434 3579 2529 3631 καὶ
2554 3577 2616 3630 οὗ
2644 3577 2803 3645 φύσει
2826 3575 3308 3647 προσαγορευέτω,
3340 3576 3464 3637 τοὺς
3482 3575 3744 3641 φυσικοὺς
3767 3575 4026 3642 πατέρας

2432 3670 2534 3722 οὐκ
2589 3668 2820 3737 ἀγνοῶν,
2851 3668 2972 3720 οὐδὲ
3024 3668 3125 3738 τὴν
3171 3666 3325 3731 τάξιν
3376 3668 3721 3737 ἀνατρέπων,
3753 3665 3878 3717 οὐδὲ
3924 3667 4025 3717 τὸν

2432 3759 2724 3831 ἀσώματον
2783 3760 2959 3829 λέγων
3000 3760 3095 3812 καὶ
3142 3758 3248 3828 πρὸ
3291 3757 3505 3810 αἰιὶηων
3542 3760 3606 3810 ὲκ
3645 3757 3783 3809 Θεοῦ
3819 3757 3918 3809 καὶ
3956 3760 4026 3811 ὲκ

2433 3853 2622 3919 Δαϐὶδ,
2652 3852 2748 3906 καὶ
2774 3851 3081 3906 πεπονθότα
3112 3852 3208 3904 καὶ
3250 3849 3460 3919 ἀπαθῆ.
3504 3867 3524 3901 s

2670 3988 2782 4042 Τοῦ
2809 3985 2997 4042 αὐτοῦ
3026 3986 3094 4039 ἐκ
3124 3985 3232 4038 τοῦ
3276 3982 3465 4038 αὐτοῦ
3485 3985 3674 4052 λόγου
3700 4022 3716 4037 .

2508 4117 2528 4153 ι
2572 4101 2633 4153 '0
2658 4100 2785 4162 Υἱὸς
2834 4097 2926 4152 τοῦ
2974 4096 3132 4159 Θεοῦ,
3159 4096 3226 4148 δι’
3250 4095 3473 4148 οὐδένα·
3505 4092 3665 4162 φύσει
3707 4090 3819 4161 γὰρ
3859 4090 4023 4151 Υἱός·

2432 4191 2467 4260 ἡ
2500 4189 2638 4261 σὰρξ
2690 4188 2841 4250 Υίὸς,
2888 4186 2977 4239 διὰ
3021 4187 3113 4238 τὸν
3169 4184 3335 4236 Υίόν·
3366 4185 3461 4236 καὶ
3511 4182 3563 4236 τί
3603 4180 3748 4248 >6γω
3781 4180 3872 4232 διὰ
3922 4183 4023 4233 τὸν

2433 4277 2599 4343 Υἱόν;
2633 4276 2700 4330 δι’
2727 4278 2875 4346 ἡμᾶς
2907 4277 2938 4343 ἡ
2988 4272 3126 4339 σάρξ
3160 4289 3174 4302 ο
3210 4273 3303 4326 καὶ
3339 4271 3415 4342 μὴ
3457 4271 3720 4341 νομίσητε
3763 4269 4022 4339 βλάσφη-

2436 4387 2535 4440 μον
2559 4369 2619 4423 τὸ
2644 4369 2794 4439 ῥῆμα
2817 4383 2830 4397 ·
2852 4367 2988 4420 ἀλλὰ
3017 4364 3357 4435 ἀπαιτήσατε
3382 4365 3480 4424 τὰς
3501 4360 3828 4426 ἀποδείξεις.
3850 4362 3915 4413 El.
3942 4364 4023 4430 pi}

2432 4450 2702 4514 ἔπταισαν
2749 4460 2798 4511 oi
2830 4457 3134 4526 ἄνθρωποι,
3176 4456 3249 4525 μὴ
3286 4454 3447 4524 χρεία
3475 4450 3542 4524 ἦν
3569 4454 3735 4522 νόμου
3755 4469 3771 4482 υ
3796 4456 4026 4519 Δικσίῳ

2434 4552 2561 4623 γὰρ,
2587 4553 2771 4618 νόμος
2790 4552 2862 4603 οὑ
2887 4549 3094 4602 κεῖται.
3121 4547 3182 4598 Et
3209 4545 3284 4616 μὴ
3309 4546 3590 4597 ἐπέτειναν
3620 4544 3717 4609 τὴν
3736 4541 4026 4611 ἁμαρτίαν

2431 4646 2483 4697 οἱ
2513 4645 2570 4696 ὲν
2589 4644 2761 4711 νόμῳ,
2795 4642 2866 4711 μὴ
2885 4640 3043 4710 χρεία
3064 4634 3133 4709 ἦν
3152 4638 3252 4706 τῆς
3277 4637 3515 4707 χάριτος.
3544 4636 3680 4697 Οὐκ,
3706 4632 3897 4699 ἐπειδὴ
3915 4633 4025 4684 οὐκ

2432 4735 2656 4788 ἐδύνατο
2688 4736 2716 4786 6
2753 4732 2918 4801 νόμος
2953 4732 3273 4783 ἀποκτεῖναι
3301 4729 3401 4796 τὴν
3434 4723 3924 4795 ἁμαρτίαν,ίοξρχ“ι]
3954 4725 4024 4777 δι’

2432 4831 2578 4899 ἡμᾶς
2610 4825 2843 4899 [σάρκα]
2871 4824 3084 4886 ἐλαϐεν,
3118 4823 3203 4875 ἵνα
3234 4822 3326 4873 τὸν
3358 4823 3587 4873 θάνατον
3616 4820 3712 4870 καὶ
3751 4819 3854 4886 τὴν
3879 4818 4028 4869 and-

2433 4937 2598 4988 φασιν
2627 4919 2722 4972 τοῦ
2784 4917 3016 4971 θανάτου
3065 4914 3498 4982 ἁνακαλέσηται,
3530 4911 3874 4985 σταυριυθεὶς.
3924 4913 4028 4964 καὶ

2433 5011 2725 5064 ἀποθανὼν
2759 5011 2850 5063 καὶ
2873 5010 3143 5069 ἁναστάς;
3179 5007 3238 5058 Εἰ
3264 5004 3340 5074 μὴ
3355 5004 3541 5071 ἀπάτη
3569 5004 4025 5073 προκεχωρήκει,

2436 5105 2530 5156 καὶ
2568 5104 2602 5173 ἡ
2634 5104 2908 5170 ἀπόφασις
2956 5098 3057 5151 τοῦ
3085 5098 3317 5151 θανάτου
3348 5094 3472 5160 καθ’
3498 5094 3676 5163 ἡμῶν,
3736 5094 3820 5155 τίς
3862 5097 4028 5161 χρεία

2435 5192 2503 5267 ἦν
2527 5195 2624 5263 τῆς
2642 5194 2954 5263 οἰκονομίας
2980 5190 3183 5260 ταύτης
3210 5187 3306 5242 τοῦ
3336 5186 3605 5256 σταυροῦ;
3627 5186 3710 5246 τίς
3744 5185 3907 5255 χρεία
3925 5186 4030 5254 τῆς

2438 5285 2885 5356 ὲνσωματὼσεως
2911 5299 2928 5345 ,'
2959 5282 3020 5335 οὐ
3048 5281 3116 5335 δι’
3157 5281 3304 5352 ἡμᾶς
3334 5278 3494 5353 ελαεε
3522 5277 3623 5348 τὴν
3660 5278 3845 5347 σάρκα
3883 5295 3898 5341 ;
3939 5295 3959 5326 ι

2507 5488 2715 5559 Καιρὸς
2779 5488 2836 5542 δὲ
2880 5489 2982 5559 ἤδη
3035 5486 3227 5550 καλεῖ,
3274 5486 3371 5538 καὶ
3415 5483 3508 5536 τὸν
3536 5479 3777 5551 πρῶτον
3841 5479 4029 5533 αὐτῶν

2436 5583 2538 5651 τῆς
2590 5581 2849 5642 ἀσεϐείας
2902 5579 3139 5650 πατέρα,
3196 5579 3325 5649 παρ’
3361 5571 3424 5630 οὗ
3477 5576 3569 5627 καὶ
3611 5576 3680 5625 τὰ
3723 5574 4027 5642 σπέρματα

2438 5674 2646 5746 ταύτης
2679 5672 2965 5745 δεξάμενοι
3007 5672 3218 5742 ἔτυχον,
3256 5673 3336 5733 είς
3384 5668 3549 5739 μέσον
3580 5666 3659 5737 τῷ
3699 5664 3852 5735 λόγῳ
3886 5680 4026 5734 παρ-
