4214 6450
717 456 857 523 1395
1975 464 2287 525 LEONTII
2327 465 2733 526 I3'3.ZANTINI
3839 462 3976 528 1396

711 592 1100 674 (Omittimus
1139 596 1457 674 sequentia
1494 593 1663 672 apud
1717 593 2035 674 Leontium
2071 594 2496 674 Nazianzeni,
2534 596 2803 672 Νεμεεηὶ
2829 640 2866 674 ,_
2892 589 3245 674 Athanasii,
3295 590 3564 674 ενι-ΗΠ,
3611 590 3976 674 [animique

1066 670 1394 732 Pelusiota?
1427 670 1805 744 testimonia,
1841 690 1974 752 qtue
2006 673 2069 731 in
2102 690 2312 732 eorum
2352 670 2659 751 Operibns
2692 692 2730 731 a
2763 671 2938 732 nobis
2972 670 3155 732 editis
3193 670 3316 749 legi
3352 671 3631 750 queunt.)

711 788 894 849 εἰπεῑὶ
932 790 1175 861 Ephrwm
1209 807 1272 844 ea:
1298 789 1550 865 Qraliom
1594 796 1646 847 in
1695 794 2049 865 Margaritam
2102 803 2286 849 contra
2316 798 2362 854 Α

2316 798 2362 854 Α
2468 796 2575 849 Tot:
2626 797 2803 848 ὁσίου
2844 796 3086 861 Ἐφραὶμ
3127 794 3195 846 ἐκ
3236 794 3341 847 τοῦ
3369 794 3556 862 λόγου
3599 796 3703 849 τοῦ
3744 798 3836 862 εἰς
3868 796 3974 849 τίν

1322 862 1664 917 Marcionem.
1818 862 1833 865 θ
2385 866 2759 935 μαργαρίτην
2772 866 2904 940 (62')
2923 879 2986 917 κα

1818 862 1833 865 θ
2385 866 2904 940 μαργαρίτηνωϊ)
2923 867 3072 918 κατὰ
3102 865 3469 932 Μαρκίωνος.

786 971 951 1036 «Quae
999 970 1156 1026 vides
1183 977 1240 1027 et
1269 978 1554 1034 attrectas,
1596 970 1707 1025 sint
1739 971 1839 1026 tibi
1885 971 2281 1037 testimonium,

2468 997 2484 1027 ι
2524 976 2590 1028 Ἀ
2624 973 2844 1043 βλέπεις
2867 972 2961 1025 καὶ
2985 972 3260 1042 ψηλαφᾷς,
3295 973 3539 1039 γενέσθαι)
3574 990 3656 1027 cat
3691 976 3973 1044 page-api:

710 1069 906 1114 natura
933 1061 1158 1116 scilicet
1173 1077 1340 1132 quam
1368 1062 1550 1115 nescis
1571 1062 1870 1131 explicare,
1924 1061 2072 1131 quod
2113 1062 2286 1116 Filius

2390 1067 2423 1135 ἡ
2454 1066 2636 1135 ςὺπες,
2690 1066 2758 1136 ἢν
2810 1067 2987 1117 εἰπεῖν
3010 1066 3112 1118 οὐκ
3169 1065 3481 1129 ἐπίστασαι,
3526 1068 3609 1120 ὅτι
3659 1067 3788 1122 Υιδς
3841 1068 3971 1121 ἄνευ

708 1152 829 1206 sine
868 1152 1080 1206 semine
1119 1153 1386 1216 nascitur,
1409 1163 1467 1207 et
1526 1152 1639 1207 duo
1665 1155 1941 1208 contraria
1977 1156 2283 1209 secundum

2391 1156 2601 1225 σπορᾶς
2631 1155 2840 1222 γίνεται
2866 1193 2881 1216 ,
2916 1154 3129 1208 καὶδύο
3160 1155 3472 1208 ὑπεναντία.
3499 1156 3779 1219 οὐσιωδῶς
3821 1158 3958 1226 dipo-

707 1241 1075 1296 substantiam
1124 1245 1517 1312 conspirarunt
1576 1252 1817 1300 ostensa
1883 1245 2163 1317 hypostasi
2227 1248 2282 1330 in

2389 1245 2611 1315 νόησαν,
2653 1245 2755 1315 τῆς
2787 1244 3143 1311 ὑποστάσεως
3182 1245 3543 1318 δεικνυμένης
3594 1249 3689 1301 ἐπὶ
3729 1249 3969 1317 ἑκάστης

707 1346 1036 1401 unaquaque
1068 1341 1285 1390 natura.
1304 1352 1322 1385 ι

1022 1348 1036 1387 3
1068 1341 1322 1390 natura.»
2391 1337 2631 1408 φύσεως.
2667 1357 2686 1390 ι

776 1465 1029 1520 Arbitror
1047 1482 1162 1536 per
1186 1467 1367 1522 omnia
1404 1467 1840 1523 demonstratum
1889 1473 2277 1543 esse,.0pinio-

2455 1468 2623 1544 Οἶμαι
2649 1470 2739 1526 διὰ
2772 1472 2991 1525 πάντων
3028 1470 3401 1541 ἀποδεδεῖχθαι
3435 1470 3535 1542 τὴν
3565 1471 3850 1541 Θεοδώρου
3883 1472 3975 1524 καὶ

706 1573 833 1611 nem
876 1558 1149 1611 Theodori
1203 1568 1258 1614 et
1289 1566 1626 1614 sectatorum
1683 1562 1803 1632 ejus
1856 1564 2106 1618 eamdem
2160 1580 2282 1621 esse

2391 1569 2499 1633 τῶν
2541 1569 2680 1653 duca"
2710 1568 2873 1622 αὐτὸν
2910 1567 3046 1637 πρός
3076 1586 3136 1620 τε
3174 1568 3269 1622 τὸν
3309 1567 3634 1638 Σαμοσατέα.
3658 1568 3972 1637 ὁμοδνιξίαν,

706 1665 831 1715 qua:
860 1649 1011 1702 Pauli
1040 1649 1476 1717 Samosatensis;
1502 1660 1557 1705 et
1581 1668 1611 1705 a
1645 1652 1851 1724 sanctis
1887 1655 2144 1709 Patrihus
2174 1656 2282 1710 dif-

2392 1663 2487 1713 καὶ
2511 1649 2659 1730 πρὸς
2681 1660 2811 1723 τοὺς
2860 1658 3049 1727 ἁγίους
3084 1659 3335 1730 “nepa;
3366 1659 3619 1713 ἐναντίαν
3652 1662 3746 1711 καὶ
3777 1659 3969 1725 omnem

706 1740 854 1794 terre
881 1781 895 1803 ,
931 1731 1124 1810 eisque
1163 1742 1467 1797 adversari.
1519 1742 1765 1797 Pendeat
1802 1758 1870 1797 ex
1901 1753 2173 1813 potestate
2206 1747 2284 1801 lc-

2392 1768 2485 1820 ρον
2531 1750 2781 1822 γνώμην.
2809 1750 2926 1820 Τῆς
2974 1749 3031 1802 δὲ
3073 1749 3183 1803 τῶν
3218 1749 3664 1820 ἐντυγχανόντων
3707 1749 3976 1819 ὴρτήδθω

705 1832 954 1898 gentium
987 1831 1271 1888 adhzerere
1309 1832 1553 1900 veritati,
1574 1882 1581 1893 ,
1605 1840 1661 1889 et
1693 1833 1825 1890 dare
1864 1833 2017 1901 huic,
2052 1843 2114 1891 ut
2143 1836 2285 1893 ferat

2387 1840 2639 1905 ἐξουσίας
2697 1842 2766 1912 τῇ
2819 1856 2881 1893 τε
2933 1839 3167 1910 ἀληθείᾳ
3218 1836 3579 1909 προσθέσθαι,
3639 1838 3737 1891 καὶ
3788 1836 3975 1897 δοῦ-ιιι

708 1924 993 2001 praemium
1024 1924 1291 1982 victorize.

2386 1929 2564 2006 ταύτῃ
2588 1929 2733 1987 κατὰ
2755 1931 2818 1985 τδ
2850 1929 3047 2001 ψεῦδος
3073 1929 3218 1999 ἔχειν
3243 1928 3311 1982 τὰ
3333 1929 3648 1999 νικητήρια.

773 2078 905 2151 (62‘)
927 2075 1209 2133 Sermonis
1242 2077 1408 2162 huius
1428 2079 1537 2137 alia
1564 2078 1677 2136 duo
1713 2080 1916 2138 Graeca
1952 2078 2257 2155 fragmenta
2291 2087 2536 2147 dedimus
2558 2100 2624 2142 es
2664 2082 2859 2157 Script.
2887 2092 2991 2141 ut.
3019 2092 3062 2140 t.
3094 2083 3206 2150 VII,
3242 2099 3300 2154 p.
3334 2082 3407 2139 28
3443 2090 3503 2138 et
3532 2082 3653 2139 l'5l.

724 2277 3023 2303 Ἢ

799 2462 1375 2559 MONITUM
1452 2470 1578 2556 IN
1650 2469 2356 2563 TRAC'I‘ATUM
2442 2470 2921 2565 CONTRA
2975 2464 3877 2563 [NESTORIANOS-

1503 2658 1659 2729 (Asc.
1688 2661 1790 2719 lin
1815 2660 2010 2731 Script.
2047 2661 2196 2717 Vel"
2228 2664 2383 2723 Nova
2417 2663 2688 2732 Collectio,
2723 2671 2765 2720 t.
2803 2664 2898 2725 IX.
2932 2679 2987 2735 ι).
3017 2662 3160 2733 xm.)

2310 2848 2383 2865 φ

777 2975 1039 3031 Leontius
1066 2975 1242 3046 patria
1272 2975 1619 3046 Byzantinus,
1650 2973 1889 3029 incolatu
1922 2982 2106 3029 autem
2146 2973 2695 3049 Hierosolymitanus,
2724 2975 2930 3044 quippe
2964 2976 3018 3031 in
3053 2974 3210 3028 laura
3233 2970 3290 3027 S.
3325 2970 3481 3027 Sabze
3513 2985 3683 3042 prope
3715 2979 3971 3025 sanetam

710 3064 903 3117 urbem
934 3062 1320 3117 monacbatum
1349 3061 1646 3132 professus,
1674 3061 1953 3131 ingenium
1986 3076 2169 3126 suum,
2198 3076 2310 3131 quo
2334 3060 2572 3131 pollebat
2608 3060 2869 3131 plurimo,
2901 3069 3095 3114 contra
3129 3059 3433 3129 praesertim
3469 3058 3885 3127 Monophysitas
3912 3073 3976 3111 ac

708 3146 1085 3209 Nestorianos,
1119 3146 1256 3200 duas
1297 3144 1586 3199 contraria:
1631 3136 1916 3198 sententia:
1962 3152 2160 3209 sectas,
2194 3145 2289 3201 diu
2339 3148 2588 3202 exercuit
2635 3148 2837 3202 sarculo
2879 3146 3086 3201 Christi
3128 3146 3420 3200 desinente
3465 3153 3639 3209 sexto,
3674 3145 3838 3211 cuius
3872 3143 3977 3197 zeli

710 3241 876 3301 atque
900 3232 1108 3287 laboris
1132 3241 1300 3287 testes
1326 3239 1544 3286 exstant
1572 3231 1836 3286 nonnulla
1865 3232 2128 3300 opuscula
2153 3232 2488 3313 in_antiquis
2505 3235 2709 3292 Canisii
2740 3224 3074 3291 lectionibus
3104 3234 3289 3297 obvia,
3317 3249 3440 3303 quae
3465 3233 3518 3287 in
3543 3233 3818 3305 Gallantlii
3850 3248 3976 3287 mox

696 3319 1045 3375 bibliotheca
1074 3328 1113 3374 t.
1150 3319 1267 3384 Xll,
1295 3320 1573 3374 cumulata
1599 3319 1841 3372 fuerunt.
1888 3318 2171 3388 Egowero
2211 3321 2367 3377 libris
2395 3322 2749 3377 orientalium
2787 3322 3159 3377 Ecclesiarum
3197 3320 3596 3389 cognoscendis
3622 3319 3839 3389 jamdiu
3874 3319 3976 3373 atl-

711 3407 915 3473 dictus,
953 3408 1188 3477 ideoque
1215 3407 1519 3471 erroribus,
1551 3406 1646 3476 qui
1675 3406 1743 3460 ab
1773 3407 2015 3475 antiquis
2041 3409 2281 3477 ipsarum
2313 3409 2637 3465 doctoribus
2658 3410 2848 3465 dictati
2880 3416 3029 3467 sunt.
3062 3408 3324 3478 peculiari
3359 3406 3543 3462 studio
3587 3407 3854 3461 eruendis
3888 3407 3977 3463 in-

714 3505 921 3561 tentus,
958 3494 1247 3549 Leontium
1275 3508 1654 3564 smpcnumero
1683 3492 1879 3547 ducem
1908 3495 2174 3562 optimum
2202 3504 2467 3567 expertus
2493 3513 2612 3552 sum
2633 3514 2648 3563 ;
2672 3499 2832 3569 cujus
2866 3512 3015 3552 nunc
3045 3504 3336 3552 tractatum
3371 3494 3617 3550 nondum
3647 3494 3772 3548 luce
3799 3494 3975 3547 dona-

714 3591 829 3637 tum
860 3591 1053 3637 contra
1080 3583 1453 3646 Nestorianos,
1477 3582 1763 3650 copiosum
1794 3589 1957 3650 atque
1984 3584 2332 3651 pra-clarum,
2352 3601 2454 3641 nec
2483 3597 2592 3641 tam
2620 3587 2798 3641 aliena
2824 3586 3156 3640 auctoritate
3183 3593 3544 3654 pugnantem,
3567 3598 3731 3652 quam
3759 3584 3975 3652 pmprii

713 3671 989 3725 ratiocinii
1016 3671 1272 3725 acumine
1324 3671 1761 3729 convincentem,
1800 3669 1854 3723 in
1888 3674 2144 3740 praesenti
2190 3674 2466 3728 volumine
2511 3673 2844 3744 vulgantium
2889 3672 3128 3742 suscepi.
3171 3672 3379 3741 Nempe
3422 3671 3527 3724 hoc
3565 3685 3705 3737 opus
3739 3670 3794 3723 in
3847 3680 3979 3723 orto

714 3758 1037 3813 distinctum
1077 3759 1249 3812 libros
1286 3759 1619 3827 (quanquam
1662 3758 1888 3812 ultimus
1933 3759 2110 3827 deest)
2148 3770 2373 3816 cunctas
2414 3763 2867 3817 Nestorianorum
2914 3762 3180 3815 adversus
3206 3759 3540 3814 catholicum
3586 3758 3783 3825 dogma
3821 3756 3980 3822 obje-

716 3842 926 3896 ctiones
954 3843 1298 3912 complexum
1326 3852 1432 3905 est,
1460 3859 1583 3897 cum
1617 3839 1838 3897 imictis
1878 3843 2090 3898 Leontii
2123 3849 2297 3902 nostri
2329 3847 2776 3933 refutationibus.
2810 3850 3004 3917 Agitur
3055 3846 3201 3900 enim
3242 3861 3340 3914 per
3386 3845 3885 3898 contradictionem
3919 3852 3978 3896 et

716 3928 1033 3999 Apologiam
1059 3930 1113 3983 in
1139 3946 1155 3982 ι
1191 3931 1351 3993 libro,
1392 3930 1463 3983 De
1490 3930 1858 3999 conjunctione
1882 3932 2072 3986 divina;-
2117 3933 2266 3989 Verbi
2291 3946 2501 3992 natura:
2527 3954 2647 3991 cum
2670 3928 2953 3998 humana;
2989 3934 3044 3987 in
3071 3950 3127 3996 ll,
3169 3933 3245 3985 De
3273 3932 3430 3984 unica
3482 3930 3677 3984 Christi
3702 3946 3934 3998 persona
3960 3947 3979 3991 ;

717 4019 772 4071 in
802 4033 880 4081 ιιι,
917 4017 992 4070 De
1015 4020 1169 4070 unico
1197 4016 1332 4072 Filio
1365 4015 1609 4081 Christo;
1641 4019 1695 4071 itt
1727 4033 1799 4083 tv,
1835 4018 1909 4071 De
1937 4018 2143 4089 Virgine
2174 4021 2429 4092 deipara;
2462 4022 2518 4077 in
2553 4039 2610 4086 γ,
2636 4021 2713 4076 De
2739 4021 2947 4077 Christo
2976 4019 3081 4073 Deo
3113 4028 3159 4071 et
3195 4018 3443 4080 homine;
3470 4016 3524 4069 in
3552 4030 3624 4075 ιἰ,
3657 4014 3735 4068 De
3765 4014 3980 4069 Christo

719 4123 823 4158 non
848 4106 1055 4159 homine
1084 4107 1364 4174 theophoro
1398 4107 1487 4159 sed
1524 4108 1817 4160 humanam
1848 4106 1992 4171 Deo;
2019 4107 2073 4161 in
2096 4124 2190 4171 vtt,
2234 4107 2305 4162 De
2336 4110 2432 4164 illo
2454 4110 2591 4164 dicto
2613 4126 2632 4164 :
2664 4128 2683 4161 ι
2723 4109 2866 4164 Unus
2900 4108 2965 4161 de
2984 4105 3044 4162 S.
3080 4105 3336 4174 Trinitate
3365 4120 3552 4174 passus
3577 4104 3731 4156 estin
3754 4118 3974 4155 carne.-

718 4192 780 4246 ln
807 4208 920 4254 rm,
945 4192 1062 4261 qui,
1090 4200 1148 4246 ut
1183 4192 1317 4256 dixi,
1340 4192 1703 4256 desideratur,
1726 4193 2180 4249 Nestorianorutn
2207 4194 2462 4265 impietas
2483 4194 2881 4266 coarguebatur
2910 4193 3306 4264 hypostaticam
3333 4191 3595 4245 unionem
3632 4189 3977 4255 negantium.

720 4279 855 4333 alias
877 4294 1011 4335 vero
1039 4280 1230 4334 nescio
1254 4294 1391 4348 quas
1416 4278 1561 4335 haud
1595 4296 1786 4350 reapse
1813 4282 2048 4336 uniones
2089 4282 2650 4344 comminiscentium,
2677 4288 2810 4350 puta
2845 4279 3104 4343 honoris,
3143 4276 3560 4353 dominationis,
3593 4274 3849 4336 allectus,
3875 4274 3981 4328 ha-

722 4365 1009 4420 bitationis
1030 4406 1045 4431 ,
1072 4366 1373 4435 quamlibet
1405 4366 1619 4421 scilicet
1669 4369 2117 4437 coniunctionem
2159 4370 2448 4435 moralem,
2479 4384 2590 4424 non
2640 4366 3041 4438 bypostaticam
3081 4375 3138 4421 et
3169 4364 3499 4419 naturalem.
3554 4360 3682 4416 Haec
3709 4362 3864 4415 enim
3894 4371 3985 4416 est

722 4450 1038 4506 Nestoriuni
1066 4453 1273 4506 erroris
1296 4468 1529 4515 summa,
1562 4453 1679 4508 haec
1709 4454 1981 4509 virulenta
2010 4456 2096 4509 vis
2135 4455 2411 4512 haereseos
2446 4454 2556 4525 q'ua
2590 4454 2776 4509 divina
2810 4452 3117 4508 incarnatio
3144 4449 3557 4519 pessumdatur.
3588 4446 3850 4502 Christus
3882 4464 3977 4501 re-

724 4555 855 4594 vera
882 4539 1087 4594 deitate
1119 4539 1387 4608 dijieitur,
1411 4549 1467 4594 et
1488 4540 1556 4595 do
1583 4540 1898 4599 beatissima
1931 4541 2097 4596 Maria
2124 4542 2295 4598 Deum
2322 4557 2445 4599 esse
2466 4551 2656 4596 natum
2686 4544 2937 4611 negatur.
2972 4539 3241 4608 Namque,
3272 4535 3604 4590 utobservat
3630 4533 3987 4590 Justinianus

728 4625 862 4694 imp.
902 4625 957 4679 in
988 4625 1297 4696 theologica
1339 4625 1571 4695 epistola
1606 4626 1770 4696 (apud
1806 4641 1906 4682 nos
1936 4634 1976 4682 t.
2019 4628 2129 4692 Vll,
2161 4643 2221 4692 οι»
2256 4628 2385 4699 299)

2321 4628 2409 4699 t9),
2441 4628 2647 4697 impius
2687 4626 2977 4681 Nestorius
3024 4624 3207 4678 aiebat
3238 4638 3252 4674 :
3280 4619 3532 4688 Οὐδαμοῦ
3578 4620 3761 4672 τοίνυν
3790 4621 3825 4689 ἡ
3860 4620 3985 4674 Θεία

726 4711 917 4780 Γραφὴ
951 4711 1083 4763 Θεὸν
1112 4713 1175 4765 ὲκ
1214 4712 1312 4780 τῆς
1338 4712 1707 4779 Χριποτόκου
1727 4713 2010 4783 παρθένου
2032 4716 2184 4785 λέγει
2219 4727 2390 4784 γεγεν

2318 4715 2603 4785 νεννῆσθαι.
2628 4714 2768 4768 Τιιιιι
2798 4723 3087 4782 postquam
3119 4710 3351 4771 dixerat,
3376 4705 3550 4760 sacris
3573 4705 3761 4758 verbis
3795 4716 3982 4769 utens,

729 4797 947 4867 Moysen
1013 4798 1312 4852 Pharaonis
1373 4799 1587 4860 Deum,
1645 4798 1899 4852 lsraélem
1949 4799 2044 4854 Dei
2103 4801 2274 4856 lilium
2305 4841 2321 4861 .
2366 4805 2586 4866 Saulem
2635 4811 2693 4856 et
2748 4799 2953 4871 Cyrum
3017 4796 3299 4858 Christus,
3359 4794 3442 4846 sic
3500 4793 3776 4846 horrende
3836 4793 3987 4846 blas-

728 4884 998 4952 pltetnans
1034 4884 1397 4939 concludebat
1432 4901 1447 4938 :
1494 4883 1654 4939 Οὕτω
1706 4884 1936 4956 λέγομεν
1972 4887 2065 4940 καὶ
2106 4888 2199 4942 τὸν
2225 4872 2392 4959 At:an

2322 4872 2505 4959 ππότην
2541 4886 2802 4957 Χριστὸν,
2841 4884 2941 4939 καὶ
2978 4883 3134 4950 Θεὸν,
3184 4881 3279 4935 καὶ
3331 4879 3491 4942 Υιδν,
3525 4877 3620 4930 καὶ
3662 4876 3844 4943 ἄτιον,
3893 4881 3986 4932 καὶ

728 4972 773 5023 Χ
786 4972 989 5037 ριστόν.

803 5056 943 5111 Sane
980 5057 1241 5112 intererat
1273 5058 1434 5122 scire,
1473 5075 1540 5112 ex
1563 5048 1892 5129 quibusn'atn
1924 5062 2246 5117 nominatim
2284 5071 2445 5118 secus
2485 5062 2775 5133 discipulis
2798 5069 2893 5116 aut
2925 5058 3269 5120 doctoribus,
3308 5064 3388 5112 tot
3420 5054 3766 5125 obiectiones
3804 5053 3987 5108 Leon-

732 5145 847 5198 tius
875 5146 1157 5211 hauserit;
1186 5145 1281 5200 sed
1316 5149 1443 5215 quia
1474 5147 1521 5201 is
1543 5148 1763 5201 nomina
1797 5148 2011 5211 reticet,
2045 5146 2395 5219 cogitandu'm
2433 5160 2518 5206 est
2552 5152 2620 5206 de
2660 5150 2913 5220 plurimis
2950 5149 3058 5203 illis
3097 5145 3553 5201 Nestorianomm
3587 5142 3986 5210 scriptoribus.

732 5243 998 5301 quantum
1032 5241 1162 5287 etas
1191 5234 1413 5302 patitur,
1445 5250 1585 5303 quos
1617 5245 1863 5289 recenset
1901 5236 1954 5289 in
1978 5236 2233 5306 Catalogo
2262 5238 2554 5293 Chaldaeus
2588 5238 2895 5292 Ehcdiesus
2922 5251 2952 5290 a
2991 5251 3111 5305 cap.
3147 5235 3216 5289 59
3244 5244 3295 5287 et
3342 5232 3625 5298 deinceps,
3653 5244 3783 5285 cum
3817 5229 3987 5281 Asse-

733 5321 881 5374 ntani
909 5320 1211 5389 appendiee
1236 5362 1251 5384 ,
1285 5320 1338 5374 in
1368 5308 1477 5390 quo
1510 5321 1890 5391 cepiosissimo
1924 5339 2156 5377 numero
2179 5316 2504 5381 tractatores
2536 5324 2737 5395 passim
2766 5330 3090 5385 occurrunt,
3121 5320 3216 5389 qui
3253 5318 3636 5373 Nestoriannm
3677 5315 3880 5383 dogma
3920 5314 3988 5367 de

735 5410 929 5463 morali
967 5409 1169 5463 unione
1190 5409 1505 5479 duplicique
1546 5426 1779 5478 persona
1812 5422 2179 5481 propugnant.
2210 5413 2276 5466 Et
2298 5413 2543 5482 quidem,
2577 5428 2645 5466 ne
2685 5411 2827 5465 forte
2856 5410 3123 5463 miremur
3149 5414 3356 5461 tantam
3382 5405 3438 5459 in
3467 5401 3871 5458 semibarbaris
3897 5415 3989 5454 ar-

736 5509 1122 5568 gumentorum
1153 5499 1535 5567 subtilitatem,
1565 5500 2030 5568 deprehendimus
2055 5501 2108 5554 in
2149 5501 2297 5555 dicto
2340 5501 2588 5570 catalogo
2618 5499 2825 5569 logicos
2854 5507 3115 5552 tractatus
3144 5496 3347 5557 varios,
3383 5501 3439 5545 et
3487 5489 3843 5545 aristotelicae
3869 5489 3988 5542 dia-

735 5587 945 5646 !ecticaa
970 5586 1470 5656 interpretationes.
1500 5586 1594 5640 Est
1622 5596 1803 5641 autem
1837 5586 1904 5641 de
1939 5587 2121 5641 Persis
2155 5576 2480 5642 nominatim
2524 5586 2678 5640 locus
2708 5585 2938 5655 insignis
2980 5580 3387 5650 chronograpbi
3425 5577 3645 5648 Georgii
3690 5575 3988 5630 hamartoli

739 5675 882 5740 apud
917 5691 1035 5736 nos.
1058 5692 1112 5744 p.
1142 5675 1246 5729 575
1280 5692 1292 5728 :
1321 5675 1544 5735 «Aiunt
1579 5675 1725 5744 ipsos
1755 5684 1913 5728 acute
1946 5675 2255 5743 intelligere
2280 5686 2598 5729 sermonum
2629 5688 2804 5727 nexus
2834 5679 2891 5724 et
2918 5669 3163 5724 fallacias
3194 5677 3251 5723 et
3282 5666 3567 5721 involucra
3587 5682 3603 5731 ;
3623 5672 3682 5718 et
3721 5662 3987 5717 brevibus

740 5761 904 5826 dictis
928 5780 1022 5818 eos
1051 5766 1271 5833 quicum
1301 5764 1599 5831 loquuntur
1630 5766 1994 5829 convincere;
2024 5764 2229 5820 ctenim
2265 5774 2319 5817 et
2342 5762 2637 5833 syllogismi
2669 5768 2843 5815 artem
2876 5763 3120 5828 apprime
3154 5758 3354 5817 callere
3378 5755 3661 5819 dicuntur,
3694 5759 3753 5806 ct
3781 5751 3987 5809 alienas
