4214 6450
272 497 405 566 I397
1239 507 1646 569 ADVERSUS
1685 504 2228 566 NES’I‘ORIANOS.
2260 507 2499 598 -'l.l'd.
2550 507 2595 566 Ι.
3368 507 3506 572 1398

269 615 608 686 ohjectioucs
644 612 805 672 facile
840 616 1076 681 solvere,
1101 625 1158 672 et
1181 619 1490 687 proverbiis
1520 619 1622 679 uti,
1654 633 1716 670 ac
1743 616 2167 682 sapientissimis
2195 618 2598 689 mnigmatibus,
2627 630 2942 684 quanquam
2990 630 3181 686 reapse
3210 616 3375 671 nullis
3406 620 3522 685 pin-

267 698 568 769 losophieis
597 710 693 756 aut
724 702 1015 758 rhetoricis
1049 705 1304 758 iunutriti
1339 704 1546 758 fuerint
1572 704 1859 765 doctrinis,
1895 703 1990 756 sed
2022 705 2193 758 solam
2231 707 2468 759 habeant
2496 711 2753 757 naturam
2792 702 3311 772 magistram.ludos
3339 712 3526 756 autem

268 789 445 844 multo
464 789 644 843 adhuc
669 791 1032 860 sapientiores
1058 801 1115 846 et
1141 795 1352 870 acriore
1380 794 1636 862 prmditos
1663 793 1882 861 ingenio
1915 793 2090 845 aiunt.
2121 790 2263 856 Quin
2301 793 2438 847 adeo
2475 790 2766 862 propinqui
2806 790 2978 843 nostri
3029 791 3293 846 nomades
3321 791 3525 845 lsmae~

268 873 402 936 liue,
437 875 607 929 multa
649 875 854 946 ingenii
890 879 1204 947 sagacitate,
1247 879 1719 950 intelligentiaque
1740 872 1796 934 ’ἐι
1833 879 2055 934 solertia
2093 888 2384 942 ornantur,
2429 874 2778 947 mentemque
2821 885 3038 932 acutam
3077 885 3133 932 et
3167 878 3522 932 calliditatem

269 960 476 1016 habent
501 963 567 1017 ad
615 964 1044 1034 diguoscendam
1080 966 1425 1036 potissimum
1467 969 1780 1030 veritatem,
1815 966 2106 1020 falsitatem
2148 967 2571 1036 coarguendam,
2616 976 2672 1019 et
2715 982 2747 1019 a
2786 965 3014 1020 meliore
3053 964 3301 1019 deterius
3322 965 3522 1020 distin-

266 1052 572 1118 guendum.
612 1072 630 1105 ›
667 1053 774 1108 Sed
811 1065 867 1111 et
895 1057 1098 1112 Grzecze
1135 1060 1334 1128 linguae
1358 1059 1667 1114 Nestoriaui
1703 1058 1859 1112 multi
1901 1056 2067 1112 luere.
2088 1065 2344 1121 auctores
2377 1075 2388 1108 :
2425 1064 2512 1110 est
2547 1055 2694 1108 enim
2721 1057 3084 1124 exploratum,
3117 1053 3425 1109 Orientales
3456 1068 3525 1108 ex

171 1157 184 1170 ε
267 1139 471 1193 Gnecis
501 1141 729 1196 urbibus
763 1159 1008 1200 errorem
1039 1162 1198 1202 suum
1234 1150 1286 1201 in
1325 1149 1554 1217 patriam
1593 1145 2020 1216 comportavisse
2064 1161 2077 1196 :
2112 1159 2181 1197 ex
2217 1157 2328 1212 quo
2354 1141 2502 1196 enim
2542 1140 2598 1194 in
2629 1141 2866 1194 concilio
2900 1142 3180 1214 Ephesipo
3224 1141 3522 1194 discidium

267 1222 472 1276 accidit
497 1222 859 1281 Orientalium
889 1243 1272 1298 episcoporum
1305 1230 1498 1284 Joanni
1531 1229 1874 1288 Antiocheno
1891 1244 2081 1290 contra
2113 1241 2362 1288 sanetum
2387 1231 2654 1302 Cyrillum
2687 1230 3009 1294 faventium,
3044 1230 3287 1284 indidem
3313 1231 3525 1287 scilicet

266 1309 446 1377 prima
469 1313 759 1382 veriorqne
799 1315 1216 1370 Nestorianismi
1253 1318 1395 1387 apud
1421 1319 1730 1372 Orientales
1755 1322 1905 1392 origo
1940 1309 2235 1391 repetenda
2263 1329 2366 1373 est.
2399 1319 2623 1374 Scilicet
2665 1318 2796 1372 dum
2822 1316 3132 1371 Nestoriani
3164 1333 3274 1372 non
3302 1318 3525 1372 obtent-

268 1405 469 1463 perant
508 1397 799 1465 Ephesiute
839 1401 1070 1470 synodo,
1095 1412 1151 1455 et
1177 1405 1340 1472 paulo
1371 1415 1494 1473 post
1525 1406 1850 1478 Eutychiani
1886 1423 1982 1479 seu
2020 1405 2412 1475 Mouophysitae
2458 1405 2714 1474 rejiciunt
2743 1419 2806 1458 ac
2836 1403 3183 1457 detestantur
3217 1401 3526 1488 Chalcedo-

269 1496 518 1543 nensetn.
551 1483 672 1536 dua:
705 1488 1000 1540 teterrimae
1025 1489 1262 1543 haereses
1285 1491 1498 1546 radices
1530 1509 1657 1548 suas
1684 1485 1847 1548 altius
1862 1503 2093 1565 egerunt
2122 1501 2406 1561 totumque
2431 1490 2714 1546 Orientem
2743 1490 2809 1544 ad
2841 1490 2984 1545 hanc
3017 1506 3190 1559 usque
3220 1483 3366 1544 diem
3399 1495 3527 1543 c'on-

267 1569 631 1656 taminarunt.
661 1571 814 1624 Adeo
854 1572 1126 1628 dissidere
1165 1577 1234 1629 ab
1275 1577 1517 1632 Ecclesia
1563 1581 1856 1662 exitiosum
1898 1583 2014 1636 est!
2050 1579 2175 1634 Scio
2206 1579 2483 1654 equidem,
2519 1579 2664 1633 inter
2709 1579 2979 1637 haereseos
3012 1577 3355 1647 primipilos,
3398 1591 3525 1646 san-

266 1661 516 1722 ctosque.
545 1662 604 1708 ut
631 1657 817 1711 miseri
847 1657 1087 1714 Chaldaei
1119 1674 1335 1724 vocant.
1373 1664 1628 1722 doctores
1659 1657 1938 1721 numerari
1961 1666 2298 1735 antiquiores
2317 1665 2894 1719 bomiues'Diodorum
2921 1663 3251 1722 Tarsensem.
3270 1670 3323 1716 et
3350 1661 3526 1715 Theo-

263 1739 464 1794 dorum
517 1741 998 1812 Mopsucstenum,
1044 1761 1281 1816 quorum
1325 1765 1450 1803 cum
1494 1751 1748 1806 Nestorio
1783 1754 2057 1808 celebrem
2101 1749 2162 1807 in'
2196 1753 2420 1822 menmis
2461 1761 2627 1821 atque
2672 1751 2892 1820 liturgia
2940 1748 3522 1803 commemorationem

264 1826 578 1926 festumque
613 1839 812 1900 agunt;
842 1842 1221 1888 verumtamen
1254 1836 1526 1892 Diodorus
1550 1839 1772 1907 quidem
1793 1827 1874 1895 in
1895 1840 2153 1895 Ecclesia:
2182 1855 2316 1910 pace
2357 1849 2609 1926 mortuus
2637 1846 2756 1903 est;
2787 1853 2964 1908 quare
2995 1838 3161 1908 hujus
3191 1836 3523 1891 damnantur

263 1915 470 1984 scripta
496 1931 525 1969 a
554 1916 878 1983 Catholicis,
913 1935 1020 1972 nou
1061 1937 1292 1989 persona
1332 1939 1346 1974 :
1383 1923 1712 1980 Theodorus
1739 1940 1895 1994 atque
1935 1937 2299 1996 praemortuus
2336 1935 2460 1981 erat
2485 1915 2853 1991 [damnationi~
2879 1925 3118 1980 Nestorii
3159 1934 3216 1979 et
3244 1923 3524 1994 Ephesino

263 2002 521 2056 concilio.
567 2004 823 2058 Attamen
852 2020 919 2058 ex
953 2022 1021 2060 eo
1051 2007 1270 2061 discidii
1313 2019 1579 2080 tempore,
1614 2012 1808 2066 schola
1845 2011 2141 2076 Edessena.
2175 2015 2269 2069 ubi
2305 2024 2540 2083 utraque
2581 2013 2787 2087 lingua,
2828 2013 3016 2068 Graeca
3045 2011 3256 2066 scilicet
3291 2020 3351 2065 et
3383 2009 3522 2064 Ara-

265 2105 422 2152 lutea,
453 2089 799 2156 audiebatur,
822 2093 1148 2148 Nestoriano
1168 2099 1442 2165 contagio,
1463 2100 1610 2168 quod
1643 2099 1738 2153 diu
1759 2099 2018 2182 kretinuit,
2045 2101 2243 2156 infecta
2266 2109 2371 2165 est,
2408 2107 2467 2153 ut
2498 2110 2726 2154 narrant
2752 2099 3078 2154 Theodorus
3097 2098 3295 2152 Lector
3315 2097 3521 2165 aliique

265 2186 520 2232 auctores
551 2179 696 2248 apud
727 2180 1110 2246 Assemanum,
1143 2182 1283 2238 Βιω.
1315 2183 1431 2248 0r.,
1467 2194 1506 2241 ι.
1538 2187 1606 2241 lll
1638 2179 1783 2257 part.
1808 2204 1864 2250 ιι.
1904 2206 1959 2258 p.
1984 2191 2110 2255 9‘26,
2137 2191 2424 2246 conversis
2455 2189 2530 2243 ibi
2568 2190 2624 2244 in
2663 2188 3020 2249 vernaculum
3061 2187 3264 2241 idioma
3294 2182 3522 2239 Diodori

265 2275 434 2335 atque
469 2265 748 2322 Theodori
781 2270 968 2323 multis
1005 2269 1184 2335 libris,
1211 2272 1390 2328 donec
1429 2277 1549 2344 ejus
1587 2289 1862 2348 corruptze
1901 2281 2103 2350 schola:
2144 2281 2402 2350 parietes,
2445 2280 2666 2334 Zenone
2701 2279 2834 2348 imp.
2865 2277 3131 2348 jubentc,
3163 2274 3332 2328 diruti
3367 2280 3518 2336 sunt,

264 2357 456 2425 ibique
486 2358 748 2427 templum
783 2360 841 2414 S.
877 2360 1057 2416 Maria:
1097 2363 1339 2432 Deiparte
1373 2365 1752 2421 substitutum.
1785 2368 1943 2433 Quod
1982 2349 2028 2424 si
2061 2349 2299 2423 Chaldaei
2344 2365 2730 2426 Nestorianwn
2771 2380 2972 2419 nomen
3009 2364 3115 2418 sibi
3158 2361 3339 2430 alljngi
3374 2360 3520 2414 indi-

263 2451 508 2514 gnantur
533 2444 895 2518 (teste_etiam
925 2448 1072 2516 apud
1100 2465 1187 2503 me
1215 2451 1486 2506 Ebediesu
1520 2453 1574 2507 in
1601 2463 1750 2510 tomo
1775 2454 1866 2526 Χ),
1900 2470 2018 2509 rem
2057 2463 2238 2509 tamen
2274 2455 2446 2524 ipsam
2477 2455 2748 2517 retinent;
2774 2452 2948 2507 Graeci
2977 2457 3160 2506 autem
3182 2460 3237 2505 et
3257 2448 3519 2519 Egyptii,

263 2546 364 2586 seu
407 2532 666 2588 catholici
703 2549 800 2588 seu
831 2534 1246 2606 Monophysitw,
1275 2549 1502 2609 propter
1530 2543 1879 2596 notissimum
1916 2543 2020 2598 sibi
2065 2541 2303 2597 Nestorii
2339 2557 2571 2605 nomen,
2609 2540 2982 2596 Orientalibus
3021 2538 3268 2610 ejusdem
3313 2537 3522 2591 erroris

262 2621 492 2678 assedis
519 2624 968 2693 appellationem.
1016 2634 1076 2678 ut
1111 2627 1188 2690 lit,
1226 2627 1447 2682 famoste
1489 2635 1634 2698 apud
1662 2647 1722 2685 se
1755 2632 2030 2688 haereseos
2073 2629 2411 2686 indiderunt.
2449 2628 2762 2684 Nestoriani
2805 2635 2953 2682 certe
2985 2625 3192 2699 Cyrillo
3217 2626 3270 2678 in
3303 2622 3518 2694 primis,

260 2710 374 2779 jam
403 2710 534 2763 inde
559 2727 589 2765 a
630 2711 868 2766 concilio
902 2712 1204 2780 Ephesino,
1238 2715 1394 2770 valde
1435 2725 1784 2776 succensent.
1823 2735 1986 2790 quem
2014 2718 2324 2789 .Eggptium
2363 2716 2724 2784 contemptim
2758 2721 2996 2769 vocant:
3026 2728 3264 2782 namque
3289 2719 3347 2766 et
3375 2707 3520 2779 apud

265 2796 558 2852 Leontium
591 2807 864 2860 nostrum,
895 2815 1015 2868 pag.
1044 2802 1168 2865 465,
1199 2818 1305 2856 non
1337 2804 1574 2858 Severus
1605 2807 1698 2860 sed
1723 2807 1958 2880 Cyrillus
1988 2805 2378 2875 intelligendus
2397 2813 2484 2858 est
2513 2801 2700 2859 in’hac
2728 2793 3003 2858 sententia
3037 2819 3052 2854 :
3079 2800 3391 2868 'ETtb'EEtLt,
3427 2797 3522 2849 καὶ

264 2887 370 2940 οὐκ
409 2885 738 2954 ὴλλοίωμαι,
773 2886 870 2960 βοᾷ
900 2891 926 2940 ὀ
953 2887 1084 2951 Θεός
1109 2905 1122 2918 ·
1155 2891 1326 2960 Σαρκὶ
1365 2891 1488 2944 καθ’
1512 2893 1808 2948 ὑπόστασιν
1837 2896 2044 2964 ἥνωται
2077 2894 2106 2944 6
2145 2894 2348 2960 Λόγος,
2381 2892 2482 2962 βοᾷ
2508 2893 2538 2944 6
2564 2891 2863 2957 Αἰγύπτιος
2910 2891 2940 2942 6
2965 2886 3257 2959 δεχόμενος
3286 2885 3379 2938 τδν
3407 2883 3522 2937 Κύ-

270 2972 452 3042 ριλλον
482 2972 884 3040 ἀληθεύσαντα,
929 2975 1170 3045 ψεύστην
1201 2980 1342 3030 nata!
1371 2979 1463 3031 τὴν
1496 2979 1630 3033 Θεόν
1651 2999 1663 3010 ·
1697 2981 1812 3051 Ego
1851 2999 1934 3036 stu

1857 2998 1990 3046 tum,
2021 2989 2070 3034 et
2107 2998 2212 3035 non
2248 2983 2530 3043 immutor,
2577 2978 2778 3032 clamat
2820 2977 2974 3030 Deus.
3021 2974 3188 3031 Carni
3233 2971 3521 3028 secundum

265 3059 591 3129 hypostasim
626 3061 835 3113 unitum
872 3071 947 3114 est
979 3061 1220 3127 Verbum,
1257 3065 1455 3117 clamat
1488 3064 1786 3136 .Egyptius.
1817 3069 1990 3138 Igitur
2023 3073 2112 3141 qui
2138 3069 2398 3140 Cyrillum
2433 3085 2526 3122 ceu
2557 3084 2681 3122 uera
2713 3068 2970 3120 dicentem
3009 3066 3192 3128 recipit
3216 3064 3520 3118 mendaeem

267 3146 395 3214 facit
413 3145 602 3199 Deum.
625 3145 767 3216 (Quo
799 3149 923 3202 loco
941 3149 1146 3202 librum
1167 3165 1388 3220 quoque
1413 3151 1602 3206 Severi
1631 3155 2209 3226 celebremﬁthlﬁen
2231 3155 2578 3224 inscriptum,
2599 3170 2696 3209 seu
2717 3151 3000 3224 Cyrillum,
3025 3150 3188 3204 simul
3211 3147 3387 3210 innui,
3406 3161 3518 3199 non

265 3241 351 3287 est
373 3233 743 3302 incredibile.)
763 3235 864 3290 Cui
884 3237 1186 3306 objectioni
1217 3246 1401 3308 (quam
1431 3241 1522 3294 hic
1553 3241 1690 3296 dilui
1720 3259 1936 3312 :equum
1952 3244 2058 3313 est)
2078 3244 2158 3299 sic
2182 3242 2498 3313 respondet,
2521 3241 2881 3296 similitudine
2902 3247 3063 3294 utens
3080 3237 3380 3292 Leontius:
3404 3233 3464 3286 Ei
3484 3235 3519 3305 ῄ

262 3318 481 3384 ἤνωσις.
517 3321 804 3386 ἀλλοίωσὶς
833 3326 983 3376 ἐστιν
1011 3325 1221 3389 ἁπλῶς,
1261 3330 1409 3380 πᾶσα
1431 3329 1578 3400 ψυχὴ
1610 3331 1872 3384 ἑνωῦεϊσα
1904 3349 1926 3385 a

1854 3349 1872 3383 ι
1904 3330 2114 3402 σώματι
2144 3331 2436 3400 ἠλλοίωται
2457 3345 2471 3360 ⁸
2508 3329 2666 3398 Atqui
2699 3327 2745 3380 si
2775 3327 2896 3380 unio
2915 3367 2929 3390 ,
2965 3324 3182 3395 perinde
3207 3330 3282 3377 est
3304 3320 3518 3392 simpli-

261 3415 394 3463 citer
427 3427 489 3462 ac
512 3411 834 3476 immutatio,
861 3415 1030 3466 omnis
1054 3417 1236 3468 anima
1264 3420 1471 3486 corpori
1500 3421 1650 3473 unita
1678 3421 2013 3474 immittatur.
2049 3419 2156 3474 Sed
2186 3419 2333 3473 enim
2363 3418 2521 3487 plura
2559 3416 2627 3470 tle
2657 3414 2872 3469 Leontii
2908 3428 3076 3483 opere
3119 3427 3228 3466 non
3262 3425 3384 3465 sum
3430 3409 3518 3462 di-

263 3507 479 3558 cturus,
516 3498 664 3565 quod
709 3515 832 3553 cum
875 3509 1262 3569 peracutorum
1315 3505 1729 3560 ratiociniorum
1771 3508 2062 3562 thesaurus
2093 3506 2185 3571 sit,
2221 3504 2462 3560 conferri
2487 3503 2554 3558 ad
2585 3501 2975 3572 compendium
3017 3499 3244 3570 nequit;
3281 3497 3518 3565 ideoque

261 3584 320 3638 id
350 3598 490 3652 opus
522 3600 551 3638 a
576 3585 918 3644 Nestorianze
944 3589 1234 3660 pravitatis
1262 3591 1501 3648 curiosis
1524 3593 1955 3666 indagatoribus,
1987 3601 2044 3653 et
2064 3609 2095 3650 a
2122 3591 2411 3664 theologia:
2426 3589 2734 3666 prresertim
2752 3587 3077 3646 doctoribus
3098 3585 3319 3643 assidua
3350 3598 3517 3658 manu

258 3671 602 3727 versandum
629 3682 733 3729 est.
