4214 6450
198 451 334 518 Hi3

1179 447 1582 509 ADVERSUS
1625 447 2176 513 NESTORIANOS.
2207 475 2274 487 -
2301 453 2449 513 LlB.
2492 451 2542 510 Ῑ.

3327 455 3462 519 ιιιι

195 565 410 616 δεικται
431 577 444 592 ·
479 560 576 614 καὶ
602 556 951 614 συντίθεσθαι
982 551 1077 611 οὖν
1109 556 1430 626 δυνάμενον,
1477 556 1590 621 εἴγε
1613 557 1775 611 τοῦτο

1883 557 2115 627 ideoque
2158 559 2302 614 uniri
2353 574 2554 630 posse,
2606 559 2861 628 quamvis
2920 561 3113 618 unioni
3167 563 3324 619 vobis
3353 563 3465 620 hoc

195 657 330 725 ὑμῖν
366 653 517 706 δοκεῖ
557 653 864 713 συνθέσεως
903 645 1042 701 εἶναι
1086 646 1387 700 κωλυτικόν
1416 664 1426 675 ·
1459 646 1554 698 καὶ
1582 646 1661 698 ὅτι
1698 647 1774 707 ὼς

195 745 568 815 περιγράφειν
609 742 670 794 τὸ
720 740 964 812 ὲμμερὲς
999 739 1102 792 οὐκ
1158 738 1516 807 ὲμποδίζεται
1545 740 1604 790 τὸ
1635 740 1772 808 ἀμε-

199 841 313 910 ρὲς.
350 836 524 898 οὕτως
563 836 684 889 οὐδὲ
714 833 1083 896 συντίθεσθαι,
1115 833 1254 884 κατὰ
1287 831 1347 884 τὸ
1377 831 1558 899 ἑαυτῴ
1591 831 1776 900 μέντοι

196 932 420 995 οἰκεῖον,
450 929 548 981 καὶ
592 930 692 980 οὐκ
740 925 1033 996 ὲμμερῶςο
1066 923 1264 977 οὐκοῦν
1317 925 1409 974 καὶ
1463 923 1777 992 μειρακίοις

195 1021 423 1089 εὔδηλον
457 1021 519 1074 τὺ
553 1020 844 1089 ἀνίσχυρον
873 1019 967 1071 τοῦ
1004 1017 1272 1087 ὑμετέρου
1307 1016 1540 1074 ἀσεϐοῦς
1567 1032 1780 1084 συμπε-

199 1116 505 1186 ράσματος,
537 1114 598 1164 τὸ
629 1112 788 1178 λέγον
811 1127 824 1142 ·
865 1112 980 1162 Οὐκ
1011 1111 1120 1178 ἀρα
1163 1108 1424 1177 συνετέθη
1451 1109 1478 1160 ὁ
1512 1106 1644 1168 Θεὸς
1674 1106 1779 1158 Λό-

195 1221 294 1272 γος
324 1202 403 1273 τῷ
425 1204 484 1269 ἐξ
504 1201 662 1272 ἡμῶν
685 1199 980 1272 ἀνθρώπῳ.
1017 1198 1172 1251 Οὕτω
1209 1198 1306 1267 μὲν
1333 1193 1427 1256 οὖν
1464 1194 1596 1246 ὡσεὶ
1622 1194 1780 1262 χνοῦς

196 1292 346 1344 κατά
393 1292 688 1363 πρόσωπον
733 1291 938 1358 ἀνέμου
985 1287 1216 1357 ἐξεχύθη
1249 1288 1344 1339 καὶ
1385 1285 1778 1355 διεσκορπίσθη

197 1381 380 1434 πάντα
411 1380 567 1450 ὑμῶν
599 1381 666 1434 τὰ
707 1379 1044 1447 σοφίσματα,
1083 1378 1173 1430 διὰ
1212 1377 1272 1428 τὸ
1291 1377 1347 1428 ὲν
1379 1375 1608 1444 ἀπιστία
1639 1393 1780 1444 συμ-

199 1473 448 1540 παγῆναι
481 1474 574 1524 καὶ
605 1474 663 1524 ὲν
690 1469 884 1540 ἀγνοίᾳ
914 1468 1014 1537 τῆς
1045 1467 1333 1535 δυνάμεως
1366 1465 1461 1517 τοῦ
1487 1463 1633 1516 θείου
1659 1465 1782 1534 βου-

197 1566 464 1634 λήματος.

283 1655 446 1720 Ἀλλ’,
475 1648 519 1708 ὧ
544 1648 714 1717 οὗτοι,
739 1652 787 1704 εί
818 1648 912 1704 καὶ
943 1649 1132 1720 μηδεὶς
1157 1645 1225 1720 ἦν
1248 1651 1276 1701 ὁ
1302 1649 1456 1715 λόγος
1486 1649 1514 1700 ὁ
1545 1647 1783 1716 ἐλέγχων

199 1749 360 1817 ὑμῶν
386 1748 485 1816 τήν
515 1745 770 1807 ἀτοπίαν,
797 1744 905 1814 ἀρα
933 1760 997 1810 γε
1029 1743 1204 1804 οὓτως
1237 1743 1439 1794 ἐννοεῖν
1473 1741 1532 1792 οὑ
1564 1743 1785 1810 φρίττο-

202 1858 327 1909 μεν,
360 1841 443 1892 ὅτι
473 1840 502 1890 ό
535 1838 610 1908 μὴ
655 1838 784 1892 ὄντα
814 1836 944 1888 τάδε
1006 1834 1077 1887 τὰ
1133 1835 1262 1886 ὅντα
1300 1836 1489 1909 πάντα
1538 1835 1632 1885 καὶ
1682 1833 1781 1897 τὰς

1877 653 2098 705 obstare
2129 651 2413 716 videatur,
2459 667 2523 706 ac
2546 693 2560 714 ,
2613 651 3076 720 quemadmodum
3105 656 3244 710 nihil
3275 657 3461 714 obstat

1879 743 2010 808 quin
2035 742 2282 809 partibus
2309 753 2564 796 constans
2588 742 2840 811 partibus
2859 754 3087 796 carente
3117 747 3459 814 terminetur,

1881 832 1954 886 ita
1991 848 2094 886 nec
2130 833 2297 886 ullum
2347 835 2525 888 obstat
2554 837 2686 904 quin
2741 835 2993 904 partibus
3025 852 3220 892 carens
3265 854 3464 895 secun-

1880 923 2010 976 dum
2043 923 2189 992 quod
2221 927 2501 993 proprium
2552 934 2635 980 est
2667 926 2772 979 sibi
2799 965 2814 990 ,
2869 941 2974 980 nec
3012 927 3176 981 modo
3209 931 3463 998 partibus

1881 1015 2253 1067 constantium
2286 1016 2542 1079 uniatur;
2574 1017 2801 1071 evidens
2827 1027 3062 1088 estergo
3087 1019 3253 1072 etiam
3277 1021 3436 1090 junio

1879 1103 2036 1156 ribus
2056 1105 2241 1173 impiae
2255 1115 2452 1159 vestrae
2471 1109 2842 1162 conclusionis
2859 1110 3170 1174 inﬁrmitas,
3192 1111 3459 1167 dicentis:

1881 1195 1997 1249 Non
2030 1212 2162 1264 ergo
2188 1198 2329 1251 Deus
2351 1198 2589 1253 Verbum
2618 1199 2827 1252 homini
2853 1201 3022 1254 alicui
3050 1217 3118 1255 ex
3146 1201 3310 1256 nobis
3341 1203 3460 1257 uni-

1882 1296 1970 1342 tus
1996 1297 2098 1341 est.
2130 1287 2219 1341 Sic
2257 1303 2388 1356 ergo
2417 1298 2476 1342 ut
2509 1290 2692 1358 pulvis
2723 1299 2849 1344 ante
2883 1289 3077 1344 faciem
3109 1293 3256 1349 venti
3297 1293 3463 1349 dissi-

1880 1389 2082 1448 pantur
2114 1395 2177 1432 ac
2209 1380 2597 1448 disperguntur
2625 1381 2808 1434 omnia
2871 1389 3053 1435 vestra
3104 1383 3460 1451 sophismata,

1880 1483 1949 1523 eo
1982 1470 2128 1537 quod
2156 1471 2209 1523 in
2241 1468 2566 1524 inﬁdelitate
2594 1470 3016 1540 ignorantiaque
3043 1472 3263 1527 virtutis
3287 1473 3462 1542 divini

1881 1561 2098 1613 consilii
2137 1563 2438 1629 composita
2473 1571 2623 1615 sunt.

1953 1651 2046 1717 At,
2074 1664 2107 1701 ο
2137 1666 2234 1703 vos
2260 1691 2275 1711 ,
2307 1652 2408 1706 etsi
2439 1653 2624 1705 nullus
2651 1660 2799 1706 esset
2830 1667 3012 1707 sermo
3051 1655 3338 1710 stultitiam
3369 1669 3456 1709 ve-

1880 1738 2049 1784 stram
2080 1731 2388 1794 confutans,
2424 1747 2602 1784 nonne
2632 1731 2702 1784 ita
2727 1735 2950 1786 credere
2976 1734 3310 1799 horreamus,
3333 1748 3455 1787 cum

1885 1818 2025 1873 Deus
2071 1836 2188 1886 qua:
2233 1837 2338 1871 non
2386 1830 2545 1874 erant
2586 1822 2773 1874 omnia
2806 1815 3128 1876 exsisteittia
3160 1837 3462 1891 eorumque

196 1929 418 1983 τοιάσδε
454 1928 638 1980 αὐτῶν
678 1926 961 1986 συνθέσεις
997 1923 1234 1992 ἐξευρὼν
1271 1922 1403 1983 Θεὸς
1454 1906 1635 1982 πάσας
1690 1921 1782 1970 καὶ

1883 1925 2071 1965 attines
2133 1910 2442 1976 hujusmodi
2500 1916 2730 1965 uniones
2796 1915 3192 1974 adinvenissel,
3260 1914 3462 1983 illaque

199 2023 439 2088 ποιήσας
484 2015 624 2071 εἷναί
652 2035 713 2070 τε
746 2016 910 2081 αὐτὰ,
943 2017 1038 2069 καὶ
1066 2014 1288 2066 τοιῶσὸε
1329 2011 1494 2077 εἶναι,
1521 2015 1620 2066 οὐκ
1655 2011 1780 2079 ἡδύ-

198 2130 336 2167 νατο
381 2111 706 2180 καινοτέραν
755 2111 877 2162 τινὰ
915 2109 1008 2159 καὶ
1055 2107 1491 2174 ἀναγκαιοτέραν
1532 2104 1780 2157 σύνθεσιν

197 2206 356 2276 παρὰ
399 2203 502 2265 τὰς
546 2200 897 2268 ὲγνωσμένας
926 2200 1057 2276 ἡμῖν
1093 2192 1185 2270 ᾖδε
1231 2196 1655 2265 προϐάλλεσθαι,
1691 2197 1782 2246 καὶ
1837 2258 1849 2264 _

199 2297 456 2364 ἐφευρεῖν
489 2291 689 2362 ἑαυτῷ,
729 2291 868 2360 ὑπὲρ
899 2275 1010 2342 τῶν
1052 2282 1222 2341 ὄντων
1269 2288 1462 2342 ἑαυτὸν
1499 2288 1778 2341 συνθεῖναι

196 2385 311 2440 τῶν
339 2384 514 2437 ὅντων
542 2384 653 2435 τ·νὶ
685 2380 1028 2450 βουλόμενος,
1058 2379 1154 2432 καὶ
1184 2381 1283 2447 τὴν
1321 2381 1488 2448 μήπω
1517 2381 1780 2447 ἐντεταγ-

202 2473 377 2544 μὲνην
404 2476 514 2536 τοῖς
541 2467 692 2524 οὖσιν
722 2469 1197 2540 ἐμφανίσαιςΠῶς
1229 2464 1340 2531 οὖν,
1366 2471 1416 2521 εί
1441 2470 1597 2522 τοῦτο
1620 2470 1782 2538 διαμ-

199 2566 579 2636 φισάλλοιμεν,
610 2565 732 2632 οὐχ).
767 2564 860 2616 καὶ
906 2563 976 2614 τὰ
1028 2561 1192 2614 λοιπά
1225 2562 1403 2615 πάντα
1452 2563 1561 2632 τῷν
1588 2563 1806 2624 ὅντων,-

200 2659 266 2714 εκ
296 2675 464 2710 τινων
507 2653 926 2728 προγεγονότων
971 2649 1133 2712 εἶναι.
1170 2654 1396 2716 εἰκότως
1447 2653 1780 2723 δοξάσομενς

200 2749 278 2802 Οὐ
303 2749 416 2817 γὰρ
443 2741 511 2814 ἦν
558 2743 712 2797 οὔπω
746 2759 833 2806 τις
877 2743 1200 2812 ὲγνωσμένη
1240 2744 1347 2795 τινὶ
1388 2742 1637 2804 σύνθεσις
1672 2740 1783 2794 τῶν

195 2833 402 2891 ὅντων⁸
432 2837 523 2889 ὅτε
566 2835 685 2888 κατ’
720 2835 900 2904 ἀρχὰς
944 2834 1065 2904 Θεῷ
1109 2833 1456 2904 ἐμηχανήθη.
1493 2835 1602 2887 Καὶ
1636 2835 1784 2904 ὅμως

188 2925 425 2987 οὐδενὸς
453 2924 637 2977 αὐτῶν
667 2923 862 2993 πρώην
900 2923 1076 2984 ὖντος,
1122 2922 1351 2992 ὕστερον
1400 2919 1647 2993 ποιήσειν
1691 2924 1784 2976 τὸν

200 3015 346 3069 Θεὸν
374 3014 447 3068 τὰ
481 3015 658 3074 πάντα
702 3011 931 3065 σύνθετα
971 3014 1370 3082 ὁμολογοῦμεν.
1409 3013 1547 3066 Πότε
1591 3015 1648 3066 δὲ
1694 3017 1786 3066 καὶ

203 3109 301 3159 ποῖ
327 3106 488 3167 ἄλλος
522 3107 719 3172 γέγονε
756 3105 1014 3174 κόσμοςῆ
1044 3107 1291 3173 ἐπεφάνη
1322 3105 1527 3165 τοιόσδε
1552 3106 1786 3174 Χριστὸς

1884 2017 2009 2053 esse
2077 2002 2320 2065 ῐυρὶδειιι,
2380 2003 2581 2070 talique
2633 2006 2797 2057 modo
2855 2019 3001 2068 esse,
3057 1997 3234 2073 ipsum
3287 2005 3460 2059 fuisse

1883 2093 2239 2159 impotentem
2264 2097 2625 2148 recentiorem
2643 2099 2932 2162 quamdam
2959 2099 3242 2166 magisque
3261 2112 3458 2151 neces-

1880 2186 2080 2236 sariam
2115 2186 2367 2254 uuionem
2403 2186 2597 2252 praeter
2632 2199 2726 2238 eas
2757 2202 2877 2254 qua
2904 2201 2933 2238 a
2965 2189 3124 2240 nobis
3156 2197 3295 2241 noue
3330 2194 3462 2241 sunt

1882 2279 1962 2329 sic
1991 2277 2333 2340 Ostendenui,
2368 2278 2582 2344 sibique
2639 2265 3044 2344 adinveuiendi,
3097 2293 3262 2349 supra
3314 2281 3461 2332 entia

1885 2366 2124 2432 seipsum
2150 2368 2364 2420 cuidam
2414 2370 2622 2420 entium
2683 2371 2821 2423 uniri
2882 2372 3173 2449 volen‘tem,
3216 2371 3463 2438 liasthue

1890 2458 2149 2512 unionem
2197 2461 2376 2514 adhuc
2446 2461 2748 2515 inauditam
2795 2463 2938 2516 inter
2981 2464 3129 2517 entia
3177 2464 3459 2517 reri-lare?

1882 2553 2170 2620 Quomodo
2206 2554 2392 2622 igitur,
2420 2553 2465 2606 si
2499 2552 2554 2605 in
2590 2552 2697 2606 hoc
2726 2552 3106 2616 immoremur,
3142 2568 3250 2606 non
3293 2553 3461 2608 etiam

1885 2643 2071 2698 omnia
2102 2644 2313 2713 reliqua
2356 2644 2604 2708 entium,
2635 2661 2701 2699 ex
2748 2644 3078 2714 quibusdam
3129 2661 3249 2700 esse
3299 2657 3463 2704 antea

1884 2733 2076 2794 factis,
2126 2735 2248 2803 jure
2281 2733 2635 2803 putabimus?
2684 2735 2928 2788 nondum
2973 2735 3119 2790 enim
3174 2752 3463 2806 quicquam

1885 2833 2007 2879 erat
2041 2825 2173 2877 unio
2217 2825 2427 2877 entium
2452 2809 2634 2878 alicui‘
2658 2833 2808 2888 nota,
2841 2825 3065 2894 quando
3097 2826 3152 2879 in
3192 2827 3467 2896 principio

1887 2915 2097 2968 creavit
2141 2915 2307 2968 Deus.
2355 2912 2604 2983 Cumque
2659 2911 2840 2970 tamen
2894 2916 3034 2990 nihil
3067 2916 3270 2970 horum
3303 2927 3466 2972 antea

1889 3013 2055 3068 esset,
2090 3015 2275 3073 postea
2306 3005 2486 3058 omnia
2514 3005 2666 3058 unita
2701 3005 2974 3058 facturum
2998 2992 3190 3060 .Deum
3231 3006 3465 3060 conﬁte-

1889 3112 2031 3151 mur.
2059 3096 2291 3170 Quando
2313 3087 2495 3151 autem
2525 3104 2686 3164 atque
2714 3096 2806 3149 ubi
2831 3097 2974 3150 alius
2997 3097 3175 3150 factus
3197 3108 3282 3152 est
3306 3113 3470 3151 mun-

202 3196 286 3266 τῷ
321 3197 556 3264 κόσμῳ;
595 3195 764 3264 Δῆλον
802 3189 918 3260 οὖν,
952 3197 1033 3247 ὅτι
1079 3197 1138 3246 ὲν
1187 3195 1330 3264 ἀρχῇ
1379 3211 1438 3247 τε
1494 3197 1586 3248 καὶ
1615 3197 1676 3248 ὲκ
1712 3196 1784 3264 μὴ

1891 3188 1996 3241 dus
2022 3203 2120 3241 seu
2155 3189 2428 3269 revelatus
2464 3195 2548 3241 cst
2595 3187 2908 3257 hujusmodi
2938 3187 3194 3241 Christus
3220 3188 3470 3243 mundo?

204 3289 400 3351 ὄντων,
461 3288 605 3340 κατὰ
661 3286 761 3356 τὴν
812 3285 924 3338 τῶν
967 3286 1312 3356 Χριστιανῶν
1358 3285 1648 3338 εὐσέϐειαν
1695 3289 1787 3339 καὶ

202 3381 351 3433 κατὰ
375 3380 476 3448 τὴν
517 3378 813 3447 Ἐὁραῖκὴν
838 3376 1020 3442 δόξαν,
1054 3379 1198 3429 ποιεῖ
1222 3377 1250 3428 ὁ
1281 3377 1413 3437 Θεὸς
1433 3376 1468 3429 ἃ
1496 3376 1746 3445 βούλεται
1770 3395 1783 3409 ο

203 3471 302 3523 καὶ
331 3468 549 3536 φύσεως
577 3468 686 3539 γὰρ
730 3467 893 3530 αὐτὸς
924 3467 1160 3536 Ποιητὴς
1187 3467 1288 3527 ὢν,
1336 3468 1453 3529 πῶς
1481 3469 1557 3520 οὐ·
1570 3468 1790 3521 δύναιτο

203 3557 275 3612 ἂν
304 3553 564 3610 εἶναικαὶ
593 3555 704 3608 τῶν
729 3554 980 3623 φυσικῶν
1016 3554 1306 3625 χαινιστὴς
1331 3555 1680 3625 ἀθεώρητο;;

825 3733 1078 3789 ΚΕΦΑΛ.
1111 3734 1186 3788 B’.

279 3829 400 3884 Πᾶν
431 3829 528 3884 οὖν
579 3827 962 3898 συντιθέμενον
1007 3829 1204 3898 ἑτέρῳ,
1253 3828 1629 3898 περιγραπτόν
1673 3829 1787 3883 ἐστι

205 3921 308 3975 καὶ
336 3920 601 3992 ὲμμερὲς,
628 3918 815 3983 καθὼς
849 3919 1100 3989 ἐδιδάχθη
1129 3920 1387 3989 ἀνωτέρω
1408 3937 1420 3950 ·
1455 3923 1564 3973 πᾶν
1594 3920 1652 3972 δὲ
1687 3938 1789 3974 πε·

208 4013 515 4084 ριγραπτδν
532 4014 626 4065 καὶ
643 4015 785 4082 ὲμμε
796 4011 906 4083 ρὲς,
925 4012 1009 4064 ἐτε
1019 4011 1264 4081 ροούσιόν
1284 4014 1401 4064 ἐστι
1416 4011 1494 4080 τῷ
1515 4011 1670 4078 ἀπλῷ
1695 4012 1789 4064 καὶ

205 4103 600 4175 ἀπεριγράφῳ.
634 4103 699 4155 Εἰ
726 4103 781 4155 δὲ
816 4101 995 4163 τοῦτο,
1021 4103 1084 4154 οὐ
1112 4103 1371 4173 συνετέθη
1405 4107 1432 4154 ὁ
1453 4103 1585 4164 Θεὸς
1611 4106 1786 4170 Λόγος

206 4192 291 4266 τῷ
313 4195 370 4260 ἐξ
401 4193 556 4263 ήμῶν
603 4193 897 4262 ἀνθρώπῳ,
925 4190 1212 4261 όμοούσιος
1261 4191 1337 4245 ὢν
1370 4191 1446 4262 τῷ
1477 4192 1635 4262 ἁπλῷ
1690 4192 1787 4244 καὶ

206 4286 578 4356 ἀπεριγράφῳ
598 4282 773 4353 Πατρί
791 4299 802 4311 ·
819 4283 853 4352 ἢ
881 4281 1180 4345 συντεθεὶς,
1206 4284 1425 4352 ἑτεροού
1437 4283 1545 4343 τιόξ
1562 4285 1680 4335 ἐστι
1713 4282 1789 4352 τῷ

207 4375 371 4445 ἁπλῷ
388 4377 482 4428 καὶ
499 4378 603 4428 ἀπε
614 4374 867 4445 ριγράφῳ
892 4373 1090 4442 Πατρὶ,
1113 4374 1250 4443 ὅπερ
1267 4373 1488 4437 ἀσεϐές.
1507 4375 1645 4426 Ἀλλ’
1668 4375 1787 4443 οὐχ,

209 4467 293 4530 ὡς
319 4467 607 4535 ἀπεφάνθη
670 4466 802 4536 παρ’
836 4463 1013 4533 ὑμῶν,
1055 4468 1162 4518 πᾶν
1192 4466 1371 4517 ὁτιοῦν
1403 4467 1790 4534 συντιθέμενον

1875 3282 2052 3336 ‘Patet
2078 3296 2231 3351 ergo.
2268 3282 2322 3335 in
2354 3282 2622 3350 principio
2643 3297 2820 3349 exque
2853 3295 2958 3334 non
2995 3280 3237 3344 entibus,
3268 3297 3470 3336 secun-

1896 3374 2026 3428 dum
2046 3375 2207 3428 tidem
2233 3373 2673 3428 Christianorum
2693 3375 3110 3444 doctrinamque
3129 3375 3467 3442 hebraicam,

1897 3465 2074 3519 facere
2095 3466 2264 3542 Deum
2287 3466 2432 3533 quod
2456 3466 2740 3520 vult.Cum
2771 3467 2839 3520 sit
2867 3475 3051 3521 autem
3081 3467 3193 3535 ipse
3218 3466 3468 3532 Creator,

1895 3557 2174 3625 quomodo
2208 3559 2428 3634 q'uoqqe
2460 3559 2794 3611 naturalium
2836 3570 3127 3612 rei’iovator
3176 3558 3472 3616 invisibilis

1893 3661 2015 3702 esse
2042 3647 2294 3716 nequiret
2318 3645 2341 3697 ?

2559 3737 2710 3795 CAP.
2743 3740 2808 3794 11.

1965 3829 2136 3886 Omne
2161 3830 2328 3901 igitur
2345 3830 2492 3901 quod
2529 3831 2684 3885 alteri
2714 3833 2925 3895 unitur,
2952 3829 3164 3887 finitum
3194 3842 3476 3891 constans-

1894 3937 2004 3991 que
2061 3922 2313 3991 partibus
2341 3932 2468 3983 cst,
2527 3923 2680 3991 juxta
2751 3922 2898 3990 quod
2958 3923 3215 3991 superius
3261 3924 3471 3980 dictum

1893 4021 2013 4073 est;
2055 4027 2218 4065 omne
2257 4021 2439 4065 autem
2467 4011 2681 4064 finitum
2714 4012 3074 4081 partibusque
3106 4025 3368 4069 constans
3395 4017 3475 4069 al-

1897 4102 2069 4155 terius
2098 4110 2182 4155 est
2210 4103 2532 4156 substantiis
2563 4117 2627 4156 ac
2673 4103 2904 4169 simplex
2951 4113 3114 4172 atque
3157 4105 3471 4174 inﬁnitum;

1896 4192 1942 4246 si
1974 4207 2105 4245 vero
2129 4192 2253 4254 hoc,
2285 4209 2394 4246 non
2431 4193 2616 4246 onitus
2645 4201 2729 4246 est
2751 4194 2896 4248 Deus
2925 4195 3164 4249 Verbum
3203 4199 3367 4252 alicui
3406 4216 3476 4254 ex

1899 4287 2078 4348 nobis,
2115 4303 2237 4340 cum
2268 4288 2340 4342 sit
2367 4289 2856 4343 consubstantialis
2881 4289 3114 4358 simplici
3147 4290 3474 4362 inﬁnitoque

1899 4378 2048 4432 Patri
2079 4394 2094 4444 ;
2141 4379 2226 4432 sin
2265 4388 2454 4433 contra
2485 4381 2695 4440 unitos,
2741 4395 2848 4433 non
2884 4382 3476 4437 estconsubstantiaiis

1899 4470 2138 4540 simplici
2181 4471 2506 4540 inﬁnitoque
2544 4472 2710 4534 Patri,
2738 4471 2881 4539 quod
2909 4483 2988 4526 est
3016 4473 3374 4541 blasphemia.
3408 4476 3478 4528 At

212 4560 391 4626 ἑτέρῳ
419 4556 561 4608 κατά
589 4555 688 4625 τὴν
716 4556 934 4615 οἱανοῦν
960 4555 1231 4616 σύνθεσιν,
1266 4557 1644 4624 περιγραπτόν
1676 4557 1788 4607 ἐστι

1897 4578 2028 4624 ηοη,
2057 4573 2113 4616 ut
2148 4579 2176 4616 a
2204 4563 2359 4616 vobis
2384 4563 2671 4631 probatum
2709 4572 2792 4615 est
2819 4603 2832 4623 ,
2882 4579 3044 4617 onme
3106 4565 3502 4633 quodcunque'

211 4650 311 4702 καὶ
340 4646 606 4716 ὲμμερὲς,
651 4646 727 4708 ὡς
761 4645 1058 4716 ἀπεδείχθη
1111 4644 1369 4715 ἀνωτέρω
1398 4644 1619 4713 ἀληθῶς
1658 4648 1789 4716 παρ’

206 4739 393 4810 ἡμῶν,
427 4739 520 4791 καί
559 4739 738 4807 μάτην
778 4737 1002 4797 ἑαυτοὺς
1037 4737 1165 4806 περὶ
1193 4736 1302 4788 τῶν
1347 4735 1622 4788 ἀϐεϐαίων
1654 4736 1791 4805 πλη-

215 4833 525 4903 ροφορεῖτε.
567 4830 690 4880 Ἐπὶ
717 4828 773 4880 δὲ
808 4831 922 4891 τοῖς
969 4827 1414 4898 ὡμολογημένοις
1442 4829 1792 4880 κατασκευά-

212 4925 332 4988 ζειν
361 4923 528 4991 ’ἐτερά
569 4938 691 4974 τινα
724 4920 859 4990 πρὸς
911 4920 1185 4985 ἀπόδειξιν
1215 4920 1324 4972 τῶν
1357 4919 1644 4988 ὑμετέρων
1673 4922 1793 4970 ἐπι·

214 5014 554 5087 χειροῦντες,
609 5014 805 5065 ταυτὸν
853 5011 1160 5065 πεπόνθατε
1209 5016 1324 5074 τοῖς
1376 5013 1684 5079 οἰκοδομεῖν
1737 5013 1796 5062 ἐν

213 5104 424 5177 ἁέρι,ῆ
461 5104 698 5172 παπύρῳ
735 5103 1085 5173 στηρίζεσθαι
1116 5102 1486 5172 βουλομένοις.
1529 5102 1679 5154 Ἐπεὶ
1702 5098 1797 5155 οὖν

213 5198 286 5249 τὰ
315 5195 533 5248 ἐναντία
567 5195 766 5262 μᾶλλον
801 5187 876 5245 ὧν
913 5193 1182 5247 ensesue;
1227 5192 1606 5244 ἀποδέδεικται
1639 5193 1794 5258 ἡμῖν,

211 5288 380 5357 δῆλον
413 5287 497 5340 ὅτι
536 5287 631 5340 καὶ
657 5285 725 5338 τὰ
753 5286 980 5340 ἐναντία
1022 5287 1134 5346 τοῖς
1173 5285 1465 5354 ὑμετέροις
1513 5283 1799 5352 συμπερά-

219 5396 393 5449 σμασι
425 5377 823 5447 συναχθήσεται
845 5393 856 5405 ·
886 5379 932 5428 εί
969 5379 1074 5446 γάρ
1105 5392 1211 5429 τινι
1249 5375 1357 5427 τῶν
1381 5373 1644 5426 ἐναντίων
1667 5375 1797 5428 ’ἐπε-

214 5489 332 5533 ται,
364 5472 459 5524 καὶ
483 5469 562 5539 τῷ
590 5470 819 5543 ἐναντίῳ
858 5468 1014 5522 τοῦδε
1061 5467 1279 5528 πάντως
1311 5466 1373 5518 τὸ
1408 5468 1647 5520 ἐναντίον
1671 5467 1801 5535 £21.2-

213 5578 330 5614 ται.

835 5759 1089 5815 ΚΕΦΑΛ.
1118 5761 1194 5812 Γν.

296 5852 410 5905 παν
449 5853 628 5906 ὁτιοῦν
677 5850 1066 5922 συντιθέμενον
1091 5851 1284 5921 ἑτέρῳ,
1321 5848 1658 5917 ἐτεροούσιὸν
1685 5850 1802 5902 ἐστι

1901 4654 2060 4707 alteri
2089 4654 2306 4708 unitum
2341 4655 2495 4722 juxta
2545 4654 2983 4721 quaicmeurique
3023 4655 3306 4718 unionem,
3348 4655 3476 4708 ﬁni-

1903 4753 2016 4797 tum
2048 4754 2133 4798 est
2171 4753 2538 4812 constansque
2559 4744 2827 4812 partibus,
2861 4744 3226 4796 ntevidenter
3257 4760 3286 4797 a
3314 4746 3477 4800 nobis

1902 4836 2159 4904 superius
2181 4837 2615 4889 demonstratum
2641 4842 2745 4896 est,
2775 4833 3088 4902 frustraque
3137 4835 3475 4892 incertorum

1903 4929 2269 4995 vosmetipsos
2301 4927 2566 4980 certiores
2603 4928 2783 4980 facere
2820 4927 3494 4994 enitimini.\'osmetipsos

1905 5020 2356 5088 comparantibus
2382 5017 2533 5072 vobis
2563 5018 2628 5070 ad
2679 5017 2968 5086 opiniones
3008 5026 3220 5069 vestras
3253 5017 3482 5070 demon-

1905 5109 2182 5171 strandas,
2221 5107 2367 5161 idem
2399 5106 2600 5160 accidit
2648 5120 2712 5159 ac
2764 5106 2818 5158 in
2871 5120 2996 5159 aere
3041 5106 3350 5165 :ediﬁcare,
3383 5121 3481 5159 seu

1907 5215 2113 5270 papyro
2141 5197 2301 5252 inniti
2332 5197 2667 5251 volentibus.
2696 5195 2831 5250 Cum
2857 5196 3024 5265 igitur
3048 5195 3320 5248 contraria
3366 5212 3479 5248 nia-

1908 5295 1992 5363 gis
2032 5293 2140 5346 illis
2165 5305 2286 5359 qua:
2310 5289 2682 5357 supposuistis
2709 5303 2737 5340 a
2765 5286 2926 5340 nobis
2948 5286 3319 5340 demonstrata
3349 5285 3480 5346 sint,

1910 5393 2061 5453 patet
2087 5383 2250 5436 etiam
2295 5380 2572 5432 contraria
2621 5379 2819 5431 vestris
2864 5376 3316 5430 conclusionibus
3361 5389 3484 5428 esse

1910 5474 2252 5546 colligenda;
2287 5472 2332 5525 si
2358 5472 2506 5525 enim
2539 5469 2758 5538 aliqum!
2779 5467 3180 5522 contrariorum
3214 5466 3484 5535 sequitur,

1912 5566 2250 5622 contrarium
2277 5579 2497 5634 quoque
2529 5562 2758 5633 hujusce
2812 5558 3116 5614 certissime
3146 5557 3484 5612 contrarium

1911 5667 2172 5727 sequetur

2579 5744 2732 5800 CAP.
2754 5743 2850 5802 ΙΙΙ.

1985 5845 2158 5900 Omne
2217 5840 2584 5913 quodcunque
2631 5836 2787 5892 alteri
2834 5836 3050 5890 unitum
3079 5875 3092 5901 ,
3149 5833 3374 5890 alterius
3397 5843 3479 5890 est
