4214 6450
244 471 386 535 141⁸7

1197 469 1594 530 ADVERSUS
1632 465 2181 529 NESTORIANOS.
2221 493 2290 504 *-
2327 471 2448 529 LIB
2507 472 2547 527 1.

3370 466 3512 530 1413

239 599 356 642 «ρος.
396 575 544 648 ’Δρα
599 579 690 632 διὰ
737 577 797 630 τὸ
846 577 1312 647 καταχρηστικῶς
1367 575 1507 632 εἶναι
1559 581 1684 642 Υἱὸς
1730 580 1823 631 τοῦ

1949 596 2035 633 cm
2063 580 2214 632 nullo
2262 597 2328 634 ex
2356 581 2442 633 his
2469 579 2648 634 modis
2670 579 2915 648 quaedam
2954 580 3242 640 uniuntur,
3268 595 3370 632 nec
3397 579 3512 634 ullo

242 673 629 742 ἀπεριγράφου
679 669 962 746 συνετέθη,
999 669 1031 738 ἢ
1075 669 1197 721 οὐδὲ
1243 668 1333 721 διὰ
1365 670 1426 722 τὸ
1451 688 1822 740 καταχρηστι-

243 762 380 825 κῦς,
410 761 530 814 οὐδὲ
578 762 668 812 διὰ
715 759 774 812 τὸ
826 759 1066 829 κυρίω;;
1133 759 1182 810 εί
1243 757 1299 810 δὲ
1329 758 1396 810 δι’
1433 760 1586 810 οὐδὲν
1618 758 1824 811 τούτων

1931 687 1995 723 ex
2029 672 2116 725 his
2140 687 2250 724 non
2292 671 2443 726 unita
2477 670 2901 740 permanebunt,
2945 669 3041 724 sed
3092 670 3214 724 aliis
3265 669 3511 740 propriis

1930 764 2368 830 necessariisque
2412 764 2603 818 unioni
2645 765 2899 819 vocibus.

246 852 559 904 συντίθεται
593 869 735 913 τινα,
772 851 893 903 οὐδὲ
961 850 1050 902 διά
1096 867 1147 902 τι
1185 849 1390 903 τούτων
1442 850 1713 904 ἀσύνθετα
1781 854 2024 921 μείναιεν
2101 857 2147 906 τ’
2201 856 2289 918 ἂν,
2347 857 2480 908 ἀλλὰ
2543 858 2610 909 δι’
2661 858 2885 927 ἐτέρους
2937 858 3175 920 οικείους
3246 857 3340 911 καὶ
3387 856 3513 908 ἀνα-

244 943 474 1009 γκαίους
506 944 572 1012 τῇ
606 942 853 994 συνθέσει
882 939 1094 1008 Mys-9;.

847 1081 896 1131 Κ
908 1079 1100 1131 ίίΦᾹΛ.
1146 1076 1221 1130 E'.

322 1216 480 1268 Πᾶσα
513 1213 669 1267 οὐσία
718 1211 1096 1281 ἀπερίγραφος
1132 1210 1428 1280 πανταχοῦ,
1463 1212 1558 1264 καὶ
1611 1213 1668 1263 ἐν
1702 1211 1834 1264 ἑκά-

249 1323 363 1374 στῳ
389 1305 483 1357 καὶ
515 1303 599 1373 ἐφ’
619 1305 783 1373 ἑαυτῇ
817 1304 957 1356 κατὰ
986 1302 1046 1355 τὸ
1078 1302 1212 1354 αὐτὸ
1246 1303 1342 1355 καὶ
1363 1303 1628 1365 ὡσαύτως
1655 1304 1835 1376 ὑπάρ-

248 1415 337 1466 χει
385 1398 763 1468 ἀπερινοήτως
810 1395 946 1448 καθὸ
987 1393 1162 1456 οὐσία,
1200 1396 1320 1448 ἐπεὶ
1350 1394 1510 1448 τοῦτο
1541 1396 1673 1450 ίδιον
1701 1398 1838 1450 ἀπε-

251 1491 558 1560 ριγράφου·
601 1491 709 1541 πᾶν
746 1487 803 1539 δὲ
866 1487 1008 1540 κατά
1040 1487 1102 1540 τὸ
1135 1487 1269 1540 αὐτὸ
1320 1487 1415 1540 καὶ
1463 1487 1725 1549 ὡσαύτως
1776 1489 1834 1538 ιν

251 1582 424 1634 πᾶσιν
472 1581 742 1649 ὑπάρχον,
805 1577 1035 1641 ἀλλοίως
1085 1579 1180 1632 καὶ
1220 1577 1450 1641 ἀλλοίως
1491 1580 1553 1631 οὐ
1607 1579 1833 1632 δύναται

248 1669 403 1725 εἶναι
449 1670 514 1726 ἕν
563 1689 671 1724 τινι
707 1670 851 1724 καθά
885 1670 1073 1724 οὐσία·
1113 1669 1174 1722 τὸ
1200 1669 1310 1738 γὰρ
1341 1670 1628 1735 ὡσαύτως
1671 1671 1833 1722 ἀναιο

256 1761 476 1828 ρετικόν
505 1761 620 1812 ὲστι
650 1758 743 1810 τοῦ
773 1758 1038 1822 ἀλλοίως·
1077 1759 1174 1809 καὶ
1205 1758 1486 1822 ἀλλοίως.
1531 1758 1689 1810 Πᾶσα
1727 1757 1834 1825 ἄρα

251 1851 413 1902 οὑσέα
442 1851 823 1918 ὰπερὶγραφος
858 1848 918 1898 οὐ
955 1847 1179 1900 δύναται
1217 1847 1446 1910 ἀλλοίως
1489 1849 1580 1899 καὶ
1608 1847 1836 1909 ἀλλοίως

2593 1081 2745 1135 CAP.
2786 1081 2848 1135 V.

2005 1212 2200 1268 Omnis
2219 1215 2461 1269 essentia
2484 1224 2570 1268 est
2593 1213 2806 1268 inﬁnita
2833 1215 3059 1284 ubique,
3088 1216 3144 1270 in
3178 1230 3516 1286 unoquoque

1941 1313 2104 1374 atque
2153 1305 2208 1359 in
2257 1307 2554 1374 semetipsa
2606 1305 2910 1358 secundum
2961 1305 3102 1359 idem
3153 1316 3210 1361 et
3259 1307 3518 1362 similiter

1943 1397 2105 1451 modo
2135 1397 2684 1466 incomprehensibili
2721 1407 2781 1452 ut
2817 1398 3079 1461 essentia,
3105 1397 3378 1468 siquidem
3414 1399 3520 1452 hoc

1940 1488 2224 1557 proprium
2264 1498 2347 1542 est
2379 1487 2602 1542 inﬁniti.
2634 1487 2809 1542 Omne
2833 1497 3016 1542 autem
3039 1490 3342 1543 secundum
3373 1489 3516 1543 idem

1938 1594 2003 1653 ac
2032 1578 2289 1632 similiter
2318 1579 2372 1632 in
2398 1578 2660 1632 omnibus
2691 1578 2982 1640 exsistens,
3033 1579 3196 1633 aliter
3249 1588 3307 1634 et
3358 1580 3519 1652 aliter

1931 1655 2061 1719 esse
2093 1666 2286 1734 nequit
2333 1665 2390 1718 in
2423 1665 2610 1733 aliquo
2654 1674 2716 1718 ut
2760 1667 3043 1731 essentia;
3077 1667 3324 1720 similiter
3369 1669 3518 1721 enim

1939 1755 2185 1808 excludit
2211 1755 2368 1808 aliter
2389 1743 2439 1808 ἐι
2473 1755 2652 1810 aliter.
2685 1754 2878 1810 Omnis
2899 1770 3031 1826 ergo
3047 1758 3287 1811 essentia
3307 1757 3519 1812 Inﬁnita

1942 1862 2051 1900 non
2083 1855 2264 1916 potest
2293 1846 2456 1900 aliter
2481 1856 2538 1901 et
2559 1847 2723 1900 aliter
2741 1861 2862 1901 esse
2889 1847 2944 1900 in
2963 1847 3149 1917 aliquo
3172 1858 3232 1902 ut
3255 1849 3517 1903 essentia.

255 1937 394 1992 εἶναι
422 1939 477 1991 ἐν
509 1923 616 1991 τινι
647 1937 782 1989 καθὸ
815 1937 998 1992 οὐσία.
1019 1937 1081 1988 Ei
1099 1937 1154 1989 δὲ
1176 1937 1358 2001 τοῦτο,
1387 1938 1672 2006 ζητητέον,
1690 1935 1838 2008 Ἀρά

1943 1937 1999 1992 Si
2029 1953 2159 1992 vero
2190 1937 2295 1992 hoc
2326 1945 2492 2001 esset,
2537 1947 2685 1993 esset
2729 1937 3086 2008 querendum
3127 1955 3196 1992 an
3225 1939 3523 1994 essentiam

254 2033 358 2099 τὴν
387 2030 578 2081 οὐσίαν
603 2026 699 2080 τοῦ
739 2027 876 2081 Θεοῦ
913 2029 1086 2094 Λόγου
1127 2031 1513 2098 περιγραπτὴν
1550 2025 1690 2082 εἶναι
1735 2047 1844 2098 φα-

255 2139 386 2192 μεν,
419 2121 451 2191 ἢ
509 2121 924 2192 ἀπερίγραφον;
978 2121 1089 2173 Καὶ
1120 2121 1167 2172 εί
1202 2120 1301 2188 μὲν
1343 2122 1728 2191 περιγραπτὴν
1762 2120 1840 2172 εί-

256 2232 482 2284 ττοιμεν,
509 2213 777 2283 πρόῖη).ον
803 2211 863 2262 τὸ
894 2211 1231 2280 βλάσφημον.
1268 2212 1327 2263 Ei
1349 2212 1403 2264 δὲ
1436 2211 1839 2280 ἀπερίγραφον,

256 2319 292 2374 η
330 2307 463 2357 πᾶσι
501 2303 783 2371 σύγκειται
822 2305 853 2373 ἡ
883 2303 1040 2354 οὐσία
1069 2300 1163 2354 τοῦ
1210 2301 1347 2354 Θεοῦ
1380 2303 1577 2369 Λόγου,
1603 2302 1637 2371 ἢ
1669 2303 1844 2354 οὐδενὶ

260 2396 553 2463 σύγκειται
612 2397 638 2465 5;
697 2394 857 2447 οὐσία
899 2393 996 2446 τοῦ
1043 2392 1180 2445 Θεοῦ
1231 2394 1405 2460 Λόγου
1431 2410 1443 2421 ·
1475 2392 1704 2455 ἀλλοίως
1733 2392 1844 2462 γὰρ

258 2490 356 2539 καὶ
387 2486 614 2549 ἀλλοίως
633 2486 690 2537 ἐν
718 2501 828 2538 τινι
858 2484 919 2536 οὒ
949 2482 1172 2538 δύναται
1191 2481 1330 2538 εἶναι
1354 2483 1491 2536 καθὸ
1515 2482 1695 2545 οὐσία,
1716 2485 1843 2536 ἐπεὶ

260 2580 359 2632 καὶ
385 2577 798 2648 ἀπερίγραφός·
826 2576 1176 2647 ὡμολόγηται
1211 2577 1267 2630 δὲ
1291 2565 1372 2630 ὅτι
1400 2579 1567 2630 πᾶσιν
1613 2577 1676 2629 οὐ
1708 2575 1843 2641 σύγ-

258 2685 476 2724 κειται*
503 2670 625 2723 οὐδὲ
665 2669 774 2739 ἄρα
824 2670 930 2722 τινὶ
977 2668 1292 2735 σύγκειταιο
1327 2670 1421 2741 καὶ
1473 2667 1764 2720 ἀσεϐοῦσιν
1793 2666 1844 2719 οι

259 2763 517 2828 λέγοντες
551 2759 874 2827 συγκεῖσθαι
904 2759 1002 2829 τὴν
1049 2760 1240 2812 οὐσίαν
1271 2760 1365 2810 τοῦ
1396 2760 1529 2810 Θεοῦ
1558 2759 1730 2822 Λόγου
1776 2761 1842 2830 τῇ

259 2853 323 2916 si
377 2851 539 2922 ἡμῶν
582 2853 660 2911 εἰς
705 2848 912 2902 οἰκείαν
975 2848 1142 2901 αὑτοῦ
1216 2849 1524 2919 φανέρωσιν
1577 2849 1844 2919 ληψθείσῃ

261 2943 452 3012 σαρκί.
486 2943 692 3003 Ὂντως
723 2943 779 2993 ὲν
810 2941 991 3010 ἔργοις
1018 2939 1124 2993 τῶν
1169 2941 1369 3009 χειρῶν
1416 2940 1582 2993 αὑτοῦ
1620 2941 1847 3011 συνελὴο

262 3033 375 3103 φθη
397 3035 434 3085 ’ὁ
462 3033 809 3102 ἁμαρτωλὸς,
845 3029 938 3082 καὶ
978 3031 1299 3098 ἐπιστρέφει
1329 3033 1356 3082 ὁ
1384 3033 1542 3090 πόνος
1574 3031 1739 3083 αὑτοῦ
1768 3032 1846 3092 είς

264 3123 513 3192 κεφαλὴν
545 3121 710 3174 αὐτοῦ
734 3137 747 3150 ·
777 3119 918 3172 κατὰ
945 3118 1054 3188 γὰρ
1085 3119 1152 3172 τὰ
1182 3120 1276 3172 νῦν
1305 3121 1436 3189 παρ’
1491 3120 1645 3189 ὑμῶν
1696 3121 1847 3192 είρη-

266 3215 428 3280 μένα,
459 3215 506 3265 εἰ
553 3211 832 3281 πανταχοῦ
861 3213 956 3263 καὶ
1002 3213 1061 3263 ἐν
1105 3212 1340 3281 ἑκάστῳ,
1367 3213 1534 3282 ἤγουν
1557 3215 1614 3265 ὲν
1643 3214 1722 3266 ἑνὶ
1753 3215 1846 3266 καὶ

265 3303 435 3354 ’παντὶ
485 3299 872 3371 περιγραπτῷ,
925 3300 1019 3353 καὶ
1070 3301 1161 3368 ἐφ’
1213 3303 1382 3371 ἑαυτῇ
1440 3304 1607 3372 ἤγουν
1662 3305 1720 3354 ὲν
1770 3303 1849 3372 τῷ

264 3393 671 3462 ἀπεριγράπτῳ
716 3392 858 3443 κατά
888 3393 947 3444 τὸ
973 3392 1108 3444 αὐτὸ
1135 3394 1229 3444 καὶ
1253 3392 1514 3455 ὡσαύτως
1544 3393 1781 3462 ὑπάρχει
1816 3397 1847 3463 ἡ

267 3487 651 3554 ἀπερίγραφός
668 3483 824 3534 οὐσία
848 3499 862 3512 ⁸
887 3483 1160 3534 καὶτοῦτο
1189 3481 1338 3548 ῐδιον,
1369 3484 1442 3546 ὣς
1467 3502 1625 3552 φατε,
1656 3487 1852 3554 ἀπερι-

269 3576 488 3645 γράφου
516 3574 728 3636 οὐσίας,
766 3573 842 3643 μὴ
881 3573 1085 3643 ἑτέρως
1115 3569 1254 3626 εἶναι
1280 3574 1338 3625 ὲν
1364 3573 1442 3643 τῷ
1488 3575 1848 3644 ⁸περιγραπττῴ

268 3666 366 3718 καὶ
396 3665 597 3734 ὲτέρως
651 3666 710 3716 ἐν
753 3665 942 3734 ἑαυτῇ,
977 3665 1144 3734 ἤγουν
1190 3667 1248 3716 ἐν
1281 3663 1359 3734 τῷ
1406 3667 1809 3736 ἁπεριγράπτῳ
1832 3683 1845 3696 ο

268 3760 365 3810 καὶ
415 3759 474 3809 οὺ
524 3757 750 3809 δύναται
793 3757 1022 3819 ἀλλοίως
1052 3752 1193 3809 εἶναι
1235 3760 1293 3809 ὲν
1336 3753 1419 3820 οἷς
1466 3760 1636 3823 ἐστιν,
1664 3761 1714 3811 εἰ
1754 3761 1848 3812 καὶ

272 3847 462 3899 ἀλλοίά
485 3847 625 3897 εἰσιν
656 3847 860 3908 ἐκεῖνα,
893 3844 1072 3907 καθὼς
1095 3845 1195 3916 ήδη
1223 3845 1491 3898 ὑπέθεσοε
1513 3862 1528 3876 ⁸
1561 3846 1618 3898 ἐν
1648 3865 1705 3898 τε
1739 3849 1846 3919 γὰρ

270 3940 382 3999 τοῖς
421 3939 823 4006 περιγραπτοῖς
868 3937 963 3987 καὶ
994 3937 1051 3987 ὲν
1081 3937 1254 4007 ἑαυτῇ
1281 3937 1684 4007 ἀπεριγράπτῳ
1710 3937 1843 4009 οὔσῃ

269 4029 468 4096 ὁμοίως
501 4030 636 4090 ἐστὶ,
669 4027 786 4089 πῶς
810 4026 898 4078 διὰ
929 4027 988 4078 τὸ
1021 4027 1433 4096 ἀπερίγραπτον
1476 4023 1632 4093 εἶναι,
1658 4031 1716 4080 οὐ
1756 4030 1847 4081 δυο

269 4119 428 4171 νατὸν
466 4113 604 4171 εῖναι
628 4119 800 4187 αὐτὴν
825 4117 883 4172 ἔν
916 4136 1022 4170 τινι
1048 4118 1412 4189 περιγραπτῷ
1442 4120 1634 4189 πρώην
1668 4138 1726 4173 τε
1754 4123 1845 4174 καὶ

268 4211 398 4272 νΰνς
433 4210 625 4262 Ἔσται
659 4210 768 4280 γὰρ
794 4210 935 4262 κατὰ
961 4209 1023 4262 τὸ
1061 4209 1358 4264 ἀκόλουθον
1391 4213 1503 4273 τοῖς
1534 4211 1843 4282 ὑμετέροις,

267 4301 388 4353 οὐδὲ
426 4303 484 4354 ὲν
538 4304 706 4372 ἑαυτῇ
757 4301 1032 4372 δυναμένη
1084 4299 1246 4366 εἶναι,
1283 4302 1442 4372 εἴπερ
1468 4303 1670 4372 ὁμοίως
1700 4304 1756 4355 ἓν
1786 4320 1843 4355 τε

266 4395 434 4461 ἑαυτῇ
470 4395 564 4446 καὶ
607 4397 665 4444 ὲν
708 4396 822 4456 τοῖς
861 4395 993 4463 παρ’
1024 4394 1194 4463 αὐτὴν
1224 4395 1372 4446 ἐστιν
1397 4412 1408 4424 ·
1444 4395 1664 4463 ἀνάγκη
1695 4395 1752 4447 δὲ
1776 4393 1845 4465 ἦν

269 4485 498 4551 μᾶλλον,
535 4485 651 4550 εἴγε
676 4486 876 4555 ὁμοίως
907 4487 1053 4538 ἐστὶν
1081 4487 1140 4538 ὲν
1164 4486 1353 4549 πᾶσιν,
1387 4485 1463 4548 ὡς
1493 4486 1592 4538 καὶ
1628 4489 1686 4539 ὲν
1718 4489 1846 4540 ἐαυ-

265 4580 354 4646 τῇ,
395 4576 563 4644 μηδὲν
600 4576 993 4645 ἐμποδίζεσθαι
1028 4577 1124 4630 τοῦ
1167 4574 1305 4630 εἶναι
1352 4578 1524 4648 αὐτὴν
1577 4581 1637 4631 ὲν
1686 4596 1845 4648 περι-

1941 2028 2036 2082 Dei
2073 2027 2236 2083 Verbi
2265 2027 2475 2082 ﬁnitam
2502 2029 2586 2082 vel
2619 2028 2888 2083 inﬁnitam
2918 2043 3040 2084 esse
3073 2028 3365 2083 dicamus?
3390 2043 3452 2082 ac
3476 2029 3524 2081 si

1945 2117 2154 2172 ﬁnitam
2192 2119 2461 2183 dicimus,
2505 2118 2733 2174 evidens
2759 2128 2844 2172 est
2889 2120 3249 2188 blasphemia.
3301 2118 3357 2173 Si
3388 2135 3522 2174 vero

1943 2208 2254 2272 inﬁnitam,
2306 2209 2424 2263 sive
2474 2209 2734 2264 omnibus
2775 2211 3103 2281 subjiciatur
3152 2212 3395 2268 essentia
3422 2213 3522 2267 Dei

1943 2299 2147 2362 Verbi,
2196 2300 2312 2354 sive
2364 2301 2500 2355 nulli
2542 2302 2870 2372 subjiciatur
2899 2304 3141 2358 essentia
3185 2305 3280 2358 Dei
3322 2304 3521 2367 Verbi;

1943 2390 2105 2446 aliter
2129 2391 2278 2445 enim
2305 2402 2363 2446 et
2395 2392 2555 2446 aliter
2576 2393 2632 2446 in
2664 2394 2852 2462 aliquo
2879 2395 3072 2463 nequit
3093 2409 3214 2448 esse
3243 2403 3310 2448 ut
3333 2409 3525 2449 esscn-
3607 2397 3610 2400 ’

1945 2482 2058 2546 tia,
2102 2481 2214 2536 imo
2259 2490 2316 2536 et
2360 2484 2613 2548 inﬁnita;
2663 2484 2902 2538 fatentur
2950 2495 3134 2540 autem
3187 2501 3381 2542 omnes
3413 2503 3524 2541 non

1944 2574 2205 2630 omnibus
2221 2576 2416 2644 subjici
2437 2592 2453 2640 ;
2475 2592 2583 2629 non
2605 2591 2737 2646 ergo
2755 2577 2916 2631 alicui
2937 2576 3252 2648 subjicitur,
3270 2579 3527 2650 blasphe-

1946 2675 2206 2736 mantque
2259 2667 2352 2736 qui
2403 2667 2596 2722 dicunt
2631 2670 2928 2724 essentiam
2966 2670 3064 2725 Dei
3113 2671 3279 2727 Verbi
3325 2683 3527 2728 nostra:

1947 2757 2101 2812 carni
2165 2758 2232 2811 ad
2279 2759 2366 2812 sui
2402 2760 2900 2816 manifestationem
2957 2773 3251 2833 assumpta:
3304 2764 3523 2835 subjici.

1953 2850 2087 2903 Vere
2121 2849 2386 2919 operibus
2414 2850 2562 2905 illius
2585 2869 2847 2907 manuum
2865 2854 3132 2911 allevatus
3150 2865 3236 2911 est
3266 2867 3528 2927 peccator

1949 2956 2219 3010 pmnaque
2255 2942 2430 3010 ipsius
2461 2943 2516 2996 in
2553 2943 2727 3012 ipsius
2749 2957 2914 3015 caput
2945 2963 3206 3006 conversa
3232 2949 3526 3020 cst;juxla

1947 3033 2092 3086 enim
2122 3049 2244 3101 qua:
2275 3048 2372 3086 vos
2403 3049 2550 3087 nunc
2580 3035 2786 3098 dicitis,
2842 3038 2886 3092 si
2919 3037 3127 3108 ultique
3173 3053 3236 3094 ac
3295 3039 3348 3094 in
3392 3057 3530 3094 uno-

1947 3137 2190 3192 quoque,
2235 3125 2350 3177 sive
2381 3124 2437 3177 in
2471 3141 2580 3179 uno
2627 3128 2890 3197 onmique
2921 3129 3107 3194 ﬁnito,
3149 3142 3315 3202 atque
3349 3135 3403 3188 in
3439 3150 3527 3188 se--

1873 3249 1918 3303 ϐ
1951 3213 2184 3281 metipsa
2209 3213 2328 3266 sive
2358 3214 2412 3266 in
2445 3215 2662 3270 inlinito
2691 3218 2996 3271 secundum
3023 3219 3166 3273 idem
3190 3231 3246 3274 et
3276 3221 3530 3276 similiter

1950 3304 2168 3358 exsistit
2201 3305 2411 3359 inlinita
2443 3307 2681 3360 essentia
2709 3324 2723 3371 ;
2754 3308 2969 3378 hocque
3001 3312 3308 3380 proprium.
3351 3322 3411 3367 ut
3440 3314 3528 3366 di-

1949 3393 2092 3454 citis,
2116 3394 2341 3447 inunita:
2369 3397 2642 3457 essentne,
2670 3412 2778 3450 non
2799 3398 2959 3453 aliter
2977 3415 3096 3455 esse
3112 3403 3166 3456 in
3189 3402 3342 3456 linito
3359 3413 3528 3472 alque

1949 3483 2109 3537 aliter
2146 3485 2202 3538 in
2240 3488 2534 3554 semetipsa
2565 3527 2578 3550 ,
2622 3489 2750 3543 .sivc
2799 3490 2852 3543 in
2903 3491 3158 3558 inﬁnito;
3215 3509 3318 3548 nec
3347 3505 3530 3564 potest

1947 3577 2109 3630 aliter
2133 3592 2254 3631 esse
2291 3577 2344 3630 in
2373 3578 2574 3647 quibus
2603 3589 2706 3642 est,
2745 3581 2848 3634 etsi
2881 3582 3054 3637 altera
3091 3585 3163 3638 sit
3191 3585 3302 3647 illa,
3338 3587 3528 3656 utjam

1949 3668 2353 3735 supposuistis;
2388 3669 2443 3722 in
2466 3668 2638 3740 ﬁnitis
2654 3671 2800 3724 enim
2829 3686 2891 3725 ac
2915 3673 2968 3724 in
2993 3675 3288 3742 semetipsa
3314 3677 3531 3732 inﬁnita

1949 3760 2206 3814 similiter
2236 3761 2476 3815 essentia
2507 3772 2623 3825 est,
2666 3765 2944 3832 quomodo
2969 3765 3041 3819 ob
3075 3781 3196 3820 esse
3231 3767 3528 3833 inﬁnitum,

1950 3867 2058 3905 non
2092 3862 2178 3906 est
2197 3851 2460 3921 possibile
2495 3853 2612 3907 heri
2642 3864 2698 3908 et
2729 3855 2891 3910 hodie
2921 3872 3042 3910 eam
3087 3872 3209 3912 esse
3247 3839 3314 3912 in.
3344 3859 3532 3930 aliqua

1951 3943 2144 3998 linito?
2198 3943 2362 3998 Juxta
2410 3945 2558 3998 enim
2617 3949 3066 4016 consequentiam
3125 3950 3528 4020 principiorum
3593 3971 3596 3975 ’

1947 4041 2257 4086 vestrorum
2297 4034 2426 4094 erit,
2456 4047 2558 4088 nec
2597 4035 2652 4087 in
2689 4037 2983 4106 semetipsa
3014 4054 3136 4094 esse
3166 4054 3348 4110 posse,
3376 4043 3420 4096 si
3449 4055 3532 4097 est
3579 4093 3582 4102 .

1948 4121 2206 4175 similiter
2237 4131 2294 4174 ct
2334 4126 2388 4174 in
2414 4126 2709 4193 semetipsa
2749 4135 2806 4179 et
2841 4127 2896 4180 in
2931 4128 3018 4182 his
3042 4145 3165 4199 qua:
3206 4132 3350 4201 apud
3383 4133 3528 4186 illam

1947 4223 2096 4267 sunt.
2128 4213 2364 4270 Necesse
2386 4225 2570 4269 autem
2599 4227 2718 4271 erat
2744 4219 2949 4287 potius,
2978 4221 3250 4290 siquidem
3275 4224 3532 4280 similiter

1947 4311 2032 4357 est
2067 4304 2120 4357 in
2153 4304 2431 4370 omnibus,
2464 4292 2606 4360 sicut
2639 4315 2696 4360 et
2722 4308 2788 4361 'in
2836 4311 3154 4379 semetipsa,
3206 4313 3529 4384 neutiquam

1948 4397 2202 4467 impediri
2247 4400 2409 4468 quin,
2455 4409 2603 4455 esset
2637 4403 2690 4455 in
2735 4403 2910 4468 linito,
2945 4405 3039 4459 sed
3098 4409 3239 4462 utin
3289 4407 3527 4473 inﬁnito,

1947 4490 2091 4544 sicut
2125 4499 2181 4544 et
2217 4493 2272 4545 in
2303 4494 2597 4562 semetipsa
2621 4495 2971 4564 simpliciter,
2996 4497 3068 4552 ita
3101 4498 3527 4572 quidem,juxta

1945 4589 2185 4635 vestram
2257 4585 2632 4648 sententiam,
2719 4586 2775 4639 in
2864 4586 3020 4641 ﬁnito
3085 4604 3308 4659 quoque
3358 4603 3528 4646 esset.

263 4642 517 4736 γρατττῷ,
545 4642 663 4720 ἀλλ’
694 4668 770 4730 ὡς
806 4670 866 4720 ὲν
915 4669 1339 4738 ἀπεριγράπτῳ,
1368 4668 1459 4720 καὶ
1479 4642 1559 4731 ib;
1586 4671 1644 4721 ἐν
1671 4642 1839 4740 ἑαυτῇ

1949 4671 2112 4726 Aliud
2145 4689 2278 4743 ergo
2307 4690 2338 4728 a
2365 4675 2524 4729 vobis
2560 4692 2722 4746 quam
2760 4679 2928 4733 vultis
2954 4642 3395 4736 demonstratum
3422 4693 3529 4748 est,

265 4759 474 4820 ἀτελῶς,
502 4759 646 4812 οὕτω
688 4776 751 4826 γε
783 4761 924 4812 κατά
954 4760 1022 4812 τά
1070 4759 1332 4830 ὑμέτερα,
1367 4760 1462 4812 καὶ
1497 4763 1553 4810 ὲν
1577 4760 1655 4828 τῷ
1684 4777 1840 4830 περι-

263 4847 496 4917 γραπτῷ
526 4843 686 4902 εἶναι.
714 4850 823 4901 Ka‘t
848 4849 1160 4904 τούναντίον
1201 4851 1329 4920 ὑμῖν
1364 4849 1659 4919 ἀπεδείχθη
1695 4853 1838 4920 ἤπερ

1948 4762 2002 4815 in
2038 4763 2144 4817 hoc
2167 4772 2333 4832 atque
2367 4767 2421 4818 in
2449 4767 2894 4835 praecedentibus
2923 4771 3231 4826 ratiociniis
3253 4812 3268 4837 ,
3319 4773 3532 4828 scilicet

1947 4853 2288 4923 impossibile
2319 4872 2440 4912 esse
2468 4857 2624 4912 ﬁnito
2651 4859 2931 4945 inﬁnitum
2965 4865 3136 4918 uniri.

264 4937 544 5007 βούλεσθε,
575 4939 634 4991 ὲν
670 4940 843 5008 τούτῳ
869 4958 930 4994 τε
988 4942 1081 4995 καὶ
1145 4947 1260 5006 τοῖς
1301 4942 1699 5025 .προλα6οὖσ,ιν
1765 4948 2178 5018 ἐπιχειρῆμασι.
2235 4951 2332 5004 τοῦ
2382 4943 2458 5012 μὴ
2503 4953 2726 5007 δυνατὸν
2769 4937 2911 5010 εἶναι
2970 4960 3317 5014 συντίθεσθαι
3373 4979 3529 5032 περι-

263 5029 496 5101 γραπτῷ
532 5032 594 5084 τὸ
630 5032 1070 5104 ἀπερίγραπτον.

314 5121 397 5177 Ἐξ
422 5098 595 5178 δ”οον
635 5098 814 5178 διήλ
842 5098 931 5196 ’μὴ
977 5127 1207 5202 ἀλλοίως
1239 5130 1336 5182 καὶ
1363 5098 1592 5194 ἀλλοίως
1632 5133 1832 5184 ἐνεῖναί
1893 5098 1898 5102 ’

257 5233 370 5269 τίσι
401 5215 663 5270 δύνασθαι
692 5217 752 5269 τὸ
784 5217 1225 5288 ἀπερίγραπτονι
1268 5219 1443 5283 οὕτως
1484 5223 1543 5273 ὲν
1589 5221 1830 5292 Χριστῷ»

255 5307 334 5368 ὡς
375 5308 468 5360 καὶ
508 5309 565 5358 ὲν
608 5309 774 5360 πᾶσιν
809 5304 948 5362 εἶναι
975 5311 1145 5380 αὐτὴν
1168 5311 1425 5378 βιάζεσθε
1445 5327 1460 5343 ⁶
1492 5312 1600 5382 ἄρα
1627 5309 1719 5366 οὖν
1747 5314 1836 5367 διὰ

257 5399 319 5452 τὸ
349 5401 635 5465 ὡσαύτως
666 5401 1053 5469 ἐμφαίνεσθαι,
1087 5404 1180 5454 καὶ
1199 5403 1291 5470 ἐφ’
1321 5402 1533 5470 ἑαυτῇ,
1565 5403 1639 5467 ὦς
1675 5405 1834 5471 φατε,

257 5491 334 5554 ὡς
375 5493 472 5545 καὶ
512 5494 571 5546 ἐν
613 5495 802 5558 πᾶσιν,
843 5494 1020 5556 οὕτως
1063 5495 1219 5571 ἔσται
1249 5497 1308 5546 ἐν
1347 5495 1522 5556 ὗόατικ
1559 5498 1651 5548 καὶ
1679 5496 1833 5566 λίθῳ,

259 5587 353 5638 καὶ
402 5583 575 5652 φυτῷ,
612 5585 702 5639 καὶ
743 5585 1018 5656 μύρμηκι,
1065 5588 1159 5639 καὶ
1212 5587 1377 5655 ἰχθύῖ,
1405 5588 1499 5638 καὶ
1537 5588 1709 5656 ἵππῳ,
1745 5591 1837 5640 καὶ

255 5676 552 5748 ἀνθρώπῳ,
585 5679 677 5729 καὶ
711 5678 953 5748 ἀγγέλῳ,
997 5680 1089 5730 καὶ
1131 5679 1189 5731 ὲν
1217 5680 1384 5731 πᾶσιν
1411 5679 1484 5742 ὡς
1522 5679 1608 5746 ἐφ’
1643 5680 1832 5750 ἑαυτῇ.

256 5771 317 5822 El
353 5770 411 5823 δὲ
440 5770 553 5841 οὐχ’
584 5769 788 5841 ὁμοίως
817 5771 903 5840 ἐφ’
935 5772 1102 5841 ἑαυτῇ
1141 5772 1235 5824 καὶ
1290 5774 1346 5823 ὲν
1396 5772 1645 5841 μύρμηκί
1693 5774 1829 5833 ἐστι,

252 5860 471 5913 λέλυται
525 5861 583 5914 τὸ
626 5863 932 5928 ὡσαύτως,
983 5865 1074 5916 καὶ
1108 5864 1263 5915 ἔσται
1307 5866 1364 5914 ἓν
1421 5865 1642 5935 Χριστῷ
1684 5869 1832 5935 παρὰ

622 5957 891 6015 Pnan
929 5958 1040 6014 Gn.
1089 5957 1296 6016 LXXX
1312 5959 1346 6013 Υ
1369 5957 1410 6015 Ι.

2015 5131 2072 5187 Si
2103 5132 2266 5202 igitur
2292 5149 2358 5187 eo
2381 5135 2527 5202 quod
2556 5150 2665 5189 non
2687 5137 2848 5190 aliter
2870 5139 3101 5194 etaiiter
3119 5140 3172 5193 in
3197 5140 3525 5211 quibusdam

1944 5224 2127 5279 inesse
2155 5241 2264 5279 non
2311 5233 2490 5294 potest
2526 5226 2825 5292 inﬁnitum,
2861 5229 2935 5282 ita
2984 5229 3052 5283 in
3085 5229 3330 5297 Christo,
3381 5234 3528 5290 sicut

1942 5326 2000 5371 et
2030 5318 2086 5370 in
2114 5318 2372 5372 omnibus
2405 5333 2526 5373 eam
2558 5335 2681 5374 esse
2708 5321 3083 5386 contenditis;
3116 5337 3249 5394 ergo
3284 5332 3346 5379 ut
3374 5325 3528 5381 sinti-

1945 5409 2066 5462 liter
2097 5418 2356 5478 appareat
2385 5421 2547 5480 atque
2581 5413 2637 5464 in
2664 5415 2965 5482 semetipsa,
3003 5424 3063 5469 ut
3090 5415 3297 5480 dicitis,
3335 5431 3528 5484 quem-

1944 5501 2238 5556 admodum
2313 5513 2364 5556 et
2408 5503 2462 5556 in
2504 5503 2782 5567 omnibus,
2845 5505 2926 5560 sic
2978 5507 3088 5561 erit
3145 5506 3201 5561 in
3250 5523 3414 5576 aqua.
3471 5511 3528 5566 in

1945 5592 2150 5660 planta,
2204 5591 2259 5644 in
2301 5591 2550 5657 formica,
2583 5594 2638 5649 in
2673 5594 2845 5663 pisce,
2883 5595 2937 5649 in
2971 5611 3139 5666 equo,
3189 5596 3246 5652 in
3279 5596 3527 5659 homine,

1945 5685 2000 5738 in
2049 5685 2265 5756 angelo,
2307 5694 2472 5754 atque
2508 5687 2565 5740 in
2601 5687 2862 5742 omnibus
2899 5696 2959 5742 ut
3009 5687 3066 5742 in
3113 5688 3434 5760 semetipsa.
3467 5688 3528 5746 Si

1942 5791 2073 5830 vero
2102 5793 2210 5831 non
2243 5777 2505 5842 similiter
2552 5790 2637 5835 est
2668 5781 2724 5835 in
2757 5779 3055 5850 semetipsa
3087 5790 3143 5833 et
3180 5780 3236 5834 in
3265 5779 3526 5840 formica,

1942 5867 2174 5922 solvitur
2194 5868 2458 5935 similiter,
2481 5871 2696 5940 eritque
2716 5871 2770 5924 in
2790 5869 3012 5925 Christo
3026 5885 3193 5938 supra
3216 5871 3400 5924 omnia
3421 5872 3526 5926 alia

3085 5960 3163 6023 lt5
