4214 6450
213 462 343 529 H21

1150 461 1548 522 ADVERSUS
1588 455 2132 522 NESTORIANUS.
2169 485 2238 496 -·-
2275 463 2395 520 LIB
2503 463 2549 520 Ι.

3343 464 3476 527 14ἳῖ

207 577 434 643 γάγετε,
499 573 659 627 τοῦτο
690 571 870 640 λέγειν
928 570 1146 638 ἔχοιμεν
1199 571 1333 638 πρὸς
1393 572 1559 638 ὑμᾶς,
1622 571 1698 632 ὡς
1750 571 1796 620 εἰ

1922 572 2112 624 iiscum
2153 570 2576 639 colloquendum
2608 579 2772 630 esset.
2803 571 2958 639 quasi
3005 573 3094 627 hic
3138 574 3314 628 solum
3383 590 3480 628 vos

208 667 348 739 πρὸς
379 667 508 729 τοὺς
534 666 795 732 λέγοντας
832 663 962 732 μίαν
992 663 1155 732 φύσιν
1213 665 1274 713 ἐκ
1316 663 1414 730 τῆς
1452 662 1797 724 συνθέσεως

208 758 594 814 ἀποτελεῖσθαι
620 757 976 810 ἀπετείνεσοε
1013 757 1175 824 μόνον
1207 754 1295 806 διᾶι
1322 755 1512 818 τῶνδε,
1541 751 1687 824 εἶχεν
1733 755 1798 806 ἄν

209 869 264 902 τι
306 850 436 918 ὑμῖν
482 849 545 900 τὸ
584 847 944 917 ἐπιχείρημα,
998 843 1220 911 Ἐπειδὴ
1266 843 1324 896 δὲ
1355 845 1492 914 πρὸς
1517 847 1644 907 τοὺς
1674 843 1800 912 μίαν

208 941 310 1011 τὴν
341 942 663 1004 ὑπόστασιν,
705 940 800 992 καὶ
839 939 901 990 οὑ
931 937 1029 1006 τὴν
1059 937 1243 1004 φύσιν,
1271 938 1334 988 ὲκ
1359 938 1455 1006 τῆς
1502 935 1801 998 συνθέσεως

207 1037 241 1102 ἡ
255 1037 358 1101 μᾶς
378 1031 806 1101 ὁμολογοῦντας,
831 1029 889 1082 τὸ
907 1029 1040 1082 αὑτὸ
1057 1028 1309 1094 ὲγκαλεὶν
1327 1027 1799 1096 άπηρυθριάσατε,

213 1124 432 1193 πρῶτον
457 1123 576 1191 μὲν,
603 1120 717 1181 πῶς
749 1120 912 1189 μέρος
955 1120 1091 1187 φατέ
1122 1119 1220 1188 τῆς
1260 1119 1506 1170 ὲνουσίου
1561 1118 1801 1170 ὑποστά-

213 1231 353 1275 σεως
389 1214 499 1266 πᾶν
529 1211 590 1263 τὸ
622 1210 1006 1278 συντιθέμενον
1040 1210 1121 1261 εἰς
1158 1209 1220 1260 τὸ
1244 1206 1574 1260 ἀποτελέσαι
1607 1205 1797 1275 αὑτὴν,

185 1287 559 1374 θάκοὺσωμενο
582 1306 682 1374 τῆς
705 1304 813 1370 γάρ
837 1301 1236 1368 ὑποστάσεωςὴ
1253 1299 1570 1370 ὑπογραφὴ,
1589 1298 1649 1362 ἐξ
1678 1299 1804 1350 ἰδιο-

189 1377 392 1465 ’τήτων
434 1393 596 1446 τινῶν
647 1393 801 1461 παρα
847 1391 912 1442 τὰ
957 1392 1219 1459 ὀμοουσία
1242 1390 1297 1441 ἓν
1321 1405 1428 1440 τινι
1457 1387 1804 1440 ἰπουσιωδὼν

214 1487 246 1556 ἢ
297 1485 666 1538 ὲπιουσιωδίίν
699 1484 791 1534 καὶ
820 1481 1244 1552 συμϐεϐηκότων
1273 1480 1456 1543 τινῶν,
1486 1479 1804 1548 άχωρίστως

216 1578 442 1648 ὄντωνῆ
476 1576 906 1643 ἐπιγενομένων,
934 1573 1276 1626 συνίσταται.
1311 1571 1450 1622 Οὖτε
1499 1569 1553 1621 δὲ
1609 1571 1666 1621 αἱ
1711 1569 1804 1621 οὑ-

222 1671 332 1720 σὶαι
362 1669 474 1719 τῶν
506 1668 784 1720 συνθέτων
814 1667 956 1736 μέρη
977 1665 1089 1717 τῶν
1118 1661 1474 1716 ὑποστάσεὼν
1511 1664 1616 1714 εἰσι
1649 1677 1662 1690 ο
1696 1662 1805 1712 τῶν

218 1763 329 1828 γάρ
358 1757 580 1817 οὐσιῶν,
613 1756 793 1809 οὐσίαι
823 1756 890 1807 τά
916 1755 1058 1824 μέρη
1086 1754 1354 1822 γίνονται,
1403 1753 1463 1805 οὑ
1503 1751 1612 1804 τῶν
1669 1753 1804 1804 ὑπο-

219 1853 486 1912 στάσεων,
528 1849 648 1901 οὑδὲ
684 1852 791 1918 μὴν
830 1846 939 1898 τῶν
969 1846 1395 1916 συμϐεϐηκότων
1426 1862 1478 1896 τι
1517 1844 1625 1896 τῶν
1657 1859 1803 1910 γινοο

1901 672 2093 716 contra
2123 678 2219 716 eos
2252 664 2346 731 qui
2381 663 2572 716 dicunt
2596 677 2760 714 unam
2789 673 3040 716 naturam
3070 667 3264 717 unione
3287 666 3477 735 perfici

1898 755 2318 815 contenderitis,
2353 756 2432 808 sic
2465 757 2806 825 aliquantum
2848 756 3200 809 ratiocinium
3235 768 3481 814 vestrum

1900 848 2125 902 valeret.
2141 847 2277 901 Cum
2300 857 2482 900 autem
2505 847 2798 901 adversum
2821 861 2924 900 nos
2941 862 3104 900 uuam
3123 847 3479 918 hypostasim,

1902 955 2012 994 non
2046 947 2230 992 autem
2276 953 2441 992 unam
2491 948 2746 992 naturam
2801 955 2868 993 ex
2927 939 3121 992 unione
3162 938 3487 994 conﬁtentes

1901 1026 2217 1096 agatis,boc
2247 1025 2410 1079 nobis
2435 1026 2655 1080 crimini
2687 1035 2902 1080 vertere
2929 1042 3039 1080 non
3068 1025 3484 1088 erubescentes,

1902 1118 2179 1188 quomodo
2204 1133 2423 1172 omnem
2454 1130 2662 1188 partem
2691 1135 2815 1172 cum
2850 1123 3014 1173 unius
3039 1119 3361 1172 substantia:
3393 1119 3490 1189 hy-

1905 1211 2110 1280 postasi
2149 1212 2360 1265 unitam
2391 1225 2512 1264 esse
2543 1211 2611 1264 ad
2648 1211 2796 1264 illam
2827 1211 3218 1278 perﬁciendam
3268 1211 3486 1271 dicatis,

1904 1301 2141 1369 primum
2181 1301 2502 1355 audiamus:
2531 1311 2730 1354 natura
2757 1300 2906 1355 enim
2945 1300 3252 1371 hypostasis
3277 1309 3493 1354 constat

1905 1407 1973 1445 ex
2011 1393 2444 1462 proprietatibus
2473 1392 2806 1462 quibusdam
2836 1391 3400 1446 consubstantialium
3435 1392 3494 1446 in

1905 1484 2090 1553 aliquo
2121 1484 2500 1539 essentialium
2531 1493 2628 1537 aut
2655 1486 2814 1553 quasi
2844 1484 3225 1538 essentialium
3276 1499 3340 1537 ac
3368 1484 3494 1554 qui—

1905 1573 2135 1627 busdam
2173 1573 2556 1628 accidentibus
2587 1573 3052 1640 inseparabilibus
3098 1572 3184 1625 vel
3231 1586 3496 1641 superve-

1907 1666 2210 1730 nientibus.
2261 1666 2374 1719 Nec
2412 1679 2544 1718 vero
2591 1663 2918 1718 substantiae
2970 1665 3255 1718 uuitorum
3310 1673 3497 1733 partes

1906 1764 2036 1810 sunt
2075 1756 2490 1826 hypostaseon:
2527 1757 2961 1810 substantiarum
2994 1757 3141 1809 enim
3178 1754 3499 1810 substantize

1909 1855 2091 1913 partes
2107 1846 2264 1908 ﬁunt,
2281 1861 2393 1899 non
2411 1845 2797 1916 ltypostaseon,
2816 1860 2919 1899 nec
2931 1845 3100 1898 etiam
3118 1845 3337 1914 aliquod
3359 1844 3501 1897 acci-

218 1945 422 2014 μένων,
475 1943 644 2012 χωρὶς
691 1943 788 2010 τῆς
821 1940 912 1993 τοῦ
949 1939 1314 2008 ὑποκειμένου
1347 1937 1701 2008 ἀναιρέσεως,
1727 1933 1803 1995 ὡς

1922 1936 2156 1990 lentium
2175 1953 2297 2006 quae
2322 1937 2478 2000 ﬁunt,
2509 1937 2660 1991 salvo
2689 1937 2957 2005 subjecto,
2984 1945 3042 1988 ut
3072 1951 3200 2004 pars
3233 1937 3284 1988 in
3317 1935 3501 2004 aliqua

219 2037 386 2107 μέρος
437 2035 495 2087 ἐν
551 2053 658 2088 τινι
688 2034 986 2086 ὑποστάσει
1029 2033 1266 2103 ὑπάρχει
1297 2049 1311 2063 ο
1343 2032 1460 2084 ἀλλ’
1490 2031 1614 2083 οὐδὲ
1649 2029 1813 2082 αὑταὶ

216 2131 273 2181 αἱ
305 2129 535 2195 φυσικαὶ
593 2128 880 2194 ἰδιότητες,
934 2125 1010 2181 ὡς
1059 2125 1225 2194 μέρος
1261 2123 1367 2176 sic!
1423 2123 1534 2174 τῶν
1579 2121 1815 2176 ὑποστά-

217 2238 360 2273 σεων
419 2213 493 2272 ὧν
546 2220 688 2270 εἰσιν
747 2218 986 2280 οὐσιῶν,
1047 2217 1184 2268 ἀλλὰ
1230 2219 1324 2269 καὶ
1371 2217 1593 2286 μερικοὶ
1642 2215 1811 2283 λόγοι.

217 2313 283 2367 Εἰ
315 2314 426 2383 γὰρ
457 2312 600 2381 μέρη
624 2312 681 2363 αἱ
732 2309 994 2377 ἰδιότητες
1031 2312 1138 2360 εἱσι
1189 2311 1288 2377 τῆς
1331 2310 1705 2370 ὑποστάσεως,
1755 2308 1817 2358 τὸ

215 2404 274 2458 δὲ
306 2404 426 2457 ὅλον
460 2401 725 2467 συγγενὲς
785 2405 898 2463 τοῖς
949 2399 1143 2453 ἑαυτοῦ
1195 2400 1384 2470 μέρεσι
1444 2400 1538 2452 καὶ
1599 2399 1814 2462 ταυτὸν,

217 2497 316 2547 καὶ
341 2490 495 2547 οὐδὲν
525 2491 681 2560 γένος
708 2492 860 2560 παρᾶ
883 2493 1059 2544 πάντα
1089 2491 1254 2543 αὑτοῦ
1308 2492 1376 2542 τά
1439 2491 1604 2559 μέρη,
1663 2488 1816 2541 ἔσται

219 2589 320 2642 καὶ
346 2588 408 2640 τὸ
441 2585 686 2655 ὅλοντῆς
718 2584 1094 2646 ὑποστάσεως,
1141 2584 1338 2653 ἰδιότης
1385 2584 1616 2636 καθόλου
1658 2583 1818 2653 μόνον

218 2678 493 2741 ἁνούσιος.
552 2678 626 2730 Οὑ
680 2677 841 2745 μόνον
888 2675 943 2728 δὲ
994 2674 1175 2738 τοῦτο,
1206 2675 1342 2727 ἀλλὰ
1383 2677 1476 2728 καὶ
1510 2676 1633 2727 ἐπεὶ
1666 2675 1818 2727 πάσα

223 2772 432 2838 ἰδιότης
471 2769 588 2821 ἐστὶ
630 2767 692 2820 τὸ
727 2768 848 2819 am
879 2765 997 2835 τῆς·
1019 2766 1395 2826 ὑποστάσεως,
1425 2765 1587 2833 εἴπερ
1620 2763 1816 2829 16:67.17;
1849 2782 1851 2785 ·

219 2851 258 2932 ἢ
319 2861 515 2931 ἑτέρου
571 2858 720 2920 τινὸς
786 2857 940 2910 ἔσται
996 2857 1197 2924 ἰδιότης
1227 2874 1242 2885 ·
1298 2859 1391 2909 καὶ
1449 2856 1608 2908 τοῦτο
1657 2855 1820 2908 πάλιν

222 2955 313 3006 ἐπ’
365 2951 592 3025 ἄπειρον
644 2949 946 3020 ζητητέον
990 2950 1022 3020 ἦ
1083 2951 1183 3019 οὑχ
1238 2950 1429 3020 ἐτέρου
1483 2945 1640 3008 οὖσα,
1697 2947 1819 3001 οὐδὲ

225 3048 432 3115 ἰδιότης
473 3047 652 3106 ἔσται,
695 3043 815 3096 οὐδὲ
865 3041 1167 3104 ὑπόστασις
1217 3042 1347 3110 ἄρα.
1400 3041 1514 3092 υὺκ
1573 3040 1679 3111 ἄρα
1727 3036 1820 3091 οὖν

221 3144 349 3198 οὑδὲ
373 3145 430 3195 αἱ
458 3141 662 3204 οὐσίαι,
686 3138 807 3192 οὐδὲ
835 3137 906 3189 τὰ
949 3135 1360 3205 πμὸεὸηκότα,
1413 3134 1535 3186 οὐδὲ
1579 3135 1633 3186 αἱ
1693 3133 1820 3184 ἰδιό-

219 3251 391 3304 τητες
441 3234 498 3286 αἱ
541 3231 829 3293 οὑσιώδεις
859 3230 936 3291 ὡς
970 3230 1114 3298 μέρη
1145 3229 1254 3280 sici.
1283 3228 1383 3298 τῆς
1410 3226 1654 3280 ἐνουσίου
1685 3227 1817 3278 ὑπο-

226 3328 474 3388 στάσεως
511 3341 525 3354 ’
557 3324 674 3377 ἀλλ’
706 3326 770 3375 ἐκ
800 3321 902 3390 τῆς
931 3321 1142 3382 οὐσίας.
1198 3319 1328 3389 περὶ
1386 3321 1485 3388 τὴν
1539 3319 1731 3370 οὑσίαν
1783 3316 1816 3384 ἦ

223 3421 325 3472 καί
363 3416 658 3485 ἀλλαχόθεν
687 3419 744 3466 ἐν
775 3414 915 3483 αὑτῇ
958 3414 1050 3464 καὶ
1097 3416 1226 3479 περί
1282 3411 1478 3479 αὑτὴν,
1531 3410 1655 3461 τινά
1705 3410 1821 3460 ἐστι

222 3511 355 3564 τάδε
385 3509 530 3571 ἰδίως
563 3509 621 3560 ὲν
651 3504 790 3575 τῷδέ
830 3521 938 3557 τινι
999 3503 1372 3574 θεωρούμενα.
1429 3502 1574 3570 Ιιλὴν
1629 3501 1677 3553 εἰ
1731 3502 1824 3553 καὶ

224 3602 392 3655 τοῦτο
415 3600 546 3668 ὑμῖν
587 3595 1023 3665 συγχωρήσομεν
1057 3593 1138 3660 (οὑ
1192 3594 1302 3662 γάρ
1356 3591 1645 3644 σπουδαῖον
1700 3589 1824 3660 περὶ

222 3693 422 3748 τούτου
446 3690 543 3742 νῦν
573 3686 1014 3749 ἀντιτάσσεσθαι,
1047 3687 1143 3739 καὶ
1179 3685 1256 3748 ὼς
1288 3683 1457 3755 μέρος
1503 3683 1588 3752 εἴη
1648 3683 1706 3732 έν
1754 3683 1822 3751 τῇ

226 3785 529 3841 ὑποστάσει
590 3779 789 3834 ἑαυτοῦ
826 3780 855 3832 ό
895 3778 1029 3840 Θεὸς
1065 3777 1284 3844 Λόγος),
1313 3775 1610 3828 ἀκόλουθον
1644 3773 1820 3834 ἔσται.

230 3876 458 3947 μείζόνα
509 3874 610 3942 τῆς
664 3871 855 3932 οὐσίας
909 3871 1009 3938 τῆς
1041 3869 1312 3937 Θεότητος
1377 3866 1558 3936 πάσης
1591 3865 1821 3918 ἕκαστον

224 3967 338 4022 τῶν
368 3965 534 4036 τριῶν
561 3963 736 4030 ἁγίων
762 3959 1078 4030 προσώπων
1101 3960 1175 4022 ὡς
1209 3959 1330 4012 ὅλον
1369 3959 1465 4012 καὶ
1505 3957 1638 4011 αὑτὸ
1690 3957 1824 4008 νοεῖ-

228 4061 382 4114 σθαι.
413 4060 522 4110 Καὶ
550 4055 695 4108 οὕτω
719 4055 818 4124 μὲν
851 4054 990 4106 τόδε.

319 4149 383 4202 Ἦ
417 4147 648 4209 δευτέρα
685 4144 744 4196 δὲ
779 4143 934 4212 ὑμῶν
968 4142 1232 4212 πρότασις
1261 4140 1450 4205 πάλιν,
1480 4139 1596 4203 πῶς
1625 4138 1739 4208 ἔχει
1764 4137 1827 4190 τὸ

232 4242 498 4313 βέϐαιον,
575 4240 662 4289 ὅτι
725 4238 832 4289 πᾶν
888 4235 1051 4308 μέρος
1106 4234 1458 4295 ὑποστάσεως
1509 4231 1823 4301 λεγόμενον,

233 4333 587 4405 συμπάσχειν
633 4328 710 4397 τῷ
760 4329 936 4398 ἑτέρῳ
975 4328 1190 4394 ἀνάγκη
1219 4343 1233 4356 ο
1297 4327 1392 4399 καὶ
1434 4324 1592 4378 τοῦτο
1616 4324 1702 4377 ἀεὶ
1732 4321 1828 4375 καὶ

231 4428 379 4482 κατὰ
413 4425 590 4478 πάντα
615 4420 958 4491 άδιορξστως.
993 4419 1106 4488 Τῆς
1140 4422 1250 4488 γάρ
1299 4416 1392 4469 τοῦ
1446 4417 1653 4487 κόσμου
1696 4417 1826 4469 ὑπο-

233 4520 486 4577 στάσεως
536 4515 633 4567 καὶ
665 4513 902 4580 φύσεως,
939 4512 1128 4572 ἵππος,
1153 4509 1249 4562 καὶ
1274 4507 1387 4576 γύψ
1415 4524 1427 4536 ·
1455 4507 1550 4560 καὶ
1570 4507 1630 4559 οὑ
1665 4506 1825 4576 μόνον

1915 2028 2190 2101 hypostasi
2222 2029 2436 2083 exsistit
2460 2046 2472 2057 °
2516 2030 2609 2082 sed
2643 2043 2744 2082 nec
2776 2028 2882 2082 illa:
2935 2029 3215 2082 naturales
3249 2028 3501 2097 proprie-

1915 2121 2242 2189 tates.quasi
2265 2136 2392 2188 pars
2415 2129 2545 2173 sunt
2563 2120 2926 2188 hypostaseon
2945 2135 3066 2188 qua:
3092 2129 3220 2172 sunt
3243 2120 3504 2173 substan-

1917 2213 2026 2275 tite,
2061 2211 2157 2266 sed
2185 2219 2243 2266 et
2270 2211 2626 2281 particularia
2657 2211 2826 2264 verba
2855 2227 2870 2275 ;
2906 2213 2951 2265 si
2987 2212 3134 2265 enim
3169 2220 3352 2281 partes
3380 2227 3505 2282 pro-

1921 2305 2188 2374 prietates
2205 2314 2334 2359 sunt
2356 2305 2730 2375 bypostaseos,
2751 2313 2926 2359 totum
2943 2313 3127 2358 autem
3145 2307 3504 2361 connaturale

1919 2397 2095 2466 ipsius
2147 2397 2396 2466 partibus
2441 2406 2498 2451 et
2553 2397 2722 2461 idem,
2754 2412 2822 2451 ac
2867 2397 3079 2451 nullum
3135 2412 3308 2465 genus
3359 2396 3504 2464 apud

1918 2505 2110 2546 omnes
2139 2491 2312 2562 ipsius
2336 2499 2544 2560 partes,
2568 2490 2677 2544 erit
2707 2506 2930 2559 quoque
2966 2498 3142 2544 totum
3176 2491 3505 2560 Itypostasis.

1920 2584 2233 2653 proprietas
2268 2582 2324 2636 in
2350 2598 2551 2653 genere
2580 2590 2792 2636 tantum
2820 2597 2930 2636 non
2967 2582 3360 2636 substantialis.
3387 2583 3508 2637 Non

1918 2675 2100 2728 solum
2155 2683 2347 2728 autem
2377 2673 2503 2738 hoc,
2537 2673 2632 2728 sed
2657 2683 2712 2727 et
2738 2690 2862 2729 cum
2889 2674 3072 2728 omnis
3100 2674 3411 2744 proprietas
3438 2675 3509 2730 sit

1921 2775 2100 2820 totum
2153 2766 2481 2836 hypostasis,
2521 2781 2655 2836 ergo
2689 2767 2999 2835 proprietas
3022 2765 3352 2836 velalicujns
3370 2766 3510 2821 alte-

1921 2858 2039 2911 rius
2071 2858 2178 2912 erit
2224 2857 2554 2927 proprietas,
2584 2858 2800 2926 hocque
2850 2873 3070 2913 rursum
3129 2859 3182 2911 in
3232 2859 3510 2912 inﬁnitum

1918 2952 2032 3007 erit
2077 2949 2459 3021 quaret-dum,
2507 2951 2592 3004 vel
2625 2967 2732 3004 non
2775 2951 3025 3013 alterius,
3061 2966 3164 3005 nec
3209 2959 3340 3004 tunc
3380 2965 3512 3018 pro-

1921 3048 2126 3116 prietas
2153 3047 2279 3110 erit,
2312 3059 2414 3100 nec
2440 3044 2567 3099 ideo
2599 3045 2922 3115 Itypostasis.
2950 3044 3066 3098 Non
3091 3060 3226 3114 ergo
3256 3060 3356 3098 nec
3382 3043 3515 3099 sub-

1921 3138 2157 3201 stantiae,
2196 3153 2301 3193 nec
2321 3137 2646 3198 accidentia,
2680 3153 2781 3191 nec
2806 3139 3171 3207 proprietates
3193 3139 3511 3194 essentiales

1921 3226 2079 3294 quasi
2131 3235 2316 3296 partes
2363 3234 2491 3279 sunt
2529 3225 2906 3280 substantialis
2956 3229 3282 3298 hypostasis,
3315 3230 3409 3284 sed
3444 3245 3511 3286 ex

1922 3318 2250 3381 substantia,
2284 3317 2353 3372 de
2385 3317 2693 3373 substantia
2721 3319 2803 3372 vel
2853 3327 2907 3373 et
2936 3320 3160 3375 aliunde
3213 3321 3266 3375 in
3301 3323 3416 3390 ipsa
3450 3340 3510 3376 ac

1921 3409 1991 3463 de
2067 3409 2193 3472 illa,
2247 3409 2497 3478 quaedam
2543 3419 2672 3464 sunt
2715 3411 3122 3479 particulariter
3167 3413 3223 3466 in
3271 3415 3509 3483 quodam

1922 3501 2294 3555 considerata.
2325 3500 2434 3555 Sed
2457 3501 2564 3555 etsi
2592 3501 2698 3556 hoc
2727 3503 2886 3557 vobis
2915 3505 3371 3568 concesserimus,
3402 3523 3512 3561 non

1927 3601 2111 3646 tamen
2152 3591 2525 3646 festinandum
2573 3601 2659 3647 est
2697 3603 2759 3647 ut
2806 3610 2956 3649 nunc
3007 3596 3076 3650 de
3131 3597 3237 3651 hoc
3280 3608 3510 3653 conten-

1925 3683 2112 3748 datur,
2144 3699 2270 3739 cum
2296 3684 2352 3738 in
2387 3685 2670 3755 hypostasi
2703 3687 2877 3756 ipsius
2910 3697 3058 3742 esset
3088 3697 3345 3759 tanquam
3385 3706 3513 3761 pars

1925 3779 2074 3834 Deus
2132 3779 2831 3850 Verbum.Consequent-ia
2884 3785 3022 3846 erit,
3051 3786 3316 3856 majorem
3361 3787 3513 3842 omni

1926 3871 2235 3925 substantia
2311 3871 2630 3927 Divinitatis
2677 3889 3127 3945 unamquamque
3173 3877 3340 3932 trium
3390 3895 3516 3949 per-

1926 3979 2183 4018 sonarum
2212 3972 2528 4019 sanctarum
2552 3975 2611 4019 ut
2631 3975 2806 4021 totum
2837 3976 2892 4022 et
2911 3967 3088 4037 ipsum
3115 3970 3364 4041 intelligi.
3389 3971 3514 4026 llrec

1927 4063 2110 4109 autem
2147 4056 2443 4111 suﬂiciant.

1997 4146 2248 4201 Secunda
2271 4154 2456 4202 autem
2479 4156 2658 4202 vestra
2677 4151 3004 4219 propositio,
3031 4153 3309 4220 quomodo
3337 4154 3477 4208 valet
3501 4196 3514 4212 .

1929 4238 2174 4304 scilicet,
2211 4253 2430 4294 omnem
2467 4250 2704 4310 partem,
2752 4257 2876 4312 qua:
2928 4242 3132 4298 dicitur
3184 4245 3514 4315 bypostasis,

1930 4331 2247 4387 necessario
2305 4333 2546 4402 coutpati
2573 4348 2698 4387 cum
2725 4335 2920 4399 altera,
2949 4335 3166 4404 hocque
3204 4351 3424 4408 semper
3465 4347 3522 4392 ct

1932 4424 1986 4477 in
2032 4423 2290 4478 omnibus
2327 4423 2651 4478 indeﬁnite?
2683 4423 2871 4493 Mundi
2916 4440 3048 4480 vero
3081 4425 3392 4498 hypostasis
3421 4443 3522 4481 na-

1934 4522 2179 4583 turasque
2209 4522 2339 4568 sunt
2370 4529 2552 4584 equus
2581 4524 2638 4570 et
2666 4513 2871 4579 vultur,
2886 4530 2992 4570 nec
3023 4517 3201 4571 solum
3222 4533 3348 4572 cum
3381 4533 3521 4574 una-

229 4614 293 4666 οὑ
322 4609 640 4680 συμπάσχει
668 4605 884 4674 θατέρῳ
904 4603 1135 4672 θάτερον
1161 4597 1322 4664 εἶδος,
1351 4599 1486 4652 ἀλλὰ
1520 4599 1615 4660 καὶ
1640 4597 1818 4650 εὐσθε-

1933 4620 2152 4674 quaque
2203 4620 2547 4676 unaquteque
2583 4606 2798 4677 species
2851 4621 2962 4660 non
3008 4608 3348 4678 compatitur
3375 4650 3390 4673 ,
3423 4610 3520 4665 sed

230 4709 312 4757 νεῖ
334 4705 397 4756 τὸ
417 4701 671 4770 γὺπιιον,
727 4699 909 4751 ἵππων
968 4695 1420 4766 ἀναιρουμένων·
1462 4693 1526 4746 τὸ
1564 4693 1621 4747 δὲ
1677 4692 1827 4745 λεόν-

228 4813 379 4849 τειον
410 4791 640 4847 αὐτόθεν
665 4791 786 4844 οὑδὲ
811 4789 925 4859 ἔχει
951 4789 1011 4842 τὸ
1037 4783 1201 4850 εἶναι,
1225 4790 1274 4840 εἰ
1321 4786 1398 4856 μὴ
1447 4785 1536 4840 διὰ
1577 4788 1678 4856 τῆς
1731 4785 1826 4838 τοῦ

234 4887 414 4958 βοείου
449 4883 616 4954 τυχὸν
666 4885 762 4935 καὶ
802 4880 914 4933 τῶν
963 4878 1224 4933 τοιούτων
1277 4877 1574 4946 ὲπιόουλῆς
1616 4917 1632 4942 .
1691 4875 1828 4939 ζωο-

234 4978 436 5047 φθόρον
451 4993 504 5028 τι
528 4974 588 5028 ὃν
618 4975 713 5028 καὶ
741 4970 1199 5042 σαρκοφάγον.Τί
1227 4971 1283 5024 δὲ
1315 4971 1383 5025 ἂν
1395 4971 1540 5024 εἷποι
1569 4988 1655 5035 τις
1681 4971 1828 5041 6th-

234 5069 334 5130 θας
360 5067 710 5126 πεπονθέναι,
732 5066 780 5118 εἰ
817 5065 1026 5118 νοσοῖεν
1059 5065 1115 5116 αἱ
1138 5062 1342 5117 τούτων
1370 5062 1650 5116 ἐπίϐουλοι
1681 5060 1829 5115 ἀλώ-

235 5178 448 5224 πεκες;
505 5155 831 5212 Τοὺναντίον
911 5154 1020 5225 γάρ
1101 5155 1251 5208 ἔστιν
1307 5155 1459 5220 ἰδεῖν,
1505 5155 1584 5219 ὡς
1635 5155 1827 5225 ἑτέρου

235 5255 540 5323 πάσχοντος
571 5251 775 5322 μέρους
795 5249 908 5302 τῶν
937 5250 996 5302 ιν
1015 5247 1095 5318 τῷ
1125 5248 1339 5318 κόσμῳ,
1360 5248 1551 5319 ἕτερον
1580 5249 1794 5301 εὑικτεῖ
1813 5265 1825 5277 ’

238 5347 335 5400 καὶ
360 5347 550 5416 ἑτέρου
609 5341 992 5407 εὑθαλοῦντος,
1052 5341 1242 5411 ἕτερον
1291 5340 1621 5412 δυσπραγετ.
1667 5338 1831 5392 Ἀλλά

239 5437 460 5494 καὶτοῦ
489 5436 606 5498 ἑνός
639 5451 788 5498 τινος
842 5431 1138 5505 ἀνθρώπου
1183 5431 1328 5486 κατά
1371 5447 1496 5484 τινα
1541 5429 1831 5493 διδάξαντα

240 5532 410 5600 ἡμᾶς,
446 5525 673 5581 κατὰτὸ
697 5525 804 5590 ἔξω
833 5524 1311 5596 διαφθειρομέκου,
1357 5523 1386 5575 ό
1431 5524 1540 5576 ἔσω
1582 5522 1832 5576 ἀνακαι-

239 5622 452 5677 νοῦται
481 5618 672 5690 ἡμέρᾳ
696 5619 796 5672 καὶ
829 5618 1042 5688 ἡμέρᾳ.
1071 5618 1183 5672 Καὶ
1234 5617 1344 5685 γὰρ
1368 5615 1463 5669 τοῦ
1493 5615 1661 5670 αὑτοῦ
1707 5617 1830 5668 κατ’

240 5716 475 5788 ἀριθμὸν
527 5714 669 5779 ἐνὸς,
722 5713 785 5766 τὸ
847 5713 946 5783 μὲν
987 5713 1230 5781 πνεῦμα,
1282 5711 1430 5765 κατὰ
1473 5711 1573 5776 τῆς
1628 5708 1832 5779 σαρκὸς

243 5808 550 5876 ἐπιθυμεῖ·
588 5808 622 5876 ἡ
666 5807 723 5858 δὲ
757 5806 917 5876 σάρξ.
973 5805 1116 5859 κατὰ
1161 5805 1257 5858 τοῦ
1316 5805 1626 5874 πνεύματος
1663 5820 1677 5834 ο
1739 5805 1832 5857 καὶ

241 5903 308 5954 τὰ
336 5898 431 5953 τοῦ
457 5901 573 5962 ἑνὸς
595 5899 814 5970 ὁμοφυῆ
848 5899 1028 5970 πάντη
1059 5899 1289 5952 πλεῖστα
1329 5899 1460 5951 ὅντα
1517 5897 1682 5968 μέρη,
1736 5900 1832 5949 άν-

1933 4696 2101 4750 etiam
2155 4699 2302 4750 valet
2353 4697 2656 4761 vulturina,
2695 4696 2858 4765 equis
2909 4697 3220 4752 interiectis
3254 4716 3268 4752 :
3298 4699 3521 4754 leonina

1934 4801 2068 4840 vero
2104 4788 2251 4840 unde
2281 4786 2504 4840 exsistit
2529 4784 2636 4840 nisi
2659 4801 2728 4840 ex
2755 4785 2972 4841 bovinae
2997 4795 3164 4858 atque
3199 4787 3520 4859 bujusmodi

1934 4877 2249 4941 venatione,
2271 4892 2397 4931 cum
2426 4877 2498 4931 sit
2521 4877 2778 4932 immanis
2803 4892 2866 4932 ac
2893 4877 3202 4933 carnivora.
3223 4880 3364 4946 Quid
3389 4898 3522 4937 vero

1934 4974 2194 5030 dicentur
2224 4973 2338 5043 pati
2367 4973 2641 5036 volucres,
2670 4973 2738 5037 si,
2769 4973 2962 5043 vulpes
2985 4974 3228 5044 ipsarum
3257 4991 3521 5047 aucupes.

1935 5067 2354 5139 :egrotaveriut?
2373 5065 2726 5121 Contrarium
2751 5067 2901 5122 enim
2928 5067 3230 5125 videndum
3260 5080 3346 5127 est
3376 5091 3390 5126 :
3414 5090 3522 5128 una

1938 5159 2106 5229 hujus
2133 5158 2324 5213 mundi
2348 5166 2502 5228 parte
2536 5158 2844 5222 laborante,
2877 5159 3054 5216 altera
3083 5161 3272 5228 valet,
3303 5178 3524 5234 unaque

1937 5251 2194 5313 ﬂorente,
2243 5251 2414 5305 altera
2460 5257 2690 5305 marcet.
2758 5250 2829 5305 At
2881 5267 3216 5323 unoquoque
3273 5254 3520 5316 homine.

1940 5339 2251 5396 secundum
2297 5339 2442 5409 quod
2487 5354 2591 5394 nos
2635 5342 2980 5411 experimur,
3008 5357 3078 5399 ex
3120 5343 3208 5399 his
3237 5361 3362 5416 quae
3393 5345 3525 5402 foris

1940 5440 2072 5486 sunt
2114 5441 2398 5500 corrupta,
2432 5430 2529 5500 qui
2581 5431 2736 5487 intus
2785 5441 2872 5489 est
2922 5445 3211 5489 renovatus:
3244 5437 3309 5490 de
3339 5438 3425 5491 die
3471 5439 3527 5490 in

1941 5526 2100 5579 diem.
2135 5525 2226 5582 Sic
2250 5525 2402 5580 enim
2434 5525 2682 5595 ejusdem
2721 5526 2888 5581 unius
2920 5543 3153 5583 numero
3179 5529 3409 5600 spiritus
3443 5545 3528 5585 se-

1941 5618 2182 5672 cundum
2212 5633 2430 5672 carnem
2461 5618 2826 5688 concupiscit,
2852 5634 2982 5674 caro
3001 5629 3186 5675 autem
3221 5621 3528 5677 secundum

1943 5713 2229 5784 spiritum;
2273 5726 2338 5765 ac
2385 5712 2660 5782 pleraeque
2697 5722 2879 5782 partes
2924 5713 3090 5769 unius
3122 5729 3244 5784 qua:
3277 5715 3526 5784 ejusdem

1944 5815 2156 5860 natura:
2176 5806 2402 5859 omnino
2417 5805 2688 5869 sunt,sibi
2714 5806 2953 5862 invicem
2978 5807 3374 5874 adversantur;
3405 5825 3530 5880 per-

1944 5916 2054 5968 quo
2086 5900 2412 5954 alterutrius
2441 5900 2676 5968 partium
2720 5900 3130 5968 tribulationes,
3163 5903 3335 5957 altera
3387 5903 3527 5957 bene
