4214 6450
209 421 233 486 1
253 425 354 488 120

1157 443 1553 504 ADVERSUS
1592 443 2226 510 NESTORIANOS.—
2259 457 2404 516 LIB.
2450 457 2496 514 I.

3333 463 3468 523 14ἳο

206 539 416 594 ὑλικῶν
452 543 548 595 καὶ
598 550 928 616 σωματικῶν
957 552 1049 602 καὶ
1082 553 1184 605 τῶν
1213 560 1333 609 κατ’
1362 557 1620 630 αζσθησιν
1673 577 1775 628 μα-

206 630 266 648 ...
470 634 487 648 .
511 635 553 648 ,-
738 639 751 648 .
821 639 896 648 -.-
1062 645 1071 648 ,
1126 642 1187 648 ε-

1886 577 2008 616 rum
2058 565 2308 636 lapides,
2345 570 2491 640 ligna
2514 612 2529 634 ,
2567 572 2824 626 animalia
2853 613 2865 637 ,
2888 576 3110 640 celum,
3161 577 3279 642 sol,
3329 595 3469 648 aqua

203 630 424 701 θήσεων
470 634 610 690 λίθοι
668 639 762 691 καὶ
814 639 949 707 ξύλα
990 645 1083 697 καὶ
1119 642 1234 710 ζῶα
1283 650 1376 702 καὶ
1415 651 1646 720 οὐρανὸς
1693 652 1786 704 καὶ

200 720 360 793 ἥλιος
388 724 482 777 καὶ
518 725 661 796 ὕδωρ
686 731 781 782 καὶ
816 733 927 803 πῦρ
957 733 1127 799 ἐστιν,
1151 737 1209 789 ἐν
1231 734 1312 800 οἷς
1346 739 1374 791 ὀ
1417 739 1631 804 δλισθος
1675 742 1784 794 τῶν

197 815 424 867 ασεθῶν
478 820 574 870 καὶ
622 821 1192 892 είδωλολατρῶν,-τῶν
1241 829 1409 898 μηδὲν
1462 831 1626 898 πλέον
1675 833 1785 884 τῶν

194 903 502 974 ὁρωμένων
527 910 870 975 ὼξασάντων
903 918 983 978 εἰς
1009 893 1348 984 θεοσέὸείαν,
1379 893 1607 988 γέγονεν
1628 921 1786 989 εὔδη-

193 996 296 1058 λος
320 999 497 1054 ἆπασι
529 1017 546 1035 ο
574 1005 668 1056 καὶ
701 1006 786 1058 ὄτι
809 1006 1018 1078 ἡψυχὴ
1043 1011 1103 1061 οὑ
1137 1009 1433 1082 πειθομένη
1474 1016 1540 1083 τῇ
1570 1013 1658 1066 διὰ
1691 1015 1784 1069 τοῦ

195 1087 464 1157 σώματος
489 1095 740 1174 αἰσθήσει
761 1098 898 1169 μόνῃ
920 1099 1066 1170 λόγῳ
1094 1095 1245 1174 εὗρε,
1264 1104 1359 1155 καὶ
1379 1105 1447 1165 pi)
1481 1104 1551 1157 δι’
1575 1106 1788 1171 αἰσθή-

194 1195 362 1247 σεως
404 1183 496 1236 τὸν
543 1166 778 1255 ἀδρατον
833 1166 990 1243 τοῦδε
1036 1166 1134 1245 τοῦ
1161 1166 1384 1256 ’παντὸς
1412 1166 1783 1266 Δημιουργὸν,

196 1271 384 1325 καίτοι
433 1275 510 1346 μὴ
543 1277 778 1345 ὀφθέντα
822 1283 1078 1353 αἰσθήσει
1109 1287 1412 1359 πώποτε,ἢ
1452 1290 1786 1358 σωματικῶς

191 1363 352 1426 ὄντα.
381 1365 522 1430 ὅλως
551 1372 817 1438 γνωστὸν.
848 1377 970 1429 οὐδὲ
995 1379 1141 1448 ὑμᾶς
1175 1378 1330 1449 οἶμαι
1348 1380 1782 1449 ὰαμφιδὰλλειν.

193 1454 328 1517 Πῶς
386 1456 442 1508 δὲ
493 1458 590 1510 καὶ
639 1461 702 1512 τὸ
740 1463 1047 1534 ἑπιθυμοῦν
1105 1469 1246 1523 κατὰ
1301 1468 1397 1522 τοῦ
1447 1470 1782 1540 πνεύματος,

193 1548 338 1615 πρὸς
367 1542 606 1618 μάθησιν
633 1553 745 1606 τῶν
785 1555 951 1612 θείων
991 1561 1224 1615 ἐντολῶν
1271 1565 1364 1615 καὶ
1395 1563 1781 1633 εὐαρέστησιν,

191 1639 612 1708 συμϐάλλεσθαι
645 1647 796 1718 αὑτῷ
815 1651 1022 1702 εἴποιτε
1046 1651 1340 1724 ἂνιόρθῷς,
1367 1656 1416 1707 εί
1466 1656 1540 1723 μή
1575 1672 1630 1707 τι
1664 1656 1783 1724 ,ἄρα

187 1735 309 1794 τοῖς
341 1734 550 1817 τούτων
575 1740 843 1803 ἐναντίοις
881 1741 944 1794 τὺ
972 1721 1199 1813 Πνεῦμα
1232 1721 1590 1816 συναίρεσθαι
1621 1721 1782 1817 venio

187 1809 350 1890 (ere,
374 1827 596 1898 ἄδηλον.
639 1832 698 1885 'O
726 1832 784 1885 δὲ
823 1832 1021 1901 λέγων,
1063 1809 1157 1900 Τίς·
1183 1853 1260 1904 με
1283 1809 1538 1904 ῥύσίεται
1567 1838 1636 1892 ἐκ
1673 1809 1782 1892 τοῦ

187 1916 476 1986 σώματος
501 1921 611 1974 τοῦ
637 1926 899 1979 θανάτου
938 1928 1176 1992 τούτου,
1211 1923 1321 1999 ἆρα
1364 1928 1462 1981 τοῦ
1501 1929 1635 1998 πρὸς
1677 1930 1784 1999 μά-

188 2007 358 2078 θησιν
377 2010 489 2064 τῶν
517 2011 682 2076 θείων
712 2017 945 2069 ἐντολῶν
969 2019 1065 2070 καὶ⁹
1090 2020 1458 2091 εὐαρέστησιν
1487 2021 1780 2093 χρειώδους

190 2101 466 2172 ῥυσθῆναι
491 2104 774 2175 δυσωπεϊς
811 2111 924 2161 Καὶ
961 2110 1080 2172 πῶς
1109 2112 1168 2162 ὲν
1196 2111 1368 2173 ὁσίοις
1405 2110 1500 2164 καὶ
1539 2111 1782 2164 θεοδιδὰ-

189 2206 350 2254 κτοις
382 2193 478 2244 καὶ
511 2195 785 2260 φιλοθὲοις
806 2193 962 2260 οὗτος
984 2199 1290 2270 ἐπίσημος;
1325 2200 1390 2253 Τί
1418 2201 1475 2254 δὲ
1514 2201 1580 2254 ἂν
1610 2202 1784 2253 εἴποι-

191 2297 299 2351 μεν
328 2285 392 2336 ὲκ
427 2285 524 2353 τῆς
565 2287 897 2359 καθημέραν
922 2292 1052 2360 περὶ
1085 2293 1186 2355 τὰς
1233 2292 1554 2362 σωματικὰς
1581 2294 1785 2362 ὲπιμε-·

187 2371 348 2437 λείας
396 2377 557 2446 ἡμῶν
599 2383 994 2450 πνευματικῶν
1041 2383 1334 2453 μαθήσεων
1382 2385 1472 2438 καὶ
1523 2383 1781 2454 πράξεων

189 2467 329 2535 ἡμῖν
383 2468 856 2541 ἀμϐλυνομένων;
897 2474 1043 2527 Ἀλλ’
1070 2475 1217 2528 ἐστιν
1281 2475 1499 2547 ἀληθῶς
1551 2477 1679 2531 ἰδεῖν
1714 2477 1777 2529 τὺ

185 2559 456 2615 ἐναντίον.
496 2563 569 2615 ’Ἡ
606 2562 868 2633 βούλεσθε
898 2564 1070 2630 δείξαι
1105 2568 1507 2638 κερδαίνουσαν
1535 2569 1634 2638 τὴν
1676 2568 1777 2638 ψυ·

187 2652 294 2721 χὴν
327 2653 416 2707 διὰ
452 2654 742 2725 σώματοςς
769 2657 850 2728 Τῇ
877 2657 988 2730 γὰρ
1021 2659 1158 2730 πρὸς
1189 2661 1350 2714 τοῦτο
1381 2661 1532 2732 μάχῃ
1572 2663 1666 2714 καὶ
1707 2664 1774 2733 τῇ

186 2743 386 2808 τούτου
441 2747 684 2820 παιδείᾳ,
723 2749 918 2819 μισθὸν
961 2752 1132 2822 ἑαυτῇ
1187 2755 1576 2822 περιποιεῖται,
1611 2753 1776 2824 μέχρι

189 2836 357 2906 μόνον
382 2838 541 2893 τοῦδε
565 2844 668 2911 τῆς
693 2842 817 2896 κατ’
844 2845 977 2897 αὐτὸ
1005 2845 1287 2915 φροντίδος
1314 2846 1646 2920 ἀντεχομένη
1679 2844 1776 2899 τοῦ

187 2928 268 3001 μὴ
295 2931 520 2984 ὁδυνοῦν
548 2934 743 3005 αὐτὴν,
778 2936 890 2989 τῶν
929 2937 1076 2989 ίδίων
1108 2938 1404 3007 ἐνεργειῶν
1433 2937 1782 3006 ἐμποδίζεινν

207 3023 242 3093 ἢ
303 3021 559 3094 θνῆσκον⁶
589 3025 679 3081 διὰ
722 3027 785 3080 τὸ
820 3029 911 3082 ὑπ’
937 3030 1107 3099 αὐτῆς
1155 3029 1519 3099 ἀπρονόητον,
1554 3030 1776 3083 αὑτονο-

190 3111 325 3180 μίαν
352 3114 454 3184 τῆς
479 3115 690 3180 λύσεως
717 3107 816 3172 τοῦ
851 3119 992 3191 πρὸς
1020 3122 1153 3174 αὐτο
1179 3119 1382 3188 δεσμόῦ
1419 3124 1773 3193 κατηγορεῖν.

1892 655 2142 724 ignisque
2174 668 2277 724 est,
2312 661 2367 714 in
2401 662 2605 730 quibus
2634 677 2794 717 casus
2825 665 3118 733 impiorum
3151 681 3216 721 ac
3245 668 3470 722 idolola~

1893 753 2126 811 trarum,
2164 751 2303 804 nihil
2340 755 2518 822 majus
2560 769 2724 823 quam
2757 757 3040 810 scnsibilia
3080 758 3460 815 arbitrantiun

1889 834 1957 887 ad
1989 837 2272 904 pietatem,
2298 847 2556 900 omnibus
2583 847 2814 902 evidens
2837 837 3014 903 factus
3056 859 3175 916 est,
3210 854 3465 921 quodque

1890 930 2074 984 anima
2122 933 2336 988 ratione
2384 937 2595 992 invenit
2653 956 2761 994 non
2818 941 2934 995 sola
2979 943 3243 1010 corporali
3282 958 3466 1012 perce-

1888 1030 2095 1083 Μῐιπνο.
2119 1041 2228 1081 nec
2269 1043 2366 1095 per
2387 1031 2742 1112 sensationem
2785 1032 3126 1118 invisibilem
3163 1032 3329 1098 hujus
3356 1033 3472 1086 uni-

1894 1107 2039 1160 versi
2062 1107 2402 1172 Creatorem,
2426 1107 2563 1167 licet
2597 1128 2704 1167 non
2731 1107 3044 1185 perceptum
3072 1134 3306 1188 unquam
3338 1135 3467 1175 seu-

1893 1198 2064 1263 sibus,
2088 1207 2183 1253 aut
2221 1203 2582 1270 corporaliter
2617 1205 2993 1271 exsistentem,
3018 1211 3241 1265 omnino
3277 1214 3466 1282 cogni-

1896 1293 2034 1352 tum,
2063 1304 2166 1344 nec
2228 1307 2324 1347 vos
2380 1291 2527 1363 ipsos
2575 1294 2825 1350 dubitare
2870 1297 3145 1353 existimo.
3181 1299 3463 1366 Quomodo

1887 1399 2070 1441 autem
2101 1395 2498 1461 concupiscere
2519 1395 2824 1448 secundum
2858 1394 3138 1464 spiritum,
3173 1392 3240 1445 ad
3264 1409 3468 1462 cogno-

1843 1519 1853 1528 .
1885 1478 2090 1532 scenda
2133 1480 2317 1537 divina
2351 1485 2604 1539 mandata
2637 1485 3204 1554 complacendumque
3243 1485 3375 1556 Deo,
3402 1485 3466 1538 ad

1886 1569 2068 1638 ipsum
2115 1573 2308 1627 referri
2357 1586 2503 1630 recte
2548 1576 2767 1642 dicetis,
2803 1579 2908 1632 nisi
2953 1578 3095 1633 forte
3149 1580 3204 1634 in
3245 1581 3466 1634 illorum

1885 1664 2182 1719 contrariis
2200 1667 2456 1735 spiritum
2481 1668 2742 1738 adjuvare
2793 1670 3143 1735 existimetis,
3166 1686 3275 1724 non
3295 1680 3464 1739 patet.

1885 1749 1990 1815 Qui
2023 1767 2161 1807 vero
2187 1755 2322 1808 dicit
2353 1773 2366 1808 :
2393 1754 2519 1820 Quis
2547 1774 2629 1810 me
2663 1757 2904 1811 liberabit
2937 1759 3000 1811 de
3043 1774 3262 1828 corpore
3285 1761 3466 1812 morti:

1817 1842 2042 1944 l,Imjus
2083 1845 2140 1899 'l
2192 1862 2323 1900 num
2359 1865 2429 1902 ne
2478 1848 2547 1902 de
2605 1849 2724 1903 utili
2783 1850 3165 1918 cognoscendo
3211 1851 3472 1907 mandata

1887 1932 2073 1988 divina
2104 1935 2325 2006 Deoque
2365 1940 2761 2009 complacendo
2791 1940 3062 1995 liberetur
3093 1943 3295 1998 timet?
3319 1943 3473 2009 Quo-

1878 2024 2177 2095 modoque
2209 2028 2263 2082 in
2303 2031 2512 2085 sanctis
2561 2031 2660 2085 Dei
2693 2031 3026 2088 docibilibus
3055 2041 3220 2103 atque
3255 2033 3469 2090 devotis

1885 2115 1974 2170 hic
2026 2121 2338 2190 praecipuus
2391 2121 2535 2175 fuit?
2581 2121 2722 2187 Quid
2754 2125 3078 2194 nosmetipsi
3123 2126 3373 2182 dicemus
3401 2129 3471 2182 de

1883 2209 2226 2276 quotidianis
2269 2213 2478 2268 nostris
2524 2214 2671 2268 circa
2721 2218 3041 2286 corporales
3089 2234 3254 2273 curas
3306 2220 3470 2288 spiri-

1883 2298 2127 2354 tualibus
2163 2301 2514 2358 documentis
2549 2307 2970 2378 actionibusque
3021 2326 3052 2363 a
3094 2310 3259 2366 nobis
3289 2312 3467 2382 negli-

1883 2399 2075 2458 genter
2105 2395 2312 2462 gestis?
2341 2394 2449 2449 Sed
2476 2399 2821 2452 con'trarium
2863 2415 2995 2454 vere
3024 2401 3323 2456 videndum
3359 2411 3465 2459 est.

1881 2478 1991 2532 Aut
2022 2481 2189 2535 vultis
2214 2483 2590 2552 proficientem
2615 2502 2684 2542 ex
2702 2490 2936 2557 c'orpore
2973 2490 3211 2544 animam
3238 2491 3467 2546 demon-

1881 2567 2096 2623 strare?
2134 2568 2418 2626 Adversus
2473 2573 2622 2630 enim
2675 2575 2811 2630 illud
2857 2576 3157 2648 pugnando
3217 2579 3467 2650 illudque

1879 2660 2200 2729 castigando
2237 2664 2551 2719 mercedem
2599 2666 2705 2721 sibi
2733 2679 3036 2738 comparat,
3061 2679 3252 2726 contra
3283 2672 3464 2742 ipsum

1881 2751 2262 2807 tantummodo
2298 2755 2571 2812 meditans
2608 2774 2678 2814 ne
2727 2760 2844 2830 ipsa
2899 2760 2993 2816 det
3047 2778 3258 2833 paen-as,
3295 2775 3466 2835 utque

1879 2843 2294 2911 operationibus
2337 2846 2488 2903 illius
2522 2850 2823 2906 obstacula
2855 2851 3070 2909 afferat.
3107 2854 3266 2922 Quod
3297 2857 3464 2912 etiam

1877 2943 2121 2989 vocatur.
2145 2938 2390 2993 moriens
2430 2955 2500 2994 eo
2542 2943 2692 3011 quod
2723 2943 2816 2999 illa
2848 2961 2957 3000 non
2988 2947 3326 3017 przeviderit,
3359 2968 3462 3004 uo-

1855 3039 2002 3100 _men
2052 3028 2352 3086 solutionis
2397 3047 2427 3087 a
2463 3034 2688 3089 vinculo
2739 3038 2990 3106 corporis
3041 3039 3304 3095 obtinuit.
3334 3041 3460 3097 ideo

1876 3119 2100 3186 quidem
2149 3130 2206 3175 et
2246 3138 2347 3177 nos
2398 3125 2450 3178 in
2503 3141 2671 3180 carne
2719 3128 2987 3194 viventes,
3018 3147 3125 3186 non
3157 3134 3458 3188 secundum

189 3204 280 3256 Διὸ
308 3204 373 3274 δὴ
403 3208 497 3262 καὶ
539 3208 600 3260 ὲν
640 3212 806 3281 σαρκὶ
834 3210 1057 3277 ζῶντες,
1093 3213 1168 3284 μὴ
1214 3212 1356 3266 κατὰ
1399 3212 1576 3283 σάρκα
1617 3232 1774 3286 περι-

1878 3226 2098 3265 carnem
2147 3215 2426 3270 ambulare
2470 3218 2708 3272 ordinati
2753 3235 2964 3274 sumus.

191 3301 382 3350 πατεῖν
420 3305 904 3374 προστετάγμεθα.

785 3445 1038 3500 ΚΕΦΑΛ.
1094 3449 1172 3502 H’.

257 3571 376 3626 Πᾶν
397 3575 576 3629 ὁτιοῦν
598 3579 982 3650 συντιθέμενον
1008 3571 1180 3652 ἑτέρῳ
1202 3585 1527 3657 ὲτεροουσὶῳ
1545 3589 1624 3652 εἰς
1643 3589 1772 3658 μίαν

187 3659 401 3727 φύσεως
434 3665 465 3735 ἢ
503 3667 857 3734 ὑποστάσεως
882 3671 1166 3737 σύστασιν,
1190 3675 1355 3746 μέρος
1380 3679 1478 3746 τῆς
1506 3679 1770 3733 ἀποτελες

190 3749 418 3820 σθείσης
461 3755 520 3821 ἐξ
555 3757 738 3810 αὐτῶν
771 3761 986 3839 φύσεως
1023 3762 1336 3818 δείκνυταιο
1373 3767 1482 3819 πᾶν
1510 3767 1567 3820 δὲ
1602 3769 1773 3838 μέρος

183 3843 528 3913 ἑτεροοὺσιον
553 3851 686 3918 μιᾶς
713 3851 931 3920 φύσεως
957 3854 990 3924 ἢ
1019 3855 1394 3923 ὑποστάσεως,
1423 3859 1488 3912 οὑ
1521 3861 1771 3916 καλεῖται

181 3934 260 4004 τῷ
310 3936 539 4006 ὀνόματι
586 3940 800 3995 ἐκείνου
851 3935 1003 4014 ᾧπερ
1054 3945 1380 4014 σύγκειται·
1413 3951 1511 4003 καὶ
1540 3951 1633 4003 ἐπὶ
1673 3951 1768 4005 τοῦ

183 4024 474 4095 ἀνθρώπου
503 4029 636 4097 γὰρ,
667 4035 716 4086 εἰ
745 4034 842 4087 καὶ
873 4035 940 4088 τὰ
994 4035 1138 4107 μέρη
1182 4037 1348 4092 αὑτοῦ
1395 4041 1642 4094 καλεῖται
1692 4043 1770 4113 τῷ

179 4119 278 4171 τοῦ
307 4120 428 4174 ὅλου
457 4123 684 4192 ὀνόματι
719 4127 860 4192 μετά
895 4129 1213 4201 προσθήκης
1240 4131 1383 4194 τινὸς
1410 4133 1503 4185 τοῦ
1530 4133 1638 4186 ἔσω
1674 4137 1769 4189 καὶ

181 4211 310 4275 ἔξω,
357 4214 383 4280 ἤ
419 4216 519 4267 οὑκ
568 4215 698 4270 ἄνευ
738 4219 1055 4291 προσθήκης
1097 4224 1348 4276 τοιᾶσδε·
1380 4227 1430 4277 εἰ
1467 4226 1526 4279 δὲ
1572 4229 1666 4279 καὶ
1707 4229 1768 4282 τὸ

180 4301 305 4354 ὅλον
351 4304 460 4356 ἀπὸ
514 4305 711 4375 μέρους
753 4309 885 4361 ποτὲ
925 4312 1275 4382 σημαίνεται,
1309 4313 1542 4370 ἁλλόὗν
1582 4335 1646 4385 γε
1695 4320 1766 4373 τὰ

186 4392 330 4461 μξρη
361 4391 469 4444 τῶν
491 4395 695 4463 ἐτέρων
724 4397 906 4465 μερῶν
935 4400 1037 4452 οὑκ
1054 4400 1283 4470 ἠξίωται
1311 4404 1421 4455 τῶν
1454 4406 1758 4474 ὀνομάτων·

179 4482 305 4534 οὕτε
338 4483 449 4553 γὰρ
479 4485 625 4556 ψυχὴ
657 4486 795 4556 σὰρξ
824 4488 1095 4558 καλεῖται,
1125 4490 1249 4545 οὔτε
1281 4491 1420 4564 σὰρξ
1445 4495 1611 4567 ψυχή.
1647 4499 1763 4552 Πᾶν

178 4577 288 4644 ἄρα
319 4576 703 4646 συντιθέμενον
727 4579 902 4650 ἑτέρῳ
926 4583 1254 4653 ἐτεροουσίῳ
1280 4588 1360 4648 είς
1393 4590 1523 4656 μιᾶς
1549 4590 1764 4658 φύσεως

179 4668 209 4733 ἦ
251 4667 346 4718 καὶ
378 4667 728 4723 ὑποστάσεως
758 4671 1046 4738 σύστασιν,
1078 4675 1177 4727 οὑκ
1199 4675 1438 4746 ἠξίωται¹
1456 4679 1548 4731 τοῦ
1573 4681 1764 4750 ἐτέρου

181 4758 384 4828 μέρους
424 4760 518 4811 τοῦ
550 4762 835 4830 ὀνόματος.
861 4763 933 4815 .El
967 4765 1024 4817 δὲ
1063 4766 1255 4833 τοῦτο,
1284 4767 1316 4837 ἢ
1348 4769 1410 4822 οὑ
1446 4772 1703 4843 συνετέθη
1737 4774 1765 4825 ὁ

177 4851 310 4912 Θεδς
342 4851 515 4918 Λόγος
565 4852 644 4922 τῷ
692 4852 751 4918 ἐξ
798 4855 957 4924 ἡμῶν
984 4855 1280 4928 ἀνθρώπῳ,
1309 4859 1438 4921 Υἱὸς
1468 4861 1760 4930 ἀνθρώπου

176 4944 568 5015 ὶ.εγόμενο;,ῆ
628 4945 927 5013 συντεθεὶς,
959 4946 1084 5000 οὔτε
1141 4949 1305 5013 αὐτὸς
1359 4951 1574 5028 λέγεται
1625 4953 1762 5020 Υἱὸς

174 5034 505 5102 ἀνθρώπου,
561 5036 681 5088 οὐδὲ
738 5037 800 5089 τὸ
857 5039 916 5102 ἐξ
976 5040 1167 5109 ἡμῶν,
1224 5038 1350 5105 Υἱὸς
1403 5042 1562 5113 Θεοῦ,
1622 5046 1761 5119 ὅπερ

173 5126 391 5190 ἀσεϐές.

244 5310 360 5362 Νῦν
421 5311 611 5381 ὥσπερ
653 5315 1032 5386 ἀμελήσαντες
1094 5318 1226 5390 περὶ
1262 5318 1372 5372 τῶν
1407 5323 1752 5391 πραγμάτων

177 5399 381 5463 ζητεῖν,
412 5402 492 5464 είς
523 5404 622 5469 τὴν
662 5408 790 5474 περὶ
816 5405 925 5459 τῶν
956 5407 1206 5479 κλήσεων
1249 5409 1474 5479 ἔρευναν
1511 5429 1754 5484 μετεχω-

176 5487 404 5560 ρήσατε,
436 5497 528 5546 καὶ
553 5495 868 5566 θαυμαστόν
906 5516 957 5552 τι
983 5500 1131 5568 ἡμᾶς
1172 5499 1453 5565 ὲδιδάξατε
1500 5503 1588 5557 διὰ
1620 5523 1755 5559 πανο

171 5583 262 5644 τὸς
311 5585 467 5638 τοῦδε
510 5588 605 5640 τοῦ
653 5591 1088 5663 ἐπιχειρήματος
1118 5591 1294 5662 ὑμῶν,
1325 5593 1402 5657 ὡς
1455 5595 1656 5664 μᾶλλον
1689 5598 1756 5652 ἂν

173 5675 386 5740 λέγοιτο
424 5678 504 5749 τῷ
548 5680 644 5733 τοῦ
681 5683 869 5754 ἑτέρου
901 5684 1128 5756 ὀνόματι
1159 5685 1219 5738 τὸ
1249 5683 1426 5756 πάντη
1467 5687 1633 5743 αὐτοῦ
1663 5709 1750 5746 κε-

243 5859 263 5887 ⁸
299 5831 460 5912 Rom.
497 5877 587 5926 νει,
623 5862 712 5915 2-1.

2509 3447 2660 3502 CAP.
2698 3448 2832 3503 Vill.

1943 3576 2116 3632 Omne
2138 3579 2508 3652 quodcunque
2535 3583 2750 3638 unitum
2774 3585 2932 3639 alteri
2952 3586 3184 3640 alterius
3200 3586 3457 3641 substan-

1876 3671 1962 3725 tia:
1994 3671 2047 3726 in
2074 3688 2238 3727 unam
2261 3681 2474 3728 naturae
2501 3674 2589 3729 vel
2627 3675 2937 3746 hypostasis
2970 3675 3455 3738 constitutionem.

1873 3762 2130 3832 perfectae
2151 3779 2218 3818 ex
2242 3765 2378 3834 ipsis
2399 3774 2616 3820 naturae
2637 3781 2766 3836 pars
2787 3766 3027 3820 videtur.
3051 3766 3245 3821 Omnis
3272 3776 3456 3822 autem

1872 3869 1999 3922 pars
2044 3855 2276 3911 alterius
2316 3857 2644 3912 substantiae
2678 3868 2888 3913 naturae
2931 3858 3096 3912 unius
3138 3859 3225 3913 vel
3254 3867 3312 3913 et
3361 3860 3459 3930 hy-

1871 3945 2288 4021 postasis,,tion
2326 3949 2552 4003 nomine
2607 3958 2842 4003 vocatur
2905 3949 3056 4004 illius
3102 3951 3192 4005 cui
3239 3951 3455 4016 unitur;

1871 4038 2049 4108 deque
2086 4039 2237 4094 enim
2293 4039 2540 4105 homine,
2605 4041 2710 4095 etsi
2754 4051 2943 4111 partes
2997 4042 3147 4096 illius
3189 4052 3458 4098 vocentur

1870 4131 2092 4185 nomine
2130 4133 2301 4188 totius
2339 4143 2466 4205 post
2494 4136 2933 4192 additamentum
2971 4138 3248 4208 quoddam
3287 4140 3458 4194 inter-

1868 4239 1999 4276 num
2043 4233 2206 4293 atque
2237 4235 2553 4290 externum,
2588 4229 2672 4283 vel
2701 4229 2820 4284 sine
2861 4232 2971 4284 ullo
3007 4231 3323 4301 hujusmodi
3362 4231 3456 4284 ad-

1868 4315 2196 4382 ditamento,
2253 4318 2357 4373 etsi
2411 4335 2546 4374 vero
2595 4329 2774 4374 totum
2827 4338 2896 4376 ex
2939 4331 3099 4391 parte
3158 4322 3454 4391 aliquando

1867 4409 2232 4480 signiﬁcetur,
2278 4412 2375 4469 sed
2426 4415 2675 4484 profecto
2712 4427 2897 4486 partes
2929 4418 3170 4487 partium
3221 4418 3452 4472 aliarum

1866 4517 1979 4555 non
2016 4503 2337 4559 nominibus
2362 4505 2542 4575 digna:
2566 4507 2921 4577 judicantur;
2950 4525 3062 4563 non
3092 4511 3240 4564 enim
3271 4512 3450 4564 anima

1869 4607 2000 4646 caro
2041 4603 2273 4649 vocatur
2328 4612 2431 4652 nec
2478 4613 2606 4651 caro
2644 4599 2848 4652 anima.
2900 4597 3074 4653 Omne
3126 4615 3256 4670 ergo
3291 4601 3451 4654 alteri

1867 4685 2098 4740 alterius
2156 4688 2482 4744 substantia:
2527 4690 2742 4743 unitum
2789 4691 2844 4744 in
2908 4692 3074 4745 unius
3108 4701 3318 4747 natura:
3368 4695 3449 4747 vel

1867 4787 1922 4828 et
1975 4776 2284 4846 hypostasis
2324 4780 2802 4845 constitutionem,
2837 4797 2944 4836 non
2971 4781 3196 4851 dignum
3225 4783 3450 4836 alterius

1867 4867 2042 4936 partis
2097 4868 2322 4922 nomine
2348 4869 2651 4938 iudicatur.
2687 4869 2744 4925 Si
2777 4879 2960 4924 autem
3002 4871 3075 4925 ita
3104 4872 3198 4933 sit,
3225 4872 3310 4926 vel
3340 4889 3448 4924 non

1869 4961 2057 5014 unitus
2093 4967 2177 5014 est
2221 4961 2389 5015 alicui
2424 4977 2492 5017 ex
2538 4962 2700 5016 nobis
2741 4963 2887 5017 Deus
2920 4963 3186 5026 Verbum,
3228 4963 3321 5033 qui
3361 4963 3450 5017 Fi-

1863 5044 1973 5105 lius
2011 5051 2254 5105 hominis
2288 5051 2513 5117 dicitur,
2556 5053 2642 5106 vel
2693 5054 2882 5107 unitus
2928 5063 3032 5117 est,
3070 5070 3172 5108 nec
3214 5055 3327 5124 ipse
3360 5057 3445 5110 di~

1863 5141 2009 5193 citur
2039 5140 2214 5194 Filius
2237 5140 2501 5206 hominis,
2526 5157 2631 5197 nec
2649 5141 2797 5211 quod
2843 5158 2909 5197 ex
2945 5143 3109 5197 nobis
3137 5151 3240 5207 est,
3279 5143 3446 5199 Filius

1859 5233 1978 5294 Dei,
2011 5232 2158 5301 quod
2187 5242 2275 5287 est
2315 5234 2545 5303 impium

1929 5325 2088 5379 Nune
2113 5325 2268 5395 quasi
2292 5328 2359 5381 de
2386 5327 2554 5382 rebus
2576 5328 2922 5398 inquirendis
2944 5345 3137 5399 parum
3165 5340 3443 5393 curantes.

1865 5416 1919 5470 in
1949 5418 2380 5488 appellationum
2426 5420 2846 5490 inquisitionem
2888 5422 3182 5484 transistis,
3229 5421 3446 5492 hocque

1864 5510 2013 5564 omni
2045 5520 2230 5566 vestro
2268 5525 2596 5583 argumento
2625 5515 2902 5585 quoddam
2933 5515 3185 5570 mirabile
3208 5529 3311 5570 nos
3343 5515 3444 5569 do-

1863 5602 2079 5669 cuistis,
2110 5603 2266 5673 quasi
2314 5606 2523 5677 aliquid
2566 5608 2740 5679 magis
2785 5607 3066 5663 diceretur
3105 5611 3329 5663 nomine
3364 5609 3443 5662 ιι]-

1863 5693 2036 5750 terius
2067 5710 2096 5750 a
2124 5708 2232 5763 quo
2265 5699 2492 5754 omnino
2523 5701 2761 5755 alienum
2790 5711 2895 5767 est,
2921 5717 3085 5772 quant
3114 5703 3259 5772 quod
3285 5704 3440 5772 inm
