4214 6450
243 448 386 516 H37

1242 459 1639 519 ADVERSUS
1677 458 2218 519 NESTORIANOS.
2279 490 2330 496 κ
2357 465 2499 523 LIB.
2547 466 2591 524 I.

3357 472 3494 534 1138

238 567 300 616 ὲν
333 563 480 634 αὐτῷ
510 565 959 637 άποτελουμένης
993 569 1122 637 μιᾶς
1152 568 1420 639 φύσεωςῆ
1450 571 1544 622 καὶ
1575 571 1803 622 ὑποστά·

1917 579 2254 623 monstratur
2304 573 2558 639 perfectas
2610 572 2664 626 in
2711 573 2830 642 ipso
2877 574 3038 630 unius
3089 586 3298 632 natura:
3331 582 3495 636 velet

237 672 383 715 σεως
407 673 422 686 ·
447 658 556 711 πᾶν
577 658 633 710 δὲ
660 659 824 726 μέρος
857 661 986 727 μιᾶς
1017 660 1230 727 φύσεως
1253 661 1284 730 ἢ
1318 663 1412 712 καὶ
1443 661 1811 723 ὑποστάσεως,

235 747 341 799 οὐκ
372 743 479 800 οἶδα
514 748 652 813 πῶς,
685 749 719 819 ἢ
753 751 878 813 ποῦ,
911 748 943 820 ἢ
973 751 1102 802 πότε
1134 752 1392 820 συνετέθη
1421 752 1496 820 τῷ
1519 746 1818 820 ᾧπερσυν-

237 837 424 906 πέθη,
475 841 604 908 μήτι
648 857 710 906 γε
765 842 906 911 μετὰ
953 841 1128 895 ταῦτα.
1167 842 1427 911 ἀμυδρῶς
1472 859 1589 903 πως
1633 842 1812 910 μάθοι.

238 929 359 980 Πᾶν
386 931 494 999 ἄρα
518 933 900 1001 συντιθέμενον
919 933 1107 1002 ἑτέρῳ,
1133 936 1212 994 είς
1233 935 1295 984 τὸ
1330 936 1653 985 ἀποτελέσαι
1689 936 1815 1004 μίαν

238 1018 406 1087 φύσιν
439 1022 469 1089 ἦ
506 1026 600 1074 καὶ
630 1025 961 1090 ὑπόστασιν,
997 1028 1097 1078 οὐκ
1125 1022 1231 1078 οἶδε
1263 1026 1378 1087 πῶς
1415 1026 1444 1094 ἢ
1480 1026 1580 1077 ποῦ
1617 1027 1647 1095 ἧ
1684 1027 1810 1078 πότε

237 1116 500 1182 συνετέθη
540 1117 615 1184 τῷ
661 1109 813 1186 ᾧπερ
866 1118 1124 1187 συνετέθη
1153 1160 1166 1182 ,
1205 1122 1332 1188 μήτι
1366 1136 1427 1184 γε
1466 1118 1605 1186 μετά
1642 1118 1812 1170 ταῦτα

237 1206 501 1273 ἀμυδρῶς
545 1224 658 1268 πως
694 1209 891 1275 μάθοι·
924 1210 971 1260 εί
1012 1209 1067 1259 δὲ
1099 1208 1282 1272 τοῦτο,
1315 1208 1346 1277 ἢ
1389 1210 1447 1260 οὐ
1495 1208 1753 1273 συνετέθη
1785 1209 1812 1258 6

235 1294 370 1356 Θεὸς
398 1295 570 1363 Λόγος
603 1297 674 1364 τῷ
726 1299 783 1362 ἐξ
819 1299 975 1367 ἡμῶν
1010 1299 1278 1366 άιθρὼπῳ
1314 1299 1484 1349 πάντα
1513 1300 1812 1365 ἐπιστάμε-

236 1404 347 1448 νος,
396 1391 490 1439 καὶ
537 1391 806 1458 μηδέποτε
857 1392 1021 1458 μηδὲν
1082 1389 1389 1458 μανθάνων,
1439 1389 1470 1458 ἦ
1515 1389 1809 1450 συντεθεὶς,

234 1479 336 1530 οὐκ
361 1477 467 1531 οἶδε
509 1482 626 1542 πῶς
668 1481 848 1548 ἡνὼθη
875 1481 952 1548 τῷ
982 1485 1011 1550 ἡ
1023 1483 1138 1549 μῶν
1168 1481 1440 1550 ἀνθρώπῳ
1459 1521 1473 1544 ,
1507 1483 1642 1549 ὅπερ
1688 1482 1812 1532 άσε-

233 1569 359 1631 ἦές.
399 1570 459 1622 'll
513 1573 614 1637 μὲν
651 1572 840 1641 πρώτη
893 1573 1045 1639 ὑμῶν
1077 1575 1178 1624 κάν
1207 1571 1378 1641 τούτῳ
1416 1572 1493 1641 τῷ
1527 1573 1809 1641 ἐπιχειρή-

237 1675 372 1723 ματι
406 1662 670 1728 πρότασις
699 1701 710 1722 ,
740 1657 827 1713 οἷά
861 1679 941 1723 τις
969 1659 1100 1713 οὖσα
1142 1663 1328 1729 τρόπις
1366 1664 1459 1714 καὶ
1489 1663 1580 1713 τοῦ
1623 1662 1810 1730 πρώην

231 1750 330 1800 καί
357 1750 451 1800 τοῦ
478 1752 748 1818 παρόντος
794 1751 1152 1818 συλλογισμοῦ
1185 1753 1283 1822 ἤδη
1319 1752 1724 1820 προκατέακται
1752 1754 1808 1802 ἐν

230 1841 352 1900 ταῖς
385 1841 783 1908 προλαϐοῦσαις
827 1842 984 1910 ἡμῶν
1018 1844 1372 1911 ὑπαντήσεσι.
1406 1841 1552 1912 Πλὴν
1578 1841 1808 1894 δεδόσθω

231 1931 329 1981 καὶ
355 1930 527 1992 οὕτως
565 1931 708 1999 ἔχειν
735 1932 857 1983 καθ’
892 1934 1169 1994 ὑπόθεσιν,
1197 1934 1279 1986 ὅτι
1305 1934 1393 1984 καί
1427 1935 1566 2002 μέρη
1591 1933 1698 1984 εἰσὶ
1738 1931 1807 1984 τά

227 2020 333 2088 τῆς
389 2023 738 2084 ὑποστάσεως
792 2026 1112 2086 συστατικὰ,
1161 2026 1255 2077 καὶ
1296 2026 1396 2078 οὐκ
1439 2028 1583 2078 ῐσασι
1629 2024 1803 2094 πῶςῆ

230 2111 338 2162 ποῦ
380 2112 412 2179 ἧ
443 2115 571 2166 πότε
618 2115 1010 2182 συνετέθησαν·
1043 2116 1161 2168 ἀλλ’
1188 2109 1233 2169 ὦ
1265 2109 1437 2176 οὗτοι.
1489 2116 1608 2169 ὅλον
1648 2117 1806 2168 τοῦτο

227 2203 292 2254 οὐ
355 2205 565 2273 νοήσειέ
615 2220 699 2268 τις
753 2206 840 2268 ἂν,
888 2209 991 2259 κάν
1025 2210 1072 2259 εἰ
1107 2210 1302 2280 μικρὸν
1328 2209 1547 2278 μετέχοι
1582 2208 1804 2276 λογικῆς

231 2291 448 2358 φύσεως
501 2294 866 2364 ἐμπύρευμα,
929 2299 1011 2350 ὅτι
1076 2301 1251 2351 ταῦτα
1306 2300 1428 2351 τότε
1488 2298 1804 2366 συμϐαίνειν

227 2384 465 2452 ἀνάγκη.
507 2387 698 2439 Ἡνίκα
730 2387 785 2438 δὲ
815 2387 1163 2456 ὡμολόγηται
1206 2391 1287 2442 ὃτι
1317 2392 1346 2442 6
1373 2389 1532 2452 αὑτός
1564 2392 1677 2441 ἐστι
1705 2393 1803 2459 τῆς

230 2475 536 2536 συνθέσεως
562 2479 793 2548 ποιητὴς
815 2483 841 2531 6
871 2481 1248 2549 συγκείμενος.
1283 2480 1398 2542 πῶς
1424 2482 1489 2534 ἂν
1515 2483 1801 2552 ἀγνοήσεις

226 2563 332 2634 τὴν
365 2565 560 2620 ἑαυτοῦ
627 2569 876 2620 σύνθεσιν
896 2610 907 2631 ,
936 2570 995 2631 ὸς
1024 2571 1116 2620 καὶ
1148 2573 1328 2639 πάσης
1353 2571 1651 2634 ὼνθέσεὼς
1686 2575 1800 2625 ἐστι

228 2658 500 2725 ποιητήςς
558 2659 765 2721 Ἄλλως
802 2661 857 2712 δὲ
891 2662 1050 2715 πάλιν
1094 2665 1266 2714 εἰπεῖν
1299 2665 1408 2715 πᾶν
1443 2665 1608 2732 μέρος
1650 2666 1678 2716 ὃ
1711 2665 1802 2716 τέ-

222 2747 372 2828 λειον
400 2749 633 2816 ὑπάρχει
671 2751 809 2802 κατὰ
850 2754 1073 2818 γνῶσιν,
1098 2757 1458 2824 ,προϋπάρχει
1496 2773 1557 2807 τε
1587 2757 1689 2824 τῆς
1722 2760 1803 2810 οἰ-

226 2838 384 2899 κείας
415 2841 715 2901 συνθέσεως
739 2883 752 2904 ,
789 2841 892 2894 κᾶν
922 2845 970 2895 ει
1003 2844 1092 2911 ὑφ’
1122 2841 1316 2913 ἐτέρου
1344 2843 1690 2900 συντίθεσθαι
1713 2847 1804 2899 λέ-

225 2945 399 2994 γοιτο,
446 2931 568 2981 δέον
619 2931 715 2984 καὶ
771 2933 903 2984 αὐτὸ
948 2933 1166 2995 πάντως
1217 2935 1436 2998 εἰδέναι,
1474 2937 1576 2988 ποῦ
1607 2954 1665 2988 τε
1709 2941 1800 2993 καὶ

225 3020 370 3079 πῶς,
394 3022 488 3073 καὶ
519 3022 646 3074 πότε
676 3023 956 3090 συνετέθη,
989 3026 1102 3090 εῐγε
1131 3024 1204 3094 μὴ
1234 3026 1337 3093 τῆς
1359 3027 1567 3088 οἰκείας
1590 3028 1801 3094 τελείας

223 3121 503 3176 γνωσεωςι,
537 3113 568 3182 ἢ
599 3115 740 3180 μετὰ
773 3115 873 3183 τὴν
915 3115 1164 3168 σύνθεσιν
1198 3116 1412 3183 ἐξέστη,
1445 3119 1478 3190 ἢ
1520 3120 1626 3188 πρὸ
1673 3138 1800 3198 συν-

1923 660 2267 729 bypostasis;
2298 662 2477 716 omnis
2519 673 2702 717 autem
2734 679 2860 733 pars
2896 674 3106 720 natura:
3129 669 3292 722 unius
3329 671 3411 724 vel
3441 682 3498 725 et

1918 755 2245 823 hypostasis,
2294 759 2467 810 nescit
2511 758 2808 827 quomodo,
2865 760 2949 814 vel
2988 761 3102 823 ubi,
3159 763 3244 817 vel
3274 764 3495 832 quando

1917 845 2064 894 unita
2090 844 2162 895 sit
2184 846 2486 912 cuicunque
2503 857 2649 898 unita
2668 855 2748 898 est
2771 860 2785 907 ;
2808 846 3082 910 multoque
3106 849 3284 897 minus
3303 848 3483 912 alith

1917 934 2077 985 modo
2119 943 2300 1001 postea
2342 937 2594 988 disceret.
2631 936 2803 987 Omne
2833 951 2962 1003 ergo
2990 935 3144 987 alteri
3177 936 3384 988 unitum
3415 938 3479 986 at

1917 1023 2304 1089 perliciendum
2326 1039 2485 1075 unam
2510 1037 2756 1078 naturam
2777 1025 2859 1077 Vel
2879 1036 2924 1077 et
2952 1025 3284 1093 bypostasitn
3304 1025 3480 1077 nescit

1915 1116 2207 1181 quomodo,
2242 1115 2320 1165 vel
2374 1114 2591 1178 ubi,vel
2645 1116 2858 1184 quando
2907 1119 3115 1168 unitum
3161 1117 3230 1167 sit
3260 1116 3485 1167 cuit-nm

1918 1220 2024 1273 que
2051 1208 2259 1258 unitum
2287 1215 2392 1271 est,
2418 1208 2692 1271 multoque
2722 1208 2902 1259 minus
2928 1218 3114 1272 postea
3147 1222 3213 1259 ne
3254 1209 3485 1258 obscure

1920 1297 2135 1364 quidem
2177 1298 2433 1350 disceret.
2483 1298 2537 1349 Si
2575 1304 2751 1349 autem
2796 1296 2868 1349 ita
2904 1298 2995 1358 sit,
3029 1298 3115 1350 vel
3143 1313 3247 1349 non
3300 1299 3485 1350 unitus

1920 1395 2001 1440 est
2037 1386 2176 1439 Deus
2229 1386 2466 1440 Verbum
2515 1387 2676 1440 alicui
2727 1388 2929 1440 homini
2984 1403 3048 1441 ex
3097 1389 3256 1441 nobis
3303 1389 3483 1440 omnia

1919 1492 2278 1545 cognoscens,
2310 1481 2557 1548 nihilque
2612 1496 2848 1548 unquam
2888 1480 3124 1542 discens,
3162 1481 3243 1532 vel
3282 1481 3483 1539 nnitns,

1921 1571 2154 1624 nescivit
2179 1573 2452 1635 quomodo
2471 1572 2629 1625 alicui
2652 1588 2714 1624 ex
2743 1573 2902 1624 nobis
2924 1572 3109 1624 unitns
3133 1571 3318 1635 fuerit,
3342 1573 3481 1638 quod

1927 1661 2152 1725 impium
2191 1671 2295 1714 cst.
2330 1660 2510 1714 Prima
2547 1673 2729 1716 autem
2759 1672 2936 1713 vestta
2973 1665 3134 1713 etiam
3167 1665 3218 1713 in
3259 1665 3358 1714 hoc
3393 1678 3485 1713 aro

1921 1763 2179 1824 gumento
2241 1755 2561 1820 propositio,
2621 1757 2772 1820 quasi
2824 1755 3069 1818 quantam
3134 1755 3284 1807 basis
3331 1763 3481 1807 ante--

1911 1842 2073 1894 rioris
2114 1842 2510 1911 prtestmtisque
2543 1842 2812 1895 ratiocinii
2849 1841 2959 1911 jam
3004 1841 3092 1893 bis
3125 1857 3245 1909 quae
3285 1856 3488 1909 praeve-

1913 1933 2126 1986 nientes
2173 1933 2413 1986 diximus
2463 1932 2672 2003 dejecta
2703 1942 2806 1986 est.
2853 1932 2918 1986 At
2947 1931 3109 1986 detur
3147 1932 3307 1984 nobis
3333 1933 3486 2001 juxta

1910 2023 2276 2094 hypothesim,
2326 2033 2511 2094 partes
2561 2042 2680 2078 esse
2727 2025 3034 2096 hypostasis
3081 2026 3480 2089 constitutivas,

1907 2128 2006 2166 nec
2031 2113 2167 2166 scire
2194 2112 2493 2182 quomodo,
2523 2115 2607 2167 vel
2636 2114 2749 2176 ubi,
2776 2115 2860 2165 vel
2885 2113 3108 2181 quando
3137 2114 3300 2165 unitas
3322 2121 3482 2176 sunt;

1906 2206 2024 2270 sed,
2056 2222 2089 2259 o
2131 2223 2250 2266 vos.
2285 2222 2446 2261 nemo
2478 2207 2579 2260 hoc
2615 2216 2786 2260 totum
2814 2207 3160 2276 intelligeret,
3194 2216 3484 2274 quantum-

1906 2296 1989 2348 vis
2012 2306 2202 2364 parum
2232 2295 2303 2349 sit
2328 2295 2382 2348 in
2411 2295 2504 2348 illo
2530 2295 2809 2349 rationalis
2831 2302 3060 2351 naturze.
3085 2309 3152 2346 eo
3182 2294 3326 2362 quod
3354 2305 3484 2348 tunc

1908 2385 2006 2439 h‘os
2050 2386 2370 2456 contingere
2430 2401 2652 2440 necesse
2711 2387 2799 2440 sit.
2855 2385 2989 2439 Cum
3041 2395 3221 2438 antem
3270 2394 3483 2437 constat

1904 2474 2160 2528 eumdem
2191 2490 2312 2528 esse
2344 2474 2717 2544 rectoremque
2748 2475 2966 2528 unionis
2995 2482 3050 2528 et
3081 2475 3316 2533 unitum,
3349 2489 3483 2540 quo-

1902 2565 2067 2616 modo
2100 2579 2254 2618 suam
2289 2565 2551 2617 unionem
2595 2565 2896 2632 ignoraret,
2951 2563 3045 2632 qui
3087 2564 3251 2616 etiam
3304 2563 3481 2614 omnis

1905 2652 2126 2706 unionis
2159 2662 2352 2706 auctor
2383 2653 2510 2706 est?
2551 2641 2820 2706 Ctelerum
2861 2653 3023 2706 nobis
3064 2667 3258 2705 rursus
3295 2652 3479 2705 dicen-

1873 2746 2033 2800 td'um
2063 2752 2148 2796 est
2171 2758 2388 2796 omnem
2422 2731 2630 2812 partem
2667 2742 2959 2811 perfectam
2996 2744 3262 2797 exsistere
3286 2758 3480 2795 secun-

1902 2831 2032 2885 dum
2052 2835 2442 2903 cognitionem,
2460 2836 2876 2904 praeedereque
2900 2835 3173 2903 propriam
3199 2837 3476 2896 unionem,

1893 2922 2032 2977 licet
2061 2925 2132 2976 ab
2163 2925 2335 2978 altera
2364 2923 2508 2977 uniri
2552 2923 2968 2987 dicatur,scire
3005 2939 3223 2994 quoque
3253 2924 3480 2977 omnino

1901 3012 2065 3066 debet
2096 3014 2211 3077 ubi,
2240 3014 2516 3082 quomodo
2546 3015 2881 3083 quandoque
2914 3016 3064 3068 unita
3088 3015 3178 3074 sit,
3209 3013 3311 3070 nisi
3350 3030 3480 3082 pro-

1900 3105 2020 3172 pria
2049 3105 2361 3173 cognitione
2411 3105 2685 3174 perfecta,
2738 3106 2852 3158 sive
2887 3115 3008 3174 post
3053 3105 3307 3158 unionem
3383 3119 3480 3157 ex—

225 3200 432 3264 θέσεως
461 3203 866 3257 ἀπολέλειπται.
910 3206 979 3256 Ἥ
1009 3202 1104 3258 οὖν
1132 3207 1192 3258 οὐ
1235 3209 1438 3272 τέλειος
1463 3210 1562 3278 τὴν
1595 3198 1797 3278 γνῶσιν

1891 3190 2105 3253 Ctderit.
2146 3195 2259 3248 sive
2305 3204 2431 3248 ante
2468 3196 2728 3248 unionem
2762 3187 3047 3256 defeeeiit,
3074 3195 3168 3248 Vel
3207 3210 3338 3262 ergo
3370 3211 3476 3246 non

223 3293 256 3342 6
282 3290 410 3345 Θεὸς
438 3294 627 3358 Λόγος,
813 3296 1182 3364 προῦπάρχων
1217 3301 1316 3366 τῆς
1345 3299 1647 3363 συνθέσεως
1677 3305 1800 3355 έαυυ

223 3382 320 3434 τοῦ
375 3386 502 3435 καθ’
537 3385 680 3452 ὑμᾶς
742 3386 914 3447 ἔσται,
943 3388 976 3457 ἦ
1010 3389 1224 3450 πάντως
1258 3390 1356 3458 τὴν
1385 3393 1522 3443 ἰδίαν
1554 3393 1800 3446 σύνθεσιν

222 3471 454 3523 εἵσεται.
507 3473 572 3524 Τί
634 3470 726 3525 οὖν
791 3477 922 3542 ἡμῖν
964 3477 996 3544 ἡ
1051 3479 1298 3546 ἀχυρμιά
1342 3479 1450 3531 τῶν
1496 3484 1802 3550 εἰρημένων

223 3564 522 3626 ἀναγκαῖον
579 3562 845 3629 ἐπάγεται
867 3605 878 3627 ,
924 3565 1005 3627 είς
1036 3565 1198 3630 δεῖξεν
1230 3568 1444 3636 ἀσφαλῆ
1485 3571 1575 3623 τοῦ
1600 3573 1798 3640 λέγειν,

221 3651 302 3711 ὡς
348 3652 398 3702 εί
442 3653 697 3722 συνετέθη
739 3656 766 3706 6
803 3654 936 3731 Θεὸς
969 3658 1138 3722 Λόγος
1161 3699 1173 3722 ,
1206 3657 1306 3712 οὐκ
1344 3657 1450 3714 οἵδε
1489 3663 1660 3733 πῶςῆ
1698 3665 1799 3717 ποῦ

221 3743 405 3814 irrisit-1
437 3745 510 3815 τίς)
631 3746 786 3815 ἡμῶν
816 3747 1090 3820 ἀνθρώπῳ
1115 3791 1129 3815 ,

821 3967 1073 4020 ΚΕΦΑΛ.
1133 3971 1192 4024 ι’.

297 4097 360 4150 Ei
397 4096 646 4160 σύνθετος
677 4098 704 4150 6
731 4100 1010 4168 Δεσπότης
1057 4102 1311 4171 Χριστὸς,
1345 4103 1489 4155 καθά
1519 4119 1672 4170 φασι,
1705 4105 1800 4172 μέ⁴

221 4206 317 4257 ρος
339 4191 364 4242 6
394 4190 526 4250 Θεὸς
572 4190 918 4260 Λόγοςῃιαθά
953 4190 1201 4258 βούλεται
1224 4194 1332 4244 τῶν
1365 4195 1631 4249 συνθέτων
1659 4199 1686 4249 6
1714 4198 1800 4248 νό-

211 4296 351 4349 μοςο
382 4282 488 4331 πᾶν
516 4281 573 4332 δὲ
618 4281 786 4349 μέρος
809 4319 824 4343 ,
863 4281 1084 4335 ἔλαττον
1113 4286 1255 4337 κατά
1282 4302 1334 4337 τι
1366 4286 1674 4356 καθέστηκε
1704 4288 1798 4340 τοῦ

223 4369 362 4420 ἰδίου
385 4368 510 4419 ὅλου
533 4383 544 4395 ·
571 4369 809 4421 ἐλάττων
837 4370 944 4438 ἄρα
967 4371 1267 4444 τινὸςηκατά
1298 4391 1351 4426 τι
1382 4377 1410 4425 ὁ
1431 4375 1559 4436 Θεὸς
1592 4378 1760 4442 Λόγος
1783 4396 1795 4408 ·

216 4458 323 4510 οὑκ
346 4456 409 4508 ἂν
435 4459 544 4525 γάρ
573 4458 656 4525 εἴη
693 4459 881 4526 μέρος,
907 4462 979 4530 μὴ
1014 4461 1251 4515 ἐλάττων
1273 4461 1348 4514 ὢν
1364 4465 1457 4515 τοῦ
1488 4465 1632 4519 ὅλου.
1661 4468 1722 4518 Εἰ
1742 4470 1798 4520 δὲ

1903 3273 2180 3352 perfectus
2205 3288 2306 3340 erit
2332 3287 2632 3361 secundum
2657 3287 3025 3361 cognitionem
3051 3287 3192 3339 Dens
3219 3287 3475 3344 Verbum,

1902 3375 1984 3426 vel
2025 3376 2177 3442 juxta
2226 3386 2324 3427 Vos
2376 3391 2486 3431 non
2527 3355 2694 3429 sitam
2727 3378 2986 3429 unionem
3045 3377 3333 3444 pnecedet,
3392 3377 3478 3429 vel

1901 3466 2125 3518 omnino
2172 3467 2446 3534 propriam
2481 3468 2736 3520 unionem
2774 3467 2931 3521 sciet.
2967 3466 3108 3532 Quid
3155 3483 3286 3535 ergo
3325 3468 3475 3535 palea

1903 3555 2171 3608 dictorum
2205 3572 2235 3609 a
2265 3557 2423 3610 nobis
2457 3557 2767 3611 necessario
2803 3560 3099 3628 spargitur,
3142 3559 3208 3611 ad
3252 3559 3470 3611 modum

1901 3647 2208 3701 docendum
2242 3657 2418 3702 tutum
2462 3649 2702 3713 dicendi,
2730 3639 2907 3716 quasi,
2966 3651 3011 3704 si
3067 3651 3255 3704 unitns
3310 3652 3472 3706 fuerit

1903 3739 2046 3792 Deus
2073 3740 2333 3800 Verbum,
2365 3756 2474 3792 non
2513 3741 2677 3794 sciret
2701 3741 3116 3820 quomodohvel
3162 3741 3250 3795 ubi
3288 3744 3476 3814 unitus

1901 3826 2070 3880 fuerit
2094 3827 2254 3881 alicui
2283 3843 2350 3882 ex
2375 3829 2554 3907 nobis.
2681 3828 2685 3832 ’
3010 3815 3016 3819 ’

2567 3964 2721 4019 CAP.
2760 3965 2829 4020 Χ.

1973 4097 2050 4161 Sl‘,
2086 4108 2148 4153 ut
2185 4101 2360 4162 aiunt,
2398 4099 2585 4154 unitus
2626 4101 2698 4156 sit
2724 4100 2980 4157 Christus
3007 4102 3307 4167 Dominus,
3344 4119 3471 4172 pars

1899 4199 1984 4241 est
2004 4190 2146 4242 Deus
2171 4190 2430 4248 Verbum.
2454 4199 2516 4242 ut
2547 4192 2664 4245 vult
2703 4190 2790 4244 lex
2822 4192 3102 4245 unitorum
3127 4210 3141 4255 ς
3167 4193 3347 4246 omnis
3373 4209 3470 4246 au-

1903 4286 2009 4330 tem
2039 4294 2183 4345 pars,
2219 4281 2521 4336 secundum
2549 4280 2680 4348 quid
2709 4280 2889 4334 minor
2907 4296 3008 4335 suo
3037 4291 3153 4336 toto
3179 4284 3470 4337 constitui-

1905 4380 2026 4433 tur;
2063 4371 2208 4424 Deus
2238 4349 2481 4424 Verbuni
2519 4372 2702 4426 minOr
2741 4372 2908 4442 igitur
2934 4384 3020 4428 est
3049 4371 3232 4442 aliquo
3266 4389 3436 4428 secun

1901 4459 2032 4513 dum
2079 4461 2247 4529 q'ttid;
2297 4478 2404 4514 non
2439 4461 2586 4515 enim
2627 4470 2776 4516 esset
2813 4477 2962 4531 pars,
3009 4464 3115 4516 nisi
3166 4472 3282 4517 toto
3328 4465 3469 4517 foret

219 4546 406 4611 τοῦτο,
459 4548 577 4600 οὐδὲ
629 4549 760 4611 Θεὸς
804 4550 1054 4620 ἀληθινὸς
1080 4555 1109 4603 6
1137 4552 1268 4614 Θεὸς
1307 4555 1478 4622 Λόγος
1501 4573 1513 4586 ε
1559 4559 1680 4610 ἐπεὶ
1713 4561 1798 4610 τὸν

1904 4553 2100 4605 minor.
2134 4553 2189 4605 Si
2237 4563 2419 4606 autent
2450 4554 2555 4607 hoc
2607 4553 2681 4606 ita
2730 4554 2822 4616 sit,
2863 4569 2970 4606 non
2999 4566 3167 4608 verus
3188 4565 3276 4609 est
3301 4557 3465 4617 Deus,

219 4638 479 4704 ἀληθινὸν
533 4639 686 4703 Θεὸν,
742 4641 955 4699 οὐδενὸς
997 4643 1255 4695 ἐλάττονα
1307 4645 1489 4710 λέγειν
1530 4648 1792 4701 δυνατόν·

1899 4644 2042 4696 Deus
2071 4643 2313 4696 Verbum
2340 4683 2358 4705 ,
2404 4645 2675 4711 siquidem
2716 4659 2883 4698 verus
2909 4645 3055 4698 Deus
3096 4645 3248 4698 nullo
3288 4647 3468 4700 minor

219 4730 552 4798 ἀσύγκριτος
598 4733 706 4800 γάρ
751 4735 779 4784 ὁ
811 4733 942 4796 Θεὸς
983 4736 1216 4803 πάμπαν
1256 4737 1349 4788 καὶ
1388 4739 1794 4808 ἀπαράὸλητος.

223 4821 297 4872 Ἦ
333 4821 464 4887 γοῦν
494 4823 926 4890 όμολογείτωσαν
949 4826 1196 4894 φανερῶς
1223 4826 1319 4895 τὴν
1346 4829 1478 4896 πρὸς
1507 4832 1632 4892 τοὺς
1663 4833 1798 4902 ἀλη-

221 4911 372 4965 θινὸν
417 4913 549 4964 Θεὸν
591 4914 799 4977 εἰδότᾶς
843 4916 934 4968 τὸν
962 4917 1093 4968 Θεὸν
1136 4920 1310 4985 Λόγον
1353 4920 1728 4989 ἐναντιότητα,
1763 4922 1795 4991 ἢ

221 5003 630 5056 παυσάσθωσαν
657 5004 910 5056 σύνθετον
942 5007 1073 5074 ἡμῖν
1103 5009 1411 5094 εἰσάγοντες
1444 5011 1630 5063 οὐσίαν
1656 5012 1718 5063 ἕκ
1738 5029 1799 5064 τε

220 5096 320 5148 τοῦ
360 5095 492 5146 θεοῦ
524 5096 696 5163 Λόγου
740 5098 833 5148 καὶ
860 5098 960 5164 τῆς
986 5099 1142 5166 ἡμῶν
1191 5095 1393 5168 σαρκὸς
1432 5102 1698 5169 ἐμψύχου.
1733 5103 1800 5154 At

225 5186 511 5239 καθολικαὶ
537 5186 688 5253 ὑμῶν
722 5191 1072 5254 καταφάσεις,
1125 5191 1219 5241 καὶ
1257 5192 1312 5243 αἱ
1337 5192 1401 5242 ὲκ
1439 5193 1638 5244 τούτων
1666 5193 1800 5245 ἀπο-

222 5278 440 5342 δείξεις,
472 5279 720 5345 ἀνόνητοι
750 5280 877 5347 ὑμῖν
909 5279 1125 5347 άληθῶς
1153 5279 1248 5330 νῦν
1273 5275 1753 5349 άποδειχθὴσονται
1783 5300 1794 5312 ο

225 5371 292 5423 δι’
322 5363 398 5422 ὧν
444 5371 551 5438 γὰρ
600 5371 802 5438 ἰσχύειν
843 5372 1144 5440 ἡγήσασθε,
1167 5373 1255 5424 διὰ
1280 5373 1504 5435 τούτων,
1529 5391 1799 5443 προφητι-

225 5463 339 5524 κῶς
359 5479 536 5529 φαμεν
560 5464 708 5528 ὑμῖν,
733 5464 1102 5532 ἡττηθήσεσθε
1122 5465 1213 5516 ’τὸ
1237 5463 1345 5532 γὰρ
1367 5466 1579 5538 καίριον
1603 5469 1801 5536 ἠγνοή-

224 5571 357 5606 σατε
389 5553 517 5620 περὶ
551 5555 672 5605 ὅτου
702 5555 728 5603 6
749 5553 908 5620 λόγος
930 5591 947 5618 ,
981 5554 1082 5607 οὐκ
1115 5555 1508 5621 ὲπισκέῲαντες
1540 5556 1705 5608 αὐτοῦ
1735 5561 1798 5627 τῇ

227 5646 408 5714 γύσει.
444 5645 518 5695 υὺ
556 5646 664 5713 γάρ
704 5645 890 5714 ἐπειδὴ
938 5648 1046 5697 πᾶν
1101 5646 1264 5715 μέρος
1305 5647 1523 5700 ἔλαττον
1557 5649 1647 5700 τοῦ
1677 5649 1798 5701 ὅλου

228 5738 552 5805 καθέστηκε,
592 5736 678 5788 διὰ
719 5737 878 5788 τοῦτο
911 5738 1005 5790 καὶ
1033 5740 1060 5790 ό
1093 5737 1226 5800 Θεὸς
1267 5741 1341 5801 ὠς
1371 5740 1532 5808 μέρος
1560 5741 1797 5809 θεωρού-

226 5841 388 5896 μενος
442 5824 532 5880 τοῦ
579 5827 751 5894 Λόγου
805 5825 900 5879 καὶ
940 5827 1036 5898 τῆς
1068 5829 1339 5897 σημασίας
1379 5830 1471 5881 τοῦ
1513 5828 1657 5888 ἄκου’
1700 5832 1799 5901 τῆς

1898 4735 2004 4788 dici
2054 4745 2254 4803 queam;
2307 4751 2432 4790 cum
2468 4737 2621 4789 nullo
2659 4737 2806 4788 enim
2855 4737 3058 4804 mquari
3101 4738 3466 4805 componique

1899 4826 2011 4878 ullo
2034 4825 2195 4879 modo
2223 4834 2404 4894 potest
2428 4827 2592 4881 Deus.
2617 4826 2726 4879 Aut
2750 4826 2917 4895 igitur
2947 4835 3136 4894 aperte
3163 4827 3465 4880 conﬁtean-

1899 4927 1990 4970 tur
2033 4935 2091 4972 se
2123 4919 2400 4972 adversari
2438 4898 2530 4974 his
2569 4919 2663 4987 qui
2699 4933 2888 4973 verum
2922 4919 3090 4972 Deum
3126 4918 3314 4972 sciunt
3344 4934 3464 4973 esse

1886 5001 2072 5072 “Deum
2108 5001 2364 5067 Verbum,
2396 5014 2486 5056 ant
2515 5006 2624 5073 jam
2683 5007 2937 5060 desinant
2991 5009 3151 5062 nobis
3209 5010 3472 5066 inducere

1902 5093 2262 5147 substantiam
2329 5111 2395 5149 ex
2461 5097 2568 5151 Deo
2621 5099 2801 5152 Verbo
2849 5115 3024 5168 exque
3071 5115 3240 5156 carne
3285 5115 3466 5159 nostra

1902 5187 2161 5239 animata.
2199 5185 2470 5251 Principia
2515 5200 2691 5243 vestra
2727 5193 2999 5258 generalia
3048 5205 3212 5263 atque
3259 5211 3321 5250 ex
3359 5198 3390 5249 il
3421 5201 3466 5252 is

1907 5279 2275 5345 probationes,
2323 5280 2558 5335 absurda
2611 5298 2755 5336 nunc
2786 5285 2939 5337 vobis
2969 5302 3096 5338 vere
3129 5289 3472 5344 demonstra-

1903 5371 2152 5436 buntur;
2185 5388 2214 5425 e
2263 5374 2461 5440 quibus
2511 5375 2656 5428 enim
2689 5392 2785 5430 vos
2832 5379 3012 5432 valere
3049 5379 3344 5444 conﬁditis,
3403 5399 3466 5436 ex

1903 5463 2008 5514 illis
2059 5464 2383 5519 inﬁrmiores
2419 5481 2514 5520 vos
2572 5484 2835 5523 evasuros
2889 5473 3280 5540 pradiciunts;
3323 5477 3466 5542 quod

1905 5560 2053 5612 enim
2091 5560 2250 5616 decet
2281 5563 2416 5617 illttd
2455 5565 2524 5619 de
2552 5583 2662 5635 quo
2697 5582 2878 5622 sermo
2907 5575 2993 5623 est
3032 5571 3292 5640 ignoratis
3317 5613 3332 5635 ,
3373 5589 3470 5627 na-

1908 5659 2027 5702 tura
2053 5651 2198 5704 iliius
2219 5669 2327 5706 non
2352 5657 2719 5712 considerata.
2742 5659 2987 5728 Namque
3010 5678 3076 5714 eo
3096 5662 3241 5728 quod
3261 5672 3468 5730 partem

1904 5755 2005 5793 suo
2034 5749 2147 5794 toto
2194 5744 2462 5799 minorem
2507 5764 2627 5802 esse
2655 5759 2890 5813 constat,
2914 5766 3022 5804 non
3058 5751 3179 5805 ideo
3208 5752 3373 5811 Deus.
3416 5770 3466 5808 Ut

1904 5845 2031 5903 pars
2059 5833 2223 5889 Verbi
2271 5839 2586 5906 speculatus
2633 5842 2908 5912 totiusque
2941 5844 3118 5914 signi.
3170 5845 3236 5900 ad
3293 5847 3451 5916 ipsnn
