4214 6450
763 394 895 457 1429

2002 405 2314 465 LEONTII
2358 404 2731 466 ΒΥΖΑΝΤΙΝ
2743 407 2787 465 ῐι

3906 412 4051 478 ιιιο

754 506 999 565 ‘Jmonis.
1022 508 1207 563 minor
1256 520 1392 579 tuto,
1426 514 1508 570 sic
1534 515 1706 579 dicto,
1736 514 1804 568 ad
1840 514 2017 584 ipsum
2048 517 2207 569 unito
2239 515 2336 569 ha-

2448 515 2569 567 κατ’
2598 516 2765 568 αὐτὸν
2802 517 3123 583 συνθέσεως,
3149 523 3390 578 ἐλάττων
3414 524 3509 580 τοῦ
3547 524 3620 586 ὡς
3651 526 3776 580 ελον
3808 523 4045 595 λεγομέ-

750 600 996 655 bebitur.
1021 599 1373 659 Contrarium
1398 613 1583 661 autem
1610 614 1697 660 est
1720 604 1796 659 de
1821 606 2083 660 omnibus
2116 607 2344 660 entibus

749 692 966 746 caneris
984 708 1131 761 quae,
1153 710 1279 769 cum
1311 697 1422 751 sint
1445 696 1531 751 sui
1554 698 1724 756 totius
1747 710 1955 771 partes,
1983 700 2102 770 ipso
2126 701 2344 753 minora

749 783 1031 838 videntur.
1061 786 1207 840 Deus
1241 802 1373 842 vero
1405 804 1514 844 non
1550 802 1635 847 est
1671 808 1818 847 unus
1843 792 2115 855 omnium,
2154 791 2248 845 sed
2287 791 2342 844 in

748 876 1013 931 omnibus
1041 885 1097 931 et
1129 893 1298 948 super
1337 867 1524 935 omnia
1555 883 1870 938 eminenter
1898 899 1958 938 se
1982 884 2172 938 habet.
2199 883 2343 939 Con-

764 972 1059 1029 sequenler
1116 976 1221 1014 non
1273 963 1460 1017 eodem
1515 952 1678 1018 nlodo
1729 982 1837 1034 quo
1901 974 2084 1034 omnia
2146 982 2340 1030 cretea

767 1061 953 1118 posset
981 1053 1146 1111 unlri,
1182 1053 1263 1106 vel
1301 1064 1361 1108 ut
1393 1071 1518 1125 pars
1572 1048 1811 1127 alicujus
1837 1061 2008 1118 tutius
2063 1068 2343 1135 reputabi-

773 1149 875 1194 Mr.

819 1230 1301 1289 Considerandum
1327 1243 1413 1289 est
1439 1235 1590 1289 enim
1620 1236 1801 1301 vobis,
1834 1252 2030 1291 omnes
2053 1227 2365 1307 generales

751 1322 1196 1392 propositionum
1234 1325 1643 1389 declarationes
1676 1336 1809 1382 tunc
1834 1327 2192 1397 exponendas
2217 1342 2342 1381 esse

750 1428 877 1468 cum
913 1415 1146 1482 alicujus
1174 1416 1424 1484 ejusdem
1468 1419 1688 1491 generis
1731 1418 2091 1488 ejusdemque
2136 1419 2343 1487 speciei

749 1500 943 1559 cdrum
975 1523 1097 1577 quae
1138 1507 1559 1563 determinanda
1593 1519 1723 1565 sunt
1755 1509 1962 1564 veritas
2005 1511 2339 1579 exquiritur.

749 1597 999 1667 Namque
1051 1600 1119 1654 ad
1162 1601 1619 1696 mapilcstandam
1673 1610 1927 1656 naturam
1981 1616 2176 1656 eorum
2221 1618 2344 1672 qum

749 1691 983 1746 alterius
1005 1702 1137 1746 sunt
1165 1691 1367 1762 speciei
1410 1695 1498 1749 vel
1545 1694 1778 1750 alterius
1806 1696 2027 1764 generis
2076 1696 2217 1749 nihil
2258 1695 2345 1748 in-

749 1780 1024 1835 servirent
1052 1797 1152 1836 nec
1182 1780 1896 1850 generalef‘expositiones,
1931 1780 2036 1835 nisi
2081 1789 2343 1849 tanquam

2450 622 2543 658 νου
2581 607 2703 659 κατ’
2750 608 2915 662 αὐτὸν
2965 611 3228 665 συνθέτου
3266 616 3683 685 νομισθήσεται.
3714 617 4048 671 Τσυναντίον

2450 695 2553 766 μὲν
2597 695 2731 761 οὒνδ
2766 699 2891 752 ἐπεὶ
2930 701 3112 755 πάντα
3153 702 3222 756 τὰ
3273 704 3413 782 ἄλλα
3444 706 3555 759 τῶν
3588 708 3762 761 ὅντων
3789 706 4044 761 συντιθέ-

2450 805 2591 856 μενα
2632 788 2709 851 ὡς
2741 790 2888 860 μέρη
2918 809 2978 845 τε
3008 793 3108 845 καὶ
3140 792 3408 849 ἐλάττονα
3445 795 3542 850 τοῦ
3566 798 3772 853 οἰκείου
3799 798 3932 852 ὅλου
3958 815 4045 851 τε·

2447 876 2763 973 θειῦρηταιο
2792 878 2927 973 θεὸς
2966 881 3023 936 δὲ
3050 884 3150 954 οὐχ
3180 879 3263 973 εζς
3302 885 3415 941 τῶν
3450 872 3671 943 πάντων
3695 927 3713 953 ,
3743 889 3889 973 ἀλλὰ
3914 890 4043 958 περὶ

2445 969 2648 1036 πάντα,
2682 972 2779 1025 καὶ
2818 972 2962 1046 ὑπὲρ
3006 976 3185 1030 πάντα
3216 967 3578 1051 ’ὑπεροχικῶς
3604 980 3720 1052 ἔχει
3755 967 4073 1035 σ’ἀκολούοκ

2447 1060 2556 1126 θως
2590 1063 2711 1117 οὐδὲ
2745 1067 2889 1119 κατὰ
2915 1068 3095 1122 πάντα
3116 1054 3187 1124 τὰ
3210 1070 3349 1126 ἄλλα
3385 1073 3482 1126 τὸν
3505 1073 3664 1143 λόγον
3692 1074 3810 1146 ῐχοι
3844 1075 4053 1129 συντεέ

2446 1150 2560 1204 θείς
2632 1152 2664 1224 ἢ
2699 1155 2777 1216 ὡς
2809 1155 2978 1226 μέρος
3005 1158 3393 1231 λογισθήσεται
3416 1163 3541 1216 ὅλου
3579 1166 3751 1227 τινός.

2470 1271 2486 1324 ι
2521 1244 2681 1298 Ἐστι
2712 1247 2819 1319 γὰρ
2869 1248 3015 1318 ὑμᾶς
3051 1252 3434 1319 ἑπισκέπτειν,
3469 1255 3547 1317 ὡς
3578 1258 3752 1308 πᾶσαι
3784 1254 3846 1308 αί
3902 1254 4039 1306 καθα

2446 1333 2571 1389 όλου
2629 1336 2748 1393 τῶίσ
2814 1340 3134 1410 προτάσεων
3190 1344 3529 1411 ἀποφάνσεις
3562 1347 3685 1398 τότε
3730 1344 3928 1414 ἔχουσι
3979 1344 4040 1396 τὸ

2445 1427 2745 1494 ἀναγκαῖον
2772 1431 2853 1493 είς
2892 1431 3193 1500 ἀπόδειξιν,
3228 1435 3394 1505 ἡνίκα
3424 1437 3570 1501 τινὸς
3600 1437 3969 1503 ταυτογενοῦς
4002 1435 4034 1505 ἦ

2446 1519 2790 1584 ταυτοειδοῦς
2814 1523 2926 1576 τῶν
2968 1524 3076 1577 ὑπὸ
3103 1525 3197 1577 τὸν
3240 1527 3669 1599 προοδιορισμὸν
3687 1532 3717 1582 ὁ
3746 1528 3909 1596 λόγος
3939 1527 4031 1598 ζη-

2446 1612 2640 1665 τεῖται.
2682 1613 2777 1675 Εἰς
2817 1614 2927 1685 γὰρ
2963 1616 3065 1685 τὴν
3100 1617 3212 1671 τῶν
3252 1619 3577 1690 ἑτεροειδῶν
3615 1621 3650 1691 ἢ
3702 1620 4037 1690 ἑτερογενῶν

2447 1702 2629 1769 φύσιν¹
2682 1703 2835 1757 οὐδὲν
2876 1704 2992 1774 ἔχοι
3035 1705 3106 1760 ἂν
3131 1708 3450 1763 λυσιτελοῦν
3480 1710 3562 1772 είς
3596 1710 3883 1773 ἀπόδειξιν
3918 1710 4037 1763 οὐδὲ

2446 1792 2514 1849 τὰ
2544 1793 2777 1849 καθόλου
2799 1799 3151 1866 άποφαντικὰ
3171 1843 3185 1865 ,
3213 1801 3375 1871 εἴπερ
3414 1801 3492 1872 μὴ
3519 1801 4037 1873 συμπεριλαμῦάνοι

749 1873 958 1941 speciei
980 1873 1229 1946 ejusdem
1264 1870 1558 1942 quaesitum
1584 1873 2163 1963 comprehenderent;
2191 1872 2340 1943 quod

2445 1883 2519 1946 ὡς
2545 1884 2792 1955 ὁμοειδὲς
2816 1888 2882 1940 τὸ
2909 1887 3245 1960 ζητούμενον
3267 1909 3282 1923 ·
3314 1866 3427 1946 arat
3442 1866 3721 1946 δείκνυσιν
3749 1893 3784 1963 ἢ
3814 1866 4037 1947 0-mer-

752 1972 885 2019 tunc
921 1964 1185 2019 ostendit'
1200 1943 1317 2019 sive
1352 1965 1688 2036 subjectum,
1726 1943 1848 2021 5in
1874 1966 2152 2021 excedens
2195 1967 2341 2020 veri-

750 2063 916 2115 tatem
948 2056 1394 2110 connatnralium
1432 2056 1628 2126 ipsius.
1657 2056 1908 2112 Perinde
1921 2072 1986 2110 ac
2007 2057 2052 2111 si
2078 2056 2146 2111 de
2168 2048 2339 2111 Paulo

750 2141 976 2201 homine
1011 2148 1339 2215 exquiratur
1372 2165 1440 2204 an
1469 2149 1542 2204 sit
1571 2149 1816 2216 animal;
1876 2129 2154 2220 generalis
2196 2149 2342 2202 aﬂir—

750 2239 919 2293 matio
953 2239 1409 2309 speciei’omnem
1436 2240 1717 2295 hominem
1756 2240 1955 2295 animal
1995 2256 2117 2309 esse
2149 2240 2341 2295 dicens

748 2330 816 2386 ad
849 2331 1233 2404 probationem
1260 2332 1475 2402 quaesiti
1509 2332 1825 2386 inserviret.
1854 2331 2119 2387 Similiter
2152 2342 2339 2386 autem

749 2440 874 2477 cum
907 2438 936 2476 a
972 2423 1135 2478 nobis
1168 2422 1436 2493 qumritur
1486 2439 1554 2477 an
1592 2422 1684 2479 hic
1713 2423 1917 2478 Paulus
1960 2424 2166 2479 animal
2201 2423 2339 2478 subl-

750 2516 953 2570 stantia
1006 2515 1116 2581 siti,
1179 2496 1493 2586 opportuna
1537 2496 1687 2569 esset
1742 2513 2037 2569 aﬂirmatio
2066 2516 2340 2586 generalis

749 2623 915 2662 omne
946 2606 1148 2661 animal
1181 2605 1547 2661 substantiam
1577 2621 1701 2662 esse
1733 2605 1947 2661 dicens.
1994 2606 2050 2661 Si
2092 2623 2225 2661 vero
2270 2609 2339 2663 de

749 2700 936 2768 aliquo
966 2697 1195 2757 alterius
1228 2698 1450 2768 generis
1484 2698 1567 2753 vel
1622 2698 1828 2767 speciei
1866 2699 2102 2788 qpmstio
2129 2698 2337 2767 agitur,

751 2810 947 2849 uinncs
980 2792 1375 2853 alllrmationes
1406 2806 1471 2845 ac
1502 2791 1900 2863 denegationes
1920 2834 1933 2855 ,
1959 2806 2082 2860 quae
2114 2788 2341 2860 aliquod

752 2885 1070 2956 hujusmodi
1098 2884 1166 2938 de
1197 2885 1286 2940 his
1310 2900 1431 2954 quae
1466 2900 1577 2939 non
1613 2883 1859 2954 ejusdem
1890 2882 2097 2953 speciei
2129 2882 2216 2937 vel
2244 2898 2340 2952 ge—

754 2977 904 3032 neris
922 2986 1051 3031 sunt
1066 2975 1254 3031 dicere
1275 2975 1623 3040 viderentur,
1640 2975 1834 3030 otiosa:
1848 2974 2340 3072 absurdarﬂue‘pro

752 3066 985 3133 quaesito
1012 3065 1307 3119 habentur.
1344 3064 1591 3121 Perinde
1611 3079 1676 3119 ac
1730 3064 1776 3119 si
1815 3064 2049 3133 quaesito
2095 3047 2173 3119 an
2214 3047 2338 3119 ’ἣοη

755 3157 1046 3212 rationalis
1069 3157 1139 3212 sit
1166 3157 1390 3220 Paulus,
1423 3156 1528 3213 hoc
1558 3156 1783 3228 quidam
1814 3155 2084 3212 festinans
2105 3157 2335 3210 dcmun-
2365 3204 2409 3263 c

754 3261 932 3304 strare
968 3246 1425 3305 scilicetnonesse
1447 3250 1770 3306 rationalem
1796 3291 1811 3314 ,
1860 3249 2073 3305 diceret
2115 3264 2336 3304 omnem

755 3340 995 3411 lapidem
1026 3358 1358 3413 omnemque
1404 3342 1803 3412 nigritudincm
1854 3357 1973 3396 non'
2001 3358 2125 3397 esse
2167 3344 2337 3398 ratio-

752 3436 924 3498 nalia,
970 3434 1107 3489 n'hil
1149 3435 1264 3506 ulllo
1310 3429 1474 3490 mod'o
1503 3436 1787 3506 proposito
1835 3433 2158 3505 prodesset;
2214 3436 2340 3506 jure

753 3542 889 3597 ergo
940 3526 1009 3581 de
1059 3528 1167 3583 hoc
1205 3526 1539 3592 ‘rideretur,
1585 3543 1713 3582 cun
1767 3527 2070 3599 generatim
2112 3527 2339 3597 quidem

754 3617 991 3673 aﬂirmct
1023 3618 1328 3689 quemdam
1371 3634 1486 3674 non
1535 3635 1658 3676 esse
1713 3620 2040 3677 rationalem
2080 3620 2175 3676 sed
2229 3635 2341 3675 non

754 3709 1004 3781 ejusdem
1032 3712 1261 3781 speciei.

825 3803 1075 3859 Dicimus
1096 3805 1263 3875 igitur
1284 3820 1509 3876 quoque
1534 3806 1979 3876 nobismetipsis:
2002 3805 2195 3861 Omnis
2216 3816 2341 3877 pars

755 3913 857 3951 suo
876 3907 992 3953 toto
1009 3898 1194 3953 minor
1213 3906 1334 3965 est;
1367 3900 1413 3953 si
1442 3908 1628 3955 autem
1658 3899 1919 3955 omnibus
1938 3899 2191 3969 partibus
2219 3914 2343 3968 quae

757 3988 1031 4044 uniuntur
1073 3991 1250 4062 majus
1301 4001 1477 4046 totum
1511 3992 1830 4061 agnoscitur
1855 4032 1871 4056 ,
1934 3992 2150 4079 hpcque
2193 3986 2341 4061 quod

753 4081 1001 4150 ejusdem
1038 4081 1261 4153 generis
1313 4084 1629 4153 specieique
1668 4098 1734 4138 ac
1790 4084 1896 4139 illac
1943 4084 2129 4139 dicitis
2168 4084 2341 4138 Deum

756 4173 999 4228 Verbum
1029 4190 1173 4238 esse.
1205 4176 1405 4231 merito
1444 4191 1513 4231 ex
1564 4175 1809 4246 generali
1843 4174 2207 4231 affirmatione
2237 4160 2342 4245 ipsi

755 4265 1006 4321 eamdem
1047 4268 1456 4323 accusationem
1487 4266 1807 4339 imputatis,
1842 4266 1919 4322 ita
1967 4277 2027 4322 ut
2081 4275 2343 4336 tanquam

758 4358 946 4412 omnia
978 4358 1228 4429 ejusdem
1266 4359 1490 4429 generis
1533 4374 1599 4415 ac
1635 4359 1844 4428 speciei
1873 4374 2002 4429 pars
2036 4358 2237 4425 factus,
2269 4360 2345 4415 si-

760 4450 969 4503 militer
1017 4452 1377 4521 semetipsum
1412 4451 1620 4506 habere
1652 4451 1799 4521 apud
1831 4466 2005 4508 suum
2042 4458 2218 4506 totum
2253 4466 2345 4506 re-

2445 1992 2610 2044 μενον
2641 1976 2674 2048 ἦ
2722 1980 3063 2049 παραὸαῐνον
3092 1981 3185 2035 τὸν
3215 1982 3378 2052 λόγον
3418 1984 3529 2037 τῶν
3554 1985 3816 2054 ὁμοφυῶν
3844 1985 4032 2038 αὐτοῦ.

2443 2060 2572 2120 Οἷον
2599 2070 2647 2121 εἰ
2679 2070 2808 2140 περὶ
2845 2070 3063 2124 Παύλου
3090 2073 3189 2126 τοῦ
3216 2073 3513 2155 άνθρῴπου
3544 2074 3776 2144 (metro
3818 2077 3872 2127 εἰ
3900 2074 4037 2137 ζῶόν

2441 2160 2622 2223 ἐστιν,
2648 2162 2683 2230 ἠ
2730 2161 2854 2215 καθ’
2883 2163 3009 2217 ὅλου
3040 2165 3353 2234 κατάφασις
3391 2165 3487 2220 τοῦ
3523 2167 3700 2230 είδους
3745 2167 4036 2235 φάσκουσα

2442 2254 2620 2308 πάντα
2646 2253 2936 2324 ἄνθρωπον
2957 2255 3098 2320 ζῶον
3126 2255 3283 2311 εἶναι.
3299 2260 3663 2330 χρησιμεύσοιι
3685 2259 3753 2312 ἂν
3775 2260 3914 2329 πρὸς
3939 2260 4059 2330 τὴν·

2441 2348 2793 2420 κατασκευὴν
2828 2348 2925 2404 τοῦ
2956 2350 3318 2423 ζητουμένου.
3367 2353 3604 2423 Ὁμοίως
3631 2354 3690 2408 δὲ
3728 2356 3825 2408 καὶ
3855 2356 4040 2425 ἐξετα-

2439 2439 2671 2509 ζομένου
2713 2442 2847 2513 ἡμῖν
2885 2445 2936 2495 εί
2981 2442 3198 2510 Παῦλος
3236 2438 3394 2510 οὗτος
3422 2446 3484 2499 τὸ
3512 2446 3653 2511 ζῶον
3695 2448 3862 2501 οὐσία
3898 2449 4054 2513 sca-1,:

2440 2532 2751 2603 πρόσφορος
2790 2534 2880 2604 εἴη
2929 2535 2996 2588 ἂν
3042 2539 3076 2605 ἡ
3123 2537 3355 2591 καθόλου
3395 2538 3703 2606 κατάφασις
3728 2540 4037 2606 φάσκουσα·

2440 2625 2558 2677 Πᾶν
2589 2626 2730 2687 ζῶον
2766 2626 2947 2681 οὐσία.
2977 2628 3045 2689 Εἰ
3077 2628 3136 2681 δὲ
3167 2630 3523 2698 ἑτεφγενοῦς
3544 2647 3690 2694 τινος
3722 2631 3756 2700 ἢ
3800 2633 4041 2701 ἑτεροει-

2438 2714 2563 2777 δοῦς
2610 2714 2842 2786 ζήτησις
2889 2719 3201 2789 πρόκειται,
3248 2722 3507 2773 πάσαιαί
3549 2719 4042 2787 καταφάσεις’καὶ

2440 2809 2785 2878 ἀποφάσεις,
2814 2809 2939 2863 ὅσαι
2992 2809 3059 2864 ἂν
3101 2807 3215 2865 εἷεν
3260 2812 3337 2882 μὴ
3374 2814 3506 2883 περὶ
3547 2815 3659 2868 τῶν
3699 2816 3971 2884 ὁμοειδῶν

2438 2901 2723 2971 ὁμογενῶν
2754 2902 2873 2955 τόδε
2908 2918 2961 2955 τι
3007 2902 3291 2969 λέγουσαι,
3313 2905 3484 2974 ἀργαὶ
3505 2905 3605 2959 καὶ
3630 2907 3889 2976 ἀνόνητοι
3911 2907 4043 2961 καθ-

2438 2993 2707 3060 εστήκασι
2731 2992 2869 3061 πρὸς
2893 2991 2957 3045 τὸ
2991 2992 3347 3062 ζητούμενον.
3373 2991 3503 3047 Οἶον
3524 2995 3867 3067 ζητουμένου
3908 2999 3956 3050 εί
3980 2999 4038 3050 οὗ

2441 3084 2701 3152 λογικδςὸ
2732 3083 2964 3147 Παῦλος,
2982 3083 3144 3138 τοῦτό
3162 3103 3247 3148 τις
3276 3088 3598 3150 σπουδάζων
3625 3088 4039 3147 ἀποδεικνύειν.

2441 3176 2610 3246 ἧγονν
2662 3175 2744 3228 ὅτι
2783 3176 2886 3227 οὐκ
2942 3174 3058 3229 ἔστι
3097 3176 3342 3242 λογικὸς,
3372 3178 3547 3245 λέγει,
3595 3181 3713 3242 Πᾶς
3758 3180 3912 3241 λίθος
3947 3182 4043 3233 καὶ

2445 3270 2595 3322 πᾶσα
2623 3266 2884 3337 μέλανσις
2906 3268 3119 3337 ἄλογος,
3144 3271 3300 3323 οὐδὲν
3320 3270 3554 3333 οὒδὸλως
3582 3272 3661 3341 τῷ
3685 3274 4042 3342 προκειμένῳ

2443 3359 2788 3427 συνήγαγεν*
2833 3358 3058 3421 εἰκότως
3096 3354 3191 3413 οὖν
3240 3362 3334 3412 ἐπὶ
3378 3360 3556 3429 τούτῳ
3583 3361 3996 3430 γελασθὴσεται
4024 3380 4038 3392 ·

2443 3450 2573 3505 mo"
2589 3450 2713 3504 ὅλου
2774 3450 2874 3521 μὲν
2918 3451 3293 3520 καταφάσκων
3344 3453 3494 3517 τινὸς
3538 3453 3600 3506 τὸ
3654 3452 3879 3522 ἄλογον,
3926 3444 4055 3506 ἀλλ’

2442 3541 2820 3614 άνομοειδοῦς.

2513 3808 2823 3870 Φάσκοντες
2858 3803 2951 3862 οὗν
2978 3809 3075 3863 καὶ
3112 3811 3294 3879 ἡμεῖς,
3323 3811 3443 3865 Πάν
3475 3812 3662 3881 μέρος,
3690 3810 3921 3864 ἔλαττον
3947 3809 4043 3863 τοῦ

2443 3897 2649 3951 οἰκείου
2672 3896 2819 3951 ὅλου’
2848 3899 2897 3950 εί
2927 3898 3030 3966 μὲν
3060 3900 3277 3954 πάντων
3323 3902 3433 3954 τῶν
3468 3901 3654 3971 μερῶν
3682 3895 3760 3955 ὧν
3790 3902 4043 3955 συντιθε-

2448 3988 2629 4058 μένων
2666 3988 2857 4059 μεῖζον
2878 3988 2941 4042 τὸ
2968 3990 3091 4043 ὅλον
3120 3992 3475 4059 γινώσκεται,
3508 3997 3604 4047 καὶ
3635 3993 3799 4047 τοῦτο
3828 3996 4046 4056 τούτοις

2444 4080 2708 4149 ὁμογενὲς
2742 4082 2836 4135 καὶ
2879 4082 3125 4155 ὁμοειδές
3170 4101 3310 4151 φατε
3357 4081 3500 4139 εἶναι
3537 4086 3628 4140 τδν
3657 4086 3795 4139 Θεὸν
3841 4090 4045 4155 Λόγον,

2446 4173 2632 4237 καλῶς
2656 4172 2757 4244 τὴν
2785 4174 2849 4228 ἐκ
2871 4174 2971 4244 τῆς
3004 4150 3237 4228 καθόλου
3272 4178 3640 4246 καταφάσεως
3661 4180 3863 4248 ὁμοίαν
3896 4181 4048 4250 αὖτῷ

2445 4267 2787 4337 κατηγορίαν
2830 4266 3099 4334 ἑπάγετε,
3134 4268 3221 4322 ἴνα
3249 4267 3327 4332 ὠς
3366 4270 3546 4324 πάντα
3573 4271 3643 4325 τὰ
3668 4273 3915 4344 ὁμογενῆ
3953 4277 4049 4327 καὶ

2446 4357 2667 4427 ὁμοειδῆ
2717 4358 2885 4428 μέρος
2923 4358 3241 4428 γενόμενος,
3285 4359 3491 4428 ὁμοίως
3535 4361 3683 4431 ἔχειν
3734 4364 3832 4415 καὶ
3881 4366 4049 4428 αὐτὶς

2448 4448 2669 4520 πρὸς-εδ
2708 4451 2909 4502 οἰκεῖον
2951 4450 3071 4503 ὅλον
3110 4451 3519 4520 λογισθήσεται.
3576 4452 3637 4506 Εἰ
3676 4453 3737 4507 δὲ
3786 4456 3957 4509 τοῦτο
3986 4458 4049 4509 οὐ

758 4551 1004 4612 putetur.
1040 4543 1095 4599 Si
1132 4559 1265 4599 vero
1301 4544 1448 4599 hanc
1469 4543 1875 4613 blasphemiam
1906 4559 2019 4598 non
2056 4543 2177 4599 ausi
2216 4542 2341 4599 fue-

2449 4540 2754 4610 τολμήσετε
2776 4541 2840 4593 τὸ
2877 4540 3037 4594 άθεον
3068 4543 3499 4613 ἁπερεύξασθαι,
3523 4544 3613 4598 διὰ
3642 4545 3702 4598 τὸ
3741 4546 3819 4617 μὴ
3850 4549 4052 4618 φέρειν

761 4634 905 4701 ritis,
934 4636 1006 4689 ob
1036 4637 1347 4705 reprobans
1376 4651 1479 4691 vos
1503 4646 1896 4705 argumentum
1949 4635 2252 4705 impietatis
2288 4636 2344 4689 in

758 4741 859 4780 vos
891 4735 1121 4796 repente
1144 4726 1386 4793 irruens,
1416 4726 1568 4781 haud
1596 4735 1748 4781 recta
1771 4727 1988 4782 ratione
2016 4741 2113 4781 vos
2139 4727 2346 4783 dixisse

762 4827 956 4887 patet;
997 4818 1270 4888 siquidem
1314 4818 1371 4873 in
1404 4818 1620 4873 ueteris
1648 4816 1999 4873 naturalibus
2021 4816 2129 4873 hoc
2151 4818 2345 4870 catho-

762 4907 870 4960 lice
909 4905 1148 4969 sentitis,
1171 4906 1530 4977 Verbumque
1567 4906 1623 4961 in
1659 4907 1829 4961 verbo
1862 4905 2013 4976 quod
2055 4920 2223 4974 supra
2250 4920 2349 4959 na-

762 5005 943 5051 turam
999 5013 1280 5067 supraque
1328 4999 1434 5052 alia
1483 4998 1693 5053 eminet
1737 5005 1886 5051 recte
1930 4982 2343 5052 demonstratis.

761 5089 894 5144 Inde
929 5099 1114 5145 autem
1143 5089 1215 5144 ob
1240 5088 1611 5144 reverentiam
1658 5068 1863 5144 unione
1892 5088 2253 5143 Divinitatem
2282 5088 2349 5142 li-

761 5183 957 5238 berare
996 5183 1348 5247 simulantes,
1375 5183 1488 5252 jam
1529 5182 1787 5253 injustius
1830 5183 1976 5237 hanc
2008 5182 2345 5251 contempsi-

764 5274 901 5337 stis,
949 5288 1078 5328 cum
1134 5272 1274 5327 nihil
1331 5288 1498 5341 supra
1531 5273 1746 5343 reliqua
1801 5274 2027 5343 cognita
2063 5273 2347 5364 peculiaqe

764 5375 1020 5420 naturam
1056 5362 1211 5418 illius
1242 5363 1450 5418 habere
1475 5363 1864 5428 credideritis;
1907 5364 2035 5419 ideo
2061 5365 2216 5435 juxta
2250 5362 2351 5419 ves

764 5457 881 5527 ipse
909 5471 1153 5527 quoque,
1182 5455 1376 5511 eadem
1427 5456 1597 5509 verba
1631 5456 1891 5511 omnibus
1921 5457 2238 5527 imponens,
2279 5455 2347 5511 ad

763 5547 1024 5604 unionem
1051 5564 1177 5603 cum
1206 5549 1384 5603 altero
1417 5547 1685 5604 accedere
1715 5561 1921 5619 posset.

832 5641 939 5697 Ubi
956 5658 1179 5717 quoque
1200 5652 1331 5699 sunt
1360 5642 1566 5713 quibus
1597 5642 1677 5696 illi
1709 5641 1969 5696 unionem
1993 5641 2352 5713 denegabatis

765 5730 838 5784 ob
871 5729 1047 5799 ipsius
1091 5740 1348 5788 naturam
1386 5732 1698 5788 absimilem
1750 5728 1917 5803 atqu'e
1963 5749 2130 5804 supra
2164 5734 2349 5789 omnia

764 5821 1303 5892 iiicnmparahilem?
1334 5824 1440 5880 Sed
1475 5832 1647 5894 patet,
1684 5825 1738 5880 in
1771 5826 1979 5895 quibus
2021 5826 2226 5881 dicitur
2267 5826 2350 5880 fa-

2447 4630 2540 4683 τδν
2570 4629 2856 4700 λικμῶντα
2889 4632 3036 4701 ὑμᾶς
3068 4632 3293 4703 ἔλεγχον
3313 4635 3414 4703 τῆς
3448 4636 3704 4699 ἀσεϐείας
3740 4640 4051 4709 παραχρῆ-

2452 4740 2531 4793 μα
2551 4722 2685 4793 ὑμῖν
2716 4724 3162 4794 ὲπισκήπτοντα.
3185 4726 3349 4795 δῆλον
3375 4729 3459 4781 ὅτι
3483 4729 3584 4781 οὐκ
3609 4729 3858 4797 εὐλόγως
3878 4748 3895 4760 ·
3931 4733 4055 4784 ἐπεὶ

2447 4816 2507 4867 ὲν
2552 4816 2669 4877 τοῖς
2702 4813 2888 4877 ἄλλοις
2926 4815 3217 4895 πράγμασι
3259 4822 3548 4888 φυσικοῖς,
3592 4818 3755 4873 τοῦτο
3818 4821 4053 4890 βλέπετε

2449 4906 2779 4971 καθολικῶς,
2814 4908 2910 4962 καὶ
2937 4909 2997 4962 ὲν
3025 4907 3104 4979 τῷ
3131 4909 3277 4979 ὑπὲρ
3305 4909 3469 4977 φύσιν
3498 4912 3593 4963 καὶ
3628 4911 3786 4979 παρὰ
3812 4915 3889 4966 τὰ
3917 4915 4055 4967 ἄλλα

2449 4999 2563 5053 ὅντι
2590 5000 2680 5052 τὸν
2705 4998 2863 5068 λόγον
2890 5000 3072 5069 Λόγῳ,
3098 5000 3259 5054 τοῦτο
3279 5002 3460 5071 ὀρθῶς
3494 5002 3773 5069 φαίνεσθε.
3808 5004 4056 5058 Δῦτόθεν

2449 5091 2509 5144 δὲ
2532 5093 2582 5145 οῑ
2608 5091 2697 5145 διὰ
2723 5092 2893 5162 τιμὴν
2918 5092 3399 5163 προσποιούμενοι,
3426 5094 3527 5162 τῆς
3557 5093 3871 5157 συνθέσεως
3902 5097 4057 5148 ἐλευ-

2453 5172 2649 5254 θεροῦν
2677 5184 2740 5237 τὸ
2773 5182 2951 5246 Θείον,
2971 5185 3077 5255 ἤδη
3109 5183 3231 5239 λίαν
3257 5185 3514 5253 ἀθέσμως
3553 5184 3684 5236 αὐτὸ
3712 5186 4055 5254 ἠτιμάσατε,

2451 5274 2689 5343 οἰόμενοι
2720 5273 2887 5344 μηδὲν
2915 5272 3059 5344 ἔχειν
3085 5274 3187 5342 τὴν
3202 5254 3375 5327 ἀὐτοῦ
3400 5273 3563 5341 φὺσιν
3592 5273 3884 5344 ἐξαίρετον
3907 5278 4057 5346 παρὰ

2450 5365 2519 5417 τὰ
2549 5364 2713 5418 λοιπὰ
2742 5367 2962 5434 γνωστά
2982 5382 2994 5395 ’
3021 5365 3103 5419 διὸ
3123 5364 3341 5418 δύναιτο
3369 5364 3434 5419 ἄν
3469 5364 3590 5419 καθ’
3624 5366 3798 5435 ὑμᾶς,
3830 5371 4056 5439 ὁμοίους

2452 5455 2648 5525 λόγους
2676 5459 2792 5521 τοῖς
2815 5459 2984 5511 πᾶσιν
3013 5458 3482 5530 είσπραττόμενος
3546 5460 3641 5511 καὶ
3671 5458 3817 5530 πρὸς
3864 5462 4056 5514 σύνθε-

2455 5567 2539 5603 σιν
2566 5549 2725 5618 ἥκειν
2761 5549 2857 5602 καὶ
2887 5549 3049 5612 αὐτὸς
3079 5548 3180 5601 σὺν
3209 5548 3403 5619 ἑτέρῳ.

2525 5642 2637 5695 Καὶ
2668 5639 2773 5695 ποῦ
2805 5639 2961 5712 ὑμῶν
2978 5641 3036 5695 αἱ
3056 5640 3425 5712 προκείμεναι
3446 5640 3864 5710 ἀπαγορεύσεις
3892 5643 4056 5697 αὐτοῦ

2453 5734 2551 5804 τῆς
2584 5733 2927 5799 συνθέσεως,
2957 5732 3048 5787 διὰ
3071 5732 3134 5786 τὸ
3162 5732 3498 5803 ἀσύγκριτον
3530 5732 3628 5786 καὶ
3656 5732 4057 5805 ἀπαράϐλητον

2455 5825 2621 5880 αὖτοῦ
2655 5826 2754 5896 τῆς
2807 5826 3023 5895 φύσεως
3057 5825 3227 5905 ,παρὰ
3263 5824 3484 5891 πάντας
3528 5814 3693 5877 ’Λλλὰ
3742 5825 3913 5897 δῆλον
3940 5866 3957 5891 ,
3986 5831 4051 5891 ὡς
