4214 6450
209 437 336 502 tttl

1181 441 1578 503 ADVERSUS
1617 440 2144 502 NESTORIANOS
2194 471 2260 480 --
2288 447 2434 505 LIB.
2461 440 2525 506 Ἰ.

3315 443 3454 509 ΜΩ

201 551 295 604 καὶ
326 549 412 618 ἐφ’
441 539 518 602 ὧν
551 545 764 616 λέγοιτό
791 565 844 600 τι
887 549 1062 601 ποιεῖν
1089 547 1123 618 ἢ
1154 548 1382 618 πάσχειν
1415 550 1547 612 Θεὸς
1579 549 1606 600 ὁ
1641 550 1759 620 ὑπὲξ

1880 567 2005 607 cere
2039 553 2124 606 vel
2155 554 2265 620 pati
2295 551 2438 608 Deus
2465 552 2560 622 qui
2587 567 2751 622 supra
2783 567 2884 607 nos
2905 561 3011 618 est,
3037 571 3146 609 non
3171 555 3316 609 sicut
3353 571 3454 609 nos

200 641 369 710 ἡμᾶς,
397 641 495 710 οὐχ
527 639 741 708 ’ὁμοίως
775 642 908 710 ἡμῖν
934 641 991 691 ὲν
1016 639 1194 692 τοῖσδε
1245 638 1556 709 θεωρεῖται,
1588 641 1637 691 εἰ
1681 642 1775 692 καὶ

192 735 307 794 τοῖς
337 731 521 794 αὐτοῖς
549 733 682 800 ἡμῖν
707 729 1033 784 ὑποσάλοιτο
1059 729 1262 797 λόγοις,
1292 731 1453 782 τινῶν
1472 730 1773 798 γινομένων

191 824 315 874 κατ’
344 823 658 890 οἰκονομίαν
688 820 856 874 αὑτοῦ
875 861 890 884 ,
922 821 1002 882 είς
1029 821 1310 888 σωτηρίαν
1333 819 1774 889 ἡμῶνοδιαφόρῳ

189 912 305 982 γὰρ
330 914 517 982 τρόπῳ
563 912 814 980 ἀναλόγῳ
859 912 960 979 τῆς
996 911 1132 974 ἰδίας
1156 910 1390 978 φύσεως.
1422 911 1635 979 Ὠσπερ
1667 911 1774 980 γὰρ

190 1007 291 1058 καὶ
339 1007 533 1076 γεννᾷν
574 1003 779 1073 ὁμοίως
815 1004 944 1072 ἡμῖν
994 1002 1289 1070 λεγόμενος
1332 1001 1427 1053 καὶ⁸
1456 1001 1769 1068 γεννᾶσθαι,

187 1100 290 1168 οὒχ
326 1100 649 1168 ὁμοτρόπως
696 1096 896 1163 πάντη,
928 1094 1066 1148 ἀλλὰ
1107 1095 1203 1148 καὶ
1229 1095 1370 1165 ὑπὲρ
1412 1095 1562 1163 ἡμᾶς
1583 1108 1598 1124 ο
1629 1093 1774 1147 οὓτω

186 1187 288 1238 καὶ
318 1185 723 1254 συντιθέμενος,
755 1187 812 1238 ὲν
846 1184 1117 1253 κρείττονι
1141 1183 1285 1252 λόγῳ
1313 1184 1426 1235 τῶν
1456 1182 1578 1236 καθ’
1601 1184 1765 1252 ἡμᾶς.

188 1277 328 1331 Οὐδὲ
358 1279 462 1348 γὰρ
491 1279 547 1329 ἐν
575 1279 686 1337 τοῖς
706 1276 988 1345 φθαρτοῖς,
1009 1277 1057 1328 εί
1084 1275 1174 1329 καὶ
1199 1276 1410 1341 λέγοιτο
1435 1275 1528 1326 ἐπὶ
1553 1274 1771 1327 πάντων

186 1367 440 1428 σύνθεσις
459 1409 474 1432 ,
500 1370 527 1420 ὁ
554 1369 714 1428 αὐτὸς
760 1366 916 1432 λόγος
950 1367 1044 1419 καὶ
1071 1367 1274 1436 τρόπος
1312 1366 1406 1418 ἐπὶ
1434 1367 1616 1434 πάσης
1649 1381 1772 1416 συν-

184 1457 414 1521 θέσεως,
474 1457 590 1510 ἀλλ’
648 1458 862 1518 οἰκείως
923 1457 1038 1527 ἔχει
1090 1457 1186 1510 ἐπὶ
1242 1458 1477 1526 ἑκάστης
1533 1455 1768 1524 φύσεως.

196 1549 389 1616 Ὑμεῖς
418 1549 475 1600 δὲ
502 1548 596 1600 νῦν
623 1549 699 1611 ὼς
733 1547 831 1617 τῆς
861 1549 1034 1617 αὐτῆς
1058 1549 1190 1601 ὅντα
1223 1549 1314 1601 τὸν
1343 1549 1478 1600 Θεὸν
1514 1549 1628 1609 τοῖς
1657 1563 1771 1598 κτι-

170 1641 576 1702 στοῖςιὺσίας,
603 1640 708 1691 ὑπὸ
733 1640 842 1692 τῶν
871 1640 1052 1692 αὐτῶν
1073 1640 1142 1692 τὰ
1171 1641 1262 1693 καὶ
1293 1639 1500 1700 τούτοις
1534 1637 1766 1706 συμϐαί-

181 1747 370 1793 νοντα,
401 1732 504 1783 καὶ
533 1731 684 1799 αὑτῷ
711 1729 940 1782 ἕπεσθαι
965 1728 1238 1800 νομίζετε.
1275 1731 1461 1799 Μόνην
1487 1725 1579 1782 οὖν
1615 1728 1768 1780 ἔσται

177 1825 327 1875 νοεῖν
381 1821 502 1875 καθ’
534 1823 694 1891 ’ὑμᾶς
750 1820 967 1889 φύσεως
1018 1820 1171 1883 θείας
1224 1820 1624 1890 μακαριότητα,
1671 1818 1767 1888 τὴν

176 1913 434 1976 ἔκκλισιν
476 1929 533 1964 τε
580 1913 672 1964 καὶ
711 1913 1036 1984 παραίτησιν
1061 1913 1233 1982 αὐτῆς
1264 1914 1364 1981 τὴν
1398 1913 1506 1965 ἀπὸ
1538 1911 1645 1964 τῶν
1674 1912 1764 1964 δο-

179 2005 427 2059 κούντων
456 2005 856 2074 εὐτελεστέρων
877 2007 972 2056 καὶ⁵
998 2003 1492 2074 ταλαιπωροτέρων
1523 2004 1620 2058 καὶ
1647 2007 1765 2056 ἀτι-

181 2102 436 2170 μοτέρων
480 2099 775 2152 διαθέσεων
799 2139 813 2161 ,
867 2100 929 2150 οὺ
960 2097 1057 2166 τὴν
1089 2099 1230 2151 κατὰ
1273 2098 1436 2165 φύσιν
1473 2097 1569 2150 καὶ
1612 2098 1764 2165 ἰσχὺν

174 2193 416 2262 οὐσιώδη
453 2192 562 2243 τῶν
585 2176 844 2243 τοιούτων
885 2190 1161 2260 ὑπεροχὴν
1188 2191 1280 2241 καὶ
1304 2189 1639 2258 ἐλευθερίαν,
1672 2189 1766 2240 καὶ

161 2285 250 2338 ’τὸ
272 2285 411 2355 πρὸς
435 2285 534 2346 τὰς
579 2283 838 2346 τοιαύτας
878 2284 1238 2347 ταπεινώσεις
1273 2284 1548 2346 οὑσιωόῶς
1593 2284 1766 2353 ἀμέθ-

156 2363 345 2440 ἱεκτον
368 2377 463 2430 καὶ
483 2376 874 2444 ἀνυπόϐλητον.
893 2375 1051 2428 Οὕτω
1078 2376 1122 2429 δ’
1149 2373 1241 2429 οὖν
1267 2377 1388 2442 (of):
1413 2377 1555 2444 ὑμᾶς
1583 2377 1678 2428 καὶ
1703 2377 1766 2429 τὸ

171 2471 421 2540 ἀόρατον
446 2469 634 2532 αὐτοῦ,
777 2469 840 2520 ἐκ
881 2467 1116 2534 φύσεως,
1149 2469 1266 2520 ἀλλ’
1298 2469 1355 2534 ἔξ
1399 2467 1764 2540 ἀποκρύψεώς

174 2579 328 2625 τινος
403 2562 858 2631 ἀντιφράττοντος
934 2561 1082 2629 αὐτῷ
1157 2560 1298 2630 πρὸς
1379 2562 1562 2615 πᾶσαν
1638 2561 1763 2630 ὄψιν

176 2654 545 2709 ὑποπτεύειν⁸
566 2657 663 2708 καὶ
694 2656 758 2708 τὸ
785 2655 1064 2726 ᾰςθαρτον
1093 2655 1202 2727 ἄρα
1232 2654 1412 2716 τοῦδε,
1443 2655 1522 2724 τῷ
1555 2655 1628 2725 μὴ
1655 2673 1761 2707 πα-

179 2749 498 2817 ρεμϐαλεῖν,
523 2749 637 2800 ἀλλ’
665 2749 1032 2818 ἀφεστηκέναι
1061 2748 1172 2800 τῶν
1213 2749 1342 2818 παρ’
1369 2751 1504 2818 ἡμῖν
1536 2748 1762 2816 φθαρτι-

176 2839 295 2890 κῶν
327 2839 526 2897 τόπων,
558 2839 654 2890 καὶ
701 2839 869 2891 ποιῶν
915 2839 1104 2891 παθῶν
1136 2857 1194 2892 τε
1229 2840 1322 2892 καὶ
1351 2837 1641 2908 ἐνεργειῶν
1669 2839 1764 2890 καὶ

177 2927 373 2991 ἁπλῶς
427 2930 610 2996 πάσης
658 2933 763 2996 τῆς
791 2930 916 2982 κατ’
972 2929 1140 2981 αὑτοῦ
1208 2928 1544 2997 ἐπιϐουλῆς·
1601 2929 1762 2980 τοῦτο

153 3017 275 3073 ιοῦν
325 3022 445 3073 δέον
476 3023 593 3074 ἐστί
629 3023 771 3074 νοεῖν
799 3022 972 3090 ὑμᾶς,
1030 3021 1093 3074 τὸ
1126 3021 1222 3073 καὶ
1266 3023 1571 3090 μειρακίοις
1605 3021 1762 3090 εῠδη-

177 3110 293 3169 λον.
347 3111 422 3173 ὼς
481 3105 557 3165 ὧν
609 3116 663 3166 αἱ
717 3111 908 3180 φύσεις
968 3103 1237 3181 διάφοροι,
1305 3113 1508 3165 τούτων
1563 3116 1654 3165 καὶ
1703 3116 1756 3166 αἱ

156 3204 460 3265 ,συνθέσεις
485 3219 498 3232 ·
541 3202 634 3254 καὶ
659 3205 727 3256 τὰ
757 3203 984 3266 ταύταις
1003 3203 1386 3272 παρεπόμενα,
1414 3203 1670 3272 διάφορα.

252 3294 378 3354 Πῶς
399 3289 564 3353 οὖν,Ξί
589 3296 648 3346 τὸ
668 3295 925 3363 διάφορον
945 3294 1043 3362 τῆς
1068 3294 1215 3358 θείας
1239 3296 1457 3364 φύσεως
1485 3294 1558 3364 μὴ
1580 3298 1760 3365 ἀρνεῖ-

179 3385 279 3437 σθε
315 3385 447 3451 πρὸς
476 3387 647 3453 ἡμᾶς,
689 3386 749 3438 τὸ
775 3386 962 3455 ὅμοιον
991 3388 1090 3454 τῆς
1121 3386 1424 3449 συνθέσεως
1451 3388 1623 3456 αὐτῆς
1651 3390 1759 3439 ἀπ-

175 3478 388 3529 αιτεῖτε
441 3475 567 3528 καθ’
609 3478 794 3544 huic;
853 3476 993 3529 Ἀλλ’
1029 3477 1200 3538 ὅντως
1232 3477 1293 3530 τὸ
1323 3477 1497 3540 οὕτως
1535 3478 1758 3530 εὔκολον

174 3566 336 3635 ὑμῶν
393 3567 473 3627 είς
519 3566 781 3620 ἀσέϐειαν
830 3567 1158 3638 φρίξαντες,
1236 3568 1348 3621 δεῖν
1414 3571 1560 3639 ὑμᾶς
1623 3571 1757 3622 om-

174 3657 514 3726 μιμνήσκειν
562 3657 890 3725 νομίζομεν,
942 3658 1024 3711 ὅτι
1065 3663 1474 3729 γραμματικοῖς
1511 3662 1615 3728 μὲν
1650 3662 1756 3728 φά-

169 3762 373 3799 σκουσι
408 3746 822 3815 σεημειῶσθαί
851 3764 973 3801 τινα
1000 3748 1149 3814 λέξιν
1178 3752 1236 3802 ὲν
1262 3754 1379 3813 τοίς
1437 3751 1590 3814 ίδίοις
1620 3752 1756 3804 καθ-

168 3838 384 3900 ολικοίς
431 3837 644 3904 κανόσι,
668 3839 1110 3910 παραχωροῦμεν
1155 3840 1249 3894 καὶ
1286 3843 1629 3911 ἀνεχόμεθα,
1681 3844 1756 3912 μὴ

171 3928 534 3999 προτιθέντες
563 3930 663 3999 τῆς
690 3929 942 4000 χρήσεως
968 3930 1062 3985 τὸν
1088 3933 1292 3986 κανόνα
1316 3953 1336 3986 -.
1376 3935 1618 4005 προτέρα
1646 3935 1757 4003 γὰρ

172 4021 321 4090 αὕτη
339 4040 351 4052 ·
399 4021 494 4074 καὶ
522 4022 632 4093 γὰρ
663 4026 691 4077 ό
715 4025 895 4078 κανὼν
920 4027 1019 4095 τῆς
1047 4027 1366 4097 ἀναλογίας,
1403 4031 1466 4083 ἔκ
1495 4032 1592 4098 τῆς
1622 4035 1757 4100 χρή-

176 4131 319 4176 σεως
345 4113 577 4183 εὓρηται
604 4115 819 4178 αὐτοῖς·
854 4117 948 4169 καὶ
971 4118 1069 4186 οὐχ
1096 4119 1129 4187 ἠ
1153 4120 1372 4189 χρῆσις,
1397 4123 1461 4174 ὲκ
1479 4121 1572 4174 τοῦ
1598 4123 1757 4175 κανέ-

173 4222 266 4270 νος
294 4205 583 4276 εἴληπται·
615 4206 711 4259 καὶ
739 4205 953 4276 βασιλεῖ
976 4210 1105 4272 τοὺς
1129 4209 1325 4279 νόμους
1354 4212 1751 4282 ὑποτάττομεν,

171 4297 236 4350 οὐ
268 4299 383 4358 τοῖς
412 4297 598 4365 νόμους
632 4297 723 4349 τὸν
751 4296 1000 4366 βασιλέα.
1031 4298 1136 4352 Τὸν
1161 4301 1218 4354 δὲ
1241 4302 1376 4356 Θεὸν
1405 4304 1496 4356 τὸν
1521 4305 1629 4373 πρὸ
1651 4307 1756 4359 πά-

173 4403 279 4455 σης
324 4403 384 4440 τε
439 4389 706 4452 κτίσεως,
767 4389 860 4442 καὶ
914 4389 1098 4458 πάσης
1143 4389 1448 4458 συνθέσεως
1493 4397 1749 4468 εὑρετὴν,

169 4478 349 4540 οὕτως
376 4479 640 4548 ἀξιοῦμεν
676 4479 750 4548 μὴ
782 4479 1046 4539 δύνασθαι
1079 4483 1231 4554 παρὰ
1263 4487 1387 4548 τοὺς
1418 4487 1588 4559 πάλαι
1619 4490 1752 4543 ταύ-

1879 646 1933 698 in
1969 644 2056 698 his
2082 660 2210 697 eum
2239 645 2439 707 videri,
2475 645 2579 699 etsi
2614 644 2702 698 his
2746 645 2930 698 verbis
2972 660 2999 697 a
3043 647 3205 700 nobis
3243 660 3453 716 suppa.

1875 745 2059 798 natur,
2089 750 2215 788 cum
2239 737 2488 804 qutedam
2509 751 2676 788 causa
2700 744 2900 788 nostra:
2922 736 3116 789 salutis
3133 738 3286 805 juxta
3305 750 3456 791 meo-

1875 826 2117 878 nomiam
2153 824 2326 893 ipsius
2362 825 2530 890 ﬁunt;
2571 825 2684 895 agit
2718 825 2867 878 enim
2891 824 3116 878 diverso
3145 826 3328 889 modo,
3354 826 3451 879 sed

1873 925 2246 970 consentaneo
2266 919 2499 985 pmprim
2515 927 2644 970 natu
2655 934 2748 970 rte.
2769 917 3019 986 Namque
3039 916 3186 970 sicut
3206 918 3451 985 genitum

1873 1015 2174 1076 natumque
2203 1007 2372 1061 fuisse
2403 1005 2608 1059 dicitur
2641 1007 2835 1060 eodem
2884 1005 3047 1060 modo
3085 1020 3150 1059 ac
3187 1019 3312 1069 nos,
3341 1019 3452 1058 non

1877 1107 2056 1152 tamen
2087 1100 2314 1152 omnino
2347 1097 2567 1161 eodem,
2600 1099 2694 1152 sed
2731 1112 2786 1152 et
2813 1116 2980 1168 supra
3019 1115 3119 1153 nos
3145 1139 3158 1163 ,
3207 1099 3289 1150 sic
3317 1111 3456 1166 quo-

1873 1207 1978 1261 que
2030 1195 2235 1258 unitus,
2299 1197 2350 1248 in
2409 1195 2632 1253 meliore
2680 1211 2829 1256 sorte
2857 1217 3016 1271 quam
3049 1222 3166 1263 .nos
3219 1209 3445 1270 dicitur.

1877 1277 1985 1332 Nec
2021 1280 2165 1332 enim
2210 1284 2260 1332 in
2289 1282 2420 1348 ipsis
2466 1278 2938 1355 corruptibilibus,
2990 1296 3090 1347 etsi
3140 1297 3208 1350 de
3261 1303 3442 1355 omni-

1875 1365 1977 1420 bus
2031 1368 2170 1420 facta
2211 1370 2375 1424 fuisse
2431 1372 2642 1427 diezitur
2701 1376 2871 1445 unio,
2937 1381 3131 1436 eadem
3189 1386 3326 1442 ratio
3389 1398 3445 1443 et

1873 1453 2016 1508 idem
2069 1459 2257 1513 modus
2330 1461 2550 1515 unionis
2624 1477 2957 1532 servantur,
3034 1472 3128 1524 sed
3188 1472 3239 1526 in
3309 1490 3446 1528 una-

1875 1556 2092 1611 quaque
2143 1546 2357 1613 fnatura
2420 1549 2637 1616 proprie
2709 1563 2769 1605 se
2833 1555 3054 1613 habent.
3131 1558 3239 1613 Vos
3312 1577 3439 1616 vero

1866 1644 2023 1684 nuuc
2085 1630 2250 1698 Deum
2313 1634 2551 1701 ejusdem
2633 1642 2950 1698 substantia:
3023 1661 3088 1698 ac
3159 1662 3442 1703 creaturas

1875 1734 2034 1786 esse,
2089 1734 2266 1792 exque
2335 1726 2523 1780 iisdem
2595 1730 2676 1784 his
2720 1740 2776 1786 et
2841 1734 2913 1786 illi
2970 1737 3268 1790 accidentia
3319 1756 3444 1792 ese-

1883 1812 2002 1867 nire
2056 1815 2398 1872 existimatis.
2448 1817 2609 1874 Juxta
2659 1836 2751 1876 vos
2793 1824 3070 1882 beatitudo
3101 1829 3277 1885 divitia
3307 1833 3440 1885 nihd

1875 1905 2019 1960 aliud
2050 1909 2154 1961 erit
2197 1925 2361 1977 quam
2415 1914 2646 1978 privatio
2692 1923 2745 1968 et
2828 1919 3019 1972 vitatio
3068 1933 3252 1975 eorum
3325 1940 3442 1992 qua:

1869 1999 2131 2064 videntur
2211 2003 2450 2070 viliora,
2522 2007 2809 2062 humiliora
2875 2022 3035 2081 atque
3088 2015 3439 2081 ignobiliora;

1877 2109 1987 2148 non
2055 2105 2236 2149 autem
2291 2111 2354 2150 ea
2398 2113 2516 2165 qua:
2567 2102 2729 2153 habet
2783 2113 3074 2166 naturam,
3140 2107 3433 2174 potentiam

1877 2185 2248 2239 cssentialiter
2297 2201 2416 2254 qua:
2453 2189 2758 2254 hnjusmodi
2797 2200 2925 2244 sunt
2953 2206 3320 2261 superantem,
3373 2195 3440 2247 li-

1876 2271 2175 2336 bertatem,
2211 2273 2468 2342 quodque
2518 2289 2640 2328 cum
2677 2277 2980 2346 ltujusmodi
3013 2282 3306 2338 humilibus
3338 2299 3436 2336 nec

1878 2360 2139 2412 constitui
2170 2374 2271 2414 nec
2299 2364 2530 2432 supponi
2559 2376 2758 2432 potest.
2786 2365 2866 2420 lla
2894 2382 3040 2422 nunc
3063 2370 3227 2438 igitur
3255 2373 3442 2426 invisi-

1866 2471 2134 2526 bilitatem
2164 2471 2342 2540 ipsius
2368 2485 2478 2525 non
2526 2485 2594 2524 ex
2638 2481 2834 2524 natura
2883 2483 3028 2532 esse,
3057 2467 3152 2522 sed
3193 2483 3259 2522 ex
3301 2466 3445 2521 facto

1864 2561 2149 2632 cujusdam
2182 2561 2541 2632 semetipsum
2582 2561 2733 2616 omni
2779 2568 3004 2630 aspectu
3060 2559 3446 2614 subtrahentis

1866 2653 2255 2722 suspicamini;
2282 2652 2664 2723 munditiaque
2681 2651 2865 2730 lipsius
2892 2667 3003 2708 non
3020 2659 3166 2706 esset
3188 2666 3252 2704 ex
3273 2651 3443 2709 intus.

1865 2747 1958 2799 sed
1987 2762 2055 2800 cx
2087 2748 2393 2801 remotione
2427 2763 2456 2801 a
2488 2748 2626 2801 locis
2655 2739 2758 2800 nos
2801 2746 3204 2815 polluentibus,
3230 2744 3444 2813 passin-

1861 2835 2066 2898 nibus,
2126 2837 2550 2905 operationibus
2596 2837 3037 2906 simpliciterque
3083 2835 3153 2888 ab
3184 2834 3448 2887 omnibus

1863 2938 2057 2982 contra
2084 2929 2270 2999 ipsum‘
2293 2932 2502 3000 paratis
2533 2930 2770 2984 insidiis.
2827 2928 2940 2983 Hoc
2967 2936 3053 2981 est
3093 2927 3263 2995 igitur
3295 2927 3446 2995 quod

1863 3021 2172 3092 intelligere
2202 3022 2439 3083 debetis,
2479 3023 2735 3090 quodque
2755 3023 2922 3075 etiam
2952 3021 3199 3090 parvulis
3215 3020 3447 3074 evidens

1861 3125 1962 3178 est,
1993 3131 2228 3184 quorum
2258 3123 2474 3168 naturae
2500 3114 2768 3168 differunt
2795 3114 2996 3167 horum
3037 3127 3260 3182 quoque
3287 3112 3447 3165 unio-

1861 3222 1958 3260 nes
1978 3205 2007 3271 ;’
2024 3221 2254 3275 qumque
2275 3205 2400 3259 illas
2417 3213 2852 3273 consequuntur.

1930 3294 2220 3360 Quomodo
2251 3295 2504 3365 igitur,si
2560 3294 2931 3348 differentiam
2980 3303 3193 3348 naturae
3243 3293 3445 3348 divinze

1861 3399 1970 3437 non
2004 3384 2218 3453 negatis
2251 3382 2413 3437 nobis
2434 3425 2447 3447 ,
2501 3383 2925 3436 similitudinem
2964 3383 3188 3436 unionis
3214 3381 3334 3450 ejus
3362 3381 3446 3434 in-

1860 3474 2070 3527 vocatis
2093 3483 2285 3528 contra
2320 3474 2458 3527 nos?
2491 3471 2596 3526 Sed
2624 3487 2754 3526 vere
2779 3487 2849 3526 ne
2877 3471 2992 3526 cito
3019 3472 3074 3524 in
3101 3471 3443 3539 impietatem

1860 3566 2213 3635 abripiamini
2252 3566 2530 3628 timentes,
2558 3580 2658 3619 vos
2697 3565 2976 3618 recordari
3007 3564 3284 3625 volumus,
3307 3562 3446 3616 scri-

1860 3657 2110 3725 ptoribus
2165 3658 2402 3726 aliquam
2456 3656 2752 3711 lectionem
2811 3655 2868 3708 in
2921 3654 3040 3709 suis
3093 3653 3445 3724 generalibus

1860 3746 2065 3816 regulis
2093 3744 2393 3815 significari
2447 3745 2850 3808 asserentibus,
2912 3760 3015 3798 nos
3043 3744 3242 3798 cedere
3278 3753 3443 3811 atque

1862 3838 2149 3907 indulgere
2174 3879 2188 3900 ,
2232 3853 2300 3891 eo
2327 3837 2473 3907 quod
2509 3837 2826 3892 auctoritati
2893 3836 3136 3906 regulam
3168 3849 3277 3887 non
3305 3843 3442 3896 prau-

1861 3932 2167 3998 posuimus.
2193 3930 2288 3983 llla
2310 3930 2459 3984 enim
2484 3929 2638 3998 prior
2669 3936 2773 3983 est.
2807 3929 3058 3997 Namque
3088 3927 3274 3997 regula
3307 3941 3443 3979 ana-

1859 4021 2014 4092 legite
2045 4022 2131 4076 his
2161 4038 2226 4076 ex
2252 4021 2580 4078 auctoritate
2604 4021 2882 4076 invenitur
2907 4037 2922 4085 ;
2957 4035 3069 4073 non
3093 4033 3224 4073 vero
3249 4027 3443 4072 aucto-

1859 4114 1994 4166 ritas
2020 4128 2086 4166 ex
2108 4113 2293 4182 regula
2314 4113 2573 4166 sumitur.
2610 4112 2702 4168 Sic
2726 4112 2837 4182 regi
2857 4111 3005 4182 leges
3032 4111 3440 4180 postponimus,

1857 4221 1967 4260 non
1998 4205 2216 4275 legibus
2247 4221 2452 4275 regem.
2486 4206 2658 4259 Deum
2683 4214 2865 4259 autem
2893 4212 3022 4259 ante
3046 4219 3267 4258 omnem
3289 4219 3445 4259 crea-

1859 4296 2068 4351 tionem
2109 4307 2276 4366 atque
2311 4297 2574 4350 unionem
2620 4296 2990 4361 inventorem,
3019 4303 3222 4366 przeter
3251 4295 3444 4349 solitas

1857 4388 1978 4459 ejus
2000 4389 2170 4459 leges,
2195 4403 2320 4443 cum
2346 4388 2608 4454 voluerit,
2646 4388 2796 4443 uniri
2838 4403 2947 4442 non
2973 4402 3136 4458 posse
3161 4385 3444 4442 existima-

1856 4480 2020 4534 mus?
2047 4481 2144 4536 γει
2166 4480 2374 4550 aliquid
2398 4477 2680 4537 recentius
2705 4496 2769 4536 ac
2799 4479 3219 4535 convenientius
3247 4476 3440 4532 unioni

167 4585 274 4640 της
297 4569 495 4640 νόμους
522 4569 858 4639 βουληθέντα
884 4572 1231 4627 συντίθεσθαι
1249 4617 1263 4638 ,
1323 4574 1681 4649 ἢκαινότερόν
1697 4600 1750 4635 τι

1858 4581 2043 4626 contra
2074 4571 2252 4639 ipsum
2281 4574 2685 4641 praescribere?
2712 4572 3002 4639 Quomodo
3053 4585 3278 4640 quoque
3319 4569 3440 4624 haec

166 4661 270 4714 καὶ
303 4659 639 4731 ἰδικώτερον,
674 4663 740 4731 τῇ
773 4661 895 4714 κατ’
917 4662 1084 4716 αὐτὸν
1117 4664 1368 4719 συνθέσει
1399 4669 1746 4739 νομοθπεϊνς

166 4752 286 4805 Καὶ
336 4747 454 4813 πῶς
498 4749 673 4802 ταῦτα
723 4749 886 4802 πάλιν
934 4751 1035 4804 οὐκ
1082 4753 1163 4816 εἰς
1199 4755 1300 4823 τὴν
1338 4759 1748 4828 προειρημένην

167 4841 320 4912 ὑμᾶς
366 4839 754 4918 ἀποκλείουσιν
803 4839 1027 4908 ἁθεῖανς
1093 4842 1202 4896 Τοῦ
1254 4832 1389 4914 μηδὲ
1435 4850 1498 4900 ὲκ
1561 4849 1634 4918 μὴ
1662 4852 1750 4902 όν-

163 4931 374 4986 τωνοῦν
404 4931 638 5001 ποιητὴν
668 4926 811 4984 εἶναι
840 4931 1091 4997 δοξάζειν
1117 4935 1210 4987 τὸν
1236 4936 1328 4990 τοῦ
1357 4940 1556 5003 παντὸς
1584 4943 1750 5011 Δημι-

163 5026 368 5094 υ-»ργξν
424 5021 514 5074 τὸν
568 5023 661 5075 καὶ
706 5022 1064 5094 σαρκωθέντα
1105 5026 1280 5093 Λόγον
1324 5029 1748 5100 ἁκαταλήπτως.

162 5116 233 5167 Τί
266 5114 323 5166 δὲ
370 5113 466 5166 καὶ
509 5114 656 5183 μόνῳ
690 5114 867 5186 τούτῳ
911 5115 1010 5185 τῆς
1051 5115 1394 5186 θεοπρεποῦς
1444 5121 1749 5187 συνθέσεως

164 5205 502 5276 ἐπσκέψατε
534 5205 610 5275 τῷ
640 5206 980 5278 θαυμαστῷ,
1027 5210 1076 5261 εί
1107 5209 1218 5278 ἄρα
1249 5212 1443 5280 μηδενὶ
1473 5213 1580 5266 τῶν
1606 5216 1748 5286 ὑπὲρ

166 5297 330 5363 λόγον
381 5298 477 5348 καὶ
527 5296 691 5364 φύσιν
737 5298 1018 5368 ἡμετέραν
1075 5301 1405 5368 πιστεύετες
1474 5304 1585 5356 Καὶ
1636 5307 1748 5374 γὰρ

165 5390 263 5442 καὶ
289 5388 484 5451 ἄλλους
517 5389 650 5458 ὑμῖν
680 5387 874 5456 λόγους
903 5390 1372 5464 παραδοξοτέρους
1403 5397 1746 5466 κηρύττομεν

164 5480 309 5535 κατά
330 5481 488 5548 τήνδε
513 5481 609 5534 καὶ
636 5482 762 5550 περὶ
784 5481 945 5550 τῆσδε
968 5482 1069 5551 τῆς
1093 5483 1233 5555 ὑπὲρ
1257 5487 1420 5554 φύσιν
1444 5485 1595 5551 θείας
1619 5490 1745 5541 ἑνώ-

168 5591 341 5636 σεως·
396 5575 491 5625 καὶ
537 5576 647 5642 γὰρ
699 5575 793 5625 καὶ
842 5575 1083 5644 ἄσπορον
1116 5577 1384 5646 σύλληψίν
1423 5586 1605 5648 φαμεν
1647 5582 1740 5634 τοῦ

165 5666 302 5720 Θεοῦ
332 5666 486 5735 ἡμῶν
522 5666 698 5737 Ἰησοῦ
726 5666 994 5737 Χριστοῦ’
1020 5668 1079 5720 ὃν
1113 5671 1159 5721 εί
1191 5673 1286 5723 καὶ
1325 5672 1602 5742 ἓνθρωπον
1629 5675 1741 5726 οἴε-

167 5757 259 5810 σθε
292 5753 432 5809 εἶναι
489 5758 675 5826 Qui)”,
715 5757 896 5827 πολλῷ
929 5759 1132 5828 μᾶλλον
1162 5761 1517 5831 ἀπιστότερον
1546 5763 1694 5816 ἔσται
1721 5782 1734 5795 ·

1859 4669 2080 4712 rursum
2117 4669 2216 4713 vos
2251 4655 2307 4711 in
2337 4656 2664 4712 atheismum
2684 4675 2847 4729 quem
2873 4674 3033 4731 supra
3062 4664 3299 4720 diximus
3322 4681 3427 4720 non

1829 4748 2121 4815 'dejiciunt
2181 4763 2288 4803 non
2341 4749 2524 4804 Omnia
2561 4765 2627 4805 ex
2675 4752 2846 4806 nihilo
2891 4752 3088 4809 fecisse
3143 4755 3430 4810 credentes

1858 4839 2106 4890 Omnium
2143 4835 2462 4892 Creatorem
2493 4853 2768 4910 supraque
2801 4844 2945 4910 quod
2994 4843 3205 4913 concipi
3253 4854 3429 4910 potest

1858 4922 2205 4978 incarnatqu
2236 4925 2406 4980 fuisse
2437 4924 2699 4982 Verbum.
2737 4927 2848 4982 Cur
2897 4945 3023 4982 vero
3079 4931 3133 4983 in
3171 4931 3271 4986 hac
3309 4934 3425 4987 sola

1855 5015 2038 5068 divina
2065 5016 2266 5070 unione
2289 5018 2536 5070 miranda
2563 5021 2871 5082 moramini,
2891 5025 2934 5072 si
2962 5021 3101 5074 forte
3124 5023 3251 5075 nulli
3279 5027 3422 5091 quod

1859 5105 1932 5159 sit
1995 5121 2161 5174 supra
2234 5108 2503 5161 rationem
2570 5119 2933 5176 naturamque
2999 5121 3241 5165 nostram
3310 5128 3427 5164 cre-

1857 5216 2041 5269 datis?
2097 5215 2315 5268 Etenim
2361 5215 2496 5267 alias
2543 5229 2764 5283 quoque
2831 5213 3094 5268 veritates
3157 5211 3436 5266 mirabiles

1859 5307 2164 5361 secundum
2197 5307 2510 5376 hujusmodi
2539 5321 2705 5375 supra
2734 5313 2985 5359 naturam
3012 5305 3274 5358 unionem
3301 5303 3429 5358 divi-

1854 5415 1979 5454 nam
2023 5399 2200 5468 deque
2237 5399 2403 5452 haece
2448 5399 2610 5452 vobis
2666 5400 3028 5469 praedicamus
3079 5415 3093 5450 :
3136 5398 3254 5452 sine
3284 5397 3437 5452 enim

1853 5491 2061 5545 semine
2093 5489 2509 5558 conceptionem
2538 5489 2634 5543 Dei
2669 5489 2842 5543 nostri
2890 5489 3021 5544 Jesu
3050 5485 3255 5542 Christi
3294 5484 3432 5537 dici-

1852 5597 2012 5646 mus;
2049 5597 2213 5650 quem
2241 5581 2286 5634 si
2311 5596 2521 5634 merum
2544 5581 2827 5635 hominem
2851 5595 2973 5635 esse
3003 5578 3226 5648 putatis,
3256 5577 3431 5629 multo
3505 5616 3508 5618 η

1850 5673 2235 5727 incretlihilior
2267 5673 2519 5739 eveniet;
2574 5673 2900 5726 naturaliter
2940 5671 3088 5724 enim
3123 5667 3426 5738 loquendo,

1848 5767 1971 5836 quis
1998 5781 2238 5834 unquam
2267 5766 2554 5820 hominum
2589 5767 2704 5820 sine
2739 5765 2948 5819 semine
2987 5771 3287 5832 conceptus
3316 5761 3427 5816 sit?

169 5845 385 5916 ιρτδσικῷ
416 5847 525 5920 γὰρ
552 5845 732 5915 λόγῳ,
769 5845 854 5909 τίς
884 5848 1190 5919 ἀνθρώπων
1223 5851 1479 5922 ἀσπόρως
1512 5857 1824 5927 συνελήφθη
1862 5857 2077 5910 πώποτε
2103 5877 2116 5916 ;
