4214 6450
798 377 928 441 1443

2040 393 2350 455 LEONTII
2390 395 2793 459 BYZANTINI

3917 397 4049 460 ιιιι

804 522 815 528 -
857 492 1000 557 Quid
1029 507 1161 561 ergo
1200 493 1497 551 diceretis?
1536 496 1821 569 Siquidem
1872 503 2202 558 naturaliter
2251 519 2361 557 non

2539 508 2604 559 Τί
2644 505 2738 559 οῦν
2785 509 3030 574 εῖποιτες
3084 509 3243 562 Ἐπεὶ
3298 508 3374 579 μὴ
3422 510 3583 578 φύσει
3630 507 3753 562 τόδε
3795 509 4044 568 δυνατὸν.

789 582 864 636 sit
882 583 1291 652 .possibile,nec
1314 602 1347 641 a
1375 588 1487 642 Deo
1510 588 1627 644 ﬁeri
1660 591 1866 659 possit?
1889 592 1983 647 Vel
2018 610 2085 648 ne
2132 595 2220 663 pie
2245 610 2363 648 cre-

790 673 1032 727 dendum
1060 685 1229 741 esset,
1262 678 1309 731 si
1350 694 1458 747 qua
1491 680 1761 734 naturalia
1791 680 1935 736 facta
1963 683 2096 748 sint,
2131 699 2232 741 nec.
2263 685 2360 739 Dei

787 779 909 816 esse
934 781 1101 834 opera
1133 769 1230 822 sed
1267 779 1478 824 natura:
1505 780 1670 838 atque
1718 786 1786 826 ex
1843 773 1936 828 illa
1980 774 2183 829 factum
2238 791 2362 832 esse

786 856 1158 925 quodcunque
1186 858 1386 911 factum
1414 858 1618 914 fuerit?
1656 860 1796 917 Cum
1824 878 1957 918 vero
1987 868 2232 933 potentia
2263 883 2362 922 na-

790 952 929 1000 turae
964 946 1165 1001 divinae
1203 948 1519 1005 immediate
1568 952 1627 1004 iit
1659 953 2030 1024 quodcunque
2095 956 2195 1022 lit,
2248 975 2361 1014 non

785 1052 854 1092 ex
889 1038 1303 1107 prmexsistente
1339 1042 1436 1096 sed
1463 1059 1531 1097 ex
1555 1059 1664 1097 non
1696 1054 1846 1108 ente,
1880 1047 2185 1104 novissime
2217 1050 2363 1105 inter

785 1130 933 1181 entia
977 1142 1379 1185 annumeratur
1426 1142 1592 1201 atque
1631 1136 1969 1204 agnoscitur.
2004 1137 2119 1192 Nec
2156 1154 2225 1194 ex
2272 1140 2362 1196 his

786 1235 907 1288 qua:
930 1221 1042 1290 jam
1076 1231 1203 1276 nota
1235 1233 1362 1277 sunt
1384 1263 1397 1283 ,
1435 1239 1600 1278 voces
1641 1235 1699 1278 et
1738 1227 2070 1295 signiﬁcatio
2105 1244 2359 1285 errorum

785 1308 1080 1374 quaerenda
1109 1317 1256 1370 sunt,
1282 1324 1313 1362 a
1346 1310 1504 1363 vobis
1531 1312 1625 1379 qui
1662 1314 2041 1385 quodcunque
2083 1332 2116 1371 a
2146 1318 2261 1373 Deo
2298 1322 2361 1376 ﬁt

784 1414 1028 1453 errorem
1062 1416 1184 1454 esse
1212 1402 1438 1455 omnino
1466 1406 1750 1471 asseritis;
1786 1407 1935 1477 leges
1969 1408 2120 1467 enim
2149 1421 2360 1469 natura

778 1489 943 1543 facile
972 1506 1001 1543 a
1026 1489 1344 1556 legislature
1372 1492 1426 1545 in
1462 1501 1710 1563 tempore
1749 1496 2065 1553 solvuntura
2110 1499 2359 1571 Namque

782 1579 889 1633 nisi
917 1580 1031 1634 haec
1061 1581 1136 1634 ita
1164 1583 1520 1648 admiseritis,
1552 1587 1667 1655 jam
1709 1601 1823 1641 non
1844 1603 1912 1642 ex
1940 1598 2102 1645 utero
2130 1591 2359 1661 virginis

782 1672 1008 1740 aliquod
1042 1687 1242 1742 corpus
1271 1674 1929 1743 exiissecontiteremini,
1952 1679 2103 1745 licet,
2144 1683 2357 1737 utvul-

730 1816 733 1819 .
784 1763 877 1823 tis.
911 1778 1123 1817 merum
1147 1764 1426 1818 hominem
1452 1780 1519 1819 ex
1541 1766 1632 1821 illa
1661 1775 1853 1821 natum
1879 1783 2007 1823 esse
2035 1770 2242 1840 aliquis
2265 1772 2357 1826 di-

782 1863 893 1908 cat.
927 1853 1099 1908 Omne
1130 1856 1280 1908 enim
1307 1870 1508 1923 corpus
1551 1872 1650 1925 per
1690 1872 1895 1928 corpus
1940 1861 2153 1927 exiens,
2196 1864 2362 1920 alter-
2390 1846 2433 1901 Β

784 1958 970 2000 utrum
998 1947 1238 2001 divisum
1272 1948 1539 2003 ostendit.
1573 1950 1681 2005 Sed
1707 1966 1812 2005 nec
1839 1953 1994 2008 sicco
2022 1954 2164 2025 pede
2190 1971 2359 2027 supra

783 2064 933 2103 mare
966 2051 1278 2105 ambulandi
1310 2053 1538 2107 mortale
1576 2070 1775 2125 corpus
1818 2058 2209 2127 proprietatem
2261 2062 2356 2115 lia-

785 2140 1009 2207 liuisset,
1042 2142 1151 2196 imo
1206 2160 1273 2196 ne
1316 2147 1624 2200 naturalem
1670 2147 1886 2215 quidem
1919 2150 2352 2206 verisimilitudi-

784 2247 906 2285 neui
931 2249 951 2298 ;
981 2234 1181 2288 leviora
1208 2236 1354 2289 enim
1383 2237 1752 2302 gravioribus,
1779 2253 1884 2293 nou
1910 2241 2158 2307 graviora
2183 2243 2350 2296 levio-

782 2340 806 2377 r
833 2325 932 2379 bus
976 2326 1227 2380 innatant
1263 2328 1607 2396 corporibus.
1638 2327 1748 2383 Nec
1792 2331 1958 2385 etiam
2013 2347 2078 2386 ex
2133 2332 2247 2387 luto
2296 2347 2357 2389 et

782 2428 942 2486 sputo
972 2417 1113 2472 oculi
1145 2433 1388 2486 unquam
1408 2416 1641 2472 fuissent
1673 2420 1845 2482 uncti.
1872 2436 1973 2476 nec
1999 2422 2181 2476 statim
2209 2424 2356 2477 visus

783 2524 931 2562 caeco
954 2525 1019 2563 ex
1057 2510 1350 2564 nativitate
1387 2511 1632 2565 redditus
1660 2510 1877 2575 fuisset,
1908 2526 2008 2567 nec
2033 2530 2066 2566 e
2106 2513 2355 2580 sepulcro

785 2601 982 2653 iuni-tui
1008 2601 1460 2665 resurrexisseut,
1482 2616 1583 2655 nec
1607 2602 1661 2655 in
1678 2602 1798 2656 aliis
1812 2602 2085 2656 similibus
2110 2605 2355 2656 miracu-

784 2688 851 2742 lis
873 2689 1049 2741 virtus
1074 2689 1275 2743 Christi
1304 2690 1383 2741 vel
1411 2702 1727 2744 sanctorum
1758 2691 1904 2744 foret
1922 2690 2261 2756 caulltenda,
2283 2690 2357 2746 εἱ-

783 2782 1003 2848 quidem
1042 2781 1349 2836 uisionibus
1376 2784 1717 2838 naturalibus
1751 2785 2099 2855 praecognitis
2135 2785 2356 2853 probari

782 2874 1093 2940 nequirent.
1159 2872 1279 2927 Jam
1343 2876 1509 2944 igitur
1573 2892 1680 2931 non
1748 2881 1819 2930 ob
1880 2891 2035 2931 suam
2102 2878 2354 2936 unionem

783 2977 991 3033 partem
1024 2966 1400 3038 impnrfectam
1432 2969 1785 3037 perfectionis
1813 2970 2011 3024 divinae
2028 2969 2154 3040 jure
2176 2984 2361 3039 repre-

784 3055 1081 3120 liendetis;
1123 3056 1264 3108 Deus
1295 3059 1441 3111 enini
1469 3071 1522 3109 ιιι
1559 3074 1683 3125 pars
1717 3058 1896 3113 dictus
1919 3058 2145 3125 hujusce
2193 3060 2359 3114 totius

2464 596 2587 649 οὐδὲ
2618 598 2723 649 ὑπὸ
2751 596 2888 649 Θεοῦ
2918 600 3202 666 γεγονέναι
3226 599 3484 665 δυναταις
3519 600 3589 651 ἸΙ
3621 600 3705 652 δεῖ
3732 601 4046 653 τούναντίον

2463 687 2705 749 εὐσεῦὦς
2737 688 3104 756 ὲννοήσαντας
3133 690 3263 742 ἰδεῖν
3284 728 3300 754 ,
3357 691 3472 751 ὅτι,
3512 693 3562 743 εί
3597 689 3707 742 τῶν
3739 691 4045 760 γινομένων

2465 776 2627 843 φύσει
2656 773 2724 847 ἦν
2743 815 2759 841 ,
2802 778 2912 831 οὐδ’
2954 781 3020 832 ἂν
3064 780 3200 833 Θεοῦ
3230 779 3505 850 ἐνέργεια,
3543 781 3679 834 ἀλλὰ
3707 782 3932 848 φύσεως
3958 777 4041 851 ἦν,

2462 870 2559 922 καὶ
2586 872 2651 923 ἐκ
2672 869 2877 941 ταύτης
2898 872 3142 940 ὶγεγόνει
3161 875 3224 926 τδ
3244 857 3560 942 γινόμενονς
3594 874 3788 927 Ἦνίκα
3812 874 3872 927 δὲ
3898 875 4045 937 θείας

2462 960 2686 1029 ἀμέσως
2735 962 2953 1031 φύσεως
2996 962 3213 1030 γένοιτο
3254 963 3471 1035 ἐπινοίᾳ
3506 965 3570 1017 τὸ
3607 966 3918 1034 γινόμενον,
3953 967 4042 1019 οὐκ

2462 1053 2529 1106 ὲκ
2552 1054 2979 1124 προϋπάρξεως,
3013 1055 3131 1107 ἀλλ’
3157 1055 3223 1109 ἑκ
3257 1056 3334 1126 μὴ
3359 1056 3519 1120 ὄντος
3536 1097 3551 1121 ,
3585 1057 3784 1109 νεωστὶ
3813 1061 3930 1119 τοῖς
3957 1054 4044 1110 οὗ·

2465 1161 2518 1197 σι
2573 1144 2934 1200 συντάττεται
2976 1146 3087 1199 καὶ
3129 1147 3603 1215 συνομολογεϊται.
3658 1148 3772 1200 Καὶ
3818 1147 3886 1201 οὐ
3930 1147 4042 1200 δέοι

2463 1236 2528 1288 ἐκ
2557 1235 2666 1288 τῶν
2697 1236 2865 1288 πάλαι
2893 1236 3288 1306 έγνωσμένων,
3331 1236 3460 1300 τοὺς
3488 1237 3681 1305 λόγους
3712 1238 3807 1290 καὶ
3833 1237 3935 1309 τὴν
3963 1238 4044 1291 δό-

2463 1324 2560 1390 ξαν
2594 1325 2778 1394 ζητεῖν
2813 1323 2923 1378 τῶν
2950 1325 3284 1395 παραδόξων
3308 1364 3325 1390 ,
3380 1325 3534 1397 ᾷπαξ
3570 1326 3646 1397 μὴ
3676 1326 4043 1397 ἀρνουμένους

2460 1418 2544 1471 ὅτι
2591 1417 2707 1470 ἔστι
2746 1434 2800 1471 τι
2851 1419 2948 1471 καὶ
2988 1417 3299 1487 παράδοξον
3327 1416 3578 1485 γίνεσθαι
3606 1418 3713 1471 ὑπὸ
3742 1418 3912 1472 Θεοῦ’
3958 1420 4041 1472 νό-

2464 1524 2555 1577 μοι
2587 1507 2699 1578 γὰρ
2733 1507 2951 1577 φύσεως
2998 1507 3371 1562 καταλύονται
3423 1508 3599 1580 ῥᾷστα
3646 1508 3727 1578 τῷ
3775 1509 4039 1579 νομοθέτῃ

2458 1600 2518 1651 ιν
2553 1598 2764 1670 καιρῷ.
2822 1600 2885 1651 El
2918 1599 3030 1668 γὰρ
3073 1597 3149 1668 μὴ
3184 1595 3364 1659 οὕτως
3413 1597 3592 1652 ταῦτα
3636 1598 4038 1668 καταδέχεσθε,

2465 1690 2591 1760 ὥρα
2615 1690 2783 1760 ὑμᾶς,
2809 1690 2947 1759 μηδὲ
2969 1690 3070 1760 τὴν
3093 1692 3159 1744 ἐκ
3181 1689 3456 1759 παρθένου
3482 1690 3696 1761 μήτρας
3720 1690 4041 1758 προέλευσιν

2462 1782 2790 1853 προσίεσθαι
2834 1780 3152 1836 οὑτινοσοῦν
3192 1780 3485 1851 σώματος,
3544 1782 3648 1835 κᾶν
3676 1780 3753 1844 ὡς
3784 1781 4040 1851 βούλεσθε

2460 1873 2757 1946 ανθρώπου
2802 1871 2967 1944 ψιλοῦ
3019 1889 3108 1936 τις
3148 1868 3293 1927 εἶναι
3331 1873 3482 1939 λέγοι
3516 1874 3620 1942 τὴν
3651 1873 3912 1943 γέννησιν
3948 1873 4042 1941 τὴν

2461 1968 2557 2020 ἀπ’
2588 1967 2780 2036 αὐτῆς.
2819 1967 2936 2019 Πᾶν
2962 1965 3074 2035 γὰρ
3101 1964 3262 2033 σῶμα
3292 1964 3382 2017 διὰ
3409 1961 3662 2032 σώματος
3688 1963 3932 2033 χωροῦν,
3955 1963 4043 2016 θά-

2460 2076 2619 2128 τερον
2641 2058 2806 2123 δείξει
2829 2056 3134 2127 διαιρεθέν·
3163 2054 3282 2109 ἀλλ’
3339 2054 3463 2109 οὐδὲ
3520 2053 3741 2125 ἀϐρόχῳ
3776 2052 3905 2105 ποδὶ
3952 2071 4043 2104 περ

2462 2151 2649 2217 ζεύειν
2679 2151 2775 2204 ἐπὶ
2797 2150 3076 2217 θαλάσσης
3098 2147 3345 2219 ἀνδρεῖον
3380 2147 3541 2216 σῶμα
3571 2146 3684 2216 ἔχοι
3716 2140 3905 2213 λόγον,
3924 2147 4043 2198 ἐπεὶ

2465 2241 2603 2312 μηδὲ
2638 2238 2877 2311 φυσικὴν
2910 2238 3248 2308 πιθανότητα
3269 2252 3281 2264 ·
3344 2237 3412 2291 τὰ
3448 2235 3557 2309 γὰρ
3593 2237 3907 2305 κουφότερα
3937 2239 4044 2295 τοῖς

2462 2330 2812 2402 βαρυτέροις,
2841 2330 2903 2383 οὐ
2930 2330 2999 2382 τὰ
3028 2328 3311 2400 βαρύτερα
3336 2331 3448 2390 τοῖς
3475 2326 3837 2397 κουφοτέροις
3860 2327 4045 2393 ἐπινή-

2460 2440 2617 2493 χεται
2665 2421 2938 2492 σώμασιν.
3004 2421 3149 2475 Ἀλλ’
3183 2422 3305 2475 οὐδὲ
3338 2422 3444 2474 ὑπὸ
3475 2420 3652 2490 πηλοῦ
3685 2421 3781 2472 καὶ
3810 2420 4044 2472 πτυέλου

2458 2515 2776 2587 ὀφθαλμοὺς
2805 2514 3213 2569 διαπεπλάσθαι
3243 2514 3398 2575 ποτὲ,
3436 2513 3534 2566 καὶ
3566 2515 3704 2583 πρὸς
3732 2513 3835 2581 τὴν
3868 2528 4044 2581 παραυ

2459 2610 2652 2679 χρῆμα
2679 2607 2941 2678 ὁρατικὴν
2971 2608 3259 2676 ἐνέργειαν
3284 2605 3688 2676 ἀπαρτίζεσθαι
3716 2601 3813 2657 τοῦ
3841 2604 3912 2654 ὲκ
3962 2618 4047 2667 τε-

2472 2701 2630 2770 νετῆς
2662 2699 2866 2768 τυφλοῦ
2887 2738 2903 2762 ,
2952 2699 3074 2753 οὐδὲ
3120 2699 3351 2768 νεκροὺς
3396 2701 3462 2751 ὲκ
3494 2697 3668 2765 τάφου
3697 2695 4044 2754 ἀνίστασθαι,

2458 2791 2584 2846 οὔτε
2620 2792 2679 2845 δέ
2713 2809 2836 2845 τινα
2864 2790 2973 2844 τῶν
3005 2791 3182 2845 ἄλλων
3216 2789 3421 2859 ὁμοίων
3453 2787 3924 2857 θαυματουργιῶν
3957 2784 4046 2838 δύο

2459 2902 2625 2953 ναμιν
2679 2883 2774 2937 τοῦ
2820 2884 3059 2955 Χριστοῦ
3114 2882 3147 2952 ἢ
3195 2882 3305 2934 τῶν
3339 2881 3514 2947 ἁγίων
3549 2879 3842 2950 ὁμολογεῖν
3879 2879 4045 2939 ἐστιν,

2459 2973 2582 3028 ἐπεὶ
2623 2974 2697 3042 μὴ
2727 2976 2842 3035 τοῖς
2872 2974 3123 3041 φυσικοῖς
3153 2971 3338 3039 λόγοις
3369 2969 3841 3039 προεγνωσμένην
3869 2969 4045 3037 ἔχουσι

2458 3064 2557 3133 τῆς
2591 3062 2775 3125 αἰτίας
2808 3062 2904 3131 τὴν
2935 3061 3240 3124 ἀπόδειξιν.
3300 3059 3539 3122 Οὐκοῦν,
3571 3059 3671 3109 οὐκ
3702 3060 3770 3109 ἐκ
3798 3058 3897 3108 τοῦ
3933 3074 4050 3109 συν-

784 3144 917 3195 unitt
949 3148 1173 3196 οιιιιιιιιι)
1198 3144 1529 3207 intellectus,
1577 3148 1649 3197 ita
1681 3155 1860 3198 totum
1912 3146 2136 3216 aliquod
2182 3146 2360 3217 majus

2459 3155 2683 3224 τεθῆναι
2742 3154 2843 3224 ἤδη
2906 3153 3148 3220 εὐλόγως
3201 3152 3299 3220 τῆς
3349 3149 3503 3213 θείας
3546 3147 3896 3218 τελειότητος
3952 3166 4048 3218 με.

782 3248 962 3295 δοινδθ
998 3243 1055 3285 ιιι
1102 3248 1255 3300 parte
1312 3235 1515 3287 habere
1550 3250 1654 3287 non
1711 3235 2062 3304 intelligetur,
2098 3236 2186 3290 his
2238 3253 2360 3305 quae

789 3334 1035 3373 naturam
1070 3326 1259 3389 ipsius,
1279 3339 1400 3391 quae
1424 3326 1678 3377 unionem
1701 3334 2110 3393 consequuntur
2136 3329 2358 3381 vincen-

784 3410 944 3460 libus.
997 3410 1052 3461 Si
1093 3411 1238 3462 enim
1291 3410 1487 3462 divina:
1541 3411 1758 3464 unionis
1789 3413 1931 3465 ratio
1985 3421 2155 3465 totum
2198 3428 2358 3468 suum

784 3499 959 3567 majus
986 3513 1108 3550 esse
1140 3513 1235 3548 sua
1271 3509 1424 3564 parte
1454 3498 1585 3557 vult,
1626 3508 1677 3549 at
1731 3506 1939 3552 natura:
1967 3499 2166 3553 divina:
2219 3502 2358 3554 ratio

782 3585 920 3637 n.lnl
953 3588 1066 3652 ipsa
1097 3585 1272 3652 majus
1303 3590 1416 3637 \uit
1446 3586 1596 3655 litigi.
1629 3585 1760 3651 Quae
1789 3601 1920 3655 ergo
1950 3602 2013 3640 cx
2039 3588 2123 3642 liis
2143 3588 2357 3644 duobus

790 3675 1093 3728 razionibus
1138 3674 1381 3728 adversis
1413 3677 1593 3743 potius
1626 3692 1787 3744 quam
1827 3677 2361 3750 alterajrangetur?

776 3784 833 3836 Si
868 3799 1000 3837 vero
1030 3785 1199 3853 igitur
1234 3796 1428 3838 natura
1457 3785 1697 3840 vincitur
1727 3786 1858 3840 uitio
1877 3825 1893 3850 ,
1938 3802 2048 3840 non
2076 3802 2209 3843 vero
2232 3790 2354 3843 vin—

776 3876 872 3938 cit,
899 3877 1177 3945 quomodo
1209 3886 1421 3931 natura:
1456 3894 1564 3931 non
1607 3878 1970 3934 condonanda
1997 3888 2147 3936 esset
2177 3882 2356 3937 unio?

776 3964 833 4019 Si
860 3974 1039 4020 autem
1068 3968 1141 4021 ita
1176 3982 1286 4020 non
1326 3982 1386 4021 se
1413 3967 1600 4029 habet,
1627 3968 1875 4036 profecto
1895 3983 2028 4037 ergo
2051 3984 2221 4039 supra
2252 3986 2353 4025 na.

778 4064 959 4110 turam
995 4058 1228 4111 tenenda
1257 4067 1343 4112 est
1372 4059 1524 4111 unio.
1559 4060 1717 4113 Patet
1766 4059 1935 4129 igitur
1984 4075 2057 4119 ex
2103 4061 2356 4130 probatis

773 4147 1056 4209 omnibus,
1094 4157 1152 4202 ut
1181 4159 1396 4218 partem
1427 4150 1537 4204 dici
1574 4151 1851 4218 Verbum,
1879 4166 1992 4205 non
2024 4167 2151 4207 cum
2179 4153 2355 4223 parti-

773 4240 943 4293 culari
978 4239 1432 4309 imperfectione;
1490 4242 1818 4312 unitumque
1840 4280 1854 4304 ,
1889 4258 2024 4310 non,
2053 4251 2114 4299 ut
2146 4244 2351 4310 dicitis,

775 4329 879 4399 legi
907 4330 1341 4385 substantiarum
1379 4334 1524 4386 inter
1577 4349 1637 4387 se
1691 4333 1973 4388 unitarum
2025 4334 2351 4406 subjicitur;

774 4438 880 4478 nec
904 4425 1089 4478 minus
1116 4434 1199 4478 est
1226 4440 1292 4478 eo
1322 4425 1471 4493 quod
1498 4424 1703 4479 dicitur
1725 4434 1925 4490 totum,
1951 4426 2107 4497 juxta
2130 4426 2352 4481 modum

2460 3246 2620 3314 ρικὴν
2643 3244 2893 3297 ἀτέλειαν
2919 3244 3332 3313 κατηγορήσετε
3352 3260 3365 3272 ·
3399 3244 3428 3295 ὁ
3459 3243 3567 3310 γὰρ
3593 3241 3668 3305 ὡς
3697 3242 3868 3310 μέρος
3890 3241 4041 3308 λεγό-

2459 3353 2617 3406 μενος
2663 3334 2822 3389 τοῦδε
2876 3334 2974 3387 τοῦ
3024 3335 3148 3386 ὅλου
3202 3333 3466 3386 συνθέτου
3512 3334 3646 3395 Θεὸς
3698 3332 3853 3396 ἅπαξ
3897 3334 4043 3386 νοού-

2462 3444 2660 3498 μενος,
2709 3427 2785 3489 ὡς
2831 3427 2952 3479 ὅλον
2993 3443 3045 3478 τι
3087 3424 3272 3495 μεῖζον
3303 3424 3451 3494 ἔχειν
3481 3422 3677 3477 ἑαυτοῦ
3711 3422 3786 3485 ὡς
3819 3425 4045 3493 μέρους,

2458 3518 2519 3569 οὐ
2565 3515 2895 3586 νοηθήσεται
2921 3533 2932 3543 ·
2993 3515 3101 3567 τῶν
3144 3514 3244 3580 τῆς
3282 3514 3501 3582 φύσεως
3531 3513 3698 3567 αὐτοῦ
3734 3514 4049 3566 ἀκολούθων

2457 3607 2632 3675 λόγων
2681 3605 2991 3671 νικώντων,
3049 3606 3146 3658 καὶ
3193 3605 3322 3668 τοὺς
3371 3606 3471 3673 τῆς
3516 3604 3828 3667 συνθέσεως
3860 3605 4047 3657 αὑτοῦ.

2460 3700 2520 3752 Ei
2569 3699 2681 3768 γὰρ
2733 3699 2829 3750 καὶ
2872 3698 2970 3764 τῆς
3015 3696 3318 3759 συνθέσεως
3360 3698 3460 3763 τῆς
3501 3696 3654 3758 θείας
3682 3697 3712 3748 ὁ
3746 3694 4050 3762 1670;57:-

2458 3792 2620 3853 αιτεῖ,
2665 3788 2852 3858 μεῖζον
2891 3784 3036 3840 εἶναι
3080 3787 3173 3839 τοῦ
3215 3788 3419 3855 μέρους
3463 3787 3525 3838 τὸ
3558 3787 3689 3838 ἴδιον
3722 3787 3873 3848 ὅλον,
3915 3788 4049 3839 ἀλλα

2458 3880 2556 3950 τῆς
2583 3879 2800 3947 φύσεως
2832 3878 2934 3946 τῆς
2965 3878 3118 3940 θείας
3152 3877 3380 3929 ἀπαιτεί
3414 3875 3580 3943 λόγος
3603 3916 3620 3936 ,
3672 3876 3847 3945 μηδὲν
3881 3878 4051 3945 αὐτῆς

2459 3971 2645 4040 μεῖξον
2692 3967 3067 4022 ἐπινοεῖσθαι·
3125 3966 3232 4020 τῶν
3277 3965 3372 4018 δύο
3412 3963 3507 4018 οὖν
3553 3967 3819 4019 ἐναντίων
3851 3967 4049 4036 λόγων,

2454 4060 2539 4122 τίς
2589 4058 2793 4130 μᾶλλον
2841 4058 2921 4128 τῷ
2961 4058 3138 4128 ἑτέρῳ
3180 4057 3668 4127 ἀνατραπήσεται;
3725 4054 3788 4108 ΕΞ
3828 4058 3936 4126 μὲν
3962 4055 4052 4111 οὖν

2454 4155 2522 4221 τῇ
2548 4150 2712 4219 φύσει
2743 4152 3151 4219 συναναιρεῖται
3179 4150 3211 4218 ἡ
3244 4148 3596 4211 σύνθεσις,οὺ
3630 4153 3955 4218 συναναιρεί
3974 4152 4046 4210 δὲ,

2458 4243 2576 4306 πῶς
2625 4243 2687 4296 οὐ
2732 4242 2852 4295 δέον
2905 4244 2972 4311 τῇ
3022 4240 3183 4310 φύσει
3234 4241 3594 4309 παραχωρεῖν
3625 4238 3722 4306 τὴν
3756 4240 4047 4303 adulterino;

2457 4332 2520 4387 Ei
2555 4334 2612 4387 δὲ
2651 4333 2726 4403 μὴ
2756 4332 2933 4397 οὕτως
2958 4332 3071 4402 ἔχει
3096 4372 3113 4396 ,
3173 4331 3334 4401 δῆλον
3387 4331 3463 4395 ὡς
3498 4331 3618 4383 δέον
3652 4334 3883 4401 κρατεῖν
3916 4334 4051 4403 ὑπὲρ

2457 4426 2559 4495 τὴν
2588 4426 2749 4493 φύσιν
2782 4426 2882 4495 τὴν
2910 4424 3185 4478 σύνθεσιν.
3222 4422 3462 4491 Φανερὸν
3493 4417 3589 4475 οὖν
3621 4424 3684 4474 ἐκ
3709 4423 3825 4475 τῶν
3852 4424 4049 4477 ἀποδε-

774 4517 1069 4584 quemdam
1099 4515 1391 4585 compositi
1433 4517 1891 4586 signiﬁcationis;
1932 4525 2028 4572 aut
2052 4519 2355 4574 secundum

2459 4517 2762 4586 δειγμένων
2790 4516 3033 4578 πάντων,
3069 4515 3143 4573 ὼς
3175 4514 3269 4567 καὶ
3303 4514 3469 4585 μέρος
3500 4513 3529 4567 ὀ
3609 4513 3773 4579 όγος,
3812 4515 3879 4566 οὐ
3919 4515 4053 4583 μετᾶ

773 4616 1153 4662 creaturarum
1189 4607 1626 4663 mediocritatem
1663 4616 1719 4663 et
1742 4608 1992 4663 habitum
2026 4611 2355 4673 naturalem,

773 4715 930 4753 suam
968 4701 1268 4755 increutam
1315 4701 1680 4757 substantiam
1715 4703 2075 4772 perfectionis
2130 4703 2357 4761 inﬁnita;

780 4793 1011 4845 revelat.
1040 4792 1157 4845 Non
1192 4808 1328 4861 ergo
1358 4793 1544 4846 minor
1578 4802 1666 4847 est
1693 4794 1882 4863 aliquo
1914 4803 2011 4849 aut
2049 4796 2354 4850 secundum

772 4883 906 4952 quid
939 4882 1085 4936 Deus
1113 4882 1377 4945 Verbum,
1429 4883 1516 4937 vel
1555 4882 1785 4947 unitus,
1839 4883 1927 4938 vel
1973 4898 2085 4938 non
2120 4886 2349 4951 unitus;

774 4982 1224 5040 evaneseuntquc
1278 4973 1442 5027 modo
1494 4972 1631 5027 fumi
1684 4974 1966 5038 resoluta,
2032 4974 2352 5030 insolubilia

775 5072 981 5129 vestra,
1010 5072 1070 5117 ut
1094 5064 1298 5126 dicitis,
1323 5074 1491 5134 atque
1513 5064 1961 5134 inexpugnabilia
1989 5066 2350 5136 sophismata.

777 5155 874 5210 His
908 5171 1041 5226 ergo
1083 5171 1142 5210 se
1189 5155 1527 5211 habentibus
1552 5195 1570 5221 ,
1623 5170 1728 5211 nos
1764 5156 2005 5211 Verbum
2045 5157 2350 5213 secundum

774 5248 948 5317 ipsius
974 5248 1339 5303 substantiam
1366 5247 1436 5302 ad
1458 5256 1705 5304 nostram
1730 5248 2097 5306 substantiam
2136 5250 2350 5304 unitum

771 5339 1031 5403 dicimus,
1059 5350 1229 5407 utque
1258 5350 1471 5410 partem
1516 5342 1689 5397 totius
1720 5341 2054 5411 compositi,
2093 5342 2240 5410 quod
2263 5351 2354 5396 est

770 5432 1049 5498 Christus,
1084 5434 1500 5504 distinguimus,
1527 5433 1894 5503 compositum
1920 5448 2055 5488 vero
2076 5449 2198 5489 esse
2230 5433 2351 5487 uni-

771 5541 893 5580 cam
926 5526 1313 5589 substantiam,
1354 5542 1421 5581 ex
1472 5535 1663 5581 nostra
1697 5526 2015 5595 ipsiusque,
2064 5541 2349 5595 nunquam

771 5611 1032 5676 diximus,
1069 5614 1214 5669 absit
1242 5615 1255 5668 ι

2464 4609 2697 4679 μερικῆς
2748 4606 2998 4670 ἀτελείας
3043 4605 3262 4672 λέγεται
3291 4619 3304 4634 ⁸
3365 4605 3462 4683 καὶ
3513 4603 3947 4674 συντιθέμενος,
3992 4605 4048 4657 οὐ

2461 4698 2648 4760 καθώς
2700 4715 2838 4767 φατε
2887 4697 2966 4767 τῷ
3007 4697 3159 4767 νόμῳ
3208 4696 3319 4750 τῶν
3371 4694 3647 4749 συνθέτων
3688 4696 3902 4749 οὐσιῶν
3950 4697 4051 4748 τῶν

2460 4794 2591 4862 παρ’
2623 4789 2806 4844 αὐτῶν
2836 4788 3202 4843 ὑποϐάλλεται
3224 4802 3240 4818 ⁸
3288 4786 3413 4841 οὔτε
3439 4786 3661 4841 ἔλαττον
3688 4786 3787 4839 τοῦ
3814 4787 4051 4855 λεγομὲ-

2460 4899 2552 4937 νου
2581 4882 2729 4946 ὅλου,
2762 4881 2905 4934 κατά
2931 4897 3055 4933 τινα
3080 4879 3286 4948 τρόπον
3317 4879 3593 4948 σημασίας
3622 4876 3721 4929 τοῦ
3751 4878 4044 4931 συνθέτου·

2460 4974 2493 5046 ῆ
2535 4973 2678 5027 κατὰ
2701 4972 2804 5042 τὴν
2826 4971 2938 5024 τῶν
2966 4969 3202 5025 κτιστῶν
3233 4970 3575 5041 σμικρότητα
3606 4968 3703 5021 καὶ
3729 4968 3932 5038 σχέσιν
3957 4986 4046 5037 ςυ-

2461 5067 2664 5134 σικὴν,
2734 5064 2834 5135 τὴν
2894 5062 3092 5116 ἑαυτοῦ
3142 5063 3400 5117 ἄκτιστον
3449 5059 3679 5130 οὑσιώδη
3726 5060 4043 5130 τελειότητα

2458 5157 2854 5211 ἐπιδείκνυται.
2914 5155 3030 5209 Οὐκ
3060 5155 3282 5208 ἔλαττον
3311 5148 3406 5207 οὖν
3431 5153 3541 5222 ἄρα
3570 5151 3713 5212 τινὸς
3749 5150 3784 5222 ἢ
3822 5155 3974 5206 κατὰ
3996 5168 4043 5203 τι

2457 5251 2487 5304 ό
2512 5250 2645 5313 Θεὸς
2672 5249 2882 5317 Λόγος.
2940 5247 3065 5300 οὐδὲ
3112 5245 3521 5314 συντιθέμενος,
3557 5243 3679 5296 οὐδὲ
3709 5243 4038 5305 ἁσύνθετος·

2455 5343 2551 5396 καὶ
2575 5343 2783 5410 οἴχεται
2802 5342 2831 5392 ὑ
2839 5338 2956 5410 μῶν
2983 5338 3196 5391 καπνοῦ
3224 5337 3382 5408 δίκην
3407 5336 3731 5390 διαλυθέντα
3755 5337 3828 5390 τὰ
3852 5338 4039 5400 ἄλυτα,

2455 5430 2531 5495 ὡς
2574 5431 2777 5495 οἴεσθε,
2805 5430 2898 5484 καὶ
2946 5429 3437 5496 δυσκαταγώνιστα
3489 5428 3831 5497 σοφίσματα.
3904 5428 4041 5497 Πλὴν

2452 5523 2550 5577 καὶ
2596 5522 2805 5576 τούτων
2856 5519 3030 5582 οὕτως
3079 5520 3357 5588 ἑχόντων,
3413 5521 3581 5589 ἡμεῖς
3638 5516 3908 5571 σύνθετον
3954 5518 4039 5589 μὲν

2452 5614 2574 5666 κατ’
2600 5612 2792 5666 οὐσίαν
2842 5612 2941 5681 τὴν
2986 5609 3156 5663 αὐτοῦ
3209 5610 3346 5679 πρὸς
3388 5611 3488 5677 τὴν
3529 5608 3818 5680 ἡμετέραν
3858 5609 4039 5663 οὐσίαν

775 5701 956 5771 φαμὲν
983 5702 1074 5754 τὸν
1105 5704 1275 5769 Λόγον
1296 5720 1310 5735 ο
1367 5705 1461 5757 καὶ
1492 5704 1566 5765 ὼς
1606 5703 1773 5774 μέρος
1807 5700 1903 5757 τοῦ
1934 5704 2193 5758 συνθέτου
2220 5705 2345 5758 ὅλου
2384 5703 2624 5772 Χριστοῦ
2657 5702 3079 5773 διαστέλλομεψ
3119 5698 3377 5755 σύνθετον
3439 5701 3496 5753 δὲ
3557 5698 3772 5766 οὐσίαν,
3805 5700 3925 5753 ἀπὸ
3950 5699 4035 5767 τῆς

778 5791 942 5846 αὐτοῦ
972 5812 1027 5846 τε
1060 5796 1151 5847 καὶ
1182 5795 1279 5862 τῆς
1313 5797 1591 5865 ἡμετέρας
1614 5835 1627 5859 ,

1671 5794 1731 5848 οὗ
1770 5797 1953 5866 ςςιιμέν
1987 5814 2134 5855 ποτε,
2171 5798 2247 5868 μὴ
2273 5794 2504 5865 γένοιτο.
