4214 6450
165 415 291 481 1M5

744 525 996 579 ΚΕΦΛΛ.
1031 522 1130 577 [Δ’.
1226 538 1228 541 ·

219 618 374 671 Πᾶσα
429 612 529 684 μία
571 611 737 680 φύσις
807 613 840 684 ἢ
892 613 987 665 καὶ
1039 611 1341 675 ὑπόστασις
1391 609 1733 679 συγκειμένη

157 711 216 761 ἐκ
263 705 448 775 μερῶν
495 703 894 772 ἑτεροουσίων,
969 704 1083 772 ἔχει
1131 703 1287 764 τινὰς
1329 701 1635 773 ἐνεργείας,
1671 701 1737 760 ἀς

155 796 256 850 οὐδ’
289 795 576 863 ὁπότερον,
610 792 671 856 ἐξ
696 787 773 845 ὧν
803 793 1127 856 συνέστηκε.
1163 791 1390 844 δύναται
1425 790 1549 841 καθ’
1577 788 1737 839 ἑαυτὸ

156 888 244 940 καὶ
293 888 463 956 χωρὶς
511 886 613 953 τῆς
649 884 746 937 τοῦ
779 885 970 950 ἑτέρου
1003 885 1288 951 ἐνεργείας
1316 881 1600 934 ἐκτελέσαι
1629 879 1738 929 τινὶ

153 982 336 1049 τρόπῳ
365 978 514 1031 ποτέ.
540 1001 545 1006 ~
567 973 693 1029 υἱον
721 976 869 1045 ψυχὴ
909 976 1005 1028 καὶ
1045 975 1226 1044 σῶμα,
1252 975 1467 1028 δέονται
1494 971 1739 1040 ἀλλήλων

156 1076 229 1133 είς
263 1073 325 1122 τὸ
356 1069 684 1139 καταρτίσαι
715 1069 923 1126 πλεῖον,
954 1068 1313 1137 οἰκοδομῆσαι
1341 1062 1510 1124 οἷκον,
1537 1064 1738 1131 ὺτρᾶναι

154 1163 376 1230 χιτῶνα,
401 1163 496 1214 καὶ
521 1161 638 1212 εἴτι
669 1159 913 1212 τοιοῦτον
936 1175 950 1189 ο
975 1162 1131 1228 ὅπερ,
1152 1159 1230 1220 ὡς
1259 1156 1434 1221 εἷπον,
1468 1155 1741 1207 ἀδύνατον

157 1260 232 1310 ἑνὶ
271 1256 454 1308 αὑτῶν
497 1257 668 1325 χωρὶς
706 1257 806 1323 τῆς
839 1254 1071 1322 θατέρου
1103 1255 1398 1324 συνεργίας
1430 1250 1739 1308 ἐκτελέσαι,

160 1347 226 1397 δι’
269 1344 536 1413 οὑὸήποτε
581 1346 808 1408 τρόπου.
869 1342 933 1394 El
979 1341 1160 1393 τοίνυν
1215 1340 1313 1409 μία
1355 1338 1535 1406 φύσις,
1572 1338 1604 1405 ἧ
1643 1338 1741 1404 μία

162 1435 462 1489 ὑπόστασις
499 1431 839 1500 ἀπετελέσθη
878 1433 941 1482 ὲκ
969 1430 1295 1493 συνθέσεως,
1339 1429 1416 1492 ὥς
1449 1446 1604 1497 φασι,
1643 1428 1743 1496 τῆς

154 1528 246 1579 τοῦ
279 1526 420 1578 Θεοῦ
449 1525 624 1591 Λόγου
679 1523 816 1591 πρὸς
858 1524 954 1575 τον
999 1522 1061 1586 ἐξ
1095 1522 1256 1591 ήμῶν
1286 1521 1599 1591 ἄνθρωπον,
1638 1520 1744 1572 εἰσί

152 1636 303 1679 τινες
330 1617 612 1686 ενέργειαι
645 1616 742 1684 τῆς
764 1615 980 1668 τοιᾶσδε
1005 1616 1224 1682 φύσεως
1251 1616 1345 1666 καλ⁵
1368 1615 1740 1674 ὑποστάσεως,

153 1706 217 1767 ἀς
264 1707 294 1758 ὁ
325 1706 458 1765 Θεὸς
485 1707 657 1771 Λόγος
690 1704 811 1756 καθ’
841 1704 1035 1756 ἑαυτὸν
1066 1706 1167 1757 οὑκ
1194 1703 1429 1773 ἠδύνατο
1458 1702 1743 1774 πληρῶσαί

154 1816 258 1851 τινι
289 1797 477 1868 τρόπῳ
505 1798 586 1865 (τὸ
609 1797 666 1848 δὲ
692 1798 777 1864 μὴ
807 1797 1128 1862 δύνασθαι,
1159 1795 1568 1864 διχῶςλέγεται
1595 1794 1744 1864 παρὰ

1121 415 1515 475 ADVERSUS
1547 413 2096 476 NESTORIANOS.
2129 439 2196 448 ·-
2235 414 2381 472 LIB.
2418 414 2474 473 ἶ.

3264 412 3400 478 iiii;

2479 519 2631 574 CAP.
2668 518 2760 573 XI.

1907 610 2099 665 Omnis
2129 624 2238 662 una
2266 617 2465 663 natura
2495 609 2581 662 vel
2621 619 2677 663 et
2724 609 3036 676 hypostasis
3062 626 3128 666 ex
3158 613 3410 682 partibus

1836 701 2063 758 alterius
2099 699 2317 769 generis
2349 699 2699 768 composita,
2742 700 3008 768 quasdam
3059 706 3412 770 operationes

1838 791 2009 845 habet
2035 830 2050 853 ,
2094 806 2233 858 quas
2261 799 2454 844 neutra
2493 804 2561 843 ex
2604 789 2692 844 bis
2722 804 2754 844 e
2797 791 3002 859 quibus
3030 793 3410 855 constituitur,

1838 883 2143 939 secundum
2190 882 2333 935 idem
2383 883 2613 952 sineque
2642 884 2876 938 alterius
2927 885 3252 954 operatione
3297 886 3416 941 ullo

1851 974 2012 1030 modo
2035 989 2273 1042 unquam
2298 973 2557 1041 perﬁcere
2583 983 2779 1043 potest.
2804 976 2880 1029 ita
2906 978 3099 1031 anima:
3123 988 3178 1031 et
3193 981 3414 1046 corpori

1851 1080 1969 1122 sese
2020 1068 2248 1121 invicem
2293 1081 2433 1136 opus
2481 1079 2563 1119 est
2614 1071 2676 1119 :ul
2727 1085 2914 1123 tuich
2967 1071 3413 1133 construendam,

1841 1157 2480 1218 mdilieaudamdonmm.
2515 1159 2756 1213 tunicam
2782 1161 3094 1224 texendam,
3128 1177 3192 1215 ac
3217 1165 3258 1213 si
3284 1162 3416 1230 quid

1843 1247 2194 1316 hujusmodi;
2224 1248 2373 1316 quod
2407 1249 2561 1302 nullo
2595 1265 2838 1318 unquam
2871 1251 3034 1304 modo
3083 1253 3178 1304 uni
3226 1267 3293 1306 ex
3332 1252 3420 1304 his

1843 1338 1962 1391 sine
1979 1337 2303 1392 alterutrius
2318 1340 2641 1407 operatione
2661 1341 2907 1410 perfecta
2937 1340 3198 1410 possibile
3215 1342 3418 1396 dicam.

1845 1429 1900 1482 Si
1932 1438 2112 1483 tamen
2145 1446 2250 1483 una
2285 1439 2502 1491 natura,
2536 1432 2621 1484 vel
2655 1448 2763 1484 una
2808 1432 3122 1503 hyposlasis
3175 1433 3422 1503 perfecta

1846 1522 1918 1576 sit
1947 1537 2015 1576 ex
2043 1522 2270 1586 unione,
2299 1531 2358 1576 ut
2386 1525 2564 1587 aiunt,
2607 1524 2703 1578 Dei
2735 1525 2898 1579 Verbi
2935 1526 3002 1579 ad
3034 1535 3284 1580 naturam
3317 1542 3422 1581 no-

1846 1623 2039 1675 stram,
2062 1621 2192 1667 sunt
2221 1614 2472 1682 quaedam
2502 1615 3184 1686 operationesliujusmodi
3209 1627 3421 1674 natura:

1845 1715 2009 1773 atque
2042 1704 2368 1775 bypostasis,
2413 1721 2554 1774 quas
2585 1706 2728 1761 Deus
2756 1707 2997 1762 Verbum
3041 1724 3140 1779 per
3179 1709 3421 1777 seipsum

1847 1797 2126 1865 complere
2155 1797 2268 1850 ullo
2301 1797 2466 1851 modo
2505 1798 2701 1867 nequit
2744 1799 2987 1870 (nequire
3004 1809 3188 1854 autem
3216 1800 3423 1871 duplici

155 1883 220 1958 τῆ
255 1863 382 1962 θείᾳ
411 1863 601 1958 Γραφῇ
637 1863 733 1940 καὶ
761 1890 819 1940 ἐν
848 1892 914 1955 τῇ
943 1890 1095 1957 κοινῇ
1130 1863 1418 1956 συνήθεξᾳ·
1450 1887 1480 1955 ἢ
1511 1887 1586 1945 tif;
1615 1863 1742 1938 d676-

1853 1863 2009 1942 modo
2036 1889 2245 1943 dicitur
2284 1891 2338 1943 in
2373 1863 2654 1960 Scriptura
2690 1863 2857 1946 sacra
2872 1902 3248 1961 consuetaque
3273 1863 3436 1947 locu.

157 1999 319 2034 ναῖον
365 1981 459 2033 τὸν
502 1981 636 2032 Θεὸν
684 1980 1031 2049 ψεύσασθαι,
1085 1980 1172 2031 διά
1205 1979 1266 2030 τὸ
1292 1979 1742 2048 ιέιτιερίγριπιπτοι⁹

154 2075 187 2142 ἦ
237 2075 318 2134 ὡς
354 2073 502 2141 δῶρά
531 2090 589 2124 τε
624 2074 714 2123 καὶ
747 2072 908 2123 θυσία
955 2070 1029 2140 μὴ
1057 2069 1336 2139 δυνάμενα
1392 2072 1537 2121 κατά
1571 2068 1747 2120 συνεί-

153 2166 318 2232 δησιν
347 2165 638 2217 τελειῶσαι
671 2162 762 2215 τὸν
793 2161 1150 2230 λατρεύοντα,
1184 2161 1273 2214 διά
1305 2161 1368 2211 τὸ
1401 2159 1623 2221 ἀσθενὲς
1655 2159 1749 2211 καὶ

154 2261 454 2325 ἀνέφικτον
501 2256 725 2308 οἱασοῦν
772 2255 1076 2324 ἐνεργείας,
1116 2257 1162 2306 εἰ
1191 2253 1528 2321 δώσουσιν),
1579 2251 1644 2314 ἃς
1686 2253 1746 2304 οὑ

152 2351 459 2417 δυνάμενος
515 2350 537 2399 3
582 2347 716 2410 Θεὸς
761 2348 938 2414 Λόγος
983 2345 1272 2415 πληρῶσαι
1309 2345 1434 2397 καθ’
1459 2344 1643 2410 αὑτὸν,
1680 2347 1747 2416 τῇ

152 2444 251 2496 τοῦ
280 2440 576 2511 ἀνθρώπου
601 2441 856 2510 ἐνεργείᾳ
882 2437 1290 2504 ὲξετέλεσεν.’Ὴ
1313 2436 1516 2506 ἀσθενῆ
1537 2437 1753 2488 δεικνύ-

152 2549 278 2584 ουσι
315 2531 406 2580 τὸν
432 2530 566 2581 Θεὸν
596 2530 792 2596 Λόγον,
830 2527 864 2598 ἢ
901 2527 1227 2598 πεπραχότα
1257 2527 1327 2578 τὰ
1353 2527 1602 2595 ἀπρεπῆ.
1637 2527 1749 2579 Καὶ

153 2626 204 2676 εἰ
241 2623 344 2693 μὲν
376 2621 438 2674 τὸ
463 2622 713 2692 πρῶτον,
762 2620 841 2674 ἔτι
877 2621 968 2673 καὶ
993 2619 1090 2672 νῦν
1120 2620 1149 2670 ὁ
1181 2619 1367 2689 Πατὴρ
1396 2620 1580 2671 ἀτονεῖ
1613 2618 1751 2688 πρὸς

151 2720 258 2788 τὴν
281 2717 681 2784 ἀποπλήρωσιν
704 2716 811 2767 τῶν
837 2713 1058 2767 τοιῶνδε
1085 2713 1404 2782 ἐνεργειῶν,
1435 2712 1509 2782 μὴ
1533 2713 1754 2780 συγκεί-

160 2825 332 2877 μενος
367 2806 442 2876 τῷ
474 2806 533 2868 ἐξ
563 2806 719 2874 ἡμῶν
747 2803 1057 2874 ἀνθρώπῳο
1110 2804 1206 2855 καὶ
1235 2804 1380 2856 κατὰ
1407 2803 1593 2866 τοῦτο,
1636 2803 1754 2871 μεί-

157 2900 275 2964 ζων
305 2901 334 2951 ὀ
365 2899 492 2959 Υἱὸς
521 2897 616 2950 τοῦ
646 2896 882 2966 Πατρδς,
926 2897 1066 2966 ὅπερ
1096 2896 1293 2958 ἀσεϐές
1320 2913 1332 2925 ·
1385 2899 1432 2948 εἰ
1461 2897 1516 2948 δὲ
1549 2897 1609 2948 τὸ
1633 2894 1756 2946 δεύ-

155 3008 350 3059 τερον,
388 2989 655 3060 πρόδηλον
685 2989 746 3040 τὸ
781 2987 1143 3057 βλάσφημον
1197 2988 1227 3040 ὁ
1277 2987 1412 3050 Θεὸς
1445 2988 1554 3055 γὰρ
1600 2985 1754 3039 οὐδὲν

153 3084 274 3136 τῶν
308 3087 574 3154 ἀπρεπῶν
607 3085 1025 3154 διαπράττεται,
1062 3082 1186 3136 οὔτε
1222 3084 1346 3136 καθ’
1380 3083 1594 3142 ἑαυτὸν,
1628 3081 1754 3133 οὔτε

161 3177 294 3244 μεθ’
322 3178 535 3245 ἐτέρου.
581 3179 642 3229 Εἰ
673 3176 730 3229 δὲ
761 3175 1045 3248 οὐδέτερον
1069 3173 1262 3228 δοῦνάι
1290 3177 1458 3236 ὅσιον,
1492 3174 1615 3226 οὑδὲ
1644 3173 1753 3242 ἄρα

159 3269 293 3321 οὐδὲ
348 3269 380 3337 ή
420 3268 672 3330 σύνθεσις
704 3268 1001 3338 γεγένηται
1031 3268 1126 3320 τοῦ
1155 3267 1294 3320 Θεοῦ
1322 3266 1499 3333 Λόγου
1536 3266 1630 3318 καὶ
1656 3265 1754 3317 τοῦ

160 3361 223 3426 ἐξ
260 3360 420 3431 ἡμῶν
450 3360 764 3430 ἀνθρώπου.

239 3451 472 3519 Ὅμοιον
512 3467 564 3502 τι
612 3449 941 3502 πεπονθέναι
986 3451 1116 3519 ἡμῖν
1153 3449 1363 3502 δοκεῖτε
1407 3454 1522 3511 τοῖς
1567 3447 1756 3516 ἀφυῶς

160 3544 224 3594 ὲν
257 3543 384 3602 ταῖς
428 3540 660 3604 τοξείαις
703 3540 811 3592 τῶν
851 3541 1068 3592 σκοπῶν
1115 3539 1624 3610 ὑπερακοντίζουσι,
1661 3539 1758 3591 καὶ

158 3634 430 3703 ἀτεχνίαν
454 3633 652 3702 μᾶλλον
671 3633 819 3702 ἥπερ
849 3633 1135 3700 εὐστοχίαν
1161 3631 1655 3700 ἐπιδεικνυμένοις,
1681 3631 1759 3700 τῷ

284 3724 482 3775 ειδέναι
540 3725 661 3775 καθ’
710 3718 771 3777 o6
800 3740 858 3775 τε
890 3725 983 3776 καὶ
1016 3726 1142 3775 ὅσον
1183 3723 1278 3776 καὶ
1346 3723 1496 3784 ὅπως
1527 3723 1592 3774 τὰ
1629 3722 1758 3790 βέλη

156 3817 293 3868 δέον
336 3816 802 3885 ἀποπέμπεσθαι·
839 3816 932 3867 καὶ
963 3814 1075 3884 γὰρ
1111 3814 1203 3866 καὶ
1243 3815 1303 3866 ὲν
1338 3814 1513 3882 τούτῳ
1557 3814 1759 3881 μᾶλλον

159 3906 313 3977 πρὸς
343 3907 467 3967 τοὺς
499 3906 628 3975 μίαν
656 3905 756 3976 τὴν
787 3906 951 3975 φύσιν
988 3907 1248 3972 λέγοντας
1277 3905 1584 3972 ἀντιλέγειν
1620 3907 1730 3958 ὀνει

160 3996 615 4067 ροπολήσαντες,
645 3995 835 4064 ῶσπερ
881 3996 985 4047 κάν
1017 3994 1095 4064 τῷ
1135 3994 1240 4064 πρὸ
1271 3992 1425 4046 τοῦδε
1471 3996 1759 4065 ἐπιχειρή-

161 4105 332 4158 ματι,
361 4086 456 4138 νῦν
486 4085 677 4157 ὥσπερ
707 4089 770 4157 τῇ
802 4086 951 4158 ῥύμῃ
974 4086 1071 4155 τῆς
1105 4086 1240 4156 πρὸς
1274 4087 1609 4154 φιλονεικίαν
1660 4089 1758 4154 ἐερ-

157 4197 368 4242 εσεως.
395 4182 490 4232 καὶ
540 4178 674 4249 πρὸς
705 4180 851 4249 ἡμᾶς
892 4181 1019 4241 τοὺς
1046 4179 1180 4248 μίαν
1211 4179 1470 4248 λέγοντας
1499 4182 1596 4251 τὴν
1627 4182 1760 4234 ὑπό-

160 4287 368 4326 στασιν
400 4270 494 4323 καὶ
527 4270 650 4340 οὐχὶ
674 4270 771 4340 τὴν
798 4269 983 4338 φύσιν,
1008 4271 1100 4323 ἐπὶ
1127 4271 1222 4322 τοῦ
1248 4271 1454 4334 Κυρίου
1477 4272 1635 4340 ⁴ἡμῶν
1663 4274 1763 4341 Ἰη-
1793 4341 1797 4344 η

162 4363 273 4416 σοῦ
305 4361 546 4433 Χριστοῦ
583 4361 964 4432 ἀντιφέρεσθε.
1013 4361 1155 4414 Ἀλλ’
1189 4363 1348 4431 ἡμεῖς
1380 4379 1442 4429 γε
1479 4364 1762 4434 συντόμως

163 4455 338 4526 ὑμῶν
385 4455 485 4523 τὴν
543 4451 902 4523 κατασκευὴν·
944 4453 1421 4522 ἀνασκευάσομεν.
1448 4455 1608 4508 Πᾶσα
1654 4457 1764 4524 γὰρ

163 4545 460 4614 ἐνέργεια,
495 4547 560 4596 ὲκ
587 4542 864 4612 δυνάμεώς
904 4546 1049 4594 ἐστι·
1083 4545 1233 4596 πᾶσα
1284 4543 1341 4594 δὲ
1388 4543 1626 4612 δύναμις,
1651 4545 1762 4597 τῶν
1795 4536 1837 4590 D

165 4634 478 4695 συνθέτων,
508 4632 541 4702 ἦ
572 4637 638 4685 ἐκ
661 4634 770 4684 τῶν
800 4631 921 4685 κατ’
948 4632 1088 4685 αὑτά
1113 4632 1313 4703 μερῶν,
1347 4633 1379 4703 ἢ
1417 4635 1481 4686 ὲκ
1509 4634 1609 4701 τῆς
1633 4651 1760 4687 συν·

159 4727 388 4784 θέσεως
422 4725 591 4793 αὐτῆς
621 4723 925 4793 ὲνυπῆρξεν
976 4724 1180 4785 αὐτοῖς.
1229 4724 1398 4794 Εῐπερ
1441 4719 1535 4776 οὖν
1572 4724 1633 4776 τὸ
1662 4724 1760 4793 μὲν

156 4818 231 4871 ἐν
261 4816 430 4885 μέρος
457 4815 618 4884 τῆσδε
641 4816 741 4882 τῆς
766 4814 1023 4867 συνθέτου
1055 4813 1412 4877 ὑποστάσεως
1428 4816 1591 4878 αὑτός
1615 4817 1766 4868 ἐστιν

153 4913 189 4962 ὁ
229 4907 372 4968 Θεὸς
405 4907 599 4972 Λόγος,
630 4904 725 4957 τοῦ
754 4905 810 4957 δὲ
839 4906 1030 4975 ἑτέρου
1066 4906 1268 4975 μέρους
1299 4906 1394 4958 τοῦ
1438 4907 1536 4958 σὺν
1586 4907 1761 4975 αὑτῷ,

155 4999 275 5054 καὶ
296 4997 399 5066 τῆς
432 4996 628 5048 ἑαυτοῦ
650 4996 708 5049 δὲ
722 4995 863 5067 πρὸς
891 4998 1072 5049 ἐκεῖνο
1096 4996 1403 5059 συνθέσεως
1426 4997 1588 5059 αὑτός
1615 4998 1767 5050 ἐστιν

152 5089 382 5152 αἴτιος,
413 5088 522 5142 πᾶν
543 5087 597 5140 δὲ
620 5089 810 5148 αἴτιον.
850 5088 1037 5158 μεῖζον
1057 5088 1158 5159 τήν
1190 5104 1249 5139 τε
1282 5087 1516 5158 δύναμιν
1543 5089 1638 5141 καὶ
1667 5089 1765 5153 τὰς

147 5184 467 5257 ἐνεργείας
497 5183 645 5256 ὑπὲρ
686 5184 756 5236 τά
789 5183 899 5236 ἴδια
929 5184 1172 5236 αἰτιατὼ
1209 5183 1326 5247 πῶς
1362 5184 1423 5236 τὸ
1453 5184 1597 5237 κατὰ
1628 5185 1764 5255 Χρι-

155 5275 310 5332 στὸν
354 5276 386 5329 ὃ
413 5293 468 5328 τι
506 5275 574 5329 ἀν
627 5274 887 5340 τις-εἴποι
919 5276 1144 5344 γεγονὸς
1193 5276 1478 5340 σύνθετον,
1535 5278 1763 5346 μείζονα

154 5372 298 5437 ἕξει
327 5369 456 5424 τι.νά
484 5370 767 5442 ἐνέργειαν
809 5368 905 5423 τοῦ
957 5369 1016 5422 ὲν
1071 5369 1220 5439 αὑτῷ
1253 5370 1374 5440 μὲν.
1404 5373 1579 5424 αἰτίου
1597 5372 1653 5422 δὲ
1693 5368 1761 5424 αὖ

149 5463 276 5518 τοῦ
319 5462 546 5533 μέρους,
570 5464 739 5534 ἧγουν
759 5462 853 5516 τοῦ
884 5461 1034 5515 θείου
1070 5463 1276 5530 Λόγους
1323 5463 1462 5516 Ἀλλ’
1484 5465 1606 5516 ἐπεὶ
1635 5466 1766 5535 περὶ

156 5558 235 5609 ab
247 5554 384 5608 σιῶν
405 5556 536 5624 ἡμῖν
567 5555 807 5625 παρέσχε
832 5553 944 5607 τῶν
961 5554 1248 5624 ὑμετέρων
1268 5555 1510 5608 ἀτοπιῶν
1540 5556 1573 5625 ἠ
1601 5555 1765 5623 ὑπερ-

156 5644 459 5708 ελύζουσα
508 5643 719 5710 ἀλογία,
754 5645 833 5697 ἔτι
877 5645 972 5698 καὶ
1021 5644 1230 5696 τοῦτων
1287 5645 1458 5706 οὕτως
1509 5647 1760 5712 ἐχόντων,

256 5823 276 5853 τ
302 5819 566 5884 Hehrvu,
603 5825 676 5880 l9.

1846 1983 2028 2034 tione:
2059 1981 2143 2034 vel
2163 1989 2223 2034 ut
2246 1981 2588 2049 impossibile
2613 1989 2698 2036 est
2720 1983 2893 2036 Deutn
2919 1984 3167 2048 mentiri,
3202 1995 3428 2053 propter

1846 2073 2218 2142 inﬁnitatem;
2248 2077 2334 2130 vel
2371 2086 2431 2130 ut
2462 2076 2606 2130 dona
2641 2086 2696 2131 et
2743 2077 2938 2132 hostia:
2980 2095 3102 2148 quae
3145 2088 3427 2147 nequeunt

1843 2168 1996 2237 juxta
2027 2167 2424 2220 conscientiam
2451 2167 2777 2223 oﬁ'er-entem
2816 2170 3120 2238 perfectum
3169 2171 3349 2225 facere
3380 2176 3427 2235 ',

1849 2265 2076 2326 propter
2092 2257 2470 2312 inﬁrmitatem
2485 2267 2542 2313 et
2560 2258 2807 2314 umbram
2825 2262 3186 2330 operationis,
3209 2262 3430 2332 quando

1848 2348 2358 2420 oﬂ'eruntur),quas
2376 2351 2770 2407 DeusVerbum
2798 2355 3076 2423 complere
3101 2372 3208 2408 non
3235 2364 3429 2424 potens

1848 2457 1950 2511 per
1977 2441 2244 2510 seipsum,
2281 2450 2490 2495 natura:
2526 2442 2780 2496 humanae
2806 2445 3124 2512 operatione
3174 2445 3428 2514 perfecit.

1848 2532 1947 2586 Vel
1981 2532 2260 2599 inﬁrmum
2293 2532 2464 2586 Deum
2499 2533 2742 2586 Verbum
2787 2536 3130 2599 ostendunt,
3165 2538 3251 2590 vel
3307 2554 3432 2607 qua}

1851 2637 1960 2675 non
2002 2620 2201 2675 decent
2232 2622 2549 2676 facientem.
2585 2623 2640 2678 Si
2661 2624 2921 2693 primum
2945 2666 2960 2691 ,
2992 2628 3296 2681 etiamnum
3332 2629 3433 2682 Pa-

1855 2721 1958 2776 ter,
1991 2715 2085 2782 qui
2112 2714 2364 2768 humana
2398 2725 2610 2770 natura:
2642 2731 2750 2770 non
2779 2718 3031 2787 subjacet
3061 2758 3076 2783 ,
3130 2719 3197 2773 ad
3240 2720 3434 2789 hujus-

1855 2802 2000 2854 modi
2034 2804 2392 2871 operationes
2424 2805 2785 2872 complendas
2819 2807 3094 2876 impotens
3113 2819 3230 2872 est;
3267 2817 3433 2878 atque

1854 2894 2158 2948 secundum
2197 2895 2301 2948 hoc
2325 2937 2339 2960 ,
2380 2897 2555 2965 major
2581 2897 2741 2951 Patre
2778 2897 2948 2952 Filius
2991 2909 3117 2963 est,
3164 2901 3310 2969 quod
3350 2911 3434 2955 est

1853 2986 2084 3055 impium
2109 3004 2122 3039 :
2148 2987 2195 3040 si
2216 3002 2348 3041 vero
2364 2987 2690 3051 secundum,
2709 2989 2937 3044 evidens
2957 3001 3040 3044 est
3059 2991 3432 3060 blasphemia;

1855 3093 2096 3147 namque
2125 3079 2268 3132 Deus
2301 3079 2441 3132 nihil
2469 3079 2616 3148 quod
2645 3095 2756 3133 non
2793 3080 2986 3135 deceat
3018 3081 3167 3141 facit.
3199 3098 3303 3135 nec
3338 3097 3436 3152 per

1782 3207 1824 3262 Ο
1860 3161 2117 3230 seipsum,
2169 3185 2273 3224 nec
2319 3185 2446 3224 cum
2479 3170 2674 3224 altero.
2716 3170 2774 3225 Si
2809 3187 2941 3225 vero
2969 3181 3230 3226 neutrum
3259 3173 3441 3227 dicere

1843 3255 2076 3327 piumest
2109 3299 2121 3323 ,
2159 3277 2268 3315 non
2316 3277 2470 3331 ergo,
2524 3279 2634 3316 non
2668 3264 2803 3318 unio
2837 3263 2980 3318 facta
3018 3273 3104 3318 est
3133 3265 3228 3320 Dei
3265 3265 3431 3320 Verbi

1856 3361 2178 3422 naturaeque
2213 3353 2490 3408 humanm.

1929 3441 2150 3510 Aliquid
2177 3441 2358 3495 simile
2396 3441 2532 3495 mihi
2558 3457 2720 3511 agere
2769 3441 3032 3497 videmini
3057 3444 3244 3513 inepte
3272 3460 3437 3513 supc-

1859 3530 2114 3584 rantibus
2133 3546 2362 3599 scopum
2417 3532 2523 3586 tela
2551 3532 2830 3600 jaciendo,
2879 3532 3210 3601 imperitiam
3254 3536 3439 3602 potius

1859 3638 2022 3692 quam
2052 3623 2330 3676 solertiam
2353 3623 2804 3686 ostendentibus,
2829 3625 2902 3677 ita
2936 3634 2995 3676 ut
3027 3624 3278 3678 nesciant
3301 3640 3434 3692 quo,

1858 3721 2127 3781 quantum
2161 3712 2556 3782 quomodoque
2597 3713 2702 3767 tela
2737 3712 2990 3781 jacienda
3023 3713 3173 3767 sint:
3201 3729 3437 3782 namque

1859 3819 1985 3858 cum
2013 3804 2069 3858 in
2093 3806 2201 3858 hoc
2224 3805 2406 3873 potius
2433 3804 2812 3858 asserentibus
2832 3819 2995 3858 unam
3028 3814 3278 3858 naturam
3305 3821 3438 3858 con-

1862 3896 2134 3952 tradicere
2168 3897 2642 3961 somniavissetis,
2698 3898 2929 3967 perinde
2989 3913 3055 3953 ac
3088 3899 3435 3967 praecedente

1861 4003 2205 4064 argumento,
2221 3996 2307 4050 sic
2331 4005 2384 4050 et
2417 4011 2567 4051 nunc
2591 3996 2867 4051 mediante
2891 3996 3266 4051 contentionis
3291 3997 3439 4051 desi-
3516 4029 3520 4034 -

1861 4087 2038 4151 derio,
2076 4088 2368 4142 adversum
2401 4103 2504 4141 nos
2534 4103 2756 4157 quoque
2780 4104 2946 4142 unam
2975 4088 3315 4159 hypostasim
3337 4103 3441 4143 nec

1861 4187 2115 4233 naturam
2141 4188 2454 4233 asserentes
2489 4178 2545 4232 in
2578 4178 2811 4232 Domino
2843 4191 3038 4233 nostro
3061 4179 3188 4234 Jesu
3219 4178 3443 4233 Christo

1865 4271 2162 4326 irruimini.
2219 4270 2324 4324 Sed
2367 4284 2469 4323 nos
2519 4277 2854 4322 structuram
2890 4276 3132 4322 vestram
3190 4268 3443 4321 breviter

1864 4364 2235 4418 destruemus.
2266 4361 2459 4416 Omnis
2487 4361 2636 4415 enim
2665 4360 2917 4430 operatio
2945 4374 3012 4413 ex
3045 4359 3290 4428 polentia
3315 4367 3440 4422 est;

1865 4455 2047 4510 omnis
2070 4464 2256 4509 autem
2287 4454 2538 4524 petentia
2567 4451 2875 4513 unitorum,
2921 4451 3038 4504 sive
3087 4465 3152 4503 ex
3192 4449 3442 4518 partibus

1865 4547 2011 4601 inter
2043 4561 2125 4608 se,
2164 4545 2281 4599 sive
2307 4559 2374 4597 ex
2419 4544 2534 4612 ipsa
2571 4541 2777 4595 unione
2810 4540 2866 4593 in
2899 4539 3033 4608 ipsis
3081 4539 3350 4593 subsistit.
3386 4537 3442 4592 Si

1865 4651 1997 4708 ergo
2046 4645 2103 4690 et
2142 4651 2270 4706 pars
2319 4649 2428 4688 una
2477 4633 2644 4687 unita:
2681 4630 2991 4703 hypostasis
3031 4629 3102 4684 sit
3141 4631 3258 4698 ipse
3301 4630 3461 4683 Deus-

1864 4727 2155 4792 Verbum,
2223 4727 2562 4794 alteriusque
2620 4725 2797 4793 partis
2855 4722 3214 4785 comitantis,
3281 4731 3446 4789 atque

1863 4817 1951 4871 sui
1975 4816 2149 4886 ipsius
2167 4815 2395 4868 unionis
2416 4828 2541 4868 eum
2571 4812 2664 4866 illa
2689 4811 2808 4881 ipse
2823 4822 2908 4866 est
2936 4825 3121 4875 causa;
3143 4809 3324 4863 omnis
3347 4823 3445 4862 an-

1865 4918 1971 4962 tem
2001 4921 2170 4962 eausa
2213 4920 2340 4960 cum
2381 4905 2454 4959 sit
2481 4905 2655 4975 major
2676 4902 2921 4973 potentia
2949 4909 3008 4956 et
3030 4900 3446 4970 operationibus

1862 4999 2104 5057 causalis
2129 4998 2266 5059 suis,
2290 4995 2572 5067 quomodo
2585 4993 2921 5059 Christus,si
2941 4992 3070 5062 quis
3089 5006 3217 5045 eum
3244 4991 3443 5044 dixerit

1862 5091 2121 5153 unitum,
2177 5089 2445 5160 majorem
2484 5085 2718 5140 habebit
2764 5084 3008 5155 aliquam
3066 5083 3446 5153 operationem

1862 5199 2027 5254 quam
2061 5197 2192 5252 pars
2278 5195 2402 5250 quae
2441 5188 2532 5234 est
2557 5178 2615 5232 in
2649 5179 3031 5248 ipso,qua:que
3066 5175 3265 5230 iterum
3287 5174 3455 5240 panis

1861 5285 2163 5339 estcausa,
2193 5273 2310 5328 sive
2341 5271 2514 5327 Verbi
2548 5270 2764 5326 divini?
2809 5272 2878 5324 At
2905 5268 3178 5339 siquidem
3212 5265 3447 5321 stultitia

1870 5366 2238 5422 absurdorum
2272 5371 2586 5418 vestrorum
2615 5377 2831 5417 summa
2871 5361 2940 5415 de
2976 5357 3303 5415 substantiis
3330 5372 3447 5412 ser-

1871 5474 2095 5516 monem
2124 5457 2388 5518 adduxit.
2439 5456 2744 5511 etiamnum
2774 5453 2864 5509 his
2894 5453 2973 5508 ita
3005 5467 3065 5508 se
3095 5449 3446 5511 habentibus,

1866 5552 2030 5607 nobis
2063 5561 2246 5605 tamen
2276 5549 2382 5604 hoc
2415 5563 2639 5619 quoque
2665 5546 2962 5602 dicendum
2996 5553 3113 5609 est,
3151 5542 3197 5598 si
3234 5541 3451 5596 intelle~

1869 5642 2205 5698 ctuabilibus
2256 5641 2434 5696 oculis
2493 5639 2831 5702 intendatis,
2894 5652 2991 5691 vos
3049 5635 3207 5692 facile
3259 5632 3449 5687 videre
