4214 6450
795 375 927 438 Η-ΞἾ

2052 391 2359 451 LEONTII
2401 394 2711 453 BYZANTI
2726 398 2804 455 N‘I

3904 407 4033 470 “18

780 488 1008 542 omnino
1033 490 1308 558 quomodo
1338 507 1560 562 quoque
1615 496 1748 548 fiant
1777 496 2049 565 pleneque
2075 509 2131 550 et
2183 501 2333 550 ιιιιιιιί·

2459 503 2606 569 ὅμως
2669 505 2761 554 καὶ
2819 502 2977 556 τοῦτο
3030 506 3248 559 λεκτέον
3278 509 3536 578 ὑμῖν,·ὂτι
3588 512 3633 562 ει
3664 513 3779 574 τοῖς
3822 523 4034 583 νοητοῖς

781 577 931 634 festae
956 583 1307 649 operationes
1335 586 1404 638 ab
1435 588 1610 650 unito,
1642 603 1780 655 quas
1813 604 1914 642 nec
1945 590 2088 643 Deus
2122 606 2229 643 non
2266 591 2352 643 in-

779 682 1054 736 carnatus,
1074 690 1179 730 nec
1204 676 1368 729 homo
1390 677 1508 750 sine
1525 678 1637 731 Deo
1655 681 1928 755 potuisset
1957 681 2134 734 facere
2159 700 2353 752 quem-

779 765 1073 820 admodum
1111 781 1253 818 nunc
1287 767 1444 821 fiunt.
1479 767 1610 820 Nam
1641 767 1806 820 dicite
1839 768 2000 821 nobis
2031 783 2142 836 quo
2189 769 2352 822 modo

779 854 925 912 Deus
963 857 1166 923 absque
1198 872 1363 910 carne
1392 859 1751 924 corporaliter
1783 873 1851 912 ex
1884 863 2007 913 sinu
2043 861 2347 928 incorrupti

778 949 1021 1014 corporis
1055 951 1348 1015 procedere
1386 954 1573 1018 possit,
1623 959 1680 1004 ut
1731 965 1931 1018 corpus
1983 953 2192 1019 absque
2239 949 2349 1003 Deo

779 1057 842 1092 ex
865 1041 982 1094 sinu
1009 1041 1302 1110 incorrup'i
1328 1045 1575 1111 corporis
1594 1059 1829 1114 unquam
1853 1045 1920 1099 sit
1941 1057 2343 1111 processurum.

779 1133 913 1198 Quis
954 1147 1247 1204 postquam
1283 1141 1352 1192 ἆυ
1384 1141 1506 1191 dies
1531 1143 1854 1206 jejutrasset.
1891 1155 1994 1190 ιιυιι
2032 1150 2230 1188 esumt
2254 1159 2352 1189 nu-

777 1225 901 1278 mo?
931 1227 1066 1292 Quis
1098 1240 1379 1284 veroanle
1413 1236 1495 1285 vel
1527 1241 1650 1300 post
1673 1232 2032 1300 quadraginta
2058 1231 2177 1282 dies
2207 1231 2352 1284 Deus

774 1322 1002 1375 omnino
1027 1325 1265 1377 estur-iit?
1295 1324 1429 1389 Quis
1458 1327 1626 1378 etiam
1653 1303 1863 1381 diceret
1881 1328 2049 1380 Deum
2072 1343 2203 1380 vere
2228 1342 2351 1380 cor-

775 1415 1040 1480 poraliter
1060 1408 1226 1483 supra
1243 1431 1442 1484 aquam
1471 1417 1708 1484 pedibus
1733 1434 1978 1486 unquam
2000 1402 2351 1473 ambulasse?

773 1505 868 1556 vel
907 1505 1203 1558 humanam
1237 1508 1443 1576 absque
1475 1509 1586 1562 Deo
1610 1517 1862 1564 naturam
1891 1509 2149 1580 abyssum
2180 1511 2350 1563 maris

771 1607 959 1646 ansam
995 1609 1118 1648 esse
1150 1597 1409 1651 calcare?
1448 1597 1644 1668 hiSque
1679 1601 1877 1653 similia
1903 1602 2188 1662 miracula,
2212 1617 2349 1669 quo-

772 1699 892 1737 rum
920 1701 1022 1738 nec
1042 1687 1226 1741 divina
1246 1697 1439 1742 natura
1460 1690 1666 1758 aliquid
1692 1706 1931 1758 unquam
1962 1691 2344 1759 corporaliter,

771 1791 874 1830 nec
929 1777 1166 1832 humana
1221 1788 1416 1832 natura
1451 1781 1678 1834 omnino
1713 1781 1963 1848 perfecit.
2015 1780 2072 1834 Si
2115 1797 2248 1851 ergo
2277 1782 2344 1834 ad

2456 595 2754 664 ὀφθαλμοῖς
2793 596 3102 667 ἀτενῑσητε,
3137 599 3357 652 εὔκολον
3390 602 3516 653 ἰδεῖν
3546 603 3684 656 πάνυ
3717 605 3793 666 ὡς
3822 610 3917 658 καὶ
3944 625 4034 672 γε·

2455 684 2645 750 γόνασι
2675 686 2923 738 πλεῖσται
2952 690 3043 740 καὶ
3074 691 3270 760 τραναί
3301 709 3443 754 τινες
3474 695 3748 762 ἐνέργειαι
3791 695 3868 764 τῷ
3905 715 4030 750 συν-

2455 775 2616 844 Οέτῳ,
2654 776 2720 838 ἃς
2766 776 2888 829 οὒτε
2920 779 3054 831 Θεδν
3084 781 3353 849 ἄσαρκον,
3390 781 3514 834 οὔτε
3541 785 3832 855 ἄνθρωπον
3856 787 4035 840 seem-

2452 882 2544 916 τον
2588 862 2656 936 ἦν
2707 868 2932 920 δυνατὸν
2963 868 3152 940 ὥσπερ
3182 871 3277 922 νῦν
3301 873 3558 940 γεγόνασι
3597 875 4030 942 διαπράξασθαι.

2453 956 2570 1008 Τίνι
2597 957 2705 1026 γὰρ
2735 959 2927 1010 ετπατε
2955 962 3090 1028 ἡμῖν
3122 963 3284 1032 λόγῳ,
3305 965 3336 1034 ἢ
3359 965 3493 1028 Θεὸς
3520 967 3762 1035 ἄσαρκος
3791 986 4034 1036 σωματι-

2454 1045 2566 1109 κῶς
2594 1047 2679 1101 διὰ
2724 1051 2931 1118 μήτρας
2965 1052 3207 1122 ἀφθόρου
3235 1057 3499 1123 χωρήσει,
3531 1056 3564 1126 ἧ
3599 1057 3762 1126 σῶμα
3790 1058 4033 1111 ἁθέωτον

2451 1133 2538 1186 διὰ
2596 1136 2851 1206 σώματος
2931 1141 3170 1212 ἀφθόρου
3229 1146 3441 1215 μήτρας
3481 1148 3724 1216 χωρήσει
3771 1147 4028 1211 HIEME:

2454 1227 2521 1278 Μ’
2551 1228 2605 1279 δὲ
2642 1231 2854 1300 ἡμέρας
2897 1234 2981 1292 τίς
3029 1236 3354 1305 νηστεύσας,
3375 1239 3474 1290 οὐκ
3501 1239 3791 1292 ἐπείνασεν
3819 1241 4030 1310 ἄνθρω-

2453 1334 2581 1384 πος;
2614 1320 2710 1382 Τίς
2758 1322 2815 1374 δὲ
2868 1322 3061 1394 πρώην
3117 1326 3150 1396 ἦ
3199 1329 3335 1396 μετὰ
3379 1329 3790 1399 τεσσαράκοντα
3814 1334 4030 1403 ἡμέρας

2451 1405 2583 1490 Θεὸς
2621 1409 2760 1471 ὅλως
2792 1412 3113 1480 ὲπείνασεν;
3162 1415 3333 1486 ’Υπὲρ
3372 1417 3563 1482 ὕδατος
3590 1404 3648 1472 δὲ
3677 1421 3760 1483 τίς
3787 1423 3856 1474 ἂν
3884 1425 4028 1475 εἴποι

2450 1497 2584 1549 Θεὸν
2613 1499 2828 1569 ἀληθῶς
2871 1506 3148 1572 σαρκικῶς
3179 1508 3301 1560 ποδὶ
3334 1509 3594 1569 πεζεῦσαι
3622 1529 3790 1577 arma;
3856 1507 3890 1574 ἢ
3932 1517 4030 1567 ἀν-

2452 1589 2729 1658 Θρωπείαν
2757 1591 2908 1644 ἀθεεὶ⁸
2951 1594 3116 1662 φύσιν
3153 1597 3358 1666 ἴχνεσιν
3397 1599 3711 1664 αὗυθίστοις
3755 1602 4028 1655 θαλάσσια

2450 1679 2592 1732 νῶτα
2609 1681 3028 1750 διαπορεύεσθαι
3049 1701 3065 1750 ;
3094 1688 3193 1739 καὶ
3213 1690 3283 1741 τὰ
3307 1689 3518 1753 τούτοις
3537 1692 3698 1761 ὃμοια
3719 1693 4025 1764 μεγαλουρ-

2451 1776 2696 1841 γήματα,
2723 1770 2797 1828 ὧν
2831 1777 2948 1830 οὐδὲ
2992 1778 3154 1847 φύσις
3184 1781 3306 1835 θεία
3338 1786 3468 1836 ποτέ
3503 1802 3557 1837 τι
3590 1787 3873 1855 σαρκικῶς
3905 1788 4026 1840 δια-

772 1868 888 1923 baac
950 1872 1132 1924 omnia
1179 1873 1314 1924 nihil
1367 1873 1527 1926 vobis
1557 1882 1647 1927 est
1696 1873 2015 1933 dicendum,
2058 1873 2184 1927 licet
2247 1890 2333 1942 prr

2451 1861 2754 1930 πέπρακεν,
2784 1865 2908 1917 οὔτε
2949 1867 3262 1937 ἀνθρωπεία
3291 1870 3350 1923 τὸ
3391 1873 3610 1924 σύνολον
3641 1875 4023 1946 ὲθαυματούρ-

772 1963 1036 2015 memoria
1072 1964 1398 2018 alterutrum
1434 1967 1592 2036 vobis
1621 1965 1828 2034 eligere
1881 1983 1893 2019 :
1942 1965 2026 2020 vel
2068 1965 2344 2019 ihabentes

770 2051 887 2106 haec
924 2061 983 2106 ut
1017 2071 1145 2109 vere
1172 2056 1637 2127 mirabilia'atque
1665 2058 2011 2127 prodigiosa,
2046 2058 2227 2112 dehis
2258 2059 2343 2111 lo-

767 2143 863 2210 qui
891 2144 1037 2197 sicut
1067 2157 1349 2214 gestorum
1378 2163 1704 2215 magnorum
1742 2156 2082 2215 spectatores
2106 2188 2119 2210 ,
2149 2148 2234 2200 vel
2255 2149 2341 2222 .nil

768 2249 1024 2304 magnum
1053 2237 1343 2300 habentes,
1372 2240 1623 2308 nihilque
1648 2239 1885 2307 amplius
1923 2241 2138 2309 nugari.

1399 2461 1550 2517 CAP.
1592 2462 1705 2516 XII.

837 2594 1213 2664 Quodcunque
1262 2600 1419 2650 alteri
1454 2599 1690 2660 unitum,
1732 2599 1816 2652 vel
1851 2614 1949 2666 per
1986 2598 2340 2666 semetipsum

766 2683 972 2744 unitur,
1002 2685 1082 2735 vel
1115 2701 1213 2752 per
1236 2687 1489 2738 alterum.
1521 2686 1719 2739 Unitur
1748 2685 1967 2754 quidem
2010 2701 2107 2754 per
2137 2694 2340 2741 semet-

763 2781 942 2843 ipsum
975 2777 1117 2831 sicut
1175 2777 1354 2830 anima
1402 2778 1658 2845 corpori;
1699 2781 1792 2845 per
1833 2778 2065 2830 alterum
2098 2791 2248 2839 vero,
2281 2784 2340 2830 ut

763 2878 951 2936 partes
973 2870 1191 2932 domus,
1225 2871 1436 2924 scilicet
1478 2887 1574 2938 per
1619 2871 1916 2924 hominem.
1967 2871 2112 2924 Deus
2152 2867 2354 2924 autem'

761 2960 1024 3021 Verbum,
1072 2977 1174 3015 nec
1203 2978 1298 3029 per
1326 2963 1680 3030 semetipsum
1713 2963 1956 3022 unietur,
2008 2962 2144 3014 nihil
2189 2963 2335 3014 enim

761 3068 901 3121 Opus
930 3054 1034 3106 sibi
1070 3065 1152 3106 est
1173 3071 1184 3083 ·
1221 3069 1321 3107 nec
1348 3070 1444 3122 per
1472 3054 1734 3108 alterum:
1769 3054 1901 3106 nulli
1933 3055 2079 3105 enim
2114 3053 2338 3106 inferior

719 3159 727 3163 ·
759 3153 876 3206 est;
910 3143 1181 3211 siquidem
1213 3159 1376 3197 omne
1409 3145 1621 3197 unitum
1654 3145 1808 3197 alteri
1855 3128 1963 3196 non
2009 3160 2106 3212 per
2131 3152 2332 3197 somet-

760 3234 963 3301 ipsum,
1015 3234 1110 3287 sed
1150 3249 1248 3302 per
1274 3236 1526 3298 alterum,
1583 3233 1812 3288 inferius
1859 3235 1932 3286 illi
1977 3233 2334 3287 constituitur

761 3339 859 3388 per
887 3325 1034 3392 quod
1068 3329 1278 3379 unitur.
1315 3325 1369 3378 Si
1400 3341 1528 3378 vero
1561 3341 1660 3379 nec
1703 3341 1799 3394 per
1831 3323 2070 3393 seipsum
2099 3340 2201 3378 nec
2237 3342 2332 3392 per

759 3415 996 3469 alterum
1039 3417 1264 3471 unietur
1313 3418 1458 3471 Deus
1512 3417 1786 3478 Verbum,
1843 3420 2152 3486 asyuthetus
2201 3433 2332 3485 ergo

757 3509 892 3571 erit,
923 3525 1023 3563 nec
1047 3526 1171 3563 cum
1202 3511 1312 3565 ullo
1347 3528 1586 3580 unquam
1629 3513 1682 3564 in
1728 3513 1986 3564 unionem
2021 3514 2330 3566 conveniet.

757 3600 934 3656 Unius
965 3617 1028 3655 ac
1051 3602 1296 3670 ejusdem
1325 3604 1506 3672 impiae
1539 3604 1740 3656 radicis
1759 3618 1950 3657 omnes
1982 3604 2148 3657 vestri
2172 3605 2332 3671 stipi-

759 3699 843 3746 tes
884 3694 1128 3762 ejusdem
1173 3695 1320 3748 modi
1366 3694 1614 3747 stultitiae
1644 3702 1794 3755 sunt,
1825 3695 1998 3747 Deum
2034 3695 2129 3763 qui
2165 3711 2330 3762 supra

757 3785 940 3837 omnia
970 3795 1053 3838 est
1088 3801 1212 3838 cum
1248 3787 1510 3840 omnibus
1557 3787 1770 3840 czeteris
1815 3787 2054 3840 absurde
2098 3788 2333 3840 confun-

756 3877 957 3930 dendo.
993 3877 1050 3930 Si
1083 3878 1254 3939 enim,
1293 3887 1353 3932 ut
1385 3879 1571 3942 vultis,
1616 3879 1983 3947 quodcunque
2019 3879 2176 3932 alteri
2206 3879 2332 3932 uni-

759 3975 896 4031 tum,
947 3969 1028 4021 vel
1061 3984 1159 4038 per
1198 3970 1461 4038 seipsum,
1491 3969 1574 4022 vel
1606 3985 1703 4036 per
1745 3970 1980 4021 alterum
2014 3969 2234 4032 unitur;
2284 3968 2329 4020 si

757 4073 893 4111 vero
935 4059 1080 4113 Deus
1109 4070 1193 4112 est
1237 4058 1506 4120 omnium,
1556 4067 1618 4111 ut
1659 4057 1920 4122 creditis;
1965 4073 2030 4110 ex
2087 4058 2328 4125 generali

757 4159 937 4204 vestra
967 4152 1367 4220 propositione,
1394 4166 1492 4203 vos
1511 4140 1781 4224 erravisse
1805 4149 2325 4203 demonstrabimus.

756 4243 1000 4311 Namque
1031 4243 1136 4296 hoc
1164 4257 1382 4312 quoque
1406 4257 1506 4294 nos
1533 4242 1606 4294 ita
1637 4223 1942 4293 dicJeremus
1969 4256 1983 4292 :
2014 4255 2137 4291 cum
2168 4254 2329 4292 omne

755 4332 962 4401 aliquid
981 4334 1111 4401 agit,
1131 4334 1214 4386 vel
1246 4348 1345 4401 per
1370 4333 1632 4400 seipsum,
1648 4332 1732 4384 vel
1753 4346 1850 4400 per
1867 4331 2098 4386 alterum
2118 4315 2334 4398 aliquid

754 4424 1068 4491 agitjquod
1100 4433 1282 4478 autem
1313 4439 1410 4491 per
1441 4423 1682 4490 seipsum
1707 4423 1836 4491 agit,
1874 4422 1999 4490 ipsi,
2025 4421 2176 4488 juxta
2209 4436 2327 4501 vos,

2361 3196 2404 3251 C

2447 1969 2638 2030 γησεν.
2672 1956 2735 2006 Ei
2784 1952 2878 2008 οὖν
2930 1959 3066 2030 πρὸς
3103 1959 3276 2013 ταῦτα
3319 1963 3498 2017 πάντα
3529 1965 3694 2033 μηδὲν
3731 1966 3848 2019 ἔστι
3897 1969 4025 2036 ὑμῖν

2446 2042 2646 2110 λέγειν,
2680 2045 2846 2097 καλὸν
2899 2048 3153 2116 ὑμᾶς-ἑξ
3205 2050 3581 2118 ἐπιγνώσεως.
3632 2053 3862 2125 θάτερον
3911 2059 4027 2109 δια-

2446 2141 2818 2206 πράττεσθαι·
2855 2144 2895 2211 ἢ
2951 2143 3250 2213 βλέποντας
3277 2147 3346 2200 τὰ
3377 2149 3453 2209 ὡς
3482 2149 3697 2218 ἀληθῶς
3730 2151 4025 2221 θαυμαστὰ

2446 2231 2540 2282 καὶ
2576 2231 2814 2295 ἐξαίσια,
2844 2233 3026 2288 λαλεῖν
3054 2236 3231 2300 οὕτως
3264 2237 3339 2298 ὡς
3370 2239 3478 2291 τῶν
3511 2241 3765 2309 μεγάλων
3799 2242 4024 2306 θεατὰς,

2444 2321 2572 2391 ἢμὴ
2601 2322 2842 2391 ὁρῶντὰς
2869 2341 2919 2377 τι
2954 2325 3115 2394 μέγα,
3153 2327 3225 2395 μὴ
3261 2325 3450 2395 ληρεῖν
3478 2329 3732 2397 περιττά.

3032 2462 3284 2518 ΚΕΦΑΝ.
3326 2463 3425 2516 IB'.

2511 2600 2629 2652 ua»
2658 2599 2836 2652 ὁτιοῦν
2863 2599 3220 2666 συγκείμενον
3273 2599 3468 2670 ἑτέρῳ,
3501 2600 3533 2669 ἦ
3585 2599 3652 2652 δι’
3678 2601 3846 2654 ἑαυτὸ
3888 2601 4023 2668 σύτο

2443 2706 2642 2751 κειται,
2676 2691 2707 2757 ἦ
2761 2690 2828 2742 δι’
2869 2690 3080 2758 ἓτερον.
3117 2690 3231 2742 Καὶ
3291 2690 3576 2756 σύγκειται
3607 2691 3710 2759 μὲν
3740 2692 3806 2743 δι’
3835 2693 4022 2750 ἑαυτὸ.

2441 2776 2552 2831 οἷον
2602 2779 2748 2849 ψυχὴ
2791 2779 2870 2848 τῷ
2925 2779 3164 2848 σώματι·
3197 2779 3264 2832 δι’
3294 2780 3481 2848 ἕτερον
3509 2780 3586 2841 δὲ,
3617 2780 3686 2832 τὰ
3729 2781 3873 2852 μέρη
3922 2782 4024 2847 τῆς

2440 2873 2616 2934 οἰκίας
2636 2889 2650 2902 ο
2700 2872 2767 2924 δι’
2817 2873 3105 2940 ἄνθρωπον
3156 2873 3287 2940 γάρ.
3333 2871 3390 2922 '0
3419 2871 3475 2923 δὲ
3503 2871 3637 2934 Θεὸς
3669 2873 3863 2938 Λόγος,
3895 2873 4022 2925 οὔτε

2440 2964 2508 3016 δι’
2534 2965 2728 3016 ἑαυτὸν
2757 2965 3125 3029 συγκείσεται,
3146 2963 3450 3032 ἀπροσδεὴς
3483 2963 3589 3030 γάρ
3609 2978 3622 2991 ·
3652 2963 3775 3015 οὔτε
3807 2965 3874 3016 δι’
3907 2965 4024 3015 ἓτε-

2445 3072 2557 3125 ρον,
2597 3055 2658 3106 οὖ
2703 3073 2850 3116 τινος
2897 3057 3006 3124 γὰρ
3058 3053 3289 3124 χείρων·
3319 3055 3441 3105 ἐπεὶ
3494 3055 3604 3106 πᾶν
3657 3055 4026 3122 συγκείμενον

2440 3148 2633 3217 ἑτέρῳ,
2664 3147 2724 3198 οὑ
2776 3146 2842 3198 δι’
2879 3146 3062 3206 ἑαυτὸ,
3091 3141 3227 3198 ἀλλὰ
3258 3145 3325 3198 δι’
3360 3146 3570 3214 ἕτερον,
3598 3141 3761 3217 ἦττον
3809 3147 4023 3198 ἐκείνου

2436 3239 2742 3306 καθέστηκε
2765 3238 2833 3304 δι’
2857 3239 2993 3308 ὅπερ
3030 3223 3334 3304 σύγκειται.
3367 3237 3430 3288 Εἰ
3455 3237 3510 3289 δὲ
3544 3243 3680 3304 μήτε
3715 3238 4019 3300 δι’ὲαυτδν,

2439 3331 2574 3400 μήτε
2595 3330 2661 3380 δι’
2686 3330 2773 3381 ἓτε
2784 3347 2876 3399 ρον
2903 3329 3302 3393 συν-τεθήσεται
3337 3331 3365 3379 ὁ
3387 3328 3519 3390 θεὸς
3538 3329 3732 3396 Λόγος,
3754 3329 4024 3383 ἀσύνθεο

2435 3438 2539 3485 τος
2589 3422 2697 3489 ἄρα
2743 3421 2836 3472 καί
2866 3422 2973 3471 τινί
3004 3436 3133 3471 ποτε
3163 3421 3243 3481 εἰς
3277 3419 3528 3471 σύνθεσιν
3561 3421 3636 3488 μὴ
3687 3423 4026 3490 συντρέχων.

2440 3515 2583 3574 Mra;
2609 3515 2702 3565 καὶ
2727 3512 2826 3579 τῆς
2861 3512 3027 3577 αὐτῆς
3059 3510 3290 3571 ἀσεϐοῦς
3321 3511 3498 3579 ῥίζης,
3526 3511 3742 3563 ἅπαντα
3766 3512 3929 3579 ὑμῶν
3959 3517 4026 3563 τα

2438 3604 2828 3672 βλαστήματα,
2879 3603 2975 3654 καὶ
3033 3603 3131 3671 τὴν
3183 3601 3572 3670 ὁμοιοτροπίαν
3632 3602 3730 3666 τῆς
3784 3603 4027 3663 ἀτοπίας

2434 3689 2649 3764 ἔχοντα,
2686 3697 2742 3746 ἐν
2776 3697 2844 3764 τῇ
2877 3693 3174 3762 παραλόγῳ
3202 3691 3295 3744 τοῦ
3330 3692 3473 3761 ὑπὲρ
3515 3694 3687 3744 πάντα
3738 3693 3882 3744 Θεοῦ
3929 3711 4028 3745 σιν

2433 3789 2541 3847 τοῖς
2564 3787 2696 3837 πᾶσι
2713 3786 3028 3850 καταμίξει.
3053 3782 3112 3834 Εἰ
3143 3783 3270 3850 γὰρ,
3291 3781 3365 3842 ὡς
3388 3781 3671 3848 βούλεσθε,
3697 3784 3810 3833 πᾶν
3840 3783 4029 3834 otto-2v

2435 3878 2794 3944 συγκείμενον
2842 3875 3036 3944 ἑτέρῳ,
3062 3875 3093 3943 ἢ
3127 3874 3194 3925 δι’
3234 3874 3394 3932 ἑαυτὸ
3420 3873 3452 3941 ἦ
3484 3873 3551 3924 δι’
3575 3872 3762 3939 ἕτερον
3802 3872 4030 3938 σύγκει-

2432 3984 2552 4020 ται·
2605 3969 2652 4019 εἰ
2691 3966 2748 4018 δὲ
2793 3966 2900 4017 τῶν
2940 3966 3157 4016 παντων
3190 3967 3218 4016 ὁ
3254 3963 3409 4024 Θεὸς,
3443 3962 3519 4022 ὡς
3566 3961 3772 4025 οἴεσθε,
3805 3963 3874 4014 ὲκ
3925 3963 4028 4027 τῆς

2432 4058 2658 4110 καθόλου
2698 4056 2849 4124 ὑμῶν
2892 4055 3206 4124 προτάσεως
3237 4054 3307 4106 τὰ
3330 4054 3428 4120 τῆς
3460 4055 3734 4122 ὑμετέρας
3766 4055 4030 4106 ἀποπλαο

2433 4152 2642 4218 νήσεως
2683 4147 2952 4215 δείξομεν.
2990 4148 3260 4215 Εἱποιμεν
3284 4145 3394 4214 γὰρ
3431 4146 3495 4197 ἂν
3530 4144 3627 4195 καὶ
3653 4146 3819 4211 ἡμεῖς
3845 4146 4029 4206 οὕτως

2430 4225 2590 4295 τοῦτο
2609 4257 2622 4270 ⁸
2672 4241 2824 4293 Ἐπεὶ
2855 4242 2963 4292 πᾶν
2995 4239 3055 4291 τὸ
3082 4239 3268 4292 ποιοῦν
3294 4238 3424 4305 sui}
3455 4236 3524 4288 δι’
3557 4237 3719 4288 ἑαυτὸ
3737 4237 3770 4304 ἢ
3797 4237 3870 4289 δι’
3899 4239 4023 4288 ’ἑτε-

2434 4337 2525 4405 ρόν
2552 4353 2604 4386 τι
2633 4337 2795 4386 ποιεῖν
2816 4335 2875 4383 τδ
2904 4333 2961 4384 δὲ
2994 4331 3180 4385 ποιοῦν
3210 4331 3276 4383 δι’
3295 4329 3475 4391 ἑαυτὸ,
3503 4329 3715 4389 ὲπιδεὲς
3740 4328 3845 4379 τοῦ
3873 4345 4029 4394 γινο-

2437 4427 2599 4492 μένου
2632 4425 2754 4477 καθ’
2804 4424 2944 4493 ὑμᾶς
2967 4441 2980 4454 ⁸
3013 4423 3108 4476 καλ⁵
3131 4421 3193 4473 τὸ
3216 4421 3283 4473 δι’
3315 4421 3508 4490 ἕτερον
3538 4437 3591 4471 τι
3619 4418 3837 4482 ποιοῦν,
3858 4417 4031 4491 ἦττον

755 4529 894 4582 opus
914 4521 998 4567 est
1025 4513 1121 4566 illo
1153 4514 1298 4582 quod
1333 4512 1403 4566 ab
1430 4514 1549 4581 ipso
1577 4513 1778 4566 factum
1813 4522 1896 4566 est
1918 4513 2213 4583 ;-quodque
2234 4531 2332 4582 per

2436 4517 2644 4569 ἐκείνου
2676 4515 3033 4582 καθέστηκεν,
3067 4513 3143 4574 ὥς
3195 4529 3331 4579 φατε
3359 4529 3372 4540 ·
3414 4513 3546 4573 Θεὸς
3581 4511 3691 4580 ἄρα
3723 4512 3900 4563 ποιῶν
3933 4513 4032 4563 τὸν

702 4657 704 4661 ,
755 4604 989 4656 alterum
1034 4603 1166 4672 agit,
1217 4602 1295 4654 illi
1327 4601 1560 4655 inferius
1585 4601 1944 4655 constituitur
2007 4611 2068 4655 ut
2118 4602 2324 4656 dicitis.

754 4693 904 4749 Deus
932 4708 1064 4762 ergo
1096 4693 1362 4746 mundum
1395 4693 1622 4755 faciens,
1674 4693 1759 4745 vel
1807 4693 1879 4746 ob
1908 4693 2188 4762 propriam
2222 4693 2330 4746 uti-

718 4785 726 4793 “
753 4784 986 4847 litatem,
1011 4783 1096 4836 vel
1127 4781 1198 4836 ob
1221 4783 1447 4837 alterius
1471 4782 1716 4836 melioris
1743 4783 1975 4846 cultum,
2001 4775 2153 4852 hunc
2175 4783 2323 4845 facit.

754 4873 864 4928 Aut
897 4872 944 4926 si
977 4887 1079 4926 nec
1113 4887 1212 4940 per
1236 4871 1500 4941 seipsum,
1531 4886 1634 4926 nec
1663 4886 1764 4940 per
1801 4873 2063 4940 majorem
2091 4873 2326 4926 alterum

752 4965 905 5030 facit,
930 4978 1040 5017 non
1073 4964 1239 5019 faciet
1268 4980 1533 5034 unquam.
1552 4963 1843 5030 Quomodo
1869 4965 2028 5032 vobis
2053 4965 2178 5018 talia
2204 4979 2329 5032 pro-

754 5058 901 5113 ferre
933 5059 1146 5117 liceret,
1197 5058 1301 5110 nisi
1353 5075 1620 5111 summam
1666 5060 1944 5113 infamiam
1979 5056 2327 5120 elegissetis?

761 5147 817 5202 Si
852 5148 942 5202 cui
987 5159 1164 5204 autem
1211 5150 1456 5216 providet
1485 5149 1706 5222 aliquis,
1741 5153 1824 5208 vei
1871 5155 1942 5210 ob
1994 5153 2229 5220 seipsum
2275 5160 2332 5206 ut

757 5240 936 5293 anima
1009 5238 1252 5308 corpori,
1314 5238 1397 5296 vel
1462 5240 1534 5294 ob
1603 5244 1859 5308 alterum,
1917 5253 1976 5296 ut
2027 5244 2168 5297 servi
2232 5243 2332 5298 do-

752 5339 874 5391 mus
892 5323 1223 5388 ministerio,
1253 5341 1349 5394 per
1370 5341 1529 5379 suum
1553 5328 1854 5380 dominum.
1886 5329 1976 5381 Sic
2002 5345 2132 5397 ergo
2158 5330 2320 5390 Deus,

744 5414 840 5484 qui
875 5430 943 5468 ex
975 5416 1174 5470 vestris
1203 5416 1367 5470 dictis
1398 5416 1656 5470 omnibus
1688 5417 2069 5486 providet,-vel
2101 5418 2171 5471 ob
2200 5435 2322 5486 pro-

746 5505 920 5576 priam
956 5507 1255 5562 utilitatem
1311 5509 1418 5562 hoc
1457 5507 1606 5571 facit,
1656 5508 1868 5577 ipsique
1907 5524 2048 5578 opus
2093 5510 2199 5562 erit
2236 5510 2321 5562 his

745 5595 949 5664 quibus
977 5598 1322 5666 p.0viderit:
1369 5598 1456 5652 vel
1512 5609 1573 5652 ut
1615 5598 1837 5668 quidam
1886 5599 2157 5664 ministcr,
2209 5616 2317 5653 non

745 5688 914 5744 unius
955 5699 1165 5761 tantum
1221 5691 1455 5754 domini,
1509 5692 1602 5746 sed
1637 5692 1903 5746 omnium.
1959 5692 2050 5747 Sic
2093 5693 2320 5746 inferior

745 5779 833 5836 bis
864 5781 1066 5852 quibus
1123 5783 1190 5836 ab
1240 5784 1357 5844 ipso
1418 5765 1739 5852 providetur
1794 5785 2090 5850 videbitur,
2152 5801 2318 5840 cervo

2431 4596 2637 4678 κόσμον
2666 4608 2698 4676 ἢ
2729 4607 2794 4659 δι’
2827 4606 3033 4658 οἰκείαν
3059 4603 3324 4674 χρείαν,ἢ
3355 4602 3445 4654 διὰ
3474 4602 3570 4670 τὴν
3602 4603 3801 4668 ἑτέρου
3838 4604 4028 4669 κρείτ-

2426 4715 2579 4761 τονος
2607 4696 2973 4764 λειτουργίαν,
3001 4695 3190 4746 τοῦτον
3223 4696 3384 4744 ποιεῖ.
3430 4693 3501 4743 Ἢ
3536 4693 3586 4742 εἰ
3620 4693 3759 4759 μήτε
3785 4693 3856 4743 δι’
3890 4695 4029 4744 sau-

2426 4789 2538 4850 τὸν,
2575 4790 2713 4858 μήτε
2763 4787 2830 4840 δι’
2871 4787 3062 4851 ἕτερον
3131 4783 3354 4854 μείζονα
3407 4787 3573 4845 ποιεῖ,
3605 4782 3728 4835 οὐδὲ
3795 4785 4026 4850 ποιήσει

2427 4880 2667 4945 πώποτε,
2721 4879 2813 4932 καὶ
2849 4877 2966 4940 πῶς
2995 4877 3123 4946 ὑμῖν
3162 4876 3339 4928 ταῦτα
3383 4871 3570 4940 λέγειν
3594 4872 3768 4940 ἐξείη,
3815 4872 3892 4941 μὴ
3930 4873 4027 4938 τὴν

2428 4968 2741 5037 ἀκροτάτην
2781 4966 3133 5037 αἱρουμένοις
3182 4963 3507 5026 κακοδοξίαν
3565 4963 4026 5030 ἐπιγράφεσθαις

2439 5058 2605 5112 Ἀλλὰ
2650 5058 2748 5110 καὶ
2790 5056 2850 5108 τὸ
2900 5054 3163 5126 προκθοοῦν
3216 5041 3384 5116 τινος,
3413 5053 3536 5124 ἢδι⁹
3569 5051 3732 5105 ἑαυτὸ
3761 5053 3845 5110 ὡς
3873 5052 4024 5120 ψυχὴ

2429 5151 2703 5218 σώματος,
2735 5148 2766 5218 ἦ
2801 5147 2867 5199 δι’
2898 5147 3105 5214 ἕτερον,
3129 5145 3202 5207 ὡς
3224 5147 3324 5212 τῆς
3365 5145 3486 5197 κατ’
3518 5139 3667 5195 οἷκον
3702 5143 4021 5212 ὑπηρεσίας

2424 5244 2473 5294 οἱ
2502 5242 2857 5309 Θερὰποντες,
2889 5238 2978 5290 διὰ
3008 5237 3098 5289 τὸν
3129 5237 3262 5290 ῐδιον
3287 5237 3576 5303 δεσπότην.
3611 5235 3726 5286 Καὶ
3755 5234 3894 5295 Θεὸς
3925 5231 4020 5285 οὖν

2425 5332 2567 5384 κατὰ
2614 5330 2680 5383 τὰ
2731 5330 2790 5394 ὲξ
2830 5327 2980 5395 ὑμῶν
3015 5327 3285 5396 λεγόμενα
3317 5325 3562 5393 προνοῶν
3590 5323 3895 5391 πάντων,ἦ
3927 5326 4020 5374 διὰ

2422 5425 2521 5486 τὴν
2570 5419 2767 5472 ἑαυτοῦ
2821 5420 3010 5488 χρείαν
3039 5419 3200 5470 τοῦτο
3231 5421 3394 5480 ποιεῖ,
3427 5418 3522 5469 καὶ
3552 5415 3708 5467 ἔσται
3737 5415 3854 5466 τῶν
3881 5432 4018 5482 προ-

2424 5509 2731 5576 νοουμένων
2785 5508 2875 5560 ὐπ“
2919 5506 3086 5559 αὑτοῦ
3139 5506 3398 5574 ἐπιδεήςο
3424 5505 3459 5572 ἢ
3512 5504 3586 5565 ὡς
3624 5502 3870 5571 ὑποδεής
3904 5520 4017 5560 τις,

2422 5603 2519 5670 οὺχ
2575 5600 2692 5662 ἑνὸς
2757 5598 2917 5666 μόνου
2965 5597 3410 5659 δεσπότου,ὰλλὰ
3455 5597 3562 5650 τῶν
3589 5595 3890 5657 ἁπάντων,
3924 5599 4018 5646 καὶ

2419 5695 2596 5762 ἥττων
2622 5692 2921 5760 φανήσεται
2947 5691 3056 5743 τῶν
3087 5690 3561 5761 προμηθουμένων
3588 5688 3681 5740 ὑπ’
3706 5687 3904 5748 αὐτοῦ,
3923 5691 4018 5739 καὶ

2421 5785 2692 5856 κοράκων,
2729 5784 2821 5836 καὶ
2881 5783 3081 5853 κρίνων
3133 5784 3228 5835 τοῦ
3270 5783 3478 5854 ἀγροῦ,
3515 5783 3609 5835 καὶ
3658 5781 3888 5852 κτηνῶν
3936 5776 4010 5836 οἷ;
