4214 6450
741 399 872 463 145i

2005 413 2311 479 LEONTII
2356 414 2745 476 ΒΥΖΑΝΤΙΝΙ

3855 412 4003 477 1452

745 531 853 566 non
900 523 1099 566 manet.
1151 513 1263 571 Nec
1293 518 1518 586 quidem
1552 529 1738 576 manet
1765 522 2008 591 qualiter
2030 533 2216 592 partes
2245 525 2320 577 ir-

2431 540 2529 574 νει.
2563 523 2673 574 Καὶ
2703 523 2764 574 οὐ
2813 523 2964 590 μένει
3017 522 3134 591 μὲν,
3187 517 3299 574 οἷον
3339 522 3406 576 τά
3441 525 3586 594 μέρη
3635 523 3745 576 τῶν
3782 524 4000 592 ἀλόγων

743 605 1154 661 rationabilinm
1183 609 1523 675 animalium,
1569 622 1755 668 manet
1779 630 1913 670 vero
1933 616 2172 685 qualiter
2201 633 2325 686 par—

743 705 826 749 tes
883 697 1194 764 hominum,
1247 709 1370 769 post
1424 705 1890 760 resurrectionem
1947 723 2014 761 ex
2065 710 2321 762 mortuis.

741 784 917 842 Omne
939 798 1119 841 autem
1150 789 1296 857 quod
1329 789 1799 847 indissolubiliter
1827 806 2034 860 manet,
2065 799 2150 852 vel
2174 799 2321 868 quod

741 876 907 929 etiam
941 891 1049 928 non
1087 885 1298 938 manet,
1347 877 1400 932 in
1435 882 1640 934 unione
1695 881 1761 936 ad
1806 883 1939 937 illud
1978 886 2068 940 cui
2107 887 2322 940 unitum

741 975 846 1026 est,
877 980 978 1018 nec
1019 980 1083 1018 ex
1136 967 1438 1036 semetipso
1467 979 1672 1032 manet,
1703 969 1794 1024 sed
1819 979 2065 1040 tempore
2103 989 2133 1027 a
2153 974 2322 1028 Crea-

741 1063 861 1107 tore
893 1055 1152 1124 imposito
1199 1065 1411 1112 natura;
1449 1059 1789 1124 dissolvitur,
1827 1075 1929 1114 nec
1956 1063 2178 1131 propria
2213 1063 2326 1115 vir-

742 1156 860 1200 tute
897 1155 1083 1200 manet
1113 1147 1210 1202 sed
1251 1150 1457 1202 virtute
1501 1149 1747 1203 melioris
1773 1151 2058 1220 cujusdam
2089 1168 2152 1206 ac
2188 1170 2325 1222 prae-

740 1238 1045 1292 stantioris.
1068 1237 1371 1305 Quamdain
1397 1256 1526 1293 vero
1557 1242 1844 1296 meliorem
1871 1244 1981 1297 Deo
1999 1242 2177 1296 Verbo
2204 1260 2325 1298 esse

738 1331 1003 1386 virtutem
1031 1347 1302 1392 asserere.
1343 1333 1684 1401 nonjustum
1729 1344 1843 1400 est;
1881 1351 1990 1388 non
2036 1349 2167 1402 ergo
2202 1337 2322 1388 uni-

741 1431 830 1476 tus
859 1431 945 1476 est
979 1424 1125 1476 Deus
1159 1421 1394 1476 Verbum
1428 1425 1591 1477 alicui
1629 1440 1695 1477 ex
1726 1426 1904 1479 nobis.
1941 1425 1998 1479 Si
2031 1441 2162 1478 vero
2199 1426 2323 1477 nni-

743 1522 831 1566 tus
863 1520 967 1578 est,
1002 1514 1088 1568 vel
1124 1530 1234 1567 non
1271 1523 1456 1568 manet
1512 1515 1971 1568 indissolubiliter
2015 1516 2069 1568 in
2121 1517 2324 1568 unione

741 1604 804 1655 ad
837 1604 1013 1668 illum,
1063 1605 1149 1658 vel
1186 1621 1437 1669 manens,
1495 1605 1697 1660 virtute
1745 1608 2029 1677 cujusdam
2080 1607 2325 1658 Ineiioris

740 1705 948 1760 manet,
987 1697 1135 1765 quod
1172 1698 1402 1767 impium
1436 1708 1541 1752 est.

812 1788 1173 1857 Loquacitate
1195 1799 1374 1842 vestra
1395 1789 1805 1852 liebeteseente,
1832 1796 2047 1857 tempus
2065 1800 2144 1842 est
2166 1789 2323 1843 nobis

2427 613 2580 674 ζώων
2606 630 2617 641 ·
2647 613 2804 680 μένει
2836 612 2915 673 δὲ,
2945 608 3056 664 οἷον
3101 613 3169 665 τὰ
3211 613 3319 664 τῶν
3363 613 3691 683 ἀνθρώπων,
3728 614 3873 683 μετὰ
3900 617 4003 686 τὴν

2424 705 2490 756 ὲκ
2516 703 2727 772 νεκρῶν
2754 705 3072 756 ἀνάστασιν.
3104 703 3219 755 Πᾶν
3243 702 3299 756 δὲ
3331 704 3395 754 τὸ
3426 704 3587 774 μένον
3611 704 3942 769 ἀδιαλύτως,
3966 706 4000 774 ἢ

2426 795 2518 847 καὶ
2547 796 2621 862 μὴ
2654 794 2835 861 μένον,
2868 795 2925 847 ὲν
2954 797 3019 862 τῇ
3051 794 3186 864 πρὸς
3217 795 3307 846 τὸν
3342 788 3388 863 ᾧ
3414 795 3674 866 συνετέθη
3711 797 3998 860 συνθέσει,

2423 884 2548 936 οὗτε
2571 883 2665 952 ἀφ’
2696 884 2891 936 ἑαυτοῦ
2931 885 3085 954 μένει
3107 923 3121 947 ,
3156 885 3292 939 ἀλλὰ
3337 885 3477 940 κατά
3506 886 3596 939 τὸν
3622 887 3910 940 ἐντεθέντα
3933 893 3998 958 τῇ

2425 978 2586 1046 φύσει
2617 980 2742 1046 ὅρον
2781 978 2886 1030 ὑπὸ
2913 977 3008 1030 τοῦ
3039 977 3386 1046 Δημιουργοῦ
3416 977 3699 1031 διαλύεται
3720 1020 3735 1040 ,
3774 978 3903 1031 οὔτε
3931 983 3998 1049 τῇ

2423 1069 2603 1139 olnt-:59.
2635 1068 2864 1135 δυνάμει
2897 1068 3070 1137 μένει.
3102 1067 3240 1120 ἀλλά
3380 1067 3694 1138 κρείττονός
3722 1087 3874 1132 τινος
3908 1072 4000 1123 καὶ

2426 1158 2887 1228 ὑπερϐεϐηκότοςο
2912 1158 3003 1210 τοῦ
3029 1159 3084 1210 δὲ
3122 1158 3257 1210 θεοῦ
3291 1159 3463 1226 Λόγου
3491 1155 3633 1214 εἷναί
3658 1177 3784 1213 τινα
3809 1166 4000 1229 κρείτ-

2423 1267 2550 1302 τονα
2583 1250 2847 1316 δύναμιν,
2904 1251 2966 1300 οὐ
3003 1250 3164 1318 Θέμις
3201 1250 3373 1301 εἰπεῖν
3399 1267 3410 1279 ·
3449 1251 3551 1304 οὐκ
3581 1251 3691 1321 ἀρα
3731 1252 3997 1321 συνετέθη

2421 1341 2451 1392 ὁ
2479 1340 2612 1402 Θεὸς
2638 1343 2808 1406 Λόγος
2834 1339 2910 1408 τῷ
2933 1340 2988 1405 ἐξ
3016 1341 3173 1410 ἡμῶν
3199 1340 3494 1411 ἀνθρώπῳ.
3519 1341 3581 1395 El
3610 1342 3668 1395 δὲ
3703 1342 3999 1414 συνετέθη,

2431 1431 2550 1501 ἧού
2596 1433 2742 1502 μένει
2775 1431 3074 1494 ἀδιαλύτως
3108 1436 3166 1483 ὲν
3197 1435 3260 1501 τῇ
3295 1434 3428 1502 πρὸς
3459 1434 3623 1488 αὑτὸν
3652 1435 3932 1498 συνθέσει,
3965 1435 3996 1504 ἢ

2427 1528 2624 1592 μένων,
2649 1522 2952 1592 κρείττονός
2981 1539 3123 1584 τινος
3143 1523 3369 1593 δυνάμει
3404 1524 3576 1593 μένει,
3608 1525 3748 1596 ὅπερ
3777 1525 3995 1588 ἀσεϐές.

2496 1780 2696 1850 Καιρῖις
2732 1783 2858 1848 ἡμῖν
2881 1781 2974 1848 τῆς
3003 1781 3270 1851 ὑμετέρας
3301 1781 3667 1852 Θρασυλογίας
3699 1802 3998 1855 παρακμα-

740 1898 866 1936 cum
902 1880 1107 1935 Davide
1146 1879 1366 1933 dicendi
1393 1897 1404 1931 :
1454 1879 1663 1933 Inimici
1694 1880 1995 1948 defecerunt
2025 1882 2241 1948 framea:
2262 1881 2316 1943 ⁹;

2427 1869 2645 1941 ζούσης,
2679 1872 2975 1932 Δαυῖτικῶς
3017 1874 3471 1940 ἐπιφθέγγεσθαι·
3513 1875 3624 1928 Τοῦ
3653 1876 3874 1946 ἐχθροῦ
3902 1874 4001 1941 ἐξ·

743 1973 879 2040 quid
928 1972 1078 2026 enim
1127 1970 1310 2040 potest
1357 1971 1515 2026 vobis
1549 1987 1616 2025 ex
1651 1971 1996 2025 absurditate
2027 1970 2322 2025 defensio?

743 2065 978 2118 Econtra
1015 2063 1163 2116 enim
1189 2077 1290 2118 nos
1311 2062 1937 2132 diceremus:siquidem
1960 2064 2144 2115 omnia
2169 2061 2320 2115 unita

741 2172 772 2210 a
796 2156 1032 2224 quodam
1092 2154 1312 2223 potiore
1351 2164 1666 2218 servantur,
1702 2154 1788 2209 vel
1825 2163 2070 2222 tempore
2118 2154 2320 2208 dissol-

743 2256 967 2310 vuntur,
994 2246 1071 2298 -ab
1115 2246 1202 2298 liis
1226 2245 1321 2314 qui
1371 2245 1518 2298 haud
1564 2245 1732 2299 dubie
1762 2245 2101 2314 perscrutari
2129 2245 2323 2299 volunt

743 2338 979 2390 maxime
1021 2337 1126 2388 hoc
1154 2335 1545 2403 inquirendum
1572 2343 1658 2389 est
1687 2333 1821 2403 quid
1845 2335 2028 2388 omnia
2066 2334 2220 2388 unita
2253 2334 2324 2388 sit

743 2436 1113 2480 servaturum.
1147 2426 1202 2478 Si
1230 2433 1414 2480 autem
1460 2426 1648 2495 aliquo
1672 2425 1838 2480 modo
1870 2426 2004 2480 illud
2038 2425 2097 2478 lit
2125 2426 2321 2478 imme-

742 2516 890 2570 diate
914 2517 1160 2586 quidem,
1190 2517 1299 2570 alio
1319 2517 1482 2572 modo
1504 2533 1635 2572 vero
1659 2518 1918 2583 mediate,
1946 2533 2046 2587 per
2071 2527 2321 2572 naturam

745 2606 979 2668 scilicet,
1005 2614 1067 2660 ut
1092 2604 1313 2675 quidam
1343 2605 1556 2671 dicunt,
1602 2607 1685 2661 vel
1719 2621 1816 2676 per
1846 2607 2008 2660 aliam
2036 2605 2320 2669 virtutem,

744 2696 992 2750 omnium
1047 2705 1228 2750 tamen
1264 2710 1435 2750 unum
1470 2697 1720 2750 divinum
1761 2697 2002 2750 Verbum
2051 2707 2321 2758 servator,

747 2787 1171 2855 moderatoque
1219 2795 1326 2850 est,
1358 2785 1633 2856 siquidem
1673 2802 1737 2841 ac
1769 2796 2055 2856 promotor
2085 2795 2204 2851 est;
2248 2787 2323 2841 ita

745 2889 806 2933 ut
835 2889 890 2933 et
919 2878 1420 2947 mediajunctaque
1455 2879 1651 2932 mediis
1681 2879 1765 2932 vel
1799 2879 2060 2932 distincta
2093 2878 2322 2932 ordina—

746 2973 894 3024 tione
928 2970 1414 3039 moderationeque
1433 2971 1606 3040 ipsius
1634 2979 1926 3024 serventur
1945 2958 2108 3040 atque
2130 2971 2324 3024 unian-

746 3059 1158 3126 tnr.Quomodo
1188 3059 1358 3128 igitur
1403 3059 1509 3113 hoc
1537 3061 1773 3114 stultitia
1802 3061 2045 3113 alienum
2073 3061 2322 3113 modera-

747 3164 924 3206 torem
974 3152 1042 3207 de
1095 3152 1268 3222 ipsius
1307 3152 1515 3206 unione
1556 3155 1850 3222 quaerere?
1899 3153 1980 3206 An
2017 3154 2182 3206 etiam
2218 3154 2322 3206 hoc

747 3244 964 3299 audetis
993 3244 1202 3307 dicere,
1238 3245 1333 3314 qui
1368 3260 1430 3298 ea
1463 3260 1583 3314 quae
1617 3244 1834 3312 longius
1874 3261 1904 3297 a
1934 3255 2125 3298 natura
2156 3246 2328 3314 ipsius
2354 3220 2396 3275 θ

748 3345 878 3390 sunt
910 3351 1128 3390 servare
1152 3344 1353 3405 potest,
1386 3351 1514 3388 eum
1543 3335 1687 3405 quod
1733 3337 1972 3404 propriae
2001 3345 2207 3389 natura:
2248 3335 2300 3404 ip

746 3429 868 3481 sius
911 3428 1129 3481 unitum
1160 3436 1246 3481 est
1279 3428 1570 3481 continere
1615 3443 1724 3481 non
1759 3427 1965 3495 posse?
2014 3427 2152 3491 Quid
2198 3443 2330 3495 ergo

749 3518 854 3572 hoc
905 3518 1128 3572 stultius
1166 3518 1353 3572 esset?
1409 3517 1466 3572 Si
1499 3533 1630 3571 vero
1684 3526 1974 3586 propterea
2027 3517 2171 3586 quod
2219 3532 2328 3570 non

748 3609 819 3662 ab
851 3609 1198 3678 aliopotiore
1222 3616 1494 3671 servatur,
1531 3608 1652 3661 ideo
1674 3624 1782 3661 non
1810 3625 1839 3660 a
1863 3608 2042 3677 seipso
2071 3608 2327 3660 unionem

751 3697 924 3766 ipsius
977 3699 1091 3751 ullo
1137 3696 1303 3750 modo
1345 3696 1803 3751 indissolubiliter
1825 3699 2034 3750 servari
2080 3698 2326 3762 creditis,

750 3788 878 3843 ideo
921 3787 1178 3842 similiter
1224 3803 1328 3841 nec
1366 3787 1436 3841 ab
1473 3788 1582 3841 aiio
1615 3788 1824 3856 potiore
1874 3789 2075 3842 factum
2119 3788 2325 3851 fuerit;

750 3893 914 3933 omne
947 3877 1094 3931 enim
1123 3892 1225 3931 ens
1260 3877 1330 3930 ab
1357 3877 1541 3946 aliquo
1565 3878 1783 3946 potiore
1815 3878 2020 3930 factum
2051 3886 2163 3941 est;
2220 3893 2328 3931 non

749 3985 880 4040 ergo
909 3969 1062 4024 illum
1089 3983 1211 4023 esse
1242 3969 1646 4023 conﬁteremini
1679 3985 1693 4033 ;
1728 3969 1866 4022 ni'liil
1897 3970 2043 4022 enim
2085 3968 2197 4022 Deo
2233 3983 2330 4022 ex-

750 4061 1040 4117 cellentius
1055 4077 1071 4123 ;
1089 4074 1192 4114 nec
1212 4060 1529 4115 necessario
1552 4060 1723 4113 Deum
1748 4059 2035 4123 exsistere,
2058 4059 2328 4127 siquidem

751 4159 861 4198 non
915 4146 1262 4213 praestantius
1314 4161 1343 4199 a
1397 4161 1506 4216 quo
1558 4147 1712 4202 ﬁeret
1758 4146 2032 4215 habebat;
2084 4148 2176 4204 vel
2213 4151 2329 4205 exi-

753 4246 908 4292 utens
927 4238 1079 4307 juxta
1117 4250 1359 4294 vestram
1408 4241 1731 4306 sapientiam
1777 4243 1843 4294 ali
1893 4243 2076 4313 aliquo
2119 4244 2330 4312 potiora

751 4331 1064 4386 necessario
1145 4331 1324 4388 factus
1409 4335 1578 4388 fuisse
1660 4333 1953 4388 videbitur.
2060 4332 2330 4390 llornmce

749 4438 969 4477 omnem
1008 4424 1339 4494 impietatem
1393 4428 1572 4479 metiri
1608 4428 1759 4480 vobis
1816 4427 2320 4494 expergiscentilms

749 4509 1222 4577 derelinquemus.
1262 4507 1370 4560 Sed
1404 4507 1519 4561 habe
1543 4508 1832 4562 suiliciant.
1879 4510 1936 4562 In
1968 4510 2324 4563 conclusione
2360 4531 2401 4584 ι)

747 4615 900 4662 vero,
946 4598 1224 4667 quomodo
1273 4597 1684 4652 distinctionem
1721 4599 1885 4652 Verbi
1937 4599 2006 4652 ab
2063 4599 2156 4652 illo
2177 4599 2324 4668 quod

749 4690 854 4759 ipsi
897 4689 1088 4742 unitur
1133 4687 1544 4746 concesseritis.
1607 4688 1977 4756 u-nionemque
2015 4703 2046 4740 a
2112 4688 2327 4756 potiore

750 4779 871 4848 tieri
899 4778 1179 4848 quomodo
1225 4778 1574 4841 indu‘xeritis,
1611 4778 1908 4833 nescimus.
1966 4779 2129 4833 Initio
2177 4781 2324 4834 enim

749 4869 1244 4939 argumentationis
1295 4875 1513 4931 vestrae,
1556 4881 1738 4921 omne.
1768 4883 1878 4922 non
1933 4883 2182 4931 manens,
2241 4868 2326 4922 vel

752 4951 990 5016 n'ianens-
1014 4961 1068 5016 in
1109 4961 1332 5023 unione,
1373 4975 1475 5014 nee
1502 4975 1569 5014 ex
1593 4961 1774 5029 seipse
1823 4975 2068 5023 manere,
2119 4975 2223 5014 nec
2259 4975 2325 5014 ex

749 5053 932 5122 selpso
961 5051 1209 5114 dissolvi,
1233 5066 1267 5103 ο
1291 5051 1560 5105 ratiocinii
1590 5051 1932 5121 peritissimi,
1970 5051 2321 5106 asserebatis.

1372 5266 1521 5320 CAP.
1566 5266 1698 5320 XIV.

825 5404 879 5456 Si
914 5403 1058 5456 Deus
1097 5403 1337 5457 Verbum
1370 5413 1579 5457 naturae
1609 5413 1811 5458 nostra:
1846 5405 2098 5459 rationali
2138 5406 2329 5459 unitur

751 5503 1011 5563 tanquam
1063 5503 1250 5548 nostro
1295 5495 1512 5564 corpori
1568 5495 1758 5548 unitur
1790 5494 1970 5548 anima
2023 5496 2329 5558 rationalis,

751 5585 974 5656 quando
1003 5596 1215 5640 naturae
1247 5596 1449 5640 nostra:
1489 5587 1740 5640 rationali
1799 5587 2096 5652 videbitur,
2130 5602 2330 5658 opera-

837 5773 858 5804 ⁹
887 5771 1027 5825 Psal.
1065 5786 1133 5836 ιῐ,
1176 5774 1224 5826 ’1.

2421 1962 2636 2015 sat/xor
2677 1967 2734 2016 αἱ
2768 1963 3090 2030 ῥυμφιιῖαι·
3134 1966 3188 2017 τί
3230 1966 3337 2036 γὰρ
3383 1965 3447 2036 δὴ
3497 1965 3659 2020 τοῦτο
3692 1969 3822 2038 ὑμῖν
3873 1969 3999 2038 βού-

2422 2054 2570 2105 λεται
2629 2055 2688 2105 τὸ
2740 2056 2797 2118 ἐξ
2857 2055 3090 2122 ἀπορίας
3131 2057 3464 2126 πρόῦλημας
3518 2056 3841 2111 Τοῦναντξον
3891 2061 3999 2128 γὰρ

2423 2148 2582 2216 ἡμεῖς
2630 2146 2876 2214 εἴποιμεν
2907 2145 2991 2209 ἂν,
3029 2147 3155 2198 ἐπεὶ
3194 2147 3372 2201 πάντα
3405 2148 3475 2200 τὰ
3507 2149 3871 2220 συντιθέμενα
3896 2150 4002 2202 ύπὸ

2420 2253 2565 2298 τινος
2598 2236 2842 2304 μείζονος
2868 2237 3210 2306 διατηρεῖται
3237 2239 3268 2306 ἢ
3296 2239 3438 2292 κατά
3471 2239 3668 2309 καιρὸν
3695 2240 3997 2294 διαλύεται·

2421 2326 2579 2379 τοῦτο
2613 2327 2743 2378 αὐτὸ
2776 2327 3010 2396 μάλιστα
3048 2327 3309 2398 ζητητέον
3342 2333 3455 2393 τοῖς
3479 2329 3742 2398 ἀσφαλῶς
3771 2332 4002 2402 ὲρευνᾷν

2425 2419 2846 2489 βουλομένοιςτί
2868 2419 2930 2471 τὸ
2960 2419 3176 2472 πάντων
3197 2421 3582 2493 διατηρητικὺν
3611 2422 3721 2475 τῶν
3756 2423 4002 2476 συντιθε-

2425 2511 2602 2580 μένων
2623 2509 2791 2564 ὲστίν.
2820 2511 2882 2562 Εἰ
2913 2509 2971 2562 δὲ
2993 2513 3070 2581 πῆ
3094 2511 3192 2580 μὲν
3209 2511 3452 2580 ἀμέσως,
3483 2512 3557 2580 πῆ
3589 2511 3645 2564 δὲ
3673 2511 3764 2565 διὰ
3793 2511 4002 2583 μέσων,

2422 2601 2498 2664 ὥς
2545 2602 2858 2670 τινέςφασι,
2890 2603 3104 2670 φύσεως
3150 2604 3312 2673 τυχὸν
3361 2604 3396 2675 ἢ
3453 2603 3648 2674 ἐτέρας
3691 2604 4001 2674 δυνάμεως.

2425 2695 2642 2745 πάντων
2674 2695 2823 2762 ὅμως
2871 2695 2900 2745 ὁ
2944 2693 3085 2757 Οείος
3122 2696 3280 2764 μόνος
3323 2696 3496 2763 Λόγος
3521 2696 3916 2767 διατηρητικός
3944 2713 4004 2748 τε

2425 2785 2517 2836 καὶ
2548 2784 2869 2854 διοριστικός
2911 2785 3080 2850 ἐστιν,
3115 2786 3237 2838 ἐπεὶ
3270 2786 3366 2838 καὶ
3391 2787 3758 2857 προακτικός·
3791 2787 3870 2848 ὡς
3909 2789 4004 2840 καὶ

2425 2873 2493 2926 τὰ
2519 2877 2660 2943 μέσα
2689 2876 2778 2926 καὶ
2804 2878 2870 2925 τὰ
2897 2874 2982 2925 διὰ
3024 2874 3133 2926 τῶν
3165 2874 3346 2943 μέσων
3370 2875 3786 2944 συσφιγγόμενα
3818 2874 3856 2945 ἦ
3885 2876 4005 2928 δια·-

2426 2965 2721 3034 κρινόμενα
2755 2969 2819 3036 τῇ
2845 2964 3011 3018 αὐτοῦ
3042 2965 3273 3036 διαταγῇ
3296 2983 3354 3018 τε
3388 2969 3483 3020 καὶ
3514 2971 3738 3038 συνοχῇ,
3769 2970 3868 3020 καὶ
3888 2969 4002 3021 δια-

2425 3057 2712 3126 τηρείσθαι
2747 3075 2805 3110 τε
2844 3059 2939 3109 καὶ
2985 3055 3347 3111 συντίθεσθαι.
3381 3056 3509 3120 Πῶς
3536 3059 3639 3110 οὐκ
3665 3058 3877 3127 ἠλίθιον
3907 3061 4005 3110 αὖ-

2425 3145 2520 3199 τοῦ
2549 3147 2839 3215 παρόντος,
2869 3147 3057 3217 ἓτερον
3097 3145 3278 3214 ζητεῖν
3322 3146 3555 3217 συνοχέα
3589 3148 3683 3201 ἐπὶ
3708 3148 3809 3216 τῆς
3835 3148 4005 3201 αὐτοῦ

2431 3239 2769 3302 συνθέσεως,
2809 3240 2959 3308 Μήτι
3011 3238 3069 3289 δὲ
3106 3233 3218 3307 ἆρα
3264 3237 3423 3289 τοῦτό
3465 3253 3628 3306 φατε,
3673 3239 3760 3292 ὅτι
3793 3239 3864 3291 τὰ
3907 3241 4008 3309 μὲν

2432 3330 2765 3400 πορρωτέρω
2790 3345 2894 3380 που
2936 3328 3034 3397 τῆς
3063 3327 3230 3380 αὑτοῦ
3259 3327 3468 3396 φύσεως
3498 3329 3777 3398 διατηρεῖν
3803 3324 3918 3393 οἷός
3948 3347 4008 3381 τε

2430 3418 2496 3470 ἂν
2527 3418 2648 3485 εἴη,
2683 3417 2744 3468 τὸ
2784 3417 2840 3468 δὲ
2885 3418 2949 3484 τῇ
2983 3417 3144 3482 φύσει
3193 3417 3338 3478 ἰδίως
3388 3418 3455 3486 τῇ
3502 3417 3666 3470 αὑτοῦ
3715 3417 4011 3488 ἑνούμενον

2431 3507 2678 3576 συνέχειν
2715 3507 2776 3557 οὑ
2807 3505 3061 3568 δύναται;
3096 3507 3202 3558 Καὶ
3230 3507 3282 3558 τί
3307 3506 3497 3559 τούτου
3537 3506 3605 3560 ἂν
3647 3509 3730 3577 εῐη
3765 3507 4010 3578 ληρωδέ-

2430 3615 2657 3667 στερονς
2686 3598 2750 3649 El
2777 3599 2834 3650 δὲ
2862 3597 2998 3650 διότι
3029 3597 3105 3667 μὴ
3134 3597 3225 3649 ὑπ’
3250 3597 3412 3651 ἀλλου
3451 3599 3790 3670 διατηρεῖται
3826 3601 4011 3670 κρειτ-

2428 3705 2600 3749 τονος,
2629 3688 2717 3740 διὰ
2744 3685 2902 3741 τοῦτο
2967 3687 3104 3758 μηδὲ
3151 3688 3242 3755 ὑφ’
3291 3689 3511 3754 ἑαυτοῦ,
3553 3688 3693 3759 μηδὲ
3726 3689 3867 3752 ὅλως
3897 3691 4010 3743 δια-

2427 3777 2712 3847 τηρείσθαι
2758 3777 2857 3846 τὴν
2904 3777 3072 3830 αὐτοῦ
3108 3777 3359 3831 σύνθεσιν
3394 3779 3696 3841 ἅδιαλύτως
3731 3780 4009 3849 νομίζετε,

2427 3867 2630 3936 ὁμοίως
2659 3865 2727 3920 ἂν
2756 3865 2893 3918 διότι
2925 3867 3064 3936 μηδὲ
3113 3867 3206 3920 ὑπ’
3231 3868 3393 3922 ἀλλον
3426 3870 3622 3936 γέγονε
3653 3870 3975 3939 κρείττονος
3995 3889 4008 3900 ·

2431 3962 2539 4013 πᾶν
2579 3960 2688 4028 γὰρ
2715 3957 2774 4011 δν
2804 3959 2908 4011 ὑπό
2943 3977 3089 4023 τινος
3133 3961 3445 4031 κρείττονος
3488 3964 3815 4032 γεγένηται,
3877 3965 4010 4033 μηδὲ

2428 4047 2568 4104 εἶναι
2597 4050 2758 4104 αὑτὸν
2777 4050 3162 4122 ὁμολογήσοιτε
3193 4054 3299 4121 ἀν,
3329 4053 3467 4107 Θεοῦ
3502 4054 3612 4124 γὰρ
3635 4054 3789 4107 οὐδὲν
3821 4057 4010 4126 κρεῖσ-

2430 4157 2542 4196 σον’
2573 4141 2670 4194 καὶ
2693 4141 2914 4212 ἀνάγκη
2947 4141 3082 4212 μηδὲ
3119 4140 3262 4197 εἶναι
3319 4143 3476 4210 Θεὸν,
3505 4145 3628 4197 ἐπεὶ
3680 4143 3816 4213 μηδὲ
3849 4145 4010 4213 ἔσχεν

2430 4233 2518 4303 ὑφ’
2539 4259 2549 4291 ι,
2574 4232 2700 4289 ὅτου
2739 4232 3046 4303 κρείττονος
3090 4235 3404 4304 γεγένηται⁶
3456 4232 3490 4303 ἢ
3537 4236 3666 4289 ὄντα
3714 4238 3861 4288 κατά
3909 4236 4008 4306 τὴν

2430 4324 2706 4395 ὑμετέραν
2736 4324 2958 4394 δοκήσει
2987 4327 3205 4396 σοφίαν,
3246 4327 3352 4380 ὑπό
3384 4343 3527 4388 τινος
3570 4328 3887 4398 κρείττονος
3910 4345 4008 4395 γε-

2429 4415 2690 4483 γενῆσθαι
2713 4414 2948 4484 ἀνάγκη.
2978 4416 3198 4470 Τούτων
3227 4416 3283 4469 δὲ
3308 4416 3406 4482 τὴν
3431 4417 3692 4471 ἀσέϐειαν
3721 4417 3848 4486 ὅση,
3881 4418 4010 4487 ὑμῖν

2430 4506 2832 4574 καταλείψομεν
2862 4507 3202 4574 ἀφυπνοῦσιν
3230 4506 3698 4577 ὲκμετρήσασθαι.
3745 4507 3892 4559 Ἀλλ’
3915 4507 4008 4560 οὓς

2432 4613 2539 4657 τως
2580 4595 2680 4664 μὲν
2708 4595 2855 4648 τάδε.
2914 4595 3002 4648 Ἐν
3052 4595 3108 4648 δὲ
3157 4596 3234 4665 τῷ
3275 4599 3725 4666 συμπεράσματι,
3760 4596 3884 4658 πῶς
3914 4595 4011 4664 τὴν

2431 4684 2705 4751 διάκρισιν
2725 4684 2816 4736 τοῦ
2833 4684 3008 4751 Λόγου
3040 4685 3147 4737 ἀπὸ
3174 4683 3270 4738 τοῦ
3299 4687 3659 4756 συγκειμένου
3689 4685 3845 4755 αὐτῷ
3878 4701 4012 4755 παρ-

2433 4777 2784 4842 εχωρήσατε,
2825 4773 2927 4843 τὴν
2969 4774 3029 4826 δὲ
3069 4775 3301 4845 συνοχὴν
3371 4777 3478 4829 ὑπὸ
3509 4776 3825 4846 κρείττονος
3873 4772 4010 4829 εἶναι

2436 4865 2825 4932 συνεισάγετε,
2875 4867 2982 4918 οὐκ
3015 4865 3197 4936 ῐσμεν.
3243 4867 3331 4919 Ἐν
3365 4867 3506 4936 ἀρχῇ
3543 4868 3650 4937 γὰρ
3700 4866 3803 4935 τῆς
3838 4883 4012 4918 κατα-

2434 4957 2636 5025 σκευῆς
2665 4956 2841 5023 ὑμῶν,
2874 4959 2981 5011 πᾶν
3010 4957 3072 5010 τὸ
3097 4959 3174 5027 μὴ
3211 4959 3394 5024 μένον,
3420 4959 3453 5027 ἢ
3491 4957 3653 5028 μένον
3685 4959 3747 5008 ἐν
3773 4960 3844 5027 τῇ
3889 4973 4010 5010 συνο

2432 5047 2602 5110 θέσει,
2626 5045 2749 5100 οὔτε
2782 5047 2879 5116 ἀφ’
2911 5047 3108 5101 ἑαυτοῦ
3150 5049 3357 5119 μένειν,
3385 5049 3512 5101 οὔτε
3546 5050 3639 5117 ἀφ’
3666 5047 3870 5100 ἑαυτοῦ
3901 5048 4014 5102 δια.

2432 5137 2654 5191 λύεσθαι
2685 5139 2902 5206 ἐλέγετε
2933 5138 3499 5208 συλλογιστικὼτατοι.

3013 5272 3266 5325 ΚΕΦΑΛ.
3321 5270 3420 5324 1Δ⁸.

2508 5408 2572 5459 El.
2607 5406 2886 5475 σύγκειται
2928 5408 2957 5459 ὁ
2994 5406 3128 5470 Θεὸς
3161 5408 3336 5475 Λόγος
3486 5405 3546 5470 ἐξ
3587 5406 3748 5476 ἡμῶν
3781 5408 4013 5475 ἐμψύχῳ

2441 5498 2629 5566 σαρκὶ,
2659 5497 2733 5559 ὡς
2771 5496 3057 5564 σύγκειται
3105 5497 3139 5564 ἡ
3179 5495 3374 5566 λογικῇ
3423 5496 3569 5565 ψυχὴ
3615 5493 3692 5564 τῷ
3755 5497 4015 5563 ἡμετέρῳ

2442 5589 2674 5659 σώματι,
2703 5591 2799 5659 τῆς
2832 5589 2890 5653 ἐξ
2927 5588 3084 5659 ἡμῶν
3122 5589 3371 5659 ἐμψύχου
3412 5588 3615 5658 σαρκὸς
3650 5586 4010 5641 adsedi-xani-
