4214 6450
218 489 354 553 1453

1149 473 1552 534 ΑΙΝΕΒΞΙΙΞ
1586 469 2137 531 NES’I‘ORIANOS.
2173 497 2236 506 -
2268 472 2409 530 LIB.
2467 470 2505 526 Ι.

3358 462 3494 525 1454

214 617 337 673 σης,
370 600 616 668 εἴργεται
650 596 677 648 ὁ
711 593 844 655 Θεὸς
877 591 1049 659 Λόγος
1093 590 1198 642 τῶν
1244 587 1460 640 οἰκείων
1503 585 1796 654 ἐνεργειῶν

1917 585 2081 638 .ioncs
2106 601 2233 639 suas
2271 586 2414 639 Deus
2447 582 2684 636 Verbum
2715 581 2924 634 invitus
2957 580 3278 650 opcraliitttr
3299 623 3312 646 ,
3350 587 3493 639 sicut

210 695 553 761 ἀϐουλήτως,
588 685 845 756 καθάπερ
876 685 910 754 ἡ
961 681 1110 752 ψυχὴ
1144 681 1376 732 παύεται
1422 679 1516 730 τοῦ
1549 679 1796 746 ἐνεργεῖν

209 786 272 850 ἐξ
306 786 578 852 ἀνάγκης,
616 779 712 832 τοῦ
751 777 1008 846 σώματος
1044 777 1122 837 είς
1149 773 1318 826 ὕπνον
1344 771 1705 842 τρεπομένου.
1735 769 1798 820 Et

207 877 265 928 δὲ
303 877 378 946 μὴ
419 876 708 942 σύγκειται
753 872 780 923 ὁ
809 869 941 930 Θεὸς
972 867 1144 934 Λόγος
1168 867 1235 935 τῇ
1281 864 1342 928 ἐξ
1382 863 1540 933 ἡμῶν
1569 860 1801 932 ἐμψύχῳ

211 965 404 1036 σαρκὶ,
456 964 533 1026 ὠς
585 963 871 1028 σύγκειται
902 959 936 1026 ἡ
968 955 1116 1024 ψυχὴ
1149 953 1228 1023 τῷ
1263 953 1522 1022 ἡμετέρῳ
1557 949 1797 1019 σώματι,

215 1058 501 1124 σύγκειται
533 1055 592 1107 δὲ
625 1052 783 1115 ὅλως,
819 1049 1062 1102 δότωσαν
1102 1047 1234 1114 ἡμῖν
1261 1044 1462 1112 δεῖγμα
1484 1043 1584 1111 τῆς
1614 1040 1796 1094 συνθέ-

213 1167 356 1210 σεως
388 1147 511 1201 καθ’
547 1147 614 1216 ἦν
648 1143 932 1214 βούλονται
975 1136 1300 1205 συγκεῖσθαι
1337 1135 1428 1187 τὸν
1458 1132 1592 1186 Θεὸν
1631 1133 1802 1200 Λόγον

209 1237 293 1308 τῷ
327 1237 386 1303 ἐξ
426 1235 586 1306 ἡμῶν
617 1231 914 1302 ἀνθρώπῳ.
956 1229 1018 1280 Εἰ
1047 1228 1104 1281 δὲ
1146 1227 1220 1296 μὴ
1249 1224 1546 1295 εὐποροῦσι
1585 1223 1801 1286 τούτου,

212 1330 632 1402 βεϐαιούτωσαν
663 1326 725 1379 τὸ
762 1325 1060 1392 λεγόμενον
1093 1322 1279 1381 αὐτοῖς
1317 1319 1563 1387 γραφικῇ
1595 1331 1805 1386 μαρτυ-

214 1423 314 1492 ρίᾳ
336 1435 352 1450 ⁶
386 1417 683 1488 πιστοτέρα
706 1415 816 1484 γάρ
848 1415 980 1482 ἡμῖν
1011 1410 1152 1481 αὕτη
1179 1411 1361 1477 πάσης
1403 1409 1639 1476 φυσικῆς
1668 1407 1805 1458 ἀπο-

211 1511 465 1576 δείξεως.
502 1509 565 1561 Εἰ
598 1506 654 1559 δὲ
687 1505 827 1574 πρὸς
869 1503 1065 1571 ἐκείνῳ
1101 1502 1196 1553 ml
1224 1498 1429 1567 ταύτης
1461 1496 1804 1566 ἀμοιροῦσιν,

213 1603 542 1673 ἀμάρτυρον
574 1600 682 1669 ἄρα
726 1598 788 1648 τὸ
817 1597 1112 1664 λεγόμενον
1149 1593 1356 1654 αὐτοῖς,
1383 1591 1474 1642 καὶ
1497 1587 1807 1656 ἁπόφανσις

211 1695 353 1764 ψιλή
379 1709 397 1724 ⁸
436 1692 520 1745 διὸ
550 1691 648 1743 καὶ
679 1689 948 1742 ἄδεικτον·
980 1685 1038 1736 τὸ
1061 1682 1170 1753 γὰρ
1196 1680 1411 1750 φυσικῷ
1430 1680 1575 1748 λόγῳ
1603 1678 1677 1748 μὴ
1708 1678 1809 1730 δει-

215 1787 492 1854 κνύμενον
528 1784 626 1835 καὶ
659 1780 907 1850 γραφικῇ
946 1774 1228 1845 μαρτυρίᾳ
1261 1773 1337 1842 μὴ
1390 1770 1806 1842 βεϐαιούμενον,

212 1880 451 1947 πλάσμα
489 1873 588 1927 τοῦ
641 1871 898 1938 λεγόντος
928 1870 1014 1936 εἴη
1059 1866 1156 1920 ἄν·
1194 1866 1290 1917 καὶ
1341 1862 1504 1916 τοῦτο
1538 1861 1808 1915 ἀπίθανόν

213 1989 278 2024 τε
331 1971 448 2040 ἅμα
469 1968 562 2020 καὶ
591 1965 812 2026 ἀσεϐές.

290 2057 441 2130 'Apa
475 2060 584 2129 γάρ
625 2056 798 2119 οὓτως
827 2055 1078 2120 ἀνάγκη,
1133 2043 1181 2103 ὦ
1235 2047 1412 2116 σοφοὶ,
1453 2047 1514 2100 τὸ
1565 2045 1710 2099 κατά
1758 2061 1813 2098 τι

215 2154 362 2225 πρὸς
391 2149 656 2223 ὁμοίωσίν
687 2163 836 2209 τινος
886 2141 1489 2215 παραλαμϐανόμενον,
1540 2141 1636 2193 καὶ
1673 2138 1816 2190 κατὰ

217 2248 404 2298 πάντα
437 2243 526 2296 τὸν
558 2238 758 2294 ἑαυτοῦ
786 2236 948 2304 λόγον
990 2233 1230 2286 ἐοικέναι
1259 2230 1339 2300 τῷ
1366 2229 1812 2300 παραδείγματι;

215 2337 336 2391 Καὶ
358 2335 474 2397 πῶς
494 2331 562 2388 ἂν
583 2331 664 2384 ἔτι
690 2329 842 2400 μένοι
868 2327 1166 2396 λεγόμενον
1197 2322 1588 2392 παράδειγμας
1620 2321 1815 2374 Ἔσται

215 2430 333 2500 γάρ
365 2428 460 2480 καὶ
485 2425 646 2479 τοῦτο
671 2421 1058 2494 πρωτότυπον,
1082 2416 1159 2487 τῷ
1183 2415 1465 2469 άνελλιπεῖ
1488 2416 1587 2481 τῆς
1619 2411 1816 2484 ὁμοιὼ-

218 2536 389 2582 σεως·
426 2515 666 2588 μάλιστα
693 2513 752 2567 δὲ
775 2511 1018 2582 ὁπηνίκα
1036 2508 1148 2561 τῶν
1167 2507 1295 2577 περὶ
1320 2507 1419 2576 τὴν
1449 2503 1636 2557 οὐσίαν
1668 2503 1815 2556 ἰδιω-

223 2615 440 2686 μάτων,
479 2614 513 2682 ἢ
549 2612 608 2662 ὲν
636 2608 800 2679 οὐσίᾳ
841 2603 1319 2676 προσγινομένων,
1363 2600 1454 2653 καὶ
1495 2598 1597 2652 οὐκ
1624 2598 1817 2659 οὐσίας

218 2705 366 2760 εἶναι
399 2704 616 2773 λέγοιτο
649 2700 943 2770 ὁμοίωσις,
983 2696 1102 2759 πῶς
1155 2695 1250 2748 καὶ
1293 2692 1364 2746 τά
1404 2691 1632 2761 θατέρου
1667 2689 1812 2754 ίδια,

220 2796 449 2865 θατέρῳ
482 2810 568 2856 τις
601 2791 926 2861 ὲπισύρεται
958 2788 1035 2850 ὡς
1065 2787 1207 2839 ίδικά
1233 2802 1248 2850 ;
1275 2785 1468 2836 Ἔσται
1488 2781 1599 2851 γάρ
1631 2780 1816 2833 λοιπὸν

221 2885 410 2940 κοινά.
445 2885 579 2936 Δέον
599 2880 733 2949 γοῦν
754 2880 924 2948 ὑμᾶς,
946 2879 995 2929 εἰ
1027 2874 1205 2929 ταῦτα
1238 2871 1414 2934 οὕτως
1439 2871 1585 2941 ἔχειν
1613 2869 1815 2931 οἴεσθε,

219 2979 327 3033 καὶ
370 2977 443 3029 τὰ
492 2975 675 3027 τοιάδε
731 2972 843 3042 ἄρα
893 2968 1176 3037 λογίζεσθε
1225 2965 1422 3034 τυχόν·
1453 2964 1576 3016 ἐπεὶ
1619 2966 1676 3015 ὲν
1707 2965 1820 3026 τοῖς

222 3067 453 3137 Δίθίοψι
473 3068 534 3119 τὸ
562 3066 735 3134 μέλαν
760 3063 936 3126 οὕτως
975 3059 1222 3131 ὁρατέον,
1252 3058 1328 3118 ὡς
1358 3056 1454 3108 καὶ
1493 3057 1552 3108 ὲν
1583 3057 1696 3116 τοῖς
1725 3054 1820 3106 κό-

228 3161 410 3232 ραξιν,
450 3161 551 3213 ὃσα
579 3160 694 3220 τοῖς
729 3154 924 3226 κόραξι
961 3151 1492 3224 προσμαρτυρεῖται,
1523 3148 1822 3214 ἀναγκαῖον

226 3255 522 3324 ⁶προσεῖναι
551 3251 647 3303 καλ⁸
672 3251 786 3310 τοῖς
809 3246 1080 3313 Αἰθίοψιν.
1107 3244 1282 3312 Εἴπερ
1309 3243 1395 3309 ἐφ’
1417 3233 1493 3294 ὧν
1522 3241 1586 3292 ὲκ
1620 3240 1822 3308 μέρους

223 3347 342 3399 τῶν
363 3341 715 3398 ὲπουσιωδῶν
738 3342 890 3392 ἐστιν
915 3337 1195 3407 ὁμοίωσις,
1232 3335 1328 3388 κα)⁸
1357 3333 1426 3385 τὰ
1448 3331 1611 3385 λοιπὰ
1643 3333 1820 3384 πάντα

224 3435 497 3497 ὡσαύτως
530 3433 715 3502 ζητεῖν
744 3432 803 3483 ὲν
832 3429 1079 3498 ἑκατέρῳ
1107 3426 1214 3478 τῶν
1243 3425 1444 3494 ὁμοίων
1474 3424 1709 3492 ἀνάγκη·
1737 3422 1822 3474 λέ-

227 3547 392 3598 γεται
422 3528 479 3581 δὲ
508 3526 638 3596 περὶ
670 3523 779 3576 τῶν
817 3522 1093 3592 κοράκων,
1125 3518 1258 3571 ποτὲ
1295 3517 1394 3588 μὲν
1424 3517 1623 3579 αὐτοὺς
1655 3515 1818 3567 ἵπτα-

231 3624 400 3685 σθαι,
435 3619 569 3672 ποτὲ
600 3618 660 3671 δὲ
698 3613 951 3680 πεζεύειν
998 3610 1343 3681 ἠρεμοῦντας
1384 3611 1484 3678 τῆς
1535 3609 1820 3676 πτήσεως·

229 3713 438 3769 οὗκοῦν
476 3711 723 3772 καὶτοὺς
781 3707 1048 3769 Αἰθίοπας
1088 3704 1262 3766 οὕτως
1298 3701 1448 3772 ἔχειν
1498 3700 1821 3764 δοξαστέονς

246 3806 414 3859 Ἀλλὰ
447 3807 541 3857 καὶ
575 3798 884 3870 τοῦμπαλιν
928 3797 997 3850 τὰ
1024 3795 1137 3847 τῶν
1177 3792 1454 3847 Αἰθιόπων
1488 3793 1605 3854 τοῖς
1633 3789 1824 3860 κόραξι

231 3900 424 3954 πάλιν.
457 3898 723 3963 Λέγονται
753 3890 807 3944 δὲ
840 3893 934 3943 καὶ
975 3890 1022 3941 οἱ
1057 3890 1116 3940 ὲν
1162 3887 1377 3956 θεάτρῳ
1411 3885 1551 3950 λαοὶ,
1594 3884 1648 3936 οἴ
1669 3899 1729 3935 τε
1769 3885 1826 3933 ἐν

233 3991 390 4059 αύτῷ
448 3987 586 4039 λίθοι
633 3983 830 4054 ὁμοίαν
860 3981 1005 4050 ἔχειν
1055 3980 1153 4046 τὴν
1192 3977 1522 4048 παράθεσιν,
1562 3975 1657 4028 καὶ
1702 3973 1825 4026 καθ’

231 4083 436 4152 ὁμοίαν
469 4081 664 4131 ἕνωσιν
696 4073 932 4143 τοπικὴν
972 4069 1292 4139 συγκεῖσθαι
1323 4068 1572 4138 ἀλλήλοις
1614 4065 1826 4135 ὡμολό-

231 4190 425 4243 γηται.
472 4171 704 4236 Ἔοέιεται
730 4161 824 4218 οὖν
853 4164 948 4215 καὶ
992 4164 1106 4222 τοῖς
1148 4158 1318 4221 λίθοις
1353 4157 1698 4226 γελαστικὸν,
1731 4156 1844 4214 καὶ,

232 4269 358 4326 τοῖς
392 4260 699 4329 ἀνθρώποις
745 4257 807 4308 τὸ
846 4251 1181 4322 πελεκητόν·
1234 4249 1357 4303 ἐπεὶ
1406 4249 1466 4301 ὲν
1499 4248 1749 4318 θατέροις
1793 4249 1826 4317 ἡ

233 4353 550 4424 παράθεσις
597 4348 759 4418 ὁμοία
791 4344 1060 4414 φαίνεται.
1098 4338 1163 4397 Ὦ
1188 4341 1286 4410 τῆς
1317 4338 1592 4401 εύκολίαςί
1645 4337 1690 4392 ὣ
1731 4338 1827 4408 τῆς

234 4443 575 4515 ἁπροσεξίας
618 4442 753 4510 ὅσηί

326 4540 466 4592 Ἀλλ’
527 4537 617 4590 ἵνα
668 4535 743 4605 μὴ
788 4532 878 4585 διὰ
915 4533 1028 4586 τῶν
1078 4529 1363 4599 προτέρων
1392 4524 1827 4593 άπελεγῇίθέντες

1901 676 2082 730 anima
2119 676 2434 730 necessario
2465 688 2625 743 agerc
2660 681 2862 733 cessat,
2903 671 3126 740 quando
3155 687 3350 724 somno
3387 682 3497 724 tur-

1904 769 2074 838 pescit
2101 783 2322 838 corpus.
2349 767 2404 820 Si
2439 782 2570 819 vero
2589 767 2749 844 .Deus
2781 763 3019 819 Verbum
3047 775 3258 817 natura:
3293 774 3498 820 nostrae

1904 861 2162 914 rationali
2193 874 2302 912 non
2337 859 2549 922 unitur,
2600 868 2861 926 tanquam
2901 855 3120 924 corpori
3156 865 3344 907 nostro
3378 856 3494 909 uni-

1905 964 1995 1007 tur
2027 952 2230 1013 anima,
2283 951 2472 1004 unitur
2501 959 2684 1003 autem
2717 947 2983 1011 totaliler,
3013 947 3324 1015 exemplum
3369 947 3500 1001 dent

1905 1039 2068 1097 nobis
2128 1042 2348 1096 unionis
2395 1042 2548 1110 juxta
2605 1055 2768 1108 quam
2819 1039 2992 1094 Deum
3044 1038 3284 1093 Verbum
3332 1039 3498 1092 alicui

1904 1150 1973 1188 ex
2019 1134 2180 1187 nobis
2224 1133 2372 1187 uniri
2443 1130 2656 1184 volunt.
2699 1132 2755 1184 Si
2810 1140 2994 1185 autem
3040 1130 3146 1184 hoc
3197 1146 3306 1183 non
3365 1145 3503 1200 prae-

1904 1225 2038 1279 bent
2075 1225 2268 1294 ,quod
2330 1223 2435 1293 ipsi
2516 1222 2712 1277 dicunt
2795 1222 3085 1291 Scriptura
3125 1221 3498 1277 conﬁrment:

1907 1317 2233 1371 credibilius
2264 1316 2414 1370 enim
2459 1314 2624 1369 nobis
2662 1313 2772 1367 erit
2812 1313 2963 1367 omni
3000 1313 3499 1370 demonstratione.

1909 1411 1965 1463 Si
1996 1425 2127 1464 vero
2155 1408 2210 1461 in
2243 1408 2348 1462 hoc
2379 1407 2510 1462 illud
2545 1423 2766 1477 quoque
2789 1406 2922 1476 ipsis
2951 1405 3128 1469 deest,
3164 1406 3312 1476 quod
3337 1405 3506 1477 igitur

1909 1498 1978 1553 ab
2013 1497 2148 1567 ipsis
2183 1497 2392 1551 dicitur
2434 1497 2588 1551 nullo
2618 1499 2784 1550 modo
2816 1495 3087 1566 probatur
3117 1511 3380 1567 moraque
3417 1506 3506 1552 est

1908 1592 2162 1654 assertio,
2188 1589 2420 1659 ideoque
2443 1587 2848 1643 demonstratio
2871 1602 2980 1642 non
3009 1586 3329 1656 perﬁcitur;
3354 1589 3502 1658 quod

1911 1683 2057 1735 enim
2089 1682 2326 1736 naturali
2365 1682 2580 1734 ratione
2612 1696 2722 1733 non
2754 1679 3172 1733 demonstratur
3204 1695 3310 1735 nec
3351 1681 3503 1736 Scri-

1913 1781 2091 1841 ptura:
2151 1773 2472 1827 testimonio
2545 1770 2949 1835 conﬁrmatur,
3013 1773 3158 1824 lictio
3213 1781 3296 1826 est
3355 1789 3508 1828 asse-

1915 1864 2086 1918 rcntis
2109 1905 2127 1927 ,Α
2147 1864 2396 1933 illudque
2435 1863 2588 1918 nullo
2639 1863 2803 1918 modo
2850 1863 2958 1917 ﬁde
2996 1863 3224 1935 dignum
3283 1873 3390 1932 est,
3439 1883 3504 1921 ac

1838 1953 1876 2006 Β
1907 1956 2073 2011 simul
2125 1957 2378 2027 impium.

1985 2047 2066 2101 An
2094 2048 2174 2102 sic
2204 2047 2382 2118 reipsa
2412 2063 2639 2104 necesse
2664 2058 2772 2116 est,
2809 2066 2843 2104 ο
2867 2039 3208 2122 philosophi.
3243 2052 3388 2121 quod
3419 2067 3504 2104 se-

1915 2138 2159 2193 cundum
2185 2138 2394 2208 aliQuid
2423 2139 2492 2194 ad
2519 2141 2942 2195 similitudinem
2979 2132 3216 2213 alicujus
3245 2143 3495 2202 sumitur.

1915 2228 2216 2297 exemplari
2248 2244 2472 2298 quoque
2511 2231 2819 2285 secundum
2851 2246 3072 2285 omnem
3111 2232 3381 2287 rationem
3419 2233 3506 2287 sui

1917 2322 2099 2375 simile
2126 2321 2351 2376 videri?
2379 2321 2667 2389 Quomodo
2700 2335 2831 2379 tunc
2863 2325 3044 2389 adhuc
3071 2333 3324 2380 maneret
3358 2323 3506 2395 quod

1919 2412 2125 2467 dicitur
2153 2414 2473 2483 exemplar?
2505 2414 2643 2470 Illud
2671 2416 2820 2471 enim
2857 2417 2967 2472 erit
2998 2428 3223 2488 quoque
3252 2428 3508 2490 prototy-

1921 2518 2060 2573 pus,
2120 2505 2174 2558 in
2228 2505 2382 2559 nullo
2429 2504 2721 2561 deﬁciente
2763 2508 3222 2576 comparatione;
3272 2509 3510 2567 maxime

1921 2605 2106 2650 autem
2148 2611 2274 2651 cum
2321 2598 2646 2652 substantia!
2676 2599 3078 2669 proprietatum
3121 2601 3209 2656 vel
3245 2602 3511 2659 acciden-

1925 2690 2061 2744 tium
2096 2706 2200 2744 nec
2224 2691 2547 2747 substantia:
2573 2691 2781 2746 dicitur
2807 2706 2931 2747 esse
2960 2693 3330 2763 comparatio,
3367 2711 3509 2765 quo-

1924 2783 2090 2836 tnodo
2119 2790 2250 2836 tunc
2275 2783 2603 2838 alterutrius
2625 2784 2851 2854 propria
2880 2784 3137 2839 alterutri
3169 2791 3230 2839 ut
3252 2787 3511 2856 specialia

1924 2874 2346 2928 attribuentur?
2382 2875 2659 2930 Caeterum
2691 2877 2839 2931 enim
2877 2885 3044 2932 erunt
3079 2878 3422 2933 communia.
3453 2879 3512 2933 Si

1925 2969 2042 3025 base
2073 2986 2207 3042 ergo
2229 2986 2287 3026 se
2314 2972 2387 3026 ita
2415 2971 2624 3026 habere
2660 2973 3015 3037 existimetis,
3053 2973 3170 3029 haec
3196 2975 3512 3046 huiusmodi

1924 3062 2160 3117 fortasse
2192 3065 2402 3119 sentire
2443 3065 2659 3120 debetis
2688 3084 2700 3118 :
2733 3066 3010 3136 siquidem
3066 3066 3122 3122 in
3153 3062 3514 3138 Ethiopibus

1926 3153 2324 3222 nigritudinem
2353 3154 2546 3210 videre
2573 3165 2658 3210 est
2684 3156 2830 3210 sicut
2845 3165 2902 3210 et
2927 3157 2981 3210 in
3013 3158 3216 3222 corvis,
3248 3173 3513 3227 qua-cun-

1850 3295 1891 3350 ϐ
1927 3261 2038 3314 que
2065 3247 2280 3312 corvis,
2309 3248 2650 3302 'necessario
2697 3258 2756 3303 et
2801 3247 3156 3319 Aﬁtbiopibus
3210 3252 3514 3307 convenire

1929 3339 2255 3408 probantur.
2283 3338 2424 3395 Cum
2459 3349 2644 3395 autem
2667 3355 2904 3410 quorum
2937 3342 3280 3412 comparatio
3307 3352 3394 3398 est
3416 3346 3518 3399 ali-

1928 3446 2165 3500 quorum
2226 3432 2894 3502 supersubstautialium,
2969 3429 3227 3490 similiter
3292 3451 3516 3506 quoque

1927 3525 2115 3578 omnia
2148 3525 2358 3595 reliqua
2389 3526 2446 3579 in
2475 3540 2811 3594 unoquoque
2837 3520 3104 3580 similium
3135 3542 3386 3597 quarere
3415 3545 3508 3583 ne-

1927 3635 2079 3674 cesse
2104 3620 2176 3674 sit
2206 3638 2219 3670 :
2250 3619 2318 3673 de
2345 3620 2528 3673 corvis
2549 3628 2735 3673 autem
2761 3619 2968 3674 dicitur
2988 3619 3157 3674 modo
3191 3635 3289 3676 eos
3306 3623 3512 3687 volare,

1929 3711 2096 3765 modo
2135 3710 2372 3780 pedibus
2412 3710 2518 3776 ire,
2554 3711 2740 3764 volatu
2794 3711 3072 3778 demisso;
3129 3729 3201 3767 an
3251 3713 3335 3768 sic
3383 3730 3516 3786 ergo

1927 3801 2216 3870 Aithiopes
2241 3817 2466 3872 quoque
2489 3817 2547 3857 se
2569 3801 2776 3857 habere
2801 3801 3234 3859 existimandum
3259 3807 3382 3860 est?
3407 3808 3512 3862 Sed

1939 3900 1996 3942 et
2024 3889 2167 3958 quod
2203 3887 2421 3943 diverso
2439 3903 2602 3943 sensu
2633 3886 2979 3957 Ethiopzbus
3011 3889 3288 3958 proprium
3321 3897 3424 3953 est,
3449 3889 3518 3943 de

1938 3982 2122 4033 corvis
2145 3981 2341 4034 iterum
2359 3981 2647 4035 dicendum
2669 3989 2772 4035 est.
2796 3976 2874 4033 Di.
2895 3981 3004 4033 itur
3019 3995 3233 4050 quoque
3248 3989 3427 4049 specta
3437 3990 3518 4037 to-

1949 4085 2057 4134 res,
2077 4071 2168 4139 qui
2189 4081 2313 4125 sunt
2361 4072 2412 4124 in
2447 4073 3044 4137 tlieatto,si‘militerac
3093 4072 3299 4142 lapides
3347 4082 3513 4138 stare,

1937 4163 2189 4230 unirique
2207 4163 2308 4216 sibi
2327 4164 2558 4217 invicem
2579 4165 2880 4219 secundum
2897 4166 3144 4219 eamdem
3166 4169 3420 4220 unionem
3435 4167 3513 4220 lo-

1935 4255 2129 4308 calem.
2153 4253 2406 4310 Facultas
2423 4273 2554 4323 ergo
2582 4257 2853 4324 lapidibus
2886 4260 2992 4312 erit
3032 4257 3270 4319 ridendi.
3297 4260 3439 4314 sicut
3459 4271 3514 4313 et

1940 4338 2256 4399 hominibus
2277 4346 2484 4408 secari;
2507 4347 2777 4414 siquidem
2811 4349 2864 4401 in
2888 4350 3133 4416 utrisque
3180 4348 3319 4402 idem
3343 4364 3512 4417 appa-

1943 4445 2026 4489 ret
2051 4449 2242 4490 status.
2294 4436 2337 4490 0
2382 4445 2518 4490 mira
2550 4441 2874 4494 credulitas!
2904 4439 2951 4494 Ο
2994 4443 3129 4495 mira
3162 4442 3508 4500 absurditasl

2008 4529 2074 4579 At
2111 4542 2202 4592 ne,
2243 4543 2308 4591 po
2340 4538 2524 4595 uuam
2573 4531 2953 4599 superioribus
3003 4534 3235 4587 convicti
3277 4532 3510 4599 fueritis,

230 4635 342 4703 ἤδη
370 4632 468 4692 τὰς
497 4627 728 4698 ὑστέρας
776 4623 932 4693 ὑμῶν
964 4621 1196 4685 ἀτοπίας
1226 4619 1540 4689 διαλάθητε,
1587 4620 1817 4686 ἐπιμνη-

1944 4618 2255 4671 uovissimae
2297 4634 2440 4674 nunc
2472 4629 2665 4675 vestra:
2697 4623 2943 4676 stultitia:
2973 4623 3391 4691 obliviscamini,
3424 4644 3507 4681 re-

232 4725 399 4778 στέον
435 4723 527 4775 καί
557 4721 668 4772 τῶν
696 4716 902 4770 λοιπῶν
951 4714 1050 4766 τοῦ
1106 4713 1573 4781 ἐπιχειρήματος·
1615 4709 1732 4772 πῶς
1767 4725 1825 4762 τε

229 4818 340 4884 τὴν
367 4813 545 4882 ψυχὴν
574 4810 634 4874 ἐξ
665 4810 912 4876 ἀνάγκης
938 4805 1049 4858 τῶν
1078 4805 1298 4857 οίκείων
1326 4802 1646 4879 παυομένην
1677 4803 1829 4869 ἐνερ-

232 4906 408 4974 γειῶν
461 4906 595 4972 ἡμῖν
643 4900 914 4960 δείκνυτε,
951 4895 1295 4966 τρεπομένου
1325 4892 1421 4945 τοῦ
1461 4891 1718 4959 σώματος
1748 4893 1829 4953 είς

236 4999 451 5060 ὓπνονς
484 4994 709 5066 Πρῶτον
758 4990 856 5061 μὲν
907 4991 1017 5060 γὰρ
1067 4987 1191 5061 obde
1250 4985 1509 5054 σώματος
1555 4983 1685 5035 ὅντα
1735 4983 1830 5035 τὸν

236 5093 440 5154 ὕπνον,
489 5088 612 5140 ἐπεὶ
680 5084 818 5153 μηδὲ
870 5081 968 5151 τὴν
1002 5081 1337 5151 ἐγρήγορσιν
1367 5076 1540 5139 δεῖξαι
1571 5071 1824 5138 δύνασθε,

232 5187 290 5239 εί
342 5183 416 5253 μὴ
467 5183 575 5250 ἄρα
626 5180 721 5231 καὶ
767 5179 881 5239 τοῖς
915 5173 1097 5236 ἄλλοις
1138 5172 1371 5241 ἀψύχοις
1408 5170 1601 5222 τοῦτον
1647 5167 1828 5231 ἐλογί-

233 5277 426 5342 ζεσθε.
476 5271 639 5325 Ἀλλά
667 5271 761 5322 καὶ
791 5265 1112 5335 ἀναγκαίως
1145 5264 1240 5316 καὶ
1263 5263 1432 5346 αὐτὸς
1464 5254 1622 5323 οὗτος
1646 5259 1828 5328 ψυχῆς

1790 5346 1816 5368 τ

238 5369 378 5423 ἱδιόν
403 5385 455 5420 τι
489 5361 630 5418 εἶναι
653 5361 1066 5430 λογισθήσεται.
1103 5356 1135 5426 ἢ
1164 5356 1260 5410 τοῦ
1307 5356 1746 5426 συναμφοτέρου,
1784 5356 1830 5406 ὼ

237 5457 636 5527 φυσικώτατοι.
688 5451 961 5520 Ἀφείσθω
1005 5449 1062 5500 δὲ
1104 5449 1198 5502 καὶ
1243 5446 1400 5500 τοῦτο
1432 5447 1581 5515 ύμῖν.
1624 5440 1684 5494 El
1735 5445 1830 5493 καὶ

232 5554 326 5603 ὅτι
373 5549 606 5617 μάλιστα
642 5547 701 5595 ὲν
738 5546 854 5606 τοῖς
894 5541 1082 5603 ’ύπνοις
1131 5541 1231 5608 τῆς
1264 5536 1501 5606 φυτικῆς
1544 5537 1830 5603 δυνάμεως

234 5640 344 5709 τῆς
387 5636 571 5707 ψυχῆς
610 5635 870 5703 πλείστην
925 5635 976 5686 ot
1009 5631 1195 5684 πολλοὶ
1225 5631 1512 5694 δοξάζουσι
1543 5629 1641 5696 τὴν
1673 5629 1828 5697 ὲνέρ-

231 5746 424 5798 γειαν,
463 5732 557 5778 καὶ
598 5727 700 5780 ούκ
739 5725 889 5776 ἐστιν
928 5723 1075 5793 ἀργὴ
1118 5721 1241 5773 οὐδὲ
1282 5721 1424 5772 κατά
1454 5720 1572 5770 τόδε
1659 5715 1828 5788 ψυχή.

235 5823 319 5876 15
349 5821 404 5873 δὲ
442 5821 842 5890 ἀναντίρρητον
888 5819 1024 5887 ἡμῖν
1061 5814 1424 5886 προϐλητέον,
1453 5814 1535 5865 ὅτι
1562 5812 1658 5881 τῆς
1693 5830 1830 5882 φαν-

233 5915 505 5985 ταστικῆς
550 5915 648 5982 μὲν
690 5912 781 5964 καὶ
817 5911 982 5978 ἄγαν,
1022 5909 1156 5965 ἀλλὰ
1195 5909 1287 5961 καὶ
1334 5909 1430 5975 τῆς
1486 5908 1833 5978 μντιμονικῆς

1940 4709 2084 4778 liqua
2145 4709 2454 4778 argumenti
2501 4712 2554 4763 in
2611 4713 2931 4766 memoriam
2990 4715 3295 4768 revocanda
3363 4725 3508 4769 sunt.

1941 4804 2234 4868 Quomodo
2263 4818 2478 4873 utroque
2505 4807 2743 4856 animum
2775 4807 3093 4860 necessario
3131 4821 3264 4860 suas
3316 4822 3511 4876 opera-

1940 4896 2115 4947 tiones
2149 4905 2461 4948 cessantem
2498 4893 2654 4949 nobis
2697 4897 3010 4960 ostenditis,
3058 4912 3288 4966 corpore
3337 4911 3515 4967 turpa—

1936 4997 2124 5040 sccnte
2154 4985 2388 5040 somno?
2423 4985 2536 5042 Nec
2567 4989 2787 5056 quidem
2821 4991 3057 5059 primum
3086 4982 3209 5044 esse
3263 4992 3514 5060 cciporis

1936 5089 2211 5136 somnum,
2245 5075 2513 5140 siquidem
2545 5093 2645 5132 nec
2685 5078 2925 5146 vigiliam
2963 5081 3343 5154 demonstrare
3393 5099 3517 5151 pos-

1935 5165 2078 5228 sitis,
2109 5165 2212 5218 nisi
2245 5181 2464 5235 quoque
2498 5169 2714 5222 caeteris
2745 5170 3126 5226 animantibus
3165 5172 3312 5226 hunc
3349 5176 3509 5229 attri-

1938 5258 2198 5311 bui-retis.
2232 5258 2336 5311 Sed
2372 5272 2424 5310 et
2473 5261 2791 5333 necessario
2823 5274 2878 5316 et
2915 5263 3000 5316 bic
3034 5265 3145 5332 ipse
3177 5267 3374 5320 anima:
3415 5268 3514 5320 ali.

1935 5353 2077 5420 quod
2136 5355 2413 5420 proprium
2462 5371 2582 5408 emze
2635 5358 2996 5419 “mutabitur,
3047 5360 3128 5414 vel
3189 5362 3426 5431 utrique,
3479 5379 3513 5416 ο

1938 5459 2118 5496 rerum
2167 5444 2493 5497 naturalium
2557 5449 2893 5515 peritissimi.
2947 5448 3057 5504 ΙΙου
3109 5462 3288 5507 autem
3344 5456 3510 5509 etiam

1935 5535 2091 5590 vobis
2122 5539 2488 5603 permittatur.
2519 5538 2633 5594 Etsi
2656 5542 2932 5609 pracipue
2964 5545 3015 5596 in
3051 5560 3257 5599 somnis
3283 5548 3364 5599 bis
3390 5549 3514 5616 qui-

1933 5636 2037 5692 bus
2063 5645 2140 5690 est
2172 5635 2354 5690 anima
2384 5635 2706 5705 vegetativa:
2738 5635 2983 5696 virtutis.
3016 5638 3308 5693 maximam
3341 5640 3520 5696 inesse

1934 5729 2312 5797 operationem
2347 5727 2536 5796 plures
2571 5728 2911 5796 opinentur,
2974 5739 3216 5784 attamen
3272 5747 3381 5786 non
3437 5743 3523 5787 cst

1935 5831 2158 5874 actuosa
2181 5819 2363 5873 anima
2384 5836 2486 5873 nec
2526 5819 2650 5871 ideo
2684 5820 2866 5873 anima
2897 5830 3001 5873 est.
3027 5820 3315 5888 Quoddam
3335 5834 3519 5877 autem

1937 5913 2003 5966 de
2041 5929 2150 5982 quo
2175 5912 2400 5966 minimc
2436 5911 2804 5968 dubitandum
2832 5922 2917 5966 est
2945 5913 3107 5969 nobis
3140 5923 3220 5969 cst
3251 5915 3488 5986 obj'cien
