4214 6450
210 460 345 522 1457

1160 459 1557 519 ADVERSUS
1600 459 2148 518 NESTURIANOS.
2196 480 2262 489 --
2304 458 2427 515 LIB
2502 458 2542 514 l.

3331 453 3473 516 1458

212 591 288 633 et;
317 572 500 640 ὁμοία,
533 571 627 624 καλ
666 571 913 640 δώσομεν
965 571 1060 623 καὶ
1101 573 1263 640 ἡμεῖς
1295 570 1548 622 σύνθεσιν
1579 571 1613 639 ἢ
1647 569 1787 620 κατὰ

1909 585 2125 636 nusque
2157 578 2213 620 et
2249 585 2348 622 nos
2400 568 2660 620 unionem
2711 581 2833 634 qua:
2864 564 3053 618 uniuni
3102 565 3276 634 ipsius
3321 563 3475 632 juxta

213 663 382 714 πάντα
419 663 535 716 ἐστὶ
567 664 631 731 τῇ
664 661 783 714 κατ’
811 661 976 714 αῦτδν
1014 660 1262 713 συνθέσει
1311 661 1492 729 ὁμοία.
1531 661 1592 711 El
1625 660 1681 712 δέ
1716 662 1788 728 μή

211 755 325 806 ἐστι
360 753 523 817 φύσις
571 751 702 822 τῷδε
734 753 918 820 ὁμοία,
955 752 1112 815 δῆλον
1151 751 1224 814 ὡς
1257 752 1376 803 οῦδέ
1413 751 1662 813 σύνθεσις
1695 768 1792 816 ξεν-

211 846 334 913 σικὴ
365 846 527 914 ὁμοία
556 847 623 914 τῇ
653 844 831 898 τοῦδε.
879 839 953 897 UO
1002 845 1112 914 γὰρ
1153 845 1252 896 οῦκ
1298 845 1446 896 ἔστιν
1483 845 1671 908 ὅμοιον
1698 842 1792 913 δρ-

211 953 370 999 γανον
413 935 676 1003 μουσικδν
706 937 764 988 ὲν
790 937 902 997 τοῖς
931 930 1104 995 οὖσιν,
1132 937 1346 1005 ἀνάγκη
1389 935 1484 986 καὶ
1507 934 1598 986 τὸν
1628 932 1794 1002 φθόγ-

207 1045 304 1090 γον
335 1029 550 1081 πάντων
581 1027 688 1082 τῶν
726 1028 896 1080 ὄντων
923 1027 1350 1097 παραλλάττειν.
1379 1029 1516 1096 Ὅρα
1537 1027 1595 1081 δέ
1627 1027 1792 1096 ὑμᾶς,

207 1121 332 1176 ἐπεὶ
371 1122 444 1190 μὴ
486 1119 834 1190 εὐποροῦμεν
877 1120 1068 1190 ἔτερόν
1107 1137 1228 1173 τινα
1259 1120 1430 1185 δεῖξαι
1461 1118 1795 1190 δημιουργὸν

208 1216 270 1265 ἐκ
327 1215 402 1282 μὴ
449 1213 619 1266 ὄντων
673 1214 988 1282 προάγοντα
1023 1212 1094 1266 τὰ
1121 1213 1408 1282 γινόμενα,
1463 1230 1538 1284 μη
1575 1214 1635 1266 δέ
1677 1212 1795 1265 τόδε

208 1302 338 1369 περὶ
368 1300 505 1353 Θεοῦ
551 1301 982 1371 καταδέχεσθαι·
1023 1302 1138 1354 ἀλλ’
1167 1303 1288 1355 οὐδὲ
1323 1303 1544 1374 Πατέρα.
1572 1302 1796 1356 τοιῶσδε

209 1393 486 1458 γεννῶντα
541 1393 696 1452 Θεὸν.
742 1394 769 1463 ἢ
817 1395 946 1447 Υἱὸν
993 1395 1214 1448 τοιῶδσδε
1247 1395 1611 1465 γεννώμενον,
1663 1394 1798 1447 Θεὸν

210 1480 514 1533 πιστεύεινο
545 1480 669 1534 οὔτε
702 1483 758 1535 δὲ
800 1484 1035 1536 Χοιστὸν
1065 1483 1228 1536 αὐτόν
1263 1500 1326 1551 γε
1367 1483 1458 1536 τὸν
1494 1482 1617 1536 καθ’
1651 1485 1798 1553 ἡμᾶς

207 1574 382 1637 ὅντως
424 1575 706 1641 γενέσθαιο
736 1576 856 1628 ἀλλ’
887 1576 1008 1629 οῦδὲ
1045 1577 1139 1629 τὸν
1171 1577 1295 1628 καθ’
1323 1577 1470 1647 ὑμᾶς
1494 1577 1798 1646 διαγραφό-

213 1680 401 1732 μενον’
436 1667 562 1718 ἐπεὶ
606 1667 818 1736 μήποτε
847 1666 1051 1720 τοιόνδε
1084 1667 1206 1720 τινὰ
1235 1667 1394 1721 ἄλλον
1441 1667 1641 1736 ἔχομεν
1669 1667 1796 1736 ὑμῖν

210 1758 612 1823 ἐπιδείξασθαι,
645 1759 677 1828 ἢ
725 1760 883 1830 ὑμεῖς
924 1762 1084 1830 ἡμῖν’
1119 1761 1165 1812 εξ
1196 1760 1270 1830 μὴ
1299 1762 1405 1830 ἄρα
1438 1763 1549 1821 τοῖς
1578 1759 1799 1832 προφή-

208 1864 339 1909 ταις
386 1849 551 1900 αὑτὸν
596 1847 709 1901 ἴσον
753 1850 930 1920 πάντη
959 1848 1149 1918 λέγετε
1183 1851 1326 1904 κατὰ
1359 1851 1458 1922 τὴν
1500 1850 1594 1904 νῦν
1629 1847 1797 1904 οὖσαν

1894 662 2077 716 onmia
2113 661 2184 714 sit
2218 661 2433 714 similis.
2471 659 2528 714 Si
2568 665 2752 712 autem
2784 672 2892 710 non
2937 667 3022 711 est
3055 665 3249 710 natura
3283 662 3478 711 huncce

1894 754 2114 816 similis,
2150 769 2250 807 nec
2287 756 2547 806 unionem
2583 750 2891 805 naturalem
2927 749 3116 803 unioni
3151 749 3297 802 illius
3320 747 3472 800 simis

1893 847 2000 901 lem
2030 863 2150 901 esse
2181 855 2348 916 patet.
2380 845 2498 899 Non
2527 845 2674 899 enim
2718 850 2804 898 est
2834 843 2890 896 in
2927 841 3154 896 cutibus
3174 840 3475 910 quidquam

1896 941 2328 994 instrumentum
2385 937 2656 991 musicum
2705 935 2886 989 simile
2922 975 2935 996 ,
2992 946 3333 1000 necesseque
3395 939 3475 983 est

1897 1043 2090 1088 tonum
2116 1034 2362 1087 omnium
2394 1030 2603 1084 entium
2631 1030 2878 1084 dill'crrc.
2911 1029 3155 1097 Tempus
3188 1035 3272 1078 est
3294 1032 3478 1078 autem

1896 1139 2014 1187 vos,
2043 1122 2318 1192 siquidem
2344 1121 2582 1190 aliquem
2627 1119 2797 1173 alium
2845 1116 3140 1172 ostendere
3172 1123 3479 1169 creatorem

1895 1229 2239 1286 nequeamus
2282 1229 2346 1269 ex
2393 1230 2504 1268 non
2547 1211 2776 1268 entibus
2818 1219 3002 1265 creata
3064 1206 3479 1275 producentem,

1899 1310 2044 1364 baud
2076 1307 2325 1378 profecto
2364 1305 2502 1360 illud
2537 1321 2567 1360 a
2611 1306 2723 1360 Deo
2749 1311 3095 1374 exspectare.
3121 1300 3217 1355 sed
3247 1315 3350 1354 nec
3375 1299 3481 1353 Pa-

1901 1413 2042 1458 trem
2074 1402 2148 1456 ita
2178 1407 2534 1471 generantem
2558 1399 2755 1461 Deum,
2785 1411 2891 1450 nec
2916 1394 3118 1450 Filium
3151 1392 3226 1446 ita
3255 1407 3485 1462 genera-

1901 1505 2040 1558 tum,
2077 1493 2248 1548 Deum
2279 1492 2530 1555 credere,
2575 1504 2680 1544 nec
2712 1487 2998 1544 Christum
3044 1482 3482 1556 ipsum-quidem

1897 1580 2049 1651 iuxta
2083 1599 2185 1638 nos
2213 1584 2419 1638 factum
2445 1623 2458 1646 ,
2513 1581 2612 1636 sed
2650 1596 2754 1635 nec
2796 1581 2953 1651 juxta
3002 1595 3102 1634 vos
3153 1577 3482 1641 definitum;

1901 1696 2026 1736 cum
2058 1694 2341 1749 nunquam
2377 1674 2671 1746 quemdam
2720 1674 2960 1729 alterum
2985 1669 3303 1742 hujusmodi
3330 1670 3486 1727 vobis

1901 1771 2311 1827 ostendendum
2342 1784 2446 1824 nos
2477 1767 2860 1832 nabuerimus,
2885 1780 2988 1820 nec
3030 1779 3130 1819 vos
3153 1763 3349 1828 nobis;
3380 1762 3482 1820 nisi

1899 1863 2006 1933 jam
2040 1860 2330 1933 prophetis
2359 1860 2588 1915 omnino
2624 1858 2862 1916 similem
2899 1857 3081 1927 ipsum
3121 1854 3484 1923 dicatisjuxta

224 1937 529 2008 Ἰουδαῖκὴν
581 1938 826 2010 γνώμην.
865 1940 974 1993 Καὶ
1020 1941 1204 2004 ἁπλῶς
1239 1941 1417 1994 πάντα
1472 1942 1540 1995 τὰ
1591 1944 1798 1996 σπάνια

1909 1926 2366 2024 ρτεεςεηέάοεωιι
2395 1951 2732 2007 Iudaeorum.
2766 1926 2964 2004 Omnia
3003 1961 3226 2016 quoque
3278 1943 3488 2012 simpli-

213 2037 310 2085 καὶ
343 2032 688 2102 ὑπερέχοντα
737 2033 837 2103 τὴν
871 2032 1035 2102 φύσιν
1075 2035 1171 2087 καὶ
1198 2036 1267 2087 τὰ
1296 2034 1556 2104 θαύματα
1600 2037 1696 2089 καὶ
1727 2029 1802 2088 ὧν

213 2126 321 2178 οὐκ
357 2127 414 2178 ἐν
460 2125 626 2179 πᾶσιν
655 2127 685 2195 ἡ
713 2124 916 2193 γνῶσίς
955 2125 1127 2190 ἐστιν,
1156 2120 1231 2180 ὧν
1280 2145 1338 2180 τε
1370 2127 1448 2200 μὴ
1493 2127 1680 2181 κανὼν
1707 2129 1805 2182 καὶ

213 2215 418 2282 τέχνης
463 2213 621 2281 λόγος
669 2215 1151 2287 περιγράφει.τὴν
1190 2219 1594 2289 ἐπιστήμην,ἢ
1645 2212 1726 2281 οἷς
1770 2220 1804 2290 ἡ

213 2308 386 2377 πεῖρα
419 2307 495 2374 μὴ
531 2309 819 2377 μαρτυρεῖ,
856 2310 1079 2361 πάντων
1122 2310 1156 2379 ἡ
1189 2310 1467 2382 ἀναίρεσις
1495 2311 1618 2364 καθ’
1659 2312 1804 2382 ὑμᾶς

217 2400 398 2464 ἔσται,
429 2399 462 2470 ἢ
490 2401 566 2464 ὡς
593 2401 772 2454 εἰπεῖν
797 2403 866 2455 δι’
886 2402 1054 2474 ὑμᾶς.
1087 2404 1196 2456 Καὶ
1225 2404 1277 2456 τί
1302 2405 1510 2458 τούτων
1545 2407 1673 2476 ὑμῖν
1698 2410 1808 2478 χεῖ-

220 2509 318 2563 ρον
353 2491 420 2546 ἄν
454 2510 539 2556 τις
573 2494 956 2562 ἐγκαλέσειεν;
999 2497 1061 2549 Ei
1109 2496 1165 2550 δὲ
1203 2497 1268 2570 δὴ
1301 2499 1439 2562 ὅλως
1471 2499 1566 2552 τοῦ
1602 2517 1804 2571 γραφι-

221 2587 324 2641 κοῦ
352 2588 514 2657 λόγου
541 2589 642 2658 τῆς
682 2590 1032 2656 διδασκαλίας
1068 2589 1401 2663 ἀξιούμενοι,
1432 2595 1807 2664 κατανύγεσθε

221 2681 543 2752 πεισθῆναι,
579 2682 762 2748 καθὼς
794 2683 890 2737 νῦν
933 2686 1066 2755 ἡμῖν
1116 2685 1443 2756 ὑπέσχεσθε,
1490 2687 1580 2741 καὶ
1617 2688 1714 2760 τὴν
1746 2691 1809 2743 ἐκ

221 2774 338 2827 τῶν
383 2774 763 2830 θεοπνεύστων
792 2777 992 2846 λογίων
1035 2779 1348 2850 μαρτυρίαν
1396 2782 1808 2852 παραδέχεσθε,

219 2866 326 2935 ὀψὲ
351 2865 482 2934 γοῦν
513 2868 871 2936 διεγνωκότες
913 2871 998 2923 ὅτι
1029 2871 1318 2943 ἐμώρανεν
1355 2876 1384 2927 ό
1420 2875 1552 2936 Θεὸς
1595 2874 1695 2944 τὴν
1725 2893 1812 2927 σο-

223 2957 360 3026 φίαν
394 2956 485 3010 τοῦ
517 2958 728 3029 κόσμου
755 2959 974 3026 τούτου,
1013 2964 1237 3033 μυρίαις
1285 2965 1351 3017 ἂν
1395 2966 1541 3033 ὑμᾶς
1588 2965 1811 3036 ἔχοιμεν

220 3050 552 3121 δυσωπῆσαι
575 3055 706 3115 ταῖς
736 3054 1032 3124 χρήσεσιν·
1074 3056 1151 3119 ὼς
1194 3057 1330 3110 Θεοῦ
1384 3059 1620 3128 ἀληθοῦς
1673 3061 1812 3130 προς

220 3145 518 3217 ἄνθρωπον
553 3147 731 3219 ἀληθῆ
771 3149 995 3218 γέγονεν
1042 3150 1262 3221 ἀληθῶς
1297 3156 1329 3222 ὴ
1368 3155 1573 3224 φυσικὴ
1624 3155 1809 3208 σύνθε-

1904 2047 2044 2101 citer
2097 2061 2260 2110 rara,
2309 2054 2561 2099 naturam
2604 2041 3036 2104 antecellentia,
3095 2036 3345 2109 prodigia
3398 2035 3486 2088 illa

1904 2155 2142 2209 quorum
2176 2155 2287 2194 non
2313 2139 2474 2208 plana
2501 2135 2745 2208 cognitio
2768 2143 2872 2201 est,
2899 2148 3250 2206 quorumque
3279 2133 3367 2186 lex
3402 2131 3488 2183 vel

1907 2234 2163 2290 technica
2195 2248 2297 2287 vox
2327 2246 2438 2286 non
2472 2231 2760 2287 scientiam
2799 2228 3016 2292 deﬁnit,
3065 2227 3152 2282 vel
3199 2240 3327 2296 quae
3378 2240 3488 2279 non

1907 2330 2106 2400 probat
2135 2328 2497 2398 experientia,
2551 2325 2824 2381 tolluntur
2871 2337 2902 2377 e
2945 2321 3130 2376 medio
3159 2321 3315 2391 juxta
3369 2333 3488 2380 vos,

1908 2421 1993 2476 vel
2028 2421 2188 2475 aliter
2241 2436 2342 2490 per
2393 2434 2512 2473 vos.
2564 2415 2707 2484 Quid
2755 2416 2912 2486 pejus
2962 2413 3123 2468 vobis
3163 2409 3489 2481 exprobrari

1909 2512 2133 2582 posset?
2167 2510 2224 2567 Si
2249 2521 2458 2573 autem,
2489 2519 2779 2580 postquam
2813 2505 3046 2561 verbum
3080 2504 3354 2573 scriptum
3387 2501 3488 2557 do-

1909 2604 2101 2660 ctrinae
2124 2604 2282 2674 plane
2312 2601 2656 2672 receperitis,
2685 2613 2881 2669 parere
2913 2595 3232 2657 renueritis,
3259 2606 3320 2650 ut
3343 2609 3492 2650 nunc

1911 2695 2073 2749 nobis
2114 2693 2442 2758 ostenditis,
2490 2707 2668 2762 exque
2703 2689 2909 2745 divinis
2948 2687 3193 2743 oraculis
3235 2687 3488 2742 teSIimo-

1911 2788 2066 2840 nium
2105 2785 2372 2854 recipitis,
2409 2795 2561 2840 certe
2614 2791 2904 2853 postquam
2948 2796 3072 2835 sero
3118 2778 3493 2849 cognoveritis

1912 2879 2083 2932 Deum
2102 2877 2427 2946 sapientiam
2456 2875 2622 2945 hujus
2645 2874 2834 2928 mundi
2859 2873 3083 2928 stultam
3114 2872 3317 2926 facere.
3344 2870 3493 2926 mille

1911 2968 2152 3023 oraculis
2210 2983 2307 3020 vos
2361 2966 2691 3021 convincere
2756 2965 3098 3034 poterimus.
3149 2962 3244 3016 Dei
3278 2961 3394 3015 veri
3425 2959 3490 3019 sd

1913 3061 2194 3116 hominem
2214 3075 2406 3112 verum
2427 3073 2555 3112 vere
2583 3057 2780 3112 factam
2810 3055 2979 3111 fuisse
3003 3055 3309 3109 naturalem
3337 3053 3495 3107 unio-

1914 3169 2039 3208 nem
2078 3151 2294 3205 Domini
2344 3149 2518 3204 nostri
2565 3150 2696 3205 Jesu
2744 3148 2991 3214 Christi,
3045 3148 3247 3202 unione
3292 3156 3498 3201 sancta:

223 3252 316 3299 σις
347 3235 442 3289 τοῦ
487 3238 765 3292 Δεσπότου
805 3240 965 3310 ἡμῶν
1015 3241 1192 3311 Ἰησοῦ
1232 3244 1469 3313 Χριστοῦ
1496 3261 1510 3277 ο
1556 3247 1617 3298 οὐ
1678 3264 1808 3315 προ-

1914 3242 2098 3298 carnis
2119 3242 2293 3312 ipsius
2315 3241 2382 3295 ad
2400 3240 2646 3295 Verbum
2668 3255 2778 3294 non
2805 3238 3241 3308 praeexsistente,
3276 3235 3370 3291 sed
3400 3251 3496 3290 na-

223 3327 547 3398 ῦποστὰσης
573 3332 674 3396 τῆς
703 3330 841 3400 πρὸς
886 3331 978 3384 τὸν
1020 3334 1194 3399 Λόγον
1233 3335 1478 3398 ἐνώσεως
1516 3337 1614 3403 τῆς
1649 3337 1812 3404 ἁγίας

221 3416 397 3471 αὑτοῦ
429 3419 656 3488 σαρκὸς,
687 3420 804 3473 ἀλλ’
833 3419 950 3492 ἅμα
974 3439 1033 3475 τε
1066 3423 1229 3492 φύσις
1265 3425 1357 3477 καὶ
1393 3426 1707 3495 συμφύησις
1737 3425 1814 3495 τῷ

222 3506 526 3576 ὑπερφυεῖ.

299 3599 576 3653 Σκεπτιον
615 3601 672 3654 δὲ
704 3603 800 3656 καὶ
835 3601 1010 3666 οὕτως
1045 3603 1126 3657 ἔτι
1165 3607 1294 3678 περὶ
1341 3608 1533 3662 τούτου
1581 3610 1648 3663 τὰ
1684 3610 1811 3678 παρ’

222 3692 392 3762 ⁴ὴμῶν
415 3709 429 3724 ο
467 3693 551 3746 ὅτι
584 3694 708 3747 τινὰ
751 3695 1022 3766 ὀργανικὰ
1060 3698 1226 3770 μόρια
1261 3702 1319 3753 ἐν
1358 3702 1490 3770 ἡμῖν
1515 3700 1624 3753 τῶν
1657 3719 1814 3770 φυσι-

221 3787 344 3838 κῶν
383 3803 442 3838 τε
490 3787 586 3839 καὶ
644 3787 982 3842 ίδικωτάτων
1025 3791 1322 3861 ἐνεργειῶν
1375 3795 1482 3846 εἰσι
1509 3811 1522 3824 ο
1565 3796 1662 3848 καὶ
1715 3795 1813 3865 οὐχ

222 3878 380 3931 ἁπλᾶ
425 3877 635 3948 ὄργανα
685 3877 760 3942 ὡς
802 3878 1003 3943 ἔξωθεν
1043 3881 1417 3953 ἐνεργούμενα
1476 3887 1681 3937 νοοῖντο
1723 3883 1808 3949 ἂν,

221 3969 368 4024 ἀλλὰ
397 3973 494 4023 καὶ
525 3971 892 4040 συνεργοῦντα
930 3976 1045 4036 τοῖς
1072 3976 1130 4026 ἐν
1180 3976 1367 4038 αὐτοῖς
1402 3993 1463 4028 τε
1496 3975 1588 4030 καὶ
1617 3975 1684 4028 δι’
1712 3977 1814 4029 αὐ-

219 4063 338 4122 τῶν
370 4063 661 4134 ἐνεργοῦσι
695 4065 840 4116 κατὰ
877 4065 1061 4133 φύσιν,
1098 4067 1194 4120 καὶ
1244 4067 1364 4137 μετ’
1395 4067 1575 4121 αὐτῶν
1602 4085 1652 4120 τι
1684 4085 1817 4139 προ-

222 4156 490 4222 άγουσιν·
527 4153 719 4223 ὥσπερ
756 4154 1031 4226 ἀνθρώπῳ
1070 4158 1286 4224 γλῶττα
1339 4160 1433 4211 καὶ
1459 4150 1685 4231 ὑπερῷα
1722 4161 1814 4213 καὶ

219 4249 294 4300 τὰ
326 4244 496 4298 λοιπὰ
537 4247 827 4316 φωνητικά
864 4265 924 4300 τε
969 4249 1064 4301 καὶ
1103 4249 1419 4303 διαλεκτικὰ
1465 4250 1498 4321 ἢ
1531 4251 1624 4304 καὶ
1653 4251 1816 4318 γελα-

225 4338 399 4390 στικα
432 4339 618 4409 μόρια.
668 4338 822 4391 Ἐπεὶ
850 4334 942 4392 οῦν
979 4340 1271 4410 ίδικωτάτη
1297 4345 1398 4412 τῆς
1415 4342 1564 4405 θείας
1597 4343 1816 4410 φύσεως

222 4429 488 4500 ἐνέργεια
539 4430 890 4502 ὡμολόγηται
924 4434 958 4503 ὴ
990 4433 1101 4485 τῶν
1136 4433 1363 4504 μηδέπω
1399 4434 1532 4504 μηδέ
1585 4435 1814 4504 δυνάμει

219 4521 419 4585 ὄντων,
478 4521 595 4575 ἀλλ’
646 4523 778 4578 ἄνευ
821 4524 1040 4593 φύσεώς
1085 4544 1232 4589 τινος
1277 4527 1501 4596 ἀμέσως
1547 4525 1607 4591 ἐξ
1635 4525 1805 4580 αὑτοῦ

1918 3343 2038 3387 tura
2073 3333 2606 3403 participationeque
2640 3339 2856 3386 natura:
2882 3332 2936 3385 in
2970 3345 3038 3385 eo
3066 3329 3161 3400 qui
3194 3345 3362 3399 supra
3393 3343 3495 3382 na—

1915 3438 2092 3483 turam
2120 3435 2196 3480 eSI
2221 3425 2571 3480 consociatis.

1990 3608 2160 3663 Nobis
2189 3615 2372 3660 autem
2398 3605 2580 3660 ailhuc
2625 3604 2692 3658 de
2736 3604 2840 3656 hoc
2868 3599 3336 3656 considerandum
3387 3607 3493 3658 est,

1917 3705 1972 3758 in
2008 3701 2167 3756 nobis
2190 3715 2312 3755 esse
2345 3699 2611 3769 quasdam
2635 3703 2820 3767 partes
2843 3694 3131 3766 organicas
3157 3690 3508 3746 naturalium.

1915 3795 2352 3866 specialiumque
2399 3792 2822 3861 operationum;
2859 3803 2960 3843 nec
2988 3787 3262 3857 simplicia
3292 3798 3498 3854 organa

1919 3896 2178 3957 tanquam
2217 3884 2464 3941 exterius
2495 3883 2783 3953 operantia
2815 3880 3045 3950 intelligi
3079 3885 3343 3949 possent,
3401 3876 3498 3932 sed

1917 3987 2177 4048 tanquam
2209 3974 2566 4046 cooperantia
2596 3990 2722 4030 cum
2757 3973 2867 4027 illis
2897 3987 3020 4040 quae
3052 3971 3106 4024 in
3142 3969 3276 4037 ipsis
3316 3977 3373 4023 et
3402 3983 3502 4037 per

1918 4075 2033 4144 ipsa
2062 4074 2218 4143 juxta
2241 4080 2496 4126 naturam
2522 4077 2847 4136 operantur,
2875 4079 3113 4133 cumque
3149 4059 3497 4130 illisaliquid

1918 4166 2250 4238 producunt,
2281 4173 2342 4218 ut
2368 4163 2422 4216 in
2442 4160 2666 4215 homine
2694 4161 2899 4228 lingua.
2926 4157 3170 4226 palatum
3188 4162 3499 4222 ceteraque

1917 4260 1984 4315 ad
2021 4274 2241 4322 sonum,
2278 4272 2469 4312 vocem
2502 4255 2587 4309 vel
2624 4253 2794 4308 risum
2829 4250 3158 4320 spectantia.
3198 4248 3335 4303 Cum
3367 4262 3499 4315 ergo

1917 4351 2152 4406 maxime
2195 4358 2408 4404 natura:
2454 4347 2655 4401 divina;
2696 4344 2920 4414 propria
2949 4350 3280 4412 agnoscatur
3305 4354 3498 4392 eorum

1917 4461 2041 4515 qua
2069 4442 2318 4498 nondum
2350 4457 2454 4495 nec
2489 4438 2736 4509 potentia
2761 4446 2891 4490 sunt
2914 4435 3168 4505 operatio
3188 4475 3202 4496 ,
3254 4431 3350 4487 sed
3380 4432 3500 4486 sine

1921 4534 2030 4590 ulla
2057 4541 2252 4588 natura
2278 4529 2594 4585 immediate
2624 4544 2691 4582 ex
2734 4527 2854 4596 ipso
2877 4524 3320 4596 provenientium
3347 4537 3494 4576 crea-

223 4612 630 4682 προαγομένων
664 4613 904 4684 ποίησις,
938 4616 1027 4669 οἵα
1057 4617 1206 4670 ἐστὶν
1235 4619 1266 4687 ἡ
1297 4617 1406 4671 ἀπὸ
1441 4617 1550 4686 γῆς
1581 4618 1679 4688 τῆς
1718 4619 1808 4671 ἀν-

1923 4625 2022 4692 tio,
2053 4633 2220 4694 prout
2251 4631 2336 4676 est
2377 4637 2442 4676 ex
2490 4628 2637 4674 terra
2691 4617 2874 4672 carnis
2918 4617 3172 4670 humanae
3213 4614 3279 4668 ad
3329 4613 3497 4676 vitam

224 4699 518 4771 ορωπίνης
567 4703 770 4771 σαρκὸς
825 4704 963 4773 πρὸς
1011 4704 1159 4776 ζωὴν
1207 4706 1404 4770 πλὰσις
1443 4705 1674 4776 (ταύτην
1699 4706 1754 4759 δὲ
1787 4708 1816 4759 ὁ

223 4792 514 4863 Δεσπότης
547 4794 705 4863 ἡμῶν
735 4797 830 4848 καὶ
862 4795 996 4859 Θεδς
1032 4796 1246 4867 Ἰησοῦς
1281 4799 1309 4850 ὁ
1339 4799 1576 4868 Χριστὸς
1605 4797 1819 4852 ἐπεδεί-

225 4880 363 4943 ξατο
391 4880 485 4934 ἐπὶ
518 4881 616 4934 τοῦ
650 4881 715 4933 ἐκ
754 4884 984 4954 γενετῆς
1018 4885 1251 4954 τυφλοῦ,
1287 4887 1385 4939 καί
1437 4887 1528 4940 διὰ
1563 4886 1816 4956 σώματος

220 4968 440 5022 οἰκείου
474 4969 682 5040 ταύτην
715 4972 1013 5043 ἐνήργησε,
1047 4974 1343 5038 δακτύλοις
1373 4976 1690 5045 πηλοποιῶν
1725 4978 1818 5030 καὶ

220 5062 579 5116 ὃιαπλὰττων
604 5063 773 5117 αὐτοῦ
791 5067 917 5128 τοὺς
933 5058 1269 5137 ὀφθαλμοὺς,
1293 5068 1472 5122 καίτοι
1495 5068 1639 5136 λόγῳ
1673 5067 1819 5138 μόνῳ

223 5155 360 5208 τάδε
391 5157 566 5208 ποιεῖν
597 5155 932 5225 δυνάμενος)
956 5173 968 5186 ⁸
999 5157 1158 5225 δῆλον
1209 5161 1286 5223 ὡς
1336 5161 1480 5213 κατὰ
1519 5160 1681 5230 φύσιν
1719 5160 1818 5232 τὴν

225 5247 415 5315 σάρκα
455 5247 624 5300 αὐτοῦ
675 5248 967 5321 παριστῶν
995 5251 1146 5322 αὑτῷ
1183 5252 1531 5320 συγκεῖσθαι,
1578 5253 1703 5306 τάδε
1735 5253 1819 5306 οὓ-

222 5357 339 5402 τως
377 5342 553 5392 ποιεῖ’
591 5339 728 5393 διότι
761 5340 832 5394 τὰ
864 5341 1200 5407 ίδικωτάτως
1239 5343 1406 5397 αὑτοῦ
1454 5344 1554 5415 τῆς
1601 5345 1817 5411 φύσεως

221 5432 386 5491 ὄντα,
418 5430 509 5484 διὰ
551 5432 647 5486 τοῦ
687 5431 960 5504 σώματος,
991 5435 1354 5507 ἀνθρωπίνως
1387 5437 1631 5508 ἐνεργῶν
1672 5455 1810 5507 προ-

221 5523 514 5577 ϐάλλεται.
550 5525 766 5595 Ὥσπερ
805 5522 900 5580 οῦν
942 5543 1024 5590 τις
1075 5528 1196 5581 οὐδὲ
1228 5527 1465 5597 θελήσας
1494 5527 1719 5583 δύναιτο
1750 5527 1818 5582 ἂν

221 5618 300 5672 δι’
330 5618 567 5688 ὀργάνου
611 5620 757 5684 τινος
786 5621 1082 5675 ἁσυνθέτου
1121 5623 1257 5694 πρὸς
1287 5623 1453 5676 αὐτὸν
1487 5623 1641 5687 ὄντος
1676 5624 1818 5677 κατὰ

223 5709 421 5777 φύσιν,
460 5711 622 5774 αὐτὸς
653 5712 840 5767 λαλεῖν
889 5714 921 5785 ἢ
955 5715 1119 5785 γελᾷν
1167 5716 1263 5768 καὶ
1295 5716 1815 5786 προσδιαλέγεσθαι,

223 5799 410 5864 οὕτως
440 5801 560 5854 οὐδὲ
593 5803 726 5870 Θεὸς
760 5805 834 5874 μὴ
875 5806 1016 5858 κατὰ
1049 5805 1213 5874 φύσιν
1247 5809 1314 5876 τῇ
1351 5807 1456 5879 ἰδίᾳ
1481 5808 1649 5880 σαρκὶ
1684 5825 1816 5876 συγο

227 5894 512 5968 κείμενος,
545 5898 641 5960 τὰς
676 5897 1002 5967 ἐδικωτάτας
1033 5899 1167 5954 Θεοῦ
1214 5902 1492 5971 ἐνεργείας
1545 5901 1631 5956 διὰ
1682 5919 1814 5973 σαρ-

1921 4714 2130 4784 plasma
2161 4713 2333 4780 (hanc
2365 4720 2547 4765 autem
2578 4707 2848 4762 Dominus
2874 4715 3067 4760 noster
3088 4715 3145 4760 et
3177 4706 3320 4758 Deus
3339 4704 3499 4759 Jesus

1918 4803 2176 4858 Christus
2197 4801 2446 4856 ostendit
2469 4800 2524 4854 in
2541 4813 2611 4853 eo
2626 4798 2721 4868 qui
2753 4813 2821 4851 ex
2841 4796 3129 4852 nativitate
3153 4803 3270 4849 erat
3296 4809 3496 4855 aecus,

1921 4910 1984 4949 ac
2013 4909 2112 4963 per
2139 4907 2300 4946 suum
2324 4904 2529 4958 corpus
2561 4886 2812 4941 exercuit
2831 4927 2846 4952 ,
2877 4885 3066 4955 digitis
3092 4886 3268 4938 Iulum
3299 4885 3503 4938 faciens

1921 4984 2235 5052 liniensque
2265 4980 2457 5036 oculos
2481 4980 2624 5049 ejus,
2649 4978 2756 5033 etsi
2803 4978 2977 5033 verbo
3007 4978 3125 5032 solo
3162 4979 3279 5032 haec
3321 4976 3501 5032 facere

1921 5075 2247 5147 potuisset);
2273 5080 2334 5127 ut
2355 5089 2579 5128 carnem
2603 5087 2758 5128 suam
2781 5071 2936 5141 juxta
2963 5079 3218 5124 naturam
3252 5067 3499 5122 sibimet-

1923 5165 2025 5237 ipsi
2059 5164 2208 5219 uniri
2236 5162 2575 5227 ostenderet,
2595 5162 2678 5216 sic
2699 5176 2765 5216 ea
2797 5159 2977 5214 facere
3005 5168 3186 5230 patet;
3210 5167 3508 5227 propterea

1921 5273 2045 5328 qum
2068 5265 2198 5312 sunt
2225 5256 2460 5309 maxime
2482 5253 2710 5325 propria
2735 5251 2912 5322 ipsius
2928 5259 3140 5305 natura:
3161 5290 3174 5310 .
3209 5266 3308 5319 per
3340 5265 3501 5303 suum

1921 5365 2147 5419 corpus,
2183 5348 2424 5403 humano
2453 5346 2620 5401 modo
2644 5360 2813 5413 agens
2839 5343 3108 5414 propalat.
3130 5342 3500 5408 Quemadmo-

1921 5441 2053 5495 dum
2085 5457 2217 5511 ergo
2251 5439 2472 5508 aliquis,
2496 5438 2599 5493 etsi
2628 5439 2815 5503 vellet,
2857 5453 2954 5508 per
2974 5452 3242 5508 organum
3278 5434 3501 5503 aliquod

1922 5548 2032 5588 non
2060 5532 2126 5586 ad
2158 5533 2336 5600 ipsum
2365 5531 2579 5585 unitum
2602 5530 2758 5601 juxta
2785 5539 3060 5591 naturam,
3092 5528 3241 5597 loqui
3292 5525 3375 5579 vel
3432 5526 3497 5577 ri-

1921 5624 2054 5679 dere
2087 5625 2170 5678 vel
2203 5621 2459 5677 conferre
2501 5621 2798 5691 nequiret,
2849 5620 2922 5674 ita
2974 5634 3078 5674 nec
3119 5616 3301 5680 Deus,
3348 5617 3501 5686 juxta

1922 5727 2173 5771 naturam
2220 5714 2457 5785 propriae
2513 5713 2666 5767 carni
2715 5727 2824 5766 non
2875 5710 3101 5771 unitus,
3153 5709 3506 5777 uperaliones

1923 5809 2158 5861 maxime
2183 5807 2294 5861 Dco
2324 5805 2579 5876 proprias
2622 5820 2720 5874 per
2767 5817 2989 5857 carnem
3037 5819 3144 5857 non
3193 5799 3506 5856 exhiberet.

1920 5902 1988 5957 At
2020 5917 2146 5956 vere
2182 5901 2295 5955 sola
2325 5909 2570 5970 peteslas
2601 5898 2785 5954 divina
2820 5897 3098 5955 mediante
3123 5895 3348 5967 proprio
3385 5908 3496 5948 coro
