4214 6450
211 396 346 466 1461

1176 410 1572 472 ADVERSUS
1611 409 2161 472 NESTORIANOS.
2193 433 2263 443 -
2301 409 2450 468 LIB.
2495 409 2544 466 Ι.

3355 401 3493 469 1-462

203 518 351 582 οπερ
382 513 618 577 ἀσεϐὴς,
652 517 745 568 καὶ
796 517 1086 592 βλάστημα
1124 521 1342 591 ’Δρείου
1398 538 1457 574 τε
1490 523 1584 574 καὶ
1625 522 1789 575 Ἀπο-

1898 535 2030 575 vero
2061 519 2267 589 agitur,
2307 518 2521 573 recidat
2552 533 2620 573 ex
2665 518 2770 576 hoc
2822 517 3168 590 blasphemia
3215 517 3270 574 in
3315 526 3486 590 caput

152 645 158 649 .
206 606 489 676 )tvapiow
544 610 594 660 εἰ
653 609 709 662 δὲ
764 611 987 679 ἄγεται,
1043 613 1333 684 τετράφθω
1381 613 1444 668 τδ
1491 617 1556 668 ὲκ
1604 614 1798 668 τούτου

209 696 538 768 βλάσφημον
591 702 670 764 εἰς
713 703 962 774 κεφαλὴν
991 705 1105 758 τῶν
1152 706 1477 774 συγκεῖσθαι
1523 707 1798 774 λεγόντων

206 790 305 841 τὸν
350 791 484 844 Θεὸν
538 792 714 860 Λόγον
750 794 832 864 τῷ
869 795 929 860 ἐξ
961 797 1118 866 ἡμῶν
1152 797 1450 868 ἀνθρώπῳ.
1495 799 1558 851 Εἰ
1586 799 1642 852 δὲ
1673 799 1798 852 οὐδὲ

207 879 336 948 ἄγει
360 882 437 946 ὡς
457 884 518 936 έν
551 884 828 951 συνθέσει,
861 887 950 942 διὰ
982 890 1044 942 τὸ
1074 888 1150 960 μὴ
1185 890 1380 958 ἄλογον
1404 887 1546 944 εἶναι
1570 891 1663 944 τὸν
1689 894 1800 945 Κυ-

212 975 408 1044 ριακὸν
458 975 781 1047 ἄνθρωπον·
833 980 968 1052 μηδὲ
1021 981 1186 1035 πάλιν
1232 982 1581 1050 ἄγεται,διά
1637 983 1700 1036 τὸ
1734 983 1799 1035 ἑκ

207 1062 408 1116 τούτου
443 1063 877 1137 ὡμολογημένον
945 1068 1292 1140 βλάσφημον.
1342 1071 1466 1126 οὐδὲ
1521 1071 1631 1143 ἄρα
1675 1073 1800 1127 οὐδὲ

213 1153 478 1223 συνετέθη
508 1154 589 1225 τῷ
638 1156 700 1220 ἐξ
747 1158 907 1227 ήμῶν
958 1159 1267 1231 ἀνθρώπιν’
1295 1163 1406 1216 πᾶν
1457 1161 1568 1232 γάρ
1619 1163 1800 1217 ὁτιοῦν

211 1247 606 1316 συντιθέμενον
634 1250 829 1320 ἑτέρῳ,
857 1250 892 1320 ἢ
926 1250 1046 1321 ἄγει
1083 1252 1117 1323 ἢ
1146 1252 1341 1322 ἄγεται
1385 1254 1419 1325 ἢ
1464 1255 1588 1310 οὐδὲ
1639 1255 1802 1310 τοῦτο

207 1339 337 1392 οὐδὲ
360 1339 564 1404 έκεῖνο,
592 1341 785 1407 καθὼς
816 1345 1071 1415 είπομεν.
1518 1367 1520 1369 ’

279 1429 682 1500 Θαυμάσαντες
735 1434 887 1500 ὅπως
928 1434 1029 1495 τάς
1062 1436 1282 1492 τοιάσδε
1326 1437 1439 1494 τῶν
1467 1440 1802 1509 ἀναγκαστι-

208 1521 327 1573 κῶν
352 1522 737 1594 συλλογισμῶν
785 1527 1046 1596 μεθόδους
1080 1529 1465 1601 έφευρίσκετε,
1497 1532 1798 1603 εὐξαίμεθα

210 1613 280 1666 ἄν
306 1613 410 1681 τῆς
444 1615 662 1668 τοιᾶσδε
707 1617 862 1688 tiva
888 1620 1163 1685 συνέσεως
1202 1621 1278 1692 μὴ
1317 1623 1510 1692 μαθεῖν
1551 1625 1653 1694 τὴν
1685 1624 1798 1676 δειο

208 1704 434 1809 νάςητα.
485 1706 564 1809 Τί.
591 1707 702 1779 γάρ
742 1709 874 1780 ὑμῖν
919 1712 1002 1774 εἰς
1030 1711 1301 1809 ⁸τξξστωσιν
1329 1713 1426 1767 τοῦ
1460 1716 1538 1784 μὴ
1576 1719 1798 1784 συγκεῖ-

212 1796 340 1847 σθαι
362 1795 458 1848 τδν
490 1797 664 1866 Λόγον
697 1803 764 1872 τῇ
798 1802 965 1873 σαρκὶ
1014 1794 1200 1873 έὶδυσι
1244 1804 1314 1858 τά
1360 1807 1631 1876 εἰρημένα
1671 1825 1798 1862 σκο-

211 1887 451 1957 ιιτητέον⁹
486 1888 607 1954 ἐξὸν
663 1891 774 1964 γὰρ
822 1894 974 1964 ἡμᾶς
1016 1895 1513 1967 ἀντιστρέψαντας,
1568 1901 1797 1954 τούναν-

208 1979 328 2032 τίον
353 1983 430 2043 εἰς
453 1980 621 2046 δεῖξιν
649 1984 748 2054 τῆς
772 1984 1099 2053 συνθέσεως,
1118 1991 1234 2052 τοῖς
1265 1989 1555 2062 ὑμετέροις
1580 1993 1797 2062 χρήσα-

212 2071 341 2125 σθαι
367 2072 600 2142 ῥήμασι,
630 2073 892 2144 λέγοντας
919 2075 1125 2143 οὕτως·
1151 2081 1269 2135 Πᾶν
1295 2082 1474 2135 ὁτιοῦν
1517 2083 1592 2154 μὴ
1618 2101 1798 2138 συντι-

211 2161 440 2232 θέμενον
457 2164 654 2237 ἑτέρῳ,
669 2165 704 2236 ἢ
728 2166 854 2236 ἄγει
873 2169 935 2223 τὸ
951 2163 994 2238 ᾧ
1015 2171 1078 2248 οὐ
1107 2171 1415 2240 σύγκειται,
1435 2175 1626 2248 ὥσπερ
1650 2179 1678 2232 ὁ
1697 2177 1796 2230 κύ-

215 2254 410 2322 εερνος
436 2257 540 2326 τὴν
569 2255 724 2326 ναῦν,
762 2258 796 2330 ἢ
828 2258 1027 2327 ἄγεται
1053 2261 1147 2315 ὑπ’
1173 2263 1365 2328 αὑτοῦ,
1391 2263 1582 2338 ὥσπερ
1606 2268 1637 2337 ή
1665 2267 1798 2330 ναῦς

211 2345 324 2398 ὑπὸ
348 2345 439 2400 τοῦ
466 2348 734 2423 κυδέρνου
754 2368 767 2382 ο
805 2353 839 2424 ἢ
871 2351 998 2406 οὕτε
1028 2353 1154 2423 ἄγει
1189 2354 1314 2410 οὗτε
1359 2357 1576 2426 ἄγεται,
1606 2359 1796 2432 ὥσπερ

209 2437 277 2491 τὸ
317 2439 448 2493 Σινᾶ
486 2439 614 2511 ὅρος
645 2442 751 2496 ὑπὸ
785 2443 886 2515 τῆς
920 2445 1224 2518 θαλάσσης.
1259 2447 1376 2501 Πᾶν
1395 2448 1454 2502 δδ
1483 2450 1545 2502 τὸ
1573 2450 1799 2505 ἀσυνθέ-

208 2547 323 2594 τως
350 2530 494 2602 ἔχον,
519 2535 615 2587 καὶ
645 2533 679 2605 ἤ
711 2535 988 2608 ἀγόμενον
1037 2539 1224 2609 μόνον,
1255 2540 1288 2611 ἢ
1323 2542 1462 2613 μήτε
1492 2543 1626 2611 ἄγον
1657 2544 1797 2614 μήτε

212 2623 509 2694 ἀγόμενον,
541 2626 738 2696 ἄλογόν
766 2628 826 2681 τέ
859 2631 976 2683 ἐστι
1009 2633 1105 2684 καὶ
1129 2633 1315 2695 ἄνουν,
1349 2633 1604 2708 καθάπερ
1631 2633 1700 2689 τά
1720 2638 1799 2689 εἰ-

210 2715 453 2783 ρημένα.
488 2715 550 2769 Εἰ
584 2718 766 2773 τοίνυν
792 2720 855 2773 οὐ
883 2722 1144 2792 συνετέθη
1175 2724 1204 2775 ὁ
1235 2721 1411 2792 Λόγος
1441 2723 1519 2793 τῷ
1555 2721 1615 2789 ἐξ
1637 2723 1799 2794 ἡμῶν

211 2806 512 2880 ἀνθρώπῳ,
547 2811 641 2862 καὶ
664 2811 828 2875 αὐτὸς
876 2811 910 2882 ἦ
957 2811 1082 2882 ἄγει
1110 2813 1143 2884 ἢ
1177 2813 1396 2882 ἄγεται,
1430 2815 1464 2886 ἢ
1494 2815 1799 2870 οὐδὲτοῦτο

209 2902 338 2953 οὐδὲ
369 2903 550 2955 έκεῖνο
573 2921 588 2935 ·
613 2905 710 2957 καὶ
738 2905 790 2958 εί
819 2906 922 2975 μὲν
959 2907 1107 2975 ἄγει,
1136 2907 1293 2960 ἔσται
1331 2911 1360 2961 ὁ
1394 2908 1456 2974 ἐξ
1499 2909 1658 2980 ἡμῶν
1699 2911 1798 2966 ἄν·

212 2991 436 3061 θρωπος
465 2993 661 3064 ἄλογός
685 3010 746 3047 τε
777 2995 870 3049 καὶ
902 2994 1098 3059 ἄνους·
1151 2999 1200 3050 εἰ
1243 2995 1302 3051 δὲ
1350 2995 1566 3066 ἄγεται,
1599 2998 1798 3069 τετρά-

210 3082 338 3152 φθω
379 3081 442 3136 τὸ
484 3082 810 3155 βλάσφημον
841 3088 924 3150 εἰς
965 3085 1209 3156 κεφαλὴν
1236 3086 1332 3139 τοῦ
1373 3087 1670 3156 δράκοντος
1698 3086 1794 3140 τοῦ

1901 627 2095 666 eorum
2152 611 2248 682 qui
2308 611 2488 681 ipsum
2522 620 2736 667 natura:
2789 619 2996 667 nostra:
3041 610 3258 666 unitum
3315 608 3489 666 luisse

1901 704 2116 758 dicunt.
2144 703 2201 758 Si
2225 713 2412 758 autem
2442 719 2547 761 nec
2575 704 2688 776 agit
2719 711 2884 774 prout
2912 703 2968 758 in
2992 701 3223 766 unione,
3248 717 3316 756 eo
3341 702 3488 772 quod

1903 796 2224 851 Dominicus
2271 795 2437 849 homo
2469 798 2688 850 ratione
2735 794 2923 850 orbari
2983 809 3097 848 non
3131 801 3354 864 potest.
3385 809 3490 846 nec

1904 889 2106 943 iterum
2141 889 2326 958 agitur
2365 895 2592 959 propter
2626 887 3033 960 blasphemiam
3067 901 3192 958 quae
3239 883 3488 940 omnium

1902 995 2178 1036 consensu
2235 997 2316 1037 ex.
2349 980 2459 1035 hoc
2512 981 2914 1052 consequitur,
2956 993 3062 1037 nec
3095 992 3234 1050 ergo
3283 985 3491 1032 nostra:

1901 1082 2117 1128 naturae
2170 1074 2360 1128 unitus
2387 1081 2510 1140 est;
2547 1087 2713 1128 omne
2741 1074 2898 1128 enim
2923 1071 3299 1143 quodcunque
3329 1069 3487 1124 alteri

1903 1167 2144 1231 unitum,
2176 1167 2262 1222 vel
2307 1165 2439 1237 agit,
2472 1166 2558 1222 vel
2607 1165 2814 1237 agitur,
2846 1166 2942 1220 vel
2976 1173 3266 1230 neutrum,
3319 1172 3489 1234 prout

1903 1255 2166 1311 diximus.

1972 1436 2263 1507 Quomodo
2300 1435 2619 1508 hujusmodi
2651 1431 2977 1490 methodum
3021 1431 3352 1493 instantium
3398 1445 3488 1484 ar-

1902 1538 2289 1603 gumentorum
2328 1528 2629 1584 inveniatis
2675 1527 2960 1590 mirantes,
2996 1525 3209 1580 hancce
3243 1521 3489 1578 solertia

1901 1627 2100 1674 vestra;
2147 1619 2410 1674 astutiam
2464 1617 2610 1673 haud
2665 1617 2883 1674 discere
2927 1626 3276 1686 optaremus.
3327 1612 3485 1680 Quod

1900 1713 2052 1768 enim
2086 1728 2116 1767 a
2167 1712 2330 1768 vobis
2369 1711 2580 1767 dictum
2614 1718 2702 1768 est
2743 1709 2812 1766 ad
2862 1708 3218 1782 probandum
3246 1707 3487 1763 Verbum

1900 1806 2052 1862 carni
2069 1821 2177 1862 non
2196 1806 2411 1861 unitum
2436 1805 2627 1870 fuisse,
2659 1802 3115 1876 perpendendum
3137 1808 3223 1856 est
3240 1817 3270 1856 a
3289 1800 3452 1855 nobis
3471 1843 3485 1863 ,

1900 1914 2138 1969 namque
2186 1899 2321 1954 licet
2366 1898 2530 1953 nobis
2571 1904 2904 1974 retorquere
2938 1895 3228 1950 adversam
3279 1907 3485 1964 propo-

1899 1991 2160 2047 sitionem
2183 1991 2252 2046 ad
2281 1991 2624 2062 probandam
2660 1991 2948 2057 unionem,
2979 1988 3170 2043 verbis
3197 1987 3487 2043 utentibus

1897 2083 2122 2146 vestris,
2188 2081 2379 2151 sicque
2413 2081 2638 2137 dicere:
2675 2080 2852 2136 Omne
2899 2079 3274 2150 quodcunque
3325 2079 3484 2138 alteri

1897 2189 2011 2229 non
2046 2173 2284 2240 unitum,
2324 2173 2411 2228 vel
2451 2174 2564 2244 agit
2599 2173 2734 2228 illud
2767 2173 2858 2228 cui
2894 2187 3006 2228 non
3042 2171 3263 2233 unitur,
3304 2180 3366 2226 ut
3386 2187 3485 2225 na-

1897 2284 2020 2326 vem
2050 2268 2408 2340 gubernator,
2442 2267 2528 2321 vel
2556 2266 2741 2337 agitur
2771 2264 2842 2321 ab
2868 2265 2986 2330 illo,
3019 2273 3081 2318 ut
3113 2263 3273 2319 navis
3300 2279 3336 2317 a
3381 2280 3482 2334 gu-

1899 2361 2214 2425 bernatore,
2250 2359 2336 2415 vel
2368 2375 2472 2415 nec
2505 2359 2618 2428 agit
2649 2372 2754 2414 nec
2784 2357 2989 2428 agitur,
3023 2363 3087 2410 ut
3116 2355 3268 2410 Sinai
3321 2371 3486 2409 mons

1899 2469 1931 2510 a
1966 2453 2127 2509 mari.
2163 2453 2338 2509 Omne
2372 2461 2557 2507 autem
2601 2465 2712 2505 nou
2747 2449 2986 2513 unitum,
3023 2463 3089 2503 ac
3137 2447 3224 2501 vel
3273 2447 3474 2501 solum-

1898 2546 2064 2601 modo
2088 2545 2296 2609 actum,
2324 2543 2410 2600 vel
2438 2557 2542 2599 nec
2573 2557 2742 2614 agens
2771 2557 2873 2597 nec
2901 2552 3112 2605 actum,
3146 2539 3362 2594 ratione
3396 2538 3484 2594 in-

1902 2635 2237 2704 tellectuque
2269 2641 2440 2698 caret,
2497 2635 2688 2702 prout\
2719 2629 3063 2701 supradicta.
3100 2627 3156 2684 Si
3189 2643 3324 2698 ergo
3375 2643 3482 2682 non

1900 2726 2117 2780 unitum
2155 2733 2242 2779 est
2273 2722 2518 2778 Verbum
2571 2730 2773 2776 nostra:
2830 2730 3065 2780 naturas.
3108 2719 3342 2789 ipseque
3398 2719 3483 2772 vel

1899 2817 2035 2888 agit,
2081 2817 2164 2872 vel
2212 2816 2418 2887 agitur,
2457 2815 2542 2869 vel
2577 2821 2875 2878 neutrum;
2931 2812 2976 2866 si
3029 2812 3142 2882 agit
3187 2810 3482 2880 equidem,

1898 2910 2006 2963 erit
2033 2909 2197 2961 homo
2227 2908 2442 2962 ratione
2468 2904 2946 2974 intelligentiaque
2975 2902 3242 2964 orbatus;
3277 2903 3321 2955 si
3353 2916 3486 2954 vero

1899 3000 2100 3069 agitur,
2154 2997 2363 3055 recidat
2395 2996 2738 3066 blasphemia
2780 2995 2833 3049 in
2869 3003 3038 3064 caput
3070 2994 3348 3064 serpentis
3378 2993 3484 3046 hu-

1895 3088 2138 3160 iusmodi
2169 3088 2484 3158 impietates
2509 3087 2668 3141 vobis
2704 3087 2943 3158 primum
2979 3086 3360 3156 praedicantis.
3393 3085 3486 3140 Sic

209 3173 453 3242 πρώτως
479 3176 550 3230 τὰ
588 3177 817 3232 τοιαῦτα
866 3179 994 3248 ὑμῖν
1040 3181 1412 3252 ὲνηχήσαντος
1447 3179 1792 3251 ἀσεϐήματα.

1901 3200 2032 3255 ergo
2064 3183 2359 3238 stultitiam
2410 3183 2685 3236 dictorum
2721 3188 3036 3235 vestrorum
3087 3179 3483 3250 intelligentcs.

209 3267 475 3332 Συνέντες
509 3264 605 3323 οῦν
635 3268 745 3324 τῶ’ν
767 3270 940 3335 οὓτως
959 3273 1272 3343 εἰρημένων
1307 3274 1437 3344 ὑμῖν
1458 3273 1521 3326 τὸ
1541 3274 1793 3346 ἀνόητον,

205 3363 260 3414 εἰ
317 3362 715 3418 έπαναλάσοιτε
759 3365 1010 3430 ἑαυτοὺς,
1069 3368 1161 3419 καὶ
1214 3367 1324 3421 ἀπὸ
1377 3367 1481 3437 τῆς
1538 3367 1797 3438 δευτέρας

204 3452 368 3522 ὑμῶν
399 3455 743 3524 προτάσεως,
773 3456 874 3524 τῆς
915 3461 1267 3528 κατασκευῆς
1306 3458 1496 3512 λοιπὸν
1527 3458 1792 3529 ἄρχοισθε

202 3545 304 3597 τοῦ
359 3546 727 3618 συλλογισμοῦ
781 3547 927 3602 οὕτω
976 3549 1232 3617 λέγοντες
1287 3552 1455 3614 ἴσως·
1483 3552 1568 3604 ὅτι
1619 3553 1694 3604 Τὰ
1726 3552 1797 3604 ἐν

200 3637 498 3692 συνθέσει
557 3640 839 3708 ἀγόμενα,
902 3643 1095 3712 ἄλογα
1153 3645 1336 3712 ἴσμεν
1389 3644 1609 3709 πάντα,
1679 3646 1793 3714 οὐκ

198 3729 418 3796 ἁπλῶς
446 3730 546 3784 διὰ
589 3731 656 3785 τὸ
679 3732 956 3802 ἄγεσθαι,
987 3735 1148 3790 ἀλλὰ
1176 3735 1274 3790 διὰ
1305 3737 1372 3790 τὸ
1403 3737 1474 3790 ἐν
1500 3737 1793 3792 συνθέσει

197 3827 354 3882 ὄντα
377 3827 654 3896 ἆτοσθαιο
731 3828 968 3899 ἐροῦμεν
1005 3832 1100 3884 καὶ
1135 3832 1273 3901 πρὸς
1295 3830 1454 3884 τοῦτο
1480 3848 1492 3861 ·
1526 3827 1671 3901 Ἀρα
1700 3827 1795 3884 οῦν

196 3919 379 3973 ταῦτα
407 3918 496 3972 διά
524 3919 587 3971 τὸ
626 3921 684 3973 ὲν
717 3919 965 3974 συνθέσει
999 3921 1253 3989 ἄγεσθαι,
1281 3923 1314 3992 ἢ
1347 3923 1410 3976 τὸ
1452 3922 1640 3985 ἀπλῶς
1661 3924 1793 3990 ἄγε-

198 4011 358 4078 σθαι,
384 4012 556 4080 ἄλογα
585 4013 732 4076 ῑστες
758 4013 792 4083 ἢ
823 4013 913 4067 διὰ
937 4013 1000 4066 τὸ
1025 4016 1093 4086 τῇ
1131 4015 1294 4084 φύσει
1334 4015 1514 4068 αὐτῶν
1555 4017 1644 4068 ἀεὶ
1680 4033 1793 4068 τοι·

195 4100 346 4157 αῦτά
371 4119 494 4156 τινα
520 4097 696 4169 εἷναι;
720 4102 841 4157 Κάν
874 4105 983 4174 ἰδίᾳ
1009 4122 1069 4158 τε
1091 4105 1195 4159 κᾶν
1216 4108 1275 4158 έν
1298 4106 1542 4159 συνθέσει
1565 4107 1792 4176 λεγόμε-

194 4210 291 4260 να,
335 4194 428 4248 καί
456 4192 816 4264 θεωρούμενα
845 4196 954 4265 εἰη,
984 4195 1158 4264 ἄλογα
1180 4197 1561 4266 γνωριζόμενα
1593 4198 1697 4251 ὑπό
1731 4215 1790 4251 τε

191 4285 315 4339 τῶν
356 4285 742 4356 συγκειμένων
780 4287 876 4340 καὶ
916 4286 1025 4340 τῶν
1059 4287 1134 4358 μὴ
1177 4289 1554 4358 συγκειμένων
1584 4290 1788 4353 αὐτοῖς,

197 4379 362 4448 ἰσχὺν
407 4377 467 4432 δὲ
509 4377 650 4441 ὅλως
698 4377 796 4432 τοῦ
839 4379 995 4448 ἄγειν
1025 4380 1167 4434 αὺτά
1218 4381 1457 4450 ἑχόντων
1489 4382 1788 4452 φερόμενα.

191 4471 278 4525 Οὐ
309 4469 420 4541 γὰρ
451 4470 512 4524 τὸ
547 4469 714 4540 φύσει
742 4471 963 4539 λογικὸν
998 4469 1058 4525 ὲν
1084 4473 1334 4526 συνθέσει
1365 4474 1558 4542 ἄλογον
1593 4476 1790 4543 ἐσόμε-

1900 3275 1945 3330 si
1985 3275 2351 3344 vosmetipsos
2392 3272 2833 3342 reprehendatis,
2886 3279 3054 3342 atque
3103 3271 3174 3326 ob
3217 3271 3483 3341 reliquam

1899 3368 2282 3439 probationem
2327 3367 2585 3421 secundae
2633 3375 2826 3420 vestne
2873 3365 3271 3435 propositionis
3318 3380 3482 3435 argu-

1900 3470 2144 3515 mentum
2187 3459 2466 3529 incipiatis
2500 3459 2580 3512 sic
2629 3458 2836 3527 pariter
2888 3457 3178 3512 dicentes:
3235 3457 3319 3514 Ea
3365 3474 3485 3524 qum

1896 3555 1952 3607 in
1982 3555 2175 3606 unione
2209 3560 2332 3606 sunt
2382 3559 2536 3614 acta,
2582 3567 2676 3604 nos
2741 3553 2919 3602 omnia
2952 3551 3158 3604 ratione
3176 3547 3368 3600 scimus
3389 3566 3482 3606 ca-

1897 3661 2034 3705 rere,
2067 3661 2171 3697 non
2212 3643 2525 3714 simpliciter
2569 3658 2628 3695 eo
2655 3641 2794 3707 quod
2833 3648 2958 3694 sunt
3009 3650 3152 3705 acta,
3200 3639 3292 3692 sed
3321 3639 3480 3709 quod,

1895 3755 2015 3792 cum
2042 3739 2096 3792 in
2121 3739 2316 3790 unione
2353 3745 2500 3798 sunt,
2527 3742 2795 3806 aguntur.-
2823 3733 2891 3786 ad
2927 3734 3033 3788 hoc
3083 3747 3307 3802 quoque
3338 3731 3480 3785 (lici-

1896 3847 2056 3885 nius:
2113 3831 2192 3885 An
2233 3831 2400 3900 igitur
2432 3845 2499 3882 eo
2544 3828 2691 3897 quod
2737 3828 2838 3880 ista
2871 3826 2924 3879 in
2967 3825 3172 3878 unione
3217 3833 3480 3893 aguntur,

1893 3925 1981 3978 vel
2015 3923 2358 3992 simpliciter.
2394 3922 2607 3976 ratione
2637 3934 2828 3974 carere
2859 3917 3012 3972 scitis
3027 3915 3063 3975 2.
3081 3916 3169 3970 vel
3205 3915 3277 3968 oh
3317 3929 3484 3984 pecu-

1894 4017 2085 4072 liarem
2123 4017 2368 4086 ipsorum
2397 4023 2650 4070 naturam
2684 4012 2936 4083 quaedam
2967 4025 3189 4079 semper
3219 4007 3480 4078 hujusce-

1895 4108 2043 4163 modi
2071 4107 2232 4162 esse?
2261 4107 2415 4167 Licet
2447 4121 2579 4176 ergo
2607 4107 2665 4160 in
2695 4119 2795 4159 sua
2827 4110 3040 4159 natura'
3061 4100 3151 4155 vel
3181 4099 3236 4156 in
3273 4097 3482 4152 unione

1893 4198 2151 4253 dicantur
2192 4205 2248 4252 et
2289 4205 2636 4266 spectentur,
2678 4195 2892 4251 ratione
2945 4208 3139 4248 carere
3175 4191 3484 4262 probantur

1893 4288 1964 4342 ab
1999 4287 2090 4342 his
2118 4303 2241 4356 qua:
2290 4286 2704 4341 sibiuniuntur
2755 4295 2922 4355 atque
2971 4284 3041 4338 ab
3093 4283 3182 4337 his
3217 4298 3339 4352 qua:
3371 4297 3482 4338 non

1894 4378 2184 4442 uniuntur,
2216 4377 2516 4446 potentiam
2544 4376 2921 4431 omnimodam
2945 4375 3036 4430 illa
3058 4390 3181 4446 quae
3225 4373 3484 4430 feruntur

1893 4469 2090 4538 agendi
2119 4469 2400 4523 habentia.
2434 4467 2651 4522 Etenim
2685 4467 2834 4538 quod
2869 4477 3069 4526 natura
3099 4467 3370 4523 rationale
3397 4477 3481 4522 est

191 4578 292 4614 vov
341 4561 571 4626 δείξετε,
619 4563 652 4632 ἢ
699 4562 1048 4633 τοῦμπαλινο
1095 4563 1183 4618 διά
1226 4563 1325 4636 τὴν
1366 4565 1620 4620 σύνθεσιν
1652 4567 1783 4638 γὰρ,

1895 4558 2140 4613 rutunum
2178 4573 2300 4614 esse
2326 4565 2386 4612 ut
2425 4557 2480 4612 in
2518 4557 2720 4612 unione
2760 4557 2974 4619 ratione
3019 4565 3208 4612 careat
3239 4572 3347 4611 non
3377 4555 3477 4610 dc-

189 4654 356 4708 οῦδὲν
384 4649 552 4727 ἦττον
581 4655 802 4724 λογικόν
827 4658 999 4710 ἐστιν.

272 4835 334 4887 Εἰ
384 4833 484 4904 μὲν
525 4831 621 4887 οὖν
667 4835 766 4904 οὐχ
814 4835 991 4899 οὕτως
1043 4837 1220 4892 ταῦτα
1251 4835 1392 4891 εἶναι
1441 4837 1783 4902 συντίθεσθε,

187 4926 337 4980 ἀλλά
370 4927 460 4978 διά
492 4926 554 4978 τὸ
605 4927 665 4978 ὲν
698 4929 767 4997 τῇ
805 4927 1054 4981 συνθέσει
1092 4929 1348 4998 ἄγεσθαι,
1389 4930 1585 4998 ἄλογον
1625 4931 1782 4997 γενέο

189 5018 322 5070 σθαι
357 5017 420 5068 τὸ
450 5015 611 5086 σῶμα
648 5016 917 5086 λογίζετε,
962 5020 1087 5072 καθ’
1115 5021 1280 5072 ἑαυτὸ
1313 5021 1421 5092 ἄρα
1464 5022 1781 5090 γενόμενον,

153 5094 417 5175 ”ι.ογικδν
451 5107 566 5160 τστε
612 5107 891 5176 δηλονότι·
930 5110 994 5162 τὸ
1025 5111 1083 5162 δὲ
1115 5111 1411 5165 ἀσύνθετον
1440 5113 1576 5182 πρὸς
1604 5111 1784 5181 ψυχὴν

184 5202 486 5272 γινόμενον
538 5200 726 5270 σῶμα,
762 5204 819 5255 ιν
851 5202 908 5256 δὲ
943 5207 1009 5273 τῇ
1042 5205 1177 5273 πρὸς
1226 5205 1325 5275 τὴν
1354 5204 1579 5274 λογικὴν
1603 5203 1782 5275 ψυχὴν

183 5294 444 5349 συνθέσει
506 5293 954 5365 μεταλαμϐάνειν
985 5297 1083 5366 τῆς
1139 5297 1364 5364 ἀλογίας
1417 5297 1616 5350 οἴεσθε.
1671 5297 1782 5349 Καὶ

179 5391 270 5449 τίς
306 5386 559 5452 ἀνέξεται
595 5387 698 5456 τῆς
731 5389 990 5458 τοιαύτης
1021 5389 1245 5456 ἀλογίας
1263 5390 1371 5443 τῶν
1399 5389 1573 5443 ταῦτα
1597 5389 1779 5460 οἰομέ-

178 5496 330 5542 νων;
372 5477 494 5533 Ἔτι
525 5479 582 5531 δὲ
614 5483 714 5549 τῆς
764 5480 1070 5544 συνθέσεως
1115 5481 1414 5552 γινομένης
1448 5483 1630 5544 αἰτίας
1680 5484 1780 5552 τῆς

177 5569 415 5637 ἀλογίας
445 5569 524 5641 τῷ
551 5570 788 5641 σώματι,
821 5573 870 5624 εἰ
903 5572 1112 5640 ταύτην
1167 5573 1372 5644 κυρίως
1432 5574 1616 5626 αἰτίαν
1674 5574 1777 5642 τῆς

178 5661 420 5731 ἀλογίας
449 5663 800 5728 ὑποτίθεσθε,
840 5665 936 5718 καὶ
975 5665 1075 5736 τὴν
1102 5665 1283 5736 ψυχὴν
1323 5667 1529 5736 ὁμοίως
1556 5667 1776 5736 ἁλογείν

179 5754 449 5826 βιάσεσθε
481 5756 570 5818 ἄν,
603 5757 727 5810 ἐπεὶ
764 5759 862 5810 καὶ
887 5758 1028 5828 αὐτὴ
1057 5761 1338 5830 συνετέθη.
1395 5762 1454 5813 Εἰ
1488 5761 1542 5812 δὲ
1568 5761 1772 5828 ἀλογεῖ,

178 5850 280 5902 καὶ
317 5848 460 5919 αὑτὴ
503 5849 740 5918 ἄγεται·
773 5853 822 5904 εἰ
869 5851 923 5904 δὲ
962 5854 1148 5920 ἄγοιτο
1197 5855 1251 5906 ὲν
1279 5856 1344 5924 τῇ
1381 5855 1652 5920 συνθέσει,
1682 5856 1776 5908 καὶ

1892 4651 2292 4714 monstrabitis,
2314 4651 2399 4704 vel
2427 4651 2548 4706 vice
2575 4666 2756 4716 versa,
2779 4657 3010 4721 propter
3030 4649 3181 4705 enim
3211 4649 3474 4704 unionem

1889 4743 2026 4798 nihil
2060 4743 2243 4798 minus
2279 4743 2546 4799 rationale
2578 4751 2683 4798 est.

1957 4835 2013 4890 Si
2043 4844 2227 4890 autem
2271 4836 2442 4906 igitur
2495 4835 2642 4890 haud
2675 4835 2796 4891 haec
2829 4835 2914 4890 ita
2941 4849 3065 4890 esse
3097 4832 3468 4904 praetenditis,

1887 4927 1984 4980 sed
2030 4941 2099 4980 eo
2148 4924 2298 4995 quod
2349 4917 2404 4979 in
2465 4926 2675 4981 unione
2729 4925 2943 4996 agitur,
3002 4939 3202 4981 carens
3259 4924 3474 4979 ratione

1887 5030 2088 5085 corpus
2136 5015 2250 5070 fieri
2283 5014 2491 5078 dicitis,
2529 5030 2655 5070 cum
2689 5029 2823 5084 ergo
2853 5015 2895 5069 si
2917 5013 3094 5070 solum
3115 5014 3308 5080 fuerit,
3336 5013 3472 5069 illud

1885 5123 2008 5163 esse
2055 5107 2320 5162 rationale
2360 5108 2648 5161 evidenter
2680 5107 3048 5174 existimatis;
3103 5123 3309 5178 corpus
3338 5123 3472 5162 vero

1886 5215 1996 5254 non
2034 5198 2100 5252 ad
2127 5198 2367 5253 animam
2392 5199 2751 5268 conjunctum
2783 5198 3049 5253 exsistere
3086 5215 3270 5268 posse,
3302 5211 3469 5270 atque

1887 5291 1942 5346 in
1989 5293 2196 5346 unione
2241 5292 2306 5346 ad
2339 5291 2578 5346 animam
2625 5291 2952 5346 rationalem
2996 5291 3269 5346 rationem
3303 5293 3468 5346 amit-

1885 5393 2000 5440 tere
2040 5400 2200 5454 posse
2237 5385 2586 5439 existimatis.
2632 5382 2769 5450 Quis
2797 5398 2930 5454 ergo
2961 5384 3089 5438 talia
3119 5383 3466 5453 opinantium

1884 5483 2174 5537 stultitiam
2211 5482 2550 5538 sustinebit?
2579 5483 2695 5536 lmo
2722 5497 2848 5536 cum
2887 5481 3019 5534 unio
3046 5495 3211 5536 causa
3251 5480 3324 5535 sit
3368 5495 3471 5535 cur

1885 5577 2098 5631 ratione
2155 5587 2340 5631 careat
2396 5591 2620 5645 corpus,
2669 5575 2714 5629 si
2768 5574 2914 5629 hanc
2960 5575 3186 5645 proprie
3236 5574 3468 5628 rationis

1883 5672 2130 5725 absentis
2160 5687 2379 5725 causam
2429 5686 2552 5723 esse
2587 5669 2934 5738 supponatis,
2972 5668 3181 5738 pariter
3239 5683 3478 5738 quoque

1883 5761 2119 5816 animam
2154 5763 2362 5815 ratione
2393 5777 2584 5814 carere
2617 5759 3052 5822 contenderctis,
3100 5758 3376 5829 siquidem
3411 5767 3466 5810 rt

1885 5857 1997 5925 ipsa
2040 5858 2108 5909 sit
2148 5856 2318 5911 unita.
2359 5855 2414 5908 Si
2452 5870 2583 5909 vero
2615 5854 2828 5908 ratione
2877 5865 3049 5917 caret,
3088 5854 3203 5924 ipsa
3243 5868 3464 5924 quoque
