4214 6450
781 392 918 453 146Ί

2069 399 2368 460 LEONTII
2413 401 2814 466 BYZANTINI

3909 414 4054 482 ίιεε

782 519 1000 580 poterat
1034 507 1271 562 transire
1304 509 1358 561 in
1390 507 1570 578 ipsum
1612 518 1668 562 et
1710 525 1811 564 nos
1840 511 2044 580 absque
2079 513 2356 566 essentiali

2467 516 2540 586 μὴ
2576 518 2810 585 ἠδύνατο
2836 520 3138 575 διαϐαίνειν
3167 525 3246 587 είς
3289 543 3346 578 τε
3386 529 3546 583 αὐτὸν
3581 531 3674 582 καὶ
3709 533 3882 601 ἡμᾶς,
3920 536 4050 588 ἄνευ

781 603 850 656 ad
886 610 1147 669 utrosque
1188 599 1426 654 invicem
1479 601 1652 668 ipsius
1699 603 1924 656 unione.
1958 603 2013 656 Si
2056 597 2185 656 vero
2217 604 2356 658 nihil

779 693 1076 748 dicendum
1108 692 1315 747 habent
1357 691 1684 762 (suﬂiciebat
1706 696 1854 748 enim
1892 695 2224 748 intercessus
2256 697 2355 747 ho-

777 779 940 833 minis
965 795 1026 832 ex
1059 781 1210 831 nobis
1233 780 1494 845 assumpti
1523 789 1577 830 et
1605 781 2002 848 heneplacitmn
2033 780 2125 834 Dei
2154 778 2344 846 Verbi,

765 871 941 923 etiam
991 869 1197 936 absque
1249 869 1448 922 mione
1495 868 1823 938 hujusmodi,
1863 879 1922 923 ut
1977 869 2133 924 uobis
2165 869 2346 925 mnnil

771 963 1147 1030 cujuscunque
1211 961 1461 1015 beneficii
1529 976 1691 1014 causa
1755 973 1986 1026 essent,
2057 962 2348 1032 ipsumque

763 1054 1117 1108 ostenderent
1173 1069 1367 1108 rursus
1413 1054 1685 1122 Optimum
1739 1054 2131 1125 Dominnmque
2165 1055 2347 1110 omnis

765 1157 1051 1209 creaturae,
1095 1148 1148 1202 in
1182 1163 1468 1215 personam
1506 1147 1598 1202 Dei
1635 1148 1824 1212 Verbi,
1865 1165 1976 1219 quo
2003 1150 2138 1204 nihil
2175 1163 2342 1204 vene-

775 1239 1001 1293 rabilius
1030 1239 1173 1307 quod
1219 1241 1270 1292 in
1321 1251 1571 1293 naturam
1611 1251 1850 1296 creatam
1879 1244 2084 1297 intrare
2131 1239 2342 1309 possit),

762 1331 1038 1400 quomodo
1067 1330 1337 1398 superﬂua
1368 1340 1422 1385 et
1451 1346 1589 1385 vana
1627 1347 1731 1386 non
1790 1335 1895 1387 erit
1943 1336 2037 1390 Dei
2075 1334 2238 1395 Verbi
2272 1343 2340 1398 ad

769 1432 1016 1477 naturam
1066 1434 1304 1477 nostram
1366 1424 1492 1477 unio
1552 1424 1880 1490 praedicata?
1933 1425 2039 1482 Sed
2097 1433 2143 1485 si
2202 1436 2334 1489 nihil

769 1514 961 1566 inutile
994 1527 1093 1565 nec
1119 1527 1312 1566 vanum
1365 1517 1477 1582 agit
1503 1513 1666 1570 Dt-ns,
1693 1530 1800 1568 non
1829 1531 1960 1582 ergo
2007 1518 2148 1573 Deus
2199 1521 2338 1580 Ver-

762 1606 888 1658 bum
921 1616 1129 1659 natura:
1159 1615 1360 1660 nostra
1392 1606 1576 1658 unitns
1607 1615 1712 1661 est.

832 1794 946 1844 Prze
977 1792 1399 1860 cogitationibus
1427 1787 1701 1856 angustali
1737 1823 1753 1850 ,
1782 1786 1961 1839 omnia
1991 1800 2220 1852 quasque
2254 1786 2340 1838 [ila

2460 603 2562 672 τῆς
2588 605 2879 671 οὐσιὼδους
2916 610 3086 662 αὐτοῦ
3126 613 3263 682 πρὸς
3309 615 3579 686 ἀλλήλους
3622 622 3956 684 συνθέσεως.
3988 625 4050 676 ΕΞ

2461 693 2516 747 δὲ
2549 697 2698 749 οὐδὲν
2724 697 2940 767 ἔχουσιν
2969 704 3145 755 εἰπεῖν
3187 706 3372 774 (ἤρκει
3402 707 3510 779 γὰρ
3533 711 3566 779 ἡ
3595 714 3848 780 μεσιτεία
3870 715 3971 766 τοῦ
3995 717 4052 778 ἐξ

2461 789 2618 857 ήμῶν
2640 791 2934 861 ἀνθρώπου
2978 795 3012 865 ἥ
3046 813 3104 848 τε
3139 797 3357 852 εὐδοκία
3391 800 3484 853 τοῦ
3528 803 3663 856 Θεοῦ
3704 806 3911 873 Λόγου,
3958 811 4050 860 καὶ

2456 881 2556 948 τῆς
2581 883 2795 935 τοιᾶσδε
2836 885 3140 949 συνθέσεως
3165 887 3287 958 δίχα
3305 929 3320 954 ,
3351 892 3446 945 καὶ
3476 895 3607 962 ἡμῖν
3633 896 3935 965 παραίτιον
3964 915 4052 966 γεη

2458 972 2648 1026 νέσθαι
2676 976 2881 1040 παντὸς
2907 979 3219 1034 οὑτινοσοῦν
3259 983 3523 1055 εὐεργετή
3533 1004 3726 1055 ματος,
3756 989 3858 1042 καὶ
3886 991 4053 1043 αὐτὸν

2458 1065 2740 1132 ἀποδεῖξαι
2804 1068 2969 1122 πάλιν
3012 1072 3297 1140 κρείττονα
3347 1077 3441 1129 καὶ
3490 1078 3771 1149 Δεσπότην
3823 1082 4050 1151 ἁπάσης

2456 1157 2592 1226 ὁμοῦ
2633 1159 2734 1226 τῆς
2773 1161 3028 1225 κτίσεως,
3085 1165 3166 1228 είς
3195 1165 3492 1236 πρόσωπον
3523 1169 3618 1223 τοῦ
3667 1170 3809 1225 Θεοῦ
3841 1174 4042 1241 Λόγου,

2457 1246 2630 1320 οὗπερ
2665 1251 2819 1304 οὐδὲν
2850 1254 3177 1325 τιμιώτερον
3202 1295 3219 1320 ,
3253 1261 3332 1322 εἰς
3359 1262 3588 1331 κτιστὴν
3625 1264 3796 1333 φύσιν
3830 1265 4040 1318 διαϐαί-

2457 1361 2569 1396 νειν
2598 1345 2940 1415 δυνάμενον),
2980 1347 3098 1410 πῶς
3131 1349 3235 1400 οὐκ
3277 1350 3430 1402 ἔσται
3461 1355 3696 1424 περιττὴ
3725 1358 3824 1408 καὶ
3859 1357 4046 1410 εἰκαία

2455 1435 2549 1487 τοῦ
2589 1436 2724 1489 Θεοῦ
2755 1437 2931 1505 Λόγου
2958 1439 3094 1509 πρὸς
3115 1441 3208 1494 τὸν
3237 1442 3296 1506 ἐξ
3325 1443 3482 1512 ἡμῶν
3512 1446 3824 1516 ἄνθρωπον,
3859 1451 3894 1518 ή
3924 1453 4044 1503 ἑπιο

2457 1527 2808 1599 φημιζομένη
2852 1528 3139 1593 σύνθεσιςς
3181 1533 3323 1586 Ἀλλ’
3369 1537 3419 1586 εί
3463 1537 3643 1606 μάτην
3676 1556 3733 1590 τε
3769 1541 3869 1590 καὶ
3919 1544 4040 1610 εἰκῆ

2459 1621 2606 1670 ποιεῖ
2631 1621 2660 1671 ὁ
2694 1620 2826 1682 Θεὸς
2851 1620 3008 1676 οὐδὲν
3032 1662 3046 1685 ,
3077 1623 3189 1676 οὐδ’
3214 1625 3324 1694 ἄρα
3356 1627 3622 1697 συνετέθη
3645 1631 3674 1681 ὀ
3704 1629 3842 1692 Θεὸς
3875 1632 4046 1700 Λόγος

2458 1707 2534 1777 τῷ
2564 1709 2624 1772 ἐξ
2645 1709 2802 1780 ⁴ἡμῶν
2825 1710 3122 1782 ἀνθρώπῳ.

2532 1799 2657 1862 Τοῖς
2681 1802 2949 1872 νοήμασιν
2979 1803 3455 1868 ἀποστενωθέντες
3480 1800 3569 1861 οἶά
3599 1824 3720 1862 τινα
3746 1810 3918 1880 ὲρίων
3946 1830 4045 1880 μη-

767 1884 923 1937 nobis
982 1881 1310 1942 VulVel‘Mis,
1344 1880 1636 1946 phrasihus
1697 1894 1841 1933 nunc
1889 1878 2160 1932 evoivitis.
2222 1878 2344 1930 Ideo

2458 1890 2524 1956 ρύ
2533 1909 2676 1959 ματα
2703 1893 3126 1959 καταξαίνοντες
3147 1897 3303 1965 ἡμῖν,
3324 1897 3443 1950 νυνὶ
3464 1901 3585 1961 ταῖς
3605 1878 3816 1964 λέξεσι-ν
3839 1878 4046 1973 εμτέλά.

767 1975 896 2027 illud
923 1970 1248 2026 meneamini
1283 1986 1298 2021 :
1338 1967 1403 2022 In
1435 1969 1774 2038 multiloquio
1812 1985 1916 2021 non
1952 1968 2120 2020 deerit
2151 1982 2342 2035 pecca-

768 2077 876 2119 tum
911 2065 973 2116 ³⁰.
1008 2062 1145 2129 Quae
1195 2062 1340 2116 enim
1396 2059 1580 2124 vobis,
1639 2060 1824 2122 dicite,
1866 2058 2025 2128 hujus
2086 2057 2346 2125 multipli-

769 2159 849 2210 cis
878 2154 1166 2208 divisionis
1205 2160 1323 2206 etut
1356 2152 1598 2215 utilitas;
1651 2151 1758 2213 cui,
1784 2151 1983 2219 quibus
2024 2159 2078 2203 et
2133 2149 2219 2203 cui
2259 2149 2352 2202 bc-

771 2246 1099 2315 neplacitum
1141 2245 1463 2298 (ecouomize
1525 2242 1721 2304 divina;
1776 2241 2021 2310 profuit?
2071 2256 2198 2295 cum
2247 2254 2349 2292 nos

770 2350 956 2405 aperte
986 2349 1148 2406 atque
1202 2337 1464 2390 audenter
1496 2335 1597 2388 hoc
1643 2336 1793 2388 vobis
1846 2334 2169 2402 siuupliciter
2231 2331 2342 2384 cla-

770 2445 1007 2494 mamus,
1051 2443 1155 2482 non
1187 2442 1410 2496 promer
1449 2427 1668 2494 aliquod.
1724 2427 1790 2479 ad
1851 2428 2020 2494 ipsum
2071 2424 2354 2494 pertinens

771 2524 1102 2592 beneﬁcium
1137 2523 1380 2577 divinam
1443 2533 1694 2575 naturam
1727 2533 1923 2575 nostra:
1991 2521 2136 2574 uniri
2181 2519 2354 2574 luisse

770 2617 1220 2688 dignatam;hoc
1268 2618 1413 2670 enim
1464 2618 1644 2670 dicere
1692 2617 1776 2671 vel
1836 2617 2073 2687 cogitare
2119 2616 2271 2668 absit
2322 2629 2354 2668 a

770 2723 1097 2777 quocunque
1148 2709 1372 2761 homine
1428 2707 1552 2777 pio!
1607 2707 1715 2764 Sed
1770 2719 1996 2778 propter
2054 2710 2350 2765 maximam

773 2802 948 2857 solum
1008 2800 1445 2855 benevolentiam
1522 2800 1692 2870 ipsius
1745 2803 1798 2855 in
1862 2817 1978 2866 nos,
2045 2804 2350 2859 incarnatio

775 2897 948 2964 ipsius
1006 2894 1147 2947 facta
1208 2905 1336 2961 est;
1393 2895 1465 2946 ita
1555 2903 1611 2947 ut
1680 2895 1820 2948 facta
1895 2895 2062 2949 fuerit
2146 2897 2355 2951 homini

777 2976 1064 3032 Dominico
1096 2981 1354 3041 tanquam
1379 2968 1706 3024 delibationi
1727 2967 1980 3022 humana:
2009 2982 2220 3032 massae,
2251 2968 2367 3032 pri-

776 3067 1058 3137 mogenito
1116 3065 1418 3117 multorum
1461 3061 1698 3115 fratrum
1765 3059 2045 3129 capitique
2109 3058 2364 3128 corporis

779 3157 1059 3219 Ecclesiae,
1112 3154 1380 3226 primario
1451 3151 1716 3222 primaria
1769 3150 2147 3219 assumptione
2196 3157 2362 3218 atque

777 3224 1130 3311 immediate,
1157 3245 1362 3299 unione
1415 3244 1795 3313 omnipotente
1850 3243 2029 3312 ipsius
2081 3242 2150 3295 ad
2209 3241 2356 3294 illam
2387 3224 2430 3282 (ἶ

777 3356 874 3409 per
895 3337 1232 3408 hypostasim
1261 3337 1317 3389 in
1348 3343 1602 3389 naturam
1626 3334 2249 3403 propriam,secundum
2277 3333 2357 3386 di-

775 3432 943 3486 vitias
968 3427 1288 3498 apotheosis
1313 3424 1754 3497 [deilicationis],
1773 3439 1874 3494 pro
1892 3425 2096 3477 unione
2115 3423 2264 3476 illius
2285 3421 2353 3476 ad

778 3527 982 3588 Deum;
1013 3529 1072 3575 ut
1110 3522 1166 3574 in
1214 3529 1471 3574 caeterum
1496 3519 1792 3572 humanam
1824 3531 2060 3570 massam
2093 3525 2356 3569 caeteros-

776 3631 885 3686 que
919 3616 1118 3668 fratres
1157 3627 1224 3666 ex
1259 3611 1472 3666 semine
1498 3610 1810 3675 Abraham,
1852 3618 2018 3677 atque
2058 3608 2112 3661 in
2150 3622 2354 3675 corpus

779 3705 1075 3768 Ecclesiae,
1134 3700 1502 3767 secundario,
1540 3697 1961 3768 participatione
2005 3696 2353 3761 mediateque

778 3797 1042 3852 transiret
1061 3793 1365 3849 secundqu
1422 3791 1725 3860 potentiam
1782 3791 1906 3858 ejus
1948 3803 2046 3858 per
2093 3788 2352 3840 unionem

772 3896 928 3964 juxta
965 3900 1218 3943 naturam
1255 3886 1324 3940 ad
1376 3884 1618 3954 primum
1677 3891 2021 3951 assumptum
2074 3895 2142 3934 ex
2193 3879 2354 3932 nobis

779 3983 1058 4037 hominem
1106 3977 1478 4040 Dominieum,
1531 3983 1795 4043 tanquam
1842 3987 1908 4026 ex
1957 3972 2130 4042 ipsius
2152 3985 2348 4031 massa,

774 4076 876 4128 etsi
897 4071 1311 4131 delibationem,
1327 4076 1585 4136 tanquam
1601 4064 1826 4118 fratrem
1853 4063 2222 4132 unigenitum,
2248 4059 2354 4114 etsi

777 4166 1201 4236 primogenitum
1240 4161 1524 4229 ipsiusque
1563 4157 1837 4226 corporis,
1867 4156 1969 4208 etsi
1997 4163 2162 4223 caput
2191 4153 2353 4206 nobis

775 4254 1049 4317 dividens,
1097 4266 1265 4305 unum
1315 4247 1520 4302 factum
1555 4246 1914 4299 mediatorem
1947 4243 2041 4297 Dei
2075 4251 2132 4296 et
2177 4241 2355 4296 homi-

777 4362 932 4411 num,
959 4343 1236 4397 hominem
1259 4339 1536 4394 Christum
1555 4338 1739 4392 Jesum
1760 4335 2052 4390 Dominum
2078 4341 2348 4387 nostrum.

846 4631 902 4684 Si
928 4629 1110 4682 adhuc
1137 4623 1409 4688 dixeritis,
1430 4630 1628 4676 natura
1648 4629 1950 4687 assumpta,
1979 4618 2190 4671 nullum
2213 4633 2353 4686 opus

776 4720 943 4774 fuisse
997 4719 1106 4770 Deo
1155 4716 1241 4769 cui
1298 4729 1366 4768 ex
1415 4713 1507 4765 illa
1556 4711 1695 4764 nihil
1737 4709 2028 4779 profuerit,
2072 4719 2236 4777 atque
2285 4723 2353 4762 ex

777 4814 872 4865 illo
901 4809 1111 4878 aliquid
1149 4805 1442 4861 dedecoris
1488 4811 1544 4858 et
1574 4801 1936 4872 turpitudinis
1965 4802 2019 4854 in
2053 4801 2230 4870 ipsum
2263 4816 2354 4855 re-

775 4902 1048 4964 dundare,
1073 4900 1231 4952 vobis
1264 4899 1516 4952 dicemus
1544 4914 1558 4950 :
1600 4893 1725 4950 Haec
1747 4903 1833 4949 est
1861 4905 2072 4947 natura:
2101 4894 2354 4947 humana:

774 4993 1074 5056 deiﬁcatio,
1121 5007 1219 5060 per
1269 5005 1434 5058 quam
1471 4987 1784 5058 hujusmodi
1819 4985 2119 5039 bonitatem
2148 4983 2349 5036 libera-

774 5087 993 5154 lemque
1042 5081 1342 5150 potentiam
1377 5078 1619 5146 seipsum
1671 5076 1878 5129 habere
1918 5074 2124 5128 mundo
2167 5082 2351 5126 osten-

777 5189 920 5236 tans,
961 5173 1132 5242 magis
1163 5187 1228 5225 ac
1252 5170 1426 5240 magis
1458 5167 1795 5239 gloriﬁcatur
1822 5174 1876 5220 et
1898 5174 2111 5218 amatur
2139 5165 2209 5218 ab
2235 5178 2350 5216 om-

775 5264 942 5316 nibus
969 5263 1064 5330 qui
1089 5259 1252 5313 nobis
1268 5267 1492 5328 propter
1513 5273 1614 5311 nos
1647 5257 1837 5310 unitus
1857 5264 1941 5309 est
1971 5256 2114 5309 Deus
2127 5262 2346 5320 noster;

776 5356 1001 5418 haecque
1045 5364 1130 5406 est
1159 5361 1342 5404 tamen
1383 5365 1546 5404 causa
1573 5349 1728 5419 juxta
1762 5347 2050 5402 stultitiam
2087 5355 2347 5407 vestram,

773 5464 873 5501 cur
903 5461 1005 5500 nec
1033 5460 1134 5514 per
1163 5443 1403 5511 seipsum
1437 5449 1682 5509 tempore
1716 5440 1905 5507 primae
1943 5437 2236 5491 creatiouis
2267 5437 2349 5505 ip-

774 5555 895 5592 sum
931 5536 1210 5591 hominem
1252 5541 1543 5587 creatnrus
1572 5531 1786 5584 fuisset.
1842 5529 1946 5583 Sed
1996 5527 2350 5597 quemadmo-

771 5628 902 5683 dum
941 5644 971 5681 e
1003 5637 1150 5680 terra
1179 5625 1262 5678 vel
1293 5623 1452 5692 aquis
1481 5623 1717 5677 educere
1760 5630 1946 5674 stalmt
1987 5621 2196 5688 plantas
2225 5619 2350 5673 her-

841 5808 884 5839 "
916 5811 1078 5864 l‘rov.
1112 5831 1162 5874 λ,
1219 5809 1296 5863 ιε».

2459 1983 2704 2052 τύνεσθεε.
2745 1985 2836 2037 Διὸ
2882 1987 2974 2047 τὸ.
3039 1989 3134 2041 Ἐκ
3173 1991 3550 2059 πολυλογίας
3596 1997 3708 2048 οὐκ
3773 1995 4042 2064 ἐκφεύξῃ

2459 2069 2772 2137 ἁμαρτίαν,
2805 2074 3071 2128 ὲπαῒοιτε.
3091 2075 3157 2126 Τί
3181 2078 3290 2148 γὰρ
3313 2077 3376 2147 δὴ
3399 2079 3550 2149 ὑμῖν,
3583 2083 3800 2145 εἴπατε,
3837 2086 4045 2154 ταύτης

2460 2161 2617 2230 χρεία
2665 2156 2732 2230 ἦν
2757 2162 2859 2230 τῆς
2895 2164 3252 2235 πολυσχιδοῦς
3299 2167 3648 2238 διαιρέσεως,
3687 2171 3782 2234 Εἰς
3831 2173 3958 2226 τίνα
3989 2192 4043 2226 τε

2459 2254 2554 2305 καὶ
2593 2252 2742 2315 τίνας
2780 2255 2874 2306 καὶ
2918 2256 3045 2308 τίνα.
3077 2257 3272 2325 γέγονε
3323 2258 3393 2311 τὰ
3423 2261 3525 2328 τῆς
3573 2262 3901 2332 εὐεργεσίας
3948 2267 4047 2332 τῆς

2460 2343 2613 2408 θείας
2645 2347 2991 2416 οἰκονομίας;
3060 2349 3220 2418 ἡμῶν
3258 2351 3605 2416 εὐσυνόπτως
3634 2356 3728 2407 καὶ
3756 2359 4047 2427 παρρησὲᾳ

2458 2436 2615 2490 τοῦτο
2645 2438 2774 2506 ὑμῖν
2821 2439 3006 2504 ἁπλῶς
3042 2439 3315 2510 βοώντων,
3344 2444 3426 2496 ὅτι
3466 2445 3528 2498 οὐ
3567 2445 3656 2499 διά
3683 2463 3812 2500 τινα.
3848 2450 3932 2511 είς
3958 2451 4048 2501 αὖ·

2459 2529 2558 2599 τὴν
2586 2532 2966 2585 συντείνουσαν
3017 2534 3340 2604 εὐεργεσίαν
3373 2538 3407 2606 ἡ
3439 2536 3558 2592 θεία
3604 2539 3769 2606 φύσις
3810 2544 3880 2610 τῇ
3913 2544 4046 2610 ἠμε-

2460 2622 2594 2692 τέρᾳ.
2640 2623 2956 2693 συντεθῆναι
3003 2626 3369 2692 κατεδέξατο·
3422 2628 3583 2682 τοῦτο
3629 2630 3740 2700 γὰρ
3777 2631 3968 2698 λέγειν
4011 2634 4044 2700 ἦ

2461 2714 2600 2765 νοεῖν
2629 2714 2706 2782 μὴ
2747 2713 2959 2780 γένοιτό
3019 2732 3127 2768 τινι
3157 2717 3268 2770 τῶν
3293 2716 3598 2770 θεοσεδῶν·
3633 2720 3769 2774 ἀλλὰ
3808 2722 3900 2774 διὰ
3946 2723 4046 2791 τὴν

2463 2803 2520 2870 ἑξ
2540 2804 2710 2874 αὐτῆς
2743 2806 2821 2866 εἰς
2849 2807 2998 2875 ἡμᾶς
3025 2807 3185 2876 μόνον
3249 2807 3516 2879 μεγίστην
3545 2811 3900 2882 εὐεργεσίαν,
3955 2817 4044 2879 γέ-

2461 2911 2617 2961 γονεν
2634 2896 2806 2963 αὐτῆς
2839 2897 3341 2969 ήὲνανθρώπησις·
3381 2901 3525 2954 ὥστε
3561 2903 3814 2971 γενέσθαι
3841 2905 3922 2975 τῷ
3950 2907 4048 2975 μὲν

2463 2985 2732 3057 Κυριακῷ
2753 2987 3026 3058 ἀνθρώπῳ
3053 2988 3128 3052 ὡς
3158 2991 3381 3062 ἀπαρχῇ
3409 2991 3504 3044 τοῦ
3529 2993 3879 3063 ἀνθρωπίνου
3949 3015 4048 3065 φυ-

2465 3075 2708 3146 ράματος
2751 3077 2846 3129 καὶ
2897 3079 3228 3150 πρωτοτόκῳ
3261 3081 3372 3135 τῶν
3402 3082 3613 3135 πολλῶν
3646 3086 3898 3154 ἀδελφῶν
3954 3088 4049 3139 καὶ

2463 3167 2671 3236 κεφαλῇ
2710 3166 2805 3219 τοῦ
2835 3168 2936 3236 τῆς
2984 3170 3311 3238 Ἐκκλησίας
3351 3172 3626 3242 σώματος,
3667 3175 3908 3245 πρώτως
3953 3180 4048 3229 καὶ

2462 3258 2818 3328 πρωτοδόχως
2849 3260 2942 3313 καὶ
2997 3260 3218 3330 ἀμέσως
3275 3261 3364 3314 διὰ
3403 3263 3528 3317 καθ’
3575 3265 3878 3319 ὑπόστασιν
3911 3269 4048 3337 πρὸς

2460 3351 2623 3403 αὐτὸν
2650 3352 3126 3422 συνανακρατικῆς
3151 3351 3398 3415 ἑνώσεως
3428 3355 3623 3424 αὐτῆς,
3659 3357 3742 3419 είς
3797 3358 3901 3427 τὴν
3946 3359 4047 3411 ιδι-

2461 3440 2563 3511 κὴν
2604 3443 2766 3510 φύσιν
2817 3443 3007 3506 αὐτοῦ,
3047 3443 3136 3496 τὸν
3167 3443 3399 3497 πλοῦτον
3439 3446 3537 3514 τῆς
3597 3447 3943 3510 ὲκθεώσεως,
3985 3451 4048 3500 ὲκ

2460 3535 2558 3597 τῆς
2600 3535 2738 3602 πρὸς
2769 3533 2901 3586 Θεὸν
2931 3535 3209 3602 συμφυΐας
3229 3551 3242 3564 ·
3269 3537 3347 3596 εἰς
3381 3534 3439 3586 δὲ
3468 3535 3528 3586 τὸ
3564 3535 3751 3587 λοιπὸν
3808 3540 3910 3606 τῆς
3956 3540 4050 3590 ἀν-

2461 3625 2812 3695 ορωπὸτητος
2836 3624 3066 3694 φύραμα
3097 3626 3192 3678 καὶ
3222 3625 3349 3688 τοὺς
3381 3626 3604 3689 λοιποὺς
3634 3627 3902 3694 ἀδελφοὺς
3919 3630 4047 3690 τοὺς

2460 3717 2524 3767 ὲκ
2555 3717 2868 3786 σπέρματος
2900 3717 3172 3786 Ἀϐραὰμ,
3225 3717 3320 3769 καὶ
3358 3717 3420 3769 τὸ
3469 3718 3630 3787 σῶμα.
3665 3718 3765 3787 τῆς
3809 3720 4047 3787 Ἐκκλη-

2462 3807 2603 3869 σίας,
2633 3807 2904 3876 δευτέρως
2926 3808 3020 3858 καὶ
3055 3806 3477 3885 μεταλῃπτικῶς
3509 3812 3604 3861 καὶ
3632 3809 3899 3878 ὲμμὲσως
3926 3812 4046 3865 6w.-

2459 3897 2618 3966 δῆναι
2644 3896 2712 3949 τὰ
2739 3897 2838 3963 τῆς
2883 3897 3218 3965 ὐπεργεσίας
3247 3887 3338 3950 διὰ
3369 3899 3472 3966 τῆς
3534 3900 3674 3952 κατὰ
3707 3899 3878 3967 φύσιν
3912 3901 4048 3954 ἑνώ-

2460 4007 2618 4051 σεως,
2646 3989 2746 4057 τῆς
2776 3988 2912 4058 πρὸς
2939 3990 3030 4039 τὸν
3062 3989 3278 4055 πρῶτον
3314 3990 3749 4059 εὐεργετηθέντα
3795 3992 3860 4057 ἐξ
3885 3994 4048 4062 ἡμῶν

2458 4081 2738 4152 κυριακὸν
2754 4079 3058 4148 ἄνθρωπον,
3092 4081 3167 4143 ὡς
3205 4082 3270 4133 ὲκ
3298 4080 3392 4132 τοῦ
3419 4081 3585 4133 αὐτοῦ
3635 4083 3970 4152 φυράματος
3998 4089 4047 4137 εξ

2458 4175 2552 4226 καὶ
2570 4173 2846 4242 ἀπαρχὴν,
2879 4173 2971 4224 καὶ
3003 4171 3076 4229 ὡς
3112 4171 3342 4240 ἀδελφὸν
3389 4173 3653 4241 μονογενῆ
3682 4173 3732 4224 el
3761 4176 3864 4226 καὶ
3895 4192 4044 4246 πρω-

2457 4264 2696 4325 τότοκον,
2760 4264 2854 4316 καὶ
2892 4263 2983 4316 τοῦ
3023 4262 3190 4315 αὐτοῦ
3247 4263 3502 4332 σώματος
3561 4264 3608 4315 εί
3644 4262 3742 4316 καὶ
3794 4266 4047 4334 κεφαλὴν

2457 4354 2586 4406 ὄντα
2603 4354 2696 4407 τὸν
2723 4355 3122 4423 μεσιτεύσαντα
3152 4355 3308 4424 ἡμῖν,
3335 4354 3432 4406 ἕνα
3457 4353 3683 4422 μεσίτην
3699 4356 4044 4422 τυγχάνοντα

2457 4445 2594 4498 Θεοῦ
2626 4446 2718 4497 καὶ
2747 4445 3072 4516 ἀνθρώπων,
3105 4445 3390 4512 ἄνθρωπον
3435 4443 3667 4514 Χριστὸν
3707 4445 3926 4514 Ἰησοῦν
3955 4449 4046 4500 τὸν

2459 4535 2662 4605 Κύριον
2697 4528 2873 4606 ἡμῶν.

2531 4625 2598 4676 Εἴ
2624 4642 2688 4694 γε
2709 4622 2801 4678 οὖν
2828 4643 2987 4693 φατε,
3032 4626 3113 4678 ὅτι
3144 4627 3240 4688 Τίς
3275 4623 3368 4678 οὖν
3399 4625 3556 4694 χρεία
3609 4621 3678 4695 ἦν
3713 4628 4042 4697 συντεθῆναι

2459 4717 2550 4769 τὸν
2607 4717 2773 4786 μηδὲν
2819 4717 3250 4788 εὐεργετηθέντα
3303 4717 3436 4768 Θεὸν
3484 4719 3550 4786 τῇ
3610 4718 4043 4788 εὐεργετηθείσῃ

2461 4805 2643 4873 φύσει,
2669 4805 2763 4858 καὶ
2792 4807 2856 4858 ἐκ
2883 4805 3072 4858 τούτου
3109 4805 3314 4868 ἀδοξεῖν
3334 4806 3425 4857 καὶ
3456 4805 3865 4874 ἀτιμάζεσθαις
3890 4808 4046 4876 ἐρεοῦ-

2463 4911 2563 4964 μεν
2594 4895 2724 4963 ὐμϊν
2745 4933 2760 4958 ,
2780 4893 2856 4957 ὡς
2897 4895 2962 4946 Ἦ
2994 4895 3102 4946 τῶν
3127 4894 3600 4964 εὐεργετουμένων
3641 4893 3872 4957 θέωσις,
3898 4893 4046 4968 δι’ἦς

2454 4984 2722 5053 τοσαύτην
2748 4984 3061 5054 ἁγαθότητα
3099 4985 3195 5037 καὶ
3244 4984 3472 5052 δύναμιν
3502 4984 3867 5055 εὐεργετικὴν
3900 4988 4044 5055 ἔχειν

2456 5073 2648 5127 ἑαυτὸν
2678 5074 3051 5144 θριαμϐεύσας
3086 5073 3163 5144 τῷ
3196 5075 3409 5144 κόσμῳ,
3441 5074 3641 5143 μᾶλλον
3689 5075 3790 5127 καὶ
3839 5078 4042 5144 μᾶλλον

2455 5163 2736 5228 δοξάζεταί
2774 5181 2833 5216 τε
2885 5165 2979 5217 καὶ
3016 5165 3296 5232 ἀγαπᾶται
3329 5165 3480 5235 παρὰ
3526 5166 3747 5218 πάντων
3778 5167 3809 5218 ὁ
3860 5183 4041 5218 συντευ

2456 5255 2568 5318 θεὶς
2593 5257 2722 5325 ἡμῖν
2751 5255 2820 5307 δι’
2841 5257 2988 5325 ἡμᾶς
3011 5256 3143 5318 Θεὸς
3163 5257 3317 5325 ἡμῶν
3338 5273 3352 5288 ο
3383 5258 3477 5309 καὶ
3499 5256 3638 5327 αὕτη
3667 5257 3771 5325 μὲν
3797 5260 3834 5329 ἡ
3870 5261 4036 5323 αἰτία,

2455 5349 2603 5416 ὅμως
2626 5347 2765 5401 κατὰ
2787 5348 2992 5416 ταύτην
3023 5347 3182 5417 ὑμῶν
3197 5348 3296 5418 τὴν
3319 5349 3598 5412 ἀπόνοιαν,
3624 5348 3753 5402 οὐτε
3773 5351 4038 5420 δημιουρ-

2457 5442 2574 5507 γεῖν
2609 5439 2713 5490 ἔδει
2746 5438 2906 5491 αὐτὸν
2929 5439 2998 5491 δι’
3052 5439 3248 5492 ἑαυτοῦ
3278 5441 3415 5492 κατὰ
3446 5441 3542 5508 τὴν
3595 5439 3828 5510 πρώτην
3869 5445 4041 5495 κτίσιν

2455 5531 2544 5584 τὸν
2567 5530 2850 5600 ἄνθρωπον
2869 5547 2882 5560 ·
2916 5530 3031 5583 ἀλλ’
3057 5529 3246 5600 ὥσπερ
3271 5533 3335 5600 τῇ
3362 5534 3431 5600 γῇ
3459 5532 3490 5600 ἦ
3538 5534 3651 5595 τοῖς
3680 5531 3844 5586 ὕδασι
3875 5551 4037 5602 προσ-

2457 5624 2674 5673 έταττεν
2732 5621 3021 5689 ἐξαγαγεῖν
3055 5623 3197 5690 φυτὰ
3243 5624 3336 5676 καὶ
3368 5623 3596 5692 βοτάνην
3625 5624 3852 5693 χόρτου,
3892 5629 4036 5684 atti-
