4214 6450
785 413 926 476 Μῖἷρ

2046 414 2350 474 LEONTII
2398 412 2793 473 BYZANTINI

3891 414 4034 474 1476

779 525 847 576 sti
869 542 883 586 ;
909 539 1014 576 non
1048 522 1196 575 enim
1233 520 1403 574 nisiin
1423 521 1750 575 substantiis
1781 521 2062 576 invenitur
2083 521 2351 590 quidquid

2462 539 2627 590 ματος
2681 521 2936 590 Χριστοῦο
2989 523 3146 587 μόνον
3187 520 3294 588 γὰρ
3327 523 3446 584 ταῖς
3483 522 3695 582 οὖσίαις
3727 521 4032 589 ἑνθεωροιὶο

779 614 1094 674 essmtiale,
1154 611 1460 667 accidentia
1500 619 1680 665 autem
1715 613 1766 665 in
1796 628 1983 670 carne.
2020 622 2076 664 ut
2099 621 2227 665 sunt
2262 613 2345 665 in-

779 701 1098 763 carceratio,
1135 700 1387 761 elevatio,
1414 699 1724 752 humiliatio
1741 701 2048 764 etsimilia;
2073 717 2194 769 qua!
2221 701 2349 754 facit

779 792 1086 849 substantia
1115 801 1171 844 ct
1196 791 1249 842 in
1283 789 1586 842 substantia
1623 789 1740 842 ﬁeri
1769 800 2017 855 possunt,
2047 807 2145 844 nec
2167 800 2348 845 tamen

778 883 986 947 scripta
1037 880 1215 934 facere
1261 887 1355 932 aut
1399 880 1666 948 quidquid
1719 879 1861 934 aiius
1910 895 1978 934 ex
2056 882 2250 946 seipsis
2293 882 2348 934 in

781 973 1104 1026 substantiis
1152 986 1391 1039 unquam
1429 979 1688 1040 poterunt
1725 989 1736 1023 :
1772 989 1894 1025 nam
1928 987 2108 1041 neque
2138 974 2347 1038 Lazari,

783 1063 1120 1130 nequzclilia:
1169 1063 1327 1126 Jairi,
1368 1073 1463 1116 aut
1495 1075 1818 1117 czetcrorum
1871 1066 2207 1120 resurrectio
2250 1067 2350 1121 ali-

779 1152 910 1218 quid
945 1152 999 1204 in
1031 1153 1112 1205 eis
1142 1169 1206 1205 ex
1242 1168 1299 1204 se
1339 1153 1542 1205 etl‘ecit.

849 1243 1136 1305 Quomodo
1161 1259 1291 1309 ergo
1321 1243 1506 1294 dicitis
1539 1243 1654 1295 Ιιωο
1697 1259 1762 1295 ex
1807 1245 2214 1300 resurrectione
2253 1245 2352 1300 ha-

781 1329 967 1384 buisse
993 1331 1268 1384 hominem
1294 1331 1636 1383 Dominicum
1657 1331 1679 1383 ?
1697 1333 1748 1384 Si
1769 1333 1916 1385 enim
1947 1348 1977 1385 a
2003 1349 2062 1388 re
2081 1350 2188 1386 non
2206 1336 2355 1388 exsi-

781 1421 947 1474 sienti
999 1421 1225 1484 habuit,
1254 1423 1364 1490 jam
1409 1437 1518 1473 non
1561 1423 1910 1489 reputabitur
1937 1438 2129 1477 eorum
2153 1433 2209 1477 et
2245 1426 2352 1482 sibi

781 1522 835 1561 (ιι
869 1512 1027 1564 nobis
1060 1513 1226 1565 fuisse
1249 1528 1434 1577 causa,
1469 1513 1562 1581 qui
1593 1523 1711 1566 erat
1739 1523 1794 1567 et
1829 1515 2144 1579 Deus-erat,
2175 1531 2353 1583 neque

784 1603 926 1656 Deus
951 1619 1078 1656 eum
1129 1606 1515 1669 resuscitasse;
1541 1607 1586 1658 si
1613 1615 1794 1658 autem
1819 1609 2090 1660 exsistcns
2121 1607 2352 1676 aliquid,

783 1693 886 1748 huc
933 1705 1054 1749 erat
1102 1705 1160 1749 et
1203 1698 1450 1766 quaedam
1493 1697 1576 1750 vis
1602 1713 1791 1751 eorum
1823 1698 2073 1752 eli'cctrix
2096 1710 2149 1752 et
2191 1715 2354 1753 causa

784 1785 1240 1853 impassibilitatis
1261 1795 1316 1840 et
1337 1788 1898 1855 incorruptibilitatis,
1924 1791 2052 1858 quia
2080 1791 2224 1843 nulla
2249 1790 2354 1844 alia

2456 611 2615 678 μενόν
2631 612 2680 663 τί
2703 615 2835 669 ἐστι,
2852 611 2941 662 καὶ
2959 608 3350 676 ὲπισυμὸαῖνον
3366 610 3528 679 αὐτῇ,
3555 609 3747 677 ὥσπερ
3764 609 3861 660 καὶ
3880 612 3916 677 ἡ
3941 627 4032 660 κα-

2451 702 2725 762 τάκλεισις
2748 703 2840 753 καὶ
2873 700 3078 767 ﬁdem;
3106 700 3200 752 καὶ
3222 699 3548 763 ταπείνωσις
3571 703 3664 753 καὶ
3684 701 3750 753 τὰ
3781 701 4030 753 rota-Str

2451 791 2622 843 ταῦτα
2658 791 2762 859 γὰρ
2795 790 2950 842 οὐσία
2990 789 3087 857 μέν
3120 806 3201 850 τις
3229 791 3539 862 ἐνεργήσοι,
3596 791 3692 842 καὶ
3721 793 3803 852 εἰς
3842 790 4030 841 οὐσίαν

2453 882 2770 951 ὲνεργηθείη
2796 883 2862 935 ἄν
2885 899 2898 912 ·
2928 883 3067 935 αὐτὰ
3090 884 3270 950 μέντοι
3327 884 3450 938 οὔτε
3471 886 3661 945 ἑαυτὰ,
3686 883 3814 936 οὔτε
3844 886 4031 953 ἕτερνέν

2453 989 2507 1024 τι
2549 973 2608 1036 ἐξ
2645 974 2851 1024 ἑαυτῶν
2897 974 2953 1024 ἐν
2994 975 3200 1036 οὐσίαις
3273 976 3559 1046 ὲνεργήσοι
3605 974 3866 1027 πώποτε·
3916 978 4031 1027 οὐδὲ

2452 1063 2560 1132 γάρ
2589 1064 2620 1130 ἡ
2654 1064 2904 1132 Λαζάρου
2929 1065 3048 1115 οὐδὲ
3072 1066 3170 1132 τῆς
3197 1066 3386 1127 παιδὸς
3403 1068 3630 1135 Ἰαείρου
3670 1066 3834 1135 ἡτῶν
3858 1065 4032 1116 ἀ.ἰ).ι.;ν

2453 1153 2752 1216 ἀνάστασίς
2769 1171 2820 1205 τι
2843 1155 3142 1222 πεποίηκεν
3171 1157 3249 1217 εἰς
3268 1157 3464 1217 αὐτοὺς
3480 1156 3618 1223 αὕτη
3634 1155 4027 1224 αὑτουργικῶ·.

2524 1243 2648 1302 Πῶς
2700 1241 2796 1295 οὖν
2845 1245 2901 1309 ἐξ
2966 1244 3312 1308 ἀναστάσεως
3369 1247 3542 1299 ταῦτα
3596 1247 3898 1313 ἐσχηκέναι
3947 1245 4030 1295 τὶν

2455 1336 2732 1406 κυριακὸν
2761 1335 3044 1402 ἄνθρωπόν
3079 1353 3250 1401 φατες
3290 1337 3337 1387 εί
3373 1337 3482 1404 γὰρ
3538 1338 3601 1387 ὲκ
3638 1334 3732 1386 τοῦ
3784 1335 4028 1401 ἀνυπάρ-

2455 1441 2588 1477 κτου
2618 1425 2944 1492 πράγματος
2973 1425 3146 1478 ταῦτα
3177 1425 3401 1491 γέγονεν
3435 1425 3606 1492 αὐτῷ,
3635 1426 3734 1492 οὐχ
3784 1426 3814 1476 6
3861 1424 4032 1491 ὑπάρ-

2455 1533 2565 1584 χων
2597 1517 2691 1567 καὶ
2742 1513 2816 1566 ὢν
2863 1515 2996 1578 Θεὸς
3048 1516 3254 1569 τούτων
3299 1517 3471 1575 αἴτιος
3506 1518 3634 1582 ἡμῖν
3666 1531 3724 1565 τε
3757 1517 3852 1566 καὶ
3887 1514 4030 1580 αύτῷ

2455 1605 2858 1674 λογισθήσεται,
2921 1606 3045 1658 οὐδὲ
3101 1608 3129 1658 6
3179 1605 3312 1667 Θεὸς
3360 1605 3523 1657 αὑτὸν
3579 1609 3816 1671 ἐγειρεν·
3901 1603 3948 1652 εί
3979 1603 4028 1652 δὲ

2456 1696 2702 1764 ὑπάρχον
2732 1698 2784 1748 τί
2812 1699 2950 1762 ἐστι,
2994 1697 3087 1750 καὶ
3114 1697 3274 1764 φύσις
3305 1696 3453 1748 ἐστὶν
3489 1698 3521 1764 ή
3545 1695 3719 1746 ταῦτα
3756 1696 4028 1762 ποιήσατε

2455 1788 2550 1841 καὶ
2583 1789 2850 1858 λεγομένη
2895 1789 3168 1851 ἀπαθείας
3203 1788 3298 1840 καὶ
3347 1787 3656 1858 ἀφθαρσίας
3690 1783 3833 1839 slva:
3877 1806 4030 1856 χαριο

782 1887 977 1929 natura
1022 1893 1142 1930 esse
1195 1887 1374 1946 potest
1423 1879 1617 1932 horum
1651 1880 1899 1934 effectrix
1937 1893 2134 1950 praeter
2181 1883 2350 1936 Deum

2459 1879 2614 1946 στική
2639 1895 2652 1908 ο
2696 1877 2822 1930 ἐπεὶ
2861 1877 2959 1946 οὐχ
3008 1879 3169 1946 ἑτέρα
3201 1876 3363 1945 φύσις
3407 1877 3560 1929 ἔσται
3585 1877 3791 1929 τούτων
3826 1896 4032 1947 1:1sz-

784 1977 913 2034 (nou
943 1970 1090 2022 enim
1117 1971 1361 2024 hominis
1381 1978 1487 2034 est,
1515 1971 1660 2024 sicut
1689 1971 1897 2024 dictum
1922 1974 2026 2040 est)
2061 1991 2072 2024 :
2113 1974 2237 2041 quis
2267 1982 2353 2028 est

783 2059 947 2113 homo
976 2061 1070 2129 qui
1101 2060 1248 2114 vivet
1279 2070 1335 2114 et
1357 2078 1467 2114 non
1494 2061 1703 2116 videbit
1723 2073 1976 2127 mortem,
2005 2064 2206 2133 eripiet
2232 2065 2350 2118 aui-

783 2167 926 2203 matn
962 2167 1116 2206 suam
1156 2152 1225 2206 de
1255 2168 1418 2205 manu
1459 2153 1659 2207 inferi?
1703 2155 2057 2210 Deus’verus
2103 2157 2210 2209 erit
2257 2157 2350 2226 qui

784 2241 899 2294 lucc
926 2243 1106 2294 omnia
1141 2242 1298 2307 facit;
1330 2253 1382 2296 et
1417 2243 1544 2296 inde
1575 2244 1734 2296 vobis
1753 2245 1862 2298 erit
1889 2245 2190 2313 intelligere
2225 2261 2350 2300 eum

781 2330 951 2384 ftisse
974 2346 1166 2385 eorum
1214 2348 1435 2386 causam
1464 2341 1520 2386 et
1545 2344 1825 2387 auctorem
1848 2376 1862 2398 ,
1897 2334 2354 2404 impassibilitatis

783 2424 992 2477 scilicet
1038 2432 1096 2478 et
1151 2425 1713 2494 incorruptibilitatis,
1750 2426 1898 2494 quod
1933 2443 2064 2481 vere
2111 2428 2352 2496 scipsum

783 2514 1077 2566 suscitasse
1109 2514 1347 2577 dicatur,
1384 2518 1476 2584 qui
1516 2531 1712 2584 nempe
1742 2517 1880 2570 dixit
1911 2535 1922 2570 :
1961 2518 2072 2586 Ego
2101 2535 2218 2571 sum
2245 2522 2352 2574 vita

781 2611 829 2652 ct
863 2604 1176 2655 resurrectio
1197 2603 1268 2664 ¹⁶,
1292 2604 1437 2673 quod
1471 2605 1828 2663 verbum.vos
1853 2607 2089 2661 maxime
2110 2610 2244 2663 estis
2265 2626 2353 2664 as-

783 2696 1036 2761 pernati;
1084 2711 1186 2765 ego
1212 2706 1391 2750 tamen
1435 2697 1534 2750 tibi
1568 2698 1696 2752 dico
1724 2699 1856 2767 quid
1895 2701 2303 2756 ostendendum
2340 2721 2353 2756 :

782 2789 878 2841 sed
923 2789 1105 2844 edocti
1157 2807 1185 2844 a
1247 2791 1418 2845 verbo
1459 2792 1875 2848 accidentaliter
1907 2795 2197 2858 sensibili,
2250 2812 2357 2852 una

784 2893 907 2930 cum
959 2894 1152 2933 sorore
1201 2880 1414 2944 Lazari,
1472 2880 1721 2933 sensibili
1771 2883 2018 2948 corporis
2047 2883 2357 2937 voluntarie

783 2971 936 3023 surdi
963 2972 1098 3024 estis
1125 2989 1136 3022 :
1164 2974 1330 3034 Sicut,
1361 2973 1439 3025 ait
1462 3006 1476 3030 ,
1510 2972 1676 3025 Pater
1717 2975 1938 3025 suscitat
1969 2983 2202 3027 mortuos
2230 3014 2244 3036 ,
2283 2976 2359 3028 sic

787 3059 929 3113 Filio
979 3071 1289 3131 potestatem
1322 3063 1464 3115 dedit
1501 3073 1730 3116 mortuos
1765 3065 2019 3116 suscitare
2051 3066 2111 3118 ⁸⁷.
2156 3064 2211 3120 Si
2229 3081 2360 3135 ergo

786 3148 902 3202 lucc
935 3149 1092 3203 vobis
1121 3150 1188 3202 ad
1215 3151 1550 3204 credendum
1588 3152 1722 3205 satis
1759 3161 1907 3214 sunt,
1943 3162 2139 3208 caztera
2164 3157 2358 3209 saltem

784 3239 1022 3294 audietis
1054 3256 1248 3294 eorum
1287 3257 1408 3311 qua:
1455 3258 1484 3295 a
1532 3243 1692 3296 vobis
1719 3253 1850 3298 sunt
1879 3244 2024 3299 dicta
2057 3263 2070 3298 ε
2103 3246 2148 3299 si
2188 3247 2356 3313 enim,

783 3330 1244 3396 quemadmodum
1277 3348 1468 3386 omnes
1500 3333 1752 3386 homines
1792 3337 2153 3389 resurrecturi
2189 3347 2315 3392 sunt
2342 3379 2357 3402 ,

783 3421 863 3471 sic
890 3423 1193 3475 resurrexit
1215 3423 1497 3483 Dominus.
1531 3440 1632 3477 cur
1662 3440 1889 3478 necesse
1934 3425 2037 3478 fuit
2057 3442 2183 3480 eum
2207 3427 2360 3495 prius

785 3514 1113 3582 resurgere?
1151 3515 1206 3567 Si
1239 3516 1389 3568 enim
1433 3523 1492 3569 ut
1526 3531 1627 3570 nos
1663 3519 1970 3572 resurrexit
1994 3557 2007 3580 ,
2044 3525 2100 3572 et
2128 3534 2229 3572 nos
2258 3519 2357 3588 ipsi

785 3614 846 3656 ut
893 3606 984 3658 ille
1042 3621 1413 3675 resurgemus,
1476 3607 1606 3676 quid
1655 3623 1796 3676 opus
1849 3608 1954 3663 fuit
2001 3611 2123 3678 ejus
2154 3625 2361 3678 praece-

783 3698 922 3751 cisse
955 3698 1449 3753 resurrectionem?
1464 3699 1519 3753 Si
1546 3709 1725 3752 tamen
1746 3716 1857 3754 non
1883 3710 2109 3769 propter
2123 3718 2242 3756 eam
2260 3719 2359 3758 nos

785 3787 888 3854 ipsi
923 3789 1260 3857 resurgimus
1282 3797 1338 3841 et
1363 3805 1429 3842 eo
1464 3789 1609 3858 quod
1647 3790 1762 3857 ipsa
1795 3791 2108 3859 praecessit;
2149 3792 2244 3845 illo
2273 3800 2359 3845 et-

783 3879 934 3931 enim
965 3895 1071 3931 non
1106 3888 1426 3948 resurgente
1451 3919 1465 3943 ,
1517 3880 1609 3949 qui
1646 3895 1772 3934 eum
1815 3890 1875 3934 ut
1903 3896 2005 3936 nos
2034 3882 2356 3947 suscitavit,

785 3986 886 4024 nos
929 3985 1151 4038 quoque
1183 3970 1476 4024 suscitaret
1505 3980 1565 4024 ut
1614 3986 1766 4033 eum,
1800 3987 1866 4026 ex
1901 3973 1952 4025 vi
1991 3974 2361 4028 communiter

785 4064 839 4115 in
865 4063 1122 4117 omnibus
1145 4064 1447 4117 exsistente
1472 4071 1527 4117 et
1567 4063 1714 4116 illius
1743 4063 1945 4129 simili;
1974 4063 2049 4118 ita
2077 4065 2245 4135 igitur
2277 4067 2361 4136 ip-

785 4171 906 4207 sum
931 4170 998 4208 ex
1022 4156 1322 4224 semetipso
1351 4157 1720 4209 resurrexisse
1751 4165 2035 4210 ostensum
2055 4165 2139 4210 est
2176 4165 2232 4212 ct
2262 4173 2365 4213 nos

782 4264 849 4300 cx
884 4249 1088 4302 unione
1117 4248 1301 4302 carnis
1329 4256 1383 4302 et
1418 4247 1584 4301 Verbi
1617 4262 1926 4317 resurgere.

2452 1970 2578 2037 τικὴ
2623 1969 2758 2038 πλὴν
2803 1969 2938 2022 Θεοῦ
2973 1987 2985 1999 ·
3031 1969 3155 2022 οὔτε
3199 1970 3305 2038 γὰρ
3352 1968 3638 2038 ἀνθρώπου
3672 1969 3816 2033 τάδε,
3854 1969 4032 2030 καθὼς

2453 2062 2699 2129 εἴρηται·
2732 2061 2815 2121 τίς
2851 2061 2999 2112 ἐστιν
3042 2061 3328 2131 ἄνθρωπος
3378 2060 3438 2122 ὃς
3496 2058 3721 2127 ζήσεται
3786 2062 3881 2112 καὶ
3935 2063 4032 2112 οὐκ

2452 2151 2642 2219 ὄψεται
2671 2151 2921 2215 θάνατον,
2949 2151 3174 2222 ῥύσεται
3219 2152 3316 2221 τὴν
3364 2151 3544 2222 ψυχὴν
3570 2151 3735 2204 αὐτοῦ
3765 2153 3829 2204 ἐκ
3851 2153 4032 2221 χειρδς

2453 2241 2580 2312 ᾅδου
2607 2259 2622 2304 ;
2653 2242 2783 2304 Θεὸς
2813 2242 3066 2311 ἀληθινὸς
3097 2243 3250 2296 ἔσται
3303 2243 3362 2294 τὸ
3410 2241 3577 2294 τῶνδε
3617 2243 3905 2310 ποιητικὸν
3943 2244 4026 2294 ai-

2452 2350 2566 2385 τιον
2588 2349 2602 2362 ο
2635 2333 2729 2386 καὶ
2765 2333 2917 2385 ἔσται
2945 2332 3161 2403 ἀληθῶς
3192 2333 3442 2385 ἐντεῦθεν
3489 2333 3617 2384 ίδεῖν
3647 2333 3792 2401 ὑμᾶς
3829 2333 3907 2394 ὡς
3938 2337 4029 2384 αὑ-

2452 2424 2544 2485 τδς
2585 2419 2653 2494 ἦν
2699 2426 2726 2476 6
2766 2423 2934 2476 τῶνδε
2991 2423 3186 2489 αῖτιος,
3221 2425 3314 2475 καὶ
3351 2422 3474 2476 τάδε
3515 2421 3709 2486 ποιῶν,
3734 2423 3908 2490 ἤγουν
3935 2423 4034 2490 τὴν

2454 2517 2721 2570 ἀπάθειαν
2749 2518 2842 2568 καὶ
2869 2515 3182 2585 ἀφθαρσίαν
3201 2532 3215 2544 ·
3251 2517 3410 2585 είπερ
3440 2515 3601 2577 αὐτὸς
3633 2515 3827 2567 ἑαυτὸν
3860 2517 4034 2574 ὅντως

2455 2608 2760 2674 ἀναστῆσαι
2805 2608 3042 2676 λέγεται,
3075 2609 3104 2660 6
3137 2610 3231 2662 καὶ
3275 2609 3453 2677 φήσας
3473 2624 3487 2638 ⁸
3533 2608 3674 2676 Ἐγώ
3702 2611 3816 2676 ειμι
3848 2609 3888 2674 ἡ
3913 2605 4034 2672 ζωὴ

2457 2698 2554 2752 καί
2588 2701 2627 2765 ἡ
2663 2698 3002 2764 ἀνάστασις
3029 2740 3044 2762 ,
3078 2695 3148 2771 ἦς
3202 2700 3401 2770 μᾶλλον
3455 2699 3612 2767 ὑμεῖς
3659 2699 3842 2767 φωνῆς
3892 2715 4034 2768 παρη

2458 2789 3142 2859 ηκούσατεοκαίτοι,Ἐγὼ
3193 2793 3306 2859 είμι
3335 2792 3363 2842 6
3398 2790 3572 2842 λαλῶν
3615 2806 3720 2851 σοι,
3761 2789 4040 2845 δεικτικὸν

2457 2882 2516 2933 ὃν
2539 2899 2553 2912 ·
2589 2883 2684 2933 καὶ
2713 2883 2777 2934 ὲκ
2803 2881 2899 2933 τοῦ
2935 2884 3082 2933 κατά
3104 2881 3207 2952 τὴν
3229 2881 3550 2950 προσφορὰν
3582 2879 3840 2948 αίσθητοῦ
3873 2878 4040 2945 λόγου

2460 2971 2818 3041 ὲνηχούμενοι
2871 2971 3011 3039 μετὰ
3052 2973 3154 3040 τῆς
3207 2971 3444 3039 ἀδελφῆς
3490 2969 3744 3040 Λαζάρου
3794 2969 4043 3037 αἰσθητῷ

2463 3065 2675 3132 σώματι
2724 3063 2902 3115 ἑκοντὶ
2951 3061 3694 3134 κωφεύετε·”οσπερ,φησὶ,
3765 3063 3800 3113 ὀ
3831 3062 4039 3127 Πατὴρ

2462 3156 2672 3224 ἐγείρει
2711 3156 2854 3220 τοὺς
2883 3154 3158 3221 νεκροὺς,
3195 3153 3294 3206 καί
3321 3153 3511 3218 οὕτως
3550 3153 3650 3205 καί
3679 3150 3760 3216 (ᾧ
3795 3149 3907 3214 Υιῷ
3945 3151 4042 3204 δέ·

2460 3247 2651 3299 δωκεν
2694 3245 2987 3310 ἐξουσίαν
3031 3244 3288 3313 ἐγείρειν
3332 3244 3471 3309 τοὺς
3521 3243 3798 3308 νεκρούς.
3833 3241 3895 3294 Et
3943 3244 4045 3310 μὲν

2459 3334 2552 3390 οὖν
2586 3338 2748 3407 ἀρκεῖ
2785 3336 2958 3390 ταῦτα
2988 3337 3116 3408 ὑμῖν
3142 3337 3221 3398 είς
3260 3336 3546 3398 πίστωσιν,
3583 3334 3708 3387 ὲπεί
3734 3333 3817 3386 τοί
3848 3349 3915 3399 γε
3949 3337 4044 3384 καῖ

2459 3430 2663 3498 ἑτέρων
2718 3428 3020 3481 ἀκούσεσθε
3067 3427 3380 3494 λεγομένων
3421 3426 3572 3493 ὑμῖν
3629 3427 3678 3477 εί
3728 3425 3838 3492 γὰρ
3896 3424 4046 3476 καθὰ

2460 3520 2660 3584 πάντες
2717 3520 3003 3589 μέλλουσιν
3060 3517 3206 3588 ἔχειν
3251 3519 3299 3570 οί
3346 3517 3646 3586 ἄνθρωποι,
3695 3516 3819 3584 ἔσχε
3869 3515 3974 3566 καὶ
4025 3519 4048 3564 ὁ

2459 3613 2666 3681 Κύριος
2697 3612 2798 3680 τὴν
2833 3610 3155 3670 ἀνάστασιν,
3185 3609 3269 3671 τίς
3313 3610 3345 3678 ἡ
3389 3608 3548 3676 χρεία
3583 3605 3678 3658 τοῦ
3711 3606 3876 3659 αὑτὸν
3914 3607 4050 3657 ἀνα-

2461 3704 2657 3772 στῆσαι
2683 3701 2900 3772 πρῶτον
2921 3719 2935 3764 ;
2959 3702 3007 3752 εί
3031 3701 3138 3770 γάρ
3168 3699 3262 3751 καὶ
3290 3698 3455 3760 αύτδς
3479 3697 3606 3750 καθ’
3635 3699 3783 3767 ἡμᾶς
3814 3697 4046 3761 ἀνέστη,

2459 3795 2553 3846 καὶ
2591 3795 2755 3862 ἡμεῖς
2790 3793 2911 3844 κατ’
2949 3791 3111 3842 αὐτὸν
3149 3789 3512 3856 ἁνιστάμεθα,
3545 3788 3630 3851 τίς
3669 3789 3702 3856 ἡ
3753 3788 3922 3856 χρεία
3956 3788 4049 3838 τοῦ

2461 3882 2827 3953 προγενέσθαι
2862 3879 3029 3933 αὑτοῦ
3073 3881 3171 3948 τὴν
3217 3881 3553 3944 ἀνάστασινς
3587 3877 3744 3948 εἴπερ
3770 3880 3938 3947 ἡμεῖς
3977 3879 4050 3947 μὴ

2459 3975 2526 4027 δι’
2554 3974 2723 4041 αὐτῆς
2754 3971 3124 4047 ἀνιστάμεθα,
3167 3970 3262 4022 καὶ
3308 3969 3386 4039 τῷ
3437 3968 3800 4039 προγενέσθαι
3833 3969 4011 4035 αὐτήν
4035 3987 4048 3998 ·

2463 4067 2557 4119 καὶ
2592 4063 2758 4117 αὑτοῦ
2788 4065 2896 4133 γὰρ
2942 4063 3017 4133 μὴ
3053 4062 3410 4121 ἀναστάντος,
3451 4062 3480 4112 6
3524 4060 3841 4128 ἀναστήσας
3877 4057 4050 4111 αὐτὸν

2465 4157 2586 4210 καθ’
2618 4157 2787 4227 ἡμᾶς,
2826 4156 3022 4226 ἀνιστᾷ
3056 4154 3122 4208 ἂν
3151 4156 3296 4224 ἡμᾶς
3332 4153 3454 4204 κατ’
3479 4151 3642 4203 αὐτὸν
3680 4151 3768 4202 διὰ
3798 4149 3905 4217 τῆς
3935 4167 4049 4202 xor-

2465 4247 2574 4310 νῶς
2626 4249 2682 4298 ὲν
2726 4247 2898 4299 ἅπασι
2958 4245 3252 4314 γινομένης
3293 4245 3390 4296 xui.
3440 4243 3633 4312 ὁμοίας
3690 4240 3857 4292 αὑτοῦ
3893 4242 4027 4309 ἐνερ

784 4340 938 4404 γείας
961 4355 974 4368 ⁸
1002 4337 1145 4391 οὕτω
1180 4338 1278 4404 μεν
1310 4331 1401 4388 οὖν
1439 4336 1703 4388 δέδεικται
1740 4337 1906 4388 αὐτοῦ
1949 4352 2008 4388 τε
2043 4338 2076 4406 ἡ
2111 4337 2409 4401 ἀνάστασις
2444 4336 2836 4406 αὐτοενέργεια
2899 4332 3065 4398 εῐναι,
3095 4334 3191 4388 καὶ
3219 4333 3378 4404 ἡμῶν
3448 4333 3512 4386 ὲκ
3577 4330 3887 4391 συνθέσεως
3955 4331 4050 4400 τῆς

786 4435 923 4501 πρὸς
951 4432 1040 4484 τὸν
1065 4431 1238 4496 Λόγον
1271 4432 1367 4498 τῆς
1397 4430 1598 4499 σαρκὸς
1621 4429 1940 4492 ἀνάστασις.

854 4527 1014 4580 Nunc
1053 4523 1517 4577 considerandum
1542 4522 1689 4575 aliud
1714 4538 1743 4575 a
1775 4523 1934 4579 vobis
1961 4523 2167 4578 dictum
2189 4567 2204 4590 ,
2236 4542 2360 4579 nam

2537 4525 2846 4595 Σκοπητέον
2877 4523 2931 4576 δὲ
2961 4523 3149 4576 λοιπὸν
3189 4522 3284 4574 καὶ
3325 4520 3386 4572 τὸ
3423 4519 3613 4585 ἔντερον
3640 4517 3701 4568 τὸ
3729 4515 3862 4585 παρ’
3892 4515 4051 4584 ὑμῶν

785 4618 935 4686 quod
968 4626 1053 4670 est
1076 4615 1329 4672 mirabile
1357 4616 1409 4667 in
1436 4614 1622 4667 divina
1653 4615 1772 4683 ejus
1803 4615 2113 4677 nativitate,
2138 4616 2204 4669 ad
2233 4615 2359 4685 Spi-

786 4699 954 4762 ritum
973 4716 1218 4763 sanctum
1235 4705 1450 4759 refertis
1469 4715 1524 4758 et
1551 4706 1670 4774 ejus
1685 4705 1901 4774 signum
1927 4721 2048 4759 esse
2073 4707 2315 4761 censetis
2339 4723 2355 4772 ;

787 4819 895 4856 non
931 4811 1112 4858 autem
1149 4799 1347 4866 pignus
1377 4798 1755 4850 substantialis
1786 4799 2006 4851 unionis
2043 4797 2205 4852 Verbi
2235 4817 2249 4864 ;
2283 4799 2367 4852 di-

786 4893 894 4945 cite
923 4890 1089 4960 igitur
1123 4905 1241 4950 vos,
1303 4905 1402 4941 cur
1438 4888 1658 4940 tandem
1689 4888 1741 4940 in
1771 4888 1884 4940 sola
1917 4889 2038 4956 ejus
2085 4890 2368 4942 nativitate

789 4981 924 5034 illud
963 4982 1036 5035 sit
1055 4981 1290 5039 factum.
1337 4995 1444 5048 qua
1475 4979 1542 5032 de
1571 4993 1756 5042 causa,
1793 4979 2105 5031 istiusmodi
2146 4980 2362 5047 signum

788 5074 928 5133 banc
961 5073 1132 5126 solam
1166 5070 1510 5124 nativitatem
1540 5085 1661 5123 esse
1696 5071 1956 5131 voluerit,
2001 5070 2274 5138 siquidem
2299 5086 2363 5121 ex

790 5167 988 5223 vestris
1016 5162 1304 5234 principiis
1364 5161 1672 5224 habemus,
1722 5176 1957 5228 quorum
2017 5161 2365 5214 insociabiles

790 5268 1018 5321 naturte,
1083 5258 1180 5310 illa
1226 5270 1335 5308 non
1393 5268 1552 5322 posse
1604 5253 1855 5306 eamdem
1909 5253 2364 5320 compositionem

791 5348 1055 5416 recipere.
1095 5345 1252 5398 Nunc
1303 5343 1498 5411 igitur,
1562 5357 1630 5395 ex
1678 5351 1865 5396 vestro
1925 5357 2105 5410 nuper
2157 5342 2367 5409 prolato

791 5437 1099 5508 principio,
1134 5435 1241 5488 hoc
1265 5434 1479 5486 axioma
1524 5441 1714 5486 contra
1747 5434 1907 5486 tinem
1936 5450 1965 5486 a
1996 5434 2151 5487 vobis
2185 5435 2369 5485 inten-

794 5541 906 5586 tum
939 5542 1211 5598 ponemus
1255 5543 1269 5578 :
1307 5539 1543 5593 quorum
1591 5539 1791 5593 nempe
1869 5523 2369 5589 incomparabiliter

792 5620 1019 5673 diversa:
1072 5626 1201 5672 sunt
1252 5617 1600 5682 nativitates,
1629 5631 1823 5670 eorum
1855 5633 2134 5686 nunquam
2162 5616 2367 5670 caedem

1706 5705 1722 5729 δ

871 5799 911 5829 ⁸⁸
936 5797 1092 5850 Joan.
1119 5795 1289 5849 “#25.
1369 5797 1407 5826 ¹⁷
1436 5797 1595 5850 Joan.
1633 5810 1688 5860 ν,
1717 5794 1805 5848 2|.

2465 4617 2756 4687 εἰρημένον
2775 4629 2790 4643 ⁸
2825 4615 2886 4665 τὸ
2918 4614 3026 4683 γὰρ
3055 4611 3362 4682 παράδοξον
3391 4610 3488 4677 τῆς
3511 4605 3853 4675 θεοπρεποῦς
3885 4603 4053 4657 αὑτοῦ

2463 4709 2793 4776 γεννήσεως,
2833 4707 2925 4758 ὲπὶ
2948 4705 3010 4757 τὸ
3039 4705 3196 4769 ἅγιον
3233 4701 3456 4770 Πνεῦμα
3491 4700 3742 4765 ἀνάγετε,
3778 4697 3877 4749 καὶ
3913 4698 4050 4765 σύμ-

2468 4798 2624 4850 ϐολον
2658 4795 2798 4849 εἶναι
2835 4797 3043 4864 ταύτην
3074 4795 3265 4846 τούτου
3289 4793 3564 4860 νομίζετε,
3599 4790 3695 4840 καὶ
3729 4789 3831 4839 οὐκ
3859 4786 4054 4839 οὑπιώ-

2469 4890 2592 4950 δους
2627 4879 2948 4956 συμπλοκῆς
3001 4885 3094 4938 τοῦ
3138 4886 3314 4952 Λόγου
3354 4882 3657 4950 τεκμήριον
3682 4895 3694 4906 ο
3725 4879 3928 4930 εἴπατε
3962 4877 4052 4930 οὖν

2473 4983 2605 5050 ἡμῖν
2635 4980 2826 5042 ὅντως,
2862 4974 2907 5030 ὦ
2936 4972 3106 5040 οὗτοι,
3137 4976 3223 5027 διὰ
3266 4975 3315 5026 τί
3339 4975 3432 5025 ἐπὶ
3460 4972 3560 5039 τῆς
3590 4969 3783 5022 τούτου
3815 4973 3917 5021 καὶ
3968 4969 4051 5036 μό-

2472 5086 2561 5120 νου
2616 5069 2924 5136 γεννήσεως
2974 5066 3133 5118 τοῦτο
3178 5062 3519 5130 γεγένηταις
3571 5059 3664 5110 καὶ
3692 5057 3783 5108 διὰ
3809 5058 3862 5109 τί
3898 5056 4047 5124 τήνδε

2470 5159 2567 5228 τὴν
2619 5158 2778 5210 αὑτοῦ
2843 5155 3093 5223 τοιαύτην
3125 5155 3400 5222 γέννησιν,
3431 5151 3490 5202 τὸ
3518 5148 3722 5201 τοιόνδε
3780 5147 4049 5214 σύμϐολον

2470 5251 2842 5319 κατηρτίσατο
2874 5253 3068 5318 μόνονς
3102 5247 3195 5298 καὶ
3227 5247 3338 5313 γάρ
3362 5245 3426 5296 ὲκ
3454 5241 3562 5293 τῶν
3594 5239 3886 5306 ὑμετέρων
3914 5239 4046 5306 λημ-

2475 5343 2660 5410 μάτων
2699 5343 2916 5411 ἐχομεν,
2948 5343 3029 5392 ὅτι
3085 5332 3159 5391 ὧν
3211 5337 3557 5404 ἀσυγκρίτως
3607 5331 3973 5398 διαφέρουσιν
3999 5327 4046 5379 αἱ

2473 5436 2687 5502 φύσεις,
2719 5435 2928 5494 τούτοις
2967 5433 3028 5485 οὐ
3056 5430 3283 5484 δυνατὸν
3305 5428 3404 5496 τὴν
3440 5423 3608 5492 αὐτὴν
3644 5423 3904 5474 σύνθεσιν
3937 5425 4048 5473 ἐπι-

2474 5525 2828 5592 συμϐαίνεινο
2871 5522 2964 5574 νῦν
2994 5518 3086 5574 οὖν
3144 5520 3274 5588 ὑμῖν
3323 5517 3413 5568 διὰ
3447 5515 3507 5566 τὸ
3537 5513 3808 5581 ὑμέτερον
3859 5512 4046 5574 ἀρτίως

2473 5616 2637 5686 θέμα,
2673 5617 2932 5676 ἐναντίως
2975 5613 3072 5682 μὶν
3125 5611 3204 5681 τῷ
3257 5606 3446 5675 σκοπῷ
3492 5604 3613 5656 τόδε
3660 5601 3793 5653 am
3843 5603 4049 5666 ἀξίωμα
