4214 6450
184 455 328 518 1ι⁴Π

1144 453 1538 514 ADVERSUS
1576 447 2120 510 NESTORIANOS.
2165 471 2233 483 -
2274 451 2417 509 LIB.
2459 448 2507 508 ῐ.

3306 444 3452 513 1478

193 566 463 633 φήσομεν,
501 563 581 613 ὃτι
616 555 688 615 ὦν
727 563 783 614 αί
813 563 1098 631 γεννήσεις
1128 561 1373 628 διάφοροι
1398 561 1771 630 ἀσυγκρὶτως,

1887 569 2043 612 erunt
2076 568 2282 612 natura
2309 576 2320 610 :
2357 559 2484 626 quia
2524 558 2589 611 ad
2629 574 2796 612 unum
2823 573 2986 612 nemo
3010 555 3254 627 ambiget
3279 573 3342 612 ea
3370 561 3456 614 in.

189 655 446 707 οἰιδέποτε
472 655 525 704 αἱ
557 653 721 705 com
754 652 943 722 φύσεις
974 655 1334 721 γενήσονται·
1367 653 1450 702 ὅτι
1486 652 1595 719 γὰρ
1621 650 1679 701 τὸ
1713 651 1770 699 ἐν

191 745 448 813 ἁνομίαις
477 745 850 814 συλληφθῆναι
884 745 1220 814 ἀσύγκριτον
1256 743 1368 810 ἔχει
1398 743 1458 794 τὸ
1490 742 1770 810 διάφορον,

191 837 296 889 οὐκ
339 836 639 904 ἀμφιϐαλοι
675 837 741 888 ἂν
773 837 894 888 οὐδὲ
935 835 1072 897 ὅλως
1109 852 1194 896 τις
1224 835 1334 886 τῶν
1363 834 1532 886 ὄντων
1560 851 1570 862 ·
1612 832 1773 884 ἔτιδὲ

192 932 294 980 καί
335 927 509 990 οὕτως
561 927 724 980 πάλιν
773 927 1044 998 ἐροῦμεν’
1098 928 1160 979 Εἰ
1206 927 1266 978 τὸ
1314 927 1513 994 ἐκοτῆς
1551 925 1772 993 σαρκὸς,

195 1018 338 1089 σάρξ
376 1020 514 1084 ἐστι,
567 1017 626 1070 τὸ
660 1018 717 1070 δὲ
745 1020 810 1069 ὲκ
841 1016 932 1070 τοῦ
970 1017 1308 1086 πνεύματος,
1349 1015 1571 1084 πνεῦμά
1617 1016 1732 1066 ἐστι
1759 1032 1773 1046 ο

195 1107 338 1173 σὰρξ
369 1107 425 1158 δὲ
461 1109 555 1159 καὶ
601 1105 825 1175 Πνεῦμα
855 1107 915 1158 ού
945 1106 1043 1174 τῆς
1095 1105 1264 1174 αὐτῆς
1307 1105 1493 1166 οὐσίας
1517 1123 1528 1133 ·
1561 1106 1668 1168 πᾶς
1721 1106 1777 1158 δὲ

193 1197 489 1265 ἄνθρωπος
519 1195 657 1266 σὰρξ
680 1199 744 1248 ὲκ
769 1196 970 1265 σαρκός
992 1212 1004 1224 '
1041 1195 1124 1248 διὸ
1149 1195 1244 1247 καὶ
1273 1197 1336 1248 ὲκ
1362 1195 1564 1264 σαρκὸς
1588 1197 1780 1266 ὁμοθυ-

198 1288 333 1350 σίως
369 1285 674 1355 σαρκωθεὶς
709 1285 1009 1357 ἐγεννήθη·
1051 1288 1078 1338 ὁ
1125 1285 1181 1338 δὲ
1223 1288 1425 1356 Κύριος
1476 1287 1634 1355 ἡμῶν
1676 1289 1780 1356 ’1η-

199 1379 330 1440 σοῠς
363 1381 427 1430 ὲκ
456 1378 769 1447 Πνεύματος
807 1379 964 1446 ἁγίου
995 1379 1088 1430 καὶ
1126 1379 1341 1448 Μαρίας
1367 1378 1465 1448 τῆς
1501 1377 1779 1450 Παρθένου

199 1467 312 1519 τῶν
345 1468 702 1536 ἑτεροουσίων
737 1466 1036 1538 σαρκωθεὶς
1080 1469 1350 1538 ἐγεννήθη
1375 1486 1388 1500 '
1423 1469 1536 1532 πῶς
1564 1465 1657 1521 οὖν
1680 1469 1780 1522 οὐκ

198 1557 500 1622 οὑσιώδους
531 1558 853 1628 συμπλοκῆς
892 1557 986 1611 τοῦ
1022 1559 1199 1624 Λόγου
1234 1562 1598 1630 τεκμήριον,ἡ
1632 1560 1782 1612 τοιά-

198 1649 258 1700 δε
297 1648 549 1718 γέννησις
579 1650 639 1701 ὲν
736 1649 798 1702 τὸ
827 1649 920 1703 τοῦ
947 1650 1106 1717 ἁγίου
1139 1651 1453 1720 Πνεύματος
1486 1651 1778 1720 σύμϐολον,

198 1740 277 1801 ὠς
312 1739 597 1809 ἐνομίζετε
640 1739 1048 1810 ὑμεῖς,γέγονε;
1079 1741 1173 1793 καὶ
1211 1741 1273 1794 τὸ
1300 1736 1392 1793 οὖν
1421 1743 1484 1794 ὲκ
1529 1743 1778 1812 Πνεύμα-

197 1846 298 1893 τος
345 1831 443 1884 καὶ
472 1830 700 1900 Πνεῦμα
737 1826 879 1882 εἶναι
935 1831 1073 1900 μετὰ
1131 1831 1228 1885 τοῦ
1281 1833 1374 1886 καὶ
1425 1834 1624 1903 σάρκα,
1659 1835 1780 1887 τόδε

1875 649 2339 718 eompossibiliter
2363 649 2589 702 diﬂ‘erre
2620 664 2741 717 quat
2781 649 2835 702 in
2867 648 3136 717 oppositis
3162 647 3456 703 continen-

1875 752 1998 807 tur;
2031 742 2112 795 sic
2130 756 2351 809 quoque
2375 756 2592 793 rursum
2610 741 2888 794 dicemus:
2909 739 2965 793 Si
2993 739 3141 808 quod
3171 755 3240 794 ex
3263 753 3453 806 carne,

1875 848 2005 888 caro
2039 842 2143 896 est,
2175 833 2319 902 quod
2362 843 2543 886 autem
2575 849 2638 885 ex
2675 831 2898 900 Spiritu,
2930 830 3161 900 spiritus
3189 839 3457 894 est;caro

1875 938 2010 976 vero
2043 932 2097 976 et
2127 924 2356 993 spiritus
2382 941 2487 977 non
2512 934 2642 978 sunt
2662 922 2909 993 ejusdem
2933 924 3232 989 essentize;
3275 925 3456 978 omnis

1877 1025 2064 1068 autem
2097 1014 2264 1068 homo
2301 1031 2367 1068 ex
2403 1030 2589 1078 carne,
2616 1032 2683 1068 eo
2725 1015 2874 1085 quod
2905 1013 3459 1070 consubstantialiter

1877 1121 1943 1160 ex
1983 1122 2149 1160 carne
2180 1107 2252 1159 sit
2279 1108 2520 1176 genitus.
2549 1107 2811 1159 Dominus
2860 1117 3043 1160 autem
3085 1116 3274 1159 noster
3299 1105 3462 1158 .lesus

1880 1213 1910 1252 e
1941 1197 2150 1267 Spiritu
2175 1208 2369 1253 sancto
2396 1205 2469 1250 θῖ-
2484 1197 2651 1250 Maria
2689 1197 2912 1266 Virgine
2953 1213 3063 1251 non
3093 1195 3342 1266 ejusdem
3365 1210 3462 1248 na-

1881 1297 2016 1345 turae
2027 1291 2460 1352 incarnatuscst;
2475 1288 2752 1358 quomodo
2763 1303 2894 1358 ergo
2909 1288 3292 1342 substantialis
3307 1288 3460 1342 unio-

1879 1380 1968 1434 nis
1985 1379 2146 1435 Verbi
2172 1382 2389 1450 signum
2421 1395 2530 1434 non
2557 1390 2702 1434 esset
2729 1379 3041 1435 istiusmodi
3063 1379 3323 1433 nativitas
3346 1417 3362 1442 ,
3404 1377 3459 1432 in

1879 1486 1988 1540 qua
2013 1469 2254 1539 Spiritus
2275 1472 2448 1525 sancti
2481 1471 2722 1540 signum.
2753 1483 2814 1527 ut
2833 1471 2992 1525 vobis
3022 1471 3224 1540 placet,
3255 1469 3461 1522 factum

1879 1569 1965 1615 est
1987 1561 2010 1613 ?
2032 1561 2113 1615 Ex
2140 1563 2338 1631 spiritu
2372 1578 2496 1618 esse
2523 1571 2580 1616 et
2609 1561 2865 1630 Spiritum
2899 1576 3022 1615 esse
3051 1561 3217 1615 simul
3250 1575 3317 1615 ac
3341 1574 3464 1614 car-

1879 1668 2030 1718 nem,
2061 1655 2165 1709 hoc
2197 1655 2352 1708 illum
2381 1653 2677 1708 constituit
2697 1672 2712 1714 ς
2734 1653 2978 1723 Spiritus
3000 1662 3183 1707 autem
3216 1653 3384 1716 Deus,
3407 1659 3466 1704 et

1881 1743 2149 1798 Dominus
2167 1743 2451 1812 spiritus:
2514 1753 2814 1814 conceptus
2845 1751 2932 1800 est
2970 1744 3120 1798 enim
3149 1743 3219 1796 de
3254 1740 3464 1810 Spiritu

1883 1845 2108 1900 sancto,
2142 1849 2257 1889 non
2305 1835 2454 1889 enim
2499 1835 2822 1905 simpliciter
2877 1837 2941 1889 de
2969 1837 3164 1902 spiritu
3215 1832 3464 1896 dicitur;

202 1919 538 1989 παρίστησιν
561 1921 725 1974 αὐτόν
747 1936 761 1950 ⁵
794 1921 1019 1990 Πνεῦμα
1043 1921 1100 1976 δὲ
1135 1923 1163 1973 δ
1191 1923 1324 1984 Θεός
1345 1939 1358 1953 ο
1387 1925 1481 1976 καὶ
1500 1901 1542 1977 -ό
1577 1925 1781 1993 Κύριος

1887 1927 1980 1980 illa
2005 1941 2138 1981 vero
2172 1927 2284 1983 sint
2307 1928 2456 1982 dicta
2488 1926 2558 1982 de
2587 1901 2652 1982 ea
2700 1943 2822 1997 quae
2865 1901 3137 1980 mirabilis
3167 1923 3326 1980 vobis
3353 1936 3466 1977 non

198 2011 265 2061 τὸ
288 2009 511 2080 Πνεῦμά
542 2011 679 2062 ἐστι’
711 2011 1019 2081 συνελήφθη
1050 2011 1160 2081 γὰρ
1189 2014 1250 2064 ἐκ
1273 2012 1583 2083 Πνεύματος
1601 2015 1779 2082 ἁγίου·

1890 2018 2132 2084 videtur,
2158 2018 2346 2072 divina
2380 2018 2684 2073 Salvatoris
2722 2017 2900 2073 nostri
2936 2017 3249 2072 nativitate.

199 2106 265 2157 οὺ
315 2105 426 2174 γὰρ
469 2102 657 2166 ἁπλῶς
688 2105 1028 2172 πνεύματος
1067 2105 1282 2192 είρηεαι
1303 2120 1315 2134 ·
1347 2106 1522 2172 ταῦτα
1560 2108 1658 2176 μὲν
1691 2109 1786 2163 οὖν
1822 2111 1918 2166 καὶ
1945 2112 2072 2181 περὶ
2101 2112 2198 2182 τῆς
2230 2111 2290 2163 οὑ
2335 2111 2596 2182 δοκούσης
2632 2112 2760 2180 ὑμῖν
2822 2109 3127 2177 παραδόξου
3192 2107 3345 2170 θείας
3371 2104 3467 2161 τοῦ

202 2196 459 2266 Σωτῆρος
493 2195 654 2266 ἡμῶν
681 2198 1013 2266 γεννήσεως,

274 2283 351 2335 Τὸ
403 2283 460 2335 δὲ
508 2283 698 2354 ἕτερον
746 2283 846 2352 τῆς
894 2281 1166 2354 ὑμετέρας
1204 2281 1478 2350 διαϐολῆς,
1509 2283 1567 2334 ὲν
1670 2301 1786 2350 πως

196 2376 308 2438 τὰς
356 2375 689 2444 θεοσημείας
752 2374 847 2428 τοῦ
901 2373 1162 2426 δεσπότου
1212 2373 1288 2436 ὡς
1340 2373 1494 2427 οὐδὲν
1549 2374 1691 2445 ἔχειν
1719 2377 1788 2429 δι’

200 2465 416 2529 οἰκείας
448 2464 783 2530 ἀποδείξεως
813 2465 1316 2535 παρεγχαράσσειν.
1363 2503 1376 2517 .
1421 2503 1437 2518 .
1479 2463 1603 2518 ὅθεν
1657 2468 1789 2536 ὑμῖν

200 2555 370 2608 τοῦτο
411 2557 486 2626 μὴ
541 2556 699 2610 Θεοῦ.
745 2595 759 2610 .
805 2594 820 2608 .
876 2555 1076 2618 Ἡδέως
1141 2554 1208 2608 ἂν
1259 2547 1419 2608 τοῦτο
1473 2555 1788 2627 πυθοίμεθα

203 2647 342 2720 παρ’
370 2648 554 2719 ὑμῶν’
577 2644 638 2703 *Α
649 2647 718 2720 pd
749 2665 813 2716 γε
849 2647 1114 2718 βασιλέως
1153 2647 1561 2719 λοιδορήσαντος
1581 2648 1616 2719 ἢ
1637 2651 1740 2703 ἀπε
1751 2669 1794 2702 ι-

205 2741 477 2812 λήσαντος
509 2739 655 2810 λόγῳ
700 2741 850 2810 μόνῳ
898 2741 1029 2807 τινὶ,
1060 2739 1170 2794 τῶν
1217 2740 1275 2795 δὲ
1325 2741 1516 2796 τούτου
1549 2746 1788 2797 ὑπασπι-

209 2833 354 2884 στῶν
398 2832 531 2900 παρ’
566 2829 708 2882 αὐτὰ
739 2830 832 2882 καὶ
886 2830 1210 2893 αἰκιζόντων
1245 2829 1507 2894 πολλάκις
1553 2831 1584 2902 ἦ
1641 2833 1789 2884 ἀναισ

209 2922 457 2993 ρούντων
511 2921 603 2975 τὸν
661 2921 988 2993 ὑϐρισθέντα
1042 2923 1148 2976 ὑπὸ
1199 2921 1293 3000 τού
1346 2924 1554 2994 Κυρίου
1590 2924 1790 2987 αὐτῶν,

207 3015 338 3066 ἐπεὶ
365 3012 616 3082 μείζονες
648 3016 704 3067 αί
748 3014 954 3083 πληγώ⁵
1003 3015 1203 3079 αὐτῶν,
1251 3015 1470 3083 μείζους
1504 3017 1538 3086 ἢ
1577 3017 1792 3085 ὁμοίους

205 3104 324 3173 ἄρα
355 3105 445 3156 καὶ
468 3102 596 3166 τοὺς
626 3105 910 3174 ὑπηρέτας
933 3104 1026 3156 τοῦ
1060 3105 1321 3173 βασιλέως
1349 3107 1600 3174 εἴποιμεν
1622 3103 1784 3173 εἷναι;

207 3198 376 3249 πάλιν
412 3197 470 3248 ὲν
503 3196 844 3265 εὐεργεσίαις
886 3197 1060 3250 ταῦτα
1112 3197 1348 3266 δρῶντες
1391 3197 1784 3267 συμϐαίνοντα,

1961 2288 2032 2342 Et
2084 2286 2154 2342 de
2195 2287 2369 2342 altera
2412 2297 2594 2342 vestra
2625 2287 2900 2342 calumnia
2927 2328 2942 2352 ,
2985 2287 3040 2342 in
3071 2303 3182 2357 qua
3215 2289 3465 2359 magistri

1890 2376 2364 2433 manifestationes
2389 2420 2403 2443 ,
2443 2387 2703 2448 tanquam
2750 2379 2890 2433 nihil
2935 2378 3206 2434 habentes
3232 2396 3343 2449 quo
3371 2395 3472 2450 per

1889 2470 2146 2539 preprias
2173 2478 2332 2524 notas
2361 2471 2829 2540 signarentur.....
2869 2471 3015 2526 unde
3067 2472 3228 2526 vobis
3254 2487 3364 2526 non
3401 2487 3470 2527 ex

1891 2562 2119 2617 Deo.....
2143 2563 2250 2618 hoc
2277 2578 2309 2617 ιι
2329 2563 2488 2618 vobis
2505 2561 2704 2618 vellem
2725 2578 2994 2633 quaerere,
3011 2564 3280 2628 utrum,si
3302 2578 3468 2634 quem

1888 2669 1920 2708 a
1947 2668 2074 2723 rege
2102 2654 2278 2707 verbo
2310 2662 2472 2708 tenus
2494 2654 2717 2723 probris
2745 2662 2803 2710 et
2832 2647 3003 2708 minis
3049 2653 3308 2710 an‘ectum
3348 2655 3473 2710 vul-

1890 2757 2153 2801 nerarent
2176 2747 2458 2801 autetiam
2482 2746 2870 2803 interimerent
2900 2749 3038 2818 regii
3068 2749 3336 2803 satellites
3361 2789 3376 2814 ,
3401 2762 3472 2803 eo

1892 2836 2040 2905 quod
2073 2838 2300 2890 istorum
2336 2835 2653 2891 acerbiores
2697 2847 2885 2893 essent
2930 2839 3072 2893 ictus
3096 2878 3110 2903 ,
3157 2837 3474 2896 diceremus

1894 2929 2132 2997 majores
2165 2930 2468 2983 autsaltem
2506 2932 2750 2998 aequales
2784 2930 2898 3000 regi
2929 2930 3199 2985 satellites
3227 2930 3250 2984 ί
3279 2930 3474 2985 Denuo

1897 3018 2138 3086 idipsum
2182 3021 2238 3074 in
2289 3020 2596 3074 benefactis
2650 3022 2766 3076 ﬁeri
2791 3022 3065 3086 videntes,
3105 3037 3230 3077 cum
3253 3022 3472 3076 scilicet

1891 3106 2030 3175 quia
2059 3122 2185 3177 rege
2203 3108 2480 3178 colloquio
2495 3119 2707 3163 tantum
2732 3119 2791 3164 et
2813 3125 3071 3165 sermone
3090 3109 3351 3178 dignatus
3365 3117 3472 3178 est,

1890 3211 2019 3250 eum
2054 3196 2383 3251 muneribus
2426 3197 2595 3252 variis
2618 3204 2672 3252 et
2697 3198 3007 3253 honoribus
3026 3201 3307 3254 cumulant
3335 3199 3475 3269 regii

189 3290 290 3352 ,ὡς
350 3282 502 3357 ᾧτινι
554 3289 714 3356 λόγου
749 3289 912 3358 μόνου
947 3290 1270 3355 μεταδίδωσι
1299 3292 1392 3343 καὶ
1434 3291 1723 3360 συντυχίας
1760 3291 1786 3342 δ

1891 3285 2154 3349 ministri,
2180 3288 2413 3356 majores
2453 3303 2576 3341 esse
2622 3287 3008 3344 benefactores
3029 3290 3310 3343 ministros
3347 3304 3477 3344 cen-

208 3381 496 3450 βασιλεὺς,
552 3380 704 3449 δῶρα
745 3397 805 3431 τε
863 3380 1084 3434 ποικίλα
1141 3382 1237 3434 καὶ
1282 3383 1443 3451 τιμαὶ
1481 3383 1633 3452 παρὰ
1685 3381 1791 3434 τῶν

209 3473 474 3540 ύτηκόων
504 3471 598 3524 τοῦ
639 3470 904 3540 βασιλέως
932 3471 1358 3542 προσφέρονται,
1404 3473 1656 3541 μείζονας
1705 3474 1794 3524 εὐο-

209 3562 444 3629 εργέτας
508 3556 653 3614 εἶναι
711 3563 957 3630 φήσομεν
1012 3564 1137 3624 τοὺς
1195 3563 1574 3635 ύπηκόους;ἢ
1625 3563 1792 3626 ὅντως

205 3655 334 3706 δέον
360 3653 559 3706 εἰδέναι
585 3654 713 3714 τοὺς
741 3655 870 3723 περὶ
896 3653 1086 3705 τούτου
1116 3653 1599 3721 διαγινώσκοντας.
1631 3655 1794 3708 πόθεν

209 3750 245 3813 ἡ
279 3744 423 3815 ἀρχὴ
448 3744 542 3798 τοῦ
573 3745 866 3814 γενομένου
905 3749 996 3798 καὶ
1025 3745 1169 3808 τίνος
1201 3746 1486 3815 δυνάμεως
1519 3747 1790 3816 ἐνέργεια,

209 3837 311 3890 καὶ
365 3837 448 3899 τίς
480 3839 512 3908 ή
560 3836 768 3889 τούτων
803 3837 1036 3906 πρώτως
1083 3839 1232 3891 αἰτία
1267 3839 1790 3908 παρασκευαστική;

208 3931 264 3981 εί
307 3928 417 3999 γὰρ
453 3929 529 3998 μὴ
575 3927 790 3990 τούτοις
829 3928 1220 3997 ὲπισκέῷομεν,
1265 3929 1360 3981 καὶ
1415 3929 1514 3998 τὴν
1558 3929 1794 3997 μάστιγα

205 4013 354 4071 εἶναι
388 4017 612 4086 μείζονα
647 4016 897 4088 εἴποιμεν
925 4018 990 4071 ἂν
1035 4019 1128 4071 τοῦ
1154 4020 1394 4089 ἡνιόχου,
1429 4018 1523 4071 καὶ
1553 4019 1613 4070 τὸ
1640 4018 1794 4086 βέλος

206 4110 310 4162 τοῦ
338 4109 580 4174 τοξότου,
615 4110 711 4161 καὶ
750 4111 842 4162 τὸν
892 4110 1140 4179 μαθητὴν
1186 4110 1282 4162 τοῦ
1316 4109 1664 4173 διδασκάλου,
1699 4111 1793 4161 καὶ

208 4202 382 4265 πόδας
428 4203 522 4254 ἐπὶ
560 4201 827 4271 κεφαλὴν,
849 4201 910 4253 τὸ
939 4202 1003 4269 δὴ
1031 4201 1344 4270 λεγόμενον,
1373 4201 1749 4271 ἀνατρέψομεν
1771 4217 1784 4232 ·

206 4292 392 4354 ἄλλως
420 4292 478 4343 δὲ
519 4292 710 4345 πάλινο
748 4293 811 4345 Ei
855 4291 976 4344 καθ’
1012 4294 1156 4362 ὑμᾶς
1211 4292 1324 4344 ἴσον
1364 4285 1528 4345 αὑτὸν
1585 4293 1795 4354 ἑαυτοῖς

205 4384 265 4436 oi
300 4383 589 4437 ἀπόστολοι
635 4383 802 4436 αὑτοῦ
851 4387 1026 4455 γήϊνοι
1069 4384 1220 4446 ὄντες
1250 4383 1658 4451 διεγνώκεισαν,
1701 4385 1796 4437 καὶ

209 4475 381 4537 αὐτὸς
433 4475 462 4526 6
519 4474 725 4528 τούτων
773 4477 871 4528 καὶ
939 4475 1098 4548 ἡμῶν
1155 4475 1361 4546 Κύριος
1394 4515 1410 4540 ,
1483 4475 1600 4537 πῶς
1659 4474 1795 4546 μηδὲ

1891 3379 2179 3432 seremus?
2204 3379 2395 3433 Nonne
2423 3395 2547 3434 vere
2571 3381 3035 3436 considerandum
3067 3381 3136 3436 iis
3154 3381 3248 3450 qui
3279 3380 3348 3435 de
3372 3381 3478 3435 hoc

1887 3469 2139 3538 judicare
2169 3470 2402 3534 volunt,
2430 3471 2577 3525 unde
2608 3470 2740 3525 facti
2776 3472 3112 3541 principium
3137 3510 3152 3536 ,
3183 3473 3474 3541 cujusnam

1893 3560 2154 3628 potentia:
2187 3561 2239 3613 vi
2271 3571 2487 3626 ortum,
2539 3562 2664 3630 quis
2693 3563 2891 3616 horum
2927 3564 3140 3632 primus
3187 3577 3352 3618 causa
3395 3563 3478 3619 ef—

1893 3649 2125 3704 ﬁciens?
2155 3651 2267 3705 Nisi
2295 3654 2503 3706 etenim
2531 3654 2598 3706 ad
2632 3654 2746 3707 haec
2767 3655 3136 3719 attendamus,
3159 3655 3476 3710 diceremus

1892 3739 2123 3810 ﬂagrum
2157 3742 2347 3812 auriga
2382 3753 2667 3812 praestare,
2692 3745 2942 3815 sagittam
2975 3745 3279 3815 sagittario,
3307 3747 3477 3802 disci-

1894 3828 2084 3898 pulum
2127 3831 2393 3899 magistro
2421 3841 2498 3896 et,
2530 3842 2590 3885 ut
2617 3833 2692 3887 ita
2723 3835 2903 3888 dicam
2927 3874 2941 3898 ,
2973 3835 3144 3905 capiti
3179 3835 3350 3905 pedes
3375 3850 3476 3888 an-

1895 3930 2187 3976 tevertere.
2227 3923 2387 3977 Nunc
2438 3936 2621 3978 autem
2676 3925 2880 3980 aliter:
2913 3926 2980 3990 si,
3022 3935 3085 3981 ut
3121 3927 3473 3993 existimatis,

1892 4014 2015 4082 ejus
2041 4014 2303 4084 discipuli
2330 4056 2344 4080 ,
2370 4016 2465 4085 qui
2499 4032 2564 4070 ex
2597 4024 2744 4070 terra
2770 4027 2927 4073 erant
2953 4058 2968 4080 .
2996 4034 3122 4074 eum
3152 4019 3256 4073 sibi
3284 4035 3473 4089 sequa-

1892 4105 1998 4158 lem
2033 4105 2377 4171 habuissent,
2406 4124 2577 4177 quare
2612 4124 2736 4164 cum
2767 4125 2959 4165 eorum
2988 4120 3043 4165 et
3065 4121 3256 4166 noster
3290 4112 3476 4166 Domi-

1893 4212 1998 4250 nus
2044 4197 2312 4251 vetuisset
2343 4215 2412 4253 ne
2443 4215 2606 4268 quem
2641 4200 2697 4254 in
2727 4201 2892 4255 terris
2927 4209 3193 4255 vocarent
3226 4210 3320 4256 aut
3371 4216 3472 4270 pa-

1895 4297 2056 4355 trem,
2085 4299 2181 4345 aut
2214 4291 2560 4360 magistrum,
2589 4302 2684 4345 aut
2710 4293 3024 4359 Dominum,
3055 4302 3149 4346 aut
3171 4302 3476 4362 pracepto—

1897 4396 2036 4445 rem,
2088 4382 2164 4436 illi
2219 4398 2347 4436 eum
2379 4383 2558 4452 ipsum
2581 4385 2869 4448 vocabant,
2902 4384 3192 4438 Dominum
3217 4392 3276 4438 et
3301 4383 3472 4438 Deum

1893 4483 1952 4529 et
1985 4476 2422 4544 praeceptorem?
2475 4475 2582 4530 Sed
2624 4476 2716 4531 ille
2764 4477 2883 4546 ipse
2913 4477 3011 4546 qui
3044 4477 3118 4530 ita
3153 4477 3234 4530 eis
3262 4491 3474 4547 praece-

208 4565 433 4636 πατέρα
523 4568 658 4638 μηδὲ
727 4567 892 4638 ῥαϐϐἱ
950 4567 1090 4636 μηδὲ
1164 4567 1352 4638 κύριον
1428 4567 1462 4638 ἢ
1544 4566 1786 4638 καθηγη-

1896 4573 2075 4632 perat,
2128 4580 2250 4634 quae
2287 4565 2358 4619 ab
2395 4565 2478 4620 eis
2510 4566 2842 4621 dicebantur
2876 4577 2934 4622 ut
2987 4576 3138 4622 recte
3182 4568 3288 4621 sibi
3315 4568 3476 4622 attri-

204 4657 316 4727 ⁸ιίὴν
365 4656 552 4711 καλεῖν
611 4675 734 4712 τινα
792 4659 901 4711 τῶν
977 4661 1070 4712 ἐπὶ
1119 4660 1224 4728 γῆς
1283 4657 1787 4728 προσταττομένου,

207 4749 424 4818 Κύριον
478 4748 642 4802 αὐτὸν
697 4751 792 4802 καὶ
851 4750 984 4803 Θεὸν
1027 4751 1257 4804 ὲκαλουν
1307 4752 1402 4802 καὶ
1433 4749 1790 4816 διδάσκαλον;

220 4841 392 4894 Ἀλλὰ
423 4841 517 4894 καὶ
536 4843 565 4894 ὁ
585 4841 760 4896 ταῦτα
781 4843 963 4905 αὐτοῖς
997 4843 1328 4912 προστάξας,
1352 4843 1426 4906 ὼς
1449 4843 1629 4906 καλῶς
1661 4841 1792 4914 παρ’

204 4930 398 4985 αὐτῶν
455 4931 580 4985 τάδε
659 4935 929 5004 λεγόμενα
994 4935 1144 5005 αὑτῷ
1201 4935 1529 5003 ἀπεδέχετο,
1582 4934 1786 4988 εἰπών·

203 5017 418 5088 ’Ὑμεῖς
449 5020 697 5088 φωνεῖτέ
728 5039 827 5091 με,
877 5026 909 5076 ό
954 5024 1167 5090 lii-pici;
1195 5025 1291 5077 καὶ
1329 5027 1361 5077 ό
1393 5022 1789 5088 διδάσκαλος,

204 5112 315 5165 καὶ
343 5111 543 5178 καλῶς
579 5113 818 5181 λέγε-τε·
866 5113 984 5181 ειμι
1017 5113 1128 5182 γάρ
1154 5130 1167 5142 ⁸
1209 5113 1407 5167 οὐκοῦν
1441 5113 1608 5180 σαφὲς
1638 5112 1713 5176 ὡς
1743 5114 1792 5164 εί

1895 4652 2028 4708 buta
2057 4654 2570 4724 prohavitdicens:
2606 4655 2702 4709 Vos
2754 4657 2952 4709 vocatis
2993 4672 3112 4709 me:
3165 4655 3384 4710 Domine
3423 4663 3474 4709 et

1893 4746 2168 4817 Magister,
2198 4757 2245 4800 et
2267 4748 2395 4800 bene
2418 4747 2589 4801 dicitis
2618 4764 2635 4802 :
2669 4765 2786 4801 sum
2812 4750 3080 4815 etenim";
3115 4748 3262 4803 unde
3301 4749 3477 4819 liquet
3531 4807 3537 4816 ι

1895 4838 1942 4893 si
1969 4838 2172 4892 similia
2194 4847 2252 4893 et
2271 4840 2441 4893 etiam
2467 4839 2676 4908 majora
2706 4839 2775 4894 ab
2806 4840 2874 4893 iis
2900 4851 3198 4910 agerentur
3225 4856 3322 4895 eos
3345 4855 3480 4895 con-

1894 4929 2071 4984 fessos
2089 4944 2208 4984 esse
2223 4945 2333 4984 non
2352 4945 2419 4984 ex
2435 4931 2554 5000 pari
2573 4931 2820 5001 potentia
2843 4931 3013 4986 fuisse
3027 4929 3190 4994 facta,
3212 4931 3306 4985 sed
3321 4931 3390 4984 ab
3408 4946 3477 4985 eo

1897 5032 2155 5088 tanquam
2187 5037 2216 5074 a
2249 5021 2504 5086 Domino,
2527 5037 2558 5076 a
2589 5037 2647 5077 se
2675 5031 2861 5077 autem
2887 5032 3146 5092 tanquam
3173 5040 3203 5078 a
3228 5025 3404 5078 servis
3422 5033 3478 5078 et

1897 5111 2188 5166 ministris.

206 5207 311 5256 καὶ
345 5204 413 5256 τὰ
445 5205 640 5273 αὐτ·ὰῆ
672 5207 764 5257 καὶ
795 5205 1013 5273 μείζονα
1049 5206 1200 5275 παρὰ
1228 5206 1336 5258 τῶν
1400 5207 1579 5258 αὐτῶν
1629 5205 1857 5273 ἐγίνετο,
1895 5205 1993 5275 οὐχ
2050 5205 2250 5274 ὁμοίως
2304 5206 2424 5259 οῦδὲ
2462 5203 2520 5268 ἐξ
2573 5207 2778 5276 όμοῖων
2808 5207 3057 5273 γίνεσθαι
3085 5207 3475 5278 ὡμολόγησαν·

203 5297 329 5351 ἀλλ’
368 5297 431 5349 ὲκ
463 5296 618 5349 τοῦδε
672 5297 792 5363 μὲν,
826 5297 902 5360 ὡς
953 5297 1160 5368 Κυρίου
1194 5298 1394 5360 αὐτῶν,
1429 5300 1492 5350 ἐκ
1541 5297 1705 5350 τῶνδε
1736 5297 1790 5350 δὲ
1828 5297 1902 5361 ὡς
1935 5295 2135 5350 δούλων
2164 5298 2328 5351 αὑτοῦ
2359 5301 2452 5354 καὶ
2482 5299 2834 5381 λειτουργῶν.

283 5390 432 5460 Πλὴν
459 5393 551 5445 καὶ
582 5393 788 5445 τούτων
837 5395 915 5456 εἰς
967 5393 1188 5461 ἔλεγχον
1219 5392 1316 5460 τῆς
1349 5391 1652 5459 ἀποτομίις
1680 5395 1790 5442 τῶν

203 5482 522 5548 εἰρημέιων
574 5482 722 5552 ὑμῖν.
774 5522 786 5535 .
830 5522 843 5534 .
888 5480 992 5541 ἔτι,
1026 5481 1223 5551 μαθεῖν
1284 5482 1434 5550 ὅμως
1488 5479 1790 5551 βουλόμεθα

202 5572 342 5643 παρ’
377 5573 553 5642 ὑμῶν,
585 5575 688 5627 ποῦ
735 5576 768 5643 ἢ
816 5574 946 5627 πότε
977 5569 1121 5628 οὗτοι
1154 5577 1202 5628 εί
1236 5576 1329 5626 καὶ
1350 5573 1417 5627 τὰ
1451 5574 1608 5628 αὐτὰ.
1653 5615 1669 5628 .
1712 5613 1725 5625 .
1775 5613 1788 5628 .

203 5665 359 5718 κατὰ
386 5665 477 5717 τὸν
518 5667 680 5719 αὑτὸν
714 5669 914 5738 τρόπον
946 5667 1096 5738 αὐτῷ
1125 5668 1299 5721 ταῦτα
1336 5666 1718 5738 προεϐάλοντο,
1754 5667 1785 5734 ἢ

285 5843 306 5873 ⁷
331 5841 492 5896 Joan.
534 5859 652 5906 xui,
679 5844 773 5900 15.

1967 5393 2261 5458 Praeterea,
2291 5392 2359 5447 ad
2493 5393 2876 5451 refutationem
2901 5409 3094 5448 eorum
3119 5409 3242 5462 qua:
3263 5407 3294 5446 a
3319 5391 3478 5445 vobis

1897 5481 2276 5537 dicuntur.....
2313 5499 2344 5537 a
2369 5483 2528 5538 vobis
2549 5486 2715 5541 etiam
2756 5485 2971 5540 discere
3012 5485 3248 5540 velimus
3295 5483 3387 5536 ubi
3423 5492 3483 5538 et

1898 5575 2123 5646 quando
2154 5576 2232 5632 illi
2261 5577 2307 5632 si
2333 5578 2642 5632 eadem.....
2672 5577 2867 5634 eodem
2899 5577 3064 5633 modo
3092 5593 3156 5635 ac
3183 5577 3285 5646 ipsi
3319 5576 3471 5629 face-

1901 5675 2042 5728 rent,
2082 5667 2163 5720 vcl
2186 5682 2242 5721 se
2271 5668 2512 5737 aequales
2544 5668 2622 5722 illi
2658 5667 2713 5723 in
2744 5668 2825 5724 eis
2858 5684 2979 5738 qua:
3005 5683 3170 5738 supra
3202 5666 3480 5723 hominem
