4214 6450
749 428 893 493 14Ἷθ

2029 420 2328 485 LEONTII
2374 421 2781 490 BYZANTINI

3902 417 4047 482 1480

747 549 930 601 olant,
976 534 1276 591 baberent?
1311 532 1404 586 Ille
1453 533 1600 585 enim
1632 531 1959 587 auctoritate
1997 539 2051 582 rt
2080 538 2354 598 potestate

2462 530 2655 599 ὁμοίως
2687 530 2839 601 αὐτῷ
2885 531 2942 582 ὲν
2984 533 3099 591 τοῖς
3144 528 3285 596 ύπζρ
3320 527 3607 597 ἄνθρωπον
3637 530 4044 596 ὲτνωρίζοντοε

750 626 1231 701 prapria,propriu
1254 640 1477 695 quoque
1514 624 1765 694 iussione
1802 622 1977 676 dixit:
2010 622 2158 679 Volo,
2199 638 2351 673 mun-

746 724 879 778 dare
910 721 970 785 ";
1015 719 1091 771 illi
1129 726 1314 771 autem
1353 734 1366 768 :
1408 715 1469 768 In
1506 716 1719 768 neruine
1741 714 1867 767 ἔρδει
1915 712 2109 767 Christi
2165 712 2347 765 Naza-

753 815 889 875 reni,
923 811 1214 873 dicebant,
1271 824 1425 879 surge
1455 817 1504 861 ct
1536 805 1821 869 ambula";
1875 820 2005 860 ecce
2060 804 2349 859 manifeste

750 905 1162 983 confitebantur
1196 904 1316 971 ejus
1363 915 1488 953 esse
1520 897 1847 968 potentiam,
1884 897 1968 950 sui
2014 906 2198 951 autem
2243 896 2350 949 mi-

744 994 1077 1048 nisterium:
1129 988 1272 1060 quod
1298 990 1449 1044 enim
1475 1005 1573 1057 per
1611 987 1885 1041 mirabilia
1930 986 2352 1045 ministrabant,

754 1084 861 1137 hoc
908 1098 974 1135 ex
1032 1081 1140 1134 fide
1201 1080 1256 1133 in
1295 1093 1457 1132 suum
1508 1078 1826 1142 Dominum,
1865 1076 1972 1130 hoc
2000 1076 2147 1130 enim
2175 1076 2353 1129 solum

752 1172 1115 1241 satagebant;
1165 1169 1301 1237 quin
1339 1168 1450 1220 imo
1481 1167 1717 1221 ubinam
1764 1165 2060 1242 proprium
2084 1164 2184 1218 Dei
2217 1165 2352 1219 cha-

755 1260 1168 1316 racteristicum
1193 1301 1207 1323 ,
1262 1257 1602 1311 creationem
1648 1255 1865 1309 scilicet
1893 1297 1908 1319 ,
1957 1255 2105 1308 sicut
2146 1254 2263 1323 ipse
2299 1254 2353 1307 in

753 1369 961 1407 czecum
987 1368 1015 1404 a
1049 1351 1342 1404 nativitate
1370 1391 1384 1412 ,
1426 1349 1502 1401 illi
1545 1362 1768 1415 quoque
1799 1345 2195 1419 protulerunt?
2249 1344 2355 1410 Qui

752 1440 903 1494 enim
933 1439 1188 1493 vitaliora
1221 1447 1277 1491 ct
1310 1438 1471 1505 plura
1528 1435 1779 1503 corporis
1830 1436 2056 1489 humani
2108 1435 2356 1489 membra

753 1545 785 1582 ο
813 1531 930 1583 luto
965 1528 1144 1591 finxit,
1175 1528 1223 1580 is
1274 1542 1370 1595 per
1412 1541 1582 1579 unum
1621 1525 1933 1579 membrum
1965 1526 2209 1581 ostendit
2237 1567 2253 1591 ,
2299 1541 2358 1581 se

765 1621 994 1675 finxisse
1061 1635 1130 1673 ex
1192 1619 1310 1672 luto
1375 1617 1619 1671 hominis
1679 1632 1885 1688 corpus
1940 1633 1971 1671 a
2034 1618 2357 1693 principio;

752 1715 882 1782 quis
947 1713 1167 1766 amicus
1230 1710 1607 1778 apostolorum
1668 1717 1765 1761 aut
1799 1709 2194 1777 prophetarum
2235 1725 2363 1778 pro-

759 1804 885 1857 tulit
929 1803 1089 1863 alios,
1142 1815 1212 1853 ne
1263 1799 1443 1853 dicam
1472 1798 1714 1866 scipsum
1743 1838 1758 1860 ,
1799 1813 1830 1851 a
1885 1798 2120 1851 mortuis
2179 1798 2356 1851 susci-

759 1896 923 1947 tare?
950 1893 1252 1963 Cujusnam
1283 1891 1428 1944 inter
1467 1904 1565 1943 eos
1600 1890 1695 1958 qui
1733 1904 1902 1959 super
1933 1899 2137 1943 terram
2181 1896 2351 1952 sunt,
2388 1864 2430 1921 Β

755 2002 962 2056 corpus
1006 1987 1063 2039 in
1101 1986 1359 2054 sepuicro
1397 1984 1783 2050 incorruptum
1828 1981 2181 2051 permansit?
2219 1980 2356 2046 Quis

759 2075 1087 2130 manifestus
1118 2074 1220 2127 fuit
1239 2083 1496 2142 tanquam
1516 2079 1845 2141 potestatem
1866 2073 2075 2128 habens
2114 2071 2354 2141 ponendi

756 2170 997 2223 animam
1045 2183 1201 2221 suam
1264 2175 1360 2220 aut
1404 2167 1606 2220 iterum
1643 2181 1764 2219 eam
1819 2164 2116 2219 sumendi?
2163 2165 2354 2220 Nonne

759 2262 1003 2327 tandem,
1031 2276 1158 2315 sero
1192 2261 1384 2313 saltem
1410 2299 1425 2322 ,
1472 2258 1713 2313 audietis
1759 2257 2035 2312 dicentem
2071 2275 2084 2311 :
2115 2258 2246 2321 Quis
2277 2266 2355 2310 est

757 2354 913 2407 homo
937 2354 1027 2422 qui
1057 2353 1190 2405 river
1220 2362 1268 2404 et
1314 2367 1420 2403 non
1449 2350 1643 2402 ridebit
1671 2359 1914 2415 mortem,
1943 2358 2088 2402 eruet
2118 2348 2354 2401 animum

759 2461 913 2497 stram
977 2443 1043 2495 de
1092 2458 1255 2495 manu
1310 2441 1526 2510 inferi?
1583 2438 1847 2505 Quisnam
1902 2453 2097 2491 eorum
2170 2438 2356 2493 dictus

759 2544 845 2590 est
888 2535 1146 2589 habuisse
1196 2542 1521 2615 potesta'em
1573 2531 1882 2602 imperandi
1930 2531 2219 2602 spiritibus
2247 2532 2352 2585 im-

763 2625 1006 2690 mundis,
1056 2633 1152 2678 aut
1180 2623 1366 2678 ventis
1400 2631 1457 2676 et
1487 2621 1668 2676 mari?
1716 2623 1828 2675 Aut
1866 2623 2153 2692 cujusnam
2189 2620 2355 2675 verba

764 2715 1113 2768 mirabantur
1137 2727 1332 2776 omnes
1356 2720 1618 2780 tanquam
1651 2725 1716 2764 ex
1756 2718 2030 2780 potestate
2051 2708 2354 2779 loquentis,

764 2822 875 2861 non
904 2815 966 2860 ut
988 2804 1174 2859 ueteri
1209 2802 1625 2873 loquebantur?
1667 2802 1764 2855 Vel
1801 2802 2056 2872 quisnam
2095 2801 2198 2856 fuit
2225 2816 2357 2871 apo-

764 2898 1034 2952 stolorum
1067 2904 1165 2949 aut
1193 2895 1592 2965 prophetarum
1643 2909 1757 2964 quo
1800 2893 2096 2958 moriente,
2155 2893 2358 2955 εωιυω

763 2999 822 3045 et
857 2999 1029 3052 terra,
1051 2988 1133 3043 sol
1162 2997 1221 3042 et
1275 2988 1426 3052 luna,
1478 2985 1600 3040 dies
1639 2994 1697 3040 et
1744 3001 1876 3051 nos,
1925 2984 2037 3039 vivi
2065 2991 2123 3039 et
2155 2981 2359 3038 mortui

766 3081 1028 3138 commoti
1061 3088 1347 3135 suutetex
1364 3078 1604 3149 propriis
1634 3076 1838 3132 finibus
1859 3087 1917 3131 et
1946 3076 2085 3132 locis
2114 3090 2361 3130 recesse-

2454 622 2480 670 ὁ
2524 618 2623 685 μὲν
2673 621 2782 691 γάρ
2840 617 3100 688 αύθεντίᾳ
3148 619 3241 670 καὶ
3288 618 3505 687 ἐξουσίᾳ
3554 616 3663 688 Mi;
3711 620 3808 669 καὶ
3855 619 4049 685 οἰκείῳ

2464 711 2872 781 προστάγματι.
2905 710 3078 777 ἔλεγε·
3110 711 3291 774 Θέλω,
3315 710 3706 776 καθαρίσθητι
3724 726 3737 738 -
3768 704 3918 762 οὗτοι
3947 710 4005 761 δέ
4034 726 4045 738 '

2467 803 2568 855 Ἐν
2591 802 2666 866 τῷ
2698 803 2943 870 ὀνόματι
2978 802 3173 868 Ἰησοῦ
3221 800 3477 867 Χριστοῦ
3515 802 3620 854 τοῦ
3668 800 4045 868 Ναζωραῖον.

2458 893 2681 963 ἐγείραι
2704 895 2801 947 καὶ
2848 891 3176 960 περιπάτει,
3208 893 3491 961 λέγοντες·
3525 893 3634 946 ἰδοὺ
3667 893 3862 961 σαφῶς
3907 892 4048 944 ὲκεί-

2456 1003 2550 1037 νου
2598 981 2737 1038 εἶναι
2784 986 2882 1056 τὴν
2926 987 3229 1057 ἐνέργειαν,
3277 984 3459 1037 αὐτῶν
3485 984 3542 1037 δὲ
3581 985 3682 1052 τὴν
3732 985 4048 1054 ὑπουργίαν

2459 1079 2695 1147 μάλιστα
2725 1077 3045 1147 ὡμολόγουν
3067 1094 3079 1105 ·
3121 1077 3216 1129 καὶ
3246 1076 3382 1127 αὑτὸ
3412 1075 3521 1145 γὰρ
3549 1075 3685 1135 ὅλως
3717 1074 3781 1125 τδ
3814 1073 3910 1125 ὑπ’
3947 1074 4045 1125 αὑ-

2454 1168 2564 1222 τῶν
2596 1168 3025 1237 διακονούμενον
3061 1167 3149 1221 διὰ
3181 1166 3289 1218 τῶν
3317 1165 3612 1234 θαυμάτων
3638 1167 3672 1235 ἡ
3714 1168 3796 1227 εἰς
3826 1164 3922 1216 τὸν
3951 1166 4046 1216 Δε-

2459 1261 2666 1326 σπότην
2688 1258 2867 1312 αὐτῶν
2893 1259 3077 1322 πίστις
3096 1255 3186 1328 ἦν,
3207 1259 3235 1310 ὃ
3252 1258 3345 1310 καὶ
3379 1256 3540 1325 μόνον
3561 1255 3933 1319 ἐσπουδάζετο
3953 1257 4047 1307 αἰ-

2457 1353 2568 1412 τοίς
2592 1369 2599 1377 δ
2628 1348 2711 1401 ἔτι
2739 1348 2866 1419 μὴν,
2894 1348 2998 1401 ποῦ
3029 1351 3090 1401 τὸ
3126 1348 3270 1411 ίδίως
3296 1346 3434 1400 Θεοῦ
3461 1347 4046 1417 χαρακτηριστικονηὸ

2457 1440 2853 1512 δημιουργικὸν
2873 1439 3031 1508 λέγω,
3058 1437 3249 1508 ὥσπερ
3270 1439 3433 1499 αὐτὸς
3452 1436 3611 1490 τοῦτο
3628 1440 3708 1499 εἰς
3728 1435 3825 1489 τὸν
3850 1437 3917 1489 ἐκ
3952 1451 4042 1499 γε·

2455 1552 2516 1586 νε
2529 1534 2625 1603 τῆς
2655 1532 2873 1600 τυφλὸν,
2897 1532 2991 1583 καὶ
3013 1525 3160 1584 οὗτοι
3180 1527 3559 1595 ἐπεδείξαντος
3587 1526 3746 1595 ὁγὰρ
3768 1529 3837 1580 ὲκ
3876 1522 4045 1593 πηλοῦ

2456 1623 2517 1676 τὸ
2545 1623 2903 1693 κυριώτερον
2922 1623 3013 1673 καὶ
3034 1618 3421 1689 ποικιλώτερον
3439 1619 3605 1691 μέρος
3627 1618 3736 1670 τῶν
3763 1618 3825 1670 ἐν
3846 1616 4047 1685 ἀνθρω-

2459 1715 2597 1784 πείῳ
2632 1713 2851 1784 σώματι
2887 1712 3124 1774 πλάσας,
3172 1712 3239 1763 δι’
3279 1711 3399 1773 ἐνὸς
3442 1711 3631 1781 μορίου
3672 1707 4044 1780 παρέστησεν,

2457 1805 2534 1865 ὡς
2564 1804 2730 1867 αὐτὸς
2755 1800 2825 1875 ἦν
2846 1804 2940 1857 καὶ
2967 1805 2994 1856 ό
3020 1801 3201 1855 λαϐὼν
3225 1801 3356 1873 χοῦν
3384 1801 3496 1854 ἀπὸ
3522 1800 3624 1871 τῆς
3651 1803 3757 1872 γῆς
3789 1801 3851 1866 ἐξ
3875 1799 4046 1869 ἀρχῆς

2458 1896 2553 1949 καὶ
2583 1895 2796 1958 πλάσας
2834 1898 2926 1946 τὸν
2966 1893 3255 1965 ἄνθρωπον
3280 1908 3296 1924 ⁸
3328 1893 3410 1958 τίς
3452 1894 3511 1947 δὲ
3544 1894 3729 1947 αὐτῶν
3760 1892 3797 1963 ἢ
3830 1907 4046 1962 upupa-

2456 1985 2565 2038 τῶν
2592 1987 2835 2057 ἐτέρους,
2867 1984 2987 2038 ἀλλ’
3026 1986 3177 2054 ὅμως
3212 1986 3428 2052 ἑαυτὸν,
3464 1987 3532 2038 ὲκ
3556 1985 3772 2055 νεκρῶν
3811 1983 4047 2052 ἀναστῆ-

2458 2095 2547 2131 σαι
2591 2077 2832 2149 ἠδυνήθη
2859 2094 2875 2143 ;
2916 2076 2951 2147 ἢ
2986 2076 3134 2141 τίνος
3167 2077 3495 2147 ἀδιάφθορον
3521 2076 3584 2130 τὸ
3613 2078 3778 2147 σῶμα
3815 2078 3931 2129 τῶν
3958 2078 4047 2128 ἐπὶ

2456 2170 2555 2238 τῆς
2584 2169 2692 2238 γῆς
2723 2172 2782 2221 ὲν
2819 2171 2977 2239 τάφῳ
3005 2169 3231 2237 γέγονεν
3250 2186 3275 2234 ,;
3307 2168 3340 2240 ἢ
3384 2169 3469 2233 τίς
3494 2168 3639 2239 ἔχειν
3668 2167 3924 2233 ἐξουσίαν
3950 2169 4048 2235 τῆς

2456 2260 2771 2322 ἀποθέσεως
2800 2261 2899 2330 τῆς
2927 2259 3125 2315 ἑαυτοῦ
3163 2260 3343 2331 ψυχῆς
3388 2262 3484 2313 καὶ
3515 2260 3800 2330 ἀπολαϐῆς
3829 2276 4047 2330 μεμαρο

2455 2351 2518 2404 τύ
2529 2369 2686 2424 ρηται
2710 2370 2725 2419 ;
2755 2352 2874 2407 οὐδὲ
2894 2352 3193 2406 ἀκούσεσθε
3211 2352 3309 2421 ὀψὲ
3342 2350 3475 2421 γοῦν
3495 2352 3627 2406 πότε
3653 2350 3750 2405 τοῦ
3775 2351 4046 2419 λέγοντος,

2460 2442 2560 2509 Τίς
2580 2445 2711 2498 ἐστι
2732 2443 3043 2515 ἅνθρωπος
3061 2443 3129 2511 ὃς
3144 2441 3408 2511 ὄξσεται,
3439 2444 3539 2498 καί
3568 2445 3683 2499 οὐκ
3705 2443 3919 2512 ὄψεται
3950 2440 4050 2496 ϐό.

2456 2537 2929 2604 νανον,ρύσεται
2952 2537 3068 2604 τὴν
3093 2539 3309 2607 ψυχὴν
3331 2536 3521 2592 αὑτοῦ
3541 2538 3611 2592 ἐκ
3628 2539 3831 2608 χειρὸς
3858 2534 4049 2603 ἄδυτα

2406 2684 2411 2689 ,
2456 2627 2539 2690 τίς
2570 2627 2626 2681 δὲ
2660 2627 2846 2682 αὐτῶν
2875 2628 2962 2682 ἐπ’
2992 2627 3239 2693 ἔξουσίας
3282 2629 3600 2683 ἐπιτάσσειν
3627 2632 3739 2693 τοῖς
3770 2628 4050 2696 πνεύμασι

2458 2722 2571 2783 τοῖς
2599 2719 2954 2791 ἀκαθάρτοις,
2979 2721 3014 2791 ἢ
3049 2720 3136 2774 ἐπ’
3167 2720 3421 2795 ἐξουσίας
3470 2722 3733 2792 ἐπιτιμᾷν
3770 2722 3882 2781 τοῖς
3922 2720 4051 2776 άνέ·

2463 2828 2585 2882 μοις
2617 2812 2713 2865 καὶ
2741 2814 2809 2881 τῇ
2849 2811 3100 2886 θαλάσσῃ
3127 2814 3345 2886 εἴρηται
3370 2832 3386 2882 ;
3423 2815 3456 2886 ἢ
3490 2815 3638 2879 τίνος
3658 2814 3851 2886 ἑτέρου
3879 2815 4049 2866 ἐθαυ-

2463 2902 2646 2974 μάσθη
2687 2905 2715 2957 ό
2769 2902 2928 2973 λόγος
2979 2906 3061 2959 ὅτι
3110 2906 3200 2959 ἐπ’
3232 2904 3481 2971 ἐξουσίας
3497 2902 3589 2978 ἦν,
3622 2908 3717 2961 καὶ
3750 2907 3848 2977 οὐχ
3887 2906 3970 2972 ὡς
4002 2904 4055 2958 οι

2459 2994 2570 3048 τῶν
2610 2994 2849 3061 λοιπῶν;
2883 2996 3030 3061 τίνος
3074 2996 3133 3050 δὲ
3174 2998 3284 3051 τῶν
3331 2998 3648 3052 ἀποστόλων
3691 2998 3725 3067 ἢ
3753 2996 4054 3068 προφητῶν

2462 3083 2901 3154 ἀποθνήσκοντος
2944 3086 3177 3154 οὐρανὸς
3225 3088 3318 3141 καὶ
3362 3090 3460 3157 γῆ.
3495 3087 3649 3159 ἥλιος
3698 3089 3794 3141 καὶ
3826 3088 4053 3158 σελήνη.

767 3174 934 3228 runt?
962 3173 1213 3240 Quonam
1270 3179 1535 3225 nascente
1578 3171 1733 3224 visus
1758 3178 1846 3224 est
1876 3176 2069 3239 partus
2116 3168 2237 3222 sine
2277 3181 2363 3222 se-

2467 3177 2649 3247 ἡμὲρα
2697 3178 2790 3230 καὶ
2839 3178 2957 3241 νὺξ,
2988 3181 3176 3250 νεκροὶ
3224 3181 3320 3233 καὶ
3369 3179 3573 3244 ζῶντες
3601 3179 4055 3250 συνεσείσθησαν,

770 3268 941 3331 mine,
980 3265 1153 3320 stellae
1192 3264 1296 3319 sub
1325 3263 1466 3318 caelo
1495 3277 1711 3325 cursus,
1767 3258 2085 3315 canentium
2136 3258 2361 3329 angelo-

771 3373 895 3412 rum
926 3355 1162 3411 chorus?
1207 3353 1475 3421 Quisnam
1531 3367 1727 3406 eorum
1770 3351 1828 3404 in
1863 3348 2073 3403 carnali
2127 3363 2360 3419 corpore

771 3466 836 3504 ea
867 3465 988 3519 qua:
1022 3449 1320 3517 spirituum
1353 3453 1485 3499 sunt
1518 3442 1767 3498 ostendit
1791 3482 1804 3506 ,
1856 3439 2092 3511 virginis
2128 3440 2362 3510 integri—

774 3551 940 3595 tatem
978 3539 1257 3593 nascendo
1311 3552 1420 3590 non
1477 3536 1731 3590 minuens
1773 3542 1832 3589 et
1877 3549 2043 3604 super
2103 3531 2365 3587 ﬂuctibus

775 3633 1164 3702 perambulatis
1188 3671 1202 3693 ,
1226 3630 1282 3683 in
1310 3643 1544 3699 corpore
1572 3637 1763 3681 autem
1808 3622 2107 3696 spirituali,
2149 3631 2205 3676 et
2243 3636 2365 3692 quae

774 3732 906 3777 sunt
935 3722 1120 3777 carnis
1147 3720 1400 3791 protulit,
1442 3718 1702 3773 manibus
1757 3716 2101 3772 sensibiliter
2146 3723 2365 3768 contre-

775 3822 979 3876 ctatus,
1028 3826 1212 3865 escam
1244 3825 1467 3879 quoque
1518 3820 1645 3878 post
1698 3806 2166 3862 resurrectionem
2210 3818 2365 3859 suam

775 3903 1063 3972 postulans
1092 3910 1149 3956 et
1172 3901 1532 3965 manducans,
1556 3899 1662 3955 etsi
1684 3914 1794 3952 non
1817 3897 2144 3952 nutritionis
2167 3912 2361 3952 causa:

777 4008 877 4063 per
918 3993 1034 4045 haec
1062 3990 1248 4044 omnia
1276 3989 1667 4043 demonstrans
1698 4003 1756 4042 se
1786 3988 2075 4057 utriusque
2130 3996 2365 4051 naturae,

778 4080 1086 4150 corporalis
1117 4093 1316 4148 nempe
1348 4088 1405 4133 et
1434 4078 1765 4147 spiritualis,
1793 4092 1917 4132 esse
1940 4085 2248 4141 auctorem,
2273 4076 2367 4146 qui

778 4170 966 4224 omnia
996 4170 1128 4224 facit
1155 4177 1213 4224 et
1250 4176 1604 4232 transmutat,
1648 4181 1869 4237 semper
1891 4165 2117 4221 creandi
2150 4175 2367 4236 potens,

2464 3268 2558 3319 καὶ
2602 3265 2712 3319 τῶν
2753 3267 2973 3321 οἰκείων
3015 3268 3158 3339 ὅρων
3191 3271 3288 3324 καὶ
3313 3270 3495 3323 τόπων
3529 3269 3872 3339 ὲξὲστησανς
3904 3271 4058 3333 τινος

2463 3358 2522 3412 δὲ
2540 3362 2597 3412 ὲν
2615 3362 2679 3430 τῇ
2699 3362 2957 3431 γεννήσει
2994 3361 3236 3433 ἄσπορος
3270 3362 3461 3432 ὠράθη
3501 3363 3680 3427 τόκος.
3700 3364 3933 3433 ἀστέρος
3963 3363 4059 3416 ἀπ’

2461 3450 2695 3521 ούρανοῦ
2738 3451 2967 3522 δρόμος,
2998 3452 3248 3522 ἀγγέλων
3295 3452 3589 3523 ὐμνολόγος
3616 3455 3815 3524 χορόςς
3860 3455 3953 3517 τίς
4003 3455 4060 3507 δὲ

2464 3543 2644 3595 αὐτῶν
2675 3544 2732 3595 ἐν
2752 3543 2851 3614 μὲν
2867 3542 2943 3614 τῷ
2963 3544 3210 3615 σαρκικῷ
3242 3544 3457 3615 σώματι
3479 3546 3548 3599 τά
3591 3546 3942 3614 πνευματικὰ
3962 3549 4061 3598 ἐπ-

2474 3630 2743 3697 εδείξατο,
2786 3633 2986 3703 ὑμένος
3021 3634 3182 3688 τοῦτο
3202 3634 3533 3698 διαδιδάζων
3577 3631 3937 3705 παρθενικοῦ,
3972 3640 4065 3690 καὶ

2466 3723 2676 3776 ὑδάτων
2731 3724 3119 3791 ὲπιπολάζωνς
3150 3728 3209 3779 ἐν
3234 3727 3292 3780 δὲ
3321 3727 3401 3797 τῷ
3430 3729 3787 3799 πνευματικῷ
3817 3727 4061 3799 σώματι,

2465 3814 2535 3866 τά
2570 3813 2809 3884 σαρκικὰ
2859 3816 3217 3886 προεσά).ετο,
3247 3820 3434 3889 χερσὶν
3480 3819 3765 3889 αἰσθηταῖς
3793 3820 4062 3890 ψηλαφὼ-

2471 3918 2667 3972 μενοςς
2696 3904 2793 3957 καὶ
2826 3904 3009 3975 βρωτά
3041 3906 3181 3977 μετά
3214 3907 3316 3978 τὴν
3347 3908 3647 3961 ἀνάστασιν
3677 3910 3782 3962 ὑπὸ
3806 3909 3921 3963 τῶν
3960 3930 4063 3980 μα-

2467 3991 2648 4061 θητῶν
2680 3995 3062 4065 προσιέμενος,
3105 3997 3201 4050 καὶ
3245 3998 3465 4064 ἐσθίων,
3502 4001 3551 4053 εί
3591 4000 3689 4053 καὶ
3726 4000 3803 4070 μὴ
3854 4004 4063 4070 19:96-

2472 4101 2632 4152 μενος
2658 4102 2674 4153 ;
2700 4088 2918 4150 δεικνὺς
2953 4089 3043 4142 διὰ
3073 4089 3416 4165 τούτωνηότι
3443 4094 3544 4161 τῆς
3576 4094 3850 4165 σαρκικῆς
3882 4111 3947 4147 τε
3972 4096 4065 4149 καὶ

2476 4178 2858 4247 πνευματικῆς
2898 4178 3113 4247 φύσεως
3148 4158 3321 4246 aii-:6;
3344 4184 3494 4236 ἐστιν
3543 4185 3573 4238 ό
3609 4187 3840 4255 ποιητής
3872 4202 3937 4237 τε
3970 4188 4065 4239 καὶ

782 4260 839 4313 in
856 4259 1005 4313 omni
1032 4267 1178 4313 statu
1221 4256 1497 4312 naturali:
1532 4256 1610 4309 illi
1636 4263 1848 4308 tantum
1875 4256 1970 4325 qui
2005 4254 2212 4324 aliquid
2239 4254 2364 4308 fecit

2470 4269 2949 4339 κατασκευαστὴς,
3002 4272 3098 4325 καὶ
3148 4274 3320 4326 ποιῶν
3366 4275 3544 4328 πάντα
3590 4276 3687 4328 καὶ
3718 4278 4065 4346 μετασκευά-

782 4351 918 4404 illud
954 4359 1173 4404 mutare
1207 4349 1373 4403 facile
1406 4356 1494 4402 est
1521 4365 1536 4414 ;
1568 4349 1693 4418 quis
1712 4357 1896 4402 autem
1919 4362 2117 4401 eorum
2146 4347 2242 4416 qui
2269 4347 2372 4401 hu—

783 4457 962 4495 mana:
1000 4450 1215 4495 tantum
1269 4449 1433 4495 erant
1476 4451 1721 4501 naturae,
1759 4438 1965 4493 dicitur
1994 4438 2146 4492 solus
2178 4438 2233 4492 in
2261 4453 2373 4493 cce-

2473 4361 2604 4426 ζων,
2654 4363 2750 4415 καὶ
2798 4362 3241 4435 θαυματουργεῖν
3289 4367 3377 4418 ἀεὶ
3421 4367 3744 4436 δυνάμενος,
3786 4369 3847 4418 ὲν
3890 4365 4064 4421 ᾶπασι

2473 4455 2585 4515 τοῖς
2628 4456 2879 4521 φυσικοῖς
2925 4457 3350 4526 καταστήμασι·
3401 4455 3479 4526 τῷ
3526 4456 3635 4527 γάρ
3686 4455 3940 4508 ποιοῦπὶ
3993 4472 4063 4513 τι,

784 4535 899 4588 lum
928 4533 1248 4588 ascendisse
1284 4544 1383 4587 aut
1414 4548 1445 4588 e
1480 4535 1623 4588 ccelo
1654 4531 2054 4586 descendisse?
2098 4532 2244 4585 unde
2272 4546 2364 4584 no-

2473 4544 2649 4612 τούτῳ
2695 4546 2844 4613 μόνῳ
2879 4545 2974 4596 καὶ
3027 4544 3089 4597 τὸ
3139 4546 3572 4614 μετασκευάζειν
3609 4546 3760 4609 αὐτὸ,
3807 4546 4063 4598 εὔκολον·

785 4626 874 4680 bis
901 4626 955 4679 in
981 4635 1221 4680 mentem
1254 4641 1366 4679 non
1392 4625 1591 4678 incidit
1616 4624 1668 4677 id
1692 4624 1859 4693 impie
1881 4630 2151 4687 statuere,
2171 4637 2371 4691 nempe

782 4717 1039 4771 eamdem
1076 4732 1199 4772 esse
1230 4726 1287 4771 et
1325 4716 1614 4770 hominum
1640 4724 1699 4769 et
1728 4714 2127 4784 omnipotentis
2152 4713 2369 4767 Domini

784 4808 1132 4862 edendorum
1167 4809 1561 4863 miraculorum
1592 4816 1942 4877 potestatem.

2476 4631 2563 4695 τίς
2606 4632 2663 4685 δὲ
2708 4636 2789 4696 εἰς
2836 4636 3067 4705 οὐρανὸν
3111 4636 3476 4704 ἀναϐέϐηκεν,
3523 4637 3556 4706 ἢ
3593 4638 3656 4688 ὲκ
3689 4635 3786 4690 τοῦ
3831 4636 4064 4707 οὖρανοῦ

2479 4722 2923 4791 κατασεόηκέναι
3000 4726 3159 4796 μόνος
3241 4730 3712 4797 μεμαρτύρηται,
3784 4728 3900 4779 τῶν
3974 4728 4067 4796 τῆς

2477 4813 2829 4884 ἀνθρωπίνης
2851 4816 3022 4885 μόνης
3053 4818 3222 4870 ὄντων
3262 4819 3477 4888 φύσεως
3502 4835 3517 4883 ;
3542 4817 3737 4871 οὐκοῦν
3763 4819 3892 4871 οῦδὲ
3913 4817 4071 4871 τοῦτο

791 4905 921 4973 ὑμῖν
973 4903 1034 4955 τδ
1072 4902 1264 4964 ἀσεὸὲς
1304 4902 1659 4973 παραστῆσαι
1696 4901 1839 4954 κατὰ
1891 4900 2118 4972 γνώμην
2145 4899 2463 4974 ἐκϐέϐηκεν,
2503 4905 2577 4971 ὡς
2634 4909 2668 4978 ἡ
2711 4909 2852 4980 αὐτὴ
2905 4911 3013 4964 τῶν
3052 4929 3112 4965 τε
3154 4911 3318 4966 ὁσίων
3386 4913 3613 4984 ἀνδρῶν,
3650 4918 3746 4967 καὶ
3813 4916 3919 4985 τῆς
3973 4917 4064 4967 Δε.

795 4998 1057 5067 σποτικῆς
1092 4997 1341 5061 ἐξουσίας
1368 4998 1402 5066 ἡ
1430 4997 1849 5068 θαυματουργία
1886 4997 2025 5049 ἐστί.

865 5095 982 5149 Hoc
1015 5093 1164 5149 aliud
1198 5094 1383 5149 dicitis
1405 5093 1552 5165 quod
1584 5094 1931 5165 dignitatem,
1952 5093 2384 5149 dominationem

793 5197 854 5242 et
891 5202 1093 5241 nomen
1125 5201 1295 5256 super
1327 5201 1491 5241 omne
1517 5200 1718 5240 nomen
1756 5198 1923 5255 atque
1960 5196 2161 5240 caetera
2190 5186 2377 5239 omnia

794 5292 830 5333 ιι
859 5277 1045 5333 Verbo
1078 5278 1196 5346 ipsa
1221 5277 1438 5330 meliori
1461 5276 1616 5332 carui
1646 5275 1851 5331 fuerint
1884 5276 2042 5342 data,
2088 5290 2193 5331 nec
2230 5291 2370 5346 opus

801 5370 873 5422 sit
900 5383 966 5423 ea
1018 5368 1210 5422 unioni
1253 5369 1530 5424 ascribere
1553 5410 1567 5433 ,
1619 5369 1838 5425 sincere
1865 5368 2091 5438 quidem
2124 5384 2226 5423 nos
2258 5385 2382 5438 pro-

804 5459 1027 5515 fitemur
1056 5460 1174 5515 haec
1198 5463 1383 5515 omnia
1425 5476 1454 5515 ι
1485 5460 1669 5516 Verbo
1700 5477 1822 5515 esse
1854 5460 1981 5515 data
2019 5479 2031 5514 :
2077 5476 2174 5515 vos
2200 5470 2382 5515 tamen

805 5555 913 5609 hoc
936 5552 1443 5624 interrogabimus:
1493 5570 1614 5623 qua:
1645 5554 1699 5607 in
1745 5555 1919 5608 altero
1960 5562 2157 5609 natura
2201 5554 2390 5609 insunt

805 5654 864 5701 et
899 5645 1058 5700 alteri
1092 5646 1593 5712 communicantur,
1622 5661 1752 5699 num
1814 5652 1946 5700 tunc
1974 5644 2055 5699 sic
2085 5645 2391 5701 communi-

2557 5098 2633 5151 Τὸ
2666 5099 2724 5153 δὲ
2754 5099 2941 5172 ἕτερον
2968 5096 3044 5156 ὧν
3083 5105 3216 5172 φατέ
3265 5105 3404 5165 ἐστι,
3438 5094 3500 5157 τὸ
3543 5103 3641 5175 τὴν
3680 5102 3843 5169 iam
3874 5107 3971 5159 καὶ
3995 5106 4068 5156 δε-

2488 5191 2745 5244 σποτείαν
2789 5194 2885 5245 καὶ⁵
2914 5193 3085 5263 ὄνομα
3113 5195 3172 5247 τὸ
3208 5196 3350 5265 ὑπὲρ
3389 5198 3496 5248 πᾶν
3525 5195 3716 5263 ὅνομα,
3751 5196 3856 5248 καὶ
3882 5197 3953 5249 τά
3972 5196 4069 5247 λοι-

2478 5280 2553 5333 πὰ
2578 5282 2645 5350 τῇ
2678 5284 2839 5352 σαρκὶ
2870 5283 2977 5334 ὑπὸ
3008 5282 3102 5335 τοῦ
3134 5283 3445 5354 κρείττονος
3481 5284 3652 5353 αὐτῆς
3688 5283 3873 5351 Λόγου
3917 5284 4066 5351 δοθῆ-

2492 5388 2599 5435 ναι,
2640 5372 2732 5424 καὶ
2771 5372 2847 5443 μὴ
2882 5374 3000 5427 δέον
3049 5370 3190 5427 εἶναι
3225 5373 3473 5428 συνθέσει
3502 5375 3677 5427 ταῦτα
3716 5375 4064 5444 προσλογίζε-

2495 5464 2642 5520 σθαι.
2708 5463 2949 5536 ⁹Δληθῶς
3005 5467 3101 5537 μὲν
3135 5463 3233 5520 οὖν
3280 5470 3345 5519 ἐκ
3398 5466 3491 5520 τοῦ
3522 5467 3700 5532 Λόγου
3738 5464 3982 5520 δίδοσθαι
4005 5466 4068 5517 τὶ

2495 5552 2761 5623 εἰρημένα
2794 5552 3154 5624 συντιθέμεθα
3176 5572 3190 5586 ·
3230 5541 3371 5625 πλὴν
3399 5553 3560 5608 τοῦτο
3601 5554 3751 5625 ὑμᾶς
3804 5556 4067 5629 ἐρωτήσει

2502 5660 2633 5716 μεν·
2659 5644 2799 5699 Τάδε
2826 5645 2897 5701 τὰ
2923 5645 3051 5699 ὄντα
3084 5646 3208 5701 τινά
3237 5650 3297 5702 ιν
3326 5646 3460 5716 τῷδέ
3486 5662 3594 5700 τινι
3642 5648 3896 5714 φυσικῶς
3928 5661 4065 5701 ποτε.

884 5821 903 5850 ⁸
933 5825 1126 5882 Matth.
1151 5842 1270 5878 \‘lll.
1300 5826 1334 5878 ὅ
1428 5827 1448 5885 ?
1488 5824 1598 5882 Ac‘l.
1635 5838 1713 5889 m,
1743 5821 1793 5877 6.
1872 5824 1916 5856 "
1948 5820 2089 5875 Psal.
2124 5824 2483 5888 Lxuvqu‘J.
