4214 6450
266 462 403 532 1481

1251 460 1646 526 ADVERSUS
1684 458 2234 521 NESTORIANOS.
2259 486 2319 497 —
2353 460 2500 524 LIB.
2546 464 2593 523 ἶ.

3378 461 3516 526 H82

260 582 363 635 καὶ
417 578 491 646 τῖε
539 578 594 631 δέ
640 595 745 630 τινι
798 573 1192 646 μεταὸίόονται,
1218 573 1307 625 ὅτε
1359 570 1667 633 ἀσυνθέτως
1722 568 1837 639 ἔχει

1951 579 2138 625 cantur
2166 586 2291 625 cum
2324 571 2416 625 ille
2449 573 2542 641 qui
2572 572 2639 628 iis
2666 579 2818 627 caret
2840 581 3129 644 separatur
3155 573 3225 631 ab
3244 591 3313 632 eo
3336 576 3431 647 qui
3454 590 3522 632 ea

262 673 404 741 πρὸς
428 670 519 723 τὸν
549 668 763 739 ἔχοντα,
788 669 816 721 6
855 667 930 737 μὴ
956 664 1095 735 ἔχων
1137 664 1274 717 αὐτὰ
1303 663 1445 716 κατὰ
1473 662 1653 731 φύσιν,
1686 661 1719 731 ἢ
1750 662 1838 714 ὅτε

262 764 401 833 πρὸς
440 761 588 814 τόνδε
624 758 881 827 συνετέθη
906 775 920 820 ;
945 754 1010 809 Τί
1046 755 1244 825 δήποτε
1279 748 1393 818 οὖν,
1426 751 1638 806 πολλῶν
1671 751 1841 804 ὅντων

261 854 377 905 τῶν
421 851 735 904 ἀσυνθέτων
781 849 917 919 πρὶς
943 846 1036 900 τὸν
1075 845 1268 916 ἔχοντα
1304 844 1431 901 τάδε
1464 843 1729 913 φυσικῶς,
1762 843 1842 896 ἑνὶ

269 945 421 1014 μόνῳ
445 941 579 1012 τῷδε
612 941 886 1005 δέδονται;
925 937 1033 991 ἰδοὺ
1062 937 1170 1006 γὰρ
1198 938 1257 989 ὲν
1285 935 1692 1006 παραδείγματι
1719 932 1841 1004 βλέ-

262 1051 464 1103 πομεν,
500 1033 576 1095 ὡς
625 1032 789 1102 ἡνίκα
842 1029 984 1083 κατά
1029 1028 1191 1096 φύσιν
1233 1028 1460 1097 συντεθῇ
1517 1025 1579 1079 τὸ
1609 1024 1719 1095 πῦρ
1765 1024 1843 1092 τῷ

261 1118 496 1199 σιδήρῳ,
541 1128 664 1181 τότε
718 1123 1113 1195 πεπυρωμένος
1157 1120 1374 1187 λέγεται
1421 1121 1449 1172 ό
1499 1117 1736 1187 σίδηρος,
1782 1118 1845 1168 τὸ

260 1221 439 1289 Syagri
479 1221 571 1271 καὶ
620 1217 719 1287 τὴν
758 1217 832 1279 ὡς
884 1215 950 1269 ἀν
993 1230 1079 1276 τις
1109 1213 1254 1266 εἴποι
1295 1211 1451 1276 ἀξίαν
1486 1207 1721 1278 φυσικὴν
1749 1205 1843 1259 τοῦ

262 1313 463 1381 πυρὸς,
495 1315 558 1365 ἐκ
594 1312 695 1381 τῆς
727 1309 1029 1370 συνθέσεως
1064 1305 1551 1379 προσκτησάμενος
1579 1318 1591 1331 ·
1632 1304 1727 1356 καὶ
1754 1302 1844 1355 ὅτε

262 1408 384 1478 φῶς
418 1406 496 1476 τῷ
526 1404 679 1459 ὕδατι
707 1402 996 1473 είσκραθὲν
1029 1400 1188 1452 τοῦτο
1220 1397 1448 1466 φωτίσει
1500 1395 1641 1449 κατά
1665 1393 1848 1447 σύνθεο

262 1517 373 1556 σιν.
401 1496 812 1566 πεφωτισμένον
836 1491 1176 1563 ὀνομάζεται
1204 1490 1347 1561 ὕδωρ
1369 1505 1381 1518 '
1416 1487 1513 1542 καὶ
1538 1488 1628 1540 ὅτε
1659 1483 1847 1555 χρυσῷ

260 1588 649 1657 ἐπιχριὸμενος
698 1583 899 1653 ὲνωθῇ,
928 1582 1050 1635 τότε
1105 1579 1335 1651 χρύσεος
1375 1575 1630 1647 ἀνδριάςο
1656 1575 1744 1628 ὅτε
1788 1574 1846 1626 δὲ

261 1680 347 1747 τῷ
380 1680 672 1747 σκεπάρνῳ
697 1678 775 1738 εἰς
805 1673 1089 1743 ἐνέργειαν
1120 1671 1283 1739 μόνον
1313 1669 1518 1740 χρῆται
1553 1667 1582 1720 6
1615 1667 1844 1729 τέκτων,

260 1770 326 1820 οὐ
350 1768 491 1821 κατά
520 1765 771 1819 σύνθεσιν
800 1763 1041 1832 φυσικὴν
1068 1760 1218 1830 αὐτῷ
1252 1758 1553 1831 ἡνωμένος,
1584 1756 1702 1809 τότε
1725 1755 1846 1808 οὐδὲ

260 1861 328 1912 τὸ
367 1860 538 1930 ὗνομα
583 1857 704 1911 οὐδὲ
747 1856 845 1927 τὴν
892 1854 1051 1920 ἀξίαν
1092 1851 1258 1905 αὐτοῦ
1297 1850 1620 1922 μεταδίδωσι
1653 1847 1730 1919 τῷ
1758 1848 1849 1917 ὀρ-

1942 661 2274 714 naturaliter
2303 661 2496 727 habet,
2542 678 2611 717 an
2666 678 2794 718 cum
2850 666 2901 719 ei
2941 666 3331 736 coniungitur?
3369 666 3522 733 Quo—

1943 748 2107 808 modo
2137 764 2346 819 autem,
2371 768 2497 809 cum
2525 764 2607 810 tot
2626 756 2738 811 sint
2759 758 2997 827 separati
3028 760 3097 815 ab
3121 775 3189 815 eo
3209 760 3305 831 qui
3333 775 3400 815 ea
3420 775 3521 815 na-

1943 845 2197 900 turaliter
2214 846 2400 911 habet,
2417 847 2492 901 illi
2516 848 2617 902 soli
2645 848 2770 904 data
2800 848 3035 905 fuissent
3054 849 3243 917 γρυοά
3274 850 3328 905 in
3345 866 3524 905 exeun-

1942 935 2050 1005 plis
2084 935 2510 992 vidcniusmum
2536 955 2732 1011 nempe
2758 942 2901 1013 ignis
2925 942 3231 999 secundum
3268 953 3523 999 naturam

1944 1026 2096 1082 ferro
2149 1030 2540 1101 conjungitur,
2573 1039 2707 1088 tunc
2755 1035 2985 1105 ignitum
3042 1036 3250 1092 dicitur
3285 1036 3524 1105 ferrum,

1945 1119 2171 1175 nomine
2198 1128 2254 1174 et
2279 1162 2293 1187 ,
2331 1130 2393 1176 ut
2417 1122 2490 1176 ita
2520 1122 2700 1178 dicam
2727 1164 2742 1189 ,
2793 1127 3032 1182 naturali
3068 1128 3337 1201 dignitate
3383 1129 3526 1200 ignis

1946 1222 2170 1280 accepta
2197 1212 2249 1265 vi
2276 1214 2723 1283 coniunctionis;
2770 1216 3025 1272 similiter
3060 1234 3188 1274 eum
3228 1221 3324 1275 lux
3367 1236 3526 1292 aqua;

1950 1300 2194 1357 immista
2220 1318 2341 1358 eam
2377 1304 2653 1360 illuminat
2679 1308 2729 1361 vl
2758 1309 3186 1379 conjunctionis,
3216 1311 3525 1369 illuminata

1948 1392 2152 1448 dicitur
2181 1408 2354 1465 aqua;
2387 1411 2604 1452 necnon
2650 1407 2706 1454 et
2734 1415 2860 1455 cum
2892 1411 3071 1457 statua
3106 1417 3241 1458 auro
3268 1400 3524 1470 illinitur,

1948 1490 2079 1537 tunc
2123 1494 2313 1540 aurata
2338 1487 2571 1554 dicitur;
2605 1504 2730 1544 cum
2763 1500 2947 1547 autem
2989 1494 3137 1549 ascia
3170 1495 3525 1553 instrumenti

1950 1582 2163 1628 tantum
2196 1576 2252 1631 in
2292 1578 2516 1633 modum
2556 1580 2731 1635 utitur
2757 1581 2917 1637 faber
2940 1624 2953 1649 ,
2987 1600 3099 1639 non
3139 1587 3190 1641 ei
3222 1588 3526 1643 secundum

1949 1675 2205 1719 naturam
2236 1668 2567 1738 coniunctus
2589 1710 2603 1734 ,
2640 1680 2773 1725 tunc
2796 1687 2976 1744 neque
3009 1690 3209 1731 nomen
3237 1692 3395 1732 suum
3422 1694 3526 1734 ne-

1948 1767 2057 1821 que
2107 1752 2430 1824 dignitatem
2483 1757 2854 1815 instrumento
2902 1763 3314 1830 communicat,
3347 1781 3529 1836 neque

1949 1843 2019 1898 ab
2048 1844 2420 1902 instrumento
2451 1849 2656 1920 accipit
2685 1851 3028 1909 artifex.Sed
3058 1871 3241 1926 neque
3273 1872 3367 1911 rex
3393 1899 3408 1923 ,
3433 1866 3531 1913 aut

260 1926 537 2017 τεά-ιιι),νῆ
582 1945 712 2014 παρ’
754 1926 920 1997 αὑτοῦ
984 1940 1353 2013 μεταλήψεται
1394 1941 1423 1993 6
1463 1936 1847 2011 ἐργαζόμενος.

1952 1934 2336 1992 nobilissimus
2365 1939 2635 2010 quisque,
2670 1944 2714 1997 si
2743 1958 2912 2000 unum
2941 1962 2972 2001 c
2998 1947 3115 2002 suis
3144 1948 3319 2003 servis
3357 1967 3533 2022 quan-

276 2039 424 2094 Ἀλλ’
440 2039 549 2091 οὐδ’
582 2039 611 2091 6
649 2036 922 2107 βασιλεὺς,
957 2034 990 2105 ἧ
1032 2033 1260 2103 εὐγενής
1308 2048 1391 2095 τις
1420 2028 1698 2083 ὁντιναοῦν
1736 2027 1847 2081 τῶν

261 2132 486 2187 οἰκείων
543 2130 893 2199 θεραπόντων
948 2128 993 2179 εἰ
1043 2124 1426 2196 προσλάϐοιτο,
1458 2121 1553 2175 καὶ
1608 2118 1845 2175 οἱαισοῦν

264 2215 446 2287 ἀξίαις
473 2222 718 2293 τιμήσει,
745 2217 889 2272 κατὰ
924 2216 1086 2287 φύσιν
1120 2216 1175 2268 δὲ
1201 2213 1350 2284 αὐτῷ
1381 2212 1457 2285 μὴ
1549 2210 1845 2280 συγκείμε-

262 2333 383 2379 νος,
413 2313 534 2367 οῦτε
567 2313 627 2367 τὸ
673 2312 863 2382 ὄνομα,
913 2308 1035 2364 οὔτε
1084 2309 1181 2379 τὴν
1219 2307 1374 2372 ἀξίαν
1407 2306 1502 2359 καὶ
1528 2303 1846 2359 δεσποτείαν

266 2408 372 2478 τὴν
408 2408 715 2478 βασιλικὴν,
745 2404 870 2458 οὔτε
905 2403 1003 2474 τὴν
1029 2401 1310 2470 εὐγένειαν
1340 2398 1506 2452 αὐτοῦ
1536 2397 1673 2467 τῷδε
1710 2412 1845 2464 συγ-

265 2501 572 2573 χωρήσειεν
595 2513 608 2527 ·
639 2497 761 2550 οὐδὲ
797 2495 905 2565 γάρ
936 2492 1159 2547 δυνατόν
1185 2493 1333 2545 ἐστιν
1348 2488 1470 2542 οὐδὲ
1498 2488 1546 2541 εί
1582 2486 1843 2557 βούλοιτο,

265 2593 466 2661 ῶσπερ
512 2589 607 2643 οῦν
656 2585 1032 2654 ὑποδείξομεν,
1063 2585 1188 2637 ὅσον
1216 2581 1288 2641 κᾶν
1339 2579 1674 2633 καλλωπίσοι
1720 2577 1845 2630 τινά

269 2685 384 2739 τῶν
413 2683 559 2737 ἰδίων
585 2681 790 2742 ἳππων,
816 2679 1102 2748 ἄνθρωπον
1136 2672 1298 2726 αὐτὸν
1320 2670 1604 2741 ὀνομάζειν
1630 2668 1846 2739 ἀληθῶς

266 2774 413 2830 εἶναι
452 2770 877 2842 ὡμολογημένον
913 2768 1196 2837 ὀνόματος,
1231 2765 1325 2818 καὶ
1359 2764 1417 2816 οὖ
1446 2762 1538 2816 δύο
1571 2762 1678 2815 τῶν
1711 2762 1848 2832 ὑπὲρ

274 2872 454 2925 πάντα
481 2868 550 2921 τά
583 2865 785 2936 φυσικὰ
817 2863 1056 2934 ὀνόματα
1079 2879 1091 2892 ⁸
1130 2862 1258 2932 τρία
1288 2859 1398 2930 γὰρ
1429 2859 1524 2912 καὶ
1559 2857 1656 2929 οὐχ
1693 2856 1761 2910 ἓν
1797 2857 1847 2910 εί

272 2962 343 3014 τὰ
383 2954 723 3011 ὑποστατικὰ
768 2953 888 3006 θεῖα
941 2951 1038 3006 καὶ
1077 2950 1412 3021 ὑπερέχοντα
1448 2949 1522 3018 φῇ
1553 2963 1656 3009 τις,
1698 2948 1749 2998 τί
1782 2945 1848 2999 ἂν

269 3052 403 3107 ἄλλο
425 3050 583 3105 τοῦτο
612 3048 763 3102 ἔσται
794 3046 827 3117 ἢ
859 3045 887 3098 6
919 3044 1050 3106 Θεὸς
1074 3043 1167 3097 καί
1191 3043 1391 3112 Κύριος
1422 3042 1449 3094 6
1474 3039 1666 3109 φύσει;
1697 3039 1725 3092 6
1763 3038 1851 3092 θέ-

272 3158 361 3194 σει
390 3142 497 3211 γάρ
534 3137 657 3192 οὔτε
708 3136 856 3207 μόνῳ
900 3134 1048 3205 αὐτῷ
1093 3131 1355 3204 χαρισθὲν
1402 3130 1526 3183 οὔτε
1569 3131 1709 3201 ὑπὲρ
1742 3131 1850 3183 πᾶν

272 3233 452 3299 ενομά
482 3232 631 3282 ἐστι·
666 3225 879 3280 πολλῶν
911 3226 1077 3278 ὄντων
1112 3223 1251 3277 κατά
1286 3240 1340 3275 τι
1373 3221 1686 3289 λεγομένων
1713 3219 1851 3274 Θεῶν

270 3343 334 3379 τε
363 3326 455 3378 καὶ
485 3322 688 3391 κυρίων
733 3323 792 3373 ὲν
829 3316 1042 3389 οὐρανῷ
1073 3334 1133 3369 τε
1177 3316 1269 3369 καὶ
1300 3317 1391 3385 γῇ.
1439 3314 1501 3367 Εἰ
1543 3309 1635 3367 οὖν
1667 3311 1854 3381 ἕτερος

271 3416 436 3470 τοῦτο
485 3414 640 3467 λάϐοι
679 3411 831 3484 παρὰ
871 3411 961 3463 τὸν
1001 3409 1169 3469 ὅντως
1220 3408 1379 3475 φύσει
1424 3404 1579 3467 Θεὸν,
1636 3404 1851 3471 ἀνάγκη

271 3510 429 3565 ἐστὶν
460 3507 795 3578 ῆάνώνυμον
831 3506 1009 3574 μεῖναι
1032 3502 1120 3555 τὸν
1150 3500 1383 3571 δόντα,ἢ
1417 3501 1474 3552 ἐν
1520 3498 1731 3568 θατέρῳ
1760 3496 1857 3549 αὑ-

270 3598 387 3653 τῶν
416 3598 624 3669 ψευδῶς
655 3595 1018 3666 ὀνομάζεσθαι
1049 3593 1233 3647 λοιπὸν
1260 3591 1420 3645 τοῦτο
1443 3606 1457 3621 ο
1485 3588 1518 3663 ἤ
1543 3590 1653 3661 γὰρ
1674 3592 1737 3643 ὲκ
1762 3587 1856 3641 τοῦ

273 3691 610 3760 προσφάτως
640 3688 770 3742 αὐτὸ
792 3685 1161 3756 λαμϐάνοντος
1186 3682 1525 3753 ἑτεροουσίου
1555 3681 1726 3743 ὄντος.
1761 3680 1857 3733 καὶ

271 3782 338 3835 οὐ
380 3781 584 3849 κυρίως
636 3778 770 3842 αὐτὸ
819 3776 1187 3845 κτησαμένου,
1235 3773 1444 3844 ψευδῶς
1497 3771 1854 3842 κέκληταιοῆ

272 3874 373 3927 ἐπὶ
408 3871 501 3924 τοῦ
554 3869 744 3941 πρώην
787 3868 1003 3937 ἔχοντος
1061 3867 1214 3931 αὐτὸ,
1247 3868 1346 3919 οὐκ
1392 3864 1609 3933 ἀληθῶς
1636 3864 1856 3930 λέγεται

270 3963 486 4026 λοιπὸν,
504 3960 580 4024 ὡς
606 3961 800 4013 νεωστὶ
819 3958 1299 4029 ἀποκτησαμένου,
1323 3955 1419 4010 καὶ
1448 3958 1521 4026 μὴ
1550 3956 1770 4026 μείναντ
1781 3970 1853 4019 σς,

276 4052 419 4124 μηδὲ
472 4052 530 4103 ὲν
562 4052 629 4120 τῇ
666 4050 773 4121 ἰδίᾳ
804 4050 964 4117 φύσει
1015 4047 1110 4101 τοῦ
1147 4048 1430 4118 ὀνόματος.
1476 4046 1589 4099 Πᾶν
1618 4045 1726 4115 γὰρ
1756 4060 1857 4112 φυ-

274 4145 432 4198 σικὸν
466 4141 653 4211 κύριον
701 4142 893 4210 ὄνομα,
933 4141 1062 4210 μιᾶς
1112 4141 1206 4193 καὶ
1249 4140 1310 4193 οὐ
1349 4140 1443 4193 δύο
1493 4139 1709 4208 φύσεων
1738 4138 1855 4191 δια-

274 4238 465 4307 φόρων
515 4235 697 4289 ἐστίν·
742 4234 778 4305 ἢ
817 4229 910 4287 οὖν
953 4234 1014 4286 οὐ
1051 4232 1258 4302 κυρίως
1306 4233 1399 4286 καὶ
1441 4230 1656 4301 ἀληθῶς
1700 4229 1859 4282 τοῦτο

273 4327 528 4382 δεδόσθαι
548 4325 768 4393 λέγεταί
800 4341 929 4390 τινι,
963 4323 998 4396 ἢ
1023 4327 1072 4378 εί
1102 4324 1351 4393 ἀψευδῶς
1380 4323 1609 4387 δέδοται,
1642 4324 1707 4374 ἐκ
1729 4338 1856 4374 συν·

275 4420 484 4482 θέσεως
532 4417 698 4473 αὐτοῦ
731 4417 824 4470 τοῦ
865 4416 1056 4470 τούτου
1087 4417 1253 4485 μόνου
1285 4414 1499 4482 ἀληθῶς
1527 4414 1859 4484 ὀνομαζομέ-

277 4528 378 4565 νου
411 4511 532 4564 κατ’
560 4509 692 4563 αὐτὸ
730 4510 823 4562 καὶ
871 4509 1006 4580 πρὸς
1032 4508 1093 4561 τὸ
1128 4505 1329 4578 ἑτέρως
1353 4506 1635 4579 μετεὸὀθη.
1666 4505 1854 4569 υῦτως

1954 2027 2247 2099 tiscunque
2287 2031 2596 2090 honoribus
2644 2039 3032 2104 cumulaverit,
3080 2056 3184 2097 nec
3233 2048 3414 2098 tamen
3448 2044 3529 2100 illi

1953 2121 2341 2191 coniungatur,
2369 2139 2607 2192 nomen,
2635 2137 2731 2181 aut
2775 2128 3128 2199 dignitatem,
3180 2142 3277 2188 aut
3321 2136 3528 2206 regiam

1952 2218 2280 2277 potestatem
2308 2254 2323 2279 ,
2355 2223 2452 2269 aut
2480 2217 2829 2274 nobilitatem
2861 2220 2938 2274 llli
2967 2221 3254 2292 impertire
3287 2241 3529 2296 unquam

1953 2310 2173 2368 posset;
2226 2319 2336 2359 non
2383 2307 2532 2361 enim
2571 2308 2834 2378 possibile
2864 2320 2971 2375 est,
3003 2312 3106 2367 etsi
3139 2313 3290 2378 velit,
3320 2316 3399 2370 uti
3434 2332 3528 2371 os-

1957 2389 2266 2458 tendemus,
2315 2398 2723 2465 quantumlibet
2751 2416 2922 2454 unum
2953 2416 2984 2456 e
3007 2402 3125 2458 suis
3152 2404 3312 2474 equis
3359 2406 3528 2463 deco-

1954 2482 2242 2545 rct,_illum
2271 2499 2472 2541 vocare
2502 2488 2784 2544 hominem
2813 2506 3028 2554 verum,
3060 2493 3332 2563 siquidem
3357 2513 3528 2553 unum

1954 2574 2301 2632 solummodo
2350 2594 2555 2636 nomen
2587 2593 2905 2654 receptum,
2937 2600 3050 2640 non
3078 2597 3262 2643 autem
3288 2588 3400 2643 duo
3427 2606 3532 2660 pro

1954 2664 2041 2719 his
2070 2682 2193 2737 qua:
2219 2679 2350 2726 sunt
2368 2687 2535 2744 super
2558 2675 2742 2730 omnia
2765 2679 3039 2734 naturalia
3061 2681 3315 2750 nomina;
3335 2684 3379 2739 si
3404 2685 3532 2754 quis

1952 2759 2099 2814 enim
2120 2768 2369 2829 tres,non
2402 2774 2584 2822 autem
2617 2783 2781 2825 unam
2817 2786 3107 2841 personam
3139 2778 3532 2845 praestantissio

1955 2865 2096 2906 mam
2124 2853 2178 2908 in
2207 2853 2412 2912 divinis
2448 2858 2615 2925 dicat,
2649 2862 2781 2931 quid
2807 2863 2915 2920 nisi
2941 2865 3036 2935 qui
3062 2873 3261 2922 natura
3283 2868 3431 2925 Deus
3448 2878 3535 2925 est

1955 2953 2012 2996 et
2048 2942 2357 3000 Dominus?
2384 2946 2540 3013 Quod
2572 2949 2885 3020 adoptionis
2914 2961 3019 3020 est,
3054 2970 3235 3027 neque
3263 2958 3365 3013 soli
3395 2975 3532 3015 con-

1954 3034 2126 3099 venit,
2182 3052 2364 3107 neque
2419 3049 2506 3094 est
2553 3056 2721 3111 super
2770 3058 2934 3100 omne
2985 3060 3210 3115 nomen,
3263 3065 3390 3104 eum
3422 3050 3536 3107 sint

1962 3125 2124 3179 multi
2154 3126 2209 3180 in
2237 3128 2394 3183 oculis
2420 3138 2475 3185 et
2505 3130 2560 3185 in
2597 3141 2745 3188 terra
2773 3134 3078 3191 secundum
3107 3138 3241 3209 quid
3272 3140 3405 3197 dicti
3441 3142 3531 3199 dei

1956 3226 2013 3271 et
2028 3216 2269 3288 domini;
2292 3221 2338 3276 si
2357 3221 2526 3293 igitur
2544 3239 2746 3281 nomen
2772 3227 2910 3282 illud
2933 3230 3167 3298 quilibet
3180 3232 3323 3288 alius
3336 3242 3537 3304 praeter

1956 3318 2148 3365 verum
2161 3311 2332 3366 Deum
2347 3324 2829 3384 usurpet,necesse
2840 3324 2925 3373 est
2938 3319 3024 3375 vel
3043 3318 3162 3378 sine
3172 3324 3397 3382 nomine
3409 3343 3535 3384 esse

1956 3416 2081 3454 eum
2105 3404 2197 3471 qui
2221 3401 2396 3469 dedit,
2419 3406 2505 3460 vel
2533 3405 2588 3460 in
2632 3408 2901 3465 alterutro
2932 3411 3166 3469 mendax
3184 3431 3306 3473 esse
3330 3434 3533 3476 nomen

1956 3491 2088 3546 illud
2116 3510 2130 3557 ;
2158 3494 2430 3564 siquidem
2459 3508 2556 3552 aut
2586 3499 2633 3553 is
2669 3498 2765 3570 qui
2799 3516 2993 3558 recens
3019 3507 3260 3576 accepit,
3286 3524 3414 3565 cum
3462 3514 3539 3567 sit

1961 3585 2195 3641 diversa:
2249 3596 2481 3655 naturae,
2535 3606 2638 3646 nec
2690 3593 2914 3662 proprie
2951 3593 3137 3662 habet,
3189 3600 3537 3658 mendaciter

1955 3677 2291 3741 nominatur;
2316 3681 2409 3750 qui
2435 3690 2617 3737 autem
2646 3683 2955 3755 antiquitus
2980 3685 3397 3763 habuerat,jam
3422 3707 3535 3750 non

1954 3780 2086 3821 vere
2133 3769 2473 3835 nominatur,
2522 3771 2727 3842 quippe
2757 3772 2854 3843 qui
2897 3788 3077 3845 nuper
3108 3777 3389 3846 alienavit,
3430 3798 3536 3840 nec

1956 3855 2010 3910 in
2041 3860 2262 3928 propria
2298 3862 2538 3916 nominis
2572 3874 2768 3918 natura
2804 3867 3130 3936 permansit.
3184 3868 3357 3926 Omne
3382 3874 3532 3930 enim

1955 3948 2237 4018 preprium
2261 3958 2316 4003 et
2345 3953 2593 4008 naturale
2623 3969 2845 4019 nomen,
2880 3956 3046 4012 unius
3078 3967 3289 4015 tantum
3321 3972 3535 4020 natura:

1954 4054 2157 4095 nomen
2197 4048 2310 4106 est,
2345 4057 2457 4096 non
2501 4051 2686 4098 autem
2732 4045 2966 4102 duarum
2993 4048 3336 4107 diversarum
3366 4064 3531 4110 natu-

1957 4146 2177 4197 rarum;
2216 4130 2363 4188 unde
2411 4134 2497 4189 vel
2538 4150 2649 4191 non
2701 4146 2887 4207 potest
2917 4139 3025 4194 dici
3058 4143 3283 4212 proprie
3313 4153 3372 4200 et
3402 4162 3533 4202 vere

1956 4223 2122 4279 alicui
2151 4239 2274 4280 esse
2310 4225 2532 4292 datum,
2558 4229 2643 4282 vel
2678 4229 2723 4283 si
2759 4232 2984 4300 pr0prie
3011 4232 3200 4288 datum
3239 4243 3357 4302 est,
3395 4254 3535 4293 non.

1958 4314 2063 4368 nisi
2094 4331 2162 4369 ex
2194 4314 2584 4386 conjunctione
2616 4319 2765 4375 illius
2795 4323 2889 4391 qui
2924 4323 3076 4379 solus
3101 4339 3227 4380 vere
3257 4341 3326 4382 eo
3348 4329 3531 4385 nomi-

1957 4415 2138 4471 natur,
2163 4423 2289 4462 eum
2320 4409 2430 4464 alio
2459 4409 2701 4477 diverso,
2734 4413 2925 4469 datum
2946 4424 3053 4471 est.
3090 4417 3183 4473 Sic
3211 4420 3359 4475 enim
3391 4431 3451 4478 et
3475 4422 3531 4479 in

1956 4498 2152 4552 eodem
2194 4501 2420 4570 proprio
2453 4501 2676 4556 nomine
2719 4512 2775 4557 et
2800 4505 2966 4561 simul
3009 4506 3064 4562 in
3098 4510 3208 4562 alio
3238 4511 3365 4576 erit,
3398 4527 3533 4583 pro.

276 4604 391 4672 γάρ
425 4601 518 4654 καὶ
546 4602 623 4654 ἔτι
650 4600 728 4670 τῷ
756 4600 907 4672 αὐτῷ
936 4601 1299 4669 ἐνυπάρχοντι
1318 4596 1541 4669 ὀνόματι
1564 4600 1660 4651 καὶ
1689 4599 1747 4651 ὲν
1778 4599 1852 4670 τῷ

1959 4599 2083 4659 pter
2135 4606 2263 4644 eum
2312 4592 2407 4661 qui
2452 4591 2510 4646 in
2564 4593 2682 4663 ipso
2711 4594 2887 4650 factus
2915 4607 3001 4652 est
3042 4613 3192 4654 :non
3223 4602 3369 4656 enim
3403 4619 3535 4669 vero

276 4696 454 4759 ἑτέρῃ
498 4692 674 4757 ἔσται,
722 4692 811 4746 διὰ
855 4694 945 4745 τὶν
995 4691 1290 4760 γενόμενον
1334 4692 1392 4742 ὲν
1441 4688 1624 4758 αὐτῷ’
1656 4687 1717 4741 οὐ
1748 4692 1858 4758 γάρ

277 4784 401 4837 ἐστί
456 4801 511 4837 τι
559 4784 659 4852 τῆς
706 4782 923 4853 φύσεως
992 4783 1162 4852 όνομα
1229 4780 1442 4852 ἀληθῶς
1499 4779 1860 4848 ὀνομάζεσθαι

275 4872 603 4944 ἀποχωροῦν
649 4873 743 4926 τοῦ
803 4874 935 4926 ἰδίου
960 4872 1323 4941 ὑποκειμένου
1345 4885 1359 4900 ·
1392 4870 1594 4940 ὁμοίως
1625 4871 1680 4923 δὲ
1715 4873 1807 4925 καὶ
1833 4873 1862 4925 6

275 4965 380 5032 τῆς
413 4963 566 5029 ἀξίας
593 4962 689 5035 χρ).
713 4962 1029 5025 δεσποτείας
1062 4961 1220 5030 λόγος
1271 4961 1368 5016 καὶ
1399 4960 1465 5015 τὰ
1503 4961 1663 5016 λοιπά
1684 4962 1860 5016 πάντα

274 5059 502 5113 νοεῖται.

366 5147 519 5202 Ἐπεὶ
551 5142 645 5202 οὖν
669 5147 757 5201 διὰ
782 5147 958 5202 ταῦτα
981 5148 1114 5217 ἡμῖν
1150 5146 1251 5218 μὲν
1276 5146 1341 5200 ὲκ
1369 5145 1471 5215 τῆς
1508 5145 1723 5215 φύσεως
1771 5145 1859 5200 δο-

280 5240 449 5307 Θῇναι
499 5239 592 5292 καὶ
625 5239 686 5291 τὸ
729 5239 830 5305 τῆς
861 5239 1016 5306 ἀξίας
1060 5237 1252 5308 ὄνομα,
1288 5239 1382 5291 καὶ
1406 5237 1566 5307 φύσιν
1591 5231 1729 5290 εἶναι
1760 5238 1860 5302 τὴν

279 5328 446 5394 ἀξίαν
473 5329 562 5382 ἐπὶ
617 5327 776 5390 Θεοῦ,
810 5329 874 5384 οὐ
913 5329 1024 5400 γὰρ
1061 5327 1354 5395 ὲπίκτητόν
1395 5344 1517 5380 τινα
1544 5326 1858 5397 περιϐολὴν,

282 5425 418 5493 ὑμῖν
452 5424 509 5478 δὲ
542 5422 616 5485 ὡς
645 5422 843 5482 ἔοικεν,
868 5421 990 5490 οὐχὶ
1013 5418 1187 5473 ταῦτα
1215 5419 1390 5481 οὕτως
1414 5417 1558 5489 ἔχειν
1589 5418 1856 5487 φαίνεται,

280 5515 477 5565 είπατε
512 5510 564 5563 τί
624 5510 858 5579 μάλιστα
908 5507 1161 5579 βούλεσθε
1227 5509 1377 5576 ἡμᾶς
1428 5509 1569 5561 νοεῖν
1596 5550 1608 5570 ,
1642 5507 1858 5579 ἀληθῶς

276 5598 452 5655 οὖσαν
482 5599 581 5668 τὴν
604 5598 746 5652 κατὰ
771 5596 1008 5668 Χριστὸν
1030 5596 1191 5663 ἀξίαν
1212 5596 1308 5650 καὶ
1335 5597 1656 5651 δεσποτείαν
1686 5597 1779 5650 καὶ
1800 5598 1860 5650 τὸ

274 5690 461 5758 ὅνομα
493 5708 503 5719 ·
550 5690 643 5741 καὶ
676 5687 911 5757 εἰδῶμεν
935 5687 985 5740 εί
1019 5687 1095 5756 μὴ
1128 5687 1343 5749 πάντως
1374 5685 1497 5741 ὅσον
1521 5684 1587 5740 ἀν
1618 5684 1693 5760 τῷ
1725 5690 1859 5759 μᾶλ-

276 5782 373 5833 λον
404 5777 659 5848 ὑπερέχοι
682 5779 752 5830 τά
783 5777 904 5831 καθ’
930 5777 1099 5846 ἡμᾶς,
1126 5776 1495 5847 τὸλεγόμενον
1526 5778 1655 5849 παρ’
1683 5780 1856 5849 ὑμῶν,

277 5869 409 5926 ἐπεὶ
447 5868 579 5932 εἶδος
611 5868 768 5921 τοῦτο
795 5871 898 5923 οὐκ
928 5868 1270 5934 ἐξαλλάσσει.
1338 5869 1447 5919 Καὶ
1480 5872 1590 5939 γὰρ
1614 5871 1683 5921 ἂν
1717 5868 1860 5925 οὕτω

607 5961 876 6019 Parnm.
922 5959 1039 6016 Gn.
1079 5958 1415 6021 LXXXVI.

1961 4679 2068 4736 diei
2103 4681 2155 4735 id
2189 4690 2370 4752 potest
2411 4699 2613 4741 nomen
2664 4695 2877 4743 naturre
2904 4692 3052 4760 quod
3081 4706 3111 4746 a
3141 4695 3368 4764 proprio
3403 4698 3538 4753 sub-

1955 4769 2104 4841 jecto
2157 4772 2440 4841 discedit;
2493 4776 2751 4833 similiter
2809 4789 2993 4835 autem
3052 4783 3410 4852 iudicandum
3462 4789 3533 4844 de

1962 4860 2223 4932 dignitate
2244 4870 2301 4919 et
2321 4873 2590 4935 potestate
2618 4877 2781 4936 atque
2817 4870 3042 4937 paribus
3080 4876 3311 4931 caeteris.

2031 5133 2167 5190 Cum
2188 5132 2354 5203 igitur
2374 5133 2536 5189 nobis
2556 5134 2807 5190 videatur
2821 5150 2886 5191 cx
2912 5146 3101 5192 natura
3126 5139 3245 5199 dari
3268 5149 3325 5196 et
3346 5138 3526 5211 ipsum

1962 5223 2249 5293 dignitatis
2292 5238 2517 5289 nomen,
2569 5224 2893 5295 dignitatem
2943 5236 3128 5285 autem
3171 5246 3202 5285 a
3258 5235 3369 5288 Deo
3414 5251 3539 5292 esse

1962 5329 2213 5373 naturam
2234 5336 2248 5384 ;
2271 5332 2379 5373 non
2400 5316 2548 5372 enim
2573 5318 2908 5388 acquisitum
2933 5323 3225 5392 quemdam
3243 5325 3540 5390 amictum;

1963 5411 2122 5465 vobis
2149 5424 2281 5466 vero
2308 5424 2418 5464 non
2462 5408 2558 5473 ita,
2586 5412 2650 5464 ut
2699 5409 2895 5480 liquet,
2922 5411 3140 5467 videtur
3165 5427 3180 5465 :
3206 5413 3374 5472 dicite
3408 5432 3544 5485 ergo

1962 5500 2094 5574 quid
2137 5486 2358 5559 tandem
2390 5516 2492 5558 nos
2523 5500 2965 5573 velitiscensere
2988 5503 3057 5558 de
3079 5520 3210 5560 vera
3229 5505 3430 5563 Christi
3456 5507 3539 5565 di-

1962 5596 2169 5667 gnitate
2214 5605 2273 5651 et
2326 5604 2635 5666 potestate,
2678 5592 2811 5666 quid
2860 5594 2929 5650 de
2986 5596 3126 5651 vero
3160 5598 3383 5654 nomine
3438 5607 3540 5655 tet

1964 5689 2204 5743 sciamus
2235 5702 2304 5743 an
2356 5703 2467 5757 non
2516 5687 2925 5760 quammaxime
2983 5696 3205 5759 praesim
3255 5688 3404 5760 quod
3440 5704 3544 5747 nos

1964 5778 2203 5833 dicimus
2226 5778 2487 5834 omnibus
2514 5792 2637 5849 quae
2671 5792 2703 5832 a
2742 5776 2902 5833 vobis
2946 5776 3229 5844 dicuntur,
3269 5779 3541 5852 siquidem

1966 5870 2181 5941 species
2212 5870 2301 5923 illa
2330 5883 2439 5924 non
2472 5878 2738 5924 mutatur.
2775 5867 2865 5925 Sic
2891 5870 3038 5925 enim
3071 5870 3253 5926 omnis
3276 5871 3440 5929 homo
3468 5874 3539 5929 ab

3047 5962 3123 6021 ιτ
