4214 6450
295 455 430 520 Ηδθ
1262 463 1657 526 ADVERSUS
1693 463 2238 529 NESTORIANOS.
2268 494 2335 505 -
2373 469 2517 529 LIII.
2564 469 2611 526 Ι.
3405 467 3537 532 1‘90

290 570 405 628 λον.
445 569 540 624 καὶ
597 568 765 622 ῐππου
797 568 936 641 πρδς
969 570 1134 624 ῐππον
1166 587 1180 602 ο
1201 573 1379 642 ,ἑτέρα
1407 574 1463 628 δέ
1496 577 1610 627 ἐστι
1655 577 1859 644 φυσικὴ
1894 583 1935 636 Α

1894 583 1935 636 Α
1966 579 2199 646 Speciem
2226 620 2238 643 ,
2269 595 2623 649 personarum
2650 578 3014 642 diversarum,
3050 587 3106 632 ut
3140 579 3317 649 angeli
3345 577 3415 633 ad
3441 596 3541 633 an-

286 661 514 723 ινωσις,
579 662 613 730 ἡ
658 660 929 732 διαφόρων
977 662 1191 730 φύσεων
1244 665 1323 727 είς
1391 665 1608 735 φύσεως
1670 668 1860 737 γέννη-

1966 670 2167 739 gelum,
2213 669 2339 738 equi
2385 667 2455 722 ad
2496 684 2736 738 equum;
2792 669 2965 722 altera
3011 683 3233 738 quoque
3272 671 3543 729 naturalis

288 770 375 806 σιν
430 755 754 826 καινοτέρας
814 753 1164 820 συνέλευσιςο
1222 758 1410 830 ὥσπερ
1465 763 1498 832 ἡ
1551 762 1649 832 τῆς
1682 762 1862 832 ψυχῆς

1967 761 2122 826 uuio,
2156 760 2540 814 concurrentia
2575 761 2789 815 scilicet
2830 759 3176 814 diversarum
3215 769 3538 814 naturarum

287 845 383 897 καὶ
437 843 532 897 τοῦ
590 843 843 913 σώματος
908 845 1109 913 φύσις,
1181 850 1260 911 είς
1309 849 1595 921 ἀνθρώπου
1669 852 1861 919 φύσιν,

1965 850 2032 904 ad
2064 848 2482 919 productionem
2513 847 2794 917 cujusdam
2823 863 2979 902 nova:
3001 857 3230 912 naturae,
3253 848 3397 902 sicut
3426 849 3555 902 ani--

288 935 388 988 καὶ
460 934 571 988 τῶν
629 935 670 988 δ’
724 937 1007 1006 στοιχείων
1082 940 1162 1003 είς
1250 943 1450 1012 σαρκὸς
1517 943 1700 1011 φύσιν,
1769 943 1865 996 καὶ

1966 956 2068 994 ma:
2095 949 2152 994 et
2179 941 2426 1009 corporis
2453 948 2646 993 natura
2677 940 2741 993 ad
2767 940 3007 995 hominis
3039 948 3292 995 naturam
3329 939 3539 995 consti-

284 1029 548 1081 πλειόνιιιν
585 1028 732 1080 ποῶν
762 1030 841 1089 εἰς
870 1030 1222 1100 ὲμπλάστρου
1255 1032 1420 1100 φύσιν
1453 1052 1467 1066 ο
1499 1035 1622 1104 ἥτις
1652 1036 1745 1088 καὶ
1778 1034 1864 1089 λέ-

1967 1032 2248 1096 tuendam,
2277 1041 2334 1086 et
2354 1039 2594 1102 quatuor
2622 1031 3021 1086 elementorum
3050 1031 3117 1085 ad
3159 1031 3345 1085 carnis
3377 1038 3542 1084 natu-

283 1135 444 1187 γεται
474 1118 1045 1190 δημιουργική.Ἀλλη
1077 1121 1134 1174 δὲ
1165 1122 1382 1190 λέγεται
1411 1126 1622 1195 φυσικὴ
1644 1125 1861 1188 ἒεκωσις.

1967 1139 2105 1188 ram,
2127 1132 2183 1179 et
2209 1125 2446 1194 plurium
2471 1124 2764 1179 herbarum
2796 1123 2864 1177 ad
2906 1123 3187 1193 emplastri
3229 1131 3484 1177 naturam
3518 1139 3531 1174 :

285 1211 321 1280 ὴ
354 1210 478 1262 καθ’
518 1209 820 1264 ὑπόστασιν
847 1209 977 1280 μίαν
1014 1211 1278 1266 πλειόνων
1318 1214 1535 1283 φύσεων
1585 1217 1860 1286 συνδρομὴ

1966 1230 2086 1284 qua:
2121 1215 2250 1270 unio
2290 1215 2495 1269 dicitur
2535 1213 2930 1278 constitutiva;
2975 1213 3143 1266 altera
3173 1227 3308 1266 vero
3337 1210 3542 1265 dicitur

285 1304 384 1355 καὶ
433 1304 511 1365 εἰς
533 1303 699 1372 φύσιν
725 1305 874 1374 μίαν·
900 1299 1059 1374 οἷονή
1083 1306 1174 1358 τοῦ
1193 1307 1334 1361 κατὰ
1359 1308 1514 1377 τήνδε
1534 1309 1630 1378 τὴν
1652 1309 1864 1380 ἡμέραν

1966 1307 2234 1360 naturalis
2271 1307 2572 1365 unio,cum
2591 1305 2802 1360 scilicet
2824 1304 3010 1374 plures
3045 1312 3256 1357 natura:
3282 1302 3336 1357 in
3375 1316 3541 1356 unam

285 1393 466 1454 φωτὸς
521 1395 616 1446 καὶ
648 1395 810 1462 ἀέρος
853 1395 960 1447 τῶν
1002 1396 1219 1464 φύσεων
1263 1397 1552 1467 συμπλοκή
1583 1415 1597 1429 ο
1635 1400 1731 1452 καὶ
1764 1400 1862 1453 τοῦ

1966 1412 2243 1459 naturam,
2291 1396 2596 1450 secundum
2639 1410 2952 1465 personam,
3009 1394 3347 1454 coalescunt,
3398 1393 3543 1446 sicut

286 1480 462 1549 πυρὸς
517 1481 610 1532 καὶ
663 1483 881 1552 σιδήρου
929 1485 1122 1548 ἔνωσις
1176 1485 1380 1556 φυσικὴ
1436 1486 1702 1558 λεγομένη
1732 1530 1746 1552 ,
1788 1489 1865 1553 ὼς

1967 1485 2280 1555 conjunctio
2314 1494 2526 1540 natura:
2576 1481 2718 1538 lucis
2761 1492 2820 1538 et
2858 1491 3069 1536 natura:
3100 1481 3246 1536 aeris
3287 1478 3355 1534 ad
3395 1479 3553 1533 diem-

286 1573 431 1622 κατὰ
461 1571 560 1632 τὰς
596 1572 788 1638 φύσεις
824 1575 1005 1629 αὐτῶν
1038 1577 1130 1628 καὶ
1160 1577 1219 1628 ού
1256 1579 1399 1630 κατά
1433 1595 1556 1632 τινα
1582 1580 1830 1648 συμϐεϐη
1851 1610 1864 1622 -

1966 1576 2412 1646 producendum;
2446 1577 2588 1645 ignis
2611 1576 2778 1630 etiam
2811 1583 2869 1629 et
2894 1572 3314 1627 ferrinaturalis
3338 1570 3548 1626 dicituc

285 1661 421 1713 κότα
457 1662 639 1722 αὐτοῖς
672 1664 808 1717 οὖσα
841 1665 1036 1729 ἓνωσις
1082 1668 1282 1723 αὐτῶν.
1318 1669 1439 1732 Πῶς
1471 1666 1565 1723 οὖν
1588 1673 1866 1740 παρατρὲ-

1967 1666 2121 1730 uuio,
2160 1665 2288 1734 quia
2320 1666 2398 1729 iit,
2451 1679 2558 1718 non
2592 1679 2692 1734 per
2741 1663 2925 1733 aliqua
2968 1677 3162 1718 eorum
3212 1661 3538 1722 accidentia.

285 1770 476 1821 χοντες
509 1753 583 1824 μὴ
641 1757 880 1808 συνιέναι
925 1757 1050 1810 καθ’
1080 1759 1146 1828 ἢν
1185 1760 1363 1830 φαμὲν
1395 1760 1592 1813 ἕνωσιν
1626 1763 1864 1833 φυσικὴν

1965 1757 2062 1812 sed
2103 1773 2202 1826 per
2232 1759 2377 1827 ipsas
2404 1770 2598 1810 eorum
2629 1763 2856 1808 naturas
2892 1771 2906 1806 :
2958 1752 3234 1822 quomodo
3268 1766 3401 1820 ergo
3451 1767 3541 1804 re-

279 1841 380 1894 τοῦ
411 1844 584 1910 Λόγου
618 1847 717 1914 τὴν
743 1849 1026 1918 σάρκωσιν
1054 1852 1234 1920 ἡμεῖς,
1267 1851 1388 1904 καθ’
1416 1853 1485 1922 ἣν
1516 1853 1692 1906 ἄτοπα
1729 1855 1860 1924 ὑμῖν
1895 1914 1930 1924 -

1895 1914 1930 1924 _
1966 1859 2200 1903 nuentes
2224 1846 2532 1917 intelligere
2569 1843 2873 1900 secundum
2903 1857 3198 1913 quamnam
3234 1840 3542 1896 naturalem

280 1935 670 2006 συρῤἀψουσιν
710 1937 784 2001 ὡς
837 1941 929 1993 κειιῖ¹
961 1943 1072 2005 τοῖς
1102 1942 1455 2012 Σεϐηρίταις,
1487 1945 1629 1999 κατὰ
1657 1947 1861 2016 ταύτην
1895 1914 1934 1970 Β

1895 1914 1934 1970 Β
1967 1938 2225 1992 unionem
2272 1935 2439 1991 Verbi
2475 1934 2910 1990 incarnationem
2963 1930 3314 1994 conﬁtemur,
3350 1945 3542 1986 secun-

281 2025 592 2094 ἐνδέχονται
641 2028 760 2082 τόδε
813 2031 1108 2102 λεγόμενον
1163 2035 1256 2086 καὶ
1298 2034 1389 2102 ὑφ’
1425 2034 1625 2104 ὴμῶνς
1663 2037 1778 2089 ἀλλ’
1805 2039 1864 2089 ὲν

1965 2028 2096 2082 dum
2127 2029 2276 2082 illam
2303 2042 2467 2097 quam
2508 2026 2716 2081 insulse
2753 2024 3038 2079 vobiscum
3061 2033 3118 2078 et
3146 2038 3270 2077 cum
3295 2020 3546 2078 Severia-

278 2118 456 2169 τοίσδε
516 2120 723 2174 οὑτωσὶ
774 2125 1204 2195 καταλελυμένοι
1242 2167 1256 2190 ,
1304 2125 1395 2178 καί
1446 2145 1496 2179 τι
1565 2127 1864 2200 δεινότερον

1965 2121 2052 2176 nis
2076 2127 2550 2183 commentantur,
2580 2118 2750 2173 verba
2784 2126 2974 2172 nostra
3004 2116 3325 2186 accipiunt?
3352 2114 3448 2171 sed
3485 2115 3539 2168 in

282 2209 583 2282 πρόϐλημα
649 2214 792 2267 κατὰ
861 2216 960 2286 τῆς
1029 2216 1305 2288 ἡμετέρας
1364 2216 1604 2280 πίστεως
1659 2220 1882 2273 τοιόνδε

1879 2254 1882 2258 .
1965 2212 2118 2268 hisce
2140 2212 2221 2267 sic
2249 2210 2487 2266 coullieti
2515 2211 2632 2266 haec
2659 2209 2993 2265 terribiliora
3025 2209 3080 2262 in
3103 2207 3268 2263 ﬁdem
3298 2216 3543 2263 nostram

281 2299 474 2367 φασίν.

1963 2303 2142 2375 jacula
2172 2303 2525 2372 detorquent.

861 2399 1112 2458 ΚΕΦΑΛ.
1172 2401 1295 2455 KI".

1283 2441 1295 2455 .
2563 2395 2714 2450 CAP.
2754 2393 2943 2450 XXIII.

326 2487 482 2546 _'O‘tt
513 2489 545 2560 ἡ
578 2485 701 2543 καθ’
733 2491 1032 2544 ὑπόστασιν
1075 2492 1344 2559 σύνθεσις,
1381 2495 1558 2548 εἴτουν
1601 2493 1696 2547 τοῦ
1726 2492 1862 2547 Θεοῦ

2035 2487 2368 2558 Conjunctio
2394 2484 2699 2542 secundum
2731 2499 3044 2555 personam,
3071 2498 3170 2538 seu
3206 2481 3338 2537 unio
3367 2480 3462 2538 Dei
3489 2489 3544 2537 et

283 2578 425 2649 πρὸς
473 2581 780 2651 ἄνθρωπον,
813 2582 847 2653 ἢ
878 2585 1018 2655 ὑπὲρ
1050 2584 1212 2654 φύσιν
1242 2587 1361 2639 ἐστὶ
1387 2589 1486 2658 τῆς
1520 2587 1796 2658 θεότητος,
1828 2587 1861 2656 ἢ

1965 2579 2206 2634 hominis
2227 2619 2241 2644 ,
2267 2579 2354 2634 vel
2381 2586 2465 2634 est
2480 2593 2647 2648 supra
2666 2587 2915 2632 naturam
2942 2574 3268 2640 divinitatis,
3283 2574 3368 2631 vel
3392 2583 3545 2630 extra

284 2672 440 2740 παρὰ
493 2672 675 2739 φύσιν,
711 2673 744 2744 ἢ
773 2675 912 2728 κατὰ
941 2676 1102 2743 φύσιν
1135 2717 1150 2742 ,
1182 2678 1296 2746 εἴγε
1341 2677 1510 2742 ὅντως
1558 2677 1714 2730 ἐστιν·
1745 2677 1862 2731 ἀλλ’

1963 2679 2242 2736 naturam,
2294 2669 2381 2724 vel
2425 2667 2730 2724 secundum
2756 2677 3035 2734 naturam,
3089 2668 3136 2723 si
3186 2674 3368 2722 tamen
3413 2681 3545 2722 vere

283 2765 337 2816 εί
370 2765 469 2834 μὲν
509 2765 649 2834 ὑπὲρ
676 2767 838 2835 φύσιν
871 2767 1012 2830 αῦτη
1040 2771 1178 2832 ἐστὶ,
1221 2770 1469 2841 μείζονάς
1491 2788 1550 2822 τε
1578 2770 1863 2840 δυνάμεως

1965 2762 2211 2830 exsistit;
2243 2762 2340 2817 sed
2381 2762 2426 2818 si
2477 2777 2644 2833 supra
2692 2769 2967 2827 naturam,
3019 2760 3076 2814 in
3119 2775 3184 2814 ea
3228 2758 3547 2829 supervenit

283 2855 544 2927 ἔργονεξς
571 2858 743 2928 αὐτὴν
772 2859 993 2929 γέγονε,
1012 2863 1107 2914 καὶ
1132 2863 1211 2926 εις
1240 2862 1301 2916 τὸ
1326 2863 1466 2933 ὑπὲρ
1495 2863 1664 2929 αὐτὴν
1695 2861 1863 2931 ηὐξή-

1965 2873 2105 2928 opus
2137 2857 2358 2928 majoris
2397 2855 2679 2927 potentiae,
2707 2864 2763 2910 et
2790 2869 2957 2924 super
2988 2869 3048 2908 se
3073 2861 3233 2908 aucta
3253 2861 3370 2917 est;
3401 2850 3547 2906 unde

285 2947 378 3019 θη,
407 2950 503 3002 καὶ
527 2950 630 3028 οὐκ,
654 2951 866 3022 ἀληθῶς
894 2953 1301 3022 παντοδύναμος
1335 2952 1496 3022 αῦτη,
1530 2954 1650 3006 οὐδὲ
1682 2954 1863 3007 πάντα

1963 2966 2074 3006 non
2106 2958 2192 3005 est
2216 2949 2586 3019 omnipotens,
2615 2960 2718 3000 nec
2748 2959 2969 3000 omnem
3009 2944 3276 2998 rationem
3307 2941 3543 2998 excedit.

284 3037 447 3106 λόγον
475 3038 838 3113 ὑπερέχουσα.
875 3043 935 3094 Εἰ
961 3041 1017 3095 δὲ
1054 3043 1205 3113 παρᾶ
1237 3044 1400 3111 φύσιν
1425 3043 1560 3114 α’ύτη
1593 3043 1732 3108 ἐστὶ,
1755 3044 1866 3113 χείο

1965 3043 2021 3099 Si
2067 3052 2251 3096 autem
2283 3048 2438 3094 extra
2464 3047 2742 3104 naturam,
2772 3037 2952 3106 seipsa
2985 3036 3169 3089 minor
3203 3033 3341 3089 facta
3373 3041 3460 3088 est
3492 3044 3546 3088 et

287 3145 400 3199 ρων
420 3145 478 3181 τε
508 3122 678 3198 αὐτῆς
701 3131 913 3198 γέγονε,
936 3133 1031 3185 καὶ
1054 3151 1146 3203 τρε
1158 3136 1264 3205 mi;
1291 3134 1577 3198 δέδεικται,
1608 3136 1702 3187 καὶ
1728 3135 1864 3206 πρὸς

1965 3134 2249 3189 mutabilis
2265 3141 2513 3204 apparet,
2545 3140 2600 3186 et
2622 3131 2677 3185 in
2701 3128 3148 3185 extenuationem
3171 3126 3396 3197 delapsa
3419 3134 3505 3181 est
3529 3142 3545 3190 ;

223 3217 229 3222 ’
285 3220 482 3289 ὕφεσιν
513 3224 937 3294 κατηνέχθηοεξ
995 3225 1049 3278 δὲ
1112 3227 1250 3293 κατὰ
1305 3226 1469 3295 φύσιν
1510 3227 1648 3299 αῦτη
1694 3229 1860 3289 ἐστὶν,

1891 3253 1934 3311 C
1966 3227 2010 3281 si
2032 3227 2334 3296 verojuxta
2366 3232 2644 3286 naturam,
2673 3236 2853 3292 neque
2883 3237 2947 3275 ex
2977 3219 3152 3291 gratia
3183 3219 3349 3273 Verbi
3372 3219 3549 3273 incar-

283 3315 412 3366 οὔτε
443 3314 627 3385 χάριτι
657 3317 689 3386 ἡ
727 3318 998 3388 σὰρκωσις
1024 3318 1118 3372 τοῦ
1148 3321 1344 3387 Λόγου,
1377 3319 1499 3374 οὕτε
1557 3321 1717 3390 μόνου
1770 3321 1863 3374 τοῦ
1906 3309 1920 3311 ⁷

1906 3309 1920 3311 ⁷
1973 3318 2144 3378 natio,
2165 3331 2346 3386 neque
2369 3315 2542 3369 solius
2561 3313 2706 3377 Filii,
2725 3312 2819 3368 sed
2839 3321 2894 3366 et
2914 3309 3547 3381 PatrisetSpiritussan-

287 3403 422 3458 Υίοῦ
447 3447 462 3469 ,
485 3405 620 3460 ἀλλὰ
653 3410 745 3461 καὶ
777 3409 872 3461 τοῦ
910 3410 1121 3481 [ἰατρὸς
1159 3411 1253 3464 καὶ
1286 3413 1379 3464 τοῦ
1415 3413 1728 3484 Πνεύματος
1771 3414 1863 3468 τοῦ

1973 3409 2077 3463 cti:
2103 3409 2197 3463 sed
2219 3416 2275 3461 et
2296 3423 2418 3470 cur,
2444 3405 2488 3459 si
2511 3405 2578 3459 sit
2601 3405 2756 3476 juxta
2778 3413 3055 3468 naturam,
3074 3417 3186 3456 non
3216 3410 3377 3456 antea
3407 3400 3547 3455 facta

286 3495 474 3563 ἁγίου.
513 3498 579 3550 Τί
627 3499 683 3550 δὲ
735 3498 843 3568 ἄρα
874 3502 963 3552 καὶ
1003 3501 1145 3554 κατὰ
1178 3501 1338 3571 φύσιν
1381 3499 1538 3566 οὖσα,
1572 3505 1739 3558 πάλαι
1768 3506 1867 3574 μὲν

1973 3512 2076 3565 est,
2101 3503 2194 3558 sed
2216 3518 2385 3564 nunc,
2403 3501 2559 3571 quasi
2584 3508 2781 3555 natura
2806 3501 2965 3571 prius
2988 3496 3307 3570 imperfecta
3331 3497 3544 3556 fuisset.

284 3584 390 3636 οὔκ
416 3585 653 3652 ἐγένετο,
685 3587 780 3639 νῦν
806 3588 861 3641 δὲ
895 3589 1163 3658 ἐπράχθη,
1197 3590 1270 3652 ὡς
1307 3590 1530 3654 ἀτελοῦς
1551 3592 1676 3645 τότε
1701 3592 1867 3663 οῦσης

1973 3604 2030 3649 et
2066 3610 2214 3649 nunc
2259 3595 2327 3648 de
2357 3593 2608 3664 potentia
2641 3592 2710 3646 ad
2766 3601 2952 3647 actum
3006 3590 3292 3645 transierit
3323 3588 3480 3644 ?Sed
3503 3589 3551 3643 si-

284 3677 392 3746 τῆς
415 3669 651 3746 φύσεως,
685 3679 781 3733 καὶ
811 3682 876 3733 ὲκ
906 3680 999 3733 τοῦ
1035 3681 1265 3750 δυνάμει
1300 3683 1379 3745 εἰς
1405 3683 1465 3735 τὺ
1489 3683 1739 3754 ἐνεργείᾳ
1772 3683 1866 3738 νῦν

1974 3689 2157 3741 omnia
2182 3687 2296 3740 haec
2335 3687 2389 3740 iu
2424 3685 2536 3739 Deo
2577 3691 2708 3739 sunt
2730 3682 2992 3748 absurda,
3027 3697 3131 3737 nec
3156 3681 3370 3752 possint
3388 3680 3549 3735 aliter

289 3770 694 3840 προαχθείσης;
729 3771 790 3824 Ei
822 3769 877 3822 δὲ
934 3771 1110 3824 πάντα
1161 3771 1339 3825 ἆτοπά
1398 3773 1544 3824 ἐστιν
1566 3775 1656 3826 ἐπὶ
1707 3773 1865 3836 Θεοῦ,

1975 3780 2232 3851 conjungi
2256 3788 2489 3844 naturae,
2508 3778 2594 3832 vel
2619 3776 2859 3831 absurde
2877 3776 3251 3846 coniungitur,
3266 3773 3547 3844 inquiunt,

284 3859 417 3913 ἄνευ
452 3860 508 3914 δὲ
553 3861 760 3914 τούτων
813 3861 1064 3914 ἐνοῦσθαι
1103 3862 1295 3931 φύσεις
1334 3863 1434 3915 οὐκ
1469 3861 1638 3925 ἔστιν,
1675 3864 1707 3934 ἦ
1745 3865 1869 3918 ἀτὸο

1976 3872 2060 3926 vel
2101 3871 2326 3925 omnino
2369 3887 2480 3924 non
2530 3869 2885 3939 coniungitur
2915 3875 3113 3921 natura
3157 3866 3344 3921 divina
3391 3866 3548 3921 alteri

286 3968 410 4012 ’πως
438 3952 668 4020 ἥνωται,
697 3951 730 4022 ἢ
771 3953 869 4022 οὐχ
897 3953 1121 4022 ἥνωται,
1164 3954 1320 4023 φησι,
1351 3955 1474 4006 καθ’
1507 3955 1803 4009 ὑπόστασιν
1835 3958 1867 4026 ἡ

1975 3970 2207 4015 natum.
2248 3959 2357 4015 Sed
2407 3963 2482 4015 ita
2533 3967 2682 4015 esset
2732 3961 2803 4023 si,
2864 3959 2970 4014 hoc
3016 3957 3340 4027 simpliciter
3381 3957 3548 4019 facto,

293 4040 418 4094 θεία
467 4045 630 4112 φύσις
669 4044 832 4116 ἑτέρᾳ
860 4045 1042 4112 φύσει.
1079 4046 1263 4099 Ταῦτα
1288 4046 1354 4100 ἂν
1388 4047 1560 4113 οὓτως
1597 4045 1763 4120 εἶχεν,
1796 4051 1867 4114 εξ,

1977 4062 2172 4106 natura
2218 4061 2365 4106 esset
2417 4067 2584 4107 causa
2622 4051 2937 4106 immediata
2971 4067 2985 4104 :
3021 4065 3261 4120 namque
3307 4065 3417 4104 non
3450 4066 3551 4105 na-

289 4134 482 4198 ἀπ).ὧς
539 4137 740 4200 παντὸς
798 4139 1124 4208 πράγματος
1149 4139 1439 4210 γινομένου
1460 4183 1474 4206 ,
1509 4141 1669 4208 φύσις
1704 4138 1772 4213 ἦν
1807 4142 1869 4195 τὸ

1975 4154 2090 4198 tare
2121 4144 2175 4197 in
2211 4145 2388 4212 aquis,
2418 4160 2528 4198 non
2561 4145 2614 4198 in
2659 4151 2826 4213 caput
2860 4144 3080 4209 saltare,
3117 4153 3212 4200 aut
3244 4143 3300 4198 in
3331 4143 3548 4198 rudenti

286 4229 562 4299 προσεχὲς
593 4230 767 4282 αἴτιον
790 4246 803 4260 ·
834 4231 896 4282 τὸ
933 4229 1042 4300 γὰρ
1079 4231 1154 4300 μὴ
1193 4231 1452 4300 νήχεσθαι
1488 4232 1610 4285 καθ’
1648 4232 1865 4300 ὓδατος,

1977 4237 2258 4292 ambulare
2296 4237 2506 4292 huncce
2549 4237 2854 4301 hominem,
2902 4237 3180 4308 quomodo
3239 4237 3365 4307 quis
3407 4236 3554 4291 dicat

286 4321 323 4392 ἢ
359 4321 431 4393 μὴ
461 4321 796 4392 κυϐιστᾷν,ἢ
827 4321 1166 4375 καλωϐατεϊν
1190 4321 1337 4375 τόνδε
1367 4324 1489 4378 τινὰ
1543 4326 1632 4378 τὸν
1660 4325 1870 4396 ἄνθρω-

1971 4329 2095 4384 ὶιιιιο
2148 4345 2312 4400 supra
2361 4337 2614 4391 naturam
2667 4331 2788 4400 ejus
2852 4331 3022 4386 esse?
3079 4329 3354 4401 siquidem
3411 4329 3553 4384 alius

283 4431 416 4479 πον,
446 4414 499 4466 τί
525 4413 592 4467 ἂν
629 4414 773 4466 εἴποι
794 4431 878 4478 τις
914 4416 995 4468 ὅτι
1034 4415 1176 4484 ὑπὲρ
1206 4415 1368 4485 φύσιν
1403 4416 1554 4485 αὑτῷ
1578 4420 1696 4471 ἐστι
1729 4435 1742 4481 ;
1775 4420 1869 4472 καὶ

1979 4421 2222 4491 ejusdem
2262 4430 2472 4476 natura:
2500 4421 2616 4476 hzec
2645 4421 2776 4476 facit
2800 4439 2813 4475 :
2846 4430 2942 4476 aut
2963 4431 3117 4477 extra
3143 4421 3437 4475 naturam?
3457 4422 3552 4476 sed

289 4506 407 4578 μὴν
457 4506 706 4577 ὁμοφυὴς
755 4506 906 4576 αὐτῷ
948 4507 1074 4560 τάδε
1123 4507 1402 4577 πράττει·
1433 4509 1548 4562 ἀλλ’
1580 4511 1663 4564 ὃτι
1718 4513 1870 4582 παρὰ

1979 4511 2124 4581 quod
2164 4527 2229 4565 ea
2267 4527 2378 4566 non
2423 4511 2574 4576 facit,
2619 4527 2729 4566 non
2771 4512 2958 4566 minus
2999 4527 3067 4568 eo
3107 4519 3193 4567 est
3227 4512 3429 4578 homo;
3458 4523 3555 4566 aut

287 4596 461 4667 φύσιν
487 4615 501 4662 ;
528 4598 620 4650 καὶ
650 4597 757 4669 μὴν
802 4599 954 4651 οὐδὲν
981 4594 1146 4670 ἦττον
1175 4599 1460 4670 ἄνθρωπός
1494 4604 1608 4656 ἐστι
1663 4605 1758 4657 καὶ
1791 4604 1866 4675 μὴ
1893 4597 1947 4656 D

1893 4597 1947 4656 D
1973 4601 2273 4657 secundum
2309 4602 2604 4657 naturam?
2637 4602 2732 4656 sed
2781 4603 3061 4673 quomodo
3102 4601 3198 4672 qui
3239 4617 3348 4657 non
3382 4611 3551 4664 natat,

288 4690 553 4758 πρὶττων
607 4688 731 4742 τάδε
756 4705 770 4720 ο
803 4688 919 4742 ἀλλ’
970 4689 1052 4743 ὅτι
1110 4692 1252 4744 κατὰ
1284 4693 1484 4761 φύσιν;
1521 4693 1615 4746 καὶ¹
1648 4693 1766 4758 πῶς
1800 4695 1876 4766 μὴ

1977 4711 2086 4748 non
2123 4693 2176 4747 in
2226 4703 2391 4762 caput
2431 4694 2631 4758 saltat,
2678 4701 2775 4748 aut
2825 4693 3196 4756 funeincedit,
3219 4709 3328 4748 non
3373 4692 3557 4747 minus

288 4781 597 4850 νηχόμενος
629 4781 662 4851 ἢ
699 4780 992 4846 κυϐιστῶν,
1025 4783 1058 4853 ἢ
1093 4784 1427 4837 καλωὸατῶν
1459 4787 1516 4837 ἐν
1566 4786 1679 4849 τοϊς
1733 4787 1877 4840 κατὰ

1975 4800 2098 4854 qua:
2127 4793 2258 4838 sunt
2289 4783 2596 4838 secundum
2643 4792 2894 4839 naturam
2938 4785 3046 4838 alia
3088 4783 3354 4839 habebit?
3384 4783 3557 4837 Mani-

289 4872 461 4942 φύσιν
487 4871 638 4925 οὐδὲν
670 4872 889 4925 ἔλαττον
917 4874 1103 4941 ἔσται;
1140 4876 1348 4929 Οὐκοῦν
1386 4877 1572 4946 σαφῶς
1604 4877 1745 4931 κατὰ
1777 4881 1877 4948 τὴν

1978 4876 2114 4931 feste
2180 4875 2348 4946 igitur
2391 4875 2509 4931 haec
2569 4886 2700 4930 sunt
2773 4875 3081 4931 secundum
3150 4875 3561 4946 beneplacitum

288 4963 546 5016 εὐδοκίαν
596 4964 711 5017 ἐστὶ
744 4964 869 5018 τάδε
914 4965 1012 5034 τῆς
1072 4967 1326 5036 φύσεως,
1375 4971 1468 5022 καὶ
1497 4971 1558 5023 ού
1610 4969 1752 5023 κατὰ
1779 4969 1879 5041 τὴν

1978 4976 2209 5032 natum,
2229 4981 2338 5020 non
2369 4965 2424 5020 in
2451 4977 2645 5022 natura
2677 4966 3057 5021 benevolentis
3078 4981 3300 5024 causam
3327 4966 3559 5036 pnimam

291 5055 462 5125 φύσιν
485 5054 577 5108 τοῦ
595 5056 939 5121 εὐδοκοῦντος
965 5058 1075 5128 ἔχει
1104 5060 1199 5130 τὴν
1228 5060 1680 5130 αἰτία-ι’πρώτως.
1706 5063 1879 5114 Τινῶν

1981 5059 2206 5113 habent.
2237 5058 2495 5128 Regimen
2527 5058 2672 5112 enim
2695 5067 2754 5112 et
2772 5068 3225 5127 potestas-rerum
3251 5059 3558 5114 contraria-

291 5147 410 5217 γὰρ
441 5147 704 5199 ἐναντίων
754 5149 901 5218 ἀρχὴ
946 5151 1039 5201 καὶ
1073 5149 1315 5216 ἐξουσία,
1341 5152 1374 5220 ἡ
1405 5153 1599 5220 γνώμη
1634 5153 1752 5207 ἐστὶ
1782 5155 1879 5206 καὶ

1981 5166 2125 5216 rum,
2149 5150 2404 5204 voluntas
2425 5159 2530 5212 est,
2547 5165 2656 5203 non
2681 5158 2900 5204 natura.
2928 5151 3169 5214 Sed,ait,
3196 5151 3286 5205 illa
3312 5151 3444 5203 unio
3462 5149 3556 5203 Dei

291 5238 398 5306 οὐχ
431 5239 464 5305 ἡ
521 5235 701 5304 φύσις.
745 5237 888 5289 Ἀλλ’
923 5238 1085 5308 αῦτη,
1121 5241 1278 5310 φησὶ,
1332 5243 1364 5310 ἡ
1398 5241 1591 5305 ἓνωσις
1617 5243 1710 5296 τοῦ
1738 5243 1876 5296 Θεοῦ

1981 5241 2269 5296 nobiscum
2292 5241 2528 5296 naturali
2545 5242 2935 5311 conjunctione
2956 5241 3057 5296 fuit
3075 5242 3345 5312 perfecta:
3363 5249 3558 5294 natura

292 5328 425 5382 καθ’
454 5328 600 5397 ἡμᾶς
651 5331 852 5399 φυσικῇ
905 5330 1152 5384 συνθέσει
1187 5333 1525 5405 ἀπετελέσθη
1553 5349 1566 5362 ·
1595 5333 1792 5406 γνώμῃ
1822 5335 1880 5388 δὲ

1983 5343 2166 5390 autem
2199 5334 2438 5404 prepriae
2473 5333 2740 5388 voluntati
2778 5350 2885 5389 non
2923 5335 3190 5405 subjacet.
3237 5332 3563 5388 Volentibus

297 5420 411 5491 ἰδίᾳ
444 5419 606 5489 φύσις
635 5421 733 5490 οὐχ
776 5422 1165 5478 ὑποτέτακται.
1206 5426 1280 5477 Οὔ
1316 5427 1425 5497 γὰρ
1478 5427 1600 5479 ἐπεὶ
1656 5427 1875 5480 εὐδοκία

1983 5429 2130 5481 enim
2154 5426 2409 5496 plurimis
2427 5427 2667 5480 animam
2696 5442 2849 5481 suam
2887 5427 3144 5498 conjungi
3178 5441 3302 5481 cum
3329 5441 3562 5496 corporo

297 5517 424 5567 ἐστὶ
479 5512 697 5576 πολλοῖς
751 5514 1104 5584 ἀδαμαντίνῳ
1134 5517 1167 5581 ἦ
1212 5518 1384 5588 ἁερίῳ
1413 5517 1624 5587 σώματι
1655 5523 1879 5586 συγκεῖ-

1985 5519 2338 5573 adamantino
2350 5527 2443 5572 aut
2459 5519 2720 5583 aethereo,
2743 5535 2850 5572 non
2873 5529 2958 5574 est
2981 5521 3035 5573 in
3053 5535 3246 5574 eorum
3266 5526 3560 5588 potestate;

299 5605 430 5660 σθαι
465 5606 645 5660 αὐτῶν
670 5607 769 5676 τὴν
799 5606 961 5676 φύσιν
985 5609 1083 5678 τῆς
1111 5608 1309 5680 ψυχῆς,
1329 5611 1430 5680 ἤδη
1455 5612 1545 5664 καὶ
1572 5613 1878 5679 σύγκειταιο

1987 5610 2060 5664 ita
2087 5619 2268 5664 autem
2302 5619 2408 5674 est,
2439 5610 2568 5680 quia
2594 5611 2847 5665 voluntas
2870 5611 3051 5664 minor
3084 5620 3168 5664 est
3202 5619 3412 5664 natura!
3445 5619 3565 5680 pot-

297 5698 422 5751 ἀλλ’
452 5698 622 5761 ὅντως
671 5698 847 5761 οὕτως
902 5701 1015 5771 ἔχει
1083 5701 1228 5767 τάδε,
1254 5703 1340 5772 ἐφ’
1370 5697 1445 5757 ὧν
1471 5705 1651 5774 ἥττων
1675 5707 1823 5757 ἐστὶν
1851 5709 1882 5775 ἡ

1985 5712 2178 5758 estate.
2209 5703 2328 5756 Non
2358 5703 2506 5757 enim
2535 5719 2661 5756 cum
2695 5704 2977 5772 pedestres
3007 5704 3201 5765 simus,
3222 5714 3418 5757 natura
3442 5719 3567 5772 pos-

297 5791 522 5846 εύδοκία
579 5795 644 5864 τῇ
675 5791 904 5864 δυνάμει
961 5795 1060 5864 τῆς
1109 5794 1324 5863 φύσεως
1358 5796 1450 5849 τοῦ
1476 5796 1822 5860 εὗδοκοῦντος
1865 5817 1877 5831 ·
1921 5821 1924 5824 ’

1921 5821 1924 5824 η
1987 5812 2178 5851 smnus
2200 5812 2303 5851 nos
2332 5796 2432 5851 alis
2470 5798 2768 5860 instruere,
2805 5797 3056 5865 quamvis
3100 5795 3329 5850 volitare
3379 5795 3568 5863 cupia-

295 5884 425 5940 οὐδὲ
455 5886 556 5956 γὰρ
590 5888 634 5938 οε
662 5886 815 5950 πεζοὶ
850 5886 1126 5954 πτηνῶσαι
1154 5890 1378 5952 into-‘1;
1408 5887 1668 5960 ἰσιύομεν
1696 5891 1876 5958 φύσει,

1991 5906 2130 5943 mus.
2166 5888 2271 5943 Sed
2319 5889 2371 5942 in
2407 5889 2515 5942 Deo
2557 5889 2812 5942 voluntas
2848 5897 2902 5942 et
2938 5897 3145 5945 natura.
3163 5885 3409 5957 ejusdem
3437 5897 3565 5940 sunt
