4214 6450
1923 500 1926 502 ,
2010 442 2315 504 LEONTII
2356 440 2756 503 ΒΥΖᾹΝΤΙΝῘ

3848 437 3984 503 ἱέθῦ

749 548 898 600 enim
959 523 1690 602 ιοιιι’”οοηευ1›εισηιίιι1ἰιιιιι
1761 546 2093 616 proprietate
2157 545 2308 600 diffe-

2416 546 2630 599 στῶσαν
2659 545 2764 597 τῶν
2805 544 3172 614 όμοουσὶων...
3215 545 3360 614 ἁπλῆ
3406 544 3672 614 φανείη...
3723 543 3799 613 τῷ
3842 540 3984 600 εἶναι

758 443 892 506 1495

753 645 987 691 rant.....
1023 635 1255 706 simplex
1295 635 1692 691 videretur..."
1728 651 1797 691 eo
1841 638 1988 707 quod
2037 639 2316 707 ingenitus

749 729 936 782 sit.....
967 726 1151 800 sedet
1175 742 1241 781 eo
1264 726 1412 796 quod
1446 729 1517 782 sit
1544 727 1758 797 genitor
1794 728 1954 782 Verbi
1994 740 2050 782 et
2078 729 2316 798 spirator

749 818 987 886 Spiritus
1009 818 1204 878 sancti,
1230 818 1345 886 ipse
1376 834 1483 873 non
1517 818 1856 888 procedens;
1897 821 2102 888 pariter
2131 830 2314 874 autem

747 915 803 960 et
850 904 1089 974 Spiritus
1142 907 1329 976 plures
1377 916 1505 960 sunt
1549 908 1934 977 proprietates.
1981 909 2097 962 Non
2147 910 2317 978 igitur

747 998 1126 1066 Inultiplicitas
1173 999 1543 1068 personalium
1592 1001 1991 1068 proprietatum
2041 1002 2318 1070 composi-

749 1097 857 1139 tam
889 1087 1054 1142 cllicit
1096 1089 1402 1157 simplicem
1439 1090 1865 1158 proprietatem;
1899 1089 1994 1145 sed
2031 1091 2159 1145 licet
2187 1092 2314 1162 quis

745 1197 760 1226 ι
784 1193 810 1229 x
847 1179 1099 1246 pluribus
1123 1180 1373 1246 personis
1414 1195 1574 1232 unam
1615 1194 1902 1247 personam
1935 1182 2190 1250 componi
2222 1199 2313 1235 ar-

749 1269 1165 1339 bitretur.quod
1195 1286 1294 1325 nos
1313 1271 1459 1325 absit
1487 1272 1694 1334 dicere,
1722 1273 1815 1340 qui
1849 1273 2072 1326 minime
2096 1274 2315 1328 censui-

748 1375 870 1412 IIIIIS
907 1377 1128 1414 carnem
1175 1362 1326 1431 prius
1371 1362 1540 1417 fuisse
1608 1361 1898 1415 formatam
1940 1370 1995 1414 et
2044 1372 2230 1430 postea
2284 1379 2313 1417 a

753 1449 928 1502 Verbo
958 1458 1311 1518 assumptam,
1345 1451 1488 1505 sicut
1515 1450 1669 1506 Vobis
1701 1452 1897 1518 placet,
1935 1452 2030 1506 sed
2061 1469 2126 1506 ex
2165 1457 2317 1526 prin~

749 1540 895 1607 cipio
925 1555 1036 1594 suae
1061 1541 1396 1594 exsistentim
1421 1542 1475 1595 in
1512 1556 1804 1610 personam
1836 1543 1998 1597 Verbi
2035 1543 2203 1598 fuisse
2232 1547 2312 1598 in.

749 1631 989 1693 ductam,
1018 1630 1160 1683 unde
1183 1629 1454 1693 Christus,
1487 1647 1652 1701 quem
1671 1648 1767 1685 vos
1795 1633 1975 1700 potius
2003 1649 2067 1687 ex
2099 1633 2317 1691 duabus

746 1718 998 1785 personis
1031 1719 1085 1772 in
1123 1718 1398 1788 duplicem
1427 1735 1713 1789 personam
1733 1721 2022 1796 .ellingitis,
2059 1724 2166 1788 vel,
2194 1742 2313 1781 Inon

743 1821 1160 1880 componentes,
1221 1813 1492 1868 simulatis
1545 1815 1846 1874 unionem;
1899 1817 2043 1873 unde
2104 1819 2306 1874 Christi

745 1912 939 1956 natura
967 1919 1074 1957 non
1103 1905 1335 1974 amplius
1352 1906 1513 1959 habet
1534 1906 1600 1960 ad
1624 1907 1792 1962 Deum
1812 1919 2120 1980 respectum
2143 1928 2304 1980 quam

741 2004 1064 2048 caeterorum
1092 1996 1375 2050 hominum
1405 2008 1598 2052 natura
1623 2016 1637 2064 ;
1671 2014 1849 2070 neque
1869 2017 1966 2055 cur
1997 2002 2087 2056 ille
2111 2002 2311 2056 media-

745 2095 830 2138 tor
852 2100 992 2140 unus
1019 2083 1234 2140 dicatur
1258 2086 1355 2140 Dei
1379 2097 1437 2142 et
1466 2083 1749 2145 hominum
1777 2090 1963 2145 dicere
1988 2091 2236 2162 potestis.

1334 2197 1485 2254 CAP.
1523 2199 1692 2257 XXX.

809 2306 866 2361 Si
900 2308 1006 2362 alia
1048 2317 1194 2362 esset
1235 2308 1400 2364 Verbi
1453 2326 1688 2380 persona
1726 2312 1846 2368 sine
1891 2329 2054 2371 carne
2100 2325 2158 2371 et
2199 2317 2305 2372 alia

737 2415 862 2451 cum
887 2415 1054 2455 carne
1087 2399 1328 2470 propria,
1356 2403 1668 2457 necessario
1696 2418 1915 2474 quoque
1939 2406 2088 2461 aliud
2113 2406 2308 2462 fuisset

655 2561 660 2566 _
737 2490 980 2544 Vcrbmn
1025 2491 1346 2562 aliquando,
1391 2492 1540 2546 aliud
1582 2503 1764 2548 autem
1797 2505 1983 2565 postea
2012 2515 2025 2550 :
2054 2499 2307 2568 sequitur

735 2581 882 2635 cnim
932 2583 1243 2636 necessario
1292 2597 1538 2651 persona:
1577 2585 1958 2644 mutationem.
2017 2587 2164 2642 illius
2210 2589 2304 2657 qui

737 2687 1024 2740 personam
1039 2671 1203 2726 habet
1224 2674 1480 2726 mutatio.
1511 2672 1672 2726 Aliud
1693 2675 2020 2745 intelligitur
2037 2685 2094 2730 et
2111 2678 2178 2732 de
2193 2693 2308 2732 mu-

735 2763 939 2817 tatione
970 2770 1180 2816 natura:
1221 2771 1277 2817 et
1320 2762 1388 2816 de
1433 2763 1794 2831 acquisitione
1817 2774 1872 2820 et
1895 2765 1963 2820 de
1993 2768 2306 2837 accessione

732 2853 1096 2921 quorumdam
1149 2851 1615 2910 subslantialium.
1649 2853 1738 2908 Sic
1759 2855 1877 2910 lana
1911 2866 1998 2911 est
2036 2857 2224 2910 eadem
2250 2865 2306 2911 et

734 2958 844 2996 non
857 2943 983 3007 alia,
995 2947 1108 2999 sive
1128 2944 1350 3008 sitalba,
1367 2953 1519 3000 utest
1533 2945 1993 3020 naturaliterﬁive
2007 2956 2305 3016 purpurata

2417 637 2728 707 ἀγεννήτως
2753 637 2897 704 ἀφ...
2925 635 3058 688 ἀλλὰ
3090 636 3182 687 καὶ
3216 635 3294 706 τῷ
3330 636 3645 702 γεννητικὸς
3683 636 3776 688 τοῦ
3806 637 3982 704 Λόγου

2416 723 2576 790 εἶναι,
2625 729 2719 779 καὶ
2757 725 3142 796 ἑκπορευτικὸς
3190 725 3284 778 τοῦ
3337 726 3690 796 Ιινεύματος,
3734 729 3828 780 καὶ
3891 731 3984 782 ἁν-

2415 821 2767 885 εκπόρευτοςο
2797 818 2997 886 ὁμοῖως
3030 818 3086 870 δὲ
3116 819 3209 870 καὶ
3252 818 3600 886 Ιινεύματος,
3655 819 3828 871 πλείω
3867 820 3982 872 ἐστὶ

2415 910 2482 960 τὰ
2514 909 2641 961 ἴδια.
2669 910 2780 962 Οὑκ
2803 909 2910 977 ἄρα
2923 908 3015 961 οὖν
3043 911 3070 961 6
3100 909 3433 977 πλεονασμὸς
3464 907 3568 960 τῶν
3604 909 3984 961 ὑποστατικῶν

2419 998 2746 1068 ἰδιωμάτων,
2802 998 3056 1052 σύνθετον
3105 1000 3378 1066 ποιεῖτὴν
3427 999 3607 1066 ἄπλῆν
3655 1000 3977 1051 ὑπόστασιν·

2416 1091 2532 1142 ἀλλ’
2566 1091 2723 1160 εἴπερ
2749 1093 2812 1142 ἐκ
2840 1091 3098 1142 πλειόνων
3137 1092 3484 1143 ὑποστάσεων
3517 1093 3647 1158 μίαν
3679 1091 3982 1142 ὑπόστασιν

2415 1197 2499 1241 τις
2526 1182 2840 1248 συγκεῖσθαι
2881 1182 3167 1250 ὑπόθηται,
3210 1183 3347 1250 ὅπερ
3390 1176 3519 1249 ἡμῖν
3562 1183 3867 1235 ἀπευκτέον
3901 1181 3981 1234 λέ-

2415 1287 2554 1338 γειψ
2588 1272 2720 1341 μηδὲ
2769 1271 3156 1340 διαπλασοῆναι
3188 1275 3285 1342 τὴν
3339 1272 3537 1338 σάρκα,
3588 1268 3705 1323 εἶτα
3746 1273 3986 1340 προσλη-

2417 1359 2611 1427 φθῆναι
2654 1359 2732 1428 τῷ
2775 1361 2931 1428 Λόγῳ
2975 1360 3257 1428 ἐννοήσασί
3301 1377 3450 1418 ποτε,
3486 1359 3674 1428 ὥσπερ
3709 1360 3870 1425 ὑμεῖς
3902 1361 3985 1410 εο-

2419 1447 2629 1513 ξάζετε,
2663 1449 2776 1501 ἀλλ’
2800 1447 2861 1513 ἐξ
2904 1450 3075 1519 ἀρχῆς
3109 1449 3391 1518 ὑπάρξεως
3429 1449 3596 1514 αὐτῆς
3628 1450 3720 1501 ἐπὶ
3757 1449 3860 1514 τῆς
3887 1448 3980 1501 τοῦ

2417 1541 2589 1608 Λόγου
2636 1540 3184 1610 προσωποποιηθῆναι
3223 1540 3576 1600 ὑποστάσεως
3603 1541 3685 1602 εἰς
3717 1539 3981 1608 Χριστόν·

2416 1631 2474 1682 ὃν
2508 1633 2663 1701 ὑμεῖς
2711 1631 2912 1701 μᾶλλον
2950 1633 3012 1683 ὲκ
3053 1631 3146 1682 δύο
3178 1630 3528 1710 ὑποστάσςων
3555 1629 3753 1681 τιθεῖτε
3793 1631 3876 1690 εἰς
3903 1628 3982 1679 δι-

2420 1723 2558 1791 πλῆν
2585 1721 2902 1775 ὑπόστασινο
2922 1721 2996 1791 ἢ,
3020 1721 3094 1790 μὴ
3118 1719 3430 1781 συνθέντες,
3457 1711 3846 1790 προσποιεῖσθε
3885 1718 3980 1786 τὴν

2417 1813 2628 1866 ἕνωσιν·
2663 1812 2817 1867 οὐδὲν
2864 1812 3096 1882 ἐχούσης
3148 1812 3333 1864 πλεῖον
3379 1811 3488 1863 τῶν
3521 1810 3722 1863 λοιπῶν
3768 1810 3981 1878 ἀνδρῶν

2411 1905 2509 1974 τὴν
2536 1904 2672 1974 πρὸς
2708 1904 2839 1957 Θεὸν
2865 1902 3048 1972 σχέσιν
3073 1905 3173 1973 τῆς
3206 1902 3300 1954 τοῦ
3345 1901 3581 1972 Χριστοῦ
3607 1899 3852 1968 φύσεωςο
3888 1901 3978 1952 καὶ

2413 1995 2573 2048 πόθεν
2607 1988 2761 2056 οὗτος
2801 1994 2962 2063 μόνος
3005 1987 3084 2056 εἷς
3116 1993 3342 2063 μεσίτης
3373 1991 3508 2046 Θεοῦ
3548 1992 3642 2045 καὶ
3673 1990 3978 2061 ἀνθρώπων

2409 2087 2642 2158 εἴρηται,
2674 2085 2854 2154 λέγειν
2878 2086 2976 2156 οὑχ
2999 2085 3170 2149 ἕξετε.

3003 2198 3228 2250 ΚΕΦΛΛ
3241 2236 3255 2250 .
3299 2199 3375 2250 Λ’.

2477 2315 2538 2367 Εἰ
2566 2312 2697 2384 ἄλλη
2736 2308 2804 2383 ἦν
2836 2314 2869 2382 ἡ
2893 2310 3189 2374 ὑπόστασις
3217 2311 3310 2363 τοῦ
3338 2311 3512 2378 Λόγου
3546 2311 3714 2380 χωρὶς
3750 2309 3971 2377 σαρκὸς,

2408 2405 2502 2459 καὶ
2558 2405 2692 2474 ἄλλη
2735 2407 2833 2458 τοῦ
2882 2404 3056 2471 Λόγου
3095 2405 3128 2473 ἡ
3163 2403 3461 2466 ὑπόστασις
3516 2403 3651 2472 μετὰ
3699 2401 3802 2470 τῆς
3841 2401 3974 2464 ἰδίας

2408 2499 2631 2569 σαρκὸς,
2665 2497 2756 2550 καὶ
2785 2499 2814 2550 6
2843 2498 3012 2564 Λόγος
3044 2497 3103 2560 ἐξ
3135 2497 3376 2564 ἀνάγκης
3406 2496 3564 2557 ἄλλος
3592 2491 3659 2565 ἦν
3697 2512 3851 2556 ποτε,
3883 2493 3978 2547 καὶ

2406 2591 2562 2654 ἄλλος
2604 2589 2740 2659 μετὰ
2793 2588 2965 2642 ταῦτα
2998 2602 3012 2616 '
3038 2587 3321 2643 ἀκολουθεῖ
3351 2587 3462 2658 γὰρ
3489 2589 3553 2657 τῇ
3583 2586 3853 2655 ὲναλλαγῇ
3881 2585 3978 2653 τῆς

2408 2681 2780 2744 ὑποστάσεως,
2807 2683 2839 2750 ὴ
2871 2680 3138 2748 ἐναλλαγὴ
3161 2679 3254 2731 τοῦ
3285 2679 3498 2747 ἔχοντος
3525 2677 3625 2747 τὴν
3649 2677 3958 2730 ὑπόστασιν

2407 2773 2652 2826 Τδᾶλλο
2679 2773 2772 2824 καὶ
2796 2772 2914 2823 κατ’
2939 2770 3241 2838 ἐναλλαγὴν
3262 2770 3476 2837 φύσεως
3494 2771 3718 2830 νοεῖται,
3736 2769 3833 2820 καὶ
3855 2769 3981 2820 κατ’

2407 2865 2693 2933 ἐπίκτησιν
2731 2864 2824 2915 καὶ
2877 2862 3017 2915 κατὰ
3050 2861 3364 2932 παραϐολήν
3409 2878 3528 2913 τινα
3560 2860 3669 2912 τῶν
3708 2863 3980 2913 ὲπουσιω·

2405 2953 2530 3008 δῶν.
2549 2955 2613 3006 ἸΙ
2651 2954 2748 3022 μὲν
2780 2949 2874 3006 οὖν
2903 2953 3040 3021 αὑτὴ
3071 2952 3240 3014 πόκος
3260 2951 3377 3003 ἐστὶ
3402 2951 3496 3002 καὶ
3527 2951 3629 3002 οὑκ
3649 2949 3807 3020 ἄλληο
3847 2950 3884 3018 ἥ
3919 2965 3979 3002 τε

735 3036 898 3090 fuerit
937 3039 1202 3107 sanguine
1247 3041 1586 3094 concli:e.....
1623 3039 1855 3093 visa.....
1905 3046 1967 3092 ut
2005 3039 2304 3093 secundum

2407 3047 2572 3116 λευκὴ
2596 3046 2838 3114 φυσικῶς
2880 3046 2940 3098 τὸ
2975 3044 3194 3116 χρῶμα,
3229 3043 3380 3111 καὶὴ
3415 3041 3483 3095 δι’
3511 3041 3739 3111 αἵματος
3780 3042 3980 3110 κόχλου

735 3130 1096 3184 substantia‘m
1147 3138 1204 3184 et
1252 3140 1664 3200 personam.....
1696 3131 1902 3186 habere
1958 3131 2025 3184 ad
2080 3131 2304 3200 sanguio

2409 3137 2661 3209 πορφύρα
2687 3137 3012 3206 γινομένη...
3032 3135 3352 3208 ὁρωμένη...
3379 3137 3454 3196 ὼς
3489 3133 3629 3185 κατὰ
3657 3134 3757 3200 τὴν
3785 3133 3980 3184 οὐσίαν

734 3237 978 3276 nem.....
1035 3219 1179 3278 sicdt
1229 3239 1504 3278 omne.....
1555 3239 1840 3294 genus.....
1890 3223 1997 3278 alia
2052 3239 2293 3293 crgo.....

2406 3231 2500 3284 καὶ
2555 3231 2851 3284 ὑπόστασιν
2897 3232 3093 3296 όμοι...
3139 3227 3282 3296 ἔχειν
3331 3225 3468 3294 πρρς
3517 3219 3659 3293 αῗμα
3712 3225 3977 3278 λοιπὸν...

733 3328 970 3381 persona
1013 3314 1412 3384 intelligeretur
1453 3311 1734 3368 incantata
1761 3329 1790 3368 a
1815 3330 1924 3368 non
1967 3314 2246 3370 incarnata
2284 3333 2296 3369 :

734 3420 844 3460 non
871 3406 1018 3458 enim
1049 3405 1215 3460 Verbi
1259 3406 1487 3460 mutatio
1526 3407 1647 3475 eius
1678 3405 1985 3459 incarnatio
2013 3446 2026 3468 ,
2060 3405 2155 3458 sed
2185 3415 2302 3459 tan-

737 3509 852 3549 tum
893 3495 939 3550 si
981 3495 1220 3550 Verbum
1250 3511 1372 3550 esse
1396 3504 1667 3561 cessaret;
1696 3495 1843 3565 quod
1866 3505 2048 3550 autem
2073 3496 2302 3550 desierit

735 3601 956 3664 carnem
987 3603 1096 3640 non
1133 3584 1427 3640 habei‘e....
1466 3601 1614 3666 nunc
1645 3586 2043 3640 incarnatio....
2072 3587 2299 3640 Filio....

732 3678 982 3731 divimnn
1005 3686 1149 3732 esset
1173 3678 1719 3734 attributum....non
1747 3685 1932 3731 autem
1963 3693 2072 3730 non
2099 3677 2302 3731 habere

733 3783 1072 3822 carnem.....
1103 3768 1268 3823 Verbi
1301 3783 1568 3837 personae.
1603 3767 1700 3822 Sic
1736 3767 1884 3822 enim
1925 3774 1982 3821 et
2027 3768 2207 3829 Pater,
2247 3775 2303 3838 et

735 3859 976 3928 Spiritus
1019 3868 1260 3920 sanctus,
1303 3867 1358 3912 et
1386 3858 1560 3929 angeli
1589 3865 1644 3912 et
1685 3858 1880 3911 anima-
1909 3859 2062 3911 verba
2094 3867 2299 3922 essent,

732 3968 842 4005 non
877 3965 1036 4006 secus
1087 3966 1150 4004 ac
1209 3949 1756 4018 Filius;negativum
1806 3958 1989 4002 autem
2039 3949 2300 4017 primario

732 4039 1569 4111 praedicamentunisubstantim
1611 4041 1804 4109 ipsius,
1844 4039 2173 4094 secundario
2200 4037 2301 4093 au-

731 4145 843 4186 tem
886 4147 1134 4202 persona:
1165 4132 1356 4200 ipsius,
1400 4139 1624 4200 propter
1656 4129 2014 4184 substantiam
2040 4130 2151 4198 jam
2185 4129 2302 4197 pri-

730 4229 856 4282 dem
894 4227 966 4281 ita
996 4225 1380 4296 pra-dicatam;
1422 4239 1567 4278 nunc
1593 4237 1726 4276 vero
1772 4221 1840 4277 de
1877 4221 2182 4276 substantia
2221 4223 2326 4276 sic‘

731 4315 1083 4384 praedicatur,
1118 4329 1226 4380 non
1260 4321 1442 4368 autem
1468 4311 1794 4380 simpliciter
1814 4317 1872 4363 et
1893 4311 2053 4364 unice
2086 4309 2154 4364 de
2178 4325 2302 4378 per-

732 4421 888 4466 sona,
915 4404 1044 4474 quia
1095 4404 1212 4458 haec
1255 4400 1310 4456 in
1359 4418 1417 4457 se
1466 4401 1678 4470 recepit
1727 4401 1888 4454 aliam
1935 4401 2299 4455 substantiam

729 4509 851 4565 qua:
879 4495 1116 4549 carnalis
1166 4494 1527 4566 prgedicatur;
1555 4502 1637 4548 et,
1666 4493 1780 4561 ipsa
1821 4491 1969 4544 valet
2021 4500 2082 4544 ut
2131 4491 2297 4546 Verbi

731 4597 961 4650 natura;
994 4571 1321 4640 secundario
1364 4583 1419 4636 in
1463 4598 1694 4652 persona
1733 4582 1852 4651 eius
1897 4582 2177 4650 proprium
2209 4592 2294 4637 at-

733 4678 1002 4730 tributum
1052 4674 1349 4738 causabat;
1385 4673 1466 4728 sic
1507 4681 1562 4726 et
1601 4679 1798 4726 natura
1843 4671 2073 4741 hujusce
2116 4674 2297 4729 carnis

732 4768 1062 4823 secundario
1080 4768 1134 4820 in
1147 4764 1452 4833 eaminllgit
1475 4763 1754 4833 proprium
1778 4763 2126 4828 attributum,
2145 4765 2195 4818 id
2215 4776 2299 4821 est

644 4923 649 4929 η
733 4857 1184 4920 incarnationem,
1209 4855 1363 4925 quasi
1377 4869 1609 4924 persona
1626 4853 1764 4908 facta
1786 4853 1953 4908 fuerit
1974 4854 2023 4908 ei
2055 4858 2293 4925 propria;

727 4947 823 5003 sed
856 4963 965 5001 non
1001 4946 1105 5001 fuit
1147 4947 1289 5002 alius
1316 4953 1478 5000 antea
1509 4957 1565 5000 et
1586 4943 1728 4998 alius
1753 4952 1973 5013 postea,
2001 4946 2096 5000 sed
2125 4947 2291 5011 idem,

727 5050 784 5094 at
805 5039 967 5093 aliter
999 5047 1055 5092 et
1071 5037 1232 5092 aliter
1249 5054 1516 5108 apparens
1549 5038 1808 5107 Verbum,
1839 5039 2111 5110 siquidem
2145 5045 2297 5112 prius

727 5147 960 5200 persona
975 5130 1318 5186 solummodo
1333 5131 1622 5186 invisibilis
1649 5143 1787 5197 erat,
1807 5151 1953 5189 nunc
1969 5144 2148 5190 autem
2169 5135 2297 5191 visi-

736 5223 860 5278 bilis
879 5232 962 5278 cst
977 5224 1141 5277 etiam
1160 5233 1383 5293 propter
1395 5223 1606 5278 \‘isibile
1620 5225 1755 5279 illud
1773 5227 1917 5295 quod
1932 5227 1985 5281 in
1998 5244 2055 5282 se
2071 5232 2292 5300 recepit.

2403 3322 2592 3392 ὥσπερ
2630 3321 2692 3374 τὸ
2737 3323 2844 3374 πᾶν
3075 3336 3212 3372 πο...
3241 3313 3447 3379 εἶδος...
3480 3316 3616 3382 ἄλλη
3643 3311 3806 3369 οὗν...
3838 3315 3981 3368 ὑπό-

2406 3430 2592 3476 στασις
2625 3415 2792 3465 νοοῖτο
2827 3411 2893 3464 ἂν
2925 3413 2958 3481 ἡ
3003 3411 3397 3479 σεσαρκωμένη
3418 3407 3554 3476 πρὸς
3580 3408 3680 3475 τὴν
3708 3407 3980 3476 ἄσαρκον·

2401 3506 2465 3558 οὑ
2490 3505 2596 3575 γὰρ
2628 3502 2803 3573 τροπὴ
2836 3503 3009 3569 Λόγου
3036 3503 3069 3571 ἠ
3107 3501 3385 3568 σάρκωσις
3409 3497 3598 3561 αὑτοῦ,
3635 3497 3748 3548 ἀλλ’
3777 3500 3810 3566 ὴ
3844 3497 3983 3550 ἀλο-

2403 3595 2518 3663 γία·
2549 3597 2646 3663 τῆς
2670 3593 2726 3646 δὲ
2757 3592 3028 3660 ἀσαρκεας
3054 3589 3219 3643 αὑτοῦ
3239 3589 3519 3660 τροπὴν...
3549 3590 3984 3657 σεσαρκωμὲνοιρ

2402 3684 2562 3738 νῦν...
2597 3682 2692 3742 τοῦ
2731 3679 2932 3734 Υῖοῦ...
2967 3679 3085 3748 θείη
3133 3679 3197 3730 ἂν
3227 3680 3260 3747 ἡ
3293 3676 3665 3746 κατηγορία...
3702 3676 3822 3744 οὐχὶ
3852 3676 3916 3728 δὲ
3945 3679 3982 3746 ἡ

2403 3773 2642 3844 ἀσοαρκίσ.
2682 3771 2846 3825 toﬁ...
2885 3772 2984 3838 τῆς
3029 3769 3122 3822 τοῦ
3172 3769 3347 3834 Λόγου
3403 3766 3778 3828 ὑποστάσεως.
3811 3767 3981 3819 Οῦτω

2402 3864 2509 3934 γὰρ
2541 3863 2606 3916 ἂν
2652 3863 2746 3915 καὶ
2791 3863 2820 3913 6
2854 3860 3040 3929 Πατὴρ
3081 3859 3175 3911 καὶ
3217 3860 3279 3911 τὸ
3323 3859 3549 3929 Πνεῦμα
3574 3861 3635 3911 τὸ
3676 3859 3850 3923 ἅγιον,
3885 3858 3989 3910 καὶ

2402 3954 2623 4022 ἄγγελοι
2655 3953 2746 4005 καὶ
2763 3951 2952 4020 ψυχαὶ,
2977 3943 3148 4017 λόγοι
3174 3948 3237 4002 ἂν
3257 3944 3388 4009 εἷεν,
3417 3949 3560 4002 κατὰ
3583 3949 3671 4000 τὸν
3698 3947 3840 3999 Υἱόν·
3861 3946 3986 4000 ἐστι

2401 4047 2458 4099 δὲ
2509 4044 2843 4114 ἀπουατικὸν
2869 4044 2965 4112 τῆς
3019 4041 3209 4102 οὑσίας
3235 4038 3400 4094 αὑτοῦ
3426 4040 3792 4110 κατηγόρημα

2401 4157 2529 4202 τως,
2561 4137 2832 4206 δευτέρως
2860 4134 2915 4187 δὲ
2939 4133 3036 4189 καὶ
3061 4132 3160 4207 τῇς
3193 4132 3546 4194 ὑποστάσεως
3576 4129 3738 4183 αὑτοῦ
3771 4128 3860 4180 διὰ
3879 4132 3987 4197 τὴν

2401 4229 2588 4283 οὑσίαν
2641 4227 2813 4280 πάλαι
2861 4225 3032 4286 οὑτως
3087 4221 3602 4293 κατηγορουμένην·
3640 4220 3738 4272 καὶ
3781 4217 3884 4270 νῦν
3927 4220 3985 4270 6‘:

2401 4301 2501 4388 τῆς
2557 4317 2655 4386 μὲν
2690 4315 2875 4378 οὐσίας
2914 4311 3080 4366 αὑτοῦ
3126 4311 3388 4374 ὡσαύτως
3423 4313 3835 4380 κατηγορεῖται’
3881 4312 3984 4378 τῆς

2400 4410 2455 4464 δὲ
2489 4409 2838 4469 ὑποστάσεως
2867 4390 2963 4473 οὔᾶ
2997 4403 3180 4467 ἁπλῶς
3216 4405 3393 4456 εῖτουν
3432 4404 3607 4464 μόνως
3657 4416 3983 4468 κατηγορηο

2404 4497 2646 4566 ϐήσεται·
2687 4495 2821 4547 διότι
2854 4491 3150 4557 ὑπεδέξατο
3181 4491 3319 4561 αὓτη
3350 4494 3406 4543 ὲν
3432 4493 3596 4559 ἑαυτῇ
3642 4491 3735 4541 καὶ
3778 4488 3982 4555 ἑτέραν

2402 4585 2590 4640 οὑσὲαν
2636 4585 2756 4654 ἥτις
2797 4582 3035 4651 σαρκικὴ
3069 4576 3210 4633 εἶναι
3241 4581 3656 4648 κατηγορεῖται·
3691 4578 3785 4631 καὶ
3818 4576 3982 4627 δύνα-

2405 4691 2494 4727 ται
2526 4674 2618 4726 καὶ
2659 4673 2798 4740 αὑτὴ
2833 4670 3022 4740 ὥσπερ
3054 4671 3087 4736 ἡ
3138 4669 3300 4736 φύσις
3333 4667 3425 4720 τοῦ
3467 4667 3662 4733 Λόγου·
3697 4665 3979 4732 δευτέρως

2405 4767 2610 4837 ἐπῆγεν
2649 4768 2707 4818 ὲν
2753 4767 2818 4835 τῇ
2863 4763 3155 4816 ὑποστάσει
3202 4761 3372 4828 αὑτῆς
3429 4760 3490 4811 τὸ
3548 4759 3647 4825 τῆς
3702 4757 3980 4824 ἀσαρκιας

2407 4859 2536 4912 ἴδιον
2561 4856 2940 4924 κατηγόρημα,
2969 4853 3112 4906 οὑτω
3138 4852 3233 4906 καὶ
3261 4855 3294 4919 ἡ
3326 4851 3489 4918 φύσις
3509 4849 3670 4918 τῆσδε
3705 4849 3808 4914 τῆς
3845 4866 3982 4916 cap.

2405 4949 2498 5013 κὸς
2532 4946 2696 5000 αὑτοῦ
2750 4946 3094 5016 ιπιρρίπτειν
3127 4943 3264 5011 αὐτῇ
3296 4941 3564 5008 δευτέρως
3613 4939 3713 5008 τὴν
3771 4939 3977 5007 ἑαυτῆς

2402 5037 2754 5108 κατηγορίαν,
2790 5036 2864 5098 ὼς
2913 5035 3046 5096 ἰδίας
3076 5031 3426 5093 ὑποστάσεως
3458 5031 3551 5083 καὶ
3594 5030 3771 5098 αὑτῆς
3819 5045 3977 5093 γενοο

2406 5132 2596 5200 μένης,
2627 5129 2793 5198 ἤγουν
2827 5125 2924 5196 τὴν
2959 5126 3266 5194 σάρκωσιν’
3296 5121 3409 5175 ἀλλ’
3442 5121 3542 5174 οὑκ
3585 5119 3746 5178 ἄλλος
3781 5119 3884 5186 μὲν
3913 5114 3978 5185 ἦν

2403 5219 2570 5275 πάλαι
2583 5218 2677 5270 καὶ
2691 5216 2845 5277 ἄλλος
2872 5213 3010 5284 μετὰ
3035 5211 3224 5265 ταῦτα’
3260 5211 3372 5264 ἀλλ’
3403 5212 3432 5263 6
3458 5209 3616 5272 αὑτὸς
3652 5209 3776 5276 μὲν,
3802 5208 3976 5265 alia:

733 5321 790 5376 δὲ
825 5317 916 5370 καὶ
969 5315 1144 5377 ἄλλως
1176 5315 1572 5385 ἐμφαινόμενος
1616 5317 1644 5368 6
1679 5317 1871 5384 Λόγος·
1898 5321 2021 5372 ἐπεὶ
2064 5299 2230 5375 πάλαι
2267 5324 2364 5392 μὲν
2408 5317 2566 5388 μόνον
2615 5311 2843 5380 ἀόρατος
2899 5301 2967 5375 ἦν
3014 5303 3151 5373 αὕτη
3185 5305 3218 5372 ἡ
3254 5300 3582 5367 ὑπόστατις.
3640 5299 3740 5353 νῦν
3783 5300 3843 5354 δὲ
3889 5305 3974 5354 1-31

731 5409 900 5479 ὁρατὴ
928 5408 1014 5461 διὰ
1044 5407 1106 5460 τὸ
1129 5407 1324 5478 ὁρατὸν
1352 5409 1429 5470 εἰς
1473 5407 1670 5476 ἑαυτὴν
1700 5408 2056 5480 πρόσλημμα.

1309 5497 1459 5569 QAP.
1517 5497 1708 5552 XXXI.

799 5610 856 5664 Si
887 5612 1052 5666 homo
1096 5619 1181 5665 cst
1237 5619 1551 5681 utrumque,
1588 5611 1732 5665 Deus
1760 5612 1972 5666 scilicet
2018 5622 2071 5667 et
2108 5613 2292 5674 homo,

731 5702 874 5756 sicut
924 5699 1160 5756 Verbum
1216 5702 1362 5756 Deus
1429 5709 1724 5772 utrumque
1777 5710 1881 5764 est,
1944 5704 2291 5760 manifestum

730 5801 836 5856 est,
876 5793 1014 5847 sicut
1067 5793 1385 5862 homo.,non
1444 5804 1525 5846 est
1581 5802 1775 5845 natura
1824 5793 2005 5858 Deus,
2061 5797 2140 5849 sic
2194 5812 2294 5850 nec

2990 5505 3236 5558 ΚΕΦΛΛ.
3271 5504 3395 5556 AA'.

2475 5617 2534 5668 Ei
2570 5612 2856 5683 ἀμφότερά
2893 5615 3037 5664 ἐστιν
3088 5615 3116 5664 6
3161 5610 3478 5680 ἄνθρωπος,
3534 5610 3827 5680 ἄνθρωπος
3885 5615 3968 5662 καὶ

2402 5706 2553 5768 Θεδξ,
2585 5705 2778 5775 ὥσπερ
2815 5699 2909 5757 οῦν
2953 5704 3042 5754 καὶ
3082 5703 3111 5753 6
3141 5702 3271 5764 Θεὸς
3300 5702 3471 5769 Λόγος
3503 5702 3675 5771 ἄμφω
3704 5703 3847 5764 ἐστὶ,
3883 5701 3965 5766 δῆν

2403 5795 2490 5850 λον
2539 5797 2618 5849 ὅτι
2672 5795 2858 5865 ὥσπερ
2903 5796 2960 5847 οὑ
3019 5796 3176 5862 φύσει
3231 5792 3358 5855 Θεὸς
3389 5794 3416 5846 6
3452 5793 3771 5862 ἅνθρωπος,
3805 5793 3966 5852 οὕτως
