4214 6450
726 433 858 498 150.3

1951 424 2259 484 LEONTII
2299 423 2705 483 BYZANTINI

3860 401 3994 466 1508

724 561 838 606 tum
887 557 971 602 est
1017 543 1298 599 Christum
1352 543 1623 609 imperare
1673 539 1838 592 simul
1881 547 1940 592 et
1972 538 2201 592 servire.
2241 537 2296 590 Si

2418 535 2538 602 ὶμοῦ
2564 534 2817 596 δεσπόζει
2846 530 2942 583 καὶ
2969 525 3289 590 δεσπόζετέι
3314 525 3340 574 ὀ
3363 523 3610 590 Χριστός.
3649 521 3707 573 Ei
3744 521 3798 574 δὲ
3825 524 3857 588 ἡ
3878 521 3988 572 δια-

722 655 855 696 vcro
885 652 992 691 non
1038 644 1126 690 est
1175 635 1230 688 in
1260 633 1481 687 Christo
1507 627 1792 683 distinctio
1829 628 1974 682 inter
2012 627 2300 695 imperium

720 738 778 786 et
812 728 1118 788 servitium,
1147 726 1226 778 sic
1258 723 1470 776 tollitur
1510 719 1826 774 differentia
1877 719 2022 773 inter
2043 718 2214 772 Deum
2249 724 2306 771 et

723 821 1020 876 hominem.
1062 817 1234 870 Simul
1267 813 1491 883 quidem
1525 822 1582 866 et
1623 813 1678 865 in
1727 811 1920 866 eadem
1953 824 2185 879 persona
2221 825 2307 863 se-

723 912 963 964 cundum
988 907 1294 961 naturalem
1318 920 1473 958 suam
1503 903 1874 958 conditionem
1900 903 2072 956 servit
2109 916 2304 970 usque-

726 1002 856 1055 dum
917 999 1212 1068 impleatur
1261 996 1544 1049 humilitas
1576 1010 1696 1064 qua:
1750 994 1815 1046 ad
1869 993 2307 1060 redemptionem

724 1091 995 1161 pertinet;
1032 1088 1150 1151 sed,
1176 1087 1221 1141 si
1257 1087 1428 1141 idem.
1458 1102 1565 1139 non
1599 1086 1652 1138 in
1685 1083 1892 1138 eisdem
1916 1084 2001 1136 sui
2030 1083 2305 1151 partibus:

725 1191 924 1236 natura
971 1180 1120 1233 enim
1176 1177 1360 1232 carnis
1413 1191 1525 1229 sua:
1552 1175 1727 1228 Pilato
1757 1175 1948 1236 servit,
1985 1185 2181 1228 natura
2208 1189 2308 1226 au-

726 1281 836 1325 tem
876 1269 1036 1322 Verbi
1093 1268 1359 1328 omnium,
1405 1275 1458 1318 et
1499 1267 1664 1318 etiam
1709 1266 2012 1320 cmlestium
2049 1265 2314 1318 Dominus

729 1370 816 1417 est
844 1361 1133 1423 Christus;
1189 1367 1467 1427 postremo
1515 1368 1723 1419 autem,
1774 1357 2076 1409 secundum
2123 1358 2316 1409 huma-

728 1453 956 1508 nitatem
978 1451 1140 1504 etiam
1170 1449 1304 1502 dicit
1340 1465 1353 1501 :
1390 1467 1407 1498 ι
1441 1449 1572 1501 Data
1596 1457 1678 1501 est
1715 1447 1843 1499 mihi
1869 1449 2061 1500 omnis-
2076 1456 2318 1516 potestas

729 1539 787 1596 In
815 1540 953 1594 cmlo
981 1547 1038 1594 et
1062 1538 1116 1591 in
1143 1546 1306 1590 terra.
1351 1556 1368 1586 ι

1333 1649 1486 1703 CAP.
1535 1649 1719 1702 XLIV.

801 1765 857 1821 Si
882 1765 1045 1820 simul
1107 1765 1248 1818 Deus
1293 1773 1346 1816 et
1388 1764 1552 1816 homo
1584 1762 1860 1823 Christus,
1885 1761 2076 1814 eodem
2108 1761 2316 1813 honore

2408 627 2552 697 φορὰ
2574 627 2670 679 τοῦ
2692 621 2978 685 δεσπόζειν
2999 619 3201 674 καὶτοῦ
3221 615 3581 678 δεσπόζεοθαι
3602 615 3658 664 έν
3674 613 3753 682 τῷ
3771 611 3996 682 Χριστῷ

2406 720 2508 771 οὑκ
2553 717 2702 780 ἐστι,
2756 715 2850 767 καὶ
2895 711 3032 764 Θεοῦ
3083 710 3192 781 ἄρα
3235 708 3329 761 καὶ
3366 703 3656 774 ἀνθρώπου
3686 703 3996 769 ἀναιρεῖται

2408 810 2442 877 ἡ
2476 806 2732 876 διαφορά.
2787 803 2897 856 Καὶ
2929 801 3037 871 γὰρ
3073 799 3210 870 ὁμοῦ
3243 797 3338 851 καὶ
3367 800 3424 848 ὲν
3451 793 3634 863 ταυτῷ
3663 793 3994 851 δεσπόζεται

2406 903 2473 970 τῇ
2516 899 2719 966 φυσικῇ
2756 894 2911 958 τάξει
2961 894 3067 955 ἓως
3105 888 3556 959 συμπληρώσεως
3593 885 3691 951 τῆς
3723 885 3872 936 κατά
3897 883 3994 951 τὴν

2409 989 2725 1058 οἰκονομίαν
2759 983 3168 1046 ταπεινώσεως·
3219 981 3335 1034 ἀλλ’
3367 981 3428 1031 οὑ
3463 979 3604 1031 κατὰ
3629 976 3690 1028 τὸ
3717 975 3853 1028 αὑτὸ
3887 975 3994 1026 τῶν

2411 1081 2577 1134 αὑτοῦ
2635 1078 2821 1148 μερῶν
2873 1079 2900 1128 ό
2945 1075 3130 1136 αὑτός.
3184 1073 3263 1140 Τῇ
3315 1071 3423 1140 γάρ
3458 1070 3619 1136 φύσει
3658 1069 3757 1134 τῆς
3794 1067 3998 1135 σαρκὸς

2413 1172 2611 1234 αὑτοῦ,
2667 1172 2764 1222 καὶ
2807 1170 2914 1221 ὑπο
2946 1166 3180 1220 Πιλάτου
3211 1162 3540 1226 δεσπόζεται
3566 1175 3578 1188 ·
3640 1163 3707 1229 τῇ
3741 1159 3801 1211 δὲ
3825 1158 3999 1226 ,φῦσει

2412 1267 2506 1318 τοῦ
2563 1266 2620 1316 ἐν
2665 1262 2816 1331 αὑτῷ
2864 1261 3038 1327 Λόγου
3102 1259 3364 1318 πάντων,
3423 1255 3517 1307 καὶ
3569 1253 3678 1304 τῶν
3727 1252 3999 1322 οὐρανίων

2413 1357 2441 1408 6
2465 1354 2622 1415 αὑτὸς
2660 1351 2901 1423 κυριεύει
2932 1349 3166 1413 Χριστός
3191 1364 3204 1378 ⁸
3259 1347 3485 1415 ὕστερον
3515 1344 3570 1396 δὲ
3613 1344 3708 1396 καὶ
3753 1343 3898 1396 κατὰ
3942 1342 4000 1393 16

2415 1445 2750 1516 ἀνθρώπινον
2768 1444 2898 1512 φησί
2914 1459 2958 1493 ⁸(
2982 1441 3172 1510 Ἐδόθη
3194 1457 3284 1512 μοι
3303 1439 3450 1491 πᾶσα
3470 1435 3686 1500 ἐξουσία
3709 1437 3765 1488 ἐν
3785 1435 4001 1506 οὑρανῷ

2416 1539 2507 1591 καὶ
2543 1538 2634 1590 ἐπὶ
2658 1537 2778 1605 γῆς.
2821 1553 2840 1587 ι

2990 1645 3244 1700 ΚΕΦΛΛ.
3277 1646 3409 1698 MA’.

2487 1762 2550 1814 Ei
2590 1761 2730 1829 ὁμοῦ
2769 1761 2899 1823 Θεὸς
2929 1759 3026 1812 καὶ
3053 1759 3340 1829 ἄνθρωπος
3364 1760 3394 1811 6
3418 1758 3653 1828 Χριστὸς
3677 1796 3693 1820 ,
3728 1759 3998 1828 ὁμότιμος

732 1855 936 1924 dignus
980 1855 1142 1908 homo
1185 1863 1348 1920 atque
1385 1853 1565 1916 Deus;
1619 1851 1717 1905 sed
1769 1853 1814 1906 si
1857 1852 2050 1905 eodem
2102 1851 2311 1903 honore

2418 1853 2524 1923 ἄρα
2565 1855 2594 1905 6
2637 1853 2925 1924 ἄνθρωπος
2960 1853 3035 1921 τῷ
3061 1852 3182 1922 Θεῷ
3207 1868 3221 1882 ·
3281 1853 3329 1905 εἰ
3358 1853 3417 1904 δὲ
3453 1852 3528 1922 μὴ
3553 1853 3822 1922 ὁμότιμος
3850 1853 3880 1904 6
3905 1853 3996 1906 άνο

731 1957 896 2016 atque
935 1947 1079 1999 Deus
1108 1961 1216 1998 non
1250 1955 1336 1999 est
1383 1944 1585 2014 dignus
1624 1945 1812 2006 homo,
1859 1944 2058 1996 merito
2099 1943 2312 2011 respuit

732 2035 1016 2106 Egyptius
1040 2034 1417 2088 adorationem
1441 2050 1454 2097 ;
1480 2033 1525 2086 si
1549 2042 1733 2086 autem
1758 2033 1977 2102 dignus,
2004 2033 2313 2085 necessario

732 2126 1016 2189 adoratur,
1042 2134 1098 2180 et
1124 2126 1290 2195 impie
1323 2125 1484 2179 docet
1507 2124 1812 2195 Egyptius.
1842 2123 2314 2191 Quemadmodum

733 2233 862 2272 cum
912 2218 1207 2272 adoramus
1260 2219 1427 2272 Deum
1461 2226 1520 2271 ut
1548 2216 1882 2270 adorandam
1907 2226 2182 2278 naturam,
2206 2231 2314 2268 non

734 2319 820 2364 est
868 2325 1008 2380 opus
1034 2309 1240 2378 triplici
1284 2309 1604 2362 adoratione
1641 2317 1752 2361 tres
1790 2307 2003 2360 divinas
2053 2321 2316 2375 personas

733 2401 988 2463 adorare,
1035 2402 1133 2455 sed
1179 2416 1288 2453 una
1343 2409 1556 2453 tantum
1587 2399 1905 2455 adoratione
1941 2398 2201 2452 adoratur
2229 2405 2314 2450 to-

733 2493 920 2547 talitas
963 2492 1056 2546 Dei
1112 2500 1310 2546 natura
1354 2490 1642 2554 adorandi,
1692 2490 1764 2544 ita
1809 2498 1892 2544 est
1929 2499 2196 2558 quantum
2248 2487 2316 2541 ad

734 2583 1220 2644 incarnationem;
1266 2582 1309 2634 si
1365 2581 1431 2634 ad
1489 2597 1782 2650 personam
1838 2579 1997 2634 \‘erbi
2047 2579 2317 2633 incarnati

733 2674 1113 2730 adorationem
1139 2672 1454 2736 referimus,
1483 2687 1592 2725 non
1618 2680 1701 2726 est
1731 2671 2102 2726 necessarium
2131 2670 2318 2724 dicere

734 2765 883 2836 quod
935 2766 1039 2819 hoc
1094 2765 1150 2818 in
1199 2763 1422 2819 Christo
1473 2764 1559 2818 vel
1598 2764 1730 2818 illud
1777 2764 2059 2827 adorator,
2091 2763 2188 2820 sed
2221 2779 2320 2834 per

735 2854 1120 2908 adorationem
1176 2853 1344 2906 unius
1402 2867 1684 2920 personas,
1739 2869 1849 2906 una
1899 2853 2085 2915 Verbi,
2153 2854 2318 2908 etiam

735 2941 1030 3003 incarnati,
1096 2956 1331 3010 persona
1390 2941 1672 3005 adoratur,
1723 2942 1766 2995 si
1810 2941 2010 2995 adoras
2065 2952 2318 2996 naturam

735 3032 923 3097 Verbi,
959 3033 1175 3086 Patrem
1206 3047 1429 3100 quoque
1477 3040 1533 3084 et
1581 3031 1849 3101 Spiritum
1885 3043 2135 3088 sanctum
2175 3035 2228 3088 in
2253 3049 2320 3088 eo

735 3123 972 3188 adoras;
1028 3123 1123 3176 ubi
1163 3133 1346 3177 autem
1398 3123 1558 3177 Pater
1617 3133 1671 3178 et
1711 3106 1954 3193 Spiritus
1993 3126 2047 3179 in
2094 3125 2318 3180 adorata

737 3217 962 3273 Unitale
1013 3215 1382 3271 intenduntur

735 3321 868 3362 caro
897 3323 964 3362 eo
1007 3306 1172 3360 modo
1207 3315 1266 3358 ut
1305 3306 1567 3359 adoretur
1617 3315 1875 3376 tanquam
1923 3307 1988 3359 ad
2039 3307 2316 3362 Unitatem

736 3400 1041 3470 pertinens.
1069 3399 1300 3467 Oportet
1348 3413 1480 3465 ergo
1513 3397 1692 3450 tribus
1717 3397 2020 3466 aequalibus
2047 3398 2324 3452 adoratio-

735 3489 904 3543 nibus
959 3498 1072 3541 tres
1125 3487 1342 3541 divinas
1390 3503 1655 3556 personas
1701 3488 1929 3542 adorare
1967 3488 2194 3542 :divina
2219 3503 2320 3543 au-

737 3589 848 3634 tem
909 3595 1060 3640 caro,
1117 3580 1247 3648 quia
1303 3595 1493 3633 earum
1545 3578 1846 3641 divinitati,
1902 3581 2177 3649 particeps
2235 3589 2318 3634 est

736 3683 933 3727 natura
989 3670 1289 3725 secundum
1345 3686 1656 3740 personam,
1706 3671 1968 3724 videlicet
2018 3686 2208 3725 earum
2263 3672 2318 3726 in

738 3779 847 3816 naa
888 3762 1307 3830 comprehensa,
1364 3769 1420 3814 et
1470 3777 1625 3815 sacra
1675 3760 1979 3814 divinitatis
2033 3761 2086 3814 in
2141 3770 2313 3828 poste-

735 3867 862 3907 ram
899 3852 1128 3920 recepit,
1181 3851 1456 3905 adoranda
1504 3860 1590 3904 est
1651 3850 1704 3904 in
1751 3849 1892 3904 Filio
1942 3866 2086 3915 uno;
2124 3852 2176 3904 in
2221 3866 2319 3904 no-

739 3943 888 3999 mine
937 3941 1085 3996 enim
1114 3942 1243 3997 Jesu
1278 3956 1440 3995 omne
1479 3957 1619 4011 genu
1649 3941 1936 4008 fleetetur;
1974 3944 2101 4013 quia
2138 3945 2188 3998 ei
2218 3943 2318 3998 da-

738 4043 858 4089 tum
891 4043 1208 4088 estnomen
1261 4032 1407 4102 quod
1455 4042 1535 4086 est
1588 4048 1753 4102 super
1795 4049 1957 4088 omne
1990 4050 2211 4099 nomen,
2265 4035 2317 4088 id

735 4134 826 4182 est
873 4125 1199 4187 divinitatis,
1228 4124 1553 4178 naturaliter
1582 4133 1668 4178 est
1701 4124 2068 4185 adorandum.
2099 4134 2317 4180 servata

736 4217 962 4287 quidem
1019 4217 1254 4270 naturali
1309 4215 1628 4270 diversitate
1661 4217 1780 4286 ejus
1834 4216 1928 4285 qui
1961 4218 2180 4286 propria
2218 4232 2317 4270 na-

740 4308 938 4362 turalia
965 4307 1189 4361 donavit
1215 4315 1269 4360 et
1291 4307 1409 4376 ejus
1431 4306 1523 4376 qui
1551 4306 1789 4360 donatus
1811 4315 1917 4369 est,
1941 4315 1996 4360 et
2028 4305 2308 4360 divinitati

736 4405 799 4451 cl
845 4395 1216 4450 divinisanlis.

1349 4521 1498 4576 CAP.
1543 4521 1703 4576 XLV.

2415 1945 2632 2015 θρωπος
2657 1945 2738 2014 τῷ
2765 1945 2907 2013 Θεῷ,
2941 1944 3165 2007 δικαίως
3193 1944 3478 1998 διαϐάλλει
3511 1947 3538 1998 6
3565 1945 3872 2011 Αἰγύπτιος
3903 1944 3999 2015 τὴν

2419 2037 2907 2106 συμπροσκύνησιν
2934 2053 2948 2067 ο
2988 2038 3038 2089 εἰ
3067 2035 3122 2088 δὲ
3159 2036 3448 2106 ὁμότιμος,
3485 2037 3543 2103 ἐξ
3572 2037 3828 2106 ἀνάγκης
3861 2054 3997 2106 συμ-

2418 2131 2830 2197 προσκυνεῖται,
2861 2128 2954 2181 καὶ
2982 2127 3169 2180 ἀσεϐεῖ
3198 2127 3226 2178 6
3255 2127 3820 2198 Λὶγύπτιος.”Ωσπερ
3843 2128 4001 2197 ἡνίκα

2415 2217 2490 2280 ὠς
2521 2217 2685 2286 φύσιν
2716 2222 3102 2289 προσκυνητὴν
3129 2219 3548 2288 προσκυνοῦμεν
3577 2218 3731 2280 Θεὸν.
3755 2220 3819 2271 οὑ
3846 2219 4004 2287 χρεία

2417 2306 2564 2376 τρισὶ
2624 2308 3054 2377 προσκυνήμασι
3119 2307 3219 2370 τὰς
3268 2309 3420 2377 τρεῖς
3470 2307 3623 2370 Θείας
3670 2308 4004 2373 ὑποστάσεις

2418 2400 2788 2468 προσκυνεῖν,
2849 2398 2987 2451 ἀλλὰ
3044 2400 3146 2469 μιᾷ
3181 2401 3554 2469 προσκυνήσει
3602 2401 3865 2470 ἡόλότης
3909 2397 4003 2452 τοῦ

2418 2487 2796 2558 προσκυνητοῦ
2825 2486 2962 2541 Θεοῦ
2998 2488 3156 2555 φύσει
3189 2489 3632 2558 προσκεκῦνηται
3653 2529 3667 2551 ,
3700 2487 3882 2552 οῦτως
3915 2487 4005 2540 ἐπὶ

2418 2577 2521 2648 τῆς
2555 2579 2869 2648 οἰκονομίας
2894 2596 2909 2611 ο
2966 2581 3017 2632 εἰ
3044 2581 3119 2644 ὡς
3148 2581 3446 2634 ὑποστάσει
3479 2584 3546 2651 τῇ
3579 2579 3676 2634 τοῦ
3702 2582 3885 2648 Λόγου
3914 2578 4004 2632 τοῦ

2421 2670 2849 2740 σεσαρκωμένου
2875 2671 3250 2742 προσάγοιμεν
3270 2671 3368 2743 τὴν
3391 2670 3788 2743 προσκύνησιν.
3808 2671 3870 2725 οὑ
3889 2672 4006 2724 δέον

2418 2780 2471 2816 τι
2503 2762 2682 2831 λέγειν
2708 2762 2897 2833 ἓτερον
2920 2763 3094 2834 ἑτέρῳ
3116 2764 3660 2834 συμπροσκυνεῖσθαι
3682 2766 3739 2816 ὲν
3756 2763 4004 2833 Χριστῷ,

2421 2854 2558 2907 ἀλλὰ
2612 2855 2742 2918 μιᾶς
2795 2854 3148 2916 ὑποστάσεως
3202 2856 3576 2926 προσκυνήσει
3625 2856 3899 2925 τιμᾶσθαι
3949 2857 4011 2909 16

2421 2949 2516 3000 τοῦ
2547 2948 2724 3015 Λόγου
2757 2945 3050 3017 πρόσωπον
3081 2945 3160 3009 ἓν,
3195 2949 3244 2998 εἰ
3276 2947 3373 2998 καὶ
3404 2946 3752 3016 σεσάρκωται
3772 2961 3788 2974 ·
3827 2949 3875 2998 εἰ
3912 2949 4009 3015 μέν

2420 3058 2503 3095 τοι
2553 3039 2630 3103 ὡς
2681 3039 2844 3107 φύσιν
2895 3040 3223 3108 προσκυνεῖς
3270 3037 3370 3106 τὴν
3413 3037 3508 3088 τοῦ
3552 3038 3761 3105 Λόγου,
3804 3039 3899 3092 καὶ
3937 3037 4012 3106 τῷ

2423 3131 2600 3200 Πατρὶ
2631 3133 2958 3200 προσκυνεῖς
2999 3131 3054 3182 έν
3090 3129 3240 3198 αὑτῴ
3275 3128 3370 3182 καὶ
3399 3128 3477 3198 τῷ
3507 3129 3792 3198 Πνεῦματι
3813 3147 3827 3160 ·
3880 3130 4011 3184 ἔνθα

1423 3258 1438 3279 ,
1498 3215 1574 3269 ibi
1659 3232 1768 3270 non
1830 3219 2315 3286 comprehenditur

2421 3223 2479 3276 δὲ
2529 3222 2719 3291 Πατὴρ
2775 3221 2870 3274 καὶ
2918 3221 3146 3288 Πνεῦμα
3196 3221 3548 3290 ἐνθεωρεῖται
3590 3224 3657 3291 τῇ
3690 3221 3904 3275 Μονάδι
3944 3225 4008 3291 τῇ

2425 3313 2919 3385 προσκυνουμένῃ,
2974 3311 3110 3382 σάρξ
3154 3311 3280 3382 τῇδε
3324 3312 3386 3364 οὑ
3430 3313 3890 3382 συμπεριέχεται,
3927 3316 4012 3368 ῖνα

2423 3407 2516 3459 καὶ
2565 3405 2641 3466 ὡς
2687 3404 2853 3473 τῆσδε
2899 3399 3032 3456 οὖσα
3069 3404 3169 3471 τῆς
3201 3403 3446 3466 Μονάδος
3479 3405 4009 3474 συμπροσκυνῆται.

2425 3497 2554 3549 Δέον
2579 3491 2833 3564 οῦντρισὶ
2864 3493 2962 3564 μὲν
2989 3493 3273 3563 ὁμοτίμοις
3303 3495 3712 3564 προσκυνήσεσι
3735 3494 3841 3558 τὰς
3861 3498 4010 3565 τρεῖς

2422 3584 2751 3646 ὑποστάσεις
2787 3583 2884 3644 τὰς
2917 3581 3069 3644 θείας
3105 3583 3470 3650 προσκυνεῖν*
3507 3585 3574 3648 τῇ
3609 3580 3729 3650 θεῖα
3757 3581 3816 3634 δὲ
3845 3583 4012 3646 σαρκὶ

2418 3676 2494 3740 ὡς
2544 3673 2913 3742 συνθεωθείσῃ
2963 3672 3156 3734 αὑταῖς
3198 3671 3320 3724 καθ’
3353 3669 3650 3724 ὑπόστασιν
3693 3670 3878 3735 φύσει,
3915 3671 4012 3724 ita

2421 3769 2478 3819 ιν
2531 3767 2630 3836 μιᾷ
2665 3764 2830 3816 τῶνδε
2885 3763 3292 3832 περιεχομένῃ,
3353 3762 3449 3813 καὶ
3499 3762 3566 3814 τά
3610 3761 3708 3829 τῆς
3752 3760 4011 3829 Θεότητος

2423 3856 2543 3926 ἱερὰ
2583 3856 2770 3907 λοιπον
2819 3852 3262 3924 προσδεχομένη,
3307 3852 3836 3920 συμπροσκυνητὲον
3869 3852 4013 3904 κατὰ

2419 3949 2510 4002 τὸν
2537 3949 2634 4002 ’ένα
2664 3948 2790 3999 Υἱόν
2812 3962 2825 3975 ·
2861 3949 2918 3999 ὲν
2947 3947 3056 4015 γὰρ
3083 3943 3161 4014 τῷ
3190 3945 3414 4011 ὀνόματι
3447 3942 3624 4013 Ἰησοῦ
3654 3943 3870 4012 κάμψει
3903 3944 4013 3996 πᾶν

2422 4043 2548 4110 γόνυ
2568 4057 2583 4073 ⁶
2622 4042 2744 4094 ἐπεὶ
2775 4041 2869 4092 καὶ
2896 4038 3043 4109 αὑτῷ
3077 4039 3410 4107 κεχάρισται
3437 4037 3608 4106 ὄνομα
3635 4037 3696 4089 16
3727 4038 3874 4107 ὑπὲρ
3907 4040 4014 4090 πᾶν

2420 4133 2627 4201 ὄνομα,
2683 4132 2852 4201 ἤγουν
2904 4130 2965 4182 16
3008 4131 3107 4199 τῆς
3152 4130 3440 4197 θεότητος,
3479 4128 3638 4196 φύσει
3668 4127 3728 4182 ὃν
3761 4146 4012 4198 προσκυο

2422 4224 2620 4294 νητόνο
2683 4222 3099 4292 φυλαττομένης
3151 4222 3252 4290 τῆς
3300 4221 3564 4291 διαφορᾶς
3605 4221 3705 4289 τῆς
3745 4222 4012 4292 φυσικῆς,

2422 4318 2516 4368 καὶ
2544 4313 2715 4375 οὕτως
2757 4313 2849 4367 τοῦ
2877 4314 3248 4384 χαρισαμένου
3281 4311 3347 4366 τὰ
3377 4311 3486 4364 ἴδια
3511 4312 3718 4381 φυσικά
3753 4313 3897 4382 πρὸς
3925 4312 4015 4365 16v

2421 4407 2796 4478 λαμϐάνοντα,
2843 4407 2938 4459 καὶ¹
2967 4405 3059 4459 τοῦ
3090 4405 3388 4468 οεωῢέντος
3421 4405 3558 4476 πρὸς
3588 4403 3677 4457 τὸν
3701 4404 4012 4459 Θεὼσαντα.

3013 4517 3268 4571 ΚΕΦΛΛ.
3303 4517 3440 4570 ME'.

811 4615 871 4670 Si
908 4629 1039 4670 caro
1071 4630 1180 4669 non
1205 4621 1291 4667 est
1313 4613 1598 4683 cujusdam
1624 4615 1828 4668 diversi
1855 4630 1885 4668 a
1911 4617 2090 4670 Verbo
2121 4627 2315 4672 natura

2496 4617 2558 4668 Ei
2593 4617 2626 4684 ἡ
2660 4616 2819 4683 φύσει
2853 4613 2992 4684 σὰρξ
3024 4615 3124 4666 οὑκ
3156 4613 3303 4665 ἔστιν
3331 4613 3523 4680 ἑτέρον
3551 4611 3697 4672 τινος
3729 4613 3891 4678 παρὰ
3925 4612 4017 4666 τὸν

739 4705 874 4764 Deo.
905 4703 1000 4757 sed
1025 4711 1110 4755 est
1134 4702 1296 4755 Verbi
1327 4702 1446 4762 Dei,
1482 4702 1770 4756 manifeste
1797 4703 1864 4756 ad
1887 4703 2054 4757 alium
2079 4706 2320 4774 pertinet

739 4810 870 4850 caro
895 4808 1057 4859 quam
1094 4792 1160 4846 ad
1198 4792 1438 4846 Verbum
1476 4793 1744 4847 naturalis
1769 4793 2094 4848 divinitatis.
2132 4796 2324 4850 Diver-

739 4897 816 4938 sa‘
857 4882 1079 4950 quidem
1109 4890 1322 4935 natura:
1353 4890 1460 4945 est,
1491 4881 1587 4935 sed
1615 4883 1682 4936 ad
1721 4898 2008 4952 personam
2061 4886 2318 4954 pertinet.

741 4974 984 5028 Verbum
1025 4973 1174 5028 enim
1223 4973 1378 5043 prius
1423 4974 1543 5028 sine
1576 4989 1764 5038 carne,
1792 4989 1952 5035 nunc,
1979 4976 2321 5032 inearnatum

737 5066 1092 5122 confitemur.

1337 5176 1490 5233 CAP.
1540 5177 1723 5232 XLVI.

813 5279 870 5334 Si
906 5280 1066 5350 plene
1115 5278 1336 5347 recipis.
1381 5277 1653 5347 Egyptie,
1693 5278 1935 5332 divinam
1978 5280 2073 5334 Dei
2123 5280 2176 5333 in
2217 5280 2318 5333 ho-

741 5371 890 5426 mine
947 5370 1372 5431 habitationem,
1403 5385 1586 5425 cesses
1630 5369 1902 5424 aflirmare
1929 5371 2024 5424 Dei
2055 5381 2111 5425 et
2139 5373 2320 5426 carnis

739 5465 1044 5523 secundum
1088 5481 1377 5535 personam
1423 5465 1683 5519 unionem
1720 5484 1734 5518 :
1791 5482 1847 5519 se
1897 5466 2045 5520 enim
2083 5466 2317 5520 invicem

738 5557 1039 5613 excludunt
1094 5556 1362 5610 habitatio
1420 5566 1476 5610 et
1523 5557 1825 5610 secundum
1880 5573 2169 5626 personam
2221 5575 2319 5612 na-

742 5650 940 5707 turalis
991 5651 1144 5704 unio.
1204 5649 1261 5704 Si
1320 5651 1626 5720 personalis
1669 5650 1948 5704 diceretur
1999 5652 2164 5706 etiam
2219 5653 2316 5705 ha-

740 5741 959 5803 bitatio,
1004 5741 1057 5794 id
1091 5751 1196 5804 est,
1222 5757 1470 5812 personze
1500 5742 1551 5796 in
1581 5759 1812 5813 persona
1846 5743 2130 5802 habitatio,
2169 5754 2316 5798 rerle

741 5832 1052 5904 loquereris
1084 5850 1096 5884 :
1129 5833 1269 5887 sicut
1307 5832 1362 5886 fit
1397 5844 1447 5887 et
1481 5833 1545 5887 de
1606 5834 1739 5903 legis
1776 5833 1977 5888 tahulis
2016 5851 2134 5904 quae
2161 5851 2316 5904 sepa-

2423 4708 2556 4761 Θεὸν
2597 4707 2768 4772 Λόγον
2817 4704 3000 4773 φύσει,
3038 4705 3175 4756 ἀλλὰ
3207 4701 3300 4755 τοῦ
3331 4701 3468 4754 Θεοῦ
3502 4701 3678 4766 Λόγου
3700 4741 3714 4762 ,
3759 4699 4018 4769 δηλονότι

2426 4800 2612 4866 ἐτέρου
2645 4798 2820 4864 Λόγου
2853 4796 2971 4847 ιστὶ
3005 4797 3038 4863 ἠ
3074 4794 3212 4860 σὰρξ
3247 4794 3398 4862 παρα
3433 4792 3523 4844 τὸν
3553 4793 3757 4860 φυσικῇ
3793 4790 4016 4860 θεότητι

2424 4893 2616 4957 Λόγον.
2663 4889 2886 4957 Ἐτέρας
2917 4888 3018 4954 μὲν
3049 4885 3264 4954 φύσεως
3296 4886 3446 4936 ἐστὶν
3468 4923 3483 4946 ,
3534 4883 3670 4934 ἀλλὰ
3703 4883 3800 4934 τοῦ
3837 4901 4012 4952 προσ-

2425 4981 2598 5034 ώπου.
2619 4980 2676 5032 Ὀ
2732 4979 2902 5045 Λόγος
2943 4976 3053 5047 γάρ
3084 4975 3328 5044 ἄσαρκος
3359 4974 3546 5036 πάλαι,
3581 4973 3682 5036 ,νῦν
3710 4973 3768 5026 δὲ
3804 4990 4011 5044 σεσαρ-

2431 5073 2676 5142 κωμένος
2703 5069 3074 5141 ὡμολόγηται.

2996 5176 3248 5230 κεψΑΑ.
3285 5175 3434 5242 Μςν.

2501 5289 2564 5339 Εἰ
2610 5287 2748 5348 ὅλως
2781 5283 3043 5353 ἀποδέχῃ.
3081 5276 3125 5335 ὦ
3158 5281 3445 5350 Αἰγύπτιε,
3482 5280 3617 5333 Θεοῦ
3649 5281 3707 5331 ὲν
3735 5281 4013 5351 ἀνθρώπῳ

2430 5377 2580 5430 θείαν
2604 5376 2896 5443 ἐνοίκησιν,
2915 5373 3124 5426 παῦσαι
3149 5371 3286 5424 Θεοῦ
3314 5371 3408 5423 καὶ
3437 5369 3636 5440 σαρκὸς
3662 5369 4012 5438 δογματίζων

2426 5468 2528 5537 τὴν
2558 5467 2679 5520 καθ’
2710 5467 3008 5519 ὑπόστασιν
3036 5464 3231 5516 ἕνωσιν
3253 5479 3267 5492 ·
3327 5461 3574 5529 ἀλλήλων
3601 5462 3711 5530 γάρ
3739 5464 3886 5514 εἰσιν
3919 5463 4008 5514 ἀνα

2428 5557 2701 5626 αιρετικαὶ
2747 5557 2782 5625 ἡ
2815 5555 3088 5621 ὲνοέκησις
3119 5554 3212 5607 καὶ
3242 5555 3275 5623 ἡ
3307 5553 3430 5605 καθ’
3457 5552 3764 5604 ὑπόστασιν
3801 5553 4005 5620 φυσικὴ

2427 5649 2642 5713 ἓνωσις.
2721 5649 2784 5702 Εἰ
2845 5648 3182 5718 ὑποστατικὴ
3229 5648 3442 5714 λέγοιτο
3496 5645 3589 5698 καὶ
3643 5645 3678 5714 ἡ
3731 5646 4008 5715 ἐνοίκησες

2425 5743 2594 5813 ἧγουν
2625 5741 2700 5803 ὡς
2727 5741 3076 5805 ὑποστάσεως
3106 5742 3186 5803 εἰς
3218 5741 3518 5794 ὑπόστασιν
3550 5736 3902 5805 ὲνοικούσης,
3927 5737 4004 5789 ὃν·

2425 5849 2531 5895 τως
2565 5833 2702 5902 φής·
2759 5831 2946 5901 ὥσπερ
2975 5831 3068 5882 καὶ
3103 5830 3191 5882 ἐπὶ
3225 5829 3329 5882 τῶν
3357 5827 3478 5881 καθ’
3505 5825 3674 5888 αὑτὰς
3708 5826 3808 5895 μὲν
3835 5826 4000 5892 ῦπαρ,
