4214 6450
760 394 888 466 1511

2007 395 2316 458 LEONTII
2355 396 2532 455 BYZA
2541 398 2757 458 NTINI

3857 397 3998 456 1512

750 530 882 570 suas
915 511 1166 582 proprias
1198 520 1423 562 omnino
1467 507 1711 561 actiones
1750 505 2080 575 producere.
2131 505 2316 574 Itaque
2348 511 2389 566 Α

2348 511 2389 566 Α
2425 507 2540 576 ρῶν
2569 509 2678 568 τοῖς
2709 507 2895 566 ὅπλοις
2919 503 3012 556 τοῦ
3057 503 3249 566 Σαοὺλ,
3291 500 3549 562 ἀδύνατος
3601 494 3668 570 ἦν
3704 499 3840 568 πρὸς
3892 503 3997 570 τὴν

752 617 862 657 non
891 608 1071 670 potest
1096 597 1222 651 inde
1244 594 1610 650 demonstrari
1642 593 1995 662 impossibilis
2014 593 2317 649 secundum

752 705 1044 759 personam
1069 688 1198 741 unio
1225 701 1348 738 cum
1377 684 1530 738 [inita
1560 692 1771 737 natura.

2429 598 2857 668 ἀντιπαράταξιν
2887 599 2980 650 καὶ
3024 596 3302 665 ἀναίρεσιν
3330 592 3425 645 τοῦ
3479 592 3773 660 ἀλλοφύλου
3795 608 3809 623 ·
3840 592 4000 644 ἔσται

2425 686 2516 740 οὖν
2539 688 2747 755 σαφῶς,
2799 685 2831 758 ἢ
2859 688 2958 740 οὑκ
3004 687 3230 756 ἄπειρος
3255 682 3353 753 τὴν
3381 682 3609 751 δύναμιν
3640 683 3668 733 6
3720 681 3853 744 Θεὸς
3889 683 3998 733 Λό-

753 783 922 854 γο;,ἢ
949 783 1263 850 εἰάπειρος,
1289 780 1387 831 οὑκ
1425 778 1710 840 ἀδύνατος·
1742 778 1836 831 καὶ
1893 777 1981 830 aia:
2044 777 2287 847 περατῆς
2303 779 2517 845 φύσεως
2577 784 2751 835 πάντα
2789 783 2856 834 τὰ
2895 783 3002 834 [δια
3067 781 3295 833 πάντοτε
3360 782 3620 850 ἐνεργεῖν.
3659 779 3860 847 Διόπερ
3893 777 3995 828 οὑκ

751 878 899 932 εστιν
917 879 980 928 ἐκ
1005 873 1156 927 τοῦδε
1177 874 1275 943 τὴν
1303 873 1422 925 καθ’
1449 873 1742 923 ὑπόστασιν
1765 871 1900 939 πρὸς
1926 871 2083 941 τήνδε
2109 872 2319 937 ἕνωσιν,
2359 873 2616 928 ἀδύνατον
2649 874 3015 944 παραστῆσαι.

1348 986 1498 1042 CAP.
1535 984 1724 1038 XLIX.

824 1095 950 1150 Haec
980 1095 1312 1164 compositio
1347 1109 1508 1161 quam
1541 1091 1749 1150 dicitis.
1786 1092 2064 1160 inquiunt,
2107 1093 2190 1147 vel
2219 1108 2324 1147 no-

749 1203 871 1240 vam
905 1195 1160 1238 naturam
1199 1184 1476 1253 produxit,
1524 1199 1695 1252 quare
1737 1183 1901 1252 igitur
1936 1198 2043 1236 non
2095 1199 2326 1238 consen-

753 1280 870 1333 titis
899 1280 986 1332 his
1014 1279 1109 1348 qui
1137 1287 1360 1330 naturas
1385 1277 1648 1330 miscent?
1673 1275 1764 1330 Vel
1791 1292 1986 1330 novam
2013 1291 2322 1345 personam,

752 1381 810 1426 et
845 1387 944 1424 cur
974 1387 1076 1424 nos
1111 1369 1423 1439 repellitis?
1458 1370 1541 1422 vel
1596 1384 1697 1423 nec
1751 1376 2004 1422 naturam
2053 1383 2153 1421 nec
2201 1383 2327 1436 per-

753 1478 964 1525 sonam,
1004 1471 1060 1516 et
1109 1472 1238 1515 tunc
1272 1461 1473 1514 frustra
1515 1461 1656 1515 facta
1705 1471 1806 1514 est.
1853 1460 1958 1513 Sed
1989 1475 2097 1512 non
2129 1473 2322 1512 neces-

753 1555 920 1617 sario,
952 1555 1136 1610 amici.
1165 1553 1492 1620 compositio
1515 1559 1610 1604 aut
1633 1560 1884 1604 naturam
1915 1561 2009 1603 aut
2035 1563 2321 1617 persOuam

753 1658 950 1696 novam
980 1643 1256 1711 producit.
1300 1641 1522 1694 Ferrum
1544 1639 1689 1692 enim
1715 1640 1766 1690 in
1791 1638 2122 1691 carbonibus
2143 1637 2326 1705 ignitis

755 1734 1128 1794 combustum,
1168 1747 1345 1799 neque
1375 1739 1624 1784 naturam
1655 1744 1836 1796 neque
1885 1743 2172 1796 personam
2225 1741 2323 1779 no-

753 1841 875 1879 vam
917 1825 1158 1892 praebet:
1188 1837 1416 1890 persona
1450 1822 1596 1874 enim
1642 1820 1769 1872 ferri
1821 1827 1877 1872 ct
1923 1829 2152 1888 persona
2198 1831 2320 1868 car-
2350 1856 2397 1914 Β

757 1917 962 1970 bonum
997 1925 1310 1975 remanent;
1342 1913 1434 1965 sed
1463 1913 1515 1964 in
1551 1911 1678 1965 ferri
1704 1925 1934 1978 persona
1965 1919 2158 1961 natura
2185 1908 2325 1976 ignis

749 2021 819 2059 ex
847 2021 904 2058 se
929 2003 1334 2072 impersonalis,
1371 2003 1522 2054 unita
1545 2009 1628 2053 est
1659 2010 1866 2052 naturae
1892 1997 2046 2061 ferri,
2076 1997 2323 2065 ejusdem

755 2110 1003 2162 personae
1037 2108 1102 2146 ac
1152 2094 1330 2159 ipsum
1366 2090 1553 2143 facta:
1596 2088 1728 2158 quid
1778 2087 1944 2156 igitur
1996 2086 2049 2138 in
2105 2084 2324 2138 Christo

752 2183 1118 2254 compositio?
1148 2182 1284 2235 nihil
1315 2181 1464 2234 aliud
1500 2196 1662 2249 quam
1696 2179 1839 2248 quod
1873 2178 2027 2247 prius
2071 2177 2141 2231 ab
2187 2178 2324 2231 invi-

753 2292 872 2329 cem
907 2283 1177 2344 separata,
1211 2274 1320 2342 jam
1365 2274 1775 2341 conjunguntur
1815 2267 2116 2322 secundum
2159 2281 2323 2320 unam

754 2382 1048 2437 personam
1085 2379 1247 2418 unius
1273 2365 1692 2432 conjunctorum
1722 2378 1734 2412 :
1759 2359 1906 2428 quod
1960 2358 2092 2411 satis
2138 2369 2223 2412 est
2255 2358 2323 2411 ad

757 2459 1040 2512 ditandam
1087 2465 1330 2510 nostram
1387 2464 1634 2508 naturam
1680 2451 1830 2505 omni
1878 2460 2075 2504 natura
2117 2448 2322 2503 divina.

1416 2676 1562 2730 CAP.
1604 2675 1666 2728 L.

830 2788 924 2842 Vel
959 2786 1228 2842 naturalis
1273 2792 1358 2839 est
1388 2784 1476 2836 illa
1501 2798 1663 2852 quam
1695 2781 1882 2837 dicitis
1911 2784 2074 2838 Verbi
2119 2793 2174 2839 et
2203 2800 2323 2838 car-

770 2880 858 2934 nis
898 2878 1051 2937 unio,
1085 2887 1140 2930 et
1176 2876 1228 2929 in
1256 2891 1366 2944 quo
1388 2874 1623 2927 dill'ertis
1652 2873 1720 2927 ab
1748 2874 1836 2928 his
1865 2874 1958 2943 qui
1984 2874 2175 2929 dicunt
2203 2891 2324 2928 om—

760 2970 894 3024 nino
917 2968 1152 3022 similem
1173 2982 1293 3020 esse
1317 2967 1370 3018 in
1391 2964 1612 3019 Christo
1637 2974 1690 3017 et
1713 2964 1766 3016 in
1795 2964 2015 3020 homine
2041 2965 2328 3019 unionem?

758 3063 846 3118 vel
883 3060 1186 3130 persOnalis
1211 3066 1314 3118 est,
1348 3067 1403 3110 et
1428 3073 1526 3111 cur
1553 3055 1712 3110 nobis
1737 3070 1844 3110 non
1877 3058 2206 3111 consentitis
2227 3057 2325 3127 qui

758 3153 996 3207 dicimus
1041 3165 1160 3204 eam
1219 3148 1453 3202 similem
1511 3163 1630 3201 esse
1688 3149 1876 3201 unioni
1921 3150 2154 3203 amantis
2200 3165 2324 3203 cum

757 3242 1019 3298 amante?
1047 3241 1141 3293 Vel
1174 3254 1350 3307 neque
1382 3240 1649 3292 naturalis
1675 3255 1855 3308 neque
1888 3241 2192 3308 personalis
2221 3251 2325 3305 est,

759 3337 817 3383 et
849 3337 978 3380 tunc
1019 3335 1207 3394 aperte
1247 3326 1520 3379 ostendite
1547 3326 1676 3395 quid
1703 3327 1861 3381 vobis
1889 3328 2142 3382 videatur
2173 3329 2330 3384 esse?

761 3416 892 3479 Sed,
940 3432 973 3470 o
1017 3416 1300 3484 sophistas,
1342 3417 1495 3485 juxta
1529 3417 1906 3482 vestra‘dicla,
1950 3434 2124 3487 neque
2165 3430 2327 3474 natu-

763 3505 895 3556 ralis
923 3511 1006 3557 est
1060 3519 1236 3572 neque
1295 3506 1631 3573 pcrsonalis;
1691 3506 1785 3559 sed
1831 3508 2130 3561 secundum
2184 3510 2328 3578 piam

765 3596 1117 3656 sententiam,
1149 3604 1298 3649 recte
1335 3605 1517 3664 potest
1551 3597 1656 3651 dici
1698 3606 1753 3651 et
1783 3601 2045 3653 naturalis
2090 3601 2250 3655 simul
2276 3611 2332 3655 et

764 3688 1096 3757 personalis.
1125 3688 1426 3757 Equivoca
1486 3692 1631 3744 enim
1692 3705 1815 3744 cum
1856 3693 1966 3746 sint
2006 3694 2130 3757 ista,
2163 3695 2329 3748 alter-

763 3779 947 3832 native
977 3794 1044 3832 ex
1076 3780 1340 3834 alterutra
1370 3780 1508 3834 subd
1525 3782 1688 3834 ucitis
1719 3781 1867 3850 quod
1921 3784 2008 3853 pie
2064 3787 2327 3840 sentitur.

763 3869 1042 3923 Naturalis
1087 3881 1271 3924 autem
1305 3871 1509 3925 dicitur
1541 3887 1663 3940 qum
1713 3873 1767 3924 in
1808 3872 1992 3941 aliquo
2030 3875 2331 3928 secundum

765 3960 1134 4026 preprietates
1181 3970 1390 4014 naturae
1448 3971 1549 4021 est,
1599 3962 1744 4014 sicut
1795 3978 1944 4016 mors
1973 3962 2183 4026 Lazari,
2214 3980 2334 4033 quae

767 4064 876 4102 non
901 4060 1042 4112 erat,
1075 4051 1368 4122 velutejus
1393 4052 1750 4116 resurrectio,
1797 4068 1959 4122 supra
2009 4056 2128 4124 ejus
2175 4066 2335 4108 natu-

766 4157 904 4196 ram.
960 4142 1239 4197 Naturalis
1263 4159 1482 4214 quoque
1515 4144 1717 4199 dicitur
1748 4160 1868 4214 qua:
1895 4153 1978 4199 est
2010 4147 2335 4214 simpliciter

766 4234 900 4288 unio
930 4244 1252 4289 naturarum
1268 4247 1362 4290 aut
1391 4247 1601 4292 natura:
1624 4248 1680 4292 et
1705 4253 1814 4291 non
1845 4237 2237 4300 accidentium,
2275 4248 2336 4294 ut

763 4327 1140 4396 cstoxymclis
1179 4313 1426 4381 mistura.
1483 4329 1601 4382 Non
1629 4329 1774 4382 enim
1821 4329 2040 4396 utrique
2086 4329 2334 4382 naturale

762 4423 849 4467 est
883 4429 1063 4483 neque
1101 4416 1474 4469 necessarium
1517 4417 1571 4470 in
1605 4418 1834 4470 mistura
1872 4417 2151 4486 conjungi,
2194 4418 2336 4472 sicut

3005 984 3254 1038 ΚΕΦΑΛ.
3279 981 3414 1038 ΜΘ’.

2527 1100 2574 1151 Η
2617 1097 2883 1162 σύνθεσις,
2913 1099 3077 1168 φησιν
3099 1139 3114 1163 ,
3136 1100 3201 1168 ῆν
3236 1096 3392 1165 φατὲ,
3419 1095 3650 1168 ἢ-φύσιν
3676 1093 3998 1163 καινοτέραν

2424 1191 2669 1256 ἐποίησε,
2702 1192 2796 1242 καὶ
2824 1191 2876 1242 τί
2901 1191 2975 1260 μὴ
2999 1189 3359 1257 καταδέχεσθε
3393 1189 3517 1250 τοὺς
3549 1187 3935 1257 μιξοφυσεταςὶ
3962 1186 3995 1254 ἦ

2426 1281 2720 1334 ὑπόστασιν
2743 1281 3031 1350 νεωτέραν,
3070 1281 3272 1332 καὶδιά
3305 1281 3359 1332 τί
3387 1283 3530 1348 ἡμᾶς
3563 1279 3887 1332 ἀποσείεσθε
3919 1294 3933 1341 ;
3961 1276 3994 1347 ἦ

2425 1372 2545 1423 οὑδὲ
2577 1369 2737 1437 φύσιν
2779 1371 2901 1422 οὑδὲ
2932 1371 3248 1434 ὑπόστασιν,
3307 1370 3400 1421 καὶ
3450 1371 3622 1437 μάτην
3680 1369 3993 1434 γεγένηται.

2439 1463 2678 1514 ’Λλλόὑκ
2695 1463 3024 1526 ἀναγκαίως,
3041 1457 3084 1514 ὦ
3099 1455 3264 1525 οὗτοι,
3280 1463 3429 1513 πᾶσα
3447 1460 3711 1522 σύνθεσις,
3730 1459 3764 1529 ἢ
3786 1460 3856 1527 φῦ
3870 1457 3994 1526 σινῆ

2427 1555 2720 1607 ὑπόστασιν
2740 1554 3008 1622 νεωτέραν
3030 1553 3256 1605 ἐκτελεϊ.
3287 1551 3570 1621 nomen;
3588 1549 3697 1618 γάρ
3720 1551 3748 1600 ὁ
3779 1549 3996 1614 σίδηρος

2427 1648 2484 1695 ἐν
2500 1643 2776 1714 ἄνθραξιν,
2802 1644 2925 1696 οὔτε
2940 1645 3102 1711 φύσιν
3123 1644 3243 1695 τινα
3260 1644 3416 1710 ξένην
3446 1642 3840 1697 ἐπιδείκνυται,
3870 1637 3992 1691 οὔτε

2428 1737 2722 1788 ὑπόστασιν
2764 1735 2916 1788 νέαν
2951 1736 2986 1804 ἦ
3020 1753 3077 1788 τε
3115 1736 3225 1804 γὰρ
3287 1735 3385 1787 τοῦ
3422 1734 3636 1803 σιδῆρου
3701 1733 3996 1791 ὑπόστασις

2429 1827 2522 1877 καὶ
2560 1828 2592 1895 ἦ
2629 1826 2740 1879 τῶν
2777 1828 3018 1896 πυρίνων
3040 1828 3327 1896 ἀνθράκων
3380 1829 3578 1893 ὁμοίως
3595 1824 3847 1892 ἔχουσιν·
3885 1820 3996 1872 ἀλλ’

2426 1916 2484 1966 ἐν
2509 1918 2572 1985 τῇ
2596 1916 2688 1967 τοῦ
2711 1917 2928 1985 σιδήρου
2961 1917 3277 1974 ὑποστάσει,
3309 1916 3466 1982 φύσις
3489 1917 3656 1982 πυρδις
3689 1913 3998 1965 ἀνυπόσταο

2424 2023 2514 2066 τος
2549 2007 2670 2058 καθ’
2707 2007 2876 2076 αὑτὴν
2919 2002 3077 2066 οὖσα,
3133 2007 3392 2078 συνετέθη
3427 2010 3491 2074 τῇ
3530 2005 3690 2073 φύσει
3726 2005 3822 2055 τοῦ
3856 2003 3999 2071 σιδὴ-

2429 2113 2542 2165 ρου.
2579 2098 2973 2159 συνυπόστατος
2998 2099 3132 2166 αὐτῇ
3188 2098 3475 2165 γενομένη.
3521 2096 3586 2147 Τί
3617 2091 3711 2148 οὖν
3741 2093 3997 2160 ἐποίησεν

2425 2188 2458 2255 ἡ
2482 2187 2727 2250 σύνθεσις
2755 2187 2848 2239 καὶ
2882 2188 2976 2240 ἐπὶ
3010 2188 3278 2255 Χριστού;
3312 2188 3466 2239 οὐδὲν
3504 2187 3698 2256 ἕτερον
3726 2184 3843 2236 ἀλλ’
3868 2185 3901 2251 ἦ
3935 2183 3998 2236 τά

2425 2277 2618 2348 πρώην
2646 2277 2914 2330 ἀσύνθετα
2963 2278 3232 2346 ἀλλήλοις,
3267 2277 3496 2329 σύνθετα
3521 2272 3659 2328 εἶναι
3695 2275 3843 2326 κατᾶ
3875 2274 3998 2342 μίαν

2425 2368 2521 2438 τὴν
2553 2369 2778 2439 θατέρου
2803 2369 2912 2423 τῶν
2941 2372 3316 2438 συγκειμένων
3351 2368 3648 2419 ὑπόστασιν
3673 2379 3709 2398 ο·
3733 2368 3876 2434 ὅπερ
3905 2367 4000 2432 άρ-

2425 2463 2512 2514 κεί
2541 2462 2676 2530 πρὸς
2707 2461 2768 2512 τὸ
2819 2461 2998 2530 πάσης
3032 2457 3426 2513 κατα-πλουτεῖν
3452 2457 3552 2526 τῆς
3595 2456 3748 2518 θείας
3786 2454 3998 2523 φύσεως

2425 2552 2524 2622 τὴν
2553 2554 2586 2624 ῄ
2594 2553 2718 2622 μετέ
2725 2570 2827 2623 ραν
2870 2551 3052 2622 φύσιν.

3018 2673 3273 2728 ΚΕΦΑΛ.
3303 2672 3386 2726 Ν’.

2501 2785 2572 2839 Ἢ
2601 2785 2800 2854 φυσική
2834 2786 2979 2837 ἐστιν
3010 2786 3042 2854 ἡ
3073 2783 3262 2844 ἓνωσις
3286 2781 3424 2850 αὕτη
3448 2781 3515 2851 ῆν
3544 2780 3682 2849 φατὲ
3705 2778 3801 2831 τοῦ
3824 2777 3996 2847 Λόγου

2427 2876 2642 2944 καὶτῆς
2667 2875 2882 2946 σαρκὸς,
2915 2874 3010 2926 καὶ
3033 2875 3142 2925 τινι
3173 2871 3495 2941 διαφέρεσθε
3552 2872 3690 2940 πρὸς
3741 2873 3874 2931 τοὺς
3909 2867 3996 2921 λέ-

2427 2982 2622 3034 γοντας
2653 2966 2841 3034 ὁμοίαν
2872 2964 3047 3032 πάντη
3082 2958 3222 3016 εἶναι
3254 2961 3346 3014 τοῦ
3374 2960 3662 3030 ἀνθρώπου
3678 2959 3780 3029 τὴν
3811 2958 3998 3011 σύνθε-

2429 3073 2532 3121 σιν,
2561 3057 2657 3109 καὶ⁷
2678 3056 2776 3124 τὴν
2809 3054 3082 3126 Χριστοῦ;
3117 3052 3510 3123 ἢὺποστατική
3565 3053 3704 3116 ὲστι,
3742 3051 3840 3102 καὶ
3888 3049 3997 3112 πῶς

2429 3148 2559 3217 ἡμῖν
2589 3145 2649 3197 οὑ
2674 3144 3088 3215 συμφθέγγεσθε
3122 3143 3196 3206 ὡς
3216 3141 3497 3211 ἀγαπητοῦ
3530 3142 3667 3211 πρὸς
3697 3142 3999 3208 ἀγαπῶντα

2429 3237 2725 3307 ἐξαιρέτως
2747 3235 2947 3303 ταύτην
2971 3233 3324 3297 δοξάζουσινς
3365 3234 3398 3303 ἦ
3432 3233 3552 3283 οὐδὲ
3601 3237 3808 3300 φυσική
3855 3234 3999 3284 ἐστιν

2430 3326 2550 3378 οὑδὲ
2587 3325 2945 3392 ὑποστατικὴ,
2981 3325 3074 3376 καὶ
3100 3324 3179 3385 τῖς
3201 3322 3339 3390 αὕτη
3375 3318 3516 3374 εἶναι
3545 3321 3695 3373 δοκεῖ
3719 3322 3855 3389 ὑμῖν
3886 3322 4000 3372 Eta-

2432 3417 2725 3484 σαφήσατε.
2743 3414 2902 3479 Ἀλλ’,
2924 3409 2968 3466 ὢ
2994 3414 3313 3480 σοφιστικοὶ,
3337 3411 3478 3464 κατά
3501 3411 3572 3464 τὰ
3593 3409 3652 3474 ἐξ
3671 3411 3830 3478 ὑμῶν
3853 3414 4002 3480 εἰρη-

2434 3505 2588 3575 μένα,
2615 3506 2732 3557 οὐδὲ
2764 3505 2964 3573 φυσικὴ
3005 3504 3127 3556 οὑδὲ
3157 3503 3492 3572 ὑποστατική
3514 3519 3527 3530 ·
3565 3502 3705 3554 κατὰ
3740 3503 3800 3554 δὲ
3826 3503 3894 3553 τα
3921 3503 3997 3553 εὑν

2435 3595 2610 3658 σεόὡς
2638 3597 2930 3664 νοούμενα,
2954 3597 3047 3648 καὶ
3072 3598 3273 3665 φυσικὴ
3304 3595 3398 3646 καὶ
3420 3593 3763 3660 ὑποστατικὴ
3793 3591 4002 3658 λέγοιτο

2433 3689 2499 3742 ἂν
2541 3690 2670 3757 ἡμῖν
2724 3688 2920 3756 ὀρθῶς.
2959 3687 3066 3740 Δύο
3123 3689 3230 3757 γὰρ
3283 3686 3458 3738 ούσῶν
3513 3686 3620 3738 τῶν
3671 3684 4002 3752 ὁμωνυμιῶν

2432 3780 2620 3840 τῶνδε,
2670 3779 2896 3844 ἐναλλὰξ
2929 3779 3154 3850 θάτερον
3204 3781 3268 3830 ἐκ
3297 3779 3530 3847 θατέρας
3557 3775 3904 3842 ὑπεκλὲψατε
3944 3773 4004 3825 τὸ

2433 3871 2817 3939 εὐσεϐέστερον
2845 3870 2952 3921 τῶν
2993 3861 3426 3938 σημαινομένων.
3473 3869 3703 3934 Λέγεται
3753 3867 3865 3936 γὰρ
3902 3883 4001 3933 ipp-

2434 3962 2582 4030 σικὴ,
2626 3963 2658 4030 ἡ
2718 3961 2792 4023 ὡς
2844 3960 2983 4013 κατά
3041 3961 3213 4027 Λόγον
3255 3959 3468 4027 φύσεως
3513 3953 3647 4010 οὖσα
3682 3956 3825 4025 τῷδέ
3874 3974 4001 4018 τινι,

2433 4049 2543 4106 οἷον
2581 4056 2612 4122 ἡ
2644 4054 2898 4122 κοίμησις
2929 4051 3021 4103 τοῦ
3045 4052 3296 4120 Λαζάρου
3325 4065 3340 4080 ⁸
3371 4052 3430 4103 οὑ
3458 4048 3566 4116 γὰρ
3587 4046 3781 4117 ὥσπερ
3806 4049 3838 4117 ἡ
3875 4050 4004 4099 ἀνα-

2435 4143 2622 4207 ϐίωσις
2656 4143 2820 4196 αὑτοῦ
2850 4143 2988 4214 ὑπὲρ
3034 4143 3205 4194 Λόγον
3253 4142 3348 4210 τῆς
3395 4142 3605 4209 φύσεως
3648 4136 3855 4201 -αύτοῦ,
3915 4135 4004 4189 καὶ

2433 4237 2527 4306 ἥδε
2575 4232 2665 4306 ἦν.
2697 4238 2927 4304 Λέγεται
2972 4234 3207 4304 φυσικὴ,
3267 4235 3361 4285 καὶ
3406 4235 3436 4302 ἡ
3483 4233 3557 4296 ἀς
3589 4227 3809 4296 φύσεων
3843 4245 4003 4280 τινων

2435 4327 2619 4387 ἁπλῶ,
2643 4327 2676 4395 ἢ
2705 4326 2918 4394 φύσεως
2939 4322 3070 4378 οὖσα
3103 4324 3198 4377 καὶ
3229 4323 3288 4375 οὑ
3324 4321 3748 4391 συμϐεϐηκότων
3771 4335 3783 4346 ·
3816 4316 4002 4384 ὥσπερ

2437 4424 2471 4492 ὴ
2521 4423 2715 4492 κρᾶσις
2766 4421 2858 4474 τοῦ
2907 4420 3241 4489 ὀξυμέλιτος.
3279 4418 3354 4470 Οὑ
3387 4419 3496 4486 γὰρ
3554 4417 3613 4467 τὸ
3664 4413 3807 4467 κατὰ
3834 4412 4004 4480 Λόγον

767 4520 880 4558 non
914 4514 1035 4558 erat
1065 4507 1318 4560 naturale
1341 4506 1548 4560 Lazaro
1570 4509 1737 4572 mori;
1757 4507 1897 4561 hanc
1926 4523 2144 4577 quoque
2176 4509 2331 4561 unio-
2356 4527 2408 4586 D

2356 4527 2408 4586 D
2437 4515 2663 4583 φυσικὸν
2695 4514 2897 4567 τούτων
2950 4515 3210 4581 ἑκάτερον
3240 4513 3333 4564 καὶ
3381 4510 3456 4578 τῷ
3487 4508 3546 4573 ἐξ
3594 4509 3844 4576 ἀνάγκης
3879 4509 4006 4559 ὑπο-

765 4611 892 4650 nem
933 4597 1173 4651 dicimus
1223 4599 1570 4664 naturalem;
1619 4599 1723 4652 mel
1772 4601 1976 4654 etenim
2007 4609 2064 4653 et
2111 4609 2327 4654 acetum

767 4690 842 4743 ita
891 4705 950 4743 se
1009 4689 1237 4754 habent,
1288 4693 1503 4746 etiamsi
1557 4709 1838 4763 nunquam
1892 4693 2229 4749 misceantur
2275 4695 2329 4748 in

764 4782 1032 4852 oxymele;
1052 4781 1288 4838 Lazarus
1311 4792 1517 4850 autem,
1543 4799 1724 4838 nonne
1749 4793 1833 4838 est
1851 4785 2051 4838 animal
2078 4786 2329 4852 mortale,

763 4871 980 4925 etiamsi
1017 4889 1296 4943 nunquam
1344 4875 1417 4929 sit
1451 4876 1789 4930 moriturus?
1817 4876 2084 4932 Similiter
2148 4889 2330 4934 autem

768 4963 1075 5030 personalis
1103 4964 1234 5018 unio
1269 4965 1473 5021 dicitur
1524 4982 1646 5037 qua:
1675 4975 1762 5022 est
1800 4969 2039 5038 partium
2084 4986 2206 5038 qua:
2264 4967 2331 5024 ad

759 5049 1057 5114 ‘personam
1092 5053 1430 5123 referuntur,
1477 5058 1562 5112 vel
1595 5073 1987 5127 personarum;
2031 5059 2331 5114 naturalem

769 5149 951 5195 autem
982 5141 1037 5196 in
1078 5142 1298 5200 Christo
1337 5147 1576 5203 dicimus
1639 5149 1923 5214 unionem,
1976 5149 2102 5218 quia
2155 5150 2212 5204 in
2267 5164 2334 5204 eo

773 5232 1041 5287 uniuntur
1058 5247 1285 5291 naturae.
1326 5238 1483 5304 Quod
1509 5239 1554 5294 si
1581 5241 1790 5295 ratione
1806 5250 2012 5295 natura:
2035 5256 2157 5295 eam
2182 5241 2335 5296 dice-

771 5337 956 5378 remus
1003 5341 1122 5380 esse
1171 5327 1395 5394 factam,
1446 5345 1568 5401 quae
1621 5341 1745 5387 sunt
1797 5332 2040 5401 ejusdem
2103 5340 2335 5394 naturas.

771 5416 928 5471 Pater
956 5418 1242 5476 scilicetet
1269 5421 1511 5492 Spiritus
1530 5429 1775 5487 sanctus,
1804 5425 1954 5477 carni
2012 5425 2333 5490 unirentur;

767 5514 862 5568 sed
894 5526 949 5571 et
991 5533 1184 5576 omnes
1236 5520 1493 5576 homines
1529 5520 1574 5573 sl
1630 5521 1841 5575 ratione
1875 5529 2087 5574 natura:
2119 5519 2337 5574 Christo

771 5608 1022 5662 uniretur
1047 5610 1380 5680 humanitas,
1415 5611 1640 5666 totidem
1673 5609 1875 5665 Christi
1898 5619 2104 5674 essent,
2128 5610 2336 5664 Pilatus

769 5713 988 5768 quoqun
1014 5709 1071 5757 et
1098 5701 1340 5758 llcrodes
1372 5713 1430 5759 ct
1461 5702 1614 5758 Anna
1647 5711 1703 5757 et
1738 5700 1994 5772 Caiphas,
2026 5712 2077 5756 et
2111 5701 2333 5772 quidem

771 5795 1100 5860 necessario,
1139 5797 1276 5848 sicut
1311 5811 1501 5849 omnes
1532 5795 1744 5850 ratione
1768 5803 1977 5849 natura:
2001 5794 2328 5860 moriuntur;

2437 4606 2648 4659 κεῖσθαι
2678 4608 2743 4676 τῇ
2762 4607 2896 4674 πρὸς
2926 4604 3127 4674 ἄλληλα
3162 4606 3354 4674 κράσει
3379 4617 3394 4633 ·
3427 4602 3615 4671 ὥσπερ
3640 4602 3729 4652 τὸν
3756 4601 4006 4670 Λάζαρον

2437 4701 2505 4768 τῇ
2529 4701 2783 4770 κοιμήσει
2811 4697 2906 4750 τοῦ
2927 4697 3182 4761 θανάτου,
3211 4697 3444 4765 φυσικήν
3473 4711 3651 4763 φαμεν
3689 4693 3784 4745 καὶ
3809 4693 3971 4762 τήνδε
3991 4707 4004 4722 '

2439 4785 2500 4838 τὸ
2525 4786 2632 4856 γὰρ
2667 4785 2787 4855 μέλι
2816 4786 2914 4839 καὶ
2939 4786 3000 4837 τὸ
3043 4785 3185 4849 ὅξος,
3219 4783 3478 4845 ὡσαύτως
3523 4782 3636 4851 Exn.
3673 4781 3762 4833 ἀεὶ
3799 4780 3908 4833 κᾶν
3939 4781 4006 4850 μὴ

2444 4878 2740 4932 συντεθῶσι
2787 4895 2918 4931 ποτε
2948 4879 3021 4940 ὡς
3056 4876 3312 4946 ὀξύμελι·
3365 4873 3613 4948 Λάζαρος
3660 4873 3718 4926 δὲ
3768 4873 3869 4926 οὑκ
3898 4875 4006 4925 εστι

2440 4971 2578 5035 ζῶον
2602 4971 2813 5040 θνητὸν,
2843 4970 3001 5040 εἴπερ
3027 4971 3100 5038 μὴ
3124 4969 3218 5020 καὶ
3268 4966 3564 5036 κοιμᾶσθαι
3620 4964 3808 5032 μέλλοι
3839 4964 4004 5026 ποτές

2438 5064 2698 5126 ὡσαύτως
2721 5063 2776 5116 δὲ
2803 5065 2895 5115 καὶ
2920 5060 3255 5132 ὑποστατικὴ
3285 5061 3318 5128 ἡ
3356 5058 3454 5127 μέν
3473 5075 3555 5119 τις
3584 5057 3808 5123 λέγεται
3830 5055 4004 5125 μερῶν

2441 5152 2584 5207 κατά
2621 5152 2777 5219 λόγον
2812 5151 3185 5213 ὑποστάσεως,
3211 5151 3244 5217 ἠ
3280 5147 3337 5201 δὲ
3378 5147 3454 5211 ὡς
3488 5144 3840 5199 ὑποστάσεων
3862 5159 3878 5173 ·
3909 5161 4002 5211 φυ-

2444 5246 2603 5312 σικὴν
2631 5245 2727 5314 μὲν
2753 5242 2846 5296 οὖν
2879 5259 3057 5311 φαμεν
3090 5243 3250 5311 ἡμεῖς
3275 5241 3372 5311 τὴν
3401 5240 3595 5292 ἕνωσιν
3628 5241 3720 5290 ἐπὶ
3749 5235 4000 5308 Χριστοῦ,

2440 5333 2515 5397 ὼς
2534 5333 2748 5402 φύσεων
2764 5333 3062 5402 ὴνωμένων
3079 5331 3199 5383 κατ’
3214 5331 3396 5382 αὑτόν.
3416 5329 3479 5382 Εἰ
3497 5328 3604 5400 γὰρ
3631 5328 3776 5396 λόγῳ
3799 5325 4000 5396 φυσικῷ

2442 5426 2642 5494 ταύτην
2700 5426 2968 5493 εἴποιμεν,
3014 5423 3121 5493 ἄρα
3152 5438 3214 5488 γε
3258 5422 3353 5491 τῆς
3402 5421 3570 5489 αὐτῆς
3613 5419 3764 5489 αὑτῷ
3798 5418 3997 5485 φύσεως

2441 5519 2570 5571 ὄντα
2603 5518 2630 5570 ὅ
2659 5533 2716 5569 τε
2749 5517 2936 5586 Πατὴρ
2960 5517 3052 5567 καὶ
3073 5515 3130 5566 τξ
3153 5515 3306 5582 ἆγιον
3336 5511 3579 5580 Πνεῦμα.
3600 5513 3688 5562 καὶ
3723 5509 3864 5562 αὑτά
3881 5521 3993 5560 ποτε

2446 5607 2607 5678 σαρκὶ
2653 5605 2982 5676 ἑνωθήσεται
3007 5618 3020 5631 ·
3060 5603 3198 5655 ἀλλὰ
3233 5602 3326 5654 καὶ
3380 5601 3579 5661 πάντες
3623 5601 3672 5654 οι
3709 5599 3990 5666 ἀνθρωττοι,

2443 5702 2490 5753 ει
2522 5697 2733 5768 φύσεως
2759 5698 2916 5766 Λόγῳ
2947 5697 3150 5767 ἥνωται
3183 5694 3302 5764 Θεῷ
3324 5695 3357 5764 ὴ
3378 5692 3754 5763 ἀνθρωπότης.
3786 5689 3991 5760 Χριστοὶ

2444 5789 2673 5853 ἔσονται,
2717 5787 2939 5848 ΙΙιλάτος
2987 5802 3044 5837 τε
3098 5785 3193 5838 καὶ
3245 5782 3489 5855 Ἡρώδης
3550 5785 3641 5836 καὶ
3676 5785 3864 5841 Ἅννας
3911 5778 3988 5830 rei
