4214 6450
238 424 381 491 1513

1235 430 1624 493 ADVERSUS
1662 432 2208 495 NESTORIANOS.
2241 457 2304 468 -
2331 434 2475 495 LIB.
2520 436 2568 492 Ῐ.

3361 427 3495 492 1514
3532 450 3534 453 ·

239 537 497 606 Reid-pa;
518 537 840 606 ἰεάνάγκης
861 553 875 569 ·
917 538 1110 607 ὥσπερ
1141 556 1230 591 και
1263 545 1460 604 πάντες
1496 541 1720 611 ὁμοίως.
1758 542 1821 593 ὲκ

1929 543 2175 613 insuper,
2206 558 2236 597 e
2277 547 2520 612 potentia
2573 542 2639 596 ad
2689 551 2874 597 aetum
2921 542 3226 612 procedens
3258 542 3500 598 Verbum

241 627 478 695 φυσικοῦ
530 628 698 695 λόγου
732 627 1090 698 θνήσκουσιν·
1131 629 1205 681 ἔτ.
1256 630 1363 699 μὴν
1409 632 1473 682 ἑκ
1521 629 1616 683 τοῦ
1663 630 1825 682 δυνά-

242 735 335 787 μει
368 719 450 780 εἰς
473 720 532 771 τὸ
565 717 817 788 ἐνεργείᾳ.
848 721 1127 788 προκόψας
1156 724 1212 772 έν
1245 723 1358 782 τοῖς
1391 724 1656 788 φυσικοῖς
1692 723 1823 774 ἑαυ-

239 809 337 861 τοῦ
362 813 391 863 ὁ
417 811 590 878 Λόγος
627 815 876 880 φανεῖται
919 816 1058 864 κατά
1105 811 1203 881 τὴν
1242 811 1542 877 σάρκωσιν,
1578 815 1669 864 καὶ
1697 814 1824 866 ἀτεο

241 902 354 964 hic
410 903 489 954 ἔτι
529 905 558 954 ὁ
605 903 796 973 Πατὴρ
824 904 920 956 καὶ
969 903 1032 956 τὸ
1081 906 1236 970 ᾶγιον
1270 903 1493 972 Πνεῦμα
1531 902 1827 973 συγκριοή-

243 1008 430 1045 σονται
447 1009 459 1021 ·
480 989 554 1045 ὧν
584 994 636 1046 τί
659 995 1019 1064 ἀσεϐέστερον
1040 1040 1054 1059 ,
1095 997 1187 1048 καὶ
1220 999 1592 1064 ὑποστατικὴν
1611 995 1691 1055 δέ,
1718 1011 1824 1063 φα·-

243 1097 342 1152 μεν
393 1085 491 1154 τὴν
537 1086 730 1139 ἕνωσιν
761 1088 856 1138 ἐπὶ
885 1086 1120 1156 Χριστοῦ
1146 1103 1160 1117 ·
1210 1087 1477 1140 ἀνάπαλιν
1530 1086 1710 1156 μέντοι
1748 1085 1824 1155 τῷ

245 1177 633 1246 σημαινομένῳ
681 1178 815 1246 ἡμῖν
869 1180 1008 1230 κατὰ
1043 1181 1144 1246 τὴν
1189 1179 1462 1248 φυσικήν·
1495 1179 1554 1230 οὺ
1591 1177 1699 1247 γὰρ
1750 1179 1826 1239 ὼς

243 1265 622 1328 ῦποστάσεων,
655 1269 773 1320 ἀλλ’
801 1269 878 1331 ὡς
911 1271 1006 1322 τοῦ
1039 1271 1213 1333 Λόγου
1244 1267 1410 1322 οὖσαν
1442 1271 1540 1338 τῆς
1588 1271 1825 1322 ὑποστά-

246 1372 389 1417 σεως
410 1357 840 1428 αὑτοῦ.“Ὠσπερ
899 1361 1007 1430 γὰρ
1054 1361 1161 1431 ἰδίᾳ.
1217 1360 1386 1426 κρίνει
1429 1363 1511 1413 τὸν
1562 1359 1687 1411 rem
1719 1359 1827 1411 ἀπὸ

243 1447 339 1499 τοῦ
368 1449 580 1519 Πατρδς
610 1450 703 1502 καὶ
736 1451 831 1503 τοῦ
871 1450 1314 1520 Πνεύμαοςτιῖκν
1343 1452 1650 1520 ομοουσὶων
1678 1451 1827 1517 αὑτῴ

242 1540 277 1605 ἠ
333 1540 607 1609 γέννησις,
638 1542 732 1594 καὶ
758 1541 819 1594 τὸ
876 1542 1164 1609 αὐτολόγι›ν
1197 1539 1358 1605 εἶναι,
1397 1543 1488 1596 καὶ
1518 1546 1584 1595 τὰ
1613 1543 1781 1595 τοιάδε

239 1627 390 1682 οὕτω
419 1632 514 1684 καὶ
551 1621 588 1700 ἦ
634 1633 911 1700 σάρκωσις
944 1633 1109 1686 αὑτοῦ
1154 1635 1464 1701 ἀναγκαίως
1513 1635 1676 1686 αὑτὸν
1706 1634 1827 1684 τού·-

238 1739 349 1774 των
396 1722 720 1785 διαστέλλει,
768 1723 865 1776 καὶ
893 1724 992 1793 οὐχ
1041 1725 1228 1794 ἕτερον
1281 1725 1390 1776 ἀπο
1433 1724 1538 1774 τῶν
1567 1723 1825 1792 ἀσάρκων

236 1813 498 1880 ὁμοφυῶν
549 1815 698 1884 αὑτῷ
741 1815 1084 1885 προσώπων·
1121 1817 1215 1868 καὶ
1273 1816 1471 1884 ἰδίωμα
1529 1816 1824 1884 ὲπὶκτητον

1929 634 1983 688 in
2035 636 2150 689 suis
2197 637 2540 689 naturalibus
2584 635 2865 690 videbitur
2899 652 2998 703 per
3045 636 3502 695 incarnationem,

1925 728 1982 772 et
2003 718 2308 786 imperfecti
2325 719 2726 789 judicahuntur
2742 719 2906 775 Pater
2926 726 2983 774 et
3004 719 3243 789 Spiritus
3256 730 3504 774 sanctus.

1925 807 2068 872 Quid
2103 818 2288 864 autem
2335 811 2427 864 his
2479 811 2650 880 magis
2680 810 2953 880 impium?
2983 811 3336 866 Personalem
3368 827 3506 882 quo-

1925 912 2035 967 que
2084 897 2322 952 dicimus
2368 900 2424 953 in
2461 899 2685 955 Christo
2729 901 3013 962 unionem.
3073 899 3170 955 sed
3225 901 3504 955 contrario

1926 1000 2091 1040 sensu
2126 1001 2236 1054 quo
2261 985 2503 1041 diximus
2524 987 2830 1041 naturalem
2859 1003 2870 1037 :
2919 1001 3026 1040 non
3059 987 3208 1040 enim
3235 1001 3501 1054 persona-

1928 1089 2052 1130 rum
2075 1083 2160 1128 est
2213 1075 2365 1140 unio,
2399 1073 2496 1129 sed
2530 1074 2834 1128 secundum
2861 1073 3096 1128 Verbum
3111 1075 3233 1144 ejus
3249 1075 3508 1128 substan-

1929 1166 2081 1220 tiam.
2115 1166 2274 1221 Sicut
2303 1165 2452 1220 enim
2511 1164 2709 1218 Filium
2743 1181 2772 1219 a
2822 1164 2983 1218 Patre
3020 1176 3076 1218 et
3120 1150 3508 1237 Spiritu’san-

1935 1267 2025 1312 (διο
2074 1258 2175 1313 sibi
2211 1256 2782 1311 consubstantialibus
2803 1255 3027 1326 proprie
3051 1255 3338 1318 discernit.
3359 1255 3507 1326 quod

1929 1353 2001 1404 sit
2042 1352 2263 1421 genitus
2288 1358 2345 1403 et
2369 1365 2435 1404 ex
2460 1343 2517 1404 se
2545 1348 2785 1403 Verbum
2804 1359 2859 1402 et
2881 1348 3083 1402 similia
3113 1348 3243 1409 alia.
3267 1348 3347 1402 sic
3377 1363 3506 1403 eum

1929 1445 2238 1496 necessario
2261 1443 2383 1511 ejus
2405 1441 2734 1502 incarnatio.
2763 1454 2873 1492 non
2913 1450 3095 1493 autem
3119 1440 3293 1503 aliud.
3317 1439 3509 1494 abillis

1928 1534 2491 1588 consubstantialibus
2524 1541 2581 1587 et
2606 1531 2954 1600 incorporeis
2995 1532 3250 1601 personis
3299 1532 3510 1586 discer—

1929 1628 2032 1684 nit.
2083 1636 2137 1680 et
2161 1626 2276 1679 hmc
2319 1623 2662 1692 aequisititia
2691 1623 2919 1694 quidem
2948 1633 3035 1678 est
3055 1623 3384 1692 preprietas,
3409 1623 3507 1676 sed

1927 1732 2148 1786 semper
2195 1715 2579 1784 inseparabilis
2610 1724 2665 1768 et
2718 1716 2773 1768 in
2811 1714 2976 1770 Verbi
3030 1714 3256 1783 quidem
3337 1711 3510 1783 hypo-

1928 1807 2060 1860 stasi
2110 1805 2514 1860 manifestatur.
2568 1803 2675 1860 Sed
2743 1805 2908 1859 aliam
2943 1818 3164 1874 quoque
3209 1803 3512 1873 impietatis

241 1905 364 1974 μὲν,
395 1907 698 1976 ἀχώριστον
723 1907 780 1959 δὲ
828 1907 1036 1960 εἰσαεί·
1065 1909 1156 1960 καὶ
1183 1909 1301 1960 τόδε
1334 1910 1394 1959 ἐν
1430 1911 1496 1977 τῇ
1528 1909 1824 1961 ὑποστάσει

1930 1900 2274 1954 occasionem
2329 1899 2458 1953 inde
2501 1907 2780 1952 sumentes
2814 1897 2961 1967 quod
2991 1912 3101 1951 non
3156 1897 3334 1966 possit
3381 1911 3510 1967 pars

235 1993 332 2047 τοῦ
365 1996 540 2062 Λόγου
567 1996 984 2064 καταφαίνεται.
1020 1995 1160 2048 Ἀλλ’
1190 1997 1382 2066 ἑτέραν
1421 1995 1518 2064 τῆς
1567 1994 1823 2056 ἀσεϐείας

236 2089 496 2158 ἀφορμὴν
523 2088 1004 2158 προσποιούμενοι,
1033 2087 1123 2141 διὰ
1151 2087 1210 2140 τὸ
1260 2088 1334 2158 μὴ
1358 2086 1620 2140 δύνασθαι
1657 2087 1821 2136 ἰσότι-

239 2198 342 2247 μον
365 2177 505 2232 εἶναι
544 2181 624 2251 τῷ
657 2181 763 2251 ὅλῳ
794 2177 1042 2251 θάτερον¹
1067 2181 1176 2234 τῶν
1208 2200 1272 2250 με
1285 2180 1415 2246 ρῶν,
1453 2179 1588 2248 φασὶ
1617 2193 1818 2247 παραι-

234 2277 452 2330 τεῖσθαι
495 2277 593 2348 τὴν
641 2271 732 2330 ἐπὶ
770 2277 1012 2349 Χριστοῦ
1052 2277 1305 2330 σύνθεσιν
1327 2273 1423 2329 τοῦ
1471 2275 1642 2343 Λόγου
1681 2275 1818 2343 πρὸς

233 2371 336 2440 τὴν
363 2371 543 2441 σάρκα
567 2386 584 2401 ·
616 2372 834 2436 λέγουσι
856 2373 965 2442 γὰρ
998 2371 1091 2424 ἐπὶ
1112 2370 1312 2435 λέξεως
1347 2370 1524 2422 ταυτί-

822 2499 1075 2555 ΚΕΦΛΛ.
1107 2499 1233 2552 NA’.

325 2635 561 2705 Ἀνάγκη
599 2635 797 2700 αὐτοὺς
835 2634 1021 2703 λέγειν
1075 2633 1168 2689 τὸν
1207 2633 1446 2704 Χριστὸν
1499 2632 1684 2698 αὑτὸν,
1730 2629 1824 2684 τοῦ

235 2726 378 2780 θεοῦ
411 2729 553 2781 κατά
588 2727 780 2795 μόνας,
829 2728 924 2780 καὶ
965 2727 1060 2780 τοῦ
1109 2726 1396 2798 ἀνθρώπου
1444 2725 1588 2778 κατά
1635 2725 1825 2795 μόνας,

237 2818 487 2872 τουτέστι
521 2819 630 2870 τῶν
684 2818 905 2872 οἰκείων
961 2819 1146 2890 μερῶν
1195 2817 1301 2871 ἀνὰ
1349 2817 1516 2888 μέρος
1559 2817 1656 2870 καὶ
1704 2815 1827 2871 καθ’

238 2913 410 2964 ἑαυτὰ
447 2911 871 2982 ὲπινοουμένων,
903 2910 938 2981 ἦ
992 2912 1278 2980 κρείττονα
1316 2907 1457 2962 εἷναι
1499 2908 1642 2962 κατά
1668 2925 1742 2973 τι,
1785 2907 1819 2978 ἢ

236 3005 463 3072 ἥττονα.
523 2994 606 3056 Τά
659 3004 767 3072 γὰρ
821 3003 934 3057 τῶν
985 3004 1446 3072 ἀποτελεσμάτων
1502 3003 1642 3072 μέρη
1700 3001 1826 3054 καθ’

239 3092 434 3156 έαυτά,
477 3093 570 3145 καὶ⁵
612 3095 782 3162 χωρὶς
825 3092 927 3161 τῆς
958 3093 1098 3163 πρὸς
1137 3091 1340 3165 ἄλληλα
1372 3090 1676 3152 συνθέσεως
1707 3093 1825 3142 ἐπι-

237 3184 532 3254 νοούμενα,
560 3185 777 3246 πάντως
825 3185 968 3237 κατὰ
1009 3200 1062 3236 τι
1113 3184 1147 3255 ἢ
1203 3184 1489 3252 κρείττονα
1544 3183 1577 3253 ἢ
1629 3183 1823 3251 ἥττονα

237 3271 557 3338 εὑρίσκεται
587 3269 679 3323 τοῦ
713 3269 773 3334 ἐξ
800 3271 981 3323 αὐτῶν
1009 3269 1454 3340 ἀποτελέσματος
1477 3287 1492 3301 ·
1534 3267 1644 3323 οἷον
1687 3270 1824 3322 λίθοι

237 3333 336 3415 καλ
371 3360 524 3424 ξύλα,
572 3361 714 3431 μέρη
746 3333 896 3413 οἴκου
940 3361 974 3431 ἦ
1016 3361 1138 3414 ναοῦ
1189 3333 1295 3415 τοῦ.
1327 3361 1434 3414 ὑπὸ
1477 3361 1823 3429 Σολομῶντος
1849 3333 1893 3394 C

237 3452 554 3514 κτισθὲν-τος
577 3467 592 3481 ·
637 3453 735 3505 καὶ
763 3451 988 3521 πρόδηλι
1011 3472 1031 3505 δ
1071 3455 1155 3506 ὅτι
1184 3453 1447 3522 ἑκάτερον
1477 3452 1598 3505 καθ’
1638 3451 1820 3516 ἑαυτὸ,

235 3542 404 3615 ἦττον
455 3545 551 3598 τοῦ
591 3545 716 3598 ὄλ..υ
761 3547 948 3598 οἴκου·
998 3544 1162 3596 -ιίιλιν
1213 3544 1489 3605 ὑάκινθος,
1542 3543 1821 3614 πορφύρα,

238 3637 496 3689 κόκκινον
524 3635 929 3707 κεκλωσμένον,
968 3638 1170 3707 pecco;
1201 3637 1506 3706 νενησμένη
1546 3637 1689 3706 μέρη
1729 3637 1822 3689 τοῦ

241 3729 740 3798 καταπετάσματος
767 3728 868 3799 τῆς
922 3729 1161 3798 σκηνῆς·
1210 3729 1306 3781 καὶ
1350 3727 1560 3781 τούτων
1592 3728 1823 3781 ἕκαστον

243 3820 388 3871 κατὰ
416 3820 585 3887 μόνας
613 3818 834 3871 ἔλαττον
867 3819 1152 3890 προδήλως
1183 3818 1280 3871 τοῦ
1310 3820 1822 3887 καταπετάσματος·

239 3908 418 3971 οὕτως
449 3909 546 3961 καὶ
590 3908 688 3962 ἐπὶ
722 3907 818 3961 τοῦ
854 3909 1166 3978 ἀνθρώπου.
1221 3909 1380 3962 Κατά
1410 3910 1509 3978 μὲν
1538 3909 1658 3971 τοὺς
1688 3911 1824 3979 Χριῆ

239 3999 494 4059 στιανοὺς
549 3999 816 4067 κρεὶττων
841 4001 870 4052 ὁ
909 3999 1195 4070 ἄνθρωπος
1243 4000 1377 4054 αὐτὸ
1419 3999 1579 4053 τοῦτο
1606 4002 1664 4053 τὸ
1704 4002 1822 4054 ὅλον

237 4090 402 4152 ζῶον,
437 4091 533 4142 καὶ
562 4091 662 4160 τῆς
692 4091 874 4160 ψυχῆς
919 4093 1014 4145 καὶ
1058 4090 1154 4144 τοῦ
1196 4092 1447 4162 σώματος
1472 4107 1485 4119 ’
1527 4093 1649 4144 ἐπεὶ
1685 4111 1825 4162 μεια

234 4183 340 4251 τὴν
366 4182 545 4246 ἔξοδον
575 4184 677 4251 τῆς
702 4183 884 4253 ψυχῆς
915 4187 978 4236 ἐκ
1027 4183 1124 4236 τοῦ
1173 4183 1446 4254 σώματος,
1485 4186 1580 4237 καὶ
1616 4186 1648 4255 ἡ
1679 4185 1825 4254 φυγὴ

235 4273 377 4344 πρὸς
417 4274 704 4345 ἐνέργειαν
763 4277 1121 4347 αὐτοκίνητον
1177 4277 1459 4341 ἀδυνάτως
1501 4276 1612 4347 ἔχει
1652 4278 1726 4337 ὡς
1765 4283 1822 4329 ἐν

235 4365 395 4437 ὕπνῳ
429 4365 736 4438 βαθυτάτῳ,
773 4367 870 4421 καὶ
908 4368 1041 4440 μηδὲ
1074 4369 1276 4439 ἑαυτὴν
1337 4370 1673 4444 ἐπισταμένη
1704 4368 1820 4422 διά-

1931 2000 2102 2052 altera
2145 1995 2244 2052 ιοιί
2279 2011 2400 2050 esse
2432 1995 2682 2063 aequalis,
2730 1994 3088 2062 rejiciendam
3119 2009 3241 2050 esse
3279 2002 3508 2059 conten-

1929 2091 2067 2144 dunt
2103 2089 2160 2143 in
2199 2087 2421 2143 Christo
2451 2086 2616 2142 Verbi
2646 2095 2704 2140 et
2743 2087 2932 2142 carnis
2956 2087 3258 2155 unionem;
3297 2096 3356 2143 et
3387 2087 3507 2144 haec

1927 2197 2029 2250 pro
2066 2195 2169 2233 suo
2203 2179 2354 2233 dicto
2373 2179 2614 2233 afferunt
2644 2196 2657 2232 :

2577 2491 2729 2546 CAP.
2771 2491 2856 2545 LI.

2001 2630 2307 2689 Dicendum
2335 2630 2417 2684 eis
2444 2636 2531 2683 est
2551 2627 2834 2684 Christum
2861 2627 3066 2697 ipsum.
3097 2627 3188 2683 vel
3218 2627 3335 2684 Deo
3363 2626 3506 2694 solo,

1929 2729 2016 2782 vel
2049 2725 2270 2780 homine
2305 2721 2444 2781 solo.
2478 2720 2530 2774 id
2557 2728 2645 2776 est
2679 2716 2797 2775 suis
2841 2718 3093 2790 partibus
3127 2721 3425 2791 separatim
3452 2731 3510 2774 et

1931 2820 1986 2874 in
2020 2832 2079 2873 se
2108 2814 2499 2873 consideratis.
2525 2814 2610 2868 vel
2635 2813 2920 2868 meliorem
2944 2827 3068 2868 esse
3107 2813 3193 2868 vel
3235 2814 3506 2883 pejorem.

1935 2910 2128 2967 Omnis
2162 2907 2309 2963 enim
2349 2905 2641 2976 compositi
2669 2914 2854 2974 partes
2885 2905 2939 2959 in
2968 2920 3027 2960 se
3050 2914 3106 2960 et
3135 2905 3512 2977 independen.

1930 3009 2014 3052 ter
2063 2997 2130 3052 ad
2177 3011 2334 3050 suam
2384 2993 2671 3056 unionem,
2721 2992 2806 3045 vel
2850 2993 3110 3047 meliores
3156 2992 3242 3047 vel
3292 2994 3510 3065 pejores

1929 3087 2248 3144 necessario
2285 3096 2416 3140 sunt
2447 3094 2562 3137 toto
2591 3099 2659 3138 ex
2688 3083 2824 3152 ipsis
2854 3085 3240 3150 coalescente;
3263 3087 3506 3156 exempli

1928 3181 2125 3252 gratia.
2158 3179 2368 3248 lapides
2407 3186 2464 3232 et
2502 3176 2674 3247 ligna.
2710 3191 2833 3245 qu:e
2885 3184 3073 3246 partes
3131 3185 3262 3232 sunt
3309 3177 3510 3233 domus

1929 3273 2013 3326 vel
2078 3271 2266 3340 templi
2323 3268 2654 3332 Salomonis,
2709 3266 2940 3322 evidens
2991 3276 3075 3321 est
3100 3267 3314 3324 minora
3360 3285 3506 3334 θεοῦ.

1927 3364 2141 3432 singula
2163 3362 2286 3415 etin
2311 3375 2392 3424 se,
2410 3368 2522 3414 tota
2539 3360 2723 3412 domo.
2752 3358 2846 3412 Sic
2868 3358 3220 3428 hyacinthus.
3238 3375 3504 3431 purpura.

1929 3455 2240 3516 coccinum,
2269 3452 2465 3523 hyssus
2487 3451 2650 3504 simul
2683 3450 2892 3504 intexta
2948 3458 3134 3519 partes
3158 3459 3290 3506 sunt
3338 3452 3502 3506 aulaei

1931 3546 2293 3608 tabernaculi,
2348 3558 2543 3597 eorum
2598 3551 2784 3596 autem
2837 3543 3272 3613 unumquodque
3323 3545 3507 3599 mani-

1928 3640 2066 3694 feste
2104 3638 2287 3691 minus
2340 3646 2425 3691 est
2482 3635 2678 3689 ουιειεο.
2739 3634 2832 3690 Sic
2875 3636 3042 3690 etiam
3097 3635 3166 3692 de
3225 3636 3503 3692 homine:

1928 3726 2230 3781 secundum
2293 3723 2440 3778 enim
2497 3721 2864 3787 Christianos.
2927 3723 3125 3777 melior
3173 3734 3258 3779 est
3315 3723 3503 3789 homo.

1931 3818 2132 3872 animal
2162 3815 2294 3869 illud
2327 3823 2521 3876 totum,
2551 3824 2607 3867 et
2631 3812 2813 3866 anima
2840 3822 2897 3867 et
2927 3829 3160 3884 corpore
3189 3814 3504 3885 :siquidem

1930 3918 2053 3977 post
2073 3907 2270 3960 anima:
2293 3906 2598 3958 discessum
2623 3919 2690 3958 ex
2715 3919 2969 3974 corpore,
2989 3907 3170 3960 anima
3203 3922 3311 3961 non
3341 3907 3509 3962 habet

1932 4009 2138 4053 motum
2163 3995 2267 4051 Sibi
2304 3996 2612 4066 proprium,
2651 4005 2713 4050 ut
2748 3996 2808 4050 fit
2838 3998 2891 4051 in
2919 3998 3100 4053 alticri
3140 4013 3357 4061 somno.
3402 4016 3506 4055 nec.

1926 4107 1984 4144 se
2018 4091 2190 4158 ipsam
2219 4087 2524 4157 cognoscit,
2573 4100 2630 4141 et
2679 4101 2872 4142 eorum
2929 4105 3050 4157 quae
3099 4103 3224 4144 cum
3273 4107 3507 4161 corpore

1926 4183 2058 4251 egit,
2082 4179 2388 4235 secundum
2413 4179 2631 4232 divinas
2652 4176 2969 4249 Scripturas
2993 4179 3264 4236 rationem
3290 4183 3504 4242 reddet.

1925 4276 2060 4344 quin
2085 4271 2313 4341 effugiat
2344 4286 2446 4324 suo
2478 4285 2507 4324 a
2546 4285 2780 4340 corpore
2829 4271 3077 4326 discessu
3123 4282 3222 4327 aut
3255 4273 3310 4328 in
3352 4277 3508 4347 pejus

1926 4373 2157 4425 mutata.
2188 4381 2257 4418 ne
2300 4363 2601 4432 Scriptura:
2633 4363 2927 4418 mendaces
2966 4363 3296 4422 efﬁciantur.

233 4473 411 4523 γουσα
433 4475 448 4490 ·
475 4461 568 4512 καὶ
611 4458 720 4511 τῶν
752 4459 893 4529 μετά
947 4459 1043 4512 τοῦ
1101 4459 1356 4529 σώματος
1392 4462 1646 4532 πράξεων
1677 4461 1815 4514 κατά
1851 4464 1948 4530 τὴν
1982 4457 2134 4511 θείαν
2176 4457 2400 4526 Γραφὴν
2431 4455 2764 4525 ἐκδεχομένη
2809 4457 2908 4524 τὴν
2945 4457 3180 4526 ἀμοιϐήν
3205 4477 3220 4490 ·
3285 4461 3423 4513 ἆστι·
3443 4478 3506 4525 ας

232 4553 338 4602 οὒκ
356 4548 681 4617 ἐκφεύξεται
700 4549 778 4618 τῷ
807 4549 1076 4620 χωρισμῷ
1101 4550 1196 4603 τοῦ
1218 4551 1471 4620 σώματος
1496 4593 1512 4615 ,
1551 4552 1667 4604 οὐδὲ
1700 4553 1793 4604 ἐπὶ
1829 4551 1890 4602 τὸ
1922 4551 2103 4619 χεῖρον
2143 4547 2477 4615 τρεπομένη,
2515 4545 2600 4597 ἵνα
2627 4538 2701 4613 μὴ
2723 4545 2791 4596 τὰ
2824 4543 2921 4613 τῆς
2940 4545 3158 4618 Γραφῆς
3184 4548 3503 4623 διαψευσοῇς

307 4642 531 4703 Τούτοις
559 4641 616 4693 δὲ
645 4640 857 4706 ἕπεται,
1001 4641 1138 4711 μηδὲ
1168 4642 1261 4693 ἐπὶ
1287 4642 1348 4694 τὸ
1377 4643 1817 4711 κρεῖττον,λέγω,

1994 4638 2074 4691 Ex
2106 4650 2173 4690 eo
2207 4636 2356 4705 quod
2383 4652 2486 4690 nec
2516 4635 2570 4688 in
2598 4636 2794 4689 melius
2819 4651 2922 4691 nec
2951 4636 3007 4690 in
3036 4639 3192 4709 pejus
3236 4649 3501 4704 mutatur.

233 4733 377 4805 μηδὲ
427 4734 520 4785 ἐπὶ
568 4731 628 4784 τὸ
671 4734 854 4801 χεῖρον
920 4731 1257 4802 τρέπεσθαι,
1302 4732 1334 4802 ἢ
1383 4733 1442 4782 τὸ
1502 4731 1816 4784 παντέλειον

232 4825 417 4877 έκεῖνο
445 4823 539 4873 καὶ
583 4821 646 4873 τὸ
697 4821 1122 4890 παμμακάριον.
1172 4822 1234 4873 τὸ
1285 4819 1733 4889 προσδοκώμενον
1760 4823 1817 4873 ἐν

230 4919 302 4986 τῇ
324 4913 619 4967 ἀναστάσει
649 4913 847 4963 ἐνεῖναι
876 4914 942 4979 τῇ
969 4911 1130 4978 φύσει
1163 4913 1284 4982 ἤδη,
1314 4912 1345 4980 ἦ
1377 4912 1437 4964 τὸ
1471 4913 1645 4982 πάντη
1688 4914 1819 4982 ησυ-

231 5007 424 5078 χάςειν
456 5006 517 5058 τὸ
540 5003 778 5071 λογικὸν,
805 5005 928 5057 ἐπεὶ
961 5004 1125 5073 μηδὲν
1166 5005 1608 5076 αὑτοπροαιρέτῳ
1653 5005 1814 5075 βουλῇ

231 5101 554 5168 κινούμενον
584 5096 811 5167 μηδενὸς
851 5095 974 5166 ἕχον
1012 5097 1150 5159 ὅλως
1191 5097 1445 5167 αἴσθησίν
1472 5100 1647 5150 ἐστιν·
1680 5097 1819 5152 ἀλλὰ

227 5193 294 5244 τὸ
325 5190 596 5260 πρότερον
619 5188 729 5241 οὐδ’
773 5188 1220 5258 εἰσκεκὸμισται·
1264 5187 1357 5242 τοῦ
1387 5187 1523 5242 Θεοῦ
1569 5189 1815 5259 κρεῖττόν

226 5303 283 5337 τι
319 5281 768 5351 προϐλεψαμένου
803 5280 932 5350 περὶ
973 5280 1156 5350 ἡμῶν,
1195 5280 1281 5333 ῐνα
1331 5281 1406 5351 μὴ
1459 5282 1627 5352 χωρὶς
1655 5281 1817 5350 ἡμῶν

228 5378 280 5428 οι
313 5374 567 5445 πρότεροι
595 5371 923 5426 τελειωϐὦσι
945 5388 958 5400 ·
990 5371 1051 5424 τὸ
1077 5370 1331 5441 δεύτερον
1362 5373 1468 5444 ἄρα
1500 5371 1617 5425 ἐστι
1646 5391 1657 5401 ·
1691 5372 1816 5424 καθ’

227 5469 383 5538 ἡμᾶς
406 5463 501 5518 οὖν
531 5466 659 5529 τοὺς
684 5465 1049 5535 Χριστιανοὺς
1089 5469 1150 5518 οὐ
1187 5465 1453 5537 κρείττων
1476 5468 1506 5520 6
1530 5465 1626 5519 ἄνθ
1635 5482 1818 5536 ρωπος

226 5560 345 5610 τῶν
375 5557 593 5610 οἰκείων
627 5557 811 5626 μερῶν
840 5556 962 5610 καθ’
993 5558 1163 5610 ἑαυτά
1187 5558 1580 5629 θεωρουμένων
1609 5559 1822 5613 δείκνυ-

226 5669 323 5706 ται
341 5666 358 5683 ·
381 5651 523 5705 κατά
539 5649 596 5703 δὲ
622 5650 750 5712 τοὺς
777 5649 1048 5717 Ἕλληνας
1081 5651 1179 5704 καὶ
1203 5653 1328 5716 τοὺς
1357 5653 1696 5724 Μανιχαίους
1723 5652 1821 5707 τοῦ

229 5743 336 5810 μιν
387 5740 636 5811 σώματος
675 5740 941 5812 κρείττιιν
981 5743 1006 5794 ὁ
1039 5742 1360 5814 ἄνθρωπος·
1396 5745 1497 5814 τῆς
1523 5746 1579 5799 δὲ
1614 5745 1817 5817 ψυχῆς,

225 5838 412 5904 ἥττων
471 5834 646 5902 τούτῳ
704 5831 781 5902 τῷ
837 5831 1006 5904 λόγῳ.
1053 5833 1156 5902 Γὴν
1206 5836 1305 5901 μὲν
1353 5838 1462 5906 γὰρ
1507 5835 1685 5908 ψυχὴν
1721 5839 1848 5891 καὶ⁸

528 5927 823 5992 fnum.
871 5925 986 5986 Gn.
1038 5927 1127 5985 l.\'
1144 5928 1186 5983 Χ
1206 5928 1253 5986 Χ
1271 5929 1368 5991 Vl.

1927 4728 2057 4783 inde
2107 4727 2361 4796 sequitur
2417 4727 2501 4780 vel
2549 4727 2639 4780 ille
2672 4735 2850 4781 status
2899 4729 3082 4783 omnis
3126 4731 3502 4799 perfectionis.

1926 4820 2319 4887 immenszeque
2366 4818 2731 4872 beatitudinis
2773 4835 2940 4887 quem
2991 4820 3045 4873 in
3095 4823 3504 4878 resurrectione

1925 4922 2329 4981 ettspeetamus,
2388 4910 2470 4964 vel
2521 4911 2754 4965 rationis
2821 4912 3074 4966 absoluta
3125 4913 3506 4978 immobilitas.

1925 5024 2049 5063 cum
2098 5008 2240 5061 nihil
2293 5015 2596 5076 spontanea
2686 5007 2965 5060 voluntate
3013 5007 3244 5061 minime
3295 5018 3506 5064 motum

1925 5103 2133 5158 nullius
2170 5101 2248 5155 rei
2281 5117 2500 5156 sensum
2532 5100 2764 5161 habent.
2793 5100 2889 5154 sed
2935 5101 3087 5167 prius
3128 5103 3373 5157 nondum
3403 5104 3504 5158 ad-

1925 5195 2096 5255 venit.
2124 5193 2234 5247 Deo
2260 5193 2457 5246 melius
2484 5191 2650 5246 nobis
2685 5191 3014 5259 providente
3037 5207 3105 5247 ne
3128 5205 3509 5250 antecessores

1925 5286 2100 5340 nostri
2133 5285 2251 5338 sine
2284 5283 2442 5336 nobis
2473 5282 2702 5352 perfecti
2731 5281 2898 5346 fiant;
2927 5285 3205 5352 pos‘terius
3247 5301 3378 5355 ergo
3410 5302 3504 5342 ve-

1927 5395 2047 5432 rum
2082 5385 2165 5432 est
2187 5393 2203 5442 ;
2229 5376 2538 5431 secundum
2576 5391 2678 5429 nos
2703 5375 2912 5430 etenim
2936 5374 3302 5444 Christianos,
3339 5378 3507 5436 homo

1926 5486 2035 5524 non
2081 5477 2165 5524 est
2193 5469 2390 5529 melior
2433 5468 2667 5539 singulis
2715 5468 2966 5538 partibus
2994 5468 3200 5538 quibus
3249 5481 3502 5535 constat;

1923 5564 2226 5618 secundum
2285 5577 2420 5616 vero
2472 5561 2692 5616 Graecos
2734 5571 2790 5617 et
2838 5562 3188 5625 Manichteos.
3244 5579 3475 5633 σοι-ροβε

1924 5657 2119 5710 melior
2146 5656 2444 5720 est’homo,
2477 5657 2662 5710 anima
2689 5671 2821 5709 vero
2851 5655 3029 5725 pejor,
3048 5666 3275 5726 propter
3296 5655 3508 5712 hancce

1925 5749 2196 5804 rationem
2226 5763 2238 5801 :
2269 5749 2514 5802 animam
2541 5749 2754 5804 scilicet
2781 5747 3020 5802 credunt
3053 5748 3277 5818 corpori
3305 5764 3522 5819 praes-

1921 5841 2116 5895 sistere
2148 5839 2281 5906 quin
2319 5855 2458 5910 opus
2488 5841 2688 5896 haheat
2727 5836 3102 5909 corporalium
3125 5853 3410 5905 sensuum.
3447 5851 3509 5899 et

2949 5926 3026 5993 ΕΒ
