4214 6450
238 462 364 530 1521

1154 470 1550 531 ADVERSUS
1590 472 2138 536 NESTORIANOS.
2174 497 2241 506 ε-
2273 472 2397 529 Lli‘»
2465 471 2508 531 ί.

3355 462 3497 528 1522

229 577 379 630 θείου
414 576 717 648 μυστηρίου
740 576 1116 645 ἕῳιλκῦμενοι,
1140 575 1225 629 διὰ
1248 577 1347 647 τὴν
1373 574 1563 647 χρείαν
1588 575 1656 643 τῆ
1662 592 1688 638 ς
1711 577 1804 629 τοῦ

1924 576 1975 631 lc
2021 577 2110 631 his
2147 576 2249 631 sibi
2288 576 2459 632 libere
2506 577 2793 633 mendacia
2837 574 3121 631 eﬂ'ormet:
3167 574 3353 645 itaque
3383 587 3493 627 non

228 669 618 739 ἀκαταλήπτου
646 670 821 737 Λόγου
857 667 1265 729 ὑποτυπώτεως
1294 687 1307 701 ο
1340 669 1430 721 ἵνα
1467 667 1543 738 μὴ
1579 669 1807 737 ἀστήριη

229 775 360 821 κτος
387 760 522 830 ἡμῖν
544 762 575 813 δ
594 759 721 824 νοῦς
742 758 841 823 ῶν,
860 763 1132 830 αὐτονομῇ
1158 761 1565 830 φανταζόμενος
1583 760 1650 813 τὰ
1681 777 1746 812 πε
1757 762 1811 829 ρὶ

228 848 384 901 τοῦδε
405 866 422 880 ·
456 850 553 903 καὶ
599 851 862 915 πολλάκις
893 851 1032 920 πρὸς
1069 851 1137 904 τὰ
1179 851 1362 917 πάντη
1389 848 1810 921 ἀπεμεραίνοντα

231 942 366 1009 περὶ
419 942 519 1010 τῆς
562 943 879 1012 οἰκονομίας
924 942 1502 1013 παρατρέπηται,καὶ
1551 942 1812 1006 ἀσεϐείας

227 1032 414 1102 ἑαυτῷ
437 1035 870 1102 ἀναπλάττηται.
892 1036 1013 1087 Κάν
1042 1036 1157 1095 τοῖς
1185 1033 1296 1105 γὰρ
1317 1034 1646 1104 κοινοτέροις
1677 1035 1811 1087 πολ-

229 1123 393 1187 λάκις
427 1125 490 1177 ἐκ
524 1143 668 1188 τινος
702 1127 1104 1194 μεταφράσεως
1135 1126 1167 1197 ἢ
1205 1126 1552 1196 ἀναλογίαςῆ
1579 1128 1805 1197 μερικῆε

229 1214 552 1282 ὁμοιώσεως
597 1215 940 1284 ὀνομάζομεν
985 1232 1108 1269 τινα
1139 1233 1153 1248 ⁸
1186 1217 1282 1269 καὶ
1319 1217 1381 1269 οὐ
1429 1215 1519 1270 διά
1547 1216 1687 1279 τόδε,
1721 1216 1814 1268 καὶ

230 1306 413 1358 πάντα
440 1305 510 1358 τά
541 1305 784 1375 ἑπόμενα
813 1307 1048 1369 τούτοις,
1086 1306 1541 1377 συνεκδεχόμεθα’
1575 1307 1636 1361 οὐ
1671 1308 1802 1377 γὰρ,

225 1400 361 1451 ἐπεὶ
391 1399 483 1451 τὸν
511 1401 624 1452 ἀπὸ
651 1399 976 1471 σκυθρωποῦ
1006 1399 1330 1471 εύδιὼτερον
1358 1400 1499 1470 ἀέρα
1527 1400 1815 1470 γινόμενον

229 1490 463 1556 γελάσαι
521 1491 724 1560 φαμὲν,
756 1492 858 1561 ἢδη
907 1494 1003 1545 καὶ
1051 1492 1189 1551 ζῶον
1226 1492 1550 1561 γελαστικὸν
1582 1492 1644 1545 τὸ
1672 1508 1816 1544 στοι-

228 1584 381 1650 χεῖον
415 1577 557 1636 εἶναι
607 1582 972 1653 ἐγνώκαμεν·
1005 1584 1148 1655 πλὴν
1198 1586 1247 1637 εί
1306 1584 1400 1638 καὶ
1448 1586 1627 1639 πάντα
1674 1600 1815 1653 συμ-

227 1671 443 1726 ϐαίνειν
476 1674 690 1747 ἀνάγκη
721 1675 791 1729 ea
818 1677 1062 1746 ἑπόμενα
1094 1678 1216 1731 ὅποι
1245 1675 1458 1744 λέγοιτό
1493 1693 1546 1729 τι
1578 1676 1687 1729 τῶν
1718 1691 1767 1729 αι

227 1766 346 1821 τῶν
411 1766 717 1838 ὀνομάτων,
777 1769 895 1823 ἀλλ’
948 1771 1043 1823 ἐπὶ
1105 1769 1345 1840 Χριστοῦ
1415 1769 1589 1823 ταῦτα
1641 1772 1814 1838 ἀναγ-

228 1859 409 1921 καίως
455 1862 555 1930 οὐχ
584 1861 778 1929 ἕψεται
802 1880 817 1895 ·
848 1865 913 1916 ὲκ
952 1862 1091 1915 Θεοῦ
1121 1863 1232 1933 γὰρ
1262 1863 1437 1929 Λόγου
1472 1862 1816 1932 ἀνθρωπείας

1915 668 2099 724 omnia
2150 685 2217 723 ex
2264 669 2352 723 his
2380 669 2773 740 consequentia
2808 668 3145 740 recipimus;
3185 683 3295 722 non
3323 666 3493 727 enim,

1917 774 2041 814 cum
2110 777 2292 814 aerem
2338 777 2405 816 ex
2456 761 2598 815 tristi
2666 760 2983 816 hilariorem
3044 758 3247 814 factum
3314 758 3498 814 ridere

1917 850 2175 914 dicimus,
2225 867 2331 905 non
2384 867 2451 907 ex
2512 867 2581 905 eo
2645 851 2891 916 risibile;
2939 865 3062 906 esse
3123 849 3325 906 animal
3390 849 3500 904 hoc

1918 944 2253 999 elementum
2311 944 2677 1009 arbitramur;
2749 945 2845 999 sed
2902 943 3006 1000 etsi
3072 953 3501 1006 necesseesset

1920 1036 2105 1089 omnia
2140 1036 2366 1090 realiler
2415 1053 2535 1093 esse
2584 1051 2927 1107 quaecunque
2964 1053 3031 1092 ex
3063 1034 3383 1091 nominibus
3411 1048 3500 1089 se-

1920 1136 2188 1197 quuntur,
2224 1129 2277 1181 in
2310 1127 2534 1183 Christo
2579 1139 2761 1184 tamen
2802 1128 3118 1183 necessario
3158 1142 3271 1183 non
3296 1141 3501 1197 seque—-

1920 1231 2096 1275 retur.
2132 1220 2545 1291 Compositione
2578 1222 2723 1276 enim
2763 1223 2885 1294 ejus
2906 1236 2970 1277 ex
3003 1221 3186 1276 Verbo
3217 1231 3273 1277 et
3297 1229 3499 1281 natura

1920 1312 2162 1367 humana
2209 1313 2379 1368 semel
2419 1312 2678 1373 admissa.
2710 1314 2755 1367 si
2786 1323 2971 1368 tamen
2994 1309 3329 1366 concedatur
3374 1321 3497 1363 eam

1921 1401 2011 1457 his
2056 1403 2306 1473 partibus
2361 1418 2492 1457 vere
2523 1410 2801 1468 constare,
2839 1410 3014 1457 totum
3063 1401 3123 1455 in
3168 1415 3232 1455 se
3279 1413 3402 1454 esse
3442 1404 3501 1453 et

1921 1494 2286 1562 compositum
2334 1494 2456 1549 illas
2501 1509 2696 1550 omnes
2745 1492 3168 1562 consequentias
3211 1487 3499 1561 impediet.

1921 1585 2049 1640 Non
2083 1584 2231 1639 enim
2270 1585 2572 1640 absurdum
2612 1593 2795 1655 potest
2843 1584 3095 1653 recipere
3143 1580 3408 1636 divinitas
3444 1587 3503 1635 et

1924 1677 1979 1729 in
2020 1677 2226 1747 quibus
2274 1675 2406 1730 dum
2443 1691 2633 1731 eorum
2665 1691 2789 1745 qua:
2827 1684 3017 1729 contra
3046 1688 3148 1727 nos
3173 1680 3303 1727 sunt
3327 1670 3498 1734 dicta.

1921 1784 2043 1823 esse
2092 1763 2566 1838 incompossibilia
2614 1782 2646 1820 a
2699 1766 2860 1820 nobis
2908 1778 3237 1820 concessum
3287 1769 3394 1817 est.
3439 1761 3500 1817 Si

1922 1861 2069 1914 enim
2113 1860 2181 1914 de
2212 1861 2334 1931 ejus
2357 1859 2710 1930 generatione
2729 1858 3030 1928 loquimur,
3062 1873 3171 1911 non
3200 1865 3503 1911 occurrunt

229 1947 452 2015 φύσεως
513 1952 959 2022 ὁμολογουμένης
1003 1951 1169 2006 αὐτοῦ
1210 1953 1311 2021 τῆς
1347 1951 1675 2015 συνθέσεως,
1703 1951 1821 2018 είγε

1924 1968 2117 2008 omnes
2179 1952 2587 2022 consequentia:
2658 1951 3079 2022 generationum
3143 1957 3499 2013 nostrarum;

226 2044 296 2093 tat
332 2041 557 2096 τοιῶνδε
595 2044 813 2114 ἀληθῶς
861 2042 1004 2098 εἶναι
1032 2045 1143 2098 τῶν
1178 2044 1362 2114 μερῶν
1388 2044 1590 2115 δοθείη,
1614 2045 1675 2096 τὸ
1699 2043 1821 2097 κατ’

1926 2061 2106 2115 neque
2141 2046 2196 2099 in
2230 2061 2296 2099 eo
2323 2043 2866 2100 consubstantialitas
2911 2057 3275 2111 personarum
3319 2054 3511 2110 neque

227 2136 400 2189 αὑτὸν
450 2137 593 2200 δλον,
630 2138 728 2191 καὶ
752 2137 1007 2190 σύνθετον
1042 2131 1184 2190 εἶναι
1232 2135 1464 2189 κωλύσει
1504 2137 1722 2198 πάντως
1751 2134 1819 2189 τά

1924 2136 2271 2205 propriarum
2346 2135 2717 2207 potentiarum
2794 2133 3037 2204 perfecta
3110 2132 3499 2203 personalitas,

223 2227 461 2281 τοιαῦτα
526 2227 1087 2299 παρακολουθήματα.
1133 2227 1542 2297 ’Δπαράδεκτον
1587 2227 1698 2299 γὰρ
1759 2227 1821 2280 τὸ

1924 2242 2107 2297 neque
2132 2236 2328 2282 caetera
2354 2225 2594 2298 propria,
2638 2224 2802 2280 nobis
2838 2234 2968 2280 sunt
3005 2224 3231 2279 similia.

227 2319 398 2373 Θεῖον
428 2321 634 2380 παντὸς
670 2322 877 2375 ἀτόπου
901 2337 917 2352 ο
948 2321 1042 2374 καὶ
1070 2322 1129 2374 ἐν
1162 2322 1277 2383 τοῖς
1304 2322 1488 2379 αὐτοῖς
1541 2336 1687 2372 τισιν
1753 2315 1897 2372 εἶναι
1931 2319 2040 2371 τῶν
2092 2319 2215 2373 καθ’
2252 2320 2398 2389 ἡμᾶς
2454 2318 2786 2390 λεγομένων,
2829 2320 3181 2389 ἀσυγκρίτως
3236 2315 3383 2388 ἔχειν
3440 2315 3503 2369 ἓν

224 2411 447 2473 τούτοις
462 2413 601 2480 πρὸς
630 2414 777 2483 ἡμᾶς
813 2412 1185 2483 ὡμολόγηται.
1225 2414 1287 2465 Ei
1336 2413 1448 2480 γὰρ
1488 2412 1583 2465 καὶ
1617 2413 1869 2482 γέννησις
1898 2411 2115 2479 λέγεται
2140 2413 2225 2464 ἐπ’
2253 2410 2440 2469 αὐτοῦ,
2473 2411 2590 2463 ἀλλ’
2611 2411 2735 2480 οὐχί
2793 2410 2890 2462 καὶ
2950 2408 3021 2462 τὰ
3075 2407 3321 2478 ἑπόμενα
3374 2408 3502 2469 ταῖς

227 2501 361 2555 καθ’
388 2504 539 2571 ἡμᾶς
558 2505 845 2574 γεννήσεσι
871 2521 884 2536 ο
909 2504 1002 2557 καὶ
1026 2506 1085 2556 ἐν
1114 2502 1249 2573 τῷδε
1283 2503 1401 2555 οὐδὲ
1435 2504 1495 2557 τὸ
1532 2501 1818 2571 ὁμοούσιον
1853 2503 1959 2555 τῶν
1987 2502 2339 2555 ύποστάσεων
2369 2500 2544 2568 τοῦδε,
2602 2499 2726 2553 οὗτε
2760 2501 2822 2554 τὸ
2881 2498 3359 2571 τελειοπρόσωπον
3388 2497 3501 2552 τῶν

230 2596 428 2651 ιδικῶν
462 2598 771 2668 δυνάμεων,
803 2599 993 2668 ὅμοιον
1022 2601 1174 2669 ἡμῖν,
1202 2599 1322 2652 οὐδὲ
1351 2601 1415 2651 τά
1458 2598 1620 2651 λοιπὰ
1662 2597 1940 2668 ἐξαίρετα.

306 2689 461 2759 Πλὴν
500 2689 640 2743 ἀλλά
694 2690 789 2743 καὶ
832 2689 1040 2743 τούτων
1091 2690 1541 2760 ὁμολογουμένων
1579 2690 1654 2752 ὡς
1719 2691 1820 2742 οὐκ

231 2780 391 2833 εστιν
420 2781 481 2845 ἐξ
513 2782 636 2833 ὅλου
671 2782 767 2835 καὶ
826 2782 1008 2851 μερῶν
1050 2782 1143 2834 ἐπὶ
1170 2781 1410 2853 Χριστοῦ
1466 2782 1773 2851 εἰρημένων
1802 2822 1816 2845 ,

228 2870 554 2933 ἀκολούθως
607 2889 660 2925 τι
713 2872 904 2942 ὅμοιον
946 2875 1078 2942 ἡμῖν
1126 2872 1465 2940 ἐπάγεσθαί,
1504 2872 1818 2942 διανοητέον

234 2963 340 3015 καὶ
364 2964 513 3016 τάδε.
564 2964 790 3033 Πρῶτον
840 2965 940 3035 μὲν
990 2964 1101 3037 γὰρ
1141 2965 1203 3019 τδ
1248 2964 1440 3034 λεχθὲν
1492 2965 1817 3034 συμϐαίνειν

232 3055 337 3107 επὶ
361 3054 456 3107 τοῦ
487 3056 549 3108 ὲκ
584 3056 768 3127 μερῶν
796 3057 917 3110 ὅλου
940 3057 1254 3129 γινομένου,
1277 3057 1437 3126 δῆλον
1469 3075 1482 3088 ·
1519 3059 1591 3119 ὼς
1633 3060 1680 3111 εί
1724 3058 1819 3111 καὶ

233 3145 466 3199 κατὰτὸ
501 3143 643 3210 εἶδος
674 3143 827 3200 οὖσιν
854 3149 1132 3217 ἀνομοίοις
1164 3151 1276 3212 τοῖς
1306 3148 1498 3219 μέρεσι
1530 3148 1817 3217 συμϐαίνει

231 3238 321 3306 τῷ
351 3238 459 3308 ὅλῳ
482 3239 637 3307 τῷδε,
664 3239 799 3292 ἀλλά
838 3241 1057 3303 πάντως
1081 3241 1223 3294 κατά
1250 3258 1302 3295 τι
1325 3240 1593 3311 προσεχὲς
1625 3241 1656 3309 ἢ
1687 3243 1820 3311 πορο
1847 3286 1890 3344 Γ

1764 3330 1775 3346 ι
1849 3327 1892 3345 ‘1

234 3330 473 3397 ρωτέρω
494 3330 650 3396 γένος
682 3330 942 3399 ὁμογενὲς
964 3331 1318 3400 τυγχάνουσι.
1354 3331 1447 3383 Διὸ
1470 3332 1534 3400 δὴ
1564 3333 1654 3382 καὶ
1682 3330 1819 3401 πρὶς

236 3418 500 3472 σύνθεσιν
529 3419 700 3482 εῐδους
731 3419 934 3482 κοινοῦ,
962 3422 1061 3473 οὐκ
1083 3421 1380 3491 ἀλλοτρίως
1403 3422 1559 3490 ἔσχεν
1588 3421 1655 3475 ἂν
1684 3421 1821 3491 πρὸς

230 3512 452 3582 ἄλληλα
506 3512 683 3583 πάντη
718 3527 734 3543 ⁸
771 3513 866 3567 ᾰτε
915 3513 1202 3567 κοινωνίαν
1249 3512 1371 3566 τινά
1408 3511 1647 3584 φυσικὴν
1678 3513 1822 3582 ἔχειν

232 3608 388 3660 κατά
432 3623 487 3660 τι
545 3607 744 3674 γένος’
807 3608 841 3676 ἡ
906 3607 964 3661 δὲ
1011 3608 1106 3660 ἐπὶ
1156 3606 1251 3659 τοῦ
1317 3607 1591 3660 Δεσπότου
1664 3606 1823 3677 ἡμῶν

234 3700 462 3762 Ξνωσις,
502 3698 569 3750 lx
604 3699 716 3752 τῶν
746 3698 922 3768 πάντη
990 3699 1336 3769 ἀνομογενῶν
1400 3700 1539 3751 ἐστι.
1599 3696 1664 3751 Τί
1714 3697 1824 3766 γὰρ

235 3790 454 3857 κυρίως
530 3790 733 3844 οὐσιῶν
811 3791 1020 3859 γένοςς
1110 3793 1159 3844 εἰ
1228 3791 1285 3844 δὲ
1351 3792 1445 3844 καὶ
1502 3791 1655 3860 γένος
1728 3792 1823 3845 οὑ-

237 3880 371 3941 σίας
443 3881 596 3946 ἐστὶ,
651 3879 703 3934 τί
753 3880 913 3948 γένος
978 3880 1168 3956 οὐσίας
1224 3881 1323 3951 τῆς
1381 3880 1532 3945 θείας
1610 3882 1821 3951 αὐτῆς,

241 3971 389 4042 μετά
458 3975 556 4025 καὶ
596 3973 696 4043 τῆς
757 3974 1108 4043 ἀνθρωπείας
1189 3968 1326 4028 εἶναι
1368 3973 1652 4045 δοθήσεται
1684 3991 1699 4040 ;
1736 3973 1826 4028 ἵνα

233 4064 335 4118 διὰ
360 4081 482 4118 τινα
510 4066 743 4136 φυσικὴ-
780 4065 1124 4134 συγγένειαν,
1157 4067 1250 4119 καὶ
1296 4066 1419 4118 ὅλου
1452 4065 1597 4128 τινὸς
1626 4063 1826 4133 φύσ.ν,

240 4159 660 4228 συγκιρνάμενα
689 4176 746 4211 τι»
766 4160 905 4228 ,ήσοι
938 4159 1063 4213 τάδε
1095 4174 1110 4189 ⁸
1135 4158 1251 4221 πῶς
1279 4153 1369 4211 οὖν
1394 4157 1471 4228 τῷ
1502 4156 1809 4226 συμϐαίνον

1995 2688 2270 2747 Attamen,
2304 2700 2429 2739 cum
2464 2683 2671 2739 fuerint
2719 2683 2954 2740 confessi
3001 2684 3070 2740 de
3117 2683 3343 2740 Christo
3385 2698 3498 2739 non

1925 2777 2097 2832 fuisse
2125 2777 2335 2831 dictum
2364 2775 2512 2845 quod
2544 2790 2612 2831 ex
2640 2784 2756 2831 toto
2802 2785 2860 2831 et
2896 2776 3150 2846 partibus
3184 2774 3377 2839 fuerit.
3413 2774 3500 2833 in-

1925 2868 2254 2940 quirendum
2298 2868 2432 2939 quid
2477 2869 2639 2924 nobis
2685 2877 3090 2941 consequenter
3119 2868 3296 2924 simile
3339 2867 3501 2923 indu-

1926 2971 2106 3016 catur.
2153 2962 2395 3017 Primum
2434 2962 2659 3032 quidem
2704 2964 2851 3033 quod
2918 2962 3128 3019 dictum
3170 2961 3229 3017 in
3275 2968 3394 3017 toto
3431 2975 3499 3017 ex

1925 3057 2173 3128 partibus
2213 3060 2484 3113 constanti
2532 3059 2806 3124 accidere,
2862 3058 3239 3121 manifestum,
3275 3056 3429 3128 quod
3450 3056 3503 3112 si

1926 3159 2111 3220 partes
2158 3159 2288 3204 sunt
2346 3151 2531 3221 specie
2585 3151 2884 3206 dissimiles
2927 3150 3051 3216 toti,
3082 3163 3273 3221 genus
3315 3157 3506 3204 tamen

1926 3242 2272 3296 constituunt
2295 3242 2378 3297 vel
2408 3242 2720 3312 proximum
2761 3243 2847 3298 vel
2885 3243 3175 3297 remotius.
3205 3240 3398 3309 Itaque
3427 3237 3509 3295 ad

1923 3331 2370 3387 constituendum
2416 3348 2592 3403 genus
2631 3347 2945 3398 commune,
2979 3348 3095 3388 non
3131 3332 3235 3387 sibi
3261 3331 3502 3386 ilth

1922 3430 2108 3475 essent
2144 3420 2372 3474 omnino
2398 3421 2610 3484 aliense,
2640 3420 2903 3477 habentes
2951 3419 3248 3491 quamdam
3275 3426 3505 3475 natura»

1924 3511 2030 3566 lem
2081 3513 2531 3567 communitatem
2562 3512 2617 3567 in
2650 3514 2835 3584 aliquo
2864 3528 3097 3585 genere;
3146 3512 3278 3568 unio
3312 3519 3500 3568 autem

1925 3603 1983 3657 in
2025 3603 2261 3658 Domino
2310 3613 2501 3659 nostro
2542 3604 2896 3660 dissimilium
2938 3605 3166 3660 omnino
3208 3612 3294 3660 est
3318 3602 3501 3674 aquid

1924 3696 2074 3752 enim
2102 3698 2324 3768 proprie
2357 3698 2790 3755 substantiarum
2823 3699 3040 3771 genus?
3072 3700 3151 3754 Et.
3172 3698 3220 3755 si
3243 3698 3503 3754 substan—

1927 3790 2018 3845 tiae
2071 3806 2248 3861 genus
2297 3799 2404 3857 est,
2454 3801 2514 3847 et
2564 3792 2713 3863 quod
2764 3793 2872 3847 erit
2900 3808 3073 3862 genus
3096 3791 3307 3847 divina.
3351 3789 3503 3845 illius
3562 3776 3563 3779 ¹

1926 3882 2250 3938 substantias
2307 3899 2435 3940 cum
2504 3883 2809 3939 substantia
2874 3882 3134 3947 humana,
3196 3879 3348 3951 quod
3402 3894 3503 3950 per

1927 3976 2220 4046 quamdam
2252 3978 2563 4032 naturalem
2600 3976 2980 4048 cognationem
3011 3991 3076 4031 ea
3109 3970 3504 4030 commiscent?

1927 4068 2215 4136 Quomodo
2246 4086 2379 4141 ergo
2401 4086 2502 4140 per
2530 4069 2785 4125 accidens
2805 4068 3067 4123 similium
3101 4066 3344 4137 partium
3370 4076 3505 4118 con-

1924 4160 2218 4231 iunctioni,
2249 4162 2595 4219 dissimilium
2633 4161 3078 4233 coniunctionem
3112 4152 3507 4214 Submitteret?

235 4268 297 4303 τι
324 4253 390 4320 τῇ
412 4250 519 4303 τῶν
539 4251 817 4320 ὁμογενῶν
846 4270 909 4319 με
919 4251 1026 4321 ρῶν
1053 4250 1298 4303 συνθέσει
1319 4249 1417 4321 τὴν
1440 4250 1547 4304 τῶν
1570 4251 1826 4319 ἀνομογε-

1929 4250 2432 4319 Concluderentne,
2464 4263 2526 4309 ut
2560 4253 2953 4313 necessarium,
2986 4250 3254 4320 consequi
3286 4247 3510 4306 endis‘

239 4341 357 4396 νῶν
384 4341 720 4409 ὑπαγάγοιεν
757 4341 1005 4394 σύνθεσιν
1032 4359 1048 4405 ;
1088 4341 1182 4394 καὶ
1216 4340 1292 4403 ὡς
1361 4342 1662 4409 ἀναγκαῖον
1695 4341 1829 4411 ἡμῖν

240 4435 635 4500 συναγάγοιεν,
675 4433 737 4486 τὸ
787 4432 902 4486 δεῖν
944 4433 1163 4495 πάντως
1213 4432 1445 4486 ἔπεσθαι
1487 4432 1667 4485 τοῖσδε
1712 4433 1829 4494 τοῖς

238 4522 607 4591 ἀνομογενέσι
640 4520 881 4591 Χριστοῦ
933 4522 1180 4592 μέρεσιν,
1212 4524 1387 4574 ἐκεῖνο
1413 4520 1441 4573 δ
1486 4523 1599 4583 τοῖς
1627 4523 1829 4590 ὁμογε-

1933 4344 2215 4401 similibus
2241 4344 2447 4400 Christi
2472 4345 2722 4415 partibus
2756 4342 2891 4399 illud
2917 4341 3068 4412 quod
3093 4340 3507 4396 videmuscern-

1933 4440 2087 4510 sequi
2138 4448 2325 4508 partes
2366 4437 2599 4499 similes,
2642 4437 2698 4492 id
2726 4444 2832 4502 est,
2880 4435 3117 4490 alterum
3144 4441 3320 4488 totum
3343 4432 3376 4486 ἲ·
3396 4428 3505 4485 Sed

1932 4534 1978 4587 si
2009 4529 2230 4583 aiiunde
2252 4530 2363 4600 jam
2393 4543 2464 4583 ex
2487 4528 2813 4584 necessitate
2842 4527 3049 4598 paratis
3080 4523 3374 4581 ostendere
3395 4536 3508 4577 non

237 4615 396 4667 νέσιν
424 4613 692 4683 ἑπόμενον
724 4613 1049 4678 καθορᾶται,
1081 4612 1249 4681 ἧγουν
1280 4613 1513 4683 δλότητά
1540 4631 1663 4666 τινα
1709 4612 1826 4666 ἑτέ-

1938 4621 2056 4676 ﬁeri
2106 4620 2557 4690 conjunctionem
2610 4619 2918 4675 naturalem
2966 4614 3272 4673 secundum
3317 4628 3512 4685 perso-

247 4724 399 4777 ραν;
445 4706 587 4760 Ἀλλ’
616 4707 665 4758 εί
698 4706 799 4775 μὲν
846 4705 1068 4759 ἄλλοθεν
1097 4705 1159 4758 τὸ
1205 4706 1281 4776 μὴ
1308 4704 1560 4773 γενέσθαι
1591 4706 1830 4777 φυσικὴν

243 4799 506 4854 σύνθεσιν
536 4798 659 4851 καθ’
685 4798 983 4852 ὑπόστασιν
1014 4798 1282 4864 ἐπιδεῖξαι
1326 4799 1483 4853 τοῦτο
1514 4799 1615 4871 ἥδη
1657 4802 1830 4869 ἀναγ-

242 4892 422 4954 καίως
472 4891 928 4953 κατασκευάσετε,
986 4890 1238 4959 εἴποιμεν
1294 4893 1480 4954 αὐτοῖς
1510 4890 1598 4945 Ἐἰ
1654 4892 1710 4945 δέ
1760 4908 1824 4960 γε

242 4982 593 5046 ὑποθετικῶς
630 4983 729 5051 τὴν
771 4981 1020 5036 σύνθεσιν
1065 4983 1195 5051 ἡμῖν
1245 4983 1385 5046 ὅλως
1439 4982 1573 5035 Θεοῦ
1607 4983 1742 5053 πρός
1772 5001 1827 5036 τι

245 5078 624 5147 συγχωρεῖτε,
674 5075 773 5129 οὐκ
833 5076 891 5142 ἐξ
949 5075 1199 5144 ἀνάγκης
1245 5074 1430 5128 λοιπδν
1473 5080 1539 5129 τὰ
1584 5077 1827 5145 ἑπόμενα

246 5167 502 5220 συνθέσει
558 5165 894 5233 ἐπαγάγοιτε
934 5181 948 5197 ·
976 5165 1132 5236 sane:
1193 5165 1254 5218 τὸ
1309 5164 1385 5235 μὴ
1433 5166 1641 5220 τοιάνδε
1689 5163 1829 5221 εἶναι

244 5258 423 5327 αὐτὴν
445 5257 565 5311 οἷαν
617 5255 730 5309 frte
758 5257 1057 5326 γινομένην
1087 5259 1181 5311 ἐπὶ
1234 5260 1345 5321 τοῖς
1398 5257 1472 5330 μὴ
1529 5259 1701 5312 τοῖσδε
1735 5255 1827 5313 οὗ-

252 5369 361 5410 σιν,
412 5350 581 5417 ἧγουν
618 5348 786 5412 θείοις
844 5352 939 5402 καὶ
1000 5348 1366 5420 ἀνθρωπίνοις
1421 5349 1684 5420 μέρεσιν·
1726 5351 1825 5424 ἤδη

1933 4730 2081 4779 nam,
2145 4713 2353 4784 eisdem
2424 4712 2614 4769 verbis
2682 4711 3183 4782 respondebimus:
3217 4707 3276 4763 Si
3321 4712 3508 4762 autem

1934 4804 2098 4859 nobis
2138 4802 2444 4858 conceditis
2468 4802 2811 4875 hypothetici
2839 4802 2935 4857 Dei
2965 4815 3092 4856 cum
3121 4799 3312 4867 aliquo
3349 4794 3512 4851 unio-

1932 4911 2080 4956 nem,
2113 4910 2213 4949 nec
2242 4894 2499 4965 amplius,
2543 4905 2804 4965 tanquam
2831 4893 3195 4956 necessarias,
3233 4888 3514 4946 inducatis

1942 4983 2352 5055 conjunctionis
2384 4983 2846 5054 consequentias;
2886 4983 2976 5037 vel
3005 4982 3151 5052 quia
3163 4995 3276 5036 non
3301 4987 3390 5035 est
3414 4994 3511 5034 ea-

1938 5075 2066 5132 dem
2095 5093 2161 5132 ac
2190 5076 2335 5130 illam
2370 5092 2537 5145 quam
2569 5076 2727 5131 scitis
2766 5092 2845 5131 ex.
2872 5074 3117 5130 diversis
3138 5072 3281 5136 fieri,
3315 5071 3371 5127 id
3403 5079 3511 5132 est.

1937 5168 2143 5224 divinis
2176 5178 2233 5224 et
2265 5168 2530 5223 humanis
2574 5167 2849 5238 partibus,
2880 5168 2995 5239 jam
3030 5166 3181 5221 illam
3225 5163 3511 5220 evertetis.

1935 5261 2181 5329 Quorum
2211 5262 2359 5317 enim
2390 5270 2741 5317 naturas-non
2764 5269 2903 5315 sunt
2922 5258 2979 5314 in
3012 5258 3270 5313 omnibus
3284 5252 3515 5319 eadem,

1934 5370 2130 5410 eorum
2161 5370 2341 5424 neque
2367 5353 2687 5425 coniunctio
2712 5353 2916 5409 eadem
2938 5350 3228 5407 manifeste
3258 5349 3389 5406 erit.

248 5450 346 5501 καὶ
374 5448 583 5516 ταύτην
635 5446 988 5515 ἀνατρέψετε.
1018 5438 1120 5497 Ὧν
1169 5445 1278 5516 γὰρ
1315 5449 1371 5498 ai
1410 5446 1601 5516 φύσεις
1625 5448 1725 5519 οὐχ
1747 5450 1802 5501 αί
1826 5450 1986 5504 αὐταὶ
2019 5452 2158 5505 κατά
2208 5452 2407 5514 πάντα,
2437 5451 2561 5504 οὐδὲ
2601 5453 2633 5521 ἡ
2672 5447 2879 5519 quani;
2930 5447 3117 5518 σχέσις
3158 5444 3323 5515 ὁμοία
3375 5442 3519 5499 κατά

246 5542 453 5604 πάντα,
472 5538 593 5592 οὐδὲ
624 5539 657 5610 ἡ
688 5539 937 5601 σύνθεσις
960 5538 992 5609 ἡ
1025 5537 1163 5608 αὑτὴ
1186 5537 1387 5608 δηλαδὴ
1412 5540 1721 5610 γενήσεται.

330 5632 453 5684 Ἔτι
512 5630 704 5699 ῥητέον
754 5632 837 5684 δτι
890 5631 939 5682 εί
975 5630 1066 5683 καὶ
1115 5630 1267 5683 πᾶσα
1302 5629 1576 5695 σύνθεσις,
1611 5631 1826 5702 ἕτερον,

253 5722 440 5784 καθὼς
460 5721 518 5776 δὲ
545 5723 826 5794 εἰρήκατε,
863 5722 1010 5793 παρὰ
1040 5721 1149 5774 τῶν
1178 5722 1360 5793 μερῶν
1393 5722 1507 5793 εἴδη
1548 5722 1834 5791 ἐπεισάγει

2007 5630 2311 5686 Dicendum
2341 5642 2564 5698 quoque
2585 5635 2670 5680 cst
2691 5645 2703 5679 :
2726 5625 2785 5681 Si
2814 5623 2995 5679 omnis
3022 5618 3342 5692 conjuncu'o
3367 5616 3521 5674 aliud

1936 5738 2112 5794 genus
2132 5721 2253 5785 toti,
2280 5729 2343 5775 ut
2369 5719 2608 5784 dixistis,
2639 5717 2820 5780 affert,
2846 5724 3001 5771 extra
3028 5712 3266 5785 partium
3290 5727 3525 5783 genera,

253 5810 335 5879 τῷ
383 5810 491 5875 ὅλῳ
535 5806 696 5876 εἶδος,
743 5810 1198 5883 προωμολόγηται
1241 5813 1393 5881 ὅμως
1430 5813 1562 5882 ἡμῖν
1600 5813 1693 5866 τοῦ
1736 5814 1826 5865 νῦν

1930 5818 2043 5889 jam
2076 5830 2106 5868 a
2135 5812 2295 5869 nobis
2324 5811 2430 5867 fuit
2461 5811 2703 5882 positum
2731 5823 2896 5865 unam
2926 5814 3141 5880 partem
3172 5804 3344 5862 totius
3371 5802 3523 5874 quod

170 5974 177 5978 ⁸
256 5903 685 5973 ἁνικρινομένου
743 5903 997 5959 συνθέτου
1050 5902 1107 5958 ἓν
1151 5898 1289 5957 εἶναι
1346 5903 1507 5975 μέρος
1554 5905 1613 5957 τὸ
1658 5906 1832 5971 Θεῖον,

1937 5906 2379 5970 consideramus,
2406 5918 2529 5959 esse
2560 5902 2807 5957 divinum
2838 5899 2973 5957 illud
3015 5898 3163 5970 quod
3209 5897 3388 5954 omnis
3427 5911 3524 5970 gla-
