4214 6450
704 425 836 488 15‘27

1963 420 2272 482 LEONTII
2313 417 2714 478 BYZAN'l'lNl

3842 403 3978 469 1526

697 553 845 589 sonte
871 533 1134 587 dicuntur
1159 551 1173 598 ;
1217 543 1405 603 postea
1448 533 1633 588 dicant
1659 533 1789 602 quid
1822 534 1894 588 sit
1921 533 2288 588 consubstan-

2412 532 2487 582 τὸν
2536 531 2696 582 αὑτὸν
2747 527 2888 598 ἐχειν
2940 527 3098 593 λόγον
3143 526 3241 594 τῆς
3271 525 3477 588 οὐσίας,
3527 523 3616 576 καὶ
3667 522 3766 592 τὴν
3805 522 3979 589 αὑτὴν

699 627 861 689 male;
906 625 951 677 si
990 640 1122 679 vero
1171 640 1278 678 non
1331 624 1543 686 Patris,
1596 625 1692 679 sed
1747 626 1940 691 David,
2013 625 2294 694 quomodo

695 732 814 768 ratu
840 730 906 767 cx
937 715 1153 768 duabus
1184 713 1398 766 naturis
1428 725 1703 779 constare,
1737 730 1846 769 non
1881 731 1948 769 ex
1971 730 2205 782 corpore
2239 722 2297 768 et

696 809 880 860 anima
927 816 1183 860 constare
1233 805 1462 859 volunt?
1512 806 1660 860 Talis
1710 810 1858 861 enim
1916 807 2021 860 fuit
2073 807 2296 860 Davidis

699 915 968 967 persona;
1003 900 1048 950 si
1078 914 1210 950 vero
1247 913 1426 966 neque
1461 898 1589 961 hoc,
1625 915 1801 967 neque
1830 900 1984 960 illud,
2024 901 2166 952 alius
2199 915 2295 968 ge-

700 988 850 1042 neris
895 1003 1059 1057 quam
1110 1003 1303 1041 omnes
1349 1004 1515 1056 quem
1565 990 1920 1042 lllll‘UtiUCitlS
1957 990 2146 1051 Filius,
2194 1005 2296 1044 nec

701 1080 862 1133 nobis
893 1095 996 1132 nec
1024 1088 1226 1132 sancta:
1261 1079 2066 1134 Trinitati'consubstautialis.
2105 1080 2212 1135 Sed
2247 1083 2294 1138 si

699 1174 902 1227 dicatis
944 1188 1011 1226 ex
1057 1183 1211 1242 parte
1249 1173 1468 1240 utrique
1513 1171 2064 1234 consubstantialem,
2098 1173 2295 1226 scitote

701 1267 1194 1320 emisubstantiaiia
1226 1281 1335 1317 non
1360 1264 1470 1333 pati
1505 1279 1572 1318 ex
1601 1273 1756 1333 parte
1803 1265 2295 1320 consubstantialia

701 1373 865 1422 esse;
898 1358 987 1410 illa
1033 1358 1181 1411 enim
1214 1356 1426 1410 ratione
1455 1355 1774 1410 omnimode
1805 1357 2296 1411 consubstantialia

705 1459 867 1514 sunt;
897 1464 1024 1503 sane
1056 1447 1203 1517 quod
1233 1463 1298 1501 ex
1332 1455 1486 1517 parte
1536 1448 1666 1502 huic
1709 1459 1765 1502 et
1800 1448 1878 1501 illi
1926 1448 2294 1502 consubstan-

709 1541 834 1594 tiale
889 1551 1006 1600 est,
1062 1538 1313 1593 neutrius
1363 1547 1546 1608 potest
1592 1554 1712 1593 esse
1769 1539 1969 1601 Filius;
2023 1539 2296 1593 ostendite

706 1632 853 1683 enim
930 1628 1062 1698 quid
1133 1628 1372 1682 diversis
1433 1642 1501 1682 ex
1568 1636 1722 1697 parte
1786 1629 2291 1692 consubstantiale,

710 1723 1000 1791 utriusque
1028 1721 1192 1775 fuerit
1218 1721 1410 1775 Filius.

781 1909 970 1964 l’riore
1006 1916 1189 1960 vestro
1217 1913 1546 1975 argumento
1583 1904 1697 1974 jam
1733 1905 1995 1966 contrito.
2032 1921 2297 1976 superva-
2326 1884 2373 1942 Β

709 2015 942 2055 caueam
989 2007 1136 2051 esset
1184 1997 1344 2050 vobis
1386 1995 1452 2049 ad
1489 1996 1774 2064 sequentia
1826 1995 2183 2064 respondere.
2245 1995 2301 2049 Si

709 2091 858 2146 enim
890 2106 1041 2154 vere,
1075 2098 1134 2143 ut
1171 2096 1454 2143 ostensum
1497 2098 1602 2153 est,
1631 2087 1952 2156 conjunctio
1994 2086 2104 2139 fuit
2139 2095 2302 2139 natu-

713 2199 900 2237 rarum
932 2193 986 2237 οι
1030 2181 1336 2235 secundum
1383 2193 1699 2249 personam,
1737 2195 1846 2232 non
1882 2189 2067 2233 autem
2111 2194 2301 2247 perso-

712 2291 910 2331 narum
949 2275 1102 2337 unio,
1137 2275 1188 2329 in
1223 2273 1446 2328 Christo
1497 2274 1729 2327 Domino
1768 2280 1979 2336 nostro,
2025 2272 2170 2326 sicut
2208 2288 2305 2325 vos

713 2371 818 2441 ipsi
851 2385 1000 2424 nunc
1045 2369 1114 2423 de
1157 2368 1339 2422 anima
1381 2375 1438 2421 et
1479 2382 1713 2436 corpore
1749 2365 1915 2420 David
1966 2365 2301 2434 supponitis,

715 2461 1070 2516 manifestum
1098 2476 1260 2514 unam
1299 2459 1633 2523 necessario,
1660 2474 1768 2513 non
1791 2469 1976 2512 autem
2002 2457 2159 2519 duas,
2183 2469 2305 2510 esse

714 2555 1076 2624 compositam
1129 2567 1440 2622 personam.
1483 2551 1592 2605 Sed
1645 2568 1714 2606 ne
1758 2553 2048 2605 videamur
2094 2561 2308 2606 vestros

717 2647 1066 2718 syllogismos
1097 2653 1353 2713 tanquam
1387 2644 1442 2696 in
1484 2644 1776 2712 posteriori
1811 2652 2137 2712 argumento
2170 2642 2306 2695 vali-

717 2740 902 2794 diores
951 2739 1146 2800 vitare,
1180 2737 1476 2807 adiuvante
1519 2737 1631 2790 Deo
1673 2737 1762 2791 liis
1801 2753 2023 2806 quoque
2053 2736 2311 2790 omnibus

718 2830 1053 2885 suﬂicienter
1086 2842 1483 2893 occurremus;
1518 2829 1610 2896 qui
1655 2829 1870 2882 sincere
1902 2828 2188 2881 veritatem
2221 2829 2307 2880 in-

718 2924 970 2992 quirunt,
1003 2935 1114 2974 non
1146 2929 1378 2974 utuntur
1412 2921 1468 2972 in
1502 2936 1567 2972 ea
1603 2918 1932 2987 inquirenda
1969 2919 2309 2972 instrumen-

720 3018 794 3070 tis
829 3015 882 3068 in
919 3027 1167 3067 errorem
1202 3010 1512 3081 agentibus,
1545 3011 1624 3064 uti
1665 3025 1763 3064 vos
1806 3010 2008 3064 facitis.
2037 3011 2309 3076 Quoniam

719 3112 928 3162 etenim
957 3106 1292 3160 indiscretus
1321 3119 1452 3159 usus
1482 3102 1769 3158 nominum
1795 3119 1918 3172 quae
1950 3104 2148 3156 multas
2177 3119 2311 3172 prae-

720 3201 855 3256 bent
903 3191 1335 3268 signiﬁcationes
1396 3197 1697 3266 plurimum
1747 3211 1965 3265 semper
2017 3197 2072 3250 in
2127 3211 2309 3249 rerum

723 3289 1081 3358 inquisitione
1122 3301 1370 3340 errorem
1421 3287 1586 3355 parit,
1636 3301 1766 3340 ecce
1814 3301 1910 3340 vos
1954 3287 2192 3355 primum
2242 3285 2311 3339 ab

724 3381 885 3434 initio
927 3380 982 3434 iu
1016 3393 1164 3441 eum,
1211 3377 1466 3447 quamvis
1511 3376 1841 3431 videremini
1885 3393 2008 3430 rum
2050 3377 2190 3430 velle
2225 3376 2312 3430 fu-

723 3487 871 3542 gere,
906 3471 1204 3534 incidistis,
1237 3471 1291 3522 in
1322 3469 1678 3538 inquirendo,
1704 3468 1850 3533 dico,
1877 3469 1944 3522 de
1971 3467 2310 3532 substantia;

724 3575 781 3619 et
805 3580 872 3619 ex
907 3573 1064 3633 parte
1095 3562 1430 3616 videbamini
1463 3561 1727 3625 delinire,
1761 3561 1858 3615 sed
1889 3577 1998 3614 non
2040 3563 2312 3629 complete

725 3653 965 3708 nominis
999 3667 1267 3722 personae,
1301 3651 1607 3706 secundum
1634 3651 2066 3720 unumquodque
2118 3666 2312 3705 eorum

725 3745 794 3799 de
844 3744 1050 3814 quibus
1101 3742 1337 3806 dicitur,
1387 3742 1785 3811 explanavistis
1820 3742 2311 3811 signiﬁcationem,

727 3848 952 3887 necesse
998 3832 1165 3901 igitur
1213 3831 1502 3894 habemus,
1561 3840 1897 3885 commutata
1926 3833 2314 3901 przepositionc

728 3924 854 3991 ὑπό,
891 3923 974 3977 vel
1013 3924 1232 3993 proprie
1264 3933 1508 3992 accepta,
1550 3923 1788 3992 primum
1834 3934 2077 3977 statuere
2116 3933 2316 3994 quotu-

726 4017 947 4086 plieiter
991 4025 1047 4068 et
1093 4015 1298 4083 quibus
1327 4015 1560 4068 diversis
1600 4016 1858 4069 sensibus
1899 4017 1968 4071 de
2007 4018 2241 4088 quibusq
2284 4035 2316 4074 ε

729 4104 950 4159 dicatur
987 4119 1236 4173 personae
1271 4119 1471 4157 nomen
1526 4112 1582 4157 et
1633 4121 1939 4175 congruum
1993 4119 2317 4176 argumento

728 4210 952 4250 sensum
978 4193 1172 4249 scdulo
1203 4194 1542 4259 discernere,
1577 4211 1643 4249 ne
1674 4195 1728 4248 in
1760 4199 1988 4249 alteram
2017 4214 2117 4266 pro
2143 4199 2316 4252 altera

729 4286 1187 4358 signiﬁcationem
1239 4287 1548 4341 incidamus
1595 4305 1607 4339 :
1650 4303 1761 4356 quo
1802 4297 2060 4357 peracto,
2108 4300 2317 4343 vestras

729 4379 1107 4434 absurditates
1132 4392 1534 4449 consequenter
1560 4381 1890 4459 relellemus.

2400 621 2606 689 νόησιν,
2644 622 2742 682 τὰς
2783 617 2973 680 οὐσίας
3008 617 3310 685 λεγομένας
3351 613 3708 676 ὑποστάσεις·
3741 614 3863 664 ἐπεὶ
3892 613 3979 664 λε-

2399 715 2646 778 γέτωσαν
2679 711 2731 763 τί
2777 711 2841 764 τὸ
2891 709 3204 779 ὑμοούσιον.
3253 708 3320 760 ΕΙ.
3369 707 3426 760 δὲ
3479 706 3556 773 μὴ
3583 704 3679 757 τοῦ
3741 704 3977 770 Πατρὶς,

2397 803 2533 855 ἀλλὰ
2561 805 2628 871 τῇ
2658 800 2750 852 τοῦ
2783 799 2965 865 Δαϐὶδ,
2999 800 3116 862 πῶς
3139 801 3204 852 ἐκ
3228 799 3320 851 δύο
3349 798 3565 865 φύσεων
3594 796 3850 863 λέγοντες
3879 796 3981 848 αὖ·

2397 893 2496 957 τὴν
2525 893 2623 942 οὐκ
2670 891 2734 941 ὲκ
2779 890 2958 960 ψυχῆς
3000 890 3093 942 καὶ
3125 887 3376 957 σώματος
3404 886 3729 940 συνεστάναι
3765 884 3984 955 βούλον-

2398 998 2525 1045 ut;
2556 980 2776 1050 τοιαύτη
2805 981 2913 1051 γάρ
2951 981 2985 1050 ἡ
3016 979 3110 1031 τοῦ
3136 977 3320 1032 Δαϐίδ.
3354 978 3417 1032 Ei
3446 979 3502 1030 δὲ
3533 978 3654 1031 οὑδὲ
3678 976 3864 1040 τοῦτο,
3891 977 3984 1027 οὑ-

2397 1073 2453 1124 δὲ
2482 1075 2679 1136 ἐκεῖνο,
2709 1075 2874 1126 πᾶσιν
2912 1073 3257 1140 έτεροούσιος
3285 1072 3314 1124 ὁ
3347 1071 3477 1141 παρ’
3507 1070 3662 1139 ὑμῶν
3691 1068 3986 1136 εἰσαγόμε-

2400 1185 2489 1230 νος
2520 1167 2667 1229 Υἱὸς,
2705 1167 2798 1219 καὶ
2833 1165 2956 1218 οὑδὲ
3002 1166 3130 1235 ἡμῖν
3161 1163 3283 1216 οὑδὲ
3308 1165 3375 1233 τῇ
3403 1162 3537 1232 ἁγίᾳ
3566 1161 3761 1228 Τριάδι
3785 1160 3985 1230 ὀμοού-

2401 1277 2532 1322 στος.
2578 1259 2638 1311 Εἰ
2690 1258 2747 1312 δὲ
2795 1259 2980 1326 λέγετε
3011 1262 3074 1310 εκ
3111 1260 3310 1329 μέρους
3363 1258 3459 1309 καὶ
3511 1257 3691 1325 τούτῳ
3743 1254 3986 1320 κάκείνῳ

2398 1351 2704 1420 ὁμοούσιος,
2742 1349 3042 1419 γινώσκετε
3089 1351 3170 1403 ὅτι
3211 1350 3280 1404 τὰ
3331 1348 3596 1419 ὁμοούσια
3647 1349 3750 1400 οὑκ
3793 1350 3860 1400 ὲκ
3891 1347 3987 1414 μὲ-

2402 1460 2530 1514 ρους
2585 1443 2730 1495 θέλει
2779 1442 3047 1512 ὀμοούσια
3094 1436 3271 1494 εἶναι’
3328 1441 3404 1510 τῷ
3456 1443 3564 1510 γὰρ
3619 1441 3780 1506 Λόγῳ
3814 1439 3990 1504 τούτῳ

2400 1535 2750 1588 παντάπασιν
2795 1534 3061 1603 ὁμοούσια
3114 1535 3268 1588 ἔσται
3289 1549 3303 1562 ·
3341 1534 3479 1595 ὅλως
3511 1531 3568 1585 δὲ
3595 1533 3655 1586 τι
3688 1534 3753 1583 ἐκ
3788 1531 3990 1599 μέρους

2398 1629 2575 1697 τούτῳ
2628 1629 2867 1698 κάκείνῳ
2916 1627 3225 1696 ὁμοούσιον,
3275 1626 3560 1695 οὐδετέρου
3587 1625 3821 1677 δύναται
3852 1619 3990 1674 sint

2400 1720 2529 1781 Υἱός
2555 1736 2568 1748 °
2606 1720 2728 1772 ἐπεὶ
2763 1719 2976 1785 δείξατέ
3008 1736 3060 1771 τι
3092 1721 3155 1771 ὲκ
3193 1720 3394 1790 μέρους
3433 1718 3678 1787 ὑπάρχον
3700 1713 3991 1783 δμοούσιον

2397 1814 2699 1885 διαφόροις,
2734 1816 2827 1866 καὶ
2857 1814 3141 1884 γινόμενον
3173 1813 3367 1866 τούτου
3395 1813 3649 1864 κάκείνου
3677 1811 3828 1864 Υἱὸν.

2477 1907 2616 1976 Ἤδη
2671 1907 2770 1976 μὲν
2823 1908 2925 1975 τῆς
2981 1907 3253 1977 προτέρας
3305 1905 3460 1974 ὑμῶν
3492 1904 3806 1966 ὑποθέσεως
3862 1920 3994 1954 κατ-

2404 2000 2750 2070 ηρτημένης,
2817 1998 3070 2068 περιττδν
3111 1993 3181 2068 ἦν
3236 1998 3330 2051 καὶ
3383 1997 3520 2067 προς
3565 1998 3635 2049 τὰ
3682 1996 3817 2064 ἑξῆς
3867 1997 3994 2065 ὑμῖν

2405 2092 2827 2164 ἀποκρίνασθαι.
2859 2093 2921 2145 Εἰ
2950 2091 3055 2162 γὰρ
3086 2092 3324 2162 άληθῶς,
3350 2092 3425 2153 ὼς
3450 2091 3743 2153 δέδεικται,
3773 2091 3995 2157 (pL-actu;

2404 2187 2627 2254 γέγονεν
2679 2189 2711 2256 ἡ
2770 2187 3019 2247 σύνῡεσις
3071 2187 3165 2238 καὶ
3213 2186 3336 2238 καθ’
3392 2185 3716 2243 ὑπόστασιν,
3772 2185 3836 2236 οὑ
3893 2184 3998 2252 μὴν

2406 2278 2758 2332 ὑποστάσεών
2789 2271 2939 2330 ἐστιν
2973 2281 3007 2348 ἡ
3041 2279 3235 2341 ’ἐνωσις
3277 2279 3367 2329 ἐπὶ
3396 2277 3494 2329 τοῦ
3524 2277 3805 2329 Δεσπὸτου
3841 2276 3997 2344 ἡμῶν

2407 2375 2666 2443 Χριστοῦ.
2699 2371 2888 2442 ὥσπερ
2937 2373 3032 2424 καὶ
3068 2371 3225 2440 ὑμεῖς
3259 2371 3350 2422 ἐπὶ
3399 2370 3575 2440 ψυχῆς
3610 2369 3707 2420 καὶ
3742 2367 3999 2436 σώματος

2406 2465 2502 2518 νῦν
2558 2465 2652 2518 τοῦ
2702 2464 2869 2517 Δατᾶιδ
2921 2462 3208 2524 ὑπέθεσθε,
3249 2461 3409 2531 δῆλόν
3461 2464 3610 2516 ἐστιν
3655 2461 3731 2523 ὡς
3777 2464 3999 2522 πάντως

2411 2557 2540 2627 μίαν
2571 2557 2664 2607 καὶ
2714 2557 2774 2607 οὑ
2813 2554 2907 2606 δύο
2940 2547 3078 2605 εἶναι
3111 2555 3407 2620 ἀναγκαῖον
3441 2553 3540 2620 τὴν
3575 2551 3840 2603 σύνθετον
3870 2550 4003 2602 ὑπό-

2413 2647 2789 2702 στασιν.Ἀ).λ⁹
2825 2647 2910 2699 ἵνα
2941 2647 3016 2716 μὴ
3067 2645 3311 2716 δόξωμεν
3347 2645 3422 2708 ὡς
3447 2645 3840 2714 ἰσχυροτέρους
3877 2644 4003 2705 τοὶς

2411 2743 2502 2792 ἐπὶ
2529 2745 2590 2809 τῇ
2625 2741 2860 2811 δευτέρᾳ
2893 2740 3049 2810 ὑμῶν
3082 2740 3337 2793 ὑποθέσει
3367 2736 3761 2805 παραιτεῖσθαι
3809 2736 4002 2788 συλλο-

2411 2834 2665 2902 γισμοὺς,
2714 2833 2811 2885 σὺν
2859 2831 2978 2902 Θεῷ
3012 2832 3104 2884 καὶ
3153 2832 3289 2902 πρὸς
3333 2829 3526 2883 τούσδε
3581 2829 3842 2888 ἅπαντας
3874 2830 4002 2896 ὑμῖν

2410 2925 2645 2988 δεόντως
2695 2926 3121 2994 ἁπαντήσομενο
3158 2926 3206 2976 οἱ
3259 2923 3360 2985 μὲν
3413 2917 3508 2974 οὖν
3540 2918 3864 2991 φιλαληθῶς
3908 2938 4005 2988 την

2412 3018 2671 3085 ὰλήοειαν
2707 3005 3060 3086 ἐρευνῶντες,
3089 3015 3150 3066 οὑ
3180 3016 3290 3077 τοῖς
3325 3012 3542 3066 ποιοῦσι
3583 3011 3684 3083 τὴν
3712 3014 3812 3066 ἀπ’
3837 3012 4004 3080 αὐτῆς

2413 3109 2620 3177 πλάνην
2645 3108 2896 3178 ὀργάνοις
2951 3107 3249 3176 κέχρηνται
3282 3105 3415 3175 πρὸς
3443 3105 3542 3174 τὴν
3574 3104 3807 3174 ἔρευναν
3837 3104 4006 3171 αὑτῆς

2336 3231 2381 3292 C
2415 3202 2607 3272 ὥσπερ
2642 3203 2821 3270 ὑμεῖς.
2880 3201 2991 3266 Τῆς
3028 3202 3136 3270 γὰρ
3183 3199 3500 3266 ἀδιακρξτου
3531 3198 3640 3250 τῶν
3668 3198 4008 3265 πολυσήμων

2414 3291 2732 3359 ὁμωνυμίας
2765 3289 3022 3360 πλείστην
3047 3288 3308 3357 ποιούσης
3335 3289 3417 3340 ἀεὶ
3450 3287 3544 3358 τὴν
3567 3287 3790 3355 ἀπάτην
3813 3289 3872 3339 ὲν
3900 3288 4008 3348 τοῖς

2415 3381 2771 3451 ζητουμένοις
2805 3380 3142 3449 πράγμασιν,
3183 3379 3292 3432 ἰδοὺ
3315 3377 3413 3429 νῦν
3439 3379 3572 3448 ἡμῖν
3597 3377 3776 3447 ταύτῃ
3817 3378 3878 3441 ἐξ
3909 3379 4007 3446 ἁρ-

2417 3472 2517 3542 χῆς
2572 3472 2734 3533 εὐθὺς
2791 3471 2931 3541 μετὰ
2965 3471 3148 3540 μέντοι
3205 3471 3299 3522 καὶ
3345 3468 3523 3521 δοκεῖν
3553 3469 3784 3536 φεύγειν
3815 3468 4007 3534 αὐτὴν,

2418 3564 2823 3635 προεϐάλεσθε,
2880 3562 3008 3631 περὶ
3050 3562 3147 3632 τῆς
3187 3562 3558 3624 ὑποστάσεως,
3602 3561 3773 3628 φημὶ.
3803 3560 4012 3630 διερευ-

2415 3656 2616 3716 νῶντες
2643 3668 2657 3682 ⁶
2689 3655 2782 3706 καὶ
2812 3651 3026 3716 ἐδόξατε
3068 3652 3166 3721 μὲν
3194 3651 3451 3722 διορίζειν
3494 3650 3601 3704 ἀπὸ
3635 3651 3842 3720 μέρους
3869 3666 3884 3680 ·
3912 3650 4014 3701 οὑκ

2417 3747 2649 3808 ἐντελῶς
2702 3745 2759 3797 δὲ
2809 3743 3122 3813 διεκρίνατε
3169 3743 3230 3794 τὸ
3278 3742 3377 3810 τῆς
3427 3741 3786 3801 ὑποστάσεως
3816 3740 4011 3807 διομα,

2419 3842 2535 3904 πῶς
2584 3842 2666 3908 ἐφ’
2706 3839 2942 3892 ἑκάστου
2991 3829 3068 3888 ὧν
3116 3835 3336 3902 λέγεται
3397 3835 3755 3903 σημαίνεται.
3816 3832 4015 3897 Ἀναγ-

2419 3940 2572 3987 γαίον
2603 3929 2699 3984 οὖν
2749 3924 3444 4000 άντιμεταλαμϐανομένης
3490 3924 3610 3992 τῆς,
3637 3923 3772 3984 ὑπο,
3806 3923 4012 3993 1250‘}:-

2421 4040 2557 4084 σεως
2608 4021 2641 4092 ἦ
2693 4021 2899 4090 κυρίως
2933 4021 3230 4087 κειμένης
3284 4014 3537 4083 ποσαχῶς
3572 4030 3631 4065 τε
3662 4014 3895 4082 λέγεται
3924 4016 4016 4066 καὶ

2418 4115 2566 4176 ὅπως
2621 4113 2958 4165 καθέκαστον
3020 4111 3130 4162 τῶν
3182 4109 3382 4179 ἑτέρως
3421 4107 3738 4176 λεγομένων
3794 4108 4018 4172 εἴρηται

2417 4207 2478 4258 τὸ
2509 4208 2607 4274 τῆς
2648 4203 2999 4265 ὑποστάσεως
3031 4202 3223 4271 ὄνομα,
3261 4201 3354 4252 καὶ
3387 4199 3447 4250 τὸ
3487 4197 3748 4267 ἁρμόδιον
3798 4199 3899 4250 ἐπὶ
3926 4196 4018 4248 τοῦ

2420 4296 2784 4367 προκειμένου
2820 4294 3203 4364 φιλοκρινῆσσι
3231 4295 3377 4363 ἡμᾶς
3408 4291 3644 4360 πρῶτον,
3698 4291 3788 4342 in.
3825 4290 3905 4359 μὴ
3941 4291 4014 4350 εἰς

2421 4392 2616 4461 ἑτέραν
2665 4389 2782 4442 ἀνθ’
2841 4389 3034 4457 ἑτέρας
3081 4385 3358 4455 σημασίαν
3410 4383 3877 4453 μεταπεπτωμεν,
3919 4375 4014 4431 εἶθ’

2420 4482 2609 4541 οὑτως.
2627 4482 2696 4533 τὰ
2723 4480 2849 4549 ἑξῆς
2877 4478 3032 4548 ὑμῶν
3062 4477 3242 4530 ἄτοπα
3267 4474 3584 4543 διελέγχειν.

802 4560 1048 4615 Dicimus
1076 4575 1208 4629 ergo
1236 4561 1575 4632 liypostasim
1618 4577 1649 4615 a
1695 4561 2025 4631 quibusdam
2061 4563 2192 4627 dici,
2226 4579 2309 4618 se-

2490 4575 2674 4644 Φαμὲν
2713 4572 2806 4626 οὖν
2846 4575 3002 4642 ἡμεῖς
3034 4571 3109 4634 ὡς
3158 4570 3456 4629 ὑπόστασις
3495 4566 3594 4636 μὲν
3627 4566 3858 4634 λέγεταί
3909 4582 4016 4619 τισι

730 4654 974 4708 cundum
1026 4663 1268 4707 veterem
1319 4654 1632 4708 Grtecorum
1684 4654 1962 4724 linguam,
2017 4655 2202 4710 laicem
2261 4668 2317 4711 et

733 4755 973 4800 mustum
1021 4746 1132 4798 vini
1161 4754 1219 4799 et
1262 4747 1526 4799 similium
1571 4747 1931 4816 liquidarum,
1962 4748 2091 4818 quia
2133 4748 2284 4801 subsi

732 4836 870 4891 dens
892 4837 1094 4906 liquori
1124 4837 1505 4906 supernatanti
1536 4854 1697 4892 suum
1727 4839 1895 4892 situm
1927 4840 2151 4902 indicat,
2176 4840 2320 4892 sicut

733 4928 972 4984 dicimus
999 4929 1341 4984 subsidentia
1370 4931 1536 5001 ligna.
1569 4931 1780 4986 Dicitur
1814 4933 1980 4986 etiam
2021 4942 2205 4985 motus
2232 4931 2315 4984 vel

734 5020 1122 5076 transmutatio
1145 5021 1379 5091 alicujus
1411 5024 1564 5090 prius
1586 5023 1962 5081 consistentis.
1986 5024 2315 5093 ii)p0$lasl3,

733 5113 890 5185 quasi
922 5111 1210 5181 dispositio
1232 5123 1385 5166 extra
1410 5115 1495 5168 vel
1524 5114 1641 5168 sine
1688 5115 2013 5178 stabilitate,
2042 5115 2317 5184 quondam

735 5215 1046 5277 permutata
1093 5207 1481 5276 praepositione
1531 5207 1639 5260 ὑπὸ
1691 5208 1746 5262 in
1797 5207 2058 5271 nemine,
2117 5219 2211 5262 aut
2266 5211 2319 5263 in

736 5301 845 5353 ἀπο
891 5307 1279 5364 transmutata,
1317 5299 1459 5354 sicut
1506 5300 1561 5354 in
1613 5301 1863 5370 paltestra
1912 5317 2032 5356 sese
2085 5302 2319 5356 invicem

735 5390 1116 5454 detrudentes,
1148 5389 1593 5446 nominaverunt.
1627 5393 1843 5447 Dicitur
1872 5409 2092 5463 quoque
2132 5394 2321 5463 arqui-

736 5483 865 5538 sitio
890 5482 1208 5538 divitiarum
1239 5493 1337 5538 aut
1365 5495 1661 5554 questuutn
1695 5501 1762 5540 ex
1788 5485 2118 5555 quibusdam
2152 5502 2320 5555 pecu-

738 5574 847 5628 niis
888 5573 958 5627 ab
1005 5574 1193 5643 aliquo
1245 5574 1420 5638 facta,
1471 5574 1809 5646 hypostasis,
1857 5575 2016 5644 quasi
2065 5577 2211 5630 salva
2268 5587 2324 5632 et

738 5665 1002 5729 stabilita,
1054 5666 1129 5720 ita
1174 5674 1235 5722 ut
1273 5665 1524 5722 dicamus
1571 5667 1719 5722 hunc
1769 5667 2048 5723 hominem
2095 5669 2321 5723 multam

741 5756 1078 5828 iiypostasitn
1111 5773 1222 5812 non
1274 5759 1500 5825 habere,
1548 5760 1634 5815 vel
1668 5760 1975 5831 possidere.
2022 5761 2234 5816 Dicitur
2269 5772 2325 5818 et

740 5848 1048 5919 hypostasia
1099 5847 1365 5906 fortitudo
1400 5867 1521 5922 qua:
1567 5867 1677 5907 non
1732 5851 1890 5908 facile
1941 5852 2176 5921 labitur,
2227 5855 2322 5911 sed

2425 4667 2566 4720 κατὰ
2605 4666 2714 4718 τῶν
2764 4663 3140 4731 παλαιοτέρων
3181 4659 3515 4727 Ἑλληνικῶν
3551 4660 3650 4727 τὴν
3678 4657 4016 4726 γλῶτταν,ή

2425 4758 2751 4826 ὑποστάθμη
2801 4756 2897 4807 καὶ
2942 4753 3082 4823 τρὺξ
3131 4751 3228 4806 τοῦ
3287 4752 3433 4804 οἴνου
3487 4751 3579 4802 καὶ
3617 4750 3730 4801 τῶν
3756 4751 4020 4803 τοιούτων

2426 4850 2632 4922 ὑγρῶν,
2664 4849 2752 4902 διά
2777 4850 2836 4900 το
2865 4847 3271 4915 ὑποϐεϐηκυῖαν
3332 4844 3407 4913 τῷ
3438 4843 3835 4908 ὲπιπολάζοντι
3867 4847 4018 4916 ὑγρῷ

2424 4945 2524 5014 τὴν
2552 4943 2748 5010 cauti:
2774 4941 2962 4993 στάσιν
2989 4937 3289 4997 δεικνύναι,
3312 4936 3386 4998 ὡς
3406 4935 3636 5004 λέγομεν
3664 4937 4016 4991 ἑνυπόστατα

2428 5036 2652 5103 σημεῖα..
2690 5031 2923 5099 Λέγεται
2957 5030 3015 5082 δὲ
3048 5028 3144 5081 καὶ
3174 5030 3207 5097 ἡ
3243 5027 3456 5097 κίνησις
3502 5030 3684 5079 εἷτουν
3739 5033 4019 5098 μετάστα-

2430 5143 2511 5189 σις
2537 5126 2631 5178 τοῦ
2660 5124 2952 5185 ὲνεστῶτός
2993 5139 3146 5185 ποτε,
3189 5120 3486 5182 ὑπόστασις
3504 5136 3516 5148 °
3552 5113 3640 5173 οἶά
3669 5138 3759 5184 τις
3787 5123 3903 5176 ἄπο
3927 5124 4018 5177 καὶ

2428 5216 2596 5286 χωρὶς
2633 5214 2874 5274 στάσεως
2913 5207 3048 5263 οὖσα
3087 5208 3348 5273 διάθεσις,
3376 5208 3545 5277 ἤγουν
3597 5209 3864 5280 στέρησις
3896 5214 4014 5265 στά-

2431 5325 2589 5372 σεως,
2628 5306 2758 5358 ποτε
2785 5305 3155 5374 ἀμειϐομένης
3186 5303 3304 5371 τῆς,
3346 5303 3469 5365 ὑπὸ,
3507 5302 3823 5372 προθέσεως
3857 5307 3915 5357 έν
3951 5308 4012 5372 τῇ

2429 5400 2594 5464 λέξει,
2615 5400 2708 5451 καὶ
2729 5395 3289 5469 μεταλαμϐανομένης
3317 5397 3394 5458 εἰς
3419 5397 3540 5464 τὴν,
3564 5395 3696 5458 άπὸ,
3727 5393 3938 5447 καθᾶοί
3961 5400 4014 5447 έν

2431 5492 2736 5560 παλαίστρᾳ
2764 5491 2859 5551 τὰς
2880 5487 3165 5554 διωϐήσεις
3195 5486 3439 5557 ἀλλήλων
3469 5487 3805 5555 ποιούμενοι,
3849 5487 4013 5547 οὕτως

2431 5586 2741 5655 ὠνόμασαν.
2806 5582 3041 5650 Λέγεται
3072 5580 3130 5633 δὲ
3165 5580 3259 5632 καὶ
3308 5582 3342 5648 ἡ
3377 5580 3571 5649 κτῆσις
3627 5579 3798 5633 τῶνδέ
3858 5599 4012 5633 τινων

2430 5675 2538 5728 τῶν
2595 5672 2896 5743 χρημάτων
2947 5672 2980 5742 ἢ
3036 5671 3316 5742 προσόδων
3360 5671 3471 5723 ἀπό
3514 5687 3677 5723 τινων
3716 5674 4010 5740 κτημάτων

2432 5765 2751 5834 ὑπάρχουσα
2802 5761 2938 5831 τῷδέ
2988 5778 3092 5814 τινι
3143 5760 3220 5830 τῷ
3272 5761 3615 5831 κεκτημένῳ,
3678 5762 3977 5825 ὑπόστασις

2435 5856 2527 5910 ἅτε
2557 5853 2837 5925 σωζομένη
2875 5852 2961 5924 ἥδε
2999 5854 3087 5906 καὶ
3121 5851 3468 5915 ἀδιαπτώτως
3503 5851 3650 5921 αὐτῷ
3675 5852 4009 5924 -ῖιτεστηκυῖι
