4214 6450
241 403 390 472 1529

1209 413 1607 476 ADVERSUS
1643 414 2191 482 NESTORIANOS.
2219 446 2286 456 --
2312 425 2458 485 LIB.
2509 425 2587 484 ll.

3381 433 3511 502 1530

233 527 321 592 ὥς
345 543 528 596 φαμεν
555 525 656 578 οὑκ
703 524 848 594 ἔχειν
903 525 934 595 ἠ
969 526 1268 596 κεκτῆσθαι
1298 530 1451 584 τόνδε
1477 532 1601 584 τινὰ
1627 532 1806 602 πολλὴε

1928 541 2166 593 sustinet
2218 553 2407 596 contra
2461 559 2645 597 rerum
2692 552 2956 610 eventus,
3006 555 3066 600 ut
3119 548 3172 603 in
3225 540 3512 621 Scriptura

233 617 562 672 ὑπόστασιν.
596 618 830 683 Λέγεται
858 617 913 670 δὲ
947 618 1266 683 ὑπόστασις,
1299 625 1390 684 καὶ
1418 623 1475 682 τὸ
1499 625 1828 692 καρτερικδν

231 709 338 762 καὶ
365 709 464 761 οὑκ
491 709 910 761 εύκατάπτωτον
931 748 946 772 ,
994 708 1108 762 ἀλλ’
1141 711 1541 781 ὑπομονητικὸν
1598 717 1729 784 πρὸς
1759 715 1827 768 τὰ

229 801 608 871 ὑπερχόμενα,
637 800 817 862 καθὼς
849 799 1066 870 εἴρηται
1097 805 1162 871 τῇ
1188 803 1319 874 ἁγία
1345 804 1536 875 Γραφῇ
1562 821 1577 833 ·
1597 808 1706 859 Καὶ
1733 806 1826 859 νῦν

223 891 322 950 ἐἷς
364 892 399 960 ὴ
456 892 700 960 ὑπομονὴ
730 908 831 958 μου
859 909 873 958 ;
913 893 1034 961 οὐχὶ
1070 893 1311 961 Κύριος;
1345 897 1435 946 καὶ
1462 899 1494 965 ἡ
1528 898 1824 958 ὑπόστασίς

228 996 342 1049 μου
371 982 492 1050 οὑχ).
523 983 672 1051 παρά
701 981 797 1034 σοῦ
837 984 986 1047 tati;
1029 985 1262 1050 Λέγεται
1290 985 1345 1037 δὲ
1376 987 1700 1047 ὑπόστασις,
1731 990 1826 1039 καὶ

221 1073 260 1140 ἡ
297 1073 445 1134 τινὸς
467 1073 806 1143 διηγήματος
849 1074 881 1144 ἢ
930 1075 1116 1138 ἁπλῶς
1145 1077 1304 1144 λόγου
1339 1078 1614 1140 ὶδιάζουσα
1641 1078 1734 1130 καὶ
1761 1078 1822 1130 ού

221 1163 467 1216 καθόλου
485 1163 624 1218 οὖσα
649 1165 917 1236 πρότασις
938 1182 952 1196 ·
975 1166 1050 1227 ὡς
1080 1166 1141 1218 τὸ
1162 1166 1456 1235 λεγόμενον
1474 1171 1532 1218 ὲν
1553 1167 1724 1239 ταύτῃ
1752 1171 1816 1239 τῇ

225 1255 534 1308 ὑποστάσει
565 1256 663 1323 τῆς
702 1257 1046 1327 καυχήσεως.
1073 1257 1307 1325 Λέγεται
1348 1259 1405 1311 δὲ
1439 1260 1537 1312 καὶ
1562 1261 1596 1328 ἡ
1630 1245 1829 1322 πίστις’

225 1346 533 1408 ὑπόστασις
561 1341 651 1399 οἷα
681 1347 746 1415 δή
779 1363 924 1410 τινος
970 1348 1330 1417 καταλήψεως
1355 1344 1493 1401 οὖσα
1533 1350 1818 1418 ἑπιστήμη

216 1451 287 1487 τε
317 1434 415 1486 καὶ
445 1434 728 1496 ἐπίστασις
751 1451 764 1463 ·
801 1435 982 1496 καθὼς
1007 1437 1428 1505 εἷρηται,”εστι
1482 1436 1549 1488 δὲ
1587 1439 1812 1501 πίστις,

217 1525 633 1591 ἐλπιζίημένων
679 1528 1042 1593 ὑπόστασις.
1086 1530 1320 1595 Λέγεται
1369 1529 1687 1592 ὑπόστασις,
1726 1529 1821 1581 καὶ

217 1621 256 1688 ἡ
295 1619 614 1688 ὑπόσχεσις,
655 1619 731 1679 ὡς
757 1620 864 1672 ὑπό
890 1636 1035 1682 τινος
1065 1619 1282 1674 τεθεῖσα
1309 1638 1415 1673 τινι
1451 1622 1545 1673 καὶ
1584 1623 1814 1688 ὑφιστα-

221 1710 370 1779 μένη
398 1711 577 1772 ιλπις.
611 1709 794 1773 καθὼς
819 1713 1072 1780 ειρηται·
1106 1713 1319 1781 Μήπως
1361 1713 1455 1765 ἐάν
1481 1694 1678 1764 ιλθωσι
1718 1714 1812 1764 σὺν

214 1803 351 1870 ἐμοὶ
374 1802 684 1864 Μακεδὲνες
710 1803 800 1855 καὶ
829 1801 1064 1872 εὑρωσιν
1095 1805 1239 1873 ὑμᾶς
1267 1805 1812 1874 ἀπαρασκευάστους,

217 1893 715 1964 καταισχυνθῶμεν
767 1896 951 1964 ἡμεῖς,
1009 1895 1094 1946 ἵνα
1141 1896 1215 1965 μὴ
1263 1895 1514 1964 λέγωμεν
1544 1896 1807 1964 ὑμεῖς,ἐν

213 1987 288 2056 τῇ
325 1986 622 2039 ὑποστάσει
650 1985 822 2057 ταύτῃ
848 2001 862 2015 ·
889 1987 971 2048 τις
997 1986 1056 2038 δὲ
1087 1981 1178 2056 ἦν,
1223 1987 1383 2055 φησὶ,
1416 1990 1482 2057 τῇ
1521 2003 1806 2055 προεπηγ-

214 2075 464 2148 γελμένῃ
494 2077 674 2130 αὑτῶν
717 2077 941 2148 εὑλογὶςι
972 2094 987 2143 ;
1025 2079 1259 2144 Λέγεται
1292 2077 1609 2140 ὑπόστασις,
1647 2081 1740 2130 καὶ
1772 2079 1806 2148 ἡ

216 2169 384 2239 βάσις
418 2171 452 2240 ή
497 2169 841 2239 ὑποκειμένη
881 2172 948 2239 τῇ
997 2169 1187 2223 στάσει
1239 2169 1391 2223 τοῦδέ
1430 2187 1591 2232 τινος,
1617 2169 1806 2240 ὥσπερ

214 2261 478 2330 εἴρηταιο
522 2258 831 2327 Ἐνεπάγην
882 2260 962 2322 εἰς
997 2259 1129 2327 ’ὑλην
1173 2257 1338 2327 βυθοῦ
1382 2262 1474 2312 καὶ
1513 2260 1612 2311 οὐκ
1659 2259 1806 2314 ἐστιν

215 2352 544 2412 ὑπόστασις.
581 2352 816 2418 Λέγεται
865 2351 1200 2414 ὑπόστασις,
1242 2353 1337 2405 καὶ.
1379 2352 1410 2418 ἡ
1449 2353 1763 2413 ἀντίστασις
1789 2366 1802 2379 '

213 2441 295 2505 ὡς
322 2442 385 2494 τὸ
418 2442 476 2492 ὲν
513 2441 591 2511 τῷ
637 2442 1044 2512 Δευτερονομξῳ
1083 2443 1375 2513 εἰρημένον
1429 2442 1536 2496 ὑπὸ
1597 2444 1805 2512 Μωῦσῆ

212 2533 352 2602 περὶ
383 2532 475 2585 τοῦ
507 2532 640 2586 λαοῦ
661 2549 676 2562 ·
711 2531 844 2600 Πῶς
878 2532 1219 2602 δυνήσομαι
1267 2521 1470 2604 φέρειν
1514 2533 1631 2600 τὴν
1663 2535 1806 2587 ὑπό-

215 2641 454 2678 στασιν
479 2628 578 2680 καὶ
609 2625 963 2694 ἀντιλογίαν
1001 2624 1204 2694 optim;
1233 2627 1472 2692 Λέγεται
1507 2605 1805 2686 ὑπόστασις

215 2722 317 2776 καὶ
345 2723 378 2790 ὴ
413 2719 746 2783 κατάστασις
766 2737 781 2752 ’
815 2719 890 2780 ὡς
922 2721 982 2772 τὸ
1012 2721 1068 2771 ἐν
1113 2719 1366 2790 Ἐζεκιὴλ
1398 2719 1645 2789 περὶτοῦ
1678 2719 1806 2773 ναοῦ

221 2812 556 2882 εἰρημένονο
609 2810 721 2866 Kal
775 2809 1126 2879 διαγγπάιετις
1181 2811 1290 2863 τὸν
1346 2806 1519 2864 οἶκον
1565 2810 1662 2862 καὶ
1699 2810 1810 2876 τὴν

214 2902 575 2969 ἆτοιμασίαν
603 2901 813 2966 αὐτοῦ,
865 2901 964 2954 καὶ
1011 2899 1120 2966 τὰς
1170 2900 1451 2966 εισόδους
1483 2901 1672 2953 αὑτοῦ
1711 2898 1809 2953 καὶ

213 2998 329 3060 τὰς
382 2991 636 3060 eadem
687 2992 896 3059 αὑτοῦ,
922 2992 1020 3046 καὶ
1077 2993 1190 3060 τὴν
1215 2996 1564 3047 ὑπόστασιν
1594 2993 1802 3046 αὐτοῦ.

216 3087 456 3153 Λέγεται
486 3086 787 3143 ὑπόστασις
839 3085 940 3136 καὶ
981 3085 1014 3151 ἡ
1061 3083 1223 3135 τινῶν
1272 3083 1582 3152 προσώπων
1616 3087 1808 3153 ὀμοου-

1931 646 2084 686 saera
2128 632 2338 687 dicitur
2367 653 2380 686 :
2410 634 2477 688 Et.
2522 650 2671 690 nunc
2717 651 2840 706 qua
2867 644 2954 692 est
2986 642 3323 709 exspectatio
3353 646 3513 699 mea?

1929 737 2112 776 nonne
2145 723 2461 780 Dominus?
2487 725 2556 780 Et
2587 744 2598 779 :
2631 728 2952 798 Hypostasis
2975 745 3117 793 mea.
3149 747 3331 787 nonne
3362 736 3509 806 apud

1929 814 2020 868 te?
2047 815 2255 868 Dicitur
2288 817 2514 887 insuper
2539 820 2867 888 liypostasis,
2900 825 3236 878 narrationis
3264 837 3359 880 aut
3384 831 3512 882 sim-

1927 907 2146 974 pliciter
2176 913 2449 962 sermonis
2487 912 2706 965 initium
2755 903 3049 982 separatim
3085 926 3142 971 et
3175 932 3285 971 non
3331 918 3385 972 in
3424 919 3512 972 in-

1927 1006 2099 1067 tegro,
2135 1009 2194 1052 ut
2218 999 2422 1053 dicitur
2447 1002 2502 1055 in
2533 1003 2634 1056 hac
2667 1004 2943 1073 ltypostasi
2970 1007 3336 1076 gloriationis.
3365 1009 3510 1064 Dici-

1927 1097 2016 1141 tur
2041 1099 2301 1158 praeterea
2335 1091 2641 1162 hypostasis
2670 1095 2827 1161 ﬁdes,
2853 1098 3010 1165 quasi
3037 1099 3321 1166 cuiusdam
3353 1117 3507 1155 eont-

1924 1178 2312 1247 prehensionis
2355 1183 2602 1236 scientia
2656 1192 2713 1238 et
2770 1200 2911 1254 pane
2982 1189 3308 1256 occupatio,
3365 1192 3511 1246 sicut

1923 1267 2130 1322 dictum
2165 1280 2250 1325 est
2283 1289 2295 1323 :
2329 1270 2482 1324 Fides
2525 1281 2600 1326 est
2643 1277 3034 1342 sperandus-um
3085 1281 3380 1351 hypostasis
3424 1300 3510 1337 re-

1924 1362 2112 1413 καθ’.
2151 1363 2362 1416 Dicitur
2410 1365 2726 1436 ltypostasis
2753 1377 2811 1422 et
2840 1371 3160 1437 promissio,
3191 1374 3350 1442 quasi
3383 1389 3510 1444 spes

1920 1452 2085 1506 alicui
2121 1454 2191 1507 ab
2224 1456 2410 1524 aliquo
2446 1455 2573 1511 data
2622 1469 2680 1512 et
2708 1457 3065 1525 conﬁrmata,
3111 1464 3255 1518 sicut
3295 1464 3507 1520 dictum

1921 1551 2005 1596 est
2037 1563 2049 1594 :
2080 1543 2194 1598 Nisi
2229 1561 2447 1600 mecum
2481 1550 2710 1603 veniant
2752 1549 3080 1607 Macedones
3112 1564 3170 1608 et
3213 1571 3310 1610 vos
3354 1557 3508 1613 inve-

1921 1633 2077 1688 niant
2123 1635 2440 1704 imparatos,
2470 1640 2871 1697 erubescamus
2909 1659 3029 1709 nos,
3065 1659 3135 1700 ne
3167 1645 3416 1703 dicamus
3447 1649 3504 1704 in

1914 1723 2024 1779 hac
2049 1728 2329 1797 liypostasi
2357 1747 2369 1782 :
2397 1730 2521 1798 quis
2540 1740 2746 1795 autem,
2772 1733 2972 1802 inquit,
2998 1737 3282 1804 promissa:
3311 1754 3504 1794 eorum

1921 1819 2292 1873 benedictioni
2339 1821 2492 1876 erat?
2557 1822 2768 1878 Dicitur
2820 1823 3164 1895 bypostasis,
3218 1828 3302 1883 vel
3356 1829 3505 1886 basis

1913 1910 2077 1965 alicui
2106 1910 2418 1978 subjacens,
2447 1911 2594 1965 sicut
2617 1913 2828 1968 dictum
2859 1923 2945 1968 est
2973 1931 2985 1967 :
3013 1915 3302 1972 demersus
3334 1929 3419 1973 est
3446 1919 3500 1973 in

1910 2001 2246 2071 profundum
2280 2001 2484 2072 abyssi,
2519 2011 2576 2056 et
2610 2018 2722 2057 non
2769 2013 2855 2058 est
2901 2005 3231 2075 hypostasis.
3287 2009 3503 2064 Dicitur

1908 2092 2220 2163 hypostasis
2248 2102 2306 2146 et
2337 2093 2635 2161 oppositio,
2670 2093 2815 2148 sicut
2863 2095 2918 2148 in
2963 2095 3392 2151 Deuteronomio
3431 2099 3500 2154 de

1909 2185 2114 2254 populo
2145 2201 2177 2238 a
2208 2184 2391 2256 Moyse
2424 2184 2636 2239 dictum
2665 2193 2751 2239 cst
2783 2203 2796 2238 :
2830 2185 2944 2250 Quo
2975 2189 3128 2241 modo
3151 2199 3333 2257 potero
3361 2191 3500 2259 ferre

1907 2277 2230 2347 hypostasim
2283 2285 2332 2329 et
2390 2274 2860 2329 contradictionem
2919 2289 3151 2331 vestram
3181 2278 3235 2332 δῖ
3285 2280 3500 2338 Dicitur

1909 2368 2217 2439 hypostasis
2268 2376 2325 2421 et
2367 2366 2543 2430 situs,
2591 2376 2649 2421 ut
2696 2365 2752 2420 in
2800 2367 3090 2423 Ezechiele
3130 2369 3338 2426 dictum
3365 2381 3494 2427 est:

1909 2459 1977 2514 Et
2007 2459 2260 2514 describes
2286 2458 2503 2511 domum
2533 2465 2583 2510 et
2611 2458 2724 2527 ejus
2760 2461 3209 2529 prwparationem
3236 2471 3283 2514 et
3321 2464 3501 2517 aditu
3582 2506 3600 2524 ,η

1909 2563 1959 2608 et
1985 2557 2156 2608 exitus
2182 2564 2230 2607 et
2273 2553 2598 2622 Iiypostasim
2623 2550 2664 2604 '.
2695 2551 2908 2606 Dicitur
2935 2553 3246 2624 hypostasis
3272 2562 3329 2610 et
3355 2571 3496 2626 qua-

1910 2644 2161 2699 rumdam
2198 2641 2752 2698 consubstantialium
2809 2658 3202 2712 personarum,
3253 2648 3339 2701 vel
3383 2663 3494 2702 non

1909 2735 2460 2792 consubstantialium
2488 2735 2726 2790 invicem
2753 2734 3494 2815 convenientium‘eongres-

1911 2847 2024 2893 sus,
2072 2831 2216 2885 sicut
2264 2829 2476 2884 dictum
2503 2837 2588 2882 est
2621 2846 2634 2882 :
2664 2828 2932 2882 Exierunt
2957 2829 3059 2882 viri
3103 2846 3167 2884 ex
3216 2831 3493 2902 hypostasi

1909 2923 2364 2991 alienigenarum.
2410 2921 2479 2975 Et
2499 2935 2664 2989 quem
2703 2933 2926 2973 sensum
2957 2935 3056 2976 vos
3110 2921 3225 2976 sive
3255 2923 3496 2977 scienter

1910 3017 2026 3068 sive
2087 3030 2154 3068 ex
2222 3011 2527 3082 ignorantia
2598 3011 3066 3080 prmtermisistis,
3119 3011 3189 3065 ad
3242 3013 3492 3066 eamdem

1910 3108 2090 3161 ideam
2134 3104 2248 3158 fere
2296 3104 2688 3173 pertinentem,
2716 3101 2923 3156 dicitur
2952 3102 3132 3185 etiam'
3164 3103 3494 3172 ltypostasis,

215 3177 433 3248 σίων,ἢ
472 3180 564 3231 καὶ
608 3176 964 3247 ὲτεροουσίων
1010 3175 1263 3244 ἀλλήλοις
1300 3173 1663 3228 συνελθόντων
1702 3176 1790 3228 σύο

1910 3216 2032 3257 cum
2080 3196 2360 3266 aliquibus
2405 3194 2620 3247 naturis
2670 3192 2910 3247 diversis
2949 3201 3004 3247 et
3047 3173 3492 3271 particularibus,

215 3285 438 3331 στασις·
484 3270 560 3332 ὡς
595 3269 657 3320 τὸ
695 3269 987 3338 λεγόμενον
1013 3267 1298 3336 ’Ἐξῆλθον
1346 3267 1537 3334 ἄνδρες
1585 3270 1649 3320 ἐκ
1692 3269 1794 3336 τῆς

219 3366 581 3428 ὑποστάσεως
608 3360 718 3417 τῶν
747 3364 1090 3431 ἀλλοφύλων·
1120 3364 1200 3416 ἔτι
1225 3364 1282 3416 δὲ
1319 3365 1411 3417 καὶ
1437 3364 1496 3416 ὃν
1526 3363 1619 3414 νῦν
1645 3363 1803 3433 ὑμεῖς

146 3507 150 3510 .
218 3461 282 3512 ιν
336 3456 538 3527 γνώσει
587 3457 620 3528 ἢ
671 3456 876 3529 ἀγνοίᾳΔ
909 3457 1066 3523 λόγον
1119 3456 1500 3527 παρεδράμετε
1533 3455 1670 3508 κατὰ
1703 3454 1801 3526 τὴν

211 3551 390 3620 αὑτήν
416 3566 532 3611 πως
561 3549 769 3602 ἔννοιαν
798 3548 947 3601 ὅντα.
975 3549 1208 3614 Λέγεται
1231 3548 1524 3611 ὑπόστασις
1547 3548 1641 3601 καὶ
1673 3549 1801 3600 ὅταν

212 3641 360 3694 κατά
390 3641 454 3692 τὸ
487 3639 618 3692 αὑτό
659 3656 820 3691 τινων
873 3638 1243 3691 συνελθουσῶν
1274 3637 1489 3705 φύσεων
1525 3638 1800 3707 διαφόρων

215 3733 426 3798 ιδικῶν,
464 3737 600 3802 μετά
651 3731 758 3784 τῶν
804 3730 933 3801 περὶ
978 3731 1148 3792 αὑτὰς
1189 3730 1520 3797 ἰδιωμάτων,
1567 3731 1690 3805 οὐχὶ
1741 3729 1799 3780 δὲ

213 3825 524 3896 προσώπων
552 3822 684 3891 ὑφὶν
707 3822 885 3875 εἵτουν
913 3820 1029 3890 ἅμα
1061 3820 1149 3874 διὰ
1180 3821 1280 3888 τῆς
1314 3821 1560 3884 ὲνώσεως
1595 3821 1798 3896 σύστα-

213 3935 302 3980 σις
346 3915 573 3986 γένηταί
617 3932 700 3978 τις
758 3915 878 3976 ἐνὸς
931 3915 1094 3984 μόνου
1147 3914 1373 3982 ἀτόμου.
1415 3913 1648 3981 Λέγεται
1704 3895 1801 3967 καὶ

212 4011 434 4082 φύσεων
459 4011 732 4082 διαφόρων
763 4009 839 4080 μὴ
869 4007 1263 4071 συνελθουσῶν,
1291 4008 1426 4060 ἀλλά
1447 4009 1622 4077 μόνων
1651 4009 1797 4060 ἰδιω-

214 4107 407 4175 μάτων
447 4104 690 4175 μερικῶν
717 4104 1000 4163 πλειόνων,
1038 4101 1096 4154 ἓν
1127 4102 1322 4171 ἰδίωμα
1349 4101 1638 4153 καθολικῶι
1671 4119 1797 4154 συν-

216 4197 495 4251 ιστώντων
521 4199 587 4248 ἐκ
615 4196 857 4254 πάντων,
887 4193 942 4246 ιν
971 4210 1076 4246 τινι
1105 4193 1456 4262 ὑποκειμένῳ
1494 4194 1593 4253 ἑνὶ,
1622 4194 1798 4246 εἷτουν

211 4294 273 4344 ἐν
306 4293 405 4362 μιᾷ
430 4290 567 4361 μόνῃ
597 4288 756 4358 φύσει
781 4290 814 4358 ἠ
843 4290 1008 4341 πᾶσιν
1031 4287 1441 4357 ὁμολογουμένη
1474 4289 1795 4349 ὑπόστασις.

211 4383 343 4436 Εἴτε
375 4382 418 4435 δ’
449 4378 541 4434 οὑν
575 4382 631 4432 ἐν
655 4380 822 4449 ἁπλῇ,
860 4380 968 4432 εἴτε
1004 4380 1062 4431 ὲν
1099 4377 1358 4447 συνθέτῳ,
1393 4378 1502 4430 εἴτε
1534 4380 1590 4430 ὲν
1623 4364 1787 4446 ὶδικῇ,

212 4480 327 4531 εἴτε
359 4479 417 4530 ὲν
448 4479 623 4548 κοινῇ,
672 4475 812 4545 οῖαὴ
864 4474 1005 4537 θεία,
1043 4473 1152 4526 εἴτε
1198 4476 1255 4526 ὲν
1309 4473 1410 4542 μιᾷ
1452 4474 1609 4540 φύσει
1638 4474 1794 4543 μόνη,

1905 3309 2031 3350 eum
2052 3291 2167 3345 suis
2188 3286 2621 3358 proprietatibus
2640 3285 2696 3338 in
2721 3284 2866 3338 idem
2888 3285 3368 3347 convenientibus,
3386 3303 3494 3342 non

1903 3393 2085 3439 autem
2113 3378 2388 3450 personis,
2413 3393 2513 3446 per
2548 3377 2813 3430 unionem
2841 3375 2901 3430 ﬁt
2922 3375 3205 3446 cujusdam
3243 3376 3495 3433 indivisi-

1905 3475 2034 3530 bilis
2059 3471 2361 3527 concretio.
2394 3469 2609 3523 Dicitur
2633 3468 2965 3538 hypostasis,
2993 3467 3064 3520 ab
3100 3469 3360 3523 omnibus
3393 3470 3493 3524 ad.

1903 3569 2089 3626 missa,
2109 3579 2235 3617 cum
2254 3560 2614 3618 conveniunt.
2633 3575 2740 3614 non
2764 3559 2996 3613 diversa:
3015 3568 3242 3616 naturae.
3258 3560 3353 3615 sed
3374 3561 3496 3631 plu-

1904 3659 2056 3712 rinue
2095 3654 2355 3722 partiales
2395 3661 2608 3706 tantum
2639 3650 3044 3720 proprietates,
3085 3651 3396 3706 universam
3425 3669 3492 3709 ex

1903 3747 2164 3802 omnibus
2188 3745 2590 3799 constituentes
2615 3742 3009 3813 proprietatem
3039 3743 3091 3795 in
3123 3758 3234 3795 uno
3253 3742 3490 3812 quodam

1902 3839 2170 3908 subjecto,
2200 3837 2317 3891 sive
2348 3835 2404 3888 in
2439 3851 2546 3888 una
2577 3843 2788 3888 tantum
2819 3842 3020 3887 natura
3052 3851 3064 3886 :
3095 3833 3210 3887 sive
3243 3833 3408 3903 igitur
3435 3834 3489 3889 in

1901 3931 2137 4001 simplici
2170 3937 2386 3989 natura.
2400 3928 2514 3982 sive
2534 3927 2588 3981 in
2605 3925 2928 3994 composita,
2948 3926 3060 3979 sive
3078 3926 3130 3980 iu
3149 3926 3489 3995 particulari,

1900 4025 2016 4076 sive
2049 4023 2102 4076 in
2135 4022 2436 4080 communi.
2467 4029 2526 4074 ut
2555 4029 2640 4073 est
2691 4018 2874 4072 divina
2905 4025 3124 4081 natura,
3154 4019 3267 4072 sive
3299 4019 3350 4072 in
3381 4035 3488 4072 una

1901 4124 2134 4175 tantum,
2154 4112 2267 4167 sive
2287 4111 2538 4180 pluribus
2555 4110 2747 4173 unitis,
2766 4109 3066 4163 dummodo
3096 4109 3151 4163 in
3169 4111 3488 4165 exsistentia

1899 4204 2218 4267 sistant,hic
2244 4214 2420 4257 status
2446 4203 2802 4272 proprietatis
2826 4203 3135 4258 communis
3156 4202 3240 4256 vel
3266 4218 3486 4272 compo-

1900 4298 2030 4352 sitio
2082 4297 2199 4350 hrec
2227 4295 2543 4364 partialium
2594 4293 3019 4362 proprietatum.
3057 4293 3198 4350 utin
3236 4295 3486 4364 subjecto

1899 4390 2086 4458 aliquo
2109 4388 2368 4457 cogitata,
2400 4385 2606 4440 dicitur
2664 4385 2994 4456 hypostasis.
3048 4385 3261 4441 Dicitur
3300 4396 3482 4440 autem

1899 4481 2108 4551 aliquid
2131 4480 2366 4534 maxime
2396 4479 2643 4532 omnium
2677 4479 2960 4548 proprium
2989 4487 3044 4532 et
3074 4477 3325 4531 intimum
3359 4479 3510 4544 talis,

213 4569 325 4622 εἴτε
354 4569 409 4620 ἐν
435 4569 745 4637 ἡνωμέναις
777 4565 1037 4629 πλείοσιν,
1075 4565 1211 4628 ὅλως
1239 4563 1421 4632 μέντοι
1441 4565 1500 4614 ἑν
1562 4564 1792 4632 ὑπάρξει

1910 4573 2279 4633 subsistentia,
2312 4571 2517 4640 quippe
2554 4585 2676 4638 qua:
2703 4569 2757 4622 in
2783 4569 3090 4623 substantia
3120 4569 3188 4623 ab
3221 4570 3481 4625 omnibus

211 4660 424 4726 οὔσαις,
448 4660 589 4728 αὓτη
618 4659 703 4728 εἴη
734 4658 843 4711 τῶν
876 4657 1114 4727 μερικῶν
1157 4655 1479 4724 ἰδιωμάτων,
1514 4657 1678 4723 ἤγουν
1700 4655 1793 4706 τοῦ

214 4752 396 4807 κοινοῦ
433 4749 758 4819 ἰδιώματος,
809 4749 884 4811 ὡς
933 4749 991 4798 ἐν
1027 4749 1371 4815 ὑποκειμένῳ
1396 4746 1501 4796 τινὶ
1530 4746 1792 4814 νοουμένη

215 4842 412 4904 στάσις
443 4841 478 4911 ἢ
512 4839 773 4899 σύστασις
795 4879 810 4903 ,
849 4836 1148 4898 ὑπόστασις
1179 4836 1418 4902 λέγεται.
1472 4834 1704 4901 Λέγεται
1736 4834 1794 4886 δὲ

210 4935 552 5008 κυριώτερον
602 4933 698 4986 καὶ⁸
729 4933 1062 5001 οἰκειότερον
1093 4932 1313 4983 πάντων
1344 4929 1375 4993 ὴ
1402 4926 1628 4992 τοιαύτη
1657 4925 1790 4976 ὑπό-

213 5045 407 5088 στασις
432 5067 446 5089 ,
497 5026 590 5079 ate
641 5025 777 5094 πρὸς
827 5025 895 5092 τῇ
930 5022 1191 5075 συστάσει
1230 5021 1326 5072 καὶ
1356 5021 1420 5070 ἐκ
1447 5016 1544 5069 τοῦ
1573 5016 1791 5067 πάντων

208 5123 322 5175 τῶν
351 5137 412 5172 τε
446 5115 713 5188 ὁμοειδῶν
747 5115 843 5168 καὶ
872 5113 982 5165 τῶν
1009 5109 1331 5180 ὲτεροειδῶν
1366 5109 1508 5162 κατὰ
1538 5109 1597 5160 τὸ
1627 5107 1793 5160 ἰδικὸν

210 5215 610 5283 γνωριστήριον
632 5251 648 5275 ,
703 5205 1117 5277 κεχωρισμένον
1172 5202 1442 5255 δεικνύειν
1473 5203 1534 5253 τὸ
1563 5199 1789 5252 ὑποκεί-

214 5322 377 5373 μενον
427 5305 662 5372 άτομον,
720 5301 838 5353 τόδε
887 5317 938 5352 τι
983 5298 1104 5352 καθ’
1139 5297 1338 5366 ἑαυτὴν
1381 5293 1682 5356 ἁπόστασίς
1709 5311 1791 5354 τις

209 5396 346 5453 οὖσα
399 5398 492 5450 καὶ
532 5395 816 5466 διορισμὸς
849 5391 959 5444 τῶν
1009 5389 1328 5461 ἀδιορίστων
1362 5387 1560 5439 οὐσιῶν
1592 5386 1672 5447 εἰς
1702 5386 1792 5436 τον

210 5489 353 5545 κατὰ
387 5487 680 5560 πρόσωπον
713 5483 945 5555 ἀριθμὸν
976 5483 1209 5535 ἑκάστου
1229 5498 1242 5512 ·
1297 5481 1376 5533 διὸ
1407 5479 1470 5548 δὴ
1502 5478 1592 5529 καὶ
1617 5475 1788 5543 πρόσ-

208 5599 360 5637 ωπον
391 5580 595 5652 ταύτην
645 5579 695 5631 οἱ
739 5577 984 5648 ΙΙατέρες
1012 5574 1196 5628 νοοῦσι
1228 5591 1284 5627 τε
1321 5573 1414 5625 καὶ
1441 5568 1786 5637 ὀνομάζουσι.

208 5679 448 5748 Λέγεται
480 5677 800 5742 ὑπόστασις,
833 5679 929 5728 καὶ
963 5677 996 5745 ὴ
1028 5674 1186 5728 οὐσία
1217 5673 1309 5724 καὶ
1356 5673 1388 5741 ἡ
1421 5669 1580 5738 φύσις
1629 5667 1790 5719 πολυ-

1344 5834 1362 5863 ⁵
1397 5829 1591 5886 Ezech.
1623 5845 1730 5892 XLI,
1756 5830 1810 5883 ὃ.

282 5839 302 5872 ³
341 5837 507 5894 Hebr.
539 5855 610 5903 si,
644 5839 689 5894 l.
853 5839 868 5868 "
896 5837 1058 5893 Deut.
1103 5851 1139 5900 l,
1185 5835 1265 5889 ιε.

1895 4664 2144 4735 ejusdem
2184 4672 2240 4716 et
2275 4662 2502 4715 alterius
2530 4659 2728 4730 speciei
2752 4659 2996 4723 entibus,
3054 4669 3114 4713 ut
3160 4661 3478 4729 particulari

1894 4758 2122 4812 notione
2144 4756 2514 4815 discernatur,
2540 4761 2854 4820 separatum
2878 4752 3083 4820 prmbet
3110 4754 3474 4822 supposilum,

1897 4851 2140 4918 itemque
2173 4844 2478 4901 secundum
2511 4844 2880 4898 substantiam
2911 4842 3198 4898 distinctio
3225 4844 3474 4912 quzedam

1893 4948 1979 4996 est
2007 4947 2061 4994 et
2089 4937 2480 4994 determinatio
2524 4935 2966 4989 indistinctarum
3017 4934 3473 4999 substantiarum,

1897 5042 1956 5086 ut
1981 5046 2212 5102 quaeque
2263 5045 2499 5100 persona
2533 5027 2882 5096 singulariter
2916 5035 3310 5092 enumerctur;
3353 5028 3476 5081 ideo

1897 5135 1953 5179 et
2004 5137 2294 5194 personam
2355 5122 2513 5175 istam
2566 5120 2758 5174 Patres
2806 5126 3038 5173 censent
3081 5125 3137 5172 et
3175 5120 3470 5189 appellant.

1898 5216 2110 5270 Dicitur
2141 5213 2524 5279 subsistentia,
2559 5220 2617 5266 et
2645 5211 2887 5266 essentia
2910 5219 2967 5265 et
2995 5219 3190 5265 natura
3221 5212 3477 5280 pluribus

1897 5307 2213 5362 nominibus
2237 5306 2524 5375 designata
2563 5319 2630 5358 eo
2649 5301 2796 5372 quod
2821 5303 3052 5372 plurima
3084 5303 3374 5373 su~cipiat,
3419 5313 3476 5358 et

1897 5412 2007 5450 nou
2035 5395 2203 5466 quod,
2230 5396 2284 5448 in
2313 5395 2694 5449 accidentibus
2727 5394 2860 5462 ipsis
2888 5407 3010 5461 qua:
3035 5408 3141 5446 non
3177 5395 3472 5454 exsistunt.

1898 5484 1990 5537 illa
2047 5486 2117 5538 sit
2162 5491 2216 5537 et
2268 5497 2390 5537 esse
2427 5483 2719 5552 cogitetur,
2751 5480 2846 5536 sed
2899 5479 3156 5550 ipseipsa
3187 5482 3466 5546 subsistat,

1897 5577 2040 5630 sicut
2069 5576 2276 5629 dictum
2307 5584 2393 5628 est
2417 5593 2459 5626 ιι
2489 5574 2761 5629 Memento
2781 5588 2904 5643 qua:
2932 5573 3004 5628 sit
3028 5589 3149 5627 mea
3163 5573 3471 5627 subsisten-

1901 5667 1993 5721 tia.
2027 5687 2044 5719 ι
2085 5667 2204 5734 Quo
2248 5667 2397 5723 enim
2437 5665 2601 5722 modo
2635 5665 2839 5721 dicitur
2870 5665 3247 5721 characterem
3294 5664 3476 5723 Patris
