4214 6450
755 357 880 423 ιετν

2011 357 2320 418 LEGNTU
2364 357 2768 420 BYZANTINI

3889 357 4026 421 1532

755 474 1078 528 substantia:
1115 488 1239 528 esse
1272 472 1494 536 Filium,
1519 472 1664 540 quod
1697 481 1753 525 ct
1801 472 1982 540 ipsum
2017 471 2333 535 induxistis,

2438 472 2645 542 υνὺμως
2659 467 3147 539 συσιιημαινομένη
3190 467 3345 538 παρὰ
3375 467 3646 532 πλείστοις
3679 468 3756 539 τῷ
3784 469 4027 541 13325621;-

754 565 962 630 tnajore
986 561 1092 615 hoc
1126 562 1332 631 indiget
1376 562 1742 630 explicatione
1780 571 1838 616 et
1876 577 1986 615 non
2032 571 2244 614 tantum
2276 571 2338 614 ut

752 667 900 707 nunc
927 653 1226 722 digressiva
1259 653 1628 722 exquisitione
1663 673 1676 718 ;
1714 653 1936 708 aliunde
1985 652 2122 706 nihil
2178 652 2335 707 vobis

752 745 820 799 ad
845 747 1188 814 propositum
1213 747 1359 800 istud
1391 747 1802 800 subministrat.

2443 561 2600 616 κέναι
2619 578 2632 590 ·
2690 560 2786 612 καὶ
2825 559 2901 630 μὴ
2931 560 3006 621 ὡς
3032 559 3104 612 τὰ
3135 559 3258 612 καθ’
3287 560 3428 613 αὑτὰ
3457 562 3786 626 ἀνὺπαρκτα
3818 561 4034 630 συμϐε-

2443 653 2651 724 6ηκότα
2684 647 2824 704 εἶναι
2857 653 2952 705 καὶ
2980 651 3221 704 ντείσθαι
3241 692 3255 717 ,
3293 651 3407 704 ἀλλ’
3435 653 3527 719 ὑφ’
3553 653 3753 722 ἑαυτῆς
3781 653 4024 717 ἑστάναι,

2445 744 2580 798 καθὸ
2614 744 2866 813 εἴρηταιο
2907 761 2924 792 ι
2956 742 3278 812 Μνήσθητι,
3313 743 3397 805 τίς
3434 761 3536 813 μου
3572 745 3605 813 ἡ
3636 744 3969 804 ὑπόστασις·
4005 762 4023 792 ι

751 837 944 908 τὸγὰρ
999 839 1150 900 ὅπως
1204 837 1420 908 εἴρηται
1451 839 1739 910 χαρακτὴρ
1765 839 1862 903 τῆς
1891 836 1984 889 τοῦ
2012 836 2224 905 Πατρός
2273 835 2626 897 ὑποστάσεως
2679 837 2708 887 ὁ
2749 834 2906 897 Υἱὸς,
2951 835 2979 887 ὃ
3010 835 3104 886 καὶ
3133 835 3264 887 αὑτὸ
3331 836 3708 904 παρηγάγετε,
3780 835 4028 902 μείζονος

755 929 927 982 δεῖται
983 930 1080 998 τῆς
1131 930 1491 997 ἀναπτύξεως
1538 931 1634 982 καὶ⁷
1680 930 1741 982 οὑ
1781 928 2195 999 παρεκὸατικῆς
2237 926 2333 980 νῦν
2373 929 2690 998 ζητήσεως·
2744 926 2886 996 πλὴν
2919 928 3071 980 οὐδὲν
3120 929 3250 997 ὑμῖν
3281 929 3359 990 είς
3393 927 3452 980 τὸ
3483 927 3850 996 προκείμενον
3910 927 4027 981 τόδε

672 1023 677 1028 ’
754 1020 1094 1088 συναίρεται.

839 1111 934 1167 His
956 1112 1124 1184 igitur
1144 1130 1171 1166 a
1191 1115 1350 1168 nobis
1366 1114 1433 1167 de
1456 1115 1812 1170 subsistentia
1835 1126 1984 1170 recte
2009 1115 2251 1178 statutis,
2284 1115 2330 1168 si

748 1205 976 1275 quidem
1022 1207 1159 1260 duas
1179 1207 1561 1261 subsistentias
1587 1224 1687 1276 pro
1713 1209 1972 1264 essentiis
2001 1209 2204 1271 dicitis,
2233 1223 2331 1262 nos

747 1298 978 1350 omnino
998 1299 1336 1364 accipimus;
1368 1300 1663 1364 adjicimus
1709 1309 1892 1353 autem
1942 1316 2106 1354 unam
2141 1316 2206 1353 ex
2244 1301 2329 1354 his

747 1400 872 1439 esse
898 1401 1184 1454 personam
1234 1387 1464 1449 Christi,
1498 1397 1556 1441 ut
1601 1389 2007 1457 homonymiam
2040 1391 2331 1456 fugiamus

750 1490 1131 1543 personarum.
1191 1475 1548 1529 ostendentes
1591 1493 1620 1529 a
1657 1477 1818 1529 nobis
1847 1491 1945 1545 pro
1963 1477 2176 1529 naturis
2207 1476 2330 1528 iilas

747 1565 925 1634 accipi
958 1583 972 1624 :
1002 1581 1292 1633 personam
1347 1584 1477 1621 vero
1509 1571 1561 1622 in
1613 1569 2027 1622 subsistentiam
2082 1570 2194 1635 jam
2239 1570 2333 1622 de-

748 1673 898 1712 mum
930 1659 1090 1712 vobis
1116 1674 1240 1712 cum
1268 1668 1592 1726 repetamus
1617 1677 1630 1711 :
1651 1659 2110 1727 signiﬁcatenitu,
2130 1670 2187 1710 ut
2207 1673 2328 1726 per-

2513 1111 2734 1165 Τούτων
2761 1112 2856 1166 οὖν
2885 1111 3061 1174 οὕτως
3085 1115 3217 1184 ἡμῖν
3245 1112 3372 1183 περὶ
3400 1112 3755 1178 ὑποστάσεως
3781 1116 4030 1186 φιλοκρι-

2440 1205 2746 1274 νηοέντων,
2806 1206 2854 1258 εί
2903 1207 3002 1274 μὶν
3046 1205 3140 1258 δύο
3188 1206 3289 1268 τάς·
3319 1206 3646 1268 ὑποστάσεις
3682 1207 3805 1258 ἀντὶ
3833 1209 4030 1261 οὑσιῶν

2438 1315 2604 1366 φατε,
2662 1297 2933 1366 δεχόμεθα
2987 1297 3086 1366 μὲν
3138 1301 3303 1366 ἡμεῖς
3353 1300 3602 1362 πάντων
3654 1301 3943 1368 ὲπάγομεν
3975 1302 4028 1353 δὲ

2438 1389 2665 1452 ταύταις
2720 1391 2818 1444 καὶ
2870 1390 2932 1441 τὸ
2981 1389 3039 1442 ἒν
3086 1391 3384 1458 πρόσωπον
3420 1387 3558 1443 εἶναι
3595 1395 3659 1445 ὲκ
3689 1395 3905 1447 τούτων
3939 1392 4028 1446 ’τιῦ

2439 1480 2717 1549 Χριστοῦ,
2769 1482 2857 1534 ἵνα
2904 1482 3006 1546 τὴν
3051 1481 3377 1550 ὁμωνυμίαν
3419 1481 3686 1548 φύγωμεν
3717 1484 3831 1535 τῶν
3861 1503 4029 1552 προσ-

2439 1572 2606 1623 ώπων
2632 1589 2644 1601 ·
2700 1571 2860 1622 τοῦτο
2906 1572 3230 1642 δηλοῦντες,
3285 1572 3360 1632 ὡς
3395 1571 3516 1623 ἀντὶ
3547 1573 3647 1639 μὲν
3672 1574 3785 1624 τῶν
3815 1575 4029 1639 φύσεων

2437 1661 2644 1719 ταύτας
2679 1661 3014 1732 ἐδεξάμεθα·
3073 1663 3133 1714 τὸ
3169 1662 3224 1714 δὲ
3278 1663 3576 1728 πρόσωπον
3610 1665 3693 1726 εἰς
3728 1665 4030 1718 ὑπόστασιν

748 1763 883 1803 sona
927 1758 984 1803 et
1024 1758 1241 1811 natura,
1286 1751 1646 1804 subsistentia
1695 1765 1809 1804 rem
1852 1751 2242 1804 subs'stentem
2275 1749 2328 1802 iu

2438 1751 2621 1804 λοιπὸν
2650 1752 2751 1822 ἤδη
2802 1751 3287 1818 καταὶογιξόμεθα
3331 1753 3463 1820 ὑμῖν
3482 1769 3497 1782 ·
3524 1754 3896 1822 συσσημαίνει
3927 1756 4031 1826 γάρ

749 1851 987 1911 utroque
1041 1843 1387 1896 diversorum
1442 1845 1753 1905 nominum,
1822 1846 1915 1897 sed
1960 1847 2031 1896 ita
2063 1859 2188 1896 cum
2221 1844 2333 1896 Deo

747 1935 985 1990 dicimus
1023 1975 1038 1997 ,
1068 1950 1166 1989 vos
1221 1944 1407 1990 autem
1452 1950 1679 1988 necesse
1731 1943 1818 1989 est
1865 1935 2008 1988 idem
2040 1945 2334 1988 cernentes

747 2026 950 2094 sapius
1001 2035 1258 2079 naturam
1306 2036 1364 2080 et
1418 2025 1836 2080 subsistentiam
1867 2026 2075 2086 dicere,
2124 2040 2248 2079 cum
2276 2025 2330 2079 in

747 2117 966 2171 duabus
995 2116 1211 2170 naturis
1244 2115 1382 2170 duas
1410 2132 1636 2185 quoque
1676 2117 1893 2169 Domini
1947 2115 2332 2170 subsistentias

747 2208 956 2273 dicitis,
989 2217 1082 2262 aut
1107 2223 1402 2276 personam
1444 2206 1690 2260 vicissim
1751 2222 1915 2259 unam
1950 2206 2033 2258 vel
2065 2206 2205 2260 duas
2252 2206 2336 2258 in-

748 2300 1063 2361 troducere,
1103 2306 1200 2352 aut
1235 2306 1499 2359 tacentes,
1551 2306 1791 2366 quatuor
1825 2307 2072 2358 naturas,
2124 2297 2334 2350 nullam

746 2399 930 2446 autem
958 2389 1376 2445 subsistentiam
1410 2389 1462 2442 id
1481 2399 1568 2444 est
1600 2403 1893 2458 personam
1922 2389 1974 2442 in
1997 2387 2220 2443 Christo
2242 2403 2330 2442 re-

746 2496 1102 2552 cognoscere,
1127 2480 1266 2535 duas
1298 2489 1527 2534 naturas
1565 2481 1838 2544 dicendo;
1871 2495 1972 2534 nec
1995 2481 2080 2534 his
2104 2489 2334 2535 conten-

749 2584 856 2638 tos,
887 2575 1026 2628 duas
1049 2573 1262 2628 Domini
1290 2573 1684 2627 subsistentias
1715 2573 2028 2635 admittere,
2059 2580 2154 2626 aut
2200 2588 2334 2640 qua-

749 2675 877 2722 tuor
901 2680 1168 2737 personas
1193 2665 1249 2719 in
1281 2665 1518 2720 Domino
1540 2665 1752 2724 dicere,
1775 2664 1847 2717 ob
1871 2665 2010 2718 duas
2036 2675 2261 2719 naturas
2277 2673 2334 2719 et

748 2757 890 2813 duas
937 2757 1352 2820 subsistentias,
1402 2756 1608 2810 nullam
1661 2771 1794 2809 vero
1833 2771 2025 2810 carum
2085 2757 2332 2827 proiecto

745 2849 1043 2904 essentiam
1073 2865 1088 2913 ;
1119 2847 1224 2902 nisi
1249 2847 1306 2900 in
1350 2849 1608 2902 essentiae
1649 2851 1940 2912 rationem,
1995 2848 2090 2902 sed
2115 2849 2168 2900 in
2208 2865 2334 2917 per-

747 2956 900 2997 sona:
921 2948 1132 2995 tantum
1153 2940 1638 2995 subsistentiarum
1654 2955 1856 2994 nomen
1875 2956 1904 2994 a
1933 2941 2090 2994 vobis
2104 2940 2328 2994 dicitur.

747 3033 884 3087 Nam
908 3033 977 3087 de
1007 3032 1240 3102 reliquis
1260 3032 1778 3103 signiﬁcationibus,
1821 3048 1928 3086 non
1953 3043 2088 3101 puto
2121 3041 2332 3086 tantum

2435 1843 2512 1911 τῷ
2543 1860 2599 1895 τε
2633 1842 2912 1912 προσώπῳ
2962 1845 3056 1896 καὶ
3104 1846 3172 1912 τῇ
3205 1845 3365 1911 φύσει
3402 1847 3434 1912 ὴ
3466 1845 3771 1907 ὑπόστασις
3807 1847 3870 1898 τὸ
3902 1847 4031 1900 ὑπο-

2435 1937 2690 2002 κείμενον
2724 1937 2953 2005 πρᾶγμα
2988 1937 3242 2005 ἑκατέρῳ
3274 1937 3387 1989 τῶν
3417 1938 3694 2006 διαφόρων
3721 1940 4026 2006 ὀνομάτων.

2448 2027 2597 2079 Ἀλλ’
2646 2027 2820 2088 οὕτως
2856 2028 2955 2080 σὺν
2983 2027 3104 2095 Θεῷ
3135 2045 3340 2094 φαμεν.
3382 2029 3558 2095 ’Υμᾶς
3589 2031 3646 2081 δὲ
3678 2031 3899 2099 ἀνάγκη
3920 2073 3931 2090 ,
3975 2033 4031 2084 τι

2436 2116 2572 2169 αὑτὸ
2601 2117 2811 2179 εἰδότας
2851 2118 2959 2186 (ὦς
2988 2136 3123 2186 φατε
3152 2119 3438 2182 πολλάκις,
3480 2121 3645 2186 φύσιν
3673 2138 3733 2172 τε
3769 2123 3867 2174 καὶ
3899 2123 4031 2176 ὑπό-

2437 2225 2627 2262 στασιν
2647 2248 2661 2271 ,
2700 2211 2824 2262 ἐπεὶ
2855 2212 2992 2279 πρὸς
3022 2215 3144 2274 ταῖς
3170 2211 3265 2264 δύο
3294 2210 3523 2276 φύσεσι,
3564 2215 3659 2264 καὶ
3689 2213 4032 2272 ὑποστάσεις

2436 2303 2570 2368 φατὲ
2613 2300 2706 2354 δύο
2733 2300 2828 2353 τοῦ
2861 2302 3146 2371 Κυρίου),
3185 2304 3218 2372 ἢ
3253 2303 3350 2355 καὶ
3376 2303 3674 2372 πρόσωπον
3708 2305 3879 2358 πάλιν
3909 2306 3966 2357 ἓν
3999 2307 4030 2375 ἢ

2433 2391 2527 2443 δύο
2573 2393 2972 2459 ἐπεισαγαγεῖν
2997 2408 3012 2424 ο
3065 2392 3098 2459 ἢ
3147 2393 3440 2458 σιγῶντας,
3474 2394 3756 2463 τέσσαρας
3794 2397 3901 2464 μὲν
3936 2396 4032 2459 τὰς

2433 2482 2662 2552 φύσεις,
2714 2483 2972 2550 οὐδεμίαν
3020 2484 3078 2535 δὲ
3129 2485 3462 2548 ὑπόστασιν,
3499 2485 3672 2555 ἤγουν
3704 2489 4028 2556 πρόσωπον,

2433 2575 2488 2626 ὲν
2532 2574 2758 2643 Χριστῷ
2806 2575 3197 2642 διεγνωκέναι.
3246 2575 3343 2628 δύο
3375 2573 3637 2642 )ἑγοντπις
3669 2577 3903 2645 φύσειςο
3942 2582 4033 2631 καὶ

2432 2667 2532 2716 οὑκ
2568 2664 2972 2734 ἀρκουμένους,
3012 2665 3148 2720 ἀλλὰ
3185 2667 3279 2720 καὶ
3310 2665 3402 2718 δύο
3435 2666 3534 2728 τὰς
3567 2667 3906 2732 ὑποστάσεις
3938 2670 4030 2722 τοῦ

2434 2751 2641 2821 Κυρίου
2673 2752 3070 2820 προστιθέντας
3096 2771 3109 2785 ο
3167 2753 3200 2824 ἦ
3241 2756 3479 2824 έέσσαρα
3515 2757 3616 2825 μὲν
3650 2757 3721 2808 τά
3754 2761 4033 2827 πρόσωπα

2433 2842 2528 2893 ἐπὶ
2557 2842 2650 2894 τοΞ
2683 2843 2895 2914 Κυρίου
2927 2843 3130 2912 λέγειν,
3161 2844 3251 2897 διὰ
3276 2846 3383 2897 τῶν
3409 2846 3630 2912 φύσεων
3658 2847 3881 2901 καὶδύο
3904 2850 4034 2902 dno-

2434 2936 2713 3000 στάσεων,
2755 2935 3017 3004 οὐδεμίαν
3051 2936 3110 2990 δὲ
3153 2936 3335 2989 αὐτῶν
3376 2938 3566 2991 οὐσίαν
3596 2939 3800 3010 δηλαδή
3826 2957 3839 2968 ·
3885 2943 3936 2994 εί
3973 2941 4030 2993 δὲ

2439 3027 2512 3096 μὴ
2549 3029 2628 3090 εἰς
2655 3026 2845 3089 οὐσίας
2873 3027 3056 3095 λόγον,
3089 3027 3206 3080 ἀλλ’
3239 3030 3318 3090 είς
3344 3028 3443 3099 τὴν
3469 3029 3564 3082 τοῦ
3595 3031 3904 3102 προσώπου
3937 3032 4034 3101 p.6-

749 3125 994 3195 divagari
1027 3125 1309 3179 hominem
1341 3123 1732 3178 rationabilem
1761 3123 1891 3176 dum
1927 3123 2054 3177 talia
2084 3123 2332 3191 inquirit,

2438 3133 2529 3169 νον
2583 3117 2646 3170 τὺ
2694 3117 2803 3172 τῶν
2851 3119 3210 3173 ὑποστάσεων
3246 3121 3374 3190 ὑμῖν
3402 3121 3621 3191 εἴρηται
3653 3124 3854 3192 ὄνομα.
3896 3125 4033 3192 Περὶ

749 3234 917 3289 quam
973 3218 1362 3272 necessitatem
1414 3215 1577 3270 nobis
1617 3214 1952 3284 comparatis
2003 3213 2329 3283 postulando

747 3310 838 3364 cui
901 3309 1045 3363 hanc
1095 3307 1332 3362 dicimus
1386 3307 1499 3360 Deo
1549 3306 1694 3361 Patri
1735 3320 1804 3358 an
1853 3305 2048 3367 David,
2094 3304 2328 3358 similem

746 3400 1044 3454 essentiam
1085 3399 1516 3453 esseiprimum
1577 3396 1725 3450 enim
1792 3411 1902 3448 non
1938 3411 2003 3448 ex
2044 3395 2330 3449 identitate

745 3493 1123 3548 essentiarutn
1151 3489 1529 3544 subsiStentia:
1577 3496 1974 3558 agnoscuntur,
2022 3501 2202 3554 neque
2233 3503 2326 3538 ea-

751 3585 878 3639 dem
932 3582 1098 3637 alicui
1159 3580 1534 3635 subsistentia:
1576 3579 1720 3632 ratio
1768 3588 1854 3632 est
1880 3593 1943 3630 ac
1983 3577 2026 3630 si
2075 3587 2330 3629 naturam

751 3675 954 3729 habeat
1001 3689 1186 3728 rerum
1230 3672 1482 3742 ejusdem
1521 3670 1796 3734 essentne,
1843 3679 2047 3732 contra
2080 3667 2246 3736 igitur
2285 3666 2329 3720 si

752 3785 862 3822 non
892 3767 1092 3822 habeat
1132 3766 1342 3836 aliquid
1389 3780 1576 3820 rerum
1631 3763 1733 3832 ipsi
1769 3761 2008 3817 essentia
2045 3760 2328 3814 similium.

754 3861 1142 3918 Subsistcntiaa
1191 3860 1339 3914 enim
1394 3858 1632 3912 maxime
1677 3856 1966 3926 proprium
2000 3862 2103 3915 est,
2129 3852 2330 3906 similia

748 3957 1058 4010 secundum
1122 3963 1377 4008 naturam
1435 3951 1775 4019 distinguere
1819 3947 1968 4002 entia
2032 3945 2330 4016 separatim

742 4048 859 4106 alia
894 4048 964 4102 ab
983 4047 1126 4113 aliis,
1158 4054 1215 4100 et
1241 4047 1331 4100 illa
1360 4043 1713 4112 singulariter
1744 4041 2010 4096 indicare.

827 4225 1097 4279 Praeterea
1118 4223 1374 4283 dicimus,
1427 4223 1470 4275 si
1498 4236 1643 4275 unus
1666 4220 1807 4274 forte
1840 4219 2004 4272 homo
2029 4230 2123 4272 aut
2149 4233 2329 4286 equus

752 4318 812 4373 in
830 4318 966 4372 orbe
988 4317 1216 4370 exsistat
1241 4315 1390 4369 solus
1408 4323 1464 4367 et
1481 4313 1668 4367 nullus
1687 4314 1756 4366 sit
1782 4313 2028 4382 ejusdem
2054 4311 2330 4373 essentne,

751 4408 936 4479 qualis
970 4406 1265 4460 fuitAdam
1296 4405 1510 4474 primus
1533 4406 1717 4465 homo,
1751 4403 1897 4456 illius
1917 4403 2332 4455 subsistentiam

2438 3205 2547 3276 γὰρ
2581 3207 2691 3258 τῶν
2727 3206 2930 3259 λοιπῶν
2967 3209 3420 3278 σημαινομένων,
3457 3210 3556 3262 οὐκ
3586 3205 3746 3280 οἶμαι
3775 3213 4034 3265 τοσοῦτον

2439 3299 2777 3364 παραπαίειν
2829 3299 2955 3351 τινὰ
3001 3298 3266 3366 ζητοῦντα
3315 3300 3384 3352 τὰ
3431 3301 3606 3353 τοιάδε
3656 3303 3887 3370 λογικόν
3925 3320 3939 3335 ·
3971 3303 4036 3357 Τί

2438 3389 2573 3456 ἡμῖν
2600 3391 2903 3456 ἀναγκαῖον
2936 3390 3381 3454 κατασκευάζετε
3415 3393 3481 3443 ἐκ
3509 3392 3603 3444 τοῦ
3633 3393 3901 3447 ἀπαιτεῖν
3927 3396 4035 3447 τίνι

2437 3480 2645 3549 ταύτην
2674 3480 2873 3548 φαμὲν,
2914 3483 2992 3550 τῷ
3015 3481 3136 3552 Θεῷ
3169 3482 3261 3533 καὶ
3289 3481 3490 3546 Πατρὶ,
3528 3481 3560 3552 ἢ
3589 3483 3668 3550 τῷ
3693 3485 3868 3536 Δα6’;δ
3897 3485 4036 3537 εἶναι

2437 3569 2762 3636 όειοοὺσιον;
2815 3570 3040 3640 Πρῶτον
3080 3573 3180 3639 μὲν
3217 3571 3325 3640 γάρ
3357 3571 3458 3623 οὐκ
3491 3573 3554 3623 ἐκ
3579 3572 3691 3624 τῶν
3721 3573 4035 3642 ὁμοουσὲων

2439 3662 2496 3713 αί
2543 3661 2870 3724 ὑποστάσεις
2921 3663 3320 3732 γνωρίζονται·
3387 3660 3498 3714 οὐδ’
3528 3663 3556 3714 ὁ
3589 3664 3758 3725 αὑτός
3795 3682 3847 3716 τι
3892 3685 3904 3715 ι
3939 3667 4033 3727 τίς

2441 3751 2795 3814 ὑποστάσεως
2847 3752 3003 3817 λόγος
3057 3753 3202 3814 ἐστὶ,
3258 3753 3319 3805 ὃν
3365 3753 3474 3805 κάκ
3520 3753 3621 3821 τῆς
3661 3755 3890 3820 φύσεως
3923 3755 4037 3826 ἔχει

2440 3842 2546 3894 τῶν
2577 3844 2876 3911 ὀμοουσίιυν
2907 3843 3089 3912 αὐτῷ,
3138 3844 3451 3896 τούναντίον
3481 3843 3577 3912 μὲν
3608 3839 3704 3896 οὖν
3740 3844 3802 3897 ὃν
3835 3845 3956 3914 ἔχει
3988 3863 4040 3901 τι

2439 3937 2546 3986 τῶν
2577 3936 2878 4004 ὁμοουσίων
2899 3954 2912 3967 ·
2940 3936 3294 3999 ὑποστάσεως
3322 3936 3432 4004 γὰρ
3466 3936 3667 4006 μᾶλλον
3696 3935 3861 4003 ἴδιον,
3887 3938 3917 3990 ὃ
3948 3941 4038 3991 καὶ

2439 4027 2548 4078 τῶν
2593 4028 2796 4095 ὁμοίων
2843 4029 2983 4082 κατά
3030 4028 3192 4097 φύσιν
3239 4028 3540 4097 διακρίνειν
3586 4027 3656 4081 τά
3694 4027 3888 4098 ἄτομα
3933 4031 4039 4100 ίδῖα

2441 4120 2536 4171 ἀπ’
2565 4120 2836 4186 ἀλλήλων,
2872 4121 2966 4172 καὶ
2992 4120 3114 4171 καθ’
3145 4119 3287 4172 αὑτά
3310 4119 3574 4171 δεικνύειν
3607 4120 3872 4176 ἑκάστου.

2516 4213 2636 4263 Ἔτι
2666 4211 2722 4262 δέ
2755 4229 2958 4281 φαμεν,
2989 4212 3073 4264 ὅτι
3102 4212 3193 4263 καὶ
3221 4211 3339 4272 ἑνὸς
3366 4210 3658 4280 άνῢρὼπου
3685 4213 3859 4280 τυχξν
3890 4213 3924 4283 ἦ
3952 4213 4039 4265 Iz-

2443 4320 2545 4355 που
2579 4305 2634 4355 ὲν
2663 4303 2740 4371 τῷ
2768 4304 2927 4356 παντὶ
2968 4303 3254 4372 ιενομένου
3286 4303 3472 4372 μόνου,
3512 4303 3607 4354 καὶ
3636 4303 3863 4366 οὖδενῆς
3889 4307 4036 4368 ὄντος

2455 4395 2604 4463 αὑτῷ
2631 4397 2940 4464 ὀμοουσίου,
2981 4390 3093 4447 οἷον
3138 4393 3311 4462 Ἀδάμ
3360 4393 3454 4445 τοῦ
3499 4393 3965 4464 πρωτοπλάστου,
4006 4402 4034 4464 ἡ

753 4515 916 4571 posse
941 4515 1007 4552 ex
1034 4498 1257 4552 cutibus
1282 4497 1510 4551 alterius
1539 4496 1790 4550 essentia?
1809 4494 1988 4564 quoad
2023 4495 2333 4549 subsistena

2440 4486 2734 4545 ὑπόστασις
2765 4483 2930 4536 αὑτοῦ
2961 4484 3175 4536 δύναιτο
3209 4483 3273 4535 Ξιν
3305 4484 3398 4533 καὶ
3428 4486 3489 4534 ὲκ
3516 4484 3622 4534 τῶν
3665 4485 4036 4551 step-cousins

757 4593 888 4646 tiam
907 4590 1176 4660 dignosci.
1210 4588 1328 4642 Non
1353 4589 1526 4650 enim,
1562 4586 1708 4656 quod
1735 4601 1842 4638 non
1864 4585 2163 4653 sitaiiquid
2191 4586 2337 4653 ejus-

750 4685 880 4739 dem
919 4681 1171 4737 essentia:
1207 4697 1236 4734 a
1285 4695 1394 4748 quo
1446 4679 1501 4732 in
1559 4679 1917 4732 subsistentia
1963 4677 2334 4739 discernatur,

755 4776 881 4830 ideo
931 4788 1154 4828 necesse
1189 4780 1275 4825 est
1316 4786 1426 4824 non
1472 4770 1655 4824 valere
1684 4769 1752 4824 de
1785 4769 1937 4823 illius
1977 4768 2336 4823 subsistentia

753 4879 1088 4924 sermonem,
1146 4863 1254 4916 nisi
1278 4863 1393 4916 sint
1442 4862 1517 4916 illi
1564 4862 1670 4917 alia
1727 4862 1978 4931 ejusdem
2035 4861 2334 4922 essentne;

753 4955 1096 5013 contrarium
1135 4953 1284 5008 enim
1319 4953 1459 5007 ratio
1498 4953 1639 5012 vult,
1677 4952 1766 5006 illa
1815 4950 2061 5021 ejusdem
2085 4949 2338 5005 essentia

754 5063 880 5120 qua:
911 5062 1021 5102 non
1047 5045 1253 5100 habent
1281 5044 1722 5107 subsistentiam,
1754 5059 1864 5097 non
1895 5042 2160 5105 discerni,
2202 5056 2333 5104 non,

757 5150 821 5196 ut
843 5138 1122 5208 colligitis,
1146 5137 1235 5191 illa
1252 5153 1374 5207 quae
1419 5151 1527 5205 non
1568 5136 1772 5190 habent
1803 5134 2044 5204 aliquam
2077 5133 2339 5186 identita-

759 5242 869 5286 tem
911 5230 1168 5284 essentia:
1197 5228 1251 5282 in
1287 5226 1661 5283 subsistentiis
1695 5243 1807 5281 non
1843 5227 2126 5294 distingui.
2176 5225 2337 5279 Enim

755 5337 892 5379 vero
925 5321 1134 5376 enlium
1197 5319 1427 5374 alterius
1473 5319 1727 5373 essentia
1776 5317 2172 5379 subsistentia,
2228 5317 2338 5370 imo

754 5424 969 5471 natura:
1019 5427 1212 5468 eorum
1237 5411 1692 5478 distinguuntur;
1736 5425 1845 5463 non
1873 5416 2056 5462 autem
2088 5405 2335 5475 ejusdem

752 5503 1010 5560 essentia:
1042 5502 1254 5556 entium
1281 5515 1384 5554 nec
1416 5501 1629 5554 naturis
1655 5514 1756 5553 nec
1795 5496 2176 5552 subsistentiis
2198 5509 2338 5566 Opus

754 5604 843 5649 est
865 5603 926 5648 ut
973 5609 1003 5648 a
1044 5592 1316 5648 similibus
1371 5591 1777 5646 discernantur.
1827 5587 2041 5644 Ccelum
2093 5601 2229 5657 ergo
2255 5596 2340 5640 est

757 5701 954 5749 unum,
987 5699 1093 5738 una
1137 5693 1304 5746 terra,
1337 5692 1393 5738 et
1435 5683 1609 5738 aather
1644 5697 1821 5748 unus;
1861 5694 2042 5750 neque
2065 5694 2133 5733 eo
2189 5677 2338 5748 quod

757 5791 866 5833 non
899 5776 1010 5831 sint
1035 5774 1141 5829 alia
1179 5773 1267 5827 his
1291 5773 1530 5828 essentia
1566 5771 1789 5842 similia,
1820 5771 1969 5828 dicat
2006 5770 2205 5842 aliquis
2250 5770 2339 5826 his

2445 4576 2593 4643 αὖτῷ
2627 4576 2701 4636 ὡς
2734 4575 3028 4636 ὑπόστασις
3056 4574 3509 4642 διαγινώσκεσθαι
3531 4591 3545 4604 ·
3603 4578 3696 4626 καὶ
3749 4576 3879 4643 οὐχὶ
3917 4577 4036 4626 ἐπεὶ

2442 4648 2544 4720 οὑκ
2587 4663 2654 4735 ἦν
2700 4683 2755 4718 τι
2787 4665 2952 4719 αὑτοῦ
2984 4666 3268 4733 ὁμοούσιον
3302 4669 3367 4735 τῇ
3403 4664 3698 4717 ὑποστάσει
3735 4667 3836 4733 ἀφ’
3863 4662 3931 4720 οὗ
3961 4667 4035 4718 διο

2439 4758 2688 4826 εκρξνετο
2713 4794 2727 4816 .
2775 4756 2863 4808 διὰ
2897 4754 3054 4808 τοῦτο
3089 4756 3300 4824 ἀνάγκη
3338 4758 3415 4824 μὴ
3445 4753 3720 4826 ἐρρῶσθαι
3767 4756 3868 4805 τὸν
3915 4760 4037 4824 περὶ

2439 4848 2540 4916 τῆς
2571 4848 2918 4910 ὑποστάσεως
2950 4847 3116 4900 αὑτοῦ
3167 4847 3357 4914 λόγον,
3396 4849 3443 4898 εί
3476 4846 3548 4914 μὴ
3580 4842 3692 4896 εἷεν
3721 4847 3882 4915 αὑτῷ
3909 4850 4034 4914 ἐσμο-

2440 4941 2597 4993 ούσια
2645 4939 2829 5010 ἕτερα.
2883 4939 3208 4993 Τοῦναντίον
3241 4940 3351 5008 γάρ
3381 4938 3410 4988 ὁ
3440 4937 3595 5003 λόγος
3632 4937 3748 5005 ἔχει
3771 4953 3786 4967 ο
3848 4940 3934 4991 δτι
3968 4934 4038 4991 ὧν

2443 5031 2521 5100 μὴ
2553 5030 2699 5082 ἔστιν
2731 5031 3030 5091 ὑπόστασις
3056 5028 3166 5081 τῶν
3191 5029 3518 5096 ὀμοουσίων,
3544 5027 3604 5078 οὑ
3630 5027 4031 5095 διακρίνονται·

2440 5127 2557 5195 οὑχ.
2589 5125 2780 5196 ὥσπερ
2811 5126 3092 5192 συνάγετε,
3123 5125 3202 5176 ὅτι
3231 5119 3305 5176 ὢν
3332 5125 3434 5176 οὐκ
3455 5121 3570 5175 ἔστι
3597 5123 3871 5191 ὀμοοὺσιά
3895 5141 4031 5185 τινα,

2441 5219 2498 5270 αἱ
2531 5219 2858 5280 ὑποστάσεις
2885 5219 2944 5270 οὑ
2967 5217 3314 5288 διορίζονταιο
3345 5217 3569 5282 καὶγὰρ
3595 5216 3689 5266 καὶ
3715 5215 3830 5267 τῶν
3857 5217 4034 5284 ἑτερο-

2441 5310 2641 5363 ουσίων
2685 5309 2742 5361 αἱ
2782 5306 3111 5365 ὑποστάσεις
3138 5346 3151 5370 ,
3205 5306 3343 5359 ἀλλὰ
3385 5304 3590 5357 τούτων
3637 5305 3729 5354 καὶ
3762 5307 3817 5354 αξ
3850 5305 4033 5372 φίσειε

2441 5402 2852 5472 διακρίνουσινο
2904 5400 3208 5468 ὑμοουσίων
3256 5398 3312 5452 δέ
3363 5415 3507 5450 τισιν
3553 5397 3654 5448 οὐκ
3682 5395 3887 5452 όντων,
3923 5397 4030 5447 οὐδὲ

2442 5494 2602 5565 χρεία
2647 5495 2746 5562 τῆς
2789 5492 2898 5544 ἀπὸ
2923 5491 3028 5544 τῶν
3059 5492 3316 5561 ὁμοφυῶν
3349 5488 3698 5558 διακρίσεως.
3743 5488 3854 5538 Καὶ
3891 5489 3918 5538 ὀ
3946 5487 4028 5538 0'3-

2449 5588 2609 5659 ρανδς
2656 5585 2788 5654 γοῦν
2837 5579 2946 5648 εἷς,
2992 5585 3085 5638 καὶ
3119 5584 3252 5655 ήγῆ
3289 5582 3416 5653 μία,
3457 5583 3550 5634 καὶ
3575 5579 3744 5650 αἰθὴρ
3774 5577 3860 5641 εἷς
3892 5581 4026 5630 ἐστι·

2445 5680 2538 5731 καὶ
2569 5679 2628 5731 οὑ
2661 5677 2749 5730 διὰ
2778 5677 2839 5731 τὸ
2872 5679 2946 5748 μὴ
2975 5673 3117 5730 εἶναι
3147 5675 3312 5744 ἕτερα
3340 5673 3549 5736 τούτοις
3577 5672 3872 5742 δμοοὺσια,
3899 5671 4026 5722 εἴποι

2446 5788 2527 5834 τις
2565 5770 2629 5824 ἃν
2663 5770 2795 5841 una;
2823 5764 2965 5824 εἶναι
2991 5764 3084 5823 οὖν
3116 5767 3320 5822 τούτων
3352 5767 3671 5820 ὑπόστασιν.
3712 5762 3949 5832 Ὁμοίως
3981 5760 4028 5810 ἶὲ
