4214 6450
738 388 874 453 1535

1995 383 2306 446 LEONTII
2349 383 2526 442 BYZA
2536 381 2755 443 NTINI

3869 377 4016 445 1536

740 508 887 549 ncte
932 495 979 550 'd
1025 494 1299 561 dixeritis,
1336 511 1404 552 ex
1447 507 1601 563 pulte
1652 510 1817 550 UltlllS
1847 495 2121 553 essential,
2155 503 2212 547 ut
2242 490 2324 545 di-

2430 488 2648 551 οὑσίας,
2704 486 2780 548 ὡς
2823 485 2892 541 ἂν
2933 482 3165 550 ἐτποιεν,
3214 487 3467 541 συνὺἐτου
3497 487 3795 560 λεγομένου
3822 490 4016 553 αὐτοῖς

737 598 890 654 cunt,
920 603 1047 643 eum
1088 588 1455 658 compositum
1491 587 1559 642 de
1590 604 1702 658 quo
1739 588 1921 659 agitur
1950 586 2198 656 ejusdem
2228 602 2318 642 es-

738 678 929 733 sentia:
956 679 1063 745 sit;
1108 679 1269 735 nobis
1308 688 1495 734 autem
1537 679 1676 735 duas
1718 695 1838 734 esse
1866 689 2095 734 naturas
2120 679 2319 749 μναῖ(ὶί-

738 769 998 823 cantibus
1019 771 1073 823 in
1099 785 1206 824 una
1233 770 1592 826 subsistentia
1607 770 1833 835 Christi,
1852 771 2130 839 quomodo
2157 770 2323 824 ratio-

740 859 1002 914 nabiliter
1024 861 1158 914 illud
1187 862 1467 932 objicitis?
1491 864 1635 917 Ecce
1654 863 1803 917 enim
1832 878 1937 916 una
1963 862 2321 917 subsistentia

741 966 866 1004 cum
890 951 962 1004 sit
984 951 1089 1005 veli
1111 967 1142 1006 e
1164 953 1290 1006 lana
1310 962 1368 1008 et
1388 954 1501 1008 lino
1523 953 1785 1013 contexti,
1809 953 2111 1007 secundum
2141 963 2321 1008 utram

740 1050 1065 1096 naturarum
1108 1044 1309 1113 quibus
1340 1052 1556 1098 constat
1602 1045 1891 1106 rationem,
1932 1043 2071 1100 lanae
2101 1062 2223 1115 qua:
2256 1062 2323 1101 ex

739 1133 1117 1189 animantibus
1150 1143 1253 1198 est,
1280 1151 1348 1189 an
1380 1136 1495 1190 lino
1528 1134 1676 1203 quod
1704 1149 1769 1187 ex
1805 1136 2005 1203 plantis
2030 1138 2208 1192 simile
2232 1154 2323 1193 cs-

740 1226 914 1279 sentia
937 1226 1078 1281 erit?
1103 1227 1418 1296 rogabimus
1438 1237 1623 1281 autem
1650 1228 1814 1283 simul
1848 1245 1944 1284 \os
1981 1230 2031 1282 id
2063 1244 2285 1299 quoque
2309 1248 2322 1284 :

739 1319 882 1373 Nutu
930 1320 1063 1374 Abel
1094 1321 1229 1388 justi
1273 1320 1486 1384 anima,
1525 1330 1815 1389 postquam
1863 1335 2085 1374 carnem
2134 1323 2321 1386 exuit,

740 1409 933 1464 eadem
983 1410 1221 1465 essentia
1254 1411 1462 1465 dicitur
1494 1426 1623 1464 vere
1656 1426 1779 1464 esse
1810 1427 1872 1465 ac
1918 1412 2097 1465 anima
2133 1412 2323 1467 Enoch

735 1502 870 1571 justi
912 1502 1007 1570 qui
1055 1502 1301 1556 nondum
1349 1516 1573 1556 carnem
1625 1501 1905 1570 deposuit,
1955 1513 2052 1556 aut
2097 1502 2326 1557 alterius

740 1594 1026 1663 cujusdam
1073 1595 1257 1648 adhuc
1306 1595 1361 1648 in
1410 1610 1576 1650 carne
1611 1595 1876 1661 viventis;
1911 1605 2006 1649 aut
2038 1611 2167 1649 caro
2193 1594 2322 1666 justi

741 1686 796 1738 in
826 1701 993 1741 carne
1028 1687 1266 1743 viventis
1293 1689 1485 1741 eadem
1528 1688 1769 1742 essentia
1806 1702 1870 1741 ac
1897 1702 2028 1743 caro
2056 1688 2325 1755 cujusque

740 1787 1057 1832 sanctorum
1081 1778 1174 1847 qui
1199 1778 1563 1837 dormierunt,
1590 1778 1813 1832 annon?
1838 1779 1920 1833 sin
1951 1786 2133 1832 autem
2163 1792 2325 1832 nemo

2423 576 2518 630 τοῦ
2555 577 2847 648 ομοουσίου
2866 593 2880 607 ⁶
2931 580 3046 641 τοῖς
3077 577 3133 631 δὲ
3167 577 3263 631 δύο
3294 580 3390 639 τὰς
3421 576 3613 647 φύσεις
3641 575 4017 647 κηρύττουσιν

2423 672 2557 740 ἡμῖν
2610 673 2667 723 ὲν
2720 670 2819 740 μιᾷ
2863 671 2930 739 τῇ
2972 670 3268 723 ὑποστάσει
3313 669 3581 738 Χριστοῦ,
3622 669 3739 732 πῶς
3770 668 4014 735 εὐλόγως

2422 764 2583 817 τοῦτο
2626 763 3033 835 προὸἐύιλεσοκ
3082 763 3210 816 Ἰδοὺ
3260 763 3367 833 γὰρ
3420 763 3518 832 μία
3545 763 3846 825 ὑπόστασις
3873 759 4013 814 οὖσα

2424 858 2517 909 τοῦ
2556 857 2617 922 ἐξ
2647 859 2796 928 ἐρίου
2831 857 2926 910 καὶ
2956 858 3102 910 λίνου
3138 857 3434 927 γενομένου
3467 856 3699 922 πέπλου,
3734 855 3880 909 κατὰ
3909 854 4011 907 es-
4086 896 4095 906 .

2425 967 2586 1022 τερον
2635 951 2745 1004 τῶν
2793 953 2849 1002 ἐν
2898 950 3034 1019 αὑτῇ
3083 950 3298 1017 φύσεων
3354 949 3554 1015 λόγον,
3612 947 3691 1017 τῷ
3743 947 3881 1019 ἐρίῳ
3932 947 4016 1017 τῷ

2425 1044 2490 1095 ὲκ
2522 1041 2698 1105 ζώων,
2727 1042 2821 1094 καὶ
2851 1040 2928 1111 τῷ
2956 1041 3088 1111 λίνῳ
3116 1039 3194 1108 τῷ
3222 1042 3284 1093 ἐκ
3310 1040 3491 1109 φυτῶν
3522 1042 3670 1091 ἐστιν
3697 1038 4013 1109 ὀμοούσιος.

2425 1134 2813 1204 Ἐρωτήσομεν
2837 1131 2896 1185 δὲ
2918 1132 3070 1201 ὅμως
3103 1132 3196 1184 καὶ
3222 1130 3382 1184 τοῦτο
3409 1126 3733 1200 ὑμᾶς·Ἀρά
3757 1146 3823 1197 γε
3845 1127 4019 1180 ’Δὸελ

2424 1224 2518 1279 τοῦ
2559 1224 2788 1279 δικαίου·
2818 1224 2847 1295 1]
2872 1223 3021 1294 ψυχὴ
3067 1223 3208 1293 μετὰ
3235 1225 3335 1292 τὴν
3364 1223 3464 1292 τῆς
3494 1222 3694 1292 σαρκὸς
3723 1219 4014 1285 ἀπόθεσιν,

2424 1318 2709 1386 ὀμοοὺσιος
2750 1317 2969 1384 λέγεται
3009 1315 3229 1382 ἀληθῶς
3256 1311 3400 1368 εἶναι
3433 1316 3500 1384 τῇ
3528 1314 3675 1383 ψυχῇ
3714 1312 3891 1381 Ἑνὼχ
3916 1309 4016 1362 τοῦ

2424 1410 2638 1464 δικαίου
2688 1412 2789 1479 τὴν
2834 1409 3014 1478 σάρκα
3046 1408 3200 1460 οὑπω
3228 1406 3595 1475 ἀποθεμένου,
3626 1406 3660 1475 ἦ
3688 1405 3847 1458 τοῦδέ
3872 1420 4017 1465 τινος

2425 1505 2653 1572 ἑτέρου,
2702 1502 2797 1554 τοῦ
2841 1502 2922 1553 ἔτι
2971 1501 3031 1552 ἐν
3060 1501 3223 1569 σαρκὶ
3268 1499 3515 1564 ζῶντοςς
3568 1500 3600 1568 ὴ
3641 1496 3782 1567 σάρξ
3811 1512 3874 1547 τε
3920 1493 4016 1546 τοῦ

2424 1596 2484 1647 ἐν
2536 1594 2704 1664 σαρκὶ
2756 1593 2967 1645 δικαίου
3018 1591 3305 1660 ὁμοοὺσιος
3349 1586 3459 1659 ἄρα
3506 1592 3575 1659 τῇ
3621 1589 3859 1641 ἑκάστου
3908 1586 4019 1637 τῶν

2424 1685 2914 1756 προκοιμηοέντων
2943 1685 3121 1750 ἁγίων
3165 1686 3359 1754 σαρκὶ,
3406 1683 3439 1749 ἦ
3470 1681 3621 1751 οὑχί;
3662 1681 3723 1733 El
3750 1679 3807 1732 δὲ
3838 1680 4019 1748 τούτῳ

2426 1779 2602 1842 οὐδεὶς
2652 1778 2905 1847 ἀντερεῖ,
2960 1775 3119 1845 δῆλον
3167 1776 3243 1839 ὡς
3289 1778 3353 1829 ἐκ
3402 1775 3602 1844 μέρους
3652 1773 3765 1824 τῶν
3812 1770 4018 1838 ἑαυτῆς

739 1870 1100 1933 contradicat,
1130 1869 1360 1924 evidens
1404 1882 1488 1925 est
1520 1886 1586 1924 ex
1632 1883 1785 1939 parte
1814 1885 2038 1924 suarum
2081 1871 2319 1939 partium

2430 1870 2612 1938 [ιερῶν
2641 1870 2673 1938 ἡ
2700 1868 2999 1930 ὑπόστασις
3023 1865 3217 1935 Ἑνὼχ,
3244 1866 3279 1934 ἢ
3306 1865 3459 1918 τοῦὸέ
3484 1880 3627 1926 τινος
3654 1862 3749 1914 τοῦ
3772 1863 3832 1913 ὲν
3852 1860 4019 1930 σαρκὶ

738 1960 1152 2015 subsistentiam
1181 1961 1395 2039 Enoch,
1427 1974 1523 2018 aut
1564 1963 1806 2033 cujusvis
1851 1963 1906 2017 in
1935 1978 2098 2018 carne
2139 1963 2322 2018 adhuc

740 2052 999 2117 viventis,
1034 2053 1133 2108 toti
1176 2054 1547 2109 subsistentia
1578 2054 1776 2123 anima:
1808 2055 1946 2109 Abel
1975 2069 2097 2109 esse
2127 2070 2319 2109 essen-

740 2143 816 2198 tia
847 2143 1107 2209 similem,
1150 2154 1209 2199 et
1252 2145 1350 2200 toti
1398 2144 1774 2201 subsistentia:
1806 2146 1989 2200 carnis
2033 2146 2195 2216 hujus
2223 2145 2318 2215 qui

736 2230 1040 2291 dormierat
1072 2238 1267 2293 sancti.
1301 2238 1369 2292 Ει
1398 2239 1605 2293 frustra
1651 2238 1784 2292 illud
1815 2239 1970 2294 vobis
1994 2238 2316 2309 negabitur;

737 2338 805 2376 ex
834 2332 989 2392 parte
1012 2326 1160 2380 enim
1187 2327 1232 2381 si
1268 2328 1506 2381 essentia
1530 2327 1782 2382 absolute
1810 2336 1939 2391 stet,
1972 2344 2080 2382 non
2117 2328 2316 2383 dicun-

739 2418 832 2464 tur
866 2411 1059 2467 eadem
1092 2416 1353 2477 essentia,
1390 2432 1592 2485 neque,
1628 2417 1674 2471 si
1711 2417 2066 2471 subsistentia
2098 2432 2165 2471 ex
2194 2420 2320 2488 plu-

741 2502 896 2558 ribus
949 2506 1162 2561 naturis
1220 2508 1337 2563 sive
1385 2510 1643 2563 essentiis
1685 2508 1827 2564 forte
1872 2511 2178 2579 composita
2229 2512 2317 2567 sit.

741 2593 880 2648 Illud
919 2596 1067 2650 enim
1098 2599 1403 2653 secundum
1444 2600 1590 2670 quod
1625 2601 1929 2675 similitudo
1969 2602 2101 2671 ipsis
2132 2604 2319 2657 cousi-

741 2682 989 2749 deratur,
1015 2695 1109 2741 aut
1135 2687 1342 2758 aliquid
1381 2690 1611 2759 perfceti
1639 2699 1695 2744 et
1724 2692 2049 2746 universalis
2080 2692 2135 2746 in
2167 2700 2321 2747 utro-

740 2790 871 2841 que,
918 2776 972 2830 id
1002 2786 1090 2831 est
1120 2779 1359 2834 essentia
1400 2788 1504 2840 est,
1545 2780 1681 2834 nihil
1734 2780 1800 2834 ad
1849 2782 2129 2836 notionem
2178 2784 2324 2837 cutis

741 2866 979 2919 essentia
1008 2867 1257 2934 ejusdem
1284 2869 1473 2924 olIicit.
1503 2869 1571 2923 Et
1604 2870 1721 2925 haec
1751 2870 1916 2941 igitur
1944 2871 2011 2926 de
2040 2872 2135 2926 illo
2161 2889 2325 2943 argu-

745 2963 953 3009 mento.
978 2956 1085 3010 Sed
1116 2959 1183 3011 a'l
1222 2959 1467 3012 ultimam
1498 2968 1737 3013 vestram
1773 2960 2173 3014 absurditatent
2215 2978 2323 3032 qua

744 3045 949 3114 putatis
991 3047 1127 3101 nihil
1158 3063 1223 3102 ex
1253 3058 1410 3119 parte
1456 3050 1827 3106 subsistentia:
1854 3050 2059 3105 Christi
2104 3054 2325 3123 utrique

744 3151 866 3192 esse
911 3137 1091 3193 simile
1134 3141 1397 3204 essentia,
1450 3142 1739 3211 utriusque
1775 3142 1946 3198 lilium
1994 3159 2117 3199 esse
2164 3160 2324 3214 posse

746 3230 1009 3284 lacillime
1028 3230 1189 3286 vobis
1207 3232 1728 3290 demonstrabimus.
1755 3236 1972 3291 Etenim
1995 3238 2161 3291 homo
2184 3252 2328 3292 unus

745 3337 813 3376 ex
838 3332 992 3391 parte
1019 3339 1132 3379 sua:
1152 3325 1521 3382 subsistentia:
1541 3329 1731 3382 matris
1752 3345 1863 3384 suae
1882 3340 1938 3385 et
1961 3330 2154 3400 patris,
2178 3345 2328 3385 nunc

748 3424 900 3469 certe
945 3414 1220 3470 Abraham
1269 3417 1473 3486 patris,
1524 3419 1848 3474 merentium
1908 3421 2153 3492 vestigiis
2202 3420 2329 3475 ﬁdei

748 3508 890 3577 ejus,
918 3515 975 3561 et
1002 3507 1231 3577 spiritus
1259 3509 1517 3578 spiritum
1564 3511 1896 3579 generantis,
1940 3511 2083 3565 lilius
2129 3520 2240 3576 est;
2273 3519 2331 3565 et

750 3615 818 3652 ex
848 3608 1003 3669 parte
1032 3599 1406 3655 subsistentia:
1437 3602 1603 3657 unius
1636 3604 1691 3656 in
1719 3618 1826 3671 qua
1866 3602 1983 3657 haec
2018 3603 2201 3656 omnia
2239 3604 2330 3656 iu-

750 3697 905 3749 sunt.
936 3690 1193 3745 omnibus
1235 3691 1322 3746 his
1348 3692 1588 3747 essentia
1613 3691 1809 3747 similis
1848 3700 1954 3755 est,
1991 3694 2331 3762 superﬂuum

749 3778 922 3851 igitur
949 3791 1096 3837 esset
1124 3797 1275 3837 nunc
1299 3782 1368 3837 de
1408 3798 1477 3838 eo
1505 3783 1660 3838 vobis
1688 3783 2073 3839 cavillantibus
2100 3800 2333 3856 respon-

749 3888 873 3930 sum
921 3874 1159 3930 dedisse.
1192 3874 1485 3930 Ostensnm
1537 3886 1625 3931 est
1658 3877 1803 3931 enim
1855 3876 1910 3930 in
1959 3876 2043 3932 his
2079 3892 2204 3947 quae
2243 3893 2335 3933 se-

751 3974 1026 4033 quuntur.
1058 3968 1339 4038 quomodo
1380 3968 1685 4023 secundum
1731 3969 1980 4024 diversas
2022 3970 2336 4041 generatio-

750 4076 885 4116 nnm
936 4061 1198 4126 rationes,
1248 4060 1541 4115 (iliationes
1587 4069 1642 4115 et
1686 4062 2048 4130 paternitates
2086 4060 2336 4130 plurima:

751 4153 946 4208 iisdem
974 4153 1238 4224 subjectis
1280 4153 1659 4208 conferantur.
1691 4152 1944 4208 Attamen
1985 4164 2167 4208 vestra
2200 4168 2338 4221 prae-

750 4261 883 4314 ceps
920 4255 1113 4301 contra
1151 4246 1267 4300 hac
1310 4245 1715 4316 argumentatio
1759 4245 2039 4316 praevertit
2082 4244 2339 4299 ordinem

753 4336 1188 4412 convenientem.

1416 4452 1567 4508 CAP.
1599 4451 1666 4508 11.

830 4545 977 4599 Deus
1022 4543 1264 4597 Verbum
1322 4551 1414 4597 aut
1474 4558 1603 4613 pars
1639 4551 1725 4598 est
1778 4544 1944 4613 hujus
1965 4543 2339 4599 subsistentiae
2372 4548 2415 4603 D

751 4636 983 4701 Christi,
1013 4644 1107 4690 aut
1136 4645 1339 4691 totum.
1376 4634 1435 4691 Si
1455 4635 1680 4705 quidem
1708 4635 1875 4705 igitur
1900 4650 2050 4705 pars,
2081 4635 2198 4689 haec
2242 4650 2341 4688 au-

755 4738 865 4783 tem
905 4744 1033 4799 pars
1061 4728 1254 4791 Filius,
1285 4744 1414 4797 pars
1466 4728 1591 4783 Filii
1619 4736 1705 4783 est
1734 4729 1881 4783 Deus
1903 4728 2183 4791 Verbum;
2208 4744 2340 4796 ergo

756 4819 869 4873 duo
907 4817 1136 4873 dimidia
1196 4818 1365 4873 habet
1395 4828 1524 4875 ante
1582 4820 2019 4875 incarnationem
2067 4820 2247 4875 Trias.
2282 4821 2340 4876 Si

760 4927 893 4966 vero
959 4919 1159 4975 totum,
1210 4927 1322 4966 non
1368 4922 1493 4966 erat
1542 4927 1676 4981 ergo
1712 4922 1840 4966 ante
1900 4912 2342 4968 incarnationem

759 5004 905 5058 Deus
925 5002 1197 5067 Verbum;
1234 5017 1361 5057 cum
1412 5010 1588 5057 totum
1636 5010 1764 5057 ante
1795 5012 1983 5072 partes
2024 5004 2338 5069 exstiterit,

756 5111 884 5165 pars
944 5095 1095 5150 enim
1128 5103 1216 5151 est
1248 5095 1421 5150 totius
1448 5109 1573 5164 qua:
1615 5093 1757 5149 facta
1798 5102 1883 5149 est
1938 5111 2069 5151 caro
2126 5105 2337 5165 postea.

757 5185 890 5240 Pars
915 5185 1140 5256 quidem
1171 5185 1394 5255 proprie
1422 5185 1680 5256 estquod
1713 5184 1902 5255 aliquo
1943 5185 2108 5241 modo
2144 5186 2198 5241 in
2247 5186 2320 5241 in-

755 5278 1098 5347 perfectione
1121 5278 1362 5350 quadam
1408 5294 1534 5334 esse
1587 5278 1955 5348 intelligitur;
2005 5278 2157 5348 quod
2190 5295 2304 5333 nun

752 5385 919 5440 quam
958 5377 1047 5425 est
1072 5370 1217 5425 Deus
1241 5370 1507 5426 Verbum.
1533 5370 1747 5426 Sanctae
1775 5379 1961 5424 autem
1981 5368 2186 5425 Christi
2206 5370 2342 5425 sub-

753 5462 1026 5519 sistentia:
1056 5477 1290 5527 naturae,
1330 5470 1392 5517 ut
1430 5471 1617 5533 partes
1639 5462 1898 5516 videntur
1936 5461 2152 5516 ratione
2207 5478 2342 5516 eon-

748 5544 1058 5627 junctionis
1082 5556 1373 5625 utriusque
1405 5554 1746 5625 singulatim.
1782 5552 1853 5609 ad
1909 5553 2116 5609 Christi
2151 5553 2339 5608 totali-

756 5657 948 5713 tatem,
1006 5664 1130 5719 qua:
1186 5656 1373 5705 autem
1427 5656 1602 5704 totum
1660 5660 1880 5719 semper
1945 5645 2224 5710 eﬂiciuut;
2285 5647 2338 5702 in

751 5739 963 5799 Christi
988 5757 1121 5797 vero
1147 5742 1473 5797 totalitatem
1521 5741 1782 5813 conjungi
1840 5732 1948 5798 non
1986 5741 2209 5812 impedit
2244 5758 2339 5811 μιν

756 5840 939 5900 partes
973 5831 1370 5889 diversitatem.

2423 1962 2505 2014 tu
2530 2000 2545 2024 ,
2600 1958 2680 2031 τῷ
2723 1976 2783 2012 τε
2833 1958 2940 2028 ὅλῳ
2985 1961 3087 2028 τῆς
3126 1957 3482 2019 ὑποστάσεως
3514 1955 3615 2024 τῆς
3642 1954 3822 2023 ψυχῆς
3850 1951 4018 2006 Ἅϐελ

2423 2053 2575 2106 ἐστὶν
2631 2049 2918 2120 ὁμοοὺσιος
2941 2090 2956 2111 ,
3011 2049 3108 2102 καὶ
3148 2049 3227 2119 τῷ
3271 2047 3378 2118 ὅλῳ
3404 2049 3500 2117 τῆς
3528 2046 3887 2107 ὑποστάσεως
3922 2045 4020 2112 τῆς

2426 2143 2629 2212 σαρκὸς
2682 2142 2838 2195 τοῦδε
2888 2142 2981 2194 τοῦ
3030 2141 3439 2210 κεκοιμημένου
3478 2139 3652 2192 ὁσίου.
3690 2139 3806 2191 Καὶ
3839 2138 4024 2205 μάτην

2421 2237 2581 2290 τοῦτο
2612 2235 2740 2305 ὑμῖν
2763 2234 3143 2305 ἀνηγορεύθη
3179 2236 3241 2286 ὲκ
3275 2234 3475 2303 μέρους
3493 2234 3603 2304 γὰρ
3624 2232 3779 2295 ὅντος
3798 2233 4017 2295 οὐσίας,

2420 2330 2482 2383 οὑ
2507 2328 2725 2395 λέγεται
2754 2326 2823 2379 τὰ
2848 2326 3109 2394 ὁμοοὺσια
3130 2342 3141 2353 ·
3194 2324 3255 2377 οὑ
3289 2327 3471 2393 μέντοι
3501 2323 3623 2376 οὑδὲ
3651 2323 4016 2384 ὑποστάσεως

2421 2422 2523 2492 τῆς
2557 2421 2653 2475 καὶ
2683 2423 2746 2473 ὲκ
2774 2419 3039 2472 πλειόνων
3067 2420 3305 2486 φύσεων,
3336 2417 3457 2486 ἦτοι
3482 2416 3702 2480 οὑσιῶν,
3741 2417 3877 2469 ποτὲ
3900 2433 4022 2467 συν-

2423 2514 2670 2583 εστώσης
2696 2512 2861 2564 τισίν.
2904 2509 2976 2562 ’τὸ
3005 2512 3113 2580 γὰρ
3141 2508 3279 2561 καθὸ
3311 2511 3344 2576 ἡ
3369 2508 3628 2577 ὁμοιότης
3654 2509 3845 2569 αὑτοῖς
3880 2506 4021 2559 θεω-

2425 2605 2633 2673 ρεῖται,
2691 2603 2725 2671 ἢ
2773 2599 2977 2653 τέλειόν
3024 2617 3073 2651 τι
3117 2602 3212 2652 καὶ
3241 2596 3359 2649 ὅλον
3390 2600 3448 2650 ἐν
3498 2598 3809 2667 ἑκατέροις,
3848 2596 4021 2665 ἧγοον

2423 2694 2457 2763 ἡ
2506 2692 2666 2744 οὑσία
2716 2692 2904 2751 ἐστὶν.
2963 2690 3117 2741 οὐδὲν
3168 2687 3424 2759 ἐμποδὼν
3474 2687 3612 2759 πρὸς
3646 2687 3892 2757 θεωρίαν
3923 2685 4020 2740 τοῦ

2423 2782 2713 2852 ὀμοουσίου
2763 2780 3001 2850 γίνεται.
3058 2781 3168 2832 Καὶ
3211 2779 3385 2832 ταῦτα
3421 2779 3523 2848 μὲν
3550 2778 3643 2831 οὑν
3677 2780 3810 2849 περὶ
3840 2776 4018 2830 τοῦδε.

2427 2874 2571 2943 Πρὸς
2617 2873 2674 2927 δὲ
2721 2872 2784 2925 τὸ
2821 2873 3051 2943 ἔσχατον
3082 2870 3236 2941 ὑμῶν
3266 2872 3495 2936 ἄτοπον,
3545 2871 3815 2940 οἰομένων
3853 2871 4023 2939 μηδὲν

2424 2965 2534 3017 τῶν
2589 2966 2654 3018 ὲκ
2699 2964 2902 3034 μέρους
2948 2964 3303 3025 ὑποστάσεως
3332 2962 3499 3016 αὑτοῦ
3542 2962 3640 3015 δύο
3665 2968 3808 3015 τισὶν
3840 2964 4024 3033 ὑπᾶρ-

2428 3072 2544 3128 χειν
2569 3056 2880 3128 ὀμοούσιον,
2912 3055 3105 3109 τούτου
3136 3055 3391 3109 κάκείνου
3429 3055 3556 3107 Υἱδν
3586 3052 3729 3107 εἶναι
3759 3055 4027 3107 δύνασθαι

2430 3149 2605 3220 ῥᾷστα
2653 3147 2801 3217 ὑμᾶς
2849 3144 3250 3216 ἀπελέγξομεν.
3311 3147 3422 3200 Καὶ
3465 3147 3575 3216 γὰρ
3617 3145 3914 3215 ἄνθρωπος
3948 3139 4028 3204 εἷς

2429 3243 2494 3295 ὲκ
2524 3240 2725 3309 μέρους
2754 3242 2855 3311 τῆς
2885 3239 3080 3293 ἑαυτοῦ
3115 3240 3491 3303 ὑποστάσεως,
3529 3240 3628 3308 τῆς
3662 3239 3878 3308 μητρὸς
3907 3239 4031 3289 ἐαυ-

2427 3332 2524 3385 τοῦ
2552 3333 2647 3385 καὶ
2668 3331 2763 3385 τοῦ
2788 3332 3018 3402 πατρὸς,
3046 3330 3128 3383 ἔτι
3155 3332 3256 3401 μὲν
3276 3332 3369 3383 καὶ
3395 3329 3650 3400 Ἀϐραὰμ
3672 3328 3771 3381 τοῦ
3796 3329 4030 3398 πατρὸς,

2429 3424 2541 3477 τῶν
2568 3423 2928 3493 στοιχοῦντων
2959 3426 3073 3485 τοῖς
3101 3424 3272 3491 ἴχνεσι
3302 3423 3401 3491 τῆς
3430 3423 3670 3486 πίστεως
3699 3420 3898 3483 αὑτοῦ,
3938 3422 4034 3472 καὶ

2431 3516 2525 3568 τοῦ
2562 3515 2898 3584 πνεύματος,
2934 3514 3027 3566 τοῦ
3054 3514 3353 3582 γεννῶντος
3382 3512 3444 3566 τὸ
3473 3514 3716 3581 πνεῦμα,
3752 3514 3871 3575 υἱός
3895 3516 4033 3565 ἐστι·

2434 3607 2530 3659 καὶ
2585 3608 2651 3660 ὲκ
2705 3607 2903 3676 μέρους
2939 3605 3040 3673 τῆς
3077 3606 3208 3675 μιᾶς
3241 3606 3594 3667 ὑποστάσεως
3697 3608 3820 3658 ἐστι
3854 3607 4039 3658 πάντα

2433 3699 2583 3761 τάδε,
2616 3698 2905 3762 ὁμοοὺσιὸς
2934 3698 3052 3751 ὲστι
3083 3697 3298 3760 τούτοις
3325 3701 3480 3750 πᾶσι.
3517 3698 3787 3766 Ιιεριττον
3815 3698 3918 3767 μὲν
3943 3693 4038 3749 οὖν

2433 3783 2503 3859 ἧν
2556 3789 2650 3843 καὶ
2697 3789 2795 3843 νῦν
2850 3789 2981 3860 περὶ
3027 3790 3186 3843 τοῦδε
3238 3790 3369 3859 ὑμῖν
3417 3787 3757 3857 ληρωδοῦσιν
3796 3788 4038 3857 ἀποκρί-

2436 3878 2656 3933 νασθαι.
2694 3879 2974 3933 Δέδεικται
3005 3879 3115 3951 γὰρ
3145 3880 3204 3932 ἐν
3231 3881 3342 3942 τοῖς
3370 3879 3521 3948 ἑξῆς,
3557 3878 3633 3940 ὼς
3664 3876 3816 3930 κατὰ
3843 3875 4040 3943 διαφό-

2439 3986 2566 4042 ρους
2586 3971 2821 4041 τρόπους
2849 3970 2958 4023 τῶν
2977 3972 3304 4042 γεννήσεων,
3333 3969 3597 4023 υίοθεσίαι
3621 3986 3681 4021 τε
3704 3970 3805 4022 καὶ
3828 3970 4039 4038 πατρό-

2437 4079 2599 4133 τητες
2628 4065 2739 4127 τοῖς
2769 4065 2953 4126 αὑτοῖς
2982 4062 3368 4132 ὑποκειμένοις
3396 4061 3642 4122 πλείονες
3671 4060 4038 4129 ἐμφέρονταγ

2438 4155 2578 4227 πλὴν
2614 4156 2907 4227 πρόχειρος
2935 4155 3090 4227 ὑμῶν
3121 4155 3215 4208 καὶ
3241 4156 3270 4206 ὁ
3296 4153 3438 4207 κατὰ
3463 4152 3673 4206 τούτων
3706 4152 3940 4222 ἔλεγχος
3966 4149 4039 4203 ὢν

2440 4246 2755 4319 προέφθασε
2790 4247 2890 4318 τὴν
2918 4246 3127 4301 οἰκείαν
3153 4244 3331 4310 τάξιν.

3048 4448 3301 4503 ΚΕΦΛΛ.
3342 4447 3413 4501 B'.

2529 4544 2588 4597 '0
2617 4541 2751 4606 Θεὸς
2777 4542 2950 4608 Λόγος
3000 4541 3032 4611 ἢ
3072 4540 3241 4611 μέρος
3273 4541 3390 4591 ἐστὶ
3428 4537 3632 4604 ταύτης
3661 4539 3766 4606 τῆς
3797 4536 4041 4589 ὑποστά-

2448 4654 2586 4700 σεως
2616 4636 2713 4689 τοῦ
2741 4633 3007 4705 Χριστοῦ,
3038 4632 3071 4702 ἦ
3096 4633 3238 4687 ὅλον.
3268 4632 3332 4684 Εἰ
3361 4630 3458 4700 μὲν
3481 4628 3575 4682 οὖν
3601 4627 3795 4699 μέρος.
3820 4628 3967 4697 αὕτη
3986 4628 4043 4680 δὲ

2443 4729 2605 4792 Υἱὸς,
2659 4727 2825 4796 μέρος
2874 4724 2970 4778 τοῦ
3014 4725 3147 4778 Υἱοῦ
3201 4725 3230 4777 ό
3271 4722 3404 4784 Θεὸς
3446 4723 3649 4787 Λόγος·
3708 4718 3919 4773 οὐκοῦν
3952 4719 4044 4772 δύο

2442 4820 2618 4890 ἥμισυ
2644 4818 2752 4888 πρὸ
2773 4818 2871 4886 τῆς
2893 4815 3363 4887 ὲνανθρωπήσεως
3383 4816 3417 4882 ἡ
3437 4812 3629 4882 Τριάς.
3658 4813 3720 4863 ΕΞ
3739 4810 3799 4865 δὲ
3816 4812 3883 4863 τὸ
3898 4812 4038 4875 ὅλον,

2444 4913 2545 4965 οὐκ
2573 4905 2643 4981 ἦν
2675 4910 2786 4975 ἄρα
2836 4908 2942 4978 πρὸ
2976 4909 3076 4976 τῆς
3109 4905 3579 4975 ὲνανθρωπῆσεωὲ
3611 4905 3640 4955 ὁ
3666 4903 3804 4964 θεὸς
3829 4903 4038 4969 λό’ίθς’

2442 5004 2567 5057 ιπεὶ
2610 5003 2672 5057 τὸ
2702 5002 2824 5056 ὅλον
2874 5000 2982 5071 πρὸ
3012 4999 3122 5054 τῶν
3150 4999 3334 5072 μερῶν
3366 5002 3687 5067 γενήσεται’
3729 4998 3906 5064 μέρος
3936 4996 4042 5065 γάρ

2442 5102 2538 5155 τοῦ
2577 5102 2731 5167 ὅλου,
2779 5101 2813 5170 ἡ
2848 5097 3119 5169 γενομένη
3154 5098 3488 5168 προσφάτως
3518 5093 3673 5163 σάρξ.
3712 5093 3911 5162 Μέρος
3946 5092 4043 5161 μὲν

2444 5196 2652 5267 κυρίως
2695 5194 2756 5247 τὺ
2797 5194 2894 5248 σὺν
2924 5191 3144 5263 ἀτελείᾳ
3167 5190 3274 5243 τινὶ
3302 5188 3552 5242 ὁπωσοῦν
3582 5186 3886 5256 νοούμενον
3910 5190 3928 5216 "
3958 5181 4042 5238 οῦ-

2443 5306 2589 5352 τινος
2623 5285 2969 5342 οὐδεπώποτέ
2999 5286 3151 5337 ἐστιν
3178 5285 3208 5336 ὁ
3234 5282 3367 5345 Θεὸς
3394 5282 3585 5349 Λόγος.
3637 5279 3754 5349 Τῆς
3785 5279 3847 5331 δὲ
3880 5280 4041 5345 ἁγίας

2446 5379 2797 5442 ὑποστάσεως
2841 5376 3083 5448 Χριστοῦ
3129 5376 3188 5428 αἱ
3232 5373 3461 5443 φύσεις,
3514 5371 3591 5434 ὡς
3624 5372 3771 5441 μέρη
3801 5369 4039 5439 όᾴὂπαι

2443 5473 2523 5543 τῷ
2553 5474 2711 5543 Λόγῳ
2742 5473 2841 5541 τῆς
2872 5468 3216 5542 συγκρίσεως
3243 5465 3454 5529 αὐτῶν,
3503 5466 3644 5517 κατὰ
3675 5463 3809 5533 μίαν
3844 5462 4041 5515 tuti-

2448 5583 2545 5637 ρας
2573 5607 2586 5626 ,
2643 5566 2779 5636 πρὸς
2828 5565 2929 5633 τὴν
2977 5561 3053 5625 ὡς
3100 5559 3341 5632 Χριστοῦ
3376 5558 3637 5628 bid-rma,
3674 5555 3800 5609 ελον
3829 5555 3890 5607 δέ
3924 5570 4037 5606 τινα

2443 5660 2532 5714 ἀεί
2577 5662 2761 5712 ἐστιν·
2818 5659 2899 5721 εἰς
2939 5655 2999 5709 δὲ
3052 5656 3113 5709 τὸ
3154 5652 3393 5726 Χριστοῦ
3428 5651 3550 5706 ὃ).ον
3580 5643 3758 5716 εἶναι,
3796 5647 4037 5720 pegma};

2445 5750 2602 5804 itm’m
2638 5751 2734 5819 τὴν
2764 5748 3079 5817 ἑτερότητα.
