4214 6450
747 461 842 494 ῃή

713 465 842 524 ιηή

746 497 846 522 ε-ὐὶ

1951 426 2262 491 LEONTII
2308 417 2709 482 BYZANT-INI

3851 391 4000 460 15H

717 593 890 641 etum,
922 586 978 632 et
1005 571 1306 628 oriundum
1326 583 1357 622 ε
1381 559 1545 620 nobis
1569 557 1850 615 hominem
1873 549 2110 606 similem
2135 543 2296 600 nobis
2327 585 2337 610 Α

2440 540 2553 601 τοῦ,
2585 541 2644 590 ὲν
2698 535 2836 602 αὐτῇ
2896 529 2922 583 ὃ
2978 545 3036 581 τε
3084 524 3216 587 Θεὸς
3261 521 3432 590 Λόγος
3493 514 3898 579 τέ).ειος,κα“ιὸ
3935 513 4006 576 ἐξ,

2485 631 2509 641 ”
2693 624 2740 641 Μ
2812 623 2948 641 “⁷·⁵“
3012 616 3295 641 ι’·δ’··-’-⁴
3361 612 3565 641 -ιηεολο
3622 606 3762 641 νηφδι
3821 601 4001 641 mt'tnvu

717 601 890 641 etum,
922 601 978 632 et
1005 601 1306 628 unm-unu-
1326 601 1357 622 ς
1382 601 1545 620 ιιυυισ
1569 601 1850 615 ..ψη-ην---
1874 601 2069 606 ---μην
2327 601 2337 610 ,

708 670 1015 741 perfectum
1063 663 1371 717 secundum
1439 661 1693 706 naturam
1744 641 1964 715 agnosci
1994 681 2006 703 ,
2072 633 2291 689 duabus

2440 631 2550 701 μῶν
2617 624 2740 678 καθ’
2801 601 2949 693 ημᾶς
3005 616 3295 685 ἄνθρωπος
3361 612 3565 671 τέλειος
3622 606 3764 661 κατᾶ
3821 601 4001 671 φύσιν

2507 724 2519 737 ο
2779 716 2867 741 η-
2909 708 3245 741 -:_-...-:.-.:.-...
3278 705 3450 741 ,θυεερ
3479 701 3673 741 ...ιιηπιυ-
3717 696 3808 741 An,
3863 697 4001 741 ηύγ,

714 696 1015 741 penu;th
1063 696 1371 717 acuti-uua...
1441 696 1693 706 ...η-η----
1746 696 1873 715 νση
1996 696 2004 703 _

714 764 864 818 illius
902 750 1314 811 exsistentihus
1339 727 2116 802 essentiis.ldeocomparatio
2148 724 2297 778 illius

2440 724 2748 782 ινώσκεται,
2776 716 2870 770 δύο
2909 711 3020 766 τῶν
3044 708 3245 763 οὐσιῶν
3278 705 3450 773 αὑτῆς
3479 701 3676 755 οὑσῶν.
3715 696 3808 752 Διδ
3863 697 4008 762 σύγ-

2696 807 2710 818 ·
2929 803 2943 818 ι
3061 801 3073 818 ι
3114 816 3120 818 -
3162 797 3464 818 ι-ι--..ωη
3515 790 3668 818 ...ιιι
3703 787 3975 818 "unus..-

714 846 1090 904 subsistentia:
1129 857 1256 897 cum
1291 835 1513 892 Davidis
1535 826 1915 888 subsistentia,
1953 836 2063 874 non
2093 833 2294 871 secun-

714 942 845 994 dum
885 933 1327 991 subsistentiam,
1355 927 1452 982 si-d
1487 921 1791 980 secundum
1817 915 2118 970 essentiam
2143 909 2294 962 illam

717 1031 991 1085 diversam
1021 1025 1270 1080 ostendit
1299 1030 1358 1076 et
1385 1017 1644 1076 similem,
1679 1019 1843 1081 prout
1894 1007 1954 1059 lit
1980 1018 2105 1058 cum
2141 1000 2305 1053 alter-

719 1133 847 1178 utra
875 1123 1110 1175 duarum
1136 1127 1494 1174 naturarum;
1547 1103 1730 1176 quoad
1774 1110 1959 1155 autem
2000 1093 2309 1148 subsisten-

720 1215 1116 1274 tiaerationem,
1150 1208 1380 1264 evidens
1405 1201 1647 1255 (-stillam
1679 1207 1898 1262 semper
1926 1198 1981 1243 et
2027 1179 2305 1240 communi

721 1322 1002 1362 consensu
1037 1301 1184 1357 Patri
1215 1308 1270 1352 ct
1301 1294 1494 1351 Davidi
1527 1288 1858 1344 dissimilem
1890 1275 2308 1349 comparatione

722 1393 1126 1456 demonstrari;
1156 1399 1216 1442 ut
1253 1401 1447 1440 omnes
1475 1398 1539 1436 ex
1585 1378 1846 1434 omnibus
1897 1371 2075 1426 omnis
2130 1362 2312 1420 subsi-

724 1489 926 1546 stentia
955 1489 1008 1539 in
1037 1499 1138 1538 sua
1193 1481 1406 1534 unitate
1448 1473 1764 1542 distinguit.
1808 1462 2014 1520 Christi
2055 1472 2189 1527 ergo
2217 1471 2315 1508 na-

727 1588 982 1630 turarum
1011 1569 1392 1631 subsistentia,
1420 1567 1576 1620 illum
1607 1558 1849 1616 essentia
1893 1550 2221 1608 dissimilem
2259 1545 2314 1598 in

728 1676 983 1739 partc,et
1009 1664 1253 1719 essentia
1285 1659 1523 1714 similem
1560 1653 1714 1707 hisce
1743 1645 1996 1702 osmndit
2038 1655 2194 1704 esse;
2234 1637 2318 1690 di-

729 1774 949 1814 versam
977 1768 1158 1811 autem
1187 1749 1564 1807 subsistentiis
1594 1745 1739 1798 circa
1773 1750 1946 1793 totum
1984 1736 2106 1805 ejus
2147 1732 2318 1784 ratio-

731 1868 858 1907 nem
886 1848 1150 1904 omnibus
1177 1844 1404 1900 entibus
1428 1846 1672 1910 praestat.
1701 1832 1906 1887 Eadem
1929 1827 2080 1882 enim
2117 1832 2172 1876 et
2208 1834 2316 1874 una

732 1947 858 2016 ejus
902 1955 1141 2012 persona
1188 1935 1505 1991 subsistens
1533 1969 1546 1991 ,

735 2033 990 2106 personis
1015 2029 1252 2084 similem
1272 2023 1516 2080 essentia
1538 2015 1844 2075 secundum
1883 2011 2209 2065 alterutram
2234 2017 2320 2056 ra-

737 2126 970 2188 tionem,
1016 2129 1077 2176 ct
1131 2119 1376 2173 essentia
1416 2110 1743 2166 dissimilem
1793 2105 1950 2160 illum
2015 2097 2319 2170 praedicare

737 2186 1380 2286 potest.-Subsistentiaa
1437 2201 1608 2264 enim,
1642 2212 1754 2251 non
1791 2203 1877 2249 est
1930 2186 2319 2247 subsistentia,

738 2276 837 2362 sed
862 2313 922 2360 ut
950 2299 1266 2358 essentialis
1289 2296 1499 2351 dicitur
1527 2305 1649 2346 esse
1669 2286 1877 2358 quibus
1901 2279 2141 2339 essentia
2172 2276 2325 2332 simi-

741 2399 810 2454 lis
853 2403 950 2451 aut
981 2391 1286 2454 absimilis;
1329 2399 1512 2455 neque
1535 2383 1608 2435 ita
1640 2379 1803 2433 nobis
1825 2389 1896 2430 ne
1935 2373 2073 2427 duas
2098 2376 2326 2424 naturas

742 2486 1123 2544 oStendamus,
1175 2481 1362 2534 unitas
1415 2469 1794 2529 subsistentia
1836 2462 2105 2534 impedit;
2143 2471 2326 2527 neque

744 2596 814 2634 ne
850 2591 1016 2632 unam
1040 2567 1460 2628 subsistentiam
1486 2564 1759 2624 dicamus,
1787 2557 1975 2613 duitas
2002 2562 2326 2609 naturarum

745 2672 966 2734 obstat;
998 2680 1182 2735 neque
1211 2659 1587 2716 insubsistens
1613 2652 1922 2714 invenitur,
1946 2646 2098 2718 quod
2128 2644 2184 2698 in
2219 2656 2330 2696 una

748 2754 1105 2812 subsistentia
1141 2750 1228 2803 his
1271 2747 1368 2818 qui
1411 2745 1481 2799 ab
1511 2742 1610 2798 illo
1635 2739 1904 2794 diﬂerunt
1923 2742 2009 2789 est
2039 2735 2098 2788 in
2140 2744 2333 2785 essen-

749 2850 826 2904 tia
876 2845 1078 2908 simile,
1140 2839 1238 2896 sed
1266 2853 1379 2894 non
1433 2831 1752 2890 necessario
1792 2824 2094 2896 dupliciter
2151 2818 2332 2877 subsi-

744 2955 923 3000 stens.
946 2940 1019 2994 ob
1046 2933 1472 2992 similitudinem
1502 2926 1722 2982 duobus
1752 2922 1807 2977 in
1841 2919 2105 2983 essentia,
2131 2917 2179 2971 si
2221 2929 2331 2969 non

751 3034 1068 3106 singulatim
1104 3029 1345 3085 essentia
1399 3023 1580 3079 simile
1623 3027 1740 3081 est,
1790 3017 1901 3069 imo
1938 3009 2179 3067 essentia
2223 3007 2336 3062 dis-

752 3101 931 3183 simile
978 3131 1065 3179 est
1119 3122 1287 3175 unius
1325 3125 1542 3172 naturae
1573 3119 1809 3171 tantum,
1835 3112 1932 3160 aut
1972 3119 2097 3159 cum
2146 3101 2336 3171 plures

754 3226 967 3272 natura:
998 3217 1112 3269 sint
1149 3215 1205 3266 in
1251 3223 1510 3282 persona,
1573 3201 1869 3273 aequalium
1918 3212 2153 3253 numero
2206 3194 2337 3250 sub-

757 3308 1142 3363 sistentiarum
1185 3317 1327 3372 opus
1357 3307 1461 3355 est.

1421 3411 1573 3467 CAP.
1601 3410 1689 3465 Vl.

845 3515 1124 3583 Rogamus
1189 3508 1428 3569 iterum,
1476 3501 1780 3573 dijudicate
1841 3498 1989 3570 quod
2063 3495 2342 3558 diximus;

761 3607 928 3662 dicite
980 3601 1113 3672 quid
1166 3597 1532 3670 signiﬁcatum
1587 3594 1659 3650 sit
1709 3610 1741 3648 a
1778 3592 1938 3648 vobis
2006 3604 2106 3660 per
2152 3601 2348 3657 quam-

762 3712 871 3768 que
937 3701 1195 3748 naturam
1260 3689 1414 3744 illius
1492 3702 1659 3758 quem
1744 3683 1960 3740 vocatis
2047 3681 2220 3736 Deum
2296 3687 2354 3730 et

763 3788 1078 3845 hominem:
1112 3782 1397 3837 hominem
1447 3794 1568 3833 esse
1613 3784 1671 3832 et
1717 3777 1891 3830 Deum
1922 3771 2188 3833 Verbum,
2253 3775 2349 3822 aut

766 3882 821 3935 in
870 3891 1072 3950 genere
1133 3873 1454 3937 hominem;
1501 3878 1749 3927 sanctam
1797 3865 2094 3928 Triadem,
2145 3871 2240 3916 aut
2291 3862 2346 3915 in

765 3986 971 4042 genere
1024 3967 1339 4030 hominem;
1396 3963 1569 4017 Deum
1617 3959 1896 4019 Verbum,
1957 3962 2056 4009 aut
2105 3953 2347 4022 aliquem

767 4063 1073 4124 hominem,
1112 4066 1359 4113 sanctam
1399 4053 1702 4116 Triadem;
1738 4050 1835 4105 sed
1859 4048 1990 4118 quia
2044 4061 2157 4100 non
2183 4044 2351 4097 vultis

769 4152 1028 4208 Triadem
1072 4148 1385 4220 signiﬁcare
1435 4160 1534 4215 per
1601 4141 1905 4202 hominem,
1960 4151 2143 4206 neque
2201 4141 2352 4187 certe

771 4260 868 4315 per
897 4241 1286 4313 particularem
1329 4237 1572 4305 aliquem
1597 4233 1880 4287 hominem
1931 4235 2122 4297 aperte
2168 4225 2354 4279 decla-

773 4336 937 4390 rastis
970 4332 1214 4388 dicendo
1245 4344 1420 4384 unum
1452 4344 1482 4382 e
1526 4339 1716 4381 saneta
1769 4321 1970 4377 Triade
2024 4316 2351 4374 cruciﬁxum

771 4437 826 4483 ct
856 4442 1100 4499 passum,
1128 4432 1383 4494 superest
1413 4422 1580 4489 igitur
1602 4429 1660 4472 ut
1691 4417 1893 4472 dicatis
1921 4430 1990 4469 an
2019 4414 2192 4469 Deum
2215 4411 2354 4465 Ver-

772 4518 927 4578 bum,
959 4523 1142 4569 utrum
1173 4511 1454 4566 hominem
1491 4510 1545 4562 in
1572 4522 1772 4579 genere
1815 4510 2123 4573 sumptum,
2162 4509 2349 4554 utrum

2399 787 2580 885 κρισις
2611 807 2818 877 ταύτης
2851 803 2984 873 πρὸς
3023 801 3122 871 τὴν
3160 797 3464 850 ὑπόστασιν
3505 790 3669 843 Δαϐὶδ
3703 787 4009 860 γινομένη⁹

2400 875 2462 960 οὑ
2498 902 2616 958 καθ’
2639 875 2958 956 ὑπόστασιν,
2991 890 3127 946 ἀλλὰ
3154 889 3276 942 κατ’
3320 885 3508 939 οὐσίαν
3539 881 3734 952 ἑτέραν
3765 895 3827 931 τε
3886 875 4005 927 δεί-

2411 1014 2604 1051 κνυσιν
2633 990 2803 1060 αὐτὴν
2831 988 2924 1041 καὶ
2953 983 3167 1054 ὁμοίαν,
3222 974 3365 1032 καῖτὰ
3395 975 3641 1044 θατέρων
3690 969 3800 1023 τῶν
3829 963 4010 1036 αὐτῆς

2405 1088 2643 1159 φὺσεων.
2674 1081 2833 1136 Κατὰ
2861 1079 2916 1131 δὲ
2971 1077 3062 1128 τὸν
3089 1074 3188 1142 τῆς
3217 1069 3572 1128 ὑποστάσεως
3603 1064 3784 1130 λόγον,
3839 1060 4010 1128 δῆλον

2408 1149 2483 1241 th;
2528 1174 2789 1241 καὶπρὸς
2839 1170 2930 1223 τὸν
2967 1165 3192 1235 Πατέρα
3234 1163 3330 1214 καὶ
3394 1158 3532 1228 πρὸς
3576 1155 3670 1208 τὸν
3705 1151 3872 1206 Δαςιδ
3913 1149 4011 1202 ἀεὶ

2409 1265 2851 1339 ὡμολογημένως
2873 1261 3133 1329 διάφορον
3153 1255 3321 1308 οὖσαν
3349 1251 3520 1320 αὑτὴν
3551 1247 3944 1301 ἀποδείκνυσιν
3979 1243 4012 1308 ἠ

2415 1332 2728 1427 σὺγιιρισις⁸
2764 1353 2956 1418 ὥσπερ
2983 1347 3080 1400 καὶ
3098 1345 3311 1404 πάντας
3346 1345 3410 1393 ὲκ
3440 1338 3661 1391 πάντων
3684 1335 3841 1386 πᾶσα
3875 1332 4015 1383 ὑπό-

2417 1421 2604 1511 στασις
2634 1451 2690 1498 ὲν
2717 1448 2781 1514 τῇ
2811 1442 2999 1512 μονάδι
3045 1435 3249 1504 ἑαυτῆς
3276 1433 3566 1502 διακρίνει.
3602 1429 3726 1480 Τῶν
3754 1421 3850 1478 οὖν
3877 1425 4017 1490 Χρι-

2420 1539 2546 1595 στοῦ
2577 1538 2794 1608 φύσεων
2817 1535 2850 1603 ἡ
2874 1529 3201 1591 ὑπόστασις,
3231 1525 3326 1577 καὶ
3353 1518 3708 1589 ἀ.νομοοὺσιον
3724 1515 3890 1569 αὑτὸν
3909 1513 4016 1565 avi

2423 1635 2606 1706 μέρος,
2643 1629 2739 1683 καὶ
2767 1625 3055 1694 ὁμοούσιον
3110 1618 3246 1688 πρὸς
3288 1615 3414 1676 τοὺς
3461 1611 3707 1665 τοιούσδε
3741 1602 3884 1658 εἶναι
3911 1605 4020 1655 δεί-

2420 1740 2611 1779 κνυσιν
2631 1737 2644 1752 ⁸
2706 1714 3170 1788 ἑτεροῦπόστατον
3203 1710 3259 1762 δὲ
3301 1707 3404 1759 άνά
3423 1705 3517 1756 τὴν
3571 1701 3692 1754 ὅλον
3721 1695 3890 1751 αὑτοῦ
3921 1696 4021 1747 ἕνα

2422 1817 2580 1884 λόγον
2596 1814 2730 1867 πᾶσι
2754 1811 2866 1871 τοῖς
2887 1802 3008 1860 οὖσι
3029 1804 3352 1874 παρίστησι.
3377 1798 3452 1850 Τὸ
3472 1796 3582 1865 γὰρ
3606 1792 3744 1846 αὑτὸ
3764 1790 3825 1842 ἓν
3850 1788 4023 1857 πρόσ-

1609 1920 2043 1982 subsistcntibus
2095 1912 2312 1967 duabus

2440 1924 2562 1962 ωπον
2602 1902 2767 1959 αὑτοῦ
2794 1898 3162 1953 ὲνυπόστατον
3187 1933 3202 1957 ,
3256 1895 3315 1946 ὲν
3347 1887 3676 1947 ὑποστάτοις
3712 1883 3808 1934 δύο
3849 1895 4025 1950 προσ-

2419 2000 2590 2062 ώποις
2625 1993 2913 2066 ὁμοούσιον
2944 1990 3083 2042 κατὰ
3100 1985 3332 2055 θάτερον
3363 1981 3542 2047 λόγον,
3563 1978 3655 2031 καὶ
3681 1973 4027 2044 ὲτεροοὺσιον

2423 2093 2584 2148 αὑτὸν
2618 2084 2987 2154 ἀπαγγέλλειν
3038 2079 3294 2134 δύναται·
3348 2076 3382 2145 ἡ
3413 2073 3719 2130 ὑπόστασις
3753 2071 3892 2134 γὰρ,
3925 2063 4028 2130 οὑχ

2423 2185 2498 2245 ὡς
2532 2181 2854 2241 ὑπόστασις,
2888 2173 3004 2229 ἀλλ’
3049 2173 3125 2234 ὡς
3160 2169 3402 2228 ὲνοὺσιος
3428 2165 3650 2233 λέγεται
3680 2155 3765 2222 οἷς
3801 2157 4030 2220 λέγεται

2425 2273 2710 2345 ὁμοοὺσιος
2740 2265 3156 2340 ἢὲτεροοὺσιος.
3195 2261 3305 2315 Καὶ
3335 2257 3508 2319 οὑτως
3537 2254 3691 2307 οὐδὲν
3723 2250 3859 2320 ἡμῖν
3887 2246 4030 2316 πρός

2428 2341 2485 2421 τε
2536 2365 2596 2418 τὸ
2624 2366 2721 2426 τὰς
2762 2361 2857 2414 δύο
2903 2359 3094 2428 φύσεις
3138 2350 3406 2409 δεικνύειν
3471 2349 3531 2400 τὸ
3601 2341 3898 2416 μοναδικόν
3931 2342 4032 2406 τῆς

2429 2456 2778 2518 ὑποστάσεως
2809 2446 3180 2522 παρεμποδὼν
3207 2445 3451 2513 γέγονεν·
3479 2439 3601 2493 οὑδὲ
3625 2436 3765 2507 πρὸς
3798 2434 3874 2497 ,τὸ
3905 2432 4036 2501 μίαν

2430 2548 2610 2614 λέγειν
2627 2546 2727 2617 τήν
2738 2521 3058 2604 ὑπόστασιν,
3071 2537 3133 2590 τὸ
3151 2534 3401 2589 δυαδικδν
3417 2530 3528 2583 τῶν
3545 2527 3768 2598 φύσεων
3783 2521 4028 2593 ὀχληρὸν

2433 2612 2770 2707 καθέστηκεν
2800 2651 2814 2665 ο
2872 2631 2994 2686 οὑδὲ
3049 2623 3421 2682 ἀνυπόστατόν
3450 2639 3502 2674 τι
3555 2620 3691 2689 ἔχει,
3742 2616 3806 2668 τὸ
3841 2619 3904 2667 ὲν
3937 2612 4040 2682 μιᾷ

2435 2703 2732 2786 ὑποστάσει
2781 2724 2948 2780 αὑτοῦ
2992 2720 3272 2791 διαφόροις
3317 2714 3632 2786 ὁμοούσιον·
3685 2707 3803 2763 ἀλλ’
3839 2706 3943 2760 οὑκ
3979 2703 4041 2766 ἐξ

2435 2825 2684 2892 ἀνάγκης
2731 2816 3150 2877 δισυπόστατον,
3195 2811 3285 2864 διὰ
3326 2806 3390 2862 τὸ
3425 2807 3521 2860 δύο
3562 2803 3705 2857 τισὶν
3741 2798 4043 2870 όμοούσιον

2434 2891 2595 2980 εἶναι,
2644 2891 2806 2983 εἴπερ
2861 2912 2935 2982 μὴ
2983 2907 3104 2961 καθ’
3152 2905 3382 2957 ῑκαστον
3431 2897 3744 2969 όμοοὺσιον,
3803 2895 3905 2946 καὶ
3959 2891 4041 2943 ἔτι

2441 3006 2643 3078 μᾶλλον
2669 2982 3004 3072 ἑτεροούσιον
3036 2996 3166 3066 μιᾶς
3199 2991 3413 3060 φύσεως
3446 2988 3637 3058 μόνης,
3691 2984 3730 3055 ἢ
3772 3000 3818 3036 π
3852 2982 4047 3034 ειόνων

2439 3074 2654 3167 ιρύσεων
2679 3091 2856 3146 οὐσῶν
2883 3089 2961 3159 τῷ
2994 3083 3294 3157 προσώπῳ,
3330 3079 3636 3152 ισαρίθμων
3674 3074 4044 3130 ὑποστάσεων

2441 3187 2599 3260 χρεία
2630 3184 2800 3241 ἐστίν.

3053 3378 3305 3434 κεφιιιι.
3349 3377 3442 3442 σν.

2531 3478 2859 3552 Ἐρωτῶμεν
2891 3472 3076 3534 πάλιν,
3103 3468 3422 3539 διακρίνατε
3442 3465 3505 3518 τὸ
3538 3461 3840 3533 λεγόμενον
3870 3459 4008 3531 ἡμῖν
4037 3474 4049 3485 ·

2449 3575 2640 3628 εἶπατε
2675 3572 2725 3626 τί
2769 3569 2830 3623 τὸ
2889 3563 3295 3637 σημαινόμενον
3348 3559 3439 3628 ὑφ’
3502 3556 3656 3628 ὑμῶν
3693 3554 3763 3608 δι’
3809 3555 4064 3622 ἑκάστης

2451 3667 2667 3737 φύσεως
2685 3664 2781 3718 τοῦ
2809 3661 2940 3734 παρ’
2972 3659 3128 3731 ὑμῶν
3170 3654 3463 3724 λεγνρένου
3493 3650 3630 3705 Θεοῦ
3685 3649 3786 3703 καὶ
3836 3647 4060 3718 ἀνθρώ-

2453 3775 2588 3814 που·
2623 3760 2705 3812 ὅτι
2728 3755 3038 3827 ἄνθρωπος,
3101 3751 3198 3804 καὶ
3225 3747 3354 3809 Θεὸς
3413 3741 3676 3812 Λόγος,ἢ
3727 3744 3758 3794 ό
3817 3740 4065 3794 καθόλου

2451 3852 2736 3921 ἄνθρωπος
2773 3853 2867 3899 καὶ
2892 3847 2926 3915 ἡ
2965 3843 3094 3912 άγία
3122 3839 3315 3911 Τριὰς,
3353 3837 3388 3906 ἢ
3423 3839 3453 3890 ὁ
3478 3835 3712 3887 καθόλου
3735 3831 4064 3902 ἄνθρωπος,

2452 3945 2548 3999 καὶ
2603 3944 2632 3996 ὁ
2673 3942 2807 4004 Θεὸς
2856 3940 3050 4007 Λόγος.
3103 3935 3136 4006 ἢ
3190 3935 3323 3994 ὅτις
3363 3929 3679 4000 ἄνθρωπος,
3712 3927 3810 3978 καὶ
3845 3928 3880 3994 ἡ
3917 3925 4063 3989 ἁγία

2453 4037 2646 4109 Τριάς.
2687 4033 2827 4088 Ἀλλ’
2849 4029 3164 4101 δτιΤριάδα
3200 4027 3277 4097 μὴ
3325 4022 3588 4095 βούλεσθε
3621 4019 3927 4090 σημαίνειν
3959 4034 4068 4087 με·

2453 4107 2522 4177 τά
2550 4121 2642 4176 τοῦ
2665 4120 2896 4175 καθόλου
2925 4117 3221 4187 λεγομένου
3246 4112 3566 4183 ἀνθρώπου.
3603 4107 3732 4162 οὔτε
3759 4107 3874 4177 μὴν
3915 4109 4064 4177 μετὰ

2453 4216 2549 4270 τοῦ
2587 4215 2756 4269 ἰδικοῦ
2785 4229 2949 4276 τινος,
2993 4208 3248 4280 πρόδηλοι
3288 4205 3690 4274 καθεστήκατε,
3725 4202 3793 4254 ὲκ
3825 4199 3929 4252 τοῦ
3958 4202 4060 4252 Eva

2455 4311 2638 4378 λέγειν
2669 4309 2768 4377 τῆς
2798 4304 2958 4373 άγίας
2989 4303 3223 4371 Τριάδος
3249 4299 3340 4352 τὸν
3380 4296 3770 4366 σταυρωθέντα
3815 4295 3919 4348 καὶ
3953 4310 4068 4345 1t:-

2456 4399 2640 4453 θόντα.
2703 4392 3077 4450 Λείπεταιοὺν
3120 4392 3298 4458 λέγειν
3334 4389 3480 4459 ὑμᾶς
3513 4387 3604 4439 τόν
3663 4383 3802 4437 Θεὸν
3859 4384 4065 4451 Λόγον,

2458 4487 2554 4542 καὶ
2591 4488 2622 4555 ἢ
2670 4485 2762 4538 τὸν
2801 4483 3034 4538 καθόλου
3093 4481 3388 4549 λεγόμενον
3433 4477 3747 4547 ἄνθρωπον,
3800 4475 3837 4544 ἢ
3892 4476 4069 4527 ί-Ξικόν

774 4607 1173 4679 particularem
1201 4605 1442 4672 aliquem
1472 4567 1756 4654 hominem
1809 4567 1993 4651 velitis
2045 4593 2337 4662 signiﬁcari

2460 4597 2579 4632 τινα
2619 4577 2908 4648 ἄνθρωπον
2934 4575 3142 4642 λέγοιτε
3189 4571 3477 4642 σημαίνειν
3523 4567 3609 4621 διὰ
3636 4567 3735 4635 τῆς
3775 4569 3913 4636 μιᾶς
3957 4568 4069 4633 φύ-

775 4719 874 4772 per
894 4715 1058 4755 unam
1089 4707 1345 4752 naturam
1379 4702 1438 4747 et
1459 4707 1568 4746 non
1611 4706 1831 4745 omnem
1878 4687 2198 4741 hominem.
2265 4684 2356 4736 Di-

773 4791 885 4845 cite
931 4787 1101 4857 igitur
1155 4787 1212 4838 in
1259 4798 1371 4853 quo
1421 4781 1640 4835 diﬂ'erat
1682 4777 2038 4848 particularis
2093 4775 2260 4828 homo
2287 4773 2358 4826 ab

775 4879 927 4935 omni
966 4875 1226 4931 homine?
1269 4877 1349 4928 An
1382 4873 1695 4934 evidenter,
1750 4869 1804 4924 in
1851 4868 1968 4922 sola
1995 4865 2358 4920 subsistentia

774 4981 834 5027 et
868 4969 1144 5040 persona?
1167 4964 1460 5032 Quomodo
1491 4978 1621 5033 ergo
1649 4977 1760 5015 non
1817 4959 1955 5013 duas
1993 4953 2181 5009 dicitis
2237 4969 2362 5022 per-

777 5077 944 5119 sonas
975 5070 1028 5114 vt
1073 5057 1482 5119 sulisistcntias,
1535 5069 1662 5107 cum
1699 5053 1838 5106 duas
1888 5058 2120 5105 naturas
2175 5046 2361 5100 dicitis

776 5152 1125 5225 designando
1182 5153 1354 5206 Deum
1381 5147 1622 5202 Verbum
1653 5159 1824 5199 unum
1885 5142 2127 5213 aliquem
2177 5140 2361 5194 homi-

779 5245 946 5301 nem?
978 5243 1074 5298 Sin
1106 5250 1289 5295 autem
1326 5239 1380 5293 in
1399 5252 1602 5306 genere
1630 5236 1913 5290 hominem
1941 5233 2115 5289 vultis
2152 5231 2360 5295 dicere,

779 5349 878 5395 aut
903 5335 1237 5407 cogitatione
1274 5331 1482 5401 ﬁngitis
1528 5330 1709 5394 illum,
1769 5343 1936 5397 quem
1991 5326 2204 5381 ratione
2237 5338 2364 5392 spo-

781 5429 962 5484 liastis
992 5427 1231 5482 essentia
1256 5425 1311 5479 in
1355 5423 1592 5492 singulis
1617 5427 1863 5488 sumpta,
1887 5428 1945 5474 et
1970 5415 2364 5485 imaginatione

781 5517 1029 5574 statuitis
1062 5517 1242 5578 illum,
1275 5529 1400 5568 cum
1418 5511 1608 5566 dicitis
1640 5509 1760 5563 sine
1790 5508 2037 5578 subjecta
2071 5503 2151 5558 illi
2175 5518 2368 5559 essen-

782 5613 860 5667 tia
884 5611 1164 5664 hominem
1208 5607 1414 5662 factum
1460 5620 1583 5659 esse
1629 5603 1836 5658 Deum:
1890 5610 1988 5653 aut
2027 5596 2242 5668 singula
2273 5595 2366 5649 illa

781 5703 969 5758 omnia
1000 5699 1325 5771 particulari
1361 5698 1416 5752 in
1455 5696 1780 5752 exsistentia
1807 5691 2091 5762 colligitis,
2126 5701 2253 5745 cum
2306 5687 2362 5740 in

782 5791 1047 5848 omnibus
1069 5791 1418 5846 incarnatum
1475 5804 1601 5844 esse
1635 5785 1852 5842 docetis
1893 5799 2064 5839 unum
2096 5799 2128 5837 e
2174 5788 2366 5838 sancta

780 5887 1001 5946 Triade.
1037 5884 1262 5954 Verum,
1285 5885 1328 5937 si
1373 5884 1549 5955 prius,
1586 5877 1868 5952 quomodo
1896 5893 2005 5932 non
2037 5891 2185 5932 mera
2236 5874 2368 5928 ima-

2465 4688 2624 4732 σεως,
2653 4673 2748 4722 καὶ
2770 4669 2832 4721 οὑ
2862 4666 3042 4719 πάντα
3078 4664 3386 4732 ἄνθρωπον.
3417 4661 3624 4714 Εἴπατε
3653 4654 3772 4720 οὖν,
3805 4658 3921 4710 τίνι
3945 4658 4072 4710 5m-

2458 4761 2615 4832 φέρει
2662 4759 2830 4822 ima;
2871 4757 3158 4825 ἄνθρωπος
3206 4753 3302 4807 τοῦ
3340 4752 3542 4814 παντὸς
3594 4747 3935 4818 ἀνθρώπους
3999 4751 4071 4800 Ἥ

2461 4851 2756 4923 πρόδηλον,
2802 4853 2884 4904 ὅτι
2918 4856 3054 4919 μόνῃ
3089 4852 3154 4918 τῇ
3187 4849 3480 4901 ὑποστάσει
3504 4846 3601 4899 καὶ
3623 4844 3705 4914 τῷ
3734 4843 4070 4913 «postia-i=9:

2465 4934 2585 5006 Πῶᾷ
2614 4942 2707 4998 οὑν
2727 4944 2788 4994 οὐ
2837 4941 2934 4994 δύο
2975 4939 3114 5006 φατὶ
3160 4939 3432 5007 πρόσωπα
3463 4937 3560 4989 καὶ
3577 4935 3943 4996 ὑποστάσεις,
3975 4935 4076 4986 δύο

2463 5034 2656 5103 φύσεις
2680 5035 2928 5100 λέγοντες
2954 5032 3047 5082 ὲπὶ
3070 5029 3316 5099 σημασὶᾳ
3339 5026 3435 5080 τοῦ
3462 5026 3596 5080 Θεοῦ
3625 5027 3798 5091 Λόγου
3832 5028 3964 5087 ἑνός
3987 5043 4074 5076 τι-

2465 5143 2552 5189 νος
2584 5123 2910 5194 ἀνθρώπου;
2942 5123 3000 5176 Ei
3018 5121 3077 5174 δὲ
3106 5120 3192 5173 τὸν
3219 5119 3454 5174 καθόλου
3486 5118 3778 5188 ἄνθρωπον
3812 5117 4072 5170 ἐθέλοιτε

2464 5219 2662 5287 λέγειν,
2699 5217 2734 5287 ἢ
2778 5215 2960 5284 ἐννοίᾳ
2995 5211 3306 5282 λαμϐάνετε
3354 5211 3546 5263 τοῦτον
3577 5206 3654 5275 τῷ
3687 5205 3839 5275 λόγῳ
3901 5207 4075 5258 αὑτὸν

2464 5308 2914 5379 ἀποματτόμενοι
2963 5303 3063 5373 τῆς
3112 5300 3304 5361 οὑσίας
3343 5301 3410 5353 ὲκ
3435 5295 3546 5351 τῶν
3591 5295 3942 5359 καοέκαστα,
3979 5305 4076 5347 aut

2465 5404 2649 5473 νοήσει
2683 5400 3006 5470 κατέχοντες
3039 5395 3226 5459 αὑτὸν,
3248 5394 3400 5448 ἄνευ·
3427 5392 3526 5459 τῆς
3554 5389 3942 5458 ὑποκειμένης
3983 5392 4077 5440 οἰ.-

2469 5495 2589 5557 σίας
2634 5492 2810 5563 τούτῳ
2863 5491 3116 5558 λέγοντες
3159 5485 3645 5559 ἐνηνθρωπηκέναι
3697 5481 3793 5533 τὸν
3832 5480 4014 5534 Θεόν·
4045 5481 4076 5545 ἢ

2465 5588 2607 5641 αὑτὰ
2635 5586 2816 5637 πάντα
2841 5582 3249 5636 τὰκαθέκαστα
3289 5575 3525 5648 ὑπάρξει
3565 5573 3673 5643 ἰδίᾳ
3703 5572 4072 5637 συνάγοντες.

2470 5678 2631 5732 ὁπότε
2669 5676 2803 5732 αὑτὸ
2834 5677 2969 5729 πᾶσι
3021 5670 3402 5744 σεσαρκῶσθαι
3431 5663 3790 5738 δογματίζετς
3846 5663 3946 5716 τὸν
3982 5663 4078 5716 Ea

2470 5773 2566 5841 τῆς
2603 5770 2854 5842 τριάδος.
2890 5767 3032 5822 Ἀλλ’
3071 5767 3120 5819 εί
3156 5764 3254 5835 μὲν
3284 5763 3344 5818 τὸ
3401 5761 3642 5831 πρῶτον,
3678 5754 3795 5817 πῶς
3834 5755 3902 5808 οὑ
3943 5755 4077 5824 ψιὶῇ

2470 5870 2537 5937 τῇ
2587 5865 2782 5935 ὶννοίᾳ,
2821 5864 2912 5917 καὶ
2964 5860 3063 5930 οὑχ
3105 5856 3337 5928 ὑπάρξει
3371 5852 3641 5916 οὑσιὼδει,
3679 5850 3873 5919 λέγετε
3909 5868 4073 5923 τιτι.
