4214 6450
245 467 382 535 1545

1200 453 1593 517 ,ιῡνεῐιδυε
1632 450 2181 513 NESTORIANOS.
2207 477 2273 485 -
2300 448 2446 511 LIB.
2493 448 2575 508 ῐῐ.

3362 443 3380 504 i
3395 436 3497 506 5!.6

238 579 432 648 νῆσθαι
459 574 558 644 τὴν
582 569 996 642 ινανθρώπητιν
1021 566 1118 619 τοῦ
1158 568 1366 637 Κυρίου
1389 583 1403 629 ;
1442 569 1490 618 εἰ
1518 565 1574 619 δὲ
1600 566 1663 618 τὸ
1697 564 1823 618 δεύ-

1952 563 2207 629 ;ἱιιιιιίοιιο
2236 578 2417 632 neque
2442 557 2763 615 exsistentia
2788 554 3073 613 essentiali
3098 554 3283 612 dicitis
3298 555 3505 610 factam

235 686 415 740 τερον.
446 664 563 730 πιῖις
601 665 702 718 οὑκ
729 664 881 716 ἔσται
930 659 1370 729 ἐνηνθξωπηκὼς
1408 661 1438 711 ὁ
1486 658 1617 722 Θεὸς
1650 658 1817 722 Λιέγυς

235 762 335 816 καὶ
354 759 579 816 ἀσεϐέσι
610 757 703 811 καὶ
737 753 1081 824 ἁμαρτωλοῖς
1115 751 1212 803 καὶ
1239 750 1700 820 προτελευτήσασι
1729 748 1822 799 καὶ

237 851 518 921 ἐσομένοις
551 846 894 918 ἀνθρώποιςς
921 847 1060 914 ὅπερ
1106 841 1325 905 ἀσεϐὲς,
1362 840 1581 907 καὶτῆς
1628 841 1817 921 ὑᾲιῖτέ-

244 918 349 1010 ρας
365 939 543 1007 λέγειν
570 937 783 1004 σοφίας.
819 935 881 987 Ei
911 933 967 985 δὲ
1000 933 1174 994 ἄλλως
1206 931 1443 983 ἐθέλοιτε
1474 934 1536 982 τὸ
1583 918 1821 976 καθόλου

237 1032 528 1101 ἄνθρωπον
557 1027 854 1082 ὑποθέσθαι
888 1025 1029 1078 κατὰ
1057 1027 1185 1085 τοὺς
1226 1021 1626 1091 παρεισφέροντ
1640 1035 1692 1079 ις
1728 1020 1824 1078 τὰς

238 1122 538 1191 λεγομένας
564 1119 727 1182 ἰδέας,
758 1118 851 1171 καὶ
881 1116 1053 1177 οὕτως
1104 1115 1203 1184 οὐχ
1226 1113 1340 1178 ἔξει
1382 1112 1569 1183 χώραν
1615 1132 1646 1179 ἰ,
1672 1113 1827 1162 ἐναν-

240 1209 549 1282 θρὼπησις.
589 1208 708 1261 Ἰνα
732 1207 842 1277 γάρ
873 1206 945 1258 τά
971 1203 1136 1257 λοιπά
1162 1204 1421 1274 παρήσω,
1466 1203 1623 1267 σῶμα
1671 1200 1732 1252 τὸ
1758 1202 1822 1251 ἐκ

239 1303 484 1371 Μαρίας,
511 1301 722 1354 ἐκείνου
739 1299 906 1370 μέρος
926 1293 1066 1351 εἶναι
1090 1297 1269 1364 λέγειν
1290 1296 1464 1367 ὀρθῶς
1481 1297 1543 1349 οὐ
1570 1293 1792 1348 δυνατὸν
1809 1309 1825 1324 ο

242 1394 363 1454 πῶς
393 1393 450 1444 δὲ
480 1392 542 1444 οὐ
566 1388 873 1460 φανήσεσθε
922 1388 1298 1460 προδηλότατα
1327 1391 1393 1457 τῇ
1432 1388 1622 1457 Γραφῇ
1661 1386 1831 1454 μαχὸ-

246 1501 422 1554 μενοι,
475 1483 572 1535 ἕνα
617 1480 853 1551 ἐξὴμῶν
879 1480 1208 1550 διδασκοῦσῃ
1256 1474 1399 1531 εἶναι
1427 1477 1521 1529 τὸν
1549 1475 1831 1546 κυριακὸν

241 1576 570 1646 ἂνθρωπονς
606 1592 623 1623 ι
655 1574 846 1636 Βίθλος
876 1571 1007 1640 γάρ,
1028 1571 1185 1639 φησὶ,
1210 1569 1479 1636 γενέσεως
1492 1565 1671 1636 Ἰησοῦ
1697 1566 1833 1634 Χρι-

244 1667 401 1731 στοῦ,
433 1666 551 1719 υἱοῦ
572 1665 757 1728 Δαϐὶό,
788 1684 818 1717 υ
841 1663 921 1718 ίοῦ
948 1662 1226 1732 Ἀϐραάμ.
1264 1681 1282 1710 ι
1321 1660 1430 1713 Καὶ
1457 1657 1723 1728 πρόδηλον
1750 1657 1832 1708 ὅτι

243 1760 313 1824 ἐξ
343 1758 513 1813 Ἰούδα
537 1757 948 1809 ἀνατέταλκενὸ
971 1754 1195 1823 Κύριος·
1227 1753 1317 1806 καὶ
1354 1771 1373 1802 ι
1401 1751 1504 1803 Τὸν
1524 1749 1690 1819 ἄνδρα
1710 1749 1831 1802 Μα⁴

248 1854 377 1925 ρίας
419 1851 478 1916 ἐξ
513 1847 580 1921 ἧς
614 1847 878 1916 ἐγεννήθη
919 1845 1127 1916 Ἰησοῦς
1150 1849 1177 1898 ὁ
1200 1843 1490 1913 λεγόμενος
1529 1840 1783 1911 Χριστὸς,
1810 1859 1827 1888 ι

1926 670 2049 708 esse
2085 655 2299 708 Domini
2337 651 2808 707 incarnationem?
2839 650 2923 705 sin
2948 656 3135 703 autem
3195 645 3497 718 posterius.

1924 746 2205 815 quomodo
2256 759 2368 799 non
2441 744 2551 798 erit
2596 747 2916 798 incarnatus
2951 742 3100 797 Deus
3149 739 3393 796 Verbum
3444 739 3502 793 in

1927 835 2132 904 impiis,
2169 835 2557 905 peccatoribus
2590 841 2647 887 et
2673 832 2973 904 praeteritis
2995 840 3053 886 et
3075 830 3278 887 futuris
3331 829 3505 884 homi-

1928 926 2297 995 nibus?quod
2325 927 2578 997 impium,
2609 935 2665 981 et
2706 934 2890 980 vestra
2943 924 3176 995 dignum
3211 924 3505 993 sapientia.

1926 1016 2085 1082 Quod
2120 1017 2166 1072 si
2195 1017 2368 1072 vultis
2395 1019 2505 1072 alio
2546 1018 2712 1071 modo
2743 1017 3032 1071 hominem
3072 1015 3129 1069 in
3162 1028 3366 1085 genere
3425 1014 3509 1067 in-

1930 1111 2179 1180 telligere
2205 1111 2513 1165 secundum
2539 1110 2769 1165 aliunde
2802 1109 3150 1165 introductas
3187 1121 3328 1177 quas
3368 1106 3511 1163 dici-

1932 1204 2003 1258 tis
2046 1206 2273 1269 formas,
2321 1205 2402 1260 sic
2445 1206 2632 1260 locum
2668 1220 2779 1258 non
2818 1203 3047 1258 habebit
3072 1200 3405 1257 incarnatio.
3440 1197 3514 1254 Ut

1930 1296 2077 1350 enim
2098 1307 2296 1351 cut-tera
2333 1308 2694 1367 praeteream,
2742 1310 2944 1365 corpus
3010 1309 3042 1346 e
3094 1291 3262 1348 Maria
3293 1298 3485 1346 natum

1935 1386 2097 1441 istius
2130 1396 2344 1456 partem
2379 1402 2501 1442 esse
2527 1402 2637 1441 non
2659 1393 2841 1457 potest
2873 1395 3021 1440 recte
3053 1383 3195 1447 dici;
3235 1382 3516 1453 quomodo

1933 1487 2115 1532 autem
2141 1492 2248 1532 non
2289 1478 2706 1533 evidentissime
2762 1473 3287 1531 demonstrabimini
3331 1473 3516 1542 impu-

1935 1579 2163 1638 gnantes
2180 1571 2480 1639 Scriptura:
2512 1586 2684 1626 unum
2710 1586 2742 1625 e
2766 1569 2928 1624 nobis
2954 1583 3078 1624 esse
3090 1566 3313 1622 docenti
3331 1566 3519 1620 Domi-

1937 1663 2120 1714 uicum
2150 1662 2465 1716 hominem?
2502 1681 2519 1712 ι
2543 1662 2709 1716 Liber
2746 1662 2918 1724 enim,
2960 1659 3116 1722 dicit,
3145 1657 3521 1728 generationis

1935 1753 2062 1807 .lcsu
2085 1752 2314 1815 Christi,
2345 1754 2440 1807 lilii
2462 1753 2654 1816 David,
2680 1752 2775 1807 iiiii
2805 1738 3116 1818 Abraham;
3150 1770 3168 1803 ι
3205 1760 3265 1805 et
3291 1751 3521 1805 evidens

1938 1856 2024 1900 est
2043 1846 2262 1900 eximia
2297 1855 2493 1899 ortum.
2512 1860 2635 1900 esse
2658 1844 2952 1899 Dominum
2972 1853 3087 1910 μοι
3107 1862 3120 1896 :
3144 1862 3163 1894 ι
3192 1840 3384 1898 Virum
3413 1843 3521 1899 Ma-

248 1946 370 2005 καὶ,
420 1963 441 1994 ι
469 1942 679 2011 Ἰησοῦν
706 1942 794 1992 τὶν
814 1938 1156 2009 Ναζωραῖον,
1182 1936 1350 2005 ἄνδρα
1385 1932 1834 2001 ἀποδεδειγμένον

1952 1935 2035 1990 'iae
2066 1936 2133 1989 de
2161 1952 2269 2005 qua
2300 1944 2462 1990 natus
2493 1944 2578 1990 est
2606 1934 2767 1991 Jesus
2788 1934 2882 2005 qui
2913 1943 3149 1989 vocatur
3177 1932 3457 1997 Christus,
3496 1952 3515 1983 ι

246 2036 362 2087 ἀπὸ
400 2032 532 2086 Θεοῦ
562 2035 639 2093 εἰς
663 2031 831 2100 ὑμᾶς,
857 2028 1116 2096 δυνάμεσι
1146 2026 1243 2079 καὶ
1259 2026 1450 2095 τέρασι
1475 2025 1568 2077 καὶ
1592 2022 1839 2091 σημείοις

246 2120 333 2187 οἷς
368 2125 591 2193 ἐποίησε
628 2123 694 2176 δι’
710 2122 882 2175 αὐτοῦ
898 2122 926 2173 ὁ
946 2120 1078 2182 Θεὸς
1097 2120 1153 2172 ἐν
1174 2117 1322 2188 μέσῳ
1344 2115 1521 2186 ὑμῶν,
1540 2112 1720 2175 καθὼς
1749 2115 1843 2164 καὶ

249 2218 412 2271 αὐτοὶ
428 2217 628 2271 οἴδατε.

335 2331 354 2361 ι
391 2311 530 2372 Τοὺς
568 2307 667 2379 μὲν
718 2303 813 2360 οῦν
862 2306 1089 2376 χρόνους
1121 2302 1219 2373 τῆς
1248 2301 1471 2368 ἀγνοίας
1514 2298 1784 2370 ὑπεριδὼν
1812 2299 1887 2350 δελ

248 2400 411 2463 Θεὸς,
442 2399 611 2452 τανῦν
646 2396 1018 2467 παραγγέλλει
1049 2396 1163 2456 τοῖς
1194 2395 1327 2446 πᾶσι
1363 2391 1643 2461 πανταχοῦ
1679 2406 1845 2460 μετα-

253 2495 406 2544 νοεῖν
438 2508 453 2523 σ
483 2484 674 2543 καθότι
730 2489 958 2555 ἔστησεν
993 2486 1208 2556 ἡμέραν
1238 2485 1297 2535 δν
1395 2480 1580 2552 μέλλει
1634 2480 1844 2549 κρίνειν

250 2584 357 2655 τὴν
388 2581 718 2652 οἰκουμένην
747 2580 804 2632 ὲν
831 2576 1173 2648 δικαιοσύνῃ.
1203 2576 1262 2627 ἐν
1294 2574 1451 2645 ἀνδρὶ
1482 2566 1526 2640 ᾧ
1554 2571 1724 2642 ὥρισε
1759 2570 1849 2621 πί-

253 2693 377 2730 στιν
409 2672 705 2745 παρασχὼν
722 2674 909 2735 πᾶσιν,
938 2670 1252 2738 ἀναστήσας
1276 2665 1442 2719 αὑτὸν
1462 2665 1528 2718 ἔκ
1552 2660 1784 2732 νεκρῶν·
1818 2678 1836 2710 ι

253 2768 380 2834 καὶ,
414 2767 619 2819 (nam
630 2783 660 2837 ρ
682 2765 749 2817 δι’
777 2764 896 2826 ἐνὸς
912 2760 1205 2832 ἀνθρώπου
1236 2762 1263 2812 ό
1287 2754 1729 2817 θάνατος,οῦτιι›;
1756 2753 1849 2806 καὶ

252 2861 329 2914 δι’
369 2856 665 2928 ἀνθρώπου
727 2855 1029 2916 ἀνάστασις
1082 2850 1315 2922 νεκρῶν.
1369 2850 1582 2919 Ὥσπερ
1624 2848 1734 2917 γὰρ
1792 2847 1849 2897 ἓν

256 2947 341 3018 τῷ
383 2946 558 3017 ’Δδάμ
589 2947 790 3007 πάντες
854 2943 1301 3013 ἀποθνήσκομεν.
1335 2939 1509 2999 οὕτως
1541 2938 1634 2990 καὶ
1683 2939 1742 2991 ὲν
1773 2936 1851 3007 τῷ

256 3036 489 3105 Χριστῷ
544 3036 747 3098 πάντες
803 3030 1361 3102 ζωοποιηθησόμεθα·
1407 3048 1427 3080 ι
1475 3029 1611 3090 καὶ,
1649 3046 1668 3080 ι
1703 3022 1852 3091 Εἷςὸ

258 3129 417 3192 Θεὸς,
459 3120 540 3189 εἷς
597 3124 825 3195 μεσίτης
872 3121 1137 3187 ﬂagitasti
1186 3119 1529 3189 ἀνθρώπων,
1561 3116 1853 3186 ἄνθρωπος

273 3214 489 3285 Ἰησοῦς
513 3229 527 3242 υ
570 3231 587 3263 ι
623 3213 740 3276 καὶ,
776 3232 795 3264 ι
841 3212 898 3264 '0
925 3211 982 3263 δὲ
1029 3210 1240 3280 Ἰησοῦς
1277 3210 1619 3280 προέκοπτεν
1659 3207 1851 3277 ἡλικία

1950 2036 2005 2080 rt
2033 2044 2046 2080 :
2076 2049 2092 2076 ι
2113 2028 2299 2082 Jesum
2323 2029 2688 2091 Nazarenum,
2716 2028 2895 2082 virum
2924 2026 3380 2083 manifestatuma
3410 2026 3524 2081 Deo

1952 2121 2009 2173 in
2054 2121 2234 2186 nobis,
2257 2122 2561 2175 virtutibus
2587 2129 2642 2175 et
2672 2120 3026 2176 miraculisct
3047 2120 3219 2190 signis
3244 2136 3368 2190 qua:
3393 2119 3527 2175 fecit

1957 2227 2058 2281 per
2085 2212 2239 2266 illum
2277 2212 2421 2266 Deus
2451 2213 2504 2265 in
2531 2211 2716 2267 medio
2744 2213 2942 2274 nostri,
2974 2219 3036 2266 ut
3090 2211 3190 2282 ipsi
3212 2211 3410 2266 .seitis.
3445 2231 3463 2261 ι

2023 2323 2041 2354 ι
2071 2304 2342 2375 Tempora
2411 2306 2582 2376 igitur
2638 2306 2964 2376 ignorantiae
3029 2307 3313 2377 negligens
3358 2306 3529 2369 Deus.

1945 2412 2096 2453 nunc
2151 2398 2451 2454 annuntiat
2508 2398 2770 2453 omnibus
2834 2397 3043 2467 ubique
3107 2398 3527 2468 paenitentiam;

1948 2490 2073 2545 ideo
2107 2492 2293 2546 statuit
2355 2490 2501 2546 diem
2541 2491 2595 2544 in
2630 2504 2743 2560 quo
2784 2489 3141 2560 iudicaturus
3193 2496 3279 2545 est
3334 2489 3530 2544 orbem

1952 2584 2009 2643 in
2040 2583 2359 2654 justitia,in
2388 2585 2508 2638 viro
2551 2582 2606 2637 in
2660 2597 2773 2653 quo
2816 2582 3031 2643 statuit,
3072 2578 3235 2635 ﬁdem
3280 2581 3534 2650 prtebcns

1951 2677 2233 2738 omnibus,
2267 2677 2546 2730 suscitans
2576 2674 2732 2729 illum
2758 2689 2787 2728 a
2814 2673 3047 2728 mortuis
3078 2673 3178 2739 I"';
3213 2692 3231 2724 ι
3254 2681 3311 2726 et
3339 2691 3350 2725 :
3387 2692 3404 2722 ι
3441 2674 3532 2728 5'—

1950 2774 2048 2820 cut
2081 2781 2178 2835 per
2217 2782 2387 2820 unum
2425 2766 2707 2819 hominem
2737 2779 2905 2828 mors,
2937 2765 3019 2818 sic
3044 2772 3230 2833 etrper
3254 2764 3534 2819 hominem

1951 2858 2292 2913 resurrectio
2352 2867 2727 2912 mortuorum.
2764 2856 2924 2912 Sicut
2945 2856 3094 2912 enim
3130 2856 3185 2911 in
3216 2856 3388 2911 Adam
3411 2871 3536 2912 om-

1952 2966 2051 3006 nes
2072 2951 2365 3013 morimur,
2400 2951 2473 3005 ita
2504 2958 2561 3004 et
2595 2950 2651 3004 in
2698 2948 2927 3005 Christo
2974 2953 3170 3005 omnes
3223 2949 3536 3005 viviﬁcabi-

1952 3058 2079 3097 mur
2103 3046 2162 3109 ’ς
2195 3063 2213 3094 ι
2248 3051 2341 3098 et:
2382 3062 2400 3093 ι
2424 3043 2578 3099 Unus
2616 3042 2783 3104 Deus.
2848 3057 2994 3098 unus
3038 3041 3316 3097 mediator
3342 3043 3440 3098 Dei
3481 3053 3539 3096 et

1956 3136 2264 3200 hominum,
2304 3136 2471 3190 homo
2494 3135 2656 3191 Jesus
2693 3136 2755 3201 ³;
2791 3154 2809 3186 ι
2847 3143 2943 3189 et:
2981 3135 3183 3191 «Iesus
3203 3145 3387 3191 autem
3410 3152 3540 3207 pro-

1956 3227 2178 3284 ilciebat
2209 3236 2371 3283 aetate
2408 3236 2465 3283 et
2495 3226 2767 3296 sapientia
2797 3236 2855 3282 et
2895 3227 3071 3297 gratia
3098 3227 3243 3298 apud
3279 3227 3451 3281 Deum
3484 3239 3543 3283 ct

264 3310 364 3360 καὶ
400 3305 564 3377 σοφίᾳ
590 3306 687 3359 καὶ
709 3306 892 3375 χάριτι
914 3307 1068 3373 παρὰ
1081 3303 1199 3373 Θεῷ
1224 3303 1320 3355 καὶ
1346 3302 1711 3369 ἀνθρὼποις’»
1736 3301 1848 3365 καὶ,

1968 3320 2225 3376 homines
2253 3321 2307 3387 ις
2339 3339 2358 3372 ι
2392 3335 2481 3376 et:
2516 3339 2534 3368 ι
2557 3295 3001 3376 Pucrcrescebat
3022 3328 3079 3375 et
3113 3295 3541 3377 cvoni‘ortabatur

268 3418 287 3448 ι
300 3396 379 3451 Τὸ
399 3396 613 3449 παιδίον
638 3393 839 3463 ηὔξανε
858 3395 950 3447 καὶ
968 3392 1326 3463 ἐκραταιοῦτο
1359 3392 1740 3462 πληρούμενον
1768 3407 1854 3443 σο-

265 3489 435 3557 φίας·
478 3490 570 3539 καὶ
595 3487 757 3556 καρὶς
790 3483 926 3538 Θεοῦ
953 3482 1020 3555 ἦν
1061 3485 1148 3537 ἐπ’
1178 3482 1325 3552 αὐτῷ
1357 3499 1369 3512 ’
1414 3501 1432 3534 ι
1473 3483 1604 3547 καὶ,
1648 3502 1665 3534 ι
1708 3482 1852 3552 [lpo-

266 3580 451 3648 φήτην
510 3578 638 3646 ὑμῖν
691 3576 992 3643 ἀναστήσει
1021 3574 1225 3643 Κύριος
1253 3575 1282 3625 ὁ
1304 3573 1440 3636 Θεὸς
1470 3572 1628 3642 ἡμῶν
1658 3576 1723 3626 ἐκ
1747 3573 1854 3625 τῶν

265 3670 522 3740 ἀδελφῶν
571 3668 729 3737 ὑμῶν
756 3667 831 3730 ὡς
867 3667 968 3737 ὲμὲ
1002 3683 1017 3697 ο
1066 3685 1084 3718 ι
1118 3666 1232 3729 καὶ,
1267 3683 1285 3715 ι
1322 3666 1395 3719 Σὺ
1433 3666 1613 3735 ἱερεὺς
1645 3667 1726 3729 είς
1761 3667 1853 3718 τὸν

266 3763 448 3820 αἰῶνα
473 3761 619 3815 κατά
647 3761 749 3831 τὴν
776 3758 931 3824 τάξιν
962 3758 1317 3828 Μελχισεδέκ.
1356 3778 1374 3811 ι
1412 3754 1564 3829 Ἀρι
1590 3757 1684 3811 οῦν
1716 3758 1854 3811 πάν-

261 3874 342 3929 ,τα
379 3855 552 3909 ταῦτα
601 3856 696 3907 καὶ⁹
742 3853 845 3906 ὅσα
905 3851 1131 3905 τοιαῦτα
1176 3853 1377 3921 ἄπειρα
1414 3850 1564 3908 ὄντα,
1606 3850 1757 3921 παρὰ
1787 3853 1853 3920 τῇ

271 3945 407 4016 ἀγίᾳ
440 3944 632 4015 Γραφῇ
664 3942 895 3996 δύνασθε
933 3942 1113 4009 λέγειν
1144 3941 1273 4012 περὶ
1302 3942 1533 3995 ἑκάστου
1564 3938 1855 4011 ἀνθρώπου

270 4036 384 4089 τῶν
443 4033 757 4092 καθέκαστα
810 4032 1064 4103 λελέχθαι
1091 4050 1105 4096 ;
1141 4034 1249 4086 Καὶ
1282 4032 1399 4096 πῶς
1422 4033 1650 4087 δυνατὸν
1680 4036 1856 4086 εἰπεῖν

275 4131 487 4189 πάντας
519 4127 846 4197 ἀνθρώπους
890 4129 955 4180 ἐκ
1006 4126 1325 4198 σπέρματος
1376 4123 1516 4180 εἶναι
1562 4126 1854 4197 Ἀδραάμ;

274 4224 375 4277 καὶ
397 4220 586 4275 τούτου
626 4223 686 4273 οὐ
714 4220 941 4284 παντὸς,
972 4220 1112 4275 ἀλλά
1142 4221 1319 4290 φυλῆς
1363 4220 1534 4273 ’ἰούδα
1556 4236 1568 4248 ·
1606 4221 1698 4273 καὶ
1727 4219 1860 4272 ταύ-

274 4329 379 4384 της
433 4314 533 4383 οὐχ
577 4313 728 4382 ὅλης,
759 4312 878 4366 ἀλλ’
909 4312 970 4377 ἐξ
999 4313 1153 4365 οἴκου
1200 4313 1366 4365 Δαϐίὸ
1402 4330 1415 4343 ο
1451 4316 1543 4366 καὶ
1583 4314 1773 4366 τούτου
1798 4314 1860 4365 οὐ

278 4406 508 4470 παντὸς,
538 4406 673 4458 ἀλλὰ
703 4406 923 4476 Μαρίας
950 4405 1046 4475 τῆς
1080 4404 1356 4475 Παρθένου
1387 4423 1401 4472 ;
1436 4402 1588 4476 Ἀρα
1619 4409 1749 4467 ἴσως
1768 4402 1862 4458 οῦν

276 4499 486 4552 εἴποιτε
539 4495 606 4550 ἂν
650 4497 859 4549 καὶτὸν
913 4496 1170 4563 Καῖάςραν
1199 4498 1263 4549 ὲκ
1284 4497 1503 4566 Μαρίας
1533 4496 1862 4566 γεγενῆσθαι

272 4591 380 4660 τῆς
415 4590 697 4659 Παρθένου
725 4606 741 4653 ;
775 4590 869 4641 καὶ
895 4582 1049 4652 οὗτος
1075 4588 1183 4658 γὰρ
1214 4584 1295 4648 εἷς
1323 4590 1436 4641 ἐστι
1468 4589 1577 4641 τῶν
1625 4589 1861 4642 καθὲκα-

279 4658 382 4736 στα
412 4658 735 4751 ἀνθρώπων.
770 4676 921 4751 Ἀρα
946 4682 1054 4751 γὰρ
1086 4682 1178 4733 καὶ
1219 4683 1321 4751 τὴν
1372 4681 1613 4750 Μαρίαν,
1651 4683 1859 4753 ᾶνθρω-
1895 4658 1935 4712 D

280 4791 386 4825 πον
427 4772 631 4824 εἴποιτε
665 4766 826 4830 εἶναι,
862 4772 895 4842 ἢ
953 4773 1056 4823 οὐκ
1107 4770 1433 4842 ἄνθρωπονς
1483 4771 1624 4825 Ἀλλ’
1652 4774 1701 4824 εἰ
1761 4772 1861 4842 μὲν

276 4868 380 4919 οὐκ
438 4864 746 4933 ἄνθρωπον,
783 4862 973 4915 εἴπατε
1019 4861 1071 4915 τί
1125 4863 1225 4931 τὴν
1260 4863 1451 4915 οὐσίαν
1486 4864 1723 4934 ὑπάρχει
1761 4881 1773 4892 ·
1813 4867 1861 4918 εί

278 4955 336 5010 δὲ
380 4956 687 5026 ἄνθρωπον,
713 4954 806 5006 καὶ
841 4953 955 5016 πῶς
994 4953 1084 5005 τον
1115 4953 1350 5006 καθόλου
1400 4954 1686 5025 ἄνθρωπον
1716 4954 1859 5025 αῦτη

280 5048 602 5117 γεγέννηκε,
634 5045 834 5108 πολλάς
898 5045 997 5115 μὲν
1050 5043 1357 5117 ἀνθρώπων
1423 5047 1617 5114 γενεὰς
1664 5046 1862 5117 ἔχοντα

279 5140 390 5207 πρὸ
440 5136 633 5205 αὐτῆς,
667 5135 868 5198 πολλὰς
925 5135 981 5189 δὲ
1039 5137 1133 5189 καὶ
1182 5138 1302 5204 μετ’
1330 5137 1503 5206 αὐτήν
1530 5137 1608 5208 ;ῆ
1659 5139 1775 5201 πῶς
1802 5137 1863 5190 τὸ

280 5230 536 5289 καθόλου,
564 5231 618 5281 τί
645 5227 753 5280 τῶν
784 5227 1017 5281 καθόλου
1048 5233 1359 5299 γεννήσειεν
1388 5246 1403 5291 ;
1454 5230 1616 5283 Ἀλλά
1641 5230 1718 5301 μὴ
1752 5230 1861 5284 οὐδ’

280 5323 452 5392 ἄνδρα
479 5320 713 5375 δύνασθε
739 5321 836 5390 τὴν
866 5321 1161 5390 σύμπασαν
1191 5321 1354 5389 φύσιν
1383 5324 1672 5393 ὀνομάζειν
1700 5340 1713 5353 ·
1739 5322 1863 5375 ἐπεὶ

284 5415 423 5487 μηδὲ
454 5415 710 5482 γυναῖκα·
737 5413 799 5465 τὸ
827 5410 1141 5480 ἄνθρωπος
1188 5416 1296 5485 γὰρ
1326 5416 1503 5468 κοινδν
1527 5415 1734 5468 τούτων
1767 5415 1863 5467 κά-

285 5507 502 5571 κείνων,
538 5505 600 5559 τὸ
633 5503 788 5573 ἀνὴρ
815 5506 871 5557 δὲ
905 5507 999 5559 καὶ
1024 5505 1086 5559 τὸ
1118 5507 1370 5574 γύναιον
1396 5505 1710 5579 διακριτικὰ
1736 5506 1864 5559 καθ·

286 5597 483 5663 ἔστηκε
514 5596 614 5664 τῆς
637 5597 696 5649 ἐν
723 5600 789 5665 τῇ
816 5598 968 5666 κοινῇ
1001 5594 1160 5664 φύσει
1194 5596 1483 5669 διαφορᾶς.

358 5687 483 5750 Πῶς
509 5687 566 5739 δὲ
606 5688 700 5739 καὶ
747 5687 807 5739 τὸ
854 5685 983 5739 ἄλλο
1009 5687 1069 5738 οὐ
1103 5688 1293 5755 σαφὲς,
1323 5688 1405 5741 ὅτι
1435 5688 1624 5756 ὥσπερ
1656 5685 1733 5753 εἷς
1757 5688 1865 5742 τῶν

356 5802 427 5833 ⁸-⁸
461 5799 583 5857 Act.
643 5815 771 5861 xvn,
800 5798 890 5862 50,
925 5798 1013 5853 3i.

292 5888 447 5937 svnt,
474 5871 559 5926 t5.
636 5871 653 5900 ⁷
696 5869 834 5923 Psal.
864 5884 969 5933 CIX,
1002 5869 1055 5922 4.

652 5967 921 6027 Persen.
969 5966 1085 6027 Gtt.
1137 5968 1463 6035 LXXXVI.

1093 5804 1112 5832 ²
1148 5801 1169 5855 I
1205 5800 1333 5857 Cor.
1377 5819 1464 5868 xv,
1499 5806 1588 5874 2|,
1634 5807 1724 5860 Ἠ.

1840 5806 1859 5836 ³
1896 5805 1914 5860 l
1946 5806 2088 5860 Tim.
2122 5823 2176 5873 ιι,
2220 5807 2273 5860 5.

1957 3414 2156 3483 plenus
2182 3414 2487 3484 sapientite,
2515 3422 2570 3468 et
2600 3414 2772 3483 gratia
2814 3411 2908 3466 Dei
2945 3420 3064 3467 erat
3101 3412 3157 3466 in
3186 3412 3281 3467 illo
3309 3415 3363 3478 ';
3400 3433 3417 3464 ι
3449 3423 3539 3467 et:

1964 3525 1982 3556 ι
2024 3506 2358 3576 Prophetam
2387 3505 2547 3560 vobis
2597 3504 2900 3560 suscitabit
2960 3505 3229 3560 Dominus
3269 3506 3416 3561 Deus
3445 3522 3543 3560 no.

1958 3608 2073 3654 ster
2111 3615 2141 3654 e
2172 3599 2442 3654 fratribus
2471 3597 2675 3653 vestris
2720 3606 2983 3667 tanquam
3007 3613 3095 3652 me
3121 3597 3179 3662 ’ς
3214 3616 3232 3647 ι
3274 3605 3367 3652 et:
3416 3617 3435 3647 ι
3461 3598 3541 3652 Tu

1957 3707 2018 3745 es
2043 3692 2306 3746 sacerdos
2343 3691 2397 3745 in
2428 3698 2700 3746 aeternum
2759 3689 3066 3745 secundum
3109 3688 3365 3745 ordinem
3416 3689 3544 3745 Mel-

1958 3783 2257 3838 chisedech
2289 3784 2308 3813 ⁷
2339 3823 2351 3835 .
2378 3801 2395 3832 ι
2444 3781 2587 3836 Num
2630 3781 2801 3852 igitur
2849 3781 3034 3835 omnia
3099 3779 3217 3835 haec
3242 3788 3297 3834 et
3342 3780 3543 3834 similia

1958 3889 2079 3944 qua:
2104 3874 2394 3928 innumera
2443 3880 2596 3933 sunt,
2630 3887 2726 3940 per
2775 3872 3021 3926 divinam
3069 3871 3414 3941 Scripturam
3452 3886 3547 3939 po-

1960 3965 2148 4019 tuistis
2182 3979 2434 4019 asserere
2465 3964 2535 4018 de
2579 3964 2806 4018 homine
2848 3979 3073 4033 quoque
3100 3963 3417 4033 singulatim
3459 3963 3540 4016 di-

1958 4069 2047 4111 cta
2077 4056 2246 4111 esse?
2276 4056 2342 4110 Et
2366 4055 2649 4126 quomodo
2674 4055 2937 4126 possibile
2989 4064 3075 4111 cst
3115 4056 3302 4112 dicere
3354 4071 3548 4110 omnes

1962 4149 2218 4203 homines
2245 4164 2276 4201 c
2311 4148 2524 4202 semine
2558 4148 2837 4203 Abraham
2882 4149 3045 4204 esse?
3088 4164 3269 4219 neque
3295 4164 3364 4203 ex
3423 4150 3549 4203 nni-

1960 4238 2157 4292 versali
2216 4238 2447 4301 semine,
2482 4237 2578 4292 sed
2628 4254 2696 4292 ex
2741 4238 2889 4293 tribu
2919 4236 3062 4292 Iuda
3085 4278 3101 4301 ,
3137 4253 3321 4308 neque
3356 4254 3423 4293 ex
3455 4239 3547 4293 illa

1963 4337 2097 4391 tota,
2130 4327 2224 4382 sed
2252 4343 2282 4382 e
2307 4328 2475 4381 domo
2498 4327 2693 4391 David,
2739 4343 2923 4397 neque
2959 4344 3025 4382 ex
3054 4328 3143 4384 illa
3180 4336 3314 4391 tota,
3351 4329 3446 4383 sed
3479 4344 3547 4382 ex

1966 4420 2131 4473 Maria
2174 4419 2430 4489 Virgine?
2482 4420 2623 4474 Num
2690 4419 2833 4474 forte
2885 4420 3148 4475 diceretis
3200 4420 3464 4492 Caipham
3517 4440 3550 4478 e

1965 4508 2133 4563 Maria
2160 4508 2385 4578 Virgine
2416 4517 2607 4563 natum
2648 4510 2811 4564 esse?
2840 4509 2973 4564 Nam
3008 4509 3100 4565 ille
3128 4519 3215 4565 est
3269 4528 3413 4565 unus
3446 4513 3549 4567 lio-

1967 4598 2179 4652 minutn
2210 4598 2527 4668 singulatim
2560 4608 2935 4669 sumptorum.
2988 4600 3131 4654 Num
3185 4601 3413 4656 Mariam
3452 4603 3550 4658 hos
3622 4639 3630 4650 ι

1966 4691 2170 4746 minem
2206 4691 2471 4745 diceretis
2508 4705 2651 4753 esse,
2684 4698 2781 4745 aut
2822 4706 2931 4745 non
2990 4691 3384 4747 hominem?$i
3417 4711 3561 4757 vero

1966 4801 2075 4839 non
2107 4784 2411 4847 hominem,
2438 4783 2605 4838 dicite
2623 4799 2729 4853 qua
2765 4784 3010 4839 essentia
3033 4783 3295 4847 exsistat;
3328 4785 3413 4840 sin
3445 4801 3549 4839 au-

1967 4885 2076 4931 tem
2103 4875 2386 4933 hominem
2410 4874 2620 4937 dicitis,
2648 4876 2930 4945 quomodo
2956 4874 3237 4930 hominem
3257 4876 3312 4930 in
3344 4891 3549 4949 genere

1967 4968 2057 5021 illa
2098 4965 2349 5036 peperit,
2420 4966 2680 5035 plurimis
2736 4967 3028 5022 hominum
3086 4954 3552 5037 generationibus

1970 5066 2097 5111 ante
2125 5055 2272 5110 illam
2307 5056 2732 5119 cxsistentibus,
2791 5046 3164 5127 plurimisque
3219 5050 3343 5128 post
3401 5058 3548 5113 illam

1968 5147 2293 5202 exstituris?
2329 5147 2439 5201 Aut
2480 5146 2760 5216 quomodo
2797 5146 2947 5216 quod
2982 5155 3069 5202 est
3114 5146 3169 5202 in
3201 5161 3429 5217 genere,
3453 5148 3523 5202 ali
3552 5184 3557 5191 .

1970 5240 2103 5310 quid
2138 5255 2329 5295 eorum
2360 5255 2485 5309 qua:
2515 5248 2646 5293 sunt
2694 5239 2753 5305 in
2781 5254 2985 5311 genere
3017 5254 3212 5309 parere
3267 5241 3557 5310 potuerit‘.r

1971 5330 2077 5386 Sed
2106 5346 2215 5385 non
2243 5331 2424 5385 virum
2457 5331 2694 5402 potestis
2722 5328 3012 5386 nominare
3047 5330 3420 5386 universalem
3453 5347 3545 5387 na-

1974 5433 2174 5487 turam,
2198 5439 2323 5479 cum
2377 5439 2559 5494 neque
2592 5422 2918 5486 mulierem;
2960 5423 3123 5478 homo
3158 5422 3318 5491 enim
3362 5422 3473 5477 illis
3497 5432 3553 5477 et

1974 5513 2060 5567 his
2093 5527 2387 5567 commune
2422 5511 2703 5582 quoddam
2754 5519 2861 5576 est,
2906 5514 2988 5565 vir
3032 5520 3219 5567 autem
3260 5521 3319 5567 et
3361 5511 3553 5565 mulier

1972 5601 2358 5656 distinctiones
2404 5609 2537 5656 sunt
2576 5601 2984 5657 diﬂ‘erentizein
3010 5602 3293 5659 communi
3330 5609 3551 5660 natura.

2048 5692 2338 5759 Quomodo
2396 5703 2582 5748 autem
2644 5694 2750 5749 hoc
2800 5693 2950 5748 aliud
2984 5708 3109 5748 .non
3169 5694 3552 5764 perspicuum,

2380 5806 2399 5836 ⁸
2438 5806 2574 5862 Luc.
2607 5823 2665 5871 ιι,
2695 5806 2782 5863 59..
2898 5809 2919 5839 '
2949 5806 3082 5861 ibid.
3137 5807 3236 5862 Ml.
3350 5806 3552 5869 'Deut.

3193 5974 3271 6035 £9
