4214 6450
696 395 715 457 i
731 395 827 458 567

1946 394 2271 457 LEONTII
2314 395 2725 457 BYZANTINI

3840 397 3981 461 1548

691 502 866 575 quod,
897 501 1043 558 sicut
1079 518 1223 556 unus
1245 501 1499 557 omnium
1526 512 1584 558 et
1638 500 1975 573 principium
2030 502 2278 558 mortalis

2393 507 2607 559 πάντων
2658 507 2752 559 καὶ
2806 506 3025 576 πρῶτος
3077 508 3175 579 τῆς
3231 508 3435 580 θνητῆς
3495 508 3889 573 καταστάσεως
3950 510 3981 561 ὸ

694 597 1062 653 institutionis
1101 595 1210 651 fuit
1241 595 1440 661 Adam,
1470 610 1574 666 per
1613 611 1779 667 quem
1827 610 2021 651 omnes
2070 595 2280 650 similes

693 690 824 747 iacti
855 704 1050 747 sumus
1097 689 1366 745 mortales
1428 688 1738 745 secundum
1782 668 2062 753 naturam,
2096 689 2178 744 sic
2223 695 2281 741 et

689 783 947 839 Christus
996 783 1307 838 secundum
1340 796 1563 836 carnem
1612 797 1759 835 unus
1781 788 1869 836 est
1907 782 2181 845 omnium,
2224 789 2281 834 et

691 873 1033 944 principium
1057 873 1326 927 transitus
1347 871 1417 926 ad
1453 871 1947 939 immortalitatem,
1976 887 2078 942 per
2114 887 2278 941 quem

692 982 908 1033 omnes,
941 976 1001 1022 ut
1030 966 1170 1037 ipse,
1190 964 1319 1020 vita:
1342 964 1670 1019 immortalis
1691 965 2096 1035 possessionem
2132 963 2278 1017 obti-

691 1059 930 1115 nemus?
957 1057 1181 1128 etquod
1204 1073 1353 1112 unus
1369 1057 1537 1111 homo
1559 1056 1848 1111 hominum
1867 1066 1923 1110 et
1947 1055 2043 1110 Dei
2075 1056 2280 1111 media-

692 1152 815 1207 tor?
844 1151 1136 1218 Quomodo
1194 1153 1344 1207 enim
1386 1163 1583 1204 omnes
1634 1149 1742 1204 sibi
1786 1150 2126 1204 mediatores
2155 1163 2279 1203 esse

690 1245 953 1318 possent?
977 1243 1070 1300 Vel
1105 1243 1386 1315 quomodo
1411 1258 1608 1298 omnes
1631 1242 1779 1314 apud
1806 1259 1864 1299 se
1892 1242 2067 1313 gratia
2098 1251 2155 1297 ct
2191 1258 2279 1296 sa-

692 1338 902 1408 pientia
930 1336 1302 1408 proﬁcerent?
1332 1336 1487 1390 Multi
1509 1335 1659 1391 enim
1677 1337 1915 1407 juvenes
1939 1336 2277 1398 moriuntur,

693 1430 762 1484 ad
801 1430 1098 1500 perfectam
1129 1434 1347 1482 aetatem
1372 1444 1482 1482 non
1519 1426 1916 1498 proﬁcientes;
1947 1435 2004 1481 et
2033 1426 2130 1485 alii
2155 1442 2282 1480 rur-

692 1541 789 1580 sus
815 1521 1040 1593 plurimi
1073 1522 1129 1577 in
1159 1520 1342 1576 medio
1371 1520 1665 1576 dementia:
1693 1530 1749 1574 et
1805 1520 2114 1590 impietatis
2154 1535 2281 1573 ver-

693 1625 907 1679 santur,
941 1630 1053 1669 non
1091 1622 1280 1669 autem
1316 1614 1603 1683 sapientiae
1631 1620 1689 1666 et
1711 1614 1904 1683 gratia!
1927 1611 2024 1666 Dei
2050 1611 2108 1665 in
2136 1611 2277 1665 istis.

689 1706 1091 1761 Verumtamen
1158 1719 1338 1774 neque
1392 1718 1589 1759 omnes
1639 1702 1925 1773 propheta:
1971 1702 2279 1757 secundum

691 1798 939 1869 Moysen,
967 1813 1149 1868 neque
1171 1795 1489 1852 sacerdotes
1501 1794 1807 1850 secundum
1833 1792 2238 1848 Melchisedech
2262 1808 2277 1856 ;

2396 598 2569 667 Ἀδὰμ
2618 598 2686 651 δι’
2719 592 2780 651 οὗ
2850 601 3053 664 πάντες
3092 602 3271 672 ὅμοιοι
3292 603 3603 673 γεγόναμεν
3646 601 3839 670 θνητοὶ
3870 617 3975 652 κα-

2381 689 2450 743 τὰ
2498 691 2681 761 φύσιν,
2718 692 2865 745 οὑτω
2917 694 3011 746 καὶ
3035 695 3063 747 ὁ
3113 694 3350 765 Χριστὸς
3380 694 3441 749 τὸ
3491 696 3637 749 κατά
3673 695 3861 766 σάρκα
3894 686 3977 755 εἷς

2381 786 2500 839 ὲστι
2561 785 2670 840 τῶν
2732 786 2970 842 πάντων.
3005 792 3101 841 καὶ
3135 788 3378 858 ἀρχηγὸς
3436 789 3537 857 τῆς
3592 790 3649 842 ὲν
3698 787 3977 858 ἀθανασίᾳ

2381 877 2661 948 διαγωγῆς
2686 919 2700 942 ,
2734 872 2889 936 δι’,οὑ
2926 881 3128 944 πάντες
3182 883 3305 932 κατ’
3332 881 3517 943 αὑτὸν,
3549 881 3650 947 τῆς
3697 880 3977 933 ἀθανάτου

2382 967 2531 1041 ζωῆς
2592 972 2649 1024 ὲν
2703 971 2922 1039 καθέξει
2979 974 3251 1044 γινόμεθα
3283 994 3297 1039 ;
3324 977 3417 1028 καὶ
3462 977 3545 1028 ὅτι
3575 969 3654 1038 εἷς
3684 974 3981 1038 ἄνθρωπος

2382 1063 2693 1131 ἀνθρώπων
2750 1067 2844 1118 καὶ
2892 1065 3031 1118 Θεοῦ
3092 1067 3325 1135 μεσίτης
3361 1085 3374 1130 ;
3407 1068 3532 1130 Πῶς
3561 1069 3671 1137 γὰρ
3694 1068 3742 1119 οἱ
3770 1067 3982 1129 πάντες

2382 1152 2595 1215 ἑαυτοῖς
2653 1154 3078 1221 μεσιτεύουσινς
3118 1157 3150 1225 ἢ
3185 1157 3304 1220 πῶς
3343 1161 3543 1220 πάντες
3598 1160 3727 1219 παρ’
3754 1160 3982 1221 ἑαυτοῖς

2383 1240 2572 1311 χάριτι
2621 1244 2715 1295 καὶ
2775 1246 2940 1316 σοφίᾳ
2985 1245 3372 1314 προκόψαιενς
3407 1246 3473 1301 Οἱ
3506 1246 3696 1298 πολλοὶ
3740 1245 3853 1313 γὰρ
3884 1246 3983 1297 καὶ

2380 1334 2551 1403 ἄωροι
2608 1336 2905 1406 κοιμῶνται
2933 1377 2950 1400 ,
2983 1339 3076 1391 ἐπὶ
3109 1340 3208 1408 τὴν
3232 1337 3446 1392 τελείαν
3475 1338 3694 1409 ἡλικίαν
3728 1338 3808 1407 μὴ
3847 1354 3983 1405 προ-

2383 1429 2713 1491 κόπτοντες·
2743 1430 2837 1483 καὶ
2872 1429 3026 1483 ἄλλοι
3086 1430 3250 1485 πάλιν
3302 1431 3545 1484 πλεῖστοι
3599 1432 3791 1490 ἀνοίας
3840 1429 3982 1482 εἰσὶν

2383 1521 2686 1590 ἁνάμεστοι
2718 1523 2815 1574 καί
2839 1522 3121 1583 ἀσεϐείας,
3163 1525 3287 1593 οὑχὶ
3309 1525 3367 1577 δὲ
3397 1526 3592 1594 σοφίας
3627 1526 3724 1577 καὶ
3753 1524 3979 1593 χάριτος

2381 1613 2517 1666 Θεοῦ
2551 1612 2650 1680 τῆς
2671 1613 2757 1665 ἐπ’
2787 1613 3004 1677 αὑτούς.
3049 1614 3214 1669 Ἀλλὰ
3242 1616 3349 1685 μὴν
3376 1618 3496 1670 οὑδὲ
3529 1618 3813 1687 προᾳῆται
3844 1618 3983 1669 πάνυ

2382 1719 2473 1764 τες
2517 1704 2659 1755 κατά
2711 1704 2972 1766 Μωῦσέα,
3009 1704 3129 1756 οὑδὲ
3195 1708 3362 1776 ἱερεῖς
3410 1709 3550 1759 κατά
3584 1706 3932 1774 Μελχισεδέκ
3961 1721 3975 1734 ·

2383 1795 2510 1847 ἐπεὶ
2533 1793 2654 1866 ὥρα
2686 1796 2832 1863 ὑμᾶς
2861 1795 2962 1866 τὴν
2998 1797 3304 1868 ἱερωσύνην
3335 1799 3444 1850 τῶν
3479 1798 3855 1852 εἰδωλοθύτων
3888 1798 3980 1851 καὶ

692 1907 820 1945 eum
865 1905 1094 1945 necesse
1124 1889 1281 1943 vobis
1330 1888 1402 1942 sit
1449 1887 1819 1942 sacerdotium
1854 1885 2022 1941 idolis
2066 1883 2281 1939 sacriﬁ-

2393 1888 2481 1950 τὰς
2528 1888 2787 1955 μαντείας
2816 1889 2916 1950 τὰς
2969 1891 3122 1960 παρὰ
3159 1894 3273 1952 τοῖς
3324 1892 3587 1961 Ἕλλησι,
3638 1891 3984 1962 προφητείας

691 1984 941 2039 cautium
973 1993 1030 2037 et
1059 1981 1285 2038 oracula
1322 1981 1665 2045 Graecorum,
1700 1979 2055 2051 ,prophetias
2094 1977 2281 2049 appel-

691 2072 806 2126 lare
839 2069 1110 2125 Mosaicas
1157 2078 1214 2124 et
1248 2068 1561 2125 sacerdotia
1600 2070 1954 2136 Christiana;
2006 2069 2155 2140 quod
2198 2077 2284 2124 est

692 2164 948 2234 impium.
985 2162 1096 2218 Sed
1133 2163 1270 2234 quid
1314 2178 1500 2219 meum
1528 2162 1598 2220 de
1647 2164 1751 2219 hac
1791 2179 1852 2219 re
1884 2163 2283 2232 producoser-

691 2257 949 2312 nionem?
1005 2272 1118 2311 non
1168 2256 1318 2311 enim
1361 2256 1510 2311 istud
1557 2257 1819 2312 omnibus
1876 2256 1985 2311 illis
2034 2255 2280 2310 videtur.

692 2349 847 2405 Unus
899 2349 1049 2406 en‘im
1098 2364 1169 2403 ex
1214 2347 1611 2404 defensoribus
1655 2348 1817 2407 istius
1848 2348 2125 2420 dogmatis
2153 2363 2281 2403 cum

691 2444 1070 2513 interrogatus
1100 2440 1296 2497 fuisset
1319 2457 1351 2495 a
1392 2441 1635 2512 quodam
1692 2441 2142 2499 ratiocinationis
2169 2457 2283 2497 non

690 2533 973 2603 imperito,
1015 2548 1268 2605 quamam
1296 2541 1483 2588 essent
1542 2533 1683 2598 illae,
1732 2549 1872 2605 quas
1931 2534 2150 2600 dicunt,
2180 2548 2284 2587 na-

692 2635 858 2691 turae,
880 2624 1072 2680 totales
1090 2640 1159 2679 an
1186 2625 1467 2695 partiales,
1496 2626 1781 2696 respondit
1804 2627 1904 2682 bas
1925 2637 1983 2681 et
2010 2626 2132 2680 illas
2162 2641 2284 2680 esse

692 2731 892 2786 posse;
922 2715 1030 2770 alia
1061 2725 1244 2771 tamen
1275 2724 1333 2770 et
1364 2715 1472 2771 alia
1502 2716 1740 2771 ratione.
1774 2716 1834 2772 Si
1876 2715 2050 2779 enim,
2080 2716 2283 2787 inquit,

691 2808 748 2862 in
776 2823 836 2862 se
872 2808 1172 2862 habuerint
1209 2807 1484 2863 rationem
1517 2807 1833 2863 communis
1871 2808 2148 2871 essentia,
2198 2807 2299 2894 (11-ο

693 2909 963 2955 uerentur
1008 2915 1376 2967 communes;
1441 2917 1571 2956 eum
1606 2900 1750 2956 ratio
1790 2900 2037 2956 hominis
2092 2899 2148 2955 in
2194 2915 2288 2970 ge-

693 3005 827 3045 nere
859 2991 931 3044 sit
970 2989 1175 3044 animal
1204 2990 1477 3045 rationale
1511 2992 1764 3055 mortale,
1797 3001 1856 3046 et
1879 2991 2023 3047 hanc
2053 2991 2286 3046 eviden-

694 3093 779 3138 ter
811 3082 1005 3141 habuit
1030 3082 1179 3153 quod
1205 3098 1235 3139 e
1260 3083 1422 3138 nobis
1447 3083 1573 3138 fuit.
1622 3082 1891 3138 Similiter
1918 3094 2105 3139 autem
2136 3085 2289 3140 dice-

694 3190 903 3239 remus,
928 3176 1130 3245 inquit,
1165 3175 1234 3230 de
1257 3176 1378 3244 Deo
1402 3174 1608 3230 Verbo.
1646 3165 1807 3242 Quod
1866 3185 2054 3231 autem
2084 3192 2196 3231 non
2224 3191 2285 3232 se

696 3268 1074 3321 iuearnaverit
1098 3268 1283 3322 omnis
1306 3276 1500 3323 sancta
1537 3267 1723 3329 Trias.
1764 3284 1875 3324 non
1925 3269 2299 3324 certe‘omni-'

696 3361 802 3413 lzus
839 3349 943 3415 sub
967 3360 1208 3414 humana
1241 3366 1443 3414 natura
1468 3358 1786 3431 iacentibus
1824 3360 2067 3425 cutibus,
2113 3360 2288 3430 parti-

696 3451 918 3505 culares
964 3459 1153 3505 essent
1182 3460 1397 3505 natura:
1427 3458 1483 3505 et
1521 3465 1632 3504 non
1666 3464 2011 3505 communes.
2041 3450 2290 3507 Audiens

697 3546 766 3599 ab
801 3544 1205 3615 interrogatore
1255 3542 1390 3615 quid
1438 3554 1631 3599 essent
1654 3553 1868 3598 natura:
1900 3544 2289 3613 particulares,

698 3655 768 3692 an
800 3636 1184 3701 subsistentia,
1213 3636 1503 3706 respondit
1530 3651 1631 3706 per
1686 3634 1835 3690 istud
1867 3635 2108 3691 Nestorii
2157 3652 2289 3707 pro-

699 3732 962 3801 positum.
997 3739 1053 3784 et
1092 3729 1313 3783 induxit
1344 3728 1411 3784 ad
1457 3728 1580 3784 illos
1632 3728 1984 3783 excusandus
2023 3729 2292 3785 evertisse

699 3822 1068 3877 domesticum
1110 3821 1329 3892 dogma.

776 3914 895 3968 Non
934 3913 1189 3983 pluribus
1211 3928 1351 3983 opus
1382 3922 1469 3969 est
1503 3914 2000 3985 propositionibus,
2036 3931 2141 3971 nec
2181 3914 2294 3971 dis-

701 4006 1067 4061 tinctionibus
1096 4046 1111 4070 ,
1168 4020 1271 4060 nec
1304 4005 1901 4074 argumentationibus,
1928 4022 2035 4061 nec
2065 4005 2295 4061 concio-

704 4101 901 4173 rillus;
951 4097 1280 4154 conceditur
1335 4099 1485 4152 enim
1542 4092 1702 4154 vobis
1752 4098 2117 4168 particulares
2172 4112 2294 4151 esse

704 4194 845 4249 duas
869 4209 1008 4264 quas
1036 4191 1223 4247 dicitis
1265 4201 1531 4257 naturas;
1566 4190 1675 4246 etsi
1721 4206 1888 4262 quam
1934 4191 2174 4246 maxime
2202 4191 2295 4244 ni-

704 4285 782 4340 hil
813 4285 994 4339 Simile
1013 4298 1116 4338 nos
1149 4282 1217 4338 de
1248 4282 1434 4338 divina
1482 4282 1721 4338 dicimus
1766 4290 1965 4337 natura
2005 4300 2017 4337 ε
2059 4282 2156 4337 sed
2187 4282 2295 4337 sci—

704 4393 830 4431 inus
863 4377 1012 4430 illam
1042 4372 1300 4430 similiter
1337 4388 1691 4431 communem
1751 4387 1898 4436 esse,
1929 4380 1986 4427 et
2040 4372 2096 4427 in
2120 4371 2297 4442 parti-

705 4470 884 4524 calari
918 4467 1283 4523 subsistentia
1330 4466 1499 4523 Verbi
1539 4466 1958 4538 particulariter
2010 4465 2297 4521 incuruata

2385 1980 2676 2049 ὀνομάζειν
2730 1979 3031 2044 Μωσαῖκάς
3079 1984 3174 2036 καὶ
3218 1984 3521 2055 ἱερωσύνας
3556 1984 3981 2052 Χριστιανικὲις,

2384 2073 2525 2144 ὅπερ
2580 2073 2795 2135 ἀσεϐές.
2835 2073 2998 2127 Ἀλλὰ
3047 2073 3098 2127 τί
3154 2092 3259 2145 μου
3321 2078 3449 2146 περὶ
3479 2075 3690 2129 τούτων
3755 2076 3986 2128 ὲκτείνω

2383 2165 2513 2226 τοὺς
2562 2165 2791 2233 λόγους;
2826 2166 2948 2219 οὑδὲ
3011 2166 3120 2237 γὰρ
3171 2169 3340 2220 πᾶσιν
3390 2170 3579 2231 αὑτοῖς
3614 2167 3778 2221 τοῦτο
3812 2168 3979 2223 δοκεῖ.

2387 2249 2483 2320 Εἷς
2512 2257 2627 2327 γὰρ
2654 2257 2767 2310 τῶν
2814 2259 3240 2328 προεστηκότων
3297 2259 3520 2312 τουτουῒ
3568 2259 3664 2311 τοῦ
3705 2258 3985 2328 δόγματος

2385 2346 2685 2417 ἐρωτηθεὶς
2739 2347 2844 2400 ὑπό
2889 2364 3036 2410 τινος
3063 2348 3165 2400 οὑκ
3192 2348 3427 2417 ἀπείρου
3460 2348 3569 2400 τῶν
3594 2347 3796 2415 λόγων,
3837 2348 3986 2411 τίνες

2384 2437 2451 2491 ἂν
2475 2438 2669 2508 εἴησαν
2696 2439 2752 2492 αί
2784 2438 2917 2510 παρ’
2945 2438 3126 2492 αὐτῶν
3155 2440 3447 2509 λεγόμεναι
3479 2439 3696 2510 φύσεις,
3732 2439 3923 2493 sunt
3954 2440 3987 2511 ἢ

2386 2530 2638 2601 μερικαὶ,
2666 2531 3005 2600 ἀπεκρίνατο
3036 2530 3135 2599 μὲν
3164 2530 3427 2584 δύνασθαι
3454 2532 3552 2587 καὶ
3596 2533 3809 2593 ταύτας
3844 2528 3988 2585 εἶναι

2386 2624 2673 2689 κάκείνας,
2713 2625 2888 2695 ἑτέρῳ
2949 2624 3133 2695 μέντοι
3192 2628 3288 2680 καὶ
3330 2626 3505 2698 ἑτέρῳ
3543 2626 3709 2695 λόγῳ.
3736 2626 3832 2696 Τῷ
3852 2627 3986 2696 γαρ,

2386 2717 2575 2785 φησὶν,
2605 2716 2753 2787 ἔχειν
2787 2718 2844 2770 ἐν
2867 2718 3089 2780 ἑαυταῖς
3111 2717 3204 2770 τον
3232 2717 3393 2786 λόγον
3420 2718 3519 2787 τῆς
3549 2718 3741 2786 κοινῆς
3769 2718 3987 2780 οὐσίας,

2385 2808 2711 2879 λεχθείησαν
2731 2810 2799 2864 ἂν
2822 2811 3034 2864 κοιναί·
3058 2810 3182 2864 ἐπεὶ
3202 2810 3342 2876 ζῶον
3364 2811 3584 2879 λογικὸν
3613 2810 3816 2881 θνητὸν
3842 2812 3872 2863 ό
3892 2809 3988 2862 τοῦ

2386 2900 2618 2954 καθόλου
2669 2900 2962 2972 ἀνθρώπου
3025 2902 3217 2970 λόγος’
3253 2902 3446 2957 τοῦτον
3478 2904 3534 2957 δὲ
3573 2898 3689 2974 εἶχε
3739 2903 3993 2974 δηλονότι

2388 2993 2485 3047 καὶ
2517 2993 2579 3046 τὸ
2623 2993 2683 3061 ἐξ
2728 2994 2909 3064 ἡμῶν.
2960 2995 3196 3064 Ὁμοίως
3224 2997 3270 3048 δ’
3300 2997 3366 3050 ἂν
3395 2996 3651 3068 εἴποιμεν
3701 2998 3800 3049 καί
3862 2999 3994 3070 περὶ

2385 3083 2481 3137 τοῦ
2505 3082 2642 3137 Θεοῦ
2676 3085 2879 3151 Λόγου,
2908 3085 3062 3155 φησί.
3096 3085 3186 3155 Τῷ
3216 3086 3270 3138 δὲ
3308 3086 3383 3155 μὴ
3416 3088 3601 3139 πᾶσαν
3625 3086 3994 3155 ἑνηνθρωπη-

2390 3174 2542 3228 κέναι
2573 3173 2672 3246 τὴν
2701 3176 2865 3243 ἁγίαν
2892 3175 3121 3247 Τριὰδα,
3157 3178 3295 3248 μήτε
3322 3178 3429 3247 μὴν
3458 3178 3595 3230 πᾶσι
3618 3179 3732 3239 τοῖς
3758 3176 3869 3228 ὑπο
3894 3176 3994 3243 τὴν

2391 3268 2741 3341 ἀνθρωπείαν
2774 3268 2937 3336 φύσιν
2967 3268 3216 3338 ἀτόμοις,
3250 3268 3416 3321 ἱδικαὶ
3447 3268 3513 3322 ἂν
3546 3270 3742 3337 εἴησαν
3778 3269 3881 3321 καὶ
3934 3270 3995 3320 οὑ

2392 3364 2591 3420 κοιναί.
2637 3364 2903 3426 Ἀκούσας
2946 3363 2998 3416 δὲ
3034 3364 3186 3433 παρὰ
3216 3361 3313 3415 τοῦ
3363 3361 3673 3430 πυθομένου
3708 3362 3805 3414 καὶ
3840 3361 3896 3413 τί
3931 3362 3997 3414 ἂν

2393 3456 2588 3526 εἴησαν
2618 3455 2786 3509 ξδικοτ.“ι⁵
2822 3457 3033 3525 φύσεις,
3068 3456 3101 3526 ἦ
3135 3456 3456 3520 ὑπόστασις,
3488 3453 3645 3521 ἔλεγε
3681 3452 3855 3505 τοῦτο
3888 3454 3998 3505 Ns-

2396 3549 2613 3619 στορίου
2638 3549 2961 3618 πρόϐλημα,
2998 3550 3093 3600 καὶ
3128 3549 3364 3619 ἧρκεσεν
3383 3544 3450 3600 ἂν
3483 3546 3666 3600 αὐτῶν
3697 3545 3841 3615 πρὸς
3863 3545 4001 3597 dm-

2392 3639 2603 3709 λογίαν,
2638 3639 2733 3693 τοῦ
2773 3638 3184 3711 ἀνατετράφθαι
3221 3639 3284 3692 τὸ
3320 3640 3522 3692 οἰκεῖον
3551 3637 3753 3707 δόγμα.

2471 3906 2546 3959 Οὑ
2571 3906 2835 3960 πλειόνων
2864 3906 3023 3977 χρεία
3050 3904 3357 3978 λημμάτων
3404 3908 3500 3959 καὶ
3545 3905 3881 3974 διαιρέσεων
3909 3908 4005 3959 καὶ

2398 3999 2760 4053 κατασκευῶν
2814 4000 2911 4052 καὶ
2940 3998 3190 4068 ὁμιλιῶν.
3220 3999 3469 4052 Δεδόσθω
3508 4000 3621 4069 γὰρ
3658 4000 3790 4069 ὑμῖν
3826 3998 4006 4062 ίδικὰς

2399 4085 2539 4142 εἶναι
2570 4088 2669 4151 τὰς
2699 4087 2796 4141 δύο
2833 4088 3136 4159 λεγομένας
3164 4088 3353 4151 οὑσίας
3376 4106 3391 4119 ·
3422 4090 3472 4140 εἰ
3502 4088 3600 4141 καὶ
3636 4089 3724 4141 ὅτι
3760 4087 4004 4157 μάλιστα

2397 4182 2553 4236 οἰδὲν
2609 4180 2850 4235 τοιοῦτον
2884 4182 3045 4252 ἡμεῖς
3065 4181 3161 4235 ἐπὶ
3196 4181 3291 4252 τῆς
3324 4180 3476 4242 θείας
3509 4181 3695 4250 φαμὲν
3727 4180 3959 4248 φύσεως
3986 4199 3999 4211 ·

2398 4273 2513 4325 ἀλλ’
2542 4272 2765 4342 οἴδαμεν
2789 4272 2959 4343 αὑτὴν
2986 4271 3190 4341 ὁμοίως
3211 4288 3270 4325 τε
3296 4271 3481 4341 κοινὴν
3503 4271 3695 4335 οὖσαν,
3719 4273 3819 4324 καὶ
3846 4275 3912 4325 ὲν
3942 4273 4006 4341 τῇ

2403 4364 2544 4435 [διχῇ
2562 4365 2859 4417 ὑποστάσει
2878 4363 2970 4416 τοῦ
2994 4363 3166 4431 Λόγου
3192 4363 3377 4426 ίδικῶς
3395 4362 3749 4434 σαρκωθείσῃ
3776 4365 4010 4431 ἐνυπάρ-

2400 4470 2537 4525 χειν.
2560 4454 2695 4524 ἰδίῳ
2713 4454 2822 4523 γὰρ
2844 4452 3199 4522 λόγῳέχουσα
3217 4451 3280 4505 τὸ
3305 4452 3635 4520 ἀδιαίρετον,
3660 4450 3741 4513 ὡς
3769 4450 4007 4521 ἀμερὴς,

706 4563 1009 4627 exsistere;
1081 4561 1304 4631 proprie
1359 4561 1509 4615 enim
1566 4559 1849 4631 loquendo
1903 4558 2290 4613 indivisionem

2403 4545 2591 4616 ἀπαθῆ
2643 4544 2903 4614 φυλάττει
2954 4545 3049 4596 καὶ
3105 4543 3496 4612 διακρινομένη
3548 4544 3649 4611 τὴν
3710 4546 4010 4610 κοινότητα

710 4654 959 4719 habens,
1040 4662 1302 4722 tanquam
1367 4652 1620 4722 partibus
1677 4666 1912 4717 carens,
1978 4649 2299 4704 inviolatam

709 4752 932 4808 servat,
990 4743 1159 4797 etiam
1220 4741 1523 4804 distincta.
1606 4741 2058 4797 communitatem
2122 4756 2299 4795 suam.

706 4837 944 4893 Aliunde
963 4834 1112 4906 quod
1138 4836 1307 4891 tantis
1341 4835 1629 4891 laboribus
1659 4844 1983 4906 congestum
2013 4843 2099 4890 est
2128 4846 2187 4889 et
2219 4835 2303 4889 in-

711 4938 987 4985 tentatum
1009 4945 1039 4983 a
1068 4927 1252 4995 vobis,
1282 4928 1416 4983 illud
1439 4938 1545 4994 est,
1589 4928 1729 4983 nihil
1755 4928 1905 4982 aliud
1948 4943 2072 4983 esse
2122 4926 2305 4982 subsi-

708 5023 943 5079 stentia:
971 5022 1078 5076 nisi
1108 5021 1476 5093 particulares
1506 5030 1767 5088 naturas;
1799 5030 1857 5077 et
1875 5031 2093 5090 oportet
2121 5029 2183 5075 ut
2208 5034 2305 5075 vos

709 5116 964 5175 dicentes
987 5111 1129 5177 duas
1151 5123 1381 5169 naturas
1404 5128 1547 5179 esse,
1572 5121 1625 5167 et
1660 5112 1761 5167 has
1784 5110 2154 5183 particulares
2170 5152 2183 5175 ,
2209 5120 2304 5165 aut

709 5207 1037 5263 alterutram
1062 5222 1255 5261 earum
1284 5205 1487 5271 solum,
1522 5213 1654 5276 puta
1690 5204 2013 5270 humanam,
2050 5202 2193 5258 duas
2224 5204 2307 5257 vi-

713 5301 954 5355 deatiset
971 5313 1094 5355 esse
1111 5298 1534 5364 subsistentias;
1559 5297 1761 5353 divina:
1780 5296 1932 5352 enim
1950 5305 2161 5366 natura:
2174 5309 2306 5350 con-

712 5393 930 5450 ceditur
949 5391 1338 5463 prazexstitisse
1369 5391 1746 5447 subsistentia.
1781 5389 1911 5453 Sed,
1947 5406 1982 5444 ο
2005 5389 2303 5460 sapientes,

714 5483 947 5538 nutltum
959 5482 1236 5545 fallimiui,
1257 5484 1330 5536 ita
1352 5482 1428 5534 rei
1450 5481 1728 5551 inquisita:
1740 5481 2008 5535 rationem
2030 5479 2185 5550 prius
2197 5493 2306 5533 non

714 5577 1153 5640 considerantes,
1199 5575 1291 5630 sed
1333 5575 1388 5629 in
1440 5574 1689 5644 quaedam
1725 5573 2093 5633 consectaria.
2129 5571 2308 5626 autin

714 5669 986 5724 rationem
1030 5668 1151 5723 sine
1187 5667 1400 5722 ratione
1431 5683 1539 5723 non
1570 5666 1636 5721 ad
1678 5665 2042 5737 qumsnouem
2080 5663 2311 5719 tenden-

716 5770 826 5817 tem
873 5760 1180 5816 deviantes.
1231 5760 1352 5815 Non
1400 5761 1573 5823 enim,
1612 5758 1875 5829 quoniam
1926 5755 2095 5811 homo
2128 5755 2309 5810 anima

714 5853 982 5925 praditus
1012 5867 1123 5907 non
1148 5854 1267 5907 sine
1296 5852 1662 5923 respiratione
1685 5854 1833 5908 aeris
1863 5858 1968 5917 est,
1997 5850 2108 5923 jam
2138 5849 2310 5921 inSpi-

2407 4640 2631 4709 ἑαυτῆς.
2670 4638 2818 4706 Πλὴν
2872 4636 2934 4689 τὸ
2996 4636 3214 4706 μυρίοις
3244 4638 3375 4704 ὑμῖν
3404 4637 3599 4696 κόποις
3629 4634 4009 4702 συναγόμενον

2407 4731 2503 4784 καὶ
2542 4728 3008 4799 σπουδαζόμενον,
3032 4726 3195 4779 τοῦτό
3246 4729 3416 4791 ἐστιν,
3448 4727 3523 4789 ὡς
3587 4725 3748 4778 οὐδὲν
3820 4727 4010 4795 ἕτερον

2406 4825 2765 4885 ὑποστάσεις,
2793 4825 2841 4875 εἰ
2874 4821 2951 4892 μὴ
2990 4822 3158 4874 ίδικα“ι
3184 4819 3374 4889 φύσεις
3402 4819 3509 4873 εἰσί
3541 4836 3555 4849 '
3583 4820 3679 4871 xui.
3700 4820 3828 4872 δέον
3862 4819 4010 4888 ἡμᾶς

2404 4914 2662 4981 λέγοντας
2698 4913 2793 4966 δύο
2817 4912 2915 4975 τὰς
2940 4910 3157 4979 φύσεις,
3190 4911 3286 4963 καὶ
3316 4909 3493 4972 ίδικάς
3517 4908 3753 4971 ταύτας,
3792 4909 3826 4977 ἦ
3854 4907 4012 4962 θατέ-

2408 5027 2512 5083 ραν
2534 5008 2714 5062 αὑτῶν
2749 5006 2940 5078 μόνην,
2976 5004 3145 5076 ἤγουν
3168 5001 3266 5073 τὴν
3299 5002 3649 5074 ἀνθρωπείαν
3671 5046 3685 5067 ,
3728 5001 3828 5055 δύο
3877 5002 4011 5055 siis-

2407 5120 2496 5157 ναι
2544 5100 2714 5164 αὑτὰς
2758 5097 2925 5161 οὑσας
2982 5100 3079 5151 καὶ
3124 5095 3460 5157 ὑποστάσεις
3492 5110 3505 5125 ·
3548 5094 3652 5164 τῆς
3689 5094 3807 5164 γὰρ
3858 5095 4011 5157 θείας

2408 5196 2757 5266 ὡμολόγηται
2809 5190 3217 5263 προῦψεστῶσα
3248 5192 3284 5261 ἡ
3346 5189 3673 5250 ὑπόστασις.
3755 5188 3931 5252 ’Δλλ“,
3968 5180 4009 5239 ὣ

2413 5290 2598 5357 casei,
2656 5285 2872 5358 μεγάλα
2928 5282 3233 5353 σφάλλεσθε
3302 5280 3446 5334 οὑτω
3504 5278 3597 5332 τοῦ
3660 5277 4008 5350 ζητουμένου

2413 5382 2742 5452 πράγματος
2800 5379 2892 5433 τὸν
2951 5377 3111 5447 λόγον
3162 5375 3396 5447 πρώτως
3451 5373 3527 5444 μὴ
3578 5372 4005 5437 κατανοοῦντες,

2412 5475 2527 5528 ἀλλ’
2561 5474 2641 5538 είς
2691 5490 2815 5527 τινα
2868 5472 3230 5543 παρεπόμενα
3249 5509 3265 5532 ,
3297 5468 3331 5539 ἢ
3364 5468 3456 5521 τὸν
3482 5465 3545 5519 οὑ
3575 5466 3652 5536 μὴ
3681 5466 3819 5519 ἄνευ
3848 5466 4007 5534 λόγου

2413 5567 2679 5636 ἐπέχοντα
2721 5565 2858 5634 πρὸς
2900 5563 2963 5617 τὸ
2998 5560 3338 5633 ζητούμενον
3379 5559 3906 5630 παρατρεπόμενοι.
3939 5556 4009 5609 0-3

2414 5658 2523 5728 γὰρ
2549 5657 2672 5709 ἐπεὶ
2720 5656 3011 5727 ἄνθρωπος
3050 5653 3322 5724 ἔμψυχος,
3354 5652 3455 5705 οὑκ
3497 5651 3629 5704 ἄνευ
3675 5650 3830 5701 ἐστὶν
3885 5649 4010 5702 ἀναα

2395 5752 2585 5822 -πνοῆς
2608 5752 2790 5821 ἀέρος,
2808 5750 2909 5821 ἤδη
2932 5749 3023 5802 τὸν
3047 5747 3435 5816 είσπνεόμενον
3461 5742 3844 5816 ἀέραοοίεσθαι
3867 5744 4009 5811 ἡμᾶς

2416 5842 2556 5902 εἶναι
2590 5846 2692 5917 τὴν
2722 5843 2899 5916 ψυχὴν
2932 5843 3053 5898 δέον
3086 5860 3099 5873 ·
3133 5841 3254 5897 οὑδὲ
3283 5841 3407 5895 ἐπεὶ
3437 5837 3736 5911 συμϐαίνει
3759 5837 3878 5900 τοῖς
3923 5837 4010 5890 θα-
