4214 6450
229 497 366 560 1549

1179 495 1578 558 ADVERSUS
1611 488 2166 552 NESTORIANOS.
2191 513 2259 522 -
2295 487 2441 547 LIB.
2489 485 2568 543 Π.

3361 473 3498 543 1550

224 610 375 662 ito-33:
425 608 749 678 βαρυτέροις
796 605 957 672 εἷναι,
983 609 1083 678 ἠδη
1119 610 1214 661 καὶ
1263 609 1428 678 βάρος
1461 609 1629 676 ὁλκῆς
1659 600 1799 657 εἶναι

1933 611 2086 654 atum
2135 615 2261 654 aera
2298 600 2614 652 existimare
2651 611 2750 650 nos
2795 594 3032 649 animam
3078 608 3200 650 esse
3234 604 3488 663 oportet;

219 701 467 769 νομίζειν
491 700 642 762 εἰκὸς
670 701 761 753 τὸν
794 700 1041 754 Θάνατον.
1092 700 1252 752 Ἀλλὰ
1276 700 1394 753 δέον
1427 700 1536 751 πᾶν
1585 699 1645 749 τὸ
1678 700 1804 764 περὶ

219 787 288 849 οὗ
314 800 343 848 ό
366 794 523 863 λόγος
550 794 971 859 κατανοοῦντας.
1000 797 1147 855 ὅπως
1175 794 1289 863 ἔχοι
1312 793 1341 844 ό
1371 792 1491 845 κατ’
1523 790 1664 843 αὑτὰ
1714 789 1772 841 λό
1791 817 1802 825 -

219 904 319 954 γος
350 887 699 940 σκέπτεσθαι.
739 889 855 942 Κάν
888 905 947 941 τε
1007 888 1116 958 γὰρ
1165 887 1324 940 οὑσία
1366 901 1449 947 τις
1481 881 1537 958 ᾖ,
1566 883 1660 937 καὶ
1685 883 1807 934 επις

223 980 529 1050 συμϐαῖνον
581 982 694 1052 ἔχοι
720 999 772 1034 τι
817 981 928 1034 τῶν
958 983 1088 1052 παρ’
1119 982 1314 1049 αὑτὴν,
1357 981 1419 1032 οὐ
1459 975 1808 1047 συμϐεϐηκδς

217 1065 364 1123 εἶναι
387 1071 556 1142 αὑτὴν
585 1071 820 1142 ἡγητέον
845 1089 859 1102 ο
897 1071 997 1125 κᾶν
1021 1088 1078 1124 τε
1109 1069 1456 1139 συμϐεϐηκός
1491 1085 1544 1120 τι
1569 1069 1677 1134 εἴη,
1717 1065 1811 1116 καὶ

219 1159 420 1232 ὥσπερ
445 1162 949 1230 ὲπισυμϐαίνουσαν
982 1160 1134 1232 αὑτῷ
1162 1161 1276 1229 ἔχοι
1297 1159 1399 1228 τὴν
1425 1158 1634 1220 οὐσίαν,
1668 1157 1811 1208 ἐκεῖ-

219 1268 286 1304 νο
318 1253 552 1322 πρώτως
580 1253 674 1305 καὶ
702 1253 908 1322 κυρίως
934 1253 1037 1304 οὑκ
1058 1250 1265 1312 οὑσίαν,
1289 1249 1424 1302 ἀλλὰ
1456 1245 1810 1316 συμϐεϐηκὸς

219 1344 406 1412 λέγειν
437 1345 551 1410 δεῖ,
586 1345 1014 1414 συμϐεϐηκότως
1048 1343 1106 1396 δὲ
1158 1341 1472 1394 οὑσιῶσθαι.
1508 1339 1653 1408 Πλὴν
1688 1336 1813 1390 ἐπεὶ

218 1440 348 1492 οὑδὲ
385 1440 544 1508 ὑμεῖς
578 1440 714 1509 πρὸς
751 1439 850 1508 τὴν
880 1438 989 1490 τῶν
1027 1437 1247 1490 τοιῶνδε
1299 1433 1536 1504 μάθησιν
1585 1432 1812 1492 ἑαυτοὺς

221 1531 360 1597 ἡμῖν
386 1529 744 1590 ὲκδεδώκατε,
785 1528 906 1580 οὑδὲ
943 1529 1102 1596 ἡμεῖς
1134 1527 1262 1594 ὑμῖν
1297 1525 1430 1591 πρὸς
1481 1522 1689 1576 τοιάνδε
1735 1520 1814 1571 δι-

219 1619 525 1672 δασκαλίαν
561 1619 984 1691 ἐπιρῤίπτομεν.
1009 1617 1147 1670 Τάδε
1183 1618 1279 1687 μὲν
1315 1616 1456 1676 ἃλις.

301 1881 504 1951 Ἕτερα
537 1880 594 1933 δὲ
628 1880 749 1932 λίαν
778 1878 979 1948 εὔδηλα
1013 1880 1350 1948 τυγχάνοντα
1397 1878 1828 1947 παραστήσουσιε

1913 709 2044 754 non,
2072 693 2331 762 quoniam
2353 690 2556 744 accidit
2578 687 2809 742 mortuis
2834 687 3182 756 gravioribus
3213 701 3360 750 esse,
3383 687 3492 756 iam

1913 783 2236 853 gravitatem
2255 781 2520 852 ponderis
2543 796 2666 835 esse
2689 786 2924 834 mortem
2953 779 3268 835 existimare
3280 779 3490 849 justum

1913 883 2018 929 cst.
2046 874 2154 930 Sed
2178 875 2549 929 necessarium
2573 883 2659 928 est
2688 873 3012 928 universum
3031 871 3138 926 hoc
3157 872 3226 926 de
3246 887 3357 940 quo
3383 880 3498 925 tra-

1912 975 2099 1020 ctatur
2127 968 2499 1032 considerare,
2549 976 2610 1021 ut
2654 966 2830 1034 possit
2862 963 3168 1020 secundum
3219 965 3322 1020 ista
3351 963 3495 1016 ratio

1915 1063 2196 1116 observari
2228 1079 2242 1114 :
2279 1062 2326 1116 si
2351 1063 2498 1116 enim
2540 1064 2778 1116 essentia
2824 1060 3074 1130 quaedam
3101 1066 3268 1123 esset,
3312 1067 3368 1113 et
3401 1058 3501 1111 ali-
3557 1075 3562 1081 -

1915 1151 2064 1216 quod
2095 1151 2350 1206 accidens
2374 1150 2606 1206 haberet
2631 1152 2785 1221 juxta
2830 1165 2911 1215 se,
2952 1166 3062 1204 non
3105 1149 3364 1205 accidens
3401 1163 3500 1218 pro

1915 1245 2155 1298 essentia
2183 1244 2426 1313 reputari
2458 1251 2712 1313 oportet;
2740 1243 2785 1297 si
2823 1243 3078 1296 accidens
3114 1241 3392 1312 quoddam
3416 1255 3502 1296 cs-

1919 1347 2024 1400 set,
2080 1347 2138 1390 et
2170 1336 2471 1390 essentiam
2522 1335 2752 1390 haberet
2797 1345 3058 1405 tanquam
3093 1334 3197 1389 sibi
3241 1335 3498 1405 positam.

1918 1429 2023 1484 hoc
2051 1428 2287 1498 primum
2311 1438 2368 1484 et
2401 1429 2623 1498 proprie
2649 1443 2760 1482 non
2791 1427 3090 1483 essentiam
3119 1427 3214 1481 sed
3244 1426 3502 1482 accidens

1917 1535 2039 1574 esse
2067 1519 2361 1575 dicendum
2395 1529 2499 1582 est,
2531 1519 2948 1574 accidentaliter
2986 1527 3171 1573 autem
3202 1519 3500 1573 essentiam
3538 1577 3542 1580 ,

1918 1611 2060 1664 ﬁeri.
2091 1611 2388 1673 Caeterum,
2435 1627 2560 1665 cum
2594 1626 2696 1664 vos
2741 1625 2853 1664 non
2897 1609 2965 1664 ad
3016 1611 3144 1666 talia
3175 1609 3503 1666 discendum

1918 1715 2019 1754 vos
2047 1700 2194 1770 ipsos
2232 1701 2392 1755 nobis
2439 1700 2692 1760 dedistis.
2728 1716 2909 1770 neque
2956 1716 3056 1754 nos
3101 1701 3265 1756 vobis
3309 1701 3366 1755 in
3398 1701 3508 1756 tale

1922 1793 2296 1860 magisterium
2329 1794 2630 1846 irruemus.
2663 1793 2740 1847 De
2771 1791 2860 1846 his
2887 1792 3111 1861 quidem
3139 1792 3291 1848 satis.

1999 1883 2114 1937 Alia
2141 1893 2327 1938 autem
2361 1884 2595 1938 multum
2621 1883 2915 1953 perspicua
2961 1893 3264 1937 occurrunt
3301 1881 3390 1936 his
3414 1883 3511 1952 qui

221 1973 336 2025 τῶν
368 1972 637 2038 δοξάντων
662 1973 791 2042 ὑμῖν
827 1973 1076 2025 πλεῖστον
1111 1968 1250 2024 εἶναι
1278 1973 1338 2025 τὸ
1366 1971 1586 2035 ἄτοπον.
1624 1969 1685 2020 Εἰ
1710 1967 1814 2039 γὰρ

1933 1985 2112 2044 rautaut
2160 1986 2398 2030 vestram
2451 1991 2574 2030 esse
2627 1975 2923 2030 immanem
2979 1974 3403 2028 absurditatem.
3453 1974 3514 2028 Si

223 2067 287 2118 αῖ
321 2066 657 2128 ὑποστάσεις
687 2066 838 2119 οὐδὲν
877 2065 1086 2132 ἕτερον,
1117 2064 1232 2119 ἀλλ’
1271 2065 1302 2134 ἢ
1341 2064 1508 2115 ἱδικαὶ
1540 2061 1718 2114 οὐσίαι
1747 2061 1820 2112 εἰ-

226 2160 286 2211 σὶ
307 2200 322 2224 ,
349 2161 497 2230 τρεῖς
550 2158 800 2226 λέγοντες
830 2158 928 2214 τὰς
956 2157 1282 2218 ὑποστάσεις
1312 2156 1411 2224 τῆς
1451 2155 1610 2223 ἁγίας
1649 2155 1818 2222 Τριά-

224 2250 344 2313 δος,
375 2248 617 2317 δηλονότι
670 2249 821 2316 τρεῖς
863 2246 1084 2307 καὶτὰς
1131 2244 1321 2304 οὐσίας
1362 2245 1498 2310 φατέ
1523 2259 1536 2270 ·

225 2342 332 2409 τὴν
365 2340 606 2410 τριθεΐσιν
642 2339 782 2408 μετὰ
809 2339 908 2408 τῆς
937 2341 1017 2400 εἰς
1047 2339 1148 2407 τὴν
1198 2337 1515 2405 οἰκονομίαν
1574 2333 1820 2404 βλασφη-

230 2432 366 2502 μίας
402 2431 766 2485 ὑπεδὺσασοε.
792 2433 914 2483 Ἔτι
945 2429 1002 2483 δὲ
1029 2431 1120 2482 καὶ
1150 2430 1325 2491 ἄλλως
1346 2429 1407 2480 τὸ
1436 2426 1636 2479 ἄτοπον
1667 2423 1822 2494 ὑμῶν

225 2523 587 2592 γνωριστέον.
639 2522 701 2573 ΕΞ
741 2521 851 2592 γὰρ
879 2522 1034 2573 οὐσία
1063 2523 1095 2590 η
1129 2520 1272 2589 ίδικὴ
1325 2517 1606 2572 Ματθαὶου
1637 2516 1820 2586 τυχὸν,

225 2615 335 2686 τῆς
391 2615 581 2677 cinia;
616 2613 848 2684 Μάρκου
895 2613 994 2681 τῆς
1043 2611 1218 2679 ίδικῆς
1248 2610 1400 2662 οὐδὲν
1429 2609 1678 2678 διαφέρει
1712 2608 1824 2678 (τὸν

227 2710 346 2779 γὰρ
377 2708 540 2761 αὑτὸν
565 2707 724 2774 λόγον
754 2709 850 2759 καὶ
881 2707 1010 2776 ὅρον
1029 2704 1340 2774 ἐπιδέχεται
1370 2701 1632 2772 ἑκατέρα)
1659 2743 1672 2765 ,
1702 2701 1823 2754 οὑδὲ

229 2802 266 2871 ἡ
296 2801 616 2862 ὑπόστασις,
653 2799 823 2868 ἡγουν
874 2798 935 2850 τὸ
1001 2798 1314 2868 πρόσωπον,
1365 2794 1646 2848 Ματθαίου
1675 2832 1691 2858 ,
1725 2795 1826 2864 τῆς

231 2893 614 2956 ὑποστάσεως,
638 2893 820 2944 εῑτουν
847 2889 945 2944 τοῦ
985 2888 1305 2960 προσώπου,
1328 2887 1560 2958 Μάρκου
1591 2885 1825 2951 διενέξε-

231 3002 351 3045 ται,
376 2984 515 3038 ἀλλά
547 2984 641 3036 τὸν
671 2982 834 3035 αὑτὸν
859 2983 986 3054 ὅρον
1018 2982 1112 3035 καὶ
1139 2980 1300 3049 λόγον
1323 3021 1337 3043 ,
1368 2980 1545 3032 εἶτουν
1586 2979 1828 3051 ὑπογρα-

234 3079 368 3146 φὴν,
405 3076 643 3145 ἑκατέρα
717 3075 1023 3139 ὲπιδὲξεται
1079 3074 1377 3135 ὑπόστασις
1409 3089 1422 3101 ο
1455 3071 1546 3124 καὶ
1609 3072 1665 3122 ὲν
1718 3073 1826 3133 τοῖς

234 3169 424 3228 αὑτοῖς
479 3167 541 3218 οὑ
609 3166 771 3235 μόνον
828 3159 998 3229 οὗτοι,
1065 3164 1201 3217 ἀλλὰ
1252 3164 1346 3216 καὶ
1398 3164 1506 3225 πᾶς
1543 3161 1828 3231 ἄνθρωπος

235 3257 678 3329 γνωρισθήσεται
709 3258 965 3326 ίδιὼμασι
999 3258 1093 3310 καὶ
1128 3257 1186 3308 ὲν
1227 3258 1348 3316 ταῖς
1384 3255 1444 3318 ἐξ
1476 3254 1660 3307 αὑτῶν
1692 3255 1828 3306 ὑπο-

1575 2241 1668 2293 καὶ
1709 2241 1818 2292 ἰδοὺ
1888 2246 1893 2255 ³

1920 2068 2069 2122 enim
2107 2067 2484 2121 subsistentia:
2516 2066 2654 2120 nihil
2702 2065 2852 2121 aliud
2885 2064 2990 2120 nisi
3029 2064 3393 2134 particulares
3421 2081 3512 2120 es-

1922 2159 2115 2212 scntiaa
2143 2169 2294 2220 sunt,
2330 2168 2445 2213 tres
2491 2157 2731 2213 dicendo
2778 2157 3170 2212 subsistentias
3216 2158 3270 2211 in
3323 2166 3515 2212 sancta

1923 2249 2146 2313 Triade,
2175 2251 2465 2304 evidenter
2492 2258 2607 2304 tres
2625 2249 2899 2304 essentias
2941 2264 3164 2318 quoque
3205 2247 3410 2302 dicitis.
3448 2248 3517 2302 Et

1923 2354 2054 2395 ecce
2086 2341 2360 2410 triplicem
2401 2340 2747 2395 divinitatem
2780 2355 2905 2395 cum
2941 2349 3122 2394 vestra
3165 2339 3221 2394 in
3264 2339 3520 2394 incarna-

1925 2429 2130 2483 tionem
2201 2429 2545 2500 blasphemia
2601 2429 2933 2484 insinuatis.~
2977 2427 3177 2483 Adhuc
3221 2435 3407 2482 autem
3461 2436 3521 2482 et

1923 2520 2084 2599 aliter
2135 2528 2317 2574 vestra
2356 2520 2678 2574 ahsurditas
2698 2535 2758 2574 se
2789 2517 3069 2589 patefacit.
3119 2518 3176 2572 Si
3207 2518 3358 2572 enim
3387 2517 3520 2572 sub-

1925 2613 2124 2666 stantia
2161 2612 2514 2682 particularis
2537 2611 2797 2676 Matthxi,
2818 2611 2968 2665 verbi
3002 2611 3200 2682 gratia,
3233 2610 3304 2665 ab
3325 2625 3520 2665 essen-

1928 2707 2001 2760 tia
2028 2705 2194 2760 Marci
2241 2705 2564 2776 particulari
2596 2705 2733 2760 nihil
2773 2704 2982 2769 diﬂ‘ert,
3021 2703 3388 2775 eamdemque
3435 2719 3523 2758 rao

1929 2799 2139 2853 tionem
2179 2798 2516 2853 eteumdem
2551 2798 2851 2852 terminum
2901 2796 3099 2868 recipit
3129 2805 3384 2867 utraque,
3412 2813 3521 2852 non

1927 2890 2316 2954 subsistentia,
2351 2891 2405 2945 id
2437 2900 2521 2945 est
2539 2905 2798 2960 persona,
2832 2889 3070 2944 Matthxi
3104 2905 3134 2943 a
3165 2889 3525 2945 subsistentia

1939 2982 2179 3052 indeque
2223 2998 2462 3053 persona
2501 2983 2669 3038 Marci
2711 2983 3081 3047 discernetur,
3125 2982 3224 3037 sed
3267 2981 3524 3037 eumdem

1935 3074 2264 3140 terminum,
2294 3073 2546 3128 eamdem
2588 3074 2884 3138 rationem,
2919 3085 2976 3127 et
3020 3072 3253 3142 proinde
3275 3071 3525 3127 eamdem

1933 3165 2364 3237 descriptionem
2393 3166 2629 3234 accipiet
2651 3174 2887 3234 utraque
2917 3164 3316 3229 subsistentia;
3347 3174 3404 3219 et
3428 3180 3528 3234 per

1931 3258 2154 3314 easdem
2181 3273 2293 3311 non
2325 3257 2415 3311 isti
2449 3257 2648 3318 solum,
2678 3257 2773 3312 sed
2799 3256 2981 3311 omnis
3004 3256 3170 3310 homo
3199 3263 3530 3326 agnoscetur

240 3349 504 3401 στάσεσιν
525 3365 536 3377 ·
570 3349 729 3416 εἰπερ
763 3347 961 3399 ταυτόν
983 3347 1131 3397 ἐστιν
1155 3347 1188 3413 ἡ
1216 3344 1358 3412 ἱδικὴ
1380 3343 1487 3397 τῶν
1514 3343 1828 3396 καθέκαστα

1935 3350 2309 3420 proprietates
2338 3361 2395 3403 et
2437 3365 2533 3419 per
2561 3349 2950 3404 subsistentias
2979 3363 3101 3417 qua:
3137 3348 3204 3402 ad
3243 3347 3366 3402 illas
3399 3363 3530 3418 per-

237 3438 402 3490 οὑσία
432 3441 499 3509 τῇ
521 3438 838 3490 ὑποστάσει.
872 3435 992 3488 Ἔτι
1017 3437 1073 3489 δὲ
1096 3477 1110 3498 ,
1143 3428 1187 3488 ὦ
1227 3430 1395 3499 οὑτοι,
1454 3434 1830 3504 μνημονεῦσαι

240 3531 354 3583 τῶν
411 3531 700 3601 ὑμετέρων
743 3529 1105 3600 δυσωπήθητε
1137 3547 1148 3557 ·
1184 3527 1418 3599 καὶγὰρ
1466 3529 1572 3596 πρὸ
1630 3527 1829 3598 μικροῦ

244 3625 376 3695 ὑμῖν
408 3623 617 3694 εἴρητο,
649 3624 730 3675 ὅτι
771 3622 868 3672 οὑκ
892 3621 952 3683 ἐξ
989 3619 1266 3672 οὑσιωδῶν
1290 3612 1652 3687 η’ὑπόστασις
1705 3634 1832 3669 συν-

244 3717 502 3786 έστηκεν.
535 3718 597 3769 El
648 3712 742 3768 οὖν
773 3714 970 3768 ταὺτόν
1003 3716 1119 3764 ἐστι
1156 3714 1223 3781 τῇ
1265 3712 1404 3780 ἰδικῇ
1436 3710 1616 3779 οὐσία,
1649 3709 1770 3761 οὐδὲ
1799 3711 1831 3778 ἡ

251 3811 396 3880 ίδικὴ
432 3809 594 3862 οὐσία
645 3807 849 3878 δηλαδὴ
883 3805 941 3872 ἐξ
989 3803 1264 3857 οὑσιωδῶν
1321 3803 1687 3874 συνέστηκενο
1717 3802 1834 3854 ἀλλ’

245 3905 326 3963 ὡς
364 3903 422 3952 ὲν
452 3902 685 3963 ἐκείνοις
722 3901 907 3953 εῖπετε
943 3899 1054 3967 και
1077 3898 1255 3967 ὑμεῖς,
1292 3898 1356 3948 ἐκ
1389 3896 1683 3964 σιμότητος
1741 3896 1836 3947 καὶ

252 3993 580 4063 λευκότητος
603 3992 699 4044 καὶ
726 3991 834 4044 τῶν
860 3966 1084 4060 ὁμοίως,
1181 3987 1287 4040 ἀπὺ
1310 3988 1514 4057 τρόπου
1545 3985 1836 4054 ὑπάρξεως

254 4087 408 4140 ἔσται
468 4085 762 4156 ὑφεστῶσα
822 4086 856 4153 ὴ
913 4082 1055 4152 ἰδικὴ
1114 4080 1572 4152 ὑπαρξις,εῖτουν
1626 4079 1838 4148 οὐσίας

249 4175 404 4229 ἕσται
435 4175 530 4229 οὖν
562 4177 622 4240 ἐξ
647 4173 920 4228 ἀνουσίων
951 4175 983 4242 ἠ
1009 4171 1172 4225 οὑσία
1201 4188 1214 4202 ·
1250 4171 1348 4223 καὶ⁵
1379 4168 1439 4234 ἐξ
1472 4167 1837 4239 ἀνυπάρκτων

249 4269 283 4340 ἡ
315 4267 572 4338 ὑπαρξις.
609 4269 670 4320 ΕΞ
691 4268 746 4320 δὲ
771 4266 978 4320 τούτων
1003 4264 1122 4318 λίαν
1148 4264 1373 4332 εὑδηλον
1396 4263 1457 4315 τὸ
1486 4263 1714 4328 ἀνόητον
1743 4262 1838 4312 καὶ

252 4361 586 4431 μειρακίοις,
607 4360 782 4428 μάτην
805 4358 913 4427 ἄρα
930 4357 1154 4427 τοσήνδε
1170 4354 1264 4407 τοῦ
1284 4353 1643 4423 συλλογισμοῦ
1663 4352 1833 4420 ραψο-

249 4452 438 4519 λογίαν
473 4448 959 4510 καταναλώσαντες
986 4488 1001 4510 ,
1032 4448 1186 4500 οὐδὲν
1233 4447 1447 4508 ἑαυτοῖς
1479 4443 1830 4514 ὲπορίσασθε.

1938 3444 2150 3508 tinent;
2185 3443 2460 3512 siquidem
2495 3442 2640 3498 idem
2669 3450 2757 3496 est
2797 3441 3153 3512 particularis
3203 3440 3257 3496 in
3297 3440 3532 3510 singulis

1933 3536 2176 3591 essentia
2200 3551 2264 3589 ac
2287 3535 2669 3590 subsistentia.
2693 3534 2895 3589 Adhuc
2914 3542 3120 3599 autem,
3152 3549 3185 3588 ο
3202 3532 3528 3597 adversarii,

1938 3637 2119 3683 vestra
2148 3628 2429 3683 recordari
2455 3627 2791 3682 erubescitc.
2838 3626 3056 3680 Etenim
3095 3642 3272 3695 nuper
3300 3642 3330 3680 a
3373 3625 3532 3681 vobis

1941 3718 2152 3773 dictum
2203 3728 2290 3773 cst
2378 3718 2797 3773 subsistentiam
2845 3733 2913 3770 ex
2963 3716 3358 3772 essentialibns
3416 3733 3526 3771 non

1941 3823 2235 3877 constare;
2270 3812 2314 3866 si
2350 3812 2517 3880 igitur
2553 3813 2698 3866 idem
2734 3820 2820 3866 est
2847 3827 2912 3866 ac
2936 3811 3296 3882 particularis
3334 3827 3547 3867 essen-7

1947 3905 2043 3966 tia,
2082 3919 2262 3974 neque
2286 3905 2638 3974 particularis
2655 3905 2897 3958 essentia
2930 3904 3219 3958 evidenter
3249 3919 3317 3959 ex
3339 3919 3529 3959 essen-

1948 3995 2172 4048 tialibus
2205 4004 2443 4050 constat.
2471 3995 2578 4050 Sed
2612 4011 2738 4049 cum
2763 3995 2832 4048 de
2862 3994 2986 4048 istis
3015 4009 3112 4048 vos
3131 3994 3316 4050 dicitis
3349 4010 3415 4048 ex
3450 3996 3528 4050 si-

1948 4087 2206 4141 mositate
2262 4096 2319 4140 et
2374 4087 2564 4141 albore
2612 4096 2669 4142 et
2736 4087 3013 4141 similibus
3055 4098 3346 4149 constare.
3379 4097 3530 4143 certe

1945 4187 2133 4230 contra
2183 4179 2516 4232 exsistcntiae
2561 4177 2784 4232 modum
2840 4186 3116 4232 statuetur
3179 4179 3528 4247 particularis

1949 4268 2272 4322 cxsistentia
2299 4284 2396 4323 seu
2437 4271 2708 4333 essentia;
2740 4270 2847 4323 erit
2877 4269 3042 4339 igitur
3069 4285 3100 4324 e
3129 4285 3242 4324 non
3260 4270 3531 4324 essentia-

1950 4358 2094 4412 libus
2115 4359 2376 4422 essentia,
2403 4367 2459 4414 et
2481 4376 2511 4413 e
2531 4376 2641 4414 non
2663 4360 3060 4415 exsisteutibus
3091 4361 3433 4417 exsistentia.
3467 4361 3527 4415 Si

1945 4465 2075 4504 vero
2117 4466 2310 4504 eorum
2345 4451 2660 4507 absurditas
2693 4451 2922 4508 evidens
2953 4462 3039 4508 est
3073 4452 3374 4508 admodum
3419 4453 3524 4508 im-

248 4540 467 4613 peritis,
503 4539 703 4594 frustra
729 4539 895 4608 igitur
928 4537 1090 4592 talem
1127 4534 1624 4606 argumentationis
1652 4533 1976 4591 inanitatem
2008 4539 2319 4605 molientes,
2355 4540 2492 4597 nihil
2518 4541 2678 4595 vobis
2698 4541 2833 4610 ipsis
2866 4541 3200 4610 profecislis.

861 4673 1111 4728 ΚΕΦΑΛ.
1143 4675 1218 4729 Ζ⁹.

324 4773 411 4835 El,
449 4769 635 4839 ἐπειδὴ
685 4769 742 4820 ὲν
771 4767 850 4837 τῷ
881 4767 1003 4836 Θεῷ
1032 4765 1191 4833 Λόγῳ
1228 4765 1436 4834 ὑπέστη
1463 4763 1492 4814 ό
1526 4762 1835 4831 ἅνθρωπος,

248 4867 354 4920 οὑκ
408 4863 524 4934 ἔχει
557 4863 856 4914 ὑπόστασιν
904 4861 1040 4912 ἰδίαν
1068 4862 1097 4912 ὀ
1152 4859 1472 4927 ἄνθρωπος,
1523 4856 1638 4918 πῶς
1684 4858 1732 4907 εί
1783 4857 1838 4907 ὲν

250 4955 403 5026 αὑτῷ
436 4955 560 5023 ἔφυ,
595 4954 708 5022 ἔχει
734 4952 896 5020 φύσιν
929 4950 1067 5003 ἰδίαν
1093 4951 1122 5002 ό
1154 4950 1440 5021 ἄνθρωπος
1469 4965 1483 5013 ;
1517 4948 1610 5000 καὶ
1641 4950 1690 5000 εί
1725 4946 1837 5016 ἔχει

253 5049 420 5116 φύσιν
443 5046 576 5098 ἰδίαν
597 5047 625 5097 ὁ
645 5045 742 5098 άνο
751 5059 956 5113 ρωπος,
983 5041 1099 5104 πῶς
1131 5042 1230 5110 οὑχ
1258 5038 1368 5104 ἕξει
1387 5040 1482 5093 καὶ
1502 5038 1801 5091 ὑπόστασιν
1821 5055 1835 5098 ς

257 5142 328 5194 Ἦ
357 5139 500 5192 ἔστω
531 5137 634 5205 φὺς
662 5136 766 5200 ἔξω
797 5153 899 5187 που
942 5134 1037 5188 τοῦ
1067 5131 1202 5186 Θεοῦ
1247 5133 1422 5200 Λόγου
1445 5148 1460 5163 °
1497 5129 1738 5191 ὑποστὰς
1783 5129 1841 5181 δὲ

255 5232 487 5301 ὕστερον
511 5233 568 5283 ἑν
590 5229 763 5298 αὑτῷ,
798 5227 915 5290 πῶς
935 5227 992 5280 δὲ
1035 5227 1128 5279 καὶ
1153 5224 1312 5294 φύσις
1343 5223 1438 5276 τοῦ
1472 5223 1532 5287 ἐξ
1569 5222 1725 5293 ἡμῶν
1748 5223 1843 5274 ἁν-

255 5320 502 5394 θρώπου,
545 5321 651 5391 πρὸ
688 5321 788 5389 τῆς
843 5318 1195 5380 ὑποστάσεως
1234 5317 1332 5386 τῆς
1376 5316 1550 5380 ίδίας;
1586 5315 1707 5367 Τῶν
1739 5315 1841 5383 φύ-

257 5430 398 5468 αων
429 5413 538 5466 τῶν
567 5430 625 5466 τι
655 5414 858 5484 ὁμοίων
885 5413 982 5465 καὶ
1007 5411 1280 5480 ἀνομοίων
1312 5409 1746 5481 διακρινομένων
1784 5425 1843 5460 τε

257 5507 356 5561 καὶ
388 5507 716 5576 ἑνουμένων,
745 5508 807 5559 οὑ
831 5506 996 5576 λόγῳ,
1019 5504 1156 5559 ἀλλὰ
1180 5506 1396 5574 φύσεως
1419 5500 1660 5572 ἀριθμῷ,
1677 5500 1845 5570 ἦγουν

257 5597 334 5661 ὡς
358 5596 672 5667 ἁριθμητῆς
713 5597 952 5665 ἑκάστης
990 5595 1081 5662 ἀφ’
1116 5595 1312 5664 ἑτέρας
1362 5592 1553 5661 ὁμοίας
1616 5590 1712 5643 καὶ⁵
1747 5591 1844 5643 ἀν-

258 5691 451 5760 ομοίου
502 5687 906 5758 διωρισμένης,
958 5687 1058 5756 τὴν
1107 5687 1166 5739 ὲν
1212 5687 1323 5746 toi;
1358 5681 1480 5737 οὖσι
1513 5682 1622 5736 τῶν
1659 5699 1718 5734 τε
1756 5684 1849 5734 ἀν-

259 5780 464 5853 ομοίων
486 5783 758 5845 σύνθεσιν,
777 5779 995 5834 καὶτῶν
1017 5777 1222 5848 ὁμοίων
1240 5777 1533 5845 διάκρισιν.
1557 5775 1589 5844 ἡ
1610 5775 1848 5827 ὑπόστα-

265 5895 348 5941 σις
399 5878 528 5946 ἡμῖν
581 5876 828 5944 πέφυκεν
860 5873 1230 5942 ἐξαγγέλλειν,
1258 5869 1537 5940 διορισμός
1589 5885 1673 5932 τις
1711 5864 1847 5921 οὖσα

264 5968 469 6042 κυρίως
501 5969 594 6021 καὶ
627 5968 928 6030 ἀπόστασις
959 5965 1147 6038 ἑτέρου
1181 5964 1326 6026 τινὸς
1353 5962 1444 6032 ἀφ’
1481 5961 1670 6029 ἑτέρου
1700 5978 1710 5989 ·
1744 5962 1845 6014 κᾶν

1863 4645 1916 4704 Ι)

2575 4675 2727 4731 CAP.
2773 4675 2884 4730 VII.

2015 4769 2095 4836 Si,
2125 4769 2390 4839 quoniam
2432 4769 2486 4822 in
2531 4769 2644 4822 Deo
2673 4767 2853 4823 Verbo
2881 4767 3136 4822 subsistit
3181 4767 3367 4832 homo,
3415 4785 3527 4824 non

1944 4861 2113 4915 habet
2150 4861 2568 4915 suhsistcntiam
2603 4861 2771 4913 homo
2805 4848 3113 4928 propriam,
3144 4857 3446 4928 quomodo,
3477 4861 3526 4913 si

1945 4955 1999 5008 in
2029 4953 2252 5008 Christo
2281 4961 2386 5017 est,
2417 4953 2584 5007 habet
2615 4953 2896 5022 propriam
2948 4953 3112 5006 homo
3140 4950 3432 5007 naturam?
3459 4951 3531 5006 Et

1943 5048 1990 5102 si
2024 5046 2192 5101 habet
2233 5053 2489 5100 naturam
2542 5046 2822 5114 propriam
2878 5044 3063 5109 homo,
3091 5042 3374 5113 quomodo
3415 5057 3526 5098 non

1944 5137 2174 5194 habebit
2193 5148 2250 5192 et
2272 5138 2690 5193 subsistentiam
2719 5135 2856 5190 ?scd
2881 5136 3147 5190 subsistat
3174 5143 3329 5190 extra
3353 5134 3525 5190 Deum

1944 5229 2220 5292 Verbum,
2261 5240 2319 5282 et
2365 5228 2674 5282 subsistens
2711 5237 2903 5296 postea
2957 5226 3012 5281 in
3063 5227 3179 5290 illo,
3243 5211 3524 5296 quomodo

1946 5329 2144 5373 natura
2199 5317 2497 5371 hominisa
2546 5316 2707 5371 nobis
2733 5317 2977 5378 oriundi,
3025 5315 3291 5386 praecedit
3341 5316 3529 5371 subsi-

1947 5411 2208 5466 stentiam
2245 5409 2567 5481 propriam?
2591 5410 2816 5464 Naturis
2845 5409 3120 5464 similibus
3149 5417 3247 5464 aut
3289 5408 3533 5465 dissimi-

1947 5503 2096 5558 libus
2158 5502 2437 5558 distinctis
2483 5513 2540 5557 et
2601 5490 2914 5565 uniticatis,
2978 5517 3088 5556 non
3145 5501 3364 5557 ratione
3434 5495 3537 5557 sed

1943 5605 2160 5650 natura:
2221 5594 2602 5658 numero,_id
2662 5602 2768 5657 est,
2850 5602 3110 5663 tanquam
3189 5593 3234 5648 si
3302 5608 3538 5663 qusque

1953 5698 2145 5741 natura
2205 5687 2568 5741 numerabilis
2614 5687 2684 5742 ab
2756 5688 2864 5742 alia
2921 5687 3086 5742 simili
3147 5694 3243 5741 aut
3295 5685 3539 5743 absimili

1950 5782 2410 5843 discerperetur,
2478 5783 2534 5836 in
2594 5782 2818 5837 entihus
2891 5781 3229 5835 absimilium
3305 5781 3543 5851 conjun-

1950 5872 2193 5926 ctionem
2259 5879 2316 5924 et
2395 5871 2662 5926 similium
2741 5871 3157 5926 distinctionem
3227 5869 3538 5924 subsislcnv

1953 5962 2026 6016 tia
2099 5963 2261 6017 nobis
2343 5963 2626 6022 ostendit,
2704 5978 2904 6034 nempe
2984 5979 3111 6018 cum
3176 5962 3251 6018 sit
3315 5962 3538 6032 proprio
