4214 6450
733 394 866 458 1551

1999 398 2313 494 LEONTII
2353 399 2728 463 ΒΥΖΑΝΤΙΝ
2735 402 2761 460 Ι

3865 402 4022 466 1552

729 509 1123 564 determinatio
1165 517 1222 564 et
1267 511 1552 582 separatio
1588 514 1733 568 alius
1772 513 2018 584 cujusvis
2062 515 2132 568 ab
2177 515 2307 569 alio,

2428 531 2489 568 τε
2527 515 3074 585 ὄμοιατύχοιεννὸντα
3093 517 3193 588 τὴν
3222 517 3408 586 φύσιν,
3439 518 3542 572 κάν
3562 533 3627 571 τε
3664 517 3896 585 ἀνόμοια
3927 519 4022 584 εἴη

722 604 829 658 etsi
847 600 1051 658 similia
1079 601 1364 676 contingat
1389 605 1518 660 talia
1538 621 1682 671 esse,
1700 607 2007 663 secundum
2032 618 2310 672 naturam,

720 706 779 751 et
799 695 1074 751 absimilia
1092 698 1206 753 sint
1229 713 1352 767 qua:
1379 698 1649 753 diﬂerunt
1671 701 1886 755 naturis
1909 701 2056 755 aliud
2079 701 2152 755 ab
2179 702 2311 766 alio,

721 781 833 841 non
868 786 1086 843 ratione
1136 790 1398 855 omnino,
1452 788 1548 843 sed
1581 789 1696 859 ipsa
1728 790 2073 845 exsistentia.
2112 791 2311 847 Subsi-

723 881 959 935 stentias
985 881 1134 935 enim
1167 891 1414 937 servatas
1442 882 1748 938 secundum
1780 882 1932 953 quod
1955 882 2312 954 distinguun-

724 981 839 1038 tur,
863 975 922 1028 in
959 989 1028 1028 eo
1058 974 1312 1028 nnilicari
1345 973 1694 1044 impossibile
1722 983 1828 1030 est.
1849 975 1904 1029 Si
1931 976 2101 1046 igitur
2128 976 2313 1031 subsi-

721 1067 922 1120 stentia
970 1066 1043 1120 sit
1089 1066 1446 1136 particularis
1490 1066 1726 1132 homini,
1769 1069 2056 1137 quomodo
2107 1068 2164 1122 in
2198 1069 2312 1124 Deo

721 1159 910 1214 Verbo
959 1173 1062 1229 per
1110 1160 1376 1214 unionem
1425 1159 1592 1214 homo
1625 1167 1732 1225 est,
1782 1159 1829 1214 si
1881 1160 2065 1230 reipsa
2110 1160 2312 1214 habeat

719 1251 871 1321 quod
895 1260 1118 1322 separet
1141 1252 1293 1306 hunc
1314 1251 1548 1306 abillo?
1589 1251 1735 1306 sicut
1756 1253 1926 1324 igitur
1950 1253 2020 1306 ab
2050 1251 2311 1306 omnibus

718 1344 844 1400 aliis
858 1354 1014 1400 extra
1043 1343 1444 1400 exsistentibus
1462 1344 1788 1400 hominibus
1806 1353 2098 1414 separatur
2119 1344 2308 1410 homo,

719 1438 777 1493 id
809 1447 895 1494 est
918 1453 1018 1508 per
1052 1438 1497 1502 subsistentiam,
1532 1446 1747 1492 natura:
1778 1444 1969 1492 autem
2017 1437 2311 1491 inconfuse

719 1531 985 1586 alimvaliis
1015 1530 1161 1585 uniri
1185 1541 1413 1600 possent
1441 1530 1499 1585 in
1527 1529 1891 1586 subsistentia
1927 1529 2167 1602 quadam
2199 1544 2308 1583 non

716 1623 1060 1693 accipientes
1105 1623 1230 1678 aliae
1259 1623 1332 1678 ab
1389 1623 1513 1679 aliis
1565 1624 1826 1694 proprias
1872 1623 2157 1688 rationes;
2196 1638 2310 1676 non

715 1718 865 1770 enim
897 1715 1015 1772 hanc
1052 1725 1264 1770 naturae
1295 1715 1439 1770 ratio
1467 1715 1634 1769 modo
1663 1714 1935 1770 distincto
1964 1723 2021 1769 et
2041 1714 2306 1768 determi-

718 1818 852 1863 nato
883 1809 954 1862 ab
983 1807 1134 1862 omni
1169 1816 1369 1861 natura
1397 1805 1683 1871 subsistit,
1721 1813 1785 1859 ut
1814 1805 2305 1860 subsistentiarum

2424 607 2494 658 τά
2530 606 2854 678 διεστηκότα
2885 610 3005 671 ταῖς
3038 607 3265 676 φύσεσιν
3294 608 3566 680 ἀλλήλων.
3597 609 3659 662 οὑ
3688 607 3834 679 λόγῳ
3860 609 4016 661 πάν-

2423 712 2552 759 τως,
2580 697 2697 750 ἀλλ’
2737 698 2875 768 αὐτῇ
2893 701 2961 768 τῇ
2991 699 3245 770 ὑπάρξει.
3271 699 3383 762 Τάς
3412 699 3745 762 ὑποστάσεις
3762 700 3871 770 γάρ
3907 715 4024 751 σω·

2423 787 2660 856 ζομένας
2688 790 2833 843 κατά
2851 789 3015 844 τοῦτο
3044 791 3166 844 καθ’
3195 790 3225 844 ὃ
3255 790 3609 862 διορίζονται,
3639 794 3697 845 ιν
3712 792 3891 860 τούτῳ
3922 795 4027 844 καὶ

2422 879 2680 934 ένοῦσθαι
2720 881 3004 937 ἀδύνατον.
3033 885 3094 936 Εἰ
3127 878 3224 937 οὖν
3271 885 3501 952 γέγονεν
3527 885 3829 948 ὑπόστασις
3862 887 4023 955 tam;

2421 971 2501 1043 τῷ
2525 973 2820 1046 ἀνθρώπῳ,
2851 975 2971 1038 πῶς
3008 979 3066 1029 ὲν
3089 976 3168 1046 τῷ
3197 976 3319 1046 Θεῷ
3343 978 3503 1046 Λόγῳ
3517 977 3606 1031 διὰ
3627 979 3725 1049 τῆς
3755 979 4024 1042 ἑνώσεως

2422 1067 2452 1118 ό
2484 1065 2776 1136 ἅνθρωπός
2833 1068 3007 1127 ἐστιν,
3051 1069 3100 1122 εί
3133 1070 3308 1134 δντως
3327 1069 3441 1138 ἔχοι
3471 1070 3632 1123 τοῦτο
3669 1070 3731 1123 τδ
3778 1072 4025 1142 χωρίζσν

2423 1158 2591 1213 αὑτὸν
2640 1159 2737 1212 ἀπ’
2764 1159 2935 1213 αὑτοῦ
2965 1179 2980 1226 ;
3006 1161 3196 1231 ὥσπερ
3223 1161 3316 1216 οὖν
3354 1163 3453 1216 καὶ
3498 1163 3607 1216 ἀπὸ
3645 1164 3864 1217 πάντων
3902 1165 4023 1217 τῶν

2421 1250 2598 1305 ἄλλων
2627 1252 2735 1304 τῶν
2753 1253 2911 1316 ἐκτὸς
2925 1253 3094 1307 αὑτοῦ
3126 1254 3457 1321 ὑφεστώτων
3485 1255 3814 1324 ἀνθρώπων,
3840 1257 4025 1324 ἡγουν

2419 1344 2517 1412 τὴν
2552 1343 2877 1410 ὑπόστασιν,
2903 1346 3098 1415 φύσεις
3147 1347 3203 1400 δὲ
3237 1347 3334 1400 καὶ
3387 1346 3641 1401 ένοῦσθαι
3684 1350 4024 1417 ἀσυγχύτως

2423 1433 2684 1503 ἀλλήλαις
2711 1435 2968 1488 δύνανται
3012 1438 3071 1488 ὲν
3100 1437 3399 1490 ὑποστάσει
3427 1439 3536 1491 τινὶ
3575 1439 3648 1508 μὴ
3680 1439 4025 1509 ἀναιρούμε-

2419 1543 2508 1579 ναι
2535 1527 2628 1580 ὑπ’
2658 1526 2907 1596 ἀλλήλων
2932 1529 3058 1591 τοὺς
3090 1529 3325 1592 οἰκείους
3358 1528 3572 1597 λόγους.
3604 1531 3680 1584 Οὑ
3716 1533 3827 1600 γὰρ
3859 1532 4026 1586 τοῦτο

2425 1621 2644 1690 φύσεως
2683 1623 2843 1691 λόγος
2890 1624 2952 1677 τὸ
3004 1626 3445 1698 διακεκριμένως
3491 1629 3587 1682 καὶ
3634 1629 4025 1699 διωρισμένως

2426 1713 2537 1767 ἀπὸ
2572 1717 2755 1786 πάσης
2794 1717 3011 1785 φύσεως
3061 1721 3454 1790 ὑφεστηκέναι,
3488 1721 3681 1793 ὥσπερ
3722 1723 3840 1775 τῶν
3883 1725 4024 1778 ὑπο-

2427 1807 2672 1861 στάσεων
2701 1824 2714 1837 ⁶
2753 1808 2873 1871 πῶς
2924 1810 3026 1862 οὑκ
3073 1809 3140 1863 ἂν
3186 1811 3484 1875 ἀκωλύτως
3529 1815 3618 1883 εἴη
3660 1815 3923 1884 ἡνωμένη
3955 1819 4023 1886 τῇ

718 1902 899 1966 ratio;
927 1900 1208 1969 quomodo
1235 1913 1348 1953 non
1379 1897 1822 1968 independenter
1851 1908 2001 1954 esset
2032 1901 2189 1951 unita
2221 1912 2307 1950 na-

2422 1899 2584 1968 φύσει
2631 1899 2728 1952 τοῦ
2763 1899 2901 1954 Θεοῦ
2953 1903 3133 1971 Λόγου
3164 1906 3197 1974 ἡ
3226 1903 3443 1974 φύσιςὴ
3475 1878 3823 1977 ἀνθρωπεία,
3850 1878 4026 1977 φύσις

719 2003 858 2047 tura:
882 1993 980 2046 Dei
1021 1991 1191 2046 Verbi
1224 1999 1423 2046 natura
1453 1990 1719 2057 humana,
1747 2007 1876 2046 cum
1916 1991 2043 2046 talis
2066 1998 2311 2055 maneat,

716 2095 773 2142 et
802 2085 954 2156 quod
990 2095 1078 2139 est
1109 2085 1356 2139 ostendit
1376 2085 1544 2139 etiam
1573 2084 1628 2138 in
1661 2083 1906 2138 unione?
1930 2097 2042 2137 non
2073 2081 2225 2136 enim
2255 2089 2316 2134 ut

716 2177 1078 2234 subsistentia
1103 2177 1482 2232 subsistentia:
1520 2177 1681 2231 unita
1707 2191 1829 2231 esse
1878 2183 2084 2246 potest.
2120 2189 2314 2228 serva-

715 2272 789 2325 tis
818 2269 1036 2325 duabus
1053 2266 1458 2331 subsistentiis,
1481 2266 1536 2320 id
1563 2274 1648 2321 est
1670 2265 2147 2335 separationibns,
2177 2263 2313 2318 illud

711 2380 836 2420 esse
865 2362 1285 2419 distinctionem
1315 2361 1386 2417 ab
1420 2359 1549 2415 aliis
1578 2358 2032 2430 signiﬁcantibus
2054 2372 2156 2429 per
2190 2371 2310 2410 ma-

711 2458 862 2513 xime
897 2456 1286 2527 particularem
1312 2453 1713 2525 proprietatem
1743 2453 1797 2507 in
1821 2451 2096 2523 singulis;
2126 2449 2306 2520 siqui-

713 2551 839 2607 dem
865 2550 1016 2605 enim
1067 2548 1216 2620 quod
1251 2547 1576 2604 distinctum
1617 2554 1725 2611 est,
1782 2561 1896 2601 non
1925 2544 2074 2616 quod
2109 2543 2314 2599 distin-

714 2646 860 2702 ctive
896 2645 1140 2699 sumitur
1167 2653 1225 2697 et
1252 2641 1418 2698 alicui
1452 2641 1666 2706 unitur,
1703 2639 1786 2695 sic
1821 2639 2015 2695 dicere
2041 2655 2150 2694 non
2183 2654 2313 2708 pos-

713 2755 935 2795 sumus.
996 2737 1342 2791 Alterutrum
1387 2735 1537 2790 enim
1590 2734 1909 2788 necessario
1971 2733 2308 2803 accipietur,

713 2839 812 2884 aut
854 2813 970 2882 non
999 2826 1179 2886 uniri.
1221 2835 1450 2882 autnon
1487 2824 1762 2896 distingui
1797 2839 1970 2878 unum
2010 2823 2080 2879 ab
2111 2823 2307 2877 altero.

713 2923 906 2990 Neque
945 2921 1001 2976 in
1043 2920 1146 2976 ista
1181 2920 1344 2974 istam
1395 2918 1585 2976 dicere
1628 2926 1716 2974 est
1770 2915 2215 2977 subsistentiam,
2263 2913 2310 2969 si

713 3013 981 3068 unionem
1018 3012 1388 3074 instituimus,
1431 3010 1670 3066 servatis
1696 3009 1751 3063 in
1791 3007 1902 3064 illis
1924 3006 2206 3062 distinctis
2239 3005 2309 3060 ab

715 3105 956 3160 invicem
989 3103 1460 3175 preprietatibus.
1508 3099 1810 3170 Quomodo
1856 3113 1990 3170 ergo
2024 3098 2082 3152 in
2128 3096 2312 3153 subsi-

714 3197 974 3255 sistentia
1023 3197 1214 3264 Verbi,
1254 3196 1554 3251 humanam
1613 3191 1946 3250 convenisse
1999 3190 2310 3247 subsisten-
2334 3227 2378 3286 α

713 3289 848 3344 tiam
879 3289 1175 3344 dicemus?
1204 3288 1260 3344 Si
1290 3288 1438 3343 enim
1470 3287 1524 3342 id
1555 3285 1700 3341 foret
1729 3284 2306 3355 unquam.convenis-

714 3390 800 3436 set
850 3381 1016 3436 simul
1065 3379 1426 3435 subsistentia
1463 3379 1516 3432 in
1566 3393 1666 3433 sua
1718 3377 1988 3433 totalitate
2037 3391 2222 3446 neque
2245 3390 2314 3431 ex

713 3482 872 3544 parte
920 3472 1017 3529 sed
1046 3488 1151 3542 per
1185 3470 1704 3543 juxtapositionem,
1750 3476 1814 3523 ut
1868 3468 1924 3522 in
1969 3456 2136 3522 domo
2171 3466 2314 3536 lapi-

715 3568 817 3622 des
849 3577 906 3621 et
935 3567 991 3621 in
1039 3567 1211 3620 choro
1237 3563 1528 3620 saltatorio
1553 3563 1808 3634 juvenes,
1839 3569 1896 3615 et
1939 3576 2050 3614 non
2076 3558 2313 3613 mansis-

714 3670 800 3716 set
833 3659 1070 3729 amplius
1095 3665 1347 3727 separata
1376 3658 1449 3712 ita
1474 3665 1535 3710 ut
1557 3664 1706 3710 esset
1731 3654 1897 3709 etiam
1925 3653 2150 3708 demum
2182 3651 2314 3706 sub-

715 3752 990 3805 sistentia.
1029 3749 1220 3804 Solum
1255 3748 1403 3802 enim
1438 3747 1492 3801 in
1540 3745 1875 3815 corporibus
1921 3742 2311 3814 partialishaac

714 3841 1092 3915 subsistentia
1121 3841 1255 3895 unio
1299 3839 1523 3894 videtur
1552 3853 1704 3892 mera
1728 3852 1841 3891 nec
1884 3832 2106 3906 proprie
2159 3833 2307 3888 exsi-

713 3948 888 4001 stens,
925 3952 1037 3992 non
1062 3933 1368 3991 secundum
1405 3931 1735 3987 totalitntem
1778 3928 2171 3989 subsistentia,
2208 3925 2304 3981 sed

713 4028 1019 4086 secundum
1066 4025 1555 4099 juxtapositionem
1614 4021 2036 4093 superﬁcierum
2092 4027 2188 4074 aut
2230 4018 2309 4074 le-

711 4123 866 4177 vium
911 4119 1336 4191 particularum,
1388 4125 1484 4171 aut
1535 4113 1997 4170 coadunationem
2038 4111 2302 4181 partium,

710 4227 808 4278 aut
835 4233 932 4290 per
960 4226 1208 4272 extrema
1228 4223 1410 4268 atoma
1443 4209 1700 4267 localiter
1723 4217 1972 4279 coaptata
2001 4223 2016 4272 ;
2047 4206 2126 4260 sic
2152 4205 2303 4259 enim

2417 1995 2603 2047 τοιάδε
2656 1993 2914 2064 μένουσα,
2947 1995 3042 2050 καὶ
3069 1997 3099 2048 ὃ
3140 1998 3353 2065 πέφυκε
3402 1999 3660 2053 δεικνῦσα
3710 2001 3808 2054 καὶ
3859 2004 3922 2053 ὲν
3955 2005 4023 2072 τῇ

2416 2084 2612 2139 ἐνώσει
2645 2104 2659 2151 ;
2694 2086 2771 2139 υὺ
2803 2087 2914 2160 γὰρ
2970 2087 3045 2150 ὡς
3084 2088 3384 2154 ὑπόστασις
3421 2091 3725 2145 ὑποστάσει
3755 2094 4023 2164 ἡνωμένη

2417 2177 2559 2230 εἶναι
2584 2177 2644 2230 οὑ
2682 2178 2909 2233 δύναται
2934 2181 3261 2252 σωζομένων
3295 2185 3465 2254 άμφω
3487 2185 3598 2239 τῶν
3624 2186 4022 2252 ὑποστάσεων,

2416 2269 2598 2322 εῐτουν
2656 2271 3051 2325 άποστάσεων’
3089 2274 3184 2327 καὶ
3228 2274 3363 2329 αὐτὸ
3400 2277 3565 2330 τοῦτο
3611 2280 3893 2350 χωρισμὸν
3926 2281 4026 2334 τὸν

2415 2363 2511 2433 ἀφ’
2547 2363 2752 2435 ἐτέρων
2780 2381 2846 2436 ση
2858 2365 3165 2434 μαινουσῶν
3191 2367 3281 2419 διὰ
3306 2367 3403 2420 τοῦ
3427 2370 3750 2423 ἰδικωτάτου
3787 2371 4027 2441 ἰδιώμα-

2416 2471 2510 2520 τος
2543 2455 2654 2510 τῶν
2684 2456 2808 2511 καθ’
2834 2457 3067 2512 ἕκαστα.
3101 2458 3277 2530 Εἴπερ
3302 2461 3413 2531 γάρ
3442 2461 3505 2512 τὸ
3556 2462 4018 2533 διακεκριμένον,

2417 2549 2480 2602 οὑ
2508 2548 2587 2618 τῷ
2620 2550 3058 2620 διακεκριμένως
3086 2547 3316 2625 τεεῖναι
3344 2552 3440 2606 καὶ
3473 2553 3721 2623 ἡνώσοαί
3747 2573 3857 2608 τινι
3881 2597 3895 2618 ,
3925 2559 4026 2610 οὗ·

2415 2660 2495 2696 τω
2553 2642 2737 2711 λέγειν
2779 2644 2841 2696 οὑ
2892 2643 3200 2714 δυνάμεθα·
3233 2646 3466 2716 θάτερον
3520 2649 3632 2719 γὰρ
3687 2651 4026 2716 ἀναγκαίως

2415 2735 2862 2805 ἀναιρεθήσεται,
2885 2736 2918 2806 ἢ
2938 2736 2999 2789 τὸ
3028 2737 3102 2806 μὴ
3135 2738 3434 2807 ἡνωμένον,
3467 2740 3585 2811 ἡτδ
3623 2741 3699 2812 μὴ
3729 2742 4029 2812 διακεκρι-

2419 2826 2582 2894 μένον
2610 2821 2752 2879 εἶναι
2782 2826 3007 2897 θάτερον
3034 2828 3261 2900 θατέρου
3289 2845 3304 2860 ’
3333 2832 3451 2884 οὐδὲ
3484 2834 3545 2884 ὲν
3574 2832 3702 2903 τῇδε
3735 2835 3900 2901 τήνδε
3933 2835 4030 2888 λέ-

2415 2933 2534 2985 γειν
2559 2917 2657 2988 τὴν
2687 2919 2986 2971 ὑπόστασιν
3018 2918 3200 2983 ἔστιν,
3223 2921 3418 2974 ἕνωσιν
3445 2923 3555 2975 τῶν
3600 2926 3656 2977 ἐν
3691 2925 3888 2989 αὑταῖς
3921 2929 4028 2981 ἀπ’

2413 3007 2664 3079 ἀλλήλων
2689 3008 3050 3080 διακριτικῶν
3078 3011 3382 3081 ἰδιωμάτων
3408 3014 3736 3085 σωζομένων
3761 3017 4031 3072 ὑποτιθε-

2414 3099 2628 3172 μένους.
2661 3100 2786 3163 Πῶς
2813 3097 2908 3154 οὗν
2935 3102 2994 3154 ἐν
3020 3103 3084 3172 τῇ
3110 3103 3408 3157 ὑποστάσει
3444 3105 3540 3158 τοῦ
3573 3107 3754 3174 Λόγου
3807 3108 4029 3180 ἀνθρω-

2412 3193 2575 3248 πείαν
2606 3193 3030 3264 συνεληλυθέναι
3060 3195 3364 3248 ὑπόστασιν
3386 3197 3652 3267 ἐροῦμεν;
3692 3200 3755 3252 Ei
3786 3200 3906 3271 γὰρ
3926 3204 4028 3255 καὶ

2413 3281 2482 3357 ἦν
2503 3302 2655 3350 ποτε,
2673 3285 2904 3355 συνῆλθε
2925 3287 2981 3340 δὲ
2997 3287 3144 3356 ὅμως
3169 3287 3464 3352 ὑπόστασις
3476 3289 3602 3342 καθ’
3626 3291 3760 3361 ὃλην
3788 3294 4025 3363 ἑαυτὴν,

2412 3376 2509 3430 καὶ
2541 3375 2645 3429 οὑκ
2667 3376 2777 3429 ἀπὸ
2804 3375 3001 3447 μέρους
3030 3377 3126 3429 καὶ
3157 3379 3301 3430 κατά
3336 3379 3644 3448 παράθεσιν
3673 3381 3753 3444 di;
3792 3384 3857 3436 ὲν
3883 3385 4030 3453 οἴκῳ

2409 3467 2570 3531 λίθοι,
2591 3467 2686 3521 καὶ
2713 3469 2764 3520 oi
2795 3470 2854 3520 ὲν
2876 3468 3024 3539 χορῷ
3056 3469 3190 3533 νέοι,
3221 3470 3325 3523 οὑκ
3351 3469 3567 3540 ἔμεινεν
3600 3471 3682 3524 ἔτι
3712 3475 4028 3541 ἀφεστῶσα

2409 3562 2609 3634 δηλαδὴ
2637 3561 2726 3616 ἵνα
2808 3561 3075 3626 ὡσαύτως
3105 3563 3409 3626 ὑπόστασις
3435 3565 3644 3618 λοιπόν.
3701 3567 3894 3620 Μόνον
3908 3568 4030 3638 γὰρ

2411 3658 2470 3709 ἐν
2514 3654 2763 3720 σώμασιν
2797 3657 2835 3725 ἡ
2863 3656 3066 3727 μερικὴ
3113 3656 3214 3725 τῆς
3247 3656 3602 3723 ὑποστάσεως
3639 3659 3784 3731 αὔτη
3815 3662 4029 3725 ἒνωσις

2411 3750 2608 3818 δρᾶται
2643 3747 2775 3819 ψιλὴ
2811 3747 2905 3801 καὶ
2933 3747 2995 3800 οὑ
3023 3748 3231 3818 κυρίως
3259 3748 3395 3801 οὖσα
3419 3765 3434 3780 °
3465 3751 3588 3804 οὑδὲ
3625 3754 3774 3807 κατά
3800 3753 3870 3808 τὸ
3895 3755 4029 3808 ὅλον

2410 3838 2512 3906 τῆς
2543 3837 2919 3900 ὑποστάσεως,
2958 3835 3098 3890 ἀλλά
3127 3838 3270 3890 κατά
3296 3839 3608 3909 παράθεσιν
3637 3843 4023 3911 ἐπιφανειῶν,

2410 3929 2444 3999 ἡ
2471 3927 2678 3999 μορίων
2707 3928 3073 3990 λεπτοτάτων,
3107 3927 3140 3998 ἡ
3181 3929 3505 4002 συμπλοκὴν
3532 3931 3748 4003 μερῶν,
3781 3934 3819 4005 ἡ
3859 3937 4025 3990 κατά

2407 4018 2626 4088 πέρατα
2655 4018 2900 4081 τοπικῶς
2934 4018 3288 4073 συνάπτουσα
3314 4021 3384 4073 τά
3415 4022 3600 4090 ἄτομα
3636 4038 3650 4050 °
3686 4023 3873 4089 οὕτως
3904 4029 4027 4100 γὰρ

2405 4108 2553 4173 λίθος
2591 4108 2746 4181 λίθῳ,
2777 4109 2874 4164 καὶ
2919 4110 3102 4164 ἔλαιον
3144 4110 3322 4176 ὓδατι,
3359 4113 3458 4168 καὶ
3485 4114 3651 4185 μίτος
3682 4117 3835 4186 μίτῳ
3870 4135 3883 4146 ·
3921 4125 4027 4174 καὶ

2406 4201 2580 4256 ταῦτα
2612 4204 2712 4274 μὲν
2750 4206 2879 4274 περὶ
2905 4203 3121 4259 τούτου.

712 4316 913 4387 lapidis
941 4313 1134 4385 lapidi,
1165 4312 1350 4367 oleum
1377 4322 1561 4378 aquae,
1595 4313 1653 4362 et
1683 4305 1840 4359 ﬁlum
1887 4303 1980 4357 lilo
2009 4305 2299 4357 uniuntur.
2333 4299 2404 4354 Et
2431 4297 2523 4354 illa
2546 4299 2770 4369 quidem
2791 4299 2860 4356 de
2892 4300 2999 4355 hoc
3022 4310 3370 4372 argumento.

780 4405 1072 4473 Quomodo
1101 4417 1288 4458 autem
1320 4410 1470 4458 esset
1497 4406 1700 4456 natura
1731 4405 1858 4452 ante
1883 4395 2298 4450 subsistentiam

2482 4393 2556 4446 Τὸ
2583 4393 2638 4446 δὲ
2670 4393 2786 4455 πῶς
2815 4394 2899 4464 εἴη
2937 4394 3003 4447 ἀν
3033 4393 3196 4462 φύσις
3225 4397 3331 4466 πριι
3364 4396 3466 4464 τῆς
3490 4397 3855 4463 ὑποστάσεως
3911 4403 4026 4470 τῆς

712 4497 1126 4569 porticularem,
1155 4493 1210 4548 in
1235 4494 1342 4549 hoc
1391 4507 1493 4546 vos
1513 4505 1715 4546 errare
1757 4485 2035 4558 superﬂue
2068 4501 2099 4540 a
2129 4484 2293 4542 nobis

711 4592 920 4647 dictum
940 4596 1047 4644 est.
1069 4585 1188 4641 Non
1214 4587 1363 4642 enim
1380 4584 1442 4639 id
1457 4583 1616 4639 vobis
1638 4582 1884 4638 diximus
1906 4577 2299 4650 praeexstitisse

709 4683 925 4738 scilicet
965 4680 1343 4737 subsistentia
1375 4676 1769 4748 particularem
1812 4674 2113 4728 humanam
2137 4677 2300 4744 natu-

709 4791 825 4831 ram
854 4773 1097 4837 Domini,
1129 4770 1227 4827 sed
1250 4786 1283 4826 e
1317 4780 1513 4825 contra
1539 4768 1706 4824 simul
1741 4767 1888 4822 illam
1914 4764 2197 4820 exstitisse
2235 4777 2300 4818 ac

708 4867 1042 4928 substitisse.
1071 4864 1276 4919 Verum
1295 4861 1487 4918 nonin
1517 4861 1839 4932 particulari
1872 4859 2056 4928 aliqua
2087 4867 2301 4913 natura

710 4961 971 5015 humana:
1010 4958 1184 5013 solius
1215 4955 1595 5021 subsistentia,
1627 4962 1762 5024 puta
1803 4952 1861 5007 in
1887 4965 2042 5007 mero
2071 4949 2298 5004 homine

708 5052 1102 5122 cognoscimus
1128 5091 1145 5112 ,
1199 5048 1298 5104 sed
1344 5049 1401 5102 in
1443 5045 1857 5118 prmexsistenti
1899 5041 2068 5099 'Verbi
2119 5039 2299 5096 subsi-

707 5143 951 5208 stentia;
988 5142 1046 5196 in
1099 5157 1208 5210 qua
1261 5139 1486 5211 propria
1538 5147 1595 5194 et
1634 5135 1991 5208 particularia
2025 5133 2281 5188 humanm

706 5242 920 5290 natura
943 5235 1219 5297 adunans,
1249 5240 1308 5286 et
1336 5231 1393 5285 in
1428 5243 1715 5284 concursu.
1737 5227 2029 5295 utriusque
2062 5235 2295 5286 natura,

710 5339 876 5380 unam
908 5337 1199 5392 personam
1233 5319 1494 5375 similiter
1516 5332 1586 5373 ex
1618 5325 1853 5386 utraque
1887 5324 2108 5378 natura,
2143 5323 2199 5368 et
2229 5327 2298 5367 ex

708 5417 1002 5486 utriusque
1030 5415 1286 5470 essentia
1301 5411 1643 5468 coacervatis
1654 5407 2094 5471 characteribus,
2113 5415 2298 5462 osten-

708 5509 789 5566 dit
813 5525 872 5566 se
902 5522 1048 5563 unus
1071 5524 1103 5562 e
1133 5521 1324 5563 sancta
1369 5503 1608 5567 Triade;
1643 5502 1739 5572 qui
1778 5499 2136 5556 subsistentia
2168 5499 2295 5568 qui-

707 5603 834 5658 (lem
885 5602 1068 5671 reipsa
1097 5608 1181 5656 cst
1205 5615 1316 5653 una
1344 5607 1580 5661 tantum,
1613 5604 1671 5650 et
1723 5593 1825 5648 ista
1872 5607 1985 5646 non
2030 5591 2291 5648 humana.

706 5694 970 5750 Naturam
1015 5692 1164 5748 enim
1211 5691 1381 5747 habet
1427 5702 1486 5745 et
1521 5687 1894 5761 pr0prietates
1924 5684 2158 5749 divinas,
2195 5698 2295 5738 ne-

705 5802 814 5858 qne
857 5785 1066 5840 divinis
1112 5785 1290 5838 solum
1322 5782 1526 5836 fruitur
1572 5777 2028 5851 proprietatibus.
2080 5774 2295 5845 Adjecit

704 5877 852 5935 enim
871 5877 1188 5932 divinorum
1209 5873 1597 5929 characterum
1623 5869 1934 5927 collectioni
1959 5867 2292 5936 assumptio-

2401 4484 2560 4549 ιδίας,
2577 4484 2804 4556 ἀπορεῖν
2823 4485 2988 4555 ὑμᾶς,
3012 4485 3281 4554 περιττῶς
3302 4487 3498 4559 ἐλέχθη
3518 4490 3653 4557 πρὸς
3671 4493 3848 4559 ἡμᾶς,
3875 4497 4026 4548 οὐδὲ

2406 4577 2518 4646 γὰρ
2556 4575 2716 4629 τοῦτο
2765 4577 2894 4646 ὑμῖν
2925 4578 3230 4648 εἰρήκαμεν
3280 4579 3355 4639 ώς
3386 4584 3705 4652 προῦπῆρξε
3736 4584 3842 4652 τῆς
3876 4588 4026 4640 ὑπο-

2403 4668 2650 4731 στάσεως
2678 4667 2888 4738 ἠίδικὴ
2921 4669 3080 4737 φύσις
3122 4672 3436 4741 ἀνθρωπεία
3456 4673 3551 4726 τοῦ
3580 4675 3885 4743 Δεσπότου,
3915 4679 4018 4732 ὀλ-

2399 4756 2472 4811 λά
2489 4759 2798 4812 τοὺναντὲον
2821 4759 2936 4830 ἃμα
2961 4778 3020 4815 τε
3045 4763 3207 4831 φῦναι
3224 4765 3319 4817 καὶ
3337 4753 3637 4835 ὑποστῆναι
3658 4768 3861 4834 αὑτήν·
3894 4771 4022 4824 ἀλλ’

2401 4850 2501 4903 οὐκ
2528 4853 2585 4904 ὲν
2617 4849 2759 4922 ἰδικῇ
2785 4867 2892 4904 τινι
2923 4854 3096 4925 αὐτῆς
3126 4855 3295 4926 μόνης
3315 4854 3452 4925 οὑσῃ
3476 4857 3806 4924 ὑποστάσει,
3835 4862 4023 4930 ἡγουν

2399 4939 2560 5012 ψιλοῦ
2571 4940 2860 5013 ἀνθρώπου
2887 4944 3253 5016 γινώσκομεν,
3268 4945 3448 5000 ἀλλ’ὲν
3458 4951 3524 5018 τῇ
3540 4952 3954 5020 προῠφεστηκυ
3963 4956 4022 5024 ἔα

2403 5033 2577 5100 αὐτῆς
2599 5038 2664 5105 τῇ
2687 5033 2784 5087 τοῦ
2820 5036 2998 5104 Λόγου
3035 5038 3357 5092 ὑποστάσειο
3388 5041 3447 5092 ὲν
3550 5045 3647 5095 καὶ
3673 5042 3749 5096 τὰ
3773 5045 3884 5112 τῆς
3911 5049 4020 5100 ἁν-

2402 5123 2684 5194 θρωπείας
2736 5125 2958 5195 φύσεως
2991 5126 3101 5180 ῐδια
3146 5129 3244 5183 καὶ
3280 5129 3552 5202 ἰδιώματα
3580 5134 3836 5203 συνάψας
3863 5178 3880 5202 ,
3911 5140 4020 5191 καὶ

2401 5218 2460 5269 ὲν
2493 5221 2560 5289 τῇ
2594 5219 2873 5290 συνδρομῇ
2920 5219 3030 5272 τῶν
3060 5221 3392 5292 ἀμφοτέρων
3422 5223 3660 5292 φύσεων,
3703 5227 3765 5280 ιν
3827 5231 4014 5299 πρὸσ-

2397 5325 2550 5362 ωπον
2583 5308 2786 5378 ὁμοίως
2837 5311 2932 5364 καὶ
2955 5309 3018 5375 ἐξ
3067 5313 3339 5384 ἑκατέρας
3387 5315 3628 5382 φύσεως,
3661 5319 3762 5370 καὶ
3793 5321 3865 5371 ὲκ
3893 5321 4015 5373 τῶν

2399 5401 2460 5467 ἐξ
2509 5400 2785 5473 ἑκατέρας
2816 5404 3006 5467 οὐσίας
3040 5405 3426 5475 σωρευθέντων
3444 5413 4011 5480 χαρακτηριστικῶν,

2398 5495 2604 5560 ἔδειξεν
2629 5495 2824 5549 ἑαυτὸν
2848 5495 3053 5566 ὁμοίως
3083 5497 3211 5551 ὄντα
3237 5502 3265 5552 ό
3294 5492 3376 5562 εἷς
3403 5502 3503 5570 τῆς
3534 5501 3702 5570 ἀγίας
3735 5503 4008 5572 Τριάδος·

2397 5588 2456 5651 ὃς
2490 5588 2788 5653 ὑπόστασις
2822 5589 2921 5657 μὲν
2942 5589 3111 5654 ὅντως
3140 5591 3260 5645 ἐστὶ
3293 5593 3392 5663 μία
3429 5593 3567 5663 μόνη
3592 5594 3690 5648 καὶ
3722 5596 3871 5668 αὑτὴ
3898 5599 4010 5650 οὐκ

2398 5681 2717 5753 ἀνθρωπίνη
2749 5681 2960 5759 ’,φύσιν
3015 5699 3076 5757 τε
3135 5682 3247 5756 γάρ
3306 5685 3402 5738 καὶ
3462 5684 3732 5756 ἰδιώματα
3781 5688 4012 5758 ἔχειτὰ

2399 5774 2520 5828 θεῖα
2547 5790 2562 5804 ⁶
2598 5775 2700 5828 οὐκ
2732 5778 2790 5827 ἐν
2823 5775 2991 5838 θείοις
3019 5775 3075 5827 δὲ
3131 5775 3292 5846 μόνον
3328 5779 3476 5831 ἐστὶν
3521 5777 3818 5847 ἰδιώμασιν
3850 5796 3865 5810 ⁸
3899 5799 4009 5834 τττκ

2375 5865 2645 5947 νιρισσεύει
2669 5868 2779 5938 γάρ
2808 5870 2903 5922 καὶ
2933 5871 3047 5932 τοῖς
3075 5869 3225 5940 παρά
3248 5871 3310 5924 τὸ
3347 5871 3492 5927 θεῖον
3529 5874 4009 5954 χαρακτηρίσμα-
