4214 6450
185 497 321 561 1553

1137 492 1536 553 ADVERSUS
1578 489 2129 549 NESTORIANOS.
2155 517 2218 522 --—
2245 493 2385 550 LIB.
2434 492 2484 549 ll

3318 493 3458 558 1554

184 620 237 656 σι
268 600 580 670 συναχθεῖσι
610 603 678 672 τῇ
710 601 1012 670 προσλήψει
1046 601 1141 670 τῆς
1166 601 1489 668 καινοτέρας
1524 587 1762 666 φύσέως.

1882 613 1996 652 nem
2054 599 2375 652 reccntioriq-
2429 610 2660 653 naturae.
2723 601 3221 658 Demonstrandum
3268 615 3455 661 autem

182 696 523 766 Προσεκτέον
561 693 619 746 δὲ
653 695 829 763 τούτῳ
879 693 1066 763 σαφῶς
1103 693 1196 745 καὶ
1228 695 1320 745 ἐπὶ
1350 694 1457 744 τῶν
1493 693 1710 761 μὺῐρων
1748 708 1761 721 ·

181 792 275 842 καὶ
328 788 437 857 γὰρ
485 786 924 858 προῦφεστώσης
975 789 1094 838 κατ’
1129 787 1266 839 ίδίαν
1314 787 1613 838 ὑπόστασιν
1670 785 1765 851 τῆς

185 880 369 951 μάζης
397 879 492 932 τοῦ
528 879 777 950 σιδήρου,
820 876 937 932 εἶτα
969 880 1050 937 εἰς
1099 881 1334 949 κάμινον
1378 877 1765 945 εἰσαγομένης,

181 972 356 1041 πυρὸς
397 973 560 1041 φύσις
607 974 746 1041 αὑτῇ
812 972 1189 1039 ὲπιγεννᾶται,
1245 971 1368 1022 οὔτε
1410 970 1602 1040 πρώην
1642 967 1768 1020 οὔτε

185 1062 293 1132 ἰδίᾳ.
327 1064 458 1116 ποτὲ
513 1063 873 1129 ὑποστάντος,
901 1063 1020 1116 ἀλλ’
1060 1065 1120 1116 ἐν
1183 1064 1320 1132 αὑτῇ
1361 1078 1372 1090 ⁸
1417 1063 1480 1114 ἐκ
1519 1061 1618 1130 μὲν
1672 1059 1769 1127 τῆς

183 1156 420 1223 καμίνου
453 1157 758 1225 τεχθέντος,
796 1156 954 1219 ἐκτὸς
980 1155 1036 1208 δὲ
1061 1155 1233 1224 αὑτῆς
1265 1157 1322 1207 ὲν
1348 1156 1414 1223 τῇ
1450 1153 1564 1223 ἰδέᾳ
1586 1152 1768 1222 δικαίᾳ

180 1246 350 1298 αὑτοῦ
387 1246 486 1317 τὴν
537 1248 837 1301 ὑπόστασιν
865 1247 1110 1317 ἔχοντος,
1143 1251 1238 1302 καὶ
1281 1248 1342 1301 τὺ
1377 1249 1434 1300 ἐν
1457 1249 1522 1318 τῇ
1552 1245 1770 1317 καμίνῳ

184 1337 302 1406 πῦρ
328 1340 428 1390 οὑκ
466 1339 941 1408 ἁπομειώσαιντος.

772 1455 1026 1510 ΚΕΦΛΛ.
1091 1456 1174 1508 Η⁹.

253 1565 317 1617 ΕΞ
341 1565 477 1627 ὅλως
508 1564 718 1635 ὑπέστη
749 1565 778 1617 ό
822 1565 882 1629 ἐξ
906 1565 1066 1634 ἡμῶν
1095 1566 1382 1638 ἄνθρωπος
1411 1571 1470 1621 ὲν
1513 1567 1591 1638 τῷ
1615 1567 1737 1638 Θεῷ
1756 1608 1770 1627 ,

180 1655 306 1718 πῶς
341 1656 440 1707 οὑκ
465 1654 706 1725 ἒρῤωται
740 1655 834 1707 καὶ
869 1655 1018 1708 ἔστιν
1045 1659 1078 1726 ἡ
1111 1658 1410 1721 ὑπόστασις
1424 1658 1519 1711 τοῦ
1537 1657 1596 1724 ἐξ
1616 1659 1773 1728 ἡμῶν

179 1745 476 1816 ἀνθρώπου
511 1750 570 1800 ὲν
599 1749 666 1817 τῇ
717 1748 1015 1801 ὑποστάσει
1047 1749 1144 1802 τοῦ
1182 1749 1319 1803 Θεοῦ
1352 1751 1563 1818 Λόγου;
1595 1752 1690 1806 καὶ
1723 1754 1772 1804 ει

183 1839 265 1908 μὴ
290 1839 528 1906 ἕρῤωται
556 1841 650 1892 καὶ
676 1839 827 1892 ἔστιν
855 1841 887 1909 ή
920 1841 1216 1905 ὑπόστασις
1248 1843 1344 1895 τοῦ
1383 1841 1443 1907 ὲξ
1484 1845 1642 1913 ἡμῶν
1673 1844 1771 1896 ἀν-

1877 690 1981 741 Ιμ)ο
2011 689 2159 741 clare
2191 689 2246 741 in
2275 689 2443 744 ferris
2474 690 2848 746 candentibus
2883 710 2893 741 :
2937 694 3143 747 etenim
3191 695 3448 764 praeexsi-

1874 779 2040 833 stenti
2075 780 2378 834 secundum
2405 782 2681 850 propriam
2704 782 3122 837 subsistentiam
3147 783 3279 839 ferri
3309 802 3454 841 mas-

1873 885 1967 931 sae,
2001 870 2200 925 deinde
2241 872 2293 924 in
2323 870 2503 924 focum
2537 873 2793 938 inductae,
2816 873 2959 944 ignis
2982 883 3179 929 natura
3212 875 3452 933 innasci-

1874 968 1985 1023 tur,
2018 977 2198 1030 neque
2229 973 2389 1016 antea
2419 978 2598 1034 neque
2628 966 2920 1034 separatim
2956 967 3328 1032 subsistentis,
3357 972 3454 1024 sed

1875 1053 1930 1106 in
1958 1053 2077 1122 ipsa
2109 1069 2308 1108 massa.
2344 1053 2481 1109 Cum
2529 1071 2658 1110 vero
2688 1071 2719 1110 e
2745 1057 2866 1110 foco
2914 1059 3114 1113 educta
3147 1069 3252 1124 est,
3301 1070 3456 1116 extra

1873 1159 1933 1199 se
1964 1145 2019 1198 in
2046 1161 2174 1200 vera
2207 1145 2379 1200 forma
2412 1146 2553 1216 ignis
2573 1147 2989 1205 subsistentiam
3009 1151 3200 1218 habet,
3227 1161 3286 1208 et
3316 1153 3458 1224 ignis

1875 1235 1932 1290 in
1957 1236 2079 1292 foco
2103 1253 2215 1293 non
2238 1237 2547 1294 diminutas
2571 1251 2677 1296 est.

2503 1450 2659 1507 CAP.
2695 1453 2832 1509 Vill.

1949 1567 2004 1621 Si
2057 1566 2111 1620 in
2147 1566 2416 1620 totalitate
2449 1565 2699 1622 substitit
2730 1567 2826 1637 qui
2860 1583 2892 1622 e
2935 1569 3098 1624 nobis
3140 1579 3263 1626 erat
3295 1570 3469 1627 homo

1878 1659 1933 1711 in
1966 1658 2100 1722 Deo,
2131 1657 2409 1727 quomodo
2434 1672 2546 1711 non
2567 1656 2796 1724 dicitur,
2834 1673 2940 1713 nec
2968 1669 3055 1713 est
3083 1663 3248 1716 etiam
3274 1663 3460 1718 subsi-

1880 1751 2086 1805 stentia
2113 1751 2360 1805 hominis
2388 1765 2420 1803 e
2447 1749 2610 1804 nobis
2646 1749 2867 1804 oriundi
2887 1750 2942 1806 in
2973 1753 3329 1808 subsistentia
3362 1755 3460 1810 Dei

1879 1841 2086 1896 Verbi?
2109 1850 2165 1895 et
2187 1841 2233 1895 si
2265 1856 2374 1894 non
2411 1840 2618 1896 dicitur
2646 1856 2752 1896 nec
2781 1850 2868 1896 est
2891 1841 3248 1898 subsistentia
3285 1844 3470 1899 homi-

179 1927 409 1999 θρώπου
433 1932 490 1982 ὲν
518 1930 598 2000 τῷ
627 1931 748 2000 Θεῷ
793 1932 954 2001 Λόγῳ
973 1973 988 1995 ,
1021 1931 1138 1994 πῶς
1158 1934 1280 2001 οὐχὶ
1317 1933 1596 1986 ἀπόλωλεν
1638 1935 1773 1986 ὑπο-

1882 1935 1966 1988 nis
1991 1950 2023 1987 e
2053 1933 2216 1988 nobis
2249 1933 2475 1988 oriundi
2522 1933 2578 1986 in
2618 1934 2732 1988 Deo
2765 1934 2972 2000 Verbo,
3017 1937 3302 2005 quomodo
3349 1954 3460 1992 non

182 2020 362 2071 στᾶσα
392 2018 425 2088 ἠ
452 2019 574 2072 οὑδὲ
597 2020 734 2083 ὅλως
756 2019 854 2089 τὴν
879 2021 1054 2091 ἀρχὴν
1086 2022 1326 2091 ὑπέστη;
1359 2019 1506 2094 *Δρα
1528 2024 1636 2093 γὰρ
1664 2025 1773 2076 πᾶν

179 2112 208 2162 ὅ
246 2127 332 2173 τις
363 2110 506 2162 εἴποι
539 2107 680 2163 εἶναι
714 2111 810 2164 καὶ
847 2111 1182 2180 ὑφεστάναι,
1243 2114 1338 2185 ἠδη
1372 2117 1464 2168 καὶ
1499 2115 1605 2186 ἰδίᾳ
1632 2111 1773 2169 εἶναι

181 2222 322 2276 φησι
347 2224 362 2271 ;
392 2205 602 2259 Οὐκοῦν
635 2208 759 2259 ἐπεὶ
792 2203 934 2261 εἷναί
963 2226 1144 2283 φαμεν
1185 2211 1278 2262 καὶ
1305 2210 1671 2280 ὑφεστηκέναι
1715 2213 1774 2264 ὲν

178 2297 261 2365 τῷ
299 2298 573 2369 ἀνθρώπῳ
617 2301 771 2370 χεῖρα
817 2300 912 2352 καὶ
941 2299 1079 2354 ποῦν
1112 2301 1210 2353 καὶ
1241 2301 1412 2371 ὄνυχα
1473 2303 1567 2355 καὶ
1595 2298 1770 2374 ἧπαρ,

179 2390 286 2459 ἤδη
315 2391 408 2442 καὶ
433 2391 539 2461 ἰδίᾳ
568 2388 710 2444 εἶναι
738 2393 934 2453 ταῦτα,
969 2393 1064 2446 καὶ
1087 2392 1524 2464 διακεκριμένως
1541 2395 1773 2447 ἕκαστον

177 2483 392 2536 τούτων
421 2483 566 2556 ἔχειν
585 2486 886 2539 ὑπόστασιν
907 2486 1205 2558 δοξάσομεν
1229 2504 1242 2552 ;
1269 2488 1376 2540 Καὶ
1395 2488 1517 2541 νοῦν
1542 2487 1600 2541 δὲ
1629 2483 1772 2540 εἶναι

180 2579 240 2628 ὲν
267 2576 452 2648 ψυχῇ,
486 2579 578 2630 καὶ
612 2580 670 2630 ὲν
701 2578 778 2648 τῷ
809 2579 1023 2647 σώματι
1049 2579 1422 2649 ὑφεστηκέναι
1471 2581 1531 2633 τὸ
1577 2581 1773 2650 χρῶμα

180 2667 454 2737 λέγομενο
497 2663 610 2738 ἆρα
641 2664 734 2722 οὖν
788 2670 885 2722 καὶ
940 2669 1269 2733 ὑποστάσεις
1311 2669 1478 2722 τῶνδε
1538 2670 1774 2740 ζητήσο-

185 2777 332 2830 μενς
381 2761 489 2814 Καὶ
523 2762 642 2824 πῶς
682 2761 748 2815 ἂν
777 2756 880 2815 ὧδε
911 2763 974 2815 τὸ
1003 2762 1064 2814 ἐν
1096 2780 1204 2816 τινι
1250 2763 1542 2833 λεγόμενον
1586 2761 1726 2818 εἶναι
1756 2804 1770 2828 ,

185 2854 351 2922 ὑμεῖς
382 2855 517 2923 ἡμῖν
548 2854 680 2918 ἴσως
706 2854 1082 2925 ἐρμηνεύσετε
1113 2874 1129 2922 ;
1175 2857 1336 2909 ’Λλλὰ
1365 2859 1423 2910 τὸ
1450 2858 1519 2910 τὰ
1547 2858 1773 2911 τοιαῦτα

184 2944 393 3012 λέγειν,
425 2945 566 3015 τάχα
592 2946 649 3000 δὲ
678 2946 770 2998 καὶ
789 2947 853 2998 τὸ
885 2946 1150 3008 τοιούτοις
1178 2946 1500 3016 ἀντιλέγειν,
1549 2948 1775 3017 ἀλογίαν

183 3038 217 3107 ἢ
252 3038 779 3110 λογιότητα,πολλὴν
816 3040 1274 3112 ἐπιμαρτύρεται.

785 3314 1035 3367 ΚΕΦΛΛ.
1083 3316 1158 3368 8'.

264 3445 328 3500 El
357 3448 416 3498 ὲν
443 3446 523 3518 τῷ
549 3447 670 3517 Θεῷ
689 3448 846 3518 Λόγῳ
872 3443 1053 3516 λέγεις
1078 3450 1381 3518 ὑφεστάναι
1408 3453 1499 3506 τὸν
1525 3455 1585 3516 ἐξ
1619 3454 1777 3524 ἡμῶν

187 3538 498 3608 ἄνθρωπον,
537 3540 654 3601 πῶς
677 3540 828 3609 αὐτῷ
850 3541 929 3607 τῷ
951 3529 1251 3610 ὑφεστάναι
1279 3584 1296 3605 ,
1338 3545 1439 3615 οὑχ
1478 3546 1778 3601 ὑπόστασιν

185 3631 371 3701 δηλοῖς
407 3632 554 3702 ἔχειν
594 3633 685 3684 τὸν
709 3633 1063 3700 ὑποστάντας
1098 3635 1220 3686 Ὅτι
1261 3636 1360 3705 μὲν
1406 3637 1713 3706 ὑφέστηκεν
1750 3641 1779 3693 ὁ

187 3722 477 3792 ἄνθρωπος
505 3725 565 3776 ὲν
594 3724 672 3795 τῷ
699 3724 819 3793 Θεῷ
846 3725 1030 3795 Λόγῳ,
1074 3727 1275 3796 μᾶλλον
1313 3728 1467 3795 ὑμῶν
1517 3729 1730 3800 βοῶμεν
1761 3745 1777 3760 ⁸

187 3815 334 3880 ἀλλ’,
363 3815 440 3878 ὡς
471 3813 668 3878 ἔοικεν,
718 3814 1052 3869 ἐπελάθεσθε
1097 3817 1226 3888 περὶ
1274 3818 1398 3870 ὅτου
1445 3819 1583 3888 πρὸς
1633 3821 1782 3890 ἡμᾶς

184 3905 529 3976 διεφέρεσθε,
560 3906 652 3958 καὶ
673 3905 803 3958 ἄλλο
829 3906 927 3958 νῦν
949 3909 1254 3976 ἐγκαλεῖτε.
1302 3911 1375 3962 Τὸ
1393 3909 1502 3981 γὰρ
1530 3911 1634 3982 [δίᾳ
1659 3913 1780 3965 καθ’

192 3997 339 4066 ὑμᾶς
371 3997 738 4064 ὑφεστηκέναι
760 3997 852 4049 τὸν
875 3997 1168 4066 ἑνούμενον
1191 4000 1340 4064 ἅπαξ
1367 4003 1543 4053 εἰπεῖν
1572 4000 1783 4072 ἀνθρώ-

191 4107 318 4151 πον,
346 4090 408 4141 οὑ
431 4088 845 4158 καταδεχόμεθα
865 4107 878 4119 ·
914 4091 1000 4144 ἵνα
1031 4093 1104 4163 μὴ
1131 4092 1225 4146 δὺο
1251 4093 1505 4147 ἐντεῦθεν
1523 4094 1621 4160 τὰς
1652 4095 1784 4149 ὑπο-

191 4182 412 4244 στάσεις
470 4183 784 4252 σωζομένας
840 4185 900 4236 ὲν
957 4184 1036 4253 τῷ
1084 4186 1341 4250 ἰδιάζοντι
1392 4187 1631 4259 ἑκατέρα
1675 4188 1784 4242 τῶν

194 4271 571 4326 συνελθουσῶν
621 4275 766 4345 λόγῳ
809 4281 1266 4348 παραστήσαντες
1297 4317 1313 4340 ,
1359 4279 1458 4348 τὴν
1487 4279 1682 4333 ἕνωσιν
1721 4283 1786 4334 ὲκ

196 4365 417 4434 βάθρων
452 4367 872 4438 ἀνατρέψωμεν.
933 4368 999 4423 Et
1043 4371 1152 4439 γὰρ
1198 4371 1295 4423 καὶ
1333 4369 1441 4443 ἰδίᾳ
1473 4372 1785 4440 ὑφεστῶτος

191 4459 459 4526 ἑκατέρου
489 4459 598 4510 τῶν
632 4460 690 4511 ἐν
729 4458 974 4529 Χριστῷ,
1004 4459 1194 4528 λέγετε
1232 4461 1457 4515 δυνατὸν
1491 4459 1632 4517 εἶναί
1662 4481 1784 4518 τινα

192 4549 392 4602 ἕνωσιν
440 4552 658 4618 αὑτοῐς;
706 4552 776 4604 Ἣ
822 4539 943 4606 καθ’
973 4553 1042 4624 ἢν
1085 4554 1182 4606 καὶ
1216 4555 1382 4607 Δαὸὶδ
1411 4556 1488 4626 τῷ
1537 4557 1784 4628 πολεμίῳ

195 4641 365 4695 αὑτοῦ
420 4641 615 4695 Γολιὲιθ
670 4644 812 4696 κατὰ
867 4644 968 4713 τὴν
1039 4645 1363 4716 συμπλοκὴν
1452 4646 1546 4700 τοῦ
1621 4648 1784 4701 πολέ-

200 4753 326 4803 μου,
383 4735 478 4786 καὶ
530 4736 630 4803 τὴν
686 4737 968 4806 ἐνέργειαν
1027 4737 1128 4807 τῆς
1181 4739 1394 4792 ἐκείνου
1447 4739 1783 4810 ἀναιρέσεως

195 4825 479 4897 ἡνωμένος
523 4821 592 4897 ἦν
649 4843 825 4895 φατε;
893 4829 962 4880 Ἢ
1000 4829 1122 4882 καθ’
1182 4829 1251 4900 ἢν
1313 4830 1516 4900 Ἰωσὴφ
1560 4835 1620 4884 ὲν
1683 4835 1783 4886 Αἰ-

194 4917 393 4987 γύπτῳ
457 4916 538 4970 ὢν
569 4958 583 4982 ,
635 4916 713 4987 τῷ
772 4918 1032 4989 Βενιαμὶν
1093 4921 1310 4990 ﬂventa;
1388 4922 1458 4973 Ἦ
1531 4923 1654 4975 καθ’
1719 4929 1785 4994 ἠν

187 5013 223 5079 ὴ
253 5009 510 5081 ἐνέργεια
541 5009 636 5062 τοῦ
681 5011 944 5078 μουσικοῦ
978 5014 1045 5081 τῇ
1080 5013 1315 5084 κιθάρᾳ;
1349 5015 1421 5066 Ἥ
1454 5031 1576 5068 τινα
1606 5017 1786 5070 τοιάν-

187 5104 246 5158 δε
276 5100 758 5173 ὑφεπηκέναιοὺν
788 5105 1044 5172 πάντως;
1081 5105 1172 5158 Ἐν
1199 5111 1354 5179 κοινῇ
1373 5109 1432 5161 δὲ
1455 5109 1550 5161 καὶ
1583 5111 1682 5180 μιᾷ
1711 5113 1775 5180 τῇ

189 5197 493 5249 ὑποστάσει
522 5198 616 5250 τόν
644 5215 706 5250 τε
737 5199 910 5266 Λόγον
938 5200 1033 5253 καὶ
1069 5200 1168 5269 τὴν
1201 5201 1380 5272 σάρκα
1408 5204 1526 5273 ἅμα
1555 5203 1775 5269 δοξάζο-

194 5308 294 5360 μεν
341 5292 502 5359 ἡμεῖς
525 5306 538 5318 ⁸
570 5291 727 5356 ὑμεῖς
747 5291 803 5344 δὲ
837 5294 885 5344 εί
925 5294 1019 5344 καί
1053 5293 1130 5363 μὴ
1156 5295 1268 5356 τοῖς
1308 5295 1486 5365 ὴμῶν,
1513 5296 1646 5349 ἀλλὰ
1663 5299 1779 5361 τοῖς

190 5397 255 5448 γε
291 5379 600 5448 ὑμετέροις,
625 5379 740 5442 πῶς
763 5380 864 5432 οὑκ
897 5382 1292 5452 ἐπισκήπτετε,
1315 5385 1374 5436 ὲν
1401 5384 1476 5453 τῷ
1508 5385 1667 5455 Λόγῳ
1697 5385 1783 5438 λέ-

191 5486 384 5538 γοντες
407 5471 503 5521 καὶ⁵
530 5469 687 5525 αὐτοὶ
717 5468 808 5522 τὸν
839 5470 1126 5540 ἄνθρωπον
1159 5465 1330 5538 εἷναι;
1355 5472 1428 5524 Τὸ
1460 5473 1568 5543 γὰρ
1592 5472 1650 5525 ἐν
1673 5490 1779 5524 τινι

192 5563 485 5631 λεγόμενον
522 5559 695 5626 εἶναι,
730 5562 830 5632 τὴν
875 5561 1069 5614 ἕνωσιν
1109 5561 1206 5633 τὴν
1254 5564 1393 5635 πρὸς
1429 5565 1590 5617 αὑτὸν
1641 5582 1782 5634 μαρ-

198 5653 423 5724 τύρεται
450 5671 463 5683 °
493 5654 556 5707 τὸ
577 5655 633 5707 δὲ
671 5653 777 5724 ἰδία
803 5654 1069 5723 ἐκατέρου
1106 5654 1287 5723 λέγειν
1316 5656 1444 5717 ,τῶν
1493 5656 1794 5726 ὑποκειμέ-

197 5766 306 5801 νων
339 5743 478 5801 εἶναι
504 5749 603 5820 τὴν
635 5749 935 5802 ὑπόστασιν
965 5787 982 5814 ,
1023 5748 1122 5818 τὴν
1169 5749 1305 5820 πρὸς
1341 5750 1545 5819 ἄλληλα
1583 5751 1788 5803 τούτων

195 5841 479 5894 διάστασιν
519 5841 708 5908 σαφῶς
740 5841 994 5910 ὁμολογεί
1024 5857 1038 5872 ·
1079 5840 1254 5893 ταντὰ
1286 5841 1342 5893 δὲ
1375 5842 1490 5911 ἅμα
1529 5845 1656 5913 περὶ
1690 5842 1784 5896 τοῦ

203 5934 366 5990 αὑτοῦ
398 5934 576 6003 λέγειν
604 5933 634 6002 ἦ
670 5937 886 6004 φρονεῖν
915 5975 926 5999 ,
961 5935 1080 5986 λιαν
1111 5933 1425 6010 ἁσύμϐατα.

1879 2026 2045 2097 periit
2069 2026 2293 2095 quando
2313 2025 2598 2094 supposita
2618 2033 2705 2080 est
2726 2025 2860 2092 Deo,
2877 2034 2972 2080 aut
2990 2042 3097 2082 non
3135 2029 3380 2083 totaliter
3408 2030 3461 2083 in

1879 2117 2157 2187 principio
2185 2117 2478 2172 substitit?
2523 2118 2666 2173 Num
2698 2120 2846 2175 enim
2896 2136 3060 2177 omne
3091 2124 3242 2193 quod
3265 2123 3466 2194 aliquis

1880 2209 2092 2264 diceret
2126 2224 2247 2264 esse
2276 2217 2334 2265 et
2371 2211 2698 2277 subsistere,
2729 2213 2843 2284 jam
2875 2229 3099 2284 quoque
3129 2216 3352 2286 proprie
3379 2232 3469 2272 es-

1879 2316 1940 2356 se
1971 2301 2156 2356 dicet?
2196 2317 2351 2372 ergo,
2392 2317 2518 2357 cum
2565 2318 2687 2358 esse
2719 2304 2959 2360 dicimus
2989 2313 3048 2360 et
3075 2305 3378 2362 subsistere
3408 2307 3464 2362 in

1878 2394 2105 2448 homine
2145 2409 2370 2448 manum
2403 2404 2460 2448 et
2492 2395 2711 2464 pedem,
2747 2412 2989 2468 unguem
3031 2407 3088 2453 et
3130 2399 3311 2470 jecur,
3352 2400 3466 2470 jam

1882 2499 2102 2555 quoque
2130 2486 2352 2556 proprie
2373 2501 2496 2541 esse
2531 2487 2644 2553 illa,
2672 2495 2730 2542 et
2758 2487 3020 2544 distincte
3048 2489 3310 2560 quodque
3339 2490 3464 2546 illo-

1882 2591 2003 2630 rum
2043 2576 2248 2632 habere
2282 2577 2700 2632 subsistentiam
2743 2579 3109 2649 putabimus?
3138 2592 3194 2636 et
3223 2589 3465 2637 mentem

1881 2683 2002 2722 esse
2053 2667 2107 2721 in
2158 2669 2365 2734 anima,
2411 2676 2470 2723 et
2520 2668 2577 2724 in
2611 2685 2846 2741 corpore
2888 2673 3190 2729 subsistere
3220 2674 3475 2730 colorem

1883 2758 2156 2821 dicimus:
2187 2776 2318 2815 num
2372 2761 2540 2830 igitur
2569 2761 2964 2818 subsistentias
2991 2779 3186 2820 eorum
3215 2765 3465 2836 inquire-

1883 2853 2044 2906 mus?
2075 2862 2132 2906 et
2161 2853 2442 2923 quomodo
2495 2853 2588 2908 hic
2623 2853 2854 2924 aliquid,
2903 2855 3052 2925 quod
3087 2857 3141 2911 in
3166 2856 3353 2926 aliquo
3377 2856 3463 2911 di-

1882 2945 2028 2999 citur
2051 2959 2194 3009 esse,
2228 2959 2327 2999 vos
2365 2945 2526 3000 nobis
2570 2946 2779 3015 pariter
2813 2947 3203 3017 explicabilis?
3227 2949 3323 3005 sed
3350 2949 3466 3006 haec

1884 3035 2016 3089 talia
2061 3036 2270 3099 dicere,
2324 3051 2561 3106 moxque
2613 3037 2816 3091 talibus
2847 3039 3258 3106 contradicere,
3287 3040 3467 3094 stulti.

1886 3129 2015 3181 tiam
2046 3137 2099 3182 et
2126 3128 2470 3182 dialecticam
2502 3129 2729 3183 multam
2763 3138 3016 3184 testatur.

2539 3309 2690 3365 CAP.
2724 3309 2814 3364 IX.

1957 3445 2013 3501 Si
2049 3446 2104 3499 in
2139 3445 2254 3499 Deo
2289 3445 2470 3500 Verbo
2494 3443 2637 3498 dicis
2668 3442 2977 3498 subsistere
3003 3443 3285 3499 hominem
3318 3459 3467 3499 eno-

1883 3537 1970 3592 bis
2017 3537 2336 3600 oriundum,
2389 3534 2674 3606 quomodo
2708 3535 2815 3589 hoc
2864 3535 2984 3604 ipso
3012 3533 3161 3604 quod
3192 3532 3466 3596 subsistit,

1883 3647 1994 3685 non
2018 3629 2433 3685 subsistentiam
2465 3626 2715 3698 ostendis
2744 3627 2950 3682 habere
2980 3627 3134 3682 illum
3157 3626 3252 3697 qui
3283 3625 3468 3682 subsi-

1884 3722 2025 3778 stit?
2075 3721 2357 3776 hominem
2403 3720 2630 3791 quidem
2661 3720 2966 3776 subsistere
3020 3719 3077 3775 in
3115 3720 3230 3775 Deo
3263 3719 3466 3784 Verbo,
3506 3738 3508 3740 ν

1884 3829 1988 3868 nos
2039 3814 2213 3884 magis
2244 3828 2409 3882 quam
2441 3828 2542 3867 vos
2584 3812 2926 3879 clamamus;
2965 3811 3083 3877 sed,
3120 3819 3182 3866 ut
3223 3811 3466 3875 videtur,

1885 3922 1998 3960 non
2031 3905 2508 3975 comprehenditis
2538 3904 2595 3960 in
2643 3920 2811 3975 quoa
2860 3905 3026 3960 nobis
3073 3903 3363 3969 diﬂ‘eratis,
3414 3914 3471 3960 et

1883 3997 2035 4052 aliud
2060 4013 2209 4051 nunc
2238 3996 2501 4067 objicitis.
2525 3995 2764 4060 Etenim,
2789 3995 3039 4066 proprie,
3070 4003 3132 4050 ut
3155 3995 3468 4062 vosvultis,

1886 4091 2192 4146 subsistere
2223 4091 2442 4144 unitum
2477 4089 2648 4144 semel
2674 4088 2862 4144 dicere
2901 4089 3207 4154 hominem,
3239 4103 3348 4142 non
3378 4088 3474 4142 ad-

1885 4185 2178 4248 mittimus,
2206 4199 2298 4259 ne,
2327 4183 2466 4238 duas
2513 4182 2748 4253 proinde
2792 4181 3182 4238 subsistentias
3227 4189 3475 4238 servatas

1888 4277 1945 4331 in
1972 4277 2188 4331 ratione
2213 4285 2509 4344 utramque
2555 4274 3006 4330 convenientium
3046 4273 3325 4344 propriam
3353 4269 3472 4328 θαι.-

1878 4370 2069 4425 μοὶθηῑε
2100 4376 2444 4438 praestantes,
2473 4383 2504 4422 a
2551 4366 2928 4424 fundamentis
2961 4367 3224 4426 unionem
3253 4379 3473 4421 everta-

1889 4475 2033 4515 mus.
2072 4459 2129 4514 Si
2168 4461 2317 4513 enim
2363 4458 2586 4529 proprie
2613 4457 2870 4514 subsistit
2894 4466 3194 4528 utrumque
3221 4457 3276 4512 in
3309 4455 3475 4512 Chri-

1889 4562 1996 4615 sto,
2029 4550 2285 4606 dicitisne
2328 4549 2651 4621 possibilem
2669 4565 2793 4605 esse
2820 4550 2967 4604 inter
2986 4557 3285 4619 utrumque
3309 4548 3468 4603 unio-

1819 4663 1863 4718 η
1888 4643 2056 4698 nem?
2083 4659 2154 4698 an
2194 4642 2392 4698 eodem
2424 4641 2590 4695 modo
2636 4656 2746 4711 quo
2777 4641 2949 4696 David
2979 4641 3208 4696 inimico
3237 4655 3340 4696 suo
3370 4639 3477 4696 Go-

1887 4735 2046 4798 liath,
2078 4750 2178 4804 per
2203 4749 2402 4804 pugnas
2431 4733 2772 4797 conﬂictum,
2799 4743 2856 4788 et
2883 4733 2995 4787 vim
3023 4733 3265 4803 impetus
3290 4732 3475 4803 hujus,

1895 4827 2084 4882 unitus
2113 4826 2285 4881 fuerit
2325 4824 2558 4881 dicitis?
2586 4840 2656 4880 an
2693 4840 2762 4880 eo
2809 4823 2978 4880 modo
3027 4840 3140 4895 quo
3161 4825 3366 4894 Joseph
3421 4825 3479 4879 in

1890 4918 2123 4990 (Egypto
2174 4918 2502 4988 Benjamino
2522 4917 2715 4973 unitus
2763 4917 3014 4972 fuit?an
3063 4916 3258 4973 eodem
3312 4918 3478 4972 modo

1891 5027 2004 5083 quo
2032 5011 2231 5066 musici
2255 5010 2422 5065 ardor
2452 5011 2511 5065 in
2531 5026 2630 5066 sua
2656 5010 2872 5065 cithara
2897 5009 2921 5063 ἲ
2949 5025 3016 5064 an
3041 5009 3284 5080 aliquam
3314 5009 3477 5064 talem

1893 5103 2196 5158 subsistere
2222 5101 2450 5156 omnino
2477 5101 2856 5156 contenditis?
2882 5100 2937 5154 in
2973 5099 3258 5155 communi
3292 5109 3478 5156 autem

1887 5204 1944 5248 et
1972 5207 2078 5247 una
2116 5189 2475 5244 subsistentia
2521 5189 2768 5244 Verbum
2815 5198 2873 5247 et
2920 5205 3142 5244 carnem
3190 5189 3352 5244 simul
3379 5203 3481 5245 nos

1889 5292 2250 5354 reputamus;
2287 5297 2386 5336 vos
2423 5297 2554 5336 vero
2587 5281 2693 5337 etsi
2739 5297 2851 5337 non
2888 5282 3119 5348 nostris,
3161 5281 3258 5337 sed
3303 5292 3360 5338 et
3389 5298 3490 5339 ve-

1890 5379 2022 5431 stris
2049 5374 2342 5430 sententiis
2358 5372 2639 5443 quomodo
2653 5389 2764 5428 non
2789 5373 3032 5437 timetis,
3047 5373 3232 5443 ipsum
3259 5373 3316 5428 in
3338 5373 3478 5429 Ver-

1892 5470 1964 5525 bo
2006 5485 2104 5523 vos
2131 5466 2319 5522 dicitis
2370 5475 2428 5521 et
2470 5465 2756 5521 hominem
2785 5465 2953 5522 esse?
3000 5463 3207 5536 aliquid
3242 5465 3389 5520 enim
3424 5465 3481 5520 in

1894 5561 2081 5631 aliquo
2113 5575 2234 5615 esse
2263 5558 2310 5614 si
2339 5558 2578 5624 dicatur,
2617 5557 2747 5613 unio
2773 5558 3068 5628 utriusque.
3097 5556 3442 5630 signiﬁcatur
3463 5601 3477 5622 ,

1895 5654 1939 5708 si
1963 5653 2184 5708 dicatur
2204 5661 2390 5705 autem
2423 5651 2649 5721 proprie
2674 5665 2797 5706 esse
2827 5651 3242 5706 subsistentiam
3270 5651 3478 5706 utrius-

1893 5761 2001 5815 que
2035 5744 2472 5813 suppositorum,
2504 5743 2790 5798 distinctio
2814 5744 2961 5799 inter
2984 5752 3285 5814 utrumque
3334 5743 3480 5798 clare

1890 5837 2234 5903 ostenditur;
2265 5836 2460 5892 eadem
2499 5852 2629 5891 vero
2653 5837 2816 5891 simul
2847 5839 2915 5891 de
2936 5837 3132 5892 eodem
3166 5837 3352 5892 dicere
3388 5846 3482 5890 aut

1892 5934 2156 6004 cogitare,
2202 5931 2432 5987 nimium
2465 5931 2762 5986 absurdum
2802 5930 3044 5986 videtur.
