4214 6450
721 349 856 413 1555

1367 468 1518 524 CAP.
1571 471 1634 524 Χ.

781 551 837 606 Si
869 552 1118 608 subsistit
1146 557 1365 626 quidem
1397 559 1561 614 homo
1589 577 1620 616 e
1662 563 1822 620 nobis
1859 569 2148 635 oriundus,
2178 588 2290 628 non

717 642 878 698 habet
901 656 1084 702 autem
1116 649 1543 719 subsistentiam,
1575 658 1853 725 quomodo
1881 676 1988 713 non
2017 663 2288 718 contraria

709 735 899 802 doces,
940 739 1127 795 dicens
1173 741 1320 797 hunc
1349 744 1442 813 qui
1475 746 1723 802 subsistit
1755 766 1876 804 esse
1925 753 2283 810 insubsisten-

714 827 865 881 tem?
909 829 1096 894 Neque
1144 848 1265 901 qua:
1297 833 1480 891 dicitis
1528 839 1912 907 recordamini,
1960 860 2138 912 neque
2169 865 2290 917 quae

707 920 945 976 dicimus
977 926 1332 980 conservatis.
1367 927 1486 982 Non
1529 930 1974 988 insubsistentem
2004 937 2157 991 vehis
2187 939 2287 993 ho.

711 1011 912 1065 minem
960 1014 1304 1070 Dorninicum
1341 1018 1630 1073 ostendere
1663 1022 1948 1088 volumus;
1983 1027 2153 1083 absit!
2193 1032 2289 1084 sed

710 1111 817 1149 ron
840 1101 1057 1168 proprie
1074 1102 1485 1168 subsistentem,
1509 1105 1562 1159 id
1590 1118 1674 1162 est
1689 1124 1719 1163 a
1743 1110 1922 1167 Verbo
1942 1114 2285 1172 distinctum.

707 1183 976 1240 Eumdem
1001 1204 1134 1245 vero
1161 1207 1266 1244 non
1299 1193 1748 1252 insubsistentem
1795 1210 1850 1254 et
1894 1207 2109 1273 proprie
2155 1210 2288 1262 sub-

707 1277 993 1333 sistentem
1027 1281 1211 1336 dicere
1255 1286 1380 1353 quis
1422 1287 1670 1354 dubitet,
1724 1292 1768 1346 si
1815 1309 1936 1347 esse
1986 1299 2076 1351 tali
2126 1302 2289 1354 modo

710 1379 960 1436 respectu
1004 1371 1258 1439 aliorum,
1289 1383 1346 1428 et
1387 1377 1637 1434 absolute
1684 1397 1792 1435 non
1839 1399 1979 1449 esse,
2025 1391 2286 1446 confundi

707 1469 1008 1527 nequeunt.
1037 1478 1070 1515 υ
1097 1464 1484 1532 sapientissimi
1522 1469 1544 1522 ?

1350 1580 1502 1635 CAP.
1545 1583 1636 1638 XI.

774 1663 830 1717 Si
859 1663 1005 1719 Petri
1034 1667 1214 1721 anima
1243 1668 1345 1722 alia
1373 1679 1459 1724 est
1497 1686 1559 1725 ac
1592 1673 1742 1726 Pauli
1774 1675 1975 1730 anima.
2009 1680 2156 1733 aliud
2187 1698 2286 1734 au-

705 1765 815 1806 tem
859 1762 944 1808 est
973 1764 1070 1808 aut
1106 1765 1301 1809 natura
1322 1766 1378 1810 et
1411 1758 1764 1812 subsistentia
1793 1761 1962 1826 aliud,
1996 1773 2054 1816 ut
2085 1765 2286 1820 emtum

2007 371 2317 432 LEONTII
2360 374 2764 436 BYZANTINI

2989 487 3239 540 ΚΕΦΔΔ.
3295 489 3353 545 l’.

2466 575 2527 628 Ei
2563 575 2773 645 ὑπέστη
2809 575 2907 642 μὲν
2935 578 2963 628 ὁ
2990 575 3049 639 ἐξ
3085 576 3242 646 ἡμῶν
3281 576 3589 646 ἄνθρωπος,
3625 578 3726 632 οῦκ
3764 577 3879 648 ἔχει
3917 579 3972 632 δὲ

2394 667 2715 729 ὑπόστασιν,
2769 666 2886 730 πῶς
2933 667 3034 720 οὑκ
3083 668 3303 720 ἐναντία
3354 667 3738 736 δογματίζεις,
3775 672 3974 722 ἀνυποο

2395 775 2586 811 στατον
2637 758 2727 810 τὸν
2757 756 3101 828 ὑφεστηιιότα
3155 759 3363 826 λέγων;
3407 758 3544 811 Οῦτε
3586 753 3660 812 ὦν
3692 779 3826 828 φατε
3881 761 3971 832 μέ-

2396 848 2600 918 μνησθε
2625 888 2639 910 ,
2674 848 2796 902 οὔτε
2827 845 2906 912 οἷς
2937 850 3168 919 λέγομεν
3200 850 3592 918 ἐπισκήπτετε.
3617 853 3727 902 Οὺν
3773 854 3971 906 ἁνυπὸ-

2395 954 2586 990 στατον
2619 939 2746 1008 ὑμῖν
2767 940 2856 992 τὸν
2880 939 3160 1010 ἄνθρωπον
3184 940 3274 991 τὸν
3299 939 3576 1009 Κυριακον
3623 939 3790 1004 δεῖξαι
3849 941 3962 1011 βου-

2392 1027 2597 1097 λόμεθα
2623 1047 2634 1059 ·
2665 1030 2738 1100 μὴ
2773 1030 2981 1098 γένοιτο
3006 1031 3019 1083 ι
3048 1029 3162 1082 ἀλλ’
3205 1031 3304 1082 οὐκ
3335 1030 3760 1091 ξδιοϋπὸστατον,
3817 1049 3972 1084 τουτ-

2392 1118 2538 1170 έστιν
2589 1119 2697 1170 ἀπὸ
2728 1119 2821 1172 τοῦ
2851 1119 3023 1186 Λόγου
3057 1119 3446 1188 χωριζόμενον,
3475 1120 3557 1172 ὅτι
3594 1121 3648 1172 δὲ
3679 1121 3740 1172 οῦ
3774 1122 3971 1173 ταυτὸν

2393 1206 2763 1261 ἀνυπόστατον
2795 1209 2973 1276 λέγειν
3011 1209 3106 1261 καὶ
3165 1210 3602 1274 ἱδιοῦπόστατον,
3659 1211 3743 1274 τίς
3799 1214 3972 1280 ἀμσι-

2391 1297 2598 1363 ϐάλλοι,
2651 1302 2697 1352 ει
2740 1301 2802 1352 τὸ
2837 1301 2936 1369 μὲν
2969 1301 3064 1352 τοῦ
3091 1300 3210 1363 πῶς
3240 1296 3378 1354 εἶναι
3410 1301 3546 1369 πρὸς
3575 1303 3639 1354 τὰ
3671 1303 3834 1372 ἔτερα
3860 1344 3875 1358 .
3912 1305 3971 1355 το

2389 1387 2448 1440 δὲ
2475 1391 2566 1442 τοῦ
2595 1389 2729 1454 ὅλως
2769 1393 2842 1461 μὴ
2889 1388 3028 1446 εἶναι
3067 1392 3546 1462 δηλωτικόνὲστιν,
3565 1387 3609 1446 ὦ
3634 1393 3968 1462 σοφώτατοις

2981 1591 3231 1646 ΚΕΦΛᾹ.
3266 1591 3366 1646 IA'.

2463 1675 2527 1728 Ei
2550 1679 2580 1745 ἡ
2607 1679 2813 1748 Πειίου
2841 1678 2986 1748 ψυχὴ
3023 1680 3185 1750 ἑτέρα
3230 1682 3347 1734 ἐστὶ
3404 1683 3556 1755 παρὰ
3587 1684 3685 1752 τὴν
3709 1685 3929 1738 Παύλου
3955 1728 3967 1744 ,

2392 1769 2452 1820 τὸ
2489 1768 2547 1820 δὲ
2578 1770 2763 1840 ἕτερον
2794 1771 2828 1840 ἢ
2861 1770 3023 1838 φύσει
3055 1773 3149 1826 καὶ
3175 1773 3476 1826 ὑποστάσει
3497 1774 3704 1844 ἕτερον,
3731 1777 3805 1837 ὡς
3829 1779 3858 1828 ό
3887 1779 3972 1828 οῦ-

701 1854 756 1898 et
787 1854 952 1910 terra,
1009 1856 1103 1899 aut
1129 1847 1484 1903 subsistentia
1512 1852 1758 1916 omnino,
1790 1863 1846 1907 ut
1867 1865 2021 1924 pater
2043 1865 2096 1910 et
2118 1857 2280 1922 filius,

2391 1858 2549 1931 ρανδς
2575 1831 2881 1931 τῆςνγῆςξῆ
2917 1862 3215 1915 ὑποστάσει
3246 1864 3466 1930 πάντως
3491 1869 3564 1929 ὼς
3668 1871 3853 1937 πατὴρ
3876 1868 3970 1921 τοῦ

700 1939 977 2005 quomodo
1023 1955 1134 1993 non
1180 1951 1375 1995 natura
1410 1953 1468 1997 et
1513 1943 1886 2009 subsistentia,
1922 1957 2017 2001 aut
2057 1949 2284 2004 omnino

700 2028 1054 2085 subsistentia
1087 2031 1270 2085 ditiert
1300 2034 1480 2087 anima
1517 2035 1662 2088 Petri
1694 2036 1764 2089 ab
1805 2037 1983 2092 anima
2015 2040 2206 2094 Pauli?
2239 2041 2284 2094 si

703 2137 832 2175 vero
864 2121 916 2176 id
945 2122 1274 2188 admittitur,
1301 2125 1580 2194 quomodo
1627 2142 1734 2180 non
1775 2127 1938 2182 habet
1974 2129 2281 2184 subsisten-

705 2216 832 2267 tiatn
856 2215 1122 2285 cujusque
1145 2217 1346 2275 anima,
1373 2233 1481 2285 qua
1504 2217 1720 2270 diﬂ‘erat
1745 2220 1812 2272 ab
1835 2221 2060 2273 alterius
2079 2221 2281 2288 anima,

701 2316 793 2360 aut
820 2306 887 2360 ab
913 2309 1126 2370 eadem,
1159 2317 1253 2361 aut
1281 2324 1391 2361 non
1419 2307 1488 2361 ab
1523 2308 1714 2363 eadem
1745 2312 2018 2364 essentia?
2047 2312 2103 2365 Id
2134 2328 2282 2368 nunc

701 2417 729 2450 ιι
761 2399 919 2453 vobis
943 2400 1150 2452 dictum
1183 2408 1268 2454 est
1293 2399 1578 2453 evidenter
1606 2408 1666 2454 ut
1693 2401 2081 2456 ostenderetur
2107 2403 2284 2457 homi-

698 2491 787 2544 nis
814 2493 1078 2561 cujusque
1099 2491 1239 2545 duas
1265 2506 1388 2545 esse
1421 2493 1834 2556 subsiste-tilias;
1861 2495 1956 2548 sed
1991 2505 2051 2549 ut
2077 2511 2184 2549 non
2215 2513 2283 2550 ex

696 2583 949 2651 exemplo
990 2582 1292 2636 secundum
1330 2583 1608 2637 hominem
1655 2593 1876 2653 sumpto
1908 2586 2283 2655 impediamini

697 2676 831 2743 quin
877 2676 1016 2730 duas
1060 2676 1257 2730 dicatis
1301 2676 1689 2731 subsistentias
1731 2677 1956 2742 Christi,
1988 2695 2112 2733 cum
2159 2679 2283 2734 dua:

698 2769 810 2822 sint
848 2770 968 2836 ejus
1015 2783 1244 2834 naturae,
1279 2779 1340 2823 ut
1382 2769 1621 2824 dicimus
1666 2770 1735 2824 de
1780 2772 1946 2825 Petro
1991 2781 2045 2825 et
2090 2773 2277 2827 Paulo.

698 2861 849 2914 Pauli
883 2862 1052 2931 igitur
1109 2862 1311 2925 anima,
1342 2861 1444 2915 etsi
1475 2862 1578 2915 alia
1616 2863 1686 2916 sit
1715 2863 2067 2918 subsistentia
2099 2881 2197 2932 per
2225 2880 2282 2919 se

696 2955 893 3018 solam,
921 2955 1109 3008 nescio
1139 2955 1415 3023 quomodo
1445 2955 1603 3008 vobis
1630 2955 1888 3024 possibile
1913 2955 1984 3010 sit
2009 2957 2114 3010 hoc
2135 2957 2285 3026 judi-

696 3061 824 3100 care
855 3045 924 3100 de
971 3045 1062 3100 illa
1094 3047 1276 3100 adhuc
1306 3046 1362 3099 in
1397 3061 1562 3100 carne
1609 3048 1973 3116 permanenti,
2011 3047 2141 3102 item
2183 3063 2284 3102 cur

2387 1951 2527 2015 υἱοῦ,
2573 1951 2689 2014 πῶς
2719 1953 2839 2021 οὐχὶ
2865 1955 2930 2024 τῇ
2955 1953 3113 2022 φύσει
3133 1958 3227 2009 καὶ
3254 1959 3318 2027 τῇ
3347 1957 3715 2028 ὑπόστασει,ῆ
3750 1961 3970 2022 πάντως

2386 2045 2451 2110 τῇ
2474 2043 2771 2096 ὑποστάσει
2793 2042 3040 2114 διαφέρει
3070 2048 3103 2116 ἡ
3139 2046 3284 2118 ψυχὴ
3321 2048 3529 2118 Πέτρου
3574 2049 3675 2117 τῆς
3707 2050 3925 2102 Παύλου
3953 2069 3965 2114 ;

2386 2135 2514 2187 εἰδὲ
2547 2135 2738 2198 τοῦτο,
2791 2139 2907 2200 πῶς
2957 2140 3058 2190 οὑκ
3109 2139 3225 2209 ἔχει
3289 2141 3587 2195 ὑπόστασιν
3651 2144 3887 2194 ἑκάστου
3936 2145 3967 2208 ἡ

2384 2227 2530 2297 ψυχὴ
2553 2229 2672 2279 καθ’
2711 2229 2778 2297 ἣν
2797 2230 3048 2299 διαφέρει
3075 2231 3174 2298 τῆς
3204 2232 3416 2302 ἐτέρου,
3458 2233 3489 2303 ἦ
3523 2233 3631 2284 τῶν
3666 2233 3971 2301 τῆςάὖτῆς

2382 2319 2589 2380 οὐσίας,
2622 2319 2736 2387 ἣοὺ
2760 2321 2859 2389 τῆς
2883 2321 3054 2390 αὑτῆς
3081 2339 3094 2385 ;
3126 2322 3300 2376 Τοῦτο
3339 2322 3434 2376 νῦν
3467 2325 3598 2393 παρ’
3632 2325 3762 2391 ὑμῖν
3811 2325 3970 2392 δῆλον

2382 2412 2456 2471 ὡς
2482 2411 2570 2462 διὰ
2595 2411 2654 2462 τὸ
2680 2410 2849 2475 δεῖξαι
2878 2414 2975 2464 καὶ
2995 2411 3285 2483 ἀνθρώπου
3317 2415 3548 2466 ἑκάστου
3583 2414 3677 2466 δύο
3701 2414 3798 2475 τας
3834 2414 3972 2465 ὑπο-

2387 2502 2604 2564 στάσεις
2655 2500 2844 2564 οῦσας,
2874 2502 3092 2571 εἴρηται
3113 2518 3130 2534 ο
3169 2502 3255 2554 ἵνα
3285 2501 3360 2570 μὴ
3391 2503 3449 2554 δὲ
3483 2503 3547 2553 ὲκ
3569 2501 3664 2554 τοῦ
3697 2501 3845 2553 κατὰ
3880 2501 3973 2552 τὸν

2384 2595 2668 2664 ἄνθρωπον
2717 2594 3160 2664 παραδείγματος
3214 2597 3571 2648 ἀποκλείεται
3616 2596 3747 2666 ὑμῖν
3777 2596 3841 2647 τὸ
3880 2596 3973 2648 δύο

2383 2685 2562 2752 λέγειν
2591 2685 2687 2748 τὰς
2710 2687 3034 2748 ὑποστάσεις
3062 2687 3324 2756 Χριστοῦ,
3343 2686 3436 2740 δύο
3449 2687 3628 2740 οὐσῶν
3666 2687 3835 2740 αὑτοῦ
3863 2689 3975 2741 τῶν

2384 2778 2618 2844 φύσεων,
2661 2777 2852 2848 ὥσπερ
2902 2779 3082 2848 φαμὲν
3134 2778 3346 2849 Πέτρου
3397 2779 3428 2848 ἢ
3478 2779 3572 2832 τοῦ
3629 2780 3872 2833 Παύλου.
3913 2781 3976 2833 Ἦ

2384 2869 2596 2922 Παύλου
2645 2867 2738 2921 οῦν
2787 2869 2934 2937 ψυχὴ
2962 2910 2974 2928 .
3011 2871 3058 2921 εἰ
3093 2870 3188 2922 καὶ
3217 2871 3380 2938 ἑτέρα
3413 2871 3529 2922 ἐστὶ
3556 2873 3621 2939 τῇ
3671 2871 3977 2923 ὑποστάσει

2385 2959 2509 3011 καθ’
2541 2959 2710 3025 αὐτὴν
2741 2959 2931 3028 μόνην,
2957 2959 3058 3011 οὐκ
3084 2957 3201 3011 οἶδα
3232 2960 3352 3022 πῶς
3377 2961 3518 3030 ὑμῖν
3547 2962 3776 3015 δυνατοῦ
3820 2964 3978 3025 δντος

2383 3049 2544 3101 τοῦτο
2591 3047 2798 3116 κρῑνειν
2852 3049 2981 3116 περὶ
3041 3048 3212 3116 αὐτῆς
3273 3049 3353 3101 ἔτι
3421 3051 3850 3119 παραμενούσης
3912 3055 3978 3120 τῇ

697 3137 937 3191 animam
982 3133 1128 3191 Petri
1178 3137 1544 3206 assumpsisse
1598 3136 1849 3201 dicatur,
1898 3146 1994 3190 aut
2041 3138 2280 3191 animam

2392 3139 2574 3210 σαρκὶ,
2603 3140 2752 3209 ὅμως
2789 3139 2895 3190 ποῦ
2923 3139 3022 3207 τὴν
3056 3139 3235 3208 ψυχὴν
3271 3140 3477 3210 Πέτρου
3505 3141 3800 3194 ἀναλαϐεῖν
3826 3143 3984 3212 εἴρη-

697 3231 846 3284 I-‘etri
895 3231 948 3284 in
981 3230 1161 3284 anima
1195 3231 1345 3283 Pauli
1378 3244 1519 3292 esse,
1558 3237 1616 3282 ut
1647 3229 1863 3284 dixistis
1895 3244 1993 3284 vos
2019 3246 2196 3299 nuper
2224 3230 2278 3284 in

700 3325 812 3377 Deo
842 3322 1022 3378 Verbo
1045 3338 1165 3377 esse
1191 3323 1468 3376 hominem
1501 3321 1919 3375 contendentes.
1953 3321 2100 3375 lstud
2130 3322 2278 3375 enim

700 3415 930 3484 impedit
959 3432 1028 3469 ne
1061 3413 1575 3484 appareatdualitas
1595 3413 2097 3477 subsistentiarum,
2123 3414 2281 3467 unio-

699 3523 824 3562 nem
871 3507 1165 3562 admittere
1213 3515 1556 3560 naturarum.
1593 3504 1648 3559 Si
1692 3504 1840 3558 enim
1886 3505 2125 3559 Verbum
2171 3521 2279 3559 non

700 3617 924 3656 carnem
970 3599 1377 3669 assumpsisset,
1413 3607 1470 3651 ut
1503 3599 1696 3652 Petrds
1728 3613 1836 3650 non
1867 3597 2118 3661 Paulum,
2168 3599 2280 3651 rei-

702 3712 797 3764 psa
825 3704 973 3750 esset
1002 3693 1303 3748 secundum
1335 3693 1480 3747 Petri
1507 3698 1560 3745 et
1584 3690 1734 3744 Pauli
1760 3689 2094 3758 exemplum,
2119 3690 2280 3744 Verbi

700 3798 757 3841 et
789 3787 991 3851 carnis,
1026 3786 1078 3840 id
1121 3795 1225 3850 est,
1268 3783 1472 3839 Christi
1518 3782 1777 3843 hmninis,
1807 3781 2068 3836 differens
2099 3783 2283 3836 subsi-

703 3879 936 3943 stentia;
964 3879 1046 3932 sin
1075 3886 1254 3931 autem
1283 3876 1480 3929 Petrus
1507 3874 1735 3928 Paulum
1761 3890 1870 3927 non
1898 3870 2281 3943 assumpserit,

704 3982 765 4025 ut
786 3971 1023 4025 Verbum
1051 3982 1273 4022 carnem
1303 3965 1617 4035 assumpsit,
1645 3980 1753 4018 non
1785 3971 1934 4018 recte
1963 3965 2068 4018 hoc
2093 3980 2280 4018 exem-

702 4065 853 4132 plum
899 4063 956 4117 in
988 4076 1102 4115 rem
1133 4059 1440 4123 addueitis;
1475 4067 1531 4111 et
1561 4057 1603 4109 si
1655 4057 1996 4109 incarnatum
2047 4056 2282 4110 Verbum

705 4169 849 4208 unus
881 4153 1054 4207 Filius
1098 4161 1181 4205 est
1227 4159 1282 4204 et
1329 4165 1439 4202 non
1485 4149 1627 4211 duo,
1682 4147 1884 4202 Paulus
1929 4158 2109 4200 autem
2157 4163 2280 4199 cum

703 4247 868 4301 Petro
897 4259 1006 4298 non
1039 4258 1182 4296 unus
1227 4241 1398 4294 Fiiius
1431 4238 1526 4293 sed
1577 4238 1689 4294 duo
1715 4237 1812 4292 ﬁlii
1848 4247 1995 4301 sunt,
2026 4246 2283 4292 extranea

705 4337 865 4392 nobis
894 4335 1184 4404 praebetis;
1217 4343 1272 4388 et
1305 4333 1349 4387 si
1381 4348 1524 4386 unus
1550 4330 1802 4385 Christus
1830 4332 1883 4385 in
1914 4331 2200 4384 divinitate
2228 4339 2287 4384 et

703 4426 1048 4480 humanitate
1077 4433 1179 4484 est,
1211 4437 1319 4475 non
1363 4433 1546 4474 autem
1581 4435 1724 4474 unus
1747 4432 1831 4473 est
1873 4420 2153 4488 apostolus
2184 4419 2287 4474 Pe-

2388 3249 2500 3292 ται,
2539 3232 2572 3302 ἢ
2609 3233 2642 3301 ή
2677 3232 2886 3300 Πέτρου
2934 3234 2990 3284 ὲν
3019 3235 3083 3300 τῇ
3117 3231 3332 3284 Παύλου
3359 3228 3496 3284 εἶναι
3525 3273 3538 3294 ,
3566 3231 3756 3302 ὥσπερ
3784 3235 3980 3286 εἴπατε

2391 3324 2485 3377 καὶ
2524 3323 2683 3392 ὑμεῖς
2713 3323 2823 3392 πρὸ
2863 3322 3060 3393 μικροῦ
3092 3324 3150 3374 ἐν
3183 3322 3261 3391 τῷ
3301 3322 3433 3393 Θείῳ
3456 3323 3616 3392 Λόγῳ
3637 3326 3732 3376 τὸν
3762 3325 3973 3394 ἄνθρω.

2389 3433 2490 3470 πον
2541 3411 2680 3468 εἶναι
2718 3415 2954 3476 διδόντες
2993 3432 3005 3444 ·
3038 3413 3196 3466 τοῦτο
3245 3415 3355 3484 γάρ
3397 3415 3512 3466 ἔστι
3565 3415 3627 3466 τδ
3673 3415 3984 3468 κωλυτικδν

2390 3506 2486 3559 τοῦ
2528 3507 2628 3576 τὴν
2655 3507 2824 3560 δυάδα
2859 3505 3144 3575 φαίνεσθαι
3175 3506 3284 3557 τῶν
3339 3506 3717 3572 ὑποστάσεων,
3771 3508 3839 3560 τδ
3883 3509 3986 3576 τὴν

2390 3600 2585 3652 ἕνωσιν
2613 3599 2994 3668 ὁμοῦ-ογεῖσθαι
3045 3596 3155 3649 τῶν
3189 3597 3424 3666 φύσεων.
3474 3599 3538 3650 Εἰ
3589 3599 3696 3668 γὰρ
3757 3600 3900 3668 μηδὲ
3957 3601 3986 3652 ό

2392 3692 2562 3758 Λόγος
2609 3690 2707 3760 τὴν
2753 3690 2931 3761 σάρκα
2975 3689 3300 3752 ἀνελάϐετο,
3337 3689 3528 3760 ὥσπερ
3555 3691 3676 3742 οὐδὲ
3708 3691 3737 3742 ὁ
3769 3691 3988 3761 Πέτρος

2392 3782 2626 3848 Παῦὶον,
2653 3782 2822 3844 ὅντως
2845 3778 2915 3851 ἦν
2947 3775 3190 3834 κατὰ’τὸ
3229 3782 3583 3852 παράδειγμα
3627 3782 3847 3852 Πέτρου
3891 3783 3989 3835 καὶ

2392 3874 2628 3934 Παύλου,
2664 3872 2757 3926 τοῦ
2795 3890 2853 3926 τε
2885 3874 3059 3941 Λόγου
3101 3873 3194 3926 καὶ
3221 3874 3321 3942 τῆς
3354 3874 3559 3944 σαρκὸς
3593 3875 3763 3943 ἤγουν
3791 3875 3894 3928 τοῦ
3931 3877 3990 3927 ὲν

2391 3966 2613 4037 Χριστῷ
2647 3965 2959 4038 ἀνθρώπου,
3007 3966 3324 4037 διάτοροςή
3365 3968 3667 4029 ὑπόστασις
3704 3983 3720 3998 ο
3751 3967 3800 4018 εἰ
3851 3967 3915 4020 δὲ
3959 3971 3989 4020 δ

2397 4061 2600 4131 Πέτρος
2657 4059 2868 4112 Παῦλον
2913 4059 3012 4111 οὑκ
3044 4059 3357 4125 ἀνελάϐετο,
3391 4059 3582 4130 (Lamp
3615 4061 3643 4112 6
3671 4061 3852 4126 Λόγος
3889 4062 3991 4128 τὴν

2396 4155 2594 4223 σάρκα,
2624 4152 2724 4204 οὑκ
2753 4151 2933 4222 ὀρθῶς
2963 4153 3316 4223 παρηγάγετε
3347 4152 3465 4205 τόδε
3504 4155 3641 4222 πρὸς
3674 4153 3796 4204 τόδε
3842 4171 3857 4184 ·
3897 4156 3994 4206 καί

2394 4248 2440 4297 εἰ
2474 4249 2502 4297 ὁ
2533 4243 2842 4314 σαρκωοεὶς
2876 4243 3046 4311 Λόγος
3075 4241 3156 4306 εἷς
3177 4242 3305 4306 Υἱὸς
3335 4244 3428 4296 καὶ
3455 4245 3517 4296 οὑ
3539 4243 3652 4307 δύο,
3681 4243 3902 4306 Παῦλος
3936 4245 3993 4298 δὲ

2400 4337 2539 4408 μετὰ
2560 4338 2771 4408 Πέτρου
2796 4379 2810 4401 ,
2847 4337 2944 4406 οὑχ
2979 4332 3060 4400 εἷς
3099 4336 3227 4399 Υἱὸς
3257 4336 3392 4390 ἀλλὰ
3418 4336 3511 4389 δύο
3540 4337 3702 4404 εἰσὶν,
3752 4339 3990 4393 suae-

2394 4447 2505 4493 τως
2535 4430 2660 4482 τάδε
2697 4427 3062 4497 παρατίθεσθε
3097 4445 3109 4459 '
3136 4430 3230 4481 καὶ
3253 4430 3299 4481 εἰ
3332 4426 3412 4492 εἷς
3431 4430 3668 4500 Χριστὸς
3698 4432 3730 4482 ὖ
3764 4434 3825 4484 ἓν
3868 4435 3993 4487 δεό-

703 4531 824 4572 trus
852 4528 908 4571 et
953 4515 1235 4586 apostolus
1265 4514 1486 4574 Paulus,
1523 4513 1618 4567 sed
1661 4511 1774 4566 duo
1800 4520 1947 4577 sunt,
1999 4512 2285 4567 dissimilia

2396 4537 2517 4588 τητι
2567 4519 2661 4571 καὶ
2696 4518 3080 4588 ὰνὺρωπότητῖ
3121 4520 3302 4584 ἐστιν,
3356 4522 3452 4590 οὑχ
3477 4515 3555 4583 εἷς
3587 4521 3644 4574 δὲ
3677 4521 3992 4586 ἀπόστολος

703 4609 1034 4680 comparatis
1064 4607 1131 4661 ad
1161 4605 1562 4662 ostendendum
1596 4620 1664 4659 an
1693 4605 1827 4675 quid
1859 4605 2007 4658 aliud
2043 4605 2135 4669 sit,
2164 4620 2283 4658 om-

700 4705 836 4758 nino
880 4701 1184 4757 seeundum
1221 4699 1631 4755 subsistentiam
1665 4713 1788 4752 esse
1833 4697 1999 4751 alium
2045 4699 2113 4751 ab
2147 4698 2284 4761 alio,

703 4798 822 4850 sive
853 4796 994 4850 alius
1023 4794 1094 4848 sit
1117 4792 1419 4848 secundum
1453 4801 1730 4856 naturam,
1761 4791 1877 4844 sive
1907 4806 2037 4845 non.
2073 4789 2128 4844 Si
2155 4806 2288 4858 ergo

704 4889 846 4942 duos
887 4885 1156 4950 Christos,
1182 4884 1322 4942 duos
1361 4884 1529 4938 Filios
1555 4893 1611 4936 et
1640 4883 1780 4937 duos
1803 4883 2066 4936 Dominos
2098 4883 2288 4936 existi-

708 4979 869 5034 matis
923 4978 1050 5033 talia
1099 4974 1379 5040 dicendo,
1421 4982 1478 5028 et
1529 4987 1723 5027 eorum
1765 4981 2024 5026 neutrum
2071 4987 2284 5025 assum-

707 5081 860 5139 ptum
887 5085 1009 5124 esse
1031 5067 1099 5122 ab
1125 5067 1321 5129 altero,
1347 5065 1464 5130 sed,
1485 5076 1544 5118 ut
1566 5066 1769 5119 Paulus
1794 5080 1822 5118 a
1846 5065 2031 5128 Petro,
2061 5065 2209 5118 inter
2231 5081 2288 5119 se

705 5162 997 5216 distinctos
1031 5175 1175 5223 esse,
1213 5157 1430 5212 tandem
1461 5166 1658 5211 vestrae
1688 5157 1985 5225 impietatis
2014 5157 2288 5210 occultum

706 5253 1043 5326 patefecistis
1087 5251 1262 5306 nefas.
1299 5250 1487 5304 Talem
1525 5249 1692 5319 igitur
1719 5250 1911 5312 Deum,
1943 5259 1998 5304 et
2035 5249 2127 5302 tali
2164 5250 2290 5302 uni-

707 5357 822 5403 tum
869 5361 993 5401 esse
1038 5360 1208 5399 unum
1256 5342 1538 5428 Christum
1590 5343 1830 5412 putatis;
1878 5342 2041 5396 talem
2106 5353 2289 5396 autem

708 5440 1011 5503 hominem,
1041 5445 1099 5492 et
1132 5435 1224 5491 tali
1262 5435 1509 5499 unitum;
1550 5443 1604 5487 et
1639 5433 1806 5488 alium
1853 5432 2136 5487 Christum
2180 5449 2294 5486 an-

706 5530 994 5595 nuntiatis,
1032 5529 1126 5600 qui
1146 5545 1274 5582 vere
1295 5528 1464 5581 Filius
1481 5526 1572 5589 sit.
1592 5527 1685 5596 qui
1716 5525 1768 5578 in
1787 5524 2023 5579 Jordane
2056 5525 2293 5579 testimo-

708 5624 862 5676 nium
897 5623 1206 5692 acceperit;
1247 5621 1341 5690 qui
1378 5619 1672 5674 visibiliter
1692 5618 2001 5688 baptizatus
2027 5618 2118 5670 sit.
2139 5617 2291 5672 L'nus

707 5715 856 5768 cnim
882 5721 1092 5766 tantum
1114 5711 1401 5765 evidenter
1425 5728 1453 5764 a
1477 5712 1637 5766 Patre
1663 5711 2035 5764 testimonium
2059 5713 2290 5782 accepit,

710 5820 832 5860 eum
882 5804 991 5857 duo
1026 5803 1133 5858 sint.
1174 5812 1228 5854 οι
1261 5802 1598 5865 differentes,
1650 5800 2023 5854 vcrisimilitcr
2058 5817 2224 5854 unum
2263 5820 2290 5855 ς’

2392 4611 2600 4678 Πέτρος
2635 4608 2730 4662 καὶ
2757 4607 2993 4670 Παῦλος.
3027 4606 3161 4660 ἀλλὰ
3189 4607 3300 4669 δύο,
3334 4608 3603 4679 ἁνομοέως
3635 4610 3992 4680 παρεϐάλετε

2392 4701 2527 4772 πρὸς
2562 4701 2785 4768 ἔνδειξιν
2813 4700 2908 4752 τοῦ
2935 4700 3061 4753 εἴτι
3083 4700 3269 4771 ’ἕτερόν
3290 4703 3429 4765 ἐστι,
3461 4703 3679 4762 πάντως
3710 4701 3992 4756 καθ’ῦπό-

2393 4811 2584 4846 στασιν
2616 4788 2756 4845 εἶναι
2798 4793 2984 4863 ἕτερον
3019 4791 3212 4863 ἑτέρου
3241 4829 3256 4854 ,
3289 4793 3398 4845 εἴτε
3441 4793 3586 4846 κατὰ
3618 4794 3786 4862 φύσιν
3834 4797 3992 4849 ἐστὶν

2391 4885 2601 4955 ἕτερον,
2635 4883 2746 4935 εἴτε
2772 4885 2866 4936 καὶ
2891 4884 2965 4952 μὴ
2993 4882 3164 4936 ἔστιν.
3203 4884 3263 4935 Et
3295 4879 3389 4936 οῦν
3419 4885 3528 4955 ἄρα
3561 4885 3654 4937 δὺο
3675 4888 3809 4950 τοὺς
3852 4890 3992 4957 Χρι-

2394 4977 2576 5039 στοῦς,
2613 4975 2707 5027 δύο
2745 4975 2802 5028 δὲ
2833 4976 2958 5036 τοὺς
2996 4974 3178 5041 ἱζὶοῦς,
3213 4976 3306 5028 καὶ
3335 4975 3429 5028 δύο
3461 4977 3588 5039 τοὺς
3623 4978 3879 5049 κυρίους
3908 4983 4008 5034 Cc!

2395 5069 2647 5133 ξάζοντες
2675 5067 2850 5120 ταῦτά
2880 5083 3037 5134 φατε,
3057 5067 3373 5120 καὶτούτων
3389 5067 3578 5121 οὐδένα
3597 5069 3992 5138 ἂναὶηφθὲντα

2396 5160 2486 5228 ὑφ’
2525 5161 2735 5232 ἑτέρου,
2765 5159 2879 5212 ἀλλ’
2909 5159 2983 5222 ὡς
3007 5158 3221 5211 Παῦλον
3261 5160 3470 5229 Πέτρου
3512 5161 3945 5233 διακ;κριμένον
3973 5206 3988 5226 ⁸

2396 5254 2492 5321 ὁ·ᾇέ
2532 5270 2658 5306 ποτε
2706 5252 2766 5305 τὸ
2811 5256 2909 5321 τῆς
2949 5252 3203 5314 ἀσεϐείας
3240 5252 3392 5320 ὑμῶν
3421 5254 3664 5324 κρυπτθιν
3699 5258 3992 5311 ἀπεκαλὺ-

2393 5345 2530 5413 ιξιατε
2570 5345 2739 5414 μῦσος
2758 5359 2774 5375 ⁶
2801 5347 2953 5398 ποῖον
2983 5341 3078 5397 οὖν
3111 5345 3201 5396 τὸν
3231 5343 3385 5406 Θεὸν,
3410 5346 3506 5397 καὶ
3535 5346 3640 5397 τίνι
3687 5348 3990 5418 χρισθέντσ

2397 5434 2486 5487 τὸν
2519 5433 2611 5487 ἕνα
2644 5435 2881 5504 Χριστὸν
2912 5427 3052 5487 εἶναι
3074 5432 3323 5502 νομίζετε
3345 5451 3360 5464 ο
3387 5437 3537 5486 ποῖον
3557 5435 3614 5486 δὲ
3640 5436 3737 5487 τὸν
3773 5439 3991 5508 inlapso-

2592 5529 2685 5579 καὶ
2731 5526 2833 5578 τίνι
2884 5526 3172 5596 χριόμενον
3203 5541 3217 5556 ·
3266 5525 3363 5578 καὶ
3400 5525 3494 5577 τὸν
3540 5526 3703 5579 ἄλλον
3741 5529 3991 5597 Χριστὲν

2396 5620 2803 5686 ἀπαγγείλατεο
2849 5619 3000 5670 ποῖόν
3044 5635 3101 5670 τε
3140 5618 3232 5669 τὸν
3266 5619 3341 5681 ὡς
3367 5619 3581 5689 ἀληθῶς
3633 5619 3768 5672 Υἱὸν
3824 5619 3987 5686 εἶναι,

2395 5713 2485 5763 τὶν
2515 5714 2570 5763 ἐν
2612 5709 2850 5781 Ἰορδάνῃ
2877 5708 3322 5779 μαρτυρούμενον
3347 5725 3359 5738 ο
3386 5709 3474 5760 καὶ
3499 5710 3650 5759 ποῖον
3681 5711 3776 5761 τὸν
3795 5711 3990 5778 aiam;-

2399 5803 2503 5865 τῶς
2535 5799 2950 5876 βαπτιζόμενον.
3002 5801 3059 5848 ὐ
3106 5800 3213 5870 γὰρ
3254 5793 3334 5861 εἷς
3365 5801 3524 5868 μόνος
3551 5800 3846 5864 δεικτικῶς
3884 5802 3986 5852 ὑπὲξ

2402 5545 2498 5579 πον
2520 5567 2532 5589 ,
