4214 6450
229 404 361 470 1557

1185 409 1583 472 ADVERSUS
1624 406 2261 469 NESTORIANOS.-—
2290 411 2437 470 LIB.
2481 412 2561 469 ll.

3358 413 3494 478 1558

232 519 324 573 τοῦ
353 519 568 589 Πατρδς
598 520 1068 591 μαρτυρούμενος,
1090 522 1181 575 δύο
1199 524 1367 576 ὖντων
1398 524 1491 575 καὶ
1511 522 1802 592 διαφόρων,

1936 522 2085 577 Γίίἱὶε.
2120 538 2259 591 quos
2286 522 2489 585 dicitis,
2525 522 2871 579 aulCllriSIis
2888 524 3177 596 adjicietis,
3206 535 3302 581 aut
3327 525 3496 598 igitur

221 610 449 674 είκότως
469 610 681 663 τδνένα
708 611 818 664 τῶν
849 612 973 665 καθ’
1006 613 1149 683 ὑμᾶς
1188 614 1331 666 nam
1355 614 1387 683 ἢ
1413 613 1665 681 Χριστῶν
1696 628 1806 662 παι

224 701 571 770 ραγράψττν
605 703 635 772 ἢ
669 701 765 755 οὖν
811 703 904 756 τὸν
953 702 1351 774 βαπτιζόμενον
1398 708 1459 758 τ’)
1502 703 1806 769 τηνικαῦτα

220 795 437 863 ὁρατὸν,
467 795 500 864 ἢ
532 795 625 847 τὸν
660 798 724 848 ὲκ
752 795 849 848 τοῦ
896 797 1110 866 Πατρὺς
1153 797 1259 866 πρὶ
1295 796 1509 851 αἰώνων
1535 797 1767 867 ἀόρατον
1789 837 1803 856 ,

221 890 519 955 ἀναγκαῖον
567 889 716 956 ὑμᾶς
761 889 1212 961 παραιτήσασθαι
1251 907 1265 920 ’
1323 889 1419 943 ἕνα
1468 889 1580 957 γᾶρ
1642 889 1807 958 μόνον

223 980 390 1033 αὑτοῦ
419 976 556 1033 εἶναι
592 982 717 1034 Υίόν
757 999 893 1050 φησι
927 982 1123 1043 ἑνικῶς
1155 983 1182 1034 ὁ
1208 982 1396 1052 Πατήρ
1426 998 1437 1011 ·
1463 982 1543 1033 ἔτι
1576 981 1682 1049 μὴν
1717 981 1811 1033 καὶ

221 1071 486 1142 αίσθητὸν
523 1074 646 1126 ἐπεὶ
698 1074 793 1125 καὶ
837 1073 1126 1135 δεικτικῶς
1176 1074 1332 1144 ἡμῶν
1364 1075 1476 1135 τοῖς
1508 1072 1811 1142 ὀφθαλμοῖς

223 1165 463 1232 ἐμήνυεν
492 1165 737 1235 ὀ,Πατὴρ
766 1166 856 1218 τὸν
884 1167 1170 1235 ἀγαπητῖιν
1193 1166 1388 1219 ἑαυτοῦ
1422 1166 1552 1219 Υἱὸν
1576 1181 1588 1194 ·
1623 1165 1685 1229 ὃς
1716 1165 1814 1217 καὶ

223 1257 399 1322 Λόγος
428 1257 660 1329 ἀόρατος
688 1257 831 1327 ὠμοὶ
843 1258 1061 1327 όγηται.
1101 1260 1170 1312 Ἢ
1190 1258 1552 1329 οὖνψευδὴςὴ
1585 1258 1679 1312 τοῦ
1704 1259 1816 1311 lla-

222 1348 354 1414 τρὶς
387 1351 686 1419 μαρτυρία,
739 1352 772 1421 ἦ
826 1352 1093 1423 περιδεῶς
1134 1354 1198 1405 ὲκ
1229 1352 1324 1405 τοῦ
1364 1352 1546 1419 λογίου
1588 1352 1715 1417 δόξα
1743 1351 1812 1420 ’ἢ

222 1440 395 1507 ἄμφω
418 1442 446 1491 ὁ
471 1442 633 1505 αὐτὸς
654 1438 722 1513 ἦν
752 1447 780 1497 ὀ
806 1444 1255 1515 μαρτυρούμενος
1271 1444 1421 1509 Υίδς,
1443 1444 1701 1516 αἰσθητὸς
1724 1445 1817 1497 καὶ

223 1532 475 1601 ἀόρατος.

839 1631 1093 1684 ΚΕΦΑΛ.
1124 1633 1223 1685 lD’.

298 1721 364 1774 ΕΞ
394 1722 535 1775 κατὰ
573 1722 740 1791 φύσιν
792 1724 963 1793 μηδὲν
991 1725 1242 1793 διαφέρει
1291 1724 1355 1777 τὸ
1411 1724 1569 1795 σῶμα
1607 1725 1818 1795 Πέτρου

223 1813 324 1865 τοῦ
358 1813 611 1882 σώματος
635 1814 873 1880 Παύλου,
904 1815 1023 1877 πῶς
1053 1816 1122 1869 ἂν
1152 1818 1273 1869 καθ’
1298 1817 1598 1871 ὑπόστασιν
1618 1819 1678 1871 οὑ
1702 1818 1820 1871 δια·

1910 614 2247 682 baptizatum
2276 622 2331 668 et
2357 624 2488 670 tunc
2520 615 2819 682 visibilem,
2847 626 2941 671 aut
2964 632 3031 671 ex
3061 619 3221 673 Patre
3247 619 3496 690 genitum

1909 717 2035 761 ante
2068 707 2263 761 szccnla
2297 706 2652 771 invisibilem,
2677 724 2905 765 necesse
2932 718 3019 763 est
3048 726 3146 766 vos
3176 711 3495 781 implorare.

1912 797 2092 853 Unum
2127 799 2275 852 enim
2308 800 2484 853 solum
2532 816 2690 853 suum
2738 815 2863 857 esse
2902 800 3103 855 Filium
3154 801 3315 856 unice
3360 802 3496 858 dicit

1911 890 2093 944 Pater.
2132 891 2326 944 Adhuc
2357 899 2414 946 et
2441 892 2736 946 visibiliter
2772 903 2825 949 et
2852 903 3043 965 aperte
3070 895 3277 950 nostris
3320 895 3499 952 oculis

1914 981 2177 1036 indicavit
2208 982 2369 1036 Pater
2389 983 2651 1038 dilectum
2688 999 2850 1039 suum
2891 986 3111 1043 Filium.
3144 985 3240 1055 qui
3273 994 3330 1040 et
3363 985 3500 1040 Ver-

1914 1073 2045 1127 bum
2090 1074 2368 1128 invisibile
2412 1077 2755 1144 agnoscitur.
2806 1077 2950 1147 Ergo
2992 1087 3087 1133 aut
3134 1077 3369 1133 mendax
3415 1088 3501 1132 est

1912 1163 2092 1219 Patris
2122 1163 2521 1231 testimonium,
2550 1166 2634 1221 vel
2665 1183 2696 1222 e
2737 1167 3012 1237 stupende
3039 1168 3264 1224 oraculo
3294 1166 3501 1240 gloriﬁ-

1914 1256 2089 1321 catio;
2122 1265 2219 1309 aut
2250 1265 2482 1326 uterque
2510 1256 2654 1311 idem
2680 1267 2766 1313 est
2792 1259 2966 1315 Filius
3001 1261 3375 1315 testimonium
3408 1274 3503 1314 ac-

1914 1347 2145 1417 cipiens,
2176 1348 2454 1404 sensibilis
2485 1356 2541 1403 et
2571 1348 2824 1406 visibilis.

1990 1708 2047 1764 Si
2079 1707 2387 1763 secundum
2437 1616 2705 1763 “81001::-
2907 1708 3096 1764 dill‘ert
3124 1710 3273 1766 Petri
3306 1726 3512 1783 corpus

1922 1814 1952 1853 a
1978 1813 2209 1869 corpore
2239 1798 2413 1864 Pauli,
2447 1798 2726 1868 quomodo
2756 1799 3061 1855 secundum
3096 1803 3509 1858 subsistentiam

225 1907 429 1974 φέροις
465 1905 524 1958 Εἰ
551 1905 609 1959 δὲ
649 1907 784 1977 μηδὲ
824 1908 945 1962 καθ’
991 1908 1292 1962 ὑπόστασιν
1341 1909 1593 1981 διαφέρει
1622 1950 1637 1973 ,
1669 1910 1731 1962 τὸ
1760 1908 1818 1963 δὲ

1936 1909 2031 1947 ton
2058 1892 2343 1947 diﬂ‘erret?
2368 1892 2456 1947 sin
2486 1902 2670 1948 autem
2702 1909 2815 1949 non
2848 1895 3156 1950 secundum
3201 1897 3511 1952 subsisten-

229 1997 378 2067 μήτε
407 2000 474 2068 τῇ
503 1997 687 2066 φύσει,
725 2000 866 2070 μήτε
896 2002 961 2070 τῇ
989 2000 1289 2055 ὑποστάσει
1311 1999 1592 2071 διαφέρον,
1623 2000 1820 2054 ταυτὸν

224 2090 296 2142 διν
326 2090 416 2159 εἴη
442 2092 584 2145 κατὰ
607 2092 805 2155 πάντα,
831 2090 951 2155 πῶς
976 2091 1076 2146 οὐκ
1109 2091 1260 2145 ἔσται
1294 2093 1501 2162 Πέτρου
1535 2091 1631 2144 καὶ⁹
1674 2090 1821 2144 Παύ-

223 2182 350 2245 λου,
384 2180 445 2235 ἓν
473 2182 535 2235 τὸ
559 2181 721 2252 σῶμα
745 2186 840 2237 καὶ
872 2183 1071 2237 ταυτὸν
1099 2183 1240 2236 κατὰ
1268 2184 1446 2238 πάντα
1473 2221 1487 2244 .
1524 2182 1664 2255 ὅπερ
1693 2182 1823 2236 ἀδὺ-

223 2290 422 2340 νατον;
469 2274 632 2327 Ἀλλὰ
660 2274 880 2344 πρῶτον
915 2274 1013 2345 μὲν
1056 2276 1149 2328 καὶ
1197 2275 1359 2344 σῶμα
1407 2274 1662 2341 σώματος
1701 2275 1821 2328 διας-

227 2365 394 2436 φέρει
432 2364 576 2418 κατὰ
608 2366 771 2436 φύσιν
803 2367 902 2436 τὴν
928 2366 1085 2429 ἰδίαν,
1115 2360 1183 2437 ἧς
1220 2366 1316 2419 νῦν
1355 2367 1453 2437 τὴν
1483 2366 1667 2437 κοινὴν
1690 2369 1824 2437 ἡμῖν

224 2457 667 2527 ἀντεισηγὰγετε
699 2459 748 2511 οί
766 2457 1005 2511 τοσαῦτα
1024 2458 1127 2529 πρὶ
1148 2458 1377 2528 βραχέος
1398 2461 1510 2520 τοῖς
1541 2459 1823 2525 εἰσάγουσι

227 2547 335 2616 τὴν
389 2548 579 2617 κοινὴν
618 2546 783 2617 φύσιν
814 2551 907 2601 ἐπὶ
945 2548 1041 2601 τοῦ
1087 2548 1377 2617 ἀνθρώπου
1433 2547 1823 2615 καταχέαντες.

231 2641 311 2694 Οὐ
340 2641 688 2711 γὰρταυτδν,
721 2641 845 2694 οὔτε
874 2640 952 2711 τῷ
982 2641 1225 2713 ἀριθμεῖ,
1253 2638 1373 2693 οὔτε
1404 2641 1550 2710 πασῃ
1585 2640 1825 2710 ποιότητι

229 2735 446 2803 φυσικῇ
466 2734 576 2786 πᾶν
606 2733 767 2803 σῶμα
795 2749 808 2762 ·
837 2734 999 2803 εἴπερ
1041 2735 1115 2802 μὴ
1146 2734 1342 2786 ταυτὸν
1392 2735 1454 2801 τῇ
1488 2732 1648 2801 φύσει
1694 2732 1828 2802 μηδὲ

229 2828 346 2887 πᾶς
374 2823 526 2888 λίθος
548 2825 645 2877 καὶ
675 2825 848 2893 φυτὸν
871 2826 965 2877 καὶ
988 2824 1059 2878 τὰ
1087 2826 1252 2878 λοιπά
1274 2840 1288 2854 ·
1317 2824 1414 2878 καὶ
1446 2822 1558 2894 γὰρ
1582 2824 1830 2894 ἀλλήλων

229 2916 516 2987 φθαρτικὰ
539 2917 710 2970 πολλὰ
733 2918 877 2987 φυτᾶ
908 2919 1004 2970 καὶ
1042 2916 1179 2971 λίθοι
1211 2933 1227 2948 ο
1263 2918 1358 2971 καὶ
1385 2918 1536 2986 ὅμως
1561 2915 1700 2967 λίθοι
1734 2914 1832 2968 καὶ

230 3010 413 3078 φυτά·
454 3008 718 3079 οὔτεγὰρ
760 3012 913 3063 πᾶσα
950 3009 1086 3078 σὰρξ
1120 3011 1152 3080 ἠ
1180 3009 1320 3079 αὑτὴ
1347 3008 1488 3076 σὰρξ
1512 3025 1525 3038 ο
1551 3008 1666 3061 ἀλλ’
1695 3008 1829 3078 ἄλλη

233 3102 342 3172 μὲν
375 3101 666 3165 πετεινῶν,
696 3102 831 3171 ἄλλη
861 3103 918 3155 δὲ
946 3101 1148 3172 ἰχθύων
1179 3101 1274 3153 καὶ
1302 3102 1567 3171 ἑρπετῶν,
1601 3102 1697 3154 καὶ
1724 3099 1830 3152 σώο

1922 1985 2055 2041 tiam
2091 1984 2299 2051 diﬂert,
2344 1994 2403 2040 et
2450 1987 2597 2056 quod
2638 2003 2819 2057 neque
2850 1998 3071 2054 natura,
3111 2005 3292 2061 neque
3324 1989 3511 2045 subsi-

1920 2078 2123 2133 stentia
2172 2077 2436 2166 dinei-ens
2459 2086 2575 2143 est,
2626 2077 2774 2135 idem
2824 2080 2898 2135 sit
2941 2080 3247 2138 secundum
3294 2080 3510 2145 omnia,

1922 2167 2203 2239 quomodo
2247 2158 2358 2223 ιιάῆ
2399 2170 2506 2224 erit
2535 2169 2680 2226 Petri
2712 2181 2769 2227 et
2801 2172 2954 2227 Pauli
3006 2188 3176 2227 unum
3223 2172 3429 2244 corpus
3459 2182 3517 2230 et

1925 2261 2071 2315 idem
2114 2262 2418 2316 secundum
2468 2265 2676 2328 omnia,
2707 2265 2855 2335 quod
2906 2266 3249 2337 impossibile
3275 2266 3395 2322 est?
3419 2267 3515 2322 sed

1925 2355 2163 2424 primum
2190 2356 2413 2427 quidem
2437 2372 2639 2427 corpus
2669 2374 2699 2413 a
2726 2374 2961 2429 corpore
2990 2360 3178 2415 diﬂ'ert
3209 2358 3515 2416 secundum

1926 2456 2179 2502 naturam
2216 2450 2627 2518 particularem,
2659 2452 2751 2505 cui
2791 2469 2941 2509 nunc
2968 2469 3321 2509 communem
3353 2453 3521 2509 nobis

1927 2549 2180 2594 naturam
2213 2541 2508 2605 confertis,
2540 2559 2667 2598 cum
2715 2545 2880 2617 paulo
2927 2556 3057 2603 ante
3100 2547 3229 2602 talia
3269 2547 3519 2618 iactastis

1929 2630 2091 2685 nobis
2114 2630 2507 2689 inducentibus
2526 2650 2879 2692 communem
2903 2646 3160 2694 naturam
3187 2638 3244 2693 in
3267 2638 3517 2694 homine.

1928 2723 2052 2779 Non
2093 2726 2241 2780 enim
2296 2726 2441 2783 idem
2487 2738 2594 2792 est,
2641 2746 2825 2800 neque
2873 2747 3133 2798 numero,
3177 2748 3360 2803 neque
3409 2742 3522 2789 tota

1932 2827 2208 2874 structura
2238 2835 2402 2876 omne
2426 2837 2659 2893 corpus;
2688 2825 2966 2895 siquidem
3003 2842 3116 2881 non
3140 2826 3286 2883 idem
3310 2837 3397 2883 est
3428 2843 3525 2883 na-

1932 2919 2057 2965 tura
2081 2926 2262 2981 neque
2290 2912 2430 2982 lapis
2458 2929 2637 2984 neque
2671 2915 2878 2985 planta,
2909 2925 3065 2972 etc...
3091 2916 3310 2974 Etenim
3340 2918 3526 2974 multa:

1933 3003 2171 3058 invicem
2222 3019 2281 3059 se
2316 3004 2611 3060 destruunt
2646 3008 2846 3077 plantae
2889 3017 2947 3064 ct
2997 3010 3235 3080 lapides,
3278 3019 3344 3066 .et
3392 3011 3525 3067 item

1934 3094 2150 3164 lapides
2185 3106 2239 3150 et
2273 3096 2505 3167 plantae;
2549 3118 2568 3150 ι
2602 3099 2793 3169 Neque
2833 3100 2981 3156 enim
3027 3102 3211 3157 omnis
3259 3117 3388 3158 eam
3430 3117 3528 3159 ea-

234 3211 392 3264 ματα
418 3194 662 3261 ἐπίγεια,
700 3196 793 3247 καὶ
819 3194 1050 3264 σώματα
1078 3194 1378 3266 ἐπουράνια
1410 3207 1424 3221 ·
1456 3193 1558 3245 οὑκ
1592 3193 1699 3259 ἄρα
1736 3188 1831 3245 οὖν

1936 3188 2061 3243 dem
2089 3204 2239 3253 caro,
2273 3189 2369 3244 sed
2412 3190 2517 3245 alia
2558 3191 2782 3261 quidem
2812 3194 3123 3260 volucrum,
3149 3195 3253 3251 alia
3283 3210 3417 3252 vero
3439 3197 3527 3267 pi-

230 3287 326 3340 διὰ
354 3286 416 3339 es
440 3286 700 3357 διάφορον
731 3286 832 3356 τῆς
868 3288 1087 3355 φύσεως
1106 3327 1122 3352 ,
1154 3286 1371 3356 ἀνάγκη
1409 3285 1673 3356 διαφόρου
1701 3285 1835 3337 ὑιτο⁹

233 3381 488 3442 στάσεως
511 3380 697 3443 αὑτοῖς
726 3380 806 3442 εἱς
830 3380 1106 3450 διάκρισιν
1126 3395 1139 3408 °
1186 3379 1268 3432 ἔτι
1303 3380 1409 3450 μὴν
1432 3379 1480 3430 εἰ
1514 3379 1633 3431 τάδε
1663 3380 1836 3431 αίτιον

233 3473 341 3541 τῆς
364 3472 556 3542 χρείας
584 3472 695 3525 τῶν
753 3472 1110 3525 ὑποστάσεων
1171 3473 1231 3524 ὲν
1280 3470 1522 3540 Χριστῷ,
1557 3470 1838 3541 διαφόρων

232 3563 422 3619 οὐσῶν
452 3564 562 3618 τῶν
596 3563 815 3633 φύσεων
845 3604 859 3625 ,
903 3565 1221 3632 ἀναγκαίως
1253 3565 1353 3618 οὑκ
1397 3563 1550 3617 ἔσται
1604 3564 1839 3635 διαφορὰ

238 3658 626 3711 ὑποστάσεων.
674 3658 823 3727 Πλὴν
874 3656 1111 3710 δεδόσθω
1170 3657 1301 3725 ὑμῖν
1353 3655 1477 3709 καθ’
1534 3656 1839 3708 ὑπόστασιν

236 3751 469 3813 πάντως
513 3750 796 3820 διαφέρειν
827 3766 840 3780 ’
884 3749 996 3803 εἴτε
1040 3749 1292 3820 διαφέροι
1332 3749 1475 3803 κατὰ
1517 3747 1683 3817 φύσιν
1727 3748 1837 3800 εἴτε

238 3842 343 3896 καὶ
398 3840 473 3912 μὴ
526 3844 705 3894 πάντα
730 3840 804 3894 τὰ
840 3840 1071 3910 σώματα
1096 3855 1108 3869 ·
1146 3840 1285 3894 ἀλλὰ
1317 3840 1479 3911 δῆλον
1505 3880 1518 3905 ,
1551 3840 1625 3904 ὡς
1651 3839 1719 3894 τὰ
1765 3839 1839 3912 μὴ

239 3936 506 4005 ἡνωμένα
541 3934 794 4005 ἀλλήλοις
827 3948 841 3964 ⁸
876 3936 937 3988 οὑ
986 3934 1096 4007 γὰρ
1146 3934 1243 3987 καὶ
1282 3936 1341 3988 ἐν
1378 3934 1458 4006 τῷ
1504 3933 1693 4005 μὺδρῳ
1720 3934 1841 3988 διὰ-

240 4043 409 4097 ιροροι
444 4025 777 4088 ὑποστάσεις
808 4025 1044 4095 ὁρῶνται
1070 4042 1085 4056 ·
1114 4026 1210 4080 καὶ
1230 4026 1324 4080 ἐπὶ
1352 4027 1446 4080 τοῦ
1475 4026 1682 4097 Κυρίου
1710 4025 1838 4096 ἄρα,

240 4124 294 4174 σί
340 4120 441 4190 μὲν
479 4121 648 4192 χωρὶς
676 4119 922 4182 ὲνὼσεως
957 4119 1137 4172 αὐτῶν
1167 4136 1353 4191 φαμεν
1393 4120 1461 4174 τὰ
1497 4121 1620 4173 κατ’
1652 4118 1840 4181 αὑτὸν,

238 4214 419 4276 ὅντως
442 4213 564 4266 δέον
590 4213 623 4283 ἦ
654 4213 749 4265 καὶ
773 4211 992 4282 φύσεων
1018 4214 1111 4267 καὶ
1136 4213 1493 4267 ὑποστάσεων
1517 4212 1718 4266 εἰδέναι
1743 4213 1843 4281 τὴν

236 4306 534 4375 διαφορὰν,
566 4304 600 4375 ἢ
643 4304 864 4369 πάντως
888 4321 951 4373 γε
983 4304 1095 4359 τῶν
1130 4306 1508 4361 ὑποστάσεων.
1556 4306 1664 4359 Καὶ
1684 4306 1844 4359 τοῦτο

236 4400 306 4453 δὲ
330 4398 493 4466 δῆλον
510 4399 596 4452 ὅτι
625 4400 674 4452 εἰ
712 4397 786 4469 μὴ
816 4393 885 4469 ἦν
912 4398 1022 4453 τῶν
1059 4399 1276 4470 φύσεων
1312 4400 1587 4470 ἐξαλλαγὴ
1627 4418 1641 4432 ·
1688 4402 1737 4453 εί
1782 4399 1839 4452 δὲ

240 4493 346 4548 καὶ
372 4492 517 4546 κατὰ
540 4491 703 4560 φύσιν
726 4492 1098 4563 διαφερόντων
1128 4492 1288 4545 τινῶν
1314 4494 1371 4545 ἐν
1396 4492 1550 4562 αὐτῷ
1584 4493 1684 4547 καὶ
1707 4492 1843 4546 ἕνω-

1936 3281 2113 3336 scium
2147 3291 2204 3336 et
2233 3284 2609 3353 serpentium;
2641 3293 2697 3341 et
2737 3300 2971 3356 corpora
3002 3289 3289 3345 terrestria
3318 3295 3377 3344 et
3403 3303 3530 3346 eor-

1939 3389 2070 3442 pora
2118 3375 2363 3430 caelestia
2399 3378 2443 3433 ⁸.
2490 3397 2507 3427 ι
2538 3376 2659 3432 Νοη
2690 3379 2862 3449 igitur
2889 3394 2991 3450 per
3021 3389 3237 3437 natura:
3263 3381 3530 3439 diﬂ'eren-

1941 3466 2095 3527 tiam.
2128 3469 2429 3525 necessitas
2459 3469 2574 3523 illis
2604 3479 2687 3524 est
2710 3470 3023 3528 differentis
3059 3473 3437 3532 subsistentia
3459 3476 3527 3532 ad

1940 3558 2377 3616 distinctionem.
2425 3561 2564 3625 Imo,
2591 3561 2637 3621 si
2661 3562 2778 3618 haec
2823 3570 2911 3620 est
2954 3581 3119 3622 causa
3163 3582 3265 3623 cur
3295 3581 3438 3639 Opus
3460 3568 3531 3625 sit

1941 3652 2315 3709 subsistentiis
2344 3654 2399 3709 in
2430 3654 2670 3721 Christo,
2704 3672 2829 3711 cum
2858 3656 3187 3714 diﬂerentia:
3220 3659 3334 3715 sint
3373 3669 3533 3716 natu-

1944 3762 2055 3813 rae,
2102 3747 2417 3803 necessario
2467 3765 2578 3804 non
2616 3749 2724 3805 erit
2776 3749 3093 3808 differentia
3143 3752 3530 3811 subsistentia-

1942 3852 2087 3891 rum.
2136 3837 2527 3892 Verumtamen
2597 3840 2937 3896 concedatur
2993 3841 3153 3898 vobis
3220 3842 3528 3899 secundum

1943 3927 2357 3984 subsistentiam
2408 3930 2651 3985 totaliter
2691 3930 2936 3998 diﬂ‘erre,
2984 3933 3101 3989 sive
3143 3933 3406 3991 differant
3448 3951 3534 3992 sc-

1944 4023 2186 4078 cundum
2228 4035 2507 4089 naturam,
2550 4027 2666 4081 sive
2712 4042 2847 4092 non,
2886 4029 3070 4084 omnia
3119 4045 3376 4101 corpora.
3427 4031 3533 4088 Sed

1945 4115 2173 4170 evidens
2207 4125 2291 4170 est
2327 4117 2416 4171 illa
2456 4133 2566 4173 non
2599 4133 2724 4175 esse
2757 4120 2910 4176 unita
2945 4121 3052 4177 alia
3078 4137 3206 4178 cum
3233 4123 3397 4191 aliis;
3425 4140 3535 4179 non

1945 4208 2093 4262 enim
2116 4208 2169 4263 in
2193 4208 2344 4264 ferro
2364 4209 2637 4266 candente
2670 4211 2992 4269 differentes
3021 4214 3396 4272 subsistentia:
3421 4232 3541 4271 cer-

1946 4308 2177 4354 nuntur.
2212 4300 2281 4353 Et
2311 4300 2366 4354 in
2403 4300 2638 4356 ltomino
2677 4300 2865 4373 igitur,
2899 4304 2945 4358 si
2993 4304 3063 4360 de
3108 4305 3260 4361 illius
3288 4307 3541 4378 proprie-

1949 4392 2158 4447 tatibus
2200 4392 2321 4447 sine
2362 4393 2567 4449 unione
2613 4394 2919 4465 loquimur,
2964 4397 3145 4469 reipsa
3179 4406 3403 4469 oportet
3447 4409 3542 4455 aut

1948 4495 2273 4540 naturarum
2299 4495 2357 4540 et
2379 4486 2861 4542 subsistentiarum
2884 4503 3117 4546 noscere
3142 4488 3539 4557 diﬂ‘erentiam,

241 4603 337 4640 σιν
362 4585 764 4656 ὁμολογοῦμεν,
801 4586 852 4639 εί
879 4585 977 4639 καὶ
1005 4585 1314 4656 ἀσύγχυτον
1332 4626 1345 4649 ,
1375 4585 1460 4649 τίς
1487 4588 1520 4656 ή
1553 4585 1713 4656 χρεία
1749 4584 1831 4639 δύι

1949 4585 2047 4632 aut
2065 4577 2294 4633 omnino
2315 4577 2833 4645 subsistentiarum;
2857 4588 2913 4636 et
2937 4581 3040 4636 hoc
3058 4590 3143 4637 est
3163 4584 3544 4652 perspicuum,

244 4681 609 4735 ὑποστάσεων
635 4698 651 4747 ;
679 4680 797 4734 ἀλλ’
825 4680 1003 4745 οὕτως
1041 4681 1141 4749 μὲν
1159 4680 1309 4734 τάδε.
1343 4680 1453 4733 Ποῦ
1488 4680 1546 4734 δὲ
1568 4682 1719 4750 ὅμως
1734 4680 1844 4734 τινὶ

238 4776 463 4830 δέδοται
501 4775 596 4828 καὶ
636 4774 699 4827 τὸ
747 4772 909 4843 σῶμα
962 4772 1175 4827 Παύλου
1201 4773 1445 4845 ἡνῶσθαι
1476 4773 1615 4843 πρὸς
1645 4773 1708 4826 τὸ
1737 4773 1840 4826 Πέ-

239 4883 406 4937 τρου,
426 4867 513 4920 ’ίνα
541 4866 603 4919 τὸ
628 4867 816 4936 ὅμοιον
835 4866 935 4938 ἔχῃ
953 4865 1077 4919 τάδε
1111 4865 1249 4937 πρὸς
1274 4866 1373 4937 τὴν
1399 4865 1686 4937 Κυριακὴν
1710 4866 1846 4919 Eva)-

242 4975 338 5013 σιν
360 4997 377 5023 ,
405 4959 573 5030 ἡνίκα
599 4961 628 5013 ὁ
662 4960 761 5030 μὲν
793 4960 907 5022 τοῖς
936 4960 1002 5024 ἐκ
1047 4959 1358 5030 περιτομῆς
1400 4960 1458 5012 ὲν
1508 4960 1573 5028 τῇ
1612 4957 1848 5028 Ἰουδαίᾳ

243 5052 348 5106 καὶ
380 5052 739 5123 Παλαιστίνῃ,
798 5055 827 5105 ὁ
856 5053 914 5106 δὲ
946 5056 1061 5117 τοῖς
1110 5053 1169 5105 ὲν
1224 5050 1477 5122 Κορίνθῳ
1528 5050 1706 5103 ἔθνεσι
1752 5050 1849 5102 καὶ

259 5143 465 5215 ’Δχαῖᾳ
493 5143 588 5195 καὶ
618 5144 937 5215 Μακεδονίᾳ
969 5142 1360 5213 συνηυλίζετο;
1393 5143 1469 5195 Οὐ
1511 5143 1620 5211 γὰρ
1659 5141 1845 5196 τοιαύν

243 5250 354 5303 την
382 5232 569 5300 δεξιὰν
590 5233 884 5296 κοινωνίας
917 5233 1055 5306 πρὸς
1079 5232 1177 5305 τὴν
1207 5233 1385 5300 σάρκα
1411 5231 1707 5286 δεδωκέναι
1740 5249 1847 5301 φα-

252 5324 358 5395 μὲν
378 5324 471 5378 τὸν
497 5324 692 5393 Λόγον,
715 5324 833 5378 οἷαν
865 5324 1075 5396 Πέτρος
1096 5324 1494 5397 ἀφοριζόμενος
1515 5326 1594 5387 εἰς
1619 5322 1716 5394 τὴν
1743 5340 1846 5376 πε-

250 5415 511 5488 ριτομὴν,
559 5416 646 5488 τῷ
675 5416 878 5488 Παύλῳ
911 5417 1369 5489 ἅποστελλομένῳ
1404 5416 1541 5488 πρὸς
1582 5415 1651 5469 τὰ
1690 5414 1842 5487 ἔθνη.

264 5508 415 5562 Ἀλλ’
448 5508 652 5573 ,ἕνωσιν
698 5509 875 5581 ἀληθῆ
929 5508 1270 5582 πιστεύομεν
1295 5549 1311 5574 ,
1368 5509 1466 5564 καὶ
1509 5507 1850 5580 συνύπαρξιν

248 5600 439 5656 αὐτῶν
468 5603 548 5667 είς
575 5605 705 5668 τοὺς
739 5603 871 5675 ἑξῆς
904 5604 1112 5667 αἰῶνας
1166 5604 1408 5676 φυσικὴν
1451 5601 1520 5657 δι’
1554 5603 1853 5656 ὑποστατι-

254 5693 364 5765 κῆς
392 5692 643 5760 ἑνώσεως
678 5714 693 5728 ·
724 5698 775 5751 εί
800 5698 896 5751 καὶ
927 5696 1136 5769 ταύτην
1173 5697 1336 5769 ὑμεῖς
1380 5695 1631 5769 φανερῶς
1675 5698 1854 5768 ἀπηρ-

257 5786 524 5855 νήσασθε.
542 5789 640 5843 καὶ
665 5789 821 5844 οὐδὲν
850 5792 1071 5856 ἑαυτοῖς
1093 5790 1345 5863 λείψανον
1376 5791 1473 5862 τῆς
1502 5787 1851 5861 Χριστιανῶν

334 5907 357 5939 ³
396 5906 569 5963 lCor.
612 5926 698 5970 xv.
740 5906 935 5973 59,40.

1951 4672 2059 4727 nisi
2085 4681 2235 4727 esset
2271 4680 2604 4740 naturarum,
2631 4675 3040 4729 transmutatio.
3068 4673 3126 4729 Si
3157 4684 3341 4731 autem
3387 4676 3549 4733 αισα-

1953 4764 2193 4821 rentium
2238 4764 2293 4819 in
2329 4766 2426 4821 illo
2469 4765 2836 4837 quorumdam
2874 4768 3138 4824 unionem
3164 4767 3544 4836 admittimus,

1954 4858 2206 4929 quamvis
2258 4857 2628 4923 inconiusam,
2674 4875 2797 4930 quae
2838 4862 3145 4918 necessitas
3172 4862 3282 4919 erit
3312 4861 3547 4918 duarum

1955 4951 2476 5007 subsistentiarum?
2499 4952 2595 5008 sed
2624 4952 2699 5008 ita
2714 4953 2939 5024 quidem
2967 4955 3084 5011 haec
3108 4974 3124 5024 ;
3154 4956 3433 5028 quomodo
3447 4971 3548 5011 au-

1959 5052 2068 5097 tem
2098 5043 2260 5098 simul
2289 5044 2648 5099 contenditur
2673 5044 2743 5099 ab
2775 5044 2961 5115 aliquo
2987 5061 3193 5117 corpus
3216 5046 3367 5102 Petri
3400 5046 3548 5102 uniri

1956 5135 2175 5205 corpori
2215 5135 2403 5201 Pauli,
2448 5145 2508 5191 ut
2545 5137 2754 5208 aliquid
2800 5138 3005 5194 habeat
3038 5139 3216 5194 simile
3250 5138 3550 5194 Dominica:

1958 5227 2199 5291 unionis,
2240 5244 2365 5282 cum
2416 5228 2507 5283 ille
2556 5231 2809 5302 regiones
2851 5231 2906 5287 in
2959 5230 3198 5287 circuitu
3252 5232 3398 5288 circa
3449 5231 3549 5288 ,ιυ-

1955 5319 2127 5375 daeam
2155 5327 2212 5374 et
2238 5320 2606 5386 Palaestinam,
2636 5323 2726 5379 hic
2745 5339 2877 5378 vero
2902 5323 3257 5387 Corinthum,
3286 5324 3549 5381 Achaiam

1954 5422 2012 5468 et
2062 5412 2434 5468 Macedoniam
2493 5414 2794 5471 incoleret?
2843 5431 2955 5473 non
3005 5417 3156 5473 enim
3208 5417 3317 5474 tale
3371 5416 3604 5473 fmdus.

1959 5507 2375 5562 communitatis
2403 5509 2558 5563 carni
2588 5507 2810 5565 dedisse
2830 5508 3073 5566 Verbum
3098 5509 3358 5575 dicimus,
3387 5510 3550 5581 quale

1958 5597 2156 5654 Petrus
2202 5608 2490 5670 separatus
2540 5600 2597 5656 in
2648 5600 2981 5669 circuitum,
3031 5601 3204 5659 Paulo
3246 5602 3315 5658 ad
3360 5610 3554 5674 gentes

1960 5692 2162 5759 misso;
2188 5692 2283 5748 sed
2308 5694 2574 5749 unionem
2604 5709 2788 5750 veram
2813 5696 3115 5763 credimus,
3139 5703 3196 5751 et
3216 5695 3552 5752 coexsistcn-

1964 5786 2093 5842 tiam
2132 5786 2186 5841 in
2232 5787 2595 5859 sequentibus
2625 5789 2840 5846 sacculis
2886 5789 3193 5847 naturalem
3237 5804 3338 5862 per
3367 5788 3551 5847 subsi-
