4214 6450
719 365 854 430 I559

2008 376 2312 436 LEONTII
2354 378 2756 439 BYZANTINI

3834 377 3974 446 1560

711 477 1022 532 stentialem
1055 477 1332 532 unionem.
1369 479 1425 534 Si
1469 496 1565 535 vos
1602 483 1748 535 illam
1783 492 1971 552 aperte
2005 499 2291 538 recusave—

2398 487 2682 550 εὑσεσιεας
2735 491 2812 550 εξς
2866 486 2955 538 τὸν
3002 486 3097 555 τῆς
3159 484 3473 556 οἰκονομίας
3540 486 3696 553 λόγον
3769 489 3975 556 leum-

712 569 854 628 ritis.
883 567 1018 622 nihil
1044 568 1358 624 christiana:
1391 572 1614 640 pietatis
1643 572 1915 643 reliquum
1942 574 1996 626 in
2019 575 2287 626 rationem

712 660 1106 714 incarnationis
1134 661 1292 715 vobis
1320 662 1453 731 ipsis
1473 664 1861 717 conservastis.

1333 776 1484 832 CAP.
1527 778 1664 833 XIII.

781 866 1077 934 Postquam
1108 866 1424 936 garrierunt
1457 879 1514 924 et
1549 869 1733 924 dicere
1769 869 1974 939 aliquid
2023 870 2125 923 visi
2163 883 2292 926 sunt

708 956 1034 1017 astantibus,
1084 958 1258 1026 rogati
1306 970 1367 1010 ut
1409 958 1704 1012 ostendant
1746 969 2000 1013 naturam
2046 947 2292 1015 insu‘bsi-

709 1055 966 1108 stentem,
1006 1058 1220 1118 tergum
1249 1051 1494 1118 praebent
1517 1052 1810 1119 quaerenti,
1855 1051 2156 1121 dicuntque
2198 1070 2292 1108 na-

708 1148 885 1190 turain
935 1138 1118 1207 reipsa
1156 1155 1262 1192 non
1300 1155 1420 1194 esse
1465 1140 1954 1208 insubsistentem;
1988 1143 2292 1198 subsisten-

706 1239 790 1282 tes
817 1229 965 1283 enim
995 1231 1231 1284 dicimus
1262 1242 1317 1284 et
1345 1248 1447 1285 nos
1483 1233 1774 1298 essentias,
1808 1234 1980 1289 aiunt.
2018 1234 2126 1288 Sed
2157 1251 2286 1295 non,

705 1319 914 1388 siquid
949 1330 1034 1373 est
1082 1321 1426 1386 subsistens,
1477 1322 1613 1376 illud
1658 1333 1742 1377 est
1787 1324 2183 1390 subsistentia;
2230 1335 2289 1379 ut

705 1411 823 1464 sine
861 1411 1030 1464 dubio
1065 1427 1196 1475 non,
1230 1413 1274 1467 si
1305 1414 1437 1480 quid
1473 1415 1786 1479 essentiale,
1823 1415 1956 1470 illud
1988 1429 2071 1471 est
2103 1433 2290 1472 essen-

707 1503 799 1567 tia,
833 1518 958 1556 cum
989 1516 1193 1558 sancta:
1234 1504 1451 1558 Triadis
1494 1505 1882 1562 subsistentias
1913 1519 2027 1564 tres
2052 1526 2173 1564 esse
2205 1511 2288 1564 di-

701 1597 898 1659 cimus,
928 1605 983 1648 et
1009 1597 1132 1650 illas
1163 1598 1517 1663 essentiales;
1543 1608 1600 1653 et
1623 1615 1733 1653 non
1760 1600 1999 1654 dicimus
2022 1603 2076 1654 in
2111 1602 2289 1656 tribus

700 1682 1078 1738 subsistentiis
1130 1693 1242 1740 tres
1291 1686 1592 1751 cssentias,
1642 1689 1894 1756 quamvis
1935 1688 2285 1742 essentialem

699 1778 1056 1833 admittentes
1081 1795 1356 1848 quamque
1388 1779 1872 1834 subsistentiaruin
1913 1797 2057 1836 esse.
2097 1782 2154 1837 Si
2185 1781 2287 1851 igi—

702 1879 792 1922 tur
823 1868 1118 1923 dicendum
1153 1877 1256 1932 est,
1290 1869 1591 1939 inquimus,
1638 1881 1749 1924 tres
1781 1872 2168 1926 subsistentias
2199 1888 2289 1928 es-

699 1960 957 2013 sentiales
990 1960 1042 2012 in
1077 1976 1184 2014 una
1228 1961 1486 2024 essentia,
1515 1962 1767 2031 sequitur
1795 1961 2083 2016 evidenter
2123 1974 2285 2019 natu-

700 2066 790 2106 ras
817 2060 1040 2121 quoquc
1065 2051 1360 2106 dicendum
1383 2053 1750 2108 subsistentes
1774 2053 1913 2109 duas
1938 2054 1993 2108 in
2027 2071 2134 2110 una
2157 2056 2288 2111 sub-

697 2142 985 2209 sistentia;
1041 2151 1099 2197 et
1155 2142 1230 2197 ita
1292 2159 1473 2213 neque
1524 2154 1774 2198 naturam
1835 2145 2286 2202 insubsistentem

697 2231 966 2301 dicimus,
987 2248 1168 2303 neque
1199 2233 1338 2288 duas
1364 2235 1754 2289 subsistentias
1795 2250 1917 2289 esse
1955 2234 2096 2290 duas
2122 2245 2286 2290 natu-

701 2339 790 2378 ras
821 2325 1120 2391 docemus;
1177 2334 1236 2379 ut
1286 2340 1465 2395 neque
1518 2342 1628 2380 non
1676 2327 2000 2382 essentiales
2047 2326 2288 2383 dicimus

697 2427 899 2472 sanctae
919 2416 1141 2472 Triadis
1161 2417 1568 2484 subsistentias,
1590 2434 1770 2489 neque
1795 2419 1852 2473 in
1881 2427 1992 2474 tres
2017 2419 2288 2476 essentias

699 2521 813 2566 tres
862 2510 1252 2567 subsistentias
1300 2511 1615 2566 dividimus.
1669 2512 1949 2577 Attamen,
2004 2513 2284 2582 inquiunt,

698 2604 919 2674 quando
945 2604 1106 2660 aliter
1149 2604 1387 2662 dicimus
1417 2604 1720 2660 coloratum
1765 2619 1964 2674 corpus
1999 2619 2141 2668 esse,
2173 2621 2288 2664 non

698 2695 845 2751 idem
883 2695 1090 2750 scimus
1115 2710 1235 2750 esse
1267 2708 1469 2765 corpus
1496 2709 1563 2748 ac
1593 2695 1868 2761 colorem;
1903 2711 2014 2749 non
2038 2696 2208 2759 enim,
2238 2696 2286 2752 si

696 2789 830 2858 quid
875 2789 1185 2842 coloratum
1217 2796 1337 2853 est.
1378 2787 1488 2857 iam
1523 2786 1577 2840 id
1622 2787 1776 2842 color
1819 2796 1905 2842 est
1942 2805 1956 2841 :
1991 2787 2072 2843 sic
2121 2787 2288 2858 igitur

699 2898 830 2947 non,
861 2882 908 2936 si
940 2881 1074 2951 quid
1118 2889 1202 2937 est
1231 2880 1559 2945 subsistens,
1585 2879 1692 2935 hoc
1718 2880 1828 2950 jam
1857 2887 1943 2936 est
1977 2880 2286 2936 subsisten-

699 2975 802 3039 tia;
837 2986 1311 3044 supervacancum
1335 2972 1521 3043 igitur,
1548 2973 1727 3037 aiunt,
1755 2972 1903 3041 quod
1938 2971 2149 3027 dictum
2172 2981 2283 3037 est;

696 3075 754 3120 et
781 3080 892 3119 non
921 3063 1296 3119 necessarium
1335 3071 1423 3120 est
1464 3061 1700 3134 dicendo
1733 3061 1873 3118 duas
1913 3071 2162 3127 naturas,
2191 3072 2288 3118 aut

2399 579 2543 643 ξατε.

2983 777 3240 830 ΚΕΦᾹΔ.
3284 777 3381 830 Il".

2481 871 2689 924 Ἐκτοῦ
2718 871 2774 924 δὲ
2811 871 3115 940 eis]aner
3161 869 3255 922 καὶ
3287 870 3466 923 δοκετν
3514 887 3567 922 τι
3625 868 3808 936 λέγειν
3866 874 3978 932 τοϊς

2396 964 2828 1034 παρεστηκόσιν,
2860 963 3255 1032 ἀπαιτούμενοι
3284 961 3458 1026 δεῖξαι
3480 962 3642 1030 φύσιν
3666 963 3980 1014 ἀνυπόστα-

2395 1073 2506 1119 τον,
2541 1059 2844 1126 παρέχουσι
2894 1055 2993 1123 μὲν
3032 1054 3179 1108 νῶτα
3212 1053 3289 1123 τῷ
3333 1053 3600 1118 αἰτοῦντι,
3653 1053 3880 1121 λέγουσι
3923 1055 3980 1106 δὲ

2392 1148 2475 1201 ὅτι
2498 1149 2668 1208 ὄντως
2700 1147 2860 1214 φύσις
2889 1146 2992 1198 οὑκ
3032 1146 3182 1199 ἔστιν
3230 1147 3603 1209 ἀνυπόστατος
3635 1162 3650 1175 ·
3680 1147 3980 1199 ἐνυποστά-

2390 1257 2516 1302 τους
2548 1240 2655 1308 γάρ
2680 1255 2860 1308 φαμεν
2883 1239 2982 1301 τὰς
3015 1239 3204 1300 οὖσίας
3251 1240 3346 1292 καὶ
3389 1242 3572 1309 ἡμεῖς,
3631 1240 3798 1306 φασίν
3821 1255 3837 1268 ·
3866 1238 3978 1292 ἀλλ’

2389 1331 2488 1381 οὐκ
2520 1329 2572 1381 εἴ
2600 1347 2650 1381 τι
2681 1330 3070 1394 ὲνυπόστατον,
3092 1329 3250 1381 τοῦτο
3279 1331 3371 1380 καὶ
3403 1329 3702 1391 ὑπόστασις
3723 1345 3738 1358 ο
3774 1328 3971 1396 ὥσπερ

2391 1423 2586 1490 ἀμέλει
2601 1423 2702 1474 οὑκ
2721 1422 2772 1473 εἴ
2792 1439 2845 1474 τι
2865 1421 3126 1486 ὲνούσιον,
3144 1420 3302 1474 τοῦτο
3332 1420 3425 1473 καὶ
3457 1421 3615 1472 οὐσία
3647 1438 3660 1450 ·
3707 1422 3832 1472 ἐπεὶ
3866 1420 3977 1471 ἰδοὺ
4017 1470 4020 1471 ,

2389 1513 2489 1575 τὰς
2527 1514 2625 1582 τῆς
2645 1514 2803 1582 ἁγίας
2830 1515 3058 1582 Τριάδος
3087 1514 3416 1575 ὑποστάσεις
3435 1513 3619 1582 φαμὲν
3637 1515 3786 1583 τρεῖς
3805 1509 3973 1572 εἶναι,

2390 1605 2483 1655 καὶ
2503 1603 2706 1664 ταύτας
2730 1604 3006 1667 ὲνουσίους
3029 1621 3042 1634 ·
3077 1605 3170 1656 καί
3207 1605 3268 1657 οὑ
3296 1603 3530 1672 λέγομεν
3552 1603 3689 1672 πρὸς
3709 1608 3832 1664 ταῖς
3862 1621 3971 1673 τρι-

2391 1693 2476 1747 σὶν
2503 1693 2859 1756 ὑποστάσεσι,
2889 1695 2984 1746 καὶ
3031 1695 3188 1763 τρεῖς
3210 1692 3401 1754 οὐσίας
3430 1708 3442 1722 ·
3498 1692 3706 1764 καίπερ
3737 1693 3982 1744 ἐνδύσω)

2392 1789 2750 1858 ἐπιστάμενοι
2799 1789 2909 1842 τῶν
2987 1789 3343 1841 ὑποστάσεων
3397 1787 3653 1856 ἑκάστην.
3708 1788 3769 1840 Εἰ
3800 1788 3982 1838 τοίνυν

2395 1881 2512 1934 ἐστι
2541 1879 2742 1948 λέγειν,
2777 1881 2980 1948 φαμὲν,
3021 1881 3170 1950 τρεῖς
3206 1880 3542 1940 ὑποστάσεις
3579 1878 3864 1939 ὲνουσίους
3917 1880 3976 1928 ἐν

2399 1975 2499 2044 μιᾷ
2528 1971 2731 2044 οὐσίᾳ.
2789 1973 3065 2042 ἐνδέχεται
3107 1971 3352 2041 δηλονότι
3406 1972 3502 2023 καὶ
3555 1970 3748 2038 φύσεις
3801 1969 3985 2036 λέγειν

2394 2068 2794 2129 ἑνυποστάτους
2824 2065 2918 2119 δύο
2945 2067 3004 2118 ὲν
3031 2067 3130 2136 μιᾷ
3159 2065 3458 2118 ὑποστάσει
3489 2080 3504 2093 ·
3537 2064 3633 2118 καὶ
3665 2061 3840 2124 οὕτως
3862 2062 3984 2114 οὑξὲ

2396 2163 2558 2230 φύσιν
2596 2157 2979 2214 ἀνυπόστατόν
3002 2175 3202 2227 φαμεν,
3234 2157 3357 2209 οὑδὲ
3383 2156 3478 2209 δύο
3511 2158 3847 2217 ὑποστάσεις
3885 2155 3983 2214 τέίς

2391 2253 2487 2307 δύο
2543 2253 2738 2322 φύσεις
2791 2250 3234 2320 δογματίζομεν·
3277 2249 3470 2318 ῶσπερ
3511 2248 3636 2301 οὑδὲ
3696 2248 3984 2308 ἀνουσίους

2395 2347 2576 2417 φαμὲν
2600 2346 2701 2408 τὰς
2733 2344 2831 2414 τῆς
2863 2342 3026 2411 άγίας
3047 2340 3279 2412 Τριάδος
3321 2340 3651 2401 ὑποστάσεις
3673 2380 3689 2403 ,
3733 2339 3858 2391 οὐδὲ
3906 2342 3987 2400 εἰς

2393 2442 2544 2509 τρεῖς
2571 2439 2764 2501 οὐσίας
2793 2437 2888 2499 τὰς
2910 2437 3063 2505 τρεῖς
3089 2432 3419 2496 ὑποστάσεις
3445 2431 3790 2500 διαιροῦμεν.
3825 2429 3991 2483 ’Δλλὶ

2396 2529 2526 2602 μὴν,
2558 2529 2715 2598 φασὶ,
2739 2527 2835 2582 καὶ
2856 2525 3030 2589 ἄλλως
3057 2524 3506 2594 ὲγχρωμάτιστον
3531 2521 3782 2589 λέγοντες
3801 2520 3988 2591 σῶμα,

2392 2622 2454 2674 οὑ
2477 2619 2676 2674 ταυτὸν
2708 2619 2870 2688 ἴσμεν
2897 2617 2974 2688 τῷ
3014 2615 3266 2687 χρώματι
3281 2614 3342 2667 τὸ
3369 2614 3530 2682 σῶμα
3553 2629 3567 2643 °
3593 2613 3696 2666 οὐκ
3723 2613 3778 2665 εἴ
3801 2629 3855 2664 τι
3879 2611 3990 2680 γάρ

2394 2712 2867 2784 ἑγχρωμάτιστον,
2896 2708 3057 2762 τοῦτο
3085 2707 3188 2778 ήδη
3241 2706 3336 2760 καί
3379 2704 3579 2776 χρῶμα
3607 2720 3622 2732 ·
3671 2703 3850 2766 οὕτως
3895 2698 3991 2755 οὖν

2393 2808 2494 2860 οὑκ
2517 2808 2646 2860 εἴτι
2687 2805 3091 2866 ένυπόστατον,
3137 2801 3301 2855 τοῦτο
3344 2800 3447 2870 ἤδη
3490 2798 3585 2851 καὶ
3640 2797 3945 2857 ὑπόστασις
3974 2811 3987 2824 ⁸

2395 2898 2650 2970 περιττὸν
2676 2897 2807 2966 ἄρα,
2827 2896 2985 2964 φασὶ,
3006 2894 3065 2947 τὸ
3089 2892 3406 2962 λεγόμενονο
3434 2891 3530 2943 καὶ
3556 2889 3659 2942 οὑκ
3688 2888 3992 2954 ἀναγκαῖοι

2394 2989 2486 3044 τὸν
2537 2990 2774 3056 λέγοντα
2804 2982 2900 3039 δύο
2928 2986 3122 3054 φύσεις
3145 3026 3161 3049 ,
3204 2983 3237 3054 ἥ
3275 2981 3682 3042 ἀνυποστάτους
3714 2979 3888 3041 αὑτὰς
3908 3018 3924 3040 ,
3954 2979 3990 3047 ἦ

2398 3083 2531 3154 μίαν
2564 3078 2746 3135 αὑτῶν
2771 3078 2952 3146 λέγειν
2977 3117 2991 3142 ,
3022 3077 3056 3148 ἢ
3086 3077 3302 3137 πάντως
3343 3073 3438 3126 καὶ
3468 3072 3562 3125 δύο
3603 3072 3942 3132 ὑποστάσεις
3975 3112 3991 3134 ,

698 3157 889 3211 ambas
942 3154 1386 3221 insubsistentes,
1431 3163 1533 3212 aut
1577 3167 1743 3214 unam
1790 3169 1981 3209 earum
2015 3169 2284 3219 asserere,

2397 3173 2522 3227 ἐπεὶ
2579 3169 2654 3242 μὴ
2701 3169 3004 3230 ὑπόστασις
3047 3167 3110 3219 τὸ
3152 3166 3515 3219 ὲνυπόστατον
3562 3163 3639 3225 ὡς
3681 3162 3990 3229 ἐδείξαμεν.

697 3257 792 3304 aut
817 3248 1046 3302 omnino
1073 3247 1212 3303 duas
1243 3246 1632 3304 subsistentias
1657 3261 1803 3311 esse,
1830 3259 1954 3301 eum
1979 3246 2288 3301 subsisten-

699 3341 774 3394 tia
810 3356 918 3395 non
952 3339 1023 3394 sit
1048 3339 1198 3410 quod
1227 3348 1313 3394 est
1341 3339 1670 3403 subsistens,
1700 3345 1760 3393 ut
1795 3338 2159 3393 ostendimus.
2194 3339 2290 3393 Illa

699 3435 867 3504 igitur
914 3433 1002 3486 isti
1045 3432 1325 3488 auditores
1355 3429 1682 3486 deludentes
1719 3429 2001 3491 dicebant,
2033 3430 2142 3484 alte
2184 3446 2292 3484 su—

701 3525 989 3596 percilimn
1040 3535 1315 3596 gerentes,
1363 3531 1420 3578 et
1467 3523 1541 3577 ob
1594 3532 1705 3578 tam
1755 3521 2030 3577 mirabilia
2079 3523 2293 3592 seipsos

697 3619 998 3675 Cherubin]
1011 3625 1479 3673 rannnmeraiites.
1508 3614 1644 3669 Vide
1674 3623 1857 3669 autem
1882 3613 2162 3684 quomodo
2195 3629 2292 3684 per

701 3715 816 3768 hac
853 3727 976 3782 quae
1025 3710 1284 3764 dixerunt
1335 3724 1435 3762 sua
1481 3706 1702 3776 propria
1739 3706 2146 3770 destruxerint;
2197 3714 2293 3758 aut

701 3806 1036 3872 ignorantes,
1074 3816 1174 3871 per
1206 3799 1486 3870 prepriam
1523 3796 1917 3868 ignorantiam,
1950 3804 2044 3850 aut
2075 3795 2293 3850 audito-

701 3911 790 3949 res
812 3894 1132 3956 irridentes,
1167 3891 1454 3962 imperitos
1482 3890 1671 3943 talium
1706 3888 2070 3942 similitudine
2094 3902 2290 3941 vocum

702 3987 1017 4042 illudentes.
1045 3985 1102 4039 Si
1133 3985 1280 4039 enim
1309 3981 1605 4054 quamdam
1635 3981 1941 4050 analogiam
1970 3979 2138 4035 habet
2163 3996 2290 4034 cum

697 4093 931 4148 corpore
964 4087 1184 4137 natura,
1216 4091 1343 4130 eum
1384 4073 1571 4128 colore
1606 4073 1986 4137 subsistentia,
2015 4081 2071 4126 et
2099 4071 2295 4127 dicunt

697 4172 1070 4226 subsistentes
1098 4176 1349 4232 naturas,
1382 4175 1442 4221 nt
1485 4180 1720 4235 corpora
1756 4165 2022 4226 colorata,
2064 4179 2294 4218 necesse

698 4275 782 4320 est
814 4263 942 4319 inde
978 4270 1231 4317 naturam
1265 4259 1660 4316 subsistentem
1690 4273 1812 4314 esse
1854 4256 2291 4319 subsistentiam,

699 4359 844 4412 sicut
873 4355 1041 4425 igitur
1069 4362 1127 4409 et
1155 4353 1309 4409 color
1334 4351 1462 4406 inde
1499 4351 1706 4406 dicitur
1725 4363 1931 4418 corpus
1955 4348 2292 4412 coloratum;

701 4467 810 4504 non
839 4449 989 4504 enim
1024 4445 1288 4517 possibile
1324 4453 1411 4502 est
1439 4444 1678 4513 cogitare
1705 4450 1958 4497 naturam
1988 4441 2295 4496 subsisten-

699 4554 810 4594 tem
844 4540 964 4594 sine
1007 4536 1386 4593 subsistentia.
1437 4535 1494 4591 Si
1548 4534 1718 4604 igitur
1755 4541 2009 4588 naturam
2048 4533 2193 4586 inter
2236 4541 2295 4586 et
2323 4539 2373 4596 D

698 4631 1119 4688 subsistentiam
1152 4629 1363 4699 aliquid
1407 4627 1725 4683 necessario
1769 4625 2011 4687 diii‘erat,
2063 4624 2294 4679 demon-

700 4733 878 4780 strent
904 4723 1041 4779 mihi
1073 4722 1221 4794 quod
1249 4721 1436 4776 dill'ert
1469 4728 1666 4773 natura
1710 4733 1820 4772 non
1864 4717 2089 4771 diﬂ'erre
2113 4716 2298 4770 subsi-

701 4817 942 4882 stentia;
992 4825 1049 4870 et
1083 4831 1195 4869 non
1240 4811 1608 4883 simpliciores
1641 4809 1900 4873 illudant,
1932 4807 2298 4862 similitudine

704 4924 903 4963 \ocum
931 4907 1055 4962 illos
1073 4906 1437 4976 deeipientes,
1460 4903 1701 4959 dicendo
1730 4921 1743 4955 :
1776 4901 1833 4956 Si
1867 4910 1953 4956 est
1982 4900 2296 4954 subsisten-

708 5005 802 5067 tia,
830 5000 1144 5057 essentialis
1177 4998 1422 5069 quidem,
1458 5012 1570 5052 non
1612 5005 1798 5050 autem
1832 4993 2065 5050 alterius
2109 5008 2299 5047 essen-

708 5097 818 5158 iise,
846 5101 931 5147 est
959 5092 1126 5147 etiam
1158 5099 1354 5145 natura
1377 5089 1687 5145 subsistens
1717 5087 1940 5156 quidem
1972 5100 2083 5140 non
2116 5095 2298 5137 autem

706 5183 938 5239 alterius
964 5183 1359 5238 subsistentia;
1385 5181 1620 5236 Mendax
1649 5179 1798 5234 enim
1824 5178 2102 5248 posterius
2128 5195 2141 5230 :
2169 5177 2299 5230 dum

707 5279 752 5330 si
789 5276 923 5347 quid
953 5284 1040 5331 est
1080 5275 1310 5330 alterius
1336 5273 1614 5336 essentia,
1657 5273 1763 5326 hoc
1789 5271 2016 5326 omnino
2048 5280 2133 5324 est
2167 5269 2303 5323 alte-

712 5370 829 5424 rius
849 5367 1254 5432 subsistentire;
1287 5365 1333 5420 si
1357 5365 1523 5437 igitur
1539 5347 1804 5420 differunt
1822 5364 1968 5417 inter
1986 5378 2046 5418 se
2068 5371 2300 5424 naturas,

712 5460 1018 5517 secundmn
1075 5470 1330 5514 naturam
1402 5456 1700 5522 diﬂ'erunt;
1760 5455 2028 5511 diITerunt
2083 5470 2304 5524 quoque

711 5553 1000 5609 evidenter
1042 5553 1347 5609 secundum
1392 5550 1827 5607 subsistentiam.
1861 5548 1931 5602 Et
1963 5547 2009 5602 si
2041 5547 2306 5603 differen-

713 5645 846 5700 tiam
877 5655 1196 5699 naturarum
1229 5645 1283 5699 in
1317 5659 1426 5697 una
1457 5651 1654 5696 natura
1681 5640 1790 5695 dici
1831 5638 2169 5709 impossibile
2197 5647 2303 5701 est,

716 5754 824 5792 non
847 5736 1018 5806 magis
1047 5737 1302 5805 possibili:
1338 5734 1617 5789 invenitur
1645 5732 2010 5786 dilferentiam
2041 5732 2306 5786 exsistere

717 5828 1198 5884 subsistentiarum
1233 5830 1281 5880 in
1312 5843 1418 5880 una
1447 5834 1494 5878 ct
1528 5825 1717 5879 eadem
1747 5823 2125 5877 subsistentia.

2396 3262 2585 3316 Ταῦτα
2611 3259 2903 3330 τοιγαροῦν
2949 3259 3146 3310 ἐκεῖνοι
3187 3257 3316 3318 τοὺς
3359 3252 3784 3323 παρεστηκότας
3823 3268 3994 3318 φενα-

2395 3355 2617 3419 κίζοντα
2645 3353 2856 3420 ἔλεγον,
2889 3351 3002 3404 ἄνω
3027 3347 3130 3418 τὴν
3160 3347 3332 3416 ὀφρὺν
3364 3345 3603 3415 ἔχοντες,
3639 3345 3738 3396 καὶ
3763 3342 3854 3394 διά
3875 3344 3997 3394 τού-

2393 3467 2502 3503 των
2530 3447 2638 3505 ἀπο
2667 3443 2948 3516 Χερουϐὶμ
2981 3441 3209 3503 ἑαυτοὺς
3237 3439 3619 3508 ὀνομάζοντες.
3665 3437 3816 3505 Ὅρα
3843 3435 3901 3488 δὲ
3928 3437 3995 3486 σὺ

2395 3541 2559 3603 αὐτὸς
2581 3541 2729 3601 ὅπως
2757 3537 2824 3589 δι’
2855 3529 2929 3589 ὧν
2955 3535 3213 3605 εἰρήκασι
3231 3573 3245 3597 ,
3277 3533 3346 3583 τά
3376 3532 3557 3582 οἰκεῖα
3586 3527 3952 3594 κατέσκαψαν
3980 3541 3994 3554 ·

2396 3632 2427 3701 ἢ
2467 3629 2786 3699 ἀγνοοῦντες
2816 3667 2831 3690 ,
2887 3626 2957 3678 δι’
2993 3625 3218 3692 ἄγνοιαν
3265 3621 3475 3674 οἰκείαν
3503 3638 3516 3650 ·
3549 3621 3583 3690 ἦ
3629 3618 3998 3688 χλευάζοντες

2393 3724 2521 3786 τοὺς
2555 3721 2853 3782 ἀκούοντας
2876 3759 2892 3784 ,
2927 3717 3190 3787 ἀπείρους
3220 3713 3379 3776 ὄντας
3426 3711 3537 3764 τῶν
3579 3708 3848 3764 τοιούτων
3902 3712 4000 3759 καὶ

2394 3816 2673 3886 ὁμοιότητι
2707 3813 2907 3878 λέξεων
2942 3807 3446 3881 παρακρουόμενοι.
3483 3805 3546 3857 Εἰ
3595 3802 3857 3868 ἀναλογεῖ
3888 3801 4000 3869 γὰρ

2395 3911 2474 3982 τῷ
2516 3909 2617 3981 μὲν
2657 3906 2870 3976 σώματι
2903 3907 2935 3974 ἡ
2979 3902 3162 3973 φύσις,
3205 3901 3283 3970 τῷ
3310 3900 3367 3952 δὲ
3395 3898 3649 3968 χρώματι
3678 3898 3712 3965 ἡ
3743 3895 3996 3947 ὑπόστα-

2399 4021 2506 4067 σις,
2532 4002 2628 4056 καὶ
2658 4001 2913 4067 λέγουσιν
2948 3993 3349 4052 ἰνυποστάτους
3389 3989 3489 4052 τὰς
3525 3987 3717 4055 φύσεις
3749 4028 3764 4049 ,
3802 3985 4002 4053 ὥσπερ

2397 4091 2492 4148 οὖν
2531 4093 2599 4145 τά
2631 4089 2864 4159 σώματα
2914 4084 3381 4156 ἑγχρωμάτιστα,
3427 4079 3642 4146 ἀνάγκη
3686 4074 3827 4128 ἔνθα
3882 4076 4002 4128 ἐστὶ

2396 4185 2762 4245 ὲνυπόστατος
2783 4180 2968 4250 φύσις,
3003 4177 3097 4229 καὶ
3127 4173 3426 4227 ὑπόστασιν
3458 4164 3599 4222 εἶναι
3629 4187 3644 4200 ο
3671 4167 3871 4234 ὥσπερ
3899 4163 3999 4218 οὗν

2397 4279 2490 4332 καὶ
2516 4275 2717 4348 χρῶμα
2754 4273 2886 4327 ἔνθα
2926 4269 3086 4338 σῶμα
3113 4264 3569 4336 ὲγχρωμάτιστον
3598 4276 3610 4287 ’
3631 4256 3760 4310 οὗτε
3782 4257 3900 4327 γὰρ
3917 4261 4005 4310 ἐν·

2396 4370 2612 4438 δέχεται
2647 4365 2842 4434 νοῆσαι
2867 4361 3031 4431 φύσιν
3055 4358 3424 4411 ὲνυπόστατον
3452 4354 3578 4407 ἄνευ
3612 4351 4000 4411 ὑποστάσεως.

2397 4463 2463 4515 Εἰ
2497 4457 2590 4515 οὖν
2625 4462 2694 4531 τῇ
2756 4457 2917 4528 φύσει
2967 4451 3284 4520 ἀναγκαίως
3342 4447 3617 4516 διενήνοχέ
3665 4463 3725 4498 τι
3787 4446 3893 4498 καὶ
3936 4445 4003 4510 τῇ

2400 4552 2726 4614 ὑποστάσει,
2795 4545 3227 4610 ὲπιδειξάτωσάν
3273 4540 3363 4610 μοι
3394 4557 3450 4592 τι
3495 4538 3760 4607 διαφέρον
3796 4537 3903 4606 μὲν
3936 4539 4005 4608 τῇ

2400 4644 2594 4714 φύσει,
2649 4641 2724 4714 μὴ
2761 4640 3018 4709 διαφέρον
3060 4637 3118 4690 δὲ
3151 4637 3218 4705 τῇ
3251 4631 3549 4686 ὑποστάσει
3575 4645 3590 4659 ·
3625 4628 3722 4681 καὶ
3759 4628 3842 4699 μὴ
3876 4628 4003 4696 βου-

2401 4737 2735 4791 κολειτωσαν
2767 4733 2892 4794 τοὺς
2939 4727 3346 4798 ἁπλουστέρους
3371 4768 3385 4789 ,
3423 4723 3705 4793 ὁμοιότητι
3737 4722 4007 4790 φράσεων

2401 4830 2601 4890 αὑτοὺς
2627 4822 3153 4896 παραλογιζόμενοι,
3188 4818 3267 4888 τῷ
3289 4817 3470 4884 λέγειν
3497 4817 3545 4867 εἰ
3579 4814 3731 4866 ἐστιν
3757 4813 4009 4866 ὑπόσταο

2405 4935 2512 4983 σις,
2544 4915 2787 4977 ὲνούσιος
2815 4913 2938 4984 μὲν,
2959 4911 3058 4979 οὑχ
3089 4905 3430 4979 ἑτεροούσιος
3455 4903 3532 4967 δὲ,
3561 4902 3679 4954 ἔστι
3708 4903 3808 4954 καὶ
3843 4900 4006 4969 φύσις

2409 5009 2776 5068 ἐνυπόστατος
2805 5005 2924 5076 μὲν,
2946 5003 3047 5071 οὑχ
3071 4998 3536 5068 ἑτεροῡπόστατος
3555 4993 3640 5047 δέ·
3669 4993 3882 5062 ψευδὲς
3901 4993 4004 5060 γὰρ

2403 5101 2465 5155 τὸ
2509 5100 2817 5154 τελευταῖον
2847 5112 2864 5128 ο
2899 5096 3132 5162 ἐπείπερ
3184 5091 3241 5143 ετ
3294 5107 3346 5142 τι
3403 5084 3794 5156 ἑτεροούσιον.
3847 5085 4008 5136 τοῦτο

2408 5190 2625 5250 πάντως
2661 5187 2755 5240 καὶ
2803 5184 3285 5256 ὲτεροῦπόστατον.
3319 5179 3380 5231 Εἰ
3410 5175 3592 5230 τοίνυν
3639 5174 4007 5244 διαφέρουσιν

2406 5285 2462 5335 αἱ
2497 5280 2691 5350 φύσεις
2721 5277 2965 5349 ἀλλήλων
2990 5316 3005 5340 ,
3037 5272 3181 5326 κατὰ
3227 5269 3389 5339 φύσιν
3416 5267 3743 5337 διαφέρουσι
3765 5283 3779 5297 ο
3812 5266 4003 5334 διαφέο

2411 5391 2565 5445 ρουσι
2598 5370 2849 5444 δηλονότι
2883 5367 2980 5422 καὶ
3000 5365 3123 5420 καθ’
3154 5364 3454 5417 ὑπόστασιν
3480 5377 3494 5390 ο
3536 5359 3631 5411 καὶ
3656 5359 3710 5410 εἰ
3735 5359 4004 5429 διαφορὰν

2411 5467 2629 5536 φύσεων
2663 5463 2756 5516 ἐπὶ
2790 5465 2919 5534 μιᾶς
2953 5459 3172 5528 φύσεως
3211 5454 3467 5523 λέγεσθαι
3517 5452 3826 5515 ἀδύνατον,
3862 5454 4002 5520 ἁμή-

2409 5578 2574 5632 χανον
2603 5559 2713 5629 ἄρα
2741 5558 2836 5610 καὶ
2865 5553 3130 5622 διαφορὰν
3171 5548 3530 5604 ὑποστάσεων
3559 5540 3704 5598 εἶναι
3743 5545 3840 5596 ἐπὶ
3879 5544 4003 5614 μιᾶς

2410 5654 2504 5705 καὶ
2531 5651 2628 5721 τῆς
2651 5650 2820 5718 αὐτῆς
2851 5643 3224 5706 ὑποστάσεως.
