4214 6450
150 439 288 505 1561

145 668 289 720 τερα
320 650 529 720 προδλή
541 664 705 718 ματα·
738 647 952 710 τούτοις
980 648 1038 700 δὲ
1071 648 1133 700 οὑ
1159 649 1486 719 προσφόροις
1512 650 1748 717 ὑπαντή.

148 760 390 807 σαντες,
451 743 678 804 ἑαυτοὺς
733 741 893 810 μόνον
953 741 1081 812 περὶ
1129 741 1238 794 τῶν
1275 741 1576 796 δοκούντων
1618 744 1746 812 ὑμῖν

147 835 480 888 πεπείκατε.
551 834 612 886 Εί
651 833 762 903 γὰρ
809 834 934 885 ἐπεὶ
965 834 1044 901 τῷ
1076 832 1174 902 μὲν
1200 833 1452 904 χρώματι
1492 835 1750 901 ἀναλογεῖ

147 928 183 997 ἠ
217 925 523 988 ὑπόστασις
554 927 612 978 ὲν
639 925 719 994 τῷ
748 924 846 993 τῆς
871 925 1066 995 ὁμοίας
1087 925 1384 996 ὀνομασίας
1411 929 1555 980 κατὰ
1575 926 1748 996 τύχην

149 1022 604 1090 παραδείγματι,
656 1020 738 1090 τῷ
785 1021 843 1074 δὲ
894 1019 1109 1090 σώματι
1163 1024 1194 1090 ὴ
1237 1022 1398 1090 φύσις
1445 1023 1744 1090 ἀναγκαῖον

143 1114 280 1166 ἒ·.θα
317 1115 438 1166 ἐστὶ
464 1114 646 1184 σῶμα,
683 1111 824 1166 εἷναι
855 1114 950 1166 καὶ¹
978 1113 1178 1184 χρῶμά
1202 1131 1337 1181 φατε
1357 1155 1370 1178 ,
1406 1118 1502 1168 καὶ
1536 1116 1600 1167 ὲκ
1626 1115 1749 1168 τού-

142 1224 241 1258 του
273 1204 369 1258 δύο
384 1202 524 1258 εἶναι
550 1209 648 1268 τὰς
674 1206 1160 1272 ὑποστάσει;,ὲπεὶ
1179 1207 1273 1260 δύο
1289 1207 1426 1259 είσὶν
1449 1209 1506 1260 αί
1530 1207 1746 1277 φύσεις,

143 1303 415 1366 συνάγετε
445 1338 460 1359 ,
511 1299 684 1366 γνῶτε
721 1300 806 1352 ὅτι
835 1299 994 1352 τοῦτο
1029 1300 1122 1353 καὶ
1155 1301 1316 1370 ἡμεῖς
1349 1317 1531 1370 φαμεν
1557 1316 1570 1330 ο
1607 1301 1745 1353 ὅπου

142 1389 314 1457 σῶμα.
361 1385 498 1442 εἶναι
537 1389 756 1458 λέγεται
801 1392 1287 1460 ὲγχρωμάτιστον,
1330 1392 1532 1462 χρῶμα
1563 1392 1747 1461 ὑπάρ-

139 1499 266 1548 χειν
317 1483 666 1550 ἀναγκαίως·
726 1482 918 1552 ὥσπερ
964 1480 1058 1536 οὖν
1110 1485 1202 1536 καὶ
1238 1485 1550 1537 ὑπόστασιν
1586 1484 1750 1546 εἶναι,

139 1573 281 1626 ὅπου
339 1574 558 1642 λέγεται
603 1574 767 1643 φύσις
814 1575 1194 1638 ἐνυπόστατος.
1246 1576 1410 1628 Ἀλλὰ
1444 1577 1507 1628 τὸ
1541 1576 1744 1644 ζητού-

143 1683 318 1734 μενον
339 1707 354 1729 ,
409 1666 563 1719 οὑπω
596 1668 836 1732 ἐδείξατε
868 1671 996 1738 περὶ
1020 1660 1082 1721 οὗ
1112 1671 1206 1722 καὶ
1231 1668 1565 1740 διαφέρεσθε
1603 1669 1743 1738 πρὸς

139 1761 172 1826 ἡ
211 1761 324 1827 μᾶς
349 1777 362 1791 °
400 1760 484 1812 ὅτι
531 1761 665 1813 ὅπου
699 1760 922 1814 πλείονα
958 1762 1198 1815 συνιέναι
1227 1761 1482 1829 λέγονται
1515 1761 1751 1831 σώματα

141 1854 583 1921 ὲγχρωμάτιστα
609 1892 625 1916 ,
685 1852 948 1924 ἰσάριθμα
994 1854 1112 1906 δέον
1144 1850 1286 1907 εἶναι
1314 1851 1527 1916 τούτοις
1559 1855 1655 1907 καὶ
1681 1857 1751 1906 τά

141 1945 450 2013 χρώματαο
507 1945 604 2000 καὶ
652 1946 712 1999 οὑ
759 1946 984 2000 δυνατὸν
1019 1947 1053 2017 ἢ
1085 1947 1166 2001 ἐνὶ
1197 1948 1395 2018 καὶτῷ
1421 1947 1570 2016 αὑτῷ
1597 1946 1751 2017 χρώ-

149 2054 290 2108 ματι
323 2039 549 2093 πλείονα
577 2039 924 2110 χρὼννυσθαι
956 2042 1220 2110 σώματα·
1251 2042 1442 2112 ὥσπερ
1468 2040 1547 2110 τῷ
1571 2040 1756 2111 λευκῷ

141 2133 245 2200 ἦτε
278 2130 415 2200 χιὼν
445 2131 541 2185 καὶ
570 2131 632 2184 τὸ
656 2131 800 2199 γάλα
831 2133 923 2184 καὶ
945 2131 1240 2202 ψιμμίθιον
1270 2132 1586 2202 μιγνύμενα
1607 2175 1620 2197 ,
1659 2134 1756 2185 καὶ

140 2225 206 2277 τὸ
237 2224 392 2295 ἔριον
432 2227 528 2278 καὶ
561 2225 708 2279 λῖνον
742 2226 838 2278 καὶ
873 2208 1084 2294 μέταξα
1117 2229 1176 2280 ἐν
1207 2227 1290 2297 τῷ
1325 2228 1409 2280 ἑνὶ
1438 2226 1622 2298 λευκῷ
1653 2228 1755 2281 πέ-

140 2317 272 2386 πλῳ
305 2317 628 2387 ὑφασμένα·
664 2317 698 2389 ἢ
729 2320 810 2382 είς
840 2317 899 2370 ἓν
924 2319 1113 2390 ἓτερον
1146 2319 1354 2391 χρῶμα
1384 2319 1610 2373 πλείονα
1640 2319 1749 2372 σώ-

149 2427 309 2477 ματα
357 2405 500 2463 εἶναι
545 2410 1006 2480 συγκεκραμένα’
1062 2407 1176 2464 οἷον
1223 2411 1286 2464 τὸ
1325 2411 1619 2482 ψιμμίθιον
1656 2413 1752 2466 καὶ

141 2502 339 2574 ὥχρα,
376 2503 471 2555 καὶ
503 2502 810 2572 χάλκανθος
837 2503 934 2557 καὶ
963 2503 1239 2573 κόμμιδας
1268 2505 1326 2556 ὲν
1349 2504 1430 2574 τῷ
1456 2504 1602 2574 φαιῷ
1626 2504 1752 2556 κολο

146 2597 388 2667 λουρίῳ·
424 2597 524 2659 τὰς
552 2599 663 2668 γὰρ
693 2596 788 2650 δύο
812 2597 1002 2665 φύσεις
1036 2599 1094 2650 ἐν
1122 2598 1220 2667 μιᾷ
1244 2597 1340 2651 καὶ
1367 2600 1433 2666 τῇ
1458 2599 1597 2668 αὐτῇ
1622 2599 1752 2651 ὑπο-

147 2690 344 2744 στάσει
378 2689 614 2759 λέγομεν
647 2690 1001 2758 ὑφίστασθαισ
1034 2693 1134 2761 οὑχ
1159 2691 1235 2752 ὡς
1263 2691 1572 2762 δυναμένης
1598 2691 1752 2745 θατέ-

149 2801 257 2851 ρας
291 2785 668 2838 άνυποστάτου
700 2779 843 2836 εἶναι
881 2785 939 2836 ὲν
968 2783 1131 2852 αὑτῇ,
1171 2782 1290 2834 ἀλλ’
1321 2781 1396 2845 ὡς
1425 2784 1754 2852 ἀμφοτέρων

147 2876 210 2926 ἰν
251 2876 353 2944 μιᾷ
379 2877 538 2946 κοινῇ
569 2874 890 2945 δυναμένων
919 2873 1256 2942 ὑφίστασθαι
1285 2873 1587 2927 ὑποστάσει
1607 2892 1620 2905 ο
1658 2875 1753 2927 καί⁵

148 2967 332 3030 οὕτως
379 2968 522 3032 κατᾲ
554 2967 657 3036 τὴν
687 2968 863 3036 αὑτὴν
894 2967 994 3019 καὶ
1030 2964 1162 3036 μίαν
1189 2965 1522 3028 ὑπόστασιν,
1559 2966 1751 3018 ἑκατέ-

151 3077 252 3131 ρας
282 3059 657 3112 ἔνυποστάτου
678 3059 868 3128 οὔσης.
896 3060 973 3110 Ού
997 3059 1108 3128 γὰρ
1133 3059 1437 3124 ἀναγκαῖον
1456 3057 1547 3110 διὰ
1566 3057 1627 3108 τὸ
1641 3056 1752 3108 δεῖν

146 3170 203 3204 τι
235 3149 404 3217 εῖναι,
440 3150 660 3212 πάντως
693 3152 786 3203 καὶ
818 3151 925 3220 ἰδία
953 3149 1116 3202 τοῦτο
1143 3146 1283 3202 εἶναι
1305 3168 1317 3180 ·
1375 3151 1468 3202 καὶ
1499 3149 1608 3220 γάρ
1639 3149 1750 3202 τῶν

147 3246 210 3296 ἐν
244 3247 314 3314 τῇ
349 3244 503 3296 πόλει
534 3245 830 3311 οἰκήσεων,
867 3241 1097 3312 οὐδεμία
1129 3241 1228 3310 μὲν
1259 3241 1560 3303 ἀδέσποτος
1585 3257 1598 3271 ο

148 3337 474 3404 ἀναγκαίως
501 3336 557 3389 δὲ
587 3337 738 3389 πᾶσα
762 3334 1161 3403 δεσποζομένη,
1192 3334 1588 3405 μονοδέσποτός
1611 3335 1749 3385 ἐστι’

150 3430 356 3484 πολλαὶ
386 3431 495 3499 γάρ
527 3429 637 3481 εἰσι
671 3427 765 3480 καὶ
796 3426 1198 3479 κοινοδὲσποτοι
1246 3427 1304 3478 ἐν
1332 3428 1400 3496 τῇ
1429 3425 1618 3477 πόλει·
1657 3423 1752 3478 οὖ-

146 3541 260 3586 τως
291 3521 384 3575 οὖν
429 3523 552 3574 ἐπεὶ
583 3520 684 3590 μέν
712 3521 854 3573 εἰσιν
886 3519 943 3574 αἱ
975 3517 1198 3588 φύσεις,
1247 3519 1550 3586 ἀναγκαῖον
1581 3517 1752 3580 αὑτὰς

148 3615 248 3668 καὶ
280 3613 656 3683 ὑφεστηκέναι
688 3612 783 3665 καὶ
811 3610 1218 3674 ινυποστάτους
1251 3605 1427 3663 εἶναι·
1476 3609 1668 3677 ἐπειδὴ
1693 3609 1751 3662 δὲ

145 3710 250 3760 οὑκ
298 3707 406 3777 ίδίᾳ
439 3706 536 3759 ἀπ’
566 3703 816 3774 ἀλλήλων
846 3702 1007 3767 είσὶν,
1044 3701 1292 3763 ἑνὼσεως
1324 3699 1505 3753 αὐτῶν
1539 3698 1751 3767 ὡμολο-

146 3802 411 3869 γημένως
465 3796 818 3866 γενομένης,
885 3795 1009 3864 οὐχὶ
1070 3794 1168 3846 καὶ
1222 3794 1330 3863 ἰδίᾳ
1378 3791 1750 3862 ὑφεστηκέναι

147 3891 425 3959 ἑκατέραν
458 3889 756 3956 ἀναγκαῖόν
786 3890 924 3940 ὲστι.
972 3885 1142 3952 Δῆλον
1173 3882 1268 3937 οὖν
1311 3885 1394 3936 ὅτι
1441 3883 1539 3952 οὐχ
1567 3884 1751 3952 ἑτερο-

147 3984 459 4037 ῦπόστατον
490 3975 654 4040 εἷναι,
688 3978 803 4032 ἀλλ’
835 3979 894 4030 ὲν
929 3977 1030 4046 μιᾷ
1064 3977 1160 4028 καὶ
1185 3977 1252 4045 τῇ
1281 3976 1419 4044 αὐτῇ
1452 3973 1749 4028 ὑποστάσει

145 4075 395 4129 νοεῖσθαι
436 4075 641 4142 ἀμφοῖν
683 4069 864 4125 αὐτῶν
897 4069 962 4122 τὸ
995 4069 1365 4122 ἐνυπόστατον
1393 4067 1493 4119 δεῖ.
1532 4065 1624 4119 Διὸ
1653 4065 1750 4118 καὶ

146 4163 537 4235 ἀποδεχόμεθα
586 4163 648 4216 τὸ
690 4164 822 4232 παρ’
853 4161 1006 4230 ὑμῶν
1051 4160 1109 4210 ὲν
1140 4158 1287 4211 τέλει
1321 4157 1636 4228 εἰρημένον,
1673 4156 1749 4218 ὼς

146 4260 422 4314 ἀδύνατον
471 4257 560 4308 ἐπὶ
597 4257 729 4326 μιᾶς
762 4256 857 4308 καὶ
884 4255 988 4322 τῆς
1014 4253 1186 4321 αὐτῆς
1217 4252 1594 4317 ὑποστάσεως,
1631 4250 1749 4303 δια-

145 4353 332 4422 φορὰν
364 4349 630 4416 λέγεσθαι
660 4346 1039 4408 ὑποστάσεως.
1094 4344 1231 4396 Οὐδὲ
1259 4343 1398 4404 ὅλως
1423 4344 1532 4412 γάρ
1566 4357 1748 4410 φαμεν

141 4445 274 4498 οὔτε
308 4441 575 4510 διαφορὰν
611 4439 966 4492 ὑποστάσεων
1013 4439 1073 4489 ἐν
1101 4438 1168 4505 τῇ
1199 4437 1300 4505 μιᾷ
1327 4435 1624 4488 ὑποστάσει
1651 4432 1746 4485 τοῦ

143 4533 397 4605 Κυρίουο
439 4533 516 4603 μὴ
545 4530 792 4599 γένοιτοι
844 4529 894 4581 εί
943 4527 1038 4581 καὶ
1082 4523 1470 4579 ὑποπατικῶν
1503 4522 1747 4592 μερικῶν

1143 442 1542 504 ADVERSUS
1581 443 2128 504 NESTORIANUS.
2158 471 2225 479 -
2252 448 2399 509 LIB.
2443 450 2524 509 ΙΙ.

225 559 374 622 Ἤδη
421 558 520 626 μὲν
560 554 776 624 άληθῶς
815 555 922 607 εἰσι
953 554 1022 606 τὰ
1051 556 1424 625 προταχθέντα
1453 558 1581 625 ὑμῖν
1606 558 1740 627 ὴμέ-
1767 565 1811 620 Α

1651 3243 1753 3294 οὑκ
1780 3274 1821 3328 C

3303 454 3325 515 Ι
3336 456 3440 519 362

1914 560 2034 615 Jam
2078 560 2303 630 quidem
2351 562 2407 616 in
2455 565 2694 620 veritate
2728 575 2859 621 sunt
2891 583 3012 636 qua
3046 583 3078 622 a
3107 567 3266 623 vobis
3292 571 3448 640 prius

1852 652 2062 720 prolata
2085 662 2215 707 sunt
2238 661 2430 706 nostra
2451 663 2794 724 argumenta.
2823 653 2920 712 His
2939 658 3086 711 enim
3113 675 3226 714 non
3248 673 3453 731 oppor-

1857 755 1986 798 tune
2029 755 2414 810 occurrentes,
2441 761 2540 800 vos
2587 749 2736 816 ipsos
2766 758 2980 803 tantum
3005 749 3074 804 de
3106 761 3291 806 vestra
3320 767 3451 807 sen-

1857 837 2029 892 tentia
2061 839 2430 907 persuasistis.
2459 839 2516 894 Si
2547 842 2717 906 enim,
2744 858 2870 897 cum
2903 843 3210 913 analogiam
3247 845 3451 901 habeat

1854 943 1982 982 eum
2015 929 2202 983 colore
2246 930 2625 993 subsistentia,
2673 931 2727 984 in
2775 932 2869 986 illo
2916 933 3172 1002 exemplo
3209 933 3454 989 fortuitae

1855 1021 2237 1076 similitudinis
2288 1021 2343 1076 in
2399 1024 2755 1088 nominibus,
2805 1026 3024 1096 corpori
3077 1028 3454 1082 necessarium

1856 1114 1986 1168 inde
2027 1124 2113 1168 est
2161 1123 2362 1168 natura
2391 1114 2462 1168 sit
2491 1129 2710 1184 corpus,
2737 1116 2979 1171 colorem
3008 1133 3132 1173 esse
3162 1117 3371 1183 dicitis,
3397 1127 3456 1175 et

1854 1223 1919 1261 ex
1957 1209 2062 1263 hoc
2105 1207 2246 1262 duas
2290 1223 2415 1263 esse
2446 1207 2854 1274 subsistentias,
2885 1225 3010 1265 cum
3045 1212 3168 1267 dna:
3205 1214 3317 1267 sint
3351 1229 3490 1268 na--

1857 1308 2016 1362 tum,
2051 1300 2331 1370 colligitis,
2379 1300 2574 1355 scitote
2611 1315 2712 1355 nos
2757 1318 2980 1372 quoque
3029 1303 3164 1358 illud
3206 1304 3393 1359 dicere
3435 1321 3448 1358 :

1857 1392 1959 1448 Ubi
1977 1408 2182 1462 corpus
2197 1407 2318 1446 esse
2335 1392 2542 1446 dicitur
2567 1392 2895 1458 coloratum,
2917 1395 3160 1450 colorem
3184 1396 3453 1451 exsistere

1855 1499 2082 1555 necesse
2132 1494 2248 1549 est;
2301 1485 2445 1539 sicut
2493 1485 2663 1555 igitur
2711 1485 3125 1542 subsistentiatn
3178 1503 3323 1550 esse,
3357 1488 3453 1542 ubt

1857 1548 2295 1630 diciturbnatura
2327 1548 2662 1632 subsistens.
2715 1577 2822 1632 Sed
2872 1577 3163 1648 quaesitum
3197 1548 3319 1634 non
3355 1593 3455 1650 per

1856 1668 1974 1723 huc
2021 1652 2522 1734 demonstravistis,
2544 1679 2601 1725 et
2647 1686 2677 1725 a
2721 1671 2883 1725 nobis
2917 1671 3274 1740 discrepatis;
3305 1670 3454 1740 quod

1857 1777 2078 1834 nempe,
2111 1764 2205 1818 ubi
2236 1765 2397 1834 plura
2435 1765 2702 1819 dicuntur
2735 1765 2994 1835 conjungi
3029 1779 3260 1834 corpora
3302 1764 3454 1819 colo-

1857 1866 1995 1919 rata,
2028 1871 2263 1911 numero
2293 1857 2536 1926 aquales
2564 1857 2632 1912 iis
2665 1857 2874 1912 debent
2903 1872 3126 1928 quoque
3158 1871 3281 1912 esse
3307 1856 3456 1912 colo-

1862 1965 1978 2014 res;
2012 1960 2070 2004 et
2102 1965 2213 2004 non
2250 1950 2513 2020 possibile
2554 1959 2658 2015 est,
2692 1959 2787 2004 aut
2818 1965 2929 2005 uno
2959 1959 3016 2004 et
3044 1950 3240 2005 eodem
3269 1949 3456 2005 colore

1859 2043 2016 2112 plura
2033 2041 2266 2096 colorari
2287 2058 2539 2112 corpora,
2561 2053 2622 2096 ut
2636 2043 2762 2097 albo
2780 2043 2998 2107 niveus,
3017 2043 3248 2107 lacteus,
3265 2058 3454 2097 cerus-

1858 2151 1986 2190 seus
2005 2135 2158 2188 mixti
2177 2144 2326 2201 sunt,
2343 2145 2401 2190 et
2425 2136 2572 2199 lana,
2593 2135 2768 2189 linum
2783 2143 2842 2189 et
2858 2132 3098 2189 sericum
3114 2134 3172 2188 in
3199 2149 3310 2190 uno
3326 2134 3453 2188 albo

1857 2227 1982 2282 velo
2009 2236 2293 2294 contexta;
2326 2238 2422 2283 aut
2461 2228 2517 2282 in
2563 2244 2735 2283 unum
2782 2229 2953 2283 alium
3004 2228 3248 2284 colorem
3293 2228 3452 2297 plura

1857 2329 2094 2384 corpora
2123 2329 2245 2369 esse
2275 2316 2569 2385 permista;
2602 2324 2662 2370 ut
2685 2331 2990 2381 cerussam,
3019 2317 3269 2381 ocbram,
3299 2316 3453 2373 chal-

1858 2407 2147 2473 cantbum,
2178 2408 2410 2478 gummi,
2445 2407 2503 2462 in
2534 2407 2692 2463 fusco
2723 2409 2977 2480 collyrio.
3015 2409 3154 2464 Nam
3185 2408 3324 2465 duas
3351 2425 3452 2463 na-

1860 2510 2012 2555 turas
2058 2501 2111 2554 in
2144 2517 2252 2555 una
2281 2511 2337 2554 et
2364 2501 2559 2556 eadem
2603 2501 2965 2557 subsistentia
3006 2501 3245 2558 dicimus
3269 2502 3453 2558 subsi-

1857 2602 2043 2656 stere;
2079 2607 2189 2646 non
2224 2591 2384 2661 quasi
2417 2592 2683 2648 alterutra
2719 2593 2896 2663 possit
2923 2606 3044 2648 esse
3082 2593 3452 2650 insubsistens

1858 2685 1912 2740 in
1957 2686 2068 2747 illa,
2101 2685 2196 2740 sed
2229 2685 2378 2756 quod
2415 2694 2650 2754 utraque
2695 2685 2752 2740 in
2799 2701 2907 2740 una
2951 2687 3230 2741 communi
3275 2687 3454 2757 possit

1856 2778 2159 2833 subsistere
2189 2778 2570 2833 subsistentia.
2603 2779 2672 2834 Et
2705 2781 2806 2846 ita,
2848 2781 3154 2835 secundum
3200 2779 3449 2836 eamdem

1855 2880 1912 2924 et
1937 2884 2101 2923 unam
2133 2869 2571 2935 subsistentiam,
2606 2878 2840 2942 utraque
2873 2873 2945 2926 sit
2974 2873 3304 2930 subsistens.
3329 2873 3450 2929 Non

1857 2961 2008 3015 enim
2045 2961 2418 3014 necessarium
2443 2971 2528 3015 est
2564 2968 2626 3014 ut
2649 2961 2861 3032 aliquid
2889 2961 3088 3016 debeat
3113 2977 3256 3026 esse,
3284 2962 3451 3018 abso-

1856 3053 1970 3108 lute
2005 3062 2062 3107 et
2094 3055 2316 3123 proprie
2362 3053 2498 3108 illud
2545 3055 2648 3119 sit;
2700 3069 2826 3108 nam
2870 3069 2940 3109 ex
2990 3054 3150 3110 urbis
3195 3054 3454 3110 domibus

1854 3145 2006 3198 nulla
2046 3133 2164 3199 sine
2194 3144 2442 3210 domino,
2489 3159 2602 3200 non
2636 3146 3013 3200 necessarium
3059 3155 3242 3201 autem
3275 3156 3361 3202 est
3392 3157 3453 3202 ut

1855 3236 2034 3290 omnis
2078 3251 2201 3305 qua:
2245 3236 2770 3304 dominumhabet,
2806 3253 2977 3293 unum
3020 3239 3310 3294 dominum
3354 3240 3452 3294 ba-

1857 3327 2020 3392 beat;
2053 3329 2302 3398 plurimae
2327 3329 2476 3383 enim
2505 3334 2635 3384 sunt
2661 3329 2720 3384 in
2761 3330 2899 3387 urbe
2930 3331 3182 3401 pluribus
3210 3331 3454 3386 dominis

1853 3435 2176 3474 communes
2209 3437 2222 3473 :
2249 3423 2328 3475 sic
2353 3421 2540 3492 igitur,
2563 3423 2787 3492 quando
2809 3434 2938 3478 sunt
2966 3434 3199 3488 naturae,
3230 3431 3451 3494 oportet

1853 3526 1948 3566 eas
1979 3511 2282 3566 subsistere
2309 3519 2368 3567 et
2411 3513 2780 3569 subsistentes
2816 3530 2937 3569 esse
2963 3531 2978 3579 ;
3012 3514 3234 3585 quando
3265 3525 3450 3570 autem

1853 3619 1964 3659 non
1993 3606 2216 3675 proprie
2241 3615 2298 3660 et
2325 3605 2446 3660 aliae
2477 3606 2547 3661 ab
2577 3606 2702 3662 aliis
2740 3616 2891 3670 sunt,
2919 3607 3124 3662 unione
3155 3607 3277 3663 illas
3306 3606 3451 3662 inter

1851 3707 2044 3768 aperte
2077 3700 2241 3764 facta,
2274 3715 2386 3754 non
2415 3700 2583 3755 etiam
2616 3699 2839 3770 pr0prie
2885 3699 3189 3773 subsistere
3233 3711 3446 3754 utram-

1852 3807 1960 3862 que
1993 3793 2364 3848 necessarium
2387 3801 2493 3850 est.
2520 3793 2765 3848 Evidens
2796 3809 2929 3864 ergo
2957 3802 3042 3848 est
3073 3809 3184 3846 non
3214 3793 3448 3848 alterius

1851 3899 1975 3940 esse
2015 3885 2410 3950 subsistentia,
2448 3885 2542 3941 sed
2580 3887 2635 3940 in
2671 3901 2779 3940 una
2808 3885 3115 3954 eademque
3142 3884 3450 3940 subsisten-

1854 3976 1926 4030 tia
1976 3978 2270 4047 utriusque
2317 3978 2746 4033 existimandum
2796 3994 2918 4033 esse
2957 3977 3107 4047 quod
3139 3977 3448 4032 subsistens

1849 4084 1953 4126 est.
1987 4072 2115 4126 ldco
2149 4084 2206 4126 et
2243 4073 2523 4143 rejicimus
2558 4072 2707 4143 quod
2752 4087 2781 4126 α
2818 4071 2975 4126 vobis
3009 4073 3063 4126 in
3097 4071 3205 4129 ﬁne
3235 4071 3445 4125 dictum

1849 4169 1955 4223 est,
1989 4162 2330 4230 impossibile
2365 4177 2488 4217 esse
2518 4162 2573 4216 in
2610 4177 2719 4216 una
2751 4161 3055 4230 eademque
3086 4160 3446 4216 subsistentia

1850 4254 2219 4309 diﬂ‘erentiam
2285 4255 2395 4309 dici
2457 4254 2853 4310 subsistentia.
2907 4251 3028 4308 Non
3081 4255 3230 4308 enim
3277 4251 3446 4306 abso-

1849 4346 1964 4401 lute
2001 4347 2238 4401 dicimus
2286 4346 2656 4402 differentiam
2703 4345 3190 4401 subsistentiarum
3239 4359 3297 4397 tn
3333 4359 3443 4397 una

1849 4437 2208 4492 subsistentia
2249 4437 2488 4500 Domini,
2524 4438 2632 4492 boc
2678 4437 2827 4492 enim
2876 4437 3316 4492 demonstratum
3361 4444 3445 4490 est

1847 4547 1968 4586 esse
1992 4532 2370 4601 impossibile;
2404 4531 2677 4601 siquidem
2701 4547 2812 4585 non
2840 4529 3229 4584 distinctarum
3256 4545 3442 4583 rerum

146 4627 467 4698 ἰδιωμάτων
490 4626 651 4695 ἴσμεν
673 4624 958 4692 διαφοράν·
985 4622 1044 4674 οὑ
1066 4619 1173 4690 γὰρ
1195 4618 1551 4671 ὑποστάσεων
1564 4616 1747 4682 διαφό-

1852 4623 1906 4678 ἰη
1952 4623 2148 4678 eodem
2187 4625 2388 4693 aliquis
2420 4625 2632 4679 diceret
2677 4623 2961 4685 unionem,
2996 4621 3052 4675 in
3096 4636 3208 4691 quo
3240 4621 3441 4676 distin-

146 4735 259 4788 ρων
296 4718 330 4786 ἦ
363 4715 640 4786 διαφορῶν
666 4714 864 4767 ἕνωσίν
899 4729 1080 4782 φαμεν
1111 4713 1206 4763 ἐπὶ
1230 4709 1324 4762 τοῦ
1353 4709 1585 4779 Κυρίου’
1617 4705 1743 4760 τοῦ-

140 4828 205 4864 το
229 4813 342 4880 γὰρ
377 4805 706 4878 προεδείχθη
738 4806 833 4858 καὶ
862 4803 1128 4857 ἀδύνατον
1149 4820 1162 4832 ·
1204 4804 1364 4871 εἴπερ
1401 4802 1476 4870 μὴ
1509 4799 1602 4851 καὶ
1630 4799 1742 4851 τῶν

138 4903 620 4972 διακεκριμένων,
643 4902 701 4952 ἐν
733 4897 916 4966 ταυτῷ
936 4914 1020 4960 τις
1047 4897 1199 4964 λέγοι
1228 4895 1327 4965 τὴν
1349 4894 1570 4958 ἕνωσιν,
1609 4895 1666 4945 ὲν
1693 4885 1738 4959 ᾧ

139 4995 242 5063 τὴν
271 4993 551 5060 διάκρισιν
582 4991 714 5060 ὁρᾷ⁶
769 4987 907 5041 ἀλλὰ
939 4986 1157 5056 φύσεων
1183 4983 1460 5053 διαφόρων
1490 4981 1740 5034 σύνθεσιν

141 5085 293 5138 κατὰ
343 5083 475 5153 μίαν
519 5081 623 5152 τὴν
667 5078 894 5150 πρώτην
930 5079 988 5143 ἐξ
1017 5077 1194 5148 ἀρχῆς
1222 5070 1389 5128 οὖσαν
1419 5072 1513 5126 τοῦ
1539 5072 1737 5139 Λόγου,

141 5179 240 5230 καὶ
270 5177 335 5228 οὑ
372 5174 638 5242 δευτέραν
663 5169 803 5224 εἶναι
837 5172 1162 5230 ὑπόστασιν,
1200 5169 1380 5222 εῐτουν
1415 5165 1476 5231 ἐξ
1499 5166 1736 5219 ὑποστά-

142 5288 284 5332 σεως
319 5270 498 5336 ἴσμεν·
537 5266 652 5320 ἀλλ’
682 5263 856 5327 οὕτως
892 5265 992 5334 μὲν
1023 5263 1168 5316 τάδε.

212 5363 290 5416 Τὸ
319 5361 378 5414 δὲ
405 5361 471 5431 δὴ
500 5359 690 5430 ἕτερον
717 5359 880 5412 πάλιν
911 5358 940 5409 ὃ
968 5354 1347 5424 ἀπεφήνασθε,
1373 5355 1456 5408 ὅτι
1480 5353 1603 5406 ἐπεὶ
1623 5353 1712 5406 διά

140 5455 303 5526 φοροί
355 5454 496 5506 εἰσιν
546 5453 602 5505 αί
644 5451 837 5520 φύσεις
885 5451 980 5502 ἐπὶ
1018 5451 1115 5518 τῆς
1151 5446 1488 5514 οἰκονομίας,
1520 5447 1735 5514 ἀνάγκη

139 5543 285 5601 εῖναι
312 5543 605 5613 διαφόρους
636 5542 732 5595 καὶ
756 5542 856 5604 τὰς
882 5540 1232 5601 ὑποστάσεις·
1269 5539 1379 5591 τῶν
1407 5538 1463 5590 δὲ
1499 5538 1737 5590 ὑποστά-

142 5654 287 5690 σεων
316 5637 694 5708 διαφερουσῶν
726 5636 821 5687 ἐπὶ
849 5634 950 5703 τῆς
978 5633 1128 5694 θείας
1155 5631 1364 5696 οὐσίας,
1392 5631 1492 5684 οὐκ
1519 5631 1737 5702 ἀνάγκῃ

141 5728 283 5783 εἶναι
332 5729 623 5800 διαφόρους
678 5729 774 5781 καὶ
823 5727 923 5790 τὰς
972 5727 1204 5794 φύσεις,
1257 5725 1375 5789 πῶς
1418 5723 1732 5787 δείκνυται;

145 5823 372 5894 ΙΙρῶτον
395 5821 494 5892 μὲν
525 5821 631 5888 γάρ
650 5821 707 5873 ὲν
737 5821 850 5881 τοῖς
880 5817 1191 5890 ἔμπροσθεν
1224 5817 1285 5868 τὸ
1313 5817 1608 5886 ἀδιάφορον
1626 5817 1734 5868 τῶν

143 5915 363 5984 φιῗσεων
417 5913 733 5984 ἀναγκαίως
771 5911 992 5986 χρῄζειν
1044 5911 1136 5965 τοῦ
1169 5909 1427 5980 διαφόρου
1467 5908 1571 5964 τῶν
1602 5911 1731 5961 ὑπο-

1846 4715 2086 4770 ctionem
2113 4714 2298 4780 videt;
2331 4714 2427 4770 sed
2452 4725 2773 4770 naturarum
2802 4713 3180 4769 differentium
3209 4713 3444 4784 conjun-

1845 4807 2083 4861 ctionem
2113 4807 2418 4862 secundum
2450 4823 2614 4863 unam
2641 4808 2872 4877 primam
2905 4822 2935 4861 a
2983 4805 3258 4876 principio
3284 4806 3440 4861 exsi-

1845 4908 2081 4955 stentem
2115 4901 2304 4965 Verbi,
2355 4916 2458 4956 nec
2503 4900 2802 4955 secundam
2846 4915 2969 4955 csse
3000 4899 3436 4964 subsistentiam,

1843 5003 1974 5063 puta
2000 5008 2031 5048 e
2066 4992 2447 5056 subsistentia,
2480 4992 2705 5047 scimus.
2743 4989 2851 5047 Sed
2883 4991 2956 5046 ita
2983 4991 3210 5062 quidem
3237 4990 3362 5046 ista.

1913 5353 2068 5419 Quod
2116 5358 2298 5406 autem
2335 5365 2531 5405 rursus
2575 5349 2961 5420 praposuistis,
3011 5363 3241 5405 necesse
3285 5362 3429 5412 esse,

1840 5462 1962 5500 cum
1999 5446 2317 5499 ditl‘erentes
2342 5443 2455 5498 sint
2486 5452 2697 5497 natura:
2743 5442 2800 5496 in
2826 5441 3224 5506 incarnatione,
3266 5440 3431 5496 ἀίσσ-

1839 5547 2024 5593 rentes
2055 5539 2219 5590 etiam
2264 5537 2375 5591 sint
2404 5546 2462 5592 et
2496 5535 2904 5600 subsistentia;
2947 5533 3429 5590 subsistentiarum

1838 5645 2021 5687 autem
2055 5631 2429 5686 diﬂ'erentium
2477 5630 2531 5684 in
2565 5629 2804 5684 essentia
2845 5627 3056 5691 divina,
3086 5643 3198 5682 non
3231 5643 3428 5683 neces»

1837 5726 1983 5780 sario
2007 5740 2128 5778 esse
2159 5723 2484 5779 differentes
2506 5732 2750 5786 naturas,
2774 5720 3054 5790 quomodo
3075 5719 3419 5776 ostenditur?

1837 5818 2016 5886 primo
2065 5816 2210 5869 enim
2262 5815 2525 5885 quidem,
2575 5814 2630 5868 in
2675 5814 2760 5869 his
2806 5827 2929 5883 qua:
2977 5811 3235 5882 superius
3279 5810 3426 5865 dicta

1837 5917 1988 5976 sunt,
2008 5907 2429 5964 similitudinem
2457 5913 2778 5962 naturarum
2809 5903 3121 5961 necessario
3145 5901 3427 5973 requirere
