4214 6450
195 404 330 472 1565

196 519 336 571 οὕτω
396 516 704 586 λεγομένων
769 516 1107 586 ὀνομάζομεν
1139 532 1151 545 °

189 609 301 660 τῶν
327 607 541 677 φύσεων
575 607 764 669 ποσδν,
793 609 884 660 καὶ
913 608 1004 659 τὸν
1035 608 1143 659 τῶν
1164 609 1520 661 ὑποστάσεων
1544 606 1778 676 ἀριθμὸν

192 699 558 760 πλεονάζοντα
588 702 766 767 ἴσμεν·
799 699 1100 766 οὑδαροθεν
1121 698 1308 750 λοιπὸν
1325 700 1560 767 ἑχόντων
1583 697 1775 760 ἑνικῶς

191 791 699 860 προσαγορεύεσθαι
721 791 827 844 τῶν
850 792 988 844 κατὰ
1009 792 1170 857 φύσιν
1190 792 1488 858 ήνωμένων
1504 787 1775 842 ὁπωσοῦν·

188 885 325 935 ὅπου
362 884 520 951 ὑμεῖς
541 883 740 935 ταυτὸν
770 878 908 936 εἶναι
937 884 1100 949 φύσιν
1129 884 1224 936 καὶ
1253 883 1548 934 ὑπόστασιν
1580 880 1779 934 πολλά-

189 993 277 1038 κις
329 975 581 1043 λέγοντες
606 991 622 1004 ⁶
677 973 780 1027 κᾶν
831 975 1124 1044 διαφόρους
1159 975 1296 1028 ὃῶτε
1327 974 1423 1037 τάς
1450 969 1779 1035 ὑποστάσεις

187 1065 290 1133 τῆς
343 1067 504 1132 ἁγίας
550 1067 808 1138 Τριάδος,
867 1069 1084 1130 πάντως
1129 1066 1227 1120 καὶ
1273 1067 1371 1129 τὰς
1417 1065 1639 1134 φύσεις,
1681 1065 1779 1117 καὶ

187 1159 236 1209 εἰ
269 1157 528 1222 πλείους,
567 1158 627 1222 ἐξ
657 1159 904 1227 ἀνάγκης
937 1158 1108 1220 τόσας
1143 1157 1236 1210 καὶ
1263 1156 1364 1219 τὰς
1389 1155 1576 1218 οὑσεας
1611 1149 1774 1207 εἶναι.

800 1251 1028 1304 ΚΕΦΑΛ
1040 1288 1054 1304 .
1093 1252 1192 1304 IA'.

270 1345 456 1410 Ἀλλά,
493 1345 693 1413 φασὶν,
751 1343 862 1396 ἰδοὺ
908 1345 936 1395 ὀ
983 1342 1272 1411 ἄνθρωπος
1320 1339 1416 1393 δύο
1451 1341 1550 1410 μὲν
1582 1339 1778 1408 φύσεις

185 1437 329 1500 ἐστὶ,
370 1437 467 1505 μίι
495 1436 551 1488 δὲ
579 1436 904 1496 ὑπόστασις*
955 1435 1048 1485 καὶ
1083 1431 1321 1502 φανερὸν
1356 1434 1419 1483 ἐκ
1446 1430 1662 1491 τούτου,
1695 1430 1776 1481 ὅτι

183 1527 416 1580 δυνατὸν
457 1527 516 1579 ἐν
563 1516 664 1597 μιᾷ
701 1525 1000 1579 ὑποστάσει
1034 1525 1128 1578 δύο
1160 1524 1354 1593 φύσεις
1383 1521 1544 1577 εἶναι.
1607 1523 1776 1577 Πάλιν

180 1620 448 1691 τερθρεία
472 1621 672 1686 λόγων,
710 1621 874 1673 πάλιν
907 1621 1055 1689 μάχη
1081 1619 1392 1687 δογμάτων,
1430 1619 1591 1671 πάλιν
1621 1619 1775 1670 ὲναν-

182 1715 370 1783 τιότης
429 1714 726 1786 ῥημάτων,
785 1714 882 1766 καὶ
935 1712 1250 1782 σοφίσματα
1290 1710 1560 1780 προδήλου
1593 1708 1775 1778 ψυχῆς

182 1806 507 1875 ἀγνώμονος
533 1823 547 1837 ·
583 1808 675 1859 τὸν
708 1805 870 1858 αὐτὸν
893 1805 1184 1873 ἄνθρωπον
1217 1805 1311 1856 καὶ
1339 1803 1432 1855 δύο
1459 1802 1654 1872 φύσεις
1685 1801 1772 1854 λέ-

180 1917 368 1966 γουσι,
404 1899 498 1952 καὶ
529 1899 661 1969 μίαν
689 1899 1016 1960 ὑπόστασιν,
1049 1897 1142 1949 καὶ
1169 1896 1271 1948 πά)
1284 1912 1332 1947 ιν
1357 1894 1614 1963 οὐδεμίαν
1639 1892 1770 1945 ὑπό·
1805 1861 1846 1917 Β

183 2008 382 2045 στασιν
405 2008 420 2021 '
480 1992 574 2044 καὶ
625 1991 886 2060 μακάριοι
926 1985 1067 2060 ἦμεν
1103 1989 1397 2051 ἀκούοντες
1429 1987 1524 2040 δύο
1555 1985 1772 2052 φύσεις,

183 2085 323 2152 μίαν
352 2084 650 2136 ὑπόστασιν
674 2101 687 2114 ·
728 2083 761 2153 ἢ
802 2082 897 2134 νῦν
929 2080 1310 2148 διδασκόμενοι
1339 2080 1518 2146 λέγειν
1553 2078 1645 2130 δύο
1673 2075 1773 2144 φύ-

183 2193 324 2238 σεις,
357 2174 615 2244 οὐδεμίαν
643 2175 699 2228 δὲ
731 2161 1050 2226 ὑπόστασιν.
1094 2172 1262 2224 Πάλιν
1289 2172 1399 2240 γάρ
1424 2171 1516 2222 τὸν
1538 2168 1774 2238 Χριστὸν

179 2267 406 2334 λέγουσι
437 2268 588 2336 τρεῖς
616 2265 829 2332 φύσεις,
859 2263 1070 2316 καὶδύο
1098 2263 1286 2330 φύσεις
1306 2278 1318 2291 ·
1355 2261 1451 2314 καὶ
1483 2261 1614 2329 μίαν
1644 2258 1775 2310 ὑπό.

182 2375 383 2411 στασιν
409 2358 484 2426 μὴ
510 2355 961 2425 κατορθώσαντες
987 2355 1190 2420 λέγειν,
1215 2353 1364 2422 τρεῖς
1391 2351 1491 2419 ἤδη
1518 2348 1776 2417 δογματί-

181 2453 342 2513 ζουσι
393 2449 587 2516 φύσεις
645 2453 702 2500 ἐν
756 2449 854 2516 μιᾷ
904 2445 1231 2499 ὑποστάσει·
1278 2445 1373 2495 καὶ
1408 2444 1571 2495 imus
1602 2438 1775 2491 ταῦτα

181 2544 326 2606 πῶς.
375 2543 437 2594 Ei
470 2541 564 2594 δύο
595 2541 812 2608 φύσεων
846 2542 873 2590 ὀ
903 2538 1212 2608 ἄνθρωπος,
1249 2537 1343 2587 καὶ
1379 2537 1505 2604 μιᾶς
1535 2531 1774 2585 ὑποστά-

181 2651 348 2696 σεως,
386 2632 646 2702 εἴληπται
681 2632 734 2684 es
773 2625 928 2691 οὗτος
978 2631 1071 2682 καὶ
1104 2629 1310 2698 ἥνωται
1340 2626 1419 2694 τῷ
1448 2625 1565 2694 Θεῷ
1593 2625 1772 2693 Λόγῳ,

180 2727 302 2790 πῶς
332 2727 394 2778 οὑ
422 2729 569 2794 τρεῖς
597 2725 785 2791 φύσεις
809 2725 904 2777 δύο
927 2724 1216 2796 ληφθεῖσαι
1238 2765 1252 2786 ,
1298 2721 1394 2790 μία
1417 2719 1472 2772 δὲ
1498 2717 1773 2783 λαϐοῦσα;

177 2820 280 2872 καὶ
309 2818 428 2880 πῶς
461 2818 520 2869 οὑ
546 2815 642 2870 δύο
671 2817 1024 2878 ὑποστάσεις,
1058 2815 1091 2881 ἦ
1127 2831 1186 2865 τε
1209 2801 1460 2865 ’λαϐοῦσα
1497 2811 1591 2863 καὶ
1620 2813 1651 2876 ἡ
1680 2809 1776 2875 λη-

183 2909 423 2979 φθεῖσα;
475 2910 541 2986 Ei
567 2908 626 2962 δὲ
659 2909 752 2961 δύο
779 2912 997 2975 φύσεων
1027 2908 1056 2959 ὁ
1085 2907 1325 2975 Χριστὸς
1362 2905 1454 2956 καὶ
1483 2905 1612 2972 μιᾶς
1639 2903 1773 2954 ὑπο-

182 3005 457 3065 στάσεως,
497 3003 614 3064 πῶς
643 3003 705 3055 οὑ
738 3001 836 3070 μία
865 3001 1024 3071 φύσις
1055 3003 1084 3052 ὁ
1110 2987 1295 3070 ἄνθρω
1307 3015 1433 3063 mg;
1469 2996 1560 3048 καὶ
1586 2994 1780 3047 ἀνυπό-

183 3115 387 3161 στατος
439 3101 468 3152 ὁ
515 3097 836 3167 ἄνθρωπος.
885 3097 944 3148 ὃν
977 3096 1070 3149 δύο
1102 3094 1296 3163 φύσεις
1327 3094 1514 3157 ελεγον
1545 3088 1774 3158 πρώηνῖ

1143 406 1540 467 ADVERSUS
1578 403 2127 466 NESTORIANOS.
2157 429 2224 438 —
2265 405 2411 464 LIB.
2456 405 2536 464 II.

1237 519 1335 569 καὶ
1397 518 1458 570 οὑ
1521 516 1664 570 κατὰ
1718 514 1777 567 ab

1883 530 2174 570 numerum
2207 529 2566 584 personarum
2599 513 2974 582 multiplicari.
3011 513 3127 568 Una
3164 526 3296 567 voce
3324 514 3469 568 desi-

3331 405 3468 474 1-566

1880 605 2034 674 gnari
2056 621 2118 659 ea
2138 620 2260 674 qua:
2277 615 2478 660 natura
2498 604 2684 673 aliquo
2705 602 2870 658 modo
2895 603 3184 668 uniuntur,
3207 603 3470 674 deinceps

1878 698 1984 752 erit
2008 696 2235 750 omnino
2267 695 2633 767 impossibile,
2669 695 2972 764 praesertim
3004 708 3129 746 cum
3170 693 3312 748 idem
3345 709 3467 748 esse

1881 798 2131 842 naturam
2187 798 2350 857 atque
2398 801 2689 857 personam
2743 799 2886 853 sazpe
2933 784 3208 838 dixeritis.
3257 781 3469 838 Sancta:

1880 878 2163 932 Trinitatis
2207 893 2470 947 personas
2514 878 2557 930 si
2589 875 2974 937 distinxeritis,
3003 885 3060 928 et
3095 881 3306 928 natura:
3349 888 3467 926 om-

1878 971 2012 1025 nino
2055 978 2216 1024 erunt
2268 968 2688 1038 distinguendae,
2736 967 2782 1022 si
2824 965 3344 1036 multiplicaveritis,
3391 965 3472 1019 sic

1877 1062 2192 1118 necessario
2221 1059 2652 1130 multiplicandte
2680 1069 2739 1114 et
2772 1069 3005 1112 naturae.

2508 1256 2663 1312 CAP.
2683 1256 2821 1312 XIV.

1949 1353 2057 1408 Sed
2088 1367 2293 1414 nonne,
2323 1349 2606 1419 inquiunt,
2638 1348 2779 1402 duas
2811 1357 3038 1402 naturas
3067 1356 3124 1402 et
3149 1362 3314 1400 unam
3341 1362 3468 1416 per-

1876 1461 2068 1501 sonam
2098 1445 2264 1498 homo
2296 1441 2504 1497 habet?
2533 1450 2587 1495 et
2620 1439 2820 1495 exinde
2845 1455 3026 1494 nonne
3055 1440 3110 1494 in
3139 1454 3249 1492 una
3275 1453 3469 1508 perso-

1877 1556 1947 1595 na
1985 1539 2122 1594 duas
2155 1548 2382 1593 naturas
2408 1535 2677 1591 exsistere
2711 1532 2978 1602 possibile
3003 1532 3419 1586 demonstratur
3441 1532 3468 1584 ?

1876 1630 2090 1684 Rursus
2123 1627 2382 1695 stupendi
2430 1638 2738 1684 sermones,
2786 1637 2984 1677 rursus
3040 1621 3317 1676 contraria
3363 1621 3438 1676 do

1874 1730 2077 1791 gmata,
2097 1734 2293 1774 rursus
2308 1717 2475 1771 verba
2492 1717 2767 1785 opposita,
2787 1729 2979 1769 rursus
2993 1714 3330 1782 snphismata
3351 1728 3473 1781 quae

1876 1815 2125 1868 insanam
2155 1822 2393 1866 mentem
2426 1817 2684 1879 arguunt.
2716 1807 2984 1862 Eumdem
3017 1806 3296 1860 hominem
3324 1820 3472 1859 nunc

1876 1905 2106 1960 duarum
2120 1911 2440 1956 naturarum
2454 1912 2508 1952 et
2523 1899 2684 1953 unius
2697 1913 3120 1967 personagnunc
3134 1896 3264 1950 milli
3277 1911 3334 1950 σε
3348 1912 3474 1966 per-

1876 2013 2024 2052 some
2043 2004 2314 2049 statuunt.
2332 1993 2818 2046 Laatabamurcum
2843 1991 2982 2046 duas
2996 2000 3288 2046 naturaset
3305 2005 3470 2044 unam

1876 2103 2171 2158 personam
2200 2086 2582 2148 audiebamus,
2615 2094 2671 2138 et
2689 2100 2838 2139 nunc
2855 2085 2994 2139 duas
3017 2094 3244 2138 naturas
3263 2093 3319 2138 et
3341 2085 3470 2138 nul-

1877 2177 1985 2230 lam
2009 2191 2298 2244 personam
2330 2175 2559 2229 credere
2588 2174 2870 2229 docemur.
2905 2174 3048 2228 Ecce
3081 2175 3229 2228 enim
3262 2173 3464 2227 iterum

1877 2268 2098 2324 Christo
2159 2277 2270 2322 tres
2333 2277 2582 2330 naturas,
2611 2276 2666 2321 et
2709 2266 2844 2320 duas
2881 2275 3110 2321 naturas
3167 2265 3467 2330 tribuunt;

1879 2361 2043 2430 inque
2062 2375 2168 2413 una
2195 2374 2430 2429 persona
2459 2357 2769 2412 confitenda
2793 2373 2905 2410 non
2942 2365 3092 2410 recte
3113 2371 3474 2424 perseveran-

1879 2461 1981 2511 tes,
2013 2461 2124 2504 tres
2140 2459 2365 2504 naturas
2390 2449 2579 2503 dicunt
2601 2449 2654 2501 in
2679 2463 2787 2501 una
2833 2447 3215 2516 persona.lpsi
3241 2448 3474 2502 audian-

1879 2549 1970 2594 tur
2008 2563 2017 2594 :
2060 2556 2189 2594 eum
2224 2539 2440 2593 duabus
2477 2540 2686 2592 naturis
2731 2548 2787 2593 et
2839 2554 2946 2592 una
2982 2553 3216 2608 persona
3256 2545 3472 2592 constet

1879 2633 2065 2693 homo,
2103 2631 2402 2701 quomodo,
2443 2641 2733 2700 postquam
2797 2641 3114 2700 assumptus
3163 2640 3222 2684 et
3281 2630 3472 2683 unitus

1878 2723 1982 2778 fuit
2020 2723 2200 2778 Verbo
2231 2723 2351 2786 Dei,
2390 2739 2498 2776 non
2553 2730 2668 2776 tres
2723 2731 2855 2776 sunt
2906 2731 3142 2785 naturae,
3192 2721 3316 2776 duzc
3347 2736 3469 2791 quae

1879 2825 2259 2878 assumuntur,
2301 2817 2473 2868 altera
2531 2829 2654 2883 qua:
2694 2815 2969 2869 assumit?
3029 2815 3308 2885 quomodo
3355 2829 3464 2870 non

1877 2906 2002 2961 duae
2038 2921 2309 2975 personae,
2335 2905 2503 2959 altera
2532 2920 2840 2969 assumens,
2859 2916 2916 2959 et
2944 2906 3116 2960 altera
3143 2905 3468 2975 assumpta?

1880 2998 1977 3052 Vel
2005 3000 2050 3052 si
2086 2998 2302 3052 duabus
2322 2998 2536 3052 naturis
2566 3009 2622 3052 et
2653 3014 2760 3052 una
2808 3013 3044 3068 persona
3068 3007 3287 3052 constat
3312 2998 3471 3054 Chri-

1881 3100 2244 3178 stusknonne
2276 3105 2440 3143 unam
2470 3099 2724 3144 naturam
2758 3091 2924 3143 homo
2953 3090 3142 3150 habet,
3177 3099 3234 3144 et
3254 3099 3340 3148 εει
3365 3090 3471 3143 im-

184 3192 301 3244 Καὶ
339 3192 422 3253 τίς
457 3191 670 3243 ὑποίσει
701 3189 977 3257 τοσαύτην
1004 3187 1360 3255 ἐναντιότητα
1387 3181 1775 3252 δογματίζειν;

1884 3180 2214 3250 personaiis,
2247 3195 2413 3248 quem
2449 3181 2614 3234 modo
2640 3181 2779 3235 duas
2801 3190 3031 3234 naturas
3065 3180 3272 3235 habere
3316 3181 3471 3235 dice-

260 3452 428 3505 Ἀλλὰ
451 3454 546 3504 καὶ
572 3453 701 3520 μίαν
729 3451 825 3503 καὶ
850 3450 944 3503 δύο
969 3449 1162 3516 φύσεις
1188 3445 1328 3500 εἶναι
1354 3449 1440 3499 τὸν
1466 3447 1776 3516 ἄνθρωπον,

184 3543 365 3614 ἑτέρῳ
400 3542 499 3612 μέν
532 3558 613 3593 τοι
645 3541 740 3592 καὶ
767 3540 939 3608 ἑτέρῳ
963 3539 1107 3608 λόγῳ
1140 3540 1199 3589 ὲν
1225 3540 1338 3600 τοῖς
1377 3539 1516 3608 πρὸς
1542 3540 1669 3599 τοὺς
1692 3537 1779 3590 λέ-

185 3652 386 3702 γοντας
440 3633 608 3687 αὑτοῦ
669 3634 799 3702 μίαν
841 3629 980 3684 εἶναι
1025 3631 1193 3700 μόνην
1226 3631 1326 3698 τὴν
1357 3629 1521 3698 φύσιν
1557 3629 1776 3681 ἀπεδείο

185 3726 365 3797 εαμεν
400 3725 498 3778 σὺν
529 3723 649 3794 Θεῷ
675 3739 687 3751 ’
745 3725 842 3776 καὶ
897 3723 986 3774 ἵνα
1022 3722 1097 3790 μὴ
1131 3721 1352 3773 πλείονα
1383 3721 1512 3772 ὄντα
1542 3720 1611 3772 τά
1639 3719 1780 3771 αὑτά

186 3818 640 3888 παλιλλογῶμεν,
701 3816 911 3868 ἔνεστιν
947 3815 1158 3868 ἐκεῖθεν
1191 3814 1269 3884 τῷ
1303 3814 1615 3884 βουλομένῳ
1650 3816 1780 3882 περί

181 3912 345 3968 τοῦδε
370 3909 857 3982 πληῳφορεῖσθαι.
876 3909 1140 3976 Λέγοντες
1155 3907 1248 3960 οὖν
1273 3909 1365 3959 ἐπὶ
1385 3907 1480 3960 τοῦ
1502 3907 1777 3959 Δεσπότου

185 4005 350 4076 ἡμῶν
381 4004 558 4073 Ἰησοῦ
589 4002 830 4074 Χριστοῦ
865 4000 961 4052 δύο
990 4001 1087 4061 τὰς
1119 4000 1336 4067 φύσεις,
1362 3999 1522 4067 δῆλον
1547 3998 1620 4059 ὼς
1647 3997 1778 4067 μίαν

182 4103 286 4167 τὴν
309 4096 407 4150 τοῦ
436 4094 727 4166 ἀνθρώπου
755 4093 918 4162 φύσιν
950 4096 1008 4145 ἐν
1034 4092 1184 4160 αὑτῷ
1217 4089 1778 4161 καταριθμοῧμεν,ὼς

177 4191 365 4253 εἴδους
412 4189 740 4258 καινοτέρου
787 4185 1092 4254 γενομένης
1135 4183 1444 4250 αίτίαςηῆς
1476 4180 1778 4242 συνθέσεως

182 4284 295 4336 τῶν
348 4284 406 4335 ὲν
448 4280 600 4351 αὑτῷ
642 4279 880 4349 φύσεων.
940 4276 1100 4330 Κατὰ
1143 4276 1347 4346 τρόπον
1377 4273 1470 4327 οὑν
1503 4276 1595 4326 καὶ
1617 4272 1776 4340 λόγον

182 4382 278 4429 τον
303 4375 406 4445 τῆς
437 4375 568 4444 μιᾶς
593 4372 810 4442 φύσεως
836 4371 1002 4424 αὑτοῦ
1031 4369 1462 4440 παραστατικδν,
1493 4367 1590 4436 μία
1615 4365 1776 4430 φύσις

181 4468 366 4522 τοῦδε.
420 4467 534 4537 Τὴν
579 4467 637 4518 δὲ
687 4465 988 4518 ὑπόστασιν
1017 4462 1115 4515 τοῦ
1144 4460 1460 4531 ἄνθρωπον.
1495 4461 1588 4512 καὶ
1617 4461 1776 4528 ὑμεῖς

1881 3275 2079 3328 bamus
2101 3275 2123 3325 ἲ
2148 3272 2380 3326 Tantam
2411 3272 2842 3342 discrepantiam
2874 3273 3003 3342 quis
3028 3274 3277 3342 proﬁteri
3306 3274 3472 3328 susti-

1882 3367 2041 3422 nebit
2063 3366 2085 3418 ?
3111 3379 3113 3382 ‘

1955 3457 2176 3514 Homini
2230 3473 2506 3526 unamque
2556 3457 2805 3526 duasque
2858 3466 3088 3512 naturas
3150 3459 3352 3518 inesse,
3375 3456 3472 3510 sed

1882 3566 1994 3606 non
2042 3550 2236 3605 eadem
2282 3551 2518 3614 ratione,
2552 3550 2819 3604 adversus
2851 3565 2948 3604 eos
2971 3552 3065 3620 qui
3097 3567 3260 3605 unam
3291 3550 3470 3605 solum

1881 3641 2203 3704 admittunt,
2237 3642 2348 3695 Deo
2378 3641 2696 3710 adiuvante,
2729 3643 3113 3711 probavimus.
3149 3645 3218 3698 Et
3248 3659 3320 3699 ne
3369 3660 3468 3699 ea-

1867 3734 2032 3799 tdem,
2060 3741 2250 3802 utpote
2280 3733 2552 3802 longiora,
2587 3741 2902 3802 repetamus
2924 3776 2939 3798 ,
2971 3737 3175 3805 poterit
3232 3736 3470 3806 quicun-

1881 3841 1990 3896 que
2017 3826 2274 3889 voluerit,
2331 3824 2532 3878 exinde
2561 3824 2630 3879 de
2658 3825 2762 3879 hoc
2794 3827 2997 3881 certior
3021 3826 3160 3881 ﬁeri.
3190 3827 3294 3884 Ubi
3337 3844 3473 3899 ergo

1881 3916 2127 3972 diximus
2165 3916 2235 3970 de
2266 3917 2394 3971 Jesu
2420 3916 2647 3971 Christo
2679 3918 2912 3973 Domino
2953 3930 3145 3975 nostro
3182 3921 3320 3976 duas
3368 3937 3470 3974 na-

1884 4018 2038 4064 turas
2087 4024 2216 4062 eum
2267 4008 2498 4072 habere,
2549 4017 2699 4078 patet
2739 4010 3034 4065 humanam
3082 4024 3336 4066 naturam
3368 4028 3472 4082 pro

1883 4117 1990 4155 una
2025 4108 2298 4168 sumptam
2332 4099 2528 4162 fuisse,
2556 4100 2716 4169 quasi
2744 4100 2918 4155 forma
2952 4102 3214 4156 inusitata
3238 4114 3358 4156 orta
3385 4119 3472 4157 es-

1881 4202 1965 4246 set
2007 4207 2074 4246 ex
2107 4191 2311 4245 unione
2370 4201 2694 4245 naturarum
2734 4192 2789 4246 in
2837 4193 2959 4263 ipso
2993 4211 3007 4247 :
3037 4203 3094 4248 et
3134 4210 3245 4263 quo
3275 4210 3466 4258 sensu,

1881 4286 2088 4354 quibus
2121 4284 2309 4338 verbis
2345 4293 2540 4337 natura
2575 4287 2697 4354 ejus
2740 4301 2847 4339 una
2876 4287 3293 4342 monstrabatur
3318 4329 3334 4351 ,
3369 4303 3469 4342 eo-

1881 4375 2006 4429 dem
2034 4391 2179 4428 nunc
2225 4375 2432 4428 dicitur
2461 4391 2570 4430 una
2613 4385 2829 4430 natura.
2869 4378 3167 4432 Personam
3200 4393 3333 4433 vero
3365 4379 3469 4432 ho-

1881 4467 2048 4521 minis
2082 4482 2180 4520 vos
2231 4467 2357 4535 ipsi.
2394 4467 2450 4519 in
2497 4469 2676 4536 primo
2706 4468 3166 4544 hujustractatus
3199 4471 3466 4539 capitulo,

188 4563 290 4630 μὲν
345 4563 403 4613 ἐν
448 4560 528 4629 τῷ
572 4558 778 4626 πρώτῳ
833 4557 932 4623 τῆς
983 4555 1266 4624 παρούσης
1323 4551 1638 4614 ὑποθέσεως
1682 4567 1773 4603 κε-

1882 4575 2047 4612 unaln
2103 4574 2226 4613 esse
2266 4575 2298 4613 e
2334 4559 2552 4613 duabus
2617 4561 2833 4614 naturis
2892 4561 3132 4615 confessi
3158 4562 3316 4626 estis,
3350 4561 3468 4630 qui,

182 4653 402 4722 φαλαίῳ
428 4693 442 4716 ,
504 4651 636 4720 μίαν
669 4667 730 4701 τε
765 4649 858 4701 καὶ
890 4650 954 4700 ἐκ
981 4647 1075 4699 δύο
1105 4646 1320 4714 φύσεων
1355 4643 1771 4711 ὡμολογήσατε,

181 4744 444 4811 λέγοντες
475 4739 612 4809 πρὸς
640 4740 788 4808 ἡμᾶς
820 4736 950 4808 περὶ
975 4736 1073 4805 τῆς
1103 4734 1197 4787 τοῦ
1226 4733 1498 4785 Δεσπότον
1530 4730 1774 4783 ὑποστά-

182 4851 325 4896 σεως
347 4874 363 4897 ,
413 4832 498 4883 ὅτι
545 4832 593 4882 εἰ
625 4828 700 4898 μὴ
730 4830 797 4898 τῇ
831 4827 926 4880 τοῦ
955 4826 1193 4894 Πατρὺς,
1228 4823 1365 4876 ἀλλὰ
1395 4828 1460 4894 τῇ
1491 4823 1585 4876 τοῦ
1612 4823 1776 4890 Δαὸίδ

181 4938 368 4991 φαμεν
394 4919 568 4988 αὐτὴν
591 4915 1046 4987 ὁμοούσιον,ξπῶς
1075 4918 1140 4967 ἐκ
1161 4914 1258 4968 δύο
1282 4914 1496 4983 φύσεων
1523 4913 1775 4979 λέγοντες

181 5012 381 5082 αὐτὴν,
409 5013 509 5064 οὐκ
539 5013 603 5063 ἐκ
629 5009 810 5079 ψυχῆς
840 5009 935 5061 καὶ
963 5008 1216 5076 σώματος
1248 5006 1570 5060 συνεστάναι
1595 5005 1777 5074 βουλό-

185 5103 366 5172 μεθας
421 5101 660 5170 Τοιαύτη
712 5100 823 5169 γὰρ
856 5102 890 5168 ἡ
921 5098 1014 5151 τοῦ
1049 5097 1252 5150 Δαὸίδ⁶
1309 5097 1451 5168 πλὴν
1493 5097 1589 5150 καὶ
1618 5095 1777 5148 τοῦτο

182 5199 316 5265 ὑμῖν
349 5193 798 5264 συγκεχωρήσθω
824 5207 837 5221 ⁸
880 5193 931 5245 εξ
962 5194 1059 5245 καὶ
1089 5194 1150 5244 οὑ
1181 5191 1323 5246 κατὰ
1353 5191 1582 5260 γνώμην
1612 5191 1774 5254 τισὶν,

181 5289 321 5340 ἀλλᾶ
373 5288 519 5340 κατὰ
566 5285 881 5355 οἰκονομίαν
933 5288 1028 5338 καὶ
1075 5285 1337 5355 πρόνοιάν
1386 5303 1506 5337 τινα
1557 5283 1776 5350 λέγεται

183 5379 452 5440 πολλάκις
475 5417 490 5438 ,
552 5378 626 5447 μὴ
673 5375 1114 5448 εὑμνημονοῦσιν
1144 5377 1204 5427 ὲν
1232 5373 1311 5444 τῷ
1337 5374 1632 5443 ψεύδεσθαι
1667 5375 1776 5424 τῶν

183 5471 609 5542 προειρημένων
639 5469 823 5532 αὑτοῖς
844 5509 858 5532 ,
911 5469 999 5521 ἵνα
1034 5468 1210 5538 ἔχοιεν
1243 5466 1374 5535 παρ’
1404 5466 1615 5518 ἑαυτῶν
1645 5465 1774 5518 ἐπό-

185 5582 352 5636 μενον
404 5564 591 5626 αὑτοῖς
643 5562 736 5616 τὸν
783 5563 914 5615 ἴδιον
961 5561 1204 5628 ἔλεγχον.
1251 5560 1443 5628 Ἡμεῖς
1487 5560 1543 5612 δὲ
1593 5560 1641 5611 εί
1683 5562 1775 5613 καὶ

185 5656 318 5724 μίαν
350 5657 513 5726 ἴσμεν
566 5656 660 5708 ὲπί
704 5654 998 5726 ανθρώπου
1034 5653 1126 5706 τοῦ
1163 5654 1479 5706 καθέκαστα
1511 5653 1610 5722 τὴν
1642 5653 1774 5705 ὑπὸς

184 5767 409 5804 στασιν.
461 5749 554 5801 καὶ
605 5749 697 5802 ἐπὶ
732 5750 913 5816 πάσης
946 5749 1140 5816 ἑτέρας
1168 5747 1521 5809 ὑποστάσεως
1556 5746 1800 5815 φύσεων,

185 5843 562 5922 διωρισμένων
585 5884 598 5907 ,
654 5841 768 5896 ἀλλ’
803 5841 894 5898 οὖν
929 5843 1019 5894 ἐπὶ
1046 5838 1138 5896 τοῦ
1166 5837 1242 5912 μὴ
1271 5839 1454 5903 ἁπλῶς
1484 5841 1665 5912 ἀνθρώ
1679 5861 1768 5898 που

1881 4651 2042 4705 nobis
2071 4650 2388 4718 dicentibus
2422 4665 2714 4719 personam
2768 4652 2987 4705 Domini
3020 4652 3469 4706 consubstantia-

1879 4743 1986 4797 lem
2047 4757 2190 4806 esse,
2224 4743 2268 4795 si
2301 4758 2412 4796 non
2446 4743 2615 4807 l’atri,
2651 4745 2846 4798 saltem
2901 4745 3118 4810 Davidi,
3149 4755 3206 4799 et
3251 4744 3470 4798 duabus

1880 4833 2094 4888 naturis
2145 4833 2462 4896 conﬂatam,
2517 4836 2850 4904 qumrebatis
2901 4837 2972 4891 ob
3017 4852 3184 4905 quam
3243 4853 3468 4893 causam

1879 4942 2000 4981 eam
2033 4925 2215 4979 anima
2244 4934 2300 4978 et
2342 4940 2576 4995 corpore
2620 4927 2876 4994 componi
2937 4943 3285 4997 negaremus.
3323 4929 3470 4984 Talis

1877 5016 2026 5070 enim
2055 5025 2174 5069 erat
2200 5016 2390 5069 David.
2421 5015 2578 5080 Quod
2615 5025 2799 5070 tamen
2829 5017 2987 5070 vobis
3013 5018 3084 5071 sit
3116 5033 3464 5081 concessum,

1880 5108 2010 5162 licet
2033 5109 2126 5162 ubi
2146 5107 2397 5176 quaedam
2418 5107 2485 5160 ad
2510 5107 2815 5172 hominem,
2835 5124 2963 5164 cum
2982 5110 3332 5178 praevisione,
3357 5126 3467 5164 non

1876 5203 2034 5272 juxta
2090 5209 2329 5254 mentem
2379 5199 2664 5263 dicuntur,
2691 5202 2830 5255 male
2872 5210 3036 5271 agant
3070 5202 3165 5272 qui
3205 5203 3469 5272 praedicta

1880 5293 2062 5346 alieno
2125 5307 2288 5346 sensu
2337 5292 2597 5377 recitent,
2630 5293 2788 5361 quasi
2823 5295 3116 5362 personale
3172 5310 3468 5365 argumen-

1881 5392 1998 5437 tum
2027 5382 2170 5436 nacti
2206 5382 2311 5436 hoc
2343 5381 2576 5436 verbum
2601 5383 2707 5436 sibi
2733 5383 2964 5438 dictum.
2999 5385 3113 5440 Nos
3139 5394 3330 5440 autem
3356 5387 3468 5442 etsi

1881 5491 2046 5529 unam
2076 5489 2364 5544 personam
2395 5475 2598 5545 cuique
2651 5477 2961 5541 hominum,
2994 5488 3050 5533 et
3103 5479 3333 5534 cuilibet
3376 5481 3467 5536 in-

1881 5569 2108 5622 dividuo
2130 5568 2276 5622 inter
2308 5578 2540 5624 naturas
2580 5569 2872 5626 distinctas
2892 5587 3256 5642 agnoscamus
3283 5589 3297 5637 ;
3325 5582 3469 5629 atta-

1881 5677 2027 5722 men,
2053 5662 2098 5714 si
2131 5675 2220 5714 res
2242 5670 2328 5715 est
2359 5661 2429 5716 de
2475 5677 2584 5716 non
2619 5662 2843 5717 homine
2894 5680 3057 5733 puro,
3086 5665 3340 5730 Domino,
3365 5666 3460 5736 qui

1881 5768 2163 5823 nunquam
2225 5760 2515 5821 separatus
2551 5763 2636 5808 est
2675 5770 2705 5808 a
2752 5764 3004 5825 persona”
3049 5755 3239 5820 Verbi,
3294 5757 3462 5828 hujus

1887 5846 2051 5900 unius
2089 5860 2376 5911 personati:
2433 5860 2538 5898 non
2574 5861 2695 5900 esse
2724 5829 3116 5914 particularem
3139 5848 3458 5903 credimus:
