4214 6450
761 399 896 464 1507

2037 403 2344 462 LEONTII
2391 402 2788 462 BYZANTINI

3893 401 4023 467 1568

760 528 868 566 nou
898 511 1045 566 enim
1099 513 1151 566 in
1198 514 1442 582 pr0pria,
1475 513 1570 568 sed
1601 513 1657 567 in
1702 512 1868 569 Verbi
1895 528 2128 584 persona
2161 514 2339 567 subsi-

2454 517 2596 576 5v:o;
2642 514 2734 565 τοῦ
2775 512 3054 583 Κυριακοὺ
3100 513 3191 564 τοῦ
3221 513 3322 581 τῆς
3352 512 3445 566 τοῦ
3473 511 3645 582 Λόγου
3676 513 4026 577 ὑποστάσεως

759 605 856 657 ειὶι
885 603 953 657 ab
978 603 1132 656 initio
1161 604 1477 657 humanitas
1522 603 1829 660 Salvatoris
1861 621 1875 668 ;
1934 620 2114 672 neque
2166 602 2327 656 Verbi

758 712 994 764 persona
1047 697 1212 751 hodie
1263 706 1349 750 cst
1395 697 1574 750 solius
1619 697 1806 758 Verbi,
1837 697 2112 765 siquidem
2146 697 2336 764 inipsa

759 802 884 840 rum
917 789 1258 841 humanitate
1290 788 1528 841 Verbum
1559 788 2032 841 consubstantiale
2065 787 2335 851 subsistit,

762 891 885 950 post
916 881 1338 935 inenarrabilem
1371 884 1490 951 ejus
1522 882 1978 934 incarnationem.

2451 610 2523 676 μὴ
2546 605 2966 674 διακεκριμένου
3002 603 3154 666 ποτὲ,
3193 603 3454 674 οὐδεμίαν
3484 605 3642 673 ῐσμεν
3666 603 3835 656 αὑτοῦ
3863 603 4023 669 μόνον

2448 701 2622 766 ἰδικὴν
2659 698 2823 750 οὖσαν
2869 697 3168 749 ὑπόστασιν
3189 715 3202 729 ο
3263 697 3358 749 καὶ
3390 698 3501 767 γάρ
3529 698 3629 748 οὑκ
3659 699 3717 747 ὲν
3745 694 4025 764 ἱδιαζοὺσῃ

2447 790 2898 856 ὑποστῆναι,άλλ’
2923 789 2980 840 ἐν
3003 793 3069 857 τῇ
3096 788 3191 841 τοῦ
3209 789 3376 856 Λόγου
3397 790 3695 842 ὑποστάσει
3720 788 4024 853 6'95ng-

2445 898 2534 934 ναι
2585 881 2645 932 τὸ
2687 879 3026 949 ἀνθρώπινόν
3073 897 3258 948 φαμεν
3301 879 3396 932 τοῦ
3427 881 3682 946 Σωτῆρος
3726 880 3788 944 ἐξ
3815 879 4021 947 ἀρχῆς·

761 969 882 1022 οὔτε
936 973 1042 1039 μὴν
1089 971 1278 1031 ἁπλῶς
1330 972 1424 1040 τὴν
1455 971 1548 1022 τοῦ
1582 973 1759 1039 Λόγου
1792 971 1888 1022 νῦν
1919 974 2238 1034 ὑπόστασιν,
2277 973 2351 1035 ὡς
2391 973 2564 1038 Λόγου
2606 971 2764 1040 μόνον
2792 971 2958 1024 οὖσαν
3022 972 3321 1024 ὑπόστασιν
3363 974 3457 1025 νῦν
3524 975 3747 1042 οἴδαμεν
3772 989 3787 1002 ·
3844 973 4028 1042 ἐπειδὴ

764 1065 860 1112 σζιν
895 1063 972 1132 τῷ
1002 1065 1328 1134 ἀνθρωπίνῳ
1357 1064 1763 1132 συνυφέστηκεν
1797 1067 1854 1116 ὲν
1884 1066 2022 1135 αὑτῇ
2051 1067 2158 1117 τῶν
2189 1065 2494 1135 όμοουσίων
2525 1067 2553 1118 ό
2578 1066 2748 1133 Λόγος
2781 1065 2917 1133 μετὰ
2943 1066 3043 1135 τὴν
3071 1065 3352 1133 ἄφραστον
3379 1064 3544 1118 αὑτοῦ
3569 1066 3785 1118 ἕνωσιν.

833 1157 1137 1226 Utriusque
1170 1176 1300 1229 ergo
1334 1176 1496 1213 unam
1547 1169 1602 1214 et
1659 1176 2006 1214 communem
2053 1177 2342 1230 personam

762 1252 1108 1313 conﬁtemur,
1143 1268 1262 1319 qua:
1292 1253 1444 1320 prior
1491 1263 1612 1306 crat
1644 1254 1882 1306 humana
1928 1255 2256 1315 substantia,
2287 1263 2344 1307 et

763 1351 924 1396 antea
958 1344 1178 1412 propria
1212 1344 1375 1398 Verbi
1423 1356 1561 1407 erat,
1607 1348 1659 1399 in
1716 1347 1992 1400 communi
2037 1347 2343 1400 divinitatis

765 1435 1038 1496 essentia;
1089 1451 1319 1504 qumque
1384 1437 1487 1488 sibi
1537 1445 1721 1490 creata
1778 1437 2019 1490 hominis
2069 1437 2344 1492 Dominici

766 1533 983 1586 natura,
1015 1539 1190 1593 eaque
1219 1527 1558 1580 circumdata
1599 1538 1656 1581 et
1697 1536 1882 1597 aptata
1914 1529 2154 1598 propria:
2182 1538 2344 1582 natu-

769 1631 864 1677 ΗΒ,
899 1625 1029 1669 NIIIC
1061 1617 1231 1684 C(Bpll.
1256 1633 1377 1670 esse
1425 1629 1637 1672 natura:
1673 1634 1954 1688 corporeae
1991 1636 2249 1688 persona,
2281 1637 2348 1674 CK

767 1709 985 1776 propria
1013 1712 1327 1764 communis
1355 1712 1493 1775 lieri,
1526 1721 1583 1764 et
1619 1713 1905 1780 multiplex
1931 1713 2196 1766 substitit.
2228 1713 2349 1766 Non

765 1801 912 1853 enim
950 1800 1114 1854 hodie
1146 1801 1289 1854 sicut
1321 1802 1476 1869 prius
1512 1803 1677 1855 Verbi
1715 1818 1947 1871 persona
1980 1819 2089 1856 una
2120 1803 2347 1856 notione

2534 1162 2888 1230 ’Δμςροτέρων
2917 1161 3010 1213 οὑν
3045 1163 3176 1231 μίαν
3205 1161 3364 1228 ἴσμεν
3396 1160 3492 1212 καὶ
3519 1159 3618 1229 τὴν
3645 1160 3819 1228 αὑτὴν
3851 1159 4033 1227 κοινὴν

2451 1255 2617 1308 οὖσαν
2650 1256 2950 1307 ὑπόστασιν
2977 1295 2990 1317 ,
3041 1257 3075 1323 ἢ
3111 1251 3431 1324 προῦπῆρξε
3463 1252 3563 1319 μὲν
3594 1251 3690 1320 τῆς
3715 1251 3910 1312 οὑσίας
3943 1253 4032 1304 τοῦ

2452 1347 2766 1419 ἀνθρώπου,
2805 1349 2946 1418 ίδικὴ
2972 1346 3104 1400 οὖσα
3133 1347 3193 1398 τὸ
3225 1347 3355 1415 πρὶν
3381 1343 3475 1396 τοῦ
3501 1344 3673 1411 Λόγου
3700 1347 3757 1397 ὲν
3789 1349 3859 1414 τῇ
3881 1348 4032 1413 κοινῇ

2450 1445 2548 1511 τῆς
2578 1441 2831 1509 θεότητος
2857 1441 3016 1511 οὐσίᾳ
3039 1455 3050 1466 ·
3087 1439 3186 1506 τὴν
3213 1437 3270 1490 δὲ
3299 1436 3392 1490 τοῦ
3418 1435 3700 1505 Κυριακοῦ
3734 1436 4032 1504 ἀνθρώπου

2452 1533 2614 1600 φύσιν
2667 1533 3118 1601 δημιουργήσασα
3168 1531 3375 1598 ἑαυτῇ,
3431 1529 3526 1581 καὶ
3557 1529 4034 1600 ’περιπτυξαμένη

2454 1630 2547 1680 καὶ
2595 1626 2884 1694 συνάψασα
2930 1627 2996 1695 τῇ
3045 1624 3152 1694 ἰδίᾳ
3191 1626 3249 1676 ἐν
3281 1623 3418 1691 αὐτῇ
3449 1623 3608 1688 φύσει
3629 1665 3644 1685 ,
3687 1623 3807 1690 ἅμα
3837 1621 3917 1688 τῷ
3948 1621 4038 1672 καὶ

2452 1719 2550 1784 τῆς
2580 1716 2797 1787 φύσεως
2827 1719 2929 1786 τῆς
2956 1716 3158 1786 σαρκὸς
3190 1713 3330 1768 εἶναι
3360 1715 3660 1776 ὑπόστασις
3680 1753 3694 1774 ,
3744 1715 3842 1766 καὶ
3884 1713 4038 1780 κοινή

2454 1803 2594 1860 εἶναι
2640 1810 2777 1876 αὑτῇ
2829 1805 2904 1870 ἐξ.
2937 1806 3111 1874 ίδικῆς
3141 1806 3346 1876 ἡρξατο
3381 1806 3476 1857 καὶ
3507 1804 3877 1874 ποικιλωτέρα
3910 1821 4041 1856 συν·

766 1889 1012 1956 generati
1042 1906 1071 1941 a
1110 1890 1265 1942 Patre
1296 1900 1353 1943 et
1386 1891 1592 1960 Spiritu
1629 1892 2010 1962 distinguitur,
2050 1895 2143 1947 sed
2176 1896 2344 1948 etiam

2454 1901 2702 1971 ἐστηκεψ
2740 1900 2801 1951 οὑ
2831 1898 2942 1968 γὰρ
2970 1897 3036 1966 δὴ
3069 1897 3216 1966 μόνῳ
3245 1896 3342 1949 νῦν
3370 1897 3446 1957 ὡς
3470 1896 3662 1967 πρώην
3687 1899 3719 1966 ἡ
3746 1889 3842 1946 τοὺ
3863 1897 4039 1961 Λόγου

765 1980 891 2044 quia
920 1980 1174 2048 pluribus
1197 1982 1410 2035 naturis
1431 1993 1664 2041 constat.
1697 1993 1754 2038 et
1778 1985 2213 2053 proprietatibus
2234 1987 2348 2040 sive

768 2071 1114 2125 naturalibus
1191 2073 1304 2126 sive
1370 2075 1758 2141 personalibus
1822 2091 2017 2129 revera
2078 2075 2346 2130 abundat.

768 2163 1058 2226 Quomodo
1088 2180 1220 2233 ergo
1251 2167 1382 2218 huic
1411 2168 1583 2220 altera
1610 2183 1848 2236 persona
1881 2168 2123 2221 hominis
2156 2169 2248 2236 qui
2275 2169 2347 2221 si-

769 2270 838 2306 ne
893 2253 1080 2308 divina
1116 2257 1279 2310 Verbi
1331 2273 1569 2326 persona
1599 2275 1876 2327 nunquam
1913 2259 2184 2318 substitit,
2213 2259 2350 2329 adji-

765 2345 996 2400 cietur?
1032 2348 1124 2401 Vel
1160 2348 1204 2402 si
1249 2351 1401 2402 carni
1445 2366 1680 2418 persona
1719 2352 2042 2405 attribuitur
2096 2361 2222 2404 ante
2259 2369 2348 2406 as—

769 2439 1163 2505 sumptionem,
1189 2441 1334 2508 quod
1368 2456 1529 2493 nemo
1580 2443 1702 2509 pius
1737 2442 2013 2505 admittet,
2047 2442 2347 2510 quomodo,

769 2544 894 2580 cum
945 2541 1227 2599 assumpta
1277 2532 1466 2591 fuerit,
1503 2532 1553 2584 id
1600 2540 1708 2596 est,
1737 2549 1861 2586 cum
1925 2542 2268 2600 assumptum
2294 2541 2351 2586 et

770 2635 1064 2674 assumens
1096 2622 1148 2674 in
1182 2637 1302 2676 sese
1355 2624 1592 2676 invicem
1624 2632 1905 2689 maneant,
1941 2624 2248 2678 remanebit
2295 2625 2349 2678 in

770 2712 905 2780 ipsis
953 2721 1010 2767 et
1065 2714 1366 2768 salvabitur
1426 2715 1867 2784 uniuscujusque
1945 2714 2232 2768 distinctio
2280 2713 2348 2767 ab

767 2803 984 2857 altero?
1010 2804 1062 2856 in
1090 2821 1200 2874 quo
1222 2807 1477 2860 consistit
1503 2807 1828 2861 distinctio?
1859 2808 2026 2861 Recte
2048 2822 2182 2875 ergo
2201 2807 2214 2871 i
2231 2803 2354 2858 udi—

769 2895 1005 2948 candum
1052 2905 1136 2949 est
1191 2897 1356 2951 Verbi
1411 2908 1661 2951 naturam
1693 2914 1814 2952 esse
1841 2912 2190 2951 communem
2225 2912 2350 2951 cum

772 2983 930 3036 Patre
956 2992 1011 3036 et
1043 2984 1272 3052 Spiritu,
1304 3001 1597 3054 personam
1629 3002 1762 3040 vero
1805 3002 1926 3040 esse
1959 2987 2351 3056 particularem

766 3084 958 3128 contra
985 3077 1223 3138 Patrem,
1258 3077 1522 3146 Spiritqu
1547 3087 1603 3132 et
1641 3079 1930 3132 universos
1970 3079 2226 3132 homines
2255 3079 2351 3148 qui

769 3169 837 3221 de
869 3168 1025 3222 beata
1055 3170 1275 3240 Virgine
1304 3171 1416 3224 nati
1455 3187 1562 3225 non
1594 3181 1745 3236 sunt,
1777 3179 1943 3241 atque
1995 3171 2089 3224 uni
2139 3172 2288 3225 carni
2322 3188 2352 3226 a

776 3260 955 3312 Verbo
975 3261 1042 3314 de
1075 3261 1248 3315 Matre
1279 3263 1372 3316 Dei
1407 3272 1706 3331 assumpta:
1732 3277 2082 3316 communem
2115 3273 2210 3328 ;et
2236 3280 2354 3316 rur-

771 3368 865 3403 sus
894 3352 1058 3420 hujus
1090 3354 1276 3406 carnis
1309 3356 1375 3406 de
1409 3354 1568 3408 beata
1594 3353 1816 3423 Virgine
1839 3365 2092 3408 naturam
2149 3363 2353 3410 nostra:

771 3444 1006 3498 similem
1038 3461 1390 3498 communem
1423 3461 1546 3500 esse
1582 3462 1708 3500 eum
1744 3447 2005 3500 omnibus
2032 3448 2162 3500 liliis
2188 3446 2352 3513 Adae,

769 3543 821 3585 et
848 3549 1140 3602 personam
1193 3536 1606 3605 particularcm,
1649 3538 1693 3591 si
1724 3539 1890 3592 nobis
1934 3539 2019 3593 vel
2051 3539 2222 3600 Patri,
2263 3540 2348 3593 vel

771 3626 999 3694 Spiritui
1036 3637 1420 3697 componatur,
1453 3644 1916 3698 communemque
1980 3631 2075 3684 uni
2145 3631 2349 3685 Verbo.

771 3718 922 3773 llanc
976 3728 1142 3773 recta:
1195 3719 1322 3773 lidei
1363 3721 1660 3788 regulama
1693 3721 1967 3791 theologis
2014 3723 2351 3791 accepimus.

766 3809 938 3863 Nobis
979 3825 1145 3863 unam
1200 3827 1490 3879 personam
1521 3819 1577 3866 et
1605 3812 1744 3866 duas
1788 3822 2014 3866 naturas
2042 3813 2096 3865 in
2130 3813 2354 3868 homine

766 3901 894 3953 etin
917 3900 1136 3956 Christo
1181 3911 1327 3957 recte
1345 3902 1743 3971 iudicantibus,
1774 3919 1873 3958 vos
1915 3905 2071 3958 vobis
2126 3904 2355 3959 minime

767 3993 1081 4046 consentire
1103 3994 1196 4047 Dei
1229 3997 1402 4064 gratia
1425 3997 1776 4059 ostendetur,
1816 4007 2108 4066 postquam
2143 3997 2209 4049 ad
2234 3997 2352 4050 sin-

766 4085 922 4152 gulas
948 4093 1158 4140 vestras
1185 4088 1502 4142 molitiones
1533 4103 1860 4157 responsum
1898 4088 2085 4142 fuerit.
2118 4089 2184 4142 Et
2241 4090 2354 4158 jam

767 4175 992 4245 quidem
1020 4178 1368 4245 probandum
1403 4190 1487 4234 est
1513 4196 1612 4232 vos
1637 4197 1746 4234 non
1775 4180 1940 4234 modo
1965 4197 2128 4235 unam
2159 4198 2354 4250 perso-

769 4283 894 4321 nam
924 4268 1222 4322 humanam
1254 4270 1351 4324 sed
1389 4270 1558 4324 etiam
1587 4286 1750 4324 unam
1785 4280 2064 4334 naturam,
2102 4281 2162 4324 ut
2187 4272 2357 4341 Euty-

766 4358 971 4421 chiani,
999 4359 1126 4413 huic
1159 4361 1342 4415 Verbo
1376 4361 1717 4430 adjudieare.
1763 4362 1981 4415 Etenim
2012 4363 2081 4426 si,
2120 4373 2180 4418 ut
2215 4363 2354 4417 duas

768 4465 1059 4519 personas,
1087 4451 1226 4504 duas
1255 4461 1480 4505 naturas
1515 4452 1737 4506 Christo
1757 4451 1921 4513 datis,
1958 4453 2093 4506 nihil
2116 4453 2355 4523 amplius

767 4542 822 4594 in
853 4550 1084 4610 utraque
1107 4543 1534 4610 conspicientes,
1562 4553 1618 4597 et
1644 4543 1926 4598 Christum
1957 4545 2128 4598 Deum
2152 4557 2209 4600 et
2241 4545 2342 4599 ho-

2453 1992 2749 2053 ὑπόστασις
2798 1988 3049 2057 ἰδιώματι
3097 1989 3176 2056 τῷ
3214 1988 3460 2056 γεννητῷ
3501 1988 3563 2040 ἐκ
3594 2005 3652 2040 τε
3694 1986 3791 2039 τοῦ
3828 1987 4040 2056 [ἰατρὸς

2453 2082 2546 2134 καὶ
2591 2081 2687 2134 τοῦ
2737 2081 3056 2149 Πνεὺματος
3101 2079 3476 2149 διακρίνεται,
3529 2077 3668 2131 ἀλλά
3713 2077 3811 2129 καὶ
3862 2077 3943 2146 τῷ
3980 2080 4038 2129 ἔκ

2452 2172 2716 2224 πλειόνων
2759 2172 2932 2240 αὑτὴν
2977 2167 3118 2223 εἶναι
3151 2170 3366 2237 φύσεων
3400 2171 3495 2222 καὶ
3524 2169 3777 2238 φυσικῶν
3811 2169 4038 2238 ἰδιωμά-

2451 2281 2560 2316 των
2594 2265 2688 2318 καὶ
2717 2262 3091 2334 προσωπικών
3123 2261 3326 2332 δηλαδὴ
3356 2262 3765 2330 περισσότερον·
3801 2259 3924 2321 πῶς
3951 2256 4041 2312 οὖν

2453 2358 2754 2418 ὑπόστασις
2793 2355 2887 2408 τοῦ
2922 2353 2998 2423 μὴ
3025 2355 3361 2416 ὑποστάντος
3391 2354 3520 2405 ποτὲ
3552 2353 3712 2414 ἐκτὸς
3741 2353 3916 2421 αὑτῆς
3942 2355 4041 2420 τῆς

2452 2449 2544 2500 τοῦ
2569 2449 2712 2500 θείου
2726 2449 2900 2514 Λόγου
2925 2449 3278 2502 ὑποστάσεως
3303 2446 3851 2514 συναριθμηοήσεται
3870 2446 4037 2512 αὐτῇς

2453 2541 2516 2593 Εἰ
2545 2542 2601 2593 δὲ
2630 2541 2722 2593 καὶ
2753 2537 2820 2610 ἦν
2849 2541 3150 2601 ὑπόστασις
3179 2541 3244 2608 τῇ
3275 2539 3442 2608 σαρκὶ
3469 2538 3576 2607 πρὸ
3597 2539 3697 2605 τῆς
3721 2538 4042 2607 συλλήψεως

2452 2633 2644 2702 αὑτῆς,
2683 2635 2820 2702 ὅπερ
2851 2632 3026 2694 οὐδεὶς
3061 2630 3298 2684 εὑσεόὦς
3332 2633 3480 2700 ἐρεῖ,
3513 2631 3631 2693 πῶς
3679 2632 3821 2700 μετά
3856 2632 3919 2682 τδ
3947 2631 4042 2700 λῃ-

2454 2725 2654 2795 φθῆναι
2675 2767 2689 2789 ,
2730 2726 2897 2794 ἤγουν
2932 2726 2989 2776 ἐν
3018 2724 3271 2792 ἀλλήλοις
3305 2725 3486 2792 μεῖναι
3530 2724 3590 2775 τό
3618 2740 3678 2774 τε
3707 2723 3918 2790 ληφθὲν
3950 2726 4043 2776 καὶ

2453 2813 2514 2864 τὸ
2561 2811 2758 2870 λαϐὸν,
2810 2812 3154 2880 παραμένειν
3204 2815 3262 2865 ὲν
3303 2813 3485 2875 αὐτοῖς
3522 2811 3766 2874 δύναται,
3803 2814 3898 2864 καί
3935 2815 4041 2865 σὼ-

2453 2903 2642 2968 ζεσθαι
2677 2903 2773 2955 ἀπ’
2808 2904 3056 2971 ἀλλήλων
3095 2905 3362 2969 ἑκατέρου
3395 2904 3701 2968 διάστασις,
3739 2905 3883 2974 ὅπερ
3915 2924 4042 2959 συνη

2457 2995 2638 3064 ἱστησι
2691 2997 2789 3064 τὴν
2841 2995 3049 3048 ὑπόστα
3075 3014 3144 3047 ιιν
3169 3013 3182 3058 ς
3241 2996 3451 3048 Ουκοῦν
3482 2996 3660 3064 ὀρθῶς
3691 2997 3897 3050 εἰδέναι
3928 2999 4044 3050 δέον

2455 3085 2548 3138 τοῦ
2598 3087 2697 3156 μὲν
2735 3087 2910 3153 Δόγ-’.ιυ
2960 3087 3148 3154 κοινὴν
3193 3088 3292 3156 τὴν
3335 3086 3496 3154 φύσιν
3531 3087 3667 3155 πρὸς
3697 3088 3793 3139 τὸν
3824 3089 4044 3157 Παιέρα

2456 3179 2550 3230 καὶ
2581 3178 2644 3230 τὸ
2668 3178 2915 3246 Πνεῦμα·
2943 3177 3042 3246 τὴν
3070 3177 3126 3230 δὲ
3154 3179 3449 3231 ὑπόστασιν
3483 3177 3656 3245 ἱδικὴν
3684 3179 3784 3245 μιν
3809 3180 3888 3242 ὡς
3910 3182 4044 3248 πρός

2455 3287 2513 3321 τε
2547 3269 2638 3322 τὸν
2668 3269 2887 3334 Πατέρα
2917 3269 3012 3320 καὶ
3041 3269 3102 3320 τὸ
3129 3268 3352 3337 Πνεῦμα
3391 3271 3482 3321 καὶ
3514 3269 3652 3339 πρὸς
3677 3269 3892 3331 πάντας
3918 3271 4045 3330 τοὺς

2463 3355 2536 3426 μὴ
2592 3356 2655 3406 ὲκ
2701 3355 2799 3423 τῆς
2850 3356 3011 3422 ἁγίας
3055 3357 3337 3424 Παρθένου
3381 3357 3742 3427 ἀνθρώπους,
3794 3359 3962 3426 μόνον
3990 3354 4048 3410 δὲ

2459 3444 2641 3514 κοινὴν
2661 3445 2735 3504 ὼς
2755 3445 2890 3512 πρὸς
2915 3446 3012 3514 τὴν
3033 3447 3094 3496 ἐκ
3118 3446 3215 3511 τῆς
3237 3447 3502 3498 Θεοτόκου
3529 3445 3835 3513 ὶηφθεῖσαν
3854 3448 3936 3515 τῷ
3955 3450 4049 3500 Λό-

2457 3553 2539 3604 γῳ
2570 3537 2749 3606 σάρκα
2771 3553 2783 3565 ·
2836 3536 2934 3589 καὶ
2964 3535 3134 3604 αὐτὴν
3161 3535 3216 3586 δὲ
3244 3536 3512 3590 ἀνάπαλιν
3537 3537 3637 3606 τὴν
3664 3540 3729 3590 ἐκ
3757 3538 3857 3604 τῆς
3885 3538 4048 3602 ἁγίας

2460 3630 2734 3696 Παρθένου
2769 3630 2945 3700 σάρκα
2965 3671 2979 3691 ,
3016 3631 3116 3698 τὴν
3151 3630 3252 3697 μὲν
3280 3629 3442 3696 φύσιν
3469 3630 3614 3682 κατᾶ
3639 3629 3740 3690 τὴν
3766 3630 4047 3697 ἡμετέραν

2455 3722 2768 3781 κοινωνίαν,
2805 3720 2991 3789 κοινὴν
3019 3720 3164 3788 ἔχειν
3194 3720 3330 3788 πρὸς
3357 3720 3565 3780 πάντας
3597 3720 3723 3780 τοὺς
3753 3719 3817 3782 ἐξ
3855 3720 4048 3787 Ἀδάμ,

2454 3813 2553 3882 τὴν
2583 3814 2640 3864 δὲ
2673 3814 2969 3864 ὑπόστασιν
3003 3811 3174 3881 tum
3205 3812 3342 3881 πρός
3367 3829 3425 3864 τε
3456 3813 3604 3879 ἡμᾶς
3636 3810 3728 3862 καὶ
3755 3811 3853 3861 τὸν
3879 3809 4051 3862 Πατέ-

2459 3922 2532 3975 ρα
2560 3905 2653 3957 καὶ
2679 3892 3013 3973 τὺἩνεῦμα,
3050 3903 3186 3972 πρὸς
3216 3904 3271 3954 δὲ
3301 3901 3392 3954 τὸν
3421 3901 3592 3969 Λόγον
3623 3903 3789 3970 μόνον
3824 3904 4017 3969 κοινήν
4037 3918 4050 3931 ·

2455 3990 2610 4057 οὗτος
2649 3995 2760 4064 γὰρ
2796 3994 2976 4047 κανὼν
3012 3993 3321 4062 ὀρθοδοξίας
3348 3995 3482 4060 ἡμῖν
3512 3991 3602 4044 διὰ
3629 3994 3738 4044 τῶν
3765 3993 4051 4060 θεηγόρων

2456 4087 2835 4155 παραδέδοται.
2873 4087 2997 4137 Ὅτι
3021 4084 3078 4137 δὲ
3109 4083 3268 4151 ἡμῶν
3296 4085 3396 4150 μὲν
3425 4084 3557 4151 μίαν
3584 4085 3919 4142 ὑπόστασιν.
3960 4085 4052 4136 δύο

2454 4177 2512 4229 δὲ
2552 4178 2745 4244 φύσεις
2799 4177 2856 4227 ἔν
2893 4193 2953 4227 τε
2993 4175 3072 4242 τῷ
3104 4173 3375 4244 ἀνθρώπῳ
3404 4180 3499 4227 καὶ
3529 4176 3588 4226 ὲν
3613 4175 3844 4242 Χριστῷ
3874 4175 4053 4242 ὀρθῶς

2455 4268 2722 4334 λεγόντων
2751 4268 2908 4335 ὑμεῖς
2935 4267 3055 4319 λίαν
3081 4266 3412 4335 ἀσυμϐάτως
3443 4264 3598 4334 ἔχετε
3629 4266 3852 4328 ἑαυτοῖς
3872 4307 3886 4326 ,
3926 4266 4051 4332 ἑξῆς

2457 4360 2555 4411 σὺν
2593 4357 2713 4426 Θεῷ
2758 4357 3136 4425 δειχθήσεται,
3199 4357 3338 4426 μετὰ
3371 4355 3432 4408 τὸ
3465 4355 3878 4424 ἀποκρίνασθαι
3917 4357 4050 4424 πριις

2455 4451 2555 4512 τὰς
2604 4451 2732 4520 περὶ
2770 4448 2959 4502 τούτου
3001 4449 3157 4518 ὑμῶν
3192 4449 3373 4510 πάσας
3404 4448 3771 4508 κατασκευάς.
3829 4448 4052 4517 Πρῶτον

2456 4542 2513 4593 δὲ
2557 4541 2698 4603 τέως
2739 4543 2873 4610 ἡμῖν
2912 4541 3176 4602 δεικτέον,
3212 4539 3288 4600 ὡς
3319 4539 3412 4590 καὶ
3437 4539 3596 4606 ὑμεῖς
3625 4537 3687 4589 οὑ
3719 4537 3888 4606 μόνον
3923 4537 4050 4605 μίαν

767 4631 970 4685 minem
998 4631 1260 4695 confessi,
1281 4633 1364 4685 vel
1401 4632 1612 4685 homini
1640 4633 1692 4684 in
1726 4632 1846 4699 ipso
1876 4632 2014 4686 duas
2037 4641 2266 4685 naturas
2286 4641 2344 4686 et

2456 4631 2757 4684 ὑπόστασιν
2784 4630 2877 4682 τὸν
2906 4629 3215 4697 ἄνθρωπον,
3247 4627 3384 4681 ἀλλὰ
3414 4628 3509 4680 καὶ
3544 4627 3676 4695 μίαν
3705 4627 3878 4693 φύσιν
3911 4628 4052 4681 κατὰ

763 4721 904 4776 duas
929 4737 1197 4791 personas
1227 4723 1552 4786 attribuitis,
1575 4731 1630 4777 et
1653 4739 1683 4776 a
1724 4723 1908 4777 Verbo
1932 4738 2154 4776 omnem
2187 4731 2350 4776 uatu-

769 4831 882 4868 ram
905 4824 962 4869 et
980 4831 1271 4884 personam
1288 4817 1557 4879 adimitis,
1591 4817 1848 4886 illudque
1874 4819 1994 4870 sine
2017 4817 2350 4882 substantia,

768 4909 887 4963 sine
937 4924 1169 4977 persona
1197 4910 1486 4974 scribitis;
1526 4911 1612 4963 vel
1637 4909 1800 4963 etiam
1821 4910 2002 4964 Verbo
2037 4925 2199 4962 unam
2226 4925 2354 4978 per-

767 5015 959 5054 sonam
974 5017 1250 5070 unamque
1263 5011 1391 5054 natu
1401 5017 1536 5064 ram,
1553 5010 1608 5054 et
1625 5001 1860 5064 homini,
1879 5016 1987 5054 non
2007 5016 2171 5054 unam
2188 4999 2354 5053 modo

769 5105 1080 5157 personam,
1125 5091 1217 5144 sed
1267 5100 1522 5144 naturam
1554 5089 1777 5160 quidem
1828 5105 1992 5143 unam
2053 5089 2348 5144 manifeste

768 5181 1124 5236 adscribitis:
1157 5182 1250 5235 ubi
1283 5199 1416 5252 ergo
1456 5192 1514 5236 et
1565 5183 1725 5250 cujus
1758 5189 1844 5236 cst
1890 5197 2072 5235 sermo
2119 5191 2350 5250 stupen-

770 5272 895 5333 dus,
952 5276 1121 5327 verba
1168 5275 1497 5344 pugnantia,
1527 5282 1585 5326 et
1615 5272 2082 5336 cuntradictoria,
2103 5280 2161 5326 et
2194 5272 2356 5341 quid-

769 5365 900 5433 quid
929 5380 1054 5419 cum
1087 5366 1354 5436 emphasi.
1375 5364 1768 5420 declamabatis
1797 5363 1821 5418 ?

2452 4725 2580 4786 τοὺς
2608 4723 2716 4776 ἀπὸ
2745 4722 3020 4792 Εὑτυχοὺς
3051 4738 3187 4790 φατε
3217 4719 3396 4790 τούτῳ
3426 4737 3490 4788 γε
3520 4720 3600 4789 τῷ
3627 4720 3813 4788 Λόγῳ.
3855 4722 3918 4772 Et
3945 4721 4052 4788 γὰρ

2454 4816 2719 4878 ὡσαύτως
2761 4817 2882 4877 ταῖς
2921 4813 3255 4866 ὑποστάσεσι
3306 4811 3399 4864 δύο
3444 4813 3538 4863 καὶ
3570 4811 3670 4872 τας
3706 4811 3910 4878 φύσεις
3960 4813 4052 4862 ἐπὶ

2456 4905 2694 4977 Χριστοῦ
2740 4921 2878 4974 φατε
2905 4945 2920 4965 .
2975 4904 3129 4956 οὑδὲν
3170 4903 3376 4955 τούτων
3410 4904 3468 4953 ὲν
3497 4902 3716 4970 θατέρῳ
3750 4902 4052 4964 πλεονάζον

2455 4999 2728 5069 ὁρῶντες,
2780 5000 2872 5050 τὸν
2907 4997 3144 5066 Χριστὸν
3193 4994 3308 5048 ἴστε
3343 4996 3478 5048 Θεὸν
3508 4995 3604 5046 καὶ
3631 4993 3965 5064 ἄνθρωπον·
4016 4994 4047 5058 ἢ

2455 5091 2552 5145 τοὺ
2585 5091 2878 5159 ἀνθρώπου
2927 5089 3017 5142 τοῦ
3060 5090 3123 5140 ιν
3148 5088 3298 5154 αὑτῷ
3329 5088 3425 5141 δύο
3450 5087 3563 5139 ῐστε
3594 5086 3695 5149 τὰς
3723 5085 3925 5152 φύσεις
3959 5085 4049 5137 καὶ

2455 5183 2550 5236 δύο
2597 5185 2694 5244 τὰς
2742 5181 3069 5243 ὑποστάσεις
3096 5221 3112 5244 ,
3169 5181 3265 5233 τοῦ
3297 5180 3356 5234 δὲ
3389 5179 3565 5246 Λόγου
3609 5178 3683 5247 μὴ
3716 5169 3865 5229 εἶναι
3893 5177 4052 5244 φύσιν

2458 5273 2492 5343 ἢ
2523 5273 2824 5326 ὑπόστασιν
2853 5273 2991 5334 ὅλως
3019 5272 3184 5340 φατὲ,
3213 5271 3330 5326 ἀλλ’
3361 5269 3614 5324 άνοὺσιόν
3638 5285 3698 5320 τε
3728 5270 3828 5321 καὶ
3850 5268 4052 5320 ἀνυπό-

2462 5381 2656 5418 στατον
2685 5365 2848 5418 αὑτὸν
2874 5364 3225 5434 διαγράφετε·
3257 5364 3291 5433 ἢ
3321 5362 3414 5416 τοῦ
3445 5362 3544 5432 μὲν
3568 5361 3750 5428 Δόγου
3777 5362 3912 5428 μίαν
3931 5359 4050 5413 ὑπό-

771 5481 961 5517 στασιν
1014 5466 1110 5516 καὶ
1162 5464 1290 5533 μίαν
1333 5463 1530 5530 φύσιν,
1575 5465 1669 5515 καὶ
1697 5461 1790 5514 τοῦ
1823 5460 2113 5531 ἀνθρώπου
2143 5462 2200 5514 δὲ
2233 5459 2363 5531 μίαν
2394 5461 2456 5513 οὑ
2492 5462 2651 5530 μόνον
2674 5461 2731 5514 δὲ
2760 5461 2858 5531 τὴν
2885 5460 3204 5523 ὑπόστασιν,
3233 5459 3367 5513 ἀλλὰ
3424 5459 3519 5511 καὶ
3578 5457 3678 5528 τήν
3703 5457 3874 5524 φύσιν
3893 5456 4048 5522 Tunb-

775 5574 996 5621 σκοντες
1024 5559 1081 5608 ὲν
1106 5557 1329 5627 Χριστῷ
1357 5557 1732 5626 διηλέγχθητε.
1767 5557 1875 5610 Καὶ
1900 5555 2003 5608 ποῦ
2031 5557 2137 5607 εἱσι
2200 5558 2296 5606 καὶ
2349 5555 2493 5618 τίνος
2547 5560 2580 5624 ἡ
2626 5555 2886 5626 τερθρεία
2937 5555 3045 5609 τῶν
3086 5556 3262 5623 λόγων
3309 5555 3404 5608 καὶ
3442 5553 3591 5624 μάχη
3633 5552 3745 5604 τῶν
3785 5554 4050 5622 ῥημάτων

771 5654 867 5706 καὶ
891 5654 1230 5722 ὲναντιότης;
1265 5655 1357 5706 καὶ
1385 5654 1484 5706 οὑκ
1507 5651 1625 5706 οἶδα
1653 5654 1754 5705 ὅσα
1781 5651 2352 5723 καταῤῥητορεύοντες
2390 5651 2836 5722 προοιμιάζεσοε.

1405 5745 1557 5800 CAP.
1609 5744 1723 5798 XV.

845 5835 907 5892 Si
963 5837 1325 5909 personaliter
1382 5837 1563 5891 dilIcrt
1617 5851 1815 5906 corpus
1877 5837 2017 5890 l’ett'i
2051 5855 2078 5889 a
2128 5849 2357 5903 corpore

3056 5739 3305 5792 ΚΕΦΑΛ.
3348 5737 3452 5790 ῐΕ’·

2539 5834 2598 5885 Εἰ
2649 5833 2894 5903 διαφέρει
2929 5832 3052 5885 καθ’
3084 5832 3382 5885 ὑπόστασιν
3420 5849 3476 5883 τί,
3513 5830 3672 5899 σῶμα
3714 5828 3933 5898 Πέτρου
3962 5824 4045 5881 το)
