4214 6450
243 421 379 486 1569

1191 433 1586 495 ADVERSUS
1623 427 2173 491 NESTORIANOS.
2197 452 2268 463 -·
2299 428 2446 488 LIB.
2491 429 2570 486 [Ι.

3349 426 3487 490 1570

243 540 494 616 σώματος
527 545 766 614 Παύλου,
807 549 925 612 πῶς
962 562 1064 600 ουκ
1107 545 1260 600 ισται
1291 546 1388 599 καὶ
1423 544 1486 598 τδ
1520 543 1680 612 σῶμα
1709 540 1804 595 τοῦ

1923 542 2085 606 Pauli,
2109 556 2210 595 cur
2233 554 2529 610 personam
2555 552 2668 592 non
2697 535 2863 593 habet
2895 553 3100 608 corpus
3124 537 3408 594 hominis?
3431 541 3492 595 Si

238 635 552 707 ἀνθρώπου,
584 640 889 694 ὑπόστασιν
911 639 1072 710 (xcv;
1103 639 1167 693 El
1203 641 1237 710 ἡ
1273 638 1423 709 ψυχὴ
1458 637 1670 707 Πέτρου
1695 634 1808 705 ἔχει

237 729 539 784 ὑπόστασιν
556 733 634 794 ὼς
655 731 863 801 Πέτρου
888 733 987 785 καὶ
1006 729 1188 800 φύσιν,
1213 732 1308 784 καὶ
1332 731 1394 782 τὸ
1417 728 1577 798 σῶμα
1596 728 1808 797 Πέτρου

237 822 352 890 εχει
381 822 680 876 ὑπόστασιν
701 823 778 886 ὡς
807 825 1012 894 Πέτρου
1049 823 1146 877 καὶ
1180 817 1344 892 (ῥύσιν
1363 841 1378 855 ο
1410 822 1506 876 δύο
1533 821 1591 874 δὲ
1620 820 1809 888 φύσεις

237 915 266 966 ὑ
292 915 504 986 Πέτρος
534 915 624 969 διὰ
650 913 832 986 ψυχὴν
867 917 961 969 καὶ
991 915 1176 986 σῶμα,
1201 915 1318 978 πῶς
1347 915 1409 968 οὑ
1441 914 1535 968 δύο
1563 915 1659 966 καὶ
1682 913 1813 965 ὑπο-

236 1003 457 1068 στάσεις
483 1007 512 1058 ό
559 1007 765 1076 Πέτρος
801 1005 894 1059 διὰ
931 1005 1115 1076 ψυχὴν
1159 1005 1256 1060 καὶ
1299 1005 1460 1074 σῶμα
1489 1020 1504 1067 ;
1536 1005 1599 1058 El
1635 1003 1692 1056 δὲ
1720 1000 1812 1054 δύο

235 1093 433 1162 φύσεις
459 1097 491 1164 ἡ
519 1095 667 1165 ψυχὴ
701 1097 911 1165 Πέτρου
931 1098 1026 1149 καὶ
1048 1096 1112 1149 τὸ
1138 1096 1321 1165 σῶμα,
1347 1097 1443 1148 καὶ
1466 1094 1560 1146 δύο
1585 1089 1814 1146 ὑποστάο

235 1200 351 1244 σεις
381 1186 414 1254 ἡ
444 1185 592 1256 ψυχὴ
623 1187 833 1256 Πέτρου
863 1187 958 1239 καὶ
991 1187 1055 1238 τὸ
1085 1185 1265 1257 σῶμα,
1288 1185 1405 1245 πῶς
1437 1185 1500 1238 οὑ
1532 1183 1724 1254 ψευδὲς
1753 1184 1814 1236 τὸ

231 1274 330 1329 δύο
359 1278 549 1345 φύσεις
588 1276 766 1346 λέγειν
795 1277 887 1330 τὸν
922 1278 1234 1348 ἄνθρωπον,
1267 1279 1361 1331 καὶ
1403 1279 1532 1346 μιαν
1577 1277 1815 1329 0176310.-

233 1384 322 1419 σιν
356 1383 371 1430 ;
407 1367 536 1431 Ταῖς
562 1369 856 1437 ὑμετέραις
880 1369 1081 1441 ἄρκυσι
1116 1367 1539 1437 περιεπλάκητε
1577 1383 1591 1397 ⁸
1627 1368 1722 1419 καὶ
1755 1365 1816 1419 τὸ

230 1460 518 1512 Δαυῖδικον
548 1460 680 1528 ὑμῖν
708 1460 936 1530 ὲπιδοᾷν
966 1461 1115 1530 ἡμᾶς
1141 1457 1596 1529 παρασκευάζετε
1619 1475 1634 1488 ³
1666 1478 1683 1510 ι
1727 1458 1815 1510 Ἐν

230 1552 348 1613 τοῖς
378 1550 562 1620 ἔργοις
584 1551 694 1604 τῶν
721 1551 932 1622 χειρῶν
952 1551 1124 1604 αὑτοῦ
1158 1549 1471 1619 συνελήφθη
1499 1552 1528 1603 ό
1555 1551 1815 1620 ἁμαρτω-

231 1641 346 1704 λὸς,
377 1660 395 1692 ι
437 1643 554 1706 καὶ,
590 1659 609 1692 ι
631 1640 982 1712 Ἐπιστρὲψει
1004 1642 1038 1693 ὑ
1064 1641 1225 1704 πόνος
1259 1641 1530 1702 αὑτοῦεεξς
1573 1639 1814 1709 κεφαλὴν

242 1729 467 1784 αὑτοῦ.»
491 1725 592 1784 Ὧν
618 1731 728 1801 γὰρ
772 1733 973 1802 ἀρτίως
1026 1732 1262 1800 ἐλέγετε,
1297 1732 1414 1784 δέον
1447 1732 1587 1798 ὑμᾶς
1625 1731 1818 1800 μιμνή-

229 1821 466 1874 σκεσθαι
492 1837 506 1850 ·
533 1824 592 1874 ἐν
633 1817 716 1886 οἷς
764 1823 860 1876 δύο
891 1822 990 1885 τὰς
1024 1822 1352 1885 ὑποστάσεις
1396 1821 1490 1875 τοῦ
1527 1822 1815 1890 ἀνθρώπου

230 1915 482 1978 θέλοντες
513 1916 968 1978 κατασκευάζειν,
1003 1917 1151 1986 τρεῖς
1176 1915 1323 1984 ἡμᾶς
1359 1915 1456 1977 τὰς
1483 1913 1676 1982 φύσεις
1718 1913 1813 1967 τοῦ

229 2010 490 2080 Σωτῆρος
541 2009 743 2078 λέγειν,
800 2009 1085 2076 σῦνάγετε.
1122 2007 1347 2078 Πρῶτον
1406 2008 1503 2077 μὲν
1530 2002 1625 2060 οῦν
1670 2007 1818 2074 ὅπως

229 2097 348 2154 εἷεν
401 2101 650 2172 διάφοροι
696 2099 878 2171 ’ψυχῆς
928 2102 1022 2154 καὶ
1086 2099 1336 2169 σώματος
1385 2101 1440 2151 αἱ
1490 2099 1819 2161 ὑποστάσεις

230 2193 358 2256 ἑνὸς
391 2194 488 2245 καὶ
506 2193 602 2246 τοῦ
627 2193 794 2246 αὑτοῦ
822 2192 1040 2255 ζῶντος
1059 2192 1114 2244 ὲν
1142 2192 1309 2260 σαρκὶ
1345 2188 1637 2258 ἀνθρώπου
1668 2191 1824 2256 ἁγνο-

230 2284 407 2353 οῦμεν
439 2299 456 2317 ο
488 2285 538 2338 εἰ
573 2285 685 2354 γὰρ
718 2283 920 2348 ζῶντος
955 2283 1048 2336 καὶ
1087 2280 1400 2349 σωζομένου
1429 2279 1530 2333 τοῦ
1565 2280 1820 2332 συνθέτου

230 2376 378 2440 ζώου
407 2375 501 2428 δύο
534 2377 649 2428 [στε
675 2375 772 2438 τὰς
799 2376 1127 2437 ὑποστάσεις
1164 2375 1274 2424 τῶν
1304 2375 1362 2426 ὲν
1393 2373 1540 2442 αὐτῷ
1569 2375 1624 2424 ἐν
1659 2373 1735 2441 τῷ
1760 2373 1823 2424 ὲκ

228 2469 332 2522 τοῦ
367 2468 602 2522 θανάτου
647 2467 916 2538 χωρισμῷ
941 2483 956 2498 ⁸
986 2464 1019 2537 ἢ
1075 2466 1135 2519 οὑ
1165 2465 1258 2518 δύο
1291 2465 1453 2534 μόνον
1501 2463 1597 2526 τὰς
1631 2465 1822 2531 φύσεις

231 2560 406 2615 αὑτοῦ
454 2560 550 2613 καὶ
597 2559 929 2620 ὑποστάσεις
989 2556 1195 2626 ὁμοίως
1252 2554 1392 2615 ῐστε,
1423 2553 1562 2606 ἀλλὰ
1604 2553 1824 2614 πλείους

235 2654 327 2707 διὰ
378 2656 472 2707 τὸν
518 2649 799 2722 χωρισμὸν
820 2649 922 2703 καὶ
942 2647 1041 2718 τὴν
1071 2647 1334 2718 διαξρεσιν
1363 2645 1457 2699 τοῦ
1499 2645 1638 2708 ζώου
1671 2661 1684 2676 ο
1713 2647 1821 2698 πᾶν

231 2749 350 2818 γὰρ
375 2746 751 2814 διαιρούμενον
781 2742 1044 2813 πληθύνει
1075 2741 1167 2794 τὸν
1184 2738 1384 2794 ἑαυτοῦ
1415 2737 1650 2809 ἀριθμὸν
1672 2777 1688 2802 ,
1723 2739 1819 2791 καὶ

231 2841 456 2892 ἔσονται
478 2838 750 2906 τέσσαρες
781 2835 815 2905 ἦ
855 2833 1003 2887 ὀκτὼ
1029 2835 1085 2887 αἱ
1112 2833 1236 2886 κατ’
1260 2827 1425 2884 αὑτὸν
1481 2831 1672 2900 φύσεις
1728 2830 1824 2882 καὶ

236 2926 608 2987 ὑποστάσεις·
636 2925 670 2994 ἦ
709 2924 808 2984 τὰς
837 2923 1005 2984 αὑτὰς
1049 2922 1248 2984 ειδότες
1281 2922 1473 2989 φύσεις
1511 2919 1678 2972 αὑτοῦ
1731 2920 1827 2972 καὶ

235 3014 690 3078 ὑποστάσιις³καὶ
727 3013 866 3084 μετὰ
895 3014 996 3084 τὴν
1025 3013 1268 3065 διάλυσιν
1297 3010 1390 3064 τοῦ
1423 3008 1584 3076 ζώου,
1606 3010 1698 3063 τὸν
1729 3011 1827 3062 αύ-

233 3110 331 3162 τὸν
380 3107 598 3160 ἔσεσθαι
634 3106 796 3173 λόγον
827 3105 1030 3169 εἰδότες
1064 3105 1207 3158 κατὰ
1229 3104 1326 3174 τὴν
1358 3102 1597 3173 ὓπαρξιν
1630 3101 1723 3154 τοῦ
1764 3119 1824 3154 τε

1910 636 2096 688 anima
2137 633 2284 689 Petri
2307 675 2320 694 ,
2341 641 2405 687 ut
2430 631 2600 693 Petri,
2625 630 2794 684 habet
2814 646 3104 700 personam
3133 639 3191 686 et
3209 641 3490 694 naturam,

1910 734 1967 780 et
1997 741 2202 795 corpus
2231 724 2401 791 Petri,
2425 724 2556 795 quia
2586 722 2760 789 Petri,
2781 737 3074 792 personam
3103 723 3269 778 habet
3296 734 3355 778 et
3388 737 3491 780 na-

1912 826 2140 881 turain;
2187 818 2232 871 si
2276 818 2475 870 Petrus
2529 814 2669 870 duas
2721 813 2888 868 habet
2940 823 3189 877 naturas,
3242 813 3495 883 corporis

1912 922 2112 976 nempe
2145 915 2202 960 et
2235 906 2452 968 animas,
2497 918 2679 958 nonne
2721 901 2861 956 duas
2912 915 3182 972 personas
3227 899 3490 964 habebit,

1913 998 2161 1068 corporis
2186 1006 2244 1051 et
2263 996 2504 1051 animae?
2537 995 2607 1049 Et
2632 994 2678 1048 si
2701 995 2826 1049 dum
2841 1002 2979 1049 sunt
3009 1001 3224 1047 natura:
3250 1031 3266 1056 ,
3295 992 3496 1046 animae

1913 1091 2065 1146 Petri
2117 1097 2175 1143 et
2227 1089 2479 1158 corporis
2510 1106 2527 1152 ;
2568 1093 2627 1141 et
2663 1085 2709 1140 si
2742 1085 2866 1140 duae
2917 1099 3185 1154 personat,
3223 1083 3499 1137 animate.

1913 1183 2182 1252 corporis,
2207 1197 2392 1237 nonne
2424 1181 2694 1236 mentitur
2719 1181 2816 1250 qui
2856 1179 3140 1234 hominem
3169 1178 3311 1234 dicit
3329 1192 3495 1233 unam

1914 1295 2036 1335 esse
2078 1295 2368 1350 personam
2419 1287 2477 1333 et
2525 1278 2667 1332 duas
2721 1275 2994 1330 naturas?
3038 1276 3250 1330 Vestris
3285 1274 3501 1330 retibus

1915 1372 2207 1441 capimini,
2247 1368 2494 1439 illudque
2531 1367 2752 1423 Davidis
2776 1368 2846 1423 de
2874 1367 3033 1422 vobis
3071 1366 3325 1438 usurpari
3364 1367 3500 1422 faci-

1912 1465 1990 1519 tis
2028 1479 2042 1517 :
2082 1483 2100 1515 ι
2137 1463 2196 1518 1η
2231 1462 2495 1532 operibus
2541 1475 2805 1516 manuum
2851 1475 3078 1514 suarum
3135 1459 3499 1530 comprehen-

1917 1570 2014 1611 sus
2033 1564 2123 1609 est
2149 1557 2460 1623 peccator’.
2501 1571 2522 1604 ι
2552 1553 2622 1608 Et
2648 1552 2783 1606 illud
2813 1592 2827 1606 .
2863 1571 2882 1602 ‹
2911 1553 3283 1607 Convertetur
3335 1551 3498 1605 dolor

1914 1646 2037 1716 ejus
2085 1645 2142 1698 in
2174 1650 2349 1712 caput
2403 1644 2524 1712 ejus
2547 1643 2613 1694 ι’.
2651 1661 2669 1692 ι
2713 1642 2916 1695 Eorum
2974 1640 3122 1692 enim
3168 1653 3291 1706 quae
3333 1637 3499 1692 modo

1917 1727 2191 1799 dicebatis
2226 1742 2452 1804 oportet
2478 1732 2822 1793 meminisse,
2845 1729 3068 1800 quando
3107 1729 3174 1783 ad
3207 1729 3495 1783 stabilien-

1917 1829 2016 1883 das
2043 1829 2181 1883 duas
2206 1825 2449 1881 hominis
2479 1839 2763 1894 personas,
2796 1833 2911 1878 tres
2940 1831 3170 1876 naturas
3205 1821 3260 1874 in
3309 1821 3502 1876 Salva-

1925 1928 2042 1974 tore
2076 1936 2107 1973 a
2135 1919 2300 1973 nobis
2328 1915 2670 1972 conﬁtendas
2702 1913 3120 1984 proponebatis.
3151 1912 3292 1967 Ante
3315 1911 3502 1966 omnia

1922 2013 2071 2066 enim
2097 2026 2206 2081 qua
2237 2009 2452 2064 ratione
2477 2007 2957 2076 distinguerentur
2985 2006 3182 2059 anima:
3207 2012 3264 2060 et
3302 2019 3506 2074 corpo-

1924 2103 2000 2156 ris
2057 2117 2307 2171 persona:
2373 2100 2429 2154 in
2461 2115 2575 2154 uno
2609 2107 2666 2153 et
2695 2096 2892 2152 eodem
2922 2096 3146 2151 homine
3210 2096 3506 2151 carnaliter

1923 2194 2144 2248 vivente
2207 2194 2564 2264 ignoramus:
2600 2192 2726 2247 vivo
2783 2192 2933 2246 enim
2967 2199 3025 2245 et
3066 2189 3228 2251 salvo
3267 2190 3502 2248 animale

1923 2285 2252 2356 composito,
2283 2285 2328 2339 si
2363 2288 2504 2340 duas
2540 2300 2664 2340 esse
2712 2284 2768 2338 in
2803 2283 2924 2353 ipso
2967 2297 3233 2353 personas
3260 2281 3504 2347 creditis,

1923 2376 2056 2446 quid
2089 2376 2198 2430 erit
2231 2375 2454 2446 quando
2485 2383 2665 2434 morte
2696 2372 3067 2428 dissolvetur?
3090 2372 3184 2427 Vel
3208 2371 3507 2426 admitten-

1925 2470 2007 2524 dae
2039 2478 2207 2524 erunt
2239 2471 2295 2524 in
2329 2470 2447 2540 ipso
2481 2483 2593 2524 non
2625 2469 2791 2522 modo
2827 2467 2953 2522 dua:
2977 2475 3188 2520 natura
3226 2475 3284 2521 et
3316 2481 3509 2536 perso-

1925 2576 2029 2625 nas,
2057 2561 2152 2616 sed
2188 2562 2376 2633 plures
2404 2577 2474 2616 ex
2508 2560 2904 2616 disssolntione
2933 2568 2991 2613 et
3013 2559 3285 2615 divisione
3323 2559 3507 2629 subjeo

1926 2653 2022 2720 cti,
2064 2653 2338 2722 siquidem
2371 2668 2534 2708 omne
2557 2652 2794 2708 divisum
2822 2665 3054 2706 numero
3081 2649 3505 2722 multiplicatur,

1925 2755 1982 2799 et
2007 2755 2246 2815 quatuor
2277 2745 2360 2800 vel
2421 2755 2546 2800 octo
2574 2729 2744 2798 erunt
2761 2743 2883 2812 eius
2898 2753 3112 2797 natura:
3132 2751 3186 2796 et
3203 2755 3452 2812 personae
3486 2756 3502 2806 ;

1927 2837 2014 2900 vel
2049 2836 2218 2890 etiam
2243 2836 2447 2891 iisdem
2478 2833 2896 2890 remanentibus
2926 2833 3141 2888 naturis
3161 2841 3219 2888 et
3251 2819 3510 2903 personis

1926 2935 2054 2997 post
2084 2927 2527 3005 dissolutionem,
2576 2926 2772 2981 eodem
2813 2924 3088 2980 servando
3133 2940 3390 2981 sermone
3439 2923 3510 2980 de

1926 3021 2254 3076 exsistentia
2286 3020 2398 3074 vivi
2433 3029 2491 3076 et
2539 3021 2772 3086 mortui,
2818 3019 2886 3074 de
2919 3018 3174 3089 partibus
3215 3014 3510 3088 compositi

1932 3113 2174 3168 hominis
2225 3111 2579 3176 cohaerentis,
2646 3118 2745 3166 aut
2800 3111 2992 3176 soluti,
3048 3112 3108 3164 in
3164 3109 3269 3164 hac
3331 3115 3510 3163 vestra

233 3199 446 3263 ζῶντος
494 3197 591 3249 καὶ
643 3194 738 3247 τοῦ
792 3194 1013 3263 νεκροῦ,
1044 3194 1141 3246 καὶ
1177 3192 1246 3246 τὰ
1285 3191 1380 3245 τοῦ
1412 3191 1696 3261 ὴνωμένου
1733 3192 1823 3244 καὶ

1931 3207 2207 3261 sententia
2263 3210 2332 3259 de
2386 3205 2681 3259 contrariis
2726 3203 2924 3259 eodem
2961 3205 3126 3258 modo
3167 3200 3510 3272 loquendum

233 3289 657 3358 διακεκριμένου
729 3285 1018 3356 ἀνθρώπου
1082 3283 1335 3338 συνθέτου
1374 3301 1390 3316 ο
1445 3285 1540 3336 καὶ
1590 3282 1742 3335 ἔσται
1797 3283 1829 3334 ὁ

236 3381 408 3444 αὐτὸς
437 3380 546 3434 τῶν
571 3378 829 3433 ἐναντίων
862 3377 1022 3445 λόγος
1050 3375 1193 3430 κατὰ
1215 3377 1283 3430 τὰ
1310 3376 1556 3447 ὑμέτερα
1587 3375 1828 3447 προσλή-

241 3493 396 3546 ματα
421 3476 512 3529 ἐπ’
537 3471 725 3527 αὑτοῦ.

311 3566 772 3635 Συγκεχωρὴσθω
837 3563 895 3617 δὲ
944 3563 1074 3633 ὑμῖν
1131 3563 1282 3632 ὅμως
1329 3562 1424 3615 καὶ
1475 3563 1633 3616 τοῦτο
1691 3563 1830 3633 μετᾶ

235 3661 465 3715 πάντων
490 3678 506 3692 ο
541 3659 601 3710 τὸ
634 3659 691 3712 δέ
719 3675 784 3726 γε
811 3659 996 3726 ἕτερον
1037 3655 1102 3708 τὸ
1143 3656 1203 3720 ἐξ
1238 3655 1392 3724 ὑμῶν
1425 3657 1556 3724 ἡμῖν
1591 3657 1698 3725 πρὸ
1734 3674 1827 3723 μι-

234 3748 379 3820 κροῦ
404 3747 627 3818 ληφθὲν,
661 3746 757 3799 νῦν
777 3744 1085 3800 ἀκούσεσθε
1122 3746 1252 3816 παρ’
1287 3746 1465 3815 ἡμῶν,
1499 3745 1574 3808 ὡς
1615 3748 1692 3807 εἰς
1727 3745 1829 3798 σὼι

239 3856 414 3911 ματος
449 3841 746 3891 ὑπόστασιν
780 3840 837 3891 ἐν
886 3835 1161 3908 ἀνθρώπῳ
1210 3837 1324 3889 ῐστε
1349 3852 1362 3866 ·
1398 3838 1494 3889 καὶ
1523 3836 1616 3890 δύο
1643 3837 1738 3898 τὰς
1771 3838 1829 3889 ἐν

233 3930 394 4000 αὑτῷ
424 3929 751 3992 ὑποστάσεις
775 3928 967 3999 ὥσπερ
1000 3924 1092 3981 οὗν
1117 3927 1212 3980 καὶ
1241 3927 1342 3990 τὰς
1372 3927 1561 3994 φύσεις
1582 3928 1672 3980 διὰ
1711 3928 1827 3980 τόδε

233 4024 425 4078 οἴεσθε
451 4038 466 4052 °
501 4022 582 4075 διδ
610 4023 666 4075 δὲ
695 4024 790 4074 καὶ
817 4023 961 4091 ἡμᾶς
1001 4018 1438 4091 παραγράφεσθε
1470 4025 1532 4072 τὸ
1578 4020 1701 4072 κατ’
1730 4020 1826 4071 αὑ-

237 4117 340 4169 τὸν
372 4115 728 4184 παράδειγμα
768 4116 848 4178 εις
879 4112 1104 4176 ἔνδειξιν
1133 4112 1227 4164 δύο
1277 4113 1495 4181 φύσεων
1549 4111 1644 4164 καὶ
1694 4115 1825 4179 μιᾶς

237 4208 604 4268 ὑποστάσεως
675 4206 1075 4274 ἐφελκομένους
1112 4205 1206 4256 ἐπὶ
1245 4203 1340 4255 τοῦ
1384 4204 1590 4272 Κυρίου
1628 4219 1642 4232 ·
1671 4204 1829 4271 δῆλον

238 4302 354 4372 ἄρα
379 4299 456 4361 ὠς
489 4297 584 4351 καὶ
627 4298 786 4366 ὑμεῖς
817 4295 1105 4366 ἄνθρωπον
1153 4296 1249 4348 καὶ
1277 4295 1411 4347 Θεὸν
1453 4295 1705 4363 λέγοντες
1737 4297 1828 4348 τὸν

238 4389 507 4462 Χριστὸν,
535 4388 631 4442 δύο
691 4389 792 4457 μὲν
845 4387 942 4450 τὰς
985 4385 1081 4440 τοῦ
1130 4385 1420 4458 ἀνθρώπου
1477 4388 1825 4451 ὑποστάσεις,

245 4480 386 4549 μίαν
431 4478 488 4531 δὲ
539 4477 639 4546 τὴν
668 4477 762 4529 τοῦ
795 4476 974 4542 Λόγου
1006 4475 1304 4527 ὑπόστασιν
1337 4477 1394 4527 ὲν
1425 4475 1575 4543 αὑτῷ
1603 4473 1827 4540 διεγνὼ-

1930 3299 2059 3353 erit.

2003 3565 2162 3632 Quod
2184 3575 2365 3621 tamen
2381 3580 2507 3620 cum
2534 3565 2766 3635 reliquis
2785 3564 2945 3620 vobis
2966 3563 3324 3620 concedatur.
3348 3562 3511 3620 Aliud

1932 3673 2117 3712 veroa
2147 3657 2308 3712 vobis
2345 3658 2509 3711 nobis
2564 3657 2732 3712 modo
2780 3657 3024 3712 oblatum
3051 3673 3200 3713 nunc
3254 3659 3512 3728 accipite,

1931 3761 2130 3814 nempe
2185 3761 2309 3815 qua:
2339 3746 2406 3800 sit
2435 3754 2621 3801 vestra
2638 3747 2914 3801 sententia
2947 3746 3014 3801 de
3048 3746 3301 3817 corporis
3322 3762 3514 3816 perso-

1932 3851 2022 3898 na,
2055 3835 2336 3904 quomodo
2373 3845 2435 3889 ut
2456 3836 2594 3891 duas
2615 3845 2866 3901 naturas,
2891 3837 2973 3891 sic
3003 3835 3142 3892 duas
3174 3839 3513 3906 personasin

1933 3927 2054 3996 ipso
2088 3926 2422 3991 admittatis,
2448 3936 2682 3997 propter
2729 3928 2878 3998 quod
2914 3944 3016 3983 nos
3051 3929 3248 3984 eodem
3291 3930 3515 3985 ratioci-

1931 4019 2025 4073 nio
2077 4019 2217 4073 duas
2257 4027 2485 4074 naturas
2547 4031 2603 4075 et
2662 4035 2826 4074 unam
2865 4036 3159 4090 personam
3185 4021 3239 4077 in
3279 4022 3514 4079 Domino

1932 4120 2242 4165 astruentes
2263 4112 2454 4167 audire
2483 4128 2595 4166 non
2627 4113 2814 4167 vultis.
2833 4113 3009 4168 Porro
3033 4112 3314 4168 Christum
3341 4115 3514 4170 Deum

1930 4214 1988 4257 ct
2017 4204 2301 4258 hominem
2333 4189 2571 4259 confessi
2601 4245 2614 4269 ,
2651 4205 2754 4274 ipsi
2795 4204 2934 4260 duas
2975 4206 3220 4262 hominis
3247 4223 3514 4277 personas

1930 4305 1987 4351 et
2037 4297 2266 4354 alteram
2295 4297 2461 4351 Verbi
2503 4304 2760 4367 patenter
2781 4298 3077 4353 admittitis
3115 4301 3172 4354 in
3196 4315 3264 4355 eo
3323 4301 3519 4370 sicque

1934 4399 2047 4443 tres
2075 4405 2341 4459 personas
2371 4389 2578 4444 Christi
2605 4405 2736 4446 vere
2761 4390 3012 4457 creditis,
3038 4408 3146 4446 non
3171 4393 3308 4447 duas
3327 4394 3514 4458 modo,

1934 4495 2130 4549 nempe
2163 4497 2325 4535 unam
2352 4497 2419 4535 ex
2448 4489 2602 4550 parte
2651 4481 2893 4535 hominis
2925 4495 2980 4537 et
3005 4485 3231 4538 alteram
3261 4500 3327 4540 ea
3359 4497 3514 4555 parte

235 4586 382 4624 κατε
409 4585 425 4600 ο
456 4569 550 4620 καί
569 4566 758 4619 ἔσεσθε
789 4567 978 4632 σαφῶς
1015 4567 1165 4634 τρεῖς
1195 4567 1294 4626 τὰς
1325 4565 1654 4626 ὑποστάσεις
1696 4565 1823 4616 ειδό-

1938 4573 2054 4637 Dei,
2090 4573 2237 4642 quod
2269 4574 2455 4627 dicere
2501 4573 2768 4627 hactenus
2796 4575 3196 4642 consuevistis;
3223 4593 3354 4632 sane
3381 4593 3515 4634 vero

233 4677 336 4723 τες
369 4661 426 4712 ὲν
454 4657 675 4728 Χριστῷ
710 4657 804 4709 καὶ
824 4656 886 4708 οὑ
916 4655 1011 4708 δύο
1039 4655 1218 4722 μόνον,
1250 4653 1433 4718 καθὼς
1463 4656 1644 4722 λέγειν
1673 4657 1825 4707 ἐπειο

240 4749 417 4821 ρᾶσθε
449 4749 609 4817 μέχρι
641 4746 736 4799 τοῦ
767 4745 885 4807 νῦν,
923 4745 1054 4814 μίαν
1103 4746 1199 4814 τὴν
1249 4745 1344 4798 τοῦ
1374 4744 1530 4808 Θεοῦ,
1566 4747 1660 4797 καὶ
1701 4745 1828 4814 μίαν

238 4843 346 4910 τὴν
408 4839 498 4892 τοῦ
557 4837 850 4907 ἀνθρώπου
879 4854 893 4868 ο
928 4836 1066 4888 ἀλλὰ
1121 4837 1214 4888 δύο
1254 4838 1353 4906 μὲν
1380 4837 1470 4887 τοῦ
1511 4834 1824 4905 ἀνθρώπου,

247 4933 386 5002 μίαν
447 4929 504 4982 δὲ
564 4927 659 4982 τοῦ
730 4929 907 4995 Λόγου
963 4921 1318 4992 δοξάζοντες·
1377 4929 1575 4996 ὁμοίως
1625 4927 1679 4979 δὲ
1735 4931 1828 4979 καὶ

235 5025 399 5093 τρεῖς
442 5021 540 5080 τὰς
586 5018 778 5086 φύσεις
801 5018 968 5071 αὑτοῦ
993 5018 1050 5083 ἐξ
1091 5020 1339 5087 ἀνάγκης
1366 5019 1715 5090 παρέχοντες,
1739 5020 1828 5071 διά

238 5129 302 5167 τε
337 5112 403 5164 τὸ
435 5115 512 5179 μὴ
534 5105 674 5162 εἶναι
709 5109 1009 5162 ὑπόστασιν
1043 5109 1292 5161 ἁνούσιον
1323 5126 1336 5136 ·
1369 5111 1456 5161 ἵνα
1486 5113 1597 5172 τοῖς
1633 5113 1822 5180 ὑμετέ‹

242 5221 368 5276 pot;
394 5204 488 5256 καὶ
515 5206 655 5257 κατὰ
677 5202 746 5254 τὰ
772 5200 1015 5272 ὑμέτερα
1043 5203 1293 5271 νοήματα
1314 5201 1650 5273 χρησώμεθα
1677 5245 1691 5266 ,
1730 5207 1823 5257 καὶ

239 5297 308 5350 τὸ
333 5293 563 5348 αὐτόθεν
595 5294 695 5363 ἠδη
721 5293 902 5362 λέγειν
928 5292 1022 5346 δύο
1044 5294 1136 5346 τοῦ
1171 5293 1462 5364 ἀνθρώπου
1498 5296 1596 5356 τὰς
1638 5296 1829 5363 φύσεις

242 5385 413 5452 εἶναι,
448 5389 577 5457 μίαν
603 5388 655 5438 δὲ
679 5386 774 5439 τοῦ
795 5387 970 5454 Λόγου
999 5404 1011 5418 ·
1037 5387 1112 5449 ὼς
1134 5383 1275 5440 εἶναι
1309 5387 1494 5441 λοιπον
1525 5392 1828 5458 συναγομέ-

245 5497 350 5548 νην
403 5477 498 5530 τοῦ
531 5477 806 5547 ὑμετέρου
838 5477 1108 5547 δόγματος
1151 5476 1252 5547 τὴν
1283 5478 1480 5548 ὁμὰδα.
1514 5481 1595 5542 εις
1621 5478 1680 5543 ἒξ
1710 5497 1825 5532 τινα

244 5573 342 5624 τὸν
417 5569 649 5639 ἀριθμὸν
715 5567 824 5621 τῶν
873 5568 967 5620 ἐπὶ
1025 5566 1266 5639 Χριστοῦ
1315 5570 1622 5639 νοουμένων
1669 5573 1834 5641 ἤγουν

245 5662 421 5733 τριῶν
456 5662 692 5730 φύσεων,
712 5659 882 5729 τριῶν
914 5658 970 5711 δὲ
1015 5659 1386 5724 ὑποστάσεων,
1417 5654 1462 5714 ὧ
1486 5660 1786 5731 σοφώτατοι
1820 5681 1835 5695 δ

327 5829 348 5860 θ
385 5824 521 5879 l’sal.
557 5841 628 5890 ix,
657 5825 742 5879 17.
820 5825 862 5859 ¹⁸
893 5823 1035 5878 Psal.
1061 5839 1155 5891 vn,
1184 5831 1268 5887 t7,

1935 4664 2074 4717 duas
2128 4679 2196 4716 ex
2243 4663 2466 4718 homine
2507 4672 2564 4716 et
2599 4678 2767 4716 unam
2804 4679 2872 4717 ex
2919 4665 3098 4720 Verbo
3143 4669 3414 4738 accipitis.
3446 4671 3516 4726 Et

1935 4755 2190 4809 similiter
2223 4763 2334 4808 tres
2356 4761 2582 4808 naturas
2610 4754 2731 4824 ejus
2759 4754 3051 4811 admittere
3074 4758 3355 4828 cogimini,
3384 4763 3517 4830 quia

1937 4862 2168 4916 persona
2201 4862 2311 4900 non
2340 4855 2424 4900 est
2451 4845 2658 4914 absque
2688 4849 2997 4904 substantia
3035 4853 3255 4917 (vestris
3288 4865 3509 4908 senten-

1939 4937 2030 4990 tiis
2083 4935 2316 4990 invicem
2375 4939 2793 5010 pugnantibus),
2822 4950 2880 4993 et
2907 4940 3036 5008 quia
3085 4939 3288 4996 ibidem
3331 4943 3517 4999 dicitis

1937 5028 2076 5081 duas
2105 5045 2228 5082 esse
2259 5027 2500 5084 hominis
2527 5039 2752 5084 naturas
2783 5038 2838 5084 et
2871 5047 3034 5085 unam
3071 5032 3260 5087 Verbi.
3294 5037 3376 5089 Ad
3411 5037 3516 5092 hoc
3585 5049 3593 5058 '

1936 5135 2068 5189 ergo
2117 5117 2338 5171 devenit
2369 5117 2505 5172 ﬁdes
2548 5128 2752 5184 vestra,
2784 5135 2817 5173 o
2857 5120 3272 5190 sapientissimi,
3309 5134 3368 5178 ut
3419 5143 3513 5180 se!

1938 5207 1991 5260 in
2025 5207 2244 5262 Christo
2281 5209 2635 5276 computetis,
2668 5224 2868 5279 nempe
2905 5220 3017 5266 tres
3046 5223 3296 5272 naturas.
3326 5225 3381 5269 et
3403 5226 3514 5277 tres

1937 5314 2216 5368 personas.
2239 5296 2305 5351 Et
2332 5299 2436 5352 nisi
2457 5297 2603 5352 idem
2625 5300 2819 5356 sithoc
2843 5313 3005 5371 atque
3027 5302 3196 5368 istud,
3216 5323 3361 5362 nunc
3389 5310 3513 5375 tria,

1937 5406 2084 5444 nunc
2103 5390 2211 5444 duo
2236 5388 2302 5441 de
2323 5387 2542 5444 Christo
2566 5391 2873 5460 loquimini.
2912 5393 3023 5448 Cur
3046 5397 3278 5451 mediam
3305 5409 3515 5469 partem

1937 5485 2206 5556 dogmatis
2251 5484 2494 5538 celatis?
2524 5486 2581 5540 Si
2629 5502 2761 5540 vero
2815 5497 3013 5542 natura
3067 5488 3210 5544 idem
3240 5501 3324 5546 est
3367 5495 3516 5563 quod

1941 5587 2194 5641 persona,
2225 5570 2370 5640 quod
2396 5586 2427 5625 a
2458 5573 2614 5628 vobis
2652 5589 2796 5644 saepe
2851 5577 3096 5646 ponitur,
3123 5593 3214 5633 sex
3269 5595 3517 5648 persona:

1944 5667 1998 5716 in
2036 5663 2155 5732 ipso
2183 5679 2212 5717 a
2242 5663 2396 5720 vobis
2419 5674 2762 5734 astruuntur,
2799 5669 3052 5737 personis
3103 5669 3309 5727 additis
3355 5682 3519 5733 natu.
