4214 6450
733 431 864 497 1571

2016 415 2329 481 LEONTII
2373 412 2782 474 BYZANTINI

3881 399 4010 464 1572

731 553 810 606 ris
836 568 851 615 ;
885 548 1051 618 idque
1081 547 1197 603 sive
1221 557 1413 599 omnes
1461 542 1572 599 sint
1616 539 2006 598 substantiales
2035 580 2049 602 ,
2077 548 2133 592 et
2164 535 2308 590 nulla

2443 530 2510 583 εαὶ
2544 532 2588 582 εί
2625 532 2722 599 μὲν
2760 529 2821 579 οὐ
2850 527 3047 580 ταυτὸν
3074 526 3304 595 θάτερον
3333 525 3563 596 θατέρῳ,
3595 523 3704 576 ἰδοῦ
3750 524 3859 577 ἀνὰ
3889 527 4014 591 τρία

730 659 783 696 et
815 648 1094 697 remaneat
1126 652 1385 706 persona.
1417 635 1534 691 sive
1565 649 1760 689 omnes
1808 648 1910 703 pro
1944 629 2194 701 personis
2227 641 2319 678 ae-

733 731 1030 800 cipiantur.
1065 735 1122 780 et
1151 725 1302 779 nulla
1329 723 1637 780 substantia
1671 738 1762 776 sex
1797 719 2048 790 personis
2107 715 2318 772 Christi

737 829 1036 874 remaneat.
1066 817 1197 883 Quae
1245 817 1428 871 omnia
1460 816 1502 869 si
1535 817 1645 868 sint
1689 812 1944 875 ridenda,
1986 822 2044 864 et
2091 809 2322 862 audien-

747 913 886 965 tium
959 910 1195 978 gemitus
1242 908 1504 969 excitent,
1543 905 1703 958 vobis
1748 903 2057 957 certissime
2089 900 2323 954 creden-

746 1005 879 1058 dum
915 1013 1001 1058 est
1024 1000 1423 1070 proﬁciendum
1479 1015 1602 1052 esse
1644 1000 1753 1052 cito
1783 1007 1837 1051 et
1868 997 2085 1050 fortiter
2119 994 2324 1048 malum

736 1096 1044 1150 membrum
1105 1108 1271 1160 super
1317 1091 1608 1144 veritatem
1661 1089 1966 1157 religionis,
2024 1096 2082 1140 et
2112 1095 2325 1156 petram

737 1207 886 1244 sana:
937 1189 1064 1242 fidei
1123 1188 1450 1246 contritum.
1485 1196 1544 1238 ut
1599 1184 1889 1251 impleatur
1936 1183 2082 1246 quod
2119 1180 2326 1233 dictum

738 1290 824 1334 est
856 1301 868 1333 :
899 1280 1128 1334 Gladius
1182 1293 1372 1331 eorum
1437 1276 1606 1329 intret
1663 1275 1717 1328 iu
1772 1273 1941 1328 corda
1978 1273 2247 1340 ipsorum,
2277 1277 2333 1321 et

737 1389 903 1428 arcus
949 1388 1139 1427 eorum
1170 1370 1574 1439 confringatur,
1603 1367 1908 1422 secundum
1954 1364 2238 1418 oraculum
2264 1363 2332 1415 “.

2424 623 2551 674 τάδε
2613 622 2708 672 ἐπὶ
2751 619 2846 671 τοῦ
2888 617 3096 688 Κυρίου
3147 616 3420 669 δεδώκατε
3446 633 3461 647 ο
3494 617 3590 668 καὶ
3634 611 3752 677 πῶς
3787 617 3895 668 ἀνὰ
3926 615 4016 668 δίο

2427 713 2588 779 φατὲ,
2623 712 2686 764 τὸ
2716 712 2890 780 ἥμισυ
2916 707 3372 776 παρακλέψαντες
3401 705 3498 760 τοῦ
3527 706 3800 775 δόγματος
3838 724 3854 764 ι
3891 707 3943 758 εἰ
3963 707 4017 758 ἑὲ

2425 803 2520 856 καὶ
2551 801 2627 862 ὼς
2677 799 2934 870 βούλεσθε
2973 797 3153 864 λέγειν
3188 796 3457 858 πολλάκις
3497 797 3697 850 ταυτὸν
3736 796 3795 848 αἱ
3828 795 4018 862 φύσεις

2424 898 2547 957 ταῖς
2598 894 2987 955 ὑποστάσεσιν,
3022 891 3085 954 ἒξ
3140 891 3309 942 αὑτοῦ
3344 889 3547 958 ὁμοίως
3577 891 3633 941 αἱ
3681 889 4020 947 ὑποστάσεις

2430 984 2681 1040 εἷενκα6’
2720 987 2887 1055 ὑμᾶς,
2916 983 3344 1055 προτεθειμένου
3373 983 3468 1035 τοῦ
3503 981 3743 1052 ἀριθμοῦ
3777 981 3894 1033 τῶν
3928 980 4022 1045 φύ-

2431 1098 2572 1134 σεων
2603 1084 2723 1140 ταῖς
2756 1078 3097 1132 ὑποστάσεσι
3119 1093 3134 1106 ο
3167 1078 3265 1128 καὶ
3308 1075 3489 1138 τοῦτο,
3518 1074 3551 1144 ἢ
3588 1074 3780 1127 πασῶν
3825 1072 4025 1126 οὐσιῶν

2427 1174 2625 1236 οὐσῶν,
2649 1173 2866 1234 οὐδενὸς
2908 1171 3062 1234 bno;
3103 1169 3255 1238 αὑτῷ
3285 1168 3472 1220 λοιπὸν
3503 1164 3820 1234 προσώπου,
3857 1165 3890 1233 ἢ
3922 1180 4026 1215 πα-

2435 1266 2544 1318 σῶν
2573 1265 2695 1316 ἀντὶ
2727 1261 3040 1331 προσώπων
3066 1260 3520 1332 λαμϐανομένων,
3546 1257 3810 1326 οὐδεμιᾶς
3831 1253 4024 1325 μενού-

2437 1377 2538 1430 σης
2571 1359 2762 1419 οὐσίας
2791 1361 2906 1418 τοῖς
2938 1356 2998 1421 ἓξ
3034 1355 3353 1425 προσώποις
3382 1352 3656 1422 Χριστοῦ·
3683 1354 3732 1404 εί
3764 1349 3823 1402 δὲ
3857 1347 4028 1402 ταῦτα

737 1470 950 1536 γέλωτα
983 1469 1074 1520 καὶ
1110 1467 1311 1536 θρῆνον
1358 1466 1695 1533 ὲξεγείρουσι
1748 1464 1828 1532 τῷ
1882 1461 2162 1525 ἀκούοντι,
2221 1459 2346 1512 λίαν
2411 1457 2663 1529 ἐναργῶς
2692 1457 2992 1510 πεπεῖσθαι
3059 1457 3206 1524 ὑμᾶς
3268 1453 3387 1506 δέον
3454 1451 3530 1512 ὡς
3595 1453 3652 1503 ὲν
3719 1449 3881 1517 τάχει
3939 1452 4032 1500 καὶ

741 1563 1102 1631 σφοδρότερον
1170 1562 1300 1626 ὑμῖν
1356 1559 1419 1612 τὺ
1475 1561 1751 1630 ὑμέτερον
1808 1557 2078 1642 πονηρδνρ
2099 1556 2453 1625 ἁντιπεμφθῇ
2496 1553 3034 1624 μέλος.τῇ-άληθείᾳ
3083 1553 3185 1619 τῆς
3242 1548 3550 1611 εὐσεϐείας,
3588 1547 3685 1599 καὶ
3745 1548 3814 1614 τῇ
3853 1544 4036 1613 πέτρα

738 1654 837 1723 τῆς
874 1651 1184 1720 ὀρθοδηξίας
1243 1653 1308 1722 τῇ
1379 1651 1772 1724 άρραγεστάτῃ
1843 1648 2279 1719 προσκροῦσαν⁴

2348 1647 2435 1698 ῖνα
2475 1646 2740 1716 πληρωοῇ
2779 1645 2839 1697 τὸ
2881 1643 3196 1714 εἰρημένον,
3241 1659 3260 1691 ι
3312 1642 3377 1693 Ἡ
3407 1639 3655 1711 ῥομφαία
3697 1638 3883 1691 αὐτῶν
3926 1638 4038 1687 eia-

749 1744 894 1797 ἐλΘοι
929 1747 1010 1806 εἰς
1048 1744 1272 1813 καρδίας
1303 1744 1508 1808 αὐτῶν,
1576 1743 1672 1796 καὶ
1723 1743 1792 1794 τά
1834 1742 1965 1807 τόξα
2010 1739 2193 1793 αὐτῶν
2255 1737 2592 1806 συντριϐείη,
2629 1756 2649 1789 ι
2682 1736 2823 1790 κατὰ
2855 1737 2917 1788 τδ
2944 1737 3143 1804 λόγιον.

1357 1855 1512 1908 CAP.
1556 1853 1697 1909 XVI.

814 1949 950 2002 Tres
972 1963 1096 2001 cum
1112 1947 1221 2000 sint
1246 1962 1497 2016 persona:
1527 1947 1725 2001 divinae
1747 1945 1822 2015 (2)
1847 1957 1905 2000 et
1926 1946 2172 2000 omnium
2197 1959 2333 1999 con-

746 2058 934 2104 sensu,
966 2042 1245 2109 inquiunt,
1282 2041 1448 2096 dicite
1474 2055 1595 2109 qua:
1631 2040 1799 2094 facies
1826 2039 1990 2093 fuerit
2012 2036 2337 2091 vulnerata?

754 2133 972 2185 Etenim
1008 2133 1050 2185 si
1086 2133 1256 2186 facies
1288 2132 1490 2194 Verbi,
1525 2131 1654 2200 quia
1702 2129 2190 2184 consubsmutialis
2247 2135 2332 2180 est

745 2224 916 2285 Patri.
953 2222 1062 2276 erit
1093 2233 1148 2275 et
1172 2223 1356 2284 Pater,
1382 2231 1439 2275 et
1469 2221 1710 2289 Spiritus
1735 2220 1990 2280 visibilis.
2033 2217 2332 2287 tangibilis,

747 2316 1124 2379 vnlaerabilis,
1182 2316 1521 2383 temporalis,
1557 2315 1830 2383 passibilis
1853 2315 2206 2383 simpliciter,
2256 2311 2338 2365 ni-

748 2405 936 2474 hilque
963 2421 992 2458 a
1030 2404 1190 2457 nobis
1237 2411 1430 2456 natura
1487 2403 1756 2456 distabit:
1797 2404 1912 2456 haec
1942 2404 2091 2456 enim
2140 2402 2326 2455 omnia

746 2504 868 2549 erat
897 2495 1068 2549 facies
1087 2509 1366 2564 percussa.
1395 2493 1450 2548 Si
1485 2505 1668 2547 autem
1706 2495 1878 2549 altera
1919 2495 2092 2548 fuerit
2136 2495 2338 2549 verbe-

747 2595 887 2650 rata,
922 2601 1118 2655 nempe
1148 2585 1318 2640 facies
1370 2586 1575 2641 Christi
1600 2629 1612 2649 ,
1647 2589 1874 2642 remotis
1906 2588 2082 2641 tribus
2112 2587 2338 2651 divinis,

747 2695 932 2734 nonne
966 2679 1088 2734 dua:
1117 2690 1283 2734 erunt
1319 2680 1488 2734 facies
1537 2697 1632 2734 seu
1683 2697 1952 2747 personas,
1988 2682 2200 2735 scilicet
2232 2697 2340 2735 una

750 2772 939 2834 Verbi,
1006 2772 1171 2826 unius
1226 2771 1572 2834 c'l'rinitate,
1627 2783 1682 2826 et
1741 2774 1912 2826 altera
1942 2772 2340 2842 Christi?lpsi

749 2863 1037 2917 docuistis.
1098 2862 1204 2917 Sed
1237 2864 1360 2918 luce
1400 2865 1606 2918 clarius
1647 2873 1731 2917 est
1771 2881 1964 2918 eorum
1997 2865 2276 2935 sophisma
2309 2880 2340 2918 e

749 2955 992 3008 nominis
1026 2955 1387 3024 ambiguitate
1419 2964 1624 3008 ortum.
1677 2957 1940 3009 Percussa
1999 2959 2145 3009 enim
2179 2956 2344 3009 facies

752 3061 816 3097 ca
850 3060 958 3097 non
991 3052 1112 3097 erat
1136 3061 1259 3113 qua:
1315 3061 1414 3114 pro
1477 3062 1708 3115 persona
1741 3049 2029 3116 accipitur.
2053 3065 2182 3102 sane
2211 3064 2344 3101 vero

753 3152 815 3189 os
849 3137 1022 3190 forma
1076 3137 1313 3205 partium
1349 3139 1602 3207 corporis
1657 3139 1881 3193 humani
1926 3142 2102 3195 oculis
2135 3143 2342 3196 vicina—

753 3245 899 3292 rum,
926 3238 987 3282 ut
1038 3229 1242 3283 ibidem
1283 3229 1511 3284 dicitur.
1550 3231 1663 3284 lloc
1693 3242 1879 3286 autem
1907 3250 2032 3288 esse
2063 3234 2209 3303 quod
2242 3250 2341 3303 per

753 3337 1041 3391 personam
1105 3322 1455 3390 intelligitur,
1490 3323 1682 3376 sedulo
1735 3325 2114 3379 ostendemus.
2162 3326 2342 3382 Unum

753 3415 903 3467 enim
931 3415 1138 3468 dicitur
1169 3414 1235 3467 de
1270 3425 1380 3468 tota
1417 3430 1648 3482 persona
1675 3416 1908 3472 Christi.
1931 3419 2165 3471 alterum
2209 3435 2344 3472 vero

753 3505 978 3560 nonnisi
1025 3506 1093 3559 de
1126 3514 1280 3574 parte
1305 3509 1556 3574 corporis
1594 3509 1735 3575 ejus.
1777 3508 1890 3561 Hac
1934 3511 2210 3577 pcrsonali
2261 3511 2342 3564 fa-

755 3597 839 3651 cie
882 3597 1096 3649 nullum
1151 3596 1501 3649 individuum
1553 3598 1767 3658 vivens.
1822 3599 2034 3651 nullum
2089 3599 2346 3652 accidens

757 3689 1118 3742 inanimatum
1196 3689 1471 3758 duplicem
1552 3705 1848 3758 personam
1926 3690 2140 3744 habet:
2206 3693 2343 3745 nihil

754 3785 901 3837 enim
929 3798 1123 3836 eorum
1148 3799 1270 3852 qua:
1294 3799 1404 3836 una
1426 3793 1556 3837 sunt
1579 3800 1812 3837 numero
1835 3784 2109 3852 duplicem
2139 3785 2348 3839 habent

756 3891 1049 3946 personam
1082 3893 1096 3939 ;
1127 3875 1232 3928 ista
1288 3885 1474 3930 autem
1518 3875 1656 3929 facie
1712 3878 1885 3930 multa
1912 3887 2045 3929 sunt
2087 3879 2347 3932 animalia

755 3970 994 4033 duabus,
1025 3967 1114 4022 vel
1163 3967 1343 4023 tribus
1396 3968 1484 4022 vel
1538 3969 1796 4038 pluribus
1844 3968 2036 4039 ﬁguris
2085 3971 2344 4038 ῃταεάίιιι,

756 4061 955 4129 quales
988 4059 1216 4113 fuerunt
1249 4059 1459 4126 hydria:
1494 4059 1732 4112 duorum
1761 4060 2002 4128 capitum
2028 4071 2087 4114 et
2121 4071 2342 4126 czrtera,

755 4151 941 4220 qualia
964 4150 1131 4204 etiam
1189 4150 1520 4204 miraculosa
1581 4149 1884 4204 Cherubim
1929 4167 2054 4205 cum
2109 4162 2348 4221 quatuor

757 4242 1028 4305 faciebus,
1058 4249 1116 4295 et
1163 4243 1393 4296 totidem
1431 4242 1646 4305 formis,
1683 4245 1763 4298 sic
1791 4252 1849 4298 et
1877 4244 2002 4299 aliis
2028 4245 2222 4301 formis
2247 4247 2347 4300 de-

758 4334 924 4403 picta,
958 4349 1060 4387 ncc
1091 4342 1272 4387 tamen
1300 4343 1543 4402 quatuor
1581 4350 1845 4404 personas
1871 4351 2066 4389 eorum
2089 4337 2344 4408 dicimus.

757 4426 918 4480 Juxta
953 4427 1196 4496 priorem
1233 4426 1490 4495 speciﬁca
1519 4437 1720 4481 natura
1751 4427 1806 4481 in
1858 4428 2092 4498 singulis
2138 4429 2343 4483 indivi-

3007 1851 3262 1904 κΕψΑΑ.
3322 1849 3440 1917 ις’.

2510 1945 2687 2017 ’ἲριῶν
2712 1943 2883 1997 ὄντων
2907 1943 3360 2014 ὁμολογουμένως
3386 1939 3697 2012 προσώπων
3721 1939 3828 1991 τῶν
3853 1939 4038 1999 θείων,

2436 2039 2497 2092 τὸ
2512 2039 2568 2091 δὲ
2587 2038 2870 2109 ραπισΟὲν,
2893 2040 3048 2107 φησὶ,
3064 2041 3215 2089 ποῖον
3239 2030 3379 2089 εἶναι
3406 2035 3591 2102 λέγετε
3615 2053 3629 2100 ;
3649 2034 3713 2087 Εἰ
3739 2034 3967 2104 μὲνγὰρ
3985 2035 4043 2085 τὸ

2438 2133 2531 2185 τοῦ
2557 2132 2752 2198 Λόγου,
2780 2131 2904 2182 ἐπεὶ
2922 2131 3210 2200 ὁμοοῦσιον
3236 2130 3313 2199 τῷ
3344 2129 3542 2197 Πατρί,
3571 2127 3724 2181 ἔσται
3754 2127 3851 2181 καὶ
3879 2133 3906 2179 ὀ
3934 2127 4045 2180 Πτ-

2437 2226 2543 2292 τὴρ
2569 2224 2668 2274 καὶ
2691 2224 2750 2275 τὸ
2772 2221 3000 2290 Πνεῦμα
3026 2221 3221 2291 ὁρατὸς
3245 2223 3336 2273 καὶ
3363 2221 3538 2283 ἁπτὸς
3566 2220 3659 2273 καὶ
3683 2219 3928 2288 πληκτδς
3950 2219 4044 2271 καὶ

2441 2315 2702 2383 ἕγχρονος
2753 2313 2846 2365 καὶ
2887 2312 3131 2380 παθητὸς
3191 2312 3398 2377 ἁπλῶς,
3429 2315 3522 2365 καὶ
3570 2312 3726 2364 οὐδὲν
3762 2311 4043 2380 διαφέρων

2441 2406 2598 2475 ἡμῶν
2641 2407 2707 2475 τῇ
2747 2403 2909 2473 φύσει
2939 2421 2954 2434 ο
3011 2403 3254 2456 τοιοῦτον
3299 2404 3410 2474 γάρ
3443 2404 3504 2456 τὸ
3551 2404 3815 2472 ραπισθὲν
3869 2405 4041 2472 1:395:—

2440 2515 2590 2550 ωπον
2618 2514 2630 2526 ·
2659 2498 2707 2549 εί
2754 2497 2812 2550 δὲ
2843 2496 3032 2566 ἕτερόν
3066 2498 3183 2548 ἐστι
3217 2496 3280 2549 τὸ
3321 2497 3608 2566 ραπισθὲν,
3641 2499 3813 2568 ἤγουν
3853 2498 3917 2549 τὸ
3950 2495 4045 2549 τοῦ

2443 2587 2680 2660 Χριστοῦ
2718 2589 3030 2660 πρόσωπον,
3053 2589 3204 2659 παρᾶ
3228 2589 3294 2643 τὰ
3323 2593 3425 2660 τῆς
3451 2591 3616 2658 ἁγίας
3635 2590 3871 2661 Τριάδος
3890 2591 4044 2657 τρία,

2443 2682 2561 2743 πῶς
2609 2681 2669 2732 οὐ
2722 2679 2816 2732 δύο
2861 2681 3132 2751 πρόσωπα
3168 2680 3262 2733 τοῦ
3296 2698 3353 2734 τε
3383 2682 3560 2750 Λόγου
3591 2682 3684 2734 τοῦ
3727 2683 3847 2743 ἑνὸς
3889 2681 4046 2741 bno;

2444 2774 2544 2840 τῆς
2593 2772 2848 2842 Τριάδος,
2882 2774 2975 2824 καὶ
3029 2771 3124 2824 τοῦ
3159 2771 3423 2840 Χριστοῦ,
3456 2773 3552 2824 καὶ
3593 2773 3752 2842 ὑμεῖς
3783 2773 3998 2825 διδόατε
4026 2789 4040 2835 ;

2457 2865 2598 2916 Ἀλλ’
2630 2863 2854 2935 εὔδηλον
2885 2864 2944 2915 τὸ
2981 2865 3134 2933 παρὰ
3174 2865 3272 2936 τὴν
3305 2866 3630 2936 ὁμωνυμίαν
3667 2864 3913 2934 σόφισμα
3944 2867 4046 2918 αὖ·

2447 2958 2556 3010 τῶν
2586 2974 2600 2986 ·
2638 2957 2699 3009 τὸ
2725 2957 2835 3026 γὰρ
2877 2956 3145 3026 ραπισθὲν
3177 2958 3494 3026 πρόσωπον,
3524 2960 3587 3011 οὐ
3619 2958 3680 3011 τὸ
3731 2960 3859 3012 ἀντὶ
3909 2961 4046 3012 ὑπο-

2450 3050 2693 3112 στάσεως
2746 3049 3160 3119 λαμϐανόμενον
3209 3046 3298 3120 ἦν,
3332 3051 3510 3120 ἀλλ’ἢ
3553 3051 3676 3120 ὄψις
3725 3053 3823 3104 καὶ
3861 3053 4050 3124 μορφὴ

2373 3173 2417 3233 C
2452 3142 2558 3194 τῶν
2599 3141 2726 3211 περὶ
2759 3141 2886 3204 τοὺς
2945 3134 3103 3204 ὦπας
3152 3141 3338 3211 μερῶν
3367 3141 3462 3194 τοῦ
3510 3143 3772 3209 σώματος
3803 3142 3899 3196 τοῦ
3954 3146 4049 3195 ἀν-

3440 3237 3522 3285 ότι
3561 3234 3618 3287 δὲ
3649 3235 3809 3286 τοῦτό
3841 3236 3961 3288 ἐστι
3994 3235 4054 3286 τὸ

2452 3325 2576 3376 ἀντὶ
2607 3325 2960 3387 ὑποστάσεως
3015 3325 3330 3394 νοούμενον,
3376 3326 3619 3378 δεικτέον
3664 3328 3904 3396 ἑτοίμως
3937 3345 3952 3358 ·
3997 3328 4055 3379 τὸ

2457 3417 2555 3484 μὲν
2594 3415 2706 3484 γὰρ
2758 3414 2881 3467 καθ’
2912 3416 3041 3486 ὅλης
3085 3416 3303 3482 λέγεται
3355 3417 3456 3486 τῆς
3505 3417 3864 3478 ὑποστάσεως
3916 3419 4054 3488 Χρι-

2457 3507 2584 3560 στοῦ
2602 3548 2616 3569 ,
2653 3507 2712 3558 τὸ
2735 3508 2796 3578 δὲ,
2828 3505 2972 3558 κατὰ
3001 3506 3202 3576 μέρους
3225 3506 3321 3559 τοῦ
3353 3505 3606 3577 σώματος
3635 3509 3812 3573 αὐτῆς
3850 3509 4016 3578 μόνον
4039 3526 4054 3540 ο

2453 3598 2534 3650 ἔτι
2575 3599 2696 3650 κατ’
2739 3600 2916 3650 ἐκεῖνο
2958 3599 3056 3666 μὲν
3106 3598 3166 3649 τὸ
3194 3599 3565 3650 ὑποστατικὶν
3605 3600 3932 3669 πρόσωπον,
3969 3604 4056 3653 οὺ-

2453 3690 2648 3742 ὃέποτέ
2702 3706 2756 3741 τι
2809 3689 2952 3753 ζῶον
2989 3690 3216 3758 ίδικὸνῆ
3255 3689 3434 3753 ἄζωον
3470 3689 3528 3742 ἒν
3557 3691 3850 3761 πράγματι
3876 3694 4058 3763 ὑπάρο

2453 3799 2565 3849 χον,
2599 3781 2953 3851 διπρόσωπόν
2983 3783 3098 3833 ἐστι
3135 3799 3148 3811 ·
3183 3783 3337 3834 οὐδὲν
3367 3783 3474 3853 γάρ
3511 3783 3686 3835 ὄντων
3723 3784 3782 3836 ἓν
3834 3786 4060 3855 ἀριθμῷ

2453 3873 2537 3935 ὃν,
2584 3874 2982 3926 δισυπόστατόν
3035 3876 3190 3924 ἐστι’
3233 3874 3375 3927 κατὰ
3419 3874 3473 3926 δὲ
3511 3875 3692 3939 τοῦτο,
3738 3877 3918 3931 πολλὰ
3945 3877 4059 3942 ζῶα

2451 3965 2782 4034 διπρόσωπα
2840 3966 2933 4018 καὶ
2984 3967 3293 4036 τρικάρηνα
3333 3968 3429 4020 καὶ
3459 3968 3823 4036 πολυκέφαλά
3862 3972 4015 4023 ἐστιν
4045 3987 4057 3998 ο

2454 4049 2564 4108 οἷον
2600 4055 2964 4123 ἀμφισϐαἰναι
2992 4055 3154 4125 ὖδραι
3177 4056 3272 4107 καὶ
3298 4060 3367 4108 τὰ
3405 4054 3592 4120 λοιπὰ,
3621 4059 3817 4128 ὥσπερ
3869 4055 3941 4112 αὖ
3971 4061 4060 4112 καὶ

2454 4149 2523 4202 τά
2571 4148 2836 4218 τεράστια
2877 4149 3316 4218 τετραπρόσωπά
3357 4165 3416 4199 τε
3453 4150 3545 4200 καὶ
3587 4149 3964 4220 τετράμορφα
3994 4153 4060 4203 τα

2456 4239 2764 4308 Χερουϐὶμ,
2798 4239 2942 4291 οὕτω
2977 4240 3076 4307 μὲν
3109 4240 3204 4291 καὶ
3237 4241 3552 4306 ὲτεροειδὼς
3585 4245 4016 4311 μεμορφωμένα
4044 4261 4054 4270 ·

2456 4333 2550 4384 καὶ
2595 4333 2746 4400 ὅμως
2786 4333 3062 4403 τέσσαρας
3096 4332 3277 4384 αὐτῶν
3308 4333 3369 4384 οὐ
3406 4335 3590 4402 φαμὲν
3622 4334 3720 4387 καὶ
3776 4336 3881 4396 τὰς
3925 4339 4056 4389 ὑπιο-

2457 4423 2699 4485 στὰσεις.
2746 4423 2868 4476 Ἔτι
2900 4423 3021 4474 κατ’
3062 4425 3238 4476 ἐκεῖνο
3279 4425 3432 4493 κοινὴ
3464 4429 3627 4492 φύσις
3648 4428 3709 4478 ὲν
3737 4431 3859 4492 τοῖς
3922 4431 4057 4482 καο-

2455 3231 2757 3301 ορωπείσυ,
2791 3232 2915 3285 ὅθεν
2969 3233 3064 3286 καὶ
3120 3231 3388 3298 λέγεται·

759 4518 887 4571 duis
912 4518 1172 4572 distincta
1199 4528 1305 4579 est,
1327 4519 1481 4588 juxta
1527 4520 1894 4588 posteriorem
1940 4538 2072 4575 vero
2101 4524 2342 4590 particu-

2460 4517 2666 4568 έκαστα
2687 4515 3028 4584 διακρίνεται
3056 4533 3066 4543 ·
3101 4516 3240 4567 κατὰ
3275 4516 3332 4568 δὲ
3366 4515 3545 4579 τοῦτο,
3577 4518 3672 4569 καὶ
3699 4519 3733 4588 ἡ
3770 4520 3922 4592 ίδικὴ
3964 4521 4059 4588 φύ-

761 4612 1108 4666 larisnatura
1143 4612 1198 4664 in
1229 4626 1401 4664 unum
1431 4620 1487 4664 et
1529 4606 1766 4665 alterum
1806 4613 2116 4668 membrum
2143 4614 2350 4668 dividi»

761 4711 874 4755 tur.
941 4702 1067 4755 Haec
1111 4700 1180 4754 de
1224 4702 1594 4755 rationalibus
1623 4711 1680 4755 et
1714 4703 2190 4759 irrationabilibus
2216 4747 2230 4768 ,
2283 4706 2352 4761 de

761 4791 1143 4846 materialibus
1197 4801 1255 4845 et
1303 4792 1785 4856 immaterialibus.
1839 4793 1908 4846 de
1937 4794 2080 4846 vivis
2113 4803 2168 4847 et
2208 4811 2356 4849 mor-

764 4886 876 4939 tuis
906 4887 1078 4940 rebus
1101 4884 1328 4945 dicitur,
1365 4893 1555 4955 utpote
1583 4900 1684 4953 pro
1710 4901 1948 4956 persona
1977 4887 2271 4956 accipitur.
2299 4896 2356 4942 ct

762 4979 892 5048 quia
945 4980 1254 5046 cuicunque
1281 4978 1652 5046 personaliter
1673 4979 1961 5032 exsistenti
1983 4990 2069 5033 est
2085 4995 2318 5048 persona
2341 4998 2356 5043 ;

766 5069 869 5122 ista
908 5077 1094 5122 autem
1153 5068 1221 5122 de
1271 5069 1404 5123 sutis
1451 5069 1784 5138 corporibus
1805 5069 1987 5122 anima
2028 5069 2352 5132 moderatis.

767 5162 1028 5230 pleraque
1063 5161 1212 5215 enim
1238 5161 1434 5216 anima:
1468 5162 1684 5232 egentia
1715 5162 1834 5217 solo
1857 5177 2112 5216 sermone
2151 5177 2354 5232 cogito-

766 5263 1017 5308 scuntur.
1052 5254 1178 5310 Haec
1227 5253 1297 5308 de.
1354 5254 1679 5310 substantiis
1711 5253 2182 5309 intellectualibus
2211 5268 2355 5322 saepe

766 5345 994 5401 dicitur.
1027 5354 1086 5398 ut
1115 5346 1275 5400 Pater
1305 5345 1373 5399 de
1408 5345 1650 5415 ingenito
1683 5362 1698 5411 ;
1732 5345 1835 5400 ista
1864 5345 2085 5399 nonnisi
2133 5345 2202 5397 de
2233 5360 2358 5397 sen-

765 5438 1022 5494 sibilibus
1075 5438 1419 5493 inscribitur.
1452 5439 1696 5493 Persona
1749 5453 1880 5508 ergo
1925 5447 1982 5492 et
2041 5435 2210 5490 facies
2233 5452 2355 5505 quae

843 5582 884 5614 ”
917 5582 1061 5637 Psal.
1101 5598 1284 5648 xxx",
1315 5583 1399 5637 15.

841 5701 918 5765 (2)
939 5700 1034 5755 llic
1058 5711 1251 5755 auctor
1281 5710 1472 5754 noster
1499 5709 1769 5770 perpetuo
1801 5699 1948 5754 ludit
1970 5699 2144 5752 verbo
2179 5698 2352 5768 πρόσ-

769 5789 892 5825 ωπν
914 5801 943 5826 ι,
985 5773 1132 5838 quod
1161 5771 1302 5839 apud
1337 5771 1557 5825 (ΞΓ-,ηαδ
1599 5787 1882 5840 personam
1915 5779 1969 5823 ct
1993 5771 2178 5840 facient
2201 5785 2354 5832 aeque

767 5841 1060 5913 significat.
1085 5841 1259 5906 Quam
1301 5841 1693 5910 amphiboliam
1749 5841 1930 5895 Latini
1986 5855 2096 5893 non
2130 5840 2352 5894 habent.

2457 4627 2542 4673 σις
2578 4608 2719 4678 αῦτη
2755 4609 2830 4670 ὡς
2856 4611 2936 4668 είς
2969 4609 3134 4677 μέλος
3164 4609 3282 4661 τόδε
3329 4611 3422 4661 καὶ
3455 4609 3575 4661 τόδε
3616 4611 3915 4681 μερίζεται
3942 4634 3954 4644 ·
3981 4617 4059 4665 ἔτι

2455 4702 2656 4765 ἐκεῖνο,
2689 4701 2830 4753 κατά
2856 4718 2916 4752 τε
2947 4699 3172 4770 ἀψύχων
3207 4701 3302 4753 καὶ
3333 4700 3617 4770 ἐμψύχων,
3656 4703 3754 4754 καὶ
3782 4707 4059 4773 σωμάτων

2458 4796 2553 4848 καὶ
2580 4795 2910 4864 ἀσωμάτων,
2941 4795 3034 4846 καὶ
3061 4794 3216 4857 ζώων
3247 4795 3339 4847 καὶ
3379 4793 3574 4856 άξώων
3599 4795 3856 4862 λέγεται,
3895 4800 4059 4867 ἣτε-δν

2457 4889 2520 4938 τὸ
2553 4887 2674 4940 ἀντὶ
2714 4888 2810 4956 τῆς
2843 4885 3200 4949 ὑποστάσεως
3224 4903 3238 4914 ·
3274 4887 3477 4948 παντὸς
3513 4887 3628 4957 γὰρ
3701 4888 3869 4952 ὄντος
3934 4893 4059 4944 αὐθ-

2464 4977 2806 5042 υποστάτως,
2827 4979 2947 5029 ἐστὶ
2976 4978 3067 5029 καὶ
3101 4979 3431 5039 ὑπόστασις·
3473 4979 3635 5031 τοῦτο
3661 4980 3720 5032 δὲ
3750 4981 3851 5033 ἐπὶ
3884 4985 4056 5051 μόνων

2455 5070 2564 5122 τῶν
2602 5069 3038 5140 ἐμψυχωθέντων
3073 5071 3344 5136 σωμάτων
3365 5071 3573 5139 κυρίως
3601 5086 3615 5099 ο
3641 5070 3755 5122 τῶν
3779 5072 3897 5141 γὰρ
3926 5073 4056 5139 seu-

2457 5177 2568 5230 χων
2606 5158 2676 5210 τὰ
2715 5159 2942 5210 πλεῖστα
2977 5158 3073 5226 τὴν
3103 5160 3428 5224 ἐπιςάνειαν
3460 5161 3624 5228 μόνον
3652 5161 3813 5231 δηλοῖ
3836 5163 4057 5233 λεγόμεο

2469 5268 2558 5304 νον
2584 5267 2597 5279 ·
2634 5250 2714 5304 ἔτι
2746 5252 2925 5302 ἐκεῖνο
2951 5255 3042 5303 καὶ
3067 5250 3155 5302 διά
3190 5267 3351 5303 τινων
3382 5251 3593 5318 νοητῶν
3622 5252 3900 5316 πολλάκις
3931 5256 4056 5305 ὑπο·

2459 5343 2735 5413 γράφεται
2772 5341 3119 5395 ὲπουσιωδῶν
3151 5340 3340 5409 ὥσπερ
3369 5342 3446 5407 τῷ
3479 5344 3814 5412 άγεννήτῳό
3842 5344 4052 5413 Πατήρ·

2462 5435 2622 5488 τοῦτο
2649 5434 2706 5487 δὲ
2743 5435 2903 5504 μόνον
2933 5434 3023 5487 διὰ
3046 5434 3155 5486 τῶν
3183 5435 3458 5502 αἰσθητῶν
3504 5434 3950 5505 συμϐεϐηκότων
3974 5437 4056 5487 ἀεὶ

2465 5697 2596 5752 ideo
2646 5699 2745 5751 hac
2810 5714 2945 5753 voce
3000 5713 3146 5752 mtnc
3202 5698 3419 5763 facium,
3473 5715 3620 5754 nunc
3651 5715 3951 5769 personam
3983 5701 4054 5753 ir.-

2469 5769 2786 5833 tciligimus.
