4214 6450
158 429 296 495 1573

1113 428 1513 492 ADVERSUS
1548 424 2096 490 NESTORIANOS.
2135 450 2205 463 --
2233 426 2381 487 LLB.
2421 425 2502 486 II.

3291 434 3444 502 ,1574

144 543 511 617 διαγράφεται
547 560 561 577 ·
602 543 904 607 ὑπόστασις
933 536 1029 599 οὖν
1062 547 1158 598 καὶ
1195 546 1256 598 τὺ
1289 546 1498 615 ταύτης
1527 563 1736 617 σημανο

1851 546 1970 617 ejus
2013 552 2100 601 est
2150 544 2441 610 indicium,
2467 560 2690 617 semper
2718 545 2880 601 unica
2920 555 2975 603 ct
3009 547 3438 623 uniuscujusque

143 638 301 690 τικὺν
329 635 653 708 πρόσωπον,
684 634 745 688 ἓν
776 634 1014 687 ἑκάστου
1066 634 1186 688 ἐστὶ
1219 635 1540 708 προσώπου,
1570 637 1751 705 ὅψεως

144 727 519 799 τημαντικῆς,
541 727 651 781 εἴτε
698 724 865 797 οὔσης
888 768 903 792 ,
931 725 1036 780 τίτε
1070 728 1163 780 καὶ
1222 730 1297 798 μὴ
1330 726 1500 800 οὑσης
1534 744 1548 758 ο
1583 728 1753 800 πρόσο

146 839 304 874 ωπον
348 820 406 874 δὲ
437 820 499 875 τὸ
526 820 602 883 ώς
634 819 779 890 ὄψις,
812 821 874 873 οὑ
905 821 1120 882 πάντως
1145 820 1238 874 δύο
1267 821 1481 892 ἑκάστῳ
1502 823 1668 875 εἰσίνθ
1692 822 1752 875 οὑ

142 912 236 966 δύο
266 912 361 966 οὖν
379 913 646 983 πρόσωπα
668 913 835 985 ἡγουν
859 912 1187 977 ὑποστάσεις
1213 913 1309 967 τοῦ
1335 914 1510 982 Λόγου
1538 916 1631 968 καὶ
1655 914 1754 985 τῆς

141 1005 413 1073 ὲνσᾶρκου
453 1005 619 1058 αὑτοῦ
653 1005 871 1075 μορφῆς
902 1004 1109 1075 δηλαδὴ
1145 1004 1397 1058 ἐντεῦθεν
1429 1004 1703 1059 δεικνὺετε
1735 1021 1751 1037 ’

143 1097 284 1149 διότι
297 1095 428 1151 ἄλλο
443 1091 512 1167 ἦν
532 1095 595 1149 τδ
612 1096 709 1166 τῆς
734 1096 1085 1161 ὑποστάσεως
1107 1096 1344 1168 Χριστοῦ
1372 1096 1468 1150 τοῦ
1486 1098 1654 1168 ἐνσὰρ
1680 1114 1754 1151 ου

142 1191 325 1257 Λόγου
357 1190 673 1259 πρόσωπον,
688 1189 784 1242 καὶ
805 1188 932 1244 ἄλλο
954 1190 1054 1260 τῆς
1076 1190 1342 1261 αἰσθητῆς
1360 1189 1525 1244 αὑτοῦ
1547 1191 1753 1262 σαρκὸς

144 1283 334 1350 μέλος,
383 1281 680 1352 πρόσωπον
742 1280 1072 1352 λεγόμενον
1126 1284 1175 1336 εί
1222 1283 1330 1353 γάρ
1395 1283 1551 1337 τοῦτο
1611 1284 1761 1337 δοκεῖ

145 1375 304 1442 ὑμῖν,
358 1375 577 1437 πάντως
611 1375 707 1427 καὶ
759 1373 1174 1443 ὑμῶνόκαθεὶς
1230 1376 1324 1428 ἐπὶ
1369 1375 1490 1444 ὄψιν
1532 1393 1591 1428 τε
1647 1375 1759 1445 ἔχει

147 1468 240 1533 τὴν
309 1465 613 1536 λεγομένην
685 1468 979 1536 πρόσωπον
1018 1481 1032 1496 ο
1083 1466 1380 1529 ὑπόστασίς
1437 1467 1496 1519 τέ
1558 1469 1674 1519 ἔστι
1724 1467 1758 1534 ἡ

149 1555 416 1626 θεουμένη
475 1556 789 1626 πρόσωπον,
842 1555 938 1609 δύο
992 1555 1107 1625 ἔχει
1167 1558 1236 1610 τά
1295 1558 1610 1627 πρόσωπαο
1680 1556 1761 1610 ἔτι

135 1647 193 1699 δὲ
274 1648 401 1700 ἐπεὶ
484 1648 733 1718 περιέχει
811 1650 921 1702 πᾶν
1008 1650 1373 1702 ὑποστατικω
1465 1648 1761 1721 πρόσωπον

138 1739 241 1805 τήν
300 1753 359 1789 τε
408 1737 589 1809 ψυχὴν
643 1740 846 1803 πᾶσαν,
878 1738 975 1791 καὶ
1007 1739 1185 1793 πάντα
1236 1740 1307 1793 τὰ
1355 1738 1451 1792 τοῦ
1507 1739 1760 1810 σώματος

136 1830 249 1880 τῷν
277 1829 595 1883 καθέκαστα
616 1831 686 1885 τά
710 1833 875 1902 μέρη,
898 1826 973 1885 ὧν
997 1834 1145 1885 ἑστιν
1166 1831 1226 1885 ἓν
1250 1833 1400 1904 καὶὴ
1429 1832 1548 1902 ὄψις
1592 1833 1753 1905 αὑτὴ,

1854 638 2037 703 faciei,
2067 639 2184 695 sive
2239 639 2429 711 vultus
2479 639 2552 693 sil.
2592 639 2895 706 sensibilis,
2926 640 3041 695 sive
3083 658 3236 709 non;
3277 642 3445 701 facies

1855 742 2061 798 autem,
2104 742 2164 786 ut
2188 734 2396 798 vultus,
2426 748 2534 787 non
2562 748 2782 803 semper
2809 741 2893 788 est
2926 733 3130 805 duplex
3164 753 3267 793 nec
3314 737 3443 792 uni-

1856 823 2058 892 cuique
2081 824 2387 880 individuo.
2408 826 2539 880 Dua:
2555 839 2687 896 ergo
2701 839 2954 896 personae
2971 826 3162 890 Verbi,
3180 836 3236 882 et
3254 827 3444 884 forma:

1856 919 1978 986 ejus
2020 916 2348 977 incarnatte,
2391 932 2503 971 non
2548 918 2677 972 inde
2726 917 3020 973 evidenter
3050 918 3441 987 deducuntur,

1856 1015 1913 1060 et
1960 1005 2087 1061 ideo
2119 1006 2225 1061 alia
2256 1016 2377 1061 erat
2419 1022 2656 1077 persona
2685 1006 2897 1063 Christi
2958 1007 3125 1063 Verbi
3156 1008 3443 1077 incarnati,

1858 1098 2007 1153 aliud
2043 1100 2353 1154 membrum
2384 1101 2570 1155 carnis
2589 1101 2851 1166 visibilis,
2871 1108 3126 1157 vocatum
3151 1101 3344 1156 facies.
3376 1095 3449 1156 Et

1859 1190 1905 1244 si
1968 1190 2137 1244 vuitis
2168 1190 2386 1256 audire,
2420 1190 2515 1260 qui
2552 1190 2706 1244 visus
2760 1198 2845 1244 est
2888 1205 2920 1244 a
2957 1191 3115 1246 vobis
3142 1206 3444 1262 personam

1862 1278 2056 1333 habuit
2081 1295 2205 1349 quae
2233 1287 2463 1333 vocatur
2509 1276 2701 1342 facies,
2737 1277 2960 1334 aliunde
3000 1294 3242 1359 persona
3276 1278 3446 1335 intel-

1859 1369 2088 1440 ligibilis
2135 1380 2221 1427 est
2270 1384 2327 1426 et
2373 1370 2567 1435 facies,
2596 1386 2695 1426 seu
2766 1372 3084 1442 πρόσωπον,
3123 1370 3231 1428 hoc
3277 1386 3447 1429 sensu

1861 1462 2001 1518 duas
2030 1463 2226 1519 habuit
2250 1478 2536 1534 personas.
2556 1463 2618 1518 Et
2652 1462 2855 1518 iterum
2892 1465 3155 1534 quoniam
3185 1462 3448 1533 quaelibet

1861 1556 2169 1625 personalis
2217 1556 2389 1610 facies
2436 1565 2610 1610 totam
2644 1558 2886 1610 animam
2921 1563 2979 1610 et
3005 1555 3196 1610 omnia
3245 1569 3447 1626 corpo-

1862 1646 1998 1700 ralia
2022 1646 2290 1711 membra,
2319 1661 2556 1715 quorum
2580 1662 2750 1700 unum
2797 1657 2884 1702 est
2929 1647 3145 1709 oculus,
3205 1646 3448 1717 comple-

1863 1739 2054 1806 ctitur,
2089 1738 2199 1793 erit
2224 1754 2332 1793 una
2370 1748 2552 1794 vestra
2599 1737 2769 1794 facies
2794 1739 2965 1793 altera
2999 1738 3401 1810 comprehensa
3429 1756 3445 1793 :

1862 1848 2148 1902 nunquam
2205 1849 2341 1887 vero
2404 1832 2871 1903 comprehensum
2929 1830 3076 1887 idem
3137 1841 3224 1887 est
3269 1816 3446 1902 atque

141 1920 302 1975 ἔσται
340 1922 497 1992 ὑμῶν
531 1923 594 1976 τὸ
622 1923 680 1976 ἓν
712 1925 1005 1995 πρόσωπον
1025 1926 1133 1995 ἄρα
1155 1923 1234 1995 τῷ
1274 1926 1451 1995 ἑτέρῳ
1478 1925 1750 1997 προσώπῳ

1860 1924 2376 1995 comprehendens:
2414 1940 2525 1979 non
2556 1940 2689 1994 ergo
2719 1939 2827 1980 una
2862 1924 2973 1986 erit
2991 1932 3047 1979 et
3078 1923 3273 1980 eadem
3316 1923 3445 1978 utﬁ-

144 2013 171 2065 ὑ
180 2013 304 2083 μῶν
333 2017 742 2085 περιεχόμενον·
768 2016 828 2068 οὑ
850 2017 1044 2069 ταυτὸν
1063 2016 1118 2069 δὲ
1143 2016 1361 2069 πώποτε
1378 2017 1456 2088 τῷ
1474 2017 1750 2088 περιέχον-

1859 2014 2059 2086 cuique
2084 2026 2331 2072 vestrum
2367 2016 2557 2082 facies,
2589 2015 2688 2084 sed
2733 2016 2856 2074 duae
2881 2024 3067 2082 erunt,
3101 2032 3211 2071 una
3244 2015 3461 2087 major,’

142 2121 199 2157 τι
220 2106 358 2159 αὑτὸ
382 2106 443 2159 τὸ
464 2108 857 2177 περιεχόμενον
880 2122 895 2137 °
929 2107 1038 2179 ἄρα
1066 2108 1161 2161 οῦν
1182 2108 1279 2178 οὑχ
1321 2107 1379 2161 ἓν
1409 2108 1505 2160 καὶ
1533 2109 1750 2173 ταυτὸν,

1856 2106 2038 2160 minor
2094 2107 2265 2160 altera
2321 2105 2741 2185 Magnam‘vero
2786 2114 2842 2161 et
2866 2121 3091 2175 parvam
3122 2120 3443 2176 personam,

144 2197 269 2250 οὐδὲ
302 2198 396 2251 τοῦ
441 2198 649 2250 καθένα
698 2197 859 2267 ὑμῶν
886 2198 1299 2269 τδ’πρόσωπον,
1331 2198 1467 2251 ἀλλὰ
1511 2198 1606 2253 δύο
1657 2198 1754 2253 καὶ

150 2290 342 2360 μεῖζον
370 2290 619 2361 θάτερον·
649 2290 744 2343 καὶ
771 2290 946 2360 βραχὺ
974 2291 1036 2343 τὸ
1061 2290 1270 2361 ἕτερον·
1297 2289 1399 2342 ποῦ
1427 2290 1484 2342 δὲ
1509 2289 1753 2362 μεγάλην

145 2383 246 2436 καὶ
284 2382 489 2453 μικράν
517 2383 613 2435 καὶ
645 2382 820 2436 ταῦτα
844 2383 938 2435 τοῦ
966 2382 1134 2435 αὑτοῦ
1181 2382 1481 2436 ὑπόστασιν
1509 2383 1749 2453 ἡκούσα-

144 2491 244 2541 τες
286 2475 369 2527 ἑτι
402 2474 508 2545 μὴν
531 2472 676 2527 οὕτω
700 2473 808 2525 τῶν
838 2472 1230 2541 πολυκεφάλων
1259 2473 1391 2526 δέκα
1414 2473 1573 2543 τυχὸν
1598 2472 1750 2526 εσον-

147 2585 242 2621 ται
296 2567 648 2631 ὑποστάσεις,
683 2568 731 2619 εί
765 2566 812 2619 δ’
844 2560 938 2620 οὖν
974 2569 1071 2619 καὶ
1115 2566 1277 2643 ὑμεῖς
1300 2565 1621 2637 έδιχάσθητε
1673 2565 1752 2639 τῷ

146 2659 299 2730 λόγῳ
331 2660 424 2712 τὸν
453 2658 613 2727 λόγον
646 2658 747 2727 τῆς
776 2658 912 2720 ἰδίας
940 2657 1144 2728 σαρκὸς
1168 2657 1228 2710 οὑ
1268 2657 1608 2728 δικάσαντες.

238 2751 378 2803 Ἀλλ’
409 2752 581 2815 ἔστιν,
606 2744 652 2803 ὦ
678 2745 846 2813 οὗτοι,
879 2749 1006 2804 τάδε
1040 2750 1375 2820 πανουργίας
1402 2750 1750 2824 ἀνθρωπίνης

157 2843 305 2912 πρὸς
340 2840 626 2913 μεθοδείαν
686 2839 896 2911 πλάνης
938 2840 1007 2894 τά
1058 2842 1401 2912 σοφίσματα,
1436 2836 1471 2918 ᾖ
1527 2858 1692 2914 φησιν
1718 2846 1748 2899 ό

152 2936 483 3007 θεορῤήμων
518 2950 530 2962 ·
578 2933 818 3005 ἐροῦμεν
863 2932 972 3003 γὰρ
1007 2933 1137 3003 ὑμῖν
1176 2934 1378 2987 τοιόνδε
1408 2951 1423 2965 ⁸
1453 2936 1565 2988 Καὶ
1587 2937 1748 3006 ἡμεῖς

153 3026 411 3079 ὁπωσοῦν
437 3024 575 3089 ὅλως
602 3026 943 3097 ἐνεργεῖσθαι
963 3025 1039 3095 τῷ
1053 3025 1185 3097 θείῳ
1204 3026 1364 3097 Λόγῳ
1391 3029 1483 3080 τὸν
1510 3028 1747 3099 Χριστὸν

151 3117 364 3170 διδοῦσι
398 3118 540 3170 κατὰ
569 3117 638 3170 τά
660 3116 755 3169 ὑπ’
786 3117 953 3170 αὑτοῦ
994 3116 1267 3187 λεγόμενα
1302 3117 1334 3187 ἢ
1365 3119 1625 3190 γινόμενα
1648 3161 1662 3185 ,
1690 3121 1743 3174 τί

151 3227 292 3279 φατε
316 3208 408 3277 ςὈ
421 3210 594 3277 Λόγος
613 3211 643 3261 ὁ
660 3211 836 3281 φήσας
859 3210 992 3280 πρὸς
1012 3210 1103 3263 τὸν
1122 3209 1344 3281 λεπρὸν,
1367 3211 1547 3265 «Θέλω
1571 3213 1740 3267 καθα-

152 3301 425 3374 ρίσθητι.»
460 3298 529 3373 ἦν
562 3300 690 3372 χθὲς
717 3302 1024 3372 καὶτρίτην
1051 3302 1147 3355 καὶ
1170 3303 1277 3374 πρὸ
1307 3303 1542 3369 αἰώνων,
1579 3305 1612 3378 ἢ
1652 3306 1742 3360 οὑ-

150 3393 209 3462 χί
234 3408 249 3456 ;
279 3392 342 3445 Εἰ
379 3392 478 3463 μὲν
505 3392 612 3463 γὰρ
635 3394 740 3446 οὑκ
764 3387 856 3461 ἦν,
874 3392 994 3455 πῶς
1020 3393 1153 3456 Θεὸς
1174 3396 1202 3446 ὁ
1232 3396 1549 3464 πρόσφατος
1571 3396 1741 3460 δοκεῖ,

151 3482 258 3537 κᾶν
290 3482 372 3537 ὅτι
401 3482 472 3536 τὰ
493 3483 730 3554 μέγιστα
758 3482 848 3536 διὰ
872 3483 1112 3553 Χριστοῦ
1141 3484 1175 3554 ἦ
1209 3480 1423 3549 οὗτινος
1449 3486 1742 3558 ἀνθρώπου

151 3573 408 3645 ὲνεργοίη
429 3589 444 3603 ’
474 3576 523 3626 εί
553 3575 610 3627 δὲ
631 3570 723 3645 ἦν,
752 3574 872 3637 πῶς
905 3573 1077 3627 θέλων
1105 3575 1205 3628 οὑκ
1234 3577 1564 3649 ὲκαθάριζεν
1592 3579 1641 3631 sl

150 3666 277 3720 τότε
309 3667 403 3719 τὸν
436 3665 676 3737 λεπρόνς
714 3666 927 3738 Ὠσπερ
955 3663 1051 3721 οὖν
1083 3668 1252 3737 σαφὲς
1284 3669 1379 3721 ἐπὶ
1428 3669 1583 3722 τοῦδε
1606 3711 1621 3735 ,
1661 3672 1744 3723 ὅτι

152 3754 488 3829 προαιώνιος
512 3754 608 3808 τοῦ
638 3754 775 3807 Θεοῦ
806 3757 834 3807 ὁ
876 3754 988 3820 ζῶν
1016 3772 1076 3807 τε
1106 3756 1202 3808 καὶ
1235 3754 1465 3827 ἐνεργὴς
1515 3756 1604 3809 ἀεὶ
1641 3756 1744 3809 Λόο

154 3865 272 3916 γος,
305 3847 427 3899 τότε
450 3847 527 3914 τῷ
556 3844 881 3917 προφορικῷ
912 3845 1083 3899 αὑτοῦ
1130 3846 1275 3915 λόγῳ
1302 3846 1402 3916 τὴν
1436 3846 1577 3899 κατὰ
1621 3863 1745 3900 καιο

159 3938 252 4008 ρὺν
284 3938 377 3990 καὶ
406 3937 595 4008 χρείαν
650 3936 847 3989 ἑαυτοῦ
879 3936 1102 4007 θέλησιν
1146 3937 1487 4005 ἐξαγγέλλει,
1516 3936 1632 4000 πῶς
1680 3939 1743 3991 οὑ

157 4029 322 4097 δῆλον
345 4028 421 4091 ὡς
451 4029 545 4081 καὶ
572 4029 633 4080 τὸ
688 4027 899 4091 ἀπαθὲς
949 4028 1118 4081 αὐτοῦ
1171 4030 1266 4083 καὶ
1308 4029 1538 4099 ἀόρατον
1575 4029 1746 4099 πρόσ-

156 4137 311 4173 ωπον
340 4119 430 4173 διὰ
473 4119 570 4173 τοῦ
605 4118 867 4189 αἰσθητοῦ
891 4122 985 4173 καὶ
1018 4119 1219 4191 μέρους
1245 4120 1342 4173 τοῦ
1369 4119 1617 4191 σώματος
1642 4121 1744 4174 αὑ-

153 4213 250 4267 τοῦ
290 4212 630 4283 ὑπάρχοντος
661 4212 982 4284 προσώπου,
1014 4214 1116 4283 τὴν
1167 4213 1394 4283 ἀτιμίαν
1428 4213 1538 4266 τῶν
1586 4216 1748 4285 ῥαπι-

157 4305 313 4376 σμῶν
335 4304 403 4358 δι’
429 4303 745 4375 ἐλευθερίαν
772 4304 931 4373 ἡμῶν
960 4303 1358 4373 καταδέχεταις
1391 4304 1516 4357 Ἔτι
1550 4305 1679 4375 μὴν,
1701 4299 1747 4357 ὧ

156 4396 580 4464 συλλογιστικοὶ,
613 4394 782 4463 τριῶν
811 4394 981 4448 όντων
1005 4395 1112 4447 τών
1136 4394 1239 4464 τῆς
1299 4394 1463 4462 ἁγίας
1516 4395 1747 4466 Τριάδος

152 4485 458 4554 ὀμοουσίων
485 4484 793 4556 προσώπων
813 4484 874 4537 τὸ
902 4483 1023 4536 καθ’
1045 4484 1075 4535 ὑ
1083 4487 1188 4553 μᾶς
1210 4486 1386 4553 πάντη
1412 4484 1749 4555 ἑτεροοῦσιον

154 4577 340 4639 αὐτοῖς
391 4576 682 4645 πρόσωπον
735 4574 975 4647 Χριστοῦ
1037 4574 1180 4627 θεῖον
1207 4575 1416 4642 λέγετε,
1439 4575 1472 4644 ἢ
1499 4576 1654 4644 uixi;
1684 4574 1746 4627 Ei
1782 4601 1822 4656 ο

159 4670 262 4738 μὲν
295 4668 391 4722 οῦν
422 4668 544 4737 οὐχ).
570 4708 584 4732 ,
612 4667 748 4729 ὅλως
777 4667 811 4737 ἢ
841 4668 942 4737 οὑχ
989 4666 1190 4736 ὁμοίως
1212 4667 1272 4717 οὐ
1308 4665 1535 4718 δύναισοε
1565 4668 1743 4734 λέγειν

154 4762 288 4813 Θεὸν
317 4762 411 4813 τὸν
466 4759 704 4831 Χριστόν
724 4775 738 4788 ·
761 4760 795 4829 ἢ
825 4762 907 4813 ὅτι
966 4758 1117 4829 αὑτῷ
1145 4758 1406 4828 ἐχαρίσθη
1458 4758 1521 4811 τὸ
1573 4759 1746 4828 δνομα

152 4856 216 4907 τὺ
291 4854 431 4920 ὑπὲρ
514 4850 878 4920 πᾶν-ὄνομα,
947 4851 1198 4904 τουτέστι
1271 4850 1330 4903 τὸ
1416 4850 1586 4912 Θεός’
1653 4850 1747 4903 καὶ

155 4950 362 5018 ταύτην
437 4942 577 5001 εἶναι
635 4946 734 5017 τὴν
777 4948 885 4999 ἀπὸ
940 4946 1040 5015 τῆς
1100 4930 1237 5016 πρὸς
1303 4945 1436 4998 Θεὸν
1488 4946 1743 5014 σχετικῆς

160 5043 409 5104 ἑνώσεως
442 5039 609 5094 αὑτοῦ
653 5038 897 5111 μεγάλην
926 5038 1084 5102 ἀξίαν
1115 5055 1174 5090 τε
1207 5038 1300 5090 καὶ
1324 5037 1533 5107 δωρεάν
1556 5054 1568 5065 ·
1603 5041 1652 5090 εἰ
1685 5038 1743 5091 δὲ

159 5136 305 5187 θεῖον
340 5133 443 5205 μὲν
468 5133 659 5200 λέγετε
699 5132 796 5185 καὶ
824 5131 966 5196 τόδε,
1002 5130 1349 5202 ἑτεροοὺσιον
1380 5130 1435 5183 δὲ
1471 5131 1620 5199 παρὰ
1675 5129 1745 5185 τὰ

157 5230 324 5299 ιτερα
367 5228 494 5297 τρια
551 5224 814 5294 ὁμοοὺσια
858 5225 975 5277 θεῖα
1026 5222 1302 5292 πρόσωπά
1364 5239 1538 5290 φατε,
1573 5223 1744 5293 τριῶν

158 5317 485 5390 ὀμοουσίων,
519 5314 617 5370 καὶ
650 5315 766 5377 ἐνὸς
825 5315 1194 5383 ὲτεροουσίου,
1224 5311 1340 5374 πῶς
1390 5312 1490 5365 οὑκ
1541 5312 1606 5365 ἂν
1658 5312 1742 5385 εἴη

157 5414 407 5482 τέσσαρα
440 5408 711 5480 πρόσωπα
749 5406 868 5458 θεῖα
901 5406 1031 5476 ὑμῖν
1062 5406 1414 5476 συναγόμενα
1446 5422 1462 5472 ς

766 5495 1020 5548 ΚΕΦΑΛ.
1044 5494 1143 5546 lZ’.

233 5593 298 5648 El
326 5595 356 5647 ὁ
374 5590 507 5654 Θεὸς
535 5590 729 5658 Λόγος,
763 5588 920 5658 φησὶ,
952 5586 1020 5639 τά
1048 5587 1225 5641 πάντα
1256 5587 1474 5656 πληροῖ,
1505 5587 1603 5641 καὶ
1631 5590 1746 5652 τοῖς

157 5690 297 5743 πᾶσι
331 5685 596 5754 πάρεστιν
624 5680 868 5753 ἀοράτως
890 5681 959 5750 τῇ
991 5678 1286 5732 ὑποστάσει
1309 5694 1322 5707 ·
1345 5680 1373 5730 ό
1398 5677 1453 5731 δὲ
1472 5677 1747 5750 ὁρώμενος

156 5781 398 5854 Χριστὸς
426 5779 611 5850 μήτρᾳ.
659 5791 720 5830 τε
766 5774 861 5831 καὶ
898 5772 1079 5844 φάτνῃ
1109 5772 1204 5823 καὶ
1244 5770 1378 5840 οἴκῳ
1415 5770 1749 5840 περιώριστο

152 5878 259 5950 την
311 5873 612 5928 ὑπόστασιν
646 5867 754 5941 πρὸ
808 5863 907 5935 τῆς
944 5863 1104 5932 ἁγίας
1153 5861 1505 5923 ἀναστάσεως
1535 5862 1702 5915 αὑτοῦ
1731 5880 1743 5894 ·

1854 2207 1910 2252 et
1939 2198 2060 2252 illas
2090 2199 2147 2251 in
2184 2212 2292 2252 una
2322 2204 2381 2251 re
2410 2198 2504 2252 ubi
2528 2194 2793 2253 vidistis?
2820 2207 2991 2268 atque
3020 2198 3249 2267 insuper
3278 2212 3435 2252 num-

1854 2288 1987 2360 quid
2024 2290 2248 2344 animali
2279 2290 2522 2361 plurium
2555 2292 2799 2361 capitum
2818 2288 3009 2345 decem
3037 2289 3223 2345 forsan
3250 2304 3446 2362 perso-

1855 2396 1945 2436 na:
1977 2390 2163 2447 erunt,
2192 2382 2260 2446 si,
2293 2382 2520 2437 nomina
2554 2383 2791 2453 propria:
2835 2382 3021 2438 carnis
3051 2397 3162 2438 non
3190 2380 3446 2438 dividen-

1854 2481 1959 2541 tes,
1996 2474 2100 2546 ipsi
2135 2483 2373 2547 propter
2400 2476 2629 2531 nomina
2659 2475 2997 2531 dividimini.

1922 2742 2053 2797 llaec
2081 2750 2233 2808 sunt,
2258 2757 2293 2798 ο
2319 2743 2593 2808 homines,
2623 2743 2967 2814 sophismata
2996 2743 3206 2815 quibus
3248 2743 3443 2801 dolose

1852 2833 2030 2888 utitur
2076 2834 2365 2907 theologus
2406 2834 2474 2889 ad
2519 2850 2770 2890 errorem
2815 2835 3210 2892 inducendum.
3239 2836 3310 2892 Et
3338 2850 3444 2893 nos

1849 2924 1931 2979 sic
1951 2924 2238 2981 vobiscum
2265 2942 2493 2996 agemus
2522 2944 2534 2979 :
2554 2924 2823 2993 Quoniam
2845 2925 3103 2983 Christus
3122 2927 3331 2984 dicitur
3344 2939 3445 3000 per

1847 3017 2092 3074 Verbum
2147 3018 2397 3073 divinum
2459 3032 2723 3089 operatus
2770 3034 2893 3074 esse
2935 3019 3099 3090 juxta
3164 3019 3312 3076 dicta
3346 3029 3442 3076 aut

1846 3108 1987 3164 facta
2026 3110 2097 3164 ab
2128 3111 2268 3181 ipso,
2304 3126 2405 3165 vos
2447 3110 2583 3180 quid
2614 3110 2839 3165 dicitis?
2874 3110 3116 3165 Verbum
3174 3112 3323 3182 quod
3356 3112 3439 3167 le-

1845 3214 2013 3270 proso
2048 3201 2188 3256 dixit
2218 3218 2232 3256 :
2273 3221 2291 3253 ι
2325 3200 2486 3265 Volo,
2516 3200 2839 3268 mundare,»
2874 3210 3065 3257 eratne
3093 3202 3237 3271 heri,
3264 3204 3444 3274 pridie

1844 3301 1900 3347 et
1925 3302 2053 3347 ante
2085 3293 2304 3360 secula,
2332 3293 2416 3349 vel
2446 3294 2591 3348 non?
2617 3292 2672 3361 Si
2704 3286 3002 3366 posterius,
3031 3297 3440 3366 quomodonam

1846 3384 1992 3438 Deus
2031 3383 2267 3439 habetur
2320 3386 2424 3439 iste
2472 3385 2791 3452 cruciﬁxus,
2819 3383 2952 3442 licet
2995 3402 3161 3458 quam
3203 3390 3439 3446 maxima

1846 3477 2113 3532 miracula
2162 3494 2261 3548 per
2292 3476 2575 3533 Christum
2639 3488 2728 3534 aut
2786 3475 3094 3548 quemlibet
3129 3471 3439 3539 hominem

1846 3578 2110 3640 operatus
2135 3569 2247 3625 sit?
2270 3568 2327 3624 Si
2353 3572 2528 3640 prius,
2565 3587 2664 3626 cur
2700 3573 3005 3642 leprosum,
3035 3588 3201 3644 quem
3228 3572 3441 3632 duduni

1846 3661 2089 3727 volebat,
2134 3663 2358 3717 nonnisi
2396 3662 2501 3719 hoc
2541 3672 2792 3733 tempore
2827 3664 3167 3721 mundavit?
3203 3656 3311 3726 Sed
3378 3678 3450 3724 ut-

1848 3751 1984 3806 illud
2031 3762 2299 3808 aeternum
2346 3769 2562 3824 semper
2592 3755 2787 3810 vivens
2838 3764 3160 3826 etoperans
3186 3754 3469 3815 Verbum-

1846 3843 1943 3898 Dei
1978 3854 2111 3899 tunc
2144 3860 2406 3900 sermone
2440 3846 2658 3915 prolato
2683 3862 2841 3902 suam
2864 3848 3204 3905 voluntatem
3232 3866 3439 3921 oppor-

1848 3941 1981 3988 tune
2013 3942 2069 3989 et
2094 3934 2310 3989 utiliter
2342 3936 2691 4002 manifestat,
2720 3938 2799 3993 sic
2827 3938 3008 4007 liquet
3038 3939 3437 4011 impassihilent

1846 4033 1903 4077 et
1929 4024 2265 4080 invisibilem
2287 4028 2409 4097 ejus
2432 4042 2724 4096 personam
2743 4044 2844 4098 per
2862 4029 3186 4085 sensibilem
3212 4029 3434 4095 faciem,

1847 4131 1970 4186 quae
2019 4132 2150 4186 pars
2203 4113 2458 4187 corporis
2506 4129 2649 4185 erat,
2680 4120 3079 4176 contumeliosa
3110 4121 3342 4177 verbera
3367 4122 3437 4178 ab

1850 4203 2170 4260 hominibus
2214 4206 2501 4261 etl‘renatis
2545 4209 2842 4278 accepisse.
2870 4209 2969 4265 Vel
3014 4209 3240 4272 iterum.
3274 4227 3308 4266 o
3342 4227 3435 4267 so-

1848 4296 2068 4367 phistae,
2106 4306 2218 4352 tres
2247 4314 2374 4354 cum
2417 4300 2529 4353 sint
2587 4282 2841 4371 persona:
2888 4310 3094 4359 sanctae
3148 4303 3437 4361 Trinitatis

1849 4388 2370 4454 cunsubstantiales,
2399 4388 2546 4444 illam
2576 4390 2787 4445 Christi
2817 4391 3014 4446 faciem
3048 4402 3255 4451 nostra:
3281 4395 3432 4450 simi-

1850 4478 1980 4543 lem,
2029 4488 2083 4534 et
2128 4479 2198 4534 ab
2238 4481 2362 4535 aliis
2417 4481 2644 4536 omnino
2695 4482 3017 4539 distinctam
3049 4525 3065 4550 ,
3117 4488 3433 4544 divinamne

1851 4571 2056 4636 dicitis,
2084 4573 2303 4627 annon?
2324 4574 2379 4627 Si
2407 4590 2519 4628 non
2546 4575 2812 4643 divinam,
2847 4592 2980 4648 ergo
3005 4579 3197 4634 eadem
3222 4587 3435 4637 ratione

1850 4679 1953 4719 nec
2013 4666 2188 4734 magis
2240 4666 2421 4735 ipsum
2475 4660 2759 4722 Christum
2789 4670 2962 4723 Deum
3028 4687 3151 4728 esse
3203 4676 3433 4744 potestis

1847 4760 2054 4825 dicere,
2095 4776 2274 4829 neque
2313 4761 2389 4814 illi
2419 4760 2608 4815 datum
2633 4761 2807 4818 fuisse
2840 4780 3042 4819 nomen
3068 4781 3238 4836 super
3267 4784 3431 4825 omne

1846 4869 2071 4917 nomen,
2112 4868 2209 4906 seu
2264 4854 2767 4918 divinitatem,,nec
2795 4857 2956 4911 talem
2986 4874 3108 4914 esse
3131 4861 3253 4931 ejus
3274 4879 3432 4935 mago

1845 4961 1970 4999 nam
2006 4945 2329 5015 dignitatem
2361 4956 2418 5000 et
2456 4948 2788 5013 mercedem,
2813 4964 2914 5017 pro
2946 4949 3285 5021 hypostatica
3303 4971 3429 5011 cum

1845 5036 1958 5089 Deo
2017 5035 2242 5089 unione.
2277 5034 2334 5088 Si
2370 5050 2503 5089 vero
2529 5034 2773 5090 divinam
2808 5036 3022 5104 dicitis,
3051 5039 3149 5094 sed
3199 5044 3430 5099 alterius

1845 5136 2060 5180 natura:
2089 5135 2257 5194 atque
2292 5133 2406 5180 tres
2437 5125 2658 5181 divinas
2683 5136 2739 5182 et
2770 5130 3271 5191 consubstantiales
3300 5150 3429 5205 per-

1845 5232 2029 5280 sonas,
2060 5225 2192 5271 tunc
2223 5225 2335 5270 tres
2362 5231 2488 5269 cum
2516 5218 2626 5272 sint
2660 5220 3182 5289 consubstantiales,
3210 5234 3267 5279 et
3298 5225 3431 5279 alte-

1846 5326 1904 5362 ra
1930 5308 2238 5371 dissimiiis,
2262 5322 2448 5362 nonne
2477 5308 2543 5363 ad
2578 5310 2923 5368 coniitendas
2955 5325 3196 5385 quatuor
3231 5333 3425 5388 perso-

1846 5420 1947 5459 nas
1972 5402 2189 5457 divinas
2218 5400 2562 5459 adducimini
2592 5404 2611 5458 Ἀ

2459 5494 2612 5550 CAP.
2651 5496 2811 5552 XVII.

1914 5588 2025 5643 Sed
2057 5586 2300 5643 Verbum
2343 5587 2463 5652 Dei,
2494 5588 2693 5657 inquit,
2729 5592 2913 5647 omnia
2953 5593 3175 5665 implet,
3215 5604 3272 5651 ct
3304 5611 3424 5652 om-

1847 5680 2010 5733 nibus
2053 5676 2406 5732 invisibiliter
2440 5688 2498 5732 et
2542 5682 2901 5747 personaliter
2951 5684 3146 5751 adest;
3197 5686 3422 5745 aliunde

1846 5770 2098 5825 Christus
2126 5767 2279 5821 visus
2295 5774 2379 5820 est
2411 5781 2701 5836 personam
2733 5782 2946 5836 ventre,
2988 5776 3225 5842 stabulo,
3258 5778 3425 5833 domo

1852 5859 2129 5917 includere
2152 5866 2277 5913 ante
2305 5874 2459 5913 suam
2483 5871 2724 5917 sanctam
2761 5869 3257 5937 resurrectionem;
3291 5872 3427 5942 quin
